4058 6514
644 348 771 414 1031
1947 339 2296 401 mocom
2336 340 2581 401 eam
3745 345 3855 412 1033

631 462 936 518 humiliatio
969 459 1169 524 inanis,
1237 458 1354 512 sive
1380 463 1549 516 certe,
1579 451 1853 507 simulatio
1901 450 2077 504 inanis
2139 451 2222 504 in-

2251 459 2295 513 Α
2325 452 2732 515 ταπεινώσεως.
2766 450 2871 503 Δύο
2899 451 3009 522 γὰρ
3058 448 3447 516 ταπεινώσεις·
3488 453 3521 521 ή
3556 450 3670 519 μὲν,
3708 462 3817 523 κενή
3845 479 3851 486 ·

631 555 921 628 terpretari
969 553 1183 607 licitum
1221 558 1329 605 est.
1360 548 1494 602 Nam
1532 546 1737 615 duplex
1758 544 2079 598 humiliatio
2099 550 2208 608 est,

2312 545 2345 614 ἡ
2374 544 2452 609 δὲ,
2482 544 2718 615 πλήρης.
2794 543 2855 597 Ἦ
2885 544 2984 613 μὲν
3018 543 3296 612 ἐπαινετὴ,
3356 544 3485 615 περὶ
3538 538 3602 617 ἧς
3660 564 3803 617 φησιν
3834 552 3856 603 ὁ

631 652 808 705 altera
836 647 1059 718 quidem
1109 643 1315 708 inanis,
1352 641 1526 694 altera
1563 653 1691 693 vero
1741 638 1879 691 uber
1917 654 1931 690 :
1969 649 2208 705 quarum

2311 638 2523 707 Σωτὴρ,
2559 655 2577 687 ι
2602 637 2817 692 Μάθετε
2846 635 2943 689 ἀπ’
2972 636 3231 706 ὲμοῦ,ὃτι
3273 637 3449 708 πρᾶός
3478 639 3612 709 εἰμι,
3663 640 3748 693 καὶ
3772 659 3851 693 τα·

632 750 908 814 postrema
939 739 1152 792 laudem
1186 750 1343 790 suam
1374 734 1539 788 habet
1568 749 1583 797 ;
1614 731 1683 785 de
1713 745 1775 784 ea
1805 731 1952 783 enim
2006 726 2209 782 Serva-

2312 728 2499 791 πεινὸς
2529 731 2598 800 τῇ
2629 729 2849 800 καρδία.
2887 747 2906 779 ι
2941 729 3071 792 Καὶ,
3111 746 3131 779 σ
3162 729 3277 791 Πᾶς
3306 731 3333 781 6
3361 729 3635 782 ταπεινῶν
3672 733 3852 797 ἑαυτὸν,

631 847 720 891 tor
752 834 929 905 inquit
959 851 973 889 :
1015 848 1034 883 ι
1074 833 1116 884 Α
1152 844 1239 883 me
1267 828 1469 883 discite
1499 824 1647 895 quod
1675 823 1828 877 mitis
1859 838 1981 878 sum
2021 830 2077 876 et
2100 821 2206 874 hu-

2311 821 2703 893 ὑψωθήσεται·
2738 841 2756 874 ι
2790 822 2936 875 καὶὸ
2988 820 3203 885 Παῦλος
3248 822 3398 891 (Η),
3443 841 3462 873 s
3506 823 3854 894 Ταπεινώθητε

630 928 779 982 milis
806 925 975 980 corde
1003 924 1071 977 ’⁸.
1113 940 1131 973 ι
1161 918 1295 975 item
1334 937 1347 973 :
1381 938 1399 971 ι
1434 917 1767 985 Quicunque
1803 915 2052 984 seipsum
2106 914 2210 967 hu-

2309 913 2405 967 οὖν
2434 913 2539 967 ὑπὸ
2568 912 2666 983 τὴν
2695 912 2964 982 κραταιὰν
2996 914 3157 983 χεῖρα
3186 911 3280 965 τοῦ
3313 911 3475 968 Θεοῦ.
3515 930 3537 963 ι
3581 912 3643 964 'H
3677 913 3730 966 δι
3779 915 3855 984 ψε-

630 1018 962 1079 miliaverit,
1006 1015 1300 1070 extolletur
1335 1012 1404 1066 ".
1444 1029 1462 1062 ι
1500 1008 1704 1062 Paulus
1734 1021 1954 1076 quoque
1987 1022 2045 1059 ε(
2092 1002 2209 1058 Hu-

2311 1004 2434 1076 κτὴ,
2475 1003 2542 1074 ἢν
2590 1002 2944 1056 ταπεινοῦται
2984 1003 3014 1054 6
3054 1001 3401 1073 ἁμαρτωλὸς,
3456 1002 3553 1054 καὶ
3606 1003 3727 1074 περὶ
3779 1002 3852 1059 τοῦ

628 1110 915 1164 miliamini
943 1108 1127 1178 itaque
1159 1109 1262 1162 sub
1289 1103 1499 1176 potenti
1535 1101 1629 1156 Dei
1663 1115 1827 1154 mann
1875 1098 1942 1150 ⁸⁸.
1977 1116 1995 1148 ι
2033 1095 2208 1149 Porro

2309 1090 2366 1143 δὲ
2444 1092 2780 1161 παρανόμως
2879 1093 3105 1158 γυναικὶ
3186 1090 3466 1153 συνιόντος
3530 1092 3736 1162 εἴρηται
3801 1100 3852 1167 τῇ

627 1216 760 1255 vero
825 1201 1044 1268 culpata
1098 1196 1409 1252 humiliatio
1467 1208 1530 1248 ea
1575 1200 1684 1254 est,
1713 1206 1821 1259 qua
1852 1204 1912 1243 se
1954 1196 2209 1257 peccator

2310 1182 2536 1254 Γραφῇ*
2578 1202 2597 1235 ι
2643 1182 3040 1236 Ἐταπείνωσεν
3078 1184 3271 1252 αυτήν.
3309 1201 3331 1234 ι
3376 1184 3598 1253 Ταύτην
3628 1187 3655 1237 6
3707 1187 3854 1240 Χάλεδ

625 1290 838 1360 dejicrt,
870 1305 994 1360 qua:
1030 1289 1157 1343 item
1186 1287 1254 1341 de
1284 1302 1348 1340 eo
1375 1284 1467 1353 qui
1507 1298 1633 1336 cum
1667 1280 1902 1334 muliere
1924 1278 2209 1349 ilh-gitime

2310 1275 2627 1345 κατήργησε
2655 1273 2754 1345 τὴν
2782 1274 3112 1328 ταπείνωσιν
3135 1314 3151 1338 ,
3218 1276 3383 1330 Ἐνὰκ
3444 1276 3769 1348 λεγομένην,
3808 1277 3854 1336 οὗ

625 1398 738 1438 rem
769 1384 961 1436 habuit
1013 1382 1069 1436 in
1128 1378 1415 1449 Scriptura
1468 1381 1791 1442 usurpatur,
1846 1387 1911 1424 ac
1969 1371 2191 1434 dicitur,

2312 1366 2520 1432 παῖδες,
2557 1366 2734 1431 Σουσὶ,
2773 1366 2833 1429 ὃς
2872 1367 3238 1437 ἑρμηνεύεται
3283 1369 3493 1435 Ἐκτός
3517 1388 3654 1439 μου.
3702 1374 3854 1436 152:6,-

631 1490 651 1525 s
678 1471 997 1527 Humiliavit
1021 1486 1141 1525 eam
1172 1469 1241 1523 ²⁹.
1278 1487 1297 1520 ι
1333 1465 1465 1518 Eam
1529 1462 1991 1523 humiliationem,
2058 1462 2207 1514 Anac

2308 1459 2419 1528 γὰρ
2446 1457 2541 1511 τοῦ
2578 1458 2736 1525 Θεοῦ,
2773 1460 2872 1513 καὶ
2903 1459 2998 1513 τοῦ
3026 1460 3184 1529 ἁγίου
3220 1464 3249 1515 6
3274 1462 3389 1525 υίὸς
3419 1462 3522 1531 τῆς
3574 1464 3726 1533 κενῆς
3778 1482 3852 1517 τα-

627 1564 836 1620 dictam
882 1563 1123 1634 perdidit
1154 1560 1344 1615 Calcb.
1370 1559 1512 1611 Sunt
1544 1570 1677 1609 vero
1703 1553 1856 1607 Anac
1903 1553 1994 1606 lilii
2054 1552 2202 1618 Susi,

2310 1551 2621 1615 πεινὼσεως
2653 1567 2669 1582 °
2702 1552 2797 1606 καὶ
2838 1552 3090 1625 Ἀχιμὰν,
3125 1556 3153 1608 ὃ
3184 1556 3332 1609 ἐστιν
3365 1555 3597 1625 ἀδελφός
3628 1576 3724 1626 μου
3770 1562 3856 1612 ἀπὸ

622 1672 785 1728 quem
816 1656 860 1711 si
884 1652 1285 1724 interpreteris,
1310 1648 1482 1702 Extra
1509 1662 1610 1708 me,
1631 1652 1816 1699 sonat.
1848 1643 2014 1697 Extra
2034 1641 2203 1697 Deum

2310 1643 2508 1715 βουλῆς
2536 1661 2549 1675 ’
2575 1645 2793 1715 ἀδελφοὶ
2833 1646 2933 1717 μὲν
2965 1648 3074 1718 γὰρ
3132 1649 3359 1713 πάντες,
3394 1650 3422 1701 6
3472 1649 3531 1700 δὲ
3568 1649 3857 1721 ἁμαρτωλὸς

623 1749 771 1803 enim
802 1758 857 1800 et
889 1755 1145 1802 sanctum
1183 1751 1271 1799 est
1324 1742 1471 1796 ti‘ius
1531 1736 1714 1792 inanis
1780 1734 2201 1790 humiliationis.

2309 1738 2633 1804 ἀπόϐουλος,
2694 1739 2920 1809 ἀδελφὸς
2942 1740 3345 1812 ἐκϐεϐλημένος
3392 1740 3596 1811 βουλῆς
3621 1756 3636 1770 ⁸
3661 1746 3745 1796 καὶ
3769 1744 3859 1796 Θα·

621 1840 757 1895 Item
782 1839 1038 1906 Ahiman,
1058 1838 1162 1891 hoc
1187 1846 1291 1897 est,
1312 1833 1486 1886 frater
1514 1846 1668 1884 meus
1698 1828 1837 1883 citra
1865 1828 2156 1882 consilium
2180 1843 2196 1895 ;

2257 1818 2276 1873 ἲ
2305 1828 2496 1900 λαμὶν,
2521 1829 2577 1894 ὸς
2604 1832 2968 1902 ἑρμηνεύεται
3000 1832 3367 1902 κρεμασμὸς,
3391 1835 3666 1906 μετέωρὸς
3693 1852 3767 1899 τις
3782 1838 3859 1889 καὶ

622 1943 817 1983 omnes
873 1928 1021 1982 cnim
1084 1924 1284 1980 fratres
1343 1936 1578 1986 sumus;
1611 1929 1665 1973 at
1720 1928 1978 1989 peccator
2028 1919 2198 1974 frater

2303 1919 2404 1973 οὐκ
2433 1922 2847 1992 ὲστηριγμένος.
2880 1921 2989 1987 Οὓς
3036 1922 3245 1977 ἀνελὼν
3291 1928 3320 1979 6
3361 1924 3570 1987 Χάλεϐ,
3621 1927 3708 1979 ἐπὶ
3754 1929 3858 1992 τοὺς

623 2020 783 2090 inops
837 2018 1061 2074 consilii
1111 2027 1217 2081 est,
1279 2015 1516 2070 consilio
1576 2012 1848 2082 dejecms.
1908 2009 2195 2066 Thalamin

2303 2013 2692 2079 κατοικοῦντας
2720 2014 3002 2069 ἀναϐαίνει
3024 2015 3384 2088 Δαϐεὶρ,ἧτις
3399 2012 3470 2088 ἦν
3508 2018 3658 2081 πόλις
3698 2020 3858 2089 Γραμ-

616 2110 876 2180 denique,
911 2109 1029 2179 qui,
1066 2108 1115 2163 si
1144 2106 1547 2177 interpreteris,
1573 2111 1661 2158 est
1686 2104 1989 2172 suspensio,
2022 2102 2198 2158 subli-

2304 2107 2512 2177 μάτων,
2542 2108 2634 2161 καὶ
2662 2107 3024 2178 ἑρμηνεύεται
3055 2108 3260 2163 λαλιά.
3293 2109 3536 2180 Νοητὲον
3579 2111 3635 2164 δὲ
3680 2113 3856 2183 ταύτην

616 2202 934 2271 misaliquis
953 2216 1148 2256 verum
1180 2214 1373 2271 parum
1409 2198 1641 2255 solidus.
1674 2196 1891 2262 Quibus
1918 2195 2197 2249 interem-

2301 2202 2399 2269 τὴν
2426 2200 2660 2254 παλαιὰν
2685 2197 2825 2254 εἶναι
2842 2201 3066 2273 Γραφήν
3095 2218 3109 2233 ο
3141 2188 3506 2274 ἧκαλουμὲνη
3532 2204 3853 2275 Γραμμὼων

617 2294 726 2364 ptis
806 2292 977 2347 Caleh
1044 2291 1112 2345 ad
1176 2292 1387 2346 incolas
1472 2288 1643 2343 Dabir
1727 2286 2017 2351 ascendit,
2076 2299 2199 2355 qua;

2302 2293 2510 2360 γίνεται
2535 2293 2716 2359 λαλιὰ,
2754 2293 2993 2364 τυχοῦσα
3024 2295 3253 2365 συνετῆς
3298 2294 3635 2366 διηγήσεως.
3679 2298 3854 2367 Ἐπαγο

614 2385 748 2439 olim
776 2382 924 2439 dicta
956 2393 1076 2439 erat
1105 2382 1238 2438 urbs
1269 2383 1557 2449 librorum,
1594 2394 1874 2452 quamque
1905 2380 2185 2446 interpre-

2300 2383 2550 2455 γέλλεται
2576 2387 2632 2439 δὲ
2683 2387 2784 2460 τὴν
2818 2386 3014 2441 ἑαυτοῦ
3050 2386 3329 2459 Θυγατέρα
3376 2388 3457 2458 τῷ
3508 2387 3609 2447 τὰς
3667 2389 3854 2461 Γραφὰς

614 2478 724 2531 tari
763 2478 907 2541 licet,
944 2474 1199 2530 elocutio.
1235 2473 1544 2528 Putaudum
1576 2487 1709 2527 vero
1733 2481 1817 2526 est
1882 2470 2024 2522 hanc
2063 2482 2190 2523 esse

2302 2473 2504 2526 ἑλόντι⁶
2526 2476 2619 2528 καὶ
2646 2476 2915 2547 λαμϐάνει
2967 2478 3066 2548 τὴν
3102 2479 3258 2531 πόλιν
3287 2479 3324 2531 Γ
3328 2476 3565 2549 οθονιὴλ,
3597 2478 3655 2543 ὃς
3707 2481 3854 2554 ἑρμη-

620 2566 958 2638 S-ripturam
980 2578 1238 2622 veterem.
1259 2565 1391 2633 Qua:
1413 2565 1689 2634 scriptura
1718 2578 1816 2619 seu
1849 2562 1971 2617 libri
2002 2566 2194 2614 vocata

2301 2566 2516 2619 νεύεται
2559 2567 2907 2637 Ἀπόκρισις
2942 2570 3113 2625 Θεοῦ.
3151 2572 3323 2626 Ὅταν
3358 2592 3449 2644 μοι
3494 2571 3628 2639 Θεὸς
3652 2576 3851 2646 ἀποκρί-

615 2672 740 2731 quae
767 2658 1089 2723 prudentem
1140 2658 1511 2713 narrationem
1542 2665 1723 2721 nacta,
1760 2655 1820 2709 fit
1850 2652 2189 2723 eloquentia.

2300 2675 2479 2729 νηται,
2496 2658 2693 2728 γέγονα
2721 2661 3018 2732 ἀπόκρισις
3031 2662 3191 2719 Θεοῦ.
3231 2665 3523 2722 Ἐκκόπτω
3544 2670 3686 2723 δὲτὰ
3703 2669 3852 2739 γράμ-

615 2749 895 2804 Promittit
920 2764 1052 2803 vero
1079 2763 1233 2803 suam
1271 2748 1441 2818 ipsius
1474 2747 1638 2800 tiliam
1661 2745 1710 2801 ei
1746 2745 1839 2816 qui
1875 2744 2192 2815 Scripturas

2304 2766 2475 2818 ματα,
2504 2749 2730 2819 ἀδελφὸς
2755 2751 2830 2805 ὢν
2855 2752 3038 2805 Χάλεϐ
3066 2756 3095 2808 6
3118 2755 3405 2829 νεώτερος,
3422 2762 3703 2813 τουτέστιν
3726 2764 3751 2814 6
3766 2763 3852 2815 ἀπὸ

616 2843 845 2911 ceperit.
872 2840 1037 2910 Capit
1065 2855 1196 2895 vero
1253 2840 1445 2894 urbem
1488 2837 1800 2902 Gothouiel,
1834 2853 2000 2908 quem
2028 2837 2196 2892 inter-

2299 2841 2397 2911 τῆς
2438 2840 2784 2912 Ἐκκλησίας.
2824 2846 2938 2898 Οὐκ
2969 2847 3050 2900 ἔτι
3082 2850 3193 2921 γὰρ
3221 2852 3633 2923 περιτέμνομαι
3656 2854 3783 2907 κατὰ
3802 2856 3852 2907 τὸ

617 2932 946 3003 prelaberis,
971 2930 1262 2999 Responsio
1296 2929 1409 2983 Dei.
1442 2928 1675 2996 Quando
1716 2928 1853 2982 mihi
1889 2927 2033 2982 Deus
2099 2941 2190 2982 re-

2296 2934 2555 3005 γράμμα,
2590 2936 2650 2988 ού
2681 2937 2872 3007 Πάσχα
2905 2939 3068 3005 ποιῶ,
3086 2940 3188 2994 οὐκ
3214 2943 3421 3014 ἄζυμα,
3447 2948 3512 2999 ού
3546 2947 3848 3011 σαϐϐατιζω.

615 3022 922 3093 sponderit,
980 3024 1155 3078 factus
1227 3036 1349 3077 sum
1415 3020 1704 3091 responsio
1760 3018 1878 3074 Dei.
1908 3018 2193 3075 Exscindit

2296 3026 2409 3079 Καὶ
2439 3026 2535 3080 τοῦ
2567 3028 2798 3098 ἀδελφοῦ
2841 3047 2944 3101 μου
2976 3031 3070 3086 τοῦ
3098 3036 3473 3110 πρεσϐυτέρου
3508 3039 3761 3112 λαμϐάνω
3803 3041 3850 3094 τὸ

612 3130 746 3169 vero
780 3115 991 3171 litteras
1017 3113 1187 3169 frater
1217 3112 1405 3169 Calebi
1437 3113 1651 3183 junior,
1686 3114 1791 3167 hoc
1813 3121 1919 3177 est,
1956 3129 2100 3167 unus
2122 3127 2188 3167 ex

2247 3184 2262 3204 ἱ
2295 3119 2567 3191 γέννημα,
2598 3122 2628 3175 6
2654 3122 2752 3176 τοῦ
2782 3124 2959 3188 Κενὲζ
2991 3126 3109 3190 υίὸς
3138 3130 3400 3197 γεγονὼς,
3428 3132 3489 3196 ὃς
3517 3135 3849 3205 ἑρμηνεύεται

611 3204 775 3278 493
794 3206 1062 3261 Ecclesia.
1085 3205 1205 3260 Non
1221 3205 1367 3259 enim
1386 3205 1627 3276 amplius
1644 3204 2019 3260 circumcidor
2033 3204 2191 3274 juxta

2246 3183 2263 3240 ἶ
2294 3183 2661 3284 εραυνίλσμός.
2708 3215 2913 3272 Ὀποῖοι
2935 3183 3266 3292 γεγόναμεν
3309 3183 3487 3291 οίνὲξ

613 3301 881 3362 litteram,
916 3312 1023 3352 non
1071 3295 1282 3352 Pascha
1329 3296 1571 3365 celebro,
1622 3312 1729 3351 non
1785 3310 1976 3367 azyma
2026 3296 2188 3361 facio,

2292 3307 2668 3380 πρεσϐυτέρου
2700 3311 2931 3382 ἀδελφοῦ
2965 3314 3040 3387 μὴ
3074 3318 3320 3373 τοιούτου
3348 3324 3733 3393 τυγχάνοντος.
3760 3320 3849 3378 Ἦν

611 3404 723 3444 non
757 3388 1052 3443 Sabbatum
1089 3403 1214 3459 ago.
1246 3389 1326 3442 Ac
1379 3388 1567 3443 fratris
1594 3387 1699 3443 mei
1755 3388 1993 3444 senioris
2060 3388 2191 3443 stir-

2290 3399 2400 3470 γὰρ
2430 3400 2545 3464 υίὸς
2593 3399 2830 3476 Ἰεφοννὴ
2854 3404 2956 3473 τῆς
2982 3407 3341 3482 ἐπιστροφῆς.
3540 3387 3725 3469 δίδωσί
3774 3435 3849 3487 μοι

610 3496 734 3553 pem
767 3482 989 3543 sortior,
1031 3481 1124 3552 qui
1157 3480 1305 3535 ﬁlius
1342 3478 1443 3535 fuit
1478 3481 1690 3545 Cenez,
1724 3495 1886 3549 quem
1914 3479 2189 3549 interpre-

2288 3489 2389 3561 τὴν
2417 3489 2691 3561 θυγατέρα
2722 3496 2870 3550 κατὰ
2909 3498 2970 3550 τὸ
3002 3478 3412 3575 γεγραμμένον,
3476 3525 3496 3559 s
3544 3478 3846 3579 Ἀροήυεταε

607 3573 819 3628 taberis
848 3572 1062 3625 malitia
1096 3587 1196 3627 seu
1225 3571 1432 3625 vilitas.
1494 3570 1700 3638 Quales
1758 3572 1814 3625 in
1873 3573 2187 3642 gentilismo

2289 3583 2382 3651 ἀφ’
2413 3583 2567 3655 ὑμῶν
2591 3587 2624 3656 ἡ
2653 3585 2905 3655 βασιλεία
2947 3589 3043 3643 τοῦ
3070 3570 3245 3660 Θεοῦ,
3271 3596 3362 3649 καὶ
3388 3570 3675 3668 δοθήσεται
3700 3570 3711 3579 ’
3728 3600 3848 3653 ἔθνει

609 3665 839 3720 fuimus.
874 3664 1025 3719 Talis
1064 3677 1196 3718 vero
1231 3661 1404 3717 frater
1430 3662 1620 3717 senior
1661 3678 1770 3716 non
1801 3662 1927 3729 fuit,
1978 3664 2075 3733 qui
2124 3664 2187 3718 fi-

2287 3674 2532 3730 ποιοῦντι
2567 3680 2693 3744 τοὺς
2725 3683 2971 3754 καρποὺς
2998 3684 3193 3755 αὐτῆς.
3229 3706 3248 3738 ι
3310 3690 3416 3742 Ἦν
3472 3692 3721 3746 ἐκϐαλὼν
3768 3694 3844 3746 τοῦ

607 3754 717 3808 lius
741 3751 1067 3823 Jephuuua‘,
1104 3753 1209 3806 hoc
1259 3761 1365 3819 est,
1399 3766 1565 3818 cum,
1597 3754 1855 3809 exstitit:
1898 3754 1993 3824 qui
2050 3754 2184 3810 mihi

2285 3765 2434 3820 οἴκου
2461 3767 2554 3822 τοῦ
2584 3751 2813 3841 πατρὸς,
2848 3773 2936 3826 ἐπ’
2961 3774 3085 3828 ὄνου
3119 3751 3292 3850 ιρέρω,
3323 3779 3384 3833 ὃν
3415 3781 3618 3837 ἔλυσαν
3677 3787 3723 3838 οί
3755 3804 3842 3855 μα-

604 3848 702 3901 dat
730 3845 921 3909 ﬁliam,
979 3845 1124 3900 sicut
1156 3845 1427 3916 scriptum
1461 3854 1545 3902 est
1578 3864 1592 3901 :
1630 3864 1649 3897 ι
1690 3847 1991 3901 Auferetur
2024 3862 2057 3901 a
2092 3862 2187 3902 vo-

2287 3856 2447 3929 Θηταί
2471 3876 2486 3891 ο
2517 3861 2612 3915 καὶ
2631 3860 2692 3927 ἐξ
2716 3865 2986 3934 αἰτήσεως
3016 3845 3274 3938 εὐλογίαν
3335 3872 3532 3943 εἴληφε
3571 3845 3840 3947 πατρικήν.

607 3939 693 3993 bis
722 3953 945 4008 regnum
985 3937 1103 4002 Dei,
1128 3947 1183 3992 et
1216 3940 1424 4008 p0pulo
1451 3939 1792 4005 conferetur,
1837 3941 1931 4010 qui
1972 3939 2185 3997 fructus

2284 3950 2395 4003 Καὶ
2424 3949 2693 4022 λαμϐάνει
2728 3954 2993 4012 Γονέολαν
3045 3937 3327 4031 τὴνκάτω
3353 3980 3366 3993 ·
3392 3937 3725 4037 κληρονομεῖ
3750 3937 3840 4039 pip

601 4044 740 4086 suos
778 4031 891 4085 edit
918 4031 983 4083 ³⁸.
1023 4051 1041 4083 ι
1071 4030 1245 4095 Quam
1282 4045 1313 4085 e
1342 4032 1509 4084 domo
1560 4030 1738 4101 patris
1771 4032 2028 4100 ejectam,
2087 4047 2185 4087 su-

2285 4044 2387 4095 κάν
2415 4043 2495 4115 τῷ
2518 4046 2746 4117 παρόντι
2779 4046 2883 4119 βίῳ
2915 4050 2978 4104 τὸ
3010 4052 3273 4123 σχολάσαι
3299 4056 3418 4123 Θεῷ
3445 4076 3459 4090 ’
3478 4030 3576 4114 καὶ
3602 4030 3840 4115 Γονέθλαν

602 4134 705 4189 per
751 4122 908 4174 asino
936 4135 1097 4189 quem
1119 4121 1406 4175 solverunt
1458 4121 1742 4191 discipuli,
1772 4123 1935 4176 veho.
1994 4120 2182 4179 Prcei-

2280 4130 2381 4202 τὴν
2405 4111 2517 4188 ἄνω
2548 4149 2563 4165 ⁸
2595 4111 2759 4208 ηγὰρ
2779 4111 2928 4193 ’κατὰ
2961 4111 3094 4195 Θεὸν
3125 4111 3838 4219 μακαριότηςξπαγγελων

605 4210 714 4266 bus
756 4220 939 4265 autem
967 4209 1407 4266 benedictionem
1464 4190 1765 4282 paternam
1835 4215 2179 4282 impetravit,

2281 4222 2392 4293 ἔχει
2426 4224 2592 4296 ζωῆς,
2615 4190 2850 4301 ’καὶιτῆς
2889 4190 3193 4303 παρούσης,
3261 4190 3355 4290 κΓαὶ
3382 4190 3482 4307 τηέ
3537 4190 3834 4311 μελλούσης.

600 4314 657 4358 ει
686 4305 894 4372 accepit
928 4303 1137 4369 irrigua
1168 4302 1455 4357 inferiora.
1488 4302 1628 4357 Nam
1686 4312 1743 4359 et
1776 4304 1829 4357 in
1889 4306 1993 4359 hac
2046 4321 2183 4375 pne—

2285 4318 2492 4389 -ῌτησε
2521 4319 2578 4372 δὲ
2603 4320 2832 4393 ταύτην,
2860 4324 2937 4386 ὡς
2962 4302 3043 4390 εἰς
3068 4302 3251 4399 τὸτῆς
3312 4302 3663 4403 μεσημϐρίας
3715 4302 3836 4403 πελι-

598 4398 744 4453 scuti
773 4398 884 4451 vita
940 4395 1259 4451 haereditate
1323 4397 1607 4466 acquirit,
1682 4406 1744 4451 ut
1793 4412 2016 4467 operam
2070 4398 2180 4455 Deo

2280 4409 2491 4480 πομένη
2522 4410 2692 4482 κλίμα
2722 4416 3179 4488 καταυγασθῆναι
3312 4395 3720 4494 εκεῖδενφωτὶ,
3751 4395 3832 4477 καὶ

591 4489 733 4543 dare
761 4488 975 4560 possit;
1004 4497 1063 4543 et
1097 4488 1439 4556 superiorem
1474 4490 1737 4556 stirpem:
1770 4486 2009 4543 felicitas
2029 4492 2176 4546 enim

2230 4501 2347 4591 μιῇ
2390 4498 2484 4553 τοῦ
2511 4500 2646 4555 Θεοῦ
2687 4486 3204 4580 ἐξυπηρετήσασθαι
3259 4486 3585 4583 ἀποκρίσει,
3768 4515 3832 4585 τῷ

592 4581 784 4635 divina
838 4581 1260 4650 promissionem
1292 4580 1456 4634 habet
1501 4580 1627 4635 vitae
1680 4590 1736 4635 et
1780 4583 2070 4651 praesentis
2121 4596 2174 4638 et

2227 4580 2248 4591 ’
2280 4590 2379 4660 τῆς
2406 4592 2618 4646 ἐκείνου
2650 4597 2958 4666 παρουσίας
2986 4599 3185 4672 καιρῷ.
3216 4580 3469 4672 Γοθονιῆλ
3513 4606 3643 4677 γὰρ,
3698 4580 3829 4662 dae;

596 4672 817 4727 futurae.
857 4671 1163 4727 Postulavit
1194 4687 1324 4727 vero
1353 4687 1417 4729 ea
1444 4687 1556 4742 quo
1597 4672 1650 4727 in
1690 4675 1973 4729 meridiem
2007 4674 2173 4730 missa

2274 4699 2472 4749 κρίσις
2497 4686 2670 4750 Θεοῦ,
2704 4688 2963 4758 ῆκαιρός
2988 4710 3091 4759 μοι
3121 4694 3288 4750 Θεοῦ.
3311 4671 3432 4749 Kal.
3453 4671 3699 4765 εὐλογίαν
3721 4699 3830 4768 λαμ-

593 4766 804 4821 iumine
832 4766 943 4821 illic
990 4776 1187 4822 exorto
1223 4767 1619 4829 illustraretur,
1649 4766 1741 4821 Dei
1772 4768 1898 4821 item
1934 4769 2174 4823 oraculis

2274 4773 2497 4829 ϐἀνουσι
2530 4777 2610 4848 τῷ
2650 4780 2907 4835 καλοῦντι
2934 4783 3169 4856 ἑτοίμως
3212 4788 3653 4861 ἀποκρινόμενοι.
3713 4766 3824 4844 Τοῦ-

590 4868 652 4911 et
679 4857 855 4926 ipsius
901 4858 1173 4913 adventus
1227 4867 1470 4927 tempore
1526 4858 1822 4912 coleretur.
1874 4858 2009 4914 Nam
2065 4858 2174 4916 Go-

2269 4882 2361 4918 τον
2386 4867 2645 4936 ἠϐούλετο
2676 4873 2769 4924 τὸν
2796 4873 2947 4926 νότον
2971 4879 3298 4932 καταπνὲειν
3330 4880 3424 4934 τὸν
3444 4882 3643 4952 ἑαυτῆς
3672 4887 3825 4953 κῆπον

590 4950 806 5004 thoniel
843 4952 1115 5018 responsio
1144 4949 1246 5004 Dei
1298 4960 1405 5015 est,
1439 4959 1534 5005 aut
1588 4950 1814 5020 Tempus
1862 4952 1995 5005 mihi
2050 4952 2167 5007 Dei.

2272 4958 2305 5025 ὴ
2337 4958 2394 5010 ἐν
2421 4958 2499 5029 τῷ
2532 4961 2773 5031 ’ᾼσματι
2801 4963 2912 5019 τῶν
2958 4967 3223 5039 ἀσμάτων
3282 4971 3467 5045 νύμφη
3494 4991 3509 5004 ·
3572 4949 3822 5045 ἐξεγείρον

594 5039 1000 5097 Benedictionis
1028 5058 1248 5114 quoque
1289 5043 1589 5113 participes
1627 5044 1762 5097 tiunt
1788 5044 1884 5114 qui
1944 5046 2166 5100 vocanti

2268 5047 2458 5120 βορρᾶ,
2499 5050 2752 5120 λέγουσα,
2798 5056 2891 5109 καὶ
2920 5075 2940 5109 ι
2972 5058 3196 5130 Ἔρχου,
3226 5039 3368 5127 νότε,
3397 5039 3713 5120 ὸιᾶπνευσον
3740 5039 3828 5135 κῆ-

586 5134 846 5203 expcdite
878 5134 1235 5204 respondent.
1266 5134 1425 5189 llunc
1466 5150 1602 5189 sane
1631 5148 1882 5190 austrum
1945 5137 2163 5192 bortum

2268 5142 2367 5194 πόν
2391 5160 2514 5211 μου.
2551 5164 2570 5195 s
2604 5147 2712 5199 Καὶ
2755 5147 3084 5223 Ἀμϐακοὺμ
3115 5154 3193 5220 δὲ,
3233 5157 3448 5211 ἐκεῖθέν
3488 5176 3651 5229 φησιν
3686 5134 3823 5226 ἥξειν

590 5240 753 5279 suum
791 5228 1105 5296 perspirare
1137 5227 1192 5280 in
1262 5226 1494 5280 (Zautico
1548 5228 1894 5282 canticorum
1958 5232 2167 5299 optavit

2264 5231 2354 5285 τὸν
2380 5234 2534 5300 Θεὸν,
2562 5236 2637 5299 ὡς
2656 5238 2764 5291 ἀπὸ
2813 5241 2909 5294 τοῦ
2958 5243 3061 5314 τῆς
3110 5249 3458 5321 μεσημϐρίας
3500 5226 3703 5322 ήφωτίς.
3757 5250 3819 5301 Τὸ

586 5330 815 5386 sponsa.
862 5316 1281 5387 Expergiscere,
1322 5317 1548 5385 Aquilo,
1578 5319 1834 5390 inquiens
1870 5337 1885 5373 :
1945 5339 1964 5371 ι
2006 5319 2162 5385 Veni,

2264 5324 2393 5394 γὰρ,
2426 5343 2444 5377 ι
2500 5326 2557 5380 '0
2586 5328 2717 5395 Θεὸς
2747 5331 2856 5385 ἀπὸ
2891 5316 3273 5409 Θαιμᾶνῆξει,
3304 5316 3354 5395 oi
3379 5316 3576 5410 λοιποὶ,
3597 5344 3710 5399 ἀπὸ
3730 5339 3821 5395 τοῦ

583 5410 789 5465 Auster
820 5418 876 5464 et
908 5409 1072 5480 perﬂa
1090 5410 1310 5467 hortum
1347 5412 1608 5467 meum“.
1639 5431 1658 5464 ι
1694 5411 1805 5468 Nec
1832 5428 1941 5468 non
1970 5410 2150 5467 Haba-

1298 5427 1310 5467 |
1347 5412 1608 5467 meum“.
1639 5431 1658 5464 ι
1694 5411 1805 5468 Νεε
1832 5428 1941 5468 non
1970 5410 2150 5467 Haba-
2255 5417 2436 5471 νότου
2476 5418 2851 5491 ἡρμήνευσαν.
2881 5444 2900 5477 ι

567 5545 572 5548 ’
654 5546 701 5578 ³⁸
732 5543 922 5605 Matth.
962 5565 1039 5615 αι,
1064 5547 1153 5605 29.

584 5629 637 5670 Ν
654 5547 922 5668 "ibéatth.
962 5565 1039 5615 αι,
1064 5547 1153 5605 29.
1229 5550 1272 5582 "
1301 5548 1437 5605 Luc.
1474 5564 1584 5618 xlv,
1628 5548 1716 5604 li.
1788 5548 1833 5582 “
1863 5547 2053 5606 iPetr.
2078 5550 2186 5611 v.6

642 5656 658 5682 ν
783 5656 795 5667 ·
2055 5681 2063 5682 ί
2115 5681 2123 5682 ί

2210 5592 2217 5606 .
2290 5554 2335 5586 ³⁸
2371 5554 2510 5611 Gen.
2546 5572 2736 5627 xxxiv,
2764 5560 2821 5619 2.
2903 5563 2949 5598 ³ο
2984 5564 3176 5624 Matth.
3218 5584 3349 5639 ut,
3377 5570 3469 5628 45.
3578 5572 3613 5604 ³³
3674 5571 3812 5626 Cant.

668 5724 671 5727 Α
2048 5681 2287 5743 NOTAE.

656 5775 771 5849 (-14)
815 5776 875 5830 Ὀ
908 5774 1134 5847 Πέτρος.
