4058 6504
290 256 432 327 1033

1416 260 1955 325 COMMENTARII
2002 261 2083 325 IN
2123 262 2379 325 JOSUE.

284 393 393 433 cuc
447 390 613 448 porro
664 372 791 430 hinc
827 381 1117 431 venturum
1185 374 1385 445 inquit,
1445 374 1637 439 Deum,
1700 376 2158 447 quemadmodum
2222 379 2310 433 lux
2347 394 2375 432 a
2432 377 2665 435 meridie
2693 377 2755 437 ³¹.
2790 378 2925 434 Illud
2978 379 3175 434 enim:

176 470 183 475 “
286 469 555 527 Themam
591 470 798 532 veniet,
842 487 860 520 ι
900 466 1097 537 reliqui
1122 464 1187 520 ab
1216 475 1401 521 austro
1436 475 1564 523 sunt
1597 467 1977 537 interpretati.

3439 264 3573 329 103$

3251 399 3268 431 ι
3342 379 3485 437 Deus
3540 400 3570 437 a

359 562 466 618 Kal
495 564 531 616 ὁ
572 560 926 624 Ἰεϐουσαῖος
973 558 1285 625 κατῴκησε
1325 560 1396 613 ἐν
1435 559 1867 630 Ἰερουσαλὴμ,

2049 552 2118 607 Et
2142 552 2421 607 Jebuswus
2458 552 2719 607 habitavit
2765 555 2818 608 in
2845 552 3170 619 Jerusalem,
3236 573 3330 612 nec
3380 568 3567 627 potue-

284 654 387 709 καὶ
418 655 532 707 οὐκ
564 651 1008 721 ἡδυνὰσθησαν
1035 650 1152 705 υἱοὶ
1197 651 1395 707 Ἰούδα
1427 652 1735 707 ἀπολέσαι
1768 654 1881 708 αὐ-

282 747 433 811 τούς
453 761 469 777 ·
505 746 603 799 καὶ
632 743 995 811 κατῴκησαν
1020 747 1073 799 οἱ
1101 743 1445 800 Ἰεϐουσαῖοι
1472 745 1543 799 ἐν
1584 742 1883 814 Ἰερουσα-

280 838 413 908 λὴμ
432 837 544 905 ἕως
583 836 693 904 τῆς
722 835 949 905 ἡμέρας
975 836 1225 903 ταύτης.

370 926 708 997 Ἐρωτητέον
737 926 863 989 τοὺς
892 927 958 979 ἐκ
980 926 1183 991 παντὸς
1206 928 1416 1000 τρόπου
1449 928 1880 1000 προϊσταμένους

282 1020 383 1074 τοῦ
418 1019 773 1090 γράμματος,
810 1018 932 1084 πῶς
966 1018 1074 1082 ἕως
1114 1019 1213 1087 τῆς
1246 1021 1486 1091 σήμερον
1521 1018 1735 1091 ἡμέρας
1776 1037 1882 1091 φη-

285 1114 415 1178 civ;
450 1113 592 1185 ὅπερ
614 1114 673 1166 ὲν
702 1115 772 1185 τῇ
806 1112 1000 1183 Γραφῇ
1037 1112 1200 1183 μέχρι
1258 1112 1356 1181 τῆς
1415 1112 1727 1177 συντελείας
1783 1112 1878 1166 τοῦ

286 1204 563 1275 παρόντος
624 1203 825 1268 αἰῶνος
872 1203 1044 1275 δηλοῖ,
1086 1203 1228 1257 κατὰ
1287 1203 1371 1267 τὸ,
1432 1223 1449 1255 ι
1484 1198 1649 1267 Οὗτος
1698 1204 1879 1277 πατὴρ

288 1295 595 1350 Μωαϐιτῶν
624 1296 730 1361 ἕως
770 1297 869 1367 τῆς
904 1297 1147 1367 σήμερον
1179 1296 1419 1369 ἡμέρας.
1461 1316 1479 1349 ι
1540 1296 1648 1349 Kal.
1705 1298 1874 1351 πάλιν

289 1406 310 1438 ε
354 1388 447 1457 Μὴ
476 1386 748 1456 ἀπόστητε
781 1386 887 1440 ἀπὸ
924 1386 1130 1460 Κυρίου
1161 1390 1219 1443 ὲν
1242 1391 1365 1451 ταῖς
1423 1389 1669 1459 σήμερον
1722 1389 1863 1458 ήμὲ-

286 1494 439 1550 ραις,
475 1498 493 1531 ι
526 1479 647 1533 ἀντὶ
678 1476 796 1541 τοῦ,
831 1480 956 1533 ὅσον
981 1479 1044 1533 τὸ
1077 1480 1321 1552 σήμερον
1348 1480 1619 1536 καλεῖται.
1657 1482 1874 1552 Μηκέτι

277 1567 385 1625 οὖν
406 1571 513 1624 τῶν
542 1570 677 1623 υἱῶν
719 1569 890 1624 Ἰούδα
913 1572 1318 1627 κατοικούντων
1371 1574 1430 1627 ὲν
1492 1573 1873 1645 Ἰερουσαλὴμ,

283 1661 413 1724 ’πῶς
438 1664 467 1716 ό
505 1656 833 1726 Ἰεϐουσαῖος
856 1664 1001 1716 οἰκεῖ
1025 1666 1145 1734 μετ’
1182 1663 1349 1718 αὑτοῦ
1376 1682 1390 1732 ;
1445 1664 1737 1737 τοιγαροῦν
1781 1666 1874 1720 ὲπὶ

277 1764 334 1808 τι
379 1754 571 1825 νοητὸν
596 1754 1003 1827 ἀναδράμωμεν
1036 1757 1243 1828 ὅμοιον,
1269 1759 1368 1826 τήν
1408 1761 1537 1830 περὶ
1563 1760 1671 1814 τῶν
1712 1759 1869 1825 ζιζα-

1985 657 2112 701 rant
2149 645 2251 715 ﬁlii
2280 643 2429 699 Iuda
2464 662 2554 700 eos
2580 648 2967 714 exterminare,
3008 648 3099 703 sed
3162 652 3361 706 mansit
3406 651 3572 707 Iebu-

1983 755 2124 794 δαημς
2155 754 2275 791 cum
2305 739 2437 807 ﬁliis
2467 736 2617 793 Iuda
2647 736 3043 810 Hierosolymis
3076 757 3243 812 usque
3303 743 3359 797 in
3430 759 3571 812 prc-

1982 839 2180 884 sentem
2204 830 2344 883 diem
2377 828 2517 900 μιν,
2554 829 2669 902 63].

2052 922 2395 978 Consulendi
2460 922 2768 978 litterarum
2826 923 3087 979 omnibus
3144 927 3397 984 numeris
3450 944 3569 983 ma-

1983 1016 2144 1086 gistri
2210 1016 2634 1082 absolutissimi,
2696 1032 2805 1087 qua
2858 1019 3075 1075 ratione
3121 1021 3191 1076 ad
3242 1020 3570 1077 hodiernum

1982 1123 2160 1178 usque
2207 1107 2350 1162 diem
2401 1108 2569 1162 dicat.
2626 1106 2743 1163 Hac
2807 1110 2954 1164 enim
3042 1110 3305 1181 loquendi
3386 1111 3565 1166 forma

1979 1198 2515 1253 consummationem
2582 1197 2750 1269 hujus
2813 1201 3102 1271 praesentis
3163 1202 3351 1257 saeculi
3413 1202 3568 1258 Scri-

1982 1298 2141 1359 ptura
2212 1290 2492 1360 signiﬁcat
2542 1290 2700 1361 juxta
2752 1290 2886 1345 illud
2935 1313 2947 1346 :
2993 1291 3095 1347 Hic
3152 1302 3311 1364 pater
3362 1293 3570 1349 Moabi-

1980 1390 2161 1434 tarum
2214 1387 2300 1435 est
2353 1380 2407 1435 in
2470 1380 2803 1435 hodiernum
2882 1396 3061 1452 usque
3134 1382 3281 1438 diem
3323 1384 3388 1438 ³³.
3427 1403 3446 1437 ι
3505 1384 3570 1438 Et

1980 1471 2179 1526 iterum
2214 1488 2226 1524 :
2268 1490 2285 1522 ι
2330 1468 2407 1526 Ne
2439 1470 2710 1527 deﬁciatis
2764 1486 2794 1526 a
2844 1471 3081 1527 Domino
3121 1472 3410 1531 hodiernis
3455 1475 3571 1530 dic-

1980 1561 2103 1617 bus.
2145 1580 2161 1611 ι
2198 1559 2302 1616 Pro
2331 1576 2426 1624 eo,
2460 1562 2706 1632 quandiu
2734 1576 2935 1618 nomen
2989 1563 3153 1618 hodie
3186 1562 3373 1618 durat.
3428 1565 3568 1619 Cum

1977 1654 2164 1724 itaque
2197 1652 2293 1708 lilii
2323 1652 2465 1709 Juda
2485 1655 2883 1726 Hierosolyma:
2902 1672 3013 1711 non
3032 1656 3280 1712 habitent
3307 1658 3568 1729 amplius,

1976 1745 2258 1816 quomodo
2288 1746 2502 1801 habitat
2529 1746 2821 1804 Jebusaaus
2850 1763 2976 1804 cum
3034 1750 3117 1806 eis
3143 1751 3167 1805 ?
3217 1750 3572 1823 Quapropter

279 1847 418 1901 νὶων
466 1846 748 1918 εἰληφότες
783 1846 1210 1921 παραϐολήνσᾶ
1261 1848 1339 1920 τῷ
1388 1850 1522 1921 σίτῳ
1578 1850 1867 1905 κατέλειπε

1979 1851 2176 1893 sensus
2228 1836 2654 1893 similitudinem
2694 1839 3044 1909 indagemus,
3086 1857 3254 1913 quam
3318 1843 3386 1899 de
3423 1845 3571 1899 ziza-

281 1937 741 2005 συναυξάνεσθαι,
765 1938 840 2010 μή
872 1938 1246 2012 συνεκριζωθῇ
1277 1940 1488 2004 τούτοις
1524 1943 1551 1993 ὁ
1575 1945 1738 2005 σῖτος.
1784 1942 1873 1996 Ἐν

276 2031 396 2102 γὰρ
422 2032 488 2102 τῇ
542 2028 841 2101 Ἐκκλησία
868 2029 1005 2083 εἰσὶν
1067 2030 1384 2086 Ἰεϐουσαίοι
1446 2034 1872 2103 καταπατούμε-

278 2139 389 2186 νοι,
426 2122 744 2194 ἀμαρτωλοὶ
794 2140 853 2175 τε
875 2123 973 2175 καὶ
1012 2122 1113 2193 τῆς
1145 2123 1387 2187 πίστεως
1436 2125 1732 2196 ἀλλότριοι.
1761 2127 1872 2180 Καὶ

276 2214 389 2266 οὑκ
416 2214 481 2268 ἄν
503 2231 586 2277 τις
606 2215 663 2267 ὲν
700 2213 779 2284 τῷ
799 2214 1269 2286 παρόντιπαύσειε
1293 2214 1393 2287 βίῳ
1422 2215 1698 2279 τοιούτους
1725 2216 1870 2287 ἔχειν

275 2306 385 2379 τὴν
424 2306 774 2377 Ἐκκλησίαν,
806 2307 900 2360 καὶ
928 2309 1107 2377 μόνων
1137 2306 1403 2378 ὑπάρχειν
1437 2308 1629 2376 ἁγίων.
1678 2310 1743 2361 Τί
1763 2311 1872 2382 γὰρ

279 2398 351 2452 ἂν
384 2415 467 2461 τις
486 2400 731 2469 ποιήσειε
771 2399 899 2470 περὶ
921 2399 1030 2453 τῶν
1060 2399 1379 2469 ἀμφιϐόλων
1398 2401 1760 2471 ἁμαρτωλῶν,
1784 2403 1871 2455 ὅτε

277 2493 383 2544 καὶ
410 2492 537 2554 τοὺς
560 2493 835 2562 φανεροὺς
868 2492 1196 2559 ἀπελάσειε;
1227 2494 1297 2547 τὰ
1326 2494 1383 2549 δὲ
1412 2496 1574 2566 ὃμοια
1601 2497 1695 2550 καὶ
1744 2498 1871 2568 περὶ

274 2581 380 2636 τοῦ
424 2582 664 2653 Ἐφραῖμ
692 2598 854 2653 φησιν
879 2585 912 2653 ή
940 2584 1129 2654 Γραφή
1157 2600 1173 2616 ·
1203 2603 1221 2635 ι
1256 2587 1367 2639 Καὶ
1429 2585 1530 2640 οὑκ
1587 2587 1871 2641 ἀπώλεσεν

291 2673 538 2745 Ἑφραῒμ
564 2674 657 2727 τὸν
691 2674 994 2729 Χαναναίον
1020 2674 1112 2728 τόν
1143 2677 1501 2731 κατοικοῦντα
1529 2679 1587 2731 ὲν
1606 2678 1803 2751 Γαζέρ.
1848 2700 1865 2732 ι

276 2795 357 2807 —-
396 2784 415 2818 ι
452 2767 562 2819 Καὶ
591 2765 833 2837 κατῴκει
863 2768 890 2821 ὁ
919 2768 1223 2829 Χαναναῖος
1249 2769 1306 2821 ὲν
1330 2767 1407 2839 τῷ
1444 2770 1683 2841 Ἐφραῖμ
1710 2774 1869 2843 μέχρι

278 2858 389 2927 τῆς
416 2856 634 2929 ἡμέρας
667 2858 893 2930 ταύτης.
944 2878 963 2911 ι
1008 2859 1251 2931 Ἐφραῒμ
1280 2861 1357 2921 δὲ,
1391 2866 1766 2931 καρποφορία
1790 2866 1872 2936 ἑρ-

283 2947 611 3019 μηνεύεται.
660 2948 719 3002 '0
750 2950 1120 3021 καρποφορῶν
1153 2946 1247 3004 οῦν
1273 2952 1333 3004 οὑ
1364 2952 1587 3008 δύναται
1615 2955 1705 3009 τὸν
1757 2957 1871 3010 Xa.

278 3041 527 3105 ναναῖον,
562 3039 623 3093 τὸ
654 3040 881 3111 σπέρμα
936 3041 996 3094 τὸ
1053 3038 1335 3113 ἀλλότριον
1389 3044 1452 3096 τὸ
1488 3049 1871 3118 κατηραμένον

280 3133 575 3188 ἑκδάλλειν
604 3133 713 3187 ἀπὸ
768 3135 867 3205 τῆς
887 3134 1074 3206 χώρας
1126 3135 1295 3189 αὑτοῦ
1357 3134 1463 3200 ἕως
1505 3137 1605 3209 τῆς
1656 3139 1871 3211 ἡμέρας

1981 1930 2091 1986 niis
2150 1930 2410 2001 parabola
2435 1932 2833 2002 suppeditabit.
2865 1932 2937 1987 Ea
2963 1935 3109 1990 enim
3136 1950 3264 1991 cum
3294 1936 3570 1993 frumento

1985 2037 2243 2078 crescere
2276 2024 2551 2093 permisit,
2585 2038 2654 2079 ne
2715 2024 2880 2080 simul
2938 2040 3065 2081 cum
3115 2028 3200 2084 eis
3228 2029 3567 2085 frumentum

1979 2114 2247 2169 cvellatur
2304 2114 2591 2170 radicitus.
2658 2106 2719 2170 in
2756 2114 3001 2172 Ecclesia
3028 2121 3174 2172 enim
3233 2120 3567 2176 conculcan-

1982 2217 2071 2262 tur
2123 2200 2384 2274 Jebuszci,
2417 2208 2521 2263 hoc
2561 2218 2662 2275 est,
2697 2217 3019 2279 peccatores
3077 2223 3130 2268 et
3181 2228 3211 2267 a
3243 2213 3349 2269 ﬁde
3378 2214 3564 2270 alieni.

1980 2299 2095 2355 Nec
2132 2316 2374 2371 unquam
2410 2308 2596 2355 tamen
2646 2301 2701 2353 in
2772 2304 3027 2372 prasenti
3075 2304 3184 2359 vita
3249 2306 3569 2376 hujusmodi

1982 2395 2183 2451 habere
2213 2394 2430 2452 desinet
2483 2395 2755 2465 Ecclesia,
2810 2412 2875 2452 ac
2928 2414 2993 2453 ex
3064 2401 3231 2455 meris
3292 2403 3569 2459 constabit

1980 2487 2210 2543 sanctis.
2240 2489 2360 2553 Quo
2390 2488 2536 2543 enim
2590 2488 2712 2544 loco
2751 2488 2948 2546 dubios
3001 2502 3321 2561 peccatores
3378 2504 3566 2565 ponet,

1979 2580 2196 2635 etiamsi
2280 2581 2604 2636 manifestos
2694 2582 2984 2653 abegerit?
3038 2581 3243 2639 Eadem
3314 2600 3450 2642 vero
3499 2586 3568 2642 de

1980 2668 2238 2741 Ephraim
2268 2687 2487 2743 quoque
2529 2671 2818 2743 Scriptura
2852 2675 3053 2730 astruit
3082 2692 3095 2730 :
3140 2695 3157 2727 ι
3192 2674 3303 2732 Nec
3362 2677 3568 2734 delevit

1980 2762 2239 2835 Ephraim
2265 2764 2637 2820 Chananmum
2665 2766 2759 2836 qui
2796 2767 3011 2822 habitat
3076 2768 3131 2822 in
3182 2767 3383 2825 Gazer.
3425 2789 3444 2822 ›
3474 2770 3566 2824 Ait

1978 2857 2123 2913 enim
2169 2874 2182 2909 :
2242 2877 2259 2909 ι
2300 2857 2367 2911 Et
2421 2859 2693 2915 habitavit
2752 2858 3104 2915 Chananteus
3161 2860 3216 2915 in
3297 2861 3563 2932 Ephraim

1981 2965 2153 3020 usque
2179 2949 2249 3003 ad
2274 2949 2419 3006 diem
2474 2952 2641 3006 hunc.
2674 2970 2692 3005 ι
2730 2950 2990 3022 Ephraim
3046 2967 3175 3007 vero
3209 2951 3563 3021 fructuosius

1978 3048 2159 3109 potest
2193 3039 2367 3095 reddi.
2400 3038 2744 3096 Fructuosus
2771 3040 2941 3111 igitur
2968 3054 3076 3095 non
3114 3049 3298 3111 potest
3352 3040 3564 3098 Chana-

1980 3147 2179 3196 naaum,
2217 3146 2405 3187 semen
2454 3130 2696 3186 alienum
2759 3139 2816 3187 et
2865 3140 3244 3197 exsecratum,
3274 3147 3305 3188 e
3334 3135 3564 3204 regione

277 3225 511 3295 ταύτης.
549 3227 615 3279 Ὃ
638 3226 701 3298 δὴ
754 3226 888 3298 περὶ
910 3230 1010 3299 τῆς
1052 3228 1380 3299 Ἐκκλησὶας
1406 3230 1733 3302 εἰρήκαμεν.
1762 3234 1867 3286 Καὶ

1981 3237 2081 3279 sua
2107 3222 2327 3293 ejicere,
2356 3221 2426 3277 ad
2472 3237 2597 3278 eum
2639 3237 2814 3293 usque
2877 3222 3050 3278 diem.
3098 3224 3256 3290 Quod
3305 3240 3439 3281 sane
3495 3225 3563 3281 de

276 3316 464 3382 ἄλλως
503 3316 563 3371 δέ
582 3333 596 3347 ⁸
614 3318 691 3373 Οὑ
712 3318 938 3372 δύναται
969 3318 1117 3390 ψυχὴ
1134 3320 1393 3391 καθαρῶς
1438 3321 1795 3397 Ἰερουσαλήμ
1820 3328 1867 3380 ἐι

1981 3314 2229 3372 Ecclesia
2250 3315 2617 3374 asseruimus.
2648 3316 2795 3383 Quin
2825 3324 2881 3372 et
2911 3316 3049 3373 alias
3081 3319 3265 3372 anima
3289 3332 3397 3373 non
3426 3334 3564 3390 pure

276 3407 363 3477 τῷ
393 3407 622 3479 παρόντι
647 3406 748 3479 βίῳ
778 3408 1032 3479 γενέσθαι
1068 3410 1239 3483 μόνην
1269 3412 1498 3484 εἰρήνην
1532 3413 1746 3486 ὁρῶσα,
1784 3421 1881 3472 καὶ

276 3495 456 3569 μηδὲν
486 3499 881 3571 ἁμαρτάνουσα
911 3517 926 3531 ο
958 3500 1050 3554 τὸν
1078 3502 1314 3573 Χριστὸν
1344 3504 1553 3576 ὁρῶσα,
1600 3507 1695 3560 τοῦ
1726 3508 1865 3562 Θεοῦ

274 3592 381 3663 τὴν
410 3593 657 3663 εἰρήνην,
685 3593 782 3646 καὶ
823 3594 1253 3666 καρποφοροῦσα
1312 3596 1626 3662 διαπαντός.
1678 3601 1872 3666 Οὐδεὶς

274 3686 389 3757 γὰρ
416 3684 655 3755 καθαρὸς
680 3684 790 3738 ἀπὸ
811 3686 1013 3756 ῥύπου,
1046 3689 1140 3741 καὶ
1156 3688 1523 3760 διαλογισμῶν
1543 3691 1865 3764 ἁλλοτρὶωνσ

270 3779 355 3841 ὡς
386 3777 747 3851 εὑρὶσκεσθαι
788 3780 1007 3843 πάντως
1046 3782 1371 3837 Ἰεθουσαῑον
1429 3783 1527 3838 καὶ
1575 3784 1871 3840 Χαναναὶον

273 3873 337 3926 ὲν
389 3871 749 3944 Ἰερουσαλήμ
774 3889 789 3905 ’
814 3874 863 3928 εἰ
890 3873 985 3928 καὶ
1014 3874 1095 3928 δεῖ
1136 3874 1271 3946 πρὸς
1292 3875 1393 3945 τὴν
1409 3876 1613 3931 τούτων
1640 3877 1872 3949 ἐκϐολὴν

268 3960 666 4028 ἀγωνίζεσθαι,
730 3960 866 4016 Θεὸν
910 3963 1211 4028 καλοῦντας
1236 3964 1327 4018 τὸν
1366 3964 1526 4033 μόνον
1547 3965 1867 4036 δυνάμενον.

342 4145 544 4216 Τρίτον
574 4146 632 4201 δέ
664 4164 831 4217 φησιν
850 4149 884 4217 ή
908 4146 1100 4220 Γραφή
1124 4147 1216 4201 τὸν
1249 4148 1557 4206 Χαναναίον
1589 4145 1732 4205 εἶναι
1765 4170 1862 4223 με·

264 4236 337 4288 τὰ
378 4234 490 4289 τῶν
521 4236 655 4289 υἱῶν
699 4233 965 4308 Ἐφραῒμ,
995 4236 1055 4289 οὑ
1082 4235 1244 4307 ψιλὴν
1288 4238 1551 4310 ἱστορίαν,
1590 4239 1727 4294 ἀλλά
1781 4259 1861 4293 τι·

266 4346 335 4381 να
366 4327 607 4397 δηλοῦσα
640 4330 942 4401 μυστήρια.
978 4328 1165 4394 ’Ἃπαξ
1191 4330 1290 4400 μὲν
1323 4331 1434 4401 γὰρ
1494 4333 1711 4403 εῐρηται
1774 4334 1856 4398 τὸ,

272 4440 292 4471 ι
330 4422 447 4474 Οὑκ
472 4421 757 4475 ἀπώλεσεν
801 4422 1047 4493 Ἐφραῒμ
1075 4422 1169 4475 τὸν
1214 4424 1544 4491 Χαναναῖον,
1586 4444 1603 4475 ι
1664 4426 1858 4481 καὶτὰ

266 4512 399 4582 ἑξῆς
433 4511 538 4575 ἕως
562 4512 680 4578 τοῦ,
717 4531 736 4563 ι
770 4512 882 4566 Καὶ
913 4512 1113 4568 ἔδωκεν
1144 4513 1312 4585 αὑτήν
1338 4514 1539 4585 Φαραὼ
1569 4517 1626 4567 ὲν
1684 4520 1855 4588 φερνῇ

265 4606 335 4673 τῇ
365 4602 603 4676 θυγατρὶ
626 4604 817 4661 αὑτοῦ.
840 4623 858 4656 ι
896 4604 1160 4676 Δεύτερον
1182 4605 1240 4659 δὲ
1269 4606 1529 4678 ἐγενήθη,
1565 4607 1690 4661 ἐπεὶ
1723 4626 1857 4662 κατ-

271 4697 505 4767 ίσχυσαν
534 4698 585 4751 οἱ
607 4697 717 4751 υἱοὶ
758 4698 999 4770 Ἰσραὴλ,
1019 4698 1115 4753 καὶ
1144 4697 1410 4769 ἐποίησαν
1435 4701 1563 4763 τοὺς
1584 4701 1861 4755 Χαναναὶ-

1977 3405 2283 3463 Jerusalem
2333 3408 2389 3463 in
2435 3408 2540 3463 hac
2600 3407 2716 3462 vita
2764 3409 2882 3464 ﬁeri
2917 3418 3125 3480 potest,
3176 3424 3299 3480 quae
3344 3410 3561 3466 scilicet

1979 3500 2154 3556 solum
2211 3516 2401 3572 pacem
2445 3508 2697 3573 spectet,
2767 3501 3019 3573 nihilque
3053 3501 3381 3573 delinquat,
3438 3518 3562 3574 qua:

1975 3592 2256 3648 Christum
2302 3594 2393 3650 Dei
2436 3609 2628 3665 pacem
2687 3594 2967 3665 respiciat,
2994 3608 3319 3666 semperque
3347 3594 3560 3651 fructus

1975 3685 2120 3742 ferat
2154 3702 2169 3751 ;
2210 3701 2374 3740 nemo
2416 3688 2565 3742 enim
2612 3703 2785 3759 purus
2828 3695 2913 3743 est
2948 3702 2977 3741 a
3006 3686 3288 3755 sordibus,
3345 3703 3376 3743 a
3409 3690 3561 3759 cogi-

1978 3779 2278 3835 tationibus
2338 3780 2576 3847 alienis;
2651 3781 2838 3851 itaque
2896 3795 3114 3851 semper
3175 3779 3463 3838 Jebusaeus
3507 3792 3562 3837 et

1974 3867 2321 3923 Chananzeus
2344 3868 2399 3923 in
2428 3867 2753 3937 {Jerusalem
2804 3867 3104 3924 invenitur.
3162 3867 3424 3937 Quamvis
3475 3871 3560 3924 di-

1973 3959 2100 4013 vina
2135 3974 2258 4031 ope,
2298 3960 2391 4031 qui
2427 3960 2580 4016 solus
2638 3968 2840 4032 potest,
2891 3960 3205 4031 implorata,
3241 3970 3302 4017 ut
3327 3961 3560 4032 ejiciau-

1977 4065 2066 4108 tur
2107 4053 2556 4109 contendendum
2588 4061 2695 4109 est.

2043 4145 2216 4202 Porro
2242 4146 2406 4203 tertio
2428 4146 2803 4203 Chananmum
2824 4163 2953 4203 cum
2981 4147 3105 4204 ﬁliis
3122 4147 3293 4204 lsrael
3328 4163 3449 4206 esse
3470 4164 3557 4205 re-

1971 4239 2128 4308 petit,
2160 4252 2225 4293 ac
2262 4254 2368 4293 non
2392 4238 2597 4293 nudam
2641 4239 3041 4307 narrationem,
3080 4256 3273 4295 verum
3343 4252 3547 4314 myste-

1971 4331 2051 4384 ria
2109 4330 2359 4401 quaedam
2397 4331 2677 4403 proponit.
2709 4331 2894 4388 Semel
2954 4335 3101 4388 enim
3169 4334 3384 4389 dictum
3409 4344 3500 4391 est
3535 4353 3550 4391 :

1972 4441 1991 4473 ι
2020 4422 2140 4479 Non
2187 4424 2428 4495 perdidit
2485 4423 2747 4495 Ephraim
2812 4425 3271 4491 Chananaeum,»
3332 4434 3387 4481 et
3432 4440 3554 4497 qua:

1967 4516 2245 4588 deinceps.
2281 4516 2398 4572 Huc
2430 4533 2648 4588 usque:
2683 4535 2700 4568 ι
2730 4516 2795 4571 Ει
2852 4515 3004 4572 dedit
3048 4531 3170 4571 eam
3218 4514 3435 4571 Pharao
3493 4518 3550 4569 in

1968 4609 2149 4665 dotem
2185 4610 2310 4665 ﬁlim
2332 4626 2445 4665 suae
2478 4610 2544 4663 ³⁸.
2590 4630 2609 4663 ι
2642 4607 2899 4665 Secundo
2950 4623 3083 4663 vero
3115 4624 3130 4662 :
3182 4606 3412 4663 Factum
3467 4621 3551 4663 est

1968 4718 2095 4757 cum
2127 4703 2492 4757 invaluissent
2520 4701 2616 4755 ﬁlii
2658 4699 2850 4764 israel,
2916 4708 2970 4755 et
2997 4699 3283 4754 Efecerunt
3330 4698 3550 4753 Chana-

266 4805 365 4853 ους
390 4788 673 4858 ὑπηκόους
702 4804 718 4818 ’
754 4790 816 4842 τὸ
838 4789 1046 4859 τρίτον,
1085 4790 1175 4843 ὅτε
1204 4789 1495 4860 ζητοῦντες
1523 4793 1573 4845 οἱ
1615 4792 1860 4864 Ἐφραῒμ

1974 4808 2116 4849 meos
2143 4792 2415 4849 subditos.
2447 4790 2639 4846 Tertio
2693 4790 2952 4861 denique,
2984 4789 3206 4861 quando
3244 4788 3547 4860 Ephraimi-

264 4881 424 4952 παρὰ
472 4879 650 4951 Ἰησοῦ
677 4879 851 4951 μείζω
885 4882 1107 4953 κλῆρον,
1145 4882 1460 4938 κελεύονται
1484 4882 1864 4956 ὲξολοθρεῦσαι

264 4972 361 5026 τὸν
380 4973 714 5039 Καναναῖον,
734 4974 811 5037 ὡς
834 4973 901 5027 ἂν
926 4974 1007 5039 εις
1029 4975 1123 5027 τὸν
1152 4975 1356 5046 δρυμὸν
1369 4976 1705 5045 ἀνελθόντες,
1737 4980 1863 5032 ἑαυ-

260 5067 381 5129 τοῖς
411 5064 781 5137 εὑτριπὶσωσι
806 5066 993 5120 τόπον.
1016 5066 1231 5122 Οὑκοῦν
1260 5068 1479 5138 πρῶτον
1505 5071 1534 5123 ὁ
1560 5071 1865 5135 Χαναναῖος

264 5154 391 5229 μεθ’
422 5158 582 5228 ἡμῶν
606 5160 779 5223 ἐστιν,
806 5160 960 5214 οὐδὲν
983 5160 1108 5214 καθ’
1138 5162 1294 5231 ήμῶν
1322 5161 1576 5217 τοσοῦτον
1625 5163 1858 5235 δυνάμε-

260 5269 355 5315 νος
380 5268 395 5283 ·
428 5252 709 5324 ὑπόφορος
744 5254 843 5322 μὲν
867 5253 964 5318 ὢν,
1000 5255 1098 5325 οὑχ
1127 5255 1370 5326 ὑπήκοος
1390 5256 1470 5320 δὲ,
1495 5257 1616 5310 οὑδὲ
1644 5257 1852 5322 δοῦλος.

258 5345 454 5399 Ταῦτα
482 5346 592 5414 γὰρ
618 5346 678 5398 τὸ
700 5346 955 5413 δεύτερον
986 5347 1219 5415 γίνεται.
1274 5348 1443 5401 Ὅταν
1478 5350 1583 5420 γὰρ
1628 5350 1698 5403 τὰ
1750 5367 1855 5403 σω-

261 5437 479 5506 ματικὰ
542 5438 922 5509 ὑποτάσσηται
954 5441 1021 5510 τῇ
1049 5438 1219 5510 ψυχῇ,
1252 5440 1312 5492 οὑ
1342 5440 1502 5510 μόνον
1563 5440 1679 5493 ἐστὶ
1732 5442 1855 5512 μεθ’

258 5525 448 5596 ἡμῶν,
480 5525 620 5580 ἀλλὰ
656 5526 753 5580 καὶ
779 5526 985 5591 δοῦλος.
1017 5528 1092 5583 Τὸ
1115 5526 1174 5581 δὲ
1202 5528 1387 5599 τρίτον
1417 5530 1513 5583 ἐὰν
1542 5529 1847 5583 τελειωθῶ-

330 5703 379 5736 ⁸²
427 5700 639 5762 llabac.
697 5720 782 5768 tu,
813 5703 867 5758 5.

590 5800 860 5860 ΡΑΤιωι..
909 5801 1027 5859 Gn.
1062 5800 1432 5863 LXXXVII.

1960 4896 2030 4942 tae
2066 4885 2287 4943 aJosue
2339 4886 2605 4956 majorem
2661 4893 2866 4941 sortem
2928 4890 3143 4955 petunt,
3195 4898 3259 4938 ac
3330 4882 3546 4937 Chana-

1962 4994 2139 5035 naeum
2176 4977 2501 5034 exscindere
2526 4977 2824 5048 juhentur,
2849 4986 2909 5030 ut
2933 4976 3020 5031 uhi
3054 4976 3108 5030 in
3139 4976 3332 5030 silvam
3356 4989 3545 5030 ascen-

1963 5070 2145 5125 derint
2183 5070 2363 5125 locum
2421 5069 2531 5125 sibi
2578 5068 2716 5139 ipsis
2782 5077 2998 5138 parent.
3054 5066 3299 5122 Primum
3358 5067 3545 5136 itaque

1960 5161 2302 5217 Chananzeus
2363 5162 2651 5218 nobiseum
2705 5172 2812 5228 est,
2867 5177 2937 5218 ne
2988 5159 3263 5215 tantillum
3318 5157 3543 5228 quidem

1961 5266 2157 5312 contra
2202 5272 2305 5314 nos
2366 5268 2587 5329 potens,
2635 5274 2700 5315 ac
2735 5258 3027 5329 vectigalis
3049 5255 3269 5328 quidem
3310 5263 3544 5319 est,nec

1961 5366 2155 5407 servus
2206 5361 2413 5417 tamen,
2450 5361 2546 5407 aut
2588 5351 2862 5408 subditus.
2894 5350 2972 5405 Eo
3020 5350 3167 5406 enim
3194 5345 3437 5404 secundo
3456 5344 3544 5401 de.

1963 5457 2112 5497 mum
2151 5458 2243 5499 res
2290 5443 2456 5499 redit.
2496 5443 2633 5499 Cum
2670 5443 2818 5499 enim
2858 5456 3063 5513 corpus
3090 5440 3286 5495 anima
3317 5437 3544 5508 subjun-

1959 5541 2111 5588 ctum
2138 5533 2323 5603 fuerit,
2357 5549 2466 5591 non
2493 5535 2673 5592 solum
2699 5534 2989 5592 nobiscum
3011 5541 3115 5598 est,
3140 5543 3329 5586 verum
3346 5541 3539 5585 servus

972 5705 1015 5735 ³³
1056 5701 1192 5759 Gen.
1225 5720 1339 5769 xix,
1380 5704 1469 5759 58.
1550 5706 1594 5738 3*
1623 5704 1793 5763 Josue
1824 5724 1959 5777 xvu,
2006 5706 2092 5763 12.

3054 5807 3133 5867 33
