4058 6510
610 238 744 303 1035
1896 240 2175 303 PROCOP

2285 242 2529 303 ΟΑΖᾸΞΙ
3700 244 3818 310 ιοειι

610 360 823 406 noster.
877 347 1065 403 Tertio
1090 362 1219 404 vero
1250 348 1342 404 ubi
1380 346 1443 401 ad
1482 346 1875 418 perfectionem
1921 350 2174 422 attigeri-

2284 370 2405 421 μεν,
2444 351 2664 415 τελείως
2696 350 3236 422 ὲξολοθρευθήσεται,
3272 350 3374 404 τῶν
3399 351 3489 404 ἐπὶ
3534 351 3631 421 γῆς
3668 354 3820 422 μελῶν

610 460 755 511 nius,
780 441 1021 513 perfecte
1044 440 1261 495 demum
1288 441 1664 506 exscindetur,
1705 441 2060 512 membraque
2088 451 2175 497 ter.

2293 443 2852 515 νεκρουμένωνΜύτω
2879 442 3207 513 προκόπτειν
3235 437 3410 495 οἶδενὸ
3426 442 3819 513 κατηχούμενος,

606 551 739 593 rena
762 534 1091 590 moriuntur.
1142 531 1221 584 Ita
1286 530 1714 587 catechumenus
1764 539 2042 601 assumpta
2098 546 2175 586 ra-

2290 536 2382 589 τὸν
2414 535 2755 607 Ἰσραηλίτην
2784 534 2941 603 λόγον
2971 534 3171 589 λαϐών·
3227 535 3364 587 οἰκεῖ
3406 535 3514 604 γὰρ
3573 534 3701 604 μετὰ
3744 536 3822 590 τοῦ

607 628 759 682 tione
800 624 1106 681 Israelitica
1165 622 1319 678 novit
1377 622 1697 693 procedere.
1756 621 1977 677 Habitat
2023 621 2175 694 494

2291 624 2624 690 Χαναναίου,
2658 625 3055 696 στασιαζούσης
3086 624 3252 679 αὐτοῦ
3308 625 3405 693 τῆς
3461 627 3677 695 σαρκὸς,
3725 623 3825 681 εἶτα

605 720 753 775 enim
781 731 903 771 cum
957 714 1271 769 Chananan
1306 728 1474 769 carne
1513 727 1612 769 sua
1633 728 1821 768 secum
1882 713 2175 769 dissidentt

2290 716 2656 788 νεκρωθείσης
2684 718 2825 771 κατὰ
2883 719 2992 769 πᾶν
3048 716 3228 785 μέλος,
3254 716 3529 785 πορνείαν,
3587 719 3823 788 μοιχείαν,

603 809 867 880 primum.
905 805 1113 860 Deinde
1141 806 1442 868 serviente,
1496 814 1774 874 postremo
1835 819 1958 859 cum
2017 805 2175 859 omni

2288 807 2648 878 ἀκαθαρσίαν.
2673 826 2693 859 ι
2722 806 2977 877 Κατῴκει
3006 807 3086 873 δὲ,
3112 806 3268 877 φησὶ,
3302 808 3418 876 μετ’
3434 808 3634 873 αὐτῶν,
3658 811 3750 872 ἕως
3771 811 3825 864 ἂν

606 898 708 951 bus
731 896 844 952 suis
878 894 1161 958 membris,
1209 895 1569 962 scortatione,
1610 894 1901 960 adulterio,
1957 895 2175 963 impuri-

2288 899 2414 971 ἔλθῃ
2444 899 2642 969 Φαραὼ
2672 898 2928 969 βασιλεὺς
2959 899 3240 967 Αἰγύπτου
3264 915 3276 928 ·
3308 898 3395 951 ὅτε
3455 899 3553 953 καὶ
3612 899 3764 971 Γεζὲρ
3802 904 3825 954 ὀ

603 997 718 1045 tate
763 995 980 1044 necata.
1019 1006 1037 1040 ι
1073 987 1353 1041 llahitatit
1388 1002 1539 1054 vero,
1606 988 1806 1057 inquit,
1878 1004 2002 1043 cum
2057 990 2175 1051 eis,

2285 992 2453 1055 τόπος
2498 991 2591 1044 τοῦ
2642 990 2951 1045 Χαναναίου
3009 990 3212 1043 δίδοται
3278 989 3448 1061 φερνὴ
3497 993 3564 1060 τῇ
3625 991 3825 1062 θυγατρὶ

597 1086 780 1139 donec
847 1079 1097 1137 ascendit
1148 1079 1363 1134 Pharao
1422 1095 1516 1133 rex
1569 1078 1834 1150 Egypti.
1878 1097 1896 1132 ι
1953 1077 2183 1146 Quando

600 1176 765 1232 etiam
794 1174 970 1229 Gazer
1009 1173 1164 1227 locus
1186 1171 1478 1227 Chananaai
1521 1172 1643 1227 ﬁliae
1671 1172 1979 1228 Pharaonis
2010 1174 2063 1227 in
2083 1175 2181 1228 do-

602 1276 711 1321 tem
766 1263 925 1319 datus
955 1261 1255 1319 est.Porro
1293 1261 1465 1317 Gazer
1503 1261 1850 1332 interpretari
1885 1262 2035 1327 licet,
2058 1280 2181 1317 con-

600 1352 787 1407 tentio.
840 1350 975 1406 Cum
1008 1351 1153 1406 enim
1186 1350 1343 1405 unita
1406 1351 1808 1420 quodammodo
1850 1360 1905 1407 et
1960 1361 2178 1407 extenta

601 1458 734 1499 caro
769 1458 893 1498 cum
926 1442 1123 1514 spiritu
1158 1443 1213 1497 in
1271 1442 1432 1498 nobis
1477 1442 1662 1508 fuerit,
1736 1458 1844 1497 una
1894 1442 1950 1497 in
2006 1444 2181 1498 Gazer

601 1550 817 1592 sumus.
858 1533 1334 1590 UbiChananteus
1398 1543 1450 1590 et
1500 1534 1645 1589 ﬁlius
1699 1533 1984 1604 Ephraim,
2051 1535 2174 1589 fru-

601 1635 853 1683 ctuosus.
912 1625 1061 1683 Talis
1132 1642 1262 1682 vero
1316 1626 1692 1682 benedictusa
1751 1628 1985 1682 Domino
2046 1644 2178 1698 quu-

2284 1083 2504 1154 Φαραώ.
2537 1081 2715 1151 Γαζὲρ
2743 1081 2821 1146 δὲ,
2845 1081 3118 1148 διάτασίς
3138 1083 3523 1152 ἑρμηνεύεται.
3557 1083 3717 1135 Ἐπαν
3737 1086 3826 1154 γὰρ

2284 1174 2448 1229 οἱονεὶ
2477 1175 2731 1246 ἡνωμένη
2754 1175 2848 1228 καὶ⁵
2869 1174 3231 1244 διατεταμένη
3245 1172 3382 1243 σὰρξ
3408 1173 3549 1242 μετὰ
3570 1173 3662 1226 τοῦ
3688 1176 3826 1227 mati-

2287 1284 2457 1337 ματος
2490 1268 2548 1319 ὲν
2573 1268 2707 1337 ἡμῖν
2735 1262 2792 1339 ᾖ,
2826 1264 2961 1335 ὁμοῦ
2988 1267 3155 1335 ἐσμεν
3194 1265 3253 1318 ἒν
3286 1268 3351 1335 τῇ
3386 1265 3584 1336 Γαζὲρ,
3610 1266 3639 1318 ὅ
3665 1283 3719 1318 τε
3742 1268 3827 1320 Χα-

2285 1361 2501 1422 ναναῖος
2533 1358 2628 1411 καὶ
2657 1359 2685 1411 ὁ
2714 1358 2828 1421 υἱὸς
2860 1356 3103 1428 Ἐφραῒμ
3152 1358 3181 1411 ὁ
3240 1357 3624 1428 καρποφορῶν.
3686 1358 3737 1411 Ὁ
3780 1360 3829 1413 δὲ

2282 1449 2520 1513 τοιοῦτος
2551 1450 2643 1501 καὶ
2667 1450 2744 1512 ὼς
2777 1449 3150 1520 ηύλογημένος
3186 1449 3292 1501 ὑπὸ
3354 1449 3561 1518 Κυρίου
3613 1448 3828 1519 μείζονος

2282 1540 2655 1603 ἐπιδικάζεται
2708 1539 2932 1611 κλήρου,
2982 1539 3077 1593 καὶ
3136 1538 3338 1609 δρυμὸν
3386 1538 3568 1591 λαϐὼν
3593 1539 3830 1610 ἀκάρπων

2280 1631 2535 1703 δένδρων,
2560 1630 2674 1685 καὶ.
2715 1668 2730 1685 .
2776 1672 2790 1685 .
2828 1630 3029 1703 χωρίον
3062 1630 3165 1683 ὑπὸ
3213 1629 3413 1701 Ἰησοῦ,
3464 1629 3687 1698 ἐκκόψει
3736 1632 3832 1691 τοῖς

481 1724 493 1789 ζ
601 1720 896 1777 dammodo
932 1720 1193 1790 majorem
1219 1719 1346 1789 jure
1373 1728 1574 1774 sortem
1618 1720 1876 1790 appellat,
1930 1721 2175 1789 silvaque

2285 1724 2437 1788 ίδίοις
2454 1723 2722 1794 καμάτοις
2757 1723 2921 1776 αὐτόν
2941 1738 2955 1752 ο
2982 1722 3069 1806 ἕνα
3099 1720 3331 1791 γένηται
3374 1720 3448 1789 γῆ
3482 1718 3829 1789 καρποφόρος,

599 1813 881 1870 sterilibus
913 1810 1209 1866 arboribus
1245 1811 1482 1875 consita,
1519 1810 1751 1881 locoque
1784 1812 1959 1866 sterili
2008 1827 2035 1866 a
2089 1813 2175 1868 Jo-

2281 1817 2718 1888 καθαρισθέντων
2740 1818 2799 1869 ὲν
2823 1813 2971 1885 αὐτῷ
2997 1813 3304 1883 Φερεζαίων
3330 1812 3429 1867 καὶ
3468 1812 3713 1880 Ῥαφαῖν.
3740 1814 3830 1880 Δη-

602 1920 701 1959 sue
734 1910 957 1972 accepto
991 1901 1210 1971 proprio
1245 1900 1429 1955 labore
1457 1916 1579 1953 cum
1644 1908 1820 1965 eruet,
1864 1916 1972 1968 quo
2029 1911 2173 1957 terra

598 2000 886 2053 fructuosa
932 1996 1049 2057 ﬁat,
1079 1992 1467 2063 Pherezaeique
1486 2010 1549 2048 ac
1576 1994 1841 2064 Rephaim
1875 1996 2015 2050 ineo
2043 2010 2172 2065 pur«

596 2097 816 2162 gentur.
855 2087 1138 2159 Signiﬁcat
1169 2101 1297 2142 vero
1336 2085 1614 2141 Pherezazi
1670 2086 2036 2153 fertilitatem,
2064 2102 2173 2157 qua

598 2181 768 2237 Deum
817 2179 999 2235 colere
1030 2177 1381 2248 ineoepimus,
1412 2176 1740 2248 frugemque
1789 2175 2020 2232 ferimus
2078 2178 2177 2231 im-

2279 1910 2364 1965 λοῖ
2380 1910 2437 1964 δὲ
2462 1908 2524 1962 τὸ
2565 1908 2663 1979 μὲν
2690 1905 2996 1976 Φερεζαίοι,
3022 1904 3399 1975 καρποφορίαν
3443 1902 3512 1973 ἣν
3539 1900 3829 1971 ἀρξαμεν...

2281 2003 2460 2056 σέϐειν
2520 1997 2976 2073 καρποφοροῦμεν
3052 1995 3428 2067 καρποφορίαν
3521 1994 3830 2063 ἀκάθαρτον,

2282 2092 2486 2163 ἀναμὶξ
2511 2092 2737 2163 ἔχουσαν
2776 2090 3172 2161 ἁμαρτήματα,
3230 2087 3326 2140 καὶ
3353 2085 3619 2157 δεομένην
3647 2084 3831 2156 καθάρ-

2280 2204 2416 2250 σεως
2453 2185 2547 2237 ’τὸ
2572 2184 2629 2236 δὲ
2672 2182 2919 2252 Ῥαφαῒν,
2975 2180 3265 2250 ἀνειμένας
3302 2180 3541 2250 μήτρας*
3602 2177 3688 2229 ἵνα
3723 2193 3832 2244 aee-

598 2270 883 2336 mundam,
958 2270 1198 2340 peccatis
1282 2267 1625 2338 permistam,
1701 2267 2175 2338 mundationeque

2279 2282 2403 2353 δρὸν
2433 2281 2527 2334 καὶ
2554 2278 2772 2332 εῠτονον
2793 2278 2853 2330 τὸ
2881 2277 2979 2347 τῆς
3010 2275 3191 2351 ψυχῆς.
3232 2269 3712 2343 καταστησώμεθα
3756 2269 3827 2337 τό·

597 2363 954 2431 iudigentem.
985 2360 1251 2431 ltephaim
1292 2374 1440 2423 vero,
1469 2359 1836 2430 quioperitur
1890 2361 2173 2428 matrices,

2281 2391 2458 2445 νιμον.
2491 2372 2674 2425 Ταῦτα
2697 2370 2915 2439 λέγεται
2947 2367 3084 2439 πρὸς
3104 2367 3231 2430 τοὺς
3280 2365 3430 2427 υἱοὺς
3508 2361 3737 2431 Ἰωσὴφ,
3784 2358 3832 2422 ὃς

596 2456 738 2528 quod
791 2453 1118 2509 vocabulum
1156 2461 1213 2506 ut
1255 2452 1489 2507 validam
1523 2466 1587 2505 ac
1642 2452 1929 2507 robustam
1976 2452 2175 2509 anima:

2282 2464 2646 2538 ἑρμηνεύεται
2677 2460 2994 2531 προσθήκη
3022 2460 3264 2528 Κυρίου.

596 2546 1003 2602 constituamus
1065 2542 1321 2610 feturam,
1387 2542 1668 2597 admonet.
1719 2540 1794 2596 Ea
1817 2543 2078 2598 dicuntur
2106 2544 2171 2599 ad

595 2640 737 2695 ﬁlios
751 2635 976 2708 Joseph,
992 2634 1150 2706 cujus
1174 2634 1547 2705 interpretatio
1559 2635 1856 2689 auctarium
1879 2635 1976 2690 Dei
1989 2647 2165 2692 sonat.

666 2734 774 2801 Qui
806 2734 973 2788 etiam
1005 2731 1222 2799 dicunt,
1258 2730 1540 2800 equitatus
1588 2730 1837 2787 delectus
1866 2740 1921 2786 et
1962 2732 2169 2787 ferrutn

598 2826 741 2897 apud
770 2839 986 2880 omnem
1022 2822 1420 2887 Chanauaeum,
1474 2822 1757 2893 equitatus
1791 2821 1960 2876 fallax
1991 2824 2058 2879 ad
2080 2838 2172 2879 sa-

2345 2733 2542 2795 Ἵππος
2573 2729 2825 2795 ἐκλεκτὸς
2862 2729 2958 2783 καὶ
3004 2728 3223 2799 σίδηρος
3253 2727 3309 2780 ὲν
3350 2729 3520 2779 ’παντί⁸
3543 2721 3826 2791 Χαναναίῳ.

2276 2824 2469 2889 Ἵππος
2497 2824 2696 2895 ψευδὴς
2721 2825 2797 2886 είς
2833 2821 3125 2891 σωτηρίαν,
3161 2820 3218 2882 ὃς
3262 2820 3319 2871 ὲν
3372 2816 3593 2888 Ἰσραὴλ
3640 2816 3731 2886 οὐχ
3757 2814 3830 2866 εύο

600 2920 794 2973 tutem.
850 2914 1041 2981 Qualis
1072 2928 1206 2969 sane
1267 2912 1322 2968 in
1380 2912 1548 2969 Israel
1578 2928 1686 2968 non
1715 2914 2021 2981 invenitur,
2072 2931 2173 2971 nec

2281 2918 2547 2987 ρίσκεται,
2578 2917 2673 2970 καὶ
2709 2915 2925 2985 σίδηρος
2957 2910 3270 2983 πολεμικός.

600 3023 750 3064 arma
781 3020 1016 3077 quoque.

669 3098 751 3153 Ad
782 3111 919 3168 quos
951 3094 1097 3151 haud
1129 3094 1312 3165 inepte
1328 3092 1534 3150 dictum
1561 3104 1666 3162 est,
1688 3096 1919 3162 Quando
1949 3096 2168 3152 Chana-

596 3208 778 3250 nreum
808 3189 1224 3260 exstirpaveris.
1271 3188 1404 3243 Nam
1437 3189 1485 3259 si
1535 3189 1826 3254 manserit,
1861 3188 2164 3245 lsraelitam

2344 3093 2535 3157 Καλῶς
2559 3092 2771 3163 εἴρηται
2791 3090 2873 3155 τὸ,
2890 3091 2998 3144 Καὶ
3018 3089 3144 3142 ὅταν
3166 3086 3344 3152 ὲξολοθ
3354 3085 3558 3158 ρεύσῃς
3574 3085 3661 3137 τὸν
3678 3084 3831 3138 Χανα-

2274 3186 2441 3239 ναῖον.
2470 3185 2663 3238 Μένων
2685 3185 2814 3254 γὰρ,
2846 3184 2941 3236 καὶ
2967 3182 3059 3234 τὸν
3084 3181 3139 3234 ὲν
3156 3181 3287 3250 ἡμῖν
3318 3178 3664 3249 Ἰσραηλίτην
3686 3177 3833 3245 σπέρ-

602 3285 696 3356 qui
751 3283 893 3338 inter
922 3296 1023 3335 nos
1061 3287 1146 3335 est
1170 3294 1238 3335 ex
1262 3280 1472 3335 semine
1499 3277 1638 3333 Juda
1666 3280 1722 3334 in
1756 3280 2172 3337 Chananaicum

2280 3295 2356 3345 μα
2385 3275 2605 3329 Χαναὰν
2634 3276 2728 3327 καὶ
2748 3273 2849 3327 οὐκ
2897 3272 3067 3326 Ἰούδα
3123 3273 3283 3323 ποιεῖ.
3344 3269 3484 3340 Πρὸς
3529 3268 3588 3321 ὃν
3628 3267 3725 3336 ἔφη
3763 3265 3829 3331 τὸ,

601 3371 876 3428 traducet.
916 3368 1000 3424 Ad
1031 3382 1193 3439 quem
1226 3366 1426 3438 inquit,
1486 3365 1685 3423 Forma
1713 3378 1765 3424 te
1794 3369 2028 3440 decepit.
2061 3368 2181 3424 Ca:-

602 3474 781 3520 terum
843 3467 1021 3517 cesset
1073 3460 1199 3526 hoc,
1228 3474 1292 3515 ac
1318 3459 1492 3515 simus
1535 3459 1631 3515 ﬁlii
1670 3462 1901 3517 formam
1934 3463 2173 3518 Abrahae

596 3564 659 3612 et
700 3562 915 3626 patrum
968 3550 1291 3618 electorum,
1343 3564 1510 3620 super
1562 3566 1756 3608 omnes
1790 3569 1918 3608 vero
1966 3553 2175 3610 Christi

603 3655 880 3717 gerentes.

675 3735 1008 3805 Cougregata
1038 3740 1117 3787 est
1136 3733 1382 3788 universa
1438 3734 1621 3788 concio
1649 3732 1828 3789 Israel
1852 3736 1907 3791 in
1933 3735 2073 3800 Silo,
2125 3750 2178 3794 et

600 3841 725 3898 quae
763 3826 1043 3895 deinceps.
1064 3824 1196 3881 Sors
1223 3824 1294 3880 de
1329 3839 1435 3896 qua
1467 3825 1523 3880 in
1565 3825 1870 3896 Scriptura,
1900 3843 2009 3883 non
2064 3827 2179 3884 for-

604 3920 749 3975 tuita
780 3926 865 3974 est
891 3919 1085 3988 quales
1118 3917 1281 3988 vulgo
1317 3926 1473 3986 sunt,
1506 3918 1677 3975 veluti
1710 3933 1834 3976 cum
1859 3920 2015 3987 dicit,
2042 3920 2178 3978 Sor-

601 4022 716 4069 tem
778 4010 898 4075 Dei,
951 4019 1007 4065 et
1055 4016 1260 4066 sortem
1291 4009 1634 4081 depulsionis
1661 4010 1956 4067 malorum.
1989 4010 2121 4068 Item
2155 4031 2168 4067 :

607 4104 787 4159 Moses
818 4101 1064 4159 sortibus
1098 4108 1301 4155 terram
1333 4101 1416 4155 eis
1496 4099 1818 4165 Jordanem,
1851 4099 2023 4157 Jusue
2076 4119 2177 4158 au-

607 4205 716 4253 tem
741 4204 895 4249 trans
926 4206 1053 4248 eum
1084 4190 1393 4247 distribuit.
1441 4190 1546 4257 Qui
1582 4190 1713 4247 item
1739 4189 1815 4243 ait
1854 4207 1868 4245 :
1906 4210 1925 4244 ι
1964 4191 2175 4247 Mittam

606 4295 843 4352 sortem;
887 4304 907 4338 ι
938 4284 1066 4339 item
1102 4299 1117 4337 :
1155 4301 1174 4335 ε
1236 4281 1523 4338 Proferam
1582 4290 1788 4339 sortem
1821 4298 2007 4339 coram
2072 4283 2175 4339 Do-

579 4381 776 4436 :mino.
818 4397 836 4429 ι
871 4375 993 4432 Non
1056 4374 1286 4431 fortuito
1324 4376 1509 4446 itaque
1541 4375 1674 4429 illud
1718 4375 1938 4433 cecidit.
1973 4375 2177 4434 Tribus

604 4473 752 4529 enim
804 4467 1093 4539 Beniamin
1124 4467 1303 4538 primo
1357 4468 1593 4523 sortitur
1619 4482 1738 4523 eam
1773 4476 1989 4540 partem
2051 4482 2178 4539 qua}

604 4561 925 4618 continebat
955 4557 1290 4625 Jerusalem,
1323 4568 1379 4613 et
1407 4558 1673 4630 deinceps
1722 4560 1969 4630 reliquae.
2026 4561 2176 4616 Inter

603 4671 744 4729 quas
772 4665 883 4711 tres
898 4669 965 4710 ex
997 4653 1215 4709 ancillis
1238 4651 1410 4709 Jacob
1451 4654 1615 4709 editae
1653 4662 1961 4725 postremas
1990 4665 2175 4728 partes

604 4746 913 4804 sortitionis
941 4746 1210 4801 obtinent.
1239 4743 1387 4799 Inter
1403 4744 1538 4801 alias
1577 4763 1707 4803 vero
1741 4764 1807 4803 ex
1831 4747 2022 4804 liberis
2040 4764 2176 4805 uxo-

605 4836 761 4892 ribus
780 4845 932 4891 ortas
963 4834 1079 4889 Dan
1129 4835 1327 4889 ultimo
1356 4848 1694 4891 recensetur.
1730 4837 1821 4891 Ait
1847 4854 1978 4893 vero
2016 4838 2173 4896 Salo-

605 4941 733 4981 mon
764 4925 820 4979 in
888 4922 1226 4990 Proverbiis,
1283 4924 1706 4981 Contentionem
1761 4927 1909 4982 sistit
1954 4944 2076 4985 sors
2106 4930 2170 4984 ³⁸.

607 5014 710 5081 Qui
765 5029 863 5068 nec
903 5014 957 5067 in
1015 5014 1508 5082 principibuslites
1565 5030 1687 5071 csse
1730 5024 1879 5072 sorte
1910 5028 2177 5087 praesente

608 5105 763 5160 dicit.
819 5102 992 5159 Porro
1015 5104 1221 5158 ethnici
1260 5118 1486 5173 quoque
1534 5114 1739 5169 sortes,
1772 5106 1867 5161 sed
1892 5123 2000 5163 non
2059 5110 2177 5179 pari

607 5198 793 5260 modo,
878 5204 1170 5265 usurpant,
1236 5196 1702 5263 quemadmodum
1769 5209 1949 5253 nautae
2011 5215 2176 5270 super

602 5283 767 5340 Jona.
823 5283 884 5338 In
949 5282 1100 5339 Novo
1152 5283 1379 5353 insuper
1435 5282 1792 5341 Testamento
1818 5288 1863 5319 ³⁸
1899 5288 2176 5357 apostolos

606 5389 827 5445 quoque
850 5373 1098 5429 invenies
1146 5375 1390 5431 sortibus
1424 5374 1683 5431 Mathiam
1716 5378 1769 5432 in
1796 5376 1951 5433 Judze
1988 5378 2171 5433 locum

594 5478 941 5531 creasse,.ac
974 5463 1233 5535 precibus
1282 5479 1447 5536 super
1480 5464 1659 5535 ipsum
1708 5466 2023 5523 devolutam
2050 5482 2172 5524 sor-

676 5638 723 5670 ”
740 5636 909 5695 Prov.
946 5653 1101 5705 xvut,
1126 5639 1177 5693 3.
1250 5639 1427 5694 "Act.
1457 5656 1495 5708 ι,
1517 5637 1605 5695 26.

2278 3366 2477 3430 Καλῶς
2513 3365 2826 3436 ὲξηπάτησέ
2875 3382 2957 3418 σε.
3011 3363 3256 3416 Ἀπέστω
3310 3361 3367 3414 δὲ
3432 3360 3729 3425 τοῦτο,καὶ
3755 3377 3832 3426 γε·

2277 3455 2506 3525 νοίμεθα
2563 3455 2728 3510 τέκνα
2804 3453 3210 3524 μεμορφωμένα
3296 3452 3553 3521 Ἀϐραάμ
3625 3467 3685 3503 τε
3756 3449 3850 3502 xei

2278 3546 2535 3620 πατέρων
2565 3547 2674 3601 τῶν
2722 3545 3016 3611 ἐκλεκτῶν,
3064 3545 3201 3617 ὑπὲρ
3256 3545 3464 3607 πάντας
3503 3543 3567 3597 δὲ
3598 3541 3690 3596 τοῦ
3720 3542 3832 3612 Χρι-

2279 3657 2427 3693 στου.

2346 3731 2452 3786 Kal
2469 3729 2885 3800 ἐκκλησιάσθη
2898 3728 3065 3786 πᾶσα
3085 3728 3407 3799 συναγωγὴ
3432 3727 3583 3783 υἱῶν
3609 3726 3795 3795 Ἰσροή
3806 3729 3831 3777 ι

2274 3819 2358 3883 εἷς
2390 3816 2582 3883 Σηλώ.
2619 3817 2731 3886 Οὐχ
2757 3816 2831 3878 ὠς
2861 3816 2918 3866 ὲν
2944 3816 3009 3885 τῇ
3047 3813 3305 3884 συνηθείᾳ
3336 3813 3656 3883 συντυχικὸς
3677 3809 3831 3878 όκλῆ-

2280 3924 2392 3977 ρος,
2415 3905 2588 3969 οὕτως
2621 3906 2679 3959 ὲν
2736 3906 2803 3975 τῇ
2870 3904 3084 3973 Γραφῇ,
3128 3902 3215 3955 ὅτε
3258 3900 3407 3969 λέγει
3459 3900 3666 3969 κλῆρον
3690 3896 3827 3959 Θεοῦ,

2275 3998 2371 4052 καὶ
2429 3996 2630 4069 κλῆρον
2684 3996 3099 4067 άποπομπαίου.
3165 3994 3274 4046 Καὶ
3332 3993 3577 4062 Μωῦτῆς
3608 3990 3663 4045 δὲ
3708 3988 3827 4042 κατὰ

2276 4090 2513 4162 κλήρους
2542 4089 2641 4161 τὴν
2670 4089 2776 4161 πρὸ
2818 4087 3081 4159 Ἰορδάνου
3106 4085 3231 4155 γῆν,
3249 4086 3341 4138 καὶ
3374 4084 3579 4154 Ἰησοῦς
3596 4085 3689 4153 τὴν
3711 4083 3828 4153 μετὰ

2275 4182 2463 4236 τοῦτον
2489 4182 2775 4251 διένειμεν.
2810 4181 2907 4244 Ὃς
2962 4179 3057 4232 καί
3096 4193 3251 4247 φησι,
3304 4194 3321 4227 ι
3360 4175 3518 4228 Βαλῶ
3568 4174 3773 4243 κλῆρον.
3807 4191 3822 4223 ι

2278 4274 2409 4340 Καὶ,
2443 4292 2461 4327 ‹
2497 4272 2725 4340 Ἐξοίσω
2744 4270 2976 4324 ἐνώπιον
3016 4269 3222 4340 Κυρίου
3254 4269 3349 4322 τὸν
3395 4268 3614 4336 κλῆρον.
3654 4285 3671 4316 ι
3703 4264 3826 4317 Οὐκ-

2275 4367 2370 4421 οῦν
2408 4366 2468 4419 οὐ
2488 4363 2849 4435 συντυχικῶς,
2880 4361 3155 4433 Λαγχάνει
3196 4360 3305 4429 γὰρ
3338 4360 3371 4428 ἡ
3406 4358 3547 4428 φυλὴ
3596 4356 3826 4425 Βενιαμὶν

2278 4458 2470 4529 πρώτη
2514 4458 2650 4510 ὅπου
2674 4451 2743 4527 ἦν
2787 4453 3165 4525 Ἰερουσαλὴμ,
3207 4452 3300 4505 καὶ
3331 4450 3531 4520 ἐφεξῆς
3562 4449 3615 4502 αξ
3642 4446 3823 4500 λοιπαί.

2290 4549 2379 4603 Ἑν
2405 4544 2493 4611 αἷς
2517 4548 2573 4601 αἱ
2620 4549 2769 4618 τρεῖς
2797 4546 2906 4599 τῶν
2955 4541 3257 4598 παιδισκῶν
3311 4541 3403 4594 τοῦ
3444 4539 3641 4593 Ἰακὼϐ
3668 4538 3825 4592 τελευ-

2281 4642 2430 4695 ταῖαι
2462 4638 2813 4709 λαγχάνουσι.
2864 4636 2975 4690 Καὶ
3026 4635 3084 4688 ἐν
3112 4633 3292 4696 ἄλλοις
3323 4632 3380 4685 δὲ
3411 4630 3518 4684 Δὰν
3545 4629 3825 4689 τελευταῖος

2280 4733 2613 4804 εὑρίσκεται.
2650 4730 2761 4785 Καὶ
2782 4730 2810 4782 ὁ
2842 4726 3092 4798 Σολομὼν
3122 4725 3179 4778 δέ
3198 4740 3361 4794 φησιν
3387 4724 3444 4776 ὲν
3482 4720 3819 4795 Παροιμίαις·

2293 4822 2625 4892 Ἀντιλογίας
2651 4820 2814 4874 παύει
2849 4818 3051 4888 κλῆρος
3072 4833 3086 4847 ·
3120 4816 3239 4870 οὐδὲ
3273 4816 3332 4869 ὲν
3383 4813 3669 4875 δυνάσταις
3702 4812 3823 4864 ἀντι·

2278 4916 2466 4985 λογίαν
2496 4908 2637 4967 εἷναί
2675 4928 2828 4983 φησι,
2852 4909 3119 4980 παρόντος
3161 4907 3386 4979 κλήρου.
3424 4906 3536 4959 Καὶ
3554 4903 3748 4958 ἐθνικοὶ
3774 4900 3819 4953 δὲ

2280 5007 2517 5078 χρῶνται
2545 5005 2788 5075 κλήροις,
2816 5002 2929 5057 ἀλλ’
2966 5001 3066 5071 οὐχ
3093 5000 3315 5070 ὁμοίως,
3347 4998 3422 5060 ὡς
3452 4999 3543 5051 ἐπὶ
3569 4996 3660 5050 τοῦ
3693 4993 3821 5046 Ἰωνᾶ

2279 5102 2328 5152 oi
2361 5097 2743 5168 συμπλέοντες.
2770 5095 2880 5150 Καὶ
2910 5096 2967 5146 έν
2993 5095 3059 5163 τῇ
3078 5093 3255 5161 Καινῇ
3277 5090 3331 5143 δὲ
3358 5090 3485 5154 τοὺς
3517 5086 3819 5145 ἀποστόλους

2278 5192 2552 5262 εὑρήσεις,
2584 5189 2810 5261 κλήροις
2839 5188 2957 5241 ἀντὶ
2994 5186 3163 5240 Ἰούδα
3213 5186 3304 5237 τὸν
3332 5183 3581 5238 Ματθίαν
3606 5178 3819 5252 προϐάλ-

2277 5283 2487 5344 λοντας,
2507 5281 2606 5349 τῆς
2634 5280 2801 5350 εὐχῆς
2822 5278 2916 5331 ἐπὶ
2931 5276 3122 5329 τοῦτον
3143 5272 3477 5343 ἐνεγκούσης
3509 5273 3596 5324 τὸν
3620 5270 3814 5338 κλῆρον.

2277 5374 2548 5447 Εὑρήσεις
2571 5373 2625 5427 δὲ
2654 5372 2840 5426 τοῦτον
2870 5370 2963 5424 κα)⁸
2988 5368 3081 5422 ἐπὶ
3098 5365 3334 5438 Χριστοῦ
3359 5364 3643 5434 φθάνοντα,
3661 5360 3746 5412 καὶ
3762 5356 3816 5447 τά

2279 5444 2377 5537 τῆς
2418 5444 2744 5537 Ἕκκλησίας
2775 5463 2870 5517 ἐπὶ
2892 5460 3000 5515 τῶν
3031 5457 3353 5528 σωζομένων
3404 5455 3690 5526 μυστήρια.
3732 5444 3817 5500 At»
