4058 6524
260 272 395 340 103³1
1389 260 1854 333 ΟΟΜΜΕΝΤἈΡ

1976 271 2056 331 ΙΝ
2102 271 2366 333 JOSUE.
3380 274 3516 340 1038

256 380 413 433 γεται
438 362 547 435 γὰρ
563 362 698 433 πρὸς
740 360 1013 429 Ἐφεσίους
1040 359 1170 430 περ),
1198 359 1433 431 Χριστοῦ
1460 375 1472 388 σ
1516 378 1534 410 ι
1558 360 1647 413 Ἐν
1674 353 1719 428 ᾧ
1743 357 1842 411 καὶ

1959 372 2054 412 μειιι
2085 374 2229 414 csse.
2263 358 2514 416 Invenies
2544 374 2710 431 porro
2737 361 2874 415 hanc
2910 375 3075 431 super
3113 361 3394 418 Christum
3426 383 3515 420 ve-

255 454 678 524 ἐκληρώθημεν,
728 451 1148 522 προορισθέντες
1186 450 1328 504 κατὰ
1370 452 1629 522 πρόθεσιν
1658 451 1753 504 τοῦ
1774 448 1847 503 ’τὰ

1959 448 2117 514 uisse,
2174 458 2229 502 et
2290 450 2555 507 Ecclesiae
2611 455 2873 523 mysteria
2935 469 3104 524 super
3155 470 3251 510 eos
3278 457 3373 524 qui
3402 471 3519 510 ser-

256 548 439 602 πάντα
468 545 823 614 ἐνεργοῦντος
846 544 989 597 κατὰ
1020 542 1121 614 τὴν
1158 542 1416 615 βούλησιν
1450 544 1545 597 τοῦ
1575 544 1847 613 ὀνόματος

1959 551 2163 596 rantur.
2194 542 2272 597 Ad
2305 544 2568 612 Ephesios
2595 548 2736 599 enim
2761 546 2827 601 de
2858 547 3077 602 Christo
3103 550 3303 603 dicitur
3333 566 3345 601 :
3372 568 3390 600 ι
3416 549 3522 605 Per

253 639 425 693 αὐτοῦ
454 655 467 669 °
501 638 582 701 είς
617 638 677 691 τὸ
724 633 860 689 εἶναι
924 636 1071 704 ἡμᾶς
1103 637 1182 699 είς
1230 636 1451 690 ἔπαινον
1479 636 1635 705 δόξης
1653 634 1844 699 αὑτοῦ,

252 732 384 797 τοὺς
426 728 842 802 προηλπικότας
903 728 962 781 ὲν
1004 726 1081 797 τῷ
1100 725 1344 797 Χριστῷ.
1380 745 1398 779 ι
1426 728 1536 781 Καὶ
1562 727 1699 799 πρὸς
1736 729 1849 780 Κο-

252 824 520 885 λασσαεῖς
544 838 559 853 ·
586 842 603 873 ι
636 816 1101 892 Εὑχαριστοῦντες
1115 817 1191 889 τῷ
1212 819 1389 892 Πατρὶ
1406 819 1484 889 τῷ
1518 818 1848 873 ἱκανώσαντι

252 914 407 985 ἡμᾶς
446 918 527 977 εἰς
560 914 660 983 τὴν
732 912 931 983 μερίδα
970 911 1064 965 τοῦ
1107 910 1314 983 κλήρου
1347 911 1453 965 τῶν
1480 912 1651 979 ἁγίων
1675 913 1734 964 ὲν
1764 910 1850 980 τῷ

251 1008 421 1077 φωτί.
452 1026 471 1059 ι
504 1007 733 1077 Μήποτε
762 1001 855 1058 οὖν
878 1020 1063 1072 φασιν,
1088 1002 1164 1067 ὼς
1212 1003 1269 1054 ὲν
1297 1000 1607 1071 ἀνθρώποις
1650 1002 1849 1072 κλῆροι

250 1100 524 1167 γίνονται,
592 1096 737 1151 οὕτω
800 1097 892 1150 καὶ
947 1097 1005 1150 ὲν
1033 1093 1367 1165 δυνάμεσιν;
1417 1094 1501 1157 Ὠς
1533 1093 1599 1147 ἂν
1639 1088 1733 1147 οὖν
1756 1092 1848 1163 μὴ

252 1192 401 1261 πρὸς
428 1191 590 1261 χάριν
624 1190 658 1260 ή
696 1188 793 1258 τῆς
824 1186 923 1257 γῆς
978 1185 1156 1250 ἔξεστι
1204 1185 1546 1257 διανέμησις,
1592 1186 1850 1255 γίνεσθαι

250 1280 337 1352 τῷ
372 1279 494 1350 Θεῷ
524 1277 612 1333 διὰ
664 1277 883 1348 κλήρων
925 1274 1133 1348 Ἰησοῦς
1166 1275 1335 1347 αὐτὴν
1383 1278 1692 1350 ἐπιτρέπει.
1718 1279 1851 1331 Τοι-

251 1372 453 1434 ούτους
481 1370 525 1424 δ’
576 1369 642 1424 ἂν
704 1368 957 1431 εἷποιτις
993 1368 1273 1436 γεγονέναι
1331 1368 1566 1439 κλήρους
1623 1370 1719 1423 κα)⁹
1753 1369 1851 1424 ἐπὶ

254 1462 359 1516 τοῦ
387 1459 749 1531 διαμερισμοῦ
775 1458 884 1513 τῶν
920 1460 1112 1523 ἐθνῶν,
1138 1458 1225 1513 ὅτε
1262 1460 1570 1531 διεμέριζεν
1612 1463 1639 1514 6
1680 1460 1852 1527 ’Ὑψι-

254 1572 392 1617 στος
420 1554 569 1624 ἔθνη.
590 1554 665 1607 Οὐ
697 1554 804 1625 γὰρ
830 1554 1165 1625 συντυχικῶς
1197 1555 1245 1606 οἱ
1263 1554 1486 1622 ἄγγελοι
1510 1555 1609 1623 τὴν
1638 1553 1853 1607 τούτων

255 1647 588 1716 ἐπιμέλειαν
649 1647 988 1710 ἀνεδέξαντο,
1031 1648 1105 1710 ὡς
1155 1646 1277 1699 οὐδὲ
1323 1646 1423 1717 τὴν
1462 1646 1578 1710 ἐνὸς
1610 1646 1851 1699 ἑκάστου

1948 647 2111 700 quem
2135 640 2188 687 et
2221 635 2273 685 in
2302 643 2510 689 sortem
2544 636 2706 689 asciti
2751 652 2965 701 sumus,
3000 641 3372 706 przedestinati
3430 656 3520 696 se-

1949 727 2189 780 cundum
2225 728 2565 796 propositum
2598 730 2770 796 ipsius
2820 730 2979 799 cujus
3008 732 3055 784 vi
3095 732 3230 786 tiunt
3263 734 3520 788 universa

1945 816 2101 885 juxta
2136 819 2415 872 decretum
2465 820 2707 874 nominis
2741 821 2849 885 sui,
2879 832 2938 874 ut
2969 823 3146 877 simus
3171 838 3271 877 nos
3304 824 3357 876 in
3406 824 3525 877 lau-
3618 856 3621 859 ν

1950 906 2073 959 dem
2134 906 2323 975 gloria:
2385 908 2580 976 ipsius,
2637 910 2732 977 qui
2806 912 3017 979 priores
3068 914 3415 981 speravimus
3464 913 3523 967 iu

1950 994 2173 1049 Christo
2194 995 2259 1048 ³⁷.
2318 1015 2336 1048 ι
2413 998 2490 1050 Ad
2548 997 2905 1057 Colossenses
2970 1006 3097 1057 item
3156 1019 3168 1055 :
3230 1023 3247 1054 ι
3304 1005 3525 1061 Gratias

1953 1094 2180 1154 agentes
2213 1088 2385 1150 Patri,
2420 1088 2513 1155 qui
2546 1089 2777 1145 idoneos
2808 1107 2909 1147 nos
2940 1091 3068 1147 fecit
3128 1094 3193 1147 ad
3228 1096 3527 1167 participa-

1953 1178 2158 1231 tionem
2190 1179 2357 1233 sortis
2386 1188 2713 1234 sanctorum
2770 1182 2826 1236 in
2857 1184 3062 1240 lumine
3083 1183 3152 1240 ³⁸.
3179 1206 3198 1236 ι
3230 1186 3526 1259 Nunquam

1952 1268 2120 1339 igitur
2142 1269 2317 1331 aiunt,
2357 1272 2501 1339 quod
2530 1286 2696 1341 penes
2730 1273 2980 1329 homines
3003 1278 3234 1332 sortium
3271 1283 3531 1335 siteven-

1954 1369 2061 1423 tus,
2108 1361 2294 1431 itaque
2326 1378 2427 1417 nec
2459 1363 2940 1455 distributionum.
2976 1367 3110 1422 Cum
3141 1386 3272 1426 vero
3296 1373 3350 1425 in
3387 1371 3531 1426 divi-

1955 1451 2111 1507 sione
2168 1466 2327 1507 terrae
2358 1454 2551 1521 gratiae
2601 1456 2739 1509 nihil
2789 1451 3034 1513 tribuere
3074 1459 3224 1524 licet,
3266 1462 3376 1517 Deo
3434 1479 3532 1532 per

1954 1551 2135 1598 sortes
2160 1544 2343 1614 ipsam
2370 1545 2566 1600 tradit.
2600 1544 2743 1612 Quid
2784 1562 2928 1612 .vero
2984 1550 3257 1619 ejusmodi
3312 1568 3532 1624 quoque

1957 1643 2136 1690 sortes
2205 1634 2259 1687 in
2300 1636 2546 1704 gentium
2601 1637 2893 1703 divisione,
2948 1642 3168 1709 quando
3213 1642 3534 1699 Altissimus

251 1713 464 1810 ψυχὴν,
490 1738 750 1809 θειοτέρῳ
779 1739 835 1792 δὲ
870 1739 1077 1809 κλήρῳ,
1114 1740 1205 1792 καὶ
1236 1713 1389 1809 ὑπὲρ-
1437 1737 1751 1809 ἄνθρωπον.
1786 1737 1849 1790 Οἱ

1959 1736 2144 1795 gentes
2170 1725 2359 1781 divisit
2388 1727 2453 1792 3",
2484 1727 2656 1782 factas
2708 1745 2831 1784 esse
2879 1732 3119 1787 obstabit
3150 1734 3371 1789 dicere?
3416 1736 3533 1791 Non

254 1831 321 1885 δὲ
353 1832 485 1900 περὶ
510 1830 610 1899 τῆς
630 1831 730 1901 γῆς
750 1828 939 1901 κλῆροι
972 1831 1071 1901 τῆς
1100 1829 1453 1901 κληροδοσίας
1482 1830 1582 1901 τῆς
1620 1826 1850 1899 μελλού-

258 1941 367 1994 σης
392 1922 489 1992 τὴν
511 1922 820 1993 οἰκονομίαν
856 1921 1201 1992 σημαίνουσι.
1234 1921 1403 1975 Σκιάν
1456 1920 1564 1991 γὰρ
1602 1918 1853 1991 περιέχει.

255 2015 335 2068 τὰ
366 2013 570 2067 παλαιό
588 2014 696 2067 τῶν
732 2013 1036 2084 μελλόντων
1089 2012 1333 2082 ἀγαθῶν.
1391 2012 1503 2065 Καὶ
1535 2010 1695 2082 εἰπερ
1729 2011 1853 2063 ἐστι

262 2104 733 2176 προσεληλυθέναι
780 2103 919 2158 Σιὼν
976 2105 1114 2174 δρει,
1151 2105 1247 2157 καὶ
1275 2104 1431 2158 πόλει
1456 2103 1595 2158 Θεοῦ
1617 2104 1848 2169 ζῶντος,

276 2197 641 2269 Ἰερουσαλὴμ
672 2196 1000 2267 ἐπουρανίῳ,
1031 2196 1174 2250 διατί
1219 2198 1292 2267 μὴ
1340 2196 1533 2268 ὥσπερ
1571 2196 1853 2266 Ἰερουσα-

260 2288 385 2359 λὴμ
409 2289 466 2340 ὲν
499 2288 686 2359 κλήρῳ
713 2288 905 2357 γέγονε
930 2287 1026 2341 τοῦ
1052 2288 1336 2358 Βενιαμὶν,
1380 2287 1474 2341 καὶ
1498 2288 1584 2355 ἐφ’
1611 2287 1856 2354 ἑκάστης

263 2381 464 2451 φυλῆς,
490 2378 602 2433 εἷεν
631 2380 697 2435 ἄν
716 2398 860 2444 τινες
893 2380 1150 2450 ἀνάλογοι
1183 2382 1359 2443 τόποι,
1391 2380 1640 2450 Βηθλεὲμ
1689 2377 1858 2448 τυχὸν

264 2472 368 2524 καὶ
404 2471 629 2541 Χεϐρὼν
657 2472 995 2542 ἐπουράνιοι,
1026 2472 1167 2526 κατὰ
1201 2472 1299 2541 τὴν
1324 2472 1425 2541 γῆν
1458 2470 1567 2523 τῶν
1602 2470 1857 2539 πραέων;

1953 1815 2096 1870 enim
2112 1824 2314 1870 temere
2328 1831 2519 1871 eorum
2543 1832 2732 1871 curam
2746 1831 3109 1889 susceperunt
3126 1824 3325 1893 angeli,
3343 1840 3535 1895 quem-

1956 1906 2250 1960 admodum
2304 1922 2405 1962 nec
2432 1909 2873 1979 uniuscujusque
2937 1913 3200 1979 animam,
3230 1930 3416 1969 verum
3449 1915 3536 1970 di-

1956 2002 2141 2055 vinam
2172 2015 2236 2054 ac
2270 2001 2393 2070 plus
2422 2017 2585 2070 quam
2611 2001 2853 2056 humana
2882 2014 3053 2058 sorte.
3086 2006 3354 2060 Creterum
3379 2016 3539 2062 terra:

1956 2093 2126 2163 hujus
2164 2100 2342 2149 sortes
2376 2093 2576 2148 futurae
2630 2094 2939 2151 sortitionis
2970 2096 3377 2152 ordinationem
3426 2114 3540 2168 prae

1960 2200 2021 2240 se
2047 2185 2248 2241 ferunt.
2283 2186 2479 2243 Vetera
2516 2188 2661 2242 enim
2700 2189 2954 2244 umbram
2988 2190 3302 2248 futurorum
3359 2196 3539 2250 bono-

1959 2293 2081 2331 rum
2103 2280 2412 2335 continent.
2478 2280 2757 2352 Siquidem
2804 2292 2986 2338 autem
3022 2286 3089 2340 ad
3112 2298 3353 2342 montem
3405 2286 3539 2343 Sion

1960 2370 2222 2426 accedere
2254 2372 2430 2436 licuit,
2467 2374 2535 2428 ad
2567 2375 2758 2430 urbem
2792 2376 2921 2430 item
2981 2378 3073 2433 Dei
3103 2379 3342 2435 viventis
3369 2382 3540 2436 caele-

1960 2476 2099 2520 stem
2120 2465 2427 2522 Jerusalem
2462 2468 2531 2532 ⁸³,
2560 2483 2660 2523 cur
2692 2484 2804 2525 non
2839 2470 2965 2527 aliis
3002 2486 3224 2542 quoque
3281 2474 3541 2531 tribubus

262 2562 737 2632 quemadmodum
787 2562 955 2620 tribui
1006 2562 1292 2632 Benjamin
1309 2561 1619 2618 Jerusalem
1657 2561 1853 2626 cessit,
1894 2556 2001 2611 loci
2034 2556 2253 2627 quidem
2281 2558 2557 2614 Bethleem
2591 2560 2737 2617 forte
2768 2572 2861 2618 aut
2890 2562 3111 2618 Hebron
3136 2606 3151 2631 ,
3214 2566 3308 2635 qui
3375 2568 3541 2623 ccele-

265 2654 441 2707 stium
498 2654 712 2710 sedium
747 2662 892 2709 terra
953 2664 1365 2711 mansuetorum
1391 2653 1647 2708 videlicet
1669 2653 1951 2725 rationem
1973 2651 2349 2719 continerent,
2378 2652 2580 2707 cessit?

344 2746 495 2814 Ὅρα
538 2746 628 2798 τὸν
671 2745 877 2816 Ἰησοῦν
934 2746 1155 2817 ἐπιεικῆ
1210 2764 1270 2800 τε
1322 2745 1465 2813 λίαν,
1501 2746 1595 2800 καὶ
1623 2746 1722 2815 τῆς
1758 2744 1851 2797 τοῦ

268 2835 528 2906 Σωτῆρος
554 2838 874 2906 ἐπωνυμίας
896 2837 1138 2904 ἐπάξιον.
1158 2836 1313 2891 Μετὰ
1341 2838 1550 2901 πάντας
1576 2838 1685 2907 γὰρ
1708 2836 1851 2906 λαμο

267 2927 433 2981 ϐάνει
481 2928 572 2981 τὸν
630 2927 852 2999 κλῆρον,
908 2928 1009 2981 οὐκ
1067 2930 1231 2993 αὐτὸς
1277 2928 1550 2999 ἐλόμενος,
1582 2928 1715 2981 ἀλλὰ
1742 2928 1852 2980 τῶν

271 3019 415 3073 υἱῶν
458 3019 675 3090 Ἰσραὴλ
698 3020 1013 3074 δεδωκότων
1044 3020 1211 3091 αὐτῷ,
1233 3020 1345 3077 Καὶ
1362 3021 1537 3076 ταῦτα
1556 3020 1737 3075 Χάλεϐ
1756 3020 1850 3074 τοῦ

272 3112 377 3165 σὺν
399 3110 550 3182 αὒτῷ
582 3111 847 3174 σωθέντος
864 3110 1082 3183 πρώτου
1109 3111 1365 3175 λαϐόντος
1386 3112 1479 3166 τὸν
1502 3110 1727 3181 κλῆρον.
1746 3112 1856 3165 Καὶ

271 3207 304 3258 6
333 3202 645 3272 εἰσαγαγὼν
667 3203 887 3267 αὐτοὺς,
916 3205 945 3257 6
980 3203 1285 3274 διανείμας,
1318 3206 1347 3257 6
1386 3204 1601 3275 πρῶτος
1626 3205 1685 3257 ὲν
1717 3204 1858 3258 ᾶπα-

2035 2745 2104 2795 Αι
2139 2758 2301 2812 quam
2334 2755 2658 2800 mansuetus
2686 2746 3074 2813 admudum,et
3108 2748 3420 2805 Servatoris
3438 2765 3540 2805 no-

1960 2832 2112 2887 mine
2136 2848 2301 2902 quam
2330 2833 2534 2903 dignus
2568 2835 2639 2889 sit
2669 2836 2817 2903 vide;
2870 2846 2994 2906 post
3031 2854 3223 2894 omnes
3245 2841 3388 2894 enim
3422 2855 3542 2896 sor-

1963 2931 2070 2977 tem
2098 2939 2253 2977 suam
2312 2924 2535 2993 accipit,
2587 2940 2751 2995 quam
2817 2942 2919 2981 nec
2977 2928 3096 2996 ipse
3124 2929 3344 2997 quidem
3375 2929 3540 3000 495

1964 3016 2284 3079 vindicavit,
2344 3031 2536 3073 verum
2568 3016 2661 3070 lilii
2722 3016 2891 3071 Israel
2924 3018 2975 3073 ei
3031 3019 3360 3074 tribuerunt.
3392 3020 3541 3075 Prte-

1965 3109 2156 3163 sertim
2189 3121 2315 3162 vero
2332 3121 2460 3162 cum
2487 3105 2655 3162 Caleb
2687 3107 2808 3177 ipso
2831 3122 2956 3162 cum
2992 3115 3249 3168 servatus
3271 3110 3541 3179 imprimis

1965 3208 2172 3254 sortem
2225 3214 2380 3254 suam
2445 3200 2742 3268 acceperit.
2804 3199 2853 3256 Is
2894 3208 3079 3256 autem
3106 3202 3200 3271 qui
3246 3216 3344 3257 eos
3374 3202 3542 3257 intro-

275 3313 388 3363 σιν,
422 3295 652 3365 ἔσχατος
679 3293 988 3364 λαμϐάνει·
1025 3295 1113 3348 ἵνα
1156 3295 1326 3359 ὅντως
1355 3295 1579 3365 γένηται
1620 3295 1854 3365 πρῶτος.

1962 3293 2147 3360 duxit,
2199 3294 2292 3363 qui
2347 3293 2653 3358 distribuit,
2711 3294 2960 3348 omnium
3010 3294 3247 3365 denique
3282 3296 3541 3366 princeps

274 3386 540 3441 Τοιοῦτον
562 3386 643 3451 τὸ,
676 3404 695 3439 ι
731 3386 1004 3441 Ταπείνου
1046 3387 1272 3443 σεαυτὸν
1288 3387 1470 3441 ἔναντι
1501 3388 1731 3459 Κυρίου,
1765 3387 1861 3441 acati.

275 3482 539 3553 εὑρήσεις
568 3481 745 3552 χάριν.
788 3500 807 3533 ι
840 3482 949 3535 Καὶ
970 3481 1050 3547 τὸ,
1096 3503 1111 3535 ι
1158 3482 1489 3553 Ἡγούμενόν
1519 3500 1578 3535 σε
1608 3484 1863 3554 κατέστη·

279 3592 408 3638 σαν,
436 3575 513 3646 μὴ
536 3574 787 3645 ἐπαίρου.
818 3576 975 3628 Γίνου
1000 3576 1058 3628 ὲν
1088 3576 1294 3643 αὐτοῖς,
1319 3577 1393 3640 ὡς
1418 3573 1500 3641 είς
1520 3575 1579 3642 ἐξ
1605 3577 1810 3630 αὐτῶν.
1840 3595 1858 3628 ι

278 3665 483 3721 Λαϐὼν
538 3666 594 3719 δὲ
654 3668 871 3739 μερίδα,
911 3669 1184 3740 οἰκοδομεί
1220 3669 1312 3723 τὸν
1342 3669 1528 3731 τόπον,
1564 3669 1622 3721 ὃν
1650 3668 1863 3739 εἴληφε,

280 3757 513 3829 κοσμῶν
534 3758 720 3824 αὐτὸν,
743 3759 819 3823 ὡς
851 3760 917 3815 ἂν
944 3762 1195 3831 ποιήσειε
1236 3760 1439 3831 κλῆρον
1472 3760 1621 3825 ἄξιον
1652 3760 1865 3831 μερίδος

278 3851 447 3906 Θεοῦ.
481 3851 594 3905 Καὶ
622 3853 731 3915 πᾶς
748 3852 808 3905 δὲ
836 3854 864 3906 6
889 3852 1099 3923 ἀληθὴς
1130 3852 1258 3916 λαὸς
1305 3851 1492 3906 δίδωσι
1525 3852 1603 3923 τῷ
1628 3850 1868 3921 άληεινῷ

295 3942 480 4015 Ἰησοῦ
511 3942 676 4000 τόπον
699 3945 968 4016 οἰκήσεως
990 3945 1107 4015 ἆμα
1135 3944 1305 4015 αὐτῷ.
1354 3943 1449 3997 Ὃν
1482 3943 1685 4010 λαϐὼν,
1718 3946 1866 3996 οἰκο-

281 4032 447 4104 δομεῖ
493 4034 588 4087 καὶ
634 4036 866 4104 κοσμεῖ,
919 4033 1208 4105 κρείττονα
1254 4031 1426 4087 ποιῶν
1470 4032 1502 4102 ἢ
1561 4031 1869 4104 παρέλαϐεν

282 4124 522 4179 ἕκαστον
542 4124 710 4179 αὐτοῦ
742 4124 907 4179 τόπον
932 4124 1247 4195 γενόμενον.

361 4388 475 4443 Καὶ
528 4388 563 4441 6
610 4388 957 4458 Ἀμορῤαἴος
1015 4392 1297 4460 ὑπέμεινε
1346 4393 1453 4447 τοῦ
1478 4396 1874 4449 κατοικεῖνέν

1964 3394 2249 3456 postremo
2296 3385 2557 3458 accipiat.
2610 3383 2733 3453 Quo
2792 3385 3051 3441 videlicet
3083 3401 3272 3442 revera
3291 3388 3542 3441 omnium

1967 3479 2178 3550 primus
2229 3479 2403 3536 ﬁeret.
2466 3481 2588 3535 Non
2655 3479 2799 3535 enim
2854 3488 3067 3537 temere
3120 3481 3539 3552 pronuntiatum

1966 3581 2091 3627 est:
2128 3589 2147 3623 ι
2197 3570 2476 3628 Submitte
2499 3580 2551 3627 te
2574 3586 2767 3627 coram
2799 3571 3051 3636 Domino,
3084 3580 3139 3628 et
3187 3571 3543 3644 comparabis

1966 3662 2200 3732 g‘ratiam
2236 3663 2303 3717 ".
2347 3681 2365 3714 ι
2399 3663 2537 3717 Illud
2570 3663 2700 3719 item
2738 3682 2752 3718 :
2802 3680 2822 3715 ι
2884 3661 3085 3718 Ducem
3132 3672 3184 3718 te
3234 3665 3544 3718 constitue-

1966 3760 2121 3818 runt,
2156 3769 2225 3809 ne
2239 3752 2523 3809 ell‘eraris:
2556 3755 2746 3823 igitur.
2774 3769 2905 3824 gere
2919 3763 2974 3810 te
2998 3755 3143 3810 inter
3161 3768 3258 3810 eos
3284 3762 3544 3824 tanquam

1970 3842 2066 3897 uni
2096 3857 2283 3897 eorum
2305 3844 2539 3899 similem
2574 3844 2643 3897 “.
2686 3861 2705 3896 ι
2732 3842 2951 3899 Partem
2977 3858 3141 3915 porro
3168 3858 3327 3901 suam
3347 3850 3545 3899 nactus

1966 3934 2219 3990 aediliciis
2278 3934 2457 3988 locum
2517 3950 2681 4005 quem
2739 3936 2971 3991 sortitus
3022 3942 3107 3990 est
3141 3936 3381 4000 ornavit,
3434 3950 3547 4003 quo

1968 4033 2179 4084 sortem
2211 4024 2398 4081 divina
2432 4026 2692 4095 portione
2730 4026 2953 4096 dignam
2999 4026 3258 4082 ediceret.
3292 4026 3436 4091 Quin
3491 4032 3549 4080 et

1971 4117 2150 4175 omnis
2173 4132 2340 4173 verus
2378 4118 2619 4188 populus
2650 4117 2967 4174 veroJosue
3017 4117 3201 4172 locum
3262 4116 3546 4174 habitandi

1971 4225 2161 4266 secum
2212 4207 2485 4264 concedit.
2527 4206 2701 4274 Quem
2754 4209 2848 4263 ubi
2884 4209 3122 4279 accepit,
3172 4208 3432 4275 mdilicat,
3495 4218 3554 4263 et

1971 4310 2225 4365 exornat,
2260 4299 2655 4370 melioremque
2684 4301 2883 4356 reddit.

2048 4391 2115 4446 Et
2145 4391 2491 4446 Amorrhaatts
2524 4394 2777 4446 sustinuit
2826 4394 3067 4449 habitare
3112 4396 3167 4448 in
3191 4395 3371 4461 Elom,
3404 4404 3457 4449 et
3497 4395 3552 4449 in

286 4478 499 4549 Διλὼμ
524 4478 659 4548 (45),
684 4480 783 4533 καί
811 4480 882 4533 ἐν
910 4481 1179 4551 Σαλαμίν
1201 4497 1219 4513 ο
1248 4481 1658 4553 καίέϐαρύνυη
1688 4487 1725 4554 ἠ
1745 4485 1854 4555 xei;

1976 4482 2243 4547 Salamin,
2270 4494 2320 4537 et
2348 4494 2640 4554 aggravata
2679 4496 2758 4540 est
2822 4503 3011 4541 manus
3073 4486 3333 4555 Ephraim
3393 4503 3553 4555 super

286 4570 401 4625 τοῦ
431 4571 682 4640 Ἐερρατμ
712 4570 806 4624 ἐπ’
840 4574 1085 4639 αὐτούς.
1910 4634 1942 4645 ,ι
1980 4591 2070 4629 eos
2101 4573 2245 4645 [XL
2286 4572 2400 4645 47].

374 4634 707 4731 Ἀμορῥαίος
764 4634 1131 4733 ἑρμηνεύεται
1167 4669 1201 4721 ό
1252 4668 1538 4736 λαλητὸς,
1575 4668 1608 4739 ἢ
1663 4671 1698 4722 ό
1737 4685 1854 4723 xm

2048 4669 2403 4725 Amorrhtcus
2438 4678 2599 4724 sonat
2628 4670 2845 4740 loquax,
2872 4680 2966 4723 aut
3016 4670 3283 4723 irritatur.
3323 4668 3556 4725 Constat

278 4752 535 4822 ραινων.
601 4752 769 4823 Δῆλον
811 4755 903 4819 δὲ,
962 4758 1039 4820 ὠς
1100 4760 1151 4811 oi
1212 4760 1432 4824 πλείους
1489 4761 1599 4815 τῶν
1657 4760 1854 4833 ἀνθρώε

1981 4777 2112 4817 vero
2141 4765 2329 4831 plures
2359 4760 2643 4815 hominum
2707 4760 2774 4815 de
2806 4761 3159 4814 tenebrarum
3210 4761 3554 4833 principibus

288 4860 412 4897 suav
465 4843 689 4897 λαλοῦσι
745 4847 875 4917 περ).
949 4850 1206 4921 χειρόνων
1253 4852 1560 4923 δυνάμεων,
1613 4853 1768 4907 οὐδὲν
1816 4854 1854 4907 δ]

1984 4853 2151 4908 verba
2177 4867 2342 4921 quam
2374 4851 2440 4905 de
2480 4850 2591 4905 Deo
2642 4850 2849 4906 facere.
2882 4851 2985 4916 Qui
3008 4851 3233 4920 quidem
3253 4867 3377 4906 eum
3429 4854 3557 4909 irri-

289 4934 426 5005 περ).
473 4934 631 4990 Θεοῦ.
684 4938 893 5003 Οίτινες
924 4942 1018 4993 καὶ
1074 4943 1455 5013 πικραίνουσι·
1507 4944 1677 4998 οἴκοι).
1739 4945 1854 4997 ὑπο⁴

1982 4953 2100 4997 tare
2140 4942 2343 4998 audent
2387 4942 2574 4997 etiam.
2625 4941 2730 5007 Qui
2758 4942 2922 4996 etiam
2982 4941 3233 4999 habitare
3262 4945 3452 4999 volunt
3500 4946 3553 4999 in

292 5028 551 5096 μένουσιν
620 5030 789 5084 οἰκεῖν
851 5034 909 5085 ἐν
964 5036 1078 5095 τοῖς
1150 5036 1541 5106 κεκριωμένοις
1595 5035 1705 5107 (46)
1754 5036 1854 5089 ἑθέ-

1984 5034 2118 5089 locis
2141 5033 2411 5098 arietatis,
2451 5032 2595 5101 quod
2629 5032 2781 5088 Elom
2812 5034 3091 5105 signiﬁcat
3122 5035 3260 5104 (I7).
3291 5035 3353 5090 Et
3375 5037 3427 5089 in
3458 5052 3555 5106 pa-

289 5118 512 5181 λοντες·
553 5119 583 5171 ὂ
608 5118 759 5190 δηλοί
811 5122 871 5175 τὸ
909 5122 1123 5193 Ἐλώμ·
1159 5125 1253 5177 καὶ
1282 5127 1340 5180 ἐν
1384 5128 1495 5190 τοῖς
1537 5128 1829 5197 είρηνικοῐς

1980 5126 2124 5181 catis
2170 5124 2317 5195 quod
2348 5124 2626 5195 signiﬁcat
2683 5123 2887 5189 Salem,
2913 5143 3037 5181 cum
3084 5143 3177 5197 per
3208 5129 3557 5184 Amorrhaeos

366 5295 411 5327 ³⁷
444 5292 647 5364 Ephcs.
678 5296 828 5365 1,“,
870 5298 955 5352 19.
1037 5300 1080 5329 ³⁸
1103 5298 1316 5356 Coloss.
1352 5316 1393 5363 ι,
1438 5300 1523 5354 12.
1603 5302 1647 5333 ³⁸
1679 5304 1833 5356 Deut.

290 5367 388 5421 cli.
429 5381 559 5421 xxv.
603 5365 650 5418 I.

1959 5317 2036 5365 ill,
2072 5300 2125 5355 8.
2205 5300 2247 5330 ⁸ο
2292 5298 2456 5353 llebr.
2504 5316 2601 5363 xu,
2629 5300 2718 5354 2‘2.
2798 5302 2839 5332 “
2874 5301 3047 5356 Eccli.
3082 5318 3164 5365 ιιι,
3210 5303 3294 5357 I8.
3374 5305 3418 5335 δ’
3453 5303 3559 5358 Ec-

1799 5453 2033 5512 ΝΟΤᾹΞ.

363 5555 477 5623 (45)
522 5552 720 5623 Ἐλώμ.
754 5554 817 5607 Αἱ
848 5552 968 5605 αὐτ.
1002 5550 1095 5605 καὶ
1141 5553 1168 5605 6
1218 5549 1461 5621 Προκόπ.
1516 5550 1575 5603 ὲν
1616 5548 1693 5620 τῷ
1735 5550 1869 5603 ὑπο-

293 5628 478 5763 μνῧῗὶ)
512 5696 619 5749 "Io.
646 5692 1051 5767 κεκριγμὲνοις,
1085 5692 1191 5746 ἀπὸ
1221 5688 1313 5743 τοῦ
1359 5690 1555 5761 κρίζω.

2051 5549 2163 5631 (17)
2199 5549 2440 5631 _Stru_cti_s
2469 5554 2727 5631 nimirum
2769 5555 3051 5631 aediliciis
3069 5572 3215 5631 cum,
3249 5559 3553 5631 insignibus

1975 5621 2273 5703 columnis.
2306 5626 2487 5693 Κριὸμ
2520 5628 2664 5679 enim
2694 5628 2979 5685 architecti
3013 5628 3313 5686 Corinthia:
3342 5621 3554 5703 colum-

1974 5707 2060 5745 ιιω
2088 5700 2302 5758 partem
2336 5705 2551 5750 vocant.
