4058 6544
209 513 337 578 1041

1284 528 1819 591 COMMENTARII
1866 530 1947 593 IN
1987 533 2319 595 JUDICES.

3330 538 3468 604 1042

216 616 393 697 Ἰησοῦ
426 632 870 705 στρατευόμενοι,
911 636 1003 692 καὶ
1046 635 1405 708 συγκάμωσιν
1433 639 1568 709 ἡμῖν
1597 639 1648 692 οἱ
1677 638 1783 691 ὑπὸ

1899 638 2479 712 promissionesm
2534 643 2966 714 perceperimus,
3001 645 3293 701 nobiscum
3336 664 3466 705 vero

201 718 485 785 Μωῦσὲως
516 723 773 790 λαϐόντες
790 728 889 799 τὴν
911 727 1300 799 κληρονομίαν,
1324 726 1478 783 οῦπω
1511 728 1567 783 δὲ
1596 746 1781 783 κατοιο

199 812 474 882 κήσαντες
510 816 569 870 ὲν
594 817 753 889 αὐτῇ,
814 818 1142 875 ἀπολύονται
1190 820 1425 885 ἕκαστος
1465 822 1545 882 εἰς
1577 821 1647 876 τά
1676 821 1783 875 ίδια

120 984 121 987 η
205 906 475 973 μετὰτῶν
496 908 667 963 τελῶν
721 910 831 964 τῶν
863 911 969 965 ὑπὸ
1008 911 1182 983 Ἰησοῦ
1235 912 1555 985 δεδομένων,
1586 913 1663 977 ὡς
1714 913 1783 967 ἂν

112 1002 123 1047 .'
200 996 441 1063 lucro;
471 1002 771 1074 κατοικήσῃ
786 1004 844 1056 ὲν
869 1004 1084 1078 εἰρήνῃ,
1103 1005 1306 1069 παντὸς
1327 1005 1567 1075 πολέμου
1595 1004 1786 1060 καθαι-

205 1083 483 1151 ρεθέντος.

274 1167 443 1231 Οὗτοι
472 1179 531 1234 δὲ
561 1181 659 1235 καὶ
692 1181 867 1253 μέγαν
896 1184 1243 1256 οἰκοδομοῦσι
1289 1184 1495 1257 βωμὸν,
1522 1186 1618 1241 καὶ
1645 1186 1784 1242 ἀπό-

201 1281 403 1322 στασιν
431 1270 789 1345 ἐγκληθέντες
820 1275 1232 1345 ἀπολογοῦνται,
1258 1276 1335 1340 ὡς
1382 1276 1445 1331 τὸ
1493 1277 1786 1351 θυσιαστή-

202 1357 329 1426 ριόν
356 1359 505 1415 ἐστιν
529 1362 663 1417 ὅπου
701 1365 909 1437 Ἰησοῦς
941 1366 1123 1438 ἄρχει.
1143 1368 1383 1422 Ἐκείνου
1422 1368 1480 1422 δὲ
1507 1367 1669 1423 τοῦτο
1700 1370 1785 1441 μί-

204 1448 373 1518 μημά
402 1466 461 1503 τε
498 1452 593 1505 καὶ
620 1452 907 1523 σύμϐολον.
926 1456 1013 1521 Ὠς
1042 1457 1110 1512 ἂν
1136 1457 1214 1529 μὴ
1240 1459 1371 1523 τοὺς
1398 1458 1557 1523 ἐκτὸς
1590 1460 1787 1531 Ἰορδά·

201 1556 299 1592 νου
332 1540 517 1607 ξένους
553 1545 692 1615 μετά
716 1547 906 1617 χρόνον
939 1550 990 1603 οἱ
1023 1549 1173 1614 ἐντὸς
1201 1545 1344 1605 εἶναι
1369 1551 1653 1623 νομίσωσι,
1679 1571 1788 1607 κω-

1885 728 2052 787 Mosis
2080 732 2288 789 subditi
2320 734 2719 801 laboraverint,
2739 744 2963 807 accepta
2992 737 3467 797 ltmreditatcnon-

1885 821 2019 877 dum
2055 832 2238 880 autem
2265 834 2556 895 occupata,
2580 826 2649 881 ad
2685 828 2845 883 sedes
2870 830 3239 900 sempiternas
3264 833 3465 903 singuli

1886 925 2012 968 cum
2046 914 2206 972 bonis
2237 933 2267 969 a
2298 914 2468 972 Josue
2496 916 2644 973 datis
2706 918 3080 987 dimittuntur,
3113 930 3169 976 ut
3228 924 3467 994 quisque

1886 1005 2036 1060 omni
2056 1003 2205 1061 bello
2231 1007 2451 1064 sublato
2503 1023 2599 1065 seu
2626 1020 2852 1080 peracto
2884 1010 2940 1066 in
2972 1027 3106 1082 pace
3135 1014 3319 1083 degat.

1956 1185 2233 1242 Caeterum
2280 1183 2363 1240 illi
2396 1199 2619 1255 quoque
2659 1199 2915 1256 magnam
2961 1200 3113 1240 aram
3146 1192 3465 1251 exstruunt,

1887 1277 2325 1347 defectionisque
2359 1278 2626 1347 probrum
2656 1292 2781 1331 cum
2822 1277 2934 1333 illis
2970 1278 3254 1347 objectum
3285 1290 3462 1346 esset,

1886 1374 2061 1429 altare
2100 1370 2235 1427 illud
2304 1368 2361 1424 in
2415 1368 2631 1425 ditione
2699 1366 2868 1424 Josue
2920 1384 3045 1424 esse
3108 1371 3465 1440 respondent.

1889 1464 1968 1523 Ac
1997 1462 2149 1518 illius
2192 1460 2417 1533 quidem
2459 1459 2563 1515 hoc
2605 1474 2728 1516 esse
2773 1461 3062 1531 exemplar
3110 1476 3173 1516 ac
3224 1462 3465 1531 signum,

1891 1570 1960 1611 ne
1985 1553 2245 1610 videlicet
2290 1560 2538 1609 vertente
2596 1560 2845 1623 tempore
2900 1553 3155 1608 homines
3195 1553 3291 1623 qui
3323 1554 3471 1608 intra

200 1628 431 1694 λύοντες
474 1633 675 1700 αὐτοὺς
718 1636 818 1707 τῆς
863 1637 959 1690 τοῦ
1008 1639 1161 1711 ἱεροῦ
1216 1644 1471 1712 μετοχῆς.
1518 1643 1684 1713 Δηλοῖ
1732 1643 1789 1697 δὲ

1899 1647 2187 1704 Iordanem
2239 1654 2393 1711 sunt,
2429 1659 2526 1701 eos
2564 1644 2658 1715 qui
2709 1652 2863 1699 extra
2915 1652 3045 1700 sunt
3087 1660 3188 1715 pro
3219 1645 3471 1715 peregri-

200 1720 405 1785 ταῦτα,
436 1723 514 1788 ὡς
546 1725 576 1777 6
604 1725 733 1792 λαὸς
760 1728 860 1799 τῆς
888 1732 1196 1802 περιτομῆς
1222 1733 1252 1787 6
1286 1734 1578 1805 πρότερος,
1600 1734 1652 1787 οἱ
1683 1735 1790 1787 υἱοὶ

1899 1741 1980 1796 nis
2032 1745 2311 1810 reputent,
2360 1746 2416 1793 et
2461 1752 2492 1791 a
2534 1737 2687 1793 cultu
2735 1751 2897 1792 sacro
2941 1752 3036 1792 eos
3083 1744 3328 1792 arceant.
3375 1735 3471 1791 llis

211 1810 435 1867 Ῥουϐὶν
462 1814 557 1869 τοῦ
592 1819 969 1888 πρωτοτόκου,
999 1822 1050 1875 oi
1104 1822 1211 1877 υἱοὶ
1238 1822 1349 1878 Γάδ
1378 1823 1543 1880 ἄλλου
1573 1841 1789 1895 πρωτο-

1899 1845 2024 1886 vero
2058 1829 2341 1884 indicatur
2378 1827 2525 1898 quod
2566 1826 2804 1897 populus
2831 1825 3289 1882 circumcisionis
3319 1826 3472 1895 prior

198 1902 396 1970 τόκου,
436 1905 485 1959 oi
536 1908 645 1961 uici.
691 1909 960 1981 Μανασσῆ
1011 1913 1175 1968 άλλου
1230 1916 1600 1985 πρωτοτόκου,
1646 1916 1789 1971 κατὰ

1896 1920 1989 1974 lilii
2033 1918 2289 1974 Manasse
2322 1916 2466 1973 alius
2510 1917 2868 1988 primogeniti
2898 1932 3000 1973 suo
3032 1924 3285 1987 tempore
3318 1933 3469 1972 aram

200 1996 402 2065 χρόνον
447 1997 712 2067 δηλονότι,
744 2002 961 2058 ποιοῦσι
1017 2004 1201 2077 βωμὸν
1251 2008 1314 2060 ού
1361 2007 1453 2061 τὸν
1503 2007 1784 2078 ἀληθινὸν,

1899 2010 2146 2066 videlicet
2197 2016 2519 2074 exstruunt,
2574 2023 2688 2064 non
2734 2008 2961 2078 quidem
2998 2023 3189 2063 veram
3222 2010 3318 2064 sed
3349 2025 3471 2063 utn-

198 2086 346 2142 ἀλλὰ
372 2089 639 2161 σύμϐολον
658 2111 672 2124 ·
701 2094 787 2149 ἵνα
816 2096 892 2166 μὴ
916 2096 1183 2169 διέλωμεν
1204 2099 1400 2164 αὐτοὺς
1420 2100 1517 2154 ἀπ’
1536 2100 1784 2158 ἐκείνων.

212 2180 469 2251 ’Ᾱδελφοὶ
499 2184 608 2256 γάρ
639 2187 795 2257 ἡμῶν
825 2190 879 2241 ot
908 2189 1017 2261 πρὸ
1045 2190 1149 2261 τῆς
1182 2191 1484 2263 παρουσίας
1522 2194 1787 2259 Ἰουδαῖοι,

200 2273 302 2325 καὶ
329 2274 392 2326 τὸ
415 2274 668 2347 ἀληθινὸν
702 2280 1002 2353 μυστήριον
1033 2281 1233 2353 ᾔδεσαν
1278 2284 1355 2347 ὡς
1405 2284 1505 2339 οὐκ
1549 2283 1788 2355 ἔχουσιν.

214 2363 366 2417 Ἀλλ’
394 2366 449 2418 αί
498 2367 727 2422 παλαιαὶ
758 2368 942 2424 θυσίαι
972 2372 1085 2426 τῶν
1124 2372 1397 2443 ἀληθινῶν
1424 2373 1595 2439 τύπος
1638 2374 1795 2444 ἐτύγ-

201 2474 396 2526 χανον,
428 2459 563 2512 ὅπου
593 2455 660 2531 ἦν
692 2461 925 2531 Ἰησοῦς.
943 2463 1271 2536 Ἀμφότεροι
1313 2464 1499 2519 τοίνυν
1525 2466 1794 2536 γινόμεθα

205 2556 314 2624 μία
344 2556 574 2628 ποίμνη,
590 2553 672 2622 εἷς
700 2560 933 2630 ποιμήν.
951 2560 1040 2623 Ὠς
1063 2560 1173 2632 γὰρ
1192 2561 1363 2615 πάλαι
1396 2562 1742 2631 ἀπέθνησκεν
1766 2564 1795 2617 6

203 2646 363 2713 λαὸς,
392 2648 488 2701 καὶ
535 2645 701 2720 ἦλθεν
736 2649 971 2722 Ἀαρὼν,
1003 2652 1099 2705 καὶ
1148 2652 1284 2722 ἔστη
1322 2652 1525 2724 μεταξὺ
1559 2654 1670 2707 τῶν
1701 2670 1796 2707 τε-

205 2739 493 2810 θνηκότων
522 2740 618 2794 καὶ
644 2740 755 2796 τῶν
783 2741 1002 2806 ζώντων
1026 2783 1041 2809 ,
1073 2745 1168 2798 καὶ
1198 2745 1309 2800 ἀπὸ
1336 2745 1447 2799 τῶν
1476 2744 1678 2799 λοιπῶν
1705 2745 1797 2798 τὸν

205 2832 443 2887 θάνατον
471 2834 732 2907 ἔστησεν·
765 2834 941 2901 οὕτως
977 2837 1007 2889 6
1050 2838 1305 2907 ἀληθινὸς
1350 2839 1644 2910 ἀρχιερεὺς
1694 2857 1797 2910 με-

203 2921 347 2988 ταξὺ
376 2924 487 2979 τῶν
510 2926 852 2998 τεθνηκότων
883 2929 975 2981 καὶ
1002 2928 1111 2983 τῶν
1142 2928 1363 2994 ζώντων
1388 2930 1499 2985 τῶν
1532 2946 1592 2985 τε
1631 2931 1797 3003 μέχρι

203 3018 310 3087 τῆς
341 3020 648 3089 παρουσίας
675 3020 769 3074 τὸν
802 3022 1133 3087 Ἰουδαῖσμὸν
1157 3024 1563 3093 τετηρηκότων,
1583 3025 1678 3077 καὶ
1706 3023 1799 3077 τὸν

205 3108 380 3163 αὑτὸν
406 3109 485 3181 μὴ
516 3109 825 3183 δεξαμένων
844 3153 860 3177 ,
892 3112 989 3167 καὶ
1018 3114 1246 3177 ἑαυτοὺς
1279 3115 1480 3186 μᾶλλον
1504 3115 1538 3185 ἢ
1573 3115 1666 3170 τὸν
1692 3114 1799 3185 Ἰη-

210 3200 346 3255 σοῦν
395 3206 811 3273 νεκρωσάντων,
840 3206 908 3260 δι’
930 3201 1006 3261 ὧν
1034 3207 1122 3277 ἐφ’
1152 3208 1382 3272 ἑαυτοὺς
1425 3208 1485 3261 τὸ
1528 3202 1670 3278 αἷμα
1703 3206 1799 3277 φέ-

1890 2101 2166 2169 bratilem,
2199 2115 2268 2156 ne
2296 2114 2394 2157 eos
2425 2101 2495 2156 ab
2528 2100 2641 2157 illis
2681 2115 3027 2170 separemus.
3066 2099 3291 2156 Fratres
3319 2102 3468 2155 enim

1892 2193 2069 2249 nostri
2131 2194 2226 2264 qui
2291 2200 2422 2248 ante
2474 2192 2772 2247 adventum
2846 2191 3065 2247 Domini
3129 2192 3470 2246 exstiterunt

1889 2283 2088 2351 Judmi,
2124 2298 2190 2339 ae
2224 2298 2416 2340 verum
2449 2283 2776 2355 mysterium
2803 2282 3050 2338 venerati
3084 2292 3237 2348 sunt,
3267 2298 3469 2353 quam-

1893 2372 1980 2429 vis
2021 2388 2132 2428 non
2168 2371 2523 2437 habuissent,
2561 2379 2781 2428 veteres
2828 2385 2965 2426 vero
2993 2370 3231 2425 victimze
3265 2372 3470 2425 verita-

1895 2465 1967 2519 tis
1991 2466 2165 2535 ﬁgura
2195 2463 2443 2530 luerunt,
2488 2478 2613 2534 quae
2652 2478 2846 2518 verum
2884 2461 3054 2517 Josue
3100 2469 3471 2533 reprmsenta.‘

1894 2566 2048 2612 runt.
2097 2557 2276 2611 Ambo
2322 2556 2513 2626 itaque
2562 2571 2707 2611 unus
2759 2553 3017 2624 idemque
3066 2568 3199 2624 grex
3228 2567 3469 2617 sumus,

1895 2650 2153 2719 idemque
2185 2656 2396 2717 pastor.
2431 2645 2915 2714 Quemadmodum
2943 2647 3091 2701 enim
3132 2646 3263 2701 olim
3296 2661 3470 2701 oceu-

1896 2743 2019 2798 buit
2062 2742 2322 2813 populus,
2365 2741 2721 2809 accessitque
2768 2739 2953 2794 Aaron
3007 2748 3063 2794 et
3120 2754 3182 2795 se
3228 2739 3473 2795 medium

1897 2834 2045 2890 inter
2096 2841 2349 2889 mortuos
2408 2848 2471 2888 ac
2518 2833 2676 2889 vivos
2728 2832 2950 2899 statuit,
3019 2841 3074 2887 et
3140 2849 3173 2887 a
3242 2832 3473 2902 reliquis

1897 2936 2131 2983 mortem
2186 2926 2441 2997 depulit:
2500 2926 2574 2981 ita
2621 2941 2786 2982 verus
2834 2924 3084 2995 pontifex
3134 2926 3283 2980 inter
3324 2941 3475 2980 mor-

1900 3030 2022 3077 tuos
2054 3037 2120 3076 ae
2147 3021 2324 3087 vivos,
2368 3020 2518 3077 inter
2558 3034 2656 3077 eos
2698 3020 2793 3091 qui
2836 3019 2907 3074 ad
2958 3018 3255 3074 adventum
3298 3019 3475 3088 ipsius

1899 3128 2075 3185 usque
2105 3112 2456 3169 Judaismum
2496 3120 2923 3177 conservarunt,
2972 3127 3184 3183 eosque
3214 3112 3308 3182 qui
3343 3128 3470 3166 eum

1900 3222 2010 3262 non
2043 3214 2394 3278 receperunt,
2425 3222 2598 3278 seque
2648 3206 2799 3277 ipsos
2834 3221 3000 3275 quam
3032 3203 3226 3261 Jesum
3271 3219 3483 3260 necare

211 3310 333 3395 ρειν
384 3295 695 3368 ἐτόλμησαν
730 3297 929 3369 Ἰησοῦ.
977 3299 1070 3353 Διδ
1111 3300 1207 3353 καὶ
1252 3300 1361 3353 πᾶν
1409 3292 1549 3369 αἷμα
1593 3298 1794 3353 δίκαιον

1905 3302 2246 3366 maluerunt,
2274 3316 2340 3357 eo
2369 3301 2518 3372 quod
2559 3300 2891 3372 sanguinem
2931 3298 3063 3355 Jesu
3100 3300 3155 3354 in
3192 3314 3252 3354 se
3285 3307 3474 3353 trans-

207 3383 457 3455 ἔφθασεν
512 3387 600 3441 ἐπ’
623 3387 846 3454 αὐτούς.
872 3390 1097 3458 Μεταξὺ
1142 3390 1325 3445 τοίνυν
1370 3389 1541 3444 ἐλθὼν
1566 3390 1794 3461 ἔστησεν

1904 3390 2051 3447 ferre
2090 3390 2213 3446 ausi
2250 3402 2402 3457 sunt,
2442 3391 2497 3444 in
2539 3404 2680 3461 quos
2728 3388 2944 3444 ideirco
2971 3386 3157 3444 omnis
3191 3388 3476 3458 justorum

206 3477 309 3547 ἀφ’
335 3478 497 3548 ημῶν
526 3478 625 3550 τὴν
654 3480 749 3534 τοῦ
784 3481 1018 3536 θανάτου
1052 3482 1244 3554 νομὴν,
1271 3482 1381 3537 τῶν
1408 3482 1619 3553 νεκρῶν
1663 3483 1796 3536 ’1ου-

205 3570 382 3625 δαίων
412 3572 583 3641 μηδὲν
621 3572 704 3627 ἔτι
733 3575 1035 3629 ποιούντων
1064 3575 1319 3647 ἀληθινὸν
1347 3575 1460 3629 τῶν
1491 3576 1596 3629 ύπὺ
1628 3576 1795 3646 νόμου

206 3661 585 3736 διῃρημένων.
623 3667 761 3738 Παρ*
783 3669 917 3739 ἡμῖν
944 3669 1055 3739 γὰρ
1080 3671 1109 3724 6
1133 3669 1389 3739 ἀληθινὸς
1409 3669 1537 3733 ναὸς
1560 3670 1589 3722 6
1618 3670 1683 3723 ὲκ
1709 3669 1794 3722 λί·

210 3751 323 3807 θων
355 3752 601 3822 ζώντων,
628 3757 725 3811 καὶ
758 3757 966 3831 Ἰησοῦς
989 3760 1020 3813 ό
1045 3757 1323 3831 ἀληθινός.

210 3998 2671 4038 W

1902 3483 2129 3553 sanguis
2173 3483 2392 3538 recidit.
2435 3481 2571 3538 Cum
2624 3481 3037 3537 intercessisset
3082 3482 3290 3550 itaque,
3322 3494 3473 3534 mor-

1905 3585 2013 3632 tem
2044 3590 2075 3630 a
2102 3575 2265 3633 nobis
2297 3576 2563 3632 abstulit:
2599 3591 2729 3630 cum
2762 3576 2967 3630 mortui
2998 3573 3177 3629 Judaei
3214 3574 3318 3629 sub
3356 3573 3474 3641 lege

1902 3666 2145 3737 separati
2204 3666 2419 3721 nullum
2475 3666 2719 3735 amplius
2764 3663 3019 3720 veritatis
3089 3678 3231 3734 opus
3284 3662 3473 3717 edant.

1903 3757 2059 3828 Apud
2099 3771 2203 3814 nos
2252 3757 2402 3813 enim
2456 3771 2649 3812 verum
2704 3763 2789 3811 est
2837 3757 3105 3824 templum
3158 3754 3307 3823 quod
3337 3752 3478 3807 vivis

1904 3850 2179 3920 lapidibus
2205 3857 2445 3915 constat,
2478 3865 2644 3905 verus
2688 3849 2815 3904 item
2848 3846 3031 3903 Josue.

2686 3994 3454 4033 ...π-...ππ

751 4163 1861 4367 COMMENTARII
1972 4160 2130 4285 IN
2234 4156 2937 4290 JUDICES.

288 4511 414 4572 Τοῖς
446 4507 705 4576 ἀγνοοῦσι
736 4508 832 4561 τοῦ
863 4509 1131 4581 παρόντος
1164 4507 1373 4579 βιϐλίου
1412 4510 1511 4581 τὴν
1544 4509 1796 4583 δύναμιν,

220 4602 317 4655 καὶ
366 4601 451 4654 ὅτι
494 4601 648 4654 πᾶσα
692 4600 886 4672 Γραφὴ
936 4600 1295 4665 θεόπνευστος
1350 4601 1446 4655 καὶ
1500 4601 1798 4674 ὠφέλιμος,

220 4692 486 4763 ἀνόνητον
530 4690 670 4747 εἶναι
715 4692 883 4758 δοκεῖ,
916 4691 1185 4762 πολέμους
1230 4694 1326 4747 καὶ
1378 4692 1555 4765 μάχας
1606 4694 1683 4760 ώς
1729 4695 1799 4749 τὰ

224 4784 401 4837 πολλά
425 4784 801 4855 διηγούμενον.
832 4784 908 4838 Ού
952 4783 1062 4855 γὰρ
1102 4785 1421 4851 σκοποῦσιν,
1449 4787 1525 4851 ώς
1553 4787 1799 4851 τυπικῶς

1977 4511 2035 4568 Si
2068 4510 2195 4583 quis
2243 4508 2411 4578 bujus
2455 4502 2744 4577 praesentis
2786 4500 2954 4557 libelli
3010 4498 3298 4565 virtutem,
3360 4514 3477 4553 om~

1906 4617 2143 4675 nemque
2196 4600 2543 4670 Scripturam
2598 4594 2861 4651 divinitus
2914 4590 3242 4661 inspiratam
3288 4588 3478 4643 utilem

1905 4710 2029 4752 esse
2062 4694 2304 4765 ignorat,
2347 4687 2494 4745 bella
2539 4701 2603 4741 ac
2650 4696 2863 4755 pugnas
2895 4679 3100 4751 sazpius
3130 4693 3477 4734 commemo-

1904 4794 2121 4844 rantem
2166 4782 2380 4839 [utilem
2421 4793 2545 4836 esse
2585 4776 2774 4831 ducet.
2825 4773 2945 4828 Non
2990 4771 3141 4826 enim
3201 4772 3255 4824 in
3301 4770 3476 4840 ﬁgura

226 4874 330 4947 μὲν
378 4876 611 4941 ἐκείνοις
668 4876 867 4946 συνέϐη
896 4916 911 4944 ,
957 4876 1173 4952 ἐγράφη
1221 4877 1279 4931 δὲ
1329 4878 1469 4949 πρὸς
1520 4879 1794 4934 νουθεσίαν

1907 4882 2017 4939 illis
2054 4878 2333 4941 evenisse,
2374 4883 2428 4929 et
2457 4871 2526 4927 ad
2568 4878 2817 4926 nostram
2853 4864 3235 4922 eruditionem
3270 4864 3481 4934 scripta

227 4970 412 5039 ἡμῶν,
446 4971 542 5024 καὶ
569 4968 690 5024 κατ’
716 4968 850 5022 αὐτὸ
886 4969 947 5023 τὸ
978 4969 1142 5039 ῥητὸν
1169 4968 1449 5039 ὠφελῆσαι
1493 4970 1613 5025 λίαν
1641 4972 1805 5028 δυνά-

231 5073 427 5130 μενονο
457 5060 586 5114 ὅταν
615 5060 832 5131 ὁρῶμεν
856 5060 982 5115 ὅσον
1015 5061 1242 5117 δύναται
1266 5062 1402 5117 Θεοῦ
1430 5063 1687 5136 λατρεία,
1713 5066 1808 5120 καὶ

230 5150 399 5205 πάλιν
437 5151 761 5216 ἀπόστασις.
827 5153 942 5208 Καὶ
981 5154 1057 5217 di;
1106 5155 1141 5224 ἡ
1196 5155 1331 5225 μὲν,
1358 5154 1633 5226 καθαιρεῖ
1679 5158 1805 5221 τοὺς

225 5242 484 5314 ἐχθροὺς,
509 5243 614 5298 κᾶν
655 5243 967 5299 ἀπέλθωσιν
985 5261 1000 5276 ’
1032 5247 1068 5319 ἡ
1091 5246 1183 5315 δὲ,
1214 5245 1427 5311 τούτοις
1455 5247 1803 5319 ὑποχειρίους

220 5335 539 5407 ἐργάζεται.
584 5336 893 5409 Τοιγαροῦν
944 5339 973 5393 6
1023 5338 1168 5403 θεῖος
1221 5338 1431 5404 Παῦλος
1481 5340 1547 5395 ἐκ
1594 5340 1803 5397 τούτων

217 5428 453 5482 πλεῖστα
482 5428 750 5500 λαμϐάνει
780 5430 853 5485 τά
881 5430 1327 5502 παραδείγματα,
1360 5433 1588 5505 γράφων
1606 5448 1620 5464 ⁸
1676 5434 1802 5487 ἑπι-

217 5518 399 5590 λείψει
427 5521 539 5590 γάρ
593 5538 662 5591 με
689 5521 1048 5593 διηγούμενον
1096 5526 1124 5579 ό
1168 5524 1360 5595 χρόνος
1405 5525 1533 5595 περὶ
1572 5522 1800 5589 Γεδεὼν,

221 5613 414 5682 Βαράκ
441 5630 500 5666 τε
531 5614 627 5667 καὶ
656 5614 894 5684 Σαμψὼν
914 5654 930 5679 ,
963 5617 1057 5669 καὶ
1093 5614 1300 5685 Ἰεφθάε
1322 5634 1334 5647 ο
1368 5616 1418 5669 οἳ
1448 5617 1534 5671 διὰ
1566 5616 1803 5679 πίστεως

220 5704 673 5775 κατηγωνίσαντο
701 5705 1002 5777 βασιλείας,
1039 5708 1133 5762 καὶ
1171 5707 1235 5762 τὰ
1272 5707 1421 5778 ἑξῆς.

339 5996 386 6029 ⁸³
411 5994 580 6053 Hebr.
613 6012 693 6059 xl,
748 5994 839 6053 3'2.

1907 4988 2035 5031 esse
2091 4967 2415 5041 perpendet.
2468 4964 2581 5020 Nec
2631 4960 2799 5016 etiam
2864 4957 3009 5028 quod
3060 4957 3174 5012 haec
3236 4956 3485 5011 narratio

1908 5064 2208 5136 plurimum
2258 5058 2417 5114 nobis
2460 5054 2719 5111 utilitatis
2768 5051 2950 5116 all‘ert,
3013 5066 3139 5104 cum
3174 5050 3245 5104 ob
3291 5050 3485 5104 oculos

1907 5162 2116 5228 quanta
2172 5152 2340 5208 divini
2399 5148 2608 5212 cultus,
2654 5160 2717 5201 ac
2765 5152 2994 5201 econtra
3042 5140 3373 5197 defectionis
3401 5140 3491 5194 vis

1906 5250 2144 5307 exsistat
2176 5244 2348 5317 ponit,
2381 5239 2530 5313 quod
2578 5239 2835 5295 videlicet
2856 5236 2948 5291 ille
2978 5235 3168 5291 hostes
3202 5232 3308 5289 etsi
3348 5247 3485 5287 con-

1910 5349 1995 5396 tra
2044 5355 2148 5399 nos
2206 5332 2631 5397 iusurrexerint,
2708 5330 2958 5399 reprimit
3013 5344 3027 5381 :
3076 5340 3139 5382 ea
3192 5340 3321 5380 vero
3384 5324 3487 5380 sub

1912 5435 2159 5506 ipsorum
2208 5442 2436 5486 manum
2480 5425 2669 5482 mittit.
2719 5424 2904 5490 Quare
2933 5422 3095 5477 divus
3141 5420 3349 5476 Paulus
3375 5436 3483 5474 non

1911 5526 2136 5597 indigne
2170 5539 2239 5578 ex
2272 5522 2362 5577 bis
2415 5516 2721 5589 Scripturis
2763 5514 2999 5585 plurima
3044 5514 3180 5568 citat
3204 5511 3482 5581 exetnpla.

1909 5622 2043 5689 Quae.
2079 5618 2261 5688 qualia
2309 5615 2421 5672 sint
2454 5627 2577 5684 qua:
2606 5611 2674 5666 de
2703 5609 2979 5671 Gedeone,
3030 5606 3097 5661 de
3141 5604 3382 5668 Baracb,
3415 5602 3485 5658 de

1910 5716 2236 5785 Sampsone,
2284 5708 2480 5779 Jephte
2529 5713 2582 5760 et
2643 5703 2765 5758 aliis
2800 5700 2892 5771 qui
2939 5698 3064 5755 ﬁdei
3090 5697 3292 5753 virtute
3326 5696 3483 5751 devi-

1913 5815 2107 5866 cerunt
2148 5821 2314 5875 regna
2345 5795 2927 5860 commemorantur”,
2959 5794 3004 5850 si
3040 5801 3329 5849 recensere
3366 5789 3482 5849 vcl—

1914 5908 2040 5973 lem,
2075 5911 2287 5973 tempus
2316 5912 2401 5953 me
2440 5892 2717 5949 delicerct.
