4058 6548
184 558 193 559 ί
246 480 387 547 1045
1335 485 1878 551 COMMENTARII
1915 485 1998 546 IN
2037 484 2374 547 JUDICES.
3358 479 3501 544 1046‘

248 614 266 645 ι
297 595 382 647 Τὰ
415 596 591 651 πάντα
635 596 1022 669 καταλήψομαι
1073 602 1137 670 τῇ
1176 599 1317 670 χειρί
1353 616 1454 672 μου
1484 599 1559 662 ὼς
1585 596 1829 660 νοσσιὰν,

1937 592 2040 649 l'ert
2070 610 2238 665 super
2286 607 2506 649 omnem
2562 591 2728 649 Deum
2753 593 2818 657 ⁸⁸,
2859 598 2912 646 et
2948 590 3069 660 ejus
3101 590 3329 653 cultum,
3368 590 3496 659 qui-

245 687 342 738 καὶ
393 686 469 750 ὡς
514 687 986 759 καταλελειμμένα
1038 690 1122 742 ώά
1172 689 1312 759 ἀρῶ.
1344 709 1363 741 ι
1400 690 1497 744 Ὃν
1528 689 1557 741 ό
1586 685 1826 758 Χριστὸς

1937 699 2036 755 que
2068 683 2204 740 dicit
2240 704 2253 741 :
2295 701 2314 735 ι
2348 682 2548 739 Omnia
2574 698 2738 737 manu
2781 696 2900 737 mea
2943 679 3280 751 prehendam
3302 694 3500 750 quem-

240 778 576 849 ὲξενεύρισε,
602 781 785 834 πᾶσαν
826 781 941 835 ὁδὸν
990 781 1151 835 αὑτοῦ
1185 783 1280 836 καὶ
1304 781 1504 853 πρᾶξιν
1533 777 1824 852 περιελὼν,

240 870 393 940 ἀκρα
437 870 636 943 χειρῶν
682 870 847 926 αὐτοῦ
899 873 992 927 καὶ
1023 872 1203 928 ποδῶν
1249 872 1569 941 ἀποκόψας·
1625 871 1723 926 καὶ
1764 870 1825 923 τὸ

138 960 146 1015 ί
242 960 599 1033 ἀνταπόδομα
621 960 789 1016 αὑτοῦ
821 963 1155 1034 ἀπαπεδόθη
1182 962 1349 1033 αὑτῷ.

331 1215 770 1287 Ἑϐδομήκοντα
800 1217 1085 1285 ,ϐασιλεῖς
1134 1217 1206 1272 τὰ
1256 1220 1410 1289 ἄκρα
1461 1218 1579 1275 τῶν
1612 1221 1827 1291 χειρῶν

241 1306 451 1362 αὐτῶν
480 1309 575 1362 καί
605 1308 679 1363 τὰ
716 1309 867 1378 ἄκρα
890 1310 1009 1364 τῶν
1033 1308 1237 1365 ποδῶν
1263 1310 1463 1365 αὐτῶν
1493 1313 1828 1383 ἀποκεκομ-

236 1398 439 1468 perat,
469 1394 632 1470 ἦσαν
669 1401 1081 1471 συλλέγοντες
1126 1402 1201 1457 τὰ
1230 1402 1510 1457 ὑποκάτω
1542 1404 1652 1473 τῆς
1688 1421 1825 1474 τρα-

243 1489 429 1558 πέζης
472 1509 613 1561 μου.
639 1493 897 1563 Ἀνδρας,
929 1494 1118 1564 φησὶν,
1146 1494 1369 1566 ἀρεταῖς
1393 1495 1825 1568 διαπρέψαντας,

242 1579 344 1644 οὓς
386 1580 615 1653 ὕστερον
664 1582 981 1654 ἐζώγρησεν
1024 1586 1052 1637 ὁ
1082 1583 1328 1648 διάϐολος
1375 1584 1475 1649 τὰς
1511 1586 1653 1640 κατά
1695 1586 1829 1640 Θεὸν

242 1671 399 1734 ὁδοὺς
426 1672 521 1725 καὶ
548 1673 778 1744 πράξεις
808 1675 1121 1747 περιτεμὼν
1142 1716 1157 1741 ,
1185 1677 1281 1730 καὶ
1309 1675 1477 1747 ψευδῆ
1506 1676 1708 1746 γνῶσιν
1734 1678 1829 1731 αὐ⁴

242 1762 361 1825 τοῖς
398 1763 675 1834 ἐμϐαλὼν,
702 1766 765 1819 ὲ).
789 1766 891 1837 τῆς
927 1767 1065 1832 ίδίας
1094 1769 1302 1839 τροφῆς
1326 1768 1394 1823 τὰ
1422 1769 1615 1841 εὐτελῆ
1648 1787 1825 1841 παρα-

1928 775 2222 831 admodum
2283 774 2515 846 pullum,
2547 782 2601 829 et
2622 782 2882 844 tanquam
2938 788 3039 828 ova
3088 772 3351 828 derelicta
3394 780 3499 826 au-‘

1928 866 2100 923 feram
2125 866 2169 899 ⁵⁷
2202 867 2226 921 ?
2265 885 2283 918 ι
2344 866 2518 933 Quem
2570 865 2855 921 enervavit
2906 863 3185 928 Christus,
3217 877 3497 933 omneque

1926 958 2050 1028 ejus
2082 959 2188 1013 iter
2240 958 2602 1027 actionesque
2662 957 2979 1028 interrupit,
3026 972 3091 1012 ac
3141 971 3389 1012 summos
3418 955 3503 1029 di-‘

1925 1050 2070 1120 gitos
2124 1064 2389 1105 manuum
2429 1065 2494 1105 ac
2526 1051 2723 1120 pedum
2789 1049 3045 1105 abscidit.
3114 1048 3307 1118 Itaque
3349 1047 3496 1117 quod

1929 1142 2053 1198 aliis
2082 1142 2289 1199 inferre
2319 1143 2541 1207 solitus,
2576 1141 2628 1196 id
2662 1141 2839 1212 ipsum
2892 1143 2968 1197 illi
3006 1153 3230 1197 econtra
3263 1140 3467 1196 evenit.

1999 1232 2350 1304 Septuaginta
2394 1249 2537 1304 reges
2582 1233 2871 1300 amputatis
2925 1233 3182 1300 supremis
3242 1246 3499 1285 manuum

1926 1340 1988 1379 ac
2009 1323 2200 1393 pedum
2221 1324 2405 1395 digitis
2432 1323 2751 1393 collegerunt
2787 1323 2880 1376 sub
2908 1339 3087 1377 mensa
3135 1339 3269 1376 mea.
3304 1321 3380 1392 [l,
3413 1320 3490 1392 7].

1931 1412 2113 1479 Viros,
2147 1413 2349 1484 inquit,
2397 1413 2703 1469 virtutibus
2747 1412 2935 1468 claros
2976 1412 3270 1468 itineribus
3297 1411 3500 1467 divinis

1929 1508 2356 1577 actionibusque
2387 1506 2751 1576 interceptos,
2781 1520 2845 1561 ac
2874 1504 3011 1560 falsa
3048 1503 3365 1575 cognitione
3392 1503 3493 1557 im-

1929 1601 2095 1655 butos
2114 1600 2370 1654 diabolus
2397 1597 2781 1665 circumvenit,
2801 1612 2864 1652 ac
2888 1597 2981 1651 vili
3003 1596 3088 1652 sui
3110 1596 3289 1651 victus
3314 1594 3499 1649 alimo-

1930 1690 2021 1745 nia
2061 1690 2328 1760 implevit.
2364 1687 2522 1756 Quod
2553 1703 2683 1745 vero
2714 1687 3068 1759 septuaginta
3104 1686 3278 1742 fuisse
3301 1685 3495 1749 tradit,

1931 1783 2073 1840 male
2113 1798 2143 1837 a
2184 1781 2347 1839 bonis
2390 1781 2709 1836 actionibus
2750 1780 2981 1837 feriatos
3027 1792 3156 1835 esse
3195 1779 3397 1848 arguit,
3440 1785 3501 1831 ut

247 1853 399 1923 σχὼν
450 1856 889 1929 περισσεύματα.
922 1858 1031 1924 Οὓς
1077 1860 1170 1914 καί
1202 1860 1243 1914 o'
1285 1877 1482 1932 φησιν,
1513 1862 1591 1926 ώς
1641 1861 1829 1925 κακῶς

1937 1877 2000 1933 de
2036 1876 2171 1947 ipsis
2194 1890 2298 1931 vox
2326 1876 2421 1932 Dei
2445 1890 2544 1945 per
2577 1874 2773 1931 isaiam
2821 1880 2980 1929 sonet
3012 1887 3025 1927 :
3065 1891 3083 1924 ι
3136 1871 3373 1927 Sabbata
3410 1886 3502 1924 ve-

243 1945 361 1999 ἀπδ
388 1945 497 2000 τῶν
537 1948 789 2019 πράξεων
823 1950 933 2003 τῶν
981 1950 1202 2020 ἀγαθῶν
1250 1952 1704 2019 σαϐϐατίσαντας,
1753 1954 1829 2016 ώς

1937 1975 2042 2022 stra
2103 1967 2221 2023 odit
2268 1968 2452 2023 anima
2502 1984 2622 2025 mea
2678 1968 2743 2025 ⁸⁸.
2800 1988 2817 2021 ι
2888 1967 3061 2024 Porro
3118 1968 3235 2037 ipse
3281 1981 3503 2036 quoque

248 2037 392 2107 πρὸς
427 2038 624 2105 αὑτοὺς
653 2040 909 2110 λέγεσθαι
938 2042 1037 2113 τὴν
1071 2042 1292 2097 Ἢσαῖου
1337 2044 1522 2114 φωνὴν
1564 2045 1628 2097 ἐκ
1654 2043 1787 2097 Θεοῦ
1817 2060 1829 2074 ο

1927 2060 2189 2129 deinceps
2220 2060 2569 2117 Adonizebcc
2619 2061 2918 2130 pollicibus
2968 2061 3253 2115 mutilatus
3276 2058 3500 2117 Jeroso-

254 2126 392 2219 ira
424 2128 677 2219 Σάϐϐατα
704 2131 858 2202 ὑμῶν
898 2134 1105 2204 μισεῖὴ
1133 2133 1280 2203 ψυχή
1321 2150 1446 2204 μου.
1479 2151 1497 2185 ι
1530 2132 1640 2187 Καὶ
1668 2132 1830 2197 αὐτὸς

1937 2151 2087 2219 lymae
2115 2150 2371 2206 moritur.
2410 2151 2882 2217 Quemadmodum
2929 2151 3187 2209 Christus
3222 2152 3406 2208 vivere
3442 2153 3501 2208 in

244 2216 306 2270 δὲ
336 2217 527 2271 λοιπὸν
558 2219 916 2285 Ἀδωνιζεϐἐκ
935 2222 1433 2295 ἀκρωτηριασθεὶς,
1468 2225 1525 2276 ἐν
1557 2222 1826 2295 Ἰερουσα-

241 2308 364 2381 λὴμ
395 2312 856 2383 ἀποθνήσκει.⁹Ως
888 2315 997 2387 γὰρ
1027 2315 1092 2388 ζῇ
1127 2317 1363 2388 Χριστὸς
1395 2317 1453 2370 ὲν
1485 2316 1685 2387 Παύλῳ
1731 2319 1827 2371 καὶ

241 2401 364 2464 τοῖς
395 2403 514 2455 κατ’
536 2404 730 2470 αὑτὸν,
760 2404 902 2458 οὑτω
948 2405 1203 2476 θνήσκειν
1233 2408 1291 2460 ἐν
1320 2407 1505 2472 αὑτοῖς
1531 2409 1558 2461 ό
1583 2408 1827 2471 διάϐολος

242 2492 492 2562 λέγεται.
528 2496 591 2549 Οἳ
623 2497 717 2551 καί
741 2515 890 2567 φασι,
930 2515 951 2550 ι
984 2500 1160 2570 Χάρις
1192 2500 1250 2554 δὲ
1275 2500 1354 2571 τῷ
1385 2501 1505 2571 θεῷ
1526 2501 1603 2571 τῷ
1630 2501 1825 2555 διδόντι

239 2584 307 2637 τὸ
358 2587 508 2650 νῖκος
559 2588 691 2658 ἡμῖν
735 2589 823 2642 διὰ
870 2589 963 2643 τοῦ
1006 2591 1210 2663 Κυρίου
1263 2592 1419 2664 ἡμῶν
1466 2594 1640 2664 Ἰησοῦ
1689 2596 1826 2667 Χρι-

244 2691 403 2732 στου.
441 2694 460 2728 ι

1932 2240 2128 2306 Paulo,
2162 2248 2217 2298 et
2267 2242 2324 2297 in
2364 2243 2492 2299 aliis
2546 2244 2664 2299 suis
2714 2244 2994 2311 membris,
3044 2244 3121 2299 ita
3161 2245 3302 2299 mori
3330 2244 3385 2299 in
3420 2245 3501 2300 eis

1932 2332 2186 2388 diabolus
2249 2332 2473 2388 dicitur.
2530 2334 2634 2399 Qui
2684 2349 2818 2390 sane
2863 2335 3048 2391 aiunt:
3095 2353 3113 2386 ε
3150 2332 3336 2389 Gratia
3369 2348 3503 2390 vero

1932 2420 2042 2477 Deo
2101 2423 2198 2494 qui
2256 2423 2417 2480 nobis
2448 2424 2682 2479 contulit
2730 2424 3015 2479 victoriam
3068 2438 3165 2495 per
3205 2421 3503 2480 Dominum

1933 2522 2185 2569 nostrum
2217 2512 2404 2572 Jesum
2444 2513 2725 2572 Christum
2758 2516 2822 2570 ι’.
2860 2534 2878 2567 ι

319 2805 594 2865 Caeterum
623 2810 719 2866 lilii
747 2810 895 2868 Enac
927 2813 1029 2869 viri
1066 2815 1373 2872 immodicae
1423 2818 1823 2888 magnitudinis
1857 2829 2036 2887 erant,
2076 2837 2314 2892 quorum
2356 2838 2506 2888 ossa,
2546 2832 2604 2878 ut
2642 2820 2913 2893 Iosephus
2948 2821 3109 2880 testis
3138 2827 3243 2885 cst,
3270 2834 3369 2890 pro
3403 2823 3505 2879 mi—

243 2896 446 2953 raculo
480 2900 781 2955 etiamnum
814 2903 1261 2973 conspiciuntur.

321 3008 433 3062 Kai
469 3007 684 3076 δώσεις
713 3028 816 3080 μοι
847 3013 1149 3080 λύτρωσιν
1174 3012 1415 3081 ὕδατος.
1456 3012 1626 3070 Τοῦτο
1659 3017 1829 3087 πρόσ⁹

245 3114 435 3154 κειται
484 3102 597 3164 τοῖς
647 3102 706 3156 ἐν
740 3101 917 3172 Ἰησοῦ
955 3102 1300 3175 λελεγμένοις
1346 3106 1475 3176 περὶ
1506 3107 1696 3178 αὐτῆς,
1728 3109 1828 3177 ὲμ-

246 3192 443 3260 φαῖνον
492 3191 589 3262 τὴν
618 3191 707 3246 διὰ
743 3193 837 3247 τοῦ
871 3194 1030 3262 ἁγίου
1066 3195 1441 3266 βαπτίσματος
1474 3197 1685 3267 ἄφεσιν,
1721 3198 1829 3251 τῶν

244 3301 309 3338 τε
334 3285 438 3355 τῆς
471 3285 850 3355 ὑπερηφανίας
878 3286 1190 3357 ὑψωμάτων
1216 3288 1311 3341 καὶ
1343 3286 1439 3341 τοῦ
1463 3289 1830 3359 ἐπαιρομένου

246 3379 397 3433 κατά
419 3380 519 3451 τῆς
548 3380 801 3448 γνώσεως
829 3380 921 3434 τοῦ
950 3380 1110 3444 Θεοῦ,
1141 3382 1236 3436 καὶ
1264 3381 1373 3436 τῶν
1402 3382 1675 3437 ταπεινῶν
1704 3400 1832 3452 νοη-

250 3471 448 3542 μάτων
474 3442 579 3525 ’καί
611 3442 856 3541 γεωδῶν.
876 3474 934 3526 '0
963 3472 1019 3526 δὲ
1048 3442 1348 3545 Σύμμαχος
1383 3473 1614 3538 ἐξέδωκε
1638 3513 1653 3539 ,
1681 3442 1834 3543 Κτῆ-
1862 3442 1904 3502 C

248 3577 360 3616 σιν
386 3561 458 3616 ἐν
480 3563 882 3632 ὑψηλοτέροις
900 3565 998 3619 καὶ
1024 3562 1244 3633 κτῆσιν
1271 3566 1342 3619 ἐν
1370 3566 1835 3635 ταπεινοτέροις,

249 3653 438 3724 δηλῶν
461 3656 658 3724 κτῆσιν
688 3656 977 3726 νοημάτων
1013 3655 1363 3727 ὑψηλοτέρων
1386 3660 1453 3729 τῇ
1484 3657 1711 3729 θεωρίᾳ,
1746 3658 1840 3711 καὶ

250 3745 768 3816 ταπεινοφροσύνης
798 3747 898 3817 τῆς
924 3746 1019 3800 τοῦ
1046 3747 1296 3801 διαϐόλου
1324 3749 1426 3818 τὴν
1458 3748 1839 3820 ὑπερηφανίαν

250 3838 685 3911 διαφευγούσης.
720 3839 777 3892 Ὀ
824 3838 881 3893 δὲ
925 3838 1156 3904 Ἀκύλας
1209 3841 1379 3913 φησι,
1426 3839 1547 3909 Τὴν
1596 3840 1841 3896 Γολλὰθ

253 3928 377 3997 τὴν
410 3929 533 3984 ἄνω
584 3930 683 3985 καί
728 3929 843 3998 τὴν
892 3931 1139 3985 Γολλὰθ
1174 3931 1291 4001 τὴν
1339 3930 1531 3996 κάτω,
1582 3932 1838 4002 κτήματα

254 4017 407 4073 οὕτω
427 4018 719 4090 λεγόμενα,
754 4020 899 4092 ἅπερ
939 4020 1060 4075 ἀντὶ
1094 4021 1321 4093 προικὸς
1347 4020 1501 4091 ἠξίου
1536 4020 1689 4093 παρὰ
1730 4020 1841 4074 Χά-

251 4108 355 4162 λεϐ
389 4108 597 4163 λαϐεῖν.
619 4109 732 4180 Τῆς
761 4108 869 4181 γὰρ
894 4109 1146 4174 ἁλώσεως
1174 4109 1373 4179 Δαϐεὶρ
1408 4104 1571 4163 ἆθλον
1604 4104 1715 4179 εἶχε
1741 4109 1840 4180 τὴν

269 4198 807 4268 Ἀσχάν.Ἦϐούλετο
840 4199 898 4253 δὲ
931 4201 1024 4253 καὶ
1053 4202 1258 4271 προῖκα
1284 4200 1376 4253 τοῦ
1413 4200 1590 4271 γάμου
1632 4200 1835 4253 λαϐεῖν.

258 4291 377 4361 Τὴν
422 4292 533 4363 γὰρ
582 4293 738 4347 πόλιν
788 4294 928 4364 μετά
960 4296 1058 4363 τῆς
1088 4294 1347 4362 γυναικὸς
1375 4295 1650 4365 ἀριστεῖον
1680 4294 1839 4363 ἐκτή⁹

259 4400 416 4438 σατο.
447 4384 591 4454 Πλὴν
619 4382 681 4437 οὗ
708 4401 874 4455 φησιν
910 4386 943 4455 ἠ
973 4385 1167 4455 Γραφὴ
1200 4384 1408 4454 σαφῶς,
1434 4385 1517 4437 ὅτι
1554 4384 1654 4454 τὴν
1687 4384 1840 4438 πόλιν

259 4476 540 4547 παρέσχεν
577 4476 749 4548 αὑτῷ.

343 4569 451 4622 Ἐκ
473 4568 582 4636 τῆς
615 4570 848 4633 πόλεως
874 4566 992 4621 τῶν
1014 4567 1360 4633 Φοινίκωνς,
1375 4567 1636 4638 Ἱεριχοῦς
1655 4584 1835 4639 φησιν.

271 4660 441 4733 ’Δρὰδ
486 4660 542 4714 δὲ
595 4661 751 4724 πόλις
801 4660 1146 4732 Ἀμορραίων
1194 4658 1579 4729 παρακειμένη
1612 4660 1678 4729 τῇ
1708 4659 1840 4728 ἐρή-

2010 3018 2078 3074 Et
2108 3020 2261 3074 dabis
2293 3020 2425 3074 mihi
2455 3018 2859 3089 redemptionem
2883 3017 3114 3089 aqum”.
3140 3015 3256 3072 Hoc
3285 3018 3506 3075 enimin

1937 3113 2166 3168 historia
2184 3111 2350 3169 Josue
2378 3119 2464 3168 est
2477 3112 2522 3143 ⁵ο
2539 3112 2878 3181 adiunctum,
2895 3124 2959 3165 ac
2971 3126 3068 3180 per
3085 3118 3336 3167 sanctam
3358 3114 3508 3166 tinc-

1936 3201 2139 3258 tionem
2166 3217 2291 3258 cum
2318 3204 2569 3272 superbae
2599 3202 2871 3265 elationis,
2896 3208 3199 3271 contraque
3233 3202 3511 3271 cognitio:

1938 3310 2060 3350 nem
2094 3294 2338 3351 divinam
2392 3292 2792 3357 insultationis,
2837 3292 3225 3348 remissionem
3258 3292 3507 3357 denotat,

1938 3393 2052 3439 tum
2109 3383 2448 3456 abjectarum
2494 3392 2955 3454 tcrrenarumque
2990 3383 3406 3454 cogitationum.
3438 3383 3511 3437 At

1941 3475 2308 3547 Symmachus
2353 3474 2644 3545 exposuit,
2696 3475 3085 3542 possessionem
3139 3475 3194 3527 in
3224 3474 3511 3542 superiora}

1942 3567 2060 3631 bus,
2088 3574 2137 3621 et
2172 3567 2559 3636 possessionem
2606 3567 2661 3619 in
2700 3564 3065 3634 inferioribus,
3095 3579 3158 3620 ac
3196 3565 3376 3619 innuit
3432 3563 3511 3617 ia-

1941 3660 2199 3713 cultatem
2235 3659 2478 3715 caelestis
2536 3673 2600 3714 ac
2655 3658 2908 3713 sublimis
2956 3657 3331 3728 cogitationis,
3380 3657 3509 3711 item

1941 3747 2338 3802 humiliationis
2376 3764 2497 3817 qua:
2536 3748 2736 3803 diaboli
2790 3749 3163 3817 arrogantiam
3212 3748 3376 3816 longe
3426 3761 3533 3802 re-.

1942 3838 2139 3910 fugiat.
2198 3838 2396 3910 Aquila
2472 3854 2601 3893 vero
2664 3838 2741 3893 ait
2779 3857 2792 3892 :
2837 3836 3060 3892 Goltath
3102 3838 3424 3907 superiorem
3462 3845 3512 3891 et

1943 3931 2155 3989 Gallath
2201 3932 2531 4001 inferiorem,
2565 3930 2770 4001 praedia
2809 3929 2890 3984 sic
2924 3927 3236 3996 nominata,
3267 3943 3388 3997 qua:
3414 3925 3514 3985 do-

1942 4026 2015 4083 tis
2041 4025 2164 4080 loeo
2189 4040 2220 4079 a
2246 4024 2418 4081 Caleb
2454 4023 2716 4094 cupiebat
2744 4022 3021 4091 accipere.
3053 4017 3192 4074 Nam
3219 4020 3268 4074 ei
3292 4019 3385 4089 qui
3417 4017 3515 4073 De-

1941 4119 2028 4175 bir
2052 4119 2245 4173 urbem
2281 4118 2544 4187 cepisset,
2568 4116 2854 4187 pranninm
2890 4114 3109 4169 Aschan
3147 4111 3267 4166 ﬁliae
3307 4125 3513 4181 propo-

1941 4208 2109 4264 situm
2136 4215 2277 4266 erat.
2313 4206 2502 4262 Voluit
2534 4209 2721 4278 itaque
2757 4206 2944 4261 dotem
3001 4219 3222 4275 quoque
3252 4218 3377 4258 cum
3409 4220 3514 4258 nu-

1941 4306 2033 4369 pta
2065 4299 2290 4356 habere.
2324 4298 2510 4366 Quare
2546 4300 2736 4355 urbem
2773 4298 2985 4369 praemii
3034 4297 3154 4352 vice
3187 4312 3312 4351 cum
3344 4311 3515 4351 uxore

1942 4391 2302 4462 comparavit.
2334 4388 2597 4457 Quamvis
2629 4404 2737 4443 non
2796 4388 3000 4445 diserte
3039 4386 3207 4458 498
3247 4385 3515 4454 exprimat

1945 4483 2233 4553 Scriptura
2264 4483 2407 4552 quod
2446 4482 2635 4536 urbem
2669 4481 2719 4534 ei
2754 4478 3067 4550 praebuerit.

2014 4573 2099 4627 Ea;
2124 4575 2250 4628 urbe
2270 4574 2597 4643 palmarum.
2630 4570 2771 4643 [16.]
2806 4571 2880 4625 De
2905 4569 3123 4624 Jericho
3154 4567 3307 4632 dicit,
3340 4565 3512 4621 Porro

1948 4664 2090 4719 Arad
2125 4665 2259 4720 urbs
2274 4664 2840 4725 Amorrhaeorumest,
2867 4659 3048 4713 vicina
3076 4658 3296 4714 deserto
3313 4657 3510 4723 Cades,
3534 4682 3537 4685 ·

263 4772 353 4823 μῳ
405 4753 613 4823 Κάδης,
668 4752 789 4822 ἥτις
840 4750 960 4804 ἐστὶ
993 4750 1195 4821 Φαράν.
1232 4750 1345 4803 Καὶ
1388 4749 1503 4802 ἔστι
1552 4749 1647 4803 νῦν
1677 4748 1835 4821 κώμη

1946 4756 2050 4811 hoc
2078 4767 2161 4812 est
2211 4756 2449 4810 Pharan.
2505 4754 2617 4808 llac
2638 4759 2817 4807 autem
2872 4757 3197 4820 tempestate
3243 4750 3393 4807 vicus
3432 4760 3515 4806 est

259 4844 374 4899 ἀπὸ
406 4844 672 4913 τετάρτου
709 4843 939 4914 σημείου
973 4840 1305 4907 Μαλααθὼν,
1356 4840 1454 4912 τῆς
1502 4841 1559 4894 δὲ
1614 4840 1843 4911 Χεϐρὼν

262 4935 375 4992 ἀπὸ
408 4934 687 4990 εἰκοστοῦ.

332 5028 447 5098 Τῆς
476 5028 703 5098 Γραφῆς
732 5026 1018 5095 λεγούσης,
1049 5028 1124 5091 ώς
1148 5026 1246 5096 οὐχ
1276 5021 1421 5080 εἶλον
1455 5029 1509 5080 αἱ
1536 5026 1628 5079 τοῦ
1676 5024 1845 5080 Ἰούδα

260 5114 360 5170 καὶ
389 5113 484 5168 τοῦ
511 5115 736 5186 Συμεὼν
765 5116 933 5186 φυλαὶ
963 5115 1165 5181 Γάζαν,
1202 5115 1539 5185 Ἀσκάλωνα,
1575 5114 1837 5179 Ἀζωτον,

273 5205 585 5278 ’Δκκαρὼν,
636 5206 895 5278 Ἰώσηπος
936 5208 1049 5278 (48)
1095 5207 1410 5263 ’Δσκάλωνα
1457 5208 1553 5263 καὶ
1599 5208 1840 5274 ’Ἄζωτον

262 5365 312 5397 ⁵⁸
341 5363 387 5419 ll
416 5364 615 5421 Thess.
644 5381 706 5430 ιι,
762 5368 815 5421 li.
870 5368 914 5397 ⁸⁷
945 5365 1047 5421 isa.
1085 5383 1141 5431 λ,
1190 5367 1275 5421 Μ.
1340 5364 1386 5399 ⁵⁸
1420 5364 1522 5419 lsa.
1558 5382 1593 5430 ι,
1636 5367 1724 5431 15,
1760 5368 1845 5422 14.

1947 4846 2013 4900 ad
2054 4852 2309 4910 quartum
2340 4844 2575 4914 lapidem
2604 4856 2634 4896 a
2662 4840 2994 4909 Malaatbon,
3029 4841 3098 4897 ab
3129 4839 3349 4897 Hebron
3383 4855 3513 4897 vero

1944 4936 2011 4991 ad
2041 4936 2385 4992 vicesimum.

2013 5027 2151 5080 Cum
2172 5041 2305 5082 vero
2323 5026 2608 5097 Scriptura
2632 5026 2797 5093 dicat,
2822 5025 3002 5083 tribus
3028 5023 3167 5082 Juda
3183 5034 3237 5081 et
3271 5024 3515 5091 Simeon,

1948 5118 2172 5187 Gazam,
2202 5118 2459 5185 Ascalon,
2495 5120 2768 5184 Accaron,
2830 5117 3061 5172 Azotum
3106 5131 3217 5172 non
3265 5117 3511 5187 cepisse:

1947 5206 2221 5279 Iosephus
2244 5207 2476 5264 Ascalon
2511 5214 2566 5264 et
2585 5206 2817 5263 Azotum
2856 5207 3072 5277 cepisse
3105 5204 3322 5262 asserit.
3344 5203 3517 5261 Caete-

1958 5369 2001 5401 ⁸9
2034 5366 2052 5421 1
2085 5367 2213 5423 Cor.
2252 5383 2341 5433 xv,
2380 5367 2468 5423 57.
2514 5367 2559 5399 ⁵ο
2586 5364 2753 5422 Iosue
2776 5382 2828 5431 v,
2864 5364 2951 5419 l9.

1786 5498 2013 5555 NOTAE.

340 5613 639 5685 (48)"!15é
684 5615 857 5685 Ἰούδα
913 5615 1055 5685 φυλὴ
1098 5616 1192 5669 καὶ
1255 5616 1565 5685 Συμεωνὶς,
1600 5615 1697 5678 τὰς
1746 5616 1843 5685 μὲν

266 5682 413 5755 κατὰ
438 5682 542 5755 τὴν
571 5684 786 5755 ὀρεινὴν
807 5685 906 5751 τῆς
928 5682 1241 5755 Χαναναίας
1288 5682 1470 5746 πόλεις
1524 5685 1686 5755 εἷλον,
1737 5682 1845 5737 τῶν

266 5754 312 5808 δ’
338 5756 397 5825 ἐν
425 5754 505 5824 τῷ
529 5754 699 5825 πεδίῳ
726 5756 819 5807 καὶ
856 5756 988 5818 πρὸς
1013 5754 1254 5823 θαλάσσῃ
1294 5754 1608 5825 Ἀσκάλωνά
1639 5772 1699 5807 τε
1754 5755 1845 5807 καὶ

272 5824 541 5886 Ἄζωτον.
571 5824 873 5892 Διοφεύγει’
901 5825 945 5879 δ’
969 5826 1169 5887 αὐτοὺς
1200 5826 1347 5889 Γάζα
1382 5826 1469 5879 καὶ
1524 5824 1825 5894 ’Λκκάριι)ν.

1952 5616 2136 5679 κακῶς
2163 5617 2379 5669 ἐποίουν
2411 5616 2535 5675 τοὺς
2557 5614 2898 5674 ἐπελθόντας.
2957 5611 3043 5663 Ἐν
3092 5611 3230 5679 βιϐλ.
3280 5610 3332 5663 5.
3391 5628 3512 5678 κεφ.

1952 5687 2004 5738 2.
2072 5688 2204 5755 Περι
2241 5687 2487 5739 Ἰουδαῖκ.
2545 5684 2855 5755 ἀρχαιολοέ
2894 5681 2986 5755 Οὑ-
3018 5681 3160 5733 πάνυ
3300 5680 3519 5755 σαφὲςὸ

1954 5750 2207 5833 περὶ]ᾲῦ
2249 5756 2511 5833 Ἱωσήπρυ
2558 5750 2722 5831 φησὶν
2752 5750 3137 5833 όθῌροκνόττιοςδἰ
3190 5750 3280 5833 Εί⁹
3306 5750 3379 5818 μὴ
3436 5752 3515 5812 τὸ,

2076 5824 2125 5877 δ’
2163 5826 2217 5879 ἐν
2266 5823 2339 5895 τῷ
2371 5820 2715 5894 remugiat)“
2748 5823 2793 5876 τ’
2821 5820 2875 5875 ἐν
2904 5820 2978 5893 τῷ
3022 5820 3207 5889 πεδίῳ,
3260 5820 3324 5873 ἁν
3341 5835 3522 5888 αγνω-

271 5895 476 5951 Πεδίων
527 5896 635 5965 γὰρ
685 5896 885 5962 ὄντων,
940 5896 1033 5951 καὶ
1062 5895 1259 5968 πολλῆς
1284 5897 1540 5968 ἁρμάτων
1573 5894 1829 5966 εὐπορίας
1935 5894 2101 5965 σθείη.
