4058 6512
580 449 715 514 1047

1874 452 2230 514 PROCOPII
2269 452 2513 517 GAZAS!

3679 435 3794 502 1048

578 578 700 618 rum
720 560 921 623 Gazam
970 567 1028 615 et
1073 559 1325 615 Accaron
1357 568 1413 615 et
1464 568 1687 631 propter
1716 575 2060 630 camporum,
2093 571 2148 615 et

2271 559 2524 631 jlwxévat
2588 560 2745 628 φησι,
2812 554 2993 619 Γάζαν
3050 550 3110 606 δὲ
3165 549 3261 605 καὶ
3309 546 3589 619 Ἀκκαρὼν
3633 546 3713 604 διά
3748 566 3794 605 τι

577 670 841 716 curruum
862 651 1237 724 frequentiam
1257 667 1369 708 non
1401 662 1690 724 ceperunt.

2255 652 2326 705 τὰ
2368 651 2536 705 πεδία
2584 650 2695 703 καὶ
2732 647 2795 702 τὸ
2852 645 3060 717 πλῆθος
3105 642 3219 696 τῶν
3261 640 3523 712 ἁρμάτων
3566 639 3660 693 οὐκ
3695 640 3797 701 ἔλα-

2259 741 2375 799 δον.

646 850 951 908 Jebusmm
979 865 1098 904 vero
1145 850 1236 920 qui
1266 848 1616 921 Jerosolymis
1640 850 1938 907 habitabat.
1966 851 2030 925 [1,
2052 852 2146 925 ει]
2182 852 2505 911 Inferiorem
2532 848 2839 907 Jerusalem
2882 853 3101 917 captam
3142 858 3267 900 esse
3299 855 3465 913 supra
3492 839 3649 908 dixit,
3678 858 3799 901 nunc

581 954 714 997 vero
748 939 815 995 de
838 939 1128 1009 superiore
1153 953 1220 995 ac
1273 947 1534 993 montana
1569 938 1724 996 dicit.

653 1047 721 1101 lu
753 1056 947 1103 terram
978 1045 1248 1102 Chettiim.
1279 1045 1356 1101 De
1382 1044 1565 1117 Cypro
1608 1045 1765 1102 dicit.

652 1136 942 1209 Mageddo.
966 1136 1109 1210 [ελ]
1149 1136 1280 1191 Eam
1304 1136 1477 1193 Josue
1501 1152 1628 1210 rege
1659 1138 1836 1209 ipsius
1866 1139 2159 1196 interfecto

582 1230 749 1299 cepit,
784 1230 1063 1300 cessitque
1109 1229 1361 1285 Manasse
1404 1229 1596 1297 tribui,
1626 1246 1791 1301 quam
1822 1246 1933 1287 non
1986 1247 2154 1290 occu-

584 1320 754 1394 pavit.
788 1318 1025 1377 Exterus
1048 1319 1195 1374 enim
1237 1335 1346 1377 non
1380 1321 1603 1375 excisus
1642 1321 1862 1390 penitus
1902 1335 2026 1375 cum
2075 1321 2159 1376 in-

586 1411 941 1477 surrexisset,
968 1424 1090 1467 eam
1122 1426 1248 1466 cum
1276 1411 1401 1466 aliis
1439 1412 1638 1466 iterum
1690 1412 1856 1482 cepit.
1890 1411 2158 1468 Caeterum

480 1518 495 1524 ·
587 1501 756 1563 lsrael
783 1503 1003 1559 viribus
1023 1502 1375 1573 recuperatis
1404 1503 1704 1574 vectigales
1743 1517 1840 1560 eos
1864 1503 2017 1559 fecit.

657 1674 1001 1731 Habitatores
1046 1676 1251 1730 Ancho.
1301 1673 1444 1748 [5L]
1492 1675 1569 1732 De
1629 1692 1696 1732 ea
1758 1690 1923 1747 quam
1992 1678 2159 1735 hodie

588 1768 978 1829 Ptolemaidem
1010 1776 1211 1822 vocant
1242 1767 1402 1823 dicit.

659 1856 774 1912 Nec
813 1858 1143 1912 habitatores
1203 1857 1335 1913 Dor.
1374 1856 1556 1914 Limes
1602 1858 1751 1914 enim
1786 1858 1901 1919 haec
1928 1859 2168 1917 duarum

587 1948 828 2011 tribuum
849 1957 988 2005 erat.

2338 1052 2439 1115 Εἰς
2468 1047 2583 1119 τῆν
2612 1046 2897 1116 Χεττιιείμ.
2925 1044 3039 1116 Τὴν
3064 1042 3293 1111 Κύπρον
3319 1038 3474 1109 φησί.

2340 1140 2460 1208 Τὴν
2503 1137 2811 1208 Μαγεδδώ.
2861 1136 3083 1207 Ταύτην
3105 1130 3252 1187 εἷλεν
3291 1130 3502 1202 Ἰησοῦς
3528 1130 3556 1183 ό
3581 1129 3804 1182 ἀποκτεί-

2262 1245 2358 1293 νας
2384 1228 2558 1299 αὐτῆς
2583 1229 2674 1281 τὸν
2702 1226 2929 1298 βασιλέα
2949 1243 2963 1257 ·
2996 1224 3094 1280 καὶ
3120 1224 3314 1293 γέγονε
3336 1220 3513 1290 φυλῆς
3537 1218 3802 1288 Μανασσῆ·

2267 1319 2332 1391 ἢν
2386 1320 2447 1373 οὗ
2498 1319 2787 1389 κατέσχεν.
2839 1319 2900 1371 '0
2945 1317 3054 1389 γὰρ
3118 1312 3423 1383 ἀλλόφυλος
3478 1310 3579 1365 οὐκ
3627 1308 3807 1379 ἔξαιρε.

2265 1412 2397 1477 θεὶς,
2430 1411 2727 1474 ὲπισυστάς
2772 1398 2936 1465 πάλιν
2986 1404 3135 1461 εἶλεν
3181 1406 3351 1474 αὐτὴν
3384 1405 3481 1458 καὶ
3527 1402 3626 1464 τὰς
3652 1401 3806 1463 ἄλλοις.

2278 1500 2495 1574 Ἰσραὴλ
2514 1500 2571 1555 δὲ
2594 1501 2754 1557 πάλιν
2786 1498 3032 1571 ἰσχύσας,
3062 1496 3376 1568 ὑποφόρους
3405 1495 3629 1556 τούτους
3655 1490 3810 1562 είργά-

2270 1614 2401 1655 σατο
2408 1634 2421 1649 .

2332 1691 2533 1765 Ἀγχὼ,
2554 1691 2655 1763 τὴν
2679 1688 2774 1755 νῦν
2799 1686 3144 1757 Πτολεμαΐδα
3171 1685 3354 1755 φησίν.

2346 1863 2499 1920 οὐδὲ
2535 1862 2675 1927 τοὺς
2719 1859 3149 1925 κατοικοῦντας
3198 1857 3338 1925 Δώρ.
3410 1852 3679 1925 Μεθόριον
3730 1852 3819 1923 γὰρ

2272 1951 2340 2029 ἧν
2374 1955 2517 2027 αὕτη
2553 1954 2664 2010 τῶν
2701 1952 2797 2006 δύο
2825 1950 3031 2021 φυλῶν.

655 2040 836 2111 Supra
868 2039 1124 2096 Acrabin.
1155 2036 1422 2099 Monshic
1462 2038 1673 2105 ludam;
1734 2056 1931 2101 versus
1982 2042 2167 2102 orien-

2343 2045 2574 2100 Ἐπάνω
2621 2042 2923 2112 Ἀκραᾶίν.
2967 2041 3157 2113 Ὅριον
3201 2038 3363 2106 τοῦτο
3401 2037 3503 2110 τῆς
3542 2034 3820 2106 Ἰδουμαίας

587 2140 695 2192 tem
724 2138 831 2187 est.

654 2224 699 2278 Α
731 2232 882 2292 petra
902 2231 1154 2292 etsupra.
1189 2220 1278 2295 ιιι,
1318 2220 1399 2295 1.]
1426 2220 1573 2280 Urbs
1595 2230 1680 2280 est
1708 2222 1953 2280 Idumaei.

658 2316 889 2387 Angelus
951 2316 1191 2371 Domini.
1231 2314 1382 2387 Euge
1430 2314 1525 2373 Dei
1589 2316 2010 2386 humanitatem,
2071 2319 2167 2389 qui

586 2414 919 2478 peccatores
950 2407 1161 2473 erudit,
1176 2405 1428 2464 infirmos
1454 2409 1809 2479 consolatur,
1836 2416 1891 2471 et
1910 2408 2167 2473 lsraelem

589 2498 655 2553 ad
688 2498 952 2569 pietatem
974 2496 1207 2552 reducit.

661 2587 732 2643 Et
762 2588 973 2644 dimisit
1001 2586 1168 2644 Iosue
1191 2587 1469 2658 populum,
1493 2598 1592 2645 etc.
1614 2587 1720 2662 [6.]
1748 2588 2033 2660 Repetitio.
2060 2598 2167 2655 est,

589 2679 765 2736 multa
791 2688 917 2750 post
949 2688 1183 2736 mortem
1207 2679 1380 2738 Josue
1410 2680 1526 2752 jam
1561 2682 1865 2738 recensuit.
1896 2680 2170 2748 Quemad-

589 2768 817 2825 modum
848 2783 913 2825 ea
936 2784 1157 2841 quoque
1198 2771 1397 2842 repetit
1430 2786 1554 2841 qua:
1592 2770 1874 2828 defunctis
1895 2773 2002 2842 pie,
2030 2771 2168 2828 libe-

590 2860 791 2932 risque
838 2863 1083 2933 ipsorum
1130 2863 1317 2934 impiis
1368 2863 1517 2919 dicta
1557 2871 1709 2920 sunt.
1748 2863 1829 2919 Ad
1857 2878 1998 2935 quos
2038 2878 2172 2922 sane

590 2950 799 3008 missus
842 2960 928 3009 est
976 2952 1227 3024 angelus,
1262 2952 1357 3024 qui
1416 2968 1642 3009 causam
1686 2955 1975 3025 proposuit
2005 2969 2170 3025 quam

592 3045 665 3107 ob
687 3046 877 3103 hostes
917 3062 1051 3104 suos
1087 3062 1354 3117 superare
1416 3063 1526 3104 non
1553 3058 1872 3120 potuerunt.
1897 3049 2171 3117 Quoniam

591 3152 726 3194 vero
766 3145 895 3210 post
914 3137 1211 3194 adventum
1252 3138 1432 3210 angeli
1469 3138 2017 3219 ejjularuut,judices
2036 3139 2173 3211 ipsis

592 3230 862 3289 excitavit
890 3230 1181 3291 Dominus.

2269 2136 2609 2207 ἀνατολικόν.

2350 2226 2496 2282 Ἀπὸ
2512 2225 2623 2297 τῆς
2642 2223 2862 2293 πέτρας
2878 2222 2975 2277 καί
2988 2220 3207 2285 ἐπάνω,
3231 2219 3388 2283 πόλις
3412 2218 3510 2272 τοῦ
3525 2216 3818 2285 Ἰδουμαίαν.

2342 2320 2630 2388 Ἀγγελος
2659 2314 2900 2384 Κυρίου.
2941 2308 3084 2382 Εὖγε
3112 2311 3213 2382 τῆς
3246 2309 3341 2365 τοῦ
3371 2306 3513 2364 Θεοῦ
3544 2306 3820 2376 φιλανθρω-

2270 2412 2425 2476 πίας.
2497 2407 2938 2480 Ἀμαρτάνοντας
3000 2402 3284 2468 παιδεύει,
3348 2401 3443 2455 καὶ
3506 2396 3820 2467 ἀθυμοῦντας

2270 2501 2588 2573 παρακαλεῖ
2620 2499 2756 2571 πρὸς
2786 2496 3071 2551 εὐσέϐειαν
3097 2493 3449 2564 ἐπιστρέφων
3472 2490 3570 2545 τὸν
3610 2488 3821 2560 Ἰσραήλ.

2339 2591 2449 2647 Kal
2490 2590 2921 2657 ἐξαπέστειλεν
2953 2588 3197 2655 Ἰησοῦς
3245 2586 3353 2641 τόν
3396 2585 3576 2643 λαόν.
3617 2580 3821 2635 Ἐπανὰ-

2270 2684 2455 2755 ληιιιις.Δ
2496 2682 2675 2737 Πολλὰ
2703 2681 2813 2752 γὰρ
2860 2675 3016 2734 εἶπεν
3058 2678 3160 2750 ήδη
3208 2677 3347 2750 μετὰ
3375 2676 3611 2731 θάνατον
3652 2670 3821 2742 Ἰησοῦ,

2270 2775 2345 2837 ὡς
2370 2775 2464 2828 καὶ
2491 2774 2558 2828 τά
2585 2760 2735 2841 ἑξῆς
2760 2762 3211 2843 ὲπαναλαμὸάνει
3257 2768 3327 2822 τὰ
3376 2767 3513 2838 περὶ
3544 2766 3654 2818 τῶν
3694 2766 3823 2816 εὐσε-

2272 2866 2381 2931 ϐῶς
2403 2864 2890 2934 τετελευτηκότων,
2922 2863 3020 2918 καὶ
3062 2862 3174 2927 τῶν,
3204 2860 3266 2927 ἐξ
3293 2860 3525 2926 ἐκείνων
3549 2857 3823 2927 ἀσεϐησάν-

2271 2976 2402 3023 των,
2441 2958 2580 3029 πρὸς
2627 2956 2722 3019 οὒς
2776 2959 2873 3011 καὶ
2915 2954 3198 3025 ἀπεστάλη
3245 2953 3274 3006 ὁ
3308 2952 3565 3021 ἄγγελος.
3607 2951 3714 3020 Τὴν
3735 2949 3830 3020 γὰρ

2272 3050 2451 3105 αἰτίαν
2483 3048 2848 3120 παρενέϐαλε,
2878 3046 2947 3101 δι’
2976 3046 3045 3117 ὴν
3089 3043 3479 3116 περιγενέσθαι
3510 3042 3622 3096 τῶν
3642 3040 3829 3112 ἐχθρῶν

2272 3145 2333 3198 οὐ
2360 3142 2704 3213 δεδύνηνται,
2767 3140 2909 3196 Ἀλλ’
2951 3124 3075 3193 tae.
3106 3138 3373 3203 ἐλθόντος,
3422 3136 3715 3200 ικλαυσαν,
3747 3132 3827 3186 τοῦ

2274 3234 2533 3304 ἀγγέλου,
2563 3234 2691 3297 τοὺς
2743 3232 2937 3303 κριτὰς
2965 3231 3146 3295 αὐτοῖς
3176 3233 3205 3285 ό
3245 3231 3450 3302 Κύριος
3480 3230 3723 3302 ἤγειρεν.
3736 3227 3829 3280 Ἐν-

2276 3325 2453 3381 ταῦθα
2480 3326 2589 3396 γὰρ
2611 3326 2645 3395 ἡ
2672 3324 2770 3395 τῆς
2796 3323 3005 3387 ἐννοίας
3038 3323 3318 3385 ἀπόδοσις.

662 3405 734 3461 Et
760 3406 986 3461 tradidit
1024 3407 1078 3461 in
1131 3423 1322 3462 manus
1346 3422 1528 3462 eorum
1570 3409 1663 3478 qui
1697 3407 2030 3477 diripuerunt
2055 3426 2165 3465 eos.

2340 3416 2453 3471 Kal
2522 3414 2866 3484 παρέδωκεν
2922 3413 3147 3480 αὐτοὺς
3207 3414 3295 3478 είς
3357 3413 3570 3481 χεῖρας
3636 3424 3827 3479 προνο-

595 3495 736 3571 [ιι]
771 3496 1109 3558 Verberibus
1137 3500 1352 3555 enimet
1371 3500 1659 3557 laboribus
1689 3502 1873 3556 anima
1892 3502 1959 3556 ad
2003 3517 2173 3573 agno-

595 3589 865 3646 scendum
891 3587 1183 3644 Dominum
1216 3589 1989 3661 redigitur.Quemadmodum
2018 3592 2173 3650 δετε-

2270 3508 2579 3581 μευόντων
2597 3545 2611 3573 ,
2633 3506 2733 3561 καί
2760 3506 3327 3575 κατεπρονόμευσαν
3351 3504 3599 3570 αὐτούς.
3619 3503 3830 3571 Πληγαίς

2274 3602 2384 3673 γὰρ
2415 3600 2513 3654 καὶ
2570 3599 2757 3662 πόνοις
2803 3598 2837 3669 ἡ
2880 3595 3030 3668 ψυχὴ
3055 3594 3395 3665 διορθοῦται,
3449 3594 3549 3661 τὸν
3578 3593 3829 3659 Δεσπότην

595 3683 737 3743 mias
775 3682 994 3755 inquit:
1053 3701 1073 3736 ι
1105 3682 1416 3745 Laboribus
1476 3692 1532 3741 et
1589 3683 1832 3756 ﬂagellis
1886 3686 2167 3743 erudietur

2276 3690 2735 3761 ὲπιγινὼσκουσα,
2766 3686 2910 3742 καθά
2940 3704 3109 3759 φησιν
3152 3685 3420 3757 Ἱερεμίας
3442 3703 3458 3718 ο
3502 3704 3522 3738 t
3545 3686 3729 3748 Πόνοις
3753 3684 3831 3737 καὶ

595 3775 901 3836 Jerusalem
931 3776 998 3831 ⁸¹.
1040 3795 1059 3827 ›

664 3865 817 3937 Regis
838 3864 1029 3936 Syriw,
1064 3864 1485 3935 Mesopotamiaz.
1526 3865 2056 3941 JosephusAssyriae
2086 3886 2176 3926 re-

2280 3783 2499 3855 μάστιξι
2531 3781 2891 3852 παιδευθήσῃ,
2928 3779 3306 3850 Ἰερουσαλήμ.
3336 3797 3355 3830 ι

2346 3872 2655 3938 Βασιλέως
2688 3872 2907 3940 Συρίας
2926 3872 3406 3941 Μεσοποταμίας.
3442 3870 3557 3941 (49)
3600 3869 3830 3938 Ἰώσηπος

598 3971 721 4025 gem
768 3972 891 4013 esse
932 3957 1101 4019 tradit
1154 3958 1629 4015 Chusaretathon.
1688 3960 1787 4016 Sin
1818 3977 1950 4017 vero
1972 3963 2075 4020 hoc
2101 3963 2167 4018 ita

2278 3965 2584 4037 Ἀσσυρίας
2614 3959 2756 4018 εἶναι
2788 3962 3011 4033 βασιλέα
3042 3964 3176 4034 φησὶ
3198 3965 3290 4018 τὸν
3304 3961 3762 4034 Χουσαρεταθὼμ.
3781 3959 3832 4010 El

598 4057 704 4116 est,
738 4048 913 4120 Syriae
967 4064 1197 4119 quoque
1252 4049 1383 4105 fuit.
1414 4049 1611 4117 Totius
1653 4052 1801 4119 enim
1824 4053 1971 4111 Asiae
2000 4054 2175 4126 impe-

600 4139 748 4195 rium
782 4139 997 4209 Assyrii
1032 4149 1353 4196 tenuerunt.

673 4233 743 4299 Et
765 4234 1127 4290 clamaverunt
1155 4235 1259 4305 ﬁlii
1289 4233 1464 4289 Israel
1489 4234 1561 4288 ad
1606 4235 1918 4293 Dominum.
1946 4236 2060 4309 ΠΗ,
2093 4237 2177 4311 9.]

601 4326 821 4381 Clamor
847 4325 940 4381 hic
963 4326 1180 4383 laudem
1235 4335 1509 4397 meretur,
1551 4328 1814 4398 quoniam
1860 4346 1928 4386 ex
1980 4330 2179 4401 resipi-

602 4419 815 4475 scentia
855 4429 940 4476 est
983 4418 1288 4489 profectus.
1312 4418 1393 4475 De
1449 4434 1556 4489 qua
1599 4418 1774 4475 David
1805 4436 2028 4492 quoque
2057 4422 2177 4478 ait:

607 4530 626 4563 ι
652 4509 900 4579 Domine,
934 4512 1167 4567 clamavi
1197 4512 1263 4566 ad
1284 4520 1357 4579 te,
1394 4511 1522 4567 audi
1548 4527 1636 4567 me
1670 4512 1740 4567 ”.
1781 4532 1799 4566 ι
1830 4514 2005 4570 Item:
2042 4532 2061 4567 ι
2099 4513 2175 4575 Ex

602 4602 894 4681 profundis
926 4604 1161 4659 clamavi
1189 4603 1255 4660 ad
1290 4613 1365 4671 te,
1404 4604 1638 4660 Domine
1669 4604 1735 4661 ⁸³.
1767 4624 1785 4658 ι

668 4694 741 4749 Et
794 4697 1127 4766 conﬁrmauit
1202 4696 1465 4752 Dominus
1516 4697 1705 4768 Eglom
1758 4713 1930 4767 regem
1970 4695 2180 4753 Moabi-

2277 4057 2336 4111 δὲ
2373 4058 2549 4122 τοῦτο,
2578 4056 2675 4111 καὶ
2705 4056 2928 4125 Συρίας.
2973 4055 3162 4126 nam;
3195 4058 3302 4129 γὰρ
3330 4051 3508 4127 ἦρχον
3536 4054 3640 4124 τῆς
3672 4051 3831 4115 Ἀσίας

2292 4147 2592 4217 Ἀσσύριοι.

2348 4238 2457 4293 Kal
2488 4236 2818 4307 ἐκέκραξαγ
2861 4240 2916 4293 οί
2960 4240 3075 4294 υίοὶ
3121 4237 3373 4306 Ἰσραὴλ
3421 4237 3578 4305 πρὸς
3617 4238 3829 4306 Κύριον.

2280 4329 2392 4400 Τὴν
2421 4328 2669 4399 κραυγὴν
2698 4327 2796 4399 τὴν
2826 4328 3119 4400 ἐπαινετὴν
3146 4330 3245 4399 τὴν
3276 4327 3367 4381 ἐπὶ
3407 4327 3690 4398 μετανοίᾳ,
3725 4325 3833 4394 περὶ

2278 4414 2346 4491 ἧς
2376 4435 2509 4489 φησι
2555 4420 2650 4473 καὶ
2695 4418 2859 4472 Δαὸίδ
2886 4435 2900 4448 ·
2951 4439 2969 4471 ι
2995 4418 3167 4485 Κύριε
3193 4460 3208 4484 ,
3254 4417 3536 4489 ἐκέκραξα
3576 4417 3712 4490 πρὸς
3762 4416 3835 4483 σὲ,

2280 4510 2598 4566 είσάκουσόν
2633 4528 2754 4583 μου.
2780 4532 2798 4563 s
2840 4512 2970 4579 Καὶ,
3010 4531 3029 4565 ι
3059 4508 3156 4579 Ἐκ
3188 4511 3397 4582 βαθέων
3446 4500 3720 4580 ἐκέκραξά
3745 4526 3832 4573 σοι,

2283 4602 2482 4672 Κύριε.
2525 4621 2545 4655 ι

2352 4694 2462 4747 Kal
2520 4693 2853 4763 ἐνίσχυσεν
2893 4696 2927 4749 ό
2974 4695 3121 4762 Θεὸς
3170 4694 3277 4749 τὸν
3313 4694 3553 4763 Αίγλὼμ
3596 4693 3835 4759 ,ϐασιλέα

604 4796 805 4842 tarum.
860 4786 998 4861 [ιι]
1056 4788 1315 4846 Secessio
1358 4790 1504 4846 enim
1557 4766 1657 4847 Dei
1715 4766 1974 4847 hostibus
2036 4790 2167 4845 viret

2288 4784 2485 4841 Μωάϐ.
2551 4784 2615 4838 Ἦ
2664 4785 2773 4857 γὰρ
2822 4785 2883 4850 ἐξ
2922 4786 3137 4857 Ἰσραὴλ
3178 4785 3529 4857 ἀναχώρησις
3576 4786 3671 4840 τοῦ
3717 4784 3834 4837 Θεοῦ

606 4878 997 4949 suppeditavit.

2287 4878 2402 4940 τοῖς
2433 4876 2712 4947 πολεμίοις
2747 4878 3011 4949 παρεῖχεν
3039 4877 3210 4949 ίσχύν.

674 4986 791 5042 Aod
835 4987 1007 5058 ﬁlium
1030 4988 1188 5056 Gera,
1210 4992 1384 5060 filium
1408 4988 1631 5045 Jemini.
1662 4989 1783 5062 [15}
1803 4988 2041 5048 Honoris
2058 4990 2232 5063 gratia
2255 4985 2457 5045 lemini
2481 4990 2686 5061 ipsum,
2706 4989 2810 5045 hoc
2830 5000 2935 5055 est,
2953 4990 3146 5046 dextra
3176 5003 3296 5044 mea
3321 4988 3639 5059 appellavit.
3660 4984 3833 5053 Quem-

607 5073 907 5131 admodum
962 5077 1134 5133 Chusi
1184 5093 1406 5150 quoque
1461 5094 1717 5135 summus
1764 5078 1987 5136 Davidis
2048 5079 2260 5136 sodalis
2305 5076 2400 5148 qui
2454 5077 2692 5133 consilia
2744 5077 3074 5147 Achitophel
3110 5077 3333 5147 disjccit
3409 5075 3613 5137 lemtni
3653 5089 3834 5144 cogno-

609 5171 797 5220 mento
854 5172 1105 5220 vocatur.
1165 5165 1342 5222 Porro
1382 5164 1547 5222 Eliud
1580 5166 1931 5237 interpretari
1966 5167 2118 5233 licet,
2167 5165 2375 5225 dexter.
2426 5165 2533 5232 Qui
2603 5166 2774 5238 igitur
2852 5166 3209 5227 ambidexter
3267 5180 3378 5221 non
3440 5164 3568 5230 fuit,
3598 5164 3687 5235 qui
3720 5158 3833 5216 nihil

610 5248 823 5305 sinistri
871 5248 1083 5306 habuit.
1110 5251 1214 5318 Qui
1254 5261 1506 5309 servator
1544 5254 1676 5310 item
1715 5254 1899 5310 dictus
1928 5262 2039 5320 est,
2083 5269 2211 5311 cum
2237 5261 2389 5311 totus
2419 5253 2614 5310 dexter
2662 5254 2757 5323 sit,
2790 5262 2845 5311 et
2884 5254 3034 5311 ﬁlius
3074 5253 3241 5321 Gera,
3267 5252 3428 5324 cujus
3460 5248 3833 5324 interpretatio,

612 5338 1092 5412 peregrinationem
1121 5355 1338 5395 cernens
1404 5348 1593 5398 sonat.

681 5470 789 5537 Qui
818 5472 1051 5542 regnavit
1081 5472 1133 5526 in
1170 5471 1373 5530 llasor.
1406 5472 1520 5546 HV,
1576 5474 1631 5528 Ξ.
1660 5474 1681 5547 ]
1729 5473 1902 5542 Quam
1925 5489 2059 5533 sane
2087 5492 2186 5538 $.0-

2370 5478 2472 5545 Ὂς
2499 5477 2991 5543 ἐδασίλευσενὲν
3034 5475 3237 5546 Ἀσὼρ.
3283 5474 3388 5529 Ἢν
3446 5472 3538 5528 καὶ
3576 5468 3732 5543 μόνην
3762 5462 3831 5517 ἐν·

675 5649 720 5682 ⁸⁸
744 5648 948 5709 Jerem.
973 5652 1123 5720 VI,7,
1159 5651 1213 5708 8.
1296 5651 1645 5721 “Psalmn,
1674 5653 1723 5711 Ι.
1789 5653 2194 5712 "Psal.cxx1x
2234 5655 2287 5709 l.

1609 5751 1615 5756 ’
2140 5768 2370 5826 sonu.

674 5883 783 5954 (ιθ)
859 5884 947 5939 Ἐν
1002 5886 1067 5953 τῇ
1122 5882 1266 5935 κατὰ
1316 5882 1413 5953 τὴν
1457 5883 1624 5948 Ὀξον.
1680 5882 1777 5953 τῆς
1800 5882 2185 5955 Γραφ.ἐκδόσ.
2238 5878 2402 5934 οὕτω.
