4058 6524
235 398 379 466 1049

1305 409 1847 475 COMMENTARII
1876 414 1959 476 IN
1994 416 2337 479 JUDICES.

3303 396 3307 401 ’
3361 424 3499 491 1050

225 513 478 586 ἔπρησεν
531 517 762 588 Ἰησοῦς,
816 517 892 583 ὡς
915 518 1025 573 τῶν
1077 519 1282 575 λοιπῶν
1337 522 1807 595 προκαθεζομένηε

1934 527 2041 582 lam
2077 527 2436 585 inﬂammavit
2465 528 2657 597 Josue,
2695 529 2899 604 'utpote
2930 532 3038 604 'qui
3088 530 3325 604 primum
3354 533 3501 592 inter

227 605 548 675 βασιλειῶν,
584 610 675 663 καὶ
703 608 975 680 ἄρχουσαν
1004 612 1114 665 τῶν
1142 612 1476 684 ἀλλοφύλων.

1930 619 2145 690 reliqua
2178 621 2361 678 locum
2396 631 2628 688 teneret,
2661 633 2714 681 et
2740 626 2948 682 exteris
2988 626 3356 697 imperitaret.

300 717 403 774 Est
426 733 559 810 vero
585 717 736 775 .labis
766 719 911 774 ultra
947 718 1249 777 Jordanem
1289 725 1489 794 posita.
1522 724 1679 781 Nunc
1704 740 1838 784 vero
1856 726 2014 787 vicus
2039 737 2123 787 est
2153 730 2223 787 ad
2263 731 2588 791 vicesimum
2616 735 2838 808 signum
2870 735 2901 791 ὲ
2933 736 3079 794 Pella
3107 736 3309 810 oppido
3326 737 3498 797 dissi-

226 816 355 865 tus:
398 809 465 863 ad
490 810 781 881 sexaginta
820 824 956 866 vero
992 812 1432 871 ascendentibus
1476 814 1763 871 Gerasam.

294 923 402 990 Εἰς
442 921 583 992 ὅρος
628 922 856 992 Βαθώρ.
912 926 1078 996 Ὄρος
1139 926 1336 998 Βαθὼρ
1380 928 1441 981 ὲν
1490 929 1559 1001 τῇ
1604 928 1815 983 πεδιάδι

225 1014 413 1069 κεῖται
440 1013 554 1069 ἀπὸ
580 1016 824 1086 σημείων
850 1022 880 1071 ι’
905 1018 1167 1071 Διοκαισα
1178 1018 1331 1089 ρείας
1357 1019 1499 1073 κατᾶ
1524 1020 1811 1084 ἀνατολάς.

229 1108 429 1179 ’Ὅριον
448 1107 507 1162 δὲ
542 1107 700 1161 τοῦτο
745 1108 920 1180 φυλῆς
960 1108 1213 1182 Ἰσσάχαρ
1252 1113 1348 1165 καὶ
1388 1111 1561 1182 φυλῆς
1596 1112 1819 1182 Νεφθα-

225 1198 366 1268 λείμ
384 1216 400 1231 ο
434 1194 504 1271 ἦς
534 1195 603 1272 ἦν
630 1199 802 1264 Κεδὲς
831 1201 864 1271 ἡ
890 1199 1044 1266 πόλις
1068 1203 1319 1274 ίερατική
1346 1220 1405 1257 τε
1436 1205 1530 1257 καὶ
1552 1204 1821 1275 φυγαδευ-

225 1290 428 1360 τὴριον
456 1290 555 1359 τῆς
588 1289 901 1354 Γαλιλαίας.

295 1382 406 1449 Είς
428 1381 671 1450 σκηνὴν
698 1381 861 1453 Ἰαὴλ
889 1384 1174 1455 γυναικὸς
1193 1385 1382 1453 Χαὸὲρ
1414 1383 1522 1441 τοῦ
1549 1387 1813 1443 Κιναίου.

224 1472 429 1544 Χάσερ
456 1474 550 1527 τοῦ
586 1475 834 1529 Κιναίου.
881 1475 1087 1540 Υἰωνὸς
1132 1467 1289 1540 οὗτος
1328 1476 1515 1548 Ἰοθὼρ
1548 1476 1640 1530 τοῦ
1671 1494 1817 1550 γαμ-

224 1565 368 1637 ϐροῦ
418 1566 722 1631 Μωῦσέως.
780 1568 877 1631 Ὃς
905 1567 1026 1622 ἐκεῖ
1063 1567 1257 1641 πρώην
1284 1569 1512 1638 διάγων,
1538 1569 1815 1641 θεασάμε-

223 1672 323 1721 νος
353 1655 450 1710 τοῦ
482 1657 720 1729 πολέμου
752 1656 849 1728 τὴν
878 1656 1087 1727 ἔφοδον,
1123 1660 1314 1731 πόρρω
1357 1675 1462 1712 που
1495 1659 1593 1728 τῆς
1634 1658 1817 1729 μάχης

224 1748 470 1817 ἐγένετο,
510 1750 606 1803 καὶ
646 1750 747 1822 τὴν
796 1750 995 1804 ἑαυτοῦ
1040 1750 1246 1822 σκηνὴν
1299 1748 1467 1822 ἔπηξε
1503 1751 1641 1824 πρὸς
1684 1750 1816 1824 δρῦν

223 1838 667 1909 ἀναπαυομένων
705 1839 938 1911 πλησίον
965 1840 1067 1912 τῆς
1094 1840 1281 1905 Κεδές.

298 1929 394 2000 Τῷ
419 1931 627 2003 Σισάρα
650 1930 792 2003 ὕδωρ
825 1931 1066 1985 αἰτοῦντι
1106 1932 1249 2002 γάλα
1274 1935 1605 2007 παρέσχετο,
1638 1934 1715 1999 ὡς
1745 1934 1814 1990 ἂν

1991 932 2056 988 In
2082 946 2308 992 montem
2325 936 2552 994 But/tor.
2577 938 2691 1008 [IV,
2706 939 2785 1013 6.]
2806 940 2865 995 In
2879 928 3108 1011 planitie
3132 940 3275 999 situs
3302 949 3409 1007 est,
3429 940 3497 996 ad

1921 1021 2197 1079 decimum
2242 1040 2274 1081 a
2324 1025 2667 1084 Diocazsarea
2713 1030 2948 1100 lapidem
2980 1031 3051 1087 ab
3083 1030 3319 1088 oriente.
3359 1030 3497 1086 Ter-

1927 1116 2111 1172 minus
2128 1131 2259 1173 vero
2282 1117 2373 1173 hic
2402 1126 2488 1175 est
2513 1119 2691 1176 tribus
2734 1120 2990 1177 Issachar
3040 1132 3096 1177 et
3120 1120 3495 1194 Nephthalim.

1926 1203 1985 1258 In
2013 1217 2125 1274 qua
2176 1204 2321 1259 tribu
2363 1203 2537 1262 Cedes
2561 1213 2677 1262 erat
2702 1207 2832 1264 urbs
2858 1208 3250 1278 sacerdotalis,
3286 1217 3340 1267 et
3372 1223 3497 1282 asy-

1925 1294 2035 1348 lum
2067 1293 2326 1350 Galilmae.

1995 1382 2064 1437 In
2097 1385 2379 1438 tentorium
2411 1383 2537 1440 lael
2570 1388 2753 1441 uxoris
2794 1386 2971 1444 flebor
3000 1388 3197 1444 Cenwi.
3225 1387 3366 1462 [17.]
3393 1389 3497 1445 Ne-

1921 1486 2021 1542 pos
2055 1470 2340 1531 Jethronis
2362 1476 2541 1532 soceri
2569 1476 2738 1533 Mosis
2767 1477 2859 1534 hic
2884 1487 2989 1534 est.
3020 1477 3124 1546 Qui
3164 1494 3289 1534 cum
3324 1477 3496 1535 Paulo

1921 1574 2052 1620 ante
2082 1563 2174 1619 hic
2202 1565 2332 1621 belli
2374 1574 2634 1621 eventum
2679 1575 3029 1639 spectaturus
3062 1576 3270 1641 ageret,
3304 1568 3497 1639 procul

1916 1669 1947 1709 a
1979 1671 2160 1727 pugna
2217 1657 2451 1713 exstitit.
2495 1657 2663 1730 5.99
2729 1658 2876 1714 Fixit
2947 1667 3134 1715 autem
3194 1657 3496 1715 tentorium

1916 1762 2078 1803 suum
2136 1748 2205 1805 ad
2253 1764 2522 1821 quercum
2580 1751 3050 1822 requiescentium
3100 1766 3272 1824 prope
3299 1751 3494 1809 Cedes.

1982 1922 2156 1980 Porro
2186 1940 2325 1982 uxor
2350 1925 2472 1997 ejus
2525 1924 2645 1982 Jael
2694 1926 2893 1983 Sisera
2932 1942 3131 1998 aquam
3174 1928 3382 2001 petenti
3412 1928 3497 1984 lac

222 2023 324 2076 καὶ
357 2023 561 2094 μᾶλλον
589 2023 666 2088 ὡς
689 2023 954 2097 εὐνοούσῃ
990 2025 1305 2080 πιστεύσειε
1330 2044 1346 2061 ο
1386 2027 1482 2082 καὶ
1511 2026 1807 2099 καθυγραν-

1916 2016 2172 2088 praebuit,
2198 2032 2310 2089 quo
2367 2018 2763 2083 benevolentia
2824 2018 3180 2076 simulatione
3227 2020 3493 2091 majorem

222 2112 369 2182 θεὶς,
404 2116 501 2170 καὶ
528 2118 642 2180 τοῖς
673 2116 1043 2189 περιϐολαίοις
1071 2117 1430 2190 θαλπόμενος,
1458 2118 1813 2191 κατενεχθείη

220 2206 367 2277 πρὸς
418 2207 605 2265 ὕπνον.
650 2209 957 2283 Ἐθάρῤησε
1002 2210 1059 2264 δὲ
1103 2211 1204 2282 τὴν
1247 2212 1421 2283 ἀρχὴν
1481 2214 1603 2274 ταῖς
1682 2230 1815 2283 προ-

219 2299 577 2371 ϋπαρξάσαις
607 2301 864 2367 σπονδαῖς
890 2301 1040 2374 αὐτῷ
1063 2319 1123 2357 τε
1149 2303 1246 2357 καὶ
1276 2304 1461 2377 Χάσερ
1486 2303 1581 2358 τοῦ
1600 2302 1806 2375 ταύτης

223 2388 448 2459 ἀνδρός.

299 2565 412 2620 Καὶ
447 2561 566 2639 ᾖσε
614 2568 879 2637 Δεϐὄὼρα
926 2570 1028 2625 καὶ
1070 2572 1272 2641 Βαράκ
1326 2570 1456 2639 υίὸς
1504 2571 1815 2641 Ἀμϐινεὲμ

220 2654 297 2715 ἐν
323 2654 402 2725 τῇ
426 2656 616 2726 ἡμέρᾳ
642 2657 867 2727 ἐκείνῃ,
900 2660 1208 2731 λέγοντες.
1250 2662 1340 2716 Ἐν
1370 2665 1438 2733 τῇ
1465 2662 1585 2734 θείᾳ
1620 2663 1813 2735 Γραφῇ

218 2748 426 2820 πρώτη
454 2749 553 2821 μὲν
579 2748 693 2822 ᾠδὴ
728 2751 763 2822 ἡ
808 2751 869 2807 ὲν
905 2756 970 2824 τῇ
1014 2753 1209 2825 Ἐξόδῳ
1229 2768 1244 2783 '
1282 2755 1571 2827 ι’ᾼσωμεν
1596 2755 1674 2828 τῷ
1698 2759 1813 2811 Κυ-

226 2841 358 2919 ρίῳ,
394 2841 620 2908 ἐνδόξως
675 2841 787 2915 γὰρ
828 2842 1163 2911 δεδόξασται.
1208 2864 1226 2897 ι
1262 2845 1502 2917 Δευτέρα
1531 2848 1565 2917 ή
1595 2849 1652 2902 ὲν
1701 2850 1814 2911 τοῖς

235 2932 523 3005 ’Δριθμοῖς
570 2933 669 2987 ἐπὶ
694 2933 776 3007 τῷ
820 2937 1020 3007 φρέατι
1040 2952 1055 2966 ο
1086 2938 1246 3009 τρίτη
1278 2938 1339 2991 ἐν
1386 2936 1465 3009 τῷ
1492 2940 1815 3009 Δευτερονο-

225 3026 345 3097 μίῳ
370 3041 388 3057 ο
418 3044 439 3078 ι
462 3024 739 3098 Πρόσεχε,
771 3028 993 3099 ούρανὲ,
1027 3030 1125 3083 καὶ
1153 3028 1393 3101 λαλήσω.
1432 3048 1451 3083 ι
1474 3030 1720 3101 Τετάρτη
1756 3031 1814 3083 ὲν

218 3114 345 3180 τοῖς
369 3115 627 3189 Κριταῖς,
658 3120 692 3190 η
723 3120 999 3192 παροῦσα.
1028 3122 1150 3194 Χρὴ
1174 3123 1231 3176 δὲ
1258 3123 1350 3176 τὸν
1373 3123 1649 3193 ἑφθακότα
1677 3121 1812 3176 ταύ-

220 3224 329 3279 την
357 3208 528 3281 ᾅδειν,
561 3212 680 3284 ἦτοι
722 3211 985 3283 μέλισσαν
1030 3213 1134 3285 ἤδη
1171 3215 1458 3283 γεγονέναι
1488 3233 1501 3247 ·
1551 3213 1813 3285 Δεϐδῶρα

222 3299 339 3370 γὰρ
364 3299 541 3366 οὕτως
586 3302 958 3374 ἑρμηνεύεται
984 3320 999 3337 ⁸
1055 3305 1091 3377 ἢ
1135 3306 1558 3378 ἀναϐεϐηκέναι,
1587 3306 1715 3359 ὥστ’
1744 3306 1811 3360 ἂν

1913 2118 2149 2167 mereret
2174 2109 2377 2167 ﬁdem:
2409 2126 2510 2167 nec
2541 2125 2655 2167 non
2701 2110 3079 2179 liumectatus,
3115 2113 3493 2184 stragulisque

1912 2200 2215 2259 calefactus
2280 2202 2334 2259 in
2380 2218 2641 2260 somnum
2694 2204 3066 2261 delaberetur.
3126 2205 3260 2272 Quae
3317 2206 3493 2261 ollicia

1915 2294 2104 2351 Sisera
2129 2296 2337 2367 recepit
2366 2297 2552 2352 statim
2591 2296 2841 2367 pristinis
2869 2296 3169 2353 foederibus
3197 2312 3319 2368 qua:
3350 2298 3496 2353 inter

1914 2388 2097 2459 ipsum
2136 2397 2192 2445 et
2250 2386 2431 2444 Heber
2464 2388 2727 2444 maritum
2762 2387 2884 2459 ejus
2923 2389 3357 2445 intercesserant
3382 2387 3494 2444 fre-

1914 2488 2028 2538 tus.

1987 2571 2404 2642 Cecineruntque
2457 2569 2701 2625 Debbora
2730 2579 2780 2625 et
2818 2570 2997 2624 Barac
3041 2569 3187 2640 ﬁlius
3221 2570 3493 2638 Minoem,

1914 2663 1970 2718 in
1995 2662 2090 2717 illo
2110 2663 2196 2717 die
2226 2663 2480 2718 dicentes.
2510 2661 2603 2736 [ν.
2637 2661 2717 2734 1.]
2740 2661 2983 2718 Primum
3010 2663 3065 2718 in
3092 2663 3294 2721 divinis
3320 2662 3493 2719 Litte-

1913 2756 1991 2812 ris
2011 2755 2307 2827 epinicium
2333 2755 2388 2809 in
2441 2753 2630 2810 Exodo
2684 2763 2805 2810 est:
2843 2773 2862 2808 ι
2902 2754 3215 2812 Cantemus
3254 2754 3496 2811 Domino

1913 2850 2041 2920 quia
2072 2847 2358 2917 magniﬁce
2392 2861 2547 2902 suam
2584 2847 3055 2918 magnificentiam
3083 2847 3335 2904 exseruit
3358 2847 3428 2901 “.
3470 2866 3490 2900 ι

1914 2936 2229 2994 Secundum
2262 2937 2318 2992 in
2348 2936 2629 3003 Numeris,
2662 2951 2832 3008 super
2865 2944 3033 3008 puteo
3054 2935 3121 2992 ⁵⁸.
3156 2936 3402 2991 Tertium
3435 2938 3492 2993 iu

1915 3031 2342 3087 Deuteronomio
2376 3048 2389 3085 :
2427 3049 2447 3083 ι
2474 3032 2733 3096 Adverte,
2763 3030 2988 3095 caelum,
3010 3044 3135 3084 nam
3177 3030 3373 3100 loquar
3388 3030 3490 3084 ⁵⁸.»

1912 3124 2177 3191 Quartum
2202 3124 2308 3179 hoc
2331 3139 2572 3195 praesens
2591 3124 2644 3179 in
2662 3122 2978 3181 iudicibus.
3004 3121 3228 3194 Oportet
3252 3138 3495 3193 prtecen-

1912 3223 2089 3269 torem
2131 3214 2300 3283 hujus
2331 3213 2600 3269 carminis
2630 3213 2715 3270 vel
2757 3227 2915 3284 apem
2945 3211 3139 3279 fuisse,
3167 3226 3290 3283 quae
3316 3211 3495 3266 nomi-

1912 3311 1997 3366 nis
2020 3308 2281 3365 Debborae
2310 3308 2693 3379 interpretatio
2733 3316 2840 3375 est,
2879 3315 2976 3363 aut
3010 3322 3133 3362 eum
3169 3306 3264 3377 qui
3296 3321 3495 3361 ascen-

220 3390 396 3446 αὐτὸν
440 3390 581 3449 εἶναι
628 3396 726 3450 καὶ
762 3397 1056 3468 ἀστραπήν
1080 3413 1096 3429 ’
1132 3396 1162 3450 ὃ
1203 3398 1268 3468 δὴ
1297 3400 1553 3470 σημαίνει
1578 3399 1803 3471 Βαράκ·

1915 3400 2075 3467 derit,
2134 3399 2384 3467 adeoque
2441 3399 2536 3470 qui
2589 3398 2775 3469 fulgur
2829 3399 2945 3463 sit,
3001 3394 3151 3467 quod
3212 3393 3496 3468 significat

218 3481 374 3557 ᾄδων
402 3483 545 3556 ᾠδὴν
569 3485 855 3551 ἐπινίκιον,
882 3487 1242 3543 ἐκλειπόντων
1273 3489 1539 3561 βασιλέων
1565 3492 1676 3545 τῶν
1706 3508 1803 3545 πο-

224 3572 533 3644 ρευθέντων
570 3576 721 3640 ὁδοὺς
742 3577 1205 3650 διεστραμμένας.

296 3663 463 3734 Δηλοῖ
488 3667 523 3736 ή
556 3665 746 3736 ῥῆσιςο
784 3687 803 3720 ι
844 3669 934 3724 Ἐν
963 3669 1043 3741 τῷ
1077 3670 1348 3742 ἄρχοντας
1380 3673 1438 3725 ὲν
1474 3671 1552 3742 τῷ
1589 3669 1804 3744 Ἰσραὴλ

219 3754 644 3824 ἀναφαίνεσθαι,
679 3776 698 3808 ι
737 3758 832 3811 καὶ
864 3759 956 3812 τὸν
984 3760 1112 3815 λαὸν
1150 3763 1338 3825 αὐτοῖς
1382 3762 1623 3817 ὑπείκειν
1648 3763 1804 3817 ἐκόν-

218 3863 312 3913 τα,
334 3846 431 3900 τὸν
458 3847 667 3919 Κύριον
704 3849 1001 3919 εὐλογεῖτε.
1043 3852 1213 3907 Ὅταν
1239 3855 1349 3927 γὰρ
1387 3856 1668 3928 συνδράμῃ
1700 3856 1802 3927 ἄρ·-

218 3956 335 4008 χων
362 3956 422 3993 τε
452 3940 681 4011 νόμιμος
711 3941 808 3997 καὶ
830 3942 958 4008 λαὸς
999 3944 1280 4017 εὐπειθὴς,
1322 3945 1605 4012 δοξάζεται
1634 3947 1766 4010 Θεός
1787 3964 1802 3981 ο

217 4030 281 4096 ἐξ
328 4026 393 4087 οῦ
430 4032 572 4103 ἀρχή
617 4050 677 4088 τε
727 4035 879 4091 πᾶσα
927 4038 1025 4092 καὶ
1068 4038 1222 4107 τάξις
1254 4040 1313 4093 ὲν
1365 4037 1445 4107 τῷ
1473 4038 1668 4093 παντί·
1709 4037 1803 4093 θά-

215 4138 381 4196 τερον
426 4125 538 4197 γὰρ
584 4124 812 4199 θατέρου
868 4129 1041 4201 χωρὶς
1118 4129 1343 4195 ἀσθενές
1401 4148 1462 4186 τε
1531 4130 1627 4184 καὶ
1679 4129 1808 4186 ἄτα-

216 4233 371 4273 κτον.

300 4398 449 4470 Ἐγώ
471 4402 594 4470 ειμι
638 4401 719 4467 τῷ
766 4403 966 4470 Κυρίῳ
1008 4401 1125 4473 ἐγώ
1169 4403 1574 4474 είμι,ᾆσομαι.
1618 4404 1806 4460 Ταῦτα

216 4492 332 4555 τοῖς
359 4491 643 4564 βασιλεῦσι
664 4492 774 4549 τῶν
795 4495 1109 4564 ἀλλοφύλων
1138 4496 1235 4550 καὶ⁵
1258 4496 1573 4567 σατράπαις
1591 4497 1759 4568 φησίν
1784 4512 1799 4526 ·

216 4581 293 4646 ὥς
320 4582 385 4636 οὐ
416 4585 485 4653 τῇ
516 4583 624 4653 ἐμῇ
648 4582 897 4654 δυνάμει,
931 4584 1067 4639 Θεοῦ
1100 4585 1157 4639 δὲ
1195 4586 1608 4656 συνεργοῦντος,
1640 4588 1805 4657 ἐκρά-

1902 3492 2097 3559 Barac,
2125 3491 2222 3562 qui
2255 3504 2481 3546 carmen
2508 3489 2800 3546 victoriale
2826 3488 2998 3546 cauit.

1972 3672 2245 3729 Caeterum
2283 3672 2589 3729 versiculus
2625 3670 2753 3726 ille:
2799 3688 2819 3723 ι
2850 3669 2990 3726 Cum
3041 3667 3377 3725 defecissent
3410 3683 3495 3724 re-

1902 3779 1998 3836 ges
2018 3763 2112 3835 qui
2139 3764 2193 3818 in
2222 3763 2327 3819 viis
2354 3760 2633 3832 perversis
2690 3761 2929 3833 ingressi
2975 3767 3157 3828 erant,
3194 3778 3215 3812 ι
3261 3760 3496 3843 indicat,

1904 3852 2185 3925 principes
2204 3852 2723 3909 lsraelisindixisse
2769 3852 2988 3908 laudem
3048 3850 3286 3917 Domini,
3320 3867 3498 3924 pepu-

1906 3946 2133 4016 lemque
2187 3944 2298 4000 illis
2345 3945 2581 3999 libenter
2655 3958 2866 3999 morem
2938 3941 3201 4015 gessisse.
3262 3942 3415 3997 Nam'
3446 3943 3492 3998 si

1903 4038 2165 4108 princeps
2227 4036 2531 4107 legitimus,
2583 4035 2935 4108 populusque
2992 4033 3307 4105 morigerus
3362 4047 3497 4088 con-

1905 4138 2153 4194 currant,
2191 4129 2363 4201 gloria
2418 4129 2510 4185 Dei
2563 4131 2866 4185 enascitur.
2922 4127 2985 4183 In
3041 4142 3108 4184 eo
3157 4126 3495 4198 principium

1906 4223 2155 4279 omnium
2181 4237 2365 4279 rerum
2399 4220 2650 4293 ordoque
2684 4220 2961 4286 consistit,
2981 4233 3220 4292 quorum
3255 4219 3492 4275 alterum

1908 4317 2029 4373 sine
2060 4316 2234 4371 altero
2267 4313 2546 4369 infirmum
2605 4322 2690 4369 est
2713 4329 2777 4368 ac
2808 4328 3090 4368 mancum.

1982 4404 2093 4477 Ego
2127 4405 2354 4458 Domino
2383 4420 2595 4458 canam.
2622 4402 2725 4476 [5.]
2758 4402 2854 4461 llis
2895 4404 2961 4458 ad
2988 4418 3146 4474 reges
3166 4409 3219 4458 et
3242 4410 3495 4471 satrapas

1906 4506 2223 4554 exterarum
2252 4498 2504 4566 respicit,
2533 4504 2882 4568 testaturque
2938 4509 3048 4550 non
3090 4493 3329 4565 propriis
3359 4489 3493 4546 viri-

1909 4590 2033 4653 bus,
2066 4603 2255 4644 verum
2282 4587 2376 4643 Dei
2428 4602 2535 4657 ope
2577 4601 2678 4642 eos
2728 4600 3039 4657 superasse.
3078 4583 3179 4639 Cui
3212 4597 3373 4647 cano,
3404 4582 3489 4635 in-

217 4690 384 4743 τησα.
414 4667 485 4744 ᾯ
524 4674 620 4728 καὶ
656 4673 788 4746 ᾄδω,
826 4675 1011 4746 φησιν,
1053 4675 1126 4739 ὡς
1167 4673 1326 4747 αἰτίῳ
1358 4676 1459 4746 τῆς
1494 4677 1672 4748 νίκης.
1707 4679 1805 4742 Ὃς

1915 4695 2097 4751 quam,
2145 4693 2475 4748 omnemque
2513 4677 2758 4731 victoriae
2820 4675 3041 4730 laudem
3116 4674 3336 4738 tribuo;
3398 4670 3492 4742 qui

218 4763 317 4817 καὶ
345 4762 440 4817 τὸν
472 4744 685 4836 Ἰσραὴλ
713 4744 996 4835 ἐξελέξατο
1017 4806 1032 4833 ,
1074 4764 1169 4818 καὶ
1207 4744 1353 4830 ἀξιοῖ
1383 4744 1577 4820 τούτου
1605 4744 1799 4822 ⁷καλεῖ-ο

1915 4772 2158 4828 lsraelem
2225 4785 2447 4841 quoque
2518 4770 2717 4841 elegit,
2785 4768 3019 4839 ejusque
3082 4765 3229 4822 Deus
3309 4763 3491 4820 vocari

218 4856 347 4912 σθαι
373 4857 532 4922 Θεός.

300 4952 409 5005 Ἐν
452 4948 533 5016 τῷ
561 4950 1001 5020 ἐκπορεύεσθαι
1028 4965 1105 5005 σε
1136 4950 1208 5005 ὲκ
1238 4952 1435 5020 Σηείρ.
1469 4950 1581 5023 Τὴν
1614 4949 1675 5017 ἐξ
1702 4952 1799 5005 Ai-

220 5040 434 5111 γύπτου
456 5040 622 5112 φησὶν
642 5041 899 5099 ἐπάνοδον
911 5040 1003 5096 τοῦ
1018 5040 1174 5107 λαοῦ,
1192 5043 1610 5114 προηγουμένου
1640 5045 1797 5113 Θεοῦ,

217 5131 309 5187 ὅτε
336 5130 613 5184 ἔσπευσαν
662 5131 932 5203 ἡγεμόνες
978 5130 1159 5203 Ἐδώμ
1186 5148 1201 5163 ⁰
1248 5132 1388 5203 ὅπερ
1427 5132 1661 5200 Ἀκύλας
1690 5153 1798 5209 φη-

219 5224 328 5289 σὶν,
361 5223 813 5295 ἐπλανήθησαν.

289 5314 406 5370 Καί
461 5332 527 5386 γε
554 5313 811 5383 οὐρανὸς
840 5313 1139 5384 ἐταράχθη
1172 5331 1189 5347 ·
1233 5317 1291 5370 αί
1314 5316 1606 5387 ἀγγελικαὶ
1633 5319 1796 5376 δυνά-

222 5423 350 5475 μεις
370 5408 453 5472 είς
488 5408 589 5477 τὴν
614 5407 755 5477 ὑπὲρ
780 5405 879 5467 τοῦ.
904 5407 1046 5461 λαοῦ·
1064 5408 1423 5481 διανέστησαν
1458 5412 1795 5482 συμμαχίαν.

217 5498 514 5552 Θιοδοτίων
565 5497 624 5551 δέ
674 5515 863 5570 φησιν,
908 5500 1171 5565 "Eo-eaEa
1220 5500 1505 5569 δρόσους.
1538 5504 1602 5557 Ὂ
1649 5503 1799 5573 δηλοί

218 5589 282 5643 τὸ
325 5588 459 5643 Ἐπί
495 5588 603 5643 τὸν
639 5590 795 5645 λαὸν
837 5591 1010 5658 ἕλεος
1052 5591 1159 5646 τοῦ
1196 5592 1367 5648 Θεοῦ.
1412 5594 1523 5646 Καὶ
1552 5594 1608 5645 αἱ
1644 5595 1801 5663 νεφέ-

226 5680 315 5735 λαι
335 5680 417 5750 δὲ,
454 5681 619 5753 φησὶν
642 5680 876 5749 ἔσταξαν
915 5682 1081 5755 ὕδωρ.
1106 5678 1407 5756 ”Επήγασε
1442 5685 1550 5757 γὰρ
1574 5684 1798 5755 διψῶντι

297 5858 344 5899 ⁸³
378 5857 552 5921 Exod.
585 5875 713 5929 xxv,
738 5860 786 5918 1.

1902 4864 2183 4934 dignatur.

1993 4953 2125 5009 Cum
2180 4954 2355 5009 exire:
2414 4969 2442 5009 e
2485 4951 2623 5009 Seir.
2677 4949 2782 5025 [4.]
2828 4950 3140 5007 Rcditionis
3196 4948 3383 5021 populi
3423 4965 3490 5008 ex

1911 5043 2168 5117 Egypto,
2227 5058 2394 5114 quam
2450 5042 2564 5098 Deo
2618 5040 2872 5099 fecerunt
2907 5042 3154 5112 auspice,
3217 5041 3487 5097 meminit.

1908 5132 2143 5199 Quando
2171 5133 2452 5203 principes
2501 5131 2676 5187 Edom
2718 5146 2814 5188 eos
2863 5131 3121 5188 insectati
3150 5139 3299 5187 sunt.
3333 5130 3493 5197 Quod

1906 5223 2106 5295 Aquila
2141 5225 2433 5295 exprimit:
2460 5222 2722 5280 Concussi
2752 5234 2899 5279 sunt.

1970 5316 2175 5373 Caelum
2203 5333 2332 5372 sane
2366 5328 2687 5371 commotum
2733 5326 2835 5379 est,
2878 5326 2987 5372 etc.
3021 5315 3207 5386 Copia:
3230 5314 3493 5387 angelicae

1896 5409 1952 5465 in
1984 5409 2251 5465 auxilium
2287 5407 2477 5479 populi
2501 5407 2946 5464 insurrexerunt.
2975 5404 3326 5463 Theodotion
3358 5422 3496 5461 vero

1906 5503 2110 5573 inquit,
2143 5499 2267 5556 Illis
2298 5500 2593 5555 destillavit
2648 5516 2844 5564 rorem,
2890 5500 3035 5569 quod
3074 5498 3216 5554 idem
3261 5513 3324 5554 ac
3356 5498 3491 5557 illud

1909 5604 2033 5651 cst:
2083 5594 2252 5660 Super
2277 5592 2469 5663 populo
2513 5590 2881 5647 misericordia
2937 5590 3052 5644 Dei.
3107 5590 3193 5645 Ait
3243 5591 3393 5653 item,
3433 5600 3488 5648 ct

1911 5688 2085 5744 nubes
2111 5688 2392 5745 stillarunt
2451 5699 2657 5756 aquas;
2715 5682 2923 5741 sitienti
2956 5682 3101 5739 enim
3127 5682 3327 5755 populo
3364 5682 3485 5745 fon.

896 5858 939 5893 ⁸³
964 5857 1127 5918 Num.
1160 5876 1275 5929 χιι,
1304 5861 1392 5917 18.
1472 5863 1517 5897 ⁵⁸
1539 5862 1696 5919 Deut.
1735 5878 1911 5929 usit,
1956 5863 2007 5920 l.
