4058 6516
631 380 762 455 1051

1931 394 2285 458 PROCOPII
2322 397 2567 461 GAZ/EI

3726 422 3840 492 1052

625 510 707 558 tes
750 501 1004 572 prmbuit.
1041 502 1199 571 Quod
1237 506 1695 578 signiﬁcationem
1738 508 1880 566 forte
1927 510 2064 582 legis
2113 526 2180 582 pe

2281 560 2286 570 _
2315 512 2431 583 λαῷ
2454 530 2467 544 ·
2507 516 2763 587 σημαίνοι
2797 518 2844 572 δ’
2885 518 2951 573 ἂν
2988 520 3120 587 ἴσως
3152 524 3249 579 καὶ
3283 524 3374 580 τδν
3423 527 3487 582 δι’
3520 532 3752 602 ἀγγέλων
3774 543 3845 595 v6-

626 594 847 663 augelos
880 594 1020 648 datae
1047 595 1249 652 habere
1281 598 1477 667 possit.

686 680 746 734 Μ
749 690 893 736 ante:
915 687 1156 739 concussi
1176 686 1415 758 sunt.[V,
1432 687 1515 760 5.]
1538 687 1901 762 Dignitatibus
1925 690 2067 747 inter
2081 706 2204 761 gen-

621 779 704 827 tes
735 775 1064 831 eminentes.
1100 776 1211 833 Aut
1258 786 1410 835 certe
1461 782 1630 835 etiam
1684 796 1874 837 eorum
1921 783 2203 854 principes

616 867 920 925 daamoucs.

688 957 847 1014 Sinni
878 961 997 1016 iste.
1025 961 1393 1033 Symmachus
1426 968 1716 1038 exposuit:
1782 968 1883 1025 Hic
1938 982 2017 1026 est
2046 971 2200 1038 Sina,

619 1052 774 1108 utsit
809 1053 1025 1110 Domini
1080 1056 1234 1113 Sina.
1285 1058 1422 1126 Quis
1500 1076 1634 1117 vero
1690 1062 1779 1118 hic
1838 1065 2103 1123 Dominus
2131 1068 2203 1123 sit

615 1144 1118 1204 subintulit.Perro
1146 1150 1234 1208 his
1262 1167 1508 1208 consona
1538 1153 1707 1211 David
1721 1173 1943 1228 quoque
1973 1161 2025 1214 in
2045 1174 2202 1215 sexa-

613 1237 827 1307 gesimo
889 1242 1127 1311 septimo
1157 1244 1371 1312 psalmo
1410 1247 1526 1301 ait:
1574 1264 1593 1299 ι
1622 1246 1788 1315 Deus,
1824 1264 1949 1305 cum
1971 1252 2199 1321 egrede-

612 1330 754 1386 reris
792 1340 919 1387 ante
953 1335 1216 1404 populum
1245 1340 1852 1404 tuum,cumtransires
1873 1342 1927 1397 in
1954 1343 2196 1407 deserto,

613 1428 762 1475 terra
790 1425 1146 1492 contremuit,
1175 1439 1230 1483 et
1250 1429 1375 1483 coeli
1408 1430 1686 1486 stillarunt
1706 1447 1736 1486 a
1757 1432 1899 1489 facie
1924 1433 2018 1489 Dei
2043 1436 2195 1504 Sina,

616 1525 646 1564 a
680 1511 823 1569 facie
840 1513 933 1569 Dei
964 1515 1245 1574 lsrael".i
1273 1519 1351 1576 Ac
1374 1521 1441 1576 de
1466 1522 1688 1578 Christo
1723 1540 1786 1580 ea
1820 1527 1986 1582 verba
2027 1544 2195 1586 usur-

2312 622 2413 674 μον
2438 605 2687 662 δοθέντα.

2382 698 2529 766 Ὄρη
2582 699 3030 769 ἐσαλεύθησαν.
3079 705 3144 761 Oi
3201 707 3311 762 τῶν
3366 709 3535 767 ἐθνῶν
3590 716 3646 768 ὲν
3684 720 3845 791 ἀρχαῖς

2305 787 2711 860 ὑπερέχοντες,
2787 793 2955 863 ἤγουν
3022 796 3072 850 οἱ
3130 796 3341 854 τούτων
3389 801 3645 874 ἄρχοντες

2308 894 2420 940 νες.

2378 969 2495 1043 ’1ίοῦ
2525 971 2691 1037 Σινᾶ,
2724 973 3024 1046 Σύμμαχος
3052 976 3307 1045 ἐξέδωκε,
3342 983 3525 1040 Τοῦτο
3562 986 3688 1043 ἔστι
3707 994 3840 1049 Σινά·

2305 1063 2389 1116 ἵνα
2428 1057 2487 1136 ᾗ,
2518 1063 2612 1116 τοῦ
2646 1065 2853 1138 Κυρίου
2886 1068 3037 1122 Σινά.
3068 1070 3164 1133 Τίς
3194 1071 3251 1125 δὲ
3282 1063 3440 1138 οὗτος
3477 1076 3507 1129 ὁ
3563 1078 3752 1149 Κύριος
3770 1084 3844 1137 ἐπ.

2302 1152 2551 1220 ενήνοχε.
2579 1151 2860 1222 Σύμφωνα
2892 1155 2950 1207 δὲ
2974 1156 3187 1222 τούτοις
3213 1162 3310 1214 καὶ
3330 1162 3537 1217 ὁΔαϐὶδ
3562 1166 3619 1218 ὲν
3651 1169 3720 1235 EC’
3743 1176 3846 1243 φησι

2297 1241 2497 1313 ψαλμῷ
2525 1260 2542 1276 ο
2576 1262 2595 1295 ι
2633 1243 2691 1297 '0
2722 1245 2856 1309 Θεὸς
2905 1250 2963 1301 ἐν
3008 1250 3087 1320 τῷ
3120 1252 3519 1324 ἐκπορεύεσθαι
3554 1276 3614 1312 σε
3655 1241 3845 1320 ἐνώπιον

2298 1330 2393 1383 τοῦ
2424 1331 2558 1386 λαοῦ
2611 1350 2730 1401 σου,
2781 1336 2840 1389 ὲν
2889 1336 2968 1409 τῷ
3009 1338 3310 1398 διαϐαίνειν
3353 1361 3415 1398 σε
3457 1348 3517 1399 ὲν
3563 1351 3629 1419 τῇ
3656 1350 3844 1423 ἐρήμῳ·

2297 1422 2369 1493 γῆ
2406 1423 2651 1496 ὲσείσθη,
2699 1428 2795 1481 καὶ
2828 1429 2878 1481 οἱ
2935 1430 3157 1501 οὐρανοὶ
3204 1433 3443 1502 ἔσταξαν
3481 1439 3595 1493 ἀπὸ
3658 1422 3842 1512 προσῶ.

2299 1531 2401 1567 που
2471 1516 2567 1569 τοῦ
2619 1518 2754 1573 Θεοῦ
2826 1521 2924 1575 τοῦ
2990 1523 3161 1590 Σινᾶ,
3223 1527 3333 1581 ἀπὸ
3410 1533 3703 1601 προσώπου
3772 1540 3845 1592 τοῦ

612 1610 727 1671 pat,
750 1607 843 1673 qui
874 1607 943 1661 de
977 1606 1099 1663 Seir
1124 1619 1180 1665 et
1209 1610 1377 1666 Edom
1400 1614 1640 1670 transiit.
1662 1613 1780 1682 Quo
1800 1618 2021 1674 nomine
2049 1619 2180 1677 Esat

2295 1603 2430 1657 Θεοῦ
2501 1607 2753 1679 Ἰσραήλ·
2810 1629 2830 1663 ι
2884 1614 2967 1676 είς
3014 1614 3105 1668 τὸν
3144 1617 3381 1688 Χριστὸν
3438 1622 3613 1676 ταῦτα
3676 1625 3847 1684 λαϐών.

615 1704 871 1762 vocatur,
903 1708 963 1754 ut
1024 1704 1182 1758 testis
1220 1712 1305 1759 est
1346 1704 1657 1775 Scriptura,
1702 1709 1825 1780 ejus
1864 1712 1957 1782 qui
2014 1712 2180 1786 imagc

615 1800 693 1821 ac:
731 1791 913 1821 nnnnl:
986 1793 1087 1821 Iun:
1149 1796 1351 1821 -..L,l:.:
1416 1799 1504 1821 -.-ε
1546 1815 1660 1821 ---μ
1711 1802 1814 1821 ιλ-
1862 1805 1873 1816 -
2149 1816 2160 1821 -

2302 1697 2401 1760 Ὃς
2455 1698 2648 1765 διαϐὰς
2700 1702 2766 1757 ἐκ
2819 1704 2985 1778 Σηεὶρ
3035 1708 3129 1760 καὶ
3188 1709 3395 1781 Ἐδώμ·
3453 1714 3599 1767 οὕτω
3630 1716 3729 1788 γὰρ
3776 1721 3850 1775 τὸν

2306 1788 2475 1821 ἠρ-π
2534 1792 2823 1821 u-‘l-?-n_l
2869 1814 3033 1821 --____.
3103 1801 3129 1821 At
3184 1801 3357 1821 n-,,,,u
3490 1804 3502 1821 υ
3562 1806 3637 1821 ιε
3747 1810 3767 1821 .-

613 1800 698 1841 eSt
731 1791 916 1859 populi
984 1793 1087 1865 legi
1147 1796 1376 1862 subditi,
1411 1799 1504 1868 qui
1540 1815 1664 1855 cum
1710 1802 1987 1861 belluinus
2017 1816 2180 1874 esset1

2306 1788 2477 1844 Ἠσαῦ
2534 1792 2823 1848 καλεῖσθαί
2867 1814 3034 1869 φησιν
3102 1801 3135 1871 ή
3183 1801 3397 1876 Γραφὴ,
3442 1804 3707 1877 σύμϐολον
3745 1810 3848 1865 ὅντα

612 1886 807 1935 contra
833 1880 1115 1939 Christum
1146 1884 1318 1943 Jaeob
1336 1900 1714 1957 nuncupatum
1740 1894 2018 1952 clamavit.
2053 1897 2180 1953 Nam

2294 1882 2389 1945 τοῦ
2445 1885 2683 1955 νομικοῦ
2730 1888 2897 1942 λαοῦ’
2955 1892 3014 1957 ὃς
3069 1892 3341 1968 θηριώδης
3393 1898 3850 1967 ὣν,ὲφώνεικατὰ

609 1970 664 2024 iu
720 1971 861 2028 duos
921 1978 1154 2047 populos
1197 1980 1457 2038 Rebeccae
1506 1984 1602 2039 lilii
1644 1995 1773 2065 sunt
1821 1992 2180 2061 assumpti.ls

612 2061 781 2097 tam...
807 2064 1065 2097 ρι...ι.......
1107 2085 1230 2097 ιω...
1264 2088 1323 2097 Α..
1365 2080 1507 2097 ιλ---
1556 2076 1676 2097 Α---
1702 2085 1762 2097 ν.-
1799 2093 1815 2097 Α
1840 2094 1851 2097 -
1879 2080 1891 2097 ς
1942 2081 1953 2097 .
1990 2082 2029 2097 ,.
2056 2083 2089 2097 ..
2138 2091 2148 2097 _

2293 1976 2531 2047 Χριστοῦ
2574 1981 3017 2050 χρηματίσαντος
3059 1986 3278 2042 Ἰακώϐ.
3323 1990 3419 2053 Ei;
3447 1990 3575 2055 τοὺς
3625 1993 3728 2045 δύω
3762 1996 3849 2065 γὰρ

2292 2067 2459 2097 Ἰηλὲ.-
2497 2072 2542 2097 ..ξ
2602 2072 2699 2097 .3-
2738 2071 3040 2097 0n-£1_--___
3101 2077 3143 2097 ιη
3171 2079 3182 2094 r
3220 2079 3265 2097 ,n
3507 2083 3520 2097 ι
3565 2081 3577 2097 ο
3654 2083 3776 2097 ..με

612 2061 781 2133 igitur
807 2064 1067 2124 Christus
1104 2085 1231 2125 cum
1261 2088 1326 2129 ex
1365 2080 1513 2129 terra
1550 2061 1769 2133 deserta
1794 2080 2180 2137 acinhabitata

2292 2067 2459 2133 λαοὺς
2496 2072 2545 2123 οἱ
2601 2072 2699 2142 τῆς
2738 2071 3040 2139 Ῥεϐέκκας
3096 2077 3413 2150 ἐλήφθησαν
3468 2081 3598 2135 υἱοί.
3654 2061 3847 2138 Μέλλων

611 2154 855 2212 transire
886 2158 1071 2225 vellet,
1094 2168 1298 2216 terram
1348 2164 1569 2232 quidem
1602 2167 1655 2222 iu
1685 2183 1853 2225 cruce
1885 2174 2180 2229 concussit.

611 2245 666 2277 Ι..
692 2248 889 2277 ,υκαι-...α
941 2265 1067 2277 ...ι-,ι
1126 2263 1444 2277 -..-.-.μ-.---
1510 2273 1567 2277 μγ
1640 2274 1686 2277 A-
1725 2260 1829 2277 _.-n
1953 2264 1967 2277 .
2152 2275 2158 2277 _

2291 2155 2385 2213 οὖν
2437 2159 2498 2226 ἐξ
2568 2162 2735 2216 αὐτοῦ
2802 2164 3143 2231 διαϐαίνειν,
3203 2171 3418 2241 ἐρήμου
3479 2174 3578 2226 καὶ⁸
3629 2178 3846 2245 ἀοικήτου

2289 2252 2656 2277 -..-...ι..-..,-,
2718 2254 2894 2277 an---
2954 2256 3047 2277 μιν
3139 2259 3150 2277 η
3270 2262 3297 2273 ..
3368 2264 3381 2277 .
3435 2264 3447 2277 .
3558 2264 3584 2275 -
3806 2267 3826 2277 -

608 2245 668 2300 1η
691 2248 890 2303 οωιιιιιι
941 2265 1070 2306 τοι-ο
1125 2263 1446 2323 assumptus
1503 2273 1568 2313 ex
1629 2274 1696 2314 eo
1717 2260 1920 2329 stillas,
1953 2264 2059 2320 hoc
2081 2275 2180 2332 est,

2289 2252 2675 2321 τυγχάνοντος,
2716 2254 2896 2308 ἔσεισε
2949 2256 3050 2326 μὲν
3099 2259 3201 2331 τὴν
3230 2262 3333 2332 γῆν
3363 2264 3458 2316 ἐπὶ
3487 2264 3585 2317 τοῦ
3624 2267 3844 2337 σταυροῦ,

609 2333 843 2402 spiritus
866 2336 1009 2392 dona
1040 2339 1285 2396 demisit.
1327 2342 1486 2400 Unde
1522 2355 1575 2401 et
1600 2349 1770 2418 cepize
1801 2352 1947 2418 coeli,
1984 2373 2001 2404 ι
2051 2356 2180 2422 Quis

2291 2341 2351 2406 ἐξ
2377 2345 2608 2416 οὐρανοῦ
2638 2348 2693 2400 δὲ
2733 2348 2996 2417 σταγόνας
3029 2351 3308 2424 ἐξέπεμψε
3359 2356 3459 2421 τὰς
3506 2357 3601 2411 τοῦ
3632 2333 3843 2430 πνεύμα-

606 2425 699 2481 ille
725 2428 820 2498 qui
856 2431 1006 2485 venit
1035 2447 1104 2487 ex
1140 2433 1360 2490 Edom?
1400 2457 1421 2491 ι
1466 2440 1827 2499 sciscitantur
1861 2446 1928 2499 ⁸⁸.
1983 2446 2180 2506 Deinde

2288 2449 2377 2496 τος
2409 2433 2618 2505 δωρεὰς
2643 2438 2979 2510 ἀναληφθεὶς
3026 2443 3107 2507 είς
3137 2444 3326 2500 αὐτόν.
3361 2448 3493 2502 Ὅτε
3527 2449 3625 2504 καὶ
3664 2452 3713 2504 αί
3748 2425 3845 2504 τού-

606 2532 718 2586 quo
763 2518 969 2577 Judaais
1012 2523 1162 2580 hunc
1218 2527 1584 2587 illustriorem
1609 2533 1836 2603 reddat,
1864 2538 2064 2609 inquit,
2094 2542 2180 2599 Dei

2288 2543 2381 2578 του
2415 2527 2678 2599 δυνάμεις
2710 2533 3093 2604 πυνθάνονται,
3131 2555 3149 2588 ι
3190 2538 3289 2601 Τίς
3323 2532 3481 2604 οὗτος
3519 2542 3549 2594 ὁ
3578 2544 3846 2613 παραγενό-

606 2607 847 2667 lsraelis.
904 2611 1037 2668 Nam
1098 2617 1193 2687 qui
1257 2621 1561 2690 majoribus
1621 2625 1677 2680 in
1744 2626 1872 2683 Sina
1909 2607 2183 2702 apparuit,

606 2708 808 2757 terram
856 2704 911 2760 in
981 2722 1146 2764 cruce
1215 2713 1535 2779 concussit,
1606 2726 1963 2791 vestramque
2025 2741 2184 2782 vesa-

605 2792 755 2847 niam
787 2795 1093 2867 redarguit.
1151 2799 1516 2865 Conturbavit
1556 2823 1722 2878 porro
1752 2814 1953 2869 caelum
1993 2817 2182 2884 etiam,

604 2884 743 2941 adeo
772 2896 831 2941 ut
859 2889 939 2943 sol
964 2891 1152 2948 radios
1183 2908 1314 2951 suos
1360 2901 1725 2969 contraxerit,
1762 2906 2042 2978 copimque
2072 2926 2185 2967 coe-

603 2973 771 3033 lestes
827 2979 882 3033 in
934 2984 1190 3051 passione
1222 2986 1383 3041 herili
1425 3000 1614 3046 essent
1668 2973 2024 3063 perturbatae.
2058 3001 2185 3067 Qui-

602 3066 708 3123 bus
742 3074 1009 3138 peractis,
1045 3075 1363 3145 Spirituales
1392 3080 1567 3137 nuhes
1608 3085 1966 3144 credentibus
1992 3090 2181 3148 divina

2291 2635 2450 2688 μενος
2500 2620 2807 2694 ἐξἘδώμ;
2863 2645 2882 2678 ι
2930 2623 3066 2682 Εῖτα
3100 2629 3290 2685 τοῦτον
3331 2632 3617 2699 Ἰουδαίοις
3648 2641 3846 2709 σαφηνὶ-

2288 2710 2418 2778 ζων,
2447 2716 2603 2785 φησι,
2633 2716 2770 2771 Θεοῦ
2797 2718 3038 2791 Ἰσραήλ.
3086 2722 3143 2775 '0
3177 2723 3287 2795 γὰρ
3318 2728 3511 2794 φανεὶς
3542 2731 3657 2792 τοῖς
3681 2732 3847 2801 ἡμετέ-

2291 2819 2403 2873 ροις
2439 2806 2724 2876 προγόνοις
2764 2810 2823 2862 ἐν
2852 2809 2931 2880 τῷ
2972 2812 3123 2878 Σινὰ,
3154 2814 3252 2887 τὴν
3294 2817 3400 2885 γῆν
3430 2818 3531 2871 ἐπὶ
3570 2819 3664 2873 τοῦ
3713 2838 3847 2875 σταυ-

2290 2895 2385 2963 ροῦ
2420 2900 2720 2965 συνέσεισέ,
2778 2902 2878 2971 τῆς
2908 2904 3186 2975 ἡμετέρας
3219 2907 3418 2977 μανίας
3478 2912 3561 2975 εἰς
3610 2912 3809 2983 ἔλεγχον
3831 2930 3843 2946 ·

2284 2986 2578 3060 ὲξετάραξε
2626 2991 2684 3045 δὲ
2736 2992 2955 3048 καὶτὸν
3014 2996 3264 3069 οὐρανὸν,
3317 3001 3473 3072 ἡλίου
3523 3003 3623 3068 τὰς
3648 3006 3846 3069 ἀκτῖνας

2286 3082 2688 3147 συστείλαντος,
2724 3085 2820 3138 καὶ
2842 3086 2953 3141 τῶν
2978 3088 3094 3142 ἐκεῖ
3120 3091 3404 3162 δυνάμεων
3434 3095 3533 3147 ἐπὶ
3560 3096 3641 3167 τῷ
3668 3100 3843 3151 Δεσπο-

602 3159 820 3217 εωιὶιιιε
859 3167 1215 3234 praebuerunt
1276 3172 1443 3227 dona.
1495 3173 1708 3232 Montes
1753 3178 1981 3252 insuper
2017 3185 2179 3240 etiam

2282 3174 2421 3245 τικῷ
2448 3175 2609 3229 πάθει
2655 3181 3106 3250 τεταραγμένων.
3163 3159 3301 3237 Μεθ’
3330 3185 3366 3239 ἃ
3399 3159 3624 3241 λοιπὸν.
3645 3192 3748 3253 τοῖς
3774 3208 3844 3243 πι-

602 3249 921 3320 spirituales
951 3258 1174 3313 malitia:
1205 3276 1301 3330 per
1334 3261 1646 3320 doctrinam
1695 3249 1979 3328 concussit
2017 3290 2193 3330 evau-.

599 3341 853 3411 gelieam.
901 3345 1040 3401 Cum
1098 3350 1245 3404 enim
1312 3352 1613 3410 lunatieum
1647 3370 1925 3427 curasset,
1962 3364 2177 3435 inquit:

605 3450 624 3485 ι
665 3433 719 3488 Si
741 3434 903 3491 ﬁdem
935 3440 1268 3509 habueritis,
1303 3444 1502 3503 dicetis
1550 3450 1725 3505 monti
1757 3454 1908 3521 huic,
1937 3433 2181 3515 Amolire

598 3533 671 3590 te,
696 3524 741 3556 ⁸³
776 3543 795 3576 ι
829 3526 910 3582 sic
944 3530 1089 3583 enim
1117 3534 1339 3588 vocavit
1379 3536 1707 3595 daemonem.
1763 3541 1937 3599 Porro
2003 3548 2174 3605 lilium

601 3616 767 3673 Israel
797 3619 993 3676 faciem
1029 3623 1250 3681 Domini
1282 3626 1375 3683 Dei
1410 3632 1587 3686 vocat.
1622 3651 1641 3685 ι
1680 3634 1866 3691 illuxit
1908 3640 2052 3695 enim
2084 3658 2174 3698 su--

599 3722 697 3777 per
725 3724 848 3777 nos,
870 3710 1067 3782 inquit,
1096 3714 1278 3772 lumen
1297 3717 1458 3789 500
1491 3722 1676 3779 vultus
1699 3726 2044 3792 tui,Domiue
2070 3734 2169 3789 ⁸ο.»

596 3797 701 3864 Qui
731 3802 1124 3869 praedicatione
1152 3812 1467 3880 evangelica
1498 3823 1691 3882 gentes
1741 3826 1795 3875 et
1824 3822 1994 3879 urbes
2043 3840 2176 3881 con-

596 3892 793 3947 cussit.
839 3893 906 3948 Ut
943 3895 997 3950 in
1037 3897 1236 3955 animis
1271 3905 1475 3958 nostris
1524 3914 1793 3966 terrorem
1838 3914 2172 3987 relinquam,

597 3996 663 4037 ac
702 3983 773 4039 ab
801 4000 995 4042 errore
1011 3996 1066 4043 et
1096 3995 1335 4049 terrenis
1360 3997 1763 4067 transitionem,
1784 3983 2173 4069 allectionibus

597 4070 653 4125 in
687 4073 846 4129 nobis
876 4080 1188 4135 concussis.
1230 4083 1308 4139 Ac
1336 4086 1409 4139 ita
1453 4088 1676 4155 quidem
1704 4108 1950 4162 praesens
1973 4108 2172 4158 cantus

596 4176 720 4216 cum
757 4164 809 4219 in
852 4166 1040 4225 hostes
1072 4171 1320 4233 visibiles
1345 4185 1486 4246 erat,
1506 4180 1575 4236 ad
1604 4183 1926 4253 spirituales
1947 4203 2045 4259 per
2074 4207 2171 4249 cos

595 4262 859 4317 recurrit.

666 4524 733 4582 In
759 4527 944 4585 diebus
978 4528 1209 4603 Samgar
1278 4537 1383 4607 ﬁlii
1429 4540 1625 4596 Analh.
1677 4542 1779 4618 [6.]
1813 4547 1891 4603 Ac
1918 4548 1966 4606 si
1998 4552 2171 4612 dixis-
2200 4538 2244 4592 Ῑ)

592 4626 677 4674 set
708 4635 724 4675 :
756 4621 824 4674 At
854 4622 968 4678 haec
1014 4625 1237 4695 quidem
1273 4638 1403 4684 tuuc
1437 4634 1726 4703 evenient;
1760 4654 1909 4696 nunc
1953 4659 2083 4700 vero
2115 4647 2170 4701 in

592 4710 792 4769 diebus
831 4713 1084 4786 Samgar,
1132 4717 1188 4772 in
1227 4718 1424 4777 diebus
1457 4722 1575 4780 Jael
1624 4726 1945 4788 defecerunt
1991 4752 2167 4807 reges.

592 4802 872 4869 Quantum
905 4821 1035 4862 vero
1080 4809 1146 4863 ad
1184 4810 1432 4868 historia:
1462 4814 1701 4872 litteram
1733 4821 1951 4888 attinet,
1988 4802 2170 4883 incer-

593 4903 683 4949 tus
719 4895 812 4950 hic
854 4895 1085 4970 Samgar
1122 4913 1225 4957 est.
1264 4903 1458 4961 Tradit
1500 4926 1631 4966 vero
1667 4911 1943 4985 Iosephus
1993 4935 2166 4991 regno

593 4981 815 5042 lsraelis
850 4988 1127 5045 delectum
1159 4993 1355 5063 fuisse,
1382 4998 1663 5071 vitamque
1690 5004 1870 5072 primo
1902 5010 2052 5079 regni
2080 5012 2164 5067 sui

592 5092 738 5134 anno
768 5078 1006 5138 ﬁniisse.
1040 5081 1157 5141 Jacl
1187 5102 1320 5143 vero
1362 5105 1481 5145 eam
1511 5108 1635 5149 esse
1660 5098 1734 5151 ait
1762 5115 1883 5169 qum
1919 5078 2160 5160 Sisaram

592 5166 895 5225 interemit.
937 5171 1113 5243 Cujus
1156 5181 1402 5247 tempore
1457 5189 1512 5234 et
1563 5166 1794 5256 Samgar
1834 5188 2161 5249 defecerunt

588 5272 769 5330 reges,
817 5270 873 5317 et
918 5279 1042 5318 cum
1076 5265 1129 5320 in
1173 5266 1298 5338 fuga
1342 5278 1522 5328 metus
1565 5274 1862 5335 invasisset
1910 5296 2025 5349 eos,
2064 5300 2161 5356 per

590 5351 789 5409 itinera
820 5366 971 5413 recta
1002 5374 1112 5415 non
1145 5370 1273 5417 sunt
1303 5366 1531 5430 reversi,
1552 5383 1740 5425 verum
1764 5389 1863 5443 per
1887 5377 2162 5447 obliquas,

589 5462 712 5519 qua:
735 5448 1056 5512 idololatriae
1072 5457 1298 5528 figuram
1330 5459 1624 5519 sustinent.
1649 5463 1975 5525 Dclccerunt
2009 5487 2158 5536 vero,

652 5622 701 5654 ⁸⁷
731 5622 872 5679 Psal.
923 5640 1089 5691 mu,
1120 5629 1168 5693 7,
1211 5631 1259 5683 8.
1342 5632 1514 5691 “lsa.
1554 5652 1672 5703 xm,
1722 5637 1766 5690 l.

2285 3264 2579 3319 στεύσασιν
2609 3268 2665 3321 αἱ
2715 3272 2903 3339 νοηταὶ
2949 3272 3169 3341 νεφέλαι
3204 3274 3305 3338 τὰς
3351 3276 3510 3341 θείας
3546 3278 3610 3345 ἐξ
3641 3279 3843 3349 οὐρανοῦ

2283 3361 2620 3431 παρέσχοντο
2680 3362 2909 3435 δωρεάς.
2947 3368 3085 3438 Ὀρη
3133 3368 3191 3423 δὲ
3230 3368 3312 3424 τὰ
3365 3375 3715 3444 πνευματικά
3763 3375 3843 3444 τῆς

2283 3452 2552 3524 πονηρίας
2609 3455 2865 3509 ὲσάλευσε
2920 3457 3008 3510 διὰ
3062 3459 3163 3529 τῆς
3204 3460 3575 3533 εὐαγγελικῆς
3624 3462 3840 3533 διδαχῆς.

2278 3542 2419 3613 Φησὶ⁸
2472 3543 2578 3614 γὰρ
2616 3543 2968 3616 θεραπεύσας
3018 3549 3109 3603 τὸν
3159 3550 3662 3623 σεληνιαζόμενον·
3712 3554 3841 3607 (Ἐὰν

2279 3632 2440 3704 ἔχητε
2480 3635 2687 3701 πίστιν,
2720 3638 2896 3708 ἐρεῖτε
2946 3641 3025 3712 τῷ
3069 3640 3185 3712 ὄρει
3233 3642 3436 3713 τούτῳ,
3477 3644 3835 3715 Μετάϐηθι-ι

2277 3726 2420 3781 οὕτω
2448 3728 2684 3794 καλέσας
2714 3731 2786 3784 τὰ
2810 3731 3089 3803 δαιμόνια.
3123 3734 3294 3789 Καλεί
3338 3736 3392 3789 δὲ
3423 3738 3719 3805 πρόσωπον
3745 3738 3839 3790 Κυ-

2279 3819 2395 3889 ρίου
2421 3819 2556 3874 Θεοῦ
2585 3820 2826 3894 Ἰσραὴλ,
2862 3824 2956 3879 τὸν
2983 3825 3117 3878 υἱόν.
3160 3844 3179 3878 ι
3209 3826 3560 3898 Ἐσημειώθη
3598 3829 3725 3901 γὰρ,
3756 3846 3838 3898 φη-

2278 3910 2384 3976 σὶν,
2412 3911 2496 3981 ἐφ’
2518 3912 2665 3982 ἡμᾶς
2692 3913 2754 3966 τὸ
2781 3908 2896 3983 φώς
2922 3914 3016 3969 τοῦ
3046 3916 3343 3987 προσώπου
3377 3935 3494 3984 σου,
3522 3920 3720 3992 Κύριε,
3756 3942 3771 3972 ι
3792 3919 3837 3982 ὃς

2275 4002 2352 4072 τῷ
2382 4003 2726 4075 εὐαγγελικῷ
2754 4006 3073 4078 κηρύγματι
3096 4008 3223 4080 ἔθνη
3248 4010 3342 4065 καὶ
3362 4010 3549 4075 πόλεις
3577 4011 3835 4066 διέσεισεν·

2274 4094 2361 4149 ἵνα
2387 4095 2480 4149 τὸν
2512 4097 2569 4150 ὲν
2614 4101 2733 4161 ταῖς
2773 4100 3074 4170 ἡμετέραις
3125 4101 3330 4173 ψυχαῖς
3391 4104 3707 4157 καταλείπω
3748 4120 3839 4157 σει-

2274 4185 2430 4256 σμὸν,
2467 4186 2559 4240 καὶ
2599 4188 2696 4259 τὴν
2730 4189 2910 4260 ὲκτῆς
2944 4190 3154 4263 πλάνης
3183 4193 3405 4247 καὶτῶν
3425 4195 3636 4264 γηΐνων
3689 4194 3834 4263 μετά-

2272 4293 2461 4331 στασιν
2497 4278 2604 4331 τῶν
2641 4281 2698 4332 ὲν
2742 4281 2875 4351 ἡμῖν
2898 4280 3267 4352 κλονηθέντων
3306 4284 3696 4338 παθῶν.οΰτω
3716 4286 3835 4355 καὶὴ

2270 4365 2525 4438 παροῦσα
2552 4368 2646 4422 νῦν
2662 4367 2773 4441 ᾠδὴ
2788 4371 2901 4434 τοῖς
2936 4370 3213 4442 πολεμίοις
3237 4374 3350 4437 τοῖς
3367 4376 3580 4444 ὁρατοῖς
3597 4373 3836 4444 ἐπεμϐαί-

2269 4476 2458 4520 νουσα,
2515 4459 2648 4532 πρὸς
2683 4460 2811 4524 τοὺς
2859 4463 3086 4533 νοητοὺς
3134 4462 3223 4518 διὰ
3268 4464 3472 4518 τούτων
3530 4466 3834 4537 ἀνέδραμεν.

2357 4552 2454 4604 Ἐν
2482 4552 2730 4621 ἡμέραις
2752 4554 3024 4624 Σαμεγὰρ
3062 4555 3195 4609 υἱοῦ
3241 4556 3440 4611 Ἀνάθ.
3484 4557 3633 4610 Ὢσεὶ
3660 4557 3830 4623 ἔλεγε·

2276 4642 2388 4697 Καὶ
2419 4642 2593 4697 ταῦτα
2626 4643 2727 4715 μὲν
2758 4644 2821 4698 τὸ
2856 4645 3166 4714 τηνικαῦτα
3217 4649 3535 4717 γενήσεται,
3569 4649 3684 4701 νυνὶ
3713 4648 3764 4701 δὲ
3785 4647 3831 4699 ὲν

2276 4735 2513 4806 ἡμέραις
2547 4735 2828 4806 Σαμεγὰρ,
2856 4736 2913 4788 ὲν
2940 4736 3176 4807 ἡμέραις
3205 4738 3351 4809 Ἰαὴλ
3382 4739 3665 4804 ἐξέλειπον
3696 4738 3829 4808 βασι·

2274 4825 2407 4889 λεῖς.
2444 4827 2614 4881 Ὅσον
2642 4826 2700 4880 δὲ
2722 4820 2857 4899 ἧκεν
2884 4830 2965 4892 είς
2994 4828 3092 4899 τὴν
3129 4829 3375 4900 ἱστορίαν
3406 4830 3505 4902 τὴν
3549 4831 3827 4900 γραφικὴν,

2274 4915 2471 4984 ἄδηλος
2499 4918 2526 4970 ὁ
2571 4918 2854 4989 Σαμεγάρ.
2906 4918 3173 4991 Ἰώσηπος
3215 4920 3275 4975 δέ
3310 4939 3476 4993 φησιν
3527 4922 3637 4993 (50)
3689 4921 3826 4975 αὐτὸν

2272 5008 2436 5080 ἄρξαι
2462 5009 2558 5063 τοῦ
2585 5010 2803 5083 Ἰσραὴλ
2828 5011 3141 5084 αἱρεθέντα,
3170 5014 3267 5067 καὶ
3288 5014 3593 5067 καταλῦσαι
3616 5013 3704 5067 τὸν
3731 5011 3826 5083 βίον

2268 5102 2327 5155 ὲν
2363 5101 2441 5171 τῷ
2484 5100 2688 5173 πρώτῳ
2724 5105 2821 5175 τῆς
2873 5104 3050 5176 ἀρχῆς
3102 5105 3238 5160 ἔτει.
3276 5106 3425 5176 ’Ῑαὴλ
3461 5106 3520 5160 δέ
3568 5124 3697 5177 φησι
3741 5104 3826 5173 τὴν

2267 5193 2563 5251 ἀνελοῦσαν
2614 5196 2707 5251 τὸν
2758 5197 2987 5270 Σισάρα.
3024 5199 3139 5270 Ἐφ’
3168 5194 3238 5272 ἧς
3274 5201 3373 5255 καὶ
3425 5202 3523 5256 τοῦ
3588 5198 3822 5271 Σαμεγᾶρ

2270 5286 2551 5353 ἐξέλειπον
2604 5289 2869 5360 βασιλεῖς,
2908 5290 3003 5345 καὶ
3046 5291 3285 5358 δεδιότες
3318 5295 3376 5348 ὲν
3404 5294 3484 5367 τῷ
3511 5293 3712 5366 δεσμῷ,
3738 5292 3821 5353 τὰς

2270 5376 2358 5429 ἐπ’
2388 5378 2610 5445 εὐθείας
2656 5382 2812 5446 ὁδοὺς
2854 5382 2956 5437 οὐκ
2984 5383 3311 5455 ἐτράποντο,
3344 5387 3446 5451 τὰς
3473 5387 3532 5441 δὲ
3549 5388 3818 5457 διεστραμ-

2275 5470 2554 5538 μέναςάἳ
2615 5474 2719 5545 τῆς
2771 5476 3227 5549 είδωλολατρείας
3285 5479 3597 5551 ὑπάρχουσι
3648 5478 3814 5541 τύπος.
3881 5564 3884 5567 Δ

1849 5639 1891 5670 “9
1926 5639 2116 5693 Matth.
2154 5657 2324 5704 rxvn,
2366 5643 2453 5699 20.
2526 5648 2568 5679 δθ
2598 5646 2745 5704 Psal-
2780 5666 2851 5717 1κί
2883 5650 2935 5705 δ’

2085 5774 2307 5836 ΝΟΤ

661 5828 779 5901 (50)
816 5832 954 5902 Ὅρα
985 5836 1089 5887 σελ.
1128 5838 1244 5893 ΗΟ.
