4058 6516
256 422 399 491 1053

1276 428 1819 491 COMMENTARII
1862 429 1946 490 ΙΝ
1981 429 2322 491 JUDICES.

3308 398 3309 401 γ
3378 433 3516 500 1054

264 540 574 606 Ἐξέλειπον
593 538 673 607 δὲ,
702 540 857 612 φησὶ,
883 540 1139 613 Φαραζὰν
1162 542 1219 599 εν
1251 542 1635 613 Ἰσραὴλ,ὃπερ
1661 542 1838 612 ἑρμη-

1952 540 2149 610 inquit,
2178 541 2467 594 Pliarazon
2496 540 2550 594 in
2584 540 2815 607 Isracle,
2856 542 3003 614 quod
3033 541 3079 599 si
3112 542 3516 615 interpreteris,

248 630 471 685 νεύεται
499 630 768 695 δυνατοί,
819 632 982 703 μέχρι
1031 631 1346 702 Δεὸϐώρας.
1392 632 1450 685 Ὀ
1468 633 1526 686 δὲ
1554 633 1832 704 Σαμεγὰρ,

246 722 535 792 πάροικος
558 723 741 794 δηλοῖ·
760 724 918 777 ’Δνὰθ
937 724 1014 787 δὲ,
1037 724 1418 790 ταπείνωσις,
1441 725 1473 795 ἢ
1494 724 1832 793 ἀπόκρισις*

259 814 412 887 Ίαὴλ
435 814 512 879 δὲ,
540 814 859 879 ἀνάϐασις.
902 814 1094 868 Ἦνίκα
1121 815 1304 868 τοίνυν
1336 815 1561 886 γένηταί
1581 832 1665 879 τίς
1692 816 1835 888 πάρ·

244 925 405 972 οικος
455 908 549 963 τοῦ
583 908 700 977 βίου
725 907 820 962 τοῦ
848 908 1117 980 παρόντος
1140 946 1157 973 ,
1187 909 1302 971 υἱὸς
1328 907 1403 963 ὢν
1432 912 1536 979 τῆς
1566 907 1837 962 ταπεινώ-

247 1016 420 1063 αεως,
466 999 611 1053 κατὰ
677 998 768 1052 τὸν
817 1000 1044 1053 εἰπόντα
1070 1017 1083 1032 ·
1132 1018 1151 1051 ι
1182 1000 1399 1053 Μάθετε
1430 1000 1527 1051 ἀπ’
1560 999 1719 1069 ἐμοῦ,
1751 1000 1837 1053 ὃτι

246 1092 437 1161 πρᾶός
476 1092 615 1161 είμι,
664 1091 759 1144 καὶ
781 1090 1035 1153 ταπεινὸς
1062 1092 1128 1161 τῇ
1154 1090 1390 1175 λιαρδίᾳ,
1414 1108 1433 1142 ι
1466 1090 1564 1143 καί⁵
1589 1090 1744 1161 τύχοι
1769 1090 1837 1143 δι’

245 1181 433 1251 αὐτῆς
457 1180 777 1245 ἀναϐάσεως
794 1195 807 1209 ·
844 1180 964 1244 ὁδὸς
1010 1181 1116 1251 γὰρ
1142 1178 1457 1252 ύψώσεωςή
1483 1181 1835 1245 ταπείνωσις

249 1272 457 1343 θεωρεῖ
494 1274 589 1326 καὶ
640 1273 767 1335 τοὺς
796 1272 1164 1343 πορευθέντας
1195 1271 1639 1344 διεστραμμένας
1683 1272 1839 1337 ὁδοὺς

250 1362 503 1433 βασιλεῖς
528 1362 988 1434 ἑκλιμπάνοντας,
1033 1364 1171 1435 πρὸς
1215 1363 1305 1427 οὓς
1352 1366 1485 1436 ἡμῖν
1509 1366 1542 1436 ὴ
1568 1364 1745 1435 πάλη,
1775 1364 1837 1417 ού

254 1456 399 1526 πρὸς
442 1450 580 1523 αἷμα
626 1455 720 1508 καὶ
764 1455 965 1525 σάρκα.
999 1456 1095 1518 Ὃς
1126 1455 1218 1509 καί
1266 1473 1401 1526 φησι
1444 1471 1457 1487 ο
1514 1475 1533 1507 ι
1561 1456 1839 1527 Πάροικός

250 1546 375 1613 εἰμι
424 1542 534 1612 ἐγὼ
599 1544 693 1597 καὶ⁵
738 1544 1185 1616 παρεπίδημος.»
1252 1547 1384 1611 Καὶ,
1432 1564 1450 1595 ι
1480 1547 1597 1599 Οὐκ
1644 1546 1842 1616 ἔχομεν

250 1628 362 1688 ὦδε
421 1636 688 1706 μένουσαν
738 1636 920 1702 πόλιν,
970 1638 1105 1691 ἁὶλὰ
1154 1637 1251 1708 τὴν
1300 1637 1605 1708 μέλλουσαν
1652 1636 1843 1707 ἐπιζη-

249 1726 486 1798 τοῦμεν.
510 1746 532 1781 ι

330 1820 463 1873 Ὀτι
492 1819 603 1887 ἕως
639 1819 939 1891 ἐξανέστη
959 1820 1156 1892 μήτηρ
1193 1822 1265 1875 ἐν
1308 1819 1391 1887 τῷ
1428 1819 1699 1889 Ἰσραήλ.
1731 1820 1843 1889 Τὴν

1947 642 2184 702 potentes
2252 640 2436 700 sonat,
2487 633 2555 687 ad
2621 633 2929 690 Debboram
2987 651 3187 706 usque.
3244 636 3518 693 Caeterum

1944 724 2180 794 Samgar
2218 723 2417 776 aduena
2456 724 2763 794 signiﬁcat;
2797 726 2976 781 Anatlt
3027 737 3209 783 autem
3242 727 3519 783 humilitas

1938 813 2055 869 Jael
2119 829 2248 869 vero
2290 818 2552 869 ascensio.
2615 815 2850 881 Quando
2902 816 3070 888 igitur
3112 818 3241 888 quis
3308 819 3517 873 advena

1938 906 1994 961 in
2051 906 2157 960 hac
2208 906 2465 978 praesenti
2496 906 2630 970 vita,
2671 906 2927 978 ﬁliusque
2969 909 3297 965 humilitatis
3333 909 3518 975 fuerit,

1938 1014 2003 1055 eo
2060 999 2222 1055 modo
2251 1015 2363 1068 quo
2408 1000 2523 1069 ipse
2566 1000 2738 1055 dictat
2783 1018 2797 1055 :
2850 1020 2869 1053 ‹
2906 1000 3114 1058 Discite
3166 1017 3196 1057 a
3248 1019 3334 1059 me
3370 1004 3518 1074 quod

1939 1092 2092 1148 mitis
2157 1107 2281 1148 sum
2343 1100 2398 1147 et
2439 1092 2609 1148 corde
2674 1093 2900 1150 humilis
2928 1096 2969 1127 ⁶¹
3009 1113 3023 1150 :
3062 1114 3082 1149 ι
3141 1098 3519 1153 ascensionem

1939 1198 2005 1239 ea
2061 1195 2471 1253 consequetur;
2507 1184 2869 1242 sublimitatis
2927 1187 3073 1241 enim
3104 1188 3192 1242 via
3240 1188 3523 1244 humilitas

1939 1281 2045 1328 est.
2081 1272 2233 1328 Videt
2261 1289 2482 1344 quoque
2536 1290 2694 1344 reges
2756 1290 2853 1345 per
2903 1276 3161 1347 obliquas
3216 1280 3335 1335 vias
3389 1293 3521 1350 pro.

1942 1361 2117 1418 lectos
2182 1362 2441 1431 deﬁcere,
2492 1378 2617 1419 cum
2653 1364 2879 1433 quibus,
2923 1380 3037 1421 non
3095 1383 3219 1422 cum
3262 1383 3429 1422 carne
3470 1377 3525 1423 et

1943 1455 2229 1525 sanguine,
2260 1455 2405 1510 lucta
2437 1456 2738 1512 exsistit“.
2766 1457 2869 1523 Qui
2903 1458 3095 1521 etiam,
3124 1459 3324 1527 inquit,
3349 1477 3368 1509 ι
3408 1457 3524 1511 Ad-

1941 1564 2081 1604 vena
2138 1562 2259 1603 sum
2310 1562 2412 1619 ego
2468 1563 2532 1603 ac
2589 1549 2919 1619 peregrinus
2943 1548 3013 1602 “.
3054 1568 3073 1601 ι
3130 1548 3262 1602 Item
3296 1565 3312 1602 :
3345 1566 3364 1600 ι
3406 1547 3523 1602 Non

1945 1639 2211 1695 habemus
2236 1638 2326 1692 hic
2356 1640 2518 1693 lixam
2546 1640 2760 1705 urbem,
2790 1653 2982 1695 verum
3006 1637 3253 1692 futuram
3286 1636 3523 1707 inquiri-

1944 1746 2069 1785 mus
2099 1731 2166 1784 “.
2210 1749 2230 1783 ι

2016 1820 2276 1886 Quoniam
2290 1819 2453 1875 donec
2480 1821 2706 1874 surrexit
2730 1830 2900 1874 mater
2922 1819 2973 1873 in
2993 1817 3187 1884 Israel,
3204 1825 3313 1873 etc.
3335 1816 3423 1889 Π,
3443 1816 3522 1887 7.]

252 1911 368 1981 πρὸ
398 1911 589 1982 αὐτῆς,
632 1914 841 1984 μητρὸς
872 1914 1078 1985 τρόπον
1126 1914 1455 1985 ἐπεχούσης,
1507 1914 1838 1968 πολιτευσα-

1952 1912 2155 1968 Statum
2186 1911 2407 1968 lsraelis
2467 1913 2783 1983 pristinum,
2822 1920 3122 1983 antequam
3199 1919 3375 1966 mater
3418 1911 3524 1963 im-

255 2004 438 2073 μένην
458 2004 717 2059 ἁσέὸειαν
748 2007 809 2059 ὲν
844 2005 924 2075 τῷ
970 2004 1185 2076 Ἰσραὴλ
1222 2005 1513 2075 διηγεῖται.

343 2094 667 2165 ’ῌρέτισαν
711 2094 887 2159 θεοὺς
912 2094 1151 2161 κενοὺς,
1185 2094 1265 2161 ὡς
1313 2095 1496 2164 ἄρτον
1546 2096 1835 2165 κρίθινον.

255 2189 478 2257 Ὥσπερ
498 2188 605 2257 γὰρ
622 2188 688 2242 ἄν
716 2204 801 2251 τις
833 2187 1037 2241 σιτίνου
1067 2188 1477 2258 παρακειμένου
1494 2187 1688 2258 ἄρτου,
1703 2206 1841 2259 καχ-

252 2278 422 2343 εξίαν
448 2279 644 2343 νοσῶν,
679 2278 978 2349 ἀλλάξηται
1007 2278 1252 2350 κρίθινον
1272 2296 1286 2310 ⁸
1308 2278 1451 2333 οὕτω
1476 2279 1573 2333 τοῦ
1605 2278 1841 2351 ἀληθοῦς

252 2368 404 2423 Θεοῦ
431 2370 559 2434 τοὺς
585 2369 849 2440 ματαίους
877 2368 1208 2425 ἀνθείλοντο.

334 2569 539 2638 Σκέπη
571 2569 862 2624 νεανίδων
889 2570 1326 2641 σειρομαστῶν,
1368 2570 1480 2625 ἐὰν
1533 2570 1691 2641 ὀφθῇ
1720 2585 1846 2625 σει-

250 2660 657 2732 ρομάστηςὲν
671 2667 730 2731 μ’
756 2660 1028 2730 χιλιάσιν
1044 2660 1211 2726 ἐντῷ
1239 2660 1518 2730 Ἰσραὴλ,
1541 2661 1580 2729 ἠ
1628 2661 1849 2729 καρδία

252 2771 387 2822 μου
411 2753 509 2807 ἐπὶ
530 2754 601 2807 τὰ
619 2754 946 2823 τεταγμένα
971 2752 1051 2819 τῷ
1074 2754 1347 2822 Ἰσραήλ.
1388 2754 1561 2805 Ὦσπε
1570 2770 1601 2823 ρ
1630 2753 1658 2805 ὁ
1690 2752 1852 2822 ἄρτος

258 2845 295 2896 ὀ
316 2844 581 2915 κρίθινος,
606 2846 755 2915 καὶὴ
782 2845 891 2898 ἀπὸ
926 2846 1199 2913 γυναικῶν
1228 2847 1286 2897 ὲν
1319 2846 1541 2915 πολέμῳ
1574 2845 1752 2915 σκέπη
1783 2845 1850 2898 δι’

258 2938 519 3009 ὀργάνων
542 2920 855 3009 πολεμικῶν
903 2938 1138 3011 ἀσθενής
1168 2939 1316 2992 ἐστιν
1342 2954 1355 2969 ·
1407 2938 1583 3001 οὕτως
1605 2940 1764 3002 ἐλπὶς
1791 2940 1852 2992 ὲν

263 3031 535 3096 εἰδώλοις.
573 3028 669 3094 Οἷς
694 3034 743 3085 οἱ
773 3031 1146 3096 πιστεύοντες,
1186 3034 1291 3086 κᾶν
1311 3025 1446 3085 ὦσιν
1474 3031 1691 3086 ὁπλῖται
1722 3034 1855 3085 πολ-

262 3125 354 3177 λοὶ
385 3125 507 3177 κατ’
563 3124 778 3195 Ἰσραὴλ
810 3124 1215 3195 συνιστάμενοι,
1280 3123 1547 3195 ήκαρδία
1613 3140 1713 3192 μου
1770 3125 1854 3193 ἐφ’

268 3215 422 3285 ὅπερ
467 3213 659 3281 ἔταξεν
686 3217 715 3268 ὁ
743 3215 876 3280 Θεὸς
920 3214 997 3285 τῷ
1028 3214 1144 3284 λαῷ
1167 3232 1182 3247 ο
1204 3212 1446 3279 ἐλπίζειν
1494 3215 1587 3268 ἐπὶ
1618 3214 1848 3286 Κύριον,

270 3304 568 3375 φυλάττειν
582 3306 679 3368 τὰς
705 3305 925 3369 ἐντολὰς
942 3305 1131 3367 αὑτοῦ,
1159 3306 1253 3359 καὶ
1294 3304 1368 3376 μὴ
1399 3304 1682 3375 λατρεύειν
1710 3306 1853 3368 θεοῖς

268 3398 510 3468 ἑτέροις,
534 3397 628 3450 καὶ
648 3398 748 3450 ὅσα
774 3397 853 3468 τῷ
882 3397 1032 3468 νόμῳ
1059 3396 1350 3467 διείρηται.
1378 3389 1478 3451 Ὧν
1503 3398 1636 3466 ἡμῖν
1656 3395 1859 3465 φυλατ-

267 3489 543 3558 τομένων,
568 3489 729 3552 αὐτὸς
764 3488 1067 3559 πολεμήσει
1098 3487 1240 3555 ὑπὲρ
1260 3488 1440 3557 ἡμῶν.
1474 3488 1557 3540 Τὰ
1588 3486 1699 3556 γὰρ
1718 3487 1858 3541 ὅπλα

273 3575 459 3646 ἡμῶν,
490 3576 552 3629 ού
580 3576 841 3646 σαρκικὰ,
870 3576 1011 3630 ἀλλὰ
1052 3577 1419 3646 πνευματικά.
1464 3596 1481 3627 ι
1511 3576 1585 3629 Οὐ
1618 3576 1725 3647 γὰρ
1761 3593 1857 3645 φο-

275 3668 597 3740 ϐηθήσομαι
648 3670 756 3724 ἀπὸ
810 3669 1088 3743 μυριάδων
1138 3669 1292 3735 λαοῦ,
1344 3669 1453 3721 τῶν
1504 3668 1688 3738 κύκλῳ
1737 3685 1860 3722 συν-

275 3760 679 3830 επιτιθεμένων
718 3778 827 3830 μοι.
868 3779 887 3813 ι
919 3761 999 3814 Τὰ
1032 3761 1140 3832 γὰρ
1191 3761 1501 3830 τεταγμένα
1551 3760 1860 3829 φθέγξομαι

275 3851 361 3923 τῷ
400 3852 651 3923 Ἰσραήλ·
715 3870 733 3905 ι
769 3852 1268 3925 Ἀνὰστα,’Κύριε,
1302 3852 1474 3906 σῶσόν
1532 3869 1622 3922 με,
1669 3854 1697 3905 ὁ
1729 3852 1861 3916 Sed;

281 3963 458 4017 μου.»

357 4060 426 4112 Ol
453 4057 747 4113 δυνάσται
768 4058 874 4113 τοῦ
902 4057 1082 4121 λαοῦ,
1121 4058 1427 4128 εὐλογεῖτε
1463 4059 1574 4113 τὸν
1612 4059 1859 4128 Κύριον,

280 4144 589 4215 φάσκοντες
610 4163 623 4176 ·
664 4164 683 4197 ι
717 4147 808 4199 Ἐν
833 4146 912 4217 τῷ
943 4146 1063 4216 Θεῷ
1117 4147 1420 4217 ποιήσομεν
1462 4148 1732 4220 δύναμιν,
1767 4148 1863 4202 καὶ

281 4237 449 4299 αὐτὸς
477 4240 823 4306 ὲξουδενώσει
847 4240 975 4303 τοὺς
997 4240 1278 4305 θλίϐοντας
1306 4242 1481 4311 ἡμᾶς.
1516 4262 1535 4293 ι

372 4353 818 4421 Ἐπιϐεϐηκότες
844 4352 943 4406 ἐπὶ
976 4353 1312 4423 ὑποζυγίων
1376 4352 1473 4406 ἐπὶ
1522 4351 1862 4421 λαμπινῶν,

283 4441 614 4511 καθήμενοι
640 4444 737 4497 ἐπὶ
782 4444 1126 4513 κριτήριον,
1175 4444 1273 4497 καὶ
1322 4446 1713 4513 πορευόμενοι
1773 4444 1865 4513 ἐφ’

284 4534 437 4601 ὀδῷ,
494 4536 838 4605 φθέγξασθε
890 4537 1121 4606 φωνήν.
1182 4539 1245 4590 Οἱ
1300 4538 1594 4601 δυνάσται,
1661 4538 1862 4607 φησιν,

1940 2002 2162 2074 pietatis
2190 2003 2564 2071 gubernacula
2593 2004 2857 2069 inhibuit,
2885 2003 3139 2074 exponit.

2012 2093 2291 2163 Elegerunt
2312 2094 2435 2148 deos
2467 2095 2670 2157 inanes,
2693 2096 3133 2166 quemadmodam
3170 2110 3357 2162 panem
3395 2093 3522 2145 hor-

1942 2186 2227 2241 deaceum.’
2261 2184 2736 2252 Quemadmodum
2806 2188 2950 2242 enim
2998 2188 3045 2241 si
3088 2189 3213 2258 quis
3252 2184 3520 2241 stomachi

1943 2278 2215 2335 cruditate
2246 2278 2481 2344 laboret,
2520 2279 2907 2349 triticeumque
2945 2294 3139 2349 panem
3166 2294 3335 2348 prope
3358 2292 3416 2332 se
3438 2277 3525 2346 ja-

1944 2378 2158 2426 centem
2204 2386 2302 2441 pro
2331 2370 2637 2426 hordeaceo
2664 2372 3107 2435 commutaverit,
3150 2372 3224 2426 ita
3260 2386 3362 2441 pro
3396 2383 3525 2427 vero

1948 2461 2058 2517 Deo
2086 2477 2258 2517 vanos
2286 2462 2591 2532 elegerunt.

2021 2571 2133 2626 Nec
2162 2572 2394 2642 clypeus,
2429 2589 2521 2626 nec
2549 2575 2704 2627 hasta
2752 2573 2865 2628 visa
2908 2582 3028 2626 sunt
3075 2574 3130 2626 in
3167 2572 3525 2642 quadraginta

1950 2659 2184 2714 millibus
2234 2659 2476 2714 Israelis.
2502 2660 2609 2714 Cor
2634 2678 2806 2715 meum
2843 2660 2913 2714 ad
2948 2661 3205 2727 prwsides
3233 2660 3408 2729 legum
3436 2661 3528 2730 qui

1950 2756 2071 2801 sunt
2110 2747 2164 2800 in
2199 2745 2429 2813 lsraele,
2464 2755 2573 2802 etc.
2617 2746 2721 2819 [8.]
2768 2748 3243 2814 Quemadmodum
3284 2747 3524 2801 hordea-

1951 2852 2081 2893 ceus
2107 2839 2288 2909 panis,
2320 2849 2373 2892 et
2412 2840 2685 2908 protectio
2717 2839 3005 2893 muliebris
3036 2854 3134 2908 per
3188 2838 3533 2894 instrumen-

1957 2938 2008 2983 ta
2040 2928 2236 2983 bellica
2262 2930 2318 2983 in
2344 2929 2483 2983 bello
2505 2938 2590 2985 est
2616 2930 2858 2995 inﬁrma,
2887 2929 2961 2983 ita
2991 2944 3119 2999 spes
3147 2945 3273 3000 qua!
3307 2930 3363 2983 in
3403 2929 3525 2982 ido-

1956 3021 2022 3076 lis
2046 3019 2287 3089 ponitur.
2334 3018 2547 3085 Quibus
2593 3020 2687 3090 qui
2737 3020 2932 3084 ﬁdunt,
2972 3022 3075 3075 etsi
3119 3020 3395 3090 frequenti
3424 3036 3529 3073 nu-
3582 3018 3585 3019 ⁷

1957 3123 2107 3163 mero
2124 3117 2179 3164 et
2200 3109 2370 3163 armis
2390 3120 2585 3162 contra
2604 3108 2865 3164 lsraelem
2900 3109 3211 3178 insurgant,
3237 3124 3531 3165 cornicum

1959 3200 2028 3255 iis
2069 3215 2194 3272 qua:
2246 3199 2389 3256 Deus
2443 3202 2645 3270 populo
2694 3201 2876 3255 sanxit
2934 3202 3230 3267 intentum,
3263 3209 3449 3272 sperat
3480 3202 3533 3255 in

1959 3291 2211 3356 Domino,
2284 3292 2650 3362 mandataque
2726 3293 2900 3363 ipsius
2961 3292 3240 3359 observat,
3286 3307 3387 3346 nec
3428 3290 3579 3347 diis'

1960 3386 2083 3439 aliis
2118 3386 2315 3453 servit,
2353 3387 2571 3455 aliaque
2603 3400 2724 3456 quze
2770 3388 2887 3455 lege
2932 3386 3222 3440 interdicta
3256 3393 3383 3439 sunt
3426 3398 3535 3437 non

1959 3475 2113 3530 facit.
2173 3474 2305 3542 Quae
2349 3478 2395 3532 si
2438 3478 2938 3541 observaverimus,
2970 3477 3113 3533 Deus
3142 3477 3403 3547 pugnabit
3437 3490 3538 3545 pro

1959 3568 2138 3624 nobis.
2161 3570 2327 3623 Arma
2355 3569 2503 3624 enim
2538 3579 2726 3626 nostra
2761 3586 2866 3625 non
2892 3586 3117 3635 carnea,
3163 3585 3352 3625 verum
3376 3570 3540 3638 Spiri-

1961 3661 2131 3716 tualia
2163 3670 2315 3717 sunt.
2341 3661 2499 3729 Nam,
2538 3681 2556 3714 ι
2588 3661 2705 3717 Non
2740 3670 2987 3717 metuero
3010 3678 3039 3715 a
3069 3660 3411 3732 myriadibus
3439 3675 3538 3730 po-

1963 3754 2216 3823 pulorum
2253 3754 2350 3823 qui
2392 3770 2476 3808 me
2514 3755 2881 3808 circumstant
2913 3756 2979 3809 ⁸⁸.
3020 3773 3036 3806 ι
3084 3754 3302 3824 Loquar
3336 3755 3538 3808 etenim

1960 3847 2144 3902 lsraeli
2182 3848 2498 3903 constituta.
2534 3866 2553 3898 ι
2583 3847 2762 3918 Surge
2790 3847 2957 3918 igitur
2982 3855 3037 3903 et
3065 3861 3226 3903 serva
3259 3861 3367 3913 me,
3396 3844 3540 3900 Deus

1965 3955 2121 3995 meus
2148 3940 2216 3992 “.

2033 4053 2305 4125 Principes
2336 4054 2535 4123 populi,
2556 4054 2775 4109 laudate
2806 4054 3117 4110 Dominum.
3154 4055 3259 4128 [9.]
3286 4055 3385 4111 liis
3416 4073 3540 4112 ver—

1964 4146 2075 4212 bis,
2120 4166 2138 4197 ι
2183 4147 2373 4200 Divina
2405 4148 2604 4202 virtute
2674 4149 2908 4203 virtutes
2944 4149 3192 4215 edemus,
3218 4158 3272 4204 et
3306 4150 3422 4220 ipse
3447 4166 3543 4205 an-

1965 4239 2219 4294 nihilabit
2255 4246 2495 4295 tortores
2526 4248 2750 4296 nostros
2777 4241 2841 4293 ⁸⁷.
2887 4258 2906 4291 ι

2049 4351 2195 4417 νβειὶ
2223 4352 2384 4405 mulis
2416 4352 2629 4417 nitidis,
2672 4353 2762 4422 qui
2792 4353 3093 4422 prwsidetis
3140 4354 3422 4421 tribunali,
3452 4356 3543 4426 qui

1966 4460 2057 4512 per
2088 4444 2288 4497 itinera
2342 4445 2612 4509 inccditis,
2654 4455 2906 4499 enarrale
2950 4446 3084 4499 hinc.
3120 4444 3259 4516 [10.]
3282 4444 3543 4499 Potentes

1967 4535 2157 4601 Israel,
2189 4535 2387 4605 inquit,
2437 4547 2489 4589 et
2525 4536 2618 4605 qui
2662 4536 2714 4588 in
2758 4537 2956 4590 itinere
2990 4537 3189 4605 popqu
3216 4536 3545 4606 prmceditis,

295 4627 541 4698 Ἰσραὴλ,
584 4629 679 4682 καὶ
712 4629 1180 4700 προπορευόμενοι
1208 4630 1265 4681 ἐν
1289 4628 1394 4699 ὁδῷ
1421 4628 1511 4682 τοῦ
1570 4628 1725 4693 λαοῦ,
1769 4630 1850 4682 καί

1967 4627 2167 4696 quique
2196 4627 2410 4697 judicio
2442 4627 2582 4682 estis
2626 4627 2895 4697 praefecti,
2935 4635 3195 4697 tanquam
3223 4643 3387 4697 super
3427 4628 3545 4697 lyra

284 4720 386 4772 lui.
408 4720 471 4772 τὸ
491 4720 694 4789 κρίνειν
744 4722 1094 4791 τεταγμένοι,
1120 4722 1195 4786 ὡς
1223 4721 1280 4775 ἐν
1302 4738 1411 4774 τινι
1444 4720 1583 4792 λύρᾳ
1614 4722 1714 4792 τὴν
1743 4723 1866 4775 ἐπι-

285 4810 464 4865 νίκιον
492 4811 637 4884 ᾠδὴν
663 4812 1055 4885 ἀνακρούεσθε.

362 4923 523 4977 Ἐκεῖ
549 4924 814 4979 δώσουσι
834 4924 1232 4994 δικαιοσύνην
1254 4926 1468 4994 Κυρίῳ.
1506 4927 1658 4979 Ἐκεῖ
1676 4944 1689 4958 ’
1731 4926 1859 4993 ποῦ;

294 5015 471 5070 Ἔνθα
527 5018 747 5071 πάντων
792 5017 1232 5088 εὐφραινομένων
1260 5020 1293 5087 ἡ
1320 5019 1573 5072 κατοικία
1605 5021 1663 5071 ὲν
1688 5018 1860 5089 αὐτῷ.

295 5124 315 5158 ι
340 5107 418 5159 Ού
453 5106 561 5176 γὰρ
594 5107 710 5161 ἐστι
731 5109 946 5180 χαίρειν
974 5112 1085 5173 τοῖς
1113 5109 1360 5175 ἀσεϐέσι,
1387 5128 1405 5160 ι
1446 5110 1593 5178 λέγει
1638 5109 1863 5179 Κύριος.

291 5198 407 5267 (51)
451 5198 584 5251 Οὐδὲ
634 5199 898 5253 δώσουσιν
962 5201 1021 5255 ὲν
1082 5201 1341 5272 συνεδρίῳ
1392 5201 1736 5272 ἁμαρτωλῶν
1788 5201 1865 5254 δι-

293 5288 587 5359 καιοσύνην
615 5291 825 5362 Κυρίῳ.
871 5311 888 5343 ι
924 5292 1046 5345 Ἐπὶ
1088 5293 1197 5363 γὰρ
1250 5293 1341 5346 τὸν
1384 5294 1599 5365 Ἰσραὴλ
1622 5296 1656 5365 ἡ
1687 5312 1865 5364 μεγα-

294 5382 597 5453 λοπρέπεια
630 5383 817 5450 αὑτοῦ,
855 5385 949 5439 καὶ
973 5387 1007 5457 ἠ
1027 5387 1255 5457 δύναμις
1280 5386 1447 5441 αὑτοῦ
1472 5388 1530 5441 ἐν
1558 5390 1679 5452 ταῖς
1708 5388 1870 5459 νεφέ-

370 5557 417 5591 ⁸¹
470 5558 661 5616 Matth.
729 5578 807 5626 x1,
864 5562 955 5619 99.

1062 5564 1107 5596 “
1160 5562 1359 5631 Ephes.
1392 5581 1468 5633 vr,
1512 5565 1601 5619 12.

301 5628 346 5663 “
376 5629 513 5686 ibid.

590 5633 634 5663 ‘7
693 5630 839 5687 l’sal.
873 5648 959 5687 ιιι
1026 5634 1107 5687 l2.
1187 5635 1231 5665 ⁸⁸
1284 5630 1691 5701 Ρειιιίιτιικνι,
1734 5637 1787 5690 7.

1705 5566 1761 5641 “_
1784 5564 1933 5626 Psal.
1973 5586 2201 5641 xxxvm,
2240 5572 2325 5627 12.

1972 4718 2207 4789 quadam
2237 4733 2457 4773 carmen
2486 4718 2767 4774 victoriale
2797 4718 3031 4789 pulsate.

2044 4937 2128 4992 lbi
2151 4936 2673 5007 tribuentjustitiam
2698 4935 2947 4992 Domino.
2985 4934 3223 5009 [H.jlbi
3261 4934 3546 5002 nimirum,

1958 5030 2049 5085 ubi
2090 5031 2351 5085 omnibus
2384 5029 2705 5086 laetantibus
2737 5030 2793 5084 in
2818 5031 2939 5099 ipso
2980 5030 3140 5085 sedes
3172 5038 3275 5083 est.
3306 5047 3325 5081 ι
3362 5026 3552 5095 lmpiis

1953 5122 2100 5178 enim
2127 5137 2239 5178 non
2280 5122 2407 5178 licet
2446 5123 2708 5194 gaudere,
2747 5142 2767 5174 ι
2807 5122 2988 5191 inquit
3014 5120 3282 5177 Dominus
3323 5120 3392 5174 ⁸⁸.
3430 5118 3545 5174 Nec

1968 5214 2025 5269 in
2056 5228 2322 5271 consessu
2354 5222 2703 5285 peccaturum
2725 5215 2997 5286 justitiam
3025 5213 3256 5268 Domino
3277 5211 3544 5266 tribuent-

1978 5321 1997 5356 ι
2030 5302 2165 5358 Nam
2210 5319 2380 5375 super
2419 5303 2678 5359 lsraelem
2728 5303 3136 5375 magniﬁcentia
3187 5301 3308 5370 ejus
3340 5308 3447 5364 est,
3492 5306 3551 5353 et

1973 5394 2152 5453 virtus
2177 5395 2298 5467 ejus
2332 5396 2387 5451 in
2414 5395 2679 5453 nubibus.
2706 5393 2969 5451 Miriﬁcus
3008 5392 3141 5448 item
3165 5399 3252 5447 est
3282 5388 3555 5445 Dominus

2432 5573 2477 5605 “
2528 5570 2697 5628 llcbr.
2753 5584 2871 5636 xm,
2918 5567 3005 5623 M.
3109 5567 3155 5599 "
3186 5565 3329 5623 Psal.
3374 5580 3457 5628 ιιι,
3489 5562 3552 5615 ’1.

1806 5779 2044 5842 NOTAE.

375 5881 485 5953 (δι)
525 5880 618 5939 Ἐκ
638 5882 735 5955 τῆς
766 5884 818 5941 2.
852 5884 943 5939 τοῦ
990 5884 1157 5946 Ἰωάν.
1184 5887 1359 5947 επιστ,
1390 5888 1459 5942 is.
1488 5883 1717 5957 ἐλήφθη.
