4058 6540
595 404 743 474 1055

1939 423 2295 488 PROCOPII
2327 428 2574 492 ῦΛΖιΕῙ

3732 433 3848 504 1055

592 524 650 578 in
684 521 897 579 sanctis
916 522 1035 581 suis
1058 526 1127 583 ⁸ο.
1161 545 1180 579 ι
1202 526 1267 583 Et
1297 546 1312 584 :
1358 529 1779 590 Confirmarunt
1824 534 2074 594 homines
2122 540 2175 595 in

2284 542 2427 608 λαις.
2461 546 2591 612 Καὶ,
2655 546 2970 617 Θαυμαστὸς
2999 546 3178 613 sese;
3201 546 3259 602 ἐν
3292 549 3407 612 τοῖς
3435 545 3614 617 ἁγίοις
3636 550 3803 610 αὐτοῦ,
3825 576 3842 609 ι

591 613 781 680 Israel,
805 615 1003 685 inquit,
1024 617 1287 676 Dominus
1306 622 1451 677 enim
1469 624 1616 680 vires
1636 626 1839 699 populo
1858 642 1965 687 suo
1994 629 2185 688 confe-

593 714 696 763 rct.
723 705 970 780 Populus
990 724 1120 767 vero
1145 710 1320 782 ipsius
1342 713 1484 785 justi
1516 725 1669 774 sunt.

665 909 814 964 Tunc
862 910 1142 969 descendet
1178 915 1411 986 populus
1455 917 1676 974 Domini
1718 921 1775 976 in
1822 923 1981 979 urbes
2029 940 2180 981 suas.

592 1002 749 1058 Tunc
775 1004 1042 1061 nimirum
1072 1022 1199 1063 cum
1217 1009 1358 1079 justi
1390 1011 1448 1066 in
1480 1011 1655 1068 lsracl
1682 1013 2058 1073 invaluerunt.
2081 1016 2187 1076 Per

596 1100 856 1159 civitates
874 1117 1006 1158 vero
1040 1103 1288 1173 lsraelis,
1324 1106 1566 1163 divinam
1606 1124 1793 1166 rerum
1818 1111 2185 1171 administra-

592 1192 797 1249 tionem
856 1195 1357 1271 mandatorumque
1380 1200 1827 1260 observationem
1869 1204 2178 1278 intelliges.

665 1374 1060 1447 Expergiscere,
1076 1379 1452 1449 expergiscere,
1475 1381 1734 1438 Debbora.
1761 1382 1983 1456 [V,12.]
2006 1383 2182 1441 Justi-

592 1467 727 1521 tiam
773 1468 1036 1538 provebe,
1089 1471 1350 1541 populum
1386 1473 1676 1541 conﬁrma,
1720 1490 1819 1547 pro
1880 1475 1975 1533 Dei
2011 1478 2181 1549 gloria

594 1574 661 1614 ac
692 1560 879 1629 populi
913 1561 1095 1618 salute
1121 1578 1387 1635 exsurge.

664 1650 823 1722 501
862 1651 1260 1709 Corroborator
1287 1672 1447 1727 surge
1480 1657 1682 1713 Barac.
1727 1656 1906 1732 Surge
1945 1669 2002 1717 et
2040 1677 2181 1719 con-

594 1738 774 1806 tirma,
819 1744 1285 1813 quemadmodum
1329 1746 1396 1802 ad
1450 1747 1658 1804 Mosem
1706 1765 1927 1821 quoque
1969 1752 2179 1810 dictum

593 1842 679 1888 est
712 1847 729 1889 :
770 1853 789 1887 ι
822 1835 947 1891 Stcs
982 1851 1013 1890 a
1046 1852 1133 1893 me
1164 1837 1234 1894 ⁷⁸.
1272 1857 1293 1891 ι
1339 1838 1508 1895 David
1549 1841 1679 1898 item
1711 1842 1893 1915 inquit
1928 1862 1942 1899 :
1976 1863 1995 1897 ι
2048 1846 2172 1904 Ste-

592 1931 780 1979 terunt
818 1926 989 1997 pedes
1028 1928 1205 1984 nostri
1255 1932 1311 1984 in
1346 1930 1489 1987 aulis
1545 1932 1685 1995 tuis.
1717 1932 2019 1991 Jerusalem
2049 1938 2118 1993 "'.
2147 1957 2166 1990 ι

592 2013 768 2070 Item:
799 2036 817 2069 ι
853 2016 1205 2076 Constituisti
1241 2036 1408 2091 super
1448 2032 1604 2094 petra
1647 2024 1817 2095 pedes
1861 2042 2016 2085 meos
2037 2030 2104 2083 ⁷³.
2153 2049 2173 2084 ι

592 2103 770 2163 Macte
814 2107 986 2179 igitur
1032 2108 1260 2178 virtute,
1296 2126 1485 2183 surge,
1536 2121 1591 2170 et
1621 2114 1713 2171 dic
1751 2134 1765 2171 :
1803 2135 1823 2170 ι
1871 2116 2072 2175 Omnia
2124 2120 2178 2175 in

590 2196 815 2254 Christo
841 2199 933 2270 qui
970 2215 1059 2256 me
1094 2202 1459 2267 corroborat,
1486 2220 1712 2275 possunt
1746 2207 1812 2262 “.
1859 2226 1881 2263 ι
1915 2239 1987 2252 —-
2016 2230 2034 2263 ι
2069 2210 2183 2267 Ro-

593 2290 697 2347 bur
727 2290 857 2347 item
888 2307 1073 2348 meum
1101 2307 1171 2349 ac
1222 2294 1344 2352 laus
1372 2311 1491 2352 mea
1525 2297 1790 2356 Dominus
1809 2301 1878 2356 ⁷⁸.
1916 2320 1935 2356 ι
1977 2301 2179 2359 Verum

591 2388 645 2438 ct
696 2390 783 2450 tu,
820 2382 1091 2455 Debbora,
1120 2386 1385 2442 conﬁrma
1417 2388 1609 2447 Barac.
1671 2392 1986 2466 Suggerunt
2032 2398 2181 2453 enim

592 2473 755 2529 nobis
802 2474 857 2529 in
890 2473 1126 2531 Domino
1158 2478 1305 2534 vires
1336 2482 1517 2536 sancti
1558 2496 1805 2553 quoque,
1852 2500 1979 2540 cum
2021 2488 2181 2545 nobis

591 2565 836 2621 animum
865 2578 1062 2623 contra
1084 2569 1277 2627 hostes
1309 2573 1614 2629 instruunt.
1649 2576 1843 2631 Totam
1866 2593 1999 2635 vero
2027 2596 2182 2636 men-

594 2665 702 2713 tem
736 2657 791 2712 in
816 2659 1196 2730 captivitatem
1225 2662 1437 2735 redige,
1462 2673 1522 2720 ut
1543 2665 1779 2723 Christo
1804 2678 1993 2739 pareat
2023 2672 2090 2726 ".
2114 2671 2182 2727 Et

592 2745 639 2801 si
678 2761 812 2803 vero
841 2748 896 2804 in
928 2763 1100 2821 opere
1148 2758 1248 2807 tuo
1297 2752 1527 2811 delicias
1560 2757 1706 2813 sicut
1744 2746 1997 2816 Jon'athaa
2034 2764 2182 2819 acci-

593 2839 701 2907 dit,
732 2838 1014 2909 Debbora,
1046 2842 1155 2900 hoc
1174 2853 1262 2903 est
1289 2846 1451 2904 melle
1480 2849 1808 2920 prophetico
1830 2861 2051 2925 gustato
2068 2855 2182 2912 ani-

592 2949 747 2990 mum
777 2950 1020 2993 resume.
1730 2934 1737 2939 ’

664 3028 813 3084 Tunc
844 3028 1213 3086 dominabitur
1252 3033 1344 3104 qui
1381 3034 1615 3107 reliquus
1659 3037 1825 3108 fuerit
1876 3040 2179 3111 magniﬁcis

588 3123 798 3192 populi,
820 3124 947 3193 quin
978 3124 1237 3181 Dominus
1265 3125 1633 3184 dominabitur
1657 3132 1786 3187 mihi
1812 3149 1970 3203 super
1987 3136 2176 3205 gigan-

2287 638 2397 692 Καὶ
2423 637 2740 709 ἐνίσχυσαν,
2766 639 2957 709 φησιν,
2996 639 3056 693 ἐν
3090 640 3169 711 τῷ
3203 640 3447 712 Ἰσραήλ.
3505 641 3707 711 Κύριος
3757 646 3848 716 γὰρ

2290 729 2447 799 ίσχὺν
2483 729 2566 802 τῷ
2596 729 2717 805 λαῷ
2750 730 2919 786 αὐτοῦ
2968 730 3154 786 δώσει.
3219 733 3360 798 Λαὸς
3400 732 3463 787 δὲ
3510 730 3679 787 αὑτοῦ
3712 738 3758 790 ot
3785 738 3849 793 δί-

2286 836 2455 877 natet.

2362 913 2501 969 Τότε
2527 915 2748 984 κατέϐη
2774 917 2809 970 ό
2842 914 2996 982 λαὸς
3028 915 3255 984 Κυρίου
3286 914 3374 982 εις
3391 914 3509 981 τὰς
3532 914 3739 985 πόλεις
3764 922 3851 974 οὐ·

2284 1002 2415 1059 τοῦ.
2473 1004 2635 1059 Τότε.
2677 1004 2818 1058 Πότε
2860 1020 2880 1072 ;
2921 1005 3013 1058 ὅτε
3065 1002 3271 1058 δίκαιοι
3330 1002 3640 1075 ἐνίσχυσαν
3690 1006 3743 1057 ἐν
3788 1011 3852 1079 τῷ

2297 1095 2536 1168 Ἰσραήλ.
2594 1097 2785 1161 Πόλεις
2825 1096 2885 1151 δὲ
2937 1097 3156 1168 νοήσεις
3214 1096 3310 1151 τοῦ
3366 1096 3621 1168 Ἰσραὴλ,
3669 1098 3851 1166 καὶτὰς

2286 1187 2428 1242 κατὰ
2481 1188 2616 1243 Θεὸν
2652 1186 2828 1246 αὐτοῦ
2887 1180 3195 1255 πολιτείας,
3250 1187 3347 1243 καὶ
3372 1186 3491 1243 τῶν
3527 1188 3753 1243 ἐντολῶν
3774 1191 3853 1262 τὴν

2286 1280 2544 1351 τήρησιν.

2357 1371 2732 1443 Ἐξετείρου,
2789 1372 3120 1444 ἐξεγείρου,
3169 1370 3471 1441 Δεϐϐὧρα.
3528 1373 3855 1443 Δικαιοσύνην

2286 1461 2545 1534 αῠξησον,
2601 1464 2891 1534 ἐνίσχυσον
2947 1464 3040 1517 τὸν
3062 1462 3212 1530 λαὸν,
3262 1462 3599 1533 διανάστηθι
3628 1464 3855 1535 πρὸςτὴν

2284 1554 2381 1607 τοῦ
2413 1554 2551 1609 Θεοῦ
2580 1554 2760 1622 δόξαν,
2788 1556 2885 1610 καὶ
2902 1555 3006 1627 τὴν
3031 1557 3313 1627 σωτηρίαν
3350 1555 3452 1609 τοῦ
3501 1555 3736 1627 Ἰσραήλ.

2368 1649 2706 1719 Ἐνισχύων
2749 1647 3128 1714 ἐξανιστασο
3180 1649 3414 1717 Βαράκ.
3502 1648 3823 1719 Ἐνδυναμοῦ
3844 1694 3856 1715 ,

2285 1742 2381 1798 καὶ
2398 1743 2737 1811 διανίστασο,
2768 1743 2913 1799 κατά
2933 1742 2995 1797 τὸ
3021 1743 3159 1815 πρὸς
3204 1744 3456 1798 Μωῦσὲα
3476 1760 3492 1775 ·
3522 1745 3599 1798 Σὺ
3627 1744 3685 1797 δὲ
3714 1745 3857 1798 αὐτοῦ

2292 1835 2487 1906 «στῆθι
2553 1834 2673 1906 μετ’
2732 1834 2892 1907 ἐμοῦ.
2919 1853 2940 1889 ι
3007 1837 3119 1892 Καὶ
3178 1837 3322 1892 κατὰ
3382 1835 3567 1890 Δαόὶδ
3625 1836 3856 1890 εἰπόντα·

2287 1948 2305 1981 ι
2342 1929 2612 1993 Ἐστῶτες
2636 1923 2779 2002 ἦσαν
2811 1929 2862 1983 οἱ
2892 1927 3055 1993 πόδες
3080 1928 3245 2001 ἡμῶν
3266 1930 3324 1983 ἐν
3343 1930 3476 1993 ταῖς
3512 1928 3709 1992 αὐλαῖς
3754 1946 3853 1997 σου,

2294 2015 2681 2088 Ἰερουσαλήμ.
2722 2036 2742 2071 ι
2775 2017 2911 2082 Καὶ,
2966 2035 2987 2071 ι
3013 2019 3293 2091 Ἔστησας
3344 2019 3443 2072 ἐπὶ
3489 2019 3704 2089 πέτραν
3749 2021 3857 2084 τοὺς

2281 2107 2452 2173 πόδας
2485 2125 2611 2178 μου.
2642 2126 2663 2162 ι
2709 2109 3008 2181 Ἐνισχύων
3036 2105 3132 2165 οὖν
3164 2109 3522 2177 ἐξανίστασο,
3591 2110 3687 2165 καὶ
3716 2111 3853 2180 λέγε’

2288 2220 2306 2253 ι
2336 2201 2524 2256 Πάντα
2570 2201 2746 2273 ίσχῦω
2790 2205 2850 2258 ἐν
2901 2203 2983 2275 τῷ
3030 2202 3424 2275 ἐνδυναμοῦντί
3460 2220 3533 2273 με
3569 2203 3805 2274 Χριστῷ.
3833 2223 3849 2256 ι

2283 2294 2414 2358 Καὶ,
2451 2312 2471 2345 ι
2493 2293 2669 2364 ’ἰσχύς
2704 2310 2806 2365 μου
2836 2293 3181 2367 καὶῦμνησίς
3213 2311 3319 2366 μου
3338 2296 3369 2349 ὁ
3399 2293 3640 2365 Κύριος.
3676 2313 3695 2346 ι
3716 2295 3853 2350 Ἀλλὰ

2281 2386 2379 2439 καὶ
2426 2385 2493 2439 σὺ
2559 2384 2822 2455 Δεϐὅῶρα
2874 2385 3204 2456 κατίσχυσον
3248 2384 3342 2438 τδν
3389 2384 3613 2456 Βαράκ.
3666 2384 3853 2438 Διδόασι

2280 2478 2389 2549 γὰρ
2446 2478 2539 2532 καὶ
2584 2479 2719 2549 ἡμῖν
2749 2480 2806 2530 ἐν
2835 2479 3027 2549 Κυρίῳ
3060 2477 3292 2548 δύναμιν
3340 2478 3434 2532 καὶ
3463 2478 3517 2535 oi
3551 2477 3719 2549 ᾆγιοι,
3747 2477 3850 2548 θαῤ-

2283 2571 2398 2641 ῥεῖν
2422 2570 2573 2641 ἡμᾶς
2635 2568 2779 2623 κατὰ
2828 2569 2941 2623 τῶν
3000 2570 3284 2640 πολεμίων
3328 2569 3848 2640 παρασκευάζοντες.

2280 2663 2397 2716 Πᾶν
2421 2661 2480 2714 δὲ
2505 2659 2686 2732 νόημα
2707 2659 3083 2732 αἰχμαλώτιζε
3118 2660 3313 2732 Βαρὰκ
3345 2662 3435 2726 είς,
3488 2659 3598 2733 τὴν
3630 2659 3851 2731 ὑπακοὴν

2278 2754 2373 2809 τοῦ
2419 2754 2704 2827 Χριστοῦ·
2762 2754 2868 2809 κᾶν
2920 2754 3160 2827 ἐκλυθῇς
3210 2755 3349 2823 πρὸς
3393 2751 3587 2818 τοῦτο,
3623 2753 3757 2808 κατὰ
3775 2753 3850 2808 τὸν

2291 2847 2570 2912 Ἶωνάθαν,
2603 2847 2671 2901 ἐκ
2708 2847 2810 2917 τῆς
2851 2847 3117 2918 ἐργασίας
3160 2847 3458 2919 Δεϐὄώρας
3512 2845 3849 2918 γευσάμενος,

2279 2938 2455 3009 ἴσχυε,
2478 2936 2574 2993 τοῦ
2605 2937 2824 3009 μέλιτος
2845 2937 2941 2991 τοῦ
2961 2936 3331 3009 προφητικοῶ

2354 3030 2494 3085 Τότε
2559 3028 2777 3097 κατέϐη
2822 3028 2936 3100 (52)
2989 3027 3364 3116 κατάλειμμα
3416 3028 3551 3095 τοῖς
3580 3026 3843 3098 ίσχιφοῖςι

2278 3122 2428 3189 λαός
2453 3122 2678 3191 Κυρίου
2707 3123 2820 3195 (55)
2842 3122 3064 3191 κατέϐη
3088 3121 3251 3188 αὑτῷ
3270 3123 3342 3176 ἐν
3380 3124 3516 3188 τοῖς
3572 3121 3844 3191 κραταιοῖς

592 3222 688 3270 tes.
737 3212 879 3288 [15.]
922 3214 1028 3283 Qui
1084 3226 1349 3275 strenuus
1391 3235 1498 3291 pro
1545 3222 1773 3279 nomine
1810 3223 1905 3280 Dei
1945 3234 2066 3292 est,
2109 3240 2174 3281 ac

2282 3216 2347 3281 ἐξ
2373 3214 2543 3285 ἐμοῦ.
2569 3215 2763 3270 Ὁπότε
2782 3214 3136 3288 ἐμγαλύνθη
3155 3217 3189 3287 ἠ
3223 3215 3380 3286 ἰσχὺς
3398 3214 3599 3270 αὐτοῦ.
3633 3214 3691 3267 '0
3723 3213 3844 3267 κατὰ

588 3305 780 3363 hostes
807 3305 1322 3378 vincitinvisibiles,
1345 3312 1608 3383 quoniam
1623 3328 1848 3386 magnas
1866 3330 1930 3371 ex
1953 3316 2175 3372 virtuti-

588 3397 694 3454 bus
726 3398 875 3455 vires
905 3399 1180 3458 divinitus
1219 3403 1277 3459 in
1312 3417 1376 3461 se
1442 3405 1628 3470 habet,
1665 3406 1847 3478 magni
1894 3406 1975 3464 lit.
2015 3408 2077 3463 In
2105 3408 2175 3465 iis

588 3488 734 3543 enim
756 3489 850 3560 qui
884 3489 995 3547 illis
1021 3492 1181 3548 vacui
1209 3499 1360 3560 sunt,
1384 3493 1639 3553 infirmus
1684 3507 1771 3554 est
1794 3512 1861 3555 ac
1902 3499 2058 3571 parvi
2091 3500 2170 3556 lit.

587 3580 859 3638 Caeterum
890 3583 1001 3638 vim
1048 3583 1191 3640 hanc
1218 3586 1529 3657 prophetici
1565 3603 1855 3647 sermones
1901 3592 2171 3664 praebent,

590 3668 762 3733 robur
789 3676 939 3734 enim
969 3677 1260 3749 spirituale
1285 3680 1610 3737 conferunt.

662 3845 910 3917 Domine,
936 3849 1171 3921 deprime
1206 3852 1460 3922 fortiores
1496 3869 1599 3911 me.
1632 3851 1755 3912 Nisi
1793 3856 1940 3912 enim
1980 3856 2172 3914 Domi-

588 3955 699 3996 nus
729 3950 881 3997 esset
908 3942 1054 3999 inter
1079 3960 1206 4008 nos,
1244 3960 1373 4000 cum
1417 3946 1674 4004 homines
1708 3958 1910 4004 contra
1945 3965 2049 4007 nos
2081 3952 2171 4007 in-

589 4038 853 4102 surgunt,
897 4033 1060 4090 vivos
1108 4035 1303 4105 utique
1331 4035 1673 4094 devorarent
1706 4055 1810 4097 nos
1846 4043 1918 4106 ⁷⁷,
1962 4054 2174 4113 quanto

592 4123 774 4194 magis
822 4124 1109 4183 daemones
1167 4136 1225 4184 et
1254 4129 1536 4197 Satanas,
1579 4132 1677 4203 qui
1721 4148 1825 4204 per
1867 4134 2171 4194 elationem

591 4220 723 4267 sunt
752 4216 1017 4283 prostrati
1043 4217 1067 4270 ?

663 4302 904 4372 Populus
958 4304 1220 4374 Ephraim
1262 4308 1409 4365 ultus
1460 4320 1539 4367 est
1580 4328 1672 4369 eos
1725 4314 1784 4369 in
1828 4318 1988 4373 ualle.
2032 4318 2169 4393 [l4.]

590 4394 899 4468 Postquam
931 4396 1188 4455 Debbora
1220 4402 1276 4457 in
1311 4412 1501 4462 monte
1542 4404 1812 4476 Ephraim
1860 4409 2024 4468 sedit.
2067 4415 2173 4470 Aut

592 4497 744 4545 certe
773 4502 957 4545 rerum
984 4494 1088 4548 sub
1112 4494 1227 4549 Aod
1259 4503 1545 4566 gestarum
1583 4498 1655 4557 iis
1678 4516 1804 4572 qua:
1827 4502 1933 4558 sub
1960 4502 2167 4560 Barach

2277 3308 2411 3362 Θεὸν
2457 3308 2730 3379 ἀνδρεῖος,
2778 3308 2877 3362 καὶ
2917 3306 3092 3363 νικῶν
3150 3307 3279 3372 τοὺς
3328 3306 3611 3379 ἀοράτους
3633 3304 3838 3375 ἐχθροῦς

2278 3398 2663 3471 μεγαλύνεται,
2686 3398 2787 3471 τὴν
2817 3399 2977 3454 θείαν
3009 3398 3247 3467 δύναμιν
3265 3401 3332 3453 ἐκ
3364 3397 3479 3453 τῶν
3528 3398 3736 3469 ἀρετῶν
3766 3411 3846 3465 με·

2274 3492 2451 3563 γάλην
2480 3491 2621 3563 ἔχων
2644 3493 2704 3545 ἐν
2740 3490 2943 3562 ἐαυτῷ.
2982 3489 3075 3547 Ἐν
3111 3494 3224 3561 γὰρ
3248 3492 3365 3554 τοῖς
3392 3488 3607 3543 τούτων
3646 3486 3845 3557 ἐρήμοις

2274 3582 2498 3639 ἀσθενεῖ
2554 3585 2649 3638 καὶ
2689 3581 3076 3654 σμικρύνεται.
3126 3583 3242 3653 Τὴν
3286 3582 3343 3635 δὲ
3370 3581 3613 3650 δύναμιν
3660 3576 3839 3645 ταύτην

2277 3676 2610 3747 προφητικὼ
2656 3674 2962 3748 χορηγοῦσι
2990 3674 3166 3744 λόγοι,
3226 3672 3612 3745 πνευματικὴν
3638 3670 3839 3729 διδόντες

2278 3770 2454 3825 ίσνύν.

2370 3787 2454 3825 υν.

2299 3787 2580 3932 σχΚύριος,
2597 3862 2977 3917 ταπείνωσόν
2987 3878 3090 3931 μοι
3111 3858 3255 3924 τοὺς
3268 3854 3703 3951 ἰσχυροτέρους

2276 3953 2338 4007 Et
2375 3953 2448 4023 μὴ
2474 3951 2583 4021 γὰρ
2602 3953 2683 4005 δτι
2730 3951 2937 4021 Κύριος
2973 3948 3044 4021 ἦν
3067 3952 3126 4005 ἐν
3158 3950 3314 4021 ἡμῖν,
3347 3948 3405 4000 ἐν
3434 3946 3518 4017 τῷ
3548 3946 3835 4010 ἐπαναστή-

2273 4062 2361 4101 ναι
2414 4043 2737 4116 ἀνθρώπους
2762 4042 2848 4113 ἐφ’
2873 4044 3047 4114 ἡμᾶς,
3086 4044 3195 4112 ἄρα
3250 4039 3464 4103 ζῶντας
3501 4038 3573 4091 ἂν
3603 4035 3834 4089 κατέπιον

2272 4136 2444 4206 ἡμᾶς,
2480 4134 2632 4204 πόσῳ
2657 4134 2861 4205 μᾶλλον
2884 4133 3141 4204 δαίμονες
3158 4131 3255 4185 καὶ
3282 4133 3310 4185 ό
3336 4129 3590 4192 Σατανᾶς
3611 4127 3661 4180 οἱ
3684 4140 3833 4179 κατα-

2274 4226 2563 4299 ϐληθέντες
2585 4227 2652 4280 δι’
2687 4225 2924 4298 ἔπαρσιν
2950 4242 2966 4292 ;

2343 4316 2768 4389 ΛαὸςἘφραῒμ
2798 4315 3210 4385 ἐτιμωρήσατο
3245 4313 3474 4381 αὐτοὺς
3504 4313 3578 4367 ἐν
3607 4306 3828 4365 κοιλάδι.

2286 4412 2504 4483 Ἐπειδὴ
2570 4410 2831 4483 Δεϐϐῶρα
2859 4411 2918 4464 ἐν
2947 4409 3065 4481 ὄρει
3114 4410 3358 4480 Ἐςρραῒμ
3419 4404 3728 4471 ἐκαθέζετο,
3757 4397 3834 4469 ἦγ’

2272 4502 2365 4562 οὖν
2386 4506 2495 4561 τῶν
2516 4506 2611 4559 ἐπὶ
2638 4505 2734 4559 τοῦ
2764 4503 2902 4559 ’Λὼδ
2924 4502 3233 4575 γενομένων
3257 4501 3364 4573 πρὸ
3388 4500 3496 4554 τῶν
3523 4501 3619 4554 ἐπὶ
3642 4495 3727 4550 τοῦ
3751 4496 3832 4546 Βι-

589 4582 968 4655 antiquiorum
990 4587 1209 4644 videtur
1243 4591 1589 4649 meminisse.
1619 4593 1860 4662 Quando
1894 4597 1949 4654 in
1973 4614 2175 4656 ascen.

2285 4601 2391 4673 ρὰκ
2424 4598 2569 4653 ἔοικε
2593 4597 2907 4669 μεμνῆσθαι
2927 4613 2941 4627 ·
2973 4597 3062 4649 ὅτε
3094 4594 3302 4656 ἀναϐὰς
3338 4592 3475 4646 Ἀὼδ
3506 4583 3831 4659 ἐξῚεριχοῦς.

590 4690 654 4730 su
699 4690 769 4732 ex
814 4675 1041 4735 Iericho
1082 4695 1257 4738 cornu
1302 4683 1357 4738 in
1391 4697 1581 4743 monte
1632 4689 1902 4759 Ephraim
1936 4692 2172 4761 clanxit,

588 4778 645 4822 ct
678 4769 858 4840 c0piis
881 4773 1099 4829 coactis
1128 4788 1536 4847 percusserunt
1564 4777 1727 4836 Moab
1750 4782 1818 4837 ⁷⁸.
1847 4781 2011 4840 Forte
2044 4801 2175 4841 vero

589 4859 762 4915 etiam
796 4871 920 4932 post
952 4864 1245 4921 victoriam
1279 4867 1493 4925 Barach
1530 4872 1587 4927 in
1629 4880 1937 4930 torrentem
1973 4875 2174 4933 Cisson

591 4965 790 5006 omnes
838 4963 971 5010 sunt
1016 4958 1273 5015 conversi
1302 4998 1318 5025 ,
1381 4961 1733 5035 relictosque
1795 4966 2172 5026 trucidarunt.

589 5042 748 5109 Quod
781 5044 1074 5106 brevitatis
1103 5064 1276 5107 causa
1312 5052 1367 5107 in
1396 5056 1720 5114 narratione
1746 5066 1838 5113 est
1865 5059 2171 5129 omissum,

592 5150 700 5206 qua
752 5136 1014 5196 absolute
1050 5155 1244 5198 eorum
1289 5144 1526 5204 victoria
1559 5158 1646 5206 est
1689 5159 1959 5208 tractata.
1998 5153 2176 5210 Vocat

592 5243 725 5285 vero
772 5230 1067 5303 Scriptura
1112 5250 1499 5308 saepenumero
1556 5244 1844 5303 lsraelitas
1893 5260 1965 5302 ex
2019 5256 2176 5317 parte

592 5313 878 5387 Ephraim.
912 5318 1176 5382 Fortasse
1210 5341 1343 5383 vero
1369 5329 1663 5388 victoriam
1696 5350 1727 5390 a
1767 5313 2037 5393 Gedeona
2056 5351 2177 5408 par-

593 5414 705 5463 tam
744 5411 1113 5473 vaticinatur.
1140 5414 1274 5475 Erat
1303 5420 1451 5477 enim
1486 5422 1607 5495 ipse
1647 5425 1875 5497 quidem
1920 5427 1991 5486 de
2024 5426 2174 5484 tribu

2279 4691 2541 4747 ἐσάλπισε
2595 4688 2858 4761 κερατίνῃ
2885 4690 2942 4740 ἐν
2966 4687 3085 4759 ὄρει
3121 4685 3396 4757 Ἐφραῖμ·
3431 4684 3526 4737 καὶ
3574 4676 3831 4747 συναχθέν-

2276 4801 2371 4848 τες
2424 4780 2702 4847 ἐπάταξαν
2745 4780 2844 4851 τὴν
2868 4778 3063 4834 Μωάϐ.
3094 4779 3257 4841 Ἴσως
3286 4776 3343 4831 δὲ
3374 4778 3470 4830 καὶ
3533 4772 3669 4845 μετὰ
3690 4770 3743 4822 τὸ
3759 4784 3826 4818 νι·

2281 4877 2446 4948 κῆσαι
2494 4874 2685 4946 Βαρὰκ
2729 4872 3192 4944 συνεστράφησαν
3226 4869 3467 4932 ἅπαντες
3520 4867 3603 4931 είς
3630 4863 3714 4917 τὸν
3741 4875 3828 4929 χει-

2285 4968 2529 5041 μάρρουν
2550 4965 2793 5032 Κισσὼν,
2816 4966 2911 5019 καὶ
2964 4963 3092 5029 τοὺς
3145 4960 3603 5034 περιλειφθέντας
3633 4951 3826 5011 ἀνεῖλον.

2286 5062 2353 5115 Ὅ
2389 5059 2477 5114 διὰ
2517 5058 2815 5131 συντομίαν
2878 5055 3216 5128 παρέλειπεν
3244 5056 3279 5125 ἠ
3310 5054 3564 5125 διήγησις
3590 5091 3605 5113 ,
3654 5043 3829 5100 τελείαν

2281 5150 2514 5206 εἰποῦσα
2566 5150 2667 5224 τὴν
2723 5151 2843 5205 κατ’
2877 5149 3061 5204 αὐτῶν
3098 5147 3278 5220 νίκην.
3313 5144 3487 5202 Καλεῖ
3516 5142 3573 5196 δέ
3609 5136 3828 5224 πολλάκις

2282 5244 2317 5316 ἦ
2348 5241 2539 5314 Γραφῆ
2575 5223 2702 5306 τοὺς
2741 5240 3083 5313 Ἰσραηλίτας
3105 5241 3171 5293 ἐκ
3201 5238 3428 5311 μέρους,
3473 5232 3724 5306 Ἐφραῖμ.
3755 5223 3824 5277 Εἰ-

2284 5336 2379 5399 κὸς
2400 5335 2460 5390 δὲ
2489 5334 2583 5388 καὶ
2607 5334 2708 5407 τὴν
2747 5333 2892 5389 κατὰ
2917 5331 3129 5387 Γεδεὼν
3176 5329 3482 5401 γενομένην
3526 5326 3679 5430 VM?"
3721 5331 3826 5430 “(ff

2282 5427 2485 5497 λέγειν.
2512 5422 2626 5482 Ἦν
2661 5426 2771 5500 γὰρ
2809 5426 2973 5491 αὐτὸς
3015 5424 3192 5495 φυλῆς
3245 5424 3344 5495 μὲν
3376 5418 3643 5489 Μανασσῆ
3667 5431 3680 5447 ⁸
3730 5425 3808 5483 μετ

661 5551 885 5646 23.859:
906 5559 1326 5646 Lstingi-a5.“
1368 5563 1575 5646 '“fPsal.
1601 5581 1794 5646 xxvttt,
1822 5569 1916 5646 ll_._
1943 5566 2234 5646 __"f3xod.
2276 5583 2474 5646 sitsit},
2503 5567 2625 5646 ξι..
2673 5567 2720 5599 ⁷³
2758 5565 2907 5621 Psal.
2958 5564 3252 5646 μετῇ-ἓ..
3389 5561 3536 5617 Psal.
3562 5571 3750 5646 nni-uix,
3778 5549 3818 5601 ἳ-

593 5620 636 5653 "
668 5620 912 5697 Philipp.
944 5644 1017 5693 ιν,
1052 5620 1137 5686 l5.
1210 5633 1255 5665 ⁷⁵
1289 5631 1436 5690 Psal.
1472 5620 1796 5703 navit,“
1828 5620 1918 5673 ’ἦ
1943 5640 1986 5695 Il
2035 5620 2171 5698 cii}.

2282 5620 2474 5694 bim".
2503 5620 2651 5695 Psal.
2693 5651 2921 5703 Luxnt,
2959 5635 3081 5690 2-3.
3129 5620 3205 5667 ’⁷⁸
3222 5632 3405 5691 Judic.
3446 5647 3533 5698 ιιι,
3562 5630 3649 5685 27.

2097 5756 2139 5812 Ν
2150 5751 2332 5814 ΟΤᾸΞ.

593 5828 776 5955 agi?)
830 5833 1203 5909 Ἐμεγαλύνθη
1241 5841 1273 5911 ἠ
1320 5842 1469 5913 ἰσχὺς
1527 5843 1713 5901 αὑτοῦ.
1752 5846 1929 5903 ῚΙτοῦ
1991 5850 2136 5905 Ἅλδ.

2299 5844 2662 5969 ἹὲὄῦλΚύριε,
2696 5842 3028 5900 ταπείνωσόν
3054 5860 3142 5914 μοι
3170 5842 3293 5905 τοὺς
3326 5839 3689 5913 ἰσχυροτέρους
3718 5841 3812 5902 ιωυο

2404 5933 2523 5969 αυτ.

2404 5933 2523 5971 αυτ.
