4058 6518
192 291 323 357 105⁸1

1277 287 1815 350 COMMENTARII
1858 286 1941 349 IN
1962 288 2304 351 JUDICES.

3305 288 3443 353 1058

188 407 399 461 ἐκεῖνον
452 402 509 456 δὲ
551 400 872 472 κατέδησαν
901 401 949 455 οἱ
996 401 1098 471 τῆς
1153 400 1327 469 φυλῆς
1384 402 1479 456 τοῦ
1516 402 1777 473 Ἐφραῖμι

1888 401 2173 467 Manassis,
2219 409 2345 473 post
2393 401 2571 473 ipsum
2616 416 2746 458 vero
2788 399 3198 457 descenderant
3242 382 3446 477 virldde

186 494 285 549 καὶ
316 490 841 561 συναγωνισάμενοι,
870 489 1091 554 τελείως
1128 489 1430 561 ἐτρέψαντο
1491 492 1616 553 τοὺς
1644 491 1768 544 Μα-

184 586 485 657 διηναίους,
531 584 626 638 xal.
682 584 809 646 τοὺς
856 584 953 636 σὺν
1002 582 1189 645 αὐτοῖς
1217 583 1277 635 ἐν
1300 581 1530 637 κοιλάδι.
1589 582 1663 636 Τὸ
1690 582 1766 644 δὲ,

189 677 478 746 Ἀδελφούς
497 692 612 742 σου,
631 674 887 745 Βενιαμὶν
910 676 966 729 ὲν
981 674 1129 737 λαοῖς
1159 691 1277 739 σου,
1301 673 1459 739 ἄλλος
1486 674 1768 740 ἐξέδωκεν,

201 790 220 822 ι
252 769 459 823 Ὀπίσω
485 785 577 822 σου
596 767 852 837 Βενιαμὶν
872 767 1093 837 ἀδελφοί
1117 784 1236 831 σου,
1274 784 1293 819 ι
1328 766 1575 820 τουτέστι
1605 766 1771 836 συνῆν

190 863 274 933 τῷ
304 860 543 933 Ἐφρατμ
564 860 658 915 καὶ
676 862 705 915 6
734 859 999 930 Βενιαμὶν
1018 862 1078 915 ὲν
1100 861 1168 931 τῇ
1197 857 1522 929 παρατάξει,
1552 858 1629 920 ὡς
1656 858 1769 927 (54)

193 954 423 1022 ἀδελφὸς
452 953 528 1007 ὣν
564 952 782 1024 Ἰωσὴφ,
821 951 1046 1015 εἰκότως
1078 951 1173 1005 καὶ
1219 950 1315 1004 τοῦ
1348 950 1406 1014 ἐξ
1446 951 1643 1019 Ἰωσὴφ
1690 949 1773 1001 Ἐ-

192 1046 379 1116 φραῒμ
398 1045 624 1114 ἀδελφὸς
644 1045 975 1115 ὀνομάζεται
993 1044 1137 1097 κατὰ
1159 1042 1453 1114 συνήθειαν
1466 1044 1768 1111 γραφικήν.

208 1140 295 1200 Ὠς
324 1140 421 1194 καὶ
454 1137 552 1209 τὴν
582 1138 800 1208 Σάρραν
850 1135 1088 1207 ἀδελφήν
1113 1152 1279 1206 φησιν
1311 1133 1590 1205 Ἀϐραὰμ.
1612 1151 1770 1189 τουτ-

195 1231 347 1285 έστιν
369 1228 757 1298 ἀδελφόπαιδα.

282 1430 385 1494 Ἐξ
412 1429 559 1499 ἐμοῦ
586 1427 811 1496 Μαχεὶρ
851 1425 1194 1493 κατέϐησαν
1221 1421 1674 1493 ἐξερευνῶντες.
1713 1422 1774 1476 '0

201 1523 420 1592 Μαχεὶρ
472 1520 585 1583 υἱός
639 1520 758 1572 ἐστι
804 1515 1076 1587 Μανασσῆ
1129 1516 1304 1587 πέραν
1356 1513 1453 1568 τοῦ
1506 1513 1773 1585 Ἰορδάνου

205 1614 344 1683 μετὰ
371 1612 600 1681 Ῥουϐὴν
635 1610 731 1663 καὶ
759 1609 868 1663 Γὰδ
909 1607 1355 1679 κληρωσάμενος.
1385 1605 1579 1669 Ὅστις
1601 1607 1775 1660 πατάο

204 1707 300 1772 ξας
314 1708 414 1776 τὴν
434 1703 669 1769 Γαλαὰδ,
698 1702 1245 1773 κατεκληρονόμησεν
1276 1701 1468 1770 αὐτὴν,
1504 1700 1578 1763 ὥς
1611 1718 1775 1770 φησιν

202 1801 263 1852 ὲν
302 1800 414 1861 τοῖς
450 1796 753 1866 Ἀριθμοϊς.
796 1795 1163 1865 Ὀμομήτριος
1196 1793 1254 1847 δὲ
1295 1793 1393 1847 καὶ
1443 1792 1779 1862 ὁμοπάτριος

204 1892 429 1959 ἀδελφὸς
450 1890 528 1961 τῷ
543 1887 780 1959 Ἑφραῒμ
799 1890 826 1941 6
842 1886 1159 1957 Μανασσῆς.
1185 1885 1294 1940 Καὶ
1316 1878 1463 1939 οὗτοι
1483 1883 1599 1949 οὖν,
1623 1883 1776 1954 φησὶ,

202 1986 315 2047 τοῖς
343 1983 495 2046 ἰδίοις
528 1981 900 2053 ὲπαμύνοντες
919 1978 1192 2048 ἀδελφοῖς,
1214 1977 1527 2048 κατέϐησαν
1558 1976 1779 2048 ἐξερευ-

204 2077 403 2139 νῶντες
427 2078 555 2139 τοὺς
582 2073 898 2143 πολεμίους.

276 2188 551 2260 Γράφεται
596 2187 653 2240 δὲ
686 2186 781 2240 καὶ
813 2184 1019 2247 οὕτως*
1061 2203 1079 2236 ι
1117 2183 1210 2248 Ἐξ
1251 2180 1387 2254 ἐμοῦ
1424 2179 1666 2253 Ἑφραῒμ
1695 2180 1783 2249 ἐε-

206 2281 507 2355 ερρίζωσεν
563 2279 760 2342 αὐτοὺς
809 2278 866 2331 ὲν
922 2276 1196 2347 Ἀμαλήκ.
1236 2294 1255 2327 ι
1294 2274 1492 2345 ζΣυνῆν
1546 2273 1655 2345 γὰρ
1704 2273 1783 2344 τῷ

207 2373 384 2428 Μωὰὸ
409 2370 735 2443 πολεμοῦντι
760 2369 852 2423 τὸν
891 2368 1111 2440 Ἰσραὴλ
1152 2366 1372 2436 Ἀμμάν
1406 2382 1466 2418 τε
1497 2364 1593 2418 καλ⁸
1623 2364 1785 2430 Ἀμα-

207 2465 337 2537 λήκ.
374 2483 393 2516 t
430 2462 520 2528 Ἐξ
547 2461 681 2533 ἐμοῦ
727 2460 912 2514 τοίνυν
955 2460 1105 2512 ἐστὶν
1135 2459 1163 2511 6
1201 2456 1463 2527 Ἐφραῖμ,
1492 2475 1510 2508 ι
1538 2455 1785 2508 τουτέστι

208 2557 310 2629 τῆς
338 2555 651 2625 συγγενείας
685 2571 808 2625 μου.
846 2552 936 2605 Ἐν
978 2550 1097 2622 δρει
1146 2548 1255 2620 γὰρ
1323 2545 1567 2619 Ἐφραῖμ
1618 2543 1784 2599 ἐκαθ-

213 2654 371 2719 έζετο
394 2653 428 2722 ἠ
461 2648 747 2720 Δεὸϐῶρα.
774 2649 955 2719 Ὅπερ
985 2645 1043 2699 δὲ
1071 2644 1310 2715 εἴρηται,
1330 2642 1422 2695 τὸν
1455 2640 1547 2694 ἐπὶ
1570 2638 1663 2693 τοῦ
1690 2638 1787 2691 Γε-

209 2742 349 2798 δεὼν
375 2741 505 2805 ἴσως
545 2740 843 2794 αἰνίττεται
866 2735 1107 2808 πόλεμον
1136 2734 1227 2788 τὸν
1262 2731 1404 2787 κατὰ
1436 2728 1787 2800 Μαδιηναίων

212 2835 311 2890 καὶ⁵
346 2830 749 2905 Ἀμαλητικῶν.

286 2949 393 3002 Καὶ
423 2947 495 3000 ἐν
522 2942 846 2998 Ζαϐουλὼν
873 2939 1089 3007 Κύριος
1142 2936 1424 3005 ἐπολέμει
1466 2952 1566 3005 μοι
1586 2934 1659 2988 ἐν
1686 2932 1791 2989 δυ·

1877 493 2027 549 tribu
2068 492 2328 564 Ephraim
2370 492 2465 563 qui
2505 492 2763 549 manibus
2803 493 3083 549 consertis
3113 491 3447 547 Madianitas

1877 585 1932 639 in
1972 585 2286 639 absolutam
2319 592 2613 640 verterunt
2650 584 2853 655 fugam,
2895 585 3150 654 aliosque
3188 598 3317 638 cum
3363 584 3447 638 eis

1876 672 1934 728 in
1968 674 2134 728 valle.
2169 673 2311 729 Illud
2337 688 2494 739 vero,
2526 672 2755 729 Fratres
2780 682 2907 729 tuos
2939 672 3227 743 Beniamin
3258 672 3315 725 in
3346 685 3451 743 po-

1875 764 2025 835 pulis
2070 765 2203 829 tuis,
2258 766 2411 821 alius
2456 766 2763 837 exposuit:
2813 784 2832 819 ι
2873 767 3011 821 Post
3053 774 3108 822 te
3153 764 3448 835 Beniamin

1876 856 2082 914 fratres
2113 858 2219 920 tui,
2251 876 2269 909 ι
2304 857 2412 913 hoc
2450 868 2558 921 est,
2590 873 2698 914 una
2716 874 2843 915 cum
2870 858 3136 930 Ephraim
3164 858 3449 927 Benjamin

1875 963 2100 1019 quoque
2124 948 2179 1002 in
2218 948 2337 1003 acie.
2364 958 2507 1003 erat.
2537 947 2641 1015 Qui
2666 964 2793 1004 cum
2826 949 3004 1005 frater
3027 958 3174 1006 esset
3196 947 3449 1019 Josephi.

1878 1042 2077 1096 merito
2119 1040 2287 1095 etiam
2324 1038 2593 1111 Ephraim
2651 1040 2875 1112 Iosephi
2931 1041 3029 1097 filii
3082 1042 3256 1096 frater
3300 1056 3454 1095 more

1879 1133 2193 1203 Scriptura:
2257 1139 2639 1202 nuncupatur.
2711 1133 3187 1200 Quemadmodum
3251 1132 3452 1189 Saram

1877 1240 2103 1296 quoque
2150 1239 2406 1281 sororem
2452 1231 2616 1279 vocat
2648 1225 2962 1293 Abraham,
3006 1226 3113 1282 hoc
3155 1233 3243 1283 est
3280 1225 3453 1282 filiam

1879 1319 2213 1389 patruelem.

1954 1434 2035 1489 Ea:
2072 1433 2285 1489 Machir
2323 1434 2713 1491 descenderunt
2746 1434 3099 1506 legislatores.
3132 1434 3347 1489 Macltir
3390 1435 3457 1489 ﬂ-

1883 1528 1988 1582 lius
2033 1536 2118 1583 est
2166 1526 2444 1583 Manassis
2475 1529 2619 1582 ultra
2650 1527 2953 1583 .Iordanem
2989 1542 3114 1582 cum
3161 1526 3352 1581 Ruben
3401 1534 3458 1580 et

1880 1619 1995 1674 Gad
2019 1630 2223 1675 terram
2253 1621 2506 1676 sortitus.
2532 1620 2637 1687 Qui
2669 1635 2791 1674 cum
2824 1620 3192 1689 percussisset
3224 1618 3456 1685 Galaad,

1882 1726 2001 1765 eam
2062 1720 2147 1766 est
2195 1712 2457 1777 sortitus,
2496 1721 2557 1765 ut
2615 1719 2801 1765 exstat
2849 1712 2904 1765 in
2948 1710 3228 1766 Numeris.
3284 1707 3458 1764 Porro

1885 1802 2064 1857 frater
2110 1818 2412 1872 germanus
2438 1819 2504 1857 ex
2548 1810 2787 1871 utroque
2819 1809 3050 1874 parente
3084 1802 3349 1873 Epliraim
3372 1811 3460 1855 est

1884 1894 2195 1951 Manasses.
2238 1898 2316 1952 Ac
2371 1897 2461 1952 isti
2499 1896 2707 1966 itaque.
2729 1895 2931 1965 inquit,
2967 1909 3098 1950 suos
3138 1894 3307 1951 ulturi
3347 1892 3460 1949 fra-

1884 1996 2019 2054 tres,
2063 1988 2390 2060 indagatum
2423 1988 2615 2044 hostes
2656 1988 3095 2045 descenderunt.

1956 2187 2235 2243 Scribitur
2280 2202 2412 2244 vero
2463 2188 2628 2243 etiam
2674 2187 2804 2245 sic:
2838 2206 2857 2241 ι
2917 2186 3023 2244 Per
3064 2202 3154 2243 me
3198 2184 3458 2258 prraim

1884 2278 2200 2333 eradicavit
2225 2294 2322 2334 eos
2354 2278 2410 2333 in
2442 2278 2690 2343 Amalec,
2726 2294 2852 2333 cum
2888 2278 3047 2333 Moab
3079 2278 3132 2333 in
3164 2279 3310 2334 bello
3331 2295 3462 2333 con—

1889 2378 1971 2424 tra
2017 2368 2189 2425 Israel
2217 2407 2234 2434 ,
2274 2369 2508 2425 Amman
2545 2380 2601 2425 et
2648 2371 2875 2424 Amalec
2910 2370 3162 2425 aderant.
3191 2390 3209 2423 ι
3263 2370 3339 2425 Ex
3378 2386 3464 2424 me

1887 2461 2073 2532 itaque
2102 2461 2365 2533 Ephraim
2400 2473 2505 2526 est,
2543 2481 2560 2514 ι
2603 2461 2710 2516 boc
2740 2469 2849 2527 est,
2870 2478 2935 2516 ex
2958 2461 3297 2531 cognatione
3316 2477 3461 2523 mea.

1889 2554 1944 2607 in
1982 2563 2166 2610 monte
2197 2555 2344 2610 enim
2383 2552 2647 2625 Epltraim
2703 2554 2932 2610 sedebat
2976 2554 3255 2610 Debbora.
3288 2552 3464 2609 Caete-

1890 2656 2011 2696 rum
2036 2641 2163 2709 hoc,
2196 2642 2343 2713 quod
2367 2642 2582 2698 dictum
2608 2654 2718 2711 est,
2756 2643 2960 2699 bellum
2992 2659 3021 2698 a
3045 2643 3303 2700 Gedeone
3330 2659 3466 2699 con-

1893 2741 1982 2787 tra
2011 2733 2345 2791 Madianitas
2410 2736 2861 2809 Annalecitasque
2910 2737 3241 2809 gerendum,
3266 2736 3468 2793 obscu-

1890 2840 1951 2880 re
1988 2825 2132 2882 forte
2155 2826 2460 2883 indicatur.

1966 2937 2035 2992 Et
2065 2939 2120 2992 in
2144 2936 2391 2994 Zabulon
2439 2940 2702 2997 Dominus
2732 2941 2925 2997 bellum
2944 2941 3105 3012 gessit
3132 2958 3229 3012 pro
3250 2958 3333 2998 me
3368 2957 3469 3011 po-

209 3038 438 3105 νατοῖς.
476 3036 542 3089 0i
586 3034 694 3105 γὰρ
747 3032 890 3104 μετὰ
932 3032 1124 3101 Βαρὰκ
1182 3027 1468 3083 Ζαϐουλὼν
1504 3022 1646 3095 ἦσαν
1697 3026 1785 3079 καὶ

1892 3031 2208 3085 lentissime.
2241 3030 2397 3088 Socii
2438 3032 2611 3088 Barac
2642 3033 2795 3090 fuere
2826 3034 3091 3089 nimirum
3125 3050 3156 3091 e
3184 3035 3334 3091 tribu
3360 3034 3469 3088 Za-

211 3100 499 3199 Νεφθαλὶμ
526 3100 850 3197 νικήσαντες
882 3100 1113 3193 Σισάρα.
1140 3120 1232 3174 Ἐν
1262 3119 1447 3182 αὐτοῖς
1467 3112 1560 3172 οὖν
1584 3116 1785 3189 Κύριος

1893 3122 2062 3176 bulon
2095 3130 2149 3176 et
2180 3122 2535 3194 Nephthalim
2574 3140 2639 3179 ac
2678 3126 2937 3182 vicerant
2989 3126 3264 3184 Sisaram.
3294 3126 3355 3183 In
3400 3127 3468 3182 iis

213 3222 356 3289 ὑπὲρ
376 3219 561 3291 ἡμῶν,
592 3216 779 3286 φησὶν,
814 3213 1096 3284 ἐπολέμει.

295 3333 560 3389 Ἐκεῖθεν
592 3331 663 3386 ἐν
688 3329 975 3396 σκήπτρῳ
997 3325 1394 3395 ὲνισχύοντος
1429 3322 1704 3394 ἡγήσεως
1723 3323 1793 3377 ἐν

223 3426 517 3495 Ἰσσάχαρ
533 3423 684 3494 μετὰ
709 3420 1010 3488 Δεόϐὠρας
1042 3417 1436 3483 ἐξαπέστειλε
1456 3414 1667 3480 πεζοὺς
1688 3416 1792 3469 αὑ·

209 3518 319 3572 τοῦ
347 3518 435 3582 εις
465 3516 581 3581 τὴν
617 3510 890 3568 κοιλάδα.
942 3510 1232 3582 Σκῆπτρον
1290 3508 1385 3562 τοῦ
1434 3507 1789 3577 ὲνισχύοντος,

208 3611 332 3680 ἢτοι
380 3610 409 3661 6
439 3606 715 3677 Ἑφραῖμο
771 3601 986 3656 ἐκεῖθεν
1028 3600 1138 3671 γὰρ
1194 3602 1228 3671 ἡ
1293 3599 1585 3669 Δεὸὁῶρα·
1617 3600 1734 3670 ἦτοι
1762 3600 1791 3652 6

209 3699 524 3769 Νεφθαλὶμ,
567 3697 694 3751 ὅθεν
752 3694 983 3766 ὥρμητο
1043 3692 1253 3763 Βαράκ.
1280 3691 1372 3761 Τῷ
1396 3686 1490 3745 οὖν
1526 3692 1793 3761 σκήπτρῳ

205 3788 306 3842 τοῦ
354 3786 698 3858 ἐνισχύοντος
746 3788 841 3839 καὶ
887 3782 1203 3856 ἡγουμένου
1231 3782 1327 3836 καὶ
1355 3782 1383 3835 6
1421 3782 1679 3853 ἰσσάχαρ
1714 3781 1796 3848 ἐξ·

209 3879 504 3934 απέστειλε
532 3880 669 3950 μετὰ
696 3877 987 3949 Δεδόὡρας
1012 3873 1240 3939 πεζούς.
1337 3885 1350 3897 ’

278 3992 390 4047 Kal
411 3991 659 4062 ἀρχηγοὶ
694 3992 765 4045 ἐν
806 3991 1103 4060 Ἰσσάχαρ
1156 3984 1307 4055 μετὰ
1368 3984 1666 4053 Δεϐϐώρας
1696 3984 1795 4038 καὶ

208 4083 412 4152 Βαράκ
432 4098 445 4112 ·
484 4082 595 4153 (55)
628 4082 779 4136 οὕτω
813 4081 1011 4150 Βσρὰκ
1031 4080 1101 4133 ἐν·
1126 4075 1412 4133 κοιλάσιν
1436 4074 1797 4130 ἀπέστειλεν

204 4175 280 4227 ἐν
338 4173 527 4226 ποσίν
598 4170 804 4227 αὑτοῦ.
885 4171 973 4234 Ὠς
1053 4165 1195 4223 είναι
1257 4164 1459 4236 μᾶλλον
1519 4164 1795 4235 σκῆπτρον

201 4265 305 4320 τοῦ
365 4264 705 4335 ἐνισχύοντος
758 4262 853 4317 καὶ
900 4261 1209 4333 ἡγουμένου
1261 4257 1356 4310 τὸν
1399 4253 1662 4326 Ἐφραῒμ,
1707 4255 1795 4310 διὰ

204 4356 520 4428 Δεϐὁῶραν.
544 4354 696 4425 Αὕτη
730 4354 839 4424 γὰρ
858 4353 955 4406 καὶ
983 4353 1250 4424 ἡγήσατο,
1277 4348 1378 4403 καὶ
1407 4346 1655 4417 ὲνίσχυσε
1688 4348 1795 4400 Βα-

1894 3212 2085 3282 igitur,
2120 3216 2222 3282 ait,
2257 3216 2529 3273 Dominus
2554 3233 2656 3288 pro
2682 3218 2851 3273 nobis
2885 3220 3166 3291 pugnavit.

1965 3326 2122 3383 Hinc.
2142 3337 2404 3399 sceptrum
2424 3330 2573 3385 ducis
2597 3331 2652 3386 in
2680 3330 2935 3385 Issacltar
2966 3340 3162 3397 tenens,
3189 3346 3309 3385 cum
3335 3329 3470 3384 Deb-

1894 3421 2023 3477 bora
2048 3420 2246 3489 pedites
2280 3437 2403 3476 suos
2442 3422 2511 3477 ad
2538 3423 2727 3477 vallem
2758 3423 2923 3477 misit.
2969 3422 3261 3490 Sceptrum
3285 3421 3469 3483 ducis.

1892 3513 1976 3567 vel
2001 3512 2261 3583 Ephraim
2297 3533 2311 3570 :
2336 3514 2468 3570 hinc
2489 3515 2635 3570 enim
2668 3514 2919 3571 Debbora
2944 3513 3062 3569 :vel
3092 3511 3469 3583 Nepbtltalitn,

1893 3601 2024 3673 quia
2067 3603 2197 3657 hinc
2250 3602 2424 3659 Barac
2477 3605 2748 3673 originem
2802 3603 2982 3658 duxit.
3037 3602 3272 3673 Sceptro
3312 3601 3471 3657 ducis

1895 3695 2064 3766 igitur
2092 3693 2341 3752 lssachar
2365 3710 2591 3768 quoque
2626 3697 2839 3767 pedites
2871 3696 3023 3753 misit
3046 3709 3172 3754 eum
3198 3693 3468 3752 Debbora.

1970 3990 2247 4061 Principes
2280 4005 2487 4062 quoque
2516 3991 2624 4047 mei
2658 3990 2715 4046 in
2748 3986 3010 4048 Issaelrar
3041 4007 3159 4047 cum
3202 3990 3473 4058 Debbora,

1895 4084 1987 4139 sed
2011 4094 2063 4139 et
2100 4083 2357 4139 Issachar
2378 4084 2823 4154 quemadmodum
2842 4085 3019 4139 Barac
3041 4086 3095 4139 in
3119 4084 3257 4141 valle
3281 4085 3475 4140 missus

1894 4177 2071 4244 pedes,
2099 4185 2207 4233 etc.
2239 4173 2330 4249 [V,
2352 4174 2465 4248 15.]
2488 4175 2638 4232 Adeo
2656 4184 3005 4247 ntsceptrum
3032 4176 3152 4247 ejus
3175 4176 3365 4248 potius
3399 4178 3473 4232 sit

1896 4268 1993 4338 qui
2040 4268 2337 4324 confirmat
2388 4283 2452 4323 ac
2483 4269 2638 4325 ducit
2671 4268 2937 4340 Ephraim
2980 4284 3078 4339 per
3125 4266 3461 4325 Debboram.

1899 4354 1993 4409 llla
2036 4355 2184 4411 enim
2243 4362 2299 4410 et
2340 4355 2522 4420 duxit,
2555 4366 2609 4411 et
2650 4355 2990 4412 confortavit
3029 4356 3204 4411 Barac
3237 4365 3291 4411 et
3336 4357 3470 4411 reli-

208 4448 318 4520 ράκ
336 4464 397 4501 τε
426 4447 522 4501 καὶ⁸
578 4445 707 4506 τοὺς
762 4443 1003 4506 λοιπούς.
1058 4441 1298 4496 Κοιλάδα
1321 4436 1384 4493 δέ
1409 4453 1565 4508 φησι,
1615 4436 1704 4492 διὰ
1736 4436 1785 4491 τὶ

1900 4459 2061 4515 quos.
2091 4444 2258 4500 Vallis
2287 4459 2419 4501 vero
2446 4445 2718 4513 meminit,
2758 4460 2825 4501 eo
2852 4444 2996 4517 quod
3028 4446 3235 4501 bellum
3265 4445 3322 4501 in
3354 4454 3470 4501 tor-

200 4542 265 4594 ὲν
284 4540 573 4611 χειμάρρῳ
604 4537 889 4607 γεγονέναι
911 4535 1003 4590 τδν
1033 4535 1290 4605 πόλεμον.

277 4653 417 4706 Ἵνα
446 4650 503 4704 τί
544 4649 628 4704 σὺ
655 4646 956 4711 κατοικεῖς
981 4646 1053 4699 ἐν
1081 4645 1252 4715 μέσῳ
1322 4637 1609 4711 χειζέωη
1638 4638 1799 4702 Ἴσως

200 4745 349 4815 πρὸς
365 4743 541 4797 πάντα
576 4742 726 4810 λέγει
749 4741 840 4793 τὸν
884 4736 1095 4809 Ἰσραήλ
1123 4752 1136 4768 °
1177 4735 1242 4789 Τί
1270 4735 1499 4806 δήποτε,
1520 4732 1676 4800 φησι,
1701 4728 1797 4785 τοῦ

197 4834 348 4888 Θεοῦ
371 4833 669 4895 δεδωκότος
698 4832 832 4901 ὑμῖν
882 4828 1104 4898 ἄριστον
1152 4825 1484 4898 στρατηγὸν,
1518 4822 1798 4892 ἀναμέσον

201 4926 521 4981 κατοικεῖτε
556 4924 667 4977 τῶν
710 4920 1033 4976 Χαναναίων
1083 4919 1193 4973 τῶν
1230 4916 1662 4990 ἐτερογλώσσων
1706 4913 1801 4967 καὶ

194 5016 557 5085 ἁλλοφύλωνς
603 5014 733 5068 Ἰδοὺ
752 5014 860 5083 γὰρ
884 5013 913 5066 6
939 5010 1128 5082 Βαρὰκ
1152 5010 1370 5079 ἐκίνησε
1415 5008 1537 5063 κατ’
1569 5003 1802 5061 ἐκείνων

193 5111 331 5172 τοὺς
355 5109 548 5171 πόδας,
578 5107 688 5161 τῶν
710 5104 1063 5177 διῃρημένων
1092 5103 1151 5169 ἐξ
1177 5101 1338 5173 ἡμῶν
1368 5101 1464 5155 καὶ
1507 5096 1674 5161 Θεοῦ,
1706 5097 1799 5151 καὶ

198 5200 349 5271 μηδὲ
395 5199 536 5270 πρὸς
565 5198 792 5261 ἑαυτοὺς
824 5191 1286 5266 συμφωνούντων.
1316 5186 1396 5244 Ἦ
1426 5189 1536 5261 γὰρ
1562 5190 1630 5246 ἄν
1658 5182 1800 5258 ἦσαν

195 5295 390 5362 χεῖλος
409 5290 491 5345 ἓν.

1903 4544 2063 4593 rente
2094 4536 2225 4592 fuit.

1972 4648 2084 4704 Cur
2109 4658 2165 4703 tu
2194 4648 2341 4704 sedes
2382 4649 2436 4703 in
2467 4649 2640 4705 medio
2667 4649 2894 4704 duorum
2927 4650 3207 4703 limitum?
3227 4648 3307 4703 Ad
3333 4663 3473 4704 cnn-

1903 4746 2055 4795 ctum
2095 4737 2242 4795 forte
2286 4739 2543 4794 lsraelem
2575 4738 2732 4793 dicit.
2775 4738 2919 4804 Quid
2958 4740 3211 4805 tandem,
3263 4740 3472 4809 inquit,

1900 4830 2172 4901 optimum
2207 4844 2238 4885 α
2271 4830 2382 4885 Deo
2415 4830 2607 4885 ducem
2651 4829 2796 4883 nacti
2846 4830 2991 4882 inter
3032 4828 3377 4886 Cbananaaos
3420 4839 3476 4887 et

1901 4921 2118 4993 lingua.
2148 4930 2204 4977 et
2236 4929 2402 4991 gente
2432 4921 2646 4976 alienos
2679 4919 2991 4975 desidetis?
3019 4919 3158 4975 Ecce
3196 4923 3341 4977 enim
3372 4922 3475 4977 Ba-

1900 5030 1999 5070 rac
2032 5020 2229 5069 contra
2267 5013 2395 5068 illos
2424 5012 2729 5067 concitavit
2772 5010 2943 5082 pedes
2982 5025 3202 5078 eorum,
3227 5013 3320 5084 qui
3353 5028 3414 5069 se
3445 5028 3473 5067 a

1905 5105 2071 5160 nobis
2092 5111 2149 5159 et
2183 5103 2296 5158 Deo
2326 5102 2677 5160 avulserunt.
2706 5102 3066 5174 Neqneinter
3094 5104 3309 5174 seipsos
3338 5120 3473 5159 con-

1905 5192 2155 5257 veniunt,
2187 5202 2284 5247 aut
2314 5192 2460 5247 enim
2493 5193 2662 5248 unico
2691 5190 2873 5249 limite
2910 5192 3159 5249 contenti
3191 5200 3402 5247 essent.

1728 5432 1962 5491 ΝΟΤΕ.

298 5582 329 5611 r'
426 5580 449 5599 υ

437 5578 829 5719 ’ἒὲαξέστειλε-
850 5643 1051 5719 πεζοὺς
1080 5642 1279 5719 αὐτοὺς
1312 5640 1392 5719 είς
1432 5640 1796 5719 κοιλάδαβνα

186 5724 245 5776 τί
276 5710 660 5783 ’σὺκατοικείς
688 5715 917 5787 ἐμμέσῳ
940 5716 1023 5783 (ἐν
1058 5714 1210 5784 μέσῳ
1238 5713 1521 5784 ὀρθότερ.)
1570 5710 1793 5785 χιλίων,

1901 5569 2167 5644 ἐξέτεινεν
2192 5568 2593 5644 ἐν-ταῖςᾲαυτοῦ
2626 5572 2938 5644 διαιρέσεσι
2985 5569 3210 5642 μεγάλοι
3245 5567 3475 5640 ἀκριϐασ

1905 5641 2053 5713 σμοί.
2088 5642 2202 5704 Εἰς.
2239 5642 2271 5709 ή
2306 5642 2363 5693 έν
2409 5642 2577 5708 Ὀξον.
2610 5642 2721 5697 έκδ.
