4058 6510
656 276 792 345 1059

723 396 901 452 Ruben
928 397 1104 466 magni
1147 396 1429 450 decretarii
1473 396 1671 460 cordis,
1706 410 1859 448 ercur
1913 395 2061 450 sedes
2094 397 2231 449 inter
2258 400 2306 455 Α

653 490 1017 561 Mospluethan
1033 492 1057 544 .9
1074 488 1213 560 [16.]
1237 489 1372 542 Illud
1390 488 1763 558 Mospluethan
1785 489 2220 560 interpretantur

648 581 876 651 Aquilas
892 579 1136 649 quidem,
1165 579 1412 643 sortium,
1467 579 1836 650 Symmachus
1870 596 2021 645 vero,
2048 581 2220 648 campi

652 672 791 725 inter
814 679 1065 738 utrasque
1092 669 1251 721 acies.
1277 667 1547 722 Cazterum
1569 666 1762 723 Ruben
1802 676 1993 739 utpote
2016 671 2222 739 primo-

646 761 887 831 genitus,
940 758 1327 828 magnanimus
1368 767 1475 823 est,
1494 772 1599 813 noc
1630 774 1740 813 non
1764 760 1819 813 in
1851 760 2016 815 rebus
2042 761 2223 815 omni-

646 854 751 909 bus
801 867 990 921 sagax.
1034 851 1194 916 Quod
1238 865 1370 905 sane
1404 853 1473 904 de
1514 849 1771 907 Manasse
1798 866 2016 921 quoque
2042 850 2219 906 aﬂert.

645 941 788 1009 Quid
824 941 1015 1011 igitur,
1048 940 1247 1009 inquit,
1280 939 1718 1005 considerantes,
1778 948 1833 994 et
1871 948 2065 995 exacte
2096 956 2221 1010 per-

645 1033 948 1104 pendentes
976 1033 1181 1097 omnia,
1211 1031 1440 1094 sedetis,
1473 1047 1649 1101 neque
1668 1030 1735 1086 ad
1759 1047 1996 1102 pugnam
2028 1034 2223 1102 pedem

644 1126 905 1191 movetis,
954 1124 1258 1194 Rubenquc
1317 1135 1468 1178 trans
1520 1122 1815 1178 Jordanem
1858 1124 2226 1179 ulciscimini?

643 1217 857 1283 Quibus
909 1216 1161 1271 videlicet
1209 1216 1345 1271 satis
1392 1224 1495 1279 est,
1543 1215 1589 1269 si
1613 1225 1827 1270 vestras
1863 1230 2225 1273 conservaveo

645 1309 771 1364 ritis
799 1308 1324 1364 sortes.Praesertim
1344 1323 1472 1363 vero
1504 1323 1629 1362 cum
1651 1308 1938 1362 victoriam
1970 1307 2222 1375 videatis;

1987 276 2343 337 PROCOPII
2375 277 2620 336 GAZ/EI

2415 394 2673 464 Ῥουϐὴν
2698 395 2949 464 μεγάλοι
2983 396 3342 466 ἀκριϐαο-μοι
3382 400 3623 467 καρδίας
3649 441 3666 469 ,
3702 402 3797 456 ἳνα
3833 408 3879 460 τι

2316 505 2420 557 μοι
2447 487 2709 555 κάθησαι
2734 488 3047 557 ἀναμέσον
3075 489 3195 543 τῶν
3222 492 3613 559 Μοσφαιθάνς
3649 494 3720 545 Τὸ
3748 495 3877 548 Μοσ-

2322 577 2522 646 φαιθὰν
2568 579 2988 651 ἑρμηνεύουσιν,
3038 580 3269 645 Ἀκύλας
3302 583 3419 652 μὲν,
3467 582 3584 636 τῶν
3634 586 3875 656 κλήρων,

2323 669 2619 741 Σύμμαχος
2668 671 2747 738 δὲ,
2798 672 2914 725 τῶν
2963 673 3351 742 μεταιχμίων.
3412 673 3468 726 Ὀ
3502 675 3559 728 δὲ
3609 675 3877 747 Ῥουϐὴνὸ

2324 762 2670 831 πρωτότοκος
2705 762 3065 834 μεγαλόφρων
3098 764 3236 828 ἐστὶ,
3280 764 3373 817 καὶ¹
3416 765 3587 829 ἄλλως
3618 766 3739 833 ὀξὺς
3770 773 3875 841 περὶ

2322 854 2391 907 τὰ
2417 854 2743 924 πράγματα.
2786 856 2964 927 Ὅπερ
2998 857 3250 929 ἐπιφέρει
3274 858 3373 912 καὶ
3405 862 3534 928 περὶ
3561 859 3657 912 τοῦ
3686 862 3877 915 Manas-

2326 947 2416 1018 σῆ.
2439 948 2504 1000 Τί
2536 944 2649 1011 οὖν,
2685 950 2840 1019 φησὶ,
2885 952 3219 1015 σκοποῦντες
3250 952 3346 1005 καὶ
3393 952 3873 1024 ἁκριϐολογούμενοι

2324 1040 2591 1111 κάθησθε,
2626 1042 2701 1111 μὴ
2735 1041 2871 1112 πρὸς
2909 1042 3009 1112 τὴν
3044 1042 3225 1112 μάχην
3250 1042 3585 1111 κινούμενοι,
3638 1046 3762 1113 μηδὲ
3786 1050 3871 1110 τοῖς

2324 1132 2452 1202 περὶ
2484 1132 2575 1184 τὸν
2616 1133 2843 1204 Ῥουϐὴν
2898 1134 3071 1204 πέραν
3120 1134 3215 1187 τοῦ
3246 1135 3516 1205 Ἰορδάνου
3573 1136 3871 1205 μηνύοντες;

2324 1222 2647 1291 ἀγαπῶντες
2698 1224 2746 1276 εί
2806 1223 2935 1286 τοὺς
2987 1224 3152 1288 ἰδίους
3198 1225 3472 1294 φυλάξητε
3502 1226 3752 1295 κλήρους.
3786 1230 3876 1281 Καὶ

2324 1312 2496 1367 ταῦτα
2520 1313 2619 1383 τὴν
2644 1314 2801 1383 νίκην
2838 1314 3066 1376 ἰδόντες·
3100 1313 3275 1366 δεῖσθε
3299 1313 3355 1366 δὲ
3388 1313 3496 1367 τῶν
3526 1317 3875 1384 σημαινόντων

642 1401 933 1455 convenite
976 1414 1110 1453 vero
1172 1414 1266 1465 eos
1310 1399 1403 1469 qui
1439 1399 1597 1454 vobis
1640 1398 1754 1453 haec
1794 1398 2141 1465 renuntiant,
2174 1408 2216 1456 el

2327 1406 2476 1476 ὑμῖν,
2505 1407 2599 1458 καὶ
2624 1404 2934 1458 καλούντων
2970 1405 3053 1468 είς
3083 1405 3184 1475 τὴν
3212 1404 3536 1476 παράταξιν.

642 1493 698 1547 in
723 1491 897 1546 aciem
933 1497 1261 1560 provocant.

712 1580 871 1651 502
892 1579 1075 1650 Magni
1098 1589 1417 1633 scrutatores
1444 1577 1641 1641 cordis,
1657 1576 1869 1631 Galaad
1886 1579 2021 1631 citra
2037 1578 2230 1634 Jorda.

642 1689 755 1725 nent
775 1672 987 1741 quievit.
1040 1668 1128 1742 Π,
1160 1668 1268 1741 17.]
1300 1669 1414 1745 Sita
1444 1677 1528 1724 est
1561 1668 1765 1723 Galaad
1800 1684 1829 1722 a
1871 1677 2024 1739 tergo
2060 1669 2227 1726 Plite-

2385 1581 2647 1651 Μεγάλοι
2666 1582 3043 1652 ἐξιχνιασμοὶ
3065 1583 3332 1649 καρδίας.
3349 1583 3600 1637 Γαλαὰδ
3620 1584 3690 1636 ἐν
3709 1582 3781 1647 τῷ
3798 1585 3881 1637 :zé-

2319 1689 2440 1741 ραν
2462 1672 2566 1726 τοῦ
2594 1672 2899 1740 Ἰορδάνου
2931 1672 3383 1738 κατεσκήνωσε.
3413 1674 3609 1725 Κείται
3639 1674 3671 1739 ἡ
3702 1671 3882 1723 Γαλαὰδ

642 1768 793 1820 uices
830 1773 881 1820 et
904 1764 1139 1829 Arabiae,
1172 1763 1550 1833 contingitque
1574 1760 1872 1817 Libanum.
1928 1761 2215 1818 Protendit

2319 1763 2413 1816 ἐπὶ
2433 1764 2500 1816 τὰ
2522 1764 2667 1817 νῶτα
2690 1766 2791 1835 τῆς
2808 1764 3061 1833 Φοινίκης
3091 1765 3184 1816 καὶ
3201 1767 3299 1833 τῆς
3316 1764 3584 1834 Ἀραϐίας
3605 1781 3617 1792 ·
3634 1764 3725 1815 καὶ
3746 1765 3881 1816 συνὰ-

642 1872 770 1910 vero
787 1869 843 1910 se
869 1871 963 1924 per
979 1855 1276 1920 desertum,
1292 1854 1357 1907 ad
1386 1853 1545 1906 tinem
1563 1852 1682 1920 ejus
1704 1867 1868 1922 supra
1893 1851 2207 1909 Jordanem.

642 1947 699 2001 In
731 1962 837 2016 qua
874 1945 1139 2000 habitavit
1173 1943 1862 2014 SeoujAmorrhaeusQuze
1880 1952 2028 2000 sorte
2048 1955 2214 2001 cessrt

636 2044 857 2099 duabus
880 2042 1124 2097 dimidiis
1146 2041 1421 2095 tribubus.
1451 2040 1525 2095 De
1556 2056 1661 2110 qua
1692 2040 1745 2093 in
1776 2039 2051 2095 Ieremia:
2087 2059 2105 2091 ι
2131 2039 2213 2094 Τιι

638 2135 771 2190 mihi
800 2133 1133 2204 principium
1168 2130 1359 2186 Libani
1382 2132 1451 2198 7’,
1487 2150 1506 2182 ›
1543 2131 1753 2185 dictum
1778 2139 1883 2187 est.
1924 2130 2021 2186 Est
2049 2146 2214 2201 porro

636 2244 795 2283 mons
831 2242 1052 2298 quoque
1092 2224 1323 2291 Galaad,
1354 2233 1410 2278 ct
1466 2224 1667 2279 civitas
1702 2225 1945 2294 ejusdem
1975 2224 2215 2279 nominis

636 2333 803 2387 super
866 2333 953 2373 eo.
1008 2315 1184 2382 Quam
1248 2316 1317 2369 ab
1344 2314 1668 2369 Amorrlneo
1742 2316 1956 2384 accepit
2004 2313 2214 2369 Galaad

637 2409 784 2464 [ilius
838 2405 1070 2473 Macllir,
1125 2422 1295 2475 nepos
1333 2405 1628 2460 Manassis.
1660 2406 1757 2460 Isti
1800 2406 1989 2477 igitur,
2012 2408 2212 2476 inquit,

638 2499 830 2569 procul
874 2507 1027 2553 trans
1082 2496 1377 2551 Jordancm
1412 2496 1625 2564 sedent,
1671 2510 1795 2550 cum
1828 2498 2007 2552 adhuc
2042 2497 2215 2567 pluri-

637 2605 785 2645 mum
816 2595 977 2644 terrae
1018 2588 1159 2642 intra
1188 2584 1486 2641 Jordanem
1534 2594 1759 2656 possent
1792 2602 2012 2655 capere.
2042 2588 2217 2642 Inter-

636 2680 845 2752 pretari
872 2696 1003 2735 vero
1033 2680 1160 2735 licet
1186 2677 1416 2744 Galaad,
1461 2679 1797 2749 migrationis
1833 2680 2211 2735 testimonium.

639 2772 839 2828 Eorum
903 2772 1073 2843 igitur
1117 2771 1213 2842 qui
1258 2771 1310 2825 in
1376 2778 1525 2825 terra
1583 2770 1857 2835 habitant,
1887 2781 1940 2826 et
1989 2770 2217 2825 advenae

638 2875 787 2927 sunt,
821 2878 1029 2933 magna:
1068 2862 1254 2918 cordis
1294 2864 1686 2917 scrutationes.
1732 2860 2216 2919 Transccuderunt

635 2953 781 3007 enim
814 2967 1029 3007 omnem
1073 2952 1348 3006 carnalem
1403 2951 1823 3022 cogitationem.

708 3065 829 3118 Dan
854 3080 949 3119 cur
969 3064 1109 3134 apud
1134 3081 1286 3120 naves
1327 3065 1512 3121 sedet?
1533 3074 1639 3121 etc.
1672 3063 1864 3119 Tradit
1893 3064 2036 3119 enim
2058 3064 2213 3121 Iose-

637 3156 801 3227 phus,
845 3154 1114 3212 lsraelitis
1170 3157 1225 3211 in
1259 3156 1532 3228 ignaviam
1587 3156 1831 3226 delapsis
1869 3156 2210 3213 Chananazos

634 3254 853 3317 sumpto
917 3247 1102 3302 animo
1134 3262 1363 3318 magnas
1410 3248 1810 3318 conscripsisse
1859 3249 2069 3319 c0pias,
2094 3259 2148 3304 et
2180 3263 2209 3303 a

635 3343 783 3397 tribu
813 3342 1036 3413 quidem
1087 3340 1249 3406 Juda,
1280 3343 1517 3398 Ascalon
1560 3350 1615 3397 et
1650 3343 1925 3410 Accaron,
1963 3343 2212 3412 aliasque

636 3433 837 3487 multas
874 3433 931 3486 in
969 3445 1164 3501 campo
1198 3432 1506 3501 explicatas
1565 3432 1727 3487 urbes
1775 3433 2069 3499 avulsisse,
2106 3431 2211 3486 Da-

635 3524 782 3579 nitas
829 3537 959 3578 vero
998 3522 1053 3575 in
1087 3532 1331 3577 montem
1395 3521 1695 3592 confugere
1740 3523 2013 3593 adegisse,
2048 3538 2111 3578 ac
2141 3524 2208 3580 iis

633 3614 853 3684 quidem
917 3614 988 3668 de
1018 3627 1213 3682 campo
1243 3612 1381 3667 nihil
1426 3613 1740 3682 reliquisse.
1784 3612 1959 3670 Porro
1979 3630 2078 3687 per
2110 3631 2209 3671 ex-

634 3705 939 3773 ploratores
1008 3702 1252 3772 quinque
1299 3702 1525 3771 cognito
1584 3702 1731 3772 quod
1775 3711 1921 3759 terra
1953 3718 2209 3774 amagno

633 3795 856 3850 Sidonis
890 3809 1086 3865 campo
1120 3794 1264 3849 bona
1295 3808 1359 3849 ac
1390 3794 1675 3851 fructuosa
1707 3804 2021 3860 esset,cum
2044 3811 2206 3851 exer-

630 3888 744 3942 citu
794 3888 1093 3957 eruptione
1151 3886 1319 3953 facta,
1353 3887 1544 3942 urbem
1623 3887 1824 3942 ibidem
1870 3887 2039 3942 tribui
2092 3887 2206 3943 Dan

630 3977 1012 4046 cognominem
1081 3988 1429 4047 comparant.
1490 3976 1717 4032 Viciniae
1756 3977 1942 4047 itaque
1983 3976 2208 4035 nomine

630 4068 892 4139 probrum
939 4067 994 4121 in
1025 4068 1202 4137 ipsam
1238 4068 1510 4123 redundat
1549 4084 1785 4139 quoque.
1833 4069 2205 4135 Quemadmo-

630 4160 761 4213 dum
788 4159 1208 4230 lsraeliquoque
1227 4159 1459 4214 dicitur:
1497 4180 1514 4212 ι
1562 4160 1703 4225 Quid
1742 4160 1839 4215 tibi
1872 4162 1976 4226 vis,
2002 4160 2195 4229 Israel,

630 4247 775 4318 quod
807 4248 863 4302 in
893 4256 1039 4303 terra
1075 4248 1317 4304 hostium
1349 4251 1610 4306 consistis
1629 4251 1715 4304 l‘°?
1757 4269 1777 4304 ι
1818 4251 1873 4306 Si
1906 4254 2056 4308 enim
2092 4253 2205 4309 Deo

629 4339 1014 4404 adhaesissent,
1074 4339 1191 4395 base
1247 4342 1440 4411 utique
1513 4356 1623 4397 non
1675 4343 1990 4399 evenissent
2070 4344 2201 4401 illis.

634 4430 970 4486 Vaticinatur
1002 4444 1133 4486 vero
1164 4431 1232 4487 de
1258 4431 1423 4487 rebus
1454 4442 1644 4503 postea
1686 4436 1993 4491 eventuris.

696 4540 829 4594 Aser
854 4540 987 4595 sedit
1018 4541 1073 4594 in
1100 4541 1327 4597 statione
1348 4544 1559 4597 navium
1591 4547 1731 4609 apud
1773 4543 1923 4598 littus
1948 4546 2201 4613 marium,

623 4642 673 4686 et
694 4632 749 4686 in
796 4632 1032 4701 rupturis
1053 4634 1163 4688 suis
1186 4634 1407 4688 mansit.
1462 4633 1705 4690 Zabulon
1739 4637 1961 4704 populus
2004 4622 2205 4693 devovit

624 4727 784 4778 vitam
808 4740 961 4779 suam
992 4726 1047 4779 in
1088 4735 1331 4780 mortem.
1367 4724 1505 4798 [l8.]
1562 4726 1707 4782 Colit
1764 4729 1910 4783 enim
1949 4730 2145 4785 vallem
2172 4746 2202 4786 a

623 4814 899 4895 Carmelo,
928 4814 1243 4884 cuiusmodi
1271 4824 1385 4870 tota
1422 4828 1566 4872 terra
1609 4818 1801 4873 Sidoni
1839 4819 2072 4876 obversa
2093 4830 2197 4877 est.

624 4901 870 4955 Zabulon
900 4918 1029 4958 vero
1061 4911 1262 4959 terram
1284 4921 1458 4976 usque
1478 4906 1546 4961 ad
1572 4907 1753 4963 lacum
1787 4908 2195 4975 tiennezaretb,

620 5005 790 5057 supra
825 4989 1137 5045 Carmelum
1166 5003 1220 5048 et
1278 5010 1430 5051 mare
1484 4998 1887 5065 prominentem
1914 5011 1999 5056 est
2027 5003 2194 5057 sorti-

623 5089 732 5134 tus.
787 5079 1043 5135 Ostendit
1095 5082 1267 5151 igitur
1339 5095 1561 5154 propter
1614 5086 1710 5141 Dei
1771 5089 2078 5159 neglectum
2137 5094 2193 5148 in

624 5181 915 5241 angustum
974 5173 1167 5242 copias
1231 5175 1475 5243 ipsorum
1524 5186 1749 5233 coactas
1803 5194 1948 5246 esse,
2001 5183 2192 5252 paula-

622 5265 829 5334 timque
856 5277 885 5318 a
907 5263 1234 5322 Cbananaais
1258 5280 1325 5323 ac
1356 5267 1555 5324 vicinis
1595 5271 1849 5340 gentibus
1879 5265 2189 5343 compilari.

685 5439 734 5473 "
779 5439 981 5501 Jerem.
1018 5454 1152 5510 ml,
1210 5447 1263 5502 6.
1342 5446 1387 5479 ⁸ο
1431 5446 1919 5518 Baruch.im,10.

2316 1872 2442 1907 πτει
2458 1854 2535 1924 τῷ
2558 1854 2796 1925 Λιϐάνῳ,
2814 1855 2907 1908 καὶ
2932 1854 3253 1923 παρατείνει
3269 1855 3355 1907 διὰ
3375 1854 3476 1921 τῆς
3498 1854 3604 1924 ὲρή
3614 1870 3712 1922 μου
3745 1856 3881 1922 μέχρι

2313 1943 2416 2013 τῆς
2471 1944 2610 2014 ὑπὲρ
2657 1944 2749 1996 τὸν
2783 1943 3059 2013 Ἰορδάνην
3116 1942 3409 2015 Πετραίας.
3461 1937 3621 2015 Ἐνῇ
3668 1942 3881 2013 κατῴκει

2317 2035 2455 2090 Σιὼν
2481 2038 2508 2088 ὁ
2540 2036 2891 2107 Ἀμορραῖος.
2936 2038 3039 2088 Ἦν
3095 2034 3481 2106 ἐκληρώσαντο
3528 2037 3591 2087 αἱ
3643 2034 3735 2087 δύο
3777 2037 3883 2105 ἡμί-

2318 2144 2431 2190 σεις
2468 2126 2657 2195 φυλαί.
2693 2128 2800 2179 Καὶ
2821 2128 2879 2179 ὲν
2929 2126 3167 2197 Ἱερεμίᾳ
3209 2126 3286 2189 δὲ,
3336 2145 3353 2177 ι
3392 2125 3463 2178 Σύ
3496 2144 3592 2197 μοι
3638 2126 3776 2196 ἁρχὴ
3802 2126 3878 2178 τοῦ

2316 2218 2572 2279 Λιϐάνου,
2614 2238 2630 2270 ι
2686 2219 2925 2289 εἴρηται.
2962 2219 3119 2271 Ἐστι
3149 2218 3205 2271 δὲ
3258 2220 3352 2271 καὶ
3383 2219 3509 2288 ϐρος
3540 2216 3778 2279 Γαλαὰδ,
3805 2219 3879 2269 καὶ

2317 2312 2471 2376 πόλις
2496 2312 2785 2383 ὁμώνυμος
2818 2312 2905 2365 ἐπ’
2935 2311 3083 2382 αὐτῷ
3101 2329 3116 2344 ·
3144 2312 3212 2381 ἦν
3235 2310 3426 2364 ἔλαϐεν
3455 2310 3566 2363 ἀπὸ
3587 2308 3683 2362 τοῦ
3708 2309 3878 2383 Ἀμορ-

2320 2404 2475 2476 ραίου
2521 2404 2731 2458 Γαλαὰδ
2761 2404 2876 2467 υίὸς
2896 2404 3114 2475 Μαχεὶρ
3148 2403 3265 2457 υἱοῦ
3282 2403 3581 2472 Μανασσῆ.
3601 2395 3761 2455 Οὗτοι
3782 2397 3873 2465 οὖν,

2318 2499 2471 2568 φησὶ,
2506 2498 2697 2570 πόρρω
2726 2497 3043 2551 κατοικοῦσι
3072 2498 3247 2569 πέραν
3278 2496 3373 2550 τοῦ
3424 2496 3719 2567 Ἰορδάνου,
3744 2494 3876 2549 δυνά-

2320 2608 2474 2661 μενοι
2504 2594 2603 2660 τῆς
2637 2591 2788 2654 ὲντδς
2822 2590 3022 2661 πολλὴν
3048 2591 3187 2658 ἄγαν
3213 2590 3375 2643 ἑλεῖν.
3413 2588 3808 2659 Ἐρμηνεύεται
3831 2586 3876 2641 δὲ

2316 2684 2546 2746 Γαλαὰδ,
2560 2685 2948 2752 μετοικησίας
2958 2684 3269 2752 μαρτυρία.
3292 2681 3411 2734 Τῶν
3438 2677 3529 2735 οὖν
3561 2679 3876 2751 σκηνούντων

2316 2774 2409 2828 καὶ
2439 2774 2848 2843 παροικούντων
2874 2775 2931 2825 ὲν
2962 2776 3025 2843 τῇ
3058 2775 3128 2843 γῇ
3176 2771 3403 2843 μεγάλοι
3455 2771 3557 2839 τῆς
3597 2770 3811 2840 καρδίας
3836 2770 3874 2821 οἱ

2315 2864 2677 2935 ὲξιχνιασμοί.
2715 2863 3268 2935 ’Υπεραναϐεϐήκασι
3307 2861 3418 2933 γὰρ
3465 2864 3656 2915 πᾶσαν
3696 2862 3875 2916 ἑννοιαν

2318 2957 2614 3027 σαρκικὴν.

2391 3044 2500 3099 Καὶ
2552 3045 2672 3098 Afer
2721 3046 2809 3109 εις
2858 3047 2913 3099 τι
2957 3044 3233 3112 παροικεῖ
3286 3044 3567 3110 πλοίοιςς
3622 3044 3756 3113 Φησὶ
3784 3043 3873 3113 γὰρ

2313 3140 2579 3209 Ἰώσηπος
2632 3140 2768 3211 (56),
2828 3140 2903 3203 ὼς
2966 3140 3073 3192 τῶν
3134 3140 3193 3203 ἐξ
3244 3138 3461 3208 Ἰσραὴλ
3518 3140 3876 3191 ἀναπεσόντων

2313 3236 2393 3298 είς
2442 3232 2744 3305 ρᾳθυμίαν,
2777 3234 2828 3286 οἱ
2883 3234 3181 3287 Χαναναῖοι
3218 3231 3625 3303 θαρρήσαντες,
3662 3232 3751 3282 καὶ
3787 3248 3876 3283 πι-

2316 3326 2784 3396 ρασκευασάμενοι
2832 3326 3075 3396 μεγάλας
3116 3324 3413 3395 δυνάμεις,
3457 3324 3555 3393 τῆς
3607 3324 3706 3395 μὲν
3730 3322 3876 3376 Ἰούδα

2312 3418 2483 3489 φυλῆς
2506 3419 2606 3488 τὴν
2644 3417 2967 3471 Ἀσκάλωνα
2992 3417 3087 3469 καὶ
3124 3414 3412 3486 Ἀκκαρὼν
3446 3416 3872 3486 παρεσπάσαντο,

2310 3510 2475 3573 ἄλλας
2538 3528 2596 3563 τε
2652 3512 2710 3563 ὲν
2761 3508 2839 3579 τῷ
2882 3510 3049 3579 πεδίῳ
3102 3508 3334 3569 πολλάς·
3371 3508 3499 3572 τοὺς
3556 3508 3621 3561 δὲ
3671 3506 3874 3567 Δανίτας

2311 3603 2391 3664 είς
2419 3603 2479 3654 τὸ
2507 3600 2631 3672 ὅρος
2654 3601 2976 3671 ἠνάγκασαν
3007 3601 3338 3669 συμφυγεῖν,
3369 3598 3463 3652 τοῦ
3499 3598 3693 3651 πεδίου
3725 3613 3869 3650 κατα-

2308 3694 2557 3757 λιπόντες
2580 3694 2787 3755 τούτοις
2808 3692 2981 3746 οὑδέν.
3006 3692 3107 3744 Διὰ
3130 3692 3291 3744 πέντε
3318 3691 3374 3744 δὲ
3394 3691 3762 3744 κατασκόπων
3787 3706 3869 3758 μα-

2308 3786 2493 3850 θόντες
2515 3786 2618 3855 γῆν
2645 3786 2855 3856 ἀγαθὴν
2888 3778 3029 3837 εῖναι
3058 3785 3155 3838 καὶ
3175 3784 3466 3855 πάμφορον
3488 3784 3637 3838 κατὰ
3665 3784 3725 3835 τὸ
3748 3781 3867 3851 μέγα

2308 3876 2493 3930 πεδίον
2526 3875 2752 3939 Σιδῶνος
2774 3875 3108 3946 ὁρμηθέντες
3129 3875 3366 3946 στρατῷ,
3394 3874 3680 3939 κτίζουσιν
3705 3872 3865 3927 αὐτόθι

2307 3966 2462 4019 πόλιν
2482 3965 2589 4018 Δὰν
2618 3965 2907 4035 ὁμώνυμον
2935 3967 3000 4035 τῇ
3034 3964 3201 4037 φυλῇ.
3227 3964 3578 4030 Ὀνειδίζεται
3605 3964 3782 4018 τοίνυν
3805 3962 3864 4024 ὡς

2308 4056 2608 4125 παροικῶν.
2628 4054 2714 4118 Ὠς
2741 4056 2836 4108 καὶ
2862 4054 2941 4126 τῷ
2970 4056 3191 4125 Ἰσραὴλ
3227 4055 3445 4124 λέγεται
3462 4071 3477 4086 ·
3505 4074 3522 4108 ι
3546 4056 3614 4108 Τί
3638 4056 3751 4109 ἐστί
3777 4072 3863 4117 σοι,

2318 4147 2556 4218 Ἰσραὴλ,
2590 4149 2671 4202 ὅτι
2698 4149 2757 4201 ὲν
2805 4150 2876 4218 γῇ
2922 4147 3031 4204 τῶν
3068 4147 3280 4219 ἐχθρῶν
3316 4142 3395 4214 ei;
3433 4167 3452 4199 ι
3488 4149 3552 4201 Ei
3582 4148 3694 4219 γὰρ
3742 4143 3863 4218 ἦσαν

2309 4239 2445 4310 μετὰ
2464 4238 2620 4305 Θεοῦ,
2650 4238 2825 4293 ταῦτα
2850 4241 2952 4294 ούκ
2980 4239 3237 4311 ἔπασχον.
3264 4240 3647 4312 Παραγγέλλει
3670 4240 3725 4294 δὲ
3753 4255 3859 4310 προ·

2306 4330 2553 4401 φητικῶς
2577 4331 2639 4385 τὸ
2670 4331 2899 4402 ὕστερον
2927 4333 3315 4405 γενησόμενον.

2379 4540 2622 4606 Πλοίοις
2650 4540 2838 4609 Ἀσὴρ
2887 4541 3210 4609 παρῴκησε
3260 4543 3398 4611 παρ’
3433 4542 3724 4611 αἰγιαλῶν
3770 4546 3857 4597 θα·

2305 4633 2580 4699 λασσῶν,
2615 4634 2715 4687 καὶ
2744 4634 2843 4688 ἐπὶ
2872 4636 2977 4700 τὰς
3000 4635 3255 4703 δικοπὰς
3278 4635 3465 4691 αὑτοῦ
3500 4636 3857 4703 κατεσκήνω-

2304 4740 2380 4779 σε
2414 4724 2751 4782 Ζαϐουλὼν.
2786 4728 2943 4792 Λαὸς
2996 4727 3271 4782 ὠνείδισε
3322 4728 3538 4797 ψυχὴν
3574 4726 3758 4783 αὑτοῦ
3786 4727 3855 4789 εις

2302 4817 2580 4871 θάνατον.
2601 4818 2919 4889 ’Δσσηρϊται
2942 4819 3050 4890 γὰρ
3074 4820 3170 4890 τὴν
3192 4820 3298 4873 ἀπὸ
3318 4819 3411 4873 τοῦ
3436 4819 3737 4889 Καρμήλου
3763 4833 3856 4869 κοι-

2297 4906 2431 4962 λάδα
2459 4925 2472 4938 ·
2507 4909 2729 4981 τοιαύτη
2759 4910 2866 4979 γὰρ
2901 4912 3049 4963 πᾶσα
3074 4912 3107 4981 ἡ
3135 4913 3226 4964 ἐπὶ
3247 4910 3473 4973 Σιδῶνος
3502 4907 3855 4979 τετραμμένη)

2302 5002 2699 5074 κεκλήρωνται.
2739 5003 3025 5056 Ζαϐουλὼν
3054 5003 3132 5067 δὲ,
3173 5003 3269 5073 τὴν
3306 5002 3464 5071 μέχρι
3495 4996 3855 5069 Ιέννησαρίτι⁹

2299 5094 2389 5158 δος
2422 5094 2641 5165 λίμνης,
2674 5094 3024 5165 καθήκουσαν
3057 5093 3115 5147 δὲ
3152 5094 3293 5164 ὑπὲρ
3332 5092 3629 5163 Κάρμηλον
3658 5090 3747 5142 καὶ
3775 5088 3854 5141 θά-

2299 5187 2522 5254 λατταν,
2556 5187 2768 5259 ἔλαχον.
2800 5188 3082 5241 Δείκνυσιν
3116 5181 3210 5240 οὖν
3237 5227 3251 5251 ,
3284 5185 3358 5249 ὡς
3389 5185 3479 5239 διὰ
3510 5185 3606 5255 τὴν
3632 5184 3709 5244 είς
3738 5180 3852 5233 Θεὸν

2301 5279 2613 5350 παράϐασιν
2664 5278 3010 5351 συνήχθησαν
3064 5280 3144 5341 εἰς
3205 5277 3409 5343 στενὸν,
3462 5273 3848 5345 παρασπὼντων

2129 5585 2336 5643 NOTAE
2349 5628 2361 5641 .

689 5693 806 5767 (56)
847 5697 1030 5771 Ἑντῴ
1060 5702 1186 5772 περὶ
1210 5702 1457 5759 Ἰουδαῖκ.
1510 5700 1755 5774 ἀρχαιολ.
1786 5702 1819 5757 3
1856 5719 1973 5773 κεφ.
2035 5700 2125 5755 τοῦ
2152 5703 2185 5758 5
2225 5702 2372 5773 βιϐλ.
