4058 6532
224 288 355 355 Ῑθῧι

1324 290 1859 353 COMMENTARII
1904 293 1983 355 IN
2026 295 2361 357 JUDICES.

3366 298 3501 366 1062

216 407 421 470 αὐτοὺς
444 406 585 461 κατά
621 405 821 477 μικρὸν
844 405 951 459 τῶν
990 404 1349 473 Χαναναίων,
1400 406 1496 460 καὶ
1520 406 1643 460 τῶν
1676 406 1813 477 πλη-

1920 411 1973 464 Id
2001 412 2148 466 enim
2182 422 2266 467 est
2327 412 2472 482 quod
2503 413 2674 469 dicit:
2718 434 2734 467 ι
2765 416 3011 487 Populus
3057 416 3298 472 animam
3334 396 3499 473 suam

216 501 339 555 σίον
392 501 591 565 ἐθνῶν.¹
617 501 717 553 Διά
766 500 925 553 τοῦτο
976 499 1085 571 γάρ
1117 517 1251 571 φησι
1278 517 1291 531 ’
1326 518 1346 552 ι
1387 492 1531 565 Λαὺς
1567 500 1813 555 ὠνείδισε

216 593 401 663 ψυχὴν
431 592 598 646 αὐτοῦ
626 594 705 656 είς
730 592 984 646 θάνατον.
1024 611 1045 644 ι

291 683 407 736 Καὶ
433 682 526 735 τὸν
563 681 856 751 Νεφθαλὶμ
889 682 947 735 δέ
979 698 1146 753 φησιν
1168 681 1262 734 ἐπὶ
1293 682 1363 735 τά
1409 681 1520 753 ὕψη
1566 682 1669 753 τῆς
1703 681 1811 753 χώ-

216 791 324 846 ρας
356 777 571 843 φυγεῖν,
603 773 981 829 καταλιπόντα
1005 774 1103 845 τὴν
1136 774 1273 828 ἰδίαν
1297 774 1512 843 μερίδα.

290 866 425 919 Ὅτε
476 865 608 936 γὰρ,
657 866 846 936 φησιν,
908 861 1052 920 εἶδον
1081 866 1179 936 τὴν
1213 864 1543 919 ταπείνωσιν
1573 865 1811 937 Ἰσραὴλ,

215 955 601 1028 θαρρήσαντες
643 957 695 1008 οἱ
744 955 969 1010 Χαναὰν
1002 956 1401 1026 παρετάξαντο.
1431 957 1543 1009 Καὶ
1577 956 1732 1025 ἡμῶν
1757 956 1814 1008 δὲ

213 1046 452 1111 ἕκαστος
483 1046 757 1100 ταπεινῶν
787 1046 978 1101 ἑαυτὸν
1008 1047 1097 1101 διά
1117 1047 1218 1118 τῆς
1258 1048 1555 1119 ἁμαρτίας,
1603 1047 1817 1118 ὑποχεί-

217 1156 337 1209 ριος
362 1142 478 1202 τοῖς
494 1139 713 1211 δαίμοσι
745 1140 983 1208 γίνεται.

301 1232 402 1285 Ἑν
429 1234 660 1300 Θεννὰχ
690 1232 789 1285 ἐπὶ
838 1231 1060 1295 ὕδατος
1087 1229 1397 1302 Μαγεδδώ.
1450 1230 1563 1301 Τὴν
1604 1230 1815 1302 Θεννάχ

212 1322 319 1393 οὐχ
348 1317 496 1376 εἷλεν
531 1324 565 1392 ἡ
591 1323 733 1393 φυλὴ
765 1323 1031 1395 Μανασσῆ
1058 1338 1072 1354 ο
1114 1323 1199 1376 ὃτι
1233 1324 1309 1396 μὴ
1334 1324 1461 1386 τοὺς
1480 1322 1817 1393 ἀλλοφύλους

211 1413 429 1484 ταύτης
469 1416 803 1485 μετέστησεν
848 1413 981 1467 ἔνθα
1032 1414 1268 1485 συνέστη
1321 1417 1350 1469 ό
1381 1414 1621 1483 πόλεμος
1677 1413 1818 1484 πρὸς

210 1506 312 1559 τὸν
346 1506 575 1573 Σισάρα.
616 1506 794 1576 Κώμη
833 1506 889 1559 δὲ
929 1505 1024 1559 νῦν
1072 1506 1191 1560 ἐστι
1251 1507 1487 1575 μεγίστη
1530 1504 1817 1575 ἀπέχουσα

212 1598 321 1667 τῆς
351 1597 634 1667 Λεγεῶνος
685 1596 938 1667 σημείοις
968 1596 1039 1665 γ’.
1089 1596 1205 1649 Καὶ
1252 1594 1520 1665 Μαγεδδὼ
1552 1596 1608 1648 δὲ
1643 1594 1817 1665 φυλῆς

213 1688 415 1757 γέγονε
448 1687 743 1756 Μανασσῆ.
784 1687 853 1755 ἣν
882 1680 1029 1741 εἷλεν
1052 1685 1287 1756 Ἰησοῦς,
1334 1685 1428 1739 τὸν
1464 1675 1691 1755 βασιλέα
1725 1684 1817 1737 τὸν

1917 503 2113 559 mortis
2146 504 2353 573 obiecit
2386 505 2615 576 probro.
2656 526 2675 558 ι

1988 677 2160 735 Porro
2205 678 2554 749 Nephtbalim
2615 695 2714 737 sua
2742 682 2918 753 ipsius
2977 692 3135 754 parte
3182 684 3405 743 deserta
3442 685 3499 742 in

1914 770 2135 827 excelsa
2162 771 2401 840 regionis
2440 771 2760 844 confugisse
2802 774 3003 845 inquit.

1987 860 2126 917 Cum
2154 863 2303 917 enim
2336 861 2839 935 viderunt,inquit,
2862 865 3301 922 humiliationem
3320 868 3497 925 Israe-

1917 948 2009 1013 lis,
2042 948 2245 1003 ﬁducia
2275 961 2544 1020 concepta
2564 950 2863 1006 Chananzei
2886 953 3270 1008 instruxerunt
3300 958 3495 1011 aciem.

1915 1039 1993 1093 Ac
2020 1039 2420 1108 nostrumjsane
2437 1039 2618 1109 quivis
2640 1039 2734 1110 qui
2758 1053 2816 1095 se
2853 1040 2959 1096 sub
2986 1042 3499 1113 peccatumabjicit,

1918 1129 2174 1186 subditus
2206 1128 2263 1183 iit
2287 1128 2624 1185 daemonum.

1991 1220 2059 1275 In
2084 1221 2326 1275 leeuaclt
2358 1220 2426 1275 ad
2451 1238 2619 1294 aquas
2644 1219 2929 1292 Mageddo.
2961 1223 3052 1295 [V,
3083 1222 3197 1295 l9.]
3231 1222 3494 1279 Thenaclt

1917 1327 2029 1367 non
2061 1312 2206 1381 cepit
2231 1311 2493 1367 Manasse
2540 1313 2743 1377 tribus,
2783 1315 3046 1383 quoniam
3095 1322 3315 1370 exteros
3344 1331 3408 1370 ex
3436 1330 3503 1371 ea

1919 1420 2029 1458 non
2061 1404 2253 1474 exigit,
2306 1404 2398 1459 ubi
2454 1405 2659 1459 bellum
2715 1414 2907 1459 contra
2982 1405 3168 1461 Sisera
3220 1406 3501 1463 constitit.

1916 1494 2077 1550 Nunc
2107 1510 2240 1551 vero
2274 1496 2436 1550 vicus
2463 1504 2550 1551 est
2582 1511 2915 1567 permagnus
2950 1512 2981 1550 a
3018 1495 3270 1566 Legeone
3297 1499 3364 1552 ad
3391 1508 3506 1553 ter-

1919 1588 2055 1641 tium
2083 1588 2302 1658 signum
2330 1586 2593 1643 dissitus.
2622 1588 2695 1641 At
2715 1587 3053 1658 Mageddoin
3084 1588 3232 1643 tribu
3252 1586 3506 1643 Manasse

1920 1678 2044 1744 fuit,
2105 1693 2268 1749 quam
2327 1676 2498 1734 Josue
2552 1679 2728 1748 ipsius
2786 1693 2915 1749 rege
2972 1678 3309 1749 interempto
3335 1678 3500 1749 cepit.

211 1782 395 1853 αὐτῆς
424 1780 648 1835 ἀνελών.
679 1780 753 1833 Οὐ
786 1779 1023 1849 κατέσχε
1068 1778 1127 1831 δὲ
1174 1778 1348 1835 αὐτὴν
1384 1777 1711 1849 Μανασσῆς,
1743 1776 1816 1849 μὴ

1921 1770 2042 1825 Non
2071 1770 2316 1825 obtinuit
2344 1785 2478 1825 vero
2505 1769 2790 1826 Manasses
2820 1783 2965 1835 eam,
2998 1783 3123 1824 cum
3154 1778 3406 1825 exterum
3435 1785 3504 1825 ex

212 1876 313 1931 τὸν
344 1874 646 1944 ἀλλόφυλον
667 1874 842 1943 αὐτῆς
877 1870 1149 1926 ἐκϐαλών.

1920 1879 1984 1919 ea
2021 1880 2130 1919 non
2175 1863 2453 1934 ejecisset.

300 1986 535 2042 Lucrum
558 1987 798 2056 pecunia:
819 2002 921 2041 non
943 1983 1535 2042 abstulerunt.Tribula
1574 1984 1722 2041 enim
1749 1996 1871 2054 quae
1895 1994 1926 2035 a
1944 1978 2103 2034 nobis
2125 1977 2415 2048 exigebant
2449 1985 2641 2030 contra
2669 1974 2765 2046 jus
2792 1989 2857 2031 ac
2888 1974 2993 2040 fas,
3015 1990 3126 2031 non
3149 1985 3505 2047 acceperunt.

172 2100 177 2114 ³
292 2106 400 2158 Ἐκ
423 2103 531 2157 τοῦ
559 2102 820 2172 οὐρανοῦ
844 2102 1239 2173 ἐπολέμησαν
1271 2107 1326 2159 οἱ
1351 2104 1624 2173 ἀστέρες.
1650 2102 1817 2173 Φησὶν

230 2195 502 2266 Ἰώσηπος
543 2195 679 2268 (57),
730 2194 806 2259 ὡς
850 2195 1298 2267 συμμισγόντων,
1342 2194 1551 2267 χειμὼν
1596 2196 1819 2264 ἐγένετο

214 2288 428 2358 μέγας,
456 2287 597 2358 ὕδωρ
632 2305 692 2340 τε
736 2288 873 2341 πολὺ
928 2289 1024 2342 καὶ
1066 2289 1281 2360 χάλαζα
1330 2288 1474 2343 κατὰ
1519 2287 1818 2359 προσώπου

214 2379 333 2432 τῶν
364 2379 684 2433 Χαναναίων
706 2380 985 2437 ἐϐάλλετο.
1004 2382 1130 2435 Καὶ
1162 2382 1271 2435 πᾶν
1304 2380 1537 2452 ὄργανον
1568 2378 1809 2450 πολέμου

215 2472 435 2534 τούτοις
463 2472 735 2542 ἄχρηστον
767 2466 855 2542 ἦν.
904 2472 1049 2542 Πρὸς
1086 2470 1115 2525 ὃ
1149 2472 1525 2544 θαρῤήσαντος
1565 2471 1806 2541 Ἰσραὴλ,

216 2562 274 2613 οἱ
306 2561 410 2630 μὲν
433 2561 537 2614 ὑπὸ
564 2560 770 2614 τούτων
803 2560 1119 2628 ἐϐάλλοντο,
1151 2563 1201 2616 οἱ
1228 2563 1286 2616 δὲ
1318 2562 1422 2616 ὑπὸ
1456 2563 1557 2633 τῆς
1598 2561 1809 2626 οίκείας

215 2654 400 2707 ἵππου
426 2652 825 2723 τεταραγμένοι
859 2656 1185 2721 κατέπεσον,
1232 2654 1337 2708 ὑπὸ
1378 2655 1490 2708 τῶν
1545 2655 1811 2725 ἁρμάτων

217 2743 727 2815 καταπατούμενοι.
761 2746 1094 2817 Σημαίνουσι
1115 2746 1171 2800 δὲ
1200 2748 1329 2811 τοὺς
1352 2746 1625 2818 χειμῶνας
1654 2749 1814 2802 ἀστέ-

218 2853 351 2908 ρες·
380 2837 414 2907 ἢ
442 2837 537 2891 καὶ
564 2837 901 2911 ύπερϐολικὴ
921 2839 1059 2894 Θεοῦ
1091 2840 1410 2912 συμμαχίας
1436 2839 1672 2911 ἔμφασις
1691 2858 1704 2871 ·
1736 2842 1811 2907 ὡς

218 2929 321 2983 καὶ
347 2928 420 2983 τὰ
446 2932 683 3001 στοιχεῖα
724 2930 926 3001 μικροῦ
955 2931 1063 2984 δεῖν
1089 2932 1276 2996 αὐτοῖς
1307 2932 1667 2988 ἐπιτίθεσθαι.

309 3017 635 3083 Ἐξέϐαλεν
667 3020 892 3087 αὐτοὺς
937 3020 1301 3090 χειμάῤῥους
1329 3022 1625 3094 Καδημίμ.
1664 3026 1732 3079 Ἦ
1782 3027 1812 3079 ὁ

217 3109 396 3174 αὐτὸς
430 3109 509 3181 τῷ
538 3109 783 3177 Κισσὼν,
809 3112 843 3182 ἢ
877 3113 935 3165 ὲν
976 3112 1308 3185 ἀμφοτέροις
1358 3116 1672 3190 ἐπολεμήθη
1719 3120 1809 3172 Σι-

1989 2094 2211 2150 Caelitus
2237 2101 2545 2164 pugnarunt
2578 2092 2767 2147 stellw.
2795 2090 2933 2164 [20.]
2972 2092 3170 2148 Tradit
3201 2092 3503 2166 Josephus,

1918 2186 2175 2242 manibus
2233 2186 2513 2240 consertis
2597 2192 2980 2256 tempestatem
3037 2185 3293 2241 obortam
3379 2203 3505 2243 esse

1917 2294 2195 2350 magnam,
2238 2293 2504 2348 aquasque
2529 2292 2595 2331 ac
2638 2277 2925 2348 grandinis
2979 2278 3213 2332 multum
3253 2277 3504 2336 {aciebus

1917 2370 2359 2426 Cbanauzeorum
2388 2370 2625 2426 offusum
2650 2385 2795 2436 esse,
2829 2371 3094 2442 nullaque
3122 2386 3277 2426 arma
3306 2364 3503 2427 bellica

1918 2465 2042 2522 usui
2071 2464 2268 2520 fuisse.
2303 2463 2495 2533 Itaque
2513 2477 2637 2518 cum
2677 2463 2941 2519 Israelita:
2977 2464 3231 2518 animum
3260 2463 3505 2535 recepis-

1914 2570 2057 2623 sent,
2081 2558 2217 2614 alios
2243 2557 2462 2628 quidem
2488 2556 2555 2611 ab
2570 2556 2652 2613 eis
2683 2558 2808 2615 telis
2839 2558 3038 2628 petitos
3056 2574 3200 2626 esse,
3220 2558 3357 2616 alios
3378 2575 3506 2616 vero

1914 2650 2079 2732 equis
2113 2652 2233 2707 suis
2258 2650 2583 2705 deturbatos
2614 2663 2646 2703 a
2677 2650 2943 2705 curribus
2973 2651 3333 2706 conculcatos
3350 2666 3498 2707 esse.

1918 2739 2243 2811 Signiﬁcant
2260 2741 2425 2811 igitur
2437 2740 2611 2796 stellae
2630 2748 3004 2810 tempestates,
3019 2741 3504 2798 autcxcellcntiam

1916 2832 2090 2888 divini
2110 2833 2302 2887 auxilii
2334 2838 2759 2902 repraesentant,
2788 2846 2853 2887 ac
2869 2831 2991 2903 ejus
3013 2840 3074 2888 ut
3093 2848 3289 2904 parum
3313 2834 3502 2891 abfue-

1915 2925 2012 2994 rit,
2031 2925 2162 2997 quin
2185 2924 2459 2979 elementa
2491 2939 2712 2995 quoque
2752 2921 3115 2980 infestassent
3150 2924 3326 2995 ipsos.

1981 3016 2158 3087 Ejecit
2195 3032 2283 3070 eos
2315 3026 2523 3070 torrens
2558 3013 2862 3082 Cedumim,
2904 3030 2997 3068 seu
3034 3015 3172 3069 idem
3206 3014 3390 3080 Cison,
3412 3031 3504 3069 seu

1913 3110 1970 3165 in
1998 3108 2238 3178 utrisque
2276 3106 2410 3162 bello
2440 3107 2634 3177 petitus
2670 3115 2750 3161 est
2801 3105 3003 3160 Sisera.
3039 3104 3182 3177 [2L]
3212 3105 3414 3162 Verum
3446 3106 3502 3160 in

3531 776 3535 783 ν

3526 788 3534 853 i

220 3202 378 3273 σάρα
397 3219 411 3234 ο
439 3203 551 3256 ἀλλ’
578 3205 635 3256 ὲν
670 3204 769 3275 μὲν
806 3203 882 3275 τῷ
908 3205 1129 3260 Κισσὼν
1150 3206 1256 3260 ὑπὸ
1283 3206 1378 3261 τοῦ
1412 3209 1601 3279 Βαρὰκ
1622 3253 1635 3277 ,
1666 3213 1723 3265 ἐν
1751 3211 1810 3264 δὲ

1920 3201 2079 3258 Cison
2110 3202 2330 3271 quidem
2352 3199 2595 3266 aBarae,
2616 3199 2673 3253 in
2694 3197 2985 3254 Cedumim
3000 3213 3131 3252 vero
3161 3212 3193 3251 a
3226 3196 3502 3266 Debbora,

218 3296 307 3365 τῷ
333 3295 602 3366 Καδημὶμ
628 3295 734 3349 ὑπὸ
756 3295 1069 3368 Δεϐϐὡρας,
1088 3297 1163 3362 ὥς
1186 3316 1352 3369 φησιν
1376 3277 1633 3366 Εὐσέϐιος
1656 3304 1712 3355 ἐν
1738 3303 1816 3374 τῷ

1921 3300 1983 3348 ut
2006 3292 2062 3347 in
2093 3291 2236 3347 libro
2269 3290 2347 3345 De
2386 3291 2685 3344 nominibus
2712 3288 2949 3342 locorum
2990 3295 3189 3343 auctor
3218 3294 3306 3344 est
3332 3287 3504 3344 Euse-

218 3386 372 3455 Περὶ
410 3385 676 3441 τοπικῶν
703 3385 1012 3456 ὀνομάτων
1059 3387 1199 3458 (58).
1228 3388 1302 3442 Ἣ
1340 3390 1525 3445 τοίνυν
1568 3390 1816 3463 ἀλλήλοις

1920 3384 2064 3439 bius.
2093 3382 2202 3438 Aut
2223 3390 2374 3437 certe
2404 3379 2559 3435 ﬂuvii
2592 3380 2645 3434 in
2681 3380 2993 3436 seinvicem
3032 3380 3324 3450 eruptione
3356 3381 3503 3437 facta

224 3477 604 3548 συμϐαλόντες
632 3479 681 3532 οἱ
704 3479 941 3550 ποταμοὶ
959 3479 1089 3544 τοὺς
1114 3480 1462 3546 Χαναναίους
1485 3484 1815 3556 παρέσυρον,

222 3569 319 3639 ᾖγ’
346 3564 441 3622 οὖν
467 3561 608 3641 ἧττα
631 3568 823 3641 πρώτη
851 3570 1077 3636 τούτους
1096 3574 1163 3644 τῇ
1185 3572 1415 3646 δευτέρᾳ
1433 3574 1816 3647 παρέπεμψεν.

238 3662 641 3733 Ἐρμηνεύεται
670 3662 727 3716 δὲ
747 3663 1015 3735 Καδημὶμ
1041 3665 1162 3736 μὲν,
1190 3664 1428 3735 φάραγξ
1445 3667 1657 3737 ἁγίων·
1684 3671 1820 3723 Κισ-

225 3752 341 3807 σὼν
360 3754 439 3818 δὲ,
468 3754 862 3823 εὐφροσύναι,
890 3755 924 3826 ἢ
948 3756 1220 3825 σκληρια
1247 3756 1468 3813 αὐτῶν.
1507 3758 1570 3811 Ἥ
1599 3754 1691 3813 οὖν
1718 3759 1820 3829 φά-

225 3846 374 3917 ραγξ
407 3846 515 3900 τῶν
547 3846 721 3916 ἁγίων
754 3846 978 3915 ἐξέϐαλε
1018 3849 1146 3912 τοὺς
1189 3849 1432 3919 βασιλεῖς
1469 3850 1691 3905 Χαναὰν
1719 3856 1820 3924 τῆς

223 3935 573 4008 εὐφροσύνης
621 3936 823 4003 αὐτῶν,
878 3936 975 3991 καὶ
1028 3937 1129 4007 τῆς
1185 3935 1452 4007 σκληρίας
1499 3937 1820 4011 αύτῶν.Μὴ

224 4029 516 4095 ποιοῦντες
546 4030 655 4102 γὰρ
682 4030 752 4084 τὰ
775 4030 1039 4085 δοκοῦντα
1060 4031 1174 4093 τοῖς
1194 4029 1468 4100 δαίμοσιν,
1495 4030 1819 4100 ἀλγύνουσιν

225 4122 453 4187 αὐτοὺς,
494 4122 620 4185 τοὺς
674 4121 937 4191 ἀγγέλους
984 4120 1393 4192 εὐφραίνοντες.
1430 4122 1655 4194 Φάραγξ
1697 4124 1754 4178 δὲ
1782 4127 1816 4197 ἡ

222 4212 441 4267 τούτων
465 4214 799 4276 ταπείνωσις
828 4212 1098 4284 δεχομένη
1128 4214 1219 4267 τὸν
1248 4213 1427 4281 ὑετὸν,
1458 4216 1553 4270 καὶ
1590 4217 1820 4290 χειμάρ-

226 4307 362 4375 ρους
396 4303 734 4358 ἀποτελοῦσα
767 4305 892 4365 τοὺς
930 4305 1155 4374 ῥέοντας
1184 4306 1248 4358 ὲκ
1274 4308 1374 4376 τῆς
1410 4306 1519 4360 τῶν
1547 4308 1821 4362 πιστευόν-

224 4415 341 4451 των
388 4397 615 4466 καρδίας
660 4395 804 4451 κατά
840 4397 940 4467 τὴν
974 4395 1070 4450 τοῦ
1106 4397 1360 4469 Σωτῆρος
1392 4399 1595 4471 φωνήν.
1636 4420 1655 4453 ι
1693 4400 1820 4455 Ἐπὶ

225 4490 356 4543 τίνα
384 4490 493 4558 γάρ
520 4487 818 4558 ἐπιϐλέψω,
854 4488 1021 4560 φησὶν
1051 4489 1079 4542 ὁ
1105 4486 1261 4552 Θεὸς.
1289 4488 1405 4543 ἀλλ’
1437 4490 1469 4561 ἢ
1494 4491 1587 4545 ἐπὶ
1608 4492 1698 4547 τὸν
1722 4510 1820 4547 τα-

228 4580 442 4646 πεινὸν,
476 4581 570 4634 καὶ
596 4578 844 4651 ἡσύχιον,
864 4579 957 4633 καὶ
978 4578 1257 4650 τρέμοντά
1281 4597 1383 4651 μου
1410 4582 1537 4645 τοὺς
1558 4582 1813 4652 λόγουςςι

218 4671 335 4726 Διά
361 4670 567 4725 τούτων
614 4669 923 4743 εὐφροσύνη
982 4670 1076 4723 καὶ
1120 4669 1430 4741 σκληρότης
1471 4672 1819 4745 καθαιρεῖται

234 4763 562 4836 τυραννική.

297 4852 728 4923 Καταπατήσει
768 4852 995 4920 αὐτοὺς
1032 4852 1204 4924 ψυχή
1253 4870 1376 4923 μου
1415 4852 1669 4925 δυνατή.
1732 4855 1821 4921 Ὠς

225 4946 341 5018 γὰρ
383 4944 606 5016 ἰσχυρὸν
632 4944 794 5015 σῶμα
826 4944 954 5010 τοὺς
987 4945 1282 5015 αἰσθητοὺς
1320 4945 1617 5017 πολεμίους
1648 4964 1820 5001 κατα-

227 5037 419 5102 πατεῖ,
446 5035 591 5089 οὕτω
620 5035 767 5107 ψυχὴ
795 5034 997 5106 δυνατὴ
1030 5036 1158 5099 τοὺς
1185 5036 1431 5106 νοητούς.
1465 5054 1484 5087 ι
1514 5037 1638 5090 Ἐπὶ
1661 5038 1818 5091 ἀσπί-

226 5130 297 5181 δα
329 5127 443 5199 γάρ
479 5128 572 5181 καὶ
605 5124 919 5197 βασιλίσκον
941 5127 1203 5199 ὲπιϐήσῃ.
1238 5146 1256 5179 ι

305 5220 449 5275 Τότε
516 5219 923 5287 ἀπεκόπησαν
975 5216 1225 5285 πτέρναι
1278 5217 1480 5271 ἵππων
1531 5218 1825 5287 Madume

227 5306 557 5364 δυναστῶν
616 5308 827 5364 αὐτοῦ.
887 5306 1168 5378 Μαδαρὼθ
1235 5306 1504 5379 ἐξέδωκεν
1561 5310 1821 5379 Ἀκύλας,

307 5466 354 5497 ⁸⁸
392 5463 501 5523 lsa.
542 5481 693 5530 uvn,
733 5467 784 5520 2.
862 5466 908 5496 ⁸³
958 5464 1103 5521 l’sal.
1136 5480 1361 5529 uxxm,
1416 5466 1468 5519 1.

1918 3477 2265 3533 Chananaaos
2321 3487 2509 3530 secum
2552 3480 2865 3528 traxerunt.
2932 3471 3033 3530 Vel
3081 3467 3319 3544 denique
3350 3473 3506 3544 prior

1918 3567 2109 3625 clades
2167 3564 2473 3638 posteriori
2506 3580 2604 3621 eos
2656 3565 2988 3622 transmisit.
3024 3563 3199 3622 Porro
3227 3567 3504 3637 interpre-

1921 3666 2057 3720 tatio
2094 3663 2381 3720 Cedumim
2445 3670 2627 3729 sonat,
2660 3661 2925 3716 convallis
2967 3662 3504 3729 sanctorum,Cisom

1904 3769 2076 3819 vero,
2100 3753 2317 3817 lwtitia,
2348 3759 2444 3807 aut
2468 3752 2677 3806 duritia
2736 3769 2943 3808 eorum.
2981 3751 3265 3809 Convallis
3317 3752 3507 3824 itaque

1920 3853 2237 3902 sanctorum
2261 3843 2423 3916 ejecit
2448 3858 2606 3915 reges
2662 3841 2929 3898 Chanaan
3005 3858 3073 3899 ex
3126 3843 3507 3914 voluptatibus

1921 3938 2038 3993 suis
2071 3944 2127 3991 et
2172 3935 2401 3992 duritia.
2435 3933 2535 4001 Qui
2565 3934 2713 3991 enim
2748 3934 3018 3988 voluntati
3054 3933 3366 3991 daemonum
3395 3950 3507 3991 non

1920 4027 2320 4097 obtemperant,
2380 4026 2574 4081 dolore
2629 4024 2755 4079 illos
2818 4024 3085 4091 alliciunt,
3168 4027 3509 4098 angelosque

1920 4116 2139 4174 laetitia.
2193 4115 2291 4173 Est
2358 4130 2491 4172 vero
2550 4115 2823 4172 convallis
2861 4114 3177 4170 humiliatio
3233 4115 3506 4186 ipsorum,

1921 4222 2046 4279 quae
2074 4206 2319 4278 pluviam
2347 4206 2556 4276 excipit
2584 4215 2640 4262 et
2692 4203 3039 4261 torrentibus
3063 4204 3277 4260 exitum
3311 4221 3343 4262 e
3380 4220 3511 4261 eor-

1920 4304 2083 4360 dibus
2140 4303 2389 4359 ﬁdelium
2445 4309 2635 4374 parat,
2709 4297 3182 4373 quemadmodum
3250 4298 3511 4356 Servatur

1922 4395 2124 4466 inquit.
2178 4412 2199 4447 ι
2264 4391 2446 4464 Super
2506 4407 2675 4465 quem
2743 4392 2892 4447 enim
2968 4389 3289 4461 respiciam,
3328 4391 3510 4461 inquit

1921 4488 2069 4544 Deus
2093 4528 2109 4553 ,
2142 4501 2308 4558 quam
2348 4501 2517 4556 super
2542 4484 2829 4550 humilem,
2862 4482 3252 4551 tranquillum,
3284 4488 3340 4537 et
3391 4499 3510 4539 ser-

1922 4594 2115 4635 mones
2173 4592 2329 4633 meos
2376 4576 2837 4632 extimescentem
2867 4573 2960 4626 "?
2996 4590 3016 4625 ι
3057 4572 3140 4627 Ac
3164 4571 3255 4628 bis
3282 4571 3506 4643 quidem

1929 4675 2094 4730 rebus
2120 4672 2333 4737 laetitia,
2393 4684 2459 4726 ac
2519 4667 2829 4726 obstinatio
2852 4676 3218 4739 tyrannorum
3256 4679 3287 4722 e
3324 4665 3508 4723 medio

1928 4767 2166 4822 tollitur.

1999 4857 2159 4928 503
2181 4854 2527 4911 Conculcabit
2556 4868 2644 4908 eos
2683 4851 2863 4907 anima
2892 4866 3008 4907 mea
3035 4850 3277 4907 robusta.
3303 4850 3507 4919 Quem-

1926 4947 2224 5004 admodum
2252 4946 2400 5000 enim
2437 4959 2643 5015 corpus
2682 4942 2970 5000 robustum
3026 4942 3266 4998 sensiles
3319 4942 3507 4998 hostes

1928 5035 2238 5100 conculcat,
2277 5034 2353 5089 ita
2399 5034 2581 5089 anima
2624 5034 2853 5089 robusta
2896 5030 3235 5102 spirituales.
3276 5049 3295 5082 ι
3332 5030 3508 5102 Super

1930 5125 2119 5197 aspide
2140 5127 2289 5183 enim
2317 5136 2372 5183 et
2388 5127 2651 5184 basilisco
2673 5124 2894 5181 incedes
2911 5124 2979 5180 ⁸³.
3019 5142 3040 5177 ι

2001 5218 2147 5275 Tunc
2194 5222 2444 5277 abscissae
2484 5230 2610 5276 sunt
2657 5219 2867 5291 ungula:
2911 5230 3165 5288 equorum
3220 5212 3504 5269 Madarotlt

1928 5310 2146 5381 fortium
2175 5312 2310 5383 ejus.
2330 5309 2474 5385 [‘22.]
2498 5310 2779 5367 Madaroth
2802 5308 3028 5380 Aquilas
3052 5303 3329 5376 exposuit,
3345 5303 3504 5359 decus

1759 5557 1992 5614 ΝΟἸίΕ.

580 5677 661 5761 τῷ.
685 5678 815 5761 πιερὲ
845 5677 1097 5761 ἰῐουδαῖκ.
1121 5673 1370 5761 ἀθρχαιολ.
1404 5672 1448 5747 ⁴5
1478 5690 1606 5744 κεφ.
1638 5672 1732 5727 τοῦ
1782 5673 1815 5728 5
1855 5673 1999 5744 βιϐλ.

304 5747 419 5821 (58)
462 5747 551 5804 Ἐν
575 5751 689 5815 τοῖς
716 5748 1075 5820 ὲκδεδομ.ούχ
1110 5747 1356 5819 εὕρηται.
