4058 6510
200 363 344 430 1065

1319 365 1855 428 COMMENTARII
1898 366 1978 428 IN
2011 366 2345 430 JUDICES.

3311 372 3466 441 ’1066

197 479 300 531 ὁπ’
332 475 515 531 αὐτῶν
547 476 616 531 δι’
643 474 951 548 ἀμοιϐαίων
986 474 1205 548 θρῆνον.
1246 475 1345 539 Ἀς
1378 475 1472 528 καὶ
1505 473 1782 545 ἀρχούσας

1908 474 2175 531 uliderunt
2214 491 2297 532 ea:
2328 489 2470 549 quas
2512 476 2793 550 principes
2864 492 2968 537 ceu
3002 478 3174 539 duces
3203 481 3467 541 lamenta-

198 569 401 638 αὐτῆς,
432 568 511 633 ὡς
543 569 969 641 προηγουμένας
996 567 1091 622 τοῦ
1127 567 1327 640 θρήνου
1351 567 1529 621 καλεῖ.

277 663 405 729 Οὐχ
436 662 835 731 εὑρίσκουσιν
867 660 1058 716 αὑτὸν
1095 660 1528 730 διαμερισαντα
1566 659 1786 714 σκῦλα.

203 754 279 806 Ἢ
313 753 459 807 κατά
489 752 685 807 πεῦσιν
706 752 962 817 ἐλεεινῶς
988 752 1169 807 ταῦτά
1205 769 1393 823 φησιν,
1421 752 1455 822 ἢ
1492 753 1635 807 κατά
1654 751 1790 805 ἀπέ-

201 862 375 913 φασιν
430 844 532 907 τὰς
576 844 846 906 δοκούσας
877 843 1060 908 αίτίας
1097 842 1386 914 ἀναιροῦσι
1416 841 1511 897 τοῦ
1544 842 1790 914 βράδους.

201 937 286 991 Οὐ
315 936 423 1007 γὰρ
468 936 544 999 ὼς
591 937 824 1005 νικήσας
871 935 1116 1007 διανέμει
1155 934 1329 991 σκῦλα
1358 937 1471 999 τοῖς
1505 933 1791 1005 ὑπηκόοις,

201 1026 327 1080 ἀλλ’
372 1026 493 1081 οὐδὲ
548 1026 722 1094 φίλοις
776 1027 1160 1092 συνεστιᾶται,
1194 1024 1269 1089 ὡς
1301 1024 1571 1097 ἀριστέως
1600 1025 1793 1078 ἀποτεο

205 1118 333 1191 μὼν
388 1118 667 1188 κεφαλὴν,
714 1117 831 1172 ἀλλ’
889 1118 1012 1172 οὐδὲ
1062 1118 1469 1183 καλλωπίζεται
1515 1118 1795 1189 νικηφόρῳ

204 1212 397 1283 στολῇ.

282 1305 471 1359 1ιάὶοὶ
514 1303 865 1373 ἀγαπῶντες
911 1304 1120 1357 αὐτόν.
1153 1302 1257 1355 Τὸν
1296 1301 1505 1374 Σισάρα
1531 1301 1793 1373 δηλονότι.

205 1390 347 1449 Εἶτά
358 1412 507 1466 φησι·
524 1415 541 1446 ι
564 1394 763 1456 Καθὼς
785 1395 817 1465 ἡ
838 1393 1074 1464 ἀνατολὴ
1098 1392 1194 1446 τοῦ
1214 1394 1365 1464 ἡλίου
1387 1395 1444 1448 ἐν
1459 1395 1798 1456 δυναστείαις

204 1487 400 1541 αὑτοῦ.
433 1506 454 1538 ι
494 1487 580 1550 Ὠς
615 1487 723 1556 γὰρ
752 1485 902 1556 ἡλίου
939 1485 1152 1555 θερινοῦ
1180 1486 1564 1556 διανίσχοντος,
1598 1485 1795 1557 ὁμίχλη

206 1578 308 1630 καὶ
334 1577 494 1644 νέφος
526 1576 619 1630 καὶ
657 1576 764 1629 πᾶν
790 1573 1041 1645 ἐμποδὼν
1077 1574 1388 1628 διαλύεται·
1432 1574 1604 1639 οὕτως
1629 1577 1687 1628 ἐν
1719 1574 1797 1646 τῷ

207 1668 526 1721 ἀνατέλλειν
546 1667 645 1737 τῆς
659 1665 1012 1736 δικαιοσύνης
1034 1665 1126 1718 τὸν
1143 1664 1356 1730 ’Ἠλιον,
1371 1662 1799 1736 διασκορπισθή-

209 1756 402 1816 σονται
424 1764 472 1815 οί
497 1762 680 1832 ἐχθροὶ
710 1758 805 1815 τοῦ
830 1758 986 1825 Θεοῦ,
1022 1759 1083 1812 τὸ
1117 1758 1310 1822 σκότος
1344 1761 1410 1829 τῇ
1440 1758 1674 1828 δυνάμει
1701 1756 1795 1811 τοῦ

208 1853 392 1921 φωτὸς
426 1848 751 1915 διαλύοντος.

285 1945 396 1999 Καὶ
420 1944 536 1999 υἱοὶ
568 1942 902 1999 ἀνατολῶν.
933 1944 995 1997 οι
1041 1942 1307 2013 ΙἌραϐες,
1341 1942 1800 2014 ἀνατολικώτεροι

208 2035 347 2107 γάρ.
376 2036 548 2089 Τοῦτο
582 2037 675 2090 καὶ
704 2034 991 2106 Ἰώσηπος.
1035 2033 1202 2105 Ὁμοῦ
1244 2034 1302 2088 δὲ
1330 2035 1426 2089 καὶ
1455 2034 1558 2106 τὴν
1590 2034 1800 2107 ὡραίαν

209 2126 530 2180 εἰσέϐαλλον
554 2128 648 2180 καὶ
668 2127 880 2198 ἐδῄουν,
915 2126 1113 2193 ἐῶντες
1138 2128 1231 2180 τὸν
1265 2127 1512 2198 χειμῶνα
1546 2128 1793 2200 σπείρειν

213 2218 318 2271 καὶ
338 2220 630 2288 γεωργεῖν.

303 2305 637 2375 Ἐρῤἀϐδιζε
676 2306 908 2375 πυροὺς
936 2308 1007 2361 ἐν
1056 2307 1246 2376 ληνῷ.
1296 2307 1387 2379 Τῷ
1439 2306 1517 2381 μὴ
1552 2311 1802 2378 φανερῶς

219 2395 457 2467 ἀλοῆσαι
480 2397 708 2468 τολμᾷν.

307 2489 465 2545 Ἰδοὺ
497 2491 536 2559 ἡ
568 2488 768 2560 χιλιὰς
792 2508 913 2560 μου
946 2491 1335 2560 ταπεινοτέρα
1375 2492 1445 2545 ἐν
1472 2490 1800 2561 Μανασσῇ.

220 2582 495 2653 Ἔμειναν
523 2582 632 2652 γὰρ
666 2582 748 2644 εἰς
773 2581 1091 2653 χιλιάρχους
1127 2583 1222 2638 καὶ
1252 2584 1693 2653 ἑκατοντάρχους
1726 2583 1805 2636 δι-

214 2674 514 2750 ῃρημένοις
556 2676 651 2744 ἀφ’
699 2668 763 2729 οὗ
816 2674 973 2728 τοῦτο
1034 2674 1457 2730 συνεϐούλευσεν
1507 2674 1684 2746 Ἰοθδρ
1727 2675 1806 2745 τῷ

219 2766 471 2821 Μωῡσεϊ.
493 2766 791 2838 Χιλίαρχος
818 2766 914 2821 οὖν
949 2767 1235 2839 ὑπάρχων,
1258 2766 1384 2831 τοὺς
1414 2768 1503 2839 ὑφ’
1537 2767 1701 2822 αὑτὸν
1730 2767 1807 2833 ὡς

220 2858 473 2924 ἀσθενεῖς
514 2861 797 2931 ᾐτιάσατο.

299 2950 416 3005 Καὶ
447 2953 597 3006 οἴσω
629 2953 746 3019 τὴν
780 2952 1004 3007 θυσίαν
1030 2971 1173 3023 μου.
1198 2952 1273 3007 re
1315 2951 1467 3023 θῦμα
1508 2953 1569 3008 τὸ
1606 2956 1687 3018 εἰς
1717 2956 1811 3009 εύ-

1893 564 2060 621 tionis
2089 575 2272 621 vocat.

1963 657 2127 730 505
2147 660 2335 712 Annon
2351 658 2608 714 invenient
2621 658 2772 715 illum
2790 659 3023 715 dividere
3035 660 3225 729 spolia.
3245 660 3333 733 [ν.
3348 660 3467 733 29.]

1899 750 1993 807 Vel
2023 753 2421 823 interrogative
2449 768 2575 807 cum
2601 754 2959 810 miseratione
2992 756 3110 811 haec
3141 757 3353 821 dicunt,
3384 757 3469 811 vel

1894 859 2096 900 causas
2146 845 2522 899 cunctationis
2568 845 2672 900 sibi
2714 847 2865 901 visas
2914 848 3312 918 respondentes
3342 850 3467 905 red-

1895 935 2055 989 dunt.
2090 934 2210 989 Non
2259 934 2409 989 enim
2445 950 2640 991 revera
2690 951 2791 992 ceu
2820 936 2998 992 victor
3026 937 3308 994 dividebat
3339 955 3472 1012 spo-

1899 1027 1969 1080 lia
1998 1026 2295 1082 militibus:
2345 1025 2459 1082 Imo
2488 1042 2592 1082 nec
2626 1041 2752 1082 cum
2791 1028 2993 1085 amicis
3026 1036 3289 1101 tanquam
3323 1032 3471 1105 opti-

1897 1132 2017 1173 mas
2039 1118 2243 1188 aliquis
2272 1117 2551 1189 epulatur,
2592 1118 2644 1174 ei
2678 1128 2964 1188 amputato
2986 1120 3188 1192 capite.
3227 1121 3472 1192 Denique

1896 1211 2063 1266 etiam
2090 1226 2192 1267 nec
2219 1211 2498 1265 victoriali
2534 1210 2677 1266 stola
2706 1210 3027 1281 insignitur.

1968 1302 2039 1358 Et
2091 1303 2183 1374 qui
2230 1302 2471 1373 diligunt
2517 1303 2716 1371 ipsum.
2742 1301 2883 1374 [31.]
2912 1303 3157 1359 Siseram
3193 1305 3472 1362 videlicet.

1898 1393 2134 1460 Deinde,
2165 1392 2367 1463 inquit,
2397 1391 2869 1462 quemadmodum
2911 1401 3068 1449 ortus
3107 1394 3246 1451 solis
3274 1395 3327 1449 in
3352 1395 3475 1449 [οι--

1901 1485 2151 1549 titudine,
2184 1500 2309 1540 sua.
2366 1482 2840 1551 Quemadmodum
2892 1483 3065 1547 enim,
3123 1485 3238 1541 sole
3286 1488 3476 1542 aestivo

1900 1580 2217 1643 exoriente,
2247 1577 2450 1647 caligo,
2484 1585 2537 1632 et
2570 1576 2791 1641 nebula,
2822 1591 3094 1647 omneque
3123 1577 3480 1649 impedimen-

1901 1682 2015 1728 tum
2046 1671 2350 1734 evanescit,
2406 1670 2480 1723 ita
2527 1684 2653 1723 cum
2696 1670 2956 1722 exoritur
3001 1668 3084 1724 sol
3123 1669 3357 1738 iustitiae
3391 1669 3480 1725 di-

1902 1762 2210 1823 scutientur
2280 1760 2494 1816 inimici
2567 1760 2684 1828 Dei,
2730 1761 2935 1816 virtute
2990 1761 3217 1816 luminis
3267 1760 3478 1833 dispel~

1903 1858 2050 1912 lente
2078 1856 2360 1911 tenebras.

1973 1946 2043 2002 Et
2078 1947 2181 2016 ﬁlii
2220 1944 2473 2002 Orientis.
2507 1943 2621 2017 [VL
2661 1943 2745 2018 3.]
2790 1945 3001 2000 Arabes
3034 1946 3334 2003 orientales
3366 1963 3479 2001 ma-

1900 2042 2010 2112 gis,
2043 2039 2149 2094 hoc
2190 2039 2336 2098 enim
2382 2045 2437 2093 et
2468 2034 2750 2106 Josephas
2803 2036 3031 2091 indicat.
3095 2035 3213 2092 Una
3262 2052 3393 2092 vero
3416 2038 3477 2092 in

1902 2132 2091 2203 fruges
2122 2135 2425 2195 lrruerunt,
2480 2145 2687 2200 easque
2734 2138 3045 2193 vastarunt,
3091 2131 3147 2184 in
3180 2129 3360 2186 hieme
3390 2146 3480 2185 se-

1904 2220 2175 2289 minandi,
2200 2230 2521 2290 terramque
2560 2204 2780 2279 colendi
2812 2221 2935 2274 loco
2968 2218 3123 2275 dato.

1976 2316 2272 2372 Tribulasit
2327 2315 2565 2368 triticum
2617 2317 2675 2368 in
2712 2315 2992 2367 torculari.
3032 2311 3179 2385 [H.j
3224 2313 3306 2370 Eo
3329 2316 3478 2386 quod

1904 2411 2086 2483 palam
2121 2411 2383 2463 triturare
2414 2422 2524 2463 non
2550 2410 2802 2461 auderet.

1977 2501 2116 2555 Ecce
2140 2499 2443 2553 millenaria
2477 2514 2593 2551 mea
2624 2499 2796 2551 tenuis
2826 2507 2903 2551 est
2943 2497 3000 2551 in
3032 2497 3307 2552 Manassen
3336 2497 3435 2569 [15
3460 2496 3481 2569 ]

1903 2589 2341 2648 Permanserunt
2391 2594 2541 2645 enim
2590 2590 2647 2644 in
2701 2589 2978 2656 tribunos,
3038 2600 3094 2645 et
3126 2591 3483 2645 centuriones

1907 2684 2071 2739 divisi
2108 2699 2175 2738 ex
2229 2697 2339 2753 quo
2401 2680 2595 2737 Jethro
2648 2680 2788 2737 Mosi
2842 2683 3148 2738 consuluit.
3200 2681 3484 2738 Tribunus

1908 2775 2076 2846 igitur
2128 2789 2255 2828 cum
2304 2783 2476 2838 esset,
2535 2773 2790 2829 subditos
2864 2787 2996 2830 suos
3067 2774 3317 2830 inﬁrmos
3364 2790 3485 2831 esse

1907 2870 2248 2934 conquestus
2268 2869 2373 2916 est.

1982 2955 2053 3010 Et
2079 2956 2301 3025 aﬂcram
2334 2952 2689 3022 sacriﬁcium.
2732 2949 2878 3024 [18.]
2928 2950 3277 3007 Sacriﬁcium
3318 2952 3369 3006 id
3396 2952 3484 3006 di-

222 3042 403 3111 ωχίαν
436 3040 582 3095 οὕτω
616 3043 791 3096 καλεῖ.
817 3042 990 3097 Θυσία
1016 3043 1125 3115 γὰρ
1171 3043 1276 3113 οὐχ
1303 3042 1496 3114 ήψεῖτο
1521 3043 1664 3097 κατὰ
1715 3042 1803 3097 τὸν

1912 3051 1985 3105 cit
2011 3048 2154 3117 quod
2176 3048 2242 3102 ad
2266 3047 2492 3116 epulum
2520 3046 2859 3099 destinatum
2892 3051 3033 3099 erat.
3073 3041 3308 3097 Victima
3339 3044 3481 3097 cuitu

222 3134 413 3203 νόμον.

308 3222 447 3275 Ὑπὸ
468 3222 567 3294 τὴν
597 3222 728 3293 δρῦν
747 3223 952 3294 τίθησι,
984 3224 1079 3278 τὸν
1106 3223 1364 3296 Ἀϐραὰμ
1388 3224 1768 3297 μιμησάμενος
1788 3240 1803 3256 ·

224 3314 325 3369 καὶ
360 3315 550 3369 τοῦτον
588 3315 799 3386 οἰηθεὶς
836 3315 1141 3371 ἀναλώσειν
1193 3316 1262 3370 τὰ
1292 3318 1692 3389 παρακείμενα.
1747 3314 1807 3371 ὐ

221 3408 303 3472 δὲ,
360 3410 453 3462 τδν
499 3408 716 3480 ζωμὸν,
754 3409 831 3475 ὼς
887 3408 1285 3482 ἀνεπιτήδειον,
1330 3410 1532 3481 ἐκχέας
1568 3409 1659 3464 διὰ
1709 3408 1808 3481 τὴν

224 3502 537 3575 ύδαρότητά
565 3519 625 3555 τε
676 3504 772 3557 καὶ
819 3501 1062 3570 ἔκλυσιν,
1096 3504 1165 3557 τά
1222 3501 1363 3576 κρέα
1405 3503 1615 3557 τιθέναι
1670 3501 1809 3573 πρὸς

222 3592 329 3665 τὴν
358 3593 567 3664 πέτραν
604 3592 883 3649 ἐκέλευσε.

304 3687 387 3758 Τῇ
426 3686 611 3759 ῥάϐδῳ
640 3687 753 3759 πῦρ
791 3687 1023 3757 ἁνάψας,
1056 3686 1355 3742 ἀνάλωσεν.
1400 3686 1467 3739 Ἦ
1511 3685 1570 3741 δὲ
1613 3684 1809 3758 ῥάϐδος

226 3777 490 3850 σημαίνει
532 3781 606 3850 πῆ
642 3780 742 3849 μὲν
780 3779 1057 3845 παιδείαν,
1088 3779 1170 3843 ὡς
1200 3778 1296 3833 τό*
1337 3795 1356 3831 ι
1380 3777 1590 3848 Ῥάϐδῳ
1638 3777 1809 3831 τύπτε

222 3868 401 3941 ἄνδρα
433 3868 723 3939 ἀκάρδιον·
755 3887 775 3922 ι
808 3872 884 3941 πῆ
922 3870 978 3924 δὲ
1011 3870 1325 3942 στηριγμδν
1372 3870 1468 3924 καὶ
1500 3870 1805 3942 ἀντίληψιν,

218 3959 303 4021 ὡς
338 3959 399 4012 τό
421 3973 434 3986 '
469 3978 489 4011 ι
512 3958 575 4011 Ἠ
609 3958 806 4028 ῥάϐδος
840 3976 937 4013 σου
968 3959 1123 4030 καὶὴ
1178 3958 1451 4031 βακτηρία
1498 3975 1618 4023 σου,
1668 3956 1808 4029 αὕτη

224 4066 301 4120 με
326 4049 727 4120 παρεκάλεσεν.
756 4068 776 4102 ι
806 4051 873 4102 Ὃ
902 4049 996 4103 καὶ
1021 4048 1116 4103 νῦν
1145 4049 1426 4120 σημαίνει.
1457 4046 1523 4102 Ἢ
1548 4048 1605 4102 δὲ
1632 4048 1810 4119 πέτρα

223 4142 290 4194 τὸ
321 4142 554 4213 στερρὸν
580 4144 681 4211 τῆς
705 4141 963 4206 πίστεως,
989 4142 1059 4195 δι’
1081 4141 1149 4213 ἢν
1176 4143 1205 4195 ὁ
1235 4142 1442 4213 Πέτρος
1470 4140 1807 4212 ὠνόμασται.

226 4232 429 4298 Ἥτις,
481 4231 1021 4304 ἀντιλαμϐανομένου
1081 4232 1237 4297 Θεοῦ,
1292 4233 1390 4287 καὶ
1451 4232 1592 4305 πρὸς
1628 4232 1809 4305 βραχὺ

230 4325 652 4396 πλησιάζοντος,
687 4325 763 4391 ὡς
796 4326 903 4380 ὑπὸ
928 4326 1098 4397 πυρὸς
1127 4327 1434 4398 δαπανήσει
1475 4325 1604 4390 τοὺς
1650 4326 1811 4378 πολε-

234 4417 416 4488 μίους.
441 4417 554 4471 Καὶ
583 4417 747 4472 τοῦτο
806 4417 869 4471 τὸ
914 4420 1164 4488 σημεῖον,
1200 4419 1338 4489 ὅπερ
1371 4417 1544 4489 ᾔτησε
1580 4415 1807 4471 Γεδεών.

1836 3156 1880 3215 ο
1915 3156 2023 3197 non
2047 3140 2390 3211 coquebatur
2411 3137 2568 3208 juxta
2608 3137 2804 3205 legem.

1982 3232 2251 3287 Caeterum
2274 3229 2378 3284 sub
2394 3243 2601 3298 quercu
2631 3227 2786 3297 ponit
2807 3226 3181 3282 Abrahamum
3213 3225 3485 3291 imitatus,

1913 3340 1978 3380 ac
2008 3334 2161 3380 ratus
2217 3322 2367 3377 hunc
2428 3319 2637 3374 fercula
2713 3318 3158 3388 absumpturum.
3208 3316 3302 3371 llle
3357 3332 3488 3371 vero

1910 3420 2034 3490 jure
2088 3425 2351 3487 tanquam
2392 3409 2749 3468 incommodo
2810 3418 3037 3481 propter
3094 3410 3485 3480 aquos'nalem’

1916 3509 2394 3581 liquiditatemque
2426 3505 2629 3571 eﬂ‘uso,
2669 3519 2870 3561 carnes
2899 3517 3045 3573 pone
3074 3510 3281 3573 petram
3315 3500 3488 3555 collo-

1909 3619 2041 3659 care
2072 3602 2259 3673 jussit.

1985 3695 2289 3763 Baculaquc
2338 3692 2456 3762 igne
2504 3692 2719 3744 incenso
2761 3685 3080 3753 absumpsit.
3131 3682 3270 3757 [ΞΜ]
3317 3683 3493 3745 Porro

1915 3785 2069 3855 virga
2120 3782 2324 3838 alicubi
2377 3780 2606 3850 quidem
2673 3777 2952 3849 signiﬁcat
3001 3776 3375 3845 disciplinam,
3428 3783 3490 3829 ut

1922 3896 1941 3930 ι
1972 3877 2162 3931 Virum
2190 3873 2479 3929 vecordem
2506 3872 2657 3942 virga
2699 3877 2925 3941 percute
2956 3870 3023 3936 ⁸⁸,
3061 3888 3082 3921 ι
3117 3868 3320 3923 alicubi
3361 3883 3491 3922 vero

1912 3971 2273 4034 soliditatem,
2314 3980 2378 4020 ac
2436 3962 2743 4019 subsidium
2778 4003 2796 4028 ,
2848 3962 3009 4032 juxta
3049 3959 3207 4025 illud,
3269 3977 3288 4011 ι
3331 3956 3492 4027 Virga

1914 4074 2009 4118 tua
2035 4068 2091 4117 et
2121 4059 2354 4117 baculus
2383 4066 2514 4112 tuus
2545 4070 2633 4110 me
2665 4062 2752 4111 est
2795 4056 3008 4109 solatus
3036 4052 3104 4106 ⁸⁸.
3150 4071 3167 4104 ι
3205 4051 3378 4117 Quam
3415 4051 3488 4103 si-

1912 4152 2327 4225 gniﬁcationem
2376 4151 2488 4206 hoc
2515 4160 2740 4218 quoque
2793 4145 2920 4200 loco
2952 4144 3136 4200 habet.
3165 4143 3327 4198 Petra
3359 4156 3492 4198 vero

1916 4246 2041 4303 ﬁdei
2073 4245 2412 4309 ﬁrmitatem,
2430 4256 2554 4312 qua
2582 4240 2651 4296 de
2681 4253 2852 4294 causa
2877 4236 3075 4293 Petrus
3102 4251 3301 4292 nomen
3330 4249 3490 4290 suum

1916 4342 2154 4413 accepit.
2207 4339 2343 4406 Qua:
2398 4336 2511 4392 Deo
2543 4332 2833 4405 suppetias
2885 4330 3117 4394 ferente,
3153 4327 3492 4399 propiusque

1919 4436 2243 4490 admovente
2297 4441 2559 4499 tanquam
2596 4426 2723 4496 igne
2762 4423 3018 4480 absumet
3057 4421 3265 4475 hostes.
3316 4420 3493 4487 Atque

226 4512 322 4564 Διὸ
344 4512 440 4566 καὶ
470 4511 615 4583 μετά
640 4511 750 4566 τῶν
776 4512 986 4565 πιστῶν
1015 4512 1180 4566 αὐτὸν
1226 4514 1255 4567 ὀ
1285 4511 1499 4576 Παῦλος
1529 4510 1803 4577 κατέλεξε.

1918 4530 2021 4585 hoc
2063 4526 2185 4597 ejus
2222 4525 2446 4595 signum
2503 4528 2589 4576 est
2647 4517 2795 4589 quod
2867 4513 3171 4586 postulavit
3242 4509 3489 4565 Gedeon.

230 4602 352 4674 Θεῷ
380 4604 489 4675 γὰρ
518 4603 839 4670 πιστεύσας,
872 4604 1012 4675 μετά
1037 4610 1085 4658 τ’
1120 4604 1333 4675 ἀνδρῶν
1363 4606 1483 4666 ταῖς
1519 4604 1809 4668 τοσαύταις

232 4694 439 4767 χιλιάσι
466 4695 575 4748 τῶν
603 4694 876 4767 πολεμίων
903 4695 1152 4750 ἐπέθετο.
1190 4696 1341 4767 Ἀμα
1380 4694 1437 4750 δὲ
1477 4695 1750 4763 δείκνυσιν
1781 4698 1811 4750 ὁ

230 4788 446 4860 φανεὶς,
480 4787 557 4852 ὡς
586 4788 811 4860 Χριστῷ
846 4789 1071 4860 μᾶλλον,
1106 4791 1172 4861 τῇ
1198 4789 1393 4862 πέτρᾳ,
1417 4790 1809 4860 προσενεκτέον

227 4878 332 4942 τὰς
350 4876 605 4949 χάριτας,
637 4879 696 4930 ἐν
726 4872 770 4947 ᾧ
791 4880 919 4944 τοὺς
952 4878 1253 4948 πολεμίους
1284 4878 1683 4950 συντρίψουσιη

306 5167 580 5222 Ἐσϐεσεν
612 5166 782 5222 αὐτοῦ
812 5166 910 5221 καὶ
928 5165 1027 5237 τὴν
1054 5166 1323 5238 ταραχὴν,
1358 5166 1545 5229 εἰπὼν,
1580 5184 1599 5217 ι
1628 5167 1703 5219 Οὐ
1736 5166 1811 5237 μὴ

228 5259 535 5332 ἀποθάνῃς.
559 5278 580 5312 ι

304 5352 546 5424 Εἰρήνης
582 5350 747 5421 τυχὸν
799 5350 863 5405 to
899 5349 1311 5421 θυσιαστήριον,
1354 5350 1579 5421 είρήνην
1607 5350 1814 5419 Κυρίου

228 5444 412 5501 καλεῖ.
458 5463 478 5496 ι
513 5444 699 5509 Τύπος
722 5444 780 5497 δὲ
823 5442 985 5498 τοῦτο
1010 5440 1106 5495 τοῦ
1148 5440 1354 5504 πάθους
1378 5440 1618 5512 Χριστοῦ
1655 5459 1674 5492 ›
1717 5440 1811 5494 τοῦ

230 5537 687 5608 προσαγαγόντος
714 5535 905 5590 ἑαυτὸν
931 5533 1073 5605 ὑπὲρ
1094 5532 1253 5603 ἡμῶν
1282 5534 1365 5596 εἰς
1383 5532 1559 5604 δομὴν
1588 5533 1815 5597 εὐωδίας

230 5628 310 5699 τῷ
341 5629 463 5700 Θεῷ
493 5630 590 5684 καὶ
619 5627 814 5701 Πατρί.
850 5625 1023 5689 Αὐτὸς
1049 5626 1158 5696 γάρ
1181 5626 1330 5677 ἐστιν
1362 5625 1397 5694 η
1428 5624 1618 5697 εἰρήνη
1649 5625 1807 5697 ἡμῶν

305 5784 351 5817 ⁸⁷
383 5782 543 5840 Prov.
582 5799 639 5847 ι,
670 5782 757 5836 l3.
829 5780 877 5813 ⁸⁸
908 5779 1032 5835 Psal
1068 5795 1203 5843 χιιι,
1228 5780 1285 5834 4.

558 5875 833 5935 Ριτιιοι..
879 5873 997 5933 Gn.
1044 5868 1427 5932 LXXXVII.

1915 4622 2100 4689 Quare
2148 4631 2286 4672 sane
2320 4615 2375 4669 in
2406 4611 2648 4669 ﬁdelium
2695 4623 2990 4665 numerum
3021 4604 3225 4661 Paulus
3255 4618 3377 4658 eum
3400 4616 3492 4655 re-

1915 4713 2064 4767 tulit.
2097 4708 2209 4765 Deo
2259 4707 2409 4762 enim
2454 4701 2703 4759 conlisus
2734 4715 2858 4755 cum
2914 4696 3184 4752 trecentis
3213 4702 3295 4750 tot
3319 4693 3491 4746 millia

1915 4803 2152 4860 hostium
2200 4797 2500 4869 superavit.
2566 4793 2779 4848 Interea
2828 4804 2959 4846 vero
3000 4788 3208 4845 indicat
3246 4787 3336 4841 hic
3395 4785 3493 4855 qui

1913 4894 2193 4966 apparuit,
2220 4890 2405 4947 oumia
2438 4889 2585 4942 dona
2623 4884 2848 4940 Christo
2876 4897 3019 4939 vera:
3062 4888 3233 4953 petrae
3263 4878 3493 4950 potissi-

1918 5002 2067 5041 mum
2123 4981 2422 5041 deferenda
2464 4994 2610 5045 esse,
2653 4977 2814 5048 cujus
2864 4976 3072 5031 virtute
3114 4973 3302 5031 hostes
3340 4987 3494 5029 com-

1917 5078 2189 5134 minuent.

1989 5165 2265 5223 Esstinxit
2299 5176 2470 5235 porro
2524 5160 2706 5233 ipsius
2753 5155 3220 5229 perturbationem
3248 5167 3375 5206 cum
3408 5151 3494 5205 in-

1917 5260 2037 5332 quit
2071 5276 2134 5314 ιι
2167 5258 2533 5327 Nequaquam
2556 5253 2843 5308 morieris.
2885 5268 2905 5302 ι

1992 5351 2149 5409 Unde
2178 5350 2353 5406 altare
2405 5347 2579 5419 pacis,
2629 5358 2818 5417 pacem
2852 5340 3067 5397 Domini
3128 5337 3268 5393 forte
3313 5344 3493 5390 vocat.

1915 5443 2174 5499 Continet
2236 5455 2365 5498 vero
2413 5438 2646 5510 ﬁguram
2700 5433 2982 5507 passionis
3032 5428 3286 5486 Christi:
3340 5444 3361 5478 ι
3399 5424 3493 5495 qui

1916 5535 2272 5606 semetipsum
2305 5532 2509 5588 obtulit
2548 5545 2648 5601 pro
2692 5529 2858 5584 nobis
2895 5527 2951 5580 in
3004 5522 3233 5578 odorem
3276 5518 3496 5575 suavis-

1914 5628 2115 5685 simum
2146 5627 2254 5684 Deo
2287 5635 2342 5681 et
2371 5624 2540 5679 Patri.
2570 5623 2687 5693 Ipse
2716 5620 2862 5677 enim
2898 5633 2999 5690 pax
3043 5622 3232 5670 nostra
3262 5621 3365 5677 est,
3398 5608 3491 5681 qui

3094 5860 3174 5920 3";
