4058 6520
644 362 774 427 1097

1948 420 1953 424 .
1985 362 2338 425 PROCOPII
2366 366 2612 428 GAZ/EI

3726 375 3824 443 ιοες

641 474 805 528 ambo
854 473 910 526 in
951 483 1119 525 unum
1162 469 1374 541 redegit
1406 471 1475 535 ⁸³,
1520 490 1538 522 ι
1598 471 1804 542 quique
1837 471 2090 527 culturas
2117 474 2227 527 dae-

2338 480 2364 532 ό
2399 482 2634 551 ποιήσας
2689 478 2981 550 ἀμφότερα
3020 477 3100 543 ἓν,
3136 497 3153 530 ι
3190 478 3285 533 καὶ
3321 478 3416 543 τὰς
3462 479 3719 551 θρησκείας
3755 491 3827 552 τὰς

632 564 893 619 monicas
940 578 970 617 a
1001 562 1255 633 patribus
1312 562 1547 618 traditas
1608 562 1871 633 gentibus
1921 562 1989 616 ad
2040 577 2230 617 exem-

641 655 791 725 plum
826 652 1104 709 Gedeonis
1147 653 1411 709 abolevit.
1454 653 1562 721 Qui
1615 653 1852 709 vitulum
1885 667 2110 725 quoque
2139 668 2229 709 sa-

641 746 888 815 ginatum
918 745 1154 815 ejusque
1203 746 1296 816 qui
1335 759 1437 815 pro
1489 745 1917 816 nobis,oblatus
1965 751 2052 801 est
2089 744 2231 817 ﬁgu-

644 853 757 892 ram
793 839 1199 909 praeferentem,
1250 837 1439 893 oﬁ‘ert.

708 929 848 985 Illud
904 946 1037 986 vero
1074 930 1250 997 Maoz,
1288 933 1488 1003 Aquila
1548 934 1808 1004 exposuit
1863 932 2224 1004 fortitudinis,

643 1022 1010 1096 Symmachus
1042 1039 1174 1079 vero
1208 1024 1396 1094 fortes.

711 1114 856 1170 Petit
914 1130 1050 1169 vero
1109 1115 1356 1171 secundo
1427 1115 1674 1188 signum,
1736 1119 1792 1173 in
1856 1115 2229 1189 przecedentis

646 1206 1148 1263 conﬁrmationem.
1200 1207 1265 1262 Et
1300 1209 1479 1262 vellus
1508 1210 1688 1264 solum
1740 1209 1957 1265 siccum
1987 1218 2129 1275 erat,
2164 1210 2229 1264 ﬁ-

643 1314 949 1370 guramque
1007 1300 1230 1355 lsraelis
1291 1300 1390 1371 qui
1452 1300 1606 1357 solus
1665 1300 1911 1357 divinam
1976 1304 2230 1372 percepit

644 1392 900 1459 gratiam,
948 1392 1197 1463 gerebat.
1256 1391 1429 1446 Terra
1487 1401 1673 1447 autem
1709 1394 1994 1456 universa,
2026 1393 2228 1446 vellere

647 1483 890 1554 seposito
954 1482 1201 1553 gentium
1246 1482 1674 1539 similitudinem
1727 1483 1829 1553 qui
1876 1482 2021 1537 dona
2057 1482 2226 1553 spiri-

646 1575 815 1629 tualia
857 1584 1242 1645 perceperunt,
1276 1589 1400 1627 cum
1431 1574 1502 1628 iis
1537 1587 1744 1628 vacuus
1792 1573 1864 1629 sit
1894 1574 2088 1638 Israel,
2132 1573 2230 1626 ha-

644 1664 756 1722 bet.
794 1664 951 1732 Quod
984 1675 1037 1720 et
1057 1663 1227 1719 David
1259 1679 1427 1735 parva
1459 1663 1877 1735 signiﬁcatione
1932 1662 2225 1727 indicavit,

2330 572 2654 644 δαιμονικὰς
2681 570 2953 637 καθελὼν,
2974 572 3073 635 τὰς
3103 573 3169 625 ἐκ
3189 573 3438 644 πατέρων
3463 576 3828 647 παραδεδομένας

2331 667 2444 727 τοῖς
2472 663 2655 717 ἔθνεσι
2676 681 2690 695 ο
2730 664 2988 734 καθάπερ
3026 662 3323 729 όνΓεδεὼν,
3352 665 3412 729 ὃς
3449 668 3540 719 xal
3575 667 3655 719 τὸν
3681 671 3829 741 μόσχον

2333 756 2603 826 προσάγει
2668 755 2761 808 τὸν
2819 754 3066 809 σιτευτὸν
3121 753 3200 825 τῷ
3237 754 3373 826 Θεῷ,
3431 756 3519 809 τὸν
3546 757 3669 829 ὑπὲρ
3717 764 3830 831 ἡμῶν

2333 844 2774 917 προσενεχθέντα
2812 844 3183 915 τυπούμενον.

2402 940 2497 1004 Τὸ,
2544 938 2719 1005 Μαὼζ
2740 982 2756 1004 ,
2808 939 3047 1002 Ἀκύλας
3102 939 3335 1007 ἐξέδωκε
3363 981 3377 1005 ,
3431 942 3829 1014 κραταιώματος·

2332 1031 2631 1103 Σύμμαχος
2659 1032 2738 1095 δέ,
2774 1032 3085 1101 κραταιοῦ.

2399 1124 2552 1175 Alt-si
2591 1122 2691 1176 καὶ
2727 1122 2985 1191 δεύτερον
3033 1125 3261 1193 σημεῖον
3312 1126 3393 1187 εἰς
3438 1125 3534 1195 τὴν
3560 1128 3643 1181 τοῦ
3685 1135 3834 1201 «pain.

2330 1215 2517 1279 δόντος
2542 1215 2853 1286 βεϐαίωσιν.
2880 1216 2990 1269 Kal
3024 1218 3053 1269 ό
3075 1222 3243 1281 πόκος
3272 1219 3433 1289 μόνος
3471 1220 3668 1277 ἐδεύετο
3693 1229 3755 1289 είς
3771 1231 3835 1282 τύ.

2331 1324 2430 1359 πον
2459 1305 2553 1359 τοῦ
2570 1305 2811 1378 Ἰσραὴλ,
2831 1307 2890 1371 ὃς
2921 1307 3080 1377 μόνος
3103 1308 3204 1378 τῆς
3235 1307 3387 1372 θείας
3404 1310 3629 1366 ἀπέλαυε
3656 1316 3835 1385 χάριτος

2331 1400 2424 1451 καὶ
2456 1399 2589 1470 ὴγῆ
2628 1402 2778 1454 πᾶσα
2812 1400 2976 1455 πάλιν
3005 1401 3100 1455 τοῦ
3143 1403 3315 1456 πόκου
3337 1402 3522 1473 χωρὶς,
3558 1407 3630 1468 είς
3666 1409 3840 1477 τὴντῶν

2331 1491 2501 1545 ἐθνῶν
2523 1493 2817 1563 ὁμοιότητα
2839 1493 2949 1546 τῶν
2996 1494 3308 1565 δεξαμένων
3347 1497 3448 1562 τὰς
3477 1497 3568 1552 τοῦ
3596 1500 3841 1571 Πνεύματος

2329 1584 2556 1655 δωρεὰς,
2602 1586 2813 1656 ἐρήμου
2879 1585 3032 1652 ὄντος
3068 1588 3163 1641 τοῦ
3217 1591 3462 1661 Ἰσραήλ.
3500 1594 3561 1645 Ὀ
3600 1593 3683 1645 καὶ
3724 1596 3843 1647 Δαϐιδ

2330 1679 2699 1748 αἰνιττόμενος
2728 1678 2929 1748 ἔφασκε
2946 1696 2959 1709 ·
2995 1700 3013 1730 ‹
3036 1682 3147 1734 Kal
3164 1682 3535 1754 καταδήσεται
3560 1684 3628 1747 ὼς
3642 1684 3845 1748 ύετὸςέπὶ

645 1759 885 1816 dicens:
948 1778 966 1811 ι
1028 1758 1092 1812 Et
1151 1756 1455 1814 descendet
1520 1756 1990 1828 quemadmodum
2040 1756 2225 1827 pluvia

2338 1770 2525 1836 πόκον,
2560 1773 2657 1825 καὶ
2684 1772 2819 1825 ὡσεὶ
2851 1775 3115 1841 σταγόνες
3140 1776 3440 1839 στάζουσαι
3482 1778 3571 1829 ἐπὶ
3606 1778 3690 1847 τὴν
3712 1780 3841 1849 γῆν.)

646 1868 813 1923 super
850 1851 1045 1913 vellus,
1078 1858 1133 1906 et
1178 1850 1326 1905 sicut
1382 1856 1552 1920 guttae
1606 1848 1885 1903 stillantes
1926 1863 2093 1918 super
2119 1854 2231 1901 ter-

2338 1863 2509 1935 δηλῶν
2543 1866 2600 1917 ἐν
2630 1864 2709 1918 oa'
2731 1864 2931 1936 ψαλμῷ
2965 1865 3064 1937 τὴν
3092 1868 3235 1921 κατὰ
3261 1869 3444 1939 σάρκα
3479 1842 3729 1940 γέννησιν,
3752 1842 3847 1943 liri-

645 1960 762 2000 ram
793 1943 863 2001 ⁸⁸.
896 1962 914 1995 ι
949 1941 1208 1997 Ostendit
1251 1955 1387 1998 vero
1418 1940 1838 2011 septuagesimo
1862 1939 2043 2010 primo
2077 1939 2231 2008 psal-

646 2051 737 2091 mo
809 2034 1088 2090 carnalem
1156 2031 1569 2104 generationem
1654 2030 1954 2100 tranquille
2028 2027 2231 2083 factam

647 2142 710 2182 ac
752 2127 1009 2197 mystice.
1064 2121 1184 2178 Non
1237 2122 1387 2178 enim
1445 2122 1624 2176 vellus
1680 2121 1954 2176 detrectat
1984 2120 2232 2189 recipere

646 2219 914 2291 pluviam,
977 2232 1087 2273 non
1149 2224 1295 2271 terra
1355 2221 1565 2285 guttas,
1611 2214 1685 2268 ita
1737 2213 1961 2268 Domini
2011 2227 2233 2283 quoque

650 2312 797 2367 facta
830 2319 915 2367 est
940 2309 1252 2379 conceptio.
1287 2309 1466 2364 Ambo
1514 2323 1648 2363 vero
1691 2307 1856 2362 simul
1907 2306 2233 2377 complexus

649 2410 733 2457 est
780 2398 951 2454 David
996 2398 1257 2468 inquiens
1293 2415 1306 2451 :
1361 2414 1381 2448 ι
1438 2394 1672 2467 Propter
1702 2404 1917 2467 gentes,
1950 2401 2006 2450 et
2042 2409 2233 2451 serva-

650 2502 736 2549 tos
775 2509 839 2549 ex
873 2492 1064 2547 Israel.
1100 2509 1119 2543 ι

724 2588 905 2642 Deduc
954 2603 1041 2641 eos
1101 2585 1170 2638 ad
1225 2600 1441 2655 aquam.
1500 2580 1656 2655 [Vl|,
1690 2580 1769 2654 4.]
1820 2580 2050 2636 Factum
2098 2579 2233 2635 illud

598 2724 605 2727 .
650 2696 852 2752 aquam
909 2678 1264 2734 lambentium
1322 2685 1641 2745 temereque
1692 2675 2092 2738 haurientium,
2135 2672 2230 2726 alii

650 2768 876 2840 quidem
940 2768 1009 2822 de
1074 2764 1457 2821 imbecillitate
1509 2778 1704 2820 eorum
1772 2763 2231 2834 interpretantur,

650 2862 811 2933 quasi
846 2860 989 2916 Deus
1021 2874 1223 2931 segnes
1274 2858 1595 2929 laborisque
1622 2858 1977 2929 impatientes
2006 2857 2232 2927 delege-

652 2962 745 3010 rit.
779 2956 854 3008 Ac
884 2968 981 3008 eos
1010 2950 1231 3022 quidem
1272 2965 1409 3021 quos
1444 2965 1625 3022 genua
1677 2948 1976 3016 inﬂectere,
2010 2962 2076 3002 ac
2110 2949 2235 3003 bre-

651 3063 770 3105 vem
800 3047 893 3103 siti
935 3048 1097 3101 ﬁnem
1146 3045 1432 3114 imponere
1488 3043 1751 3114 piguerit,
1801 3041 2009 3113 quique
2043 3040 2236 3095 timide

649 3156 715 3197 ac
752 3138 1108 3196 tumultuarie
1141 3136 1304 3207 quasi
1342 3136 1659 3206 rapuerint.
1690 3134 1815 3201 Quo
1844 3134 2108 3189 videlicet
2144 3140 2233 3188 to-

648 3246 763 3291 tum
787 3250 927 3305 opus
960 3200 1374 3300 divinae-gratiae
1409 3200 1535 3285 esse
1573 3200 1877 3284 videretur.
1909 3226 2042 3281 Nam
2072 3226 2234 3283 Chri-
2260 3200 2305 3261 ο

650 3338 770 3384 stus
804 3340 1026 3397 quoque
1072 3322 1313 3378 inﬁrmis
1364 3320 1529 3391 hujus
1577 3319 1810 3386 mundi,
1857 3318 2234 3391 piscatoribus

649 3420 891 3476 coriario
965 3416 1198 3473 delectis
1256 3415 1550 3485 appulsum
1624 3413 1869 3484 gentium
1927 3412 2119 3468 diruit.
2175 3411 2232 3468 ld

649 3512 797 3585 quod
842 3511 1016 3567 Isaias
1047 3524 1273 3580 quoque
1324 3508 1564 3563 innuens
1595 3507 1755 3578 505
1796 3507 2018 3577 inquit:
2058 3525 2077 3559 ‹
2114 3504 2236 3560 Vir-

649 3621 772 3678 gam
813 3604 961 3660 enim
1009 3603 1347 3674 perﬁdorum
1398 3601 1736 3656 comminuit
1783 3600 1850 3664 9‘,
1893 3620 1911 3652 ι
1961 3599 2233 3671 quemad-

651 3697 877 3754 modum
910 3695 999 3751 die
1031 3710 1098 3751 eo
1128 3694 1261 3750 fecit
1308 3709 1419 3764 quo
1451 3700 1647 3747 contra
1682 3691 1897 3746 Madian
1931 3698 2234 3763 pugnatum

653 3799 761 3848 est.
811 3789 1038 3846 Necnon
1093 3803 1224 3843 vero
1256 3785 1388 3840 nudi
1434 3783 1979 3841 cheonistuerunt
2011 3785 2234 3849 milites,

657 3884 790 3939 nudi
847 3897 1068 3953 quoque
1117 3878 1375 3949 discipuli
1430 3892 1460 3929 τι
1505 3876 1730 3931 Christo
1790 3874 2095 3939 amandati,
2140 3875 2235 3944 qui

655 3971 1049 4028 miraculorum
1094 3970 1241 4023 faces
1296 3983 1406 4037 pra:
1475 3982 1535 4021 se
1586 3966 1853 4031 tulerunt,
1887 3964 2236 4037 praedicatio-

654 4066 853 4134 nisque
895 4064 1105 4119 tubam.
1163 4061 1337 4115 Porro
1372 4059 1465 4113 alii
1499 4058 1816 4114 fortitudini
1857 4058 2234 4114 lambitionem

655 4158 851 4213 horum
904 4162 1279 4209 trecentorum
1337 4150 1611 4215 tribuunt,
1659 4149 1786 4204 item
1838 4148 2235 4219 temperantiae,

653 4249 943 4304 dicentes:
1001 4244 1241 4299 Pulchra
1284 4241 1465 4295 virtus
1515 4239 1884 4310 temperantia
1939 4247 2046 4305 est,
2093 4239 2239 4297 sicut

654 4348 924 4399 testantur
978 4336 1211 4393 trecenti
1254 4332 1533 4391 Gedeonis
1590 4333 1727 4388 socii
1761 4332 1859 4403 qui
1901 4332 2238 4388 Madianitas

654 4435 1011 4505 subegerunt.

2333 1972 2442 2025 χως
2471 1956 2773 2026 γενομένην
2804 1955 2896 2009 καί
2931 1955 3319 2027 μυστικῶς.οὐ
3353 1958 3519 2030 ψοφεῖ
3551 1960 3670 2029 γὰρ,
3697 1961 3747 2014 οὺ
3777 1963 3847 2013 πά.

2334 2064 2429 2110 κος
2454 2048 2749 2119 δεχόμενος
2783 2049 2960 2116 ὑετὸν,
2997 2050 3061 2104 οὐ
3108 2050 3183 2122 γῆ
3214 2052 3505 2122 σταγόνας.
3538 2052 3751 2125 Οὕτωςὴ
3776 2057 3845 2107 Δε-

2336 2142 2572 2213 σποτικὴ
2595 2142 2897 2213 γεγένηται
2929 2142 3214 2216 σύλληψις.
3261 2146 3577 2216 Ἀμφότερα
3600 2145 3653 2199 δὲ
3683 2147 3848 2201 συνέλα-

2335 2232 2429 2284 6εν
2457 2234 2485 2286 ὁ
2518 2233 2708 2301 Δαὸὶδ,
2750 2252 2769 2286 ί
2795 2235 2893 2289 Διὰ
2940 2235 3008 2290 τὰ
3037 2235 3188 2307 ἔθνη,
3234 2238 3327 2291 καὶ
3372 2238 3501 2302 τοὺς
3539 2238 3775 2304 σωθέντας
3809 2240 3847 2307 ἐξ

2348 2322 2632 2393 Ἰσραήλ.»

2407 2594 2517 2651 Καὶ
2541 2596 2874 2667 κατήνεγκε
2906 2598 3012 2653 τόν
3043 2599 3199 2655 λαὸν
3223 2604 3311 2668 εἰς
3346 2601 3415 2657 τὸ
3451 2602 3624 2671 ὕδωρ.
3668 2603 3731 2655 Τὸ
3759 2607 3848 2675 περὶ

2335 2689 2445 2743 τῶν
2501 2689 2827 2760 λαψάντων,
2887 2693 2982 2746 καὶ
3037 2694 3148 2764 μὴ,
3202 2693 3480 2767 διαφόρως
3530 2695 3764 2761 ἐδέξαντο.
3806 2698 3849 2749 Οί

2340 2782 2439 2853 μὲν
2471 2783 2582 2854 (65)
2620 2784 2895 2853 λέγοντες,
2919 2785 2994 2850 ὡς
3024 2787 3271 2852 ἀσθενεῖς
3297 2789 3500 2855 αὐτοὺς
3525 2790 3610 2844 τὸν
3631 2791 3743 2844 Θεὸν
3767 2792 3850 2844 ἐτι-

2337 2872 2616 2938 λέξασθαι,
2647 2874 2723 2939 ὡς
2749 2877 2941 2941 νωθεῖς
2984 2878 3081 2931 καὶ
3120 2878 3347 2949 ἀργοὺς,
3382 2880 3479 2933 καὶ
3525 2880 3595 2952 μὴ
3626 2880 3852 2951 βουληθέν-

2336 2982 2435 3029 τας
2467 2964 2526 3029 ἐξ
2551 2965 2712 3019 ὄκνου
2745 2967 2924 3020 κλῖναι
2961 2969 3027 3021 τὰ
3064 2971 3290 3037 γόνατα.
3317 2972 3417 3026 καὶ
3452 2971 3700 3042 σύντομον
3723 2973 3852 3044 πέρας

2338 3057 2610 3112 ἐπιθεῖναι
2646 3061 2710 3130 τῇ
2751 3059 2904 3133 δίψῃ.
2940 3060 3055 3114 ἀλλ’
3103 3062 3179 3126 ὠς
3213 3064 3272 3116 ἐν
3318 3063 3538 3134 θορύϐῳ
3583 3064 3665 3118 διὰ
3703 3063 3853 3118 δειλίαν

2338 3149 2722 3222 ἁρπάζονταςο
2764 3152 2840 3215 ὡς
2892 3152 2959 3207 ἂν
3010 3153 3072 3206 τὸ
3126 3153 3289 3226 ἔργον
3323 3157 3426 3227 τῆς
3479 3156 3623 3218 θείας
3669 3156 3855 3226 φαίνοιτο

2336 3240 2581 3312 χάριτος.
2615 3241 2727 3294 Kal
2756 3242 2996 3313 Χριστός
3038 3244 3147 3314 γὰρ
3176 3244 3246 3297 τὰ
3292 3244 3499 3315 ἀσθενῆ
3550 3244 3639 3299 τοῦ
3680 3246 3853 3317 κόσμου,

2333 3333 2463 3396 τοὺς
2494 3332 2684 3397 ἁλιέας
2722 3334 2817 3387 καὶ
2857 3334 2950 3388 τὸν
2988 3336 3324 3408 σκυτοτόμον
3371 3338 3757 3409 ἐπιλεξάμενος,
3786 3339 3855 3407 τὴν

2335 3425 2442 3480 τῶν
2473 3425 2642 3480 ἐθνῶν
2660 3426 2924 3480 κατέλυσε
2947 3427 3276 3500 προσϐολήν.
3297 3430 3363 3483 Ὃ
3382 3431 3477 3484 καὶ
3509 3430 3671 3501 δηλῶν
3685 3430 3854 3491 Ἠσαίας

2336 3521 2503 3587 φησί·
2538 3539 2557 3572 ι
2579 3520 2690 3589 Τὴν
2719 3519 2825 3592 γὰρ
2865 3519 3059 3587 ῥάϐδον
3095 3520 3206 3574 τῶν
3236 3522 3607 3576 ἀπειθούντων
3637 3522 3854 3576 διεσκέδαη

2338 3626 2449 3670 σεν,
2493 3628 2511 3660 ι
2547 3608 2623 3673 ὡς
2671 3611 2737 3680 τῇ
2772 3611 2957 3682 ἡμέρᾳ
2986 3614 3053 3683 τῇ
3085 3612 3178 3665 ἐπὶ
3214 3613 3463 3684 Μαδιάμ.
3493 3614 3683 3685 Γυμνοί⁵
3707 3613 3793 3683 γὰρ
3821 3611 3854 3664 οί

2340 3702 2480 3774 μετὰ
2536 3702 2761 3757 Γεδεών.
2814 3704 3020 3773 Γυμνοὶ
3053 3704 3148 3759 καὶ
3180 3706 3230 3759 οί
3290 3707 3444 3777 παρὰ
3477 3706 3705 3779 Χριστοῦ
3752 3724 3853 3775 πεμ-

2338 3794 2565 3864 φθέντες
2609 3793 2929 3858 ἀπόστολοι,
2976 3795 3234 3864 φέροντες
3287 3797 3399 3849 τῶν
3468 3797 3743 3867 θαυμάτων
3785 3795 3854 3857 τὰς

2337 3886 2650 3957 λαμπάδας,
2681 3887 2778 3940 καὶ
2812 3886 2921 3939 τῶν
2958 3888 3335 3957 κηρυγμάτων
3366 3889 3468 3952 τὰς
3499 3889 3791 3958 σάλπιγγας.
3812 3888 3855 3940 Οί

2336 3977 2393 4030 δέ
2432 3995 2567 4047 φασι
2603 3977 2738 4051 (64),
2771 3978 2839 4031 Τί
2870 3978 2925 4032 δὲ
2955 3981 3083 4043 τοὺς
3140 3980 3282 4051 μετὰ
3314 3980 3525 4034 Γεδεὼν
3572 3980 3855 4053 τριακοσίους

2337 4072 2463 4135 τοὺς
2498 4070 2777 4140 λάψαντας
2831 4071 3136 4143 άνδρικῶς;
3169 4072 3265 4126 καὶ
3314 4072 3477 4127 πάλιν
3509 4074 3639 4144 (65),
3672 4072 3854 4138 Καλὸνή

2339 4163 2638 4233 ἐγκράτεια
2664 4204 2679 4227 ,
2722 4162 2817 4217 καὶ
2878 4164 3252 4237 μαρτυροῦσιν
3302 4166 3350 4218 οί
3400 4166 3544 4237 μετὰ
3582 4164 3762 4218 Γεδεὼν
3787 4163 3857 4231 τὴν

2338 4255 2567 4327 Μαδιάμ
2590 4256 3011 4329 χειρωσάμενοι.

658 4558 661 4561 λ
722 4524 1049 4597 Cuiusmodi
1076 4536 1208 4578 sane
1243 4520 1312 4575 de
1351 4520 1458 4575 otia
1498 4518 1790 4575 hordeacei
1833 4519 1994 4589 panis
2028 4534 2150 4590 quae
2179 4519 2233 4574 in

2415 4520 2572 4580 Οὕτω
2603 4523 2661 4577 δέ
2694 4541 2841 4588 τινες
2885 4524 2979 4578 καὶ
3010 4524 3078 4578 τὰ
3112 4525 3241 4596 περὶ
3275 4525 3375 4596 τῆς
3414 4524 3638 4594 μαγίδος
3666 4521 3748 4575 τοῦ
3772 4536 3858 4589 κρι-

654 4621 865 4677 somnis
912 4618 1028 4672 visa
1080 4626 1185 4682 est,
1248 4614 1623 4671 tradiderunt.
1674 4612 1849 4679 Quam
1877 4611 2236 4669 reddiderunt

653 4718 889 4788 reliqui,
940 4714 1215 4786 siliginem
1271 4720 1365 4767 aut
1426 4711 1759 4782 placentam.
1836 4707 1910 4762 Ea
1971 4708 2120 4763 enim
2160 4708 2237 4764 si-

651 4824 819 4881 gnum
851 4806 1235 4877 temperantia:
1266 4812 1419 4871 sunt,
1454 4802 1718 4871 inquiunt
1746 4816 1872 4872 quae
1897 4809 2078 4857 castra
2118 4801 2231 4856 Ma-

651 4898 985 4953 dianitarum
1044 4894 1265 4949 devicit.
1323 4892 1461 4947 Cum
1517 4892 1573 4947 id
1629 4906 1758 4946 vero
1814 4891 2232 4957 scortationem,

650 5004 760 5062 qua
797 4986 1107 5042 Madianita:
1140 4985 1407 5042 lsraelitis
1457 4991 1588 5041 sunt
1619 4983 1891 5049 insidiati,
1921 4982 2172 5039 denotet.

2343 4615 2491 4671 θίνου
2526 4617 2692 4689 ἄρτου
2730 4618 2830 4689 τῆς
2859 4619 2916 4671 ἐν
2943 4617 3135 4688 ὀνείρῳ
3165 4617 3492 4688 παρέδωκαν
3513 4634 3529 4649 ο
3560 4619 3622 4688 ἦν
3647 4614 3857 4679 ἐξέδωκαν

2344 4711 2393 4763 oi
2430 4709 2649 4777 λοιποὶ,
2678 4708 2875 4779 όλυραν
2922 4709 2955 4780 ἢ
3003 4708 3321 4780 κολλυρίδα.
3372 4709 3556 4763 Ταῦτα
3599 4708 3698 4777 γάρ
3738 4718 3857 4773 φασιν

2343 4800 2677 4873 ἐγκρατείας
2697 4804 2999 4872 τεκμήριον
3028 4800 3128 4871 τῆς
3162 4800 3401 4871 νικώσης
3432 4800 3531 4872 τὴν
3572 4793 3857 4871 παρεμϐολὴν

2341 4893 2604 4963 Μαδιάμ·
2640 4892 2668 4945 ὂ
2712 4893 2966 4964 σημαίνει
3024 4894 3303 4967 πορνείαν,
3338 4892 3408 4947 δι’
3468 4890 3535 4965 ἦς
3587 4890 3856 4961 ἐνήδρευσαν

2343 4978 2491 5040 οὗτοι
2539 4985 2632 5039 τὸν
2681 4985 2922 5057 Ἰσραήλ.

732 5078 1031 5136 Lambendi
1096 5090 1283 5134 autem
1317 5075 1671 5143 exercitatio,
1702 5077 2152 5148 qualemcunque
2198 5077 2483 5132 sanctitati
2514 5076 2687 5133 facem
2742 5078 3007 5147 praebere.
3036 5076 3173 5132 Nam
3211 5086 3265 5133 et
3306 5077 3553 5149 virgines
3593 5074 3646 5129 in
3669 5071 3858 5139 Evange-

721 5254 770 5288 ⁶⁹
804 5253 1006 5325 Ephes.
1048 5268 1109 5313 ιι,
1146 5251 1233 5306 14.
1314 5250 1358 5281 ⁸⁸
1391 5247 1536 5306 Psal.
1572 5265 1743 5312 um,
1777 5247 1831 5305 6.
1909 5251 1951 5281 ⁸⁸
1986 5249 2094 5303 lsa.
2128 5265 2206 5313 Ix,
2236 5249 2290 5302 4.

2176 5365 2412 5422 ΝΟΤιΕ.

729 5466 841 5536 (65)
883 5465 987 5519 Τὸν
1035 5459 1365 5546 ρεοδώρὶιτογ
1420 5458 1637 5546 πέντως
1693 5458 2010 5523 αἰνίττεται,
2058 5453 2119 5513 οὗ
2144 5457 2237 5510 τὸν

654 5529 778 5593 νοῦν
804 5529 1084 5594 αὐτολεξεὶ
1114 5529 1304 5602 σχεδὸν
1327 5529 1630 5602 ἐκτίθησιν.

727 5608 838 5677 (64)
953 5597 1222 5691 ἕαζιανζ.
1249 5605 1306 5657 ἐν
1333 5599 1411 5673 τῷ
1437 5597 1653 5668 ὅίῐλόγ.
1692 5597 1808 5653 σελ.
1858 5598 1984 5653 515.
2040 5597 2138 5667 τῆς
2177 5599 2235 5651 ἐν

654 5676 849 5749 Rapta.
883 5676 1063 5731 ὲκδόσ.

727 5750 836 5817 ((55)
884 5748 943 5800 '0
969 5746 1139 5809 Αὐτὸς
1167 5745 1224 5799 ἐν
1240 5744 1332 5817 716,
1360 5742 1477 5811 λόγ.
1500 5740 1645 5817 σεξ..Δ
1682 5739 1807 5817 24!,
1851 5738 1994 5792 οὕτω
2014 5753 2026 5767 ·
2074 5738 2237 5792 καλὸν

652 5809 969 5891 ἐκγράίτεια,
995 5818 1095 5871 καὶ.
1135 5816 1365 5871 πειθέτω
1396 5809 1454 5867 σε
1481 5809 1666 5880 Δαὸὶδ,
1690 5812 1874 5878 ἡνίκα,
1907 5827 1995 5867 κτ.
2027 5826 2091 5881 με
2102 5827 2237 5881 μνη-

2343 5475 2432 5510 ται
2463 5456 2517 5510 δὲ
2557 5458 2584 5509 ό
2624 5454 2887 5521 Ναζιανζ.
2918 5455 3011 5509 τοῦ
3032 5454 3241 5511 Γεδεὼν
3272 5457 3365 5511 καὶ
3401 5456 3457 5510 ἐν
3481 5455 3558 5527 τῷ
3578 5456 3626 5520 5,
3652 5454 3752 5527 λογ.
3776 5444 3871 5512 σελ..

2345 5528 2435 5589 57,
2455 5527 2630 5595 λέγων
2652 5543 2672 5557 ο
2701 5527 2926 5595 λογάδες
2957 5528 3129 5596 ὀλίγοι
3154 5528 3474 5591 λάπτοντες,
3503 5528 3595 5580 καί⁵
3628 5527 3777 5596 νιιιᾷνΔ
3797 5533 3858 5568 πι-

2345 5590 2691 5669 στευόμενοι,
2722 5590 2816 5651 καὶ
2838 5590 3269 5669 νικῷντέςκατὰ
3301 5600 3401 5662 τὰς
3449 5596 3677 5658 ἐλπίδας,
3712 5590 3856 5669 ὂῆρις

2347 5670 2447 5738 χὺς
2476 5657 2731 5740 ἀριθμὸς,
2768 5670 2866 5734 τὰς
2908 5657 3164 5733 πλείονας
3191 5657 3454 5739 χιλιάδας.
3502 5657 3720 5740 Μήτι-γε
3745 5657 3856 5740 οὗζὸ

2348 5687 2447 5738 χυς
2476 5686 2731 5793 αἶιυμος,
2768 5686 2866 5734 τας
2908 5686 3164 5733 πλειονας
3191 5686 3454 5739 χιλιαοας.
3502 5686 3643 5737 mnu
3668 5686 3720 5730 γε
3745 5686 3856 5743 υυνυυ

2348 5741 2499 5810 Προκ
2537 5758 2594 5795 π.
2648 5741 2706 5794 ἐν
2758 5740 2903 5812 ἄλλῳ
2944 5739 3266 5812 ἀντιγράφω
3308 5741 3443 5811 ὅπερ
3495 5736 3753 5807 ἀναφέρει,
3794 5744 3856 5781 ευ·

2347 5827 2481 5884 ρηκε
2508 5827 2523 5877 i
