4058 6536
306 397 452 461 1069
1461 391 1914 454 COMMENTAH

2035 390 2114 450 ΙΝ
2154 390 2487 464 JUDICES.
3309 392 3312 396 ’
3406 388 3543 455 1070

308 506 388 567 lio
413 509 563 563 faces
619 513 927 579 gestarant.
986 507 1062 563 Ac
1118 506 1171 565 in
1227 518 1442 561 summa
1477 519 1607 557 vero
1667 504 1835 556 levem
1875 501 2113 571 aliquam
2155 501 2373 556 turbam
2421 515 2573 570 saepe
2613 505 2976 571 potentiorem
3017 516 3273 571 superare
3334 501 3541 572 signifi-

309 598 481 652 cavit.
1347 633 1351 637 .

375 684 706 739 Clanxerunt
735 683 916 754 itaque
946 681 1074 737 tuba
1102 691 1205 737 tres
1228 681 1321 735 isti
1356 680 1591 734 ordines.
1631 673 1770 748 [19.]
1812 675 1870 730 ln
1897 684 2010 730 tres
2034 675 2259 731 ordines
2310 684 2590 730 trecentos
2624 674 2840 741 divisit,
2876 676 3040 745 inque
3073 675 3352 732 centurias
3380 677 3539 731 redea

302 772 409 841 git.
468 771 676 825 Contra
725 784 858 823 vero
909 769 1101 823 hostes
1138 770 1382 837 gentium
1440 764 1651 830 vulgari
1709 777 1858 816 more
1887 761 2164 816 distributi
2212 762 2266 816 in
2300 777 2411 817 uno
2439 762 2603 833 globo
2629 762 2814 817 cuncti
2844 769 3023 816 erant.
3060 758 3163 825 Qui
3193 762 3355 815 etiam
3413 777 3545 818 voce

306 867 723 930 perstrepentes
754 871 985 925 seseque
1023 864 1214 909 mutuo
1248 853 1567 907 territantes
1599 850 1952 904 interierunt.

374 946 566 999 Annon
625 959 862 997 racemus
893 940 1147 1011 Epitraim
1191 940 1366 1008 potior
1402 949 1479 992 est
1512 954 1611 991 uva
1647 935 1891 990 Abiezer.
1958 932 2119 1007 |VI|I,
2169 933 2253 1007 2.]
2294 936 2640 1005 ἐπιφυλλίδες
2662 936 2815 1005 parui
2849 936 2989 989 botri
3018 943 3168 1001 sunt,
3193 935 3287 1005 qui
3318 935 3390 990 ob
3422 951 3545 1004 pars

308 1033 538 1087 vitalem
574 1031 979 1085 vindemiantes
1034 1028 1225 1083 latent.
1278 1026 1491 1092 Quibus
1542 1024 1784 1094 seipsum
1826 1037 1950 1076 cum
1983 1038 2079 1077 sua
2111 1022 2260 1076 tribu
2315 1023 2567 1079 modeste
2616 1024 2985 1094 comparavit.
3019 1018 3150 1076 Uva:
3184 1037 3315 1078 vero
3342 1023 3542 1077 tribum

310 1121 573 1188 Ephraim
605 1131 723 1187 quae
756 1116 1047 1173 strinxerit
1079 1115 1297 1169 multos.

378 1211 718 1281 Βορκομμίν
780 1210 921 1262 κατὰ
967 1209 1063 1278 μὲν
1115 1208 1429 1279 Σύμμαχον,
1464 1208 1523 1259 ai
1579 1203 1914 1273 τρίϐολοικ

2052 1198 2364 1271 Βορκομμῒν
2418 1202 2510 1272 qui
2570 1203 2871 1257 secundum
2924 1201 3310 1275 Symmachum
3362 1199 3549 1257 tribuli

314 1303 462 1358 κατὰ
483 1303 540 1357 δὲ
582 1301 826 1366 Ἀκύλαν,
866 1300 1287 1369 τραγάκανθαι.

2023 1300 2139 1352 υηι,
2170 1291 2471 1345 secundum
2512 1293 2765 1361 Aquilam
2800 1308 2928 1347 vero
2959 1293 3333 1363 τραγάκανθα.

402 1392 640 1461 Ἐφοὺδ,
671 1393 922 1463 μαντεῖον
956 1390 988 1461 ῆ
1020 1389 1259 1444 εἴδωλον.

2063 1381 2268 1448 Ephud.
2299 1381 2402 1454 [7.]
2430 1381 2723 1437 Oraculum
2759 1399 2856 1439 seu
2890 1384 3121 1439 idolum.

2072 1471 2223 1525 Viros
2250 1473 2482 1541 perditos
2510 1482 2559 1526 et
2593 1473 2856 1541 stupidas.
2907 1473 3024 1545 ΠΧ,
3058 1472 3138 1545 4.]
3172 1471 3549 1543 Symmachus,

1995 1560 2229 1631 Rapaces
2271 1573 2321 1618 et
2371 1564 2605 1619 timidos.
2656 1563 2874 1621 Timent
2912 1567 3056 1620 enim
3110 1562 3339 1619 maleﬁci
3376 1565 3551 1635 legum

386 1486 639 1552 Ἀνδρας
673 1483 889 1551 κενοὺς
919 1484 1015 1537 καὶ
1059 1482 1529 1553 θαμϐουμένους.
1565 1480 1882 1550 Σύμμαχος,

311 1574 627 1644 ἀκράτους
657 1576 754 1628 καὶ
803 1574 1349 1643 ἀπονενοημένως.
1374 1573 1659 1627 Δεδοίκασι
1698 1571 1807 1640 γὰρ
1835 1568 1885 1621 oi

314 1666 619 1737 κακοῦργοι
645 1667 744 1737 τὴν
768 1666 831 1718 ἐκ
863 1665 1043 1736 νόμων
1078 1666 1438 1736 ἐπιστροφήν.
1858 1672 1861 1677 ’

2016 1652 2360 1722 lisciplinam.

391 1756 631 1825 Ἀφεῒσα
658 1756 772 1825 τὴν
797 1756 1081 1824 ποιότητά
1103 1773 1225 1825 μου
1241 1771 1256 1787 ο
1283 1754 1582 1819 τουτέστιν,
1604 1752 1676 1806 Οὐ
1701 1752 1891 1821 δέομαι

2048 1742 2191 1797 Nunt
2246 1746 2433 1796 relicta
2473 1741 2786 1813 pinguedine
2835 1760 2969 1798 mea.
3020 1742 3124 1815 [9.]
3169 1742 3281 1799 Iioc
3313 1754 3416 1811 est,
3446 1762 3552 1801 non

315 1848 650 1902 ἐπεισάκτου
678 1850 869 1918 τιμῆς,
900 1847 1111 1901 οἴκοθεν
1131 1846 1333 1917 ἔχουσα
1364 1846 1459 1899 καὶ
1498 1845 1562 1898 ὲκ
1600 1844 1711 1898 τῶν
1738 1842 1890 1897 ἰδίων

2016 1851 2127 1906 lpus
2158 1835 2331 1890 habeo
2357 1836 2565 1890 honore
2599 1836 2867 1901 ascititio,
2900 1852 3060 1907 quem
3088 1838 3467 1904 vernaculum,
3500 1848 3553 1893 et

317 1939 577 2010 καρπῶν.

2016 1943 2061 1981 :x
2096 1926 2233 1981 meis
2258 1926 2530 1982 fructibus
2563 1929 2757 1983 habeo.

405 2026 673 2091 Ἐξέλθοι
707 2025 824 2093 πῦρ
871 2025 939 2078 ἐκ
983 2024 1093 2093 τῆς
1130 2024 1386 2096 ρἀνου.
1421 2024 1540 2095 Πῦρ
1573 2024 1680 2093 γὰρ
1714 2021 1890 2094 ἀγαθὴ

2055 2018 2375 2089 Egrediatur
2425 2021 2561 2089 ignis
2622 2036 2688 2075 ea:
2741 2022 2981 2077 rhamno.
3032 2020 3173 2097 [20.]
3233 2021 3375 2093 Ignis
3409 2022 3555 2076 enim

322 2122 630 2191 παρασχεῖν
653 2118 762 2172 τῶν
791 2118 962 2184 ξύλων
986 2118 1126 2173 ἐστί.

2017 2112 2143 2182 igna
2184 2114 2323 2165 bona
2348 2121 2529 2182 potest
2558 2114 2804 2170 reddere.

391 2247 460 2301 Et
490 2248 823 2302 collocarunt
883 2249 931 2302 ei
975 2249 1074 2302 viri
1120 2247 1419 2303 Sichemitw
1469 2246 1720 2301 insidias.
1776 2240 1929 2318 [95.]
1963 2241 2035 2297 Ut
2079 2240 2227 2297 enim
2278 2241 2552 2312 Josephus
2601 2243 2788 2306 tradit,
2844 2244 2979 2299 urbe
3026 2244 3203 2314 ipsum
3238 2252 3555 2315 exegerant.

320 2336 397 2388 At
423 2350 547 2389 cum
578 2335 695 2389 suis
728 2335 1205 2390 commilitonibus
1239 2336 1432 2389 urbem
1462 2332 1755 2406 afﬂigebat,
1784 2334 1919 2387 adeo
1953 2339 2010 2384 ut
2045 2345 2112 2385 ne
2142 2329 2294 2385 foras
2322 2329 2542 2400 quidem
2576 2331 2974 2385 vindemiatum
3012 2332 3232 2401 prodire
3266 2331 3554 2386 auderent.

324 2421 485 2488 Quod
520 2429 630 2475 tam
666 2422 760 2476 diu
794 2422 863 2477 ab
901 2438 966 2478 eo
1002 2423 1228 2488 factum,
1278 2422 1406 2477 dum
1444 2424 1755 2493 principum
1795 2436 1940 2476 unus
1995 2417 2129 2473 Gaal
2163 2418 2386 2472 nomine
2416 2420 2587 2482 venit,
2640 2419 3105 2488 securitatemque
3133 2419 3382 2487 praebuit.
3418 2417 3553 2471 Nam

325 2498 643 2565 convivium
693 2509 967 2578 agitantes
1019 2510 1223 2578 apertis
1266 2511 1539 2564 conviciis
1566 2525 1691 2564 eum
1721 2508 2080 2579 proscindere
2127 2522 2238 2561 non
2272 2513 2401 2560 sunt
2430 2506 2607 2562 veriti.
2641 2505 2748 2558 Alii
2781 2520 2999 2575 quoque
3024 2506 3303 2576 principes
3339 2506 3560 2561 clande-

330 2598 503 2653 stinis
533 2595 757 2660 insidiis
787 2597 907 2652 loca
931 2598 1140 2652 circum
1182 2598 1372 2653 urbem
1410 2606 1886 2668 prmoccuparunt.
1936 2595 2205 2650 Caeterum
2244 2594 2667 2649 Sichemitarum
2728 2592 2950 2664 quidam
2984 2594 3244 2662 princeps
3279 2590 3447 2647 Zebul
3477 2592 3560 2646 di—

330 2693 462 2740 ctus
493 2699 616 2739 cum
651 2684 855 2739 faveret
889 2683 1203 2737 Abimeleco
1249 2686 1433 2736 omnia
1464 2683 1700 2737 consilia
1750 2691 1942 2736 contra
1971 2683 2150 2751 ipsum
2186 2684 2343 2743 inita,
2377 2682 2655 2751 verbaque
2698 2683 2899 2752 quibus
2933 2681 3066 2736 Gaal
3128 2680 3342 2746 plebem
3378 2680 3564 2734 irrita-

331 2780 510 2837 verat,
541 2771 825 2830 indicavit,
853 2770 1200 2840 insidiasque
1236 2769 1342 2823 sub
1378 2769 1513 2823 urbe
1536 2770 1812 2823 collocare
1861 2769 2165 2823 admonuit.
2199 2770 2273 2825 Se
2312 2771 2457 2824 enim
2495 2770 2656 2824 facile
2692 2786 3086 2839 persuasurum
3120 2767 3253 2824 Gaal
3280 2778 3339 2821 ut
3369 2778 3559 2821 contra

332 2859 515 2927 ipsum
574 2858 913 2926 egrediatur,
960 2858 1160 2927 inquit,
1198 2872 1308 2925 quo
1363 2857 1579 2911 sublato
1637 2870 1828 2925 pacem
1885 2856 2029 2908 inter
2074 2856 2255 2923 ipsum
2302 2856 2625 2926 plebemque
2656 2873 2716 2912 se
2762 2859 3041 2928 stipulari.
3088 2856 3385 2927 Postquam
3435 2870 3565 2908 vero

329 2945 470 3000 Gaal
523 2944 784 3015 fugitivus
811 2944 992 2999 factus
1032 2957 1134 3009 est,
1172 2944 1340 2998 Zebul
1374 2959 1495 2999 cum
1548 2943 1829 3013 republica
1860 2942 2139 3011 transigit,
2186 2950 2243 2995 ut
2278 2943 2523 2996 mollitiei
2557 2953 2871 3008 accusatus,
2911 2946 3045 2999 urbe
3078 2945 3353 3013 ejiciatur.
3390 2939 3563 2998 Ρυιτι)

335 3031 615 3084 Abimelec
640 3032 861 3100 cognito
888 3032 1213 3085 Sichcmitas
1250 3041 1478 3101 postero
1534 3031 1622 3084 die
1662 3030 2057 3084 vindemiatum
2098 3030 2301 3084 exiisse
2332 3031 2491 3095 urbe,
2525 3032 2744 3087 insidiis
2786 3033 2903 3086 suis
2935 3033 3271 3102 interceptos
3326 3033 3567 3087 interne-

333 3118 482 3173 cioni
529 3118 695 3173 dedit.
745 3118 928 3173 Tertia
966 3120 1165 3173 etenim
1208 3119 1487 3174 exercitus
1523 3129 1698 3173 turma
1745 3127 1931 3188 portas
1963 3118 2249 3186 occupavit
2284 3120 2454 3181 urbis,
2482 3120 2672 3190 eisque
2733 3120 3010 3176 introitum
3069 3121 3398 3175 interclusit.
3428 3119 3569 3173 Alii-

335 3219 447 3273 que
510 3205 714 3259 interea
738 3204 873 3259 caedi
918 3204 1207 3260 vacabant.
1258 3205 1538 3276 Quotquot
1572 3220 1701 3260 vero
1733 3208 1936 3275 passim
1988 3206 2240 3275 dissipati
2279 3219 2592 3276 evaserant,
2639 3224 2764 3264 cum
2792 3211 2845 3264 in
2881 3217 3032 3279 petra
3054 3210 3289 3278 quadam
3349 3209 3565 3262 excelsa

335 3289 754 3357 conﬂuxissent,
788 3291 976 3347 sedem
1017 3308 1180 3363 super
1209 3308 1271 3348 ea
1311 3293 1569 3355 ﬁxerunt,
1604 3307 1839 3361 eamque
1879 3309 2037 3349 muro
2070 3295 2294 3364 cingere
2338 3298 2624 3365 parabant.
2656 3298 2779 3368 Ipse
2819 3312 2949 3352 vero
2973 3314 3097 3352 cum
3146 3297 3199 3351 in
3232 3312 3327 3353 eos
3355 3296 3565 3361 ivisset,

337 3380 618 3451 lignisque
642 3380 998 3451 undiquequc
1029 3380 1509 3447 circumdedisset,
1541 3381 1772 3451 primam
1804 3380 1922 3450 ipse
1949 3380 2245 3438 admolitus
2274 3398 2496 3438 manum
2523 3400 2714 3440 omnes
2744 3384 2958 3442 ﬂamma
2989 3387 3248 3441 confecit.
3286 3385 3405 3454 Ipse
3438 3399 3569 3439 vero

339 3483 560 3536 pmnam
597 3484 751 3522 suam
804 3469 859 3522 in
887 3470 1287 3538 expugnatione
1317 3467 1506 3524 Betth
1537 3469 1657 3523 luit.
1694 3467 1773 3521 Ac
1806 3468 1969 3524 ambo
2006 3469 2225 3540 quidem
2257 3470 2542 3542 parricidii
2575 3472 2629 3528 in
2662 3470 2932 3530 cheouis
2963 3473 3152 3528 liberis
3195 3471 3422 3528 admissi
3454 3486 3571 3527 me-

340 3557 511 3609 ritum
546 3555 815 3633 dcderunt
848 3557 1205 3626 supplicium.

412 3687 526 3742 Kal
555 3686 783 3754 ηὐξατο
824 3687 1058 3757 Ἰεφθάε
1090 3689 1283 3758 εὐχὴν
1317 3688 1396 3755 τῷ
1440 3688 1655 3757 Κυρίῳ.
1700 3688 1905 3757 Ἐπαγ-

2068 3688 2137 3742 Et
2184 3694 2505 3763 nuncupavit
2550 3691 2743 3763 Iephte
2809 3703 2985 3748 votum
3035 3689 3403 3764 Domino.[Xl,
3453 3689 3569 3762 50.]

339 3778 535 3849 γελίας
584 3778 744 3833 τοῦτο
787 3778 1081 3849 θερμότης,
1118 3783 1211 3835 καί⁹
1261 3781 1417 3852 νίκης
1457 3782 1599 3853 ἔρως
1659 3781 1908 3850 ἀπεγνω⁶

344 3870 576 3939 σμένης,
633 3869 962 3940 ἐμϐαλόντος
1022 3870 1172 3941 αὐτῷ
1221 3871 1315 3925 τοῦ
1371 3873 1585 3925 Σατανᾶ
1636 3872 1909 3942 προφάσει

339 3961 673 4032 κηδεμονίας
704 3964 1089 4033 προσενεγκεῖν
1124 3962 1312 4019 θυσίαν
1336 3962 1680 4033 παράνομον,
1706 3962 1783 4026 ὡς
1816 3964 1911 4015 καὶ

340 4055 457 4116 τοῖς
480 4053 608 4123 περὶ
638 4052 729 4105 τὸν
765 4052 937 4123 Ἀδὰμ
966 4053 1238 4122 προφάσει
1268 4052 1577 4117 διανοίξεως
1611 4053 1912 4123 ὀφθαλμῶν

343 4142 446 4213 τῆς
479 4143 701 4213 ἐντολῆς
735 4143 834 4213 τὴν
866 4142 1201 4213 παράϐασιν.
1229 4144 1293 4196 Τί
1321 4144 1429 4214 γὰρ
1470 4144 1535 4198 ἂν
1560 4144 1768 4214 γένοιτο
1814 4146 1913 4211 τῆς

345 4234 601 4305 τοιαύτης
634 4236 802 4307 εὐχῆς
838 4236 1236 4305 ἀσεϐέστερον;
1277 4237 1435 4305 Ἐνῆν
1466 4238 1573 4308 γὰρ
1606 4238 1913 4308 ἀπαντῆσαι

347 4327 445 4378 καὶ
473 4324 631 4391 κύνα,
658 4327 750 4377 καὶ
772 4324 959 4389 ἵππον,
987 4324 1081 4378 καὶ
1106 4324 1246 4387 ὄνον,
1275 4326 1369 4377 καὶ
1398 4324 1666 4394 κάμηλον,
1696 4326 1788 4378 καὶ
1812 4327 1915 4380 ὅσα

345 4416 492 4477 εἰκὸς
524 4413 824 4483 κεκτῆσθαι
861 4412 954 4467 τὸν
1006 4413 1242 4485 πλήθους
1284 4414 1588 4485 κρατοῦντα
1633 4414 1910 4473 τοσούτου.

359 4506 524 4560 Ἀλλὰ
552 4506 648 4559 καὶ
680 4506 866 4569 κακῶς
894 4505 1214 4576 εὐξάμενος,
1258 4505 1463 4569 πιστῶς
1495 4504 1561 4559 τὸ
1595 4507 1915 4578 συντυχικὸν

346 4599 450 4651 οὐκ
485 4598 726 4664 ἐδέξατο,
771 4598 892 4653 οὐδὲ
917 4600 1012 4652 τοῦ
1046 4598 1299 4670 Ἀϐραὰμ
1336 4598 1581 4671 ἐζήλωσε
1629 4600 1728 4671 τὴν
1764 4600 1917 4653 εὐσέ-

348 4692 525 4746 ϐειαν.
549 4686 628 4744 Ἦ
661 4691 767 4762 γὰρ
810 4691 878 4745 ἂν
910 4692 1003 4745 καὶ
1033 4690 1131 4761 τὴν
1163 4690 1333 4761 κόρην
1376 4687 1541 4761 εἶχεν,
1589 4691 1664 4753 ὼς
1714 4693 1917 4756 ἐκεῖνος

345 4786 442 4838 τὸν
474 4786 609 4850 υἱὸν,
639 4786 732 4838 καὶ
774 4785 866 4837 τὸν
914 4785 1012 4854 τῆς
1039 4783 1319 4847 εὐσεϐείας
1352 4784 1562 4854 μισθόν.
1594 4783 1707 4838 Νῦν
1731 4784 1788 4837 δὲ
1822 4783 1918 4837 καὶ

348 4875 411 4929 τὸ
440 4876 539 4946 τῆς
577 4876 741 4947 εὐχῆς
790 4877 1215 4946 ἀπερίσκεπτον,
1250 4875 1345 4929 καὶ
1392 4875 1456 4929 τδ
1505 4875 1611 4946 τῆς
1638 4874 1919 4938 εὐσεϐείας

347 4967 565 5039 νεκρόν.
600 4967 659 5020 '0
690 4968 787 5038 μὲν
819 4967 928 5038 γὰρ
949 4966 1047 5038 τὴν
1100 4967 1194 5020 τοῦ
1224 4966 1414 5030 παιδὸς
1450 4967 1640 5020 θυσίαν
1697 4966 1805 5019 οὐδ’
1836 4968 1918 5027 είς

2010 3779 2313 3840 Promissio
2352 3784 2467 3839 haec
2517 3784 2686 3841 nimis
2744 3793 2829 3840 est
2880 3782 3113 3849 fervida,
3158 3798 3337 3853 exque
3383 3797 3573 3838 amore

2010 3872 2315 3945 desperata:
2372 3875 2616 3930 victoriae
2676 3875 2941 3935 profecta.
3007 3873 3296 3945 Suggessit
3356 3888 3487 3928 vero
3520 3875 3572 3928 ei

2013 3966 2247 4025 Satanas
2285 3971 2470 4041 gloria:
2497 3980 2757 4040 praetextu
2786 3977 2844 4023 ut
2877 3968 2984 4024 Deo
3035 3968 3311 4022 victimam
3346 3966 3448 4037 legi
3485 3966 3576 4020 ad-

2012 4075 2226 4116 versam
2253 4061 2583 4125 immolaret,
2621 4059 3077 4130 quemadmodum
3106 4048 3375 4113 Adamnm
3436 4073 3574 4128 quo-

2013 4166 2118 4220 que
2145 4151 2431 4207 oculorum
2478 4152 2894 4222 aperiendorum
2946 4157 3238 4220 praetextu,
3288 4150 3353 4204 ad
3401 4149 3571 4203 divini

2014 4239 2259 4294 mandati
2293 4241 2782 4312 transgressionem
2817 4240 3067 4295 adduxit.
3113 4240 3252 4306 Quid
3292 4239 3437 4294 enim
3469 4240 3573 4293 hoc

2016 4340 2144 4386 voto
2177 4331 2351 4401 magis
2408 4331 2631 4402 impium
2690 4347 2811 4387 esse
2846 4340 3035 4399 queat,
3067 4346 3189 4386 cum
3216 4344 3407 4385 canem
3435 4344 3571 4397 (μισ-

2015 4438 2143 4490 que,
2179 4434 2231 4477 et
2249 4439 2474 4493 equum,
2508 4433 2563 4477 et
2604 4423 2842 4489 asinum,
2875 4431 2931 4476 et
2962 4421 3253 4486 camelum,
3298 4429 3391 4473 aut
3422 4420 3571 4472 aliud

2017 4513 2293 4583 quidpiam
2325 4514 2468 4583 quod
2502 4522 2772 4567 tantarqu
2809 4513 3093 4583 copiarum
3124 4511 3387 4564 victorem
3414 4508 3577 4579 506

2017 4604 2298 4675 possidere
2325 4605 2604 4675 probabile
2632 4611 2771 4667 erat,
2805 4604 3021 4658 obviam
3051 4603 3173 4658 dari
3211 4602 3426 4657 luisset.
3464 4600 3567 4655 Ve-

2019 4712 2137 4751 rum
2179 4697 2322 4752 sicut
2368 4696 2568 4750 malum
2622 4694 2751 4750 fecit
2808 4704 3016 4760 votum,
3071 4695 3146 4749 ita
3192 4708 3379 4748 casum
3411 4708 3571 4747 suum

2018 4801 2209 4856 parum
2240 4795 2558 4842 constanter
2586 4786 2731 4853 tulit,
2782 4801 2960 4857 neque
2992 4785 3286 4840 Ahrahauti
3315 4785 3589 4854 pietatem,

2018 4878 2260 4932 imitatus
2320 4886 2422 4933 est.
2479 4877 2634 4933 Licet
2678 4879 2823 4933 enim
2866 4879 3103 4948 puellam
3152 4877 3403 4934 habuerit
3432 4876 3593 4951 sicut

2021 4967 2114 5022 ille
2142 4968 2336 5035 lilium,
2384 4968 2638 5037 idemque
2669 4969 2891 5039 pietatis
2936 4967 3241 5040 praemium,
3272 4974 3459 5023 votum
3489 4972 3578 5019 ta-

314 5076 315 5079 ‘
347 5059 476 5113 νοῦν
510 5058 813 5135 ἐνεϐάλετο,
860 5057 1077 5122 ἀνάξιον
1107 5056 1262 5110 τοῦτο
1294 5058 1522 5128 νομίσας
1554 5056 1710 5121 Θεοῦ,
1747 5072 1914 5127 προσ-

2024 5074 2148 5113 men
2192 5058 2314 5127 ejus
2366 5060 2711 5114 temerarium
2762 5071 2867 5127 est,
2932 5062 3260 5132 pietatisque
3324 5056 3589 5135 cadaver.

347 5148 571 5218 ταχθεὶς
606 5148 664 5201 δὲ
691 5148 792 5200 οὐκ
826 5147 1123 5217 ἐμέλλησεν
1144 5162 1159 5176 ·
1191 5147 1219 5198 ὁ
1265 5146 1325 5199 δὲ
1374 5147 1671 5217 καθύϐρισε
1705 5148 1799 5200 καὶ
1845 5148 1912 5216 τῇ

348 5242 483 5311 εὐχῇ
514 5241 604 5295 τὸν
627 5241 783 5306 Θεὸν,
812 5239 909 5293 καὶ
933 5242 999 5309 τῇ
1026 5239 1117 5292 τοῦ
1148 5237 1378 5301 πένθους
1404 5239 1652 5309 ἀπιστίᾳ.

2021 5154 2297 5209 Abraham
2332 5155 2533 5209 etenim
2571 5155 2666 5209 lilii
2717 5157 3126 5220 mactationem,
3160 5168 3274 5208 rem
3306 5150 3416 5205 Deo
3438 5145 3581 5202 indi-

2021 5260 2183 5313 gnam
2240 5244 2359 5299 fore
2411 5246 2736 5312 arbitratus,
2791 5261 3066 5316 nunquam
3107 5246 3162 5299 in
3212 5243 3456 5297 animum
3493 5238 3582 5292 in-

348 5333 527 5388 duxit.
562 5333 793 5404 lmpcrio
818 5347 947 5387 vero
975 5332 1095 5402 ejus
1128 5331 1378 5400 adactus,
1424 5348 1533 5388 non
1560 5343 1645 5390 est
1676 5343 1984 5393 cunctatus.
2020 5339 2117 5394 Hic
2148 5355 2273 5396 vero
2321 5342 2654 5397 contumelia
2700 5343 2866 5397 Deum
2933 5340 3134 5407 aﬂecit,
3197 5352 3251 5394 et
3313 5347 3461 5402 voto,
3526 5339 3582 5388 et

349 5425 557 5480 doloris
587 5424 952 5494 impatientia.

415 5516 528 5571 Καὶ
559 5518 593 5587 ή
621 5516 869 5585 θυγάτηρ
897 5512 1019 5579 ἀξία
1047 5513 1261 5583 γίνεται
1291 5515 1384 5569 τοῦ
1419 5517 1643 5587 πατρός.
1682 5518 1755 5571 Οὐ
1803 5517 1913 5587 γὰρ

349 5606 571 5679 ἔστερξε
608 5607 707 5678 τὴν
750 5606 933 5677 εὐχὴν,
966 5607 1028 5660 οὐ
1084 5607 1183 5678 τὴν
1212 5606 1410 5678 εὐσεϐῆ
1448 5609 1767 5678 προσφορὰν
1818 5611 1918 5677 τῆς

348 5702 551 5771 θνητῆς
581 5701 724 5770 ζωῆς
754 5699 1113 5771 προετίμησε,
1143 5699 1468 5771 πικρότερον
1491 5700 1692 5763 παντὸς
1717 5700 1915 5777 θρήνου

348 5792 449 5860 τὴν
478 5794 773 5864 παρθενίαν
810 5791 1148 5865 πενθήσασα,
1202 5792 1401 5864 μᾶλλον
1431 5791 1488 5846 δὲ
1523 5792 1622 5864 τὴν
1665 5791 1784 5862 Θεῷ
1816 5792 1913 5846 θυ-

2091 5513 2231 5569 Filia
2262 5530 2481 5585 quoque
2511 5517 2630 5586 ipsa
2654 5516 2821 5587 digna
2842 5523 2997 5585 patre
3025 5514 3119 5582 lit;
3145 5522 3275 5569 voto
3303 5516 3453 5570 enim
3472 5532 3582 5572 non

2023 5606 2325 5676 acquievit,
2365 5622 2467 5662 nec
2496 5607 2757 5668 victima:
2799 5607 3121 5677 religionem
3147 5644 3164 5671 ,
3203 5605 3315 5660 vita
3361 5609 3581 5662 mortali

2024 5713 2240 5753 summa
2265 5699 2573 5754 acerbitate
2601 5698 2981 5770 virginitatem
3012 5700 3310 5753 lamentata
3343 5698 3581 5769 priorem

2026 5791 2239 5860 habuit,
2273 5791 2384 5847 imo
2421 5805 2548 5848 vero
2584 5789 2695 5847 Deo
2720 5792 2998 5849 victimam
3044 5790 3245 5848 olferre
3300 5799 3385 5847 est
3434 5805 3574 5845 cun-
