4058 6518
543 384 674 454 1071

1880 389 2233 453 PROCOPII
2261 388 2507 450 GAZ/EI

3657 387 3773 451 1072

540 508 678 557 tata.
728 498 1078 571 Quapropter
1123 517 1250 556 cum
1312 518 1414 559 nec
1467 504 1560 558 illa
1615 503 1768 569 ﬁlio,
1812 519 1917 561 nec
1964 511 2126 576 pater

2232 501 2353 555 σίαν
2385 500 2767 572 προσάγεσθαι
2813 499 3137 571 μέλλουσαν.
3174 498 3336 551 Ὅθεν
3393 497 3452 549 οὑ
3486 497 3772 572 κωλύειτην

544 595 864 650 Abrahamo
888 595 1275 664 responderet,
1311 596 1458 652 Deus
1488 596 1926 653 immolationem
1972 599 2116 652 hanc

544 685 692 740 sicut
727 683 877 738 illam
912 698 1020 738 non
1053 685 1367 753 prohibuit.
1401 684 1576 741 Porro
1606 687 1871 742 exhibent
1901 687 1979 742 illi
2002 687 2126 757 qui-

547 779 670 835 dem
721 777 776 832 in
812 776 984 832 Deum
1029 778 1266 843 ﬁduciae,
1311 777 1366 832 hi
1407 792 1557 842 vero,
1595 786 1724 833 vota
1773 793 1884 832 non
1919 785 2128 832 temere

544 886 671 927 esse
724 870 1014 935 facienda,
1067 870 1326 941 factaque
1386 885 1602 926 summa
1659 870 1947 926 alacritate
2004 884 2128 925 esse

545 962 934 1035 porsolvenda.
964 961 1238 1030 Quocirca
1277 977 1380 1018 nec
1425 971 1552 1017 ante
1584 963 1765 1034 ipsum
1791 1002 1806 1026 ,
1856 978 1959 1017 nec
2001 971 2128 1032 post

548 1074 578 1110 a
611 1057 717 1128 piis
751 1054 1072 1126 hujusmodi
1122 1054 1270 1110 facta
1320 1065 1407 1110 est
1439 1054 1688 1109 victima.
1738 1053 1918 1109 Probe
1959 1068 2128 1108 nove-

546 1157 681 1202 runt
709 1151 858 1202 enim
896 1146 1047 1216 quod
1079 1147 1227 1201 Deus
1261 1161 1362 1201 nec
1396 1145 1729 1216 postulavit,
1759 1160 1862 1200 nec
1894 1153 2003 1198 tam
2031 1143 2127 1197 de-

547 1234 863 1294 testandam
895 1236 1182 1291 victimam
1217 1237 1495 1306 suscepit.
1530 1235 1665 1290 Nam
1698 1250 1809 1290 non
1838 1235 1909 1290 ob
1934 1242 2124 1289 votum

548 1330 786 1385 victoria
826 1330 1078 1394 obvenit,
1120 1345 1308 1384 verum
1353 1339 1412 1383 ut
1446 1329 1632 1385 lsraeli
1665 1328 1900 1398 injurias
1951 1326 2126 1382 factas

549 1437 673 1477 esse
718 1422 1078 1478 manifestum
1124 1421 1303 1486 ﬁeret,
1359 1437 1521 1492 quem
1571 1422 1815 1491 judicem
1867 1420 2126 1491 supplicii

547 1515 784 1568 vocavit.
822 1513 1046 1570 Minime
1123 1515 1324 1570 etenim
1375 1525 1600 1584 propter
1643 1524 1825 1567 votum
1857 1510 2126 1582 injustum

550 1605 812 1660 lsraelem
865 1605 1060 1676 inique
1103 1605 1318 1676 perire,
1379 1604 1820 1674 injuriarumque
1860 1610 2119 1657 auctores

547 1700 778 1753 vincere
818 1698 1215 1754 conveniebat.
1261 1698 1466 1753 Verum
1510 1698 1603 1753 ille
1637 1697 1860 1766 quidem
1901 1695 1973 1750 ob
2020 1696 2126 1748 ini-

548 1792 812 1860 quitatem
849 1790 957 1845 voti
989 1805 1181 1858 pmnas
1213 1790 1329 1855 dat,
1352 1790 1556 1860 Deique
1588 1788 1824 1859 populus
1857 1785 2123 1842 servaba-

551 1896 662 1950 tur,
693 1898 756 1938 ac
809 1883 1136 1952 iniuriarum
1195 1883 1524 1952 supplicium
1565 1881 1909 1952 pertulerunt
1954 1877 2129 1950 impii.

619 1977 793 2031 Porro
829 1977 882 2028 in
923 1974 1018 2029 illo
1056 1990 1068 2026 :
1118 1992 1136 2025 ι
1173 1973 1238 2027 Ει
1278 1975 1462 2030 factus
1498 1982 1585 2030 est
1627 1972 1849 2027 Domini
1892 1971 2128 2042 spiritus

548 2084 714 2140 super
749 2067 941 2137 Jephte
958 2067 1025 2134 ",
1066 2086 1085 2118 ι
1131 2066 1516 2123 considerabis
1546 2065 1691 2138 quod
1736 2066 1847 2136 jam
1879 2063 2042 2120 modo
2077 2062 2132 2118 in

548 2160 942 2231 magistratum
991 2157 1323 2221 transierat,
1373 2172 1437 2211 ac
1482 2165 1681 2212 contra
1724 2156 1914 2211 hostes
1967 2153 2133 2224 paulo

549 2259 680 2306 ante
708 2249 952 2303 victores
987 2247 1319 2312 insurrexit,
1360 2263 1423 2300 ac
1452 2247 1690 2317 proinde
1722 2245 1957 2315 spiritus
1996 2257 2132 2297 con-

551 2344 868 2399 lirmatione
912 2342 1218 2411 indigebat.
1258 2340 1372 2396 Nec
1402 2355 1534 2395 vero
1572 2342 1640 2394 ob
1668 2341 1786 2394 leve
1817 2338 1996 2408 ipsius
2030 2351 2131 2391 vo-

549 2448 666 2491 tum
710 2435 930 2502 indicit,
972 2450 1074 2490 nec
1114 2435 1184 2489 ob
1236 2433 1460 2502 generis
1495 2433 1871 2494 nobilitatem,
1913 2445 2014 2486 nec
2062 2432 2133 2485 ob

547 2530 678 2585 vitae
721 2540 854 2583 ante
894 2537 1034 2583 actae
1055 2527 1438 2598 Splendorem,
1473 2526 1585 2579 imo
1617 2540 1719 2580 nec
1763 2525 1946 2594 ipsum
1989 2524 2132 2580 Deus

546 2623 605 2675 in
643 2619 749 2674 hoc
777 2617 1052 2674 excitasse
1082 2617 1312 2683 dicitur,
1343 2616 1516 2671 semel
1548 2629 1679 2670 vero
1719 2615 2020 2671 excitatum
2062 2615 2131 2670 ad

543 2716 752 2784 justam
783 2711 1075 2767 victoriam
1108 2718 1193 2766 est
1221 2710 1542 2764 comitatus.

618 2803 763 2859 Sunt
797 2817 968 2872 porro
999 2801 1096 2871 qui
1137 2801 1277 2856 bene
1317 2801 1446 2855 huic
1486 2799 1638 2858 facto
1665 2803 1987 2856 ontinantes
2021 2809 2132 2854 tra-

547 2897 709 2963 dunt,
737 2895 884 2966 quod
922 2893 1032 2948 ﬁlia
1059 2893 1260 2964 Jephte
1289 2893 1622 2964 praeﬁnitum
1648 2894 1754 2950 sibi
1775 2894 1972 2949 mortis
1993 2904 2132 2950 tem-

547 3006 649 3059 pus
697 2997 1050 3059 exspectare,
1100 3002 1165 3040 ac
1198 3002 1258 3040 Se
1293 2986 1402 3042 Deo
1455 2986 1741 3041 victimam
1777 2985 1979 3041 adduci
2011 3001 2131 3041 rna-

548 3082 739 3147 luerit,
779 3096 946 3150 quam
982 3082 1158 3150 patris
1187 3087 1376 3134 votum
1425 3078 1667 3136 mendax
1696 3078 1876 3134 reddi.
1905 3077 1973 3132 Et
2004 3093 2130 3133 cum

2233 594 2447 666 σφαγὴν
2477 594 2504 645 6
2539 595 2692 657 Θεὸς.
2750 593 2888 647 Οῦτε
2933 594 3042 664 γάρ
3105 592 3244 662 αὕτη
3279 589 3416 643 κατά
3465 590 3554 642 τὸν
3593 593 3771 657 Ἰσαὰκ,

2229 685 2353 739 οὔτε
2393 685 2530 739 κατὰ
2554 685 2645 739 τὸν
2677 685 2932 756 Ἀϐραὰμ
2955 686 2982 738 6
3016 687 3229 756 Πατήρ.
3257 683 3518 751 Γεγόνασι
3539 682 3590 734 δὲ
3627 686 3778 754 παρά-

2228 779 2432 849 δειγμα
2482 780 2531 832 οί
2587 779 2705 849 μὲν,
2740 782 2821 841 είς
2871 778 3006 831 Θεὸν
3045 777 3304 839 πίστεως,
3358 777 3410 828 oi
3457 774 3536 836 δὲ,
3594 774 3662 844 μὴ
3689 777 3780 829 δεῖν

2229 870 2488 942 εὔχεσθαι
2527 871 2845 943 προπετῶς,
2870 870 2966 924 καὶ
2993 869 3087 923 τοῦ
3125 870 3234 922 δεῖν
3272 868 3524 938 ἀσμένως
3548 868 3782 921 ἐπιτελεῖν

2231 965 2375 1036 ἆπερ
2413 983 2497 1028 τις
2527 963 2753 1034 ηὔξατο.
2799 962 3107 1035 Τοιγαροῦν
3159 962 3283 1014 οὗτε
3331 960 3439 1031 πρὸ
3465 960 3644 1023 αὑτοῦ,
3683 961 3782 1014 οὔτε

2233 1055 2351 1127 μετ’
2382 1055 2546 1108 αὐτὸν
2607 1055 2836 1124 τοιαύτη
2883 1055 3033 1124 παρὰ
3087 1053 3195 1106 τῶν
3243 1052 3609 1106 εὐσεϐούντων
3652 1052 3786 1106 θυσία

2229 1148 2543 1220 γεγένηται.
2577 1148 2814 1220 ’ᾘδεσαν
2857 1148 2968 1218 γὰρ
3009 1145 3278 1214 ἀκριϐῶς,
3327 1146 3403 1209 ὡς
3442 1144 3566 1197 οὔτε
3615 1146 3784 1216 ᾔτησεν

2228 1243 2256 1294 6
2283 1241 2436 1305 Θεὸς,
2467 1240 2590 1294 οῦτε
2624 1242 2724 1312 τὴν
2774 1242 2948 1308 ἐναγῆ
2977 1239 3169 1292 θυσίαν
3213 1240 3455 1302 ἐδέξατο.
3503 1238 3576 1290 Οὐ
3602 1237 3682 1290 διὰ
3709 1240 3787 1307 τὴν

2229 1333 2394 1404 εὐχὴν
2426 1329 2518 1387 οὖν
2550 1336 2582 1403 ἡ
2625 1335 2771 1402 νίκη,
2801 1333 2893 1386 διὰ
2927 1333 2985 1386 δὲ
3019 1332 3080 1386 τὸ
3112 1332 3283 1398 δεῖξαι
3324 1331 3416 1383 τὸν
3449 1329 3670 1400 Ἰσραὴλ
3699 1330 3791 1382 ἁδι-

2230 1426 2517 1497 κούμενον.
2553 1428 2650 1480 Ὃν
2705 1426 2801 1479 καὶ
2853 1425 3050 1497 κριτὴν
3097 1424 3198 1492 τῆς
3227 1422 3388 1491 δίκης
3439 1422 3790 1474 ἐκάλεσεν,οΰ

2231 1519 2334 1590 γὰρ
2361 1517 2430 1571 δι’
2461 1517 2627 1589 εὐχὴν
2660 1517 2847 1571 ἄδικον
2905 1517 3075 1587 ἐχρῆν
3123 1515 3330 1578 ἀδίκως
3377 1512 3674 1568 ἀπολέσθαι
3719 1515 3792 1568 τὸν

2243 1608 2481 1679 Ἰσραὴλ,
2518 1610 2612 1661 καὶ
2657 1609 2878 1678 νικῆσαι
2924 1609 3051 1670 τοὺς
3089 1605 3439 1667 ἀδικοῦντας.
3475 1604 3614 1658 Ἀλλ’
3639 1605 3664 1657 6
3695 1605 3792 1674 μὲν,

2231 1699 2398 1770 εὐχῆς
2425 1699 2616 1753 ἀδίκου
2653 1699 2836 1752 δίδωσι
2863 1700 3056 1770 δίκην·
3087 1701 3116 1751 6
3165 1698 3220 1750 δὲ
3251 1695 3347 1750 τοῦ
3384 1696 3525 1749 Θεοῦ
3572 1694 3686 1758 λαὸς
3724 1697 3791 1748 διο

2233 1791 2490 1856 εσώζετο.
2524 1792 2635 1844 Καὶ
2660 1791 2932 1862 τιμωρίαν
2968 1792 3207 1861 ὑπέσχον
3245 1790 3358 1844 τῶν
3391 1790 3734 1858 ἀδικημάτων
3758 1792 3796 1841 οί

2235 1882 2545 1953 δυσμενεῖς.

2306 1976 2400 2039 Τὸ,
2438 1994 2456 2026 ι
2511 1976 2761 2044 Ἐγένετο
2825 1975 2920 2028 ἐπὶ
2981 1973 3190 2045 Ἰεφθάε
3234 1973 3458 2044 πνεῦμα
3530 1973 3795 2042 Κυρίου,ι

2234 2066 2472 2136 νοήσεις,
2504 2065 2579 2130 ὼς
2620 2068 2745 2139 ἄρτι
2789 2064 3078 2138 παρελθὼν
3104 2067 3184 2128 είς
3225 2065 3324 2135 τὴν
3370 2062 3552 2135 ἀρχὴν
3607 2063 3692 2115 καὶ
3714 2062 3800 2132 πρὸ

2233 2159 2424 2212 τούτου
2461 2159 2724 2231 κρατοῦσι
2756 2161 2871 2221 τοῖς
2903 2157 3186 2228 πολεμίοις
3203 2156 3633 2226 έπανιστάμενος
3653 2197 3665 2220 ,
3691 2155 3802 2207 £65?-

2233 2268 2294 2305 το
2322 2250 2416 2304 τοῦ
2449 2250 2969 2324 παραθαρρύνοντος
3005 2251 3335 2319 πνεύματος,
3370 2248 3492 2301 ἀλλ’
3525 2248 3586 2300 οὐ
3618 2246 3699 2299 διὰ
3719 2247 3800 2316 τὴν

2234 2343 2457 2399 εὗκολον
2529 2344 2698 2416 εὐχὴν
2754 2344 3073 2411 ἐπεγένετο,
3121 2341 3244 2394 οὔτε
3296 2340 3406 2410 μὴν
3465 2340 3566 2413 τὴν
3611 2338 3802 2406 γένεσιν

2235 2437 2394 2508 ἔσχεν
2422 2435 2742 2509 ἐπαινετὴν,
2778 2435 2903 2490 οὗτε
2928 2436 3019 2488 τὸν
3048 2434 3155 2507 πρὸ
3181 2434 3282 2504 τῆς
3328 2433 3492 2502 νίκης
3545 2431 3673 2500 βίον,
3705 2428 3800 2482 ἀλλ’

2232 2528 2356 2582 οὕτε
2407 2529 2540 2592 Θεὸς
2585 2529 2747 2583 αὐτὸν
2804 2527 3022 2596 λέγεται
3086 2526 3220 2596 πρὸς
3270 2523 3436 2578 τοῦτο
3478 2523 3798 2593 κεκληκέναι.

2234 2621 2529 2693 Κινηθέντι
2593 2622 2650 2674 δὲ
2723 2621 2872 2687 ἅπαξ
2940 2620 3080 2692 πρὸς
3143 2617 3362 2673 δικαίαν
3411 2618 3577 2688 νίκην
3633 2617 3802 2688 συνήρ-

2234 2730 2382 2784 χετο.

2305 2805 2463 2870 Τινές
2497 2823 2682 2876 φασιν,
2713 2807 2789 2869 ὡς
2815 2809 2849 2877 ἡ
2884 2805 2978 2858 τοῦ
3017 2804 3228 2873 Ἰεφθάε
3271 2804 3530 2874 θυγάτηρ
3569 2802 3801 2873 ὑπομένει

2232 2898 2324 2951 τὸν
2355 2897 2576 2951 δοθέντα
2627 2897 2753 2951 καθ’
2779 2898 2948 2969 αὐτῆς
2995 2898 3223 2969 ὁρισμόν
3249 2913 3263 2925 ·
3295 2899 3392 2951 καὶ
3447 2895 3800 2967 προσαχθῆναι

2234 2989 2396 3061 θυσία
2441 2989 2559 3060 Θεῷ
2607 2989 2811 3061 μᾶλλον
2861 2992 3129 3060 αἱρεῖται,
3163 2990 3196 3060 ἢ
3228 2987 3548 3060 ψευσθῆναι
3590 2987 3675 3041 τοῦ
3705 3004 3796 3038 πα·

2232 3082 2360 3153 τρὸς
2409 3081 2508 3153 τὴν
2553 3083 2756 3154 εὐχήν·
2781 3084 2874 3136 καὶ
2908 3082 2968 3135 τὸ
3015 3081 3348 3153 δηλούμενον
3387 3079 3696 3148 ἀγνοοῦσα,
3724 3079 3800 3131 τὸν

545 3177 626 3232 rei
652 3191 880 3232 sensum
927 3174 1235 3246 ignoraret,
1270 3173 1501 3245 ﬁguram
1539 3188 1715 3230 sacra:
1749 3173 2012 3229 salutaris
2043 3187 2127 3228 ex-

2236 3175 2407 3231 τύπον
2437 3177 2676 3249 ἐπλήρου
2703 3178 2804 3248 τῆς
2841 3179 2992 3249 ἱερᾶς
3035 3179 3130 3231 καὶ
3165 3175 3441 3248 σωτηρίου
3478 3176 3684 3234 θυσίας.
3715 3173 3801 3227 Οὖ-

545 3267 716 3340 plevit
768 3267 1022 3322 victimae.
1080 3267 1158 3320 Ac
1203 3266 1280 3321 ita
1339 3281 1476 3321 sane
1541 3265 1978 3336 reprehensione
2022 3266 2130 3321 hoc

545 3359 751 3415 factum
783 3368 954 3414 caret.
976 3356 1183 3413 Verum
1216 3358 1459 3414 semelid
1481 3356 1689 3412 factum
1725 3367 1810 3414 est
1833 3377 1846 3412 :
1868 3358 2131 3429 deinceps

544 3450 593 3506 si
625 3448 801 3515 ﬁeret,
825 3462 1200 3519 nequaquam.
1235 3447 1293 3503 ld
1319 3448 1466 3504 enim
1528 3464 1658 3504 cum
1717 3448 2131 3519 signiﬁcatione

545 3542 731 3613 aliqua
776 3538 984 3594 factum
1020 3553 1134 3593 non
1168 3553 1266 3606 per
1296 3553 1516 3593 omnem
1561 3545 1778 3592 aetatem
1832 3538 1969 3609 legis
2018 3537 2127 3590 vim

543 3632 782 3687 obtinet.
813 3631 892 3684 Ac
939 3629 992 3684 in
1039 3629 1238 3700 primis
1292 3627 1515 3699 quidem
1549 3643 1677 3683 cum
1716 3627 1868 3684 Deus
1915 3628 2127 3682 clarum

548 3723 821 3780 leceritse
847 3735 1199 3792 nequaquam
1233 3720 1479 3774 victimis
1514 3719 1780 3776 delectari
1815 3717 2126 3774 hominum.

621 3812 1034 3868 Pharathom’ta.
1064 3809 1204 3884 [Xll,
1241 3809 1358 3884 13.]
1387 3809 1529 3866 Urbs
1567 3811 1623 3866 in
1665 3820 1932 3866 montano
1965 3812 2129 3865 Ama-

548 3907 651 3963 lec.

618 3996 792 4051 Morte
835 3998 1129 4052 moriemur
1163 3997 1419 4067 quoniam
1447 3995 1620 4051 Deum
1664 3997 1917 4052 vidimus.
1959 3994 2126 4068 ίΧῐΙΙ,

544 4089 663 4161 22.]
713 4088 1045 4158 Suspicatus
1076 4097 1165 4144 est
1196 4086 1390 4144 Manoe
1437 4103 1551 4144 non
1603 4088 1883 4160 angelum,
1933 4105 2125 4143 verum

545 4177 717 4233 Deum
751 4190 813 4230 se
850 4176 1080 4232 vidisse.
1122 4176 1400 4242 Quocirca
1451 4175 1741 4231 victimam
1781 4191 1894 4231 non
1929 4177 2124 4232 eodem

545 4263 652 4318 loci
699 4261 922 4328 obtulit,
966 4276 1160 4316 verum
1219 4277 1387 4334 super
1424 4271 1589 4334 petra
1633 4279 1758 4334 quae
1793 4263 2128 4335 signiﬁcavit

545 4352 855 4407 Christum.
898 4349 970 4403 At
1002 4349 1098 4421 qui
1129 4351 1386 4421 angelum
1415 4366 1543 4407 esse
1566 4354 1812 4424 cognito,
1848 4354 2032 4409 denuo
2066 4368 2127 4410 se

545 4445 718 4500 Deum
762 4442 969 4499 vidisse
999 4443 1184 4498 dixit?
1218 4441 1317 4500 Vel
1366 4447 1420 4499 in
1471 4443 1651 4515 legato
1690 4445 1986 4517 legentem,
2041 4445 2124 4502 vel

2235 3287 2316 3324 τω
2361 3269 2472 3341 γὰρ
2518 3271 2640 3324 οὐδὲ
2693 3271 3014 3342 ἐπιτίμησιν
3067 3271 3195 3342 ἔσχε
3241 3270 3304 3323 τὸ
3365 3268 3800 3340 πραχθὲνοπλὴν

2238 3363 2388 3429 ἅπαξ
2445 3362 2720 3435 ἐπράχθη,
2753 3364 2818 3416 ὲκ
2850 3364 3109 3434 δευτέρου
3159 3363 3216 3416 δὲ
3256 3363 3538 3433 οὐδαμως.
3591 3363 3661 3415 Οὐ
3713 3360 3802 3428 γὰρ

2235 3454 2360 3508 καθ’
2384 3455 2510 3509 ὅλου
2555 3456 2648 3509 τοῦ
2689 3456 2884 3527 χρόνου
2937 3456 3103 3526 νόμος
3148 3457 3209 3510 τὸ
3239 3456 3376 3528 πρὸς
3405 3458 3638 3529 σημεῖον
3664 3469 3802 3524 γεγο-

2235 3546 2344 3613 νὸς,
2379 3549 2472 3600 καὶ
2501 3547 2743 3618 μάλιστα
2773 3547 2909 3600 Θεοῦ
2945 3547 3313 3619 δεδηλωκότος
3337 3547 3610 3620 μηδαμῶς
3634 3546 3802 3619 βεδου-

2234 3637 2436 3710 λῆσθαι
2463 3639 2656 3704 θυσίας
2682 3639 3011 3712 ἀνθρώπων.

2316 3823 2381 3877 '0
2407 3825 2856 3893 Φαραθωνίτηςο
2893 3824 3049 3890 πόλις
3081 3825 3142 3879 ἐν
3186 3825 3360 3897 ὁρίοις
3405 3825 3681 3898 Ἀμαλήκ.

2308 3997 2553 4064 Θανάτῳ
2576 3998 3065 4070 ἀποθανούμεθα,
3093 4000 3183 4055 ὅτι
3208 4002 3359 4057 Θεὸν
3388 4002 3658 4074 εἴδομεν.
3691 4002 3802 4057 ’Υπ-

2235 4090 2505 4155 ετόπαζεν
2543 4093 2571 4145 6
2615 4093 2816 4146 Μανωὲ
2869 4092 2944 4164 μὴ
2974 4092 3227 4163 ἄγγελον,
3248 4094 3383 4148 ἀλλὰ
3420 4096 3560 4149 Θεὸν
3590 4094 3800 4167 ἑωρακέ·

2234 4201 2345 4240 ναι.
2378 4183 2470 4236 Διὸ
2496 4183 2590 4238 καὶ
2609 4184 2710 4256 τὴν
2733 4183 2924 4240 θυσίαν
2951 4189 3328 4258 προσήνεγκεν
3347 4188 3448 4241 οὑκ
3491 4187 3655 4242 αὐτοῦ
3684 4186 3800 4257 (66).

2235 4273 2373 4345 πρὸς
2406 4275 2463 4328 δὲ
2498 4275 2706 4348 πέτραν
2734 4277 2834 4350 τὴν
2881 4280 3258 4350 σημαίνουσαν
3283 4280 3374 4334 τὸν
3412 4282 3671 4354 Χριστόν.
3699 4280 3801 4341 Πῶς

2232 4365 2288 4418 δὲ
2312 4367 2494 4436 γνοὺς,
2551 4367 2632 4422 ὅτι
2690 4368 2922 4439 ἄγγελός
2957 4372 3107 4437 ἐστι,
3137 4372 3300 4427 πάλιν
3349 4373 3484 4427 Θεὸν
3523 4372 3801 4445 ἑωρακέναι

2233 4459 2440 4531 φησίν;
2474 4461 2545 4514 Ἢ
2588 4462 2648 4515 ὲν
2698 4461 2777 4530 τῷ
2832 4465 3140 4536 πεμφθέντι
3181 4466 3273 4518 τὸν
3309 4466 3688 4537 πέμψαντα,ἧ
3724 4463 3800 4516 τὸν
3851 4504 3855 4510 .

545 4536 729 4608 magni
771 4534 995 4592 consilii
1028 4535 1286 4606 angelum
1310 4535 1359 4569 ”
1400 4537 1602 4592 innuit.
1646 4536 1742 4592 Dei
1771 4552 1901 4594 vero
1933 4553 2123 4596 vocem

2232 4552 2330 4622 τῆς
2362 4553 2607 4625 μεγάλης
2647 4553 2844 4626 βουλῆς
2888 4534 3141 4626 ἄγγελον.
3165 4557 3275 4611 Καὶ
3303 4559 3337 4628 ἡ
3362 4534 3516 4628 (ρωνὴ
3537 4559 3644 4627 γὰρ
3663 4534 3797 4614 Θεοῦ.

543 4643 688 4693 esse,
734 4627 873 4683 illud
909 4625 1058 4698 quod
1105 4642 1307 4684 nomen
1340 4628 1595 4686 indicare
1630 4639 1877 4696 I‘CCUSat,
1917 4634 2121 4704 arguit.

547 4717 682 4773 Item
711 4715 862 4787 quod
890 4716 1230 4771 miraculum
1271 4716 1416 4773 idem
1444 4719 1597 4789 quod
1632 4729 1761 4776 ante
1794 4719 2004 4777 Jacobo
2051 4724 2130 4779 di-

544 4825 694 4863 c.um
738 4815 849 4873 est,
885 4806 1120 4863 indicat.
1161 4806 1514 4880 Quapropter
1530 4811 1581 4865 ei
1612 4816 1884 4882 tanquam
1913 4809 2025 4868 Deo
2045 4814 2131 4868 vi-

541 4903 766 4956 ctimam
797 4901 957 4956 litare
995 4908 1082 4956 est
1107 4901 1384 4973 dignatus.

610 4988 884 5043 Caeterum
935 4990 1135 5044 mulier
1183 4991 1307 5046 viro
1360 4993 1584 5048 videtur
1633 4995 2015 5064 prastantior,
2064 5013 2129 5053 ac

544 5077 670 5133 ideo
693 5078 874 5148 primo
911 5078 960 5133 ei
994 5078 1137 5134 visio
1175 5080 1437 5152 obtingit,
1472 5097 1537 5137 ac
1584 5098 1683 5154 per
1726 5099 1848 5140 eam
1894 5088 2127 5144 maritus

542 5170 789 5235 demum,
811 5185 976 5241 quem
1015 5171 1164 5226 bono
1188 5171 1378 5227 animo
1405 5187 1528 5231 esse
1566 5174 1742 5243 jubet.

614 5257 793 5314 Porro
816 5261 1079 5316 Samsoni
1115 5260 1304 5330 capilli
1345 5275 1538 5319 onmes
1555 5264 1703 5321 vires
1730 5267 2121 5334 conciliarunt,

543 5366 639 5422 per
667 5367 813 5423 quos
837 5360 892 5406 et
923 5353 1158 5423 spiritus
1181 5368 1303 5408 sese
1335 5355 1575 5411 vibravit
1603 5373 1772 5429 super
1791 5359 1996 5431 ipsum.
2028 5361 2122 5418 Sic

537 5446 705 5500 etiam
747 5460 876 5501 cum
923 5446 1086 5502 Anna
1117 5457 1302 5502 votum
1344 5460 1749 5521 nuncupasset,
1793 5454 1840 5508 si
1876 5464 2116 5524 pareret,

597 5601 644 5632 "
672 5598 854 5658 Judic.
896 5615 957 5667 ιι,
981 5600 1073 5657 29.
1149 5602 1196 5635 ⁸³
1224 5602 1329 5659 lsa.
1360 5619 1533 5674 xxxii,
1563 5606 1656 5663 29.

2234 4641 2312 4713 μὴ
2338 4642 2620 4708 ἀξιοῦντος
2673 4646 2849 4700 εἰπεῖν
2898 4646 3158 4720 τοῠνομα.
3209 4649 3321 4704 Καὶ
3376 4650 3510 4704 αὐτὸ
3554 4650 3660 4719 γάρ
3685 4663 3797 4716 φησι

2229 4733 2564 4805 θαυμαστὸν,
2589 4738 2724 4809 ὅπερ
2771 4739 2972 4813 ἐρρέθη
3029 4742 3295 4814 πρότερον
3342 4741 3560 4797 Ἰακώϐ.
3595 4741 3798 4806 Ἦξίωσε

2233 4828 2290 4881 δὲ
2317 4828 2394 4900 τῷ
2428 4829 2551 4900 Θεῷ
2589 4830 2964 4901 προσάγεσθαι
2990 4834 3089 4906 τὴν
3123 4835 3338 4891 θυσίαν.

2319 5003 2381 5057 ’11
2416 5008 2553 5078 γυνὴ
2579 5007 2888 5081 τελειοτὲρα
2922 5012 3173 5081 φαίνεται
3199 5013 3297 5067 τοῦ
3343 5013 3556 5086 ἀνδρός.
3590 5011 3680 5067 Διὸ
3720 5012 3797 5063 καὶ

2236 5093 2429 5166 πρώτη
2462 5097 2558 5167 τῆς
2594 5098 2863 5164 ὀπτασίας
2897 5104 3178 5173 τυγχάνει,
3199 5104 3295 5156 καὶ
3319 5103 3387 5157 δι’
3412 5105 3583 5175 αὐτῆς
3605 5106 3632 5157 6
3654 5101 3794 5173 ἀνὴρ,

2235 5187 2330 5238 καὶ
2367 5187 2613 5243 διδάσκει
2645 5191 2738 5244 τὸν
2774 5192 2947 5263 ἄνδρα
2979 5193 3231 5267 θαρρεῖν.

2304 5280 2395 5351 Τῷ
2426 5283 2669 5354 Σαμψὼν
2697 5286 2755 5339 αί
2786 5286 2974 5358 τρίχες
3003 5290 3104 5359 τὴν
3126 5291 3309 5345 πᾶσαν
3335 5290 3612 5344 ἐνεποίουν
3636 5289 3790 5358 ίσχὺνο

2230 5371 2302 5424 δι’
2339 5366 2415 5426 ὦν
2441 5377 2535 5428 καὶ
2569 5376 2629 5430 τὸ
2659 5377 2882 5449 πνεῦμα
2925 5379 3268 5451 κατηύθυνεν
3314 5381 3404 5436 ἐπ’
3433 5381 3615 5435 αὐτόν.
3650 5375 3790 5433 Ἀλλὰ

2227 5464 2446 5538 καὶτῆς
2481 5469 2685 5542 Ἀννης
2719 5472 3047 5548 εὐξαμένης,
3080 5475 3128 5528 εί
3148 5475 3322 5544 τέκοι,
3355 5475 3576 5550 σίδηρον
3602 5471 3790 5543 ἑπὶτὴν

2027 5702 2239 5764 ΝΟΤᾹΞ
2252 5751 2267 5766 .

605 5789 723 5875 (68)
751 5804 914 5878 Αὐτῷ
937 5807 1156 5875 πάντως
1178 5810 1485 5881 ἀναγνωστ.
1513 5813 1593 5886 τῷ
1646 5813 1890 5887 ’Δγγέλῳ
1933 5816 2115 5889 δῆθεν.
