4058 6512
218 382 227 385 ’
309 390 451 459 1οἸ3

1422 398 1963 461 COMMENTARII
1996 398 2079 461 IN
2109 401 2443 462 JUDICES.
3323 388 3326 391 ’
3428 398 3566 463 1074

306 504 552 574 κεφαλὴν
585 503 684 557 οὐκ
710 502 1084 573 ἀναϐήσεσθαι
1112 502 1206 557 τοῦ
1230 503 1451 569 παιδὸς,
1481 507 1738 572 γεννᾶται
1777 507 1885 559 Σα-
1913 555 1921 570 Α

2023 523 2191 563 :rrum
2211 525 2318 562 non
2349 522 2714 564 ascensurum
2741 522 2909 579 super
2934 514 3103 577 caput
3127 506 3305 577 pueri,
3328 508 3564 566 Samue-

311 597 488 666 μουὴλ
523 598 552 650 6
578 596 657 665 τῷ
699 595 921 665 μεγάλῳ
964 595 1442 667 παραϐαλλόμενος
1478 598 1706 652 Μωῦσεῖ
1735 599 1887 669 παρά

2023 613 2095 651 3m
2121 598 2318 669 gignit,
2351 599 2446 669 qui
2478 597 2614 654 Mosi
2650 613 2850 669 magno
2880 614 2911 652 a
2944 598 3147 654 Davide
3180 611 3564 671 comparatur,

306 694 389 761 τῷ
420 694 551 762 θείῳ
571 692 754 745 Δαϐίδ.
796 692 934 762 Φησὶ
958 692 1087 762 γὰρ,
1126 712 1145 745 ι
1180 693 1421 761 Μωῦσῆς
1448 694 1544 747 καὶ
1589 694 1799 765 Ἀαρὼν
1831 696 1891 749 έν

2023 692 2172 759 nquit
2213 691 2365 745 etaim
2401 709 2416 746 :
2451 710 2470 744 ι
2505 689 2687 746 Moses
2719 698 2775 745 et
2822 692 3006 744 Aaron
3061 690 3205 746 inter
3252 692 3567 750 sacerdotes

307 790 424 848 τοῖς
443 785 681 853 ἱερεῦσιν
706 784 895 847 αὑτοῦ,
924 786 1020 837 καὶ
1045 783 1299 855 Σαμουὴλ
1334 786 1395 837 ὲν
1439 788 1553 849 τοῖς
1593 787 1890 840 ἐπικαλου-

2023 781 2135 849 ius,
2166 780 2391 839 Samuel
2418 784 2561 838 inter
2578 798 2674 839 eos
2699 784 2791 853 qui
2823 784 3297 840 invocantnomen
3321 786 3441 855 ejus
3465 786 3563 840 ³⁸.»

314 880 500 947 μένοις
523 877 584 930 τὸ
610 878 782 947 ὄνομα
803 875 991 930 αὐτοῦ.
1029 894 1047 927 ι
1080 876 1170 928 Ἐν
1199 875 1255 929 δὲ
1286 876 1363 946 τῷ
1393 877 1660 950 Ἱερεμίᾳ,
1696 895 1715 929 ι
1764 878 1891 931 Ἐἀν

2023 880 2166 929 ’01⁸1⁵0
2202 874 2258 930 in
2285 873 2521 931 Ieremia
2558 891 2573 927 :
2603 892 2623 927 ο
2663 874 2819 939 Quod
2844 875 2892 931 si
2925 873 3125 938 Moses,
3159 875 3365 946 inquit,
3398 887 3567 931 stete-

312 971 441 1039 στῇ,
494 967 648 1035 φησὶ,
695 966 938 1033 Μωῦσῆς
979 965 1074 1019 καὶ
1126 964 1381 1035 Σαμουὴλ
1433 965 1540 1036 πρὸ
1594 964 1889 1036 προσώπου

2026 965 2071 1018 it
2096 979 2221 1018 cum
2256 963 2512 1021 Samuele
2539 978 2728 1019 coram
2766 980 2853 1021 me
2886 965 2957 1017 ".
2991 982 3011 1016 ι
3058 966 3173 1019 lmo
3206 967 3371 1021 etiam
3398 967 3571 1023 disci-

315 1075 444 1126 μου.
475 1077 494 1109 ι
548 1056 712 1109 Ἀλλά
758 1056 855 1108 καὶ
907 1055 1016 1109 τῶν
1056 1053 1233 1125 Ἰησοῦ
1285 1055 1546 1126 μαθητῶν
1595 1057 1653 1110 αί
1703 1057 1893 1128 τρίχες

2023 1055 2250 1110 »υΙοι-υιιι
2280 1053 2413 1110 Jesu
2440 1054 2627 1126 capilli
2659 1055 2714 1110 in
2748 1065 3040 1111 numerato
3071 1066 3204 1111 sunt
3231 1058 3296 1110 ".
3320 1057 3393 1113 De
3413 1072 3569 1113 Cullla

312 1148 645 1218 ἠρίθμηντο.
698 1148 812 1201 Καὶ
853 1149 982 1217 περὶ
1010 1145 1106 1200 τοῦ
1141 1146 1197 1200 δὲ
1246 1146 1592 1217 τριχώματος
1627 1147 1728 1217 τῆς
1754 1148 1893 1218 νύμο

2023 1156 2125 1203 tem
2182 1162 2402 1218 sponsa:
2457 1148 2515 1202 in
2556 1148 2791 1203 Cantico
2840 1163 3029 1203 sermo
3067 1156 3157 1204 est
3180 1150 3250 1203 ⁸⁷.
3306 1148 3570 1219 Quisquis

316 1259 429 1310 φης
455 1243 512 1294 ὲν
529 1242 769 1312 ’ᾼσματι
800 1238 977 1308 λόγος.
998 1239 1184 1291 Ἔοικε
1201 1238 1380 1293 τοίνυν
1400 1240 1427 1292 6
1450 1239 1597 1309 βιοὺς
1626 1239 1891 1309 ἀκριὸὦς,

2023 1240 2141 1294 :nim
2178 1239 2351 1293 vitam
2396 1246 2662 1297 accurate
2695 1240 2965 1305 instituit,
3014 1251 3067 1295 et
3095 1242 3276 1310 quoad
3319 1241 3435 1296 ﬁeri
3471 1256 3569 1311 pe-

316 1331 417 1385 καὶ
458 1330 618 1400 μέχρι
650 1328 745 1382 τοῦ
776 1327 1035 1398 τυχόντος
1061 1325 1205 1380 κατὰ
1228 1326 1321 1380 τὸν
1339 1327 1479 1380 θεῖον
1501 1326 1658 1396 λόγον
1680 1326 1895 1380 ἅπαντα

2023 1338 2105 1386 est
2130 1330 2317 1386 omnia
2356 1330 2515 1401 juxta
2546 1331 2793 1387 divinam
2838 1331 3111 1385 rationem
3147 1346 3313 1401 agere
3342 1331 3569 1401 expetit,

317 1421 583 1489 πράττειν
621 1418 945 1489 βουλόμενος
966 1458 983 1482 ,
1017 1417 1093 1481 ὡς
1127 1417 1282 1486 ἆγιος
1324 1417 1420 1471 καὶ
1464 1417 1584 1488 Θεῷ
1612 1418 1899 1489 ἀνακείμε-

2023 1437 2060 1477 :a
2087 1422 2255 1479 etiam
2304 1439 2429 1492 qua:
2490 1425 2677 1478 minus
2734 1423 3025 1478 divinitate
3075 1424 3409 1492 participant
3452 1432 3573 1477 tan-

317 1528 413 1574 νος
441 1509 702 1564 ἑπαινετά
723 1510 819 1562 καὶ
852 1510 1050 1580 ισχυρά
1075 1509 1219 1579 ἔχειν
1246 1510 1340 1562 καὶ
1361 1508 1430 1562 τά
1452 1502 1568 1563 οἷον
1588 1509 1897 1580 αἰσθήσεως

2023 1531 2163 1584 [nam
2195 1516 2280 1569 vir
2313 1525 2542 1571 sanctus
2573 1523 2626 1570 et
2657 1512 2767 1570 Deo
2794 1521 2943 1570 totus
2966 1514 3212 1579 deditus,
3237 1514 3469 1569 meliora
3502 1515 3578 1568 ef-

318 1601 658 1673 ἀμοιροῦντα
699 1601 1012 1669 θειοτέρας.
1054 1600 1201 1669 ἅπερ
1253 1601 1369 1654 ἐστὶ
1404 1601 1474 1655 τὰ
1517 1600 1895 1673 βιοτικώτερα,

2023 1606 2369 1677 icaciuraque
2413 1606 2470 1661 in
2523 1619 2647 1661 sese
2679 1605 2922 1675 experiri
2960 1606 3205 1661 videt-ur.
3248 1605 3578 1675 Cuiusmodi

320 1695 421 1748 καὶ
448 1697 513 1764 τῇ
538 1694 859 1764 ἀνθρωπίνῃ
898 1692 1060 1761 φύσει
1088 1693 1179 1746 διὰ
1205 1694 1303 1762 τὴν
1326 1693 1423 1746 τοῦ
1449 1693 1700 1764 σώματος
1729 1696 1898 1763 ἀνάγ-

2023 1712 2062 1749 ea
2095 1705 2226 1752 sunt
2249 1711 2372 1767 quae
2393 1697 2460 1752 ad
2491 1697 2701 1752 victum
2736 1696 3035 1766 pertinent,
3077 1707 3131 1753 et
3165 1698 3415 1768 corporis
3451 1712 3580 1753 sus-
3640 1760 3641 1763 η

322 1804 433 1855 κην
460 1784 1015 1855 παραλαμϐανόμενα.
1041 1780 1143 1837 Ὧν
1171 1785 1199 1836 6
1233 1784 1387 1852 ἀγιος
1424 1784 1485 1838 οὐ
1540 1788 1896 1856 καταφρονεῖ,

2024 1786 2244 1840 entandi
2279 1801 2443 1841 causa
2484 1786 2806 1842 necessario
2830 1787 2898 1841 ab
2931 1786 3252 1842 hominibus
3283 1800 3583 1841 assunnm-

321 1846 402 1939 ὡς
469 1846 555 1947 μὴ.
601 1846 796 1944 ἁγίων.
829 1846 991 1941 ’λεια
1040 1878 1151 1948 γὰρ
1202 1846 1296 1931 τού
1345 1846 1530 1948 μέλειν
1568 1846 1774 1949 θεῷ-τε
1804 1846 1900 1932 καλ.

2028 1894 2112 1941 ur,
2159 1877 2319 1949 507
2360 1893 2484 1949 quae
2512 1893 2581 1933 ne
2619 1886 2849 1935 sanctus
2891 1878 3118 1948 quidem
3162 1886 3429 1948 tanquam
3468 1892 3581 1932 non

319 1968 484 2038 λόγῳ.
519 1969 611 2031 Είς
648 1968 807 2032 δόξαν
830 1970 939 2038 γάρ
964 1968 1098 2023 Θεοῦ
1127 1971 1237 2029 τοῖς
1265 1968 1443 2036 ἀγίοις
1480 1970 1574 2022 καὶ
1606 1969 1665 2022 τὸ
1700 1969 1902 2023 ἐσθίειν

2023 1981 2192 2024 ιιιηοιο
2221 1970 2639 2039 contempserit.
2672 1967 2865 2040 Neque
2888 1969 3036 2024 enim
3068 1968 3290 2039 indigna
3313 1976 3443 2022 sunt
3461 1982 3583 2037 qua:

323 2065 422 2117 καὶ
451 2066 511 2116 τὸ
535 2064 711 2117 πίνειν
738 2064 831 2118 καὶ
874 2066 981 2118 πᾶν
1007 2065 1035 2117 ὅ
1068 2081 1122 2117 τι
1148 2062 1409 2117 τοιοῦτον.
1452 2065 1560 2117 Καὶ
1587 2063 1901 2135 ἀριθμεῖται

2023 2075 2031 2110 ι
2065 2055 2175 2112 Deo
2210 2065 2266 2111 et
2300 2056 2469 2116 verbo
2498 2063 2783 2111 curentur.
2828 2054 2885 2110 In
2912 2055 3146 2126 gloriam
3179 2056 3326 2111 enim
3358 2054 3456 2109 Dei
3495 2070 3583 2109 ce-

319 2156 500 2210 ταῦτα
534 2155 687 2225 παρά
715 2155 854 2227 Θεῷ,
881 2156 956 2220 ὡς
984 2158 1043 2208 ὲν
1073 2158 1187 2219 τοῖς
1231 2155 1513 2227 Ἀριθμοῖς
1542 2156 1613 2209 τὰ
1648 2156 1756 2210 ἀπὸ
1800 2173 1902 2226 μη-

2023 2148 2085 2202 lit
2129 2156 2185 2203 et
2221 2156 2546 2204 sanctorum
2592 2162 2722 2203 esus
2763 2156 2816 2203 et
2853 2155 3040 2217 potus,
3084 2155 3141 2201 et
3182 2146 3454 2217 quidquid
3497 2154 3585 2201 est

321 2248 501 2301 νιαίου
558 2248 652 2300 καὶ
688 2248 875 2301 ἐπάνω
908 2246 1118 2311 παιδία,
1162 2248 1221 2300 οὐ
1272 2247 1490 2305 πάντων
1528 2248 1899 2317 Ἰσραηλιτῶν,

2023 2240 2345 2310 mjusmodi.
2378 2239 2514 2295 Nam
2549 2256 2615 2296 ea
2652 2255 2874 2311 quoque
2908 2239 3051 2311 apud
3095 2238 3265 2294 Deum
3304 2238 3360 2293 in
3392 2253 3586 2293 nume-

322 2338 444 2393 ἀλλ’
469 2340 587 2409 ἦτοι
634 2339 902 2401 Δευῖτῶν,
934 2338 967 2409 ἢ
1011 2338 1149 2408 μόνα
1190 2340 1258 2392 τά
1304 2338 1625 2411 πρωτότοκα
1649 2355 1663 2368 ·
1695 2336 1817 2390 οὔτε
1846 2337 1903 2390 δὲ

2023 2338 2129 2386 'ato
2170 2341 2321 2397 sunt,
2362 2346 2471 2386 non
2511 2332 2696 2387 minus
2726 2345 2891 2401 quam
2936 2332 2991 2385 in
3048 2329 3305 2385 Numeris
3335 2329 3382 2361 ”
3427 2331 3581 2397 pueri

320 2431 558 2493 οἰκέται,
598 2429 727 2484 οὔτε
762 2433 791 2484 6
837 2431 1161 2500 ὲπίμικτος,
1204 2428 1331 2483 οὔτε
1368 2431 1649 2497 γυναῖκες,
1698 2427 1820 2482 οὔτε
1853 2428 1903 2481 οί

2023 2435 2250 2476 nensem
2282 2429 2375 2475 aut
2396 2436 2562 2491 supra
2594 2422 2740 2476 natis
2772 2435 2880 2475 non
2906 2419 3276 2475 Israelitarum
3306 2421 3581 2481 omnium,

327 2523 409 2594 μὴ
436 2523 728 2591 δυνάμενοι
754 2522 844 2576 διὰ
893 2523 1020 2576 νέαν
1061 2520 1281 2591 ἡλικίαν
1332 2518 1533 2586 ἐξιέναι
1580 2519 1717 2591 πρὸς
1749 2518 1905 2573 πόλε-

2023 2523 2193 2563 rerum
2225 2520 2319 2564 aut
2358 2508 2698 2575 Levitarum,
2753 2518 2851 2565 aut
2873 2510 3250 2581 primogeniti.
3284 2509 3462 2565 Porro
3484 2526 3588 2583 nec

327 2630 454 2685 μον.
491 2613 748 2678 Τοιοῦτος
783 2614 1012 2677 είκότως
1042 2614 1071 2667 6
1103 2612 1378 2683 Σαμουήλ.

2023 2597 2197 2654 ’amuli
2226 2615 2328 2656 nec
2366 2599 2646 2673 indigena,
2679 2616 2781 2657 nec
2810 2600 3093 2664 mulieres,
3136 2617 3317 2673 neque
3355 2602 3427 2657 ob
3452 2610 3587 2656 mta-

2006 2691 2079 2746 tis
2110 2692 2463 2748 teneritatem
2494 2693 2749 2747 militiam
2782 2693 3025 2749 obeundi
3058 2694 3251 2765 inepti.
3284 2693 3439 2751 Talis
3475 2707 3585 2748 non

2009 2785 2288 2847 immerito
2307 2783 2532 2842 Samuel
2566 2786 2743 2841 videri
2767 2787 2952 2843 debet.

402 2874 530 2938 Πῶς
574 2874 670 2928 ἐπὶ
721 2876 845 2939 ταῖς
886 2873 1136 2942 γυναιξὶν
1170 2873 1271 2927 οὐκ
1296 2871 1566 2940 ἀφίστατο
1596 2870 1659 2925 τδ
1690 2870 1908 2943 πνεῦμα

2077 2875 2190 2931 Cur
2211 2891 2343 2930 vero
2378 2892 2487 2931 non
2533 2892 2703 2946 super
2737 2877 2997 2932 mulieres
3030 2876 3261 2946 spiritus
3300 2876 3589 2934 Samsonis

328 2963 431 3020 τοῦ
466 2964 747 3036 Σαμψώνς
782 2965 853 3017 Ἢ
889 2964 1163 3033 θειότερόν
1209 2980 1260 3015 τι
1298 2965 1366 3015 τὰ
1412 2960 1555 3017 κατὰ
1596 2962 1784 3016 τοῦτον
1810 2962 1907 3033 δη-

2023 2964 2268 3029 recessit,
2305 2965 2435 3031 quia
2466 2965 2760 3021 sublimius
2789 2964 3053 3035 quiddam
3094 2981 3186 3021 res
3216 2966 3394 3036 ipsius
3419 2968 3589 3036 signi-

327 3059 438 3113 λοῖ.
468 3058 543 3111 Τὸ
571 3056 669 3127 μὲν
698 3056 809 3127 γάρ
844 3055 965 3109 ὅλον
996 3054 1157 3124 σῶμα
1185 3053 1281 3107 τοῦ
1316 3052 1575 3123 Σαμψὼν,
1608 3053 1770 3123 σῶμά
1792 3054 1905 3126 (67)

2023 3056 2268 3113 licabant.
2307 3054 2508 3112 Totum
2548 3058 2752 3113 etenim
2801 3055 3089 3113 Samsonis
3134 3072 3336 3127 corpus
3384 3058 3589 3115 Christi

330 3154 454 3205 ἐστι
476 3151 569 3204 τοῦ
594 3148 831 3221 Χριστοῦ
848 3150 882 3220 ἡ
920 3147 1217 3219 Ἐκκλησία
1253 3146 1339 3199 διὰ
1364 3147 1444 3211 τὸ,
1472 3167 1489 3198 ι
1511 3147 1770 3218 ’Υμεῖςδέ
1789 3149 1910 3201 ὲστε

2023 3161 2216 3216 corpus
2246 3146 2492 3200 Ecclesia
2538 3155 2644 3212 est,
2679 3145 2837 3216 juxta
2866 3146 3002 3199 illud
3051 3164 3065 3199 :
3100 3164 3118 3196 ι
3157 3146 3272 3201 Vos
3299 3162 3431 3200 vero
3461 3162 3589 3202 cor-

335 3243 499 3314 σῶμα
524 3241 761 3313 Χριστοῦ
793 3241 887 3294 καὶ
912 3240 1049 3311 μέλη
1078 3242 1142 3293 ὲκ
1169 3242 1367 3309 μέρους
1391 3256 1404 3269 ·
1420 3258 1437 3290 ι
1465 3239 1651 3311 τρίχες
1673 3239 1729 3293 δὲ
1745 3256 1916 3309 κεφα-

2023 3254 2123 3309 pus
2153 3239 2291 3294 estis
2315 3238 2546 3302 Christi,
2583 3248 2637 3295 et
2683 3240 2932 3294 membra
2959 3254 3027 3294 ex
3058 3249 3211 3310 parte
3232 3242 3300 3296 ".
3337 3261 3356 3294 ι
3392 3239 3594 3311 Hujus-

337 3335 438 3403 λῆς
494 3335 544 3386 οί
588 3333 782 3386 τοιοίδε
848 3332 1027 3399 ἅγιοι,
1069 3332 1161 3386 καλ⁸
1204 3331 1431 3401 δύναμιν
1484 3332 1811 3401 παρέχοντες
1835 3331 1917 3385 δι-

2023 3331 2167 3385 modi
2198 3346 2329 3386 vero
2368 3330 2549 3401 capilli
2585 3331 2768 3387 sancti
2809 3339 2963 3397 sunt,
3004 3346 3070 3386 ac
3097 3346 3293 3387 omnes
3324 3340 3595 3402 quotquot

334 3425 637 3489 δασκαλίας
667 3425 762 3479 καὶ
792 3425 888 3494 τῆς
910 3424 1079 3493 ἄλλης
1115 3423 1387 3486 πολιτείας
1438 3421 1516 3493 τῷ
1544 3423 1649 3492 ὅλῳ
1679 3420 1915 3493 σώματι.

338 3518 608 3588 Ζητοῦσιν
634 3514 727 3571 οὖν
759 3520 807 3570 οἱ
831 3515 1120 3584 ἀλλόφυλοι
1162 3514 1264 3568 ποῦ
1292 3516 1391 3584 τῆς
1420 3514 1548 3583 ὅλης
1590 3514 1919 3583 Ἐκκλησίας

339 3612 379 3679 ἡ
413 3609 664 3677 δύναμις,
701 3608 896 3677 μέχρις
943 3606 1009 3659 ἂν
1041 3603 1273 3674 εὕρωσιν
1307 3606 1363 3658 ὲν
1393 3603 1535 3657 τίσιν
1569 3604 1737 3659 ἐστίν.
1776 3604 1918 3658 Ἀλλ’

339 3698 467 3750 ὅσον
500 3696 599 3767 μὲν
631 3688 777 3749 οὗτοι
807 3697 873 3764 τῇ
914 3692 1210 3763 Ἐκκλησία
1234 3694 1508 3763 πάρεισιν.
1531 3693 1676 3747 ἔστιν
1712 3694 1918 3764 ἀήττηο

341 3788 581 3849 τος-,κάν
619 3784 955 3856 δεσμεύηται
1008 3783 1113 3836 ὑπὸ
1163 3783 1271 3836 τῶν
1325 3782 1659 3851 ἀλλοφύλων,
1692 3784 1918 3857 διαρρη-

342 3876 599 3946 γνύουσιν
648 3876 725 3938 ὡς
763 3872 1191 3936 ἀσθενεστάτους
1251 3872 1375 3937 τοὺς
1421 3873 1512 3925 ὑπ’
1559 3873 1785 3927 ἐκείνων
1832 3873 1919 3927 δε-

345 3968 541 4037 σμούς.
586 3965 751 4020 Ἐπάν
784 3966 839 4019 δὲ
862 3963 1031 4029 ὕπνος
1069 3963 1355 4037 καταλάὄῃ
1387 3963 1448 4017 τὸ
1500 3963 1678 4033 σῶμα,
1716 3966 1810 4018 καὶ
1837 3959 1920 4029 οἷς

341 4063 406 4116 οὐ
439 4062 544 4131 χρὴ
578 4058 805 4129 ὲκθῆται
838 4056 907 4111 τά
938 4056 1040 4127 τῆς
1068 4056 1371 4125 δυνάμεως,
1406 4056 1527 4108 τότε
1561 4055 1918 4125 ξυρεῖταικαὶ

342 4156 447 4225 τὴν
492 4152 722 4223 δύναμιν
765 4150 1107 4205 ἀποτίθεται.
1155 4147 1533 4211 Ἀσθενοῦντος
1579 4148 1639 4202 δὲ
1678 4148 1773 4202 τοῦ
1810 4149 1918 4203 σώ-

351 4263 540 4317 ματος,
567 4247 615 4299 οί
641 4242 931 4312 ἀλλόφυλοι
957 4242 1018 4296 ού
1047 4241 1211 4312 μέχρι
1236 4238 1332 4293 τοῦ
1358 4239 1654 4309 ἀφελέσθαι
1672 4240 1797 4304 τοὺς
1817 4240 1917 4312 τὴν

346 4338 578 4407 δύναμιν
606 4334 787 4389 αὐτῶν
827 4332 1170 4405 παρέχοντας
1216 4330 1458 4383 ἵστανται
1484 4346 1497 4359 ο
1539 4329 1675 4384 ἀλλά
1722 4330 1833 4401 γάρ
1868 4331 1920 4384 ετ

346 4448 454 4484 που
479 4430 574 4482 καὶ
610 4427 918 4499 διορατικόν
944 4443 998 4479 τι
1021 4425 1109 4497 εἴη
1143 4426 1239 4478 καὶ
1271 4424 1364 4491 ὀξὺ
1412 4423 1627 4494 βλέπειν
1677 4424 1913 4495 δυνάμε-

2019 3425 2168 3481 vires
2194 3424 2506 3492 disciplinae
2538 3437 2603 3477 ac
2642 3422 2814 3477 totius
2844 3423 3267 3493 gubernationis
3328 3424 3427 3478 toti
3466 3438 3593 3479 cor-

2020 3515 2136 3585 pori
2181 3512 2551 3583 suppeditant.
2601 3512 2894 3581 lnquirunt
2957 3512 3130 3583 igitur
3181 3513 3455 3570 Palmstini
3531 3529 3597 3567 ne

2021 3605 2205 3659 hostes
2248 3603 2507 3658 Ecclesia:
2557 3603 2782 3657 ubinam
2813 3603 2982 3659 totius
3004 3602 3268 3659 Ecclesia:
3308 3605 3453 3660 vires
3484 3606 3597 3659 sint

2020 3697 2312 3760 abstrusae,
2341 3696 2517 3750 donec
2558 3710 2655 3749 eos
2688 3695 2745 3748 in
2780 3694 2987 3764 quibus
3035 3702 3188 3762 sunt,
3220 3696 3596 3766 deprehende-

2019 3786 2155 3841 rint.
2185 3785 2458 3840 Carterum
2480 3784 2723 3855 quandiu
2754 3784 2846 3839 isti
2878 3783 3138 3840 Ecclesia!
3166 3793 3295 3841 sunt
3319 3785 3594 3854 adjuncti,

2020 3878 2137 3949 ipsa
2161 3878 2378 3947 penitus
2409 3884 2494 3931 est
2517 3875 2741 3940 invicta,
2767 3876 2875 3931 etsi
2933 3877 3083 3930 enim
3107 3877 3160 3931 in
3190 3876 3412 3931 vincula
3441 3893 3469 3930 a
3496 3876 3598 3930 Pa-

2019 3968 2248 4023 laestinis
2274 3965 2625 4035 conjiciatur,
2662 3963 2730 4018 ab
2767 3965 2837 4020 iis
2865 3965 3088 4020 vincula
3126 3981 3229 4022 ceu
3272 3966 3596 4021 inﬁrmissi-

2017 4071 2107 4113 ma
2157 4065 2509 4127 rumpuntur.
2541 4053 2962 4125 Quamprimum
3018 4070 3149 4110 vero
3188 4072 3415 4112 somnus
3469 4058 3601 4110 illud

2017 4167 2220 4223 corpus
2245 4128 2475 4223 ceperit,
2512 4164 2578 4205 ac
2611 4149 2680 4205 iis
2708 4149 2914 4220 quibus
2962 4149 3186 4205 minime
3237 4152 3603 4219 conveniebat

2018 4246 2162 4301 vires
2197 4259 2326 4301 suas
2349 4242 2719 4314 prostituerit,
2750 4243 3012 4298 tondetur
3033 4257 3098 4298 ac
3122 4243 3232 4297 vim
3253 4257 3409 4298 suam
3439 4244 3601 4296 amit-

2016 4339 2103 4393 tit.
2124 4336 2260 4392 Cnm
2294 4351 2425 4390 vero
2452 4350 2657 4405 corpus
2690 4335 2917 4403 languet
2944 4333 3224 4389 Palaestini
3267 4348 3373 4387 non
3406 4342 3514 4387 tam
3540 4339 3599 4386 ut

2017 4428 2165 4481 vires
2193 4425 2243 4479 ei
2278 4424 2526 4477 adimant
2573 4422 2852 4488 laborant,
2884 4436 3048 4491 quam
3081 4429 3142 4474 ut
3204 4420 3257 4475 id
3290 4420 3435 4490 quod
3472 4436 3599 4490 per-
3662 4452 3671 4461 -

347 4538 439 4575 νον
483 4523 542 4575 ὲν
582 4520 690 4591 ὅλῳ
725 4518 804 4589 τῷ
856 4516 1071 4589 σώματι
1119 4517 1218 4587 τῆς
1255 4514 1606 4585 Ἐκκλησίας,
1645 4516 1803 4569 τοῦτο
1830 4515 1919 4581 ἐξ·

2023 4512 2181 4581 spicit
2206 4519 2261 4564 et
2314 4520 2537 4563 acutum
2581 4508 2762 4563 cernit
2811 4508 2865 4561 in
2923 4516 3038 4562 toto
3057 4521 3293 4576 corpore
3344 4505 3603 4560 Ecclesia:

346 4614 667 4686 ορύττουσιν
690 4629 706 4645 ’
748 4612 824 4675 ὡς
851 4611 919 4666 ἀν
956 4610 1019 4664 τὸ
1055 4608 1213 4679 σῶμα
1236 4608 1342 4661 ὑπὸ
1373 4609 1481 4660 τῶν
1520 4608 1795 4678 πολεμίων
1825 4611 1924 4679 ἐμ-

347 4705 637 4775 παίζηται,
672 4706 833 4775 μέχρι
865 4701 1043 4756 καινοί
1077 4717 1219 4764 τινες
1247 4699 1370 4753 ἀντὶ
1405 4698 1514 4753 τῶν
1547 4700 1921 4770 ἀφῃρημένων

350 4794 677 4849 ἀνατείλωσι
708 4794 808 4862 τῆς
845 4791 1193 4861 Ἐκκλησίας,
1236 4791 1295 4843 ὲν
1319 4784 1399 4854 οἷς
1432 4793 1465 4862 ἠ
1510 4790 1629 4843 θεία
1670 4789 1921 4860 δύναμις,

356 4887 641 4957 λεγόμενοι
687 4886 891 4955 τρίχες.
920 4880 1023 4939 Ὧν
1064 4882 1500 4947 ἀνατειλάντων,
1541 4884 1589 4935 οἱ
1630 4880 1923 4951 ἀλλόφυλοι

356 4978 735 5034 συντελοῦνται
762 4978 1150 5040 ὲπιπίπτοντες
1182 4976 1368 5038 αὐτοῖς
1417 4975 1553 5046 μετά
1585 4975 1695 5027 τῶν
1728 4974 1925 5027 κιόνων

354 5070 452 5124 τοῦ
497 5069 649 5124 οῐκου
703 5070 925 5133 παντός.
964 5069 1030 5123 Et
1062 5068 1120 5121 δὲ
1150 5067 1247 5121 καὶ
1276 5066 1439 5128 αὐτὸς
1471 5064 1919 5136 παραπολαύσειε

354 5165 425 5232 τῇ
454 5160 551 5214 τοῦ
590 5161 742 5215 οῐκου
779 5162 874 5213 καὶ
921 5162 985 5231 τῇ
1015 5158 1124 5212 τῶν
1158 5156 1475 5227 ἀλλοφύλων
1518 5154 1809 5228 συντελείᾳ
1829 5158 1931 5225 τῆς

360 5252 553 5306 ἑαυτοῦ
577 5251 909 5317 συντελείας,
935 5250 1240 5321 πνεύματος
1269 5246 1476 5318 Κυρίου
1501 5246 1823 5311 εὐθύναντος
1844 5245 1931 5300 ἐπ’

361 5344 550 5410 αὑτὸν,
590 5345 685 5398 καὶ
715 5342 887 5398 ταῦτα
926 5340 1330 5412 ὲργασαμένου,
1355 5337 1460 5410 χρὴ
1483 5338 1730 5404 σκοπεῖν,
1763 5337 1839 5401 ὡς
1869 5335 1933 5390 οὐ

2025 4610 2244 4666 eruant,
2277 4615 2341 4654 ac
2369 4614 2574 4669 corpus
2621 4598 2880 4653 hostibus
2920 4596 3264 4651 illudendum
3297 4596 3597 4665 praebeant,

2025 4693 2205 4749 donec
2245 4690 2369 4745 novi
2415 4689 2583 4759 aliqui
2613 4688 2801 4743 divina
2841 4687 3049 4742 virtute
3093 4686 3331 4757 praediti,
3377 4687 3471 4757 qui
3506 4701 3600 4741 ca-

2031 4783 2146 4855 pilli
2187 4758 2481 4845 vocantur,
2510 4758 2821 4834 fablatorum
2854 4777 2977 4832 loco
3017 4785 3395 4833 succrescant.
3444 4776 3604 4847 Quod

2032 4877 2079 4933 si
2110 4878 2192 4939 tit,
2223 4871 2499 4928 Palaestini
2558 4870 2954 4935 coniiciuntur,
2988 4876 3215 4939 totaque
3260 4869 3461 4925 domus
3494 4882 3604 4923 una

2033 4985 2157 5025 cum
2193 4964 2470 5021 columnis
2499 4964 2554 5018 in
2587 4972 2754 5032 caput
2785 4964 3037 5033 ipsorum
3069 4960 3255 5016 irruit.
3295 4960 3364 5016 Et
3398 4961 3447 5017 si
3475 4973 3607 5017 vero

2033 5061 2229 5115 domus
2249 5056 2489 5122 ruinam,
2526 5069 2590 5110 ac
2618 5052 3033 5110 Palaestinorum
3064 5053 3346 5109 interitum
3368 5066 3475 5107 una
3507 5052 3605 5106 de-

2034 5150 2296 5224 gustavit,
2320 5162 2449 5203 cum
2484 5146 2699 5202 Domini
2728 5145 2962 5217 spiritus
2993 5144 3049 5201 in
3078 5145 3261 5216 ipsum
3296 5144 3605 5209 incidisset,

2037 5256 2213 5313 eaque
2244 5238 2541 5304 ell‘ecisset,
2585 5236 3052 5294 considerandum
3085 5243 3273 5293 tamen
3311 5244 3416 5300 est,
3454 5232 3602 5306 quod

2038 5339 2162 5406 post
2193 5330 2475 5386 interitum
2498 5343 2609 5384 non
2631 5328 2820 5386 eadem
2852 5326 3175 5385 Palastinos
3198 5339 3265 5382 ac
3280 5322 3615 5381 Samsoneut

438 5523 487 5558 ”
525 5521 669 5579 Psal.
706 5537 889 5587 ςενιιι,
926 5519 980 5576 6.
1057 5522 1102 5554 ”
1139 5516 1344 5574 Jercm.
1381 5531 1467 5582 xv,
1499 5516 1549 5569 l.
1625 5515 1675 5548 “
1712 5512 1905 5569 Iatth.
1935 5528 1990 5577 κ,
2021 5512 2111 5567 '50.
2188 5510 2235 5543 "
2273 5508 2435 5564 Cant.
2470 5522 2543 5573 Iv,
2576 5506 2638 5573 l;
2676 5520 2747 5573 vt,
2774 5504 2828 5560 4.

1886 5668 2115 5725 NOTAE.

448 5797 559 5867 (67)
598 5797 701 5851 Τὸν
731 5794 859 5853 ἴδιον
895 5795 1165 5864 σύνευνον,
1196 5798 1253 5851 ὃν
1279 5794 1532 5858 ἔθαλπεν,
1567 5792 1625 5845 ὃν
1654 5789 1946 5852 ὲθὼπιυεν,
1983 5788 2041 5841 ὃν
2074 5785 2219 5841 έκολ.
2264 5788 2325 5840 ’0
2353 5784 2473 5839 αὐτ.
