4058 6510
568 385 704 449 1075

1883 372 2233 435 PROCOPII
2272 371 2519 432 GAZxEI

3666 368 3789 435 1076

560 503 903 560 manserunt,
936 494 1177 564 Spiritus
1196 492 1343 549 enim
1385 491 1597 545 Domini
1630 491 1725 561 qui
1755 504 1920 559 super
1942 489 2120 558 ipsum

2237 486 2306 537 τά
2344 484 2484 537 αὐτὰ
2516 482 2652 553 μετά
2692 482 2788 553 τὴν
2819 484 3129 537 συντέλειαν
3166 483 3451 536 ἀπόκειται
3492 478 3608 547 τοῖς
3648 483 3790 537 ἀλλο-

557 601 645 648 est
679 592 935 660 delapsus
973 602 1098 642 eum
1143 602 1251 640 non
1290 585 1556 641 deseruit.
1587 585 1721 649 Quae
1759 582 1945 637 omnia
1990 595 2123 635 sane

559 689 604 742 si
634 685 699 739 ad
732 684 1014 739 Christum
1043 680 1410 733 traducantur
1450 693 1559 731 non
1592 676 1730 729 male
1767 674 2122 737 convenient,

560 788 757 844 nempe
808 772 982 826 leonis
1016 768 1345 829 interfectio,
1379 765 1558 821 mellis
1609 764 1850 820 inventio
1918 764 1973 818 in
2033 778 2130 818 ore

558 865 735 936 ipsius
772 862 1075 918 cadaveris.
1103 859 1405 914 Palaestinae
1445 858 1632 911 uxoris
1670 872 1792 925 qua:
1829 854 2125 910 Ecclesiam

558 957 800 1028 gentium
838 955 1062 1009 denotat
1094 951 1321 1006 ambitio
1348 991 1363 1015 ,
1400 949 1627 1004 alterius
1671 947 1798 1001 item
1821 986 1835 1012 ,
1871 961 1993 1016 qua:
2027 945 2129 998 fuit

556 1050 611 1103 in
673 1047 809 1102 urbe
856 1054 1136 1115 portarum
1190 1051 1245 1097 et
1273 1043 1528 1096 vectium.
1575 1039 1816 1105 Quarum
1862 1036 2129 1107 posterior

554 1141 763 1195 indicat
792 1139 944 1209 quod
980 1137 1045 1191 ad
1074 1136 1302 1206 spiritus
1355 1135 1410 1188 in
1458 1132 1710 1188 custodia
1768 1130 2020 1185 detentos
2065 1144 2130 1183 eo

554 1230 701 1298 quod
730 1229 855 1283 olim
913 1241 1038 1281 cum
1089 1224 1300 1279 Domini
1347 1222 1732 1292 longanimitas
1792 1219 2129 1289 temporibus

555 1315 671 1371 Noe
693 1314 915 1385 quando
964 1328 1150 1369 arcam
1199 1312 1498 1365 fabricabat
1525 1311 1647 1365 illos
1678 1317 1975 1370 vocasset,
2028 1323 2128 1361 au-

553 1419 672 1458 rem
703 1417 809 1457 non
845 1402 1234 1472 praebuissent,
1270 1399 1552 1470 prolectus
1577 1399 1699 1453 laeta
1741 1398 2020 1452 nuntiavit
2054 1398 2070 1427 ¹
2111 1435 2130 1461 ,

554 1507 621 1545 ac
648 1507 742 1560 per
772 1490 895 1546 illas
925 1490 1137 1543 animas
1188 1502 1255 1543 eo
1304 1488 1405 1541 loci
1438 1486 1696 1555 delapsus
1729 1484 1901 1539 dixit:
1951 1503 1969 1536 ι
2007 1482 2126 1537 Non

555 1578 907 1646 tlerelinques
953 1576 1190 1629 animam
1228 1589 1403 1628 meam
1452 1574 1507 1626 in
1558 1572 1841 1628 inferno’.
1881 1590 1901 1622 ι
1956 1571 2128 1625 Porro

2236 574 2425 644 φύλοις
2458 574 2553 627 καλ⁸
2576 573 2654 643 τῷ
2687 574 2948 643 Σαμψών.
2979 574 3053 627 Τὸ
3084 573 3193 644 γάρ
3224 573 3554 628 κατευθύνον
3579 575 3665 628 ἐπ’
3698 577 3789 629 αύ-

2227 668 2320 721 τδν
2359 665 2578 736 πνεῦμα
2609 666 2819 735 Κυρίου
2864 667 2925 719 ού
2959 666 3280 720 καταλείπει
3320 667 3501 719 αὐτόν.
3548 667 3640 727 Εἰς
3670 668 3793 733 Χρι-

2231 758 2355 811 στὸν
2375 759 2433 811 δὲ
2465 756 2864 827 λαμϐανομένῳ
2901 758 3169 827 προσήκοι
3199 756 3266 811 ἂν
3308 757 3537 821 εἰκότως
3559 758 3595 828 ἦ
3629 773 3688 811 τι
3706 760 3791 811 rei

2230 848 2443 913 λέοντος
2486 849 2785 917 ἀναίρεσις,
2814 849 2909 902 καὶ
2934 850 2966 920 ἡ
2995 848 3092 901 τοῦ
3146 849 3359 919 μέλιτος
3393 849 3615 920 εὕρεσις
3639 850 3695 902 ἐν
3725 848 3794 919 τῷ

2229 938 2420 993 τούτου
2451 938 2681 1008 στόματι
2707 939 2960 1008 κειμένου
2990 938 3209 1009 νεκροῦ,
3240 937 3337 990 καὶ
3364 939 3399 1007 ή
3428 939 3532 1005 τῆς
3574 938 3797 1006 ἀλλοφύ-

2232 1032 2326 1085 λου
2391 1031 2675 1101 μνηστεία,
2706 1031 2806 1101 τήν
2849 1030 2956 1083 τῶν
3002 1030 3171 1083 ἐθνῶν
3225 1029 3554 1099 Ἐκκλησίαν
3612 1032 3798 1099 σημαί-

2232 1127 2419 1185 νουσα,
2449 1122 2545 1174 καὶ
2577 1122 2610 1193 ἡ
2635 1121 2734 1190 τῆς
2756 1121 3038 1193 δευτέρας,
3099 1116 3329 1193 ήτιςήν
3357 1122 3423 1175 ἐν
3442 1121 3600 1174 πόλει
3629 1120 3797 1174 πυλῶν

2233 1213 2330 1266 καὶ
2353 1211 2590 1282 μοχλῶν.
2629 1210 2791 1280 Δηλοῖ
2815 1210 2925 1282 γὰρ
2950 1211 3031 1263 ὅτι
3056 1213 3165 1273 τοῖς
3199 1212 3257 1264 ἐν
3288 1210 3507 1280 φυλακῇ
3532 1209 3797 1279 πνεύμασι

2234 1303 2523 1373 πορευθεὶς
2563 1302 2864 1373 ἐκήρυξεν,
2906 1302 3236 1369 ἀπειθήσασί
3297 1319 3451 1362 ποτε,
3493 1302 3585 1353 ὅτε
3648 1301 3801 1366 ἀπεξ-

2234 1390 2450 1459 εδέχετο
2486 1392 2519 1459 ή
2554 1389 2647 1443 τοῦ
2701 1390 2837 1443 Θεοῦ
2890 1387 3240 1460 μακροθυμία
3290 1391 3348 1443 ἐν
3394 1390 3640 1459 ἡμέραις
3666 1391 3797 1452 Νῶε,

2236 1482 2787 1553 κατασκευαζομένης
2828 1481 3086 1539 κιϐωτοῦ.
3123 1485 3200 1535 Δι’
3226 1483 3292 1546 ἃς
3317 1482 3503 1552 ψυχὰς
3533 1484 3616 1544 είς
3640 1484 3801 1534 ἐκεῖνο

2236 1574 2482 1637 καταϐἀς
2528 1573 2588 1625 τὸ
2644 1573 2864 1645 χωρίον,
2894 1573 3078 1641 ἔλεγεν
3106 1591 3119 1605 ·
3158 1594 3175 1625 ι
3211 1575 3335 1627 ’Ότι
3370 1575 3471 1627 οὐκ
3495 1574 3802 1641 ἐγκαταλείο

555 1669 752 1723 mulier
790 1669 957 1723 Dalila
1012 1666 1248 1736 quae(si
1298 1664 1675 1733 interpreteris
1730 1663 1979 1718 mendica
2008 1662 2127 1727 est)

2241 1665 2363 1731 ψεις
2400 1662 2498 1735 τὴν
2524 1662 2703 1733 ψυχήν
2736 1680 2837 1732 μου
2874 1665 2954 1726 εἰς
2981 1663 3129 1733 ᾅδου.
3163 1681 3181 1713 ι
3220 1661 3332 1716 Καὶ
3369 1661 3438 1714 τά
3474 1661 3610 1731 περὶ
3636 1660 3690 1712 δὲ
3719 1661 3805 1727 τῆς

554 1773 649 1813 eos
676 1758 910 1813 fortasse
941 1757 1033 1826 qui
1084 1754 1314 1808 Domino
1352 1754 1423 1806 ob
1455 1761 1829 1823 paupertatem
1879 1750 2125 1807 insidiati

2234 1754 2425 1823 τρίτης
2451 1754 2712 1822 γυναικὸς
2744 1753 2961 1818 Δαλιδὰ,
3000 1754 3121 1823 ἥτις
3181 1752 3552 1825 ἑρμηνεύεται
3584 1754 3805 1821 πτωχεύ-

554 1857 704 1912 sunt,
732 1848 999 1917 signiﬁcat
1037 1861 1197 1916 quam
1227 1845 1299 1900 ob
1324 1859 1546 1899 causam
1582 1858 1677 1898 eos
1697 1841 1889 1898 dilexit
1915 1856 2108 1898 eorum

2240 1860 2397 1905 ουσα,
2436 1843 2565 1905 τοὺς
2600 1842 2689 1896 διὰ
2726 1842 3002 1911 πτωχείαν
3038 1842 3166 1905 ἴσως
3209 1841 3560 1912 Ἰσραηλίτας
3601 1841 3807 1894 ὲπιϐουυ

554 1954 661 2008 que
702 1936 1115 1995 conversatione
1142 1934 1441 1988 delectatus
1471 1942 1576 1988 est.

622 2115 688 2167 At
746 2113 969 2182 quinam
1046 2111 1237 2178 vulpes
1311 2123 1544 2180 quorum
1600 2108 1792 2164 caudis
1850 2121 1975 2163 cum
2036 2105 2132 2160 ad-

554 2206 817 2261 movisset
864 2205 1011 2259 faces
1078 2203 1494 2257 Palaastinm‘um
1546 2211 1755 2270 segetes
1807 2200 2129 2263 combussit,

556 2298 734 2351 iratus
771 2296 915 2365 quod
944 2310 1112 2349 uxore
1170 2291 1457 2347 Palaestina
1529 2291 1859 2360 privassent,
1897 2288 2127 2344 fuerint.

554 2387 758 2443 Esdras
819 2387 875 2441 in
932 2385 1178 2441 secundo
1217 2383 1356 2439 libro
1409 2382 1622 2443 tradit,
1681 2380 2015 2443 Sanballat,
2076 2388 2131 2434 et

552 2480 780 2535 Tobiam
831 2477 1197 2538 Ammonitem
1254 2490 1376 2530 cum
1418 2474 1650 2529 reduces
1694 2490 1759 2527 ex
1813 2474 2131 2543 captivitate

554 2588 773 2629 murum
827 2570 1265 2633 exstruxissent,
1319 2568 1569 2622 dixisse:
1609 2584 1628 2617 ι
1670 2566 1789 2621 Non
1846 2565 2129 2620 sacriﬁca-

552 2668 716 2730 bunt,
772 2680 875 2720 nec
926 2662 1215 2720 comedent
1246 2660 1300 2714 in
1340 2661 1460 2714 loco
1485 2675 1618 2723 suo;
1662 2658 1923 2714 ascendet
1977 2658 2126 2712 enim

554 2759 747 2827 vulpes
780 2767 834 2812 et
888 2772 1105 2811 murum
1150 2755 1397 2825 ipsorum
1459 2753 1732 2822 lapideum
1794 2751 2049 2806 diruet’.
2103 2768 2122 2801 ι

566 2849 678 2904 Nec
711 2864 817 2902 non
856 2846 1109 2901 Servatur
1132 2843 1199 2899 de
1231 2844 1447 2899 Herode
1476 2843 1695 2911 inquit:
1729 2860 1748 2893 ι
1792 2841 1965 2897 Dicite
2006 2842 2125 2896 vul»

553 2937 608 3008 pi
661 2935 790 2990 huic
815 2936 856 2987 δ.
896 2953 914 2985 ι
950 2933 1023 2989 De
1083 2931 1412 3003 quibusdam
1484 2930 1613 2985 item
1677 2929 1862 2999 impiis
1916 2928 2129 2999 psalmo

554 3027 895 3098 sexagesimo
925 3025 1169 3081 secundo
1198 3022 1369 3078 David
1405 3022 1598 3092 inquiit
1649 3039 1663 3076 :
1695 3038 1713 3071 ι
1748 3019 1939 3075 Partes
1966 3027 2130 3074 erunt

553 3119 799 3189 vulpium
831 3120 875 3173 ⁸.
921 3136 940 3170 ι
980 3118 1040 3170 In
1087 3114 1316 3172 Cantico
1365 3129 1531 3185 porro
1566 3114 1912 3168 canticorum
1967 3111 2126 3167 Salo-

2236 1931 2537 1995 λεύσαντας
2588 1931 2667 2003 τῷ
2715 1934 2961 2003 Δεσπότῃ
3027 1933 3281 2003 σημαίνει
3309 1952 3322 1965 ·
3354 1933 3489 1986 διότι
3554 1932 3807 2003 συμϐιοῦν

2237 2023 2419 2086 αὐτοῖς
2452 2024 2751 2095 ἀγαπήσας
2788 2022 3070 2093 ἠϐούλετο.

2306 2114 2467 2177 Τίνες
2489 2114 2532 2167 6'
2565 2114 2631 2167 ἂν
2666 2107 2776 2167 εἷεν
2812 2115 2868 2167 ai
2895 2113 3197 2177 ἀλώπεκες,
3230 2108 3319 2178 αἷς
3344 2113 3644 2185 προσάψας
3676 2112 3809 2182 λαμ-

2236 2206 2437 2270 πάδας,
2487 2206 2587 2270 τὰς
2627 2206 2867 2276 ἀρούρας
2889 2206 2997 2260 τῶν
3034 2206 3349 2272 ἀλλοφύλων
3379 2206 3692 2275 ἐνέπρησεν
3720 2204 3805 2256 ἐπὶ

2234 2301 2299 2367 τῇ
2329 2298 2424 2367 τῆς
2452 2298 2780 2366 φιλιστιαίας
2822 2299 3078 2365 γυναικὸς
3112 2299 3501 2366 ἀγανακτήσας
3524 2297 3805 2367 στερήσει;

2248 2388 2410 2443 Ἀλλά
2440 2388 2536 2441 καὶ
2581 2388 2818 2457 Ἔσδρας
2850 2392 2907 2442 ἐν
2945 2390 3024 2460 τῷ
3058 2389 3296 2460 δευτέρῳ
3324 2390 3468 2459 λόγῳ
3512 2388 3703 2459 φησιν,
3740 2389 3808 2451 ὡς

2233 2481 2342 2534 τῶν
2379 2480 2488 2535 ἀπὸ
2538 2480 2638 2549 τῆς
2691 2481 3068 2550 αἰχμαλωσίας
3123 2482 3618 2553 τειχοποιούντων,
3667 2480 3802 2533 Ἀνα-

2234 2570 2442 2624 ϐαλλάτ
2470 2569 2564 2623 καὶ
2594 2570 2810 2634 Τωϐίας
2834 2574 2861 2624 6
2900 2572 3242 2644 Ἀμμανίτης
3274 2572 3465 2640 ελεγον
3487 2587 3504 2601 ⁶
3537 2590 3558 2622 ι
3597 2571 3687 2640 Μὴ
3719 2571 3803 2624 0'3-

2234 2679 2419 2714 σουσιν
2446 2661 2477 2729 ἢ
2506 2661 2772 2729 φάγονται
2809 2663 2901 2715 ἐπὶ
2932 2662 3029 2715 τοῦ
3077 2664 3244 2716 τόπου
3274 2662 3496 2728 abtum;
3528 2663 3653 2731 οὐχὶ
3687 2663 3803 2715 ἀνα-

2231 2753 2455 2824 ϐήσεται
2504 2751 2749 2821 ἀλώπηξ,
2781 2754 2878 2805 καὶ
2933 2753 3153 2807 καθελεῖ
3192 2755 3253 2807 τὸ
3310 2758 3491 2824 τεῖχος
3526 2754 3680 2806 λίθον
3719 2756 3801 2807 a6-

2231 2845 2372 2908 τῶν;
2418 2863 2436 2895 ι
2477 2843 2586 2897 Καὶ
2614 2845 2642 2897 6
2689 2844 2882 2916 Σωτὴρ
2948 2845 3077 2915 περὶ
3118 2845 3355 2916 Ἡρώδου
3380 2860 3394 2874 ·
3435 2864 3453 2897 ι
3484 2844 3699 2898 Εἴπατε
3745 2847 3802 2914 τῇ

2235 2935 2479 2988 ἀλώπεκι
2506 2934 2697 3006 ταύτῃ.
2734 2953 2751 2984 ι
2795 2936 2905 2988 Καὶ
2930 2938 3058 3006 περί
3090 2953 3251 2989 τινων
3283 2936 3500 2990 ἀσεϐῶν
3528 2939 3588 2988 ἐν
3634 2936 3710 3003 τῷ
3739 2935 3804 3003 ξβι

2232 3024 2433 3096 ψαλμῷ
2485 3042 2652 3095 φησιν
2677 3027 2705 3078 6
2742 3026 2907 3079 Δαϐίδ
2933 3044 2946 3057 ο
2976 3045 2994 3077 ι
3025 3027 3259 3097 Μερίδες
3315 3027 3627 3080 ἀλωπέκιον
3668 3026 3806 3078 ἔσον-

2230 3135 2341 3172 ται.
2390 3138 2407 3170 ι
2452 3119 2560 3170 Καὶ
2587 3120 2644 3171 ἐν
2678 3118 2919 3189 ’ᾼσματι
2951 3117 3058 3170 τῶν
3112 3118 3372 3187 ᾀσμάτων
3418 3118 3600 3187 φησί’
3638 3137 3656 3168 ι
3692 3118 3805 3169 me.

558 3227 685 3264 ιιιοιι
721 3209 831 3262 ait:
867 3225 886 3259 ι
924 3206 1126 3278 Vulpes
1174 3221 1369 3276 parvas
1398 3205 1576 3274 capite
1625 3204 1784 3257 nobis
1836 3218 1959 3273 quae
1999 3218 2125 3257 vas-

2239 3226 2369 3263 σατε
2406 3210 2541 3279 ήμῖν
2575 3209 2863 3268 ἀλώπεκας
2905 3211 3136 3279 μικροὺς
3166 3209 3531 3277 ἀφανίζοντας
3556 3208 3805 3279 ἀμπελῶο

559 3310 678 3356 tant
732 3301 920 3355 vineas
949 3300 991 3353 ⁸.
1036 3319 1054 3351 ι
1114 3298 1282 3367 Atqui
1343 3297 1411 3351 de
1463 3296 1648 3365 impiis
1700 3296 1768 3350 de
1811 3296 2016 3364 quibus
2078 3296 2130 3349 in

555 3395 746 3450 eodem
784 3392 996 3463 psalmo
1051 3390 1378 3444 vaticinatur
1410 3405 1423 3441 :
1456 3406 1474 3438 ι
1506 3386 1735 3441 Frustra
1764 3387 2133 3454 qua‘siverunt

557 3484 800 3540 animam
854 3496 1066 3547 meam;
1113 3479 1490 3548 ingredientur
1551 3477 1605 3530 in
1675 3476 1863 3530 intima
1928 3484 2129 3541 terra},

555 3577 844 3631 tradentur
876 3575 929 3628 iu
960 3587 1152 3628 manus
1180 3570 1345 3643 gladii
1374 3572 1419 3627 ⁷.
1464 3589 1483 3622 ι
1519 3570 1724 3625 Omnes
1751 3569 1970 3638 quidem
2002 3569 2130 3622 mali

559 3680 767 3725 terram
843 3668 1116 3731 subeunt,
1174 3667 1268 3732 qui
1343 3679 1474 3719 vero
1534 3662 1839 3717 mendaciis
1888 3661 2128 3716 animam

554 3763 691 3833 justi
724 3758 1128 3816 circumvenire
1156 3758 1404 3812 nitentur
1429 3796 1445 3823 ,
1486 3769 1714 3824 eamque
1758 3752 1977 3808 blandis
2009 3766 2131 3807 ser-

564 3855 822 3910 monibus
873 3852 1108 3922 dejicere
1131 3851 1184 3904 in
1230 3849 1449 3905 inﬁmas
1481 3848 1602 3917 ejus
1640 3856 1827 3917 partes
1866 3843 2131 3899 recedunt

561 3963 684 4003 cum
732 3946 1021 4001 all‘ectione
1047 3986 1064 4010 ,
1096 3954 1207 3997 tum
1243 3942 1533 4013 suppliciis
1560 3954 1682 4009 quae
1711 3937 1885 4007 ipsam
1932 3951 2127 3992 conse-

560 4042 828 4107 quuntur,
857 4050 978 4104 quae
1018 4035 1286 4105 saneipsa
1318 4047 1513 4087 manus
1544 4031 1711 4101 gladii
1751 4039 2126 4098 nuncupatur,

561 4128 720 4198 igniti
748 4126 1022 4180 videlicet.
1043 4124 1215 4179 Porro
1243 4124 1426 4194 quivis
1456 4109 1742 4177 hominum
1772 4136 1898 4191 pars
1929 4127 2014 4175 est
2041 4117 2127 4174 vel

562 4220 677 4283 Dei,
703 4219 785 4274 vel
809 4232 997 4272 eorum
1021 4215 1306 4284 cujusdam
1354 4214 1447 4283 qui
1498 4212 1747 4266 homines
1776 4219 1905 4267 sunt
1951 4212 2129 4265 sortiti

559 4311 780 4382 quando
803 4309 1119 4363 Altissimus
1144 4313 1335 4376 gentes
1365 4304 1554 4360 divisit
1573 4303 1617 4365 ⁸,
1639 4318 1701 4358 ac
1731 4303 1799 4356 ab
1845 4316 1952 4355 una
1978 4313 2131 4372 parte

472 4440 489 4449 -
558 4402 625 4455 ad
684 4402 912 4454 alteram
973 4398 1098 4453 licet
1158 4395 1414 4451 deﬁcere.
1448 4394 1716 4461 Quocirca
1768 4402 1951 4463 partes
2011 4393 2131 4447 vul-

556 4495 705 4565 pium
737 4491 899 4563 508
925 4497 1054 4546 sunt
1084 4490 1120 4544 ii
1152 4491 1246 4560 qui
1267 4495 1500 4542 mentem
1520 4502 1582 4541 ac
1613 4485 1907 4540 consilium
1930 4484 2023 4540 Dei
2049 4485 2127 4538 la-

2235 3318 2350 3364 νας.
2388 3320 2406 3353 ι
2452 3302 2586 3372 Περὶ
2622 3302 2719 3371 μὲν
2765 3298 2859 3354 οὖν
2898 3301 3006 3353 τῶν
3035 3300 3249 3354 ἀσεϐῶν
3277 3300 3386 3353 τῶν
3421 3301 3479 3352 ἐν
3498 3300 3584 3369 τῷ
3610 3299 3799 3369 ψαλμῷ

2234 3391 2490 3462 προλέγει
2516 3409 2529 3423 ·
2565 3410 2584 3443 ι
2630 3391 2793 3444 Αὐτοὶ
2820 3391 2875 3444 δέ
2904 3393 2982 3454 εἰς
3015 3391 3189 3463 μάτην
3225 3392 3495 3461 ἐζήτησαν
3515 3393 3622 3456 τὴν
3640 3391 3803 3460 ψυχήν

2239 3498 2365 3552 μου,
2405 3481 2803 3536 εἰσελεύσονται
2830 3484 2911 3546 είς
2934 3482 3001 3536 τά
3041 3481 3327 3536 κατώτατα
3343 3484 3442 3551 τῆς
3474 3484 3606 3553 γῆς,
3636 3500 3799 3553 παρα-

2235 3573 2556 3644 δοθήσονται
2588 3576 2669 3638 είς
2697 3578 2887 3645 χεῖρας
2928 3574 3222 3645 ῥομφαίας.
3264 3595 3284 3626 ι
3314 3575 3541 3629 Πάντων
3569 3575 3670 3644 μὲν
3706 3572 3803 3627 τῶν

2236 3664 2458 3732 φαύλων
2496 3665 2775 3718 είσιόντων
2820 3666 2899 3727 είς
2930 3664 2999 3719 τά
3027 3666 3213 3735 γήϊνα,
3240 3665 3351 3717 τῶν
3388 3666 3445 3718 δέ
3481 3666 3801 3735 ματαιότητι

2234 3752 2551 3823 περιϐαλεῖν
2589 3753 2881 3807 ἐθελόντων
2914 3755 3013 3823 τὴν
3053 3753 3149 3807 τοῦ
3189 3754 3399 3808 δικαίου
3444 3754 3650 3828 ψυχὴν.
3708 3756 3802 3808 ὑπ-

2236 3849 2466 3915 αγαγεῖν
2489 3865 2548 3900 τε
2584 3848 2755 3919 αὐτὴν
2786 3848 3057 3918 μυθώδεσι
3088 3849 3268 3918 λόγοις
3293 3851 3351 3902 ἐν
3370 3854 3482 3913 τοῖς
3507 3852 3801 3904 κατωτάτω

2231 3939 2503 4009 ἐσομένων
2530 3940 2717 4010 αὐτῆς,
2742 3940 2884 3993 κατά
2912 3940 3153 3994 διάθεσίν
3178 3957 3237 3993 τε
3273 3940 3369 3993 καὶ
3414 3942 3483 3994 τὰ
3513 3941 3798 3993 ἐπακολουυ

2233 4029 2429 4083 θοῦντα
2450 4032 2514 4101 τῇ
2540 4032 2761 4102 τοιαύτῃ
2787 4032 3027 4087 διαθέσει
3072 4032 3428 4103 κολαστήρια,
3460 4032 3495 4086 ἃ
3531 4032 3597 4103 δὴ
3626 4036 3800 4103 χεῖρας

2238 4122 2513 4193 ῥομφαίας
2538 4123 2693 4190 φησὶ,
2722 4122 2920 4195 δηλαδὴ
2973 4124 3072 4193 τῆς
3115 4124 3393 4191 φλογίνης.
3420 4125 3691 4187 Ἕκαστος
3748 4125 3797 4175 δὲ

2231 4210 2339 4264 τῶν
2370 4212 2672 4283 ἀνθρώπιον
2719 4214 2877 4283 μερίς
2928 4216 3077 4267 ἐστιν
3114 4214 3233 4283 ἦτοι
3278 4214 3372 4268 τοῦ
3404 4213 3564 4276 Θεοῦ,
3598 4215 3631 4281 ἢ
3664 4214 3796 4274 τινὸς

2230 4300 2339 4355 τῶν
2355 4302 2646 4372 εἰληχότων
2673 4304 3012 4373 ἀνθρώπους,
3043 4306 3130 4358 ὅτε
3156 4303 3462 4374 διεμέριζεν
3488 4304 3517 4356 6
3540 4302 3796 4371 ’Υψιστος

2232 4392 2384 4464 ἔθνη.
2411 4396 2747 4466 εΜετασταίη
2798 4395 2842 4449 δ’
2870 4397 2933 4450 ἄν
2972 4414 3057 4457 τις
3103 4396 3213 4449 ἀπὸ
3246 4396 3462 4465 μερίδος
3500 4397 3583 4458 είς
3613 4395 3794 4463 ἐτέρου

2235 4484 2445 4554 μερίδα.
2476 4486 2567 4539 Διὸ
2609 4487 2825 4556 μερίδες
2851 4487 3154 4541 ἀλωπέκων
3188 4489 3238 4541 οῑ
3268 4487 3367 4557 τὴν
3396 4486 3492 4539 τοῦ
3517 4487 3655 4539 Θεοῦ
3696 4503 3792 4555 μα-

556 4585 836 4640 bel'actare
889 4589 1019 4637 sunt
1074 4580 1283 4641 conati,
1320 4589 1526 4648 partes.
1564 4577 1823 4646 inquam,
1854 4577 2122 4630 malorum

2232 4575 2415 4629 ταιοῦν
2442 4577 2834 4642 ἐσπουδακότες
2860 4578 3059 4651 ψυχὴν,
3099 4579 3314 4649 μερίδες
3342 4577 3529 4631 κακῶν
3551 4577 3646 4631 καὶ
3670 4593 3794 4629 πανο

557 4673 948 4741 vafrorumque
1005 4670 1300 4741 spirituum
1360 4668 1454 4738 qui
1532 4666 1886 4720 fundamenta
1974 4665 2126 4721 falsa:

556 4762 893 4833 cognitionis
933 4761 1210 4829 iecerunt,
1259 4759 1457 4828 quibus
1512 4757 1604 4826 qui
1633 4764 1918 4812 cesserunt
1947 4765 2127 4826 partes

556 4854 683 4908 lacti
706 4862 835 4907 sunt
883 4866 1005 4921 qua:
1056 4851 1111 4906 in
1136 4851 1243 4905 ima
1299 4858 1459 4905 terra:
1491 4848 1855 4903 devenerunt.
1884 4848 1986 4914 Qui
2039 4863 2128 4903 se-

556 4941 796 4997 cundum
828 4939 1183 5010 Evangelium
1240 4940 1482 5008 vulpium
1543 4952 1764 5007 quoque
1818 4938 1984 4992 foveae
2023 4952 2124 4991 no-

556 5033 849 5086 minantur.
883 5028 1025 5084 lnter
1059 5045 1199 5099 quos
1220 5028 1454 5084 Verbum
1471 5028 1616 5097 quod
1649 5042 1779 5081 caro
1811 5025 2034 5091 factum,
2063 5042 2126 5081 ac

555 5124 630 5180 ob
657 5123 709 5178 id
747 5121 923 5177 Filius
945 5122 1187 5177 hominis
1216 5120 1571 5190 appellatum,
1600 5132 1707 5171 non
1749 5118 1931 5173 locum
1961 5117 2125 5171 habet

554 5217 647 5272 ubi
677 5225 841 5286 caput
879 5221 1110 5285 reponat
1166 5226 1230 5266 ac
1257 5210 1525 5280 quiescat.
1579 5208 1732 5274 Quod
1765 5207 1989 5279 quidem
2037 5209 2123 5262 di-

555 5316 704 5363 ctum
745 5310 984 5362 estnon
1031 5304 1097 5360 ad
1132 5301 1483 5368 discipulum,
1534 5315 1722 5354 verum
1770 5299 2006 5354 scribam
2042 5298 2128 5351 di-

554 5406 797 5463 centem,
825 5416 843 5448 ι
889 5396 1192 5465 Sequarte.
1226 5412 1242 5445 ο
1301 5392 1429 5446 Erat
1459 5405 1590 5444 vero
1624 5388 1712 5445 ille
1738 5390 2041 5443 volucrium
2071 5397 2126 5443 et

555 5491 800 5559 vulpium
856 5504 1005 5557 pars.
1066 5487 1143 5541 Ac
1177 5483 1505 5539 animalibus
1557 5481 1780 5554 quidem
1818 5481 2020 5536 talibus
2042 5497 2127 5536 se-

557 5590 708 5652 getes
744 5582 1156 5635 Palaestinorum
1192 5575 1600 5632 comburendas
1626 5574 1859 5629 Samson
1898 5572 2119 5627 tradidit

631 5718 645 5746 ¹
690 5715 707 5767 1
746 5714 888 5769 Pctr.
923 5729 1005 5773 ιιι.
1042 5712 1129 5770 19.
1161 5711 1249 5765 20.
1325 5711 1345 5741 ⁸
1387 5710 1530 5765 Psal.
1558 5726 1647 5774 xv,
1692 5708 1776 5763 lO.
1854 5710 1876 5740 ³
1916 5706 1955 5759 ll
1987 5706 2140 5764 Esdr.
2174 5727 2248 5775 ιν,
2280 5712 2333 5766 5.

560 5802 638 5851 ll;
693 5786 774 5840 l5.
851 5785 869 5815 ⁷
905 5782 1048 5839 Psal.
1087 5798 1220 5849 1.x",
1275 5782 1359 5836 l0.
1434 5783 1452 5813 ⁸
1500 5780 1655 5835 Deut.
1717 5795 1883 5843 χχχιι,
1921 5779 1976 5831 8.

2230 4670 2443 4739 ούργων
2470 4669 2785 4739 Δυνάμεων,
2814 4671 2922 4722 τῶν
2961 4672 3135 4741 ἀρχὴν
3185 4670 3495 4740 σπειρασῶν
3532 4665 3793 4737 ψευδωνύ-

2237 4778 2338 4830 μου
2364 4760 2510 4823 τινὸς
2552 4760 2828 4828 γνώσεως.
2868 4755 2969 4815 Ὧν
2996 4765 3043 4815 οἱ
3091 4762 3404 4824 πεισθέντες
3446 4760 3663 4831 μερίδες
3689 4760 3791 4811 είσ-

2231 4849 2478 4912 ελθόντες
2505 4852 2585 4912 είς
2615 4850 2685 4901 τὰ
2723 4849 3012 4903 κατώτατα
3067 4854 3165 4920 τῆς
3198 4852 3320 4920 γῆς,
3351 4851 3401 4903 οἳ
3431 4850 3573 4903 κατά
3616 4848 3676 4901 τὸ
3707 4847 3789 4899 Εὐ-

2232 4940 2490 5009 αγγέλιον
2518 4942 2610 4995 καὶ
2632 4942 2932 4995 ἀλωπέκων
2960 4943 3316 5011 ὀνομάζονται
3346 4941 3569 5011 φωλεοί.
3607 4941 3692 4992 Ἐν
3718 4931 3790 4999 οἷς

2228 5036 2257 5087 ὁ
2280 5033 2570 5102 γενόμενος
2604 5033 2738 5104 σὰρξ
2768 5036 2959 5102 Λόγος,
2982 5036 3078 5087 καὶ
3107 5035 3194 5088 διά
3220 5034 3379 5087 τοῦτο
3404 5030 3791 5102 ὀνομαζόμενις

2229 5126 2358 5190 Υἱὸς
2381 5114 2692 5197 ἀνθρώπου.
2724 5126 2824 5179 οὒκ
2853 5126 2967 5196 ἔχει
2999 5126 3103 5180 ποῦ
3122 5128 3222 5197 τὴν
3252 5125 3493 5195 κεφαλὴν
3514 5124 3683 5178 κλίνει
3703 5120 3786 5174 καὶ

2228 5215 2619 5271 ἀναπαύσεται.
2643 5218 2819 5287 Ὅπερ
2850 5217 3065 5287 εἴρηται
3090 5217 3152 5270 ού
3178 5217 3312 5287 πρὸς
3350 5213 3617 5285 μαθητὴν,
3660 5209 3786 5264 ἀλλά

2227 5309 2267 5361 Γ
2272 5308 2563 5377 ραμματέα
2627 5307 2875 5374 λέγοντα,
2916 5327 2933 5359 ι
2966 5308 3343 5377 Ἀκολουθήσω
3397 5324 3501 5360 σοι.
3537 5326 3555 5357 ι
3598 5299 3701 5357 Ἦν
3735 5299 3783 5352 δὲ

2228 5399 2336 5468 ἄρα
2374 5398 2635 5452 πετεινῶν
2663 5393 2817 5463 οὗτος
2846 5401 2937 5454 καὶ
2955 5399 3252 5453 ἀλωπέκων
3279 5398 3453 5468 μερίς.
3478 5398 3601 5459 Τοῖς
3622 5392 3780 5447 τοιούο

2228 5501 2343 5547 τοις
2372 5486 2655 5555 παρέδωκε
2681 5487 2754 5541 τὰ
2780 5488 3094 5557 γεννήματα
3131 5487 3240 5540 τῶν
3258 5486 3571 5553 ἀλλοφύλων
3596 5487 3623 5538 6
3640 5485 3777 5549 Σαμ-

2232 5576 2350 5645 ψὼν
2382 5579 2462 5641 εἰς
2519 5578 2868 5650 ἐμπρησμὸν,
2895 5579 2983 5634 διά
3028 5579 3127 5650 τῆς
3176 5578 3507 5649 ἀσυμφώνου
3533 5576 3637 5630 τῶν
3670 5588 3777 5627 συν-

2434 5712 2455 5745 ⁸
2490 5711 2625 5770 Luc.
2667 5729 2786 5781 xm,
2824 5713 2914 5770 52.
3026 5714 3047 5745 ⁸
3088 5712 3235 5771 Psal.
3266 5728 3396 5782 ωιιι,
3430 5710 3512 5768 l0.
3592 5706 3775 5764 ‘Cant.
