3870 6528
44 352 156 416 1077

1120 344 1662 407 COMMENTARII
1704 344 1789 405 IN
1828 342 2164 405 JUDICES.

3176 334 3313 397 1078

38 460 310 531 δεδεμένων
341 456 672 512 ἀλωπέκων
694 458 939 528 πορείας.
960 456 1113 527 Τάχα
1140 456 1248 525 γὰρ
1273 454 1425 516 rei.“
1451 449 1618 504 τοιοῦ⁶

1744 448 1869 518 ιιιοιΙ
1915 447 2123 503 factum
2167 460 2293 503 cum
2340 445 2612 518 colligata:
2665 444 2860 518 vulpes
2930 445 2985 500 in
3034 443 3312 500 diversum

39 556 112 606 τόν
142 556 251 603 ἐστι
295 551 418 611 τοῖς
483 549 793 619 μοχθηροῖς
834 550 1104 618 γεωργοῖς
1161 542 1620 615 παραδιδομένοις

38 648 96 708 ὡς
124 642 242 698 ἄλλο
271 660 325 694 τι
356 641 440 712 τῷ
488 642 716 711 Σατανᾷ
749 643 832 704 εἰς
856 639 1079 710 ὄλεθρον
1097 639 1196 708 τῆς
1216 636 1417 708 σαρκός
1438 651 1451 665 ο
1477 632 1622 687 οὕτω

38 744 135 800 ταῖς
162 734 443 799 ἁλώπεξιν
497 733 943 804 ὲπιφερομέναις
993 730 1281 801 λαμπάδας
1309 731 1391 793 εἰς
1428 730 1621 797 ἀφανι-

40 830 153 901 σμὸν
180 827 388 884 αὐτῶν.

98 1007 243 1059 Ἔστι
289 1022 380 1067 τις
439 1004 676 1077 πρῶτος
704 1003 844 1057 λέων
874 1003 903 1055 6
942 1000 1320 1071 ἀντικείμενος
1355 998 1619 1064 διάϐολος,

40 1101 118 1152 καὶ
137 1100 247 1151 ἐστι
274 1115 363 1162 τις
391 1097 645 1168 ἔσχατος
666 1097 883 1150 πάντων
902 1097 929 1148 6
956 1094 1048 1147 ἐπὶ
1073 1092 1348 1164 συντελείᾳ
1376 1110 1625 1163 φανερω-

40 1191 341 1260 θησόμενος,
370 1192 401 1242 6
439 1189 750 1260 ἄνθρωπος
792 1188 894 1258 τῆς
949 1187 1260 1258 ἁμαρτίας,
1292 1186 1320 1237 ὅ
1363 1185 1476 1247 υίὸς
1526 1186 1625 1253 τῆς

42 1284 317 1347 ἀπωλείας,
340 1285 370 1337 6
404 1282 801 1352 ἀντικείμενος
823 1282 917 1334 καὶ
943 1280 1310 1349 ἐπαιρόμενος
1334 1279 1427 1332 ἐπὶ
1449 1276 1629 1330 πάντα

42 1378 313 1446 λεγόμενον
340 1375 512 1439 Θεὸν,
548 1376 587 1446 ἢ
619 1374 889 1445 σέϐασμα.
932 1372 1152 1437 Μεταξὺ
1190 1370 1248 1424 δὲ
1285 1370 1380 1424 τοῦ
1406 1369 1500 1423 ἀπ’
1528 1370 1630 1438 ἀρ-

48 1470 134 1539 χῆς
159 1467 634 1540 ἀνθρωποκτόνου
679 1468 774 1521 καὶ
820 1466 916 1520 τοῦ
956 1466 1185 1536 ὑστέρου
1234 1462 1450 1525 λέοντος
1488 1458 1632 1513 κατὰ

47 1560 213 1629 γενεὰν
234 1562 462 1621 λέοντες
500 1558 997 1632 προσπολεμοῦσιν
1018 1555 1352 1626 ἀνθρώποις.
1381 1555 1489 1607 Καὶ
1532 1552 1632 1605 οὐκ

50 1651 107 1725 ἦν
139 1654 297 1722 γενεά
335 1653 432 1706 ὅτε
482 1652 633 1706 λέων
687 1654 787 1705 οὐκ
823 1647 913 1722 ἦν.
947 1650 1058 1704 Καὶ
1090 1648 1236 1702 κατά
1264 1647 1362 1717 τὴν
1392 1644 1633 1715 Σαμψὼν

50 1744 217 1811 γενεὰν
252 1743 394 1795 λέων
418 1759 515 1806 τις
555 1739 627 1813 ἦν
667 1742 820 1814 παρὰ
849 1740 947 1811 τὴν
990 1740 1132 1803 ὁδὸν,
1169 1739 1228 1792 ὃν
1275 1736 1593 1791 ἀπέκτεινεν
1616 1749 1629 1762 ⁸

1727 552 1969 597 ruerent.
2009 543 2269 597 Fortasse
2316 541 2462 597 enim
2492 542 2731 610 improbi
2766 539 3021 610 agricolae
3042 539 3185 595 banc
3218 553 3312 592 ca-

1727 632 2026 686 lamitatem
2084 632 2460 695 merebantur,
2531 642 2587 686 ut
2633 632 2983 687 traderentur
3023 629 3308 691 Satanas’.

1726 722 1815 776 cui
1840 731 1894 777 et
1914 722 2020 776 alia
2045 737 2075 775 a
2105 721 2216 777 Deo
2246 721 2561 788 traduntur,
2590 732 2648 778 ut
2671 723 2934 795 perdatur
2957 737 3317 793 caro,quem—

1728 814 2021 870 admodum
2053 824 2268 885 segetes
2310 833 2531 887 quoque
2577 817 2845 873 immissis
2892 818 3153 888 vulpibus
3186 833 3310 872 cum

1728 907 1941 963 facibus
1973 916 2104 963 sunt
2122 916 2352 963 vastata:
2393 916 2445 963 et
2473 909 2728 964 inductae.

1799 998 2072 1061 Cancrum
2130 999 2198 1053 de
2251 1000 2411 1055 leone
2470 1001 2601 1053 illud
2654 1010 2738 1055 est
2792 1000 3110 1062 tenendum,
3170 997 3318 1067 quod

1730 1091 1942 1158 primus
1968 1089 2195 1159 quidam
2231 1090 2316 1144 leo
2359 1097 2468 1154 est,
2516 1090 2871 1146 adversarius
2905 1091 2995 1145 ille
3029 1089 3312 1144 diabolus.

1732 1179 1937 1235 Deinde
1970 1190 2285 1250 postremus
2312 1180 2541 1251 quidam
2587 1182 2834 1237 omnium
2864 1182 2957 1252 qui
2995 1182 3049 1235 in
3082 1181 3186 1235 line
3210 1196 3316 1235 sae-

1731 1271 1842 1325 culi
1889 1271 2112 1341 pateﬁet
2138 1271 2383 1338 demum,
2420 1272 2585 1328 homo
2615 1272 2873 1328 videlicet
2908 1273 3140 1344 peccati.
3175 1270 3318 1327 ﬁlius

1730 1361 2081 1432 perditionis,
2140 1361 2535 1432 adversarius,
2598 1364 2693 1435 qui
2750 1378 2876 1420 sese
2932 1363 3093 1418 ell'ert
3150 1377 3317 1432 super

1733 1472 1898 1511 omne
1927 1456 1982 1509 id
2010 1456 2156 1526 quod
2190 1456 2334 1514 Deus
2386 1466 2483 1513 aut
2533 1475 2739 1515 numen
2792 1459 2997 1514 dicitur
3043 1460 3107 1513 '°.
3148 1457 3321 1514 Carte-

1737 1562 1853 1600 rum
1885 1546 2027 1601 inter
2054 1547 2379 1617 primast/um
2432 1548 2587 1603 illum
2642 1550 3002 1615 homicidam,
3038 1559 3093 1603 ct
3141 1558 3322 1619 poste-

1734 1639 1935 1693 riorem
1990 1638 2199 1693 leonem
2250 1641 2513 1697 omnibus
2570 1642 2793 1697 saeculis
2826 1642 3014 1697 leones
3073 1650 3322 1711 pugnant

1734 1745 1858 1785 cum
1895 1730 2239 1796 hominibus,
2272 1748 2456 1803 neque
2490 1733 2599 1787 ulla
2652 1741 2787 1789 aetas
2823 1732 2926 1788 fuit
2972 1734 3024 1787 in
3070 1750 3176 1803 qua
3215 1750 3323 1787 non

53 1805 196 1901 οὗπερ
240 1833 299 1885 ὲν
322 1830 407 1902 τῷ
455 1805 702 1902 στόματι
750 1805 1076 1898 τεθνηκότος
1124 1824 1438 1896 εὑρίσκεται
1481 1819 1626 1890 μέλι.

1744 1820 1898 1874 etiam
1946 1820 2030 1875 leo
2066 1819 2255 1876 fuerit.
2290 1823 2368 1876 Ac
2403 1830 2654 1893 tempore
2708 1823 2997 1879 Samsonis
3058 1824 3141 1878 leo
3200 1825 3325 1893 qui-

54 1923 417 1996 Νεκρῴσωμεν
444 1919 551 1977 οὖν
584 1924 678 1977 τὸν
702 1921 1125 1976 ἐπιϐουλεύοντα
1157 1918 1368 1971 λέοντα.
1416 1912 1629 1973 Ζῶντος

55 2018 145 2084 γὰρ
166 2017 221 2068 ὲν
243 2014 323 2086 τῷ
350 2015 610 2086 στόματι
650 2015 753 2067 οὐκ
781 2013 847 2068 ἂν
887 2012 1193 2083 εὑρίσκοιτο
1229 2006 1373 2079 μέλι.
1398 2003 1629 2072 Λέγεται

54 2109 100 2160 δὲ
126 2109 222 2169 πᾶς
252 2107 393 2161 λέων
420 2106 542 2171 ζῶν
576 2107 673 2160 καὶ
700 2105 1105 2159 δυσωδέστατον
1146 2101 1290 2172 ἔχειν
1328 2098 1391 2151 τὸ
1431 2095 1627 2165 στόμα.

56 2197 339 2267 Παράδοξον
366 2194 465 2252 οὖν
498 2199 569 2251 τὸ
599 2200 665 2251 ὲκ
702 2195 974 2271 δυσώδους
1019 2194 1291 2265 στόματος
1340 2189 1632 2261 εὑρεθῆναι

61 2290 165 2359 μέλι
189 2290 247 2342 τὸ
271 2289 498 2343 πάντων
540 2287 906 2357 γλυκύτατον.

120 2557 318 2627 Σιαγὼν
371 2558 553 2622 τόπος
610 2552 679 2629 ἦν
716 2554 1002 2625 ἀνώνυμος
1056 2551 1359 2623 πρότερον,
1411 2546 1633 2618 κληθεὶς

67 2652 158 2705 ἀπὸ
188 2655 280 2723 τῆς
322 2652 591 2719 σιαγόνος
641 2649 735 2703 τοῦ
775 2649 922 2711 ὄνου,
963 2646 1030 2718 ἣν
1074 2644 1265 2699 ἔλαϐεν
1313 2644 1341 2695 6
1372 2639 1631 2711 Σαμψὼν,

67 2743 144 2793 καὶ
167 2741 335 2794 ἀνεῖλε
385 2742 524 2805 τοὺς
562 2737 919 2809 ἀλλοφύλους,
946 2734 1292 2806 ὀνησιφόροις
1335 2730 1518 2801 λόγοις
1546 2745 1631 2780 νε-

72 2830 260 2901 κρώσας
292 2831 507 2886 τούτων
540 2832 609 2886 τὰ
628 2831 898 2902 δόγματα.

1736 1911 1857 1967 dem
1892 1926 2055 1969 secus
2080 1915 2224 1969 viam
2251 1924 2369 1970 erat
2397 1930 2558 1986 quem
2591 1916 2815 1979 occidit,
2850 1918 2904 1970 in
2934 1915 3094 1985 cujus
3119 1916 3317 1971 delun-

1736 2004 1808 2057 cti
1845 2018 1943 2059 ore
2004 2008 2112 2059 mel
2165 2007 2461 2077 reperitur.
2514 2006 2922 2063 lnterllciamus
2974 2008 3142 2077 igitur
3183 2008 3319 2061 iusi-

1737 2097 1979 2153 diantem
2035 2099 2267 2154 leonem.
2318 2100 2455 2155 Cum
2506 2100 2653 2155 enim
2706 2101 2937 2168 viveret,
2985 2103 3039 2155 in
3071 2118 3165 2156 ore
3194 2102 3320 2170 ejus

1743 2189 1848 2243 mel
1915 2190 2128 2267 nullum
2188 2194 2571 2263 reperiebatur
2620 2193 2829 2264 utique.
2897 2194 3094 2249 Fertur
3137 2202 3319 2248 autem

1736 2279 1988 2349 quemvis
2038 2281 2252 2335 leonem
2285 2283 2469 2336 vivum
2520 2297 2583 2339 os
2630 2282 2832 2338 habere
2891 2281 3320 2345 fetidissimum,

1738 2370 1874 2426 adeo
1903 2380 1961 2426 ut
1982 2372 2130 2428 dictu
2158 2373 2231 2427 sit
2254 2373 2573 2442 miriﬁcum,
2598 2375 2653 2430 in
2688 2390 2784 2432 ore
2811 2374 2979 2431 fetido
3007 2376 3111 2429 mel
3141 2390 3326 2446 reper-

1740 2468 1855 2516 tum
1888 2478 2011 2518 esse
2050 2464 2463 2521 dulcissimum.

1807 2554 1983 2611 Porro
2029 2554 2231 2628 Siagon
2282 2558 2442 2613 locus
2478 2558 2700 2614 nomine
2738 2558 2963 2615 carebat
2999 2565 3183 2621 antea,
3230 2572 3325 2613 ac-

1736 2650 1885 2719 cepit
1919 2656 2103 2703 autcm
2136 2648 2270 2703 illud
2298 2665 2326 2702 a
2358 2649 2578 2704 maxilla
2608 2649 2776 2718 asini,
2820 2664 2982 2720 quam
3038 2649 3326 2720 prehendit
3394 2646 3400 2655 ”

1740 2739 1975 2794 Samson
2026 2747 2080 2794 et
2130 2738 2455 2796 Palaestinos
2505 2742 2817 2808 interemit,
2852 2742 3037 2799 verbis
3099 2741 3328 2798 utilibus

1743 2827 1991 2897 ipsorum
2022 2828 2280 2899 dogmata
2320 2845 2445 2884 cum
2472 2830 2806 2902 jugulasset.

129 2942 321 2999 Dicitur
372 2954 571 3000 autem
612 2944 782 3002 Deum
830 2944 1079 3000 foramen
1127 2942 1365 2998 maxillae
1408 2940 1716 3011 aperuisse,
1752 2948 1807 2996 et
1850 2956 1917 2996 ex
1953 2942 2042 2996 illa
2078 2956 2253 3014 aquas
2302 2943 2579 3015 erupisse,
2626 2961 2727 3016 pro
2769 2960 2857 3012 eo,
2903 2952 3108 3001 terram
3140 2952 3345 3022 autem.

75 3032 279 3086 maxilla:
314 3033 328 3087 i
370 3041 433 3087 tu
471 3032 742 3103 disrupit,
787 3047 962 3102 eaque
989 3046 1165 3101 aquas
1196 3028 1456 3085 reddidit.
1505 3027 1678 3083 Porro
1706 3042 1836 3083 vero
1865 3029 1959 3099 qui
1996 3028 2261 3085 historice
2293 3038 2429 3087 sunt
2461 3030 2811 3102 interpretati
2854 3031 3155 3087 admonent
3188 3049 3325 3088 nus-

76 3118 196 3187 piam
229 3120 463 3189 reperiri
522 3121 671 3190 quod
724 3118 959 3175 Samson
994 3119 1077 3173 vel
1128 3115 1317 3186 justus
1352 3116 1438 3169 vel
1494 3116 1761 3184 propheta
1808 3117 2136 3187 appelletur,
2172 3120 2638 3189 quemadmodum
2690 3134 2795 3176 nec
2830 3120 3031 3191 Jepbte
3082 3136 3185 3176 nec
3234 3121 3327 3175 alii

79 3205 384 3273 huiusmodi.
422 3207 502 3263 Ea
547 3222 678 3263 vero
708 3214 871 3263 aetate
919 3222 988 3262 cu
1015 3228 1040 3251 ιι
1081 3205 1278 3275 aliquis
1314 3211 1508 3259 sancto
1544 3201 1753 3272 Spiritu
1786 3203 1985 3274 dignus
2021 3221 2130 3260 non
2163 3215 2425 3272 exstaret,
2459 3217 2626 3278 prout
2667 3222 2909 3277 praesens
2959 3223 3145 3263 rerum
3187 3223 3327 3263 con-

80 3291 193 3347 ditio
222 3296 569 3364 postulabat,
604 3294 835 3365 reliquis
877 3292 1199 3349 hominibus
1243 3291 1639 3345 excellentiore
1678 3291 1862 3362 aliquo
1900 3308 2035 3348 usus
2067 3300 2173 3348 est.
2207 3293 2336 3348 Vult
2367 3310 2498 3350 vero
2551 3294 2973 3351 Palaestinorum
3008 3310 3162 3350 more
3194 3312 3327 3351 uxo-

84 3394 179 3434 rem
201 3380 265 3436 du
301 3399 393 3438 ere
419 3382 692 3450 Samson,
728 3382 874 3453 quod
907 3381 1136 3453 quidem
1166 3387 1427 3448 pauentes
1470 3379 1641 3449 legem
1682 3379 2037 3434 observantes
2063 3380 2382 3451 prohibent,
2411 3383 2552 3439 Deus
2580 3398 2710 3439 vero
2736 3384 3027 3455 permittit,
3060 3385 3329 3455 quocirca

86 3467 336 3540 Scriptura
373 3474 550 3529 dicit:
594 3493 613 3525 ι
652 3472 817 3529 Pater
862 3480 1045 3527 autem
1100 3470 1222 3541 ejus
1252 3482 1306 3525 et
1360 3476 1536 3524 mater
1586 3482 1694 3522 non
1730 3466 2147 3531 intellexerunt,
2198 3470 2345 3538 quod
2378 3469 2665 3526 decretum
2724 3470 2827 3526 fuit
2877 3471 2998 3537 Dei,
3050 3488 3164 3542 quo
3214 3472 3329 3541 ipse

86 3558 361 3615 vindictam
399 3577 430 3617 a
456 3561 722 3618 Palmstin
751 3577 777 3617 s
812 3568 1077 3617 sumeret.
1122 3578 1143 3611 ›
1171 3558 1309 3612 Nam
1341 3565 1396 3613 et
1427 3555 1602 3612 honis
1649 3555 1962 3612 interiectio
2002 3557 2200 3612 terrori
2230 3555 2550 3614 Palaestinis
2581 3557 2723 3623 fuit,
2764 3558 2982 3630 ipsique
3018 3574 3329 3631 propugna-

90 3645 194 3699 culo
225 3655 279 3700 ut
311 3650 539 3720 triginta
579 3650 843 3721 primum,
885 3648 1083 3704 deinde
1118 3646 1264 3702 mille
1295 3644 1619 3700 trucidaret.

147 3751 274 3823 Πρὸς
314 3756 443 3820 τοὺς
500 3755 950 3826 κατηγορῶνςας
1009 3754 1234 3825 ῥητέον,
1278 3752 1353 3814 ὡς
1396 3749 1633 3821 οὐδαμοῦ

1813 3750 2081 3807 Caeterum
2128 3751 2199 3807 iis
2251 3753 2346 3822 qui
2401 3761 2655 3807 sanctum
2709 3751 2973 3824 Spiritum
3030 3752 3331 3808 traducunt

94 3847 283 3916 φησινή
314 3847 503 3919 Γραφὴ
550 3845 905 3902 κατευθύνειν
963 3846 1051 3899 ἐπ’
1084 3844 1249 3900 αὐτὸν
1287 3844 1348 3898 τὸ
1396 3842 1637 3911 Πνεῦμα,

93 3927 163 3981 ὅτε
188 3933 491 4004 ὲπόρνευεν,
524 3938 557 4007 ἢ
591 3937 679 3989 ὅτε
710 3936 810 4006 τὴν
836 3936 1134 4005 ἀλλόφυλον
1186 3934 1399 4000 ἔλαϐεν,
1450 3934 1509 3998 ὲξ
1540 3929 1641 4005 ἧσ-

97 4035 182 4089 περ
202 4022 457 4083 ἀπώλετο.
488 4029 565 4081 Τὸ
593 4027 700 4098 γάρ
734 4028 960 4098 Πνεῦμα
996 4028 1056 4080 τὸ
1081 4028 1237 4096 ἅγιον
1285 4028 1347 4081 οὑ
1384 4026 1643 4095 καθάπερ

96 4111 270 4188 ἡψυχὴ
288 4121 401 4183 τοῖς
439 4121 660 4192 σώμασι
697 4124 967 4175 συνοικεῖ·
1002 4120 1140 4176 ἀλλά
1178 4121 1413 4191 πάρεστι
1441 4120 1540 4191 μὲν
1566 4120 1642 4183 ὡς

102 4201 463 4279 ἀπερίγραφον,
500 4213 724 4282 ἐνεργεῖ
753 4212 808 4265 δὲ
838 4213 937 4265 ὅσα
972 4211 1241 4281 βούλεται.
1278 4212 1342 4263 Ὃ
1379 4212 1471 4263 καδι
1509 4226 1644 4279 προ-

101 4296 330 4356 γινῶσκον
361 4305 461 4375 τὴν
484 4305 792 4376 ἀγριότητα
824 4305 920 4357 τοῦ
950 4303 1211 4375 Σαμψὼν,
1243 4303 1387 4357 οἴνου
1411 4303 1505 4355 καὶ
1530 4301 1639 4355 τῶν

106 4384 152 4447 ἐξ
171 4388 394 4457 ἀμπέλου
425 4396 729 4468 προσέταξε
750 4395 938 4449 τοῦτον
969 4395 1309 4465 ἀπέχεσθαι’
1343 4394 1417 4465 μὴ
1452 4392 1550 4464 τὴν
1581 4393 1641 4458 ἐξ

105 4474 221 4530 οῐνου
245 4484 431 4550 μανίαν
459 4489 528 4558 τῇ
574 4489 775 4557 φυσικῇ
823 4486 1148 4557 προσλαϐὼν
1169 4526 1184 4551 ,
1219 4484 1314 4539 καὶ
1350 4484 1493 4539 κατά
1530 4483 1640 4537 τῶν

110 4566 353 4639 ὁμοφύλων
380 4578 664 4651 ἀνήκεστα
701 4579 947 4650 δράσειε.

1744 3841 2035 3898 Samsonis
2086 3857 2280 3907 causa,
2340 3843 2785 3913 respondendqu
2840 3844 2976 3899 illud
3021 3852 3129 3907 est,
3181 3845 3327 3915 quod

1742 3932 2030 4003 Scriptura
2063 3949 2341 4005 nusquam
2377 3934 2531 4000 dicit,
2572 3934 2837 4006 Spiritum
2871 3935 3135 3992 incidisse
3160 3951 3334 4005 super

1745 4024 1951 4095 ipsum,
1980 4025 2204 4096 quando
2249 4033 2336 4083 est
2375 4034 2674 4090 scortatus,
2706 4035 2802 4082 aut
2832 4028 3056 4099 quando
3084 4027 3332 4083 Palaesti-

1744 4132 1871 4171 nam
1918 4132 2039 4188 quae
2083 4118 2135 4177 ei
2185 4117 2353 4174 exitio
2401 4118 2506 4173 fuit
2536 4161 2550 4184 ,
2601 4118 2781 4174 duxit.
2835 4118 3076 4190 Spiritus
3124 4119 3328 4175 etenim

1745 4219 1968 4268 sanctus
1990 4229 2100 4269 non
2133 4215 2332 4269 anima:
2375 4215 2553 4271 instar
2591 4230 2716 4270 cum
2758 4215 2984 4272 homine
3026 4216 3329 4275 cohabitat.

1746 4320 1935 4359 verum
1965 4305 2042 4359 illi
2083 4305 2365 4361 indeﬁnite
2419 4306 2595 4373 adest,
2631 4321 2696 4361 ac
2734 4306 2787 4361 in
2818 4322 2884 4362 eo
2921 4306 3189 4378 quidquid
3216 4308 3332 4360 vult

1748 4395 1932 4451 ellicit.
1991 4397 2093 4464 Qui
2142 4412 2276 4452 sane
2325 4412 2450 4453 cum
2508 4396 2789 4453 feritatem
2842 4398 3127 4454 Samsonis
3174 4398 3331 4466 prius

1746 4504 1967 4559 quoque
2003 4489 2230 4545 haberet
2259 4492 2558 4561 cognitam,
2589 4505 2620 4543 a
2661 4490 2790 4545 vino
2824 4505 2887 4545 ac
2914 4490 3116 4545 vinetis
3146 4491 3325 4559 ipsum

1741 4580 1911 4649 jussit
1941 4581 2243 4645 abstinere,
2276 4597 2345 4636 ne
2370 4580 2436 4635 ad
2475 4582 2781 4638 naturalem
2819 4580 3061 4636 furorem
3080 4581 3323 4636 vinolen-

1748 4683 1806 4727 to
1846 4672 2024 4728 ascito
2058 4683 2247 4728 contra
2295 4673 2636 4743 propinquos
2692 4687 2923 4744 quoque
2961 4679 3017 4727 et
3064 4678 3330 4743 cognatos

1750 4762 1969 4833 indigna
2002 4770 2273 4832 patraret.

169 4870 318 4933 Porro
367 4880 461 4935 lilii
526 4882 914 4938 haereticorum
972 4879 1156 4935 rident
1203 4877 1359 4948 quod
1402 4878 1456 4932 iu
1506 4876 1720 4947 capillis
1774 4877 1951 4947 gratia
1997 4886 2105 4932 est.
2158 4874 2394 4931 Rideant
2439 4876 2604 4947 igitur
2656 4876 2803 4947 quod
2840 4876 2896 4932 in
2948 4877 3328 4949 apostolorum

120 4959 294 5019 umbis
324 4970 494 5037 gralit
527 4978 636 5033 cst,
686 4970 742 5024 in
769 4968 987 5023 timbria
1020 4968 1147 5021 item
1183 4966 1496 5021 vestimenti
1529 4964 1735 5021 Christi
1761 5006 1776 5027 ,
1813 4965 1867 5018 in
1903 4966 2017 5019 luto
2046 4965 2289 5035 denique
2330 4965 2475 5035 quod
2511 4979 2719 5020 caecum
2750 4966 3072 5022 illustravit.

173 5073 361 5133 Οὐκοῦν
384 5081 472 5135 διά
492 5081 591 5151 τὴν
620 5081 785 5152 εὐχὴν
813 5080 968 5151 τιμία
999 5074 1065 5151 ἦν
1094 5081 1128 5150 ἠ
1161 5079 1305 5150 κόμη
1350 5078 1487 5151 Θεῷ.
1536 5079 1633 5133 Kal

1794 5077 2173 5148 -Quapropter
2220 5080 2331 5134 voti
2385 5079 2606 5136 nomine
2650 5080 2892 5151 pretiosa
2955 5079 3098 5150 apud
3158 5079 3324 5136 Deum

120 5161 249 5217 τοῦτο
268 5167 554 5242 δεδήλωκεν
578 5172 607 5225 ὁ
636 5171 768 5236 Θεὸς
807 5171 935 5242 περὶ
981 5170 1183 5234 παντὸς
1220 5168 1523 5241 Ναζιραίου
1553 5188 1646 5223 νο-

124 5254 346 5328 pollui-av,
378 5265 471 5317 καὶ
496 5263 654 5317 τοῦτο
684 5266 741 5317 ὲν
764 5264 915 5335 νόμῳ
943 5262 1021 5335 τῷ
1052 5260 1408 5332 παιδαγωγῷ.

180 5436 267 5491 Kal
288 5439 511 5510 ἐγένετο
531 5445 687 5514 ἀνὴρ
713 5446 968 5514 Λευΐτης
1007 5445 1307 5515 παροικῶν
1345 5444 1415 5498 ἐν
1441 5418 1655 5515 μηροῖς

1748 5172 1849 5226 fuit
1875 5187 2052 5227 coma.
2084 5171 2238 5238 Quod
2282 5173 2401 5244 ipse
2434 5180 2674 5230 testatus
2705 5182 2790 5229 est
2818 5174 2962 5229 Deus
2989 5188 3113 5229 cum
3154 5172 3327 5245 legem

1748 5265 1815 5320 de
1845 5265 2040 5337 quovis
2072 5265 2333 5321 Nazaraeo
2372 5268 2577 5335 sanxit,
2618 5266 2783 5339 idque
2822 5266 2879 5322 in
2920 5266 3039 5336 l‘ege
3080 5266 3327 5337 paedago-

1750 5362 1891 5432 gica.

1814 5450 1937 5505 Fuit
1972 5450 2052 5505 vir
2079 5450 2283 5506 Levites
2330 5452 2420 5523 qui
2459 5450 2737 5507 habitabat
2795 5452 2851 5507 in
2907 5451 3076 5506 latere
3130 5452 3325 5505 montis

130 5519 273 5595 ὅρους
294 5532 553 5609 Ἐφραίμ.
580 5540 692 5611 Τὴν
740 5540 880 5594 κατὰ
904 5542 1004 5609 τὴν
1032 5543 1268 5607 γυναῖκα
1302 5538 1396 5592 τοῦ
1425 5539 1633 5593 Λευϊτοι

1751 5540 2030 5611 Ephraim,
2065 5550 2175 5597 etc.
2213 5519 2357 5614 [XIX
2380 5583 2393 5608 ,
2428 5540 2504 5615 1.]
2546 5540 2809 5614 lnjuriam
2843 5541 2896 5596 in
2927 5540 3129 5599 Levitis
3155 5559 3329 5598 uxore

131 5623 335 5689 παριδεῖν
361 5632 568 5688 ἀδικίαν
600 5636 629 5691 ὁ
675 5633 803 5699 λαὸς
842 5628 941 5689 οὐκ
972 5635 1250 5705 ⁴ἠνέσχετο,
1277 5635 1371 5695 καὶ
1414 5634 1548 5705 πρὸς
1577 5633 1656 5688 δί-

157 5750 205 5810 "
231 5783 246 5837 ι
276 5786 386 5847 Cor.
413 5810 465 5863 ν,
498 5794 550 5850 5.
628 5796 675 5841 η
707 5794 749 5850 ll
786 5794 979 5852 Thess.
1018 5811 1078 5862 ιι,
1111 5795 1163 5861 3,
1196 5793 1250 5847 4.

1755 5634 2073 5703 admissam,
2120 5633 2358 5705 populus
2395 5634 2630 5691 tolerare
2688 5649 2798 5692 non
2850 5635 3052 5706 potuit,
3083 5651 3331 5709 quapro~
