4058 6506
228 334 366 403 1081

1247 334 1786 404 COMMENTARII
1834 339 1920 403 IN
1950 340 2095 403 LIB.
2130 343 2159 403 Ι
2194 342 2464 406 REGUM

3299 397 3302 401 .
3344 344 3484 409 1382

228 454 453 527 Ἐτεροί
486 471 631 519 τινες
658 453 1071 526 ίστοριογράφοι
1114 454 1445 526 παρέδοσαν,
1495 453 1557 508 τὸ
1603 452 1810 525 βιϐλίον

1919 454 2002 519 Iis,
2046 456 2145 525 qui
2191 456 2307 511 haec
2347 458 2708 529 collegerunt,
2764 459 3136 529 praetermissa
3180 469 3330 527 sunt,
3386 464 3481 519 alil

228 547 733 619 Παραλειπομένων
769 547 1125 611 καλέσαντες.

834 740 1086 794 ΚΕΦΑΛ.
1124 741 1203 793 A'.

301 853 415 909 Kal
442 853 678 923 ἐγένετο
704 854 1042 924 ἅνθρωπος.
1079 848 1174 917 Εἷς
1198 853 1307 907 τῶν
1330 854 1464 908 υίῶν
1489 855 1639 919 Λευτ,
1680 856 1810 927 ἐγέ-

226 963 374 1009 νετο,
406 946 562 999 Κάαθ
601 946 786 1016 πατὴρ
822 946 879 999 δὲ
912 946 1007 999 τοῦ
1038 947 1243 1017 Ἰσααρ.
1280 941 1340 1001 οὗ
1390 945 1610 1015 ἔκγονος
1643 948 1743 1019 μὲν
1780 950 1810 1002 6

224 1040 399 1109 Κορὲ,
424 1038 695 1107 ἀπόγονος
730 1038 788 1093 δὲ
824 1038 1083 1102 Ἐλκανὰ,
1105 1037 1199 1091 τοῦ
1237 1038 1494 1111 Σαμουὴλ
1537 1038 1567 1093 6
1600 1041 1807 1111 πατήρ.

241 1131 310 1183 Ἦ
336 1132 391 1184 δὲ
420 1131 636 1202 διαδοχὴ
652 1130 823 1194 οὕτως
846 1146 859 1160 ·
884 1130 1058 1194 Καὰδ,
1088 1130 1404 1201 Ἀμιναδὰϐ,
1420 1131 1586 1202 Κορὲ,
1605 1132 1808 1202 Ἀσεὶρ,

236 1223 500 1288 Ἐλκανὰ,
537 1224 703 1293 Σοὺφ,
748 1222 903 1290 Θόου,
972 1221 1173 1287 Ἑλίσυ,
1241 1222 1487 1294 ἰεραὰμ,
1552 1222 1787 1277 Ἐλκανὰ

225 1316 510 1385 Σαμουὴλ.

318 1411 381 1463 Ἦ
410 1411 464 1463 δὲ
486 1409 707 1480 διαδοχὴ
736 1409 879 1463 οὕτω
912 1424 927 1440 ⁸
954 1410 1133 1483 Κορὲ,
1174 1410 1382 1482 Ἀσεὶρ,
1427 1408 1661 1464 Ἐλκανὰ
1706 1409 1807 1481 (Ι),

228 1501 511 1573 Σαμουὴλ.
579 1501 637 1553 '0
689 1501 748 1554 δὲ
805 1502 925 1554 Ἠλὶ
972 1503 1037 1556 ὲκ
1069 1502 1169 1572 τῆς
1206 1500 1302 1554 τοῦ
1357 1500 1587 1572 Ἰθάμαρ
1610 1495 1677 1571 ἦν
1709 1519 1815 1554 πα-

226 1592 391 1661 τριᾶς
415 1606 429 1621 ⁸
448 1591 586 1644 ἀλλὰ
600 1590 689 1644 διὰ
714 1591 815 1662 τὴν
830 1590 940 1645 τῶν
967 1592 1177 1645 παίδων
1205 1591 1495 1661 παροινίαν
1530 1591 1628 1643 σὺν
1647 1590 1814 1643 παντὶ

227 1682 382 1748 γένει
418 1680 518 1749 τῆς
550 1681 834 1750 ἱερατικῆς
864 1681 1156 1752 ἐγυμνώθη
1180 1679 1370 1749 τιμῆς.
1409 1677 1533 1742 Πῶς
1591 1679 1647 1732 δὲ
1688 1678 1812 1731 Ἐλ-

1909 548 2133 618 quidam
2165 548 2597 619 historiographi
2637 552 2828 619 libros,
2859 568 3000 624 quos
3028 553 3481 624 Paralipomenon

1911 641 2214 710 appellant,
2253 642 2632 698 absolverunt.
3094 643 3108 661 ⁸

2574 753 2732 812 CAP.
2773 756 2811 811 l.

1978 867 2148 924 Vens.
2180 869 2233 924 l.
2285 866 2410 923 Fuit
2455 881 2632 925 autem
2665 870 2840 926 homo.
2871 871 2948 927 Ex
2982 888 3213 927 numero
3249 871 3481 928 filiorum

1910 957 2064 1026 Levi,
2094 959 2197 1015 fuit
2225 960 2423 1021 Caath.
2446 961 2541 1032 qui
2595 962 2762 1017 filium
2795 964 2986 1018 habuit
3022 961 3194 1029 lsaar,
3232 973 3481 1034 nepotem

1910 1052 2073 1115 Core,
2103 1064 2457 1123 pronepotem
2490 1053 2752 1119 Helcana,
2798 1056 2968 1109 filium
2997 1054 3292 1111 Samuelis.
3340 1056 3481 1110 Suc-

1912 1146 2096 1200 cessio
2158 1161 2291 1200 vero
2350 1146 2434 1201 sic
2480 1146 2663 1211 habet,
2717 1147 2865 1203 Caad
2909 1149 3097 1217 genuit
3141 1148 3481 1209 Aminadab.

1913 1234 2076 1301 Core,
2126 1235 2289 1299 Aser,
2330 1235 2571 1292 Helcana
2610 1238 2791 1308 Zuph,
2823 1238 3003 1304 Tohu,
3037 1239 3217 1305 lleliu,
3249 1240 3483 1304 lcraam,

1916 1324 2118 1381 Elcaua
2146 1342 2161 1391 ;
2197 1326 2286 1380 hic
2314 1324 2622 1383 Samuelem
2662 1330 2868 1399 genuit.

1988 1415 2390 1471 Successerunt
2438 1426 2618 1473 autem
2666 1420 2745 1475 sic
2778 1439 2791 1475 :
2825 1420 2985 1484 Core,
3034 1420 3194 1486 Asir,
3242 1420 3484 1484 Eleana,

1922 1508 2164 1565 Samuel.
2201 1508 2283 1563 Eli
2321 1510 2501 1581 patria
2543 1510 2782 1565 Ithamar
2820 1511 3095 1567 oriundus
3131 1521 3287 1575 erat,
3327 1518 3490 1581 atque

1917 1607 2147 1671 propter
2201 1600 2436 1654 filiorum
2491 1600 2905 1671 improbitatem
2953 1610 3063 1655 tota
3105 1602 3226 1670 cjus
3278 1599 3485 1654 familia

1916 1691 2249 1745 sacerdotali
2292 1691 2563 1760 dignitate
2608 1693 2836 1747 excidit.
2866 1692 3157 1758 Quomodo
3188 1700 3369 1747 autem
3401 1689 3489 1745 El-

228 1772 375 1825 κανὰ
430 1770 488 1831 tE
530 1770 811 1841 ’Δμαθαὶμ
862 1771 981 1837 ὢν,
1059 1769 1390 1842 Ἐφραθαίος
1441 1770 1812 1839 ὀνομάζεταις

1919 1799 2078 1849 cana,
2129 1785 2474 1838 Armathaim
2518 1784 2809 1850 oriundus,
2848 1784 3211 1855 Ephrathaeus
3244 1784 3490 1840 dicitur?

226 1865 463 1933 Μήποτε
490 1863 808 1917 συνέϐαινεν
839 1865 1003 1917 αὐτὸν
1031 1865 1094 1916 ὲκ
1113 1862 1221 1916 τῶν
1261 1861 1373 1916 δύω
1400 1862 1609 1915 πόλεων
1639 1863 1815 1933 ὀρμᾶο

229 1956 359 2010 σθαι
391 1973 405 1986 ’
430 1956 553 2009 καθ’
584 1956 613 2009 ὃ
638 1958 696 2009 tv
726 1956 825 2024 μὲν
843 1957 908 2027 τῇ
953 1955 1199 2026 Ἐφραθὰ
1249 1954 1597 2025 ὲγεγέννητο,
1638 1954 1696 2006 tv
1745 1956 1812 2025 τῇ

238 2048 566 2119 Ἐρμαθαὶμ
601 2048 905 2119 ἐτέθραπτο
931 2062 945 2077 ·
976 2047 1051 2111 ὡς
1085 2047 1179 2099 καὶ
1203 2048 1231 2099 6
1259 2044 1453 2116 Σωτὴρ
1482 2047 1540 2098 tv
1568 2044 1817 2117 Βηθλεὲμ

233 2140 538 2213 γεννηθεὶς,
566 2139 911 2211 ἐχρημάτισε
960 2139 1058 2192 καὶ
1094 2136 1421 2209 Ναζωραῖος
1452 2134 1553 2206 τῆς
1585 2136 1816 2190 ἅνατοο-

229 2237 341 2306 φῆς
366 2236 575 2287 ἕνεκεν.
607 2234 666 2288 C.
712 2232 774 2288 L.
801 2233 898 2303 (α).

301 2324 411 2378 Kal
436 2323 606 2392 φωνὴ
628 2322 818 2391 αὐτῆς
842 2324 954 2377 οὐκ
982 2322 1256 2390 ἠκούετο.
1288 2320 1401 2391 Τῆς
1421 2322 1621 2391 ’Δννης
1648 2336 1819 2393 προσ-

228 2415 536 2486 ευχομένης
593 2417 661 2469 τὰ
739 2415 893 2486 χείλη
938 2416 1101 2486 μόνον
1153 2415 1407 2478 ἐκινεῖτο,
1442 2412 1595 2485 φωνὴ
1630 2411 1686 2465 6t
1717 2412 1818 2465 οὐκ

225 2509 483 2578 ἠκούετο.
520 2507 689 2561 [Ιὸθεν
708 2508 785 2578 τῷ
818 2510 1130 2578 συγγραφεῖ
1154 2507 1221 2560 τὰ
1253 2506 1476 2578 ῥήματα
1523 2508 1625 2575 τῆς
1650 2520 1819 2574 προσ-

228 2602 399 2670 ευχῆς
434 2599 746 2669 ἱστόρηταις
775 2598 920 2670 Πλὴν
951 2600 999 2651 εί
1038 2598 1112 2668 μή
1147 2614 1253 2659 τις,
1309 2596 1387 2659 ὡς
1431 2595 1649 2664 εἴρηται
1710 2593 1812 2663 (‘2),

231 2694 615 2763 συγχωρήσειε
642 2732 657 2755 ,
704 2693 833 2754 τοὺς
889 2689 1375 2760 πνευματοφόρους
1421 2702 1819 2757 συγγεγραφη·

231 2786 391 2838 κέναι
416 2784 483 2838 τὰ
516 2784 785 2852 γενόμενα
819 2784 961 2838 κατὰ
978 2784 1169 2854 καιρὸν
1197 2784 1264 2854 τῇ
1294 2779 1523 2850 δυνάμει
1550 2777 1643 2831 τοῦ
1660 2776 1816 2847 ἁγίου

230 2877 575 2947 Πνεύματος.
601 2876 665 2930 C.
696 2875 761 2929 L.
804 2874 883 2947 (Ξ)

306 2968 372 3022 Τί
394 2971 534 3032 ἐστι,
574 2986 593 3019 ι
630 2968 774 3038 Γυνὴ
810 2969 869 3020 tv
898 2967 1117 3038 σκληρᾷ
1145 2963 1256 3034 ἐγώ
1307 2964 1454 3033 sint;
1496 2983 1515 3017 ι
1554 2962 1817 3017 Τουτέστι

230 3061 623 3130 κεκακωμένη,
657 3059 1019 3131 νηστεύουσα.
1051 3059 1113 3114 C.
1153 3057 1216 3112 L.

1918 1874 2179 1930 Fortasse
2223 1891 2290 1930 ex
2336 1888 2573 1947 utraque
2614 1877 2749 1931 urbe
2780 1876 3049 1947 originem
3079 1877 3260 1940 duxit,
3315 1878 3390 1931 ita
3429 1886 3489 1931 ut

1919 1967 1974 2020 in
2014 1965 2251 2037 Ephrata
2300 1966 2524 2037 quidem
2577 1976 2763 2031 natus,
2817 1968 2872 2022 in
2924 1969 3266 2023 Armathaim
3303 1977 3484 2024 autem

1917 2055 2185 2114 educatus
2238 2059 2332 2121 sit,
2380 2059 2854 2129 quemadmodum
2908 2060 3069 2114 etiam
3119 2058 3381 2115 Servator
3431 2060 3486 2113 in

1920 2149 2194 2205 Bethleem
2254 2159 2442 2217 natus,
2490 2151 2653 2206 simul
2687 2148 2981 2207 Nazaraeus
3016 2151 3219 2206 dicitur
3262 2160 3490 2222 propter

1916 2244 2322 2299 educationem.

1992 2334 2157 2395 Vens.
2226 2336 2311 2390 l3.
2357 2334 2425 2389 Et
2480 2352 2580 2391 vos:
2617 2336 2732 2406 ejus
2773 2353 2879 2391 non
2920 2334 3264 2392 audiebatur.
3319 2337 3492 2392 Anna:

1921 2442 2115 2497 preces
2170 2426 2451 2483 fundentia
2496 2426 2642 2481 labia
2693 2435 2907 2482 tantum
2949 2428 3333 2494 movebantur,
3382 2441 3490 2482 vox

1920 2527 2102 2574 autem
2139 2534 2249 2574 non
2274 2520 2622 2575 audiebatur.
2656 2517 2775 2574 Jam
2803 2520 3080 2592 quomodo
3112 2522 3351 2591 scriptor
3371 2535 3495 2576 ver-

1922 2611 1989 2666 ba
2021 2611 2146 2682 ejus
2175 2610 2317 2666 scire
2337 2611 2555 2682 potuit?
2578 2609 2848 2665 Nimirum
2886 2611 3034 2667 viros
3062 2612 3381 2682 iuspiratos,
3410 2612 3493 2665 uti

1922 2705 2191 2769 diximus,
2235 2720 2297 2760 ea
2333 2720 2457 2775 qua:
2493 2704 2587 2759 illo
2621 2714 2869 2776 tempore
2914 2713 3240 2768 evenerunt,
3280 2702 3490 2777 Spiritu

1919 2804 2114 2850 sancto
2146 2794 2367 2866 adjutos
2397 2795 2675 2863 retulisse,
2704 2796 3043 2851 credendum
3073 2809 3177 2852 est.

1992 2968 2137 3037 Quid
2160 2976 2271 3035 est,
2311 2986 2331 3021 ι
2363 2968 2558 3025 Mulier
2595 2969 2788 3025 infelix
2822 2985 2924 3037 ego
2982 2970 3150 3026 sum?
3184 2990 3203 3024 ι
3242 2968 3494 3038 Scilicet,

1922 3061 2153 3117 adversa
2187 3062 2408 3116 fortuna
2443 3071 2625 3122 utens.
2658 3060 2929 3131 jejunium
2956 3078 3125 3135 agens

297 3154 373 3207 T6
431 3126 507 3219 δέ,
566 3126 659 3223 Μὴ
712 3126 826 3226 δῷς
854 3153 955 3224 τὴν
973 3151 1167 3221 δούλην
1195 3169 1288 3206 σου
1315 3152 1397 3215 είς
1430 3152 1505 3223 ('5)
1541 3148 1813 3220 θυγατέρα

1992 3154 2120 3219 Pro,
2163 3151 2242 3210 Ne
2275 3162 2503 3225 reputes
2536 3126 2794 3210 ancillam
2833 3126 3077 3210 tuatn'ut
3114 3155 3279 3211 flliam
3307 3154 3492 3227 perdi-

230 3244 431 3317 λοίμην
465 3246 563 3317 (ι),
592 3244 910 3310 Θεοδοτίων,
949 3244 1037 3309 Ὦς
1060 3244 1192 3316 μίαν
1216 3244 1322 3298 τῶν
1351 3241 1693 3299 ἀπαιδεύτων
1719 3256 1735 3272 ·
1784 3241 1819 3313 ῆ

231 3341 424 3413 ὥσπερ
454 3342 546 3394 τὸν
568 3342 807 3412 νοήμονα
834 3340 985 3409 λέγει
1013 3340 1107 3394 τδν
1134 3340 1322 3409 σοφὸν,
1340 3339 1485 3392 οὕτω
1509 3338 1602 3392 τὸν
1640 3338 1823 3410 παρά-

232 3450 403 3504 νομον
439 3433 551 3486 υἱὸν
568 3431 779 3503 λοιμοῦ.
809 3432 869 3487 C.
900 3431 963 3486 L.

833 3545 1088 3599 ΚΕΦΑΔ.
1147 3544 1221 3599 B’.

318 3653 678 3723 Ἐστερεώθη
725 3655 765 3723 ἠ
830 3654 1046 3724 καρδία
1108 3672 1251 3726 μου.
1322 3656 1674 3727 Ἀξιάγαστος
1725 3661 1824 3730 τῆς

1922 3248 2115 3313 tionis,
2148 3245 2490 3302 Theodotion
2524 3246 2707 3312 habet,
2740 3246 2811 3303 Ut
2842 3248 3135 3303 stultarum
3171 3263 3372 3305 unam:
3400 3257 3495 3303 aut

1921 3338 2387 3411 quemadmodum
2425 3340 2559 3411 legis
2583 3342 2877 3406 cultorem,
2911 3342 3237 3411 sapientem,
3266 3340 3339 3396 ita
3367 3356 3493 3398 eum

1921 3433 2145 3505 quilegi
2168 3430 2502 3505 refragatur,
2541 3434 2713 3488 tilium
2754 3433 3078 3505 perditionis
3105 3441 3283 3490 vocat.

2557 3542 2714 3601 CAP.
2755 3543 2821 3600 ll.

1996 3656 2163 3715 Vens.
2205 3661 2257 3714 l.
2306 3657 2816 3728 Couﬁrmalum'est
2858 3674 2953 3712 cor
2980 3674 3172 3712 meum.
3202 3657 3492 3714 Canticum

237 3747 441 3810 Ἅννας
491 3748 523 3818 ἡ
580 3746 842 3818 ὑμνῳδία.
876 3749 951 3802 Οὐ
984 3749 1094 3819 γὰρ
1146 3750 1311 3820 μόνον
1350 3752 1437 3821 ἐφ’
1471 3748 1552 3817 οἷς
1599 3753 1813 3824 εἴληφεὶ

1923 3747 2027 3802 hoc
2060 3751 2232 3803 Anna:
2274 3750 2502 3819 dignum
2543 3758 2627 3803 est
2654 3747 3045 3803 admiratione.
3071 3746 3188 3801 Non
3219 3748 3365 3802 enim
3396 3761 3500 3817 pro

232 3842 465 3909 ἁνυμνεῖ
495 3840 586 3893 τὸν
615 3840 827 3912 Δοτῆρα
853 3880 868 3905 ,
890 3841 1024 3895 ἀλλά
1050 3843 1148 3897 καὶ
1185 3844 1497 3917 προφητείᾳ
1531 3846 1624 3901 τὸν
1654 3845 1813 3917 ὖμνον

1924 3839 2209 3895 beneflciis
2253 3838 2495 3909 acceptis
2526 3846 2807 3894 auctorem
2843 3836 3006 3893 modo
3044 3838 3310 3892 bonorum
3348 3838 3495 3893 cele-

233 3932 497 4003 ἐκέρασε,
537 3934 632 3985 καὶ
681 3935 781 4003 τῆς
833 3932 925 3986 τοῦ
990 3934 1183 3999 παιδὸς
1250 3937 1517 4006 μετέλαϐε
1577 3938 1823 4010 χάριτος.

236 4025 510 4094 κυήσασα
533 4024 641 4095 γὰρ
689 4025 997 4096 ὑποφήτην,
1035 4027 1371 4098 προφητεύει
1412 4029 1553 4099 μετὰ
1604 4029 1825 4084 τδν¹τό-

235 4131 355 4169 κον.
387 4116 499 4168 Καὶ
550 4116 829 4171 Ἐλισάϐετ
865 4118 921 4171 δὲ
950 4118 1052 4188 τῆς
1091 4119 1345 4173 Ἰωάννου
1376 4120 1639 4192 μετέλαϐε
1670 4122 1826 4193 χάρι-

232 4222 351 4274 τος,
386 4208 482 4261 καὶ
513 4209 547 4279 ἡ
574 4208 760 4280 Μαρία
796 4209 897 4281 τῆς
948 4209 1153 4280 Ἰησοῦ.

306 4474 659 4547 Κλονουμένη
693 4477 788 4530 καὶ
819 4478 901 4541 εἰς
962 4475 1224 4548 ματαίους
1272 4478 1621 4548 ἐμπίπτουσα
1666 4479 1817 4549 λογι-

234 4566 410 4637 σμοὺς
434 4566 524 4620 διὰ
538 4568 638 4638 τὴν
667 4567 941 4635 ἀπαιδίαν,
975 4569 1308 4639 ἐπιτυχοῦσα
1350 4570 1449 4641 τῆς
1497 4570 1807 4641 προσευχῆς

234 4660 583 4733 ἐστερέωμαι
615 4661 673 4712 tv
702 4656 778 4730 τῷ
802 4661 1213 4732 παρασχομένῳ
1235 4660 1334 4732 τὴν
1366 4663 1649 4717 εὐτεκνίαν
1678 4662 1820 4735 Θεῷ.

1925 3931 2070 3998 brat,
2098 3931 2195 3987 sed
2235 3931 2401 3986 etiam
2428 3929 2771 4001 prophetiam
2798 3929 3001 4001 hymno
3018 3928 3320 3993 admiscet;
3354 3942 3494 3997 prse-

1924 4032 2076 4081 terea
2119 4022 2315 4095 gratia:
2352 4037 2576 4093 quoque
2604 4022 2721 4077 filio
2764 4022 2979 4077 collata:
3021 4020 3299 4092 particeps
3349 4020 3496 4077 facta

1927 4126 2030 4173 est.
2068 4114 2204 4170 Nam
2257 4130 2382 4170 cum
2424 4115 2745 4185 prephetam
2778 4114 2835 4169 in
2879 4122 3035 4168 utero
3080 4120 3340 4182 gestaret,
3373 4121 3498 4183 post

1926 4219 2169 4282 partum,
2210 4216 2266 4263 et
2309 4209 2427 4279 ipsa
2460 4208 2830 4278 praphetavit.
2874 4205 2967 4262 Sic
3008 4206 3174 4260 etiam
3217 4204 3495 4260 Elisabetb

1926 4303 2157 4359 Joannis
2200 4302 2317 4367 lilii,
2352 4310 2410 4358 et
2440 4300 2609 4355 Maria
2640 4300 2849 4357 Christi
2899 4298 3209 4356 Servatoris
3256 4300 3492 4371 gratiam

1852 4443 1901 4502 υ
1927 4393 2302 4465 participavit.

1996 4484 2241 4541 Confusa
2288 4492 2453 4553 atque
2496 4482 2569 4538 ob
2612 4481 2912 4537 liberorum
2939 4479 3250 4561 .orbitatem
3312 4477 3497 4530 stultis

1924 4576 2351 4648 cogitationibus
2397 4574 2669 4637 incidens,
2712 4580 3001 4642 postquam
3046 4569 3112 4624 ad
3160 4582 3351 4638 preces
3408 4582 3500 4623 ac-

1924 4667 2107 4732 cessi,
2148 4666 2200 4720 in
2242 4666 2356 4720 Deo
2395 4663 2792 4720 fecunditatem
2862 4661 3129 4732 largiente
3183 4661 3494 4714 confortata

235 4755 319 4826 Τῇ
346 4753 530 4807 πίστει
557 4748 653 4807 οὖν
685 4751 844 4822 δῆλον
868 4752 952 4805 ὅτι
979 4752 1309 4823 ὲστερέωται
1331 4792 1347 4818 ,
1381 4753 1544 4824 ἡνίκα
1584 4753 1813 4825 ᾔτενδο·

1925 4774 2073 4817 sum.
2112 4756 2249 4813 Fide
2290 4757 2456 4829 igitur
2497 4754 2813 4812 confortata
2858 4761 2968 4819 est,
3010 4768 3133 4808 cum
3162 4741 3389 4815 ‘oraret,
3435 4759 3497 4805 tit

232 4845 397 4916 θῆναι
431 4846 570 4915 αὐτῇ
601 4844 791 4898 τέκνον
817 4843 1044 4914 δωρεάν.
1083 4843 1148 4899 C.
1174 4844 1239 4899 L.

306 4937 688 5002 Ἔπλατύνθη
723 4935 789 4989 τὸ
814 4938 1008 5005 στόμα
1044 4954 1188 5006 μου.
1227 4935 1462 4991 Ἕλαϐον
1487 4937 1642 5005 κάγω
1671 4939 1817 5010 παῤ-

236 5030 436 5099 ρησίαν
484 5029 664 5080 είπείν
684 5044 699 5059 ·
730 5027 842 5081 υὺκ
872 5029 988 5097 είμὶ
1022 5028 1341 5099 στεῖρα.Ἒν
1368 5020 1412 5096 ᾧ
1441 5028 1717 5105 ὠνείδιζόν
1747 5047 1817 5101 με

231 5124 265 5192 ὴ
298 5121 541 5174 Φεννάνα
574 5123 670 5173 καὶ
697 5122 747 5174 οί
776 5121 965 5190 αὐτῆς.
987 5120 1133 5187 Πρὸς
1158 5121 1267 5191 γὰρ
1296 5121 1495 5186 αὐτοὺς
1528 5122 1818 5177 ἀποτεινοο

235 5216 396 5287 μένη,
437 5216 507 5269 τὰ
548 5215 678 5287 ἑξῆς
720 5232 854 5287 φησι
882 5215 943 5270 τὸ
975 5233 995 5267 ι
1025 5214 1119 5287 Μὴ
1146 5213 1447 5283 καυχᾶσθε,
1480 5215 1575 5268 καὶ
1607 5213 1686 5287 μὴ
1717 5214 1816 5269 λα-

232 5308 401 5362 λεῖτε.
436 5308 499 5364 C.
525 5308 587 5363 L.
618 5326 637 5361 ι

1922 4852 2027 4909 sibi
2078 4850 2261 4906 infans
2300 4850 2623 4906 donaretur.

1998 4943 2303 4997 Dilatatum
2332 4950 2411 4996 est
2436 4958 2495 4997 os
2524 4956 2718 4995 meum.
2745 4939 2860 5010 Ego
2885 4953 3110 5009 quoque
3139 4952 3265 4992 cum
3295 4934 3495 4993 ﬁducia

1924 5044 2152 5103 possum
2190 5031 2378 5086 dicere
2411 5047 2425 5085 :
2465 5030 2583 5085 Non
2628 5044 2748 5085 sum
2788 5028 3017 5085 sterilis.
3071 5023 3154 5082 0b
3197 5027 3301 5082 hoc
3346 5026 3495 5081 enim

1922 5122 2220 5179 Pbennana
2253 5122 2485 5193 ejusque
2518 5121 2737 5177 sodales
2765 5136 2892 5176 cum
2924 5119 3193 5175 conviciis
3228 5134 3315 5173 me
3348 5128 3498 5187 pete-

1922 5214 2177 5271 bant.Ad
2207 5214 2334 5269 illos
2361 5228 2654 5279 conversa,
2685 5222 2873 5285 postea
2905 5212 3038 5269 dicit
3076 5227 3092 5267 :
3129 5229 3149 5264 ι
3183 5209 3262 5266 Ne
3293 5210 3497 5281 gloria-

1924 5302 2082 5371 mini,
2120 5318 2222 5359 nec
2251 5303 2560 5375 loquimini.
2595 5321 2617 5357 ι

1760 5471 1994 5537 NOTAE.

312 5572 579 5656 (υὲοὺφν
603 5572 1117 5656 ﬁscella???»
1155 5570 1409 5656 ’βλκὲνὴν
1442 5568 1715 5656 ἓξμουώλο
1750 5568 1813 5656 έρ

386 5636 544 5711 Αὐγ.’
566 5636 795 5715 κὼδ.’ὲν
888 5636 959 5698 sai
982 5636 1112 5715 ἑξῆς
1136 5636 1416 5715 οὐίκεῖταὶ.
1450 5636 1549 5694 Ἐκ
1571 5638 1638 5693 τᾶ

233 5662 339 5715 της
386 5662 523 5711 Λυγ.
570 5662 697 5698 κωο.
734 5662 795 5697 εν
824 5662 869 5712 ῳ
888 5662 957 5698 τα
982 5662 1111 5767 at;ij
1136 5662 1198 5697 ou
1219 5662 1416 5698 κειται.
1471 5662 1549 5694 nx
1571 5662 1680 5693 των
1710 5662 1765 5692 το

233 5715 526 5792 “cognata.
642 5717 747 5769 είσι
778 5716 887 5792 τῶν
923 5716 982 5792 tv
1004 5731 1063 5767 σε
1085 5713 1354 5792 ...Ξεῖημ
1426 5781 1437 5792 .
1514 5776 1549 5792 Α
1611 5776 1629 5792 ¹
1754 5778 1765 5789 '

308 5786 393 5855 (‘2)
424 5776 640 5840 Scholia
682 5800 805 5853 qua:
843 5785 1055 5841 duabus
1084 5783 1235 5841 hisce
1281 5781 1473 5839 litteris
1511 5776 1571 5835 C.
1610 5776 1672 5832 L.
1724 5778 1799 5833 si-

1083 5638 1111 5709 ς
1136 5644 1198 5697 οὐ
1219 5638 1416 5698 κεῖται.
1450 5638 1549 5694 Ἐκ
1571 5638 1680 5693 τῶν
1710 5639 1805 5692 τοῦ
1848 5676 1851 5679 -

1917 5582 2160 5655 gna_ntu_r
2185 5573 2684 5655 deprompsimuse
2702 5572 2906 5655 Catena
2949 5571 3248 5655 Lipsignsi.

1986 5643 2066 5714 (ὅ)
2097 5644 2191 5709 T6,
2221 5641 2298 5709 ὥς
2320 5641 2559 5714 εἴρηται.
2588 5644 2651 5714 οὐ
2682 5644 2872 5714 κεῖται
2888 5643 2947 5696 tv
2971 5641 3052 5714 τῷ
3071 5641 3336 5714 τῆςμᾼύγ.
3357 5641 3491 5701 κώδ.

1984 5711 2065 5783 (4)
2113 5715 2199 5778 Ὠς
2230 5711 2507 5786 θυγατέρα
2537 5712 2736 5785 λύμην.
2764 5712 2793 5765 6
2824 5713 2925 5783 τῆς
2954 5712 3091 5782 Λὺγ.
3123 5711 3255 5767 κώδ.
