4058 6562
205 375 363 447 1085
1226 388 1759 451 COMMENTARII

1926 393 2073 453 LIB.
2104 394 2133 451 Ι
2156 392 2446 452 REGUM.
3331 388 3477 453 1085¹

201 498 328 551 κῶν
366 498 741 569 κηρυγμάτων
765 498 826 551 τὸ
857 498 1240 568 μεγαλόφωνον
1259 538 1274 563 ,
1297 500 1391 551 καὶ
1416 501 1515 568 τὴν
1537 499 1689 553 δευτέ
1699 517 1785 569 ραι

1897 499 2217 569 apostolica:
2231 514 2513 565 successu,
2542 498 2721 569 deque
2746 499 2992 555 secundo
3010 498 3245 554 adventu
3270 497 3463 553 Chris-

201 589 527 662 τταρουσίαν
574 590 833 658 Χριστοῦ.
863 589 1032 652 Αὐτὸς
1078 590 1209 660 γὰρ,
1241 590 1398 659 φησι,
1430 594 1609 661 κρινεῖ
1650 590 1785 659 ἄκρα

1895 589 1955 643 ti.
1994 589 2115 658 Ipse
2155 592 2299 643 enim
2337 604 2466 643 cum
2520 590 2705 658 justus
2743 589 2837 653 sit,
2876 591 3074 660 inquit,
3110 589 3372 659 iudicabit
3406 589 3465 643 il-

201 682 319 749 γῆς
354 680 566 744 δίκαιος
602 680 711 734 ὤν’
746 682 825 735 ἔτι
853 682 910 735 δὲ
945 683 1041 735 xui.
1068 683 1195 743 τοὺς
1234 682 1400 734 αὑτοῦ
1446 682 1586 735 κατὰ
1617 684 1785 751 σάρκα

1894 695 1992 736 nes
2022 688 2203 735 terrae.
2238 680 2507 736 Praeterea
2532 682 2696 736 etiam
2724 679 2791 736 de
2826 682 3129 747 majoribus
3167 682 3342 752 ipsius
3373 696 3463 736 se-

202 769 509 835 γεγονότας
536 770 833 840 προγόνους
851 810 866 832 ,
895 771 946 823 οἳ
972 770 1083 823 ἀπὸ
1132 769 1296 822 Δαὸὶδ
1346 770 1510 840 μέχρι
1538 770 1636 836 τῆς
1682 774 1793 841 αἰχ.

208 860 503 929 μαλωσίας
519 860 1010 932 διήρκεσανΔώσει
1034 861 1162 931 γὰρ,
1184 860 1369 930 φησὶν,
1395 862 1546 930 ἰσχὺν
1565 864 1675 923 τοῖς
1698 861 1794 930 βα-

208 952 462 1004 σιὶεῦσιν
506 952 921 1022 ήμῶν.’1κανῶς
954 952 1009 1004 δὲ
1043 950 1383 1004 συνέστειλεν
1426 952 1519 1004 καὶ
1564 950 1671 1004 τῶν
1700 954 1795 1004 ὲπ-

206 1042 474 1111 ηρμένων
508 1044 566 1095 τὸ
594 1043 864 1113 φρόνημα,
889 1044 1069 1096 πᾶσαν
1092 1042 1317 1108 γνῶσιν,
1343 1043 1439 1095 καὶ
1466 1044 1573 1096 πᾶν
1599 1044 1759 1114 ὲπιτή
1776 1073 1793 1087 -

202 1130 392 1201 δευμα
426 1133 587 1198 θεῖον,
618 1135 682 1187 ὲκ
709 1134 841 1187 Θεοῦ
872 1136 1211 1205 προειποῦσα
1230 1137 1343 1200 τοῖς
1372 1134 1677 1206 ἀνθρώποις
1698 1136 1792 1204 ὲγο

205 1220 491 1287 γίνεσθαι.

288 1309 771 1378 Περιεζωσμένον
787 1310 975 1380 ἐφοὺδ
994 1312 1116 1381 Βὰρ
1136 1313 1235 1365 καὶ
1257 1309 1534 1365 διπλοΐδα
1550 1310 1790 1380 μικράν.

220 1400 465 1464 ’Δκύλας
510 1403 692 1471 φησὶν,
737 1402 1041 1471 ἐπένδυμα
1089 1402 1417 1471 ἐξαίρετον.
1474 1401 1789 1471 Σύμμαχος,

207 1491 409 1560 ἐφοὺδ
450 1494 683 1558 λινοῦν,
728 1494 825 1547 καὶ
853 1494 1178 1562 ἐφεστρίδα
1199 1493 1444 1563 μικράν.
1477 1494 1790 1556 Θεοδοτίων,

225 1584 409 1652 Ἐφὼδ
456 1586 588 1655 Bap,
618 1588 710 1639 καὶ
754 1587 1094 1653 ἐπενδύτην
1142 1587 1374 1655 μικρόν.
1396 1585 1556 1640 Ἀλλὰ
1603 1584 1719 1647 πῶς
1764 1586 1793 1638 ό

211 1671 493 1741 Σαμουὴλ,
516 1673 744 1743 Λευῖτης
770 1674 868 1739 ὢν,
894 1674 973 1744 τῷ
1002 1674 1163 1743 ὲφοὺδ
1192 1674 1485 1745 ὲκὲχρητος
1518 1675 1663 1745 μόνῳ
1684 1675 1791 1747 γὰρ

210 1762 499 1834 ἀφώριστο
526 1763 605 1834 τῷ
634 1766 903 1836 ἀρχιερεῖ.
942 1767 1096 1830 Εἰκὸς
1131 1762 1223 1820 οῦν
1253 1766 1344 1819 τὸν
1378 1766 1497 1818 Ἠλὶ
1520 1765 1617 1835 τὴν
1643 1765 1791 1818 θείαν

1892 774 2133 827 cundum
2167 787 2413 837 carnem,
2447 772 2538 841 qui
2569 787 2600 825 a
2638 772 2839 827 Davide
2870 788 3045 843 usque
3079 774 3144 827 ad
3178 775 3463 843 captivita-

1891 871 1999 919 tem
2028 864 2385 918 duraverunt.
2420 862 2576 918 Dabit
2608 864 2752 918 enim
2777 866 2970 930 robur,
3016 866 3217 934 inquit,
3244 866 3461 935 regibus

1893 955 2131 1009 nostris.
2183 954 2480 1008 Commode
2525 962 2708 1009 autem
2749 954 2987 1021 illormu,
3025 956 3117 1025 qui
3160 954 3462 1009 eﬂ'ernntur

1892 1049 2121 1117 spiritus
2172 1049 2545 1117 compescuit,
2586 1063 2800 1103 omnem
2852 1051 3145 1116 notitiam,
3192 1066 3461 1121 omneque

1891 1140 2136 1198 discendi
2159 1140 2421 1205 studium,
2441 1139 2590 1196 aDeo
2615 1140 2927 1197 hominibus
2942 1142 3122 1198 inesse
3137 1143 3456 1213 praedicens.

1966 1318 2128 1374 Vens.
2159 1318 2248 1372 18.
2281 1317 2568 1372 Accinctus
2601 1316 2771 1386 ephod
2803 1317 2937 1383 Bar,
2977 1325 3027 1371 et
3061 1334 3223 1387 parva
3255 1319 3456 1372 tunica.

1890 1415 2086 1485 Aquila
2125 1414 2349 1483 exponit
2384 1413 2661 1483 ὲπένδυμα
2711 1413 2992 1482 ἐξαίρετον
3017 1453 3032 1474 ,
3080 1414 3459 1467 indumentum

1892 1506 2128 1575 insigne.
2160 1504 2547 1575 Symmachus,
2587 1504 2754 1572 ephod
2805 1505 3024 1568 lineam,
3054 1513 3104 1557 et
3148 1515 3336 1559 vestem
3368 1518 3459 1557 ex-

1892 1599 2176 1658 teriorem,
2199 1596 2314 1649 sive
2332 1595 2555 1664 pallium
2580 1610 2829 1664 parvum.
2857 1594 3217 1659 Tbeodotion,
3244 1593 3456 1664 Ephod,

1891 1685 2018 1746 Bar,
2054 1680 2353 1752 ἐπενδύτην
2381 1683 2599 1753 μικρόν.
2628 1682 2732 1737 Sed
2764 1686 3041 1753 quomodo
3073 1682 3316 1749 Samuel,
3356 1683 3458 1739 Le-

1892 1776 2003 1828 vita
2033 1789 2157 1829 cum
2193 1772 2379 1834 fuerit,
2412 1773 2533 1844 ipso
2574 1774 2762 1844 Ephod
2790 1790 2923 1831 usus
2943 1783 3047 1839 est,
3070 1775 3214 1844 quod
3242 1791 3460 1829 sununo

212 1855 372 1925 αὐτῷ
412 1857 570 1926 χάριν
611 1857 952 1911 ἐπανθοῦσαν
991 1859 1295 1928 ἑωρακότα,
1328 1858 1424 1912 καὶ
1472 1857 1785 1929 παραδόξως

1889 1863 2153 1919 duntaxat
2182 1862 2423 1933 pontiﬁci
2445 1864 2783 1934 assignatum
2813 1864 2938 1920 fuit.
2969 1863 3274 1920 Verisimile
3294 1865 3459 1935 igitur

211 1946 502 2015 τεχθέντα,
532 1950 625 2001 καί
662 1949 768 2019 πρὸ
796 1949 999 2003 ὠδίνων
1027 1950 1434 2018 ἑπαγγελθέντα
1452 1990 1467 2013 ,
1498 1951 1592 2002 καὶ
1637 1949 1784 2001 ἔνδον

214 2036 278 2087 ὲν
310 2039 377 2106 τῇ
409 2035 528 2107 θείᾳ
562 2041 734 2108 σκηνῇ
766 2039 1102 2108 τρεφόμενον
1127 2079 1142 2103 ,
1174 2038 1247 2100 ὡς
1280 2036 1440 2106 ἁγίῳ,
1473 2036 1567 2088 καὶ
1597 2033 1788 2097 Ναζω-

215 2128 382 2197 ραίῳ,
417 2129 493 2191 ὡς
526 2128 621 2182 καὶ
645 2128 883 2199 τοῦνομα
915 2129 1098 2200 δηλοῖ,
1129 2130 1222 2181 καὶ
1251 2129 1447 2198 κομιδῇ
1488 2126 1592 2197 νέῳ
1623 2144 1786 2197 μετα-

211 2218 405 2272 δοῦναι
434 2219 663 2290 ταύτησι
694 2220 795 2290 τῆς
824 2221 1009 2290 τιμῆς.
1040 2220 1138 2273 Διὰ
1166 2219 1221 2272 δὲ
1252 2218 1343 2271 τοῦ
1370 2218 1531 2286 ὲφοὺδ
1563 2218 1789 2271 πλεῖστα

214 2311 519 2382 προεδήλου
550 2312 657 2367 τῶν
682 2311 1063 2384 ἀγνοουμένων
1089 2312 1119 2365 ὁ
1144 2311 1298 2376 Θεός.

292 2593 469 2663 Εἵπα,
500 2596 565 2650 Ὀ
589 2592 754 2662 οἶκός
790 2611 941 2658 σου,
985 2596 1081 2650 καὶ
1128 2598 1162 2651 ό
1204 2590 1369 2660 οἶκος
1419 2593 1525 2648 τοῦ
1566 2593 1788 2660 πατρός

208 2703 358 2743 σου.
396 2689 553 2740 Δοκεῖ
595 2687 695 2756 μὲν
735 2687 770 2756 ἡ
817 2685 1124 2757 πρόρρησις
1167 2684 1229 2738 τὸ
1273 2684 1463 2737 τούτου
1492 2684 1643 2751 γένος
1689 2682 1787 2749 τῆς

209 2776 624 2849 ἀρχιερωσύνης
682 2775 944 2845 γυμνοῦν.
994 2775 1300 2830 Αίνίττεται
1351 2774 1409 2827 δὲ
1456 2773 1637 2843 πάσης
1686 2773 1787 2840 τῆς

211 2864 512 2936 Ἰουδαϊκῆς
544 2866 640 2937 τὴν
669 2867 888 2919 παῦσιν.
948 2863 1113 2920 Εἶπον
1142 2867 1272 2936 γὰρ,
1316 2867 1500 2937 φησὶν,
1545 2866 1604 2920 '0
1639 2862 1787 2931 οίκός

212 2974 334 3021 σου,
368 2960 461 3011 καὶ
485 2959 513 3010 ὁ
535 2954 679 3021 οἶκος
706 2957 799 3011 τοῦ
827 2958 1031 3024 πατρός
1054 2976 1170 3022 σου,
1198 2958 1529 3014 διελεύσεται
1558 2959 1786 3013 ἐνώπιόν

215 3065 324 3117 μου
354 3048 455 3109 ἓως
495 3046 710 3109 αἰῶνος.
742 3046 911 3099 Τοῦτο
938 3047 994 3100 δὲ
1034 3049 1095 3100 οὐ
1127 3047 1204 3118 τῷ
1238 3048 1464 3119 Ίθάμαρ
1495 3049 1783 3119 ὑπέσχετο,

210 3139 353 3194 ἀλλὰ
386 3138 465 3209 τῷ
500 3138 732 3209 Ἀαρών.
764 3137 973 3190 Ούκοῦν
998 3137 1137 3190 κατὰ
1162 3137 1339 3207 πάσης
1365 3137 1544 3192 αὐτῶν
1569 3138 1783 3209 ἀπεφῄ-
1809 3177 1852 3238 c

211 3247 348 3284 νατο
371 3230 467 3298 τῆς
497 3229 689 3299 φυλῆς,
718 3230 811 3282 καλ⁸
841 3230 1107 3298 μαρτυρεῖ
1133 3228 1201 3282 τὰ
1230 3229 1502 3299 δρώμενα.
1744 3254 1749 3259 ·

283 3323 393 3376 Kal
419 3321 714 3389 ἐπιϐλέψῃ
739 3321 1077 3389 κραταίωμα
1112 3319 1292 3375 ναῶν.
1334 3320 1407 3375 Τὸ
1436 3320 1598 3392 ῥητὸν
1626 3323 1785 3392 ὴστέ-

215 3432 419 3483 ρισται,
446 3415 581 3483 ὅπερ
614 3412 785 3475 οὕτως
815 3412 1044 3476 ἐξέδωκε
1072 3411 1512 3482 Σύμμαχος.Καὶ
1533 3412 1639 3485 ὄψῃ
1668 3412 1783 3465 θλῖ-

210 3507 305 3577 ψιν
321 3506 689 3578 κατοικήσεως
710 3507 767 3559 ἐν
792 3505 950 3558 παντὶ
973 3497 1017 3572 ᾧ
1042 3504 1528 3576 εύεργετηθήσεται
1545 3505 1780 3577 Ἰσραήλ.

213 3598 373 3661 Τινὲς
399 3597 477 3659 δὲ,
510 3597 845 3665 κραταίωμα
871 3594 977 3661 ὢν,
1006 3595 1289 3664 ὲκθέμενοι
1318 3595 1489 3659 οὕτως
1524 3598 1785 3666 ὲρμήνευ-

214 3704 346 3742 σαν·
383 3688 491 3741 Τοῦ
522 3688 695 3753 ὄντος
736 3686 897 3756 λέγει
928 3686 1096 3741 Θεοῦ.
1115 3687 1255 3755 Ἐγὼ
1282 3687 1391 3758 γὰρ
1420 3686 1560 3755 ειμι,
1595 3688 1780 3758 φησιν,

213 3785 249 3835 ό
280 3782 383 3834 ὢν.
420 3780 621 3834 Τούτου
672 3780 1002 3851 κραταίωμα
1042 3781 1281 3850 κέκτηκε
1323 3781 1424 3850 τὴν
1461 3779 1780 3851 ἱερωσύνην,

210 3873 313 3942 τὴν
358 3873 499 3926 κατὰ
546 3873 644 3943 τὴν
686 3873 840 3938 τάξιν
871 3872 1225 3941 Μελχισεδέκ.
1259 3872 1425 3935 Δίκας
1471 3871 1526 3925 δὲ
1569 3873 1783 3924 τέτικεν

213 3962 357 4032 ὑπὲρ
396 3962 502 4014 τῶν
532 3961 734 4014 παίδων
766 3961 905 4015 Ἡλί.
946 3962 1056 4013 Καὶ
1087 3959 1260 4013 ταῦτα
1300 3960 1636 4031 παραινέσας
1684 3960 1784 4012 αύ-

209 4058 327 4116 τοίς
354 4054 422 4107 τὰ
455 4055 819 4126 προσήκοντα.
850 4054 922 4107 Ού
954 4052 1067 4123 γὰρ
1094 4053 1201 4105 ἔδει
1232 4051 1443 4115 τούτοις
1464 4052 1782 4122 πραοτέρων

214 4147 544 4216 φαρμάκων.
562 4144 725 4198 Ἀλλὰ
750 4144 888 4214 μετὰ
924 4142 1145 4214 πρώτην
1176 4143 1267 4195 καί
1294 4142 1549 4211 δευτέραν
1578 4140 1780 4211 παραί-

214 4253 363 4289 νεσιν
411 4236 518 4290 τῶν
567 4236 725 4306 ἱερῶν
778 4234 1081 4305 περιϐόλων
1118 4234 1293 4305 ἐχρῆν
1339 4232 1777 4288 ἀπελαύνεσθαι’

214 4329 552 4398 παρανομεῖν
579 4328 684 4398 γὰρ
712 4326 809 4380 καλ⁵
836 4327 961 4390 τοὺς
985 4325 1176 4390 ἄλλους
1204 4325 1499 4381 ἐδίδασκον.

281 4687 391 4744 Kal
417 4689 742 4759 ἀναστήσω
765 4686 999 4759 ἐμαυτῷ
1018 4687 1174 4759 ἱερέα
1202 4688 1435 4743 πιστόν.
1475 4687 1659 4742 Ταῦτα
1683 4689 1781 4760 ἀρ-

216 4784 402 4852 μόττει
447 4782 747 4853 ἀνθρώπων
785 4782 884 4852 μὲν
928 4782 1122 4846 οὐδενὶ,
1160 4782 1307 4852 μόνῳ
1352 4782 1408 4834 δὲ
1461 4781 1539 4852 τῷ
1592 4782 1782 4853 Κυρίῳ

211 4872 369 4943 ἡμῶν
409 4872 583 4941 Ἰησοῦ
617 4872 856 4943 Χριστῷ,
883 4872 942 4936 ὃς
975 4873 1266 4944 ἀρχιερεὺς
1286 4870 1444 4942 ἡμῶν
1463 4870 1778 4943 ὠνομάσθη,

208 4966 310 5035 τὴν
335 4964 475 5036 ὑπὲρ
501 4963 656 5034 ἡμῶν
677 4964 867 5016 θυσίαν
893 4964 1179 5036 ἀναφέρων
1204 4962 1281 5034 τῷ
1302 4963 1491 5033 Πατρί.
1515 4964 1780 5034 Χριστοὺς

208 5055 265 5107 δὲ
300 5054 428 5118 τοὺς
461 5055 640 5123 ἱεροὺς
669 5056 1002 5117 ἀποστόλους
1031 5056 1206 5118 καλεῖ,
1240 5058 1332 5109 καὶ
1356 5058 1483 5120 τοὺς
1509 5060 1607 5126 την
1633 5057 1778 5111 ὲκεί-

207 5161 317 5197 νων
377 5144 790 5214 διαδεξαμένους
847 5145 1211 5200 διδασκαλίαν.
1270 5146 1489 5216 Χριστῷ
1540 5146 1636 5215 μὲν
1685 5143 1779 5201 οὗν

207 5235 415 5305 κυρίως
440 5234 716 5304 προσῆκεν
742 5238 776 5305 ἠ
812 5236 1135 5307 πρόρρησις,
1163 5237 1306 5290 κατὰ
1334 5236 1390 5288 δὲ
1418 5236 1517 5305 τὴν
1544 5238 1779 5308 ἱστορίαν

204 5327 288 5396 τῷ
320 5327 528 5380 Σαδοὺκ
548 5366 562 5391 ,
597 5328 656 5391 ὃς
695 5329 760 5380 ὲκ
792 5328 886 5381 τοῦ
924 5328 1191 5400 Ἐλεάζαρ
1222 5330 1476 5397 κατάγων
1511 5329 1572 5382 τὸ
1600 5331 1775 5396 γένος,

207 5420 307 5489 τὴν
343 5420 754 5491 ἀρχιερωσύνην
791 5420 877 5474 διὰ
913 5422 1008 5473 τοῦ
1046 5421 1391 5491 Σολομῶντος
1428 5420 1663 5486 ἐδέξατο.

795 5599 1043 5652 ΚΕΦΑΛ.
1086 5600 1159 5654 Γθ.

273 5688 389 5745 Καὶ
413 5692 447 5742 ό
474 5691 702 5759 λύχνος
726 5692 832 5745 τοῦ
858 5692 1004 5747 Θεοῦ
1033 5691 1213 5762 πρινή
1238 5693 1771 5765 ἐπισκευασθῆναι.

206 5779 492 5833 Δείκνυσιν
535 5780 610 5845 ὡς
658 5782 819 5848 εὐθὺς
868 5783 1006 5854 μετὰ
1049 5784 1147 5857 τὴν
1190 5786 1428 5856 ἑσπέραν
1456 5787 1776 5860 ἀρξαμένων

1888 1963 1990 2019 est,
2019 1956 2136 2009 Heli
2163 1955 2403 2009 divinam
2433 1956 2663 2024 gratiam
2687 1996 2701 2019 ,
2728 1970 2833 2024 qua
2856 1970 2988 2022 puer
3008 1954 3257 2020 ﬂorebat,
3301 1957 3353 2009 in
3391 1970 3459 2010 eo

1888 2045 2270 2101 considerasse
2296 2062 2312 2107 ς
2338 2047 2489 2107 item,
2515 2045 2663 2113 quod
2691 2045 3019 2101 mirabiliter
3054 2048 3107 2101 in
3134 2047 3307 2102 lucem
3338 2045 3459 2101 edi-

1887 2148 1995 2202 tus,
2014 2146 2210 2192 etante
2238 2148 2453 2206 partum
2491 2137 2785 2206 praedictus
2812 2145 2980 2192 esset.
3000 2135 3264 2193 Praeterea
3295 2138 3347 2190 in
3375 2146 3457 2191 ta-

1887 2227 2182 2283 bernaculo
2197 2225 2409 2281 Domini
2438 2227 2706 2291 enutrito,
2738 2237 2921 2296 utpote
2936 2238 3149 2293 sancto,
3173 2227 3450 2293 Nazaraao,

1884 2326 1939 2373 et
1957 2334 1985 2372 a
2007 2317 2114 2373 Deo
2134 2318 2435 2387 postulato,
2462 2316 2516 2374 id
2542 2317 2710 2387 (quod
2733 2333 2929 2373 nomen
2946 2319 3065 2387 ejus
3085 2319 3246 2373 etiam
3272 2319 3455 2373 decla-

1886 2414 2018 2481 rat,)
2056 2412 2203 2485 hunc
2252 2412 2419 2465 etiam
2450 2412 2715 2465 honorem
2756 2412 3039 2480 probabile
3064 2423 3149 2467 est
3172 2412 3452 2467 habuisse.

1883 2503 2149 2559 Caeterum
2170 2518 2267 2573 per
2290 2501 2475 2572 Ephod
2504 2501 2649 2557 Deus
2682 2503 2851 2557 multa
2874 2517 3074 2557 arcana
3105 2503 3452 2573 praedicebat.

1954 2592 2123 2649 Vens.
2154 2594 2245 2649 27.
2276 2591 2426 2652 Dixi,
2460 2591 2663 2645 Domus
2696 2601 2810 2655 tua,
2846 2601 2897 2647 et
2922 2593 3111 2647 damus
3136 2593 3305 2661 patris
3345 2593 3448 2656 tui,

1885 2684 2010 2739 Haec
2042 2684 2326 2755 praedictio
2355 2683 2572 2738 videtur
2604 2679 2872 2737 familiam
2914 2682 3033 2738 Heli
3065 2698 3281 2739 summo
3311 2697 3456 2752 pon-

1885 2778 2091 2830 titicatu
2121 2775 2279 2845 511
2316 2774 2573 2843 dejicere.
2608 2771 2864 2830 Latenter
2888 2790 3020 2830 vero
3051 2776 3218 2829 totius
3242 2773 3453 2829 Judaici

1885 2867 2177 2924 sacerdotii
2211 2866 2371 2920 tinem
2410 2865 2611 2920 innuit.
2648 2863 2768 2919 Dixi
2808 2865 2977 2927 enim,
3004 2866 3221 2935 inquit:
3248 2864 3457 2921 Domus

1886 2969 2003 3021 tua.
2034 2967 2088 3013 et
2122 2959 2323 3012 domus
2357 2957 2533 3026 patris
2567 2958 2669 3022 tui,
2698 2956 3001 3011 ambulabit
3025 2972 3208 3011 coram
3249 2971 3334 3011 me
3362 2972 3456 3013 us-

1884 3065 1991 3120 que
2024 3050 2076 3102 iu
2106 3052 2531 3117 sempiternum.
2560 3048 2616 3102 ιιι
2661 3056 2844 3102 autem
2878 3062 2985 3101 non
3018 3047 3292 3101 lthamaro
3326 3062 3455 3117 pro-

1888 3140 2056 3205 misit,
2091 3138 2184 3195 sed
2210 3139 2436 3195 Aaroni.
2473 3138 2529 3193 In
2556 3147 2669 3193 tota
2693 3140 2880 3209 itaque
2905 3140 3055 3194 tribu
3088 3139 3332 3208 ipsorum
3357 3155 3455 3194 ex-

1888 3233 2093 3303 posuit,
2121 3240 2171 3287 et
2205 3238 2448 3286 testatus
2479 3237 2585 3294 est,
2620 3246 2741 3299 quae
2761 3230 2984 3285 viderit.

1960 3322 2125 3380 Vens.
2151 3323 2242 3379 52.
2269 3323 2508 3391 Aspicies
2544 3323 2856 3392 templorum
2889 3323 3304 3391 ﬁrmamentum.
3330 3319 3455 3375 Haec

1888 3415 2052 3469 verba
2088 3414 2356 3470 asterisco
2381 3413 2584 3483 [notata
2622 3424 2774 3477 sunt,
2811 3428 2936 3481 quae
2973 3411 3342 3482 Symmachus
3373 3411 3454 3467 sic

1888 3506 2127 3562 reddidit
2156 3505 2412 3561 :Videhis
2464 3505 2772 3574 angustiam
2802 3503 3181 3569 habitationis,
3220 3504 3274 3558 in
3301 3503 3451 3559 omni

1888 3612 1974 3664 eo,
2010 3597 2065 3651 in
2100 3612 2211 3667 quo
2230 3595 2396 3652 Israel
2426 3596 2690 3651 beneﬁcio
2742 3594 3035 3650 amcietur.
3062 3592 3292 3660 Quidam
3323 3608 3455 3649 vero

1888 3689 2213 3760 κραταίωμα
2243 3685 2317 3739 ὢν
2350 3695 2710 3757 exponentes,
2742 3685 2810 3740 ad
2842 3686 2988 3740 hunc
3024 3686 3248 3740 modum
3277 3686 3452 3739 inter-

1890 3780 2090 3851 pretati
2132 3786 2293 3833 sunt:
2320 3776 2426 3830 Τοῦ
2463 3778 2615 3841 ὄντος
2648 3777 2798 3845 λέγει
2830 3775 2989 3840 Θεοῦ,
3021 3775 3075 3830 id
3110 3784 3217 3841 est,
3244 3774 3337 3829 Dei
3367 3775 3452 3829 di-

1891 3873 1992 3939 cit,
2036 3871 2130 3941 qui
2168 3869 2409 3925 exsistit.
2445 3867 2558 3939 Ego
2605 3870 2749 3924 enitn
2781 3885 2921 3931 sum,
2969 3868 3166 3938 inquit,
3193 3866 3212 3939 [
3241 3870 3268 3921 ό
3304 3866 3452 3939 dm]

1887 3971 1977 4040 qui
2022 3985 2161 4023 sum.
2182 3966 2332 4023 illius
2352 3968 2755 4020 ﬁrmamentum
2772 3963 3061 4035 appellavit
3083 3962 3449 4019 sacerdotium

1886 4059 2029 4130 quod
2087 4069 2171 4114 est
2226 4055 2525 4113 secundum
2571 4054 2820 4108 ordinem
2878 4052 3269 4107 Melchisedec.
3332 4049 3449 4105 Heli

1888 4159 2094 4215 autem,
2132 4150 2259 4204 licet
2291 4148 2432 4204 ﬁlios
2465 4147 2534 4202 ad
2561 4147 2792 4201 honesta
2815 4144 2990 4199 oﬂicia
3012 4143 3340 4199 adhortatus
3357 4145 3449 4208 sit,

1887 4253 2071 4298 tamen
2103 4258 2203 4313 pro
2232 4243 2312 4297 eis
2338 4255 2526 4311 pmnas
2557 4237 2837 4309 dependit.
2864 4236 2983 4291 Non
3007 4236 3150 4291 enim
3180 4237 3354 4291 lenem
3385 4236 3452 4291 il-

1886 4338 1954 4392 lis
1991 4335 2258 4390 medelam
2293 4330 2563 4387 adhibere
2592 4329 2918 4401 oportebat;
2964 4327 3083 4391 sed,
3127 4335 3251 4397 post
3286 4341 3449 4381 unam

1885 4437 1941 4484 et
1970 4428 2196 4481 alteram
2239 4422 2698 4486 admonitionem,
2739 4436 2768 4475 a
2792 4419 3148 4475 sacerdotum
3182 4418 3452 4488 dignitate

1804 4528 1850 4582 Ι)
1881 4516 2163 4574 amovendi
2192 4521 2348 4571 erant
2382 4531 2395 4567 :
2428 4514 2730 4583 praesertim
2764 4527 2887 4566 cum
2922 4510 3046 4566 aliis
3089 4512 3252 4565 etiam
3304 4509 3450 4579 leges

1882 4606 2118 4665 violandi
2153 4606 2496 4661 occasionem
2531 4604 2857 4673 praeberent.

1952 4696 2122 4751 Vens.
2158 4694 2247 4749 55.
2281 4692 2564 4750 Suscitabo
2586 4692 2713 4745 mihi
2745 4693 2847 4760 ipsi
2864 4693 3191 4746 sacerdotem
3217 4690 3446 4753 ﬁdelem.

1882 4787 2010 4844 Πωο
2045 4785 2251 4842 nemini
2286 4785 2533 4838 omnium
2572 4784 2909 4848 mortalium,
2945 4783 3039 4837 sed
3073 4783 3174 4837 soli
3220 4783 3450 4837 Doznino

1882 4887 2072 4935 nostro
2108 4876 2235 4932 Jesu
2267 4875 2497 4931 Christo
2526 4882 2868 4944 competunt,
2900 4874 2989 4943 qui
3020 4889 3143 4926 cum
3173 4873 3321 4927 Patri
3352 4889 3450 4944 pro

1879 4970 2041 5025 nobis
2077 4968 2354 5022 victimam
2390 4963 2709 5028 obtulisset,
2756 4979 3009 5018 summus
3038 4972 3226 5017 noster
3273 4965 3437 5033 ponti-

1883 5062 1968 5118 fex
2021 5059 2330 5130 appellatus
2363 5065 2470 5113 est.
2511 5057 2765 5113 Christus
2816 5065 3019 5120 autem,
3073 5056 3188 5110 sive
3229 5064 3444 5119 unctos,

1879 5162 2106 5209 sanctos
2131 5151 2413 5221 apostolos
2439 5156 2619 5211 vocat,
2652 5156 2707 5202 et
2738 5146 2865 5201 illos
2902 5147 2994 5216 qni
3032 5146 3340 5201 doctrinam
3370 5147 3448 5215 ip-

1880 5260 2066 5301 sorum
2114 5243 2544 5312 amplectuntur.
2598 5239 2822 5295 Christo
2871 5238 3038 5307 igitur
3085 5238 3337 5306 proprie,
3393 5246 3447 5289 et

1878 5334 2279 5407 principaliter,
2318 5333 2422 5386 hoc
2466 5331 2782 5386 vaticinium
2828 5328 3112 5387 convenit:
3144 5328 3445 5382 secundum

1878 5425 2162 5480 historiam
2193 5432 2395 5487 autem,
2421 5420 2760 5489 Sadoco,qui
2790 5418 2857 5471 ab
2873 5416 3130 5470 Eleazaro
3149 5431 3316 5486 genus
3346 5417 3446 5471 du-

1876 5532 2028 5586 cens,
2043 5532 2138 5587 per
2159 5515 2503 5571 Salomonem
2528 5527 2802 5568 summum
2818 5509 3193 5580 pontificatum
3212 5510 3442 5581 accepit.

2522 5603 2672 5659 CAP.
2710 5602 2797 5657 Ill.

1948 5697 2115 5753 Vens.
2157 5698 2210 5752 5.
2247 5696 2315 5750 Et
2368 5696 2681 5767 priusquam
2735 5694 2951 5748 lucerna
2999 5679 3099 5748 Dei
3142 5699 3445 5762 pra’parata

1875 5799 2028 5844 esset.
2078 5787 2367 5855 Quomodo
2422 5786 2565 5843 Deus
2629 5785 2945 5856 apparuerit
2993 5782 3232 5839 Samueli
3262 5820 3277 5847 ,
3317 5796 3442 5835 cum
