4058 6518
127 359 301 424 1089
1205 361 1737 424 COMMENTARII

1890 359 2036 419 LIB.
2074 360 2102 419 1
2130 360 2425 421 REGUM.

3301 364 3434 429 1093

214 470 540 541 Λέγουσιν
570 474 627 526 οι
648 472 940 527 Γετθιιῖοι.
977 472 1457 543 ’Υποτοπήσαντες
1484 473 1583 541 τὴν
1612 470 1748 540 πλη-

1927 465 2094 523 Vsns.
2127 468 2181 524 8.
2222 468 2421 522 Dicunt
2471 480 2649 524 autem
2697 468 2922 542 Getltei.]
2958 468 3322 541 Snspicantur
3364 477 3435 529 il-

122 561 258 632 γὴν
303 561 384 632 μὴ
413 555 553 616 εἶναι
585 562 885 634 θεήλατον,
917 563 1057 617 ἀλλὰ
1088 563 1245 617 νόσον
1274 566 1338 616 ὲκ
1368 562 1624 633 λοιμικῆς
1668 579 1754 615 τι-

1860 559 1961 612 Iam
1990 559 2203 628 plagam
2239 574 2346 612 non
2378 560 2597 613 immitti
2627 560 2915 624 divinitus,
2951 560 3044 614 sed
3088 562 3337 615 morbum
3367 578 3438 617 ex

127 671 244 717 νος
279 656 699 721 καταστάσεως,
730 656 870 728 πρὸς
916 656 1146 720 ἱαυτοὺς
1182 655 1608 727 μετενεγκόντες
1649 654 1753 707 πά-

1860 648 2147 716 pestilente
2175 650 2412 717 quadam
2448 647 2738 704 aﬂ‘ectione
2788 659 2969 704 ortum
3027 666 3187 716 esse;
3248 666 3433 708 arcam

135 762 364 816 σχουσι
398 746 782 819 παραπλήσια.

1860 740 2026 809 igitur
2059 738 2127 793 ad
2160 753 2221 795 se
2267 737 2684 805 transferentes,
2708 740 2897 796 eadem
2929 744 3234 812 patiuntur.

772 864 1027 917 ΚΕΦΑΛ.
1065 863 1157 931 ς’.

2468 850 2695 907 CAPUT
2738 851 2826 906 Vl.

229 955 353 1009 Kal
374 955 615 1027 ἐγένετο
655 955 695 1024 ἠ
738 954 983 1019 κιϐωτὸς
1014 954 1122 1008 τοῦ
1160 952 1307 1008 Θεοῦ
1345 952 1415 1005 ἐν
1453 948 1611 1019 ἀγρῷ
1640 947 1758 1002 τῶν

1929 940 2095 996 Vens.
2124 942 2176 997 1.
2219 941 2292 996 Et
2334 942 2438 1012 fuit
2469 958 2598 997 arca
2632 944 2687 997 in
2734 959 2864 1013 agro
2907 943 3319 1001 Pallestinorum
3352 964 3438 1003 se-

139 1046 543 1113 ἀλλοφύλων
577 1044 780 1115 μῆνας
815 1043 882 1105 ζ’.
925 1043 1218 1114 Μηδεμιᾶς
1264 1043 1472 1104 πόλεως
1505 1040 1757 1106 δέξασθαι

1860 1041 1997 1100 ptem
2033 1033 2322 1089 mensibus.
2373 1034 2507 1089 Cum
2545 1034 2752 1087 nullum
2787 1051 2853 1089 ex
2891 1036 3104 1106 oppidis
3139 1051 3320 1093 arcam
3349 1055 3438 1094 re-

140 1134 459 1206 τολμώσης
488 1134 587 1206 τὴν
618 1133 871 1195 κιϐωτὸν,
897 1131 1004 1196 ἔξω
1026 1134 1232 1201 ταύτην
1262 1133 1320 1183 ὲν
1350 1130 1603 1200 ὑπαίθρῳ
1624 1146 1757 1182 κατ-

1860 1122 2045 1192 cipet'e
2072 1123 2318 1190 auderet,
2353 1139 2475 1179 eam
2524 1134 2678 1179 extra
2713 1126 2916 1196 oppida
2973 1128 3078 1184 sub
3130 1128 3256 1183 divo
3308 1131 3439 1185 reli-

143 1226 391 1279 ἔλειπον
412 1242 427 1255 ’
457 1225 602 1279 οὕτω
626 1226 727 1294 τῆς
756 1225 972 1295 πληγῆς
1005 1223 1387 1293 ἀπαλλαγῆναι
1415 1221 1753 1291 νομίσαντες.

1860 1224 2119 1288 querunt,
2154 1219 2234 1273 sic
2265 1219 2367 1273 rati
2399 1233 2458 1275 se
2505 1234 2667 1289 posse
2696 1222 2855 1276 malis
2888 1221 3128 1277 liberari.
3164 1222 3439 1289 Quamob-

144 1318 255 1371 Διὸ
292 1320 390 1371 καὶ
425 1316 531 1370 τῶν
557 1318 621 1369 ὲκ
650 1319 753 1388 γῆς
784 1314 1153 1387 ἐτιμωροῦντο
1186 1311 1439 1384 καρπῶν,
1473 1311 1758 1374 πείσαντος

1861 1324 1975 1364 rem
2024 1310 2253 1365 Domino
2290 1312 2440 1381 ipsos
2478 1312 2816 1384 castigante,
2847 1313 3012 1369 etiam
3037 1314 3251 1387 frugum
3280 1325 3439 1371 terra!

146 1406 374 1469 αὐτοὺς
412 1404 507 1459 τοῦ
547 1405 708 1462 Θεοῦ.

1862 1401 2091 1470 penuria
2131 1402 2343 1457 multati
2377 1411 2526 1458 sunt.

246 1491 350 1556 Ὠς
375 1491 559 1556 αὐτὸς
592 1492 691 1544 καὶ
743 1490 869 1558 τοῖς
914 1491 1261 1561 Αῑγυπτίοις
1299 1488 1407 1554 τὰς
1442 1488 1758 1557 διαφόρους

1938 1491 2110 1546 Vens.
2165 1490 2218 1545 6.
2249 1492 2710 1558 Quemadmodum
2744 1494 2856 1563 ipse
2902 1495 3059 1548 etiam
3090 1494 3230 1549 Deus
3265 1497 3439 1551 varias

150 1583 529 1653 ἐπενηνόχει
563 1582 825 1649 πληγάς.
858 1583 979 1636 Ἔτι
1027 1583 1136 1652 γὰρ
1167 1580 1389 1634 ἔναυλον
1419 1577 1564 1649 εἶχον
1614 1578 1758 1632 ὲκεί-

1862 1580 2048 1650 plagas
2093 1579 2365 1651 Egyptiis
2411 1583 2616 1638 intulit.
2678 1583 2969 1639 Rccentem
3026 1586 3170 1640 enim
3224 1585 3438 1639 illarutn

153 1693 278 1730 νων
332 1675 432 1748 τὴν
482 1676 737 1747 μνήμην,
767 1677 842 1739 ὡς
894 1676 1165 1747 μαρτυρεῖ
1207 1672 1337 1744 παρ’
1372 1670 1552 1725 αὐτῶν
1607 1673 1758 1742 εἰρη-

1863 1687 2044 1726 rerum
2109 1671 2432 1726 memoriam
2498 1673 2703 1738 fuisse,
2769 1690 3054 1731 sermones
3105 1691 3293 1730 eorum
3362 1685 3441 1730 te-

161 1770 342 1839 μένα.

1866 1770 2106 1815 stantur.

240 1861 353 1916 Ἔν
397 1860 603 1930 θέματι
640 1857 920 1928 ,βαεργάζὶ
964 1858 1261 1928 Σύμμαχος
1288 1854 1490 1918 οὕτως’
1525 1852 1659 1906 Θέτε
1685 1852 1756 1906 ἐν

1929 1850 1995 1906 In
2025 1853 2287 1920 positione
2312 1853 2583 1926 baergatz.
2620 1855 2986 1926 Symmachus
3030 1855 3096 1910 ad
3130 1856 3276 1910 hunc
3316 1872 3436 1910 uto-

159 1954 251 2020 τῷ
285 1956 592 2023 λαρνακίῳ
633 1951 753 2006 ἀπὸ
793 1952 1052 2020 πλαγίου
1101 1949 1317 2004 αὐτοῦ·
1352 1949 1380 2001 ό
1411 1949 1467 2001 δὲ
1502 1945 1754 2007 Ἀκύλας,
1853 1942 2004 2010 dum,
2038 1945 2233 1999 Ponite
2269 1947 2329 1999 ὲν
2369 1946 2447 2017 τῷ
2493 1946 2773 2017 λαρνακίῳ
2801 1948 2908 1999 ἀπὸ
2945 1946 3175 2014 πλαγίου
3248 1947 3436 2013 αὐτοῦ,

159 2045 613 2115 ὲνυφήκουριις.
652 2044 710 2096 Ὀ
767 2042 824 2095 δὲ
878 2040 1137 2111 Ἰώσηπος
1203 2038 1439 2110 ἁργοζέκ
1501 2053 1632 2108 φησι
1698 2035 1758 2087 τὸ

1860 2032 1909 2085 id
1942 2032 2112 2087 estin
2153 2049 2313 2099 urna,
2349 2037 2432 2091 vel
2479 2037 2715 2105 capsella
2754 2052 2818 2090 ex
2851 2036 3023 2091 latere
3058 2037 3200 2106 ejus.
3240 2039 3439 2107 Aquila

161 2136 616 2206 γλωσσόκομον
640 2133 764 2187 ο.ὐ
791 2132 849 2184 δὲ
880 2131 1014 2195 Θεὸς
1039 2134 1106 2203 τῇ
1137 2130 1245 2184 τῶν
1280 2128 1525 2200 μάντεων
1557 2127 1758 2194 ἐπηκο-

1860 2139 1988 2179 vero
2045 2125 2448 2196 ὲνυφήκουρας.
2504 2127 2777 2198 Josephus
2837 2128 3072 2199 argozelt
3138 2128 3327 2184 dicit:
3376 2129 3440 2183 τὸ

163 2228 409 2299 λούθησε
449 2226 645 2297 γνώμῃ
691 2223 1164 2293 συγκαταϐαίνων.
1199 2222 1313 2275 Καὶ
1344 2219 1455 2290 γὰρ
1486 2214 1673 2287 μεῖζον
1697 2213 1758 2266 τὺ

1860 2215 2258 2288 γλωσσόκομον,
2330 2235 2571 2289 eapsam.
2643 2220 2915 2275 Caeterum
2948 2220 3091 2275 Deus
3147 2221 3437 2290 (quando—

163 2317 614 2389 κατορθούμενον
640 2315 701 2367 τὸ
725 2315 821 2367 καὶ
854 2314 1053 2375 αὐτοὺς
1085 2310 1438 2383 μαρτυρῆσαι
1459 2307 1583 2369 τοὺς
1605 2307 1755 2359 ὲναν-

1860 2307 2079 2375 quidem
2124 2310 2246 2377 plus
2286 2309 2621 2365 diﬂlcullatis
2670 2310 2773 2364 hoc
2802 2325 2941 2381 opus
2981 2310 3213 2364 habebat
3245 2312 3322 2365 rei
3368 2310 3439 2363 ab

161 2413 325 2476 τίους
356 2413 424 2481 τῇ
454 2410 548 2462 τοῦ
575 2407 712 2461 θεοῦ
737 2406 985 2475 δυνάμει,
1018 2404 1115 2457 καὶ
1141 2403 1240 2473 τὴν
1275 2401 1403 2472 περὶ
1426 2397 1618 2452 τούτου
1646 2396 1754 2467 ψῆ-

166 2521 274 2574 φον
301 2504 427 2567 τοὺς
449 2501 627 2555 αὐτῶν
655 2497 1009 2559 διδασκάλους
1034 2495 1363 2562 ἐξενεγκεῖν.

1859 2396 1943 2451 eis
1983 2399 2205 2466 conﬁci)
2240 2400 2692 2456 condescendeus
2728 2401 2896 2471 ipsis,
2936 2401 3271 2456 hariolorum
3315 2417 3441 2457 sen-

1861 2490 2046 2543 tentiae
2079 2490 2498 2545 obsecundavit.
2540 2489 2612 2546 Ut
2647 2490 2752 2561 ipsi
2789 2492 2955 2546 etiam
3004 2491 3194 2547 hostes
3246 2492 3439 2548 virtuti

166 2598 377 2653 divinae
409 2597 780 2652 testimonium
816 2592 1389 2667 perhiberentnutque
1420 2582 1664 2656 magistri
1699 2582 1945 2653 ipsorum
1977 2585 2045 2640 de
2083 2586 2185 2641 hac
2217 2602 2275 2641 re
2309 2600 2463 2641 suam
2500 2586 2828 2642 sententiam
2859 2586 3191 2657 proferrent.
3246 2618 3249 2620 -

242 2693 345 2745 Ἐκ
374 2692 602 2756 πόλεως
627 2685 1084 2756 ἐστερεωμένης,
1116 2685 1211 2738 καὶ
1242 2684 1312 2737 τὰ
1336 2681 1483 2752 ἑξῆς.
1522 2677 1751 2741 ’Δκύλας

172 2780 434 2850 ἰσχυρᾶς
486 2780 763 2850 ᾳησινᾋῢ
807 2778 865 2831 δὲ
910 2775 1225 2846 Σύμμαχος,
1282 2769 1751 2840 τετειχισμένης.

176 2873 328 2935 Ἕως
354 2872 546 2943 κώμης
570 2871 901 2941 ἀτειχίστου,
930 2868 1025 2921 καὶ
1047 2868 1153 2930 ἕως
1177 2863 1345 2919 ’Δϐελ
1365 2863 1463 2932 τῆς
1488 2858 1753 2932 μεγάλης,

172 2966 245 3021 δι’
268 2961 339 3039 ἦς
374 2968 595 3037 ἀφῆκαν
633 2965 732 3037 τὴν
771 2964 1006 3019 κιϐωτὸν
1043 2961 1276 3033 Κυρίου.

257 3146 354 3211 Τίς
398 3142 725 3209 δυνήσεται
767 3138 1184 3209 παραστῆναι;
1236 3135 1380 3191 Ἀντὶ
1420 3131 1517 3187 τοῦ
1547 3130 1757 3201 στῆναι,

179 3238 279 3290 καὶ
323 3236 655 3305 ὑποστῆναι,
694 3231 1006 3303 ἔμπροσθεν
1033 3230 1263 3302 Κυρίου,
1292 3226 1368 3290 ὡς
1395 3227 1443 3279 οἱ
1473 3223 1670 3277 λοιποί.
1698 3221 1759 3274 ΟΞ

1930 2678 2095 2737 Vens.
2142 2681 2227 2735 18.
2276 2681 2359 2736 Ea:
2396 2681 2524 2737 urbe
2570 2683 2808 2748 munita,
2851 2690 2907 2737 et
2940 2698 3061 2753 qua:
3107 2690 3439 2752 sequuntur.

1853 2768 2049 2837 Aquila
2070 2770 2206 2824 dicit
2242 2772 2457 2843 ἰσχυρά.
2485 2771 2845 2843 Symmachus
2868 2773 3279 2844 τετειχισμένης
3307 2788 3445 2829 utm-

1855 2860 2020 2915 nibus
2048 2861 2249 2925 cincta,
2283 2877 2457 2932 usque
2485 2863 2552 2918 ad
2584 2864 2766 2918 vicum
2810 2878 2922 2918 non
2994 2864 3239 2920 cinctum
3284 2882 3443 2921 muro

1859 2963 1916 3007 et
1961 2968 2137 3024 usque
2186 2954 2256 3009 ad
2310 2954 2445 3010 Abel
2499 2954 2779 3011 civitatem
2816 2971 3093 3027 magnam,
3141 2973 3242 3029 per
3273 2975 3438 3030 quam

1861 3060 2048 3102 arcam
2083 3045 2304 3101 Domini
2336 3047 2660 3103 emiserunt.

1934 3135 2101 3193 Vens.
2142 3137 2236 3194 20.
2280 3137 2412 3204 Quis
2453 3139 2646 3207 poterit
2690 3140 2911 3197 astare!
2969 3150 3075 3196 etc.
3146 3140 3255 3196 Pro
3305 3142 3440 3196 sub-

1864 3227 2080 3290 sistere,
2120 3227 2205 3282 vel
2240 3228 2566 3292 consistere,
2590 3243 2777 3282 coram
2807 3227 3059 3293 Domino,
3091 3237 3151 3283 ut
3182 3230 3272 3283 alii
3312 3231 3440 3285 red.

184 3328 286 3398 μὲν
315 3321 410 3379 οὖν
442 3299 695 3394 Ἰεᾷονίου
726 3299 937 3386 παίδες,
968 3319 1044 3383 ὠς
1076 3299 1358 3379 δυσσεϐεῖς
1379 3353 1395 3379 ,
1423 3316 1517 3368 καὶ
1541 3315 1651 3376 τοῖς
1677 3313 1756 3365 εί-

1860 3315 2013 3369 dunt.
2037 3312 2318 3369 Jechonia:
2343 3314 2461 3377 lilii,
2499 3315 2945 3385 quandoquidem
2978 3316 3154 3388 impii,
3183 3326 3237 3373 et
3268 3318 3440 3372 idolo-

184 3418 376 3480 δώλοις
408 3416 786 3487 λατρεύοντες,
817 3411 1196 3483 ἐδυσφόρησαν
1229 3408 1428 3470 ἰδόντες
1456 3406 1555 3477 τὴν
1589 3402 1758 3457 κιϐω-

184 3512 301 3573 τὸν,
332 3511 427 3564 καὶ
450 3510 607 3580 δίκην
637 3508 842 3562 ἔτισαν.
861 3507 920 3559 ὐ
948 3506 1004 3559 δὲ
1032 3505 1159 3567 λαὸς
1192 3500 1511 3571 ἐπαιδεύθη,
1539 3500 1638 3570 τῆς
1675 3515 1760 3551 κι-

186 3602 361 3656 ϐωτοῦ
385 3598 837 3671 προκινδυνεῦσαι
867 3598 943 3669 μὴ
969 3594 1273 3667 βουληθεὶς,
1292 3593 1387 3647 καὶ
1412 3592 1587 3663 μῆνας
1619 3588 1761 3644 ἑπτὰ

187 3693 339 3763 παρὰ
364 3696 475 3755 τοῖς
502 3691 820 3760 ἀλλοφύλοις
846 3689 1053 3760 ταύτην
1076 3687 1257 3757 ἀφεὶς,
1281 3685 1379 3738 καὶ
1404 3682 1480 3754 μὴ
1506 3682 1596 3736 τὸν
1619 3681 1760 3751 ὑπὲρ

188 3787 357 3857 αὐτῆς
392 3783 794 3856 ἀναδεξάμενος
833 3780 1093 3851 πόλεμον.

788 3894 1042 3949 ΚΕΦΔΛ.
1083 3893 1161 3946 Z'.

260 3991 370 4047 Kal
408 3990 483 4045 τὰ
527 3989 691 4058 ἄλση
734 3984 1045 4054 Ἁσταρώθ.
1083 3980 1314 4044 ’Δκύλας
1342 3976 1516 4042 οὔτω,
1549 3976 1624 4030 τὰ
1650 3973 1762 4044 τῆς

204 4084 521 4153 Ἀστάρτης
544 4080 877 4152 ἀγάλματα.
910 4076 1066 4132 Οῦτω
1094 4076 1152 4129 δὲ
1183 4072 1408 4127 καλοῦσι
1434 4069 1533 4141 τὴν
1567 4069 1762 4138 Ἀφρο-

193 4179 365 4247 δίτην,
394 4178 458 4228 ὲκ
500 4173 593 4227 τοῦ
643 4172 871 4243 ἀστέρος
920 4166 1424 4240 παρονομάσαντες.
1446 4161 1627 4231 Αὐτῆς
1653 4159 1762 4229 γὰρ

196 4266 335 4323 εἶναι
368 4268 460 4321 τὸν
499 4264 775 4334 ἑωσφόρον
816 4258 1197 4333 μυθολογοῦσι.

266 4359 368 4415 Καὶ
392 4358 570 4413 ἔλαϐε
599 4351 884 4425 Σαμουὴλ
912 4347 1454 4420 ἀρηιτπαλαθηνόν.
1493 4345 1631 4418 Πρὶν
1654 4344 1762 4415 γὰρ

196 4454 286 4507 τὸν
324 4451 467 4506 θεῖον
493 4446 916 4518 οἰκοδομηθῆναι
949 4442 1120 4507 νεὼν,
1151 4442 1211 4493 ὲν
1258 4438 1535 4511 διαφόροις
1576 4437 1763 4499 τόποις

200 4545 484 4614 ὲλάτρευον
527 4540 608 4612 τῷ
634 4538 775 4610 Θεῷ.
806 4536 914 4591 Τοῦ
958 4536 1066 4605 γὰρ
1111 4533 1242 4588 λαοῦ
1274 4531 1337 4585 τό
1362 4534 1654 4602 πρόχειρον
1680 4530 1760 4591 εἰς

1860 3408 2011 3460 ἰειται
2046 3414 2239 3474 erant,
2289 3406 2646 3477 inspicientes
2700 3421 2912 3473 arcam,
2953 3409 3194 3479 graviter
3234 3408 3437 3476 aﬂlicti,

1859 3513 2052 3570 pmnas
2081 3499 2371 3555 dederunt.
2402 3500 2647 3569 Populus
2677 3509 2860 3556 autem
2896 3501 3019 3557 ideo
3054 3517 3085 3556 a
3120 3500 3231 3556 Deo
3264 3501 3437 3557 casti-

1858 3600 2018 3660 gatus
2051 3598 2170 3654 est,
2210 3592 2337 3661 quia
2379 3592 2590 3646 nullum
2628 3608 2726 3663 pro
2756 3606 2883 3648 arca
2914 3592 3219 3665 periculum
3252 3593 3439 3649 subire

1859 3681 2053 3745 voluit,
2079 3682 2345 3751 nulloque
2376 3682 2517 3737 bello
2557 3690 2837 3753 suscepto,
2872 3698 2992 3739 eam
3033 3683 3319 3739 mensibus
3351 3698 3440 3739 se-

1858 3782 2004 3845 ptem
2023 3772 2358 3843 ,Paltestinis
2389 3774 2784 3845 permiserunt.

2454 3882 2682 3938 CAPUT
2722 3882 2838 3937 VII.

1928 3969 2183 4027 Vens?»
2260 3972 2327 4025 Et
2383 3973 2528 4027 lucos
2583 3972 2863 4029 Astaroth.
2925 3975 3144 4045 Aquila,
3204 3976 3436 4031 Ασίαν-ιω

1858 4068 2065 4113 statuas
2097 4061 2292 4114 reddit.
2331 4059 2423 4115 Sic
2452 4070 2633 4116 autem
2664 4061 2928 4118 Venerem
2983 4079 3013 4116 a
3048 4065 3227 4119 sidere
3261 4066 3435 4121 deno-

1860 4152 2094 4207 minant.
2127 4152 2446 4209 Luciferqu
2477 4154 2622 4209 enim
2657 4155 2831 4224 ipsius
2876 4169 2998 4210 esse
3030 4155 3365 4213 fabulantur.

1930 4332 2100 4410 θεῇς.
2137 4356 2190 4411 9.
2253 4355 2325 4410 Et
2370 4359 2570 4429 accepit
2625 4357 2841 4414 Samuel
2895 4376 3089 4430 agnum
3134 4361 3432 4430 lactentem,

1860 4456 1971 4501 etc.
1999 4448 2308 4518 Antequam
2339 4451 2487 4504 enim
2531 4450 2788 4520 templum
2825 4447 2918 4503 Dei
2970 4449 3292 4505 aediﬁcatum
3342 4468 3434 4508 es-

1861 4548 1967 4601 set,
1991 4538 2101 4594 Deo
2129 4540 2301 4595 variis
2336 4540 2392 4595 in
2435 4542 2571 4596 locis
2601 4540 3005 4596 sacrificabant.
3041 4542 3145 4608 Qui
3180 4559 3301 4597 cum
3337 4560 3436 4613 pu-

202 4636 445 4690 ἁσέϐειαν
473 4633 833 4702 ἐπιστάμενος
854 4670 870 4695 ,
899 4629 980 4682 ἑνὶ
1007 4628 1107 4698 τὴν
1138 4625 1292 4679 θείαν
1318 4622 1574 4715 λατρείαν
1600 4637 1758 4715 περι-

1865 4630 2048 4701 pulum
2075 4630 2141 4684 ad
2175 4631 2510 4699 impietatem
2548 4646 3029 4715 propensum'esse
3084 4631 3272 4697 sciret,
3313 4634 3436 4686 cul-

201 4729 361 4798 ὠρισε
388 4727 561 4797 τόπῳ.
596 4724 721 4787 Τοῖς
763 4722 869 4793 γὰρ
913 4719 1164 4773 εὐσεϐέσι
1182 4757 1198 4778 ,
1226 4717 1319 4770 καὶ
1345 4715 1436 4768 τὸν
1468 4714 1562 4768 τοῦ
1590 4713 1756 4783 νόμου

203 4821 397 4875 σκοπὸν
422 4817 828 4887 ἑπιστάμενοις,
850 4815 995 4876 ἄπας
1018 4813 1097 4874 είς
1117 4810 1216 4878 τὴν
1233 4808 1328 4861 τοῦ
1350 4804 1485 4859 Θεοῦ
1502 4803 1758 4875 λατρείαν

203 4912 469 4982 ἀφιέρωτο
501 4910 686 4970 τόπος.
718 4907 829 4961 Καὶ
871 4905 980 4976 γὰρ
1018 4902 1200 4964 Ἠλίας
1228 4903 1256 4955 ό
1287 4900 1461 4967 πάνυ,
1490 4896 1585 4951 τοῦ
1622 4893 1757 4950 Θεοῦ

205 5003 302 5057 νεὼ
332 5002 467 5072 πρὸς
494 5000 685 5054 ἑαυτὸν
706 4998 953 5060 ἅπαντας
975 4994 1117 5049 κατὰ
1146 4994 1237 5047 τὸν
1257 4992 1419 5062 νόμον
1444 4988 1753 5051 καλοῦντος,

205 5097 260 5151 ἐν
287 5093 365 5166 τῷ
398 5091 683 5164 Καρμήλῳ
727 5088 1111 5159 θυσιαστήριον
1139 5082 1452 5156 ᾠκοδόμησε
1473 5122 1488 5146 ,
1523 5080 1617 5132 καὶ
1663 5078 1760 5129 θυ-

208 5192 322 5243 σίαν
357 5188 719 5257 προσήνεγκε.
1198 5225 1203 5229 .

798 5294 1047 5350 ΚΕΦΑΛ.
1089 5293 1170 5344 H'.

275 5394 381 5448 Kal
422 5393 534 5446 οὐκ
568 5388 988 5456 ἐπορεύθησαν
1016 5386 1071 5437 οἱ
1100 5380 1216 5435 υἱοὶ
1242 5378 1426 5434 αὐτοῦ
1450 5379 1520 5432 ὲν
1544 5378 1621 5448 τῇ
1647 5378 1764 5443 ὀδῷ

210 5483 407 5541 αὐτοῦ.
448 5482 559 5536 Καὶ
588 5480 703 5544 πῶς
732 5478 831 5531 οὐκ
863 5476 1037 5530 ἔτισεν
1069 5474 1209 5545 ὑπὲρ
1232 5470 1339 5525 τῶν
1368 5471 1571 5525 παίδων
1608 5471 1763 5533 δίκας

1864 4730 1978 4775 tum
2012 4736 2171 4777 suum
2210 4723 2376 4778 unico
2425 4724 2544 4779 loco
2580 4722 3043 4792 circumscripsit.
3085 4721 3197 4777 Piis
3228 4730 3433 4787 autem,

1862 4812 1955 4882 qui
2005 4828 2255 4882 scopum,
2305 4822 2359 4868 et
2407 4814 2567 4868 ﬁnem
2620 4812 2754 4882 legis
2805 4812 3214 4882 intelligebaut,
3256 4816 3436 4869 omnis

1865 4906 2018 4959 locus
2049 4909 2113 4957 ad
2172 4903 2380 4957 cultum
2433 4904 2678 4958 divinum
2717 4911 3073 4957 consecratus
3106 4912 3242 4958 erat.
3299 4902 3435 4959 Nam

1864 4992 2046 5047 Helias
2076 5009 2317 5064 quoque,
2346 4994 2445 5049 etsi
2489 4993 2752 5063 templum
2803 4991 3016 5047 Domini
3044 5008 3234 5049 omnes
3267 4993 3334 5047 ad
3378 5008 3437 5048 se

1862 5086 2109 5140 studiose
2134 5085 2293 5155 juxta
2336 5086 2469 5157 legis
2506 5097 2843 5155 praeceptum
2876 5086 3123 5150 vocabat,
3158 5098 3339 5142 tamen
3381 5088 3436 5141 in

1865 5177 2116 5232 Cat-melo
2146 5184 2428 5231 exstructo
2461 5178 2617 5230 altari
2650 5177 2924 5231 victimam
2969 5177 3191 5231 obtulit.

2440 5284 2668 5340 CAPUT
2721 5286 2854 5341 VIII.

1936 5376 2102 5433 Vsus.
2133 5379 2186 5433 ‘5.
2232 5376 2300 5430 Et
2350 5393 2454 5430 non
2496 5378 2900 5431 ambulaverunt
2934 5378 3037 5446 ﬁlii
3094 5379 3213 5449 ejus
3256 5382 3310 5435 in
3341 5381 3439 5435 viis

1866 5469 2002 5538 ejus,
2029 5478 2135 5525 etc.
2169 5467 2281 5523 Cur
2318 5484 2428 5524 non
2475 5469 2639 5524 etiam
2676 5468 2898 5524 Samuel
2928 5468 2999 5523 ob
3036 5469 3437 5539 improbitatem

1482 5648 1715 5703 VARI/[‘3
1746 5647 2146 5709 LECTIONES.

285 5783 309 5815 ⁸
332 5772 391 5829 C.
413 5772 477 5829 L.
505 5774 595 5831 hic
627 5772 780 5830 addit
810 5789 824 5829 :
871 5771 967 5827 uad.
1001 5771 1051 5826 oi
1084 5769 1185 5843 μὶν
1212 5764 1445 5821 πλεκτὸν
1472 5762 1674 5818 ὡσανεὶ
1704 5763 1926 5835 κόφινον
1947 5782 1960 5797 ο
1994 5768 2041 5821 οἱ
2068 5767 2124 5820 δὲ
2154 5768 2217 5821 ὲκ
2241 5766 2463 5838 τριχῶν,
2494 5758 2581 5818 οἶα
2605 5763 2672 5816 τὰ
2714 5761 2933 5818 σακκία.
