4058 6504
216 372 364 437 1093

1220 359 1818 422 COMMMENTARII
1858 358 1939 420 IN
1988 360 2135 421 LIB.
2172 359 2200 419 Ι
2240 359 2531 424 REGUM.

3341 366 3501 431 -1094

209 484 584 558 ὁμολογοῦντα
602 482 816 540 πενίαν.
848 483 1053 537 Τούτου
1089 480 1255 551 χάριν
1287 478 1498 549 βεϐαιοῖ
1548 477 1649 547 τὴν
1699 477 1798 548 τῆς

1917 475 2097 531 stieam
2114 474 2493 533 dilIicultatem
2511 477 2696 536 fateri.
2719 479 2981 553 Hancque
3006 483 3078 539 ob
3105 497 3330 540 causam
3363 500 3502 555 pra:-

212 579 502 652 βασιλείας
522 576 859 645 ἐπαγγελίαν
886 577 1010 638 ταῖς
1035 571 1396 645 προρρήσεσι.

284 672 398 727 Καὶ
419 667 748 738 στραφήσῃ
776 669 865 734 είς
890 665 1078 734 ἄνδρα
1101 663 1320 718 ἄλλον.
1363 658 1584 728 Ἐπειδὴ
1613 656 1802 729 ἄγροι-

209 781 313 827 κος
367 758 459 833 ἦν,
511 760 781 831 γεωργεῖν
836 757 1203 826 ἐπιστάμενος
1235 752 1432 823 μόνον,
1489 749 1801 821 χειροτονή-

212 873 318 921 σας
350 854 513 910 αὐτὸν
544 852 792 925 βασιλέα,
826 849 1110 922 βασιλικὸν
1139 845 1290 917 αὐτῷ
1338 843 1597 915 φρόνημα
1637 843 1803 896 δέδω-

210 966 333 1006 κεν.

278 1043 348 1096 Et
374 1040 474 1094 καί
506 1037 709 1094 Σαοὺλ
736 1036 807 1091 ἐν
830 1032 1165 1105 προφήταις
1194 1046 1213 1096 ;
1245 1030 1565 1100 Σύμμαχος,
1595 1026 1688 1099 Μὴ
1722 1025 1804 1081 ἔτι

210 1136 312 1190 καὶ
349 1132 560 1199 Σαούλ;
593 1131 708 1184 Οὐκ
733 1129 858 1201 ἔσχε
886 1127 943 1181 δὲ
976 1124 1221 1196 διηνεκὲς
1250 1127 1350 1196 τῆς
1372 1122 1711 1195 προφητείας
1740 1120 1802 1175 τὸ

208 1228 483 1299 χάρισμα,
511 1227 590 1287 εἰς
648 1222 885 1295 δήλωσιν
909 1219 965 1273 δὲ
998 1219 1098 1288 τῆς
1148 1215 1529 1287 πνευματικῆς
1592 1214 1803 1285 δωρεᾶς

208 1320 336 1373 κατ’
366 1320 573 1371 ἐκεῖνον
620 1314 997 1385 προεφήτευσε
1043 1310 1134 1363 τὸν
1170 1308 1385 1379 καιρόν.
1414 1305 1603 1369 Οὕτως
1628 1304 1722 1359 καὶ
1752 1306 1801 1358 ot

212 1411 588 1480 ἐϐδομήκοντα
612 1404 1001 1477 πρεσϐύτεροι,
1034 1400 1195 1463 εὐθὺς
1229 1400 1327 1469 μὲν
1359 1396 1674 1464 ἐκλεγέντες
1694 1392 1802 1447 ὑπὸ

211 1501 498 1564 Μωῦσέως
544 1495 914 1570 προφητεύειν
980 1492 1265 1563 ἠξίωνται,
1313 1491 1374 1544 οὐ
1421 1490 1532 1560 μὴν
1583 1487 1665 1541 ἐτι
1708 1486 1804 1540 καὶ

216 1596 359 1665 μετὰ
388 1594 577 1647 ταῦτα.
603 1589 961 1659 Σοεριζόμενοι
980 1586 1037 1640 δὲ
1076 1584 1230 1656 παρὰ
1254 1582 1412 1651 Θεοῦ,
1433 1579 1529 1635 τοῦ
1549 1580 1680 1635 λαοῦ
1702 1580 1805 1643 τὰς

210 1686 660 1758 ἀμφισϐητήσεις
683 1681 917 1736 διέλυον.

1904 566 2243 624 dictionibus
2278 570 2431 640 regni
2466 572 2892 641 promissionem
2924 575 3219 631 conﬁrmat
3242 617 3256 631 .

1975 659 2143 716 Vsus.
2168 661 2302 715 6.Et
2332 663 2384 715 in
2412 664 2580 718 alium
2604 666 2777 721 virum
2801 669 3111 724 mutaberis.
3139 668 3278 736 Quia
3310 686 3501 738 agres-

1907 754 1976 808 tis
2015 763 2155 820 erat,
2192 763 2246 809 et
2280 764 2490 810 tantum
2526 765 2731 813 terram
2761 761 2944 815 colere
2981 770 3234 826 noverat,
3280 763 3499 821 delecto

1904 845 1959 900 in
1994 862 2200 917 regem,
2234 847 2445 919 regium
2491 850 2736 905 animum
2778 850 3010 906 indidit.

1977 1019 2139 1075 Vsus.
2172 1020 2259 1075 Il.
2296 1019 2442 1075 Num
2473 1032 2522 1077 et
2555 1023 2690 1079 Saul
2716 1026 2854 1080 inter
2886 1028 3214 1097 prophetas?
3244 1028 3499 1102 Symma-

1905 1111 2065 1173 chus,
2095 1108 2234 1164 Num
2270 1112 2432 1166 etiam
2487 1112 2701 1178 adhuc,
2736 1116 3031 1186 deinceps,
3059 1128 3111 1171 et
3159 1116 3332 1172 Sauli
3379 1116 3496 1172 Non

1905 1209 2088 1256 autem
2124 1212 2395 1273 perpetuo
2443 1212 2497 1257 et
2527 1207 2879 1262 continenter
2941 1211 3244 1279 prophetia:
3282 1210 3491 1265 donum

1906 1293 2120 1361 habuit,
2156 1296 2274 1361 sed,
2314 1304 2374 1349 ut
2432 1296 2721 1365 spirituale
2752 1299 2957 1355 donum
3009 1316 3133 1357 eum
3196 1302 3499 1373 accepisse

1907 1384 2262 1441 manifestum
2300 1395 2471 1452 esset,
2506 1388 2600 1444 illo
2627 1391 2794 1446 ctiam
2833 1401 3075 1463 tempore
3117 1395 3495 1464 prophetarit.

1909 1476 2002 1532 Sic
2052 1478 2217 1532 etiam
2261 1480 2609 1549 septuaginta
2664 1482 2912 1539 seniores
2946 1500 2976 1538 a
3034 1483 3219 1557 Moyse
3277 1486 3499 1555 delecti,

1906 1585 2032 1624 mox
2066 1571 2369 1641 prophetiae
2416 1571 2562 1628 dono
2592 1574 2804 1645 dignati
2844 1584 2993 1639 sunt.
3031 1594 3140 1632 non
3188 1587 3370 1633 tamen
3420 1580 3498 1635 ita

1906 1663 2196 1733 deinceps.
2229 1662 2521 1720 Prudentia
2557 1683 2687 1721 vero
2722 1683 2752 1723 a
2792 1670 2899 1723 Deo
2967 1670 3247 1735 instructi,
3308 1673 3495 1743 populi

1906 1769 2124 1819 causas,
2158 1764 2211 1810 et
2236 1759 2644 1815 controversias
2674 1761 3029 1816 dirimebant.

294 1862 358 1917 '0
382 1860 603 1927 οικεῖος
642 1856 854 1913 αὐτοῦ.
908 1853 1145 1919 ’Δκύλας
1191 1852 1380 1924 φησιν,
1411 1851 1441 1903 ὁ
1464 1846 1793 1919 πατράδελο

1974 1845 2139 1900 Vsus.
2169 1847 2255 1902 15.
2293 1847 2648 1917 Domesticus,
2678 1856 2785 1907 sive
2808 1855 3134 1925 propinquus
3156 1855 3294 1925 ejus.
3326 1857 3497 1928 Aqui-

208 1972 392 2101 pariat
417 2041 904 2112 κατακληροῦται
934 2038 1103 2110 φυλὴ
1126 2034 1433 2105 Βενιαμίν.
1489 2032 1627 2087 Οὐδὲ
1686 2032 1797 2095 τοὶς

209 2136 379 2200 θείοις
425 2134 735 2206 προφήταις
800 2130 1090 2185 ἐπίστευον
1121 2128 1173 2181 οἱ
1213 2125 1453 2197 πονηρίᾳ
1501 2121 1791 2188 συζῶντες.

220 2229 312 2293 Ὠς
329 2229 395 2282 ἂν
416 2222 511 2281 οὖν
537 2226 613 2297 μὴ
641 2221 923 2287 τοπάζωσι
970 2221 1195 2293 χάριτος
1249 2216 1601 2289 ἀνθρωπίνης
1652 2211 1797 2268 εἶναι

204 2319 312 2389 τὴν
342 2319 541 2389 ψῆφον,
570 2316 757 2387 κλήρῳ
800 2314 899 2387 τὴν
936 2313 1120 2384 κρίσιν
1164 2308 1489 2382 ἐπέτρεψεν,
1516 2310 1578 2361 τὸ
1605 2306 1797 2361 δοκοῦν

207 2412 533 2483 ἐμφαίνοντι
556 2410 635 2481 τῷ
665 2409 811 2481 Θεῷ.
867 2406 1192 2479 Κληρωθεὶς
1220 2406 1276 2459 δὲ
1304 2404 1479 2458 Σαοὺλ
1530 2403 1796 2474 ἐπειράθη

206 2504 418 2571 λαθεῖν,
449 2503 587 2574 ὑπὲρ
620 2502 723 2573 τὴν
755 2499 916 2567 ἀξίαν
973 2496 1141 2553 αὐτοῦ
1178 2496 1278 2569 τὴν
1335 2494 1585 2561 ἐξουσίαν
1630 2492 1795 2564 ὀρῶν.

219 2596 362 2649 Ὑπὸ
414 2594 550 2649 Θεοῦ
574 2594 633 2648 δέ
658 2593 736 2665 τῷ
768 2593 1026 2665 προφήτῃ
1069 2589 1305 2661 δεχθεὶς,
1349 2588 1444 2660 τὴν
1474 2588 1570 2641 ἐπὶ
1595 2584 1797 2649 παντὸς

206 2688 308 2742 τοῦ
330 2688 461 2743 λαοῦ
482 2686 821 2759 χειροτονίαν
844 2683 1085 2750 ἐδέξατο.

798 2945 1048 3000 ΚΕΦΑΛ.
1088 2942 1192 2997 IA'.

298 3044 403 3099 Ἐν
424 3041 503 3109 τῷ
521 3039 803 3111 ἐξορύξαι
828 3036 998 3109 ὑμῶν
1028 3037 1274 3091 πάντων
1325 3031 1531 3098 δεξιὸν
1572 3030 1798 3100 ὀφθαλ-

1903 1938 1949 1991 la
1979 1938 2146 2002 dicit,
2187 1941 2566 2012 πατράδελφος
2599 1952 2850 2013 patruus.

1971 2027 2135 2085 Vnus.
2166 2029 2258 2086 20.
2292 2031 2363 2085 Et
2389 2037 2527 2103 forte
2556 2035 2800 2090 educitur
2830 2035 3001 2091 tribus
3029 2035 3335 2105 Benjamin.
3367 2036 3499 2092 Pra-

1897 2120 1983 2176 vis
2010 2120 2213 2178 studiis
2249 2132 2358 2177 tam
2408 2124 2617 2181 addicti
2653 2136 2837 2191 erant,
2876 2136 2935 2181 ut
2979 2128 3147 2183 etiam
3202 2128 3489 2200 prephetis

1899 2211 1993 2267 Dei
2028 2212 2188 2268 [idem
2236 2230 2347 2270 non
2397 2216 2761 2274 adhiberent.
2806 2219 2885 2274 Ne
2930 2220 3102 2291 igitur
3170 2220 3495 2291 sullragium

1899 2303 2128 2360 humani
2192 2307 2360 2362 studii
2445 2316 2499 2362 et
2561 2308 2768 2367 favoris
2827 2327 2952 2367 esse
3034 2312 3494 2383 suspicarentur,

1911 2396 2046 2450 sorti
2098 2396 2372 2467 judicium
2413 2401 2668 2470 permisit
2715 2403 3004 2472 pr0pheta,
3046 2415 3124 2469 ul,
3180 2403 3328 2474 quod
3388 2402 3499 2457 Deo

1899 2487 2074 2542 visum
2116 2497 2284 2553 esset,
2320 2487 2664 2547 declararet.
2703 2492 2834 2548 Saul
2865 2508 3021 2561 vero,
3047 2493 3160 2564 jam
3217 2504 3369 2551 sorte
3397 2494 3496 2550 de-

1900 2575 2099 2642 lectus,
2137 2576 2500 2635 considerans
2537 2580 2679 2635 hanc
2710 2590 3067 2651 potestatem,
3107 2598 3206 2637 sua
3250 2582 3494 2652 dignita-

1900 2675 1973 2733 te,
2013 2675 2068 2722 et
2099 2668 2317 2725 meritis
2362 2669 2529 2739 longe
2559 2672 3008 2727 escellentiorem
3068 2682 3122 2729 et
3158 2674 3497 2744 superiorem

1897 2772 2023 2813 esse
2053 2798 2068 2823 ,
2118 2759 2332 2814 occulte
2362 2760 2535 2814 latere
2577 2762 2846 2816 tentabat.
2880 2762 2986 2817 Sed
3035 2777 3065 2816 a
3101 2762 3212 2819 Deo
3254 2763 3500 2821 Samueli

1899 2856 2181 2915 ostensus,
2216 2849 2315 2904 toti
2348 2850 2552 2921 populo
2578 2853 2868 2921 praefectus
2898 2864 3001 2909 est.

2551 2940 2708 2997 CAP.
2746 2942 2839 2997 XI.

1972 3028 2137 3084 Vens.
2170 3028 2225 3084 2.
2262 3029 2331 3083 Ut
2362 3030 2509 3085 vobis
2541 3031 2785 3086 omnibus
2819 3033 2998 3088 dexter
3038 3038 3223 3089 oculus
3255 3042 3498 3091 eruatur.

208 3138 352 3209 μόν.
417 3135 754 3207 Ἀχρήστους
804 3132 1003 3194 αὐτοὺς
1074 3132 1154 3193 είς
1223 3126 1462 3197 πόλεμον
1515 3125 1796 3194 ἀποφῆναι

1917 3120 2182 3177 lsraelitas
2235 3121 2378 3176 bello
2440 3122 2666 3178 inutiles
2722 3123 2954 3179 reddere
3016 3125 3209 3180 voluit.
3264 3124 3502 3181 Sinister

214 3200 585 3301 βουλόμενος.⁷
618 3227 676 3281 ὐ
710 3226 821 3298 γὰρ
863 3222 1150 3295 εὐώνυμος
1183 3221 1486 3293 ὀφθαλμὸς,
1517 3222 1585 3291 τῇ
1611 3217 1797 3272 ἀσπίδι

1917 3213 2046 3266 :nim
2097 3213 2295 3268 oculus
2323 3213 2517 3284 clypeo
2548 3214 2790 3284 tegitur;
2829 3214 3026 3268 dextro
3064 3223 3276 3279 autem,
3308 3216 3498 3271 hostes

211 3323 578 3385 καλύπτεται,
605 3321 634 3373 ὁ
654 3319 713 3372 δέ
727 3317 924 3383 δεξιὸς,
955 3317 1083 3379 τούς
1132 3313 1432 3384 πολεμίους
1462 3312 1592 3383 ὁρᾷ·
1620 3304 1681 3364 οὗ
1713 3326 1797 3372 τις

1917 3302 2235 3373 aspicimus;
2259 3318 2370 3374 quo
2394 3305 2440 3358 si
2476 3304 2602 3374 quis
2632 3304 2900 3375 privetur,
2927 3305 3090 3360 facile
3112 3305 3374 3359 vincitur.
3406 3304 3500 3362 Sic

213 3413 606 3484 ἐστερημένος,
634 3410 928 3472 εὐάλωτος.
960 3406 1118 3461 Οὕτω
1142 3407 1243 3485 καί,
1257 3405 1521 3474 δυνάμεις
1551 3404 1606 3455 αἱ
1630 3418 1798 3471 πονη-

216 3505 395 3575 ραὶτὰ
418 3502 566 3569 δεξιά
613 3499 723 3553 τῶν
778 3498 1073 3568 νοημάτων
1137 3495 1498 3566 περικόπτειν
1539 3491 1793 3560 ἐπείγον⁹

211 3615 327 3652 ται.

816 3681 1072 3736 ΚΕΦΑΛ.
1098 3680 1202 3732 IB’.

298 3803 690 3871 Ἀποκρίθητε
734 3798 865 3853 κατ’
905 3795 1054 3866 ἐμοῦ
1078 3794 1339 3848 ἐνώπιον
1390 3790 1630 3858 Κυρίου.
1664 3788 1800 3859 Κρι-

210 3897 313 3968 τὴς
333 3896 408 3950 ὣν
437 3894 687 3961 ἐξίστατο
717 3892 816 3961 τῆς
849 3887 1119 3954 ἐξουσίας,
1150 3887 1244 3939 καὶ
1276 3885 1479 3953 ταύτην
1503 3880 1798 3952 παρεδίδου

209 3988 295 4058 τῷ
326 3986 554 4057 βασιλεῖ.
590 3983 695 4038 Καὶ
718 3983 785 4036 τὰ
814 3981 937 4035 καθ’
965 3978 1160 4034 ἑαυτὸν
1203 3975 1397 4039 εἰπὼν,
1436 3972 1532 4027 καὶ
1575 3970 1799 4041 σύμψη-

210 4094 317 4145 φον
342 4076 685 4145 κτησάμενος
727 4073 818 4126 τὸν
856 4070 985 4124 λαὸν
1019 4069 1119 4138 τὴν
1146 4058 1385 4136 ἔννομον
1410 4062 1623 4117 ἐκείνου
1646 4060 1798 4128 ἐξου-

213 4165 342 4219 σίαν
391 4163 654 4229 ἐδίδαξεν.

288 4336 399 4391 Καὶ
436 4334 556 4390 νῦν
580 4331 938 4399 κατάστητε,
963 4327 1063 4383 καί
1096 4325 1323 4381 δικάσω
1345 4323 1522 4394 ὑμᾶς,
1542 4322 1801 4376 ἐνώπιον

211 4432 478 4500 Κυρίου,
518 4427 614 4481 καὶ
656 4426 727 4479 τὰ
774 4424 923 4494 ἐξῆς.
959 4422 1258 4493 Σύμμαχος
1309 4417 1502 4480 οὕτως,
1544 4415 1653 4468 Καὶ
1703 4413 1799 4468 νῦν

1902 3393 2236 3450 adversaria:
2267 3396 2432 3449 etiam
2465 3403 2772 3466 potestates
2822 3396 2987 3452 nobis
3031 3394 3260 3452 dextros
3305 3397 3497 3452 oculos

1899 3484 2115 3555 eripere
2146 3494 2421 3539 conantur
2438 3521 2454 3538 .

2545 3658 2701 3715 CAP.
2750 3658 2865 3715 XII.

1970 3770 2140 3828 Vens.
2171 3773 2225 3829 ὅ.
2254 3771 2583 3842 Respondete
2635 3784 2826 3826 contra
2869 3789 2951 3827 me
3007 3790 3188 3829 coram
3245 3773 3496 3832 Domino.

1903 3867 2149 3931 Samuel,
2185 3876 2407 3921 amotus
2436 3866 2506 3920 ab
2538 3864 2717 3919 cilicio
2761 3865 2994 3934 judicis,
3036 3881 3193 3922 suam
3246 3876 3497 3938 potesta-

1902 3964 2011 4010 tem
2053 3956 2108 4011 iu
2146 3972 2330 4028 regem
2364 3957 2670 4020 transtulit,
2707 3966 2762 4010 et
2818 3972 2942 4011 cum
3003 3957 3071 4013 de
3130 3959 3296 4013 rebus
3327 3999 3342 4025 ,
3380 3975 3501 4029 quite

1899 4064 2054 4103 suam
2083 4062 2375 4117 personam
2405 4048 2771 4118 attingebant,
2804 4047 2968 4102 verba
2996 4047 3238 4113 fecisset,
3263 4065 3502 4105 consen-

1900 4138 2234 4208 tientetnque
2270 4140 2528 4208 populum
2558 4140 2805 4205 haberet,
2842 4138 3084 4209 legitime
3144 4141 3298 4195 illum
3342 4151 3499 4212 pote-

1901 4239 2099 4286 statem
2131 4245 2322 4300 gerere
2347 4231 2573 4285 docuit.
3312 4302 3313 4305 η

1981 4320 2150 4378 Vens.
2189 4322 2241 4376 7.
2285 4320 2445 4378 Nunc
2471 4324 2636 4395 igitur
2666 4324 2963 4390 consistite,
3000 4334 3048 4378 et
3101 4322 3358 4394 judicabo
3414 4341 3501 4380 vos

1900 4430 2084 4469 coram
2146 4413 2395 4480 Domino,
2425 4423 2482 4472 et
2525 4432 2649 4487 qua:
2706 4424 3041 4488 sequuntur.
3103 4414 3198 4471 Sic
3254 4414 3505 4487 Symma-

212 4525 560 4594 παράστητε,
602 4520 712 4586 ἵνα,
765 4515 1036 4589 διακριθῶ
1087 4514 1226 4586 πρὸς
1282 4514 1427 4583 ὑμᾶς
1483 4510 1795 4583 ἔμπροσθεν

1917 4510 2065 4575 :hus,
2098 4522 2246 4563 nunc
2268 4515 2433 4575 state,
2467 4518 2529 4564 ut
2564 4510 2840 4579 dijudicer
2868 4526 2897 4563 a
2918 4510 3074 4564 vobis
3102 4524 3289 4563 coram
3314 4509 3500 4563 Βουλί-

211 4617 447 4688 Κυρίου,
483 4614 615 4686 περὶ
639 4610 829 4666 πασῶν
869 4608 980 4664 τῶν
1008 4604 1389 4678 ἐλεημοσυνῶν
1437 4604 1533 4659 τοῦ
1566 4605 1796 4673 Κυρίου,

210 4704 292 4765 ὧν
321 4705 599 4777 ἐποίησεν.

818 4791 1073 4848 ΚΕΦΔΛ.
1105 4789 1206 4846 ll".

295 4915 431 4980 Υἱὸς
462 4909 747 4967 ἐνιαυτοῦ
777 4908 979 4963 Σαοὺλ
1005 4908 1077 4961 ἐν
1103 4903 1184 4972 τῷ
1198 4902 1564 4970 ,βασιλεύειν
1583 4901 1790 4957 αὐτόν.

222 5008 287 5062 Ὀ
325 5006 625 5076 Σύμμαχος
656 5002 939 5070 ἐξέδωκεν,
964 4998 1095 5065 υίὸς
1127 4998 1208 5063 ὡς
1235 4997 1543 5061 ἐνιαύσιος
1584 4993 1801 5047 Σαούλ.

214 5096 382 5169 Δηλοϊ
405 5096 463 5149 δὲ
487 5095 646 5150 τοῦτο
682 5096 779 5163 τὴν
808 5092 1090 5163 ἁπλότητα
1131 5091 1227 5159 τῆς
1276 5087 1457 5158 ψυχῆς
1483 5083 1578 5139 τοῦ
1610 5085 1803 5149 Σαοὺλ,

211 5192 285 5262 ἢν
318 5185 435 5260 εἶχε
465 5186 789 5259 βασιλεύων,
823 5181 968 5258 ᾗπερ
993 5185 1092 5236 οὐκ
1121 5185 1213 5235 ἐπὶ
1234 5181 1487 5235 πλεῖστον
1510 5179 1803 5250 ἐχρήσατο.

1906 4614 1998 4663 ιιο,
2029 4599 2099 4655 de
2143 4598 2295 4655 onmi
2354 4601 2739 4657 misericordia
2766 4642 2783 4669 ,
2818 4617 2987 4672 quam
3042 4600 3308 4656 Dominus
3351 4602 3505 4655 exhi-

1903 4693 2047 4749 buit.

2550 4787 2707 4846 CAP.
2772 4787 2913 4844 XIII.

1982 4901 2145 4957 Vsus.
2183 4901 2235 4955 1.
2262 4900 2397 4958 Cum
2418 4899 2551 4957 Saul
2577 4912 2843 4973 regnaret,
2871 4900 3016 4972 ﬁlius
3037 4902 3196 4955 unius
3222 4900 3350 4955 anni
3367 4911 3502 4959 erat.

1910 4993 2277 5066 Symmachus
2337 4993 2586 5063 exponit,
2646 4994 2783 5048 sicut
2839 5009 2970 5063 puer
3027 4993 3335 5047 anniculus.
3385 4996 3506 5059 Quo

1909 5088 2077 5143 verbo
2111 5085 2442 5156 simplicitas
2476 5086 2644 5141 animi
2673 5088 2850 5157 ipsius
2885 5086 3227 5152 ostenditur,
3255 5100 3420 5156 quam
3451 5087 3505 5141 in

1912 5191 2081 5248 regno
2110 5176 2326 5242 habuit,
2357 5192 2465 5246 qua
2500 5186 2682 5230 tamen
2716 5193 2825 5231 non
2861 5179 3025 5248 longo
3077 5185 3327 5247 tempore
3378 5191 3509 5231 usus

216 5282 390 5337 Ὅθεν
447 5280 793 5352 πρόσκειται.
853 5278 963 5333 Καὶ
998 5277 1093 5330 δύο
1154 5274 1249 5345 ἐτη
1302 5272 1655 5327 ἐϐασίλευσεν
1715 5271 1799 5322 ἐπὶ

1917 5278 2017 5323 cst.
2052 5266 2329 5334 Quocirca
2361 5267 2605 5335 additur,
2629 5276 2683 5322 et
2711 5268 2927 5323 duobus
2957 5268 3117 5321 annis
3141 5267 3392 5339 regnavit
3413 5281 3506 5321 su-

230 5373 458 5445 Ἰσραὴλ
483 5412 500 5439 ,
540 5373 680 5444 μετὰ
721 5371 822 5441 τῆς
858 5369 1164 5441 ἁπλότητος
1195 5366 1417 5439 δηλαδή.
1445 5365 1582 5419 Μεθ’
1609 5363 1645 5419 δ.
1670 5364 1807 5417 ὑπο-

222 5464 414 5529 κλίνας
444 5464 579 5533 πρὸς
604 5462 895 5534 πονηρίαν,
925 5461 1025 5532 τῆς
1076 5458 1225 5524 θείας
1270 5457 1624 5528 γεγύμνωται
1650 5458 1809 5526 χάρι-

1913 5373 2009 5428 per
2040 5356 2233 5424 Israel,
2284 5372 2482 5426 nempe
2535 5372 2660 5412 cum
2705 5359 2797 5412 illa
2847 5372 3063 5412 morum
3118 5356 3507 5427 simplicitate,

1917 5446 2111 5503 Postea
2144 5446 2213 5502 ad
2244 5448 2565 5518 pravitatem
2594 5448 2915 5515 declinans,
2951 5450 3136 5502 divina
3193 5448 3373 5518 gratia
3415 5448 3513 5503 de-

220 5574 341 5618 τος.
382 5555 545 5609 Ὅθεν
569 5558 597 5609 ὁ
627 5555 833 5619 λοιπὸς,
875 5552 933 5606 δν
963 5550 1306 5618 ἐϐασίλευσε,
1354 5548 1547 5623 χρόνος
1594 5549 1662 5620 τῇ
1717 5547 1799 5601 τοί

1922 5542 2154 5597 stitutus
2192 5548 2278 5595 est
2374 5541 2499 5595 Inde
2554 5541 2829 5611 reliquum
2900 5540 3067 5594 etiam
3129 5548 3367 5607 tempus,
3401 5554 3511 5609 quo

223 5646 405 5700 Σαοὺλ
422 5646 486 5717 δη
494 5645 750 5717 μαγωγίᾳ
764 5642 1106 5712 λελόγισται.

295 5820 406 5878 Καὶ
427 5818 727 5885 ἐπάταξεν
775 5818 1065 5876 ἰωνάθαν
1113 5816 1219 5872 τὸν
1268 5815 1526 5889 Νασειμ.
1571 5814 1803 5879 Ἀκύλας

1925 5632 2056 5687 Saul
2120 5649 2348 5704 regnum
2411 5633 2834 5697 administravit,
2888 5631 3279 5702 gubernationi
3333 5632 3513 5702 ipsius

1924 5725 2261 5792 assignatum
2296 5732 2400 5777 est.

1984 5815 2150 5871 Vens.
2192 5816 2246 5872 5.
2292 5815 2360 5870 Et
2413 5816 2670 5886 percussit
2718 5812 2991 5871 Jonatlian
3036 5813 3253 5871 Nasim.
3318 5813 3516 5887 Aquila
