4058 6514
224 404 359 468 1οιδῖ

1237 401 1767 463 COMMENTARII
1822 400 1900 461 IN
1937 400 2082 460 LIB.
2118 397 2147 459 Ι
2186 398 2479 460 REGUM.

3336 397 3473 462 1098

224 524 464 590 Κύριος.
503 519 563 572 El
620 518 861 589 ἀνοήτως
892 516 1283 588 ἀνεθεμάτισεν
1317 519 1346 570 6
1391 519 1584 585 Σαοὺλ,
1620 519 1670 570 τί
1700 518 1797 589 δή·

1904 515 1960 571 Si
2023 513 2155 571 Saul
2206 514 2533 585 insipienter
2582 521 2633 568 et
2698 520 2907 569 temere
2962 511 3472 577 anathematizavit.

222 632 355 669 me
386 614 479 667 τὸν
524 610 970 682 ἀναθεματισμδν
1012 610 1343 664 ἐϐεϐαίωσεν
1375 613 1404 664 6
1437 611 1570 676 Θεός
1597 630 1612 678 ;
1642 611 1797 682 Πρῶ-

219 724 317 760 τον
337 704 499 760 αὐτὸν
527 703 741 772 ἐλέγχει
769 703 1014 773 ἀνοήτως
1036 701 1479 772 ἐπαρασάμενον,
1509 702 1699 756 ἔπειτα
1718 703 1799 755 δι·-

220 800 413 855 δάσκει
447 798 582 871 μηδέ
606 798 714 851 τῶν
728 798 987 851 τοιούτων
1023 797 1383 867 ἀναθεμάτων
1411 798 1797 865 καταφρονεῖν.

234 892 502 946 Ἐνταῦθα
557 890 613 943 δὲ
658 892 687 944 6
724 890 823 961 μὲν
872 890 1074 955 σκοπὸς
1128 889 1382 961 εὐσεϐὴς,
1414 890 1495 952 είς
1532 887 1667 941 Θεοῦ
1690 890 1800 957 γὰρ

219 982 433 1052 ὡρίσθη
461 982 647 1052 τιμήν.
688 981 885 1051 Ἐχρῆν
919 980 979 1033 δὲ
1014 982 1239 1034 σκοπεῖν
1268 1019 1283 1045 ,
1308 980 1384 1043 ὠς
1412 981 1441 1033 6
1466 979 1576 1032 τῶν
1632 994 1801 1048 μαχο-

224 1074 409 1143 μὲνων
439 1074 621 1136 πόνος,
654 1072 746 1124 καὶ
766 1072 924 1142 δίψαν
974 1072 1188 1143 ἀνάγκη
1242 1073 1404 1126 ποιεῖ.
1451 1070 1707 1124 Ἰωνάθαν
1743 1068 1802 1123 δὲ

222 1170 323 1222 καὶ
344 1171 412 1241 τῇ
436 1168 631 1239 ἀγνοίᾳ
651 1165 995 1231 συνέζευκτο,
1014 1165 1111 1220 καὶ
1130 1164 1335 1236 ταύτην
1355 1163 1491 1235 ἔχων
1509 1162 1645 1234 πρὸς
1668 1162 1803 1214 ἀπο-

221 1258 438 1329 λογίαν,
464 1262 612 1331 ὅμως
659 1260 821 1332 ἄχρις
873 1258 1044 1330 αὐτῆς
1096 1258 1443 1312 ἐκινδύνευσε
1482 1257 1580 1327 τῆς
1634 1255 1779 1320 ζωῆς

236 1352 384 1405 Ἀλλ’
406 1352 694 1424 ἀπηλλάγη
735 1351 824 1406 διὰ
874 1351 975 1422 τὴν
1022 1349 1119 1403 τοῦ
1145 1348 1275 1403 λαοῦ
1320 1347 1536 1403 δικαίαν
1567 1362 1801 1417 συνηγο-

231 1444 379 1514 ρίαν.

825 1706 1077 1760 ΚΕΦΑΛ.
1102 1702 1205 1762 IE'.

300 1797 819 1870 Ηετιιμεμέλημαι,
852 1797 941 1852 ὅτι
976 1798 1190 1867 ἕχρισα
1221 1797 1331 1853 τὸν
1356 1796 1557 1853 Σαοὺλ
1583 1798 1672 1862 είς
1689 1797 1803 1862 ,ϐα-

1901 622 1999 662 cur
2052 608 2196 662 Deus
2228 606 2749 662 anathematismum
2802 606 2958 662 illum
3005 615 3188 661 ratqu
3233 605 3479 661 habuit?

1900 699 2143 753 Primum
2183 713 2309 753 eum
2342 696 2646 767 redarguit,
2680 706 2734 753 et
2785 697 3091 762 convincit,
3134 696 3282 768 quod
3306 697 3476 754 devo-

1901 790 2106 844 tionem
2142 789 2524 859 imprudenter
2548 787 2759 845 fecerit.
2799 786 3009 844 Deinde
3055 788 3268 857 docuit,
3301 805 3481 860 neque

1900 880 2174 951 ejusmodi
2234 880 2587 935 anathemata
2643 879 3049 935 contemnenda
3106 896 3252 937 esse.
3320 881 3478 936 Pium

1903 986 2035 1028 vero
2070 973 2157 1026 hic
2185 984 2413 1042 scopum
2442 971 2729 1042 praeﬁxum
2758 970 2959 1040 habet;
2990 973 3057 1028 ad
3085 973 3339 1029 Deienim
3362 974 3480 1044 glo-

1901 1062 2041 1118 riam
2072 1060 2350 1131 dirigitur.
2389 1060 2521 1115 Erat
2567 1069 2751 1117 autem
2806 1063 3292 1129 considerandum,
3332 1065 3478 1135 quod

1901 1155 2268 1227 pugnantium
2307 1153 2486 1221 labor,
2516 1162 2572 1209 et
2601 1156 2909 1211 necessitas
2947 1155 3098 1213 sitim
3130 1157 3347 1213 efficiat.
3384 1158 3477 1213 Jo—

1903 1246 2132 1309 nathau,
2164 1245 2270 1302 etsi
2301 1246 2622 1317 ignorantia
2671 1245 2989 1317 implicatus
3023 1249 3118 1316 sit,
3146 1264 3381 1321 eamque
3407 1252 3478 1306 ad

1903 1336 1987 1393 sui
2006 1336 2707 1408 defensionemprzetexere
2723 1344 2977 1408 poterat;
3006 1348 3190 1396 tamen
3215 1342 3268 1397 in
3300 1344 3475 1397 maxi-

1902 1443 2050 1483 mum
2097 1428 2429 1499 periculum,
2464 1437 2520 1485 et
2566 1438 2875 1486 extremum
2922 1445 3063 1500 pene
3103 1433 3229 1487 vitae
3279 1434 3480 1489 discri-

1902 1534 2029 1574 meu
2074 1519 2244 1574 venit.
2281 1515 2441 1575 Justa
2487 1534 2621 1576 vero
2684 1519 2872 1591 populi
2912 1519 3237 1577 defensione
3281 1522 3486 1577 libera-

1906 1617 1995 1667 tus
2024 1617 2129 1666 est.

2592 1702 2700 1758 AP.
2734 1702 2852 1761 XV.

2592 1702 2700 1758 AP.
2838 1744 2852 1761 .

1988 1789 2153 1850 Vens.
2184 1794 2273 1849 11.
2301 1702 2686 1861 Pamitetcme,
2729 1702 2868 1866 (ξιῖά
2917 1795 3133 1853 Saulem
3184 1812 3240 1851 ιη
3292 1812 3480 1865 regem.

227 1892 435 1949 σιλέα.
464 1889 811 1961 Μεταμέλεια
827 1888 964 1941 Θεοῦ
986 1891 1020 1959 ἡ
1048 1889 1147 1959 τῆς
1168 1889 1480 1959 οἰκονομίας
1504 1888 1800 1959 μεταϐολή.

1904 1881 2233 1940 Ρωηίῑεηιία
2286 1884 2382 1940 Dei
2446 1894 2531 1941 est
2576 1886 3015 1956 dispensationis
3072 1888 3249 1957 ipsius
3304 1898 3482 1942 muta-

228 1978 361 2036 Οἶον
419 1980 754 2052 προύϐάλετο
816 1979 906 2032 τὸν
965 1978 1162 2043 Σαοὺλ,
1192 1978 1280 2033 διὰ
1320 1979 1382 2032 τὸ
1406 1978 1503 2033 τοῦ
1550 1978 1802 2051 σώματος

228 2075 565 2141 ἀξιοθέατον,
594 2073 694 2126 οὐκ
725 2071 886 2135 αὐτὸς
905 2069 1065 2124 τοῦτο
1091 2069 1288 2141 τιμῶν,
1322 2070 1544 2125 πάντων
1574 2069 1684 2141 γὰρ
1710 2071 1803 2141 δη-

233 2165 530 2241 μιουργὸς,
558 2163 648 2217 διὰ
684 2161 744 2217 δέ
782 2161 874 2216 τὸν
916 2161 1074 2225 λαὸν,
1102 2161 1171 2215 τὰ
1220 2160 1343 2215 κατ’
1366 2160 1621 2232 αἴσθησιν
1667 2162 1805 2232 μόνα

229 2257 371 2309 καλά
400 2255 767 2324 θαυμάζοντα.
806 2253 962 2307 Ἐπεὶ
991 2252 1087 2306 καὶ
1127 2253 1419 2323 Ζακχαῖος,
1472 2253 1666 2324 μικρὸς
1702 2252 1801 2319 ὢν,

227 2349 327 2401 τὸν
362 2346 639 2415 Δεσπότην
679 2344 917 2411 ἐδέξατο.
955 2344 1069 2398 Καὶ
1104 2341 1394 2415 Σαμουὴλ,
1420 2343 1539 2408 νέος
1577 2344 1675 2410 ὢν,
1704 2345 1807 2416 τῆς

230 2439 385 2499 Θείας
429 2435 751 2505 ἐπιφανείας
786 2436 1035 2506 ἠξίωται.
1093 2419 1448 2506 Προύτιμήθη
1490 2433 1547 2489 δὲ
1572 2435 1669 2490 καὶ
1696 2436 1807 2489 τῶν

233 2528 504 2601 μειζόνων
541 2529 637 2582 καὶ
673 2527 1062 2600 πρεσϐυτέρων
1119 2526 1366 2596 ἀδελφῶν
1391 2527 1421 2579 6
1448 2526 1632 2583 Δαϐίδ.
1669 2528 1807 2581 Οὐδὲ

228 2619 345 2686 γὰρ
375 2614 625 2686 μέγεθος,
649 2616 684 2687 ἢ
717 2614 932 2682 πολιὰν,
971 2615 1173 2687 ἀρετῆς
1200 2615 1464 2687 προτιμᾷ.
1491 2616 1692 2687 Διόπερ
1712 2618 1808 2670 ἀν-

229 2708 522 2780 θρωπίνως
541 2707 696 2779 φησὶ,
716 2707 1231 2778 Μεταμεμέλημαιο
1252 2707 1558 2778 ἀνθρώποις
1574 2708 1672 2763 καὶ
1687 2708 1809 2762 τού·

225 2817 347 2865 τοις
406 2800 687 2872 ἀγροίκοις
732 2798 1109 2870 διαλεγόμενος
1128 2815 1143 2833 ⁸
1173 2798 1275 2871 τὴν
1305 2800 1401 2855 ἐπὶ
1432 2799 1599 2854 Δαϐὶδ
1644 2802 1807 2871 μετά·

228 2891 394 2944 ϐασιν
415 2890 514 2961 τῆς
546 2889 824 2961 βασιλείας
856 2888 1056 2963 δηλῶν.

325 3177 497 3239 Ανες,
525 3189 625 3228 και
651 3171 962 3245 ἐπαγγελῶ
981 3188 1101 3228 σοι.
1137 3173 1204 3229 Et
1228 3175 1324 3229 καὶ
1351 3179 1660 3251 προφήτης,
1691 3180 1807 3234 ἀλλ’
1835 3211 1878 3269 c

230 3266 379 3320 αἰτεῖ
428 3266 772 3338 παρρησίαν,
806 3265 883 3329 ὡς
931 3267 1066 3336 πρὸς
1123 3265 1350 3337 βασιλέα
1397 3270 1805 3343 διαλεγόμενος.

242 3355 676 3428 Ἀναμιμνήσκει
702 3356 759 3411 δὲ
794 3356 958 3411 αὑτὸν
999 3355 1110 3411 τῶν
1138 3357 1244 3429 πρὸ
1272 3359 1372 3430 τῆς
1400 3360 1679 3431 βασιλείας
1710 3366 1808 3419 αὑ-

228 3447 329 3501 τοῦ
358 3446 552 3517 λόγων.

304 3626 409 3679 Διὰ
454 3624 523 3679 τὸ
564 3623 827 3680 ἀκοῦσαι
855 3642 933 3695 με
960 3622 1074 3696 τῆς
1091 3625 1300 3698 φωνῆς
1325 3628 1433 3686 τοῦ
1470 3629 1648 3684 λαοῦ.
1681 3629 1806 3694 Τοῖς

228 3714 330 3769 τοῦ
366 3716 541 3786 ’Δδάμ
567 3715 663 3769 καλ¹
682 3716 711 3770 6
742 3716 914 3771 Σαοὺλ
942 3718 1081 3789 πρὸς
1104 3718 1196 3772 τὸν
1223 3720 1511 3792 προφήτην
1540 3721 1806 3792 κέχρηται

229 3807 414 3876 λόγοις
435 3821 451 3839 ⁸
479 3807 665 3877 ὅμοιον
704 3807 814 3879 γὰρ
846 3807 945 3880 τῷ,
974 3827 995 3862 ι
1028 3810 1095 3863 Ἠ
1131 3810 1304 3883 γυνὴ,
1329 3812 1396 3883 ἢν
1439 3812 1644 3877 ἔδωκας
1687 3815 1805 3884 μετ’

230 3898 395 3969 ἐμοῦ,
427 3898 565 3968 αὐτή
597 3914 686 3969 μοι
711 3898 931 3955 ἔδωκεν.
974 3920 994 3954 ι

318 3986 490 4051 Ἰδοὺ,
515 3989 589 4041 οὐ
621 3988 782 4043 θέλει
809 3991 843 4043 ό
870 3988 1096 4058 Κύριος
1128 3989 1588 4057 ὁλοκαυτώσεις.
1622 3991 1721 4044 Διά
1746 3992 1807 4045 τὸ

230 4079 326 4131 τὸν
355 4078 527 4132 Σαοὺλ
550 4080 744 4148 είπεῖν,
772 4082 853 4145 είς
882 4080 1073 4137 θυσίαν
1100 4083 1481 4155 ἀνενηνοχεναι
1511 4083 1581 4138 τὰ
1606 4082 1805 4155 βουκό-

230 4169 348 4233 λια,
387 4171 482 4223 καὶ
511 4170 578 4223 τά
612 4171 842 4242 ποίμνια

338 4264 439 4313 Οτι
470 4260 725 4331 ἁμαρτία
761 4262 1054 4333 οἰώνισμά
1080 4264 1252 4320 ἐστιν
1279 4272 1801 4342 παραπικρασμός.

244 4350 469 4405 Ἀδικία
515 4354 613 4406 καὶ
659 4354 941 4424 θεραφείν
985 4357 1236 4429 ὀδύνην,
1271 4362 1369 4414 καὶ
1414 4364 1637 4431 πόνους
1701 4365 1805 4418 ἑπ-

227 4444 511 4513 ἁγουσιν.
530 4445 845 4517 Σύμμαχος,
872 4448 995 4503 Ὀτι
1020 4450 1277 4519 ἁμαρτία
1292 4450 1401 4522 τῆς
1423 4456 1711 4523 μαντείας
1737 4456 1803 4510 τὸ

1906 1975 2003 2030 ιίο.
2052 1973 2303 2047 Exempli
2334 1978 2551 2047 gratia:
2584 1974 2805 2032 Saulem
2850 1978 3054 2050 delegit
3076 1989 3300 2049 propter
3326 1994 3484 2049 egre-

1904 2067 2044 2138 giam
2080 2077 2351 2123 staturam
2379 2068 2653 2137 corporis.
2685 2066 2804 2123 Non
2840 2070 2987 2139 quod
3027 2069 3148 2140 ipse
3182 2071 3321 2124 tanti
3359 2084 3480 2125 eam

1906 2159 2135 2224 faceret,
2182 2160 2278 2230 qui
2332 2159 2582 2215 omnium
2618 2168 2705 2215 est
2748 2160 2930 2229 opifex
2954 2198 2969 2225 ,
3000 2160 3097 2215 sed
3127 2169 3353 2231 propter
3384 2174 3483 2230 po-

1905 2250 2120 2318 pulum,
2163 2249 2255 2319 qui
2304 2264 2389 2314 ea,
2441 2263 2563 2317 quae
2610 2250 2870 2306 sensibus
2928 2250 3154 2319 pulchra
3193 2257 3479 2320 apparent,

1905 2351 2120 2396 tantum
2157 2340 2413 2410 suspicit,
2448 2350 2506 2396 et
2538 2340 2869 2396 admiratur.
2897 2341 3031 2396 Nam
3055 2342 3323 2397 Zachaeus
3344 2358 3484 2412 quo-

1905 2448 2034 2502 que,
2090 2432 2183 2501 qui
2232 2432 2490 2503 pusillam
2528 2432 2782 2503 corporis
2833 2441 3101 2488 staturam
3135 2432 3346 2496 habuit,
3380 2433 3483 2488 Do-

1906 2525 2117 2580 minum
2152 2526 2409 2596 excepit;
2440 2524 2686 2591 Samuel,
2714 2525 2847 2580 licet
2893 2525 3083 2597 junior
3098 2531 3483 2605 esset,divina

1906 2617 2254 2688 apparitione
2305 2619 2566 2689 dignatus
2614 2626 2736 2685 est;
2790 2617 2957 2674 David
3014 2621 3281 2675 fratribus
3348 2630 3483 2677 natu

1910 2710 2209 2778 majoribus
2236 2712 2547 2782 praefertur.
2575 2713 2720 2769 Deus
2750 2714 2897 2768 enim
2937 2729 3115 2785 neque
3149 2716 3485 2786 magnitudi-

1909 2816 2059 2867 nem,
2099 2816 2278 2873 neque
2308 2810 2646 2858 senectutem
2669 2805 2864 2859 virtuti
2892 2808 3199 2876 anteponit.
3229 2807 3484 2865 llmnano

1911 2891 2080 2962 igitur
2107 2907 2265 2949 more
2286 2893 2421 2948 dicit
2456 2910 2471 2948 :
2504 2892 2726 2950 Pwnitet
2753 2913 2853 2951 nte.
2882 2896 3154 2967 Loquitur
3184 2900 3330 2954 enim
3358 2916 3483 2957 cum

1909 2982 2253 3050 hominibus,
2281 2984 2462 3056 iisque
2502 2986 2799 3059 imperitis,
2830 2998 2884 3043 et
2933 2990 3204 3056 rudibus;
3238 2994 3393 3064 regni
3427 2996 3486 3051 in

1913 3075 2171 3132 Davidem
2198 3078 2614 3135 translationem
2647 3081 2995 3151 significans.

1974 3162 2139 3221 Vens.
2160 3164 2250 3222 16.
2274 3163 2422 3230 Sine,
2440 3178 2488 3221 et
2506 3170 2836 3224 annuntiabo
2869 3170 2984 3229 tibi.
3005 3171 3333 3246 Quanquam
3353 3193 3487 3246 .pro-

1912 3256 2075 3327 pheta
2139 3258 2234 3321 sit,
2284 3267 2491 3323 tamen,
2532 3275 2717 3331 regem
2767 3262 3129 3332 allocuturus,
3181 3267 3353 3324 libere
3406 3270 3485 3324 lo-

1909 3349 2114 3420 quendi
2143 3350 2360 3420 copiam
2389 3351 2547 3422 petit.
2580 3350 2825 3409 Revocat
2852 3354 2902 3410 ei
2936 3356 2991 3410 in
3019 3360 3343 3415 memoriam
3368 3375 3488 3417 ser-

1911 3456 2123 3506 mones,
2171 3457 2315 3514 quos
2352 3456 2478 3500 cum
2514 3459 2580 3502 eo
2619 3446 2836 3513 habuit,
2879 3448 3204 3521 priusquam
3247 3468 3478 3524 regnum

1909 3533 2239 3603 accepisset.

1982 3622 2152 3680 Vens.
2180 3625 2270 3681 20.
2305 3625 2448 3693 Quia
2481 3626 2661 3681 audivi
2686 3640 2854 3682 uocem
2876 3630 3291 3699 populi.Atlami
3314 3652 3485 3692 excu—

1910 3719 2126 3774 satione
2178 3718 2247 3773 ad
2295 3719 2622 3789 prophetam
2664 3718 2799 3775 Saul
2838 3736 3059 3793 quoque
3090 3740 3224 3782 usus
3247 3736 3353 3783 est.
3388 3729 3481 3785 Si-

1909 3811 2039 3866 mile
2068 3811 2215 3867 enim
2243 3820 2330 3867 est
2358 3812 2486 3867 huic
2515 3830 2531 3867 :
2572 3829 2592 3865 ι
2619 3810 2835 3879 Mulier,
2868 3828 3032 3885 quam
3081 3816 3282 3876 dedisti
3319 3822 3479 3889 mihi,

1909 3904 2026 3974 ipsa
2057 3903 2204 3959 dedit
2231 3904 2388 3959 mihi.
2429 3923 2449 3958 ι

1974 3994 2249 4052 νειιε.22.
2283 3994 2418 4051 Ecce
2462 4012 2564 4051 non
2611 3996 2721 4052 uult
2750 3996 3009 4055 Dominus
3038 4001 3369 4061 holocausta.
3404 4008 3482 4064 Eo

1908 4088 2051 4157 quod
2081 4086 2211 4142 Saul
2269 4088 2500 4144 dixisset
2548 4089 2616 4144 ad
2657 4090 2997 4145 sacriﬁcium
3032 4107 3188 4159 oves,
3226 4108 3281 4152 et
3308 4097 3479 4156 boves

1908 4180 2175 4234 adductus
2206 4194 2353 4235 esse.

1977 4269 2138 4341 515
2170 4269 2335 4327 Vsus.
2378 4271 2470 4328 23.
2508 4270 2775 4340 Quoniam
2819 4289 3092 4344 peccatum
3116 4280 3367 4337 ariolatio
3401 4295 3480 4339 est

1906 4362 2164 4431 irritatio,
2194 4364 2467 4431 iniquitas,
2499 4373 2550 4419 et
2583 4366 2877 4436 theraphim
2901 4367 3160 4434 dolorem.
3182 4384 3230 4427 et
3266 4375 3477 4430 labore:

1906 4453 2184 4520 inducunt,
2213 4465 2321 4512 etc.
2356 4456 2743 4530 Symmachus,
2778 4458 2918 4525 Quia
2947 4473 3219 4530 peccatum
3263 4469 3475 4535 augurii

230 4534 622 4603 zpoo'splfetr'
642 4539 680 4607 ἡ
694 4537 762 4592 δὲ
775 4539 994 4609 ἀνομία
1019 4542 1138 4596 τῶν
1158 4543 1420 4600 εἰδώλων
1458 4547 1524 4602 τὸ
1546 4548 1802 4605 ἀπιθεῖν.

1908 4558 1983 4602 est
2000 4550 2286 4616 contentio,
2304 4558 2575 4619 peccatum
2594 4560 2770 4604 autem
2807 4551 3151 4614 idololatriae.
3171 4534 3476 4609 inobedien-

230 4623 413 4681 Ἴσον
438 4623 554 4683 οὖν
603 4628 785 4700 ἤγαγε
820 4631 896 4701 τῇ
917 4632 1161 4703 ἀσεϐείᾳ
1182 4635 1249 4689 τὸ
1281 4636 1577 4707 ἀπιθῆσαι
1607 4640 1623 4680 ί
1659 4641 1803 4706 Θεῷ.

227 4721 372 4791 Φησὶ
397 4721 452 4775 δέ
478 4738 562 4786 τις
588 4722 686 4793 τὴν
730 4724 919 4780 ἄνοιαν
952 4728 1085 4791 ἴσως
1131 4728 1231 4799 τὴν
1261 4730 1419 4783 ἐνίων
1444 4732 1799 4799 αἰνίττεσθαι,

225 4816 420 4869 οἰωνὸν
458 4816 879 4872 ὑποπτευόντων
909 4818 1096 4885 κακὸν,
1125 4818 1183 4872 τὸ
1209 4822 1562 4893 νενικηκότας
1587 4825 1663 4895 μὴ
1680 4843 1806 4897 κερ-

223 4906 382 4960 δᾶναι
410 4906 508 4977 τὴν
531 4906 702 4961 λείαν.
722 4910 895 4963 Ὥσπε
905 4927 935 4980 ρ
956 4908 1013 4963 δὲ
1031 4910 1093 4964 τὸ
1110 4907 1272 4981 ἐφοὺδ
1290 4914 1541 4969 ἀνέκειτο
1562 4917 1638 4988 τῷ
1660 4918 1801 4991 Θεῷ,

223 4996 323 5048 καὶ
341 4995 414 5048 δι’
432 4995 598 5050 αὑτοῦ
614 4998 727 5061 τοῖς
745 4998 1026 5068 ἐρωτῶσιν
1041 5001 1373 5073 ἐσημαίνετο
1397 5004 1460 5057 τὸ
1480 5009 1759 5079 πρακτέον
1788 5029 1800 5042 ·

220 5087 371 5140 οὕτω
412 5086 499 5139 διὰ
540 5087 634 5142 τοῦ
684 5087 946 5159 θεραφεὶν
996 5093 1052 5145 αἱ
1095 5093 1204 5146 τῶν
1238 5094 1473 5150 εἰδώλων
1517 5098 1804 5169 ἐδηλοῦντο

223 5177 584 5247 προρρήσεις.
639 5179 867 5249 Προῄδει
915 5180 1012 5249 μὲν
1042 5176 1134 5234 οῦν
1158 5185 1186 5235 ό
1214 5182 1347 5247 Θεὸς
1375 5185 1470 5238 τοῦ
1505 5186 1674 5241 Σαοὺλ
1708 5190 1802 5242 καὶ

220 5268 321 5327 τὰς
354 5265 619 5333 ἐσομένας
664 5269 1026 5337 παρανομίας.
1050 5268 1162 5322 ἀλλ’
1196 5270 1431 5340 ήρκεσεν
1478 5273 1510 5342 ἡ
1556 5274 1803 5345 παροῦσα

223 5359 322 5410 καὶ
351 5357 491 5427 μόνη
532 5358 631 5427 τὴν
674 5358 908 5429 ἐσχάτην
961 5360 1112 5431 αὐτῷ
1156 5362 1431 5431 τιμωρίαν
1464 5365 1797 5434 ἐπενεγκεῖν.

223 5452 356 5501 Δέον
371 5449 481 5519 γὰρ
503 5444 568 5519 ἦν
588 5449 837 5516 συνιδεῖν,
860 5451 933 5515 ὡς
952 5452 1086 5505 Θεοῦ
1110 5453 1520 5524 φιλανθρωπίας
1547 5458 1645 5524 μία
1668 5475 1801 5510 στα-

226 5537 342 5606 τὼν
383 5540 567 5591 πᾶσαν
594 5540 905 5612 ἁγαθότητα
947 5543 1055 5595 τῶν
1102 5543 1405 5615 ἀνθρώπων
1453 5550 1579 5618 νικᾷ
1601 5565 1615 5580 ο
1646 5551 1674 5602 6
1706 5551 1801 5605 καὶ

225 5626 733 5699 φιλανθρωπότερος
754 5628 891 5699 ᾤετο
920 5632 1205 5701 φανεῖσθαι
1238 5633 1374 5688 Θεοῦ
1406 5637 1571 5708 μηδέν
1612 5658 1672 5693 τε
1708 5660 1798 5695 κε-

1908 4642 2015 4705 tia;
2050 4650 2223 4710 mquat
2252 4641 2414 4712 igitur
2444 4643 2727 4710 impietati,
2757 4643 2804 4696 si
2833 4644 2950 4712 quis
2982 4643 3091 4698 Deo
3110 4659 3212 4697 non
3240 4646 3475 4701 obediato

1905 4731 2140 4799 Quidam
2197 4740 2379 4787 autem
2408 4729 2543 4787 dicit
2597 4734 2963 4801 quorumdam
3001 4735 3295 4791 amentiam
3332 4737 3476 4796 forte

1905 4823 2141 4879 obscure
2196 4821 2519 4892 signiﬁcari,
2561 4822 2656 4893 qui
2698 4822 2904 4877 malum
2947 4824 3082 4881 illud
3119 4830 3476 4899 suspicantur

1906 4915 2195 4986 augurium
2247 4929 2395 4980 esse,
2430 4915 2477 4971 si
2537 4915 2779 4972 victores
2809 4917 2989 4986 praeda
3019 4934 3128 4975 non
3167 4922 3471 4993 potiantur.

1903 5011 2078 5064 Porro
2124 5008 2591 5078 quemadmodum
2634 5023 2737 5079 per
2780 5010 2980 5079 ephod,
3012 5011 3122 5068 Deo
3173 5029 3467 5072 consecra-

1905 5109 2039 5163 tum,
2071 5100 2332 5167 quidnam
2358 5098 2625 5170 agendum
2654 5108 2822 5167 esset,
2854 5105 3275 5162 consulentibus
3311 5108 3476 5179 signi-

1905 5192 2174 5244 ﬁcabatur
2199 5209 2214 5253 ;
2240 5192 2313 5244 ita
2341 5205 2435 5261 per
2456 5190 2764 5260 theraphim
2791 5193 3062 5248 idolorum
3086 5197 3472 5265 praedictiones

1901 5282 2346 5337 declarabantur.
2409 5279 2554 5336 Deus
2608 5282 2777 5352 igitur
2831 5281 3013 5338 Saulis
3066 5288 3227 5340 etiam
3283 5286 3472 5344 futura

1902 5381 2123 5444 peccata
2194 5371 2445 5443 praevidit
2490 5371 2735 5441 quidem,
2784 5372 2879 5427 sed
2924 5372 3123 5428 sufﬁcit
3179 5387 3470 5446 peceatum

1899 5480 2161 5536 prmsens,
2189 5475 2248 5520 ut
2276 5465 2359 5520 vel
2395 5464 2467 5520 ob
2490 5463 2595 5519 hoc
2619 5464 2797 5518 solum
2825 5473 3131 5520 extremum
3165 5468 3231 5522 de
3253 5483 3318 5523 eo
3345 5485 3471 5542 sup-

1901 5559 2125 5626 plicium
2155 5564 2426 5613 sumatur.
2460 5554 2681 5611 Etenim
2730 5556 2875 5612 scire
2917 5570 3041 5611 eum
3086 5560 3467 5627 conveniebat,

1904 5649 2120 5703 unicam
2165 5658 2372 5718 guttam
2417 5648 2624 5705 amoris
2658 5646 2774 5717 Dei,
2808 5662 2916 5719 quo
2946 5648 3203 5708 homines
3233 5656 3472 5725 c0mple-

1494 5732 1725 5794 VARIzE
1763 5740 2169 5801 LECTIONES.

306 5814 380 5856 κοί
418 5814 480 5870 C.
514 5813 580 5868 Ν.
625 5816 944 5888 ἀπειθῆσαι.

554 5908 825 5973 ΡΑτιιοι..
874 5911 992 5973 Gn.
1018 5914 1391 5979 LXXXVII.

3032 5928 3110 5990 35
