  <div class='ocr_page' id='page_1' title='image "/cluster/home/n/w/nwhite01/storage/ocr_20150623/87:1/hvd.32044020319117/557.png"; bbox 0 0 4058 6524; ppageno 0'>
   <div class='ocr_carea' id='block_1_1' title="bbox 672 378 2274 450">
    <p class='ocr_par' dir='ltr' id='par_1_1' title="bbox 672 378 2274 443">
     <span class='ocr_line' id='line_1_1' title="bbox 672 378 2274 443; baseline -0.002 0"><span class='ocrx_word' id='word_1_1' title='bbox 672 380 809 443; x_wconf 82' lang='lat'><strong>1099</strong></span> <span class='ocrx_word' id='word_1_2' title='bbox 1958 378 2274 440; x_wconf 82' lang='lat' dir='ltr'><strong>PROCOPI</strong></span> 
     </span>
    </p>
   </div>
   <div class='ocr_carea' id='block_1_2' title="bbox 2241 378 3843 450">
    <p class='ocr_par' dir='ltr' id='par_1_2' title="bbox 2241 380 3843 450">
     <span class='ocr_line' id='line_1_2' title="bbox 2241 380 3843 450; baseline 0.006 -11"><span class='ocrx_word' id='word_1_3' title='bbox 2241 380 2307 440; x_wconf 81' lang='grc' dir='ltr'><strong>ἸΙ</strong></span> <span class='ocrx_word' id='word_1_4' title='bbox 2346 380 2591 441; x_wconf 70' lang='grc' dir='ltr'><strong>ΟΛΖΑΞΙ</strong></span> <span class='ocrx_word' id='word_1_5' title='bbox 3745 381 3843 450; x_wconf 64' lang='lat' dir='ltr'><strong>illi]</strong></span> 
     </span>
    </p>
   </div>
   <div class='ocr_carea' id='block_1_3' title="bbox 666 486 2268 566">
    <p class='ocr_par' dir='ltr' id='par_1_3' title="bbox 666 486 2236 555">
     <span class='ocr_line' id='line_1_3' title="bbox 666 486 2236 555; baseline 0.001 -11"><span class='ocrx_word' id='word_1_6' title='bbox 666 491 858 555; x_wconf 86' lang='lat' dir='ltr'><strong>ctitur,</strong></span> <span class='ocrx_word' id='word_1_7' title='bbox 891 500 1107 544; x_wconf 88' lang='lat' dir='ltr'><strong>omnem</strong></span> <span class='ocrx_word' id='word_1_8' title='bbox 1144 486 1431 541; x_wconf 87' lang='lat' dir='ltr'><strong>hominum</strong></span> <span class='ocrx_word' id='word_1_9' title='bbox 1458 488 1784 555; x_wconf 71' lang='lat' dir='ltr'><strong>bonitatem,</strong></span> <span class='ocrx_word' id='word_1_10' title='bbox 1814 499 1869 546; x_wconf 91' lang='lat' dir='ltr'><strong>et</strong></span> <span class='ocrx_word' id='word_1_11' title='bbox 1886 490 2236 546; x_wconf 86' lang='lat' dir='ltr'><strong>clementiam</strong></span> 
     </span>
    </p>
   </div>
   <div class='ocr_carea' id='block_1_4' title="bbox 2242 486 3844 566">
    <p class='ocr_par' dir='ltr' id='par_1_4' title="bbox 2269 492 3844 566">
     <span class='ocr_line' id='line_1_4' title="bbox 2269 492 3844 566; baseline -0.001 -20"><span class='ocrx_word' id='word_1_12' title='bbox 2269 506 2313 563; x_wconf 70' lang='grc' dir='ltr'>Α</span> <span class='ocrx_word' id='word_1_13' title='bbox 2341 494 2589 558; x_wconf 72' lang='grc' dir='ltr'>λευσθεὶς</span> <span class='ocrx_word' id='word_1_14' title='bbox 2637 495 3004 566; x_wconf 78' lang='grc' dir='ltr'><strong>ἀποκερδᾶναι</strong></span> <span class='ocrx_word' id='word_1_15' title='bbox 3054 494 3156 565; x_wconf 82' lang='grc' dir='ltr'>τῆς</span> <span class='ocrx_word' id='word_1_16' title='bbox 3178 494 3350 559; x_wconf 88' lang='grc' dir='ltr'>λείας,</span> <span class='ocrx_word' id='word_1_17' title='bbox 3381 492 3639 563; x_wconf 73' lang='grc' dir='ltr'><strong>ἐπανῆλθε</strong></span> <span class='ocrx_word' id='word_1_18' title='bbox 3661 496 3720 548; x_wconf 75' lang='grc' dir='ltr'><strong>τὰ</strong></span> <span class='ocrx_word' id='word_1_19' title='bbox 3743 500 3844 552; x_wconf 70' lang='lat' dir='ltr'><strong>atii.</strong></span> 
     </span>
    </p>
   </div>
   <div class='ocr_carea' id='block_1_5' title="bbox 588 578 2190 661">
    <p class='ocr_par' dir='ltr' id='par_1_5' title="bbox 588 578 2188 653">
     <span class='ocr_line' id='line_1_5' title="bbox 588 578 2188 653; baseline 0.001 -19"><span class='ocrx_word' id='word_1_20' title='bbox 588 628 594 653; x_wconf 40' lang='grc' dir='ltr'>ί</span> <span class='ocrx_word' id='word_1_21' title='bbox 668 583 828 649; x_wconf 72' lang='lat' dir='ltr'><strong>longe</strong></span> <span class='ocrx_word' id='word_1_22' title='bbox 861 590 1164 646; x_wconf 88' lang='lat' dir='ltr'><strong>superare;</strong></span> <span class='ocrx_word' id='word_1_23' title='bbox 1202 578 1327 647; x_wconf 93' lang='lat' dir='ltr'><strong>ipso</strong></span> <span class='ocrx_word' id='word_1_24' title='bbox 1358 585 1539 633; x_wconf 85' lang='lat' dir='ltr'><strong>tamen</strong></span> <span class='ocrx_word' id='word_1_25' title='bbox 1570 579 1680 635; x_wconf 91' lang='lat' dir='ltr'><strong>Deo</strong></span> <span class='ocrx_word' id='word_1_26' title='bbox 1708 581 2033 636; x_wconf 90' lang='lat' dir='ltr'><strong>clementior</strong></span> <span class='ocrx_word' id='word_1_27' title='bbox 2067 584 2188 637; x_wconf 86' lang='lat' dir='ltr'><strong>vide</strong></span> 
     </span>
    </p>
   </div>
   <div class='ocr_carea' id='block_1_6' title="bbox 2245 578 3847 661">
    <p class='ocr_par' dir='ltr' id='par_1_6' title="bbox 2344 584 3847 661">
     <span class='ocr_line' id='line_1_6' title="bbox 2344 584 3847 661; baseline -0.002 -24"><span class='ocrx_word' id='word_1_28' title='bbox 2344 584 2505 639; x_wconf 80' lang='grc' dir='ltr'><strong>λιστα</strong></span> <span class='ocrx_word' id='word_1_29' title='bbox 2546 584 2939 655; x_wconf 83' lang='grc' dir='ltr'><strong>κομισάμενος.</strong></span> <span class='ocrx_word' id='word_1_30' title='bbox 2992 586 3101 637; x_wconf 77' lang='grc' dir='ltr'><strong>Καὶ</strong></span> <span class='ocrx_word' id='word_1_31' title='bbox 3154 584 3316 647; x_wconf 76' lang='grc' dir='ltr'>αὐτὸς</span> <span class='ocrx_word' id='word_1_32' title='bbox 3344 585 3531 653; x_wconf 83' lang='grc' dir='ltr'>ὁρίσας</span> <span class='ocrx_word' id='word_1_33' title='bbox 3564 589 3744 657; x_wconf 73' lang='grc' dir='ltr'>τροφῆς</span> <span class='ocrx_word' id='word_1_34' title='bbox 3772 609 3847 661; x_wconf 70' lang='grc' dir='ltr'>μη.</span> 
     </span>
    </p>
   </div>
   <div class='ocr_carea' id='block_1_7' title="bbox 586 668 2188 747">
    <p class='ocr_par' dir='ltr' id='par_1_7' title="bbox 586 668 2188 741">
     <span class='ocr_line' id='line_1_7' title="bbox 586 668 2188 741; baseline 0.001 -15"><span class='ocrx_word' id='word_1_35' title='bbox 586 678 593 716; x_wconf 79' lang='grc' dir='ltr'><em>ἰ</em></span> <span class='ocrx_word' id='word_1_36' title='bbox 666 671 860 727; x_wconf 90' lang='lat' dir='ltr'><strong>voluit.</strong></span> <span class='ocrx_word' id='word_1_37' title='bbox 904 670 1156 738; x_wconf 82' lang='lat' dir='ltr'><strong>Cumque</strong></span> <span class='ocrx_word' id='word_1_38' title='bbox 1198 668 1335 723; x_wconf 86' lang='lat' dir='ltr'><strong>nihil</strong></span> <span class='ocrx_word' id='word_1_39' title='bbox 1380 668 1448 723; x_wconf 90' lang='lat' dir='ltr'><strong>de</strong></span> <span class='ocrx_word' id='word_1_40' title='bbox 1480 671 1663 738; x_wconf 60' lang='lat' dir='ltr'><strong>praeda</strong></span> <span class='ocrx_word' id='word_1_41' title='bbox 1713 671 2016 741; x_wconf 87' lang='lat' dir='ltr'><strong>decerpere</strong></span> <span class='ocrx_word' id='word_1_42' title='bbox 2045 672 2188 741; x_wconf 70' lang='lat' dir='ltr'><strong>jussr</strong></span> 
     </span>
    </p>
   </div>
   <div class='ocr_carea' id='block_1_8' title="bbox 2246 668 3848 747">
    <p class='ocr_par' dir='ltr' id='par_1_8' title="bbox 2340 675 3848 747">
     <span class='ocr_line' id='line_1_8' title="bbox 2340 675 3848 747; baseline -0.005 -17"><span class='ocrx_word' id='word_1_43' title='bbox 2340 677 2465 730; x_wconf 86' lang='grc' dir='ltr'>δένα</span> <span class='ocrx_word' id='word_1_44' title='bbox 2499 676 2845 747; x_wconf 80' lang='grc' dir='ltr'>μεταλαϐεῖν,</span> <span class='ocrx_word' id='word_1_45' title='bbox 2889 675 2980 730; x_wconf 79' lang='grc' dir='ltr'>τὸν</span> <span class='ocrx_word' id='word_1_46' title='bbox 3028 676 3157 729; x_wconf 76' lang='grc' dir='ltr'><strong>ἴδιον</strong></span> <span class='ocrx_word' id='word_1_47' title='bbox 3189 677 3315 746; x_wconf 83' lang='grc' dir='ltr'>ὅρον</span> <span class='ocrx_word' id='word_1_48' title='bbox 3356 676 3591 729; x_wconf 77' lang='grc' dir='ltr'><strong>ἐκδικεῖν</strong></span> <span class='ocrx_word' id='word_1_49' title='bbox 3641 685 3848 747; x_wconf 73' lang='grc' dir='ltr'>κατηπεί.</span> 
     </span>
    </p>
   </div>
   <div class='ocr_carea' id='block_1_9' title="bbox 586 751 2188 838">
    <p class='ocr_par' dir='ltr' id='par_1_9' title="bbox 586 751 2188 834">
     <span class='ocr_line' id='line_1_9' title="bbox 586 751 2188 834; baseline -0.001 -16"><span class='ocrx_word' id='word_1_50' title='bbox 586 751 590 757; x_wconf 65' lang='grc'><em>’</em></span> <span class='ocrx_word' id='word_1_51' title='bbox 662 770 829 826; x_wconf 92' lang='lat' dir='ltr'><strong>esset,</strong></span> <span class='ocrx_word' id='word_1_52' title='bbox 858 760 1259 830; x_wconf 77' lang='lat' dir='ltr'><strong>pretiosissima</strong></span> <span class='ocrx_word' id='word_1_53' title='bbox 1283 759 1532 816; x_wconf 87' lang='lat' dir='ltr'><strong>abduxit.</strong></span> <span class='ocrx_word' id='word_1_54' title='bbox 1565 760 1686 831; x_wconf 91' lang='lat' dir='ltr'><strong>Ipse</strong></span> <span class='ocrx_word' id='word_1_55' title='bbox 1717 763 2188 834; x_wconf 79' lang='lat' dir='ltr'><strong>interimjejunim</strong></span> 
     </span>
    </p>
   </div>
   <div class='ocr_carea' id='block_1_10' title="bbox 2248 751 3850 838">
    <p class='ocr_par' dir='ltr' id='par_1_10' title="bbox 2341 766 3850 838">
     <span class='ocr_line' id='line_1_10' title="bbox 2341 766 3850 838; baseline 0.005 -19"><span class='ocrx_word' id='word_1_56' title='bbox 2341 785 2489 836; x_wconf 87' lang='grc' dir='ltr'>γετο,</span> <span class='ocrx_word' id='word_1_57' title='bbox 2518 766 2652 838; x_wconf 81' lang='grc' dir='ltr'><strong>μηδὲ</strong></span> <span class='ocrx_word' id='word_1_58' title='bbox 2688 768 2877 830; x_wconf 80' lang='grc' dir='ltr'>παιδὸς</span> <span class='ocrx_word' id='word_1_59' title='bbox 2906 767 2934 818; x_wconf 87' lang='grc' dir='ltr'>ὁ</span> <span class='ocrx_word' id='word_1_60' title='bbox 2970 766 3130 835; x_wconf 79' lang='grc' dir='ltr'>δῆθεν</span> <span class='ocrx_word' id='word_1_61' title='bbox 3166 766 3413 837; x_wconf 76' lang='grc' dir='ltr'><strong>ἐλεήμων</strong></span> <span class='ocrx_word' id='word_1_62' title='bbox 3448 766 3751 835; x_wconf 79' lang='grc' dir='ltr'><strong>φειδόμενος.</strong></span> <span class='ocrx_word' id='word_1_63' title='bbox 3774 773 3850 826; x_wconf 75' lang='grc' dir='ltr'><strong>Τοῦ</strong></span> 
     </span>
    </p>
   </div>
   <div class='ocr_carea' id='block_1_11' title="bbox 662 851 2264 930">
    <p class='ocr_par' dir='ltr' id='par_1_11' title="bbox 662 851 2242 919">
     <span class='ocr_line' id='line_1_11' title="bbox 662 851 2242 919; baseline 0.001 -11"><span class='ocrx_word' id='word_1_64' title='bbox 662 854 932 916; x_wconf 87' lang='lat' dir='ltr'><strong>indicens,</strong></span> <span class='ocrx_word' id='word_1_65' title='bbox 965 866 1127 906; x_wconf 91' lang='lat' dir='ltr'><strong>suum</strong></span> <span class='ocrx_word' id='word_1_66' title='bbox 1168 851 1273 905; x_wconf 87' lang='lat' dir='ltr'><strong>hoc</strong></span> <span class='ocrx_word' id='word_1_67' title='bbox 1295 851 1578 906; x_wconf 86' lang='lat' dir='ltr'><strong>decretum</strong></span> <span class='ocrx_word' id='word_1_68' title='bbox 1624 853 1941 919; x_wconf 83' lang='lat' dir='ltr'><strong>defendere,</strong></span> <span class='ocrx_word' id='word_1_69' title='bbox 1977 865 2032 911; x_wconf 82' lang='lat' dir='ltr'><strong>et</strong></span> <span class='ocrx_word' id='word_1_70' title='bbox 2060 856 2242 910; x_wconf 85' lang='lat' dir='ltr'><strong>vindi-</strong></span> 
     </span>
    </p>
   </div>
   <div class='ocr_carea' id='block_1_12' title="bbox 2250 851 3852 930">
    <p class='ocr_par' dir='ltr' id='par_1_12' title="bbox 2340 858 3852 930">
     <span class='ocr_line' id='line_1_12' title="bbox 2340 858 3852 930; baseline 0.002 -18"><span class='ocrx_word' id='word_1_71' title='bbox 2340 860 2398 912; x_wconf 81' lang='grc' dir='ltr'><strong>δὲ</strong></span> <span class='ocrx_word' id='word_1_72' title='bbox 2420 859 2554 913; x_wconf 81' lang='grc' dir='ltr'><strong>Θεοῦ</strong></span> <span class='ocrx_word' id='word_1_73' title='bbox 2579 860 2669 913; x_wconf 88' lang='grc' dir='ltr'><strong>τὸν</strong></span> <span class='ocrx_word' id='word_1_74' title='bbox 2702 860 2949 930; x_wconf 82' lang='grc' dir='ltr'>Ἀμαλὴκ</span> <span class='ocrx_word' id='word_1_75' title='bbox 2972 858 3491 929; x_wconf 83' lang='grc' dir='ltr'>ἀναθεματίσαντος,</span> <span class='ocrx_word' id='word_1_76' title='bbox 3524 859 3583 911; x_wconf 74' lang='grc' dir='ltr'><strong>οὐ</strong></span> <span class='ocrx_word' id='word_1_77' title='bbox 3602 859 3683 913; x_wconf 81' lang='grc' dir='ltr'>διὰ</span> <span class='ocrx_word' id='word_1_78' title='bbox 3700 862 3778 930; x_wconf 74' lang='grc' dir='ltr'>τὴν</span> <span class='ocrx_word' id='word_1_79' title='bbox 3797 866 3852 927; x_wconf 84' lang='grc' dir='ltr'><strong>εἰς</strong></span> 
     </span>
    </p>
   </div>
   <div class='ocr_carea' id='block_1_13' title="bbox 660 944 2262 1019">
    <p class='ocr_par' dir='ltr' id='par_1_13' title="bbox 660 944 2240 1014">
     <span class='ocr_line' id='line_1_13' title="bbox 660 944 2240 1014; baseline 0.003 -16"><span class='ocrx_word' id='word_1_80' title='bbox 660 959 793 999; x_wconf 86' lang='lat' dir='ltr'><strong>care</strong></span> <span class='ocrx_word' id='word_1_81' title='bbox 825 945 1321 1014; x_wconf 80' lang='lat' dir='ltr'><strong>satagebat,neque</strong></span> <span class='ocrx_word' id='word_1_82' title='bbox 1350 944 1577 1014; x_wconf 90' lang='lat' dir='ltr'><strong>proprio</strong></span> <span class='ocrx_word' id='word_1_83' title='bbox 1600 944 1743 999; x_wconf 86' lang='lat' dir='ltr'><strong>Filio</strong></span> <span class='ocrx_word' id='word_1_84' title='bbox 1776 946 2098 1002; x_wconf 87' lang='lat' dir='ltr'><strong>misericors</strong></span> <span class='ocrx_word' id='word_1_85' title='bbox 2129 946 2240 1002; x_wconf 90' lang='lat' dir='ltr'><strong>sci-</strong></span> 
     </span>
    </p>
   </div>
   <div class='ocr_carea' id='block_1_14' title="bbox 2246 944 3848 1019">
    <p class='ocr_par' dir='ltr' id='par_1_14' title="bbox 2340 948 3848 1019">
     <span class='ocr_line' id='line_1_14' title="bbox 2340 948 3848 1019; baseline 0.001 -16"><span class='ocrx_word' id='word_1_86' title='bbox 2340 951 2506 1005; x_wconf 80' lang='grc' dir='ltr'>αὺτὸν</span> <span class='ocrx_word' id='word_1_87' title='bbox 2538 950 2812 1016; x_wconf 80' lang='grc' dir='ltr'>ἀσέϐειαν,</span> <span class='ocrx_word' id='word_1_88' title='bbox 2843 950 2933 1003; x_wconf 84' lang='grc' dir='ltr'><strong>διὰ</strong></span> <span class='ocrx_word' id='word_1_89' title='bbox 2963 950 3021 1004; x_wconf 82' lang='grc' dir='ltr'><strong>δὲ</strong></span> <span class='ocrx_word' id='word_1_90' title='bbox 3050 950 3108 1002; x_wconf 75' lang='grc' dir='ltr'>τὸ</span> <span class='ocrx_word' id='word_1_91' title='bbox 3143 950 3271 1019; x_wconf 77' lang='grc' dir='ltr'>περὶ</span> <span class='ocrx_word' id='word_1_92' title='bbox 3296 949 3389 1003; x_wconf 83' lang='grc' dir='ltr'>τὸν</span> <span class='ocrx_word' id='word_1_93' title='bbox 3410 948 3536 1002; x_wconf 77' lang='grc' dir='ltr'>λαὸν</span> <span class='ocrx_word' id='word_1_94' title='bbox 3558 949 3755 1019; x_wconf 68' lang='grc' dir='ltr'>ἀπηνὲς,</span> <span class='ocrx_word' id='word_1_95' title='bbox 3777 970 3848 1005; x_wconf 70' lang='grc' dir='ltr'><strong>πα-</strong></span> 
     </span>
    </p>
   </div>
   <div class='ocr_carea' id='block_1_15' title="bbox 661 1035 2263 1113">
    <p class='ocr_par' dir='ltr' id='par_1_15' title="bbox 661 1035 2238 1108">
     <span class='ocr_line' id='line_1_15' title="bbox 661 1035 2238 1108; baseline 0.002 -19"><span class='ocrx_word' id='word_1_96' title='bbox 661 1036 792 1091; x_wconf 84' lang='lat' dir='ltr'><strong>licct</strong></span> <span class='ocrx_word' id='word_1_97' title='bbox 828 1035 1108 1105; x_wconf 87' lang='lat' dir='ltr'><strong>parcebat.</strong></span> <span class='ocrx_word' id='word_1_98' title='bbox 1141 1036 1401 1091; x_wconf 81' lang='lat' dir='ltr'><strong>Amelech</strong></span> <span class='ocrx_word' id='word_1_99' title='bbox 1424 1051 1754 1106; x_wconf 88' lang='lat' dir='ltr'><strong>vero,quem</strong></span> <span class='ocrx_word' id='word_1_100' title='bbox 1785 1036 1926 1093; x_wconf 88' lang='lat' dir='ltr'><strong>Deus</strong></span> <span class='ocrx_word' id='word_1_101' title='bbox 1952 1044 2082 1107; x_wconf 70' lang='lat' dir='ltr'><strong>(non</strong></span> <span class='ocrx_word' id='word_1_102' title='bbox 2106 1053 2238 1108; x_wconf 89' lang='lat' dir='ltr'><strong>pro-</strong></span> 
     </span>
    </p>
   </div>
   <div class='ocr_carea' id='block_1_16' title="bbox 2249 1035 3851 1113">
    <p class='ocr_par' dir='ltr' id='par_1_16' title="bbox 2344 1040 3851 1113">
     <span class='ocr_line' id='line_1_16' title="bbox 2344 1040 3851 1113; baseline -0.001 -18"><span class='ocrx_word' id='word_1_103' title='bbox 2344 1041 2519 1112; x_wconf 78' lang='grc' dir='ltr'>ραόἀς</span> <span class='ocrx_word' id='word_1_104' title='bbox 2566 1040 2839 1112; x_wconf 77' lang='grc' dir='ltr'>λαμϐάνει</span> <span class='ocrx_word' id='word_1_105' title='bbox 2872 1041 2941 1096; x_wconf 79' lang='grc' dir='ltr'>τὰ</span> <span class='ocrx_word' id='word_1_106' title='bbox 2996 1041 3281 1107; x_wconf 82' lang='grc' dir='ltr'>κάλλιστα,</span> <span class='ocrx_word' id='word_1_107' title='bbox 3316 1040 3454 1110; x_wconf 83' lang='grc' dir='ltr'><strong>μηδὲ</strong></span> <span class='ocrx_word' id='word_1_108' title='bbox 3505 1040 3581 1109; x_wconf 84' lang='grc' dir='ltr'><strong>τῷ</strong></span> <span class='ocrx_word' id='word_1_109' title='bbox 3606 1040 3693 1093; x_wconf 74' lang='grc' dir='ltr'><strong>τοῦ</strong></span> <span class='ocrx_word' id='word_1_110' title='bbox 3729 1045 3851 1113; x_wconf 71' lang='grc' dir='ltr'><strong>’Λχὲρ</strong></span> 
     </span>
    </p>
   </div>
   <div class='ocr_carea' id='block_1_17' title="bbox 660 1126 2262 1203">
    <p class='ocr_par' dir='ltr' id='par_1_17' title="bbox 660 1126 2237 1199">
     <span class='ocr_line' id='line_1_17' title="bbox 660 1126 2237 1199; baseline 0.002 -17"><span class='ocrx_word' id='word_1_111' title='bbox 660 1137 779 1198; x_wconf 91' lang='lat' dir='ltr'><strong>pter</strong></span> <span class='ocrx_word' id='word_1_112' title='bbox 814 1126 1151 1197; x_wconf 86' lang='lat' dir='ltr'><strong>impietatem</strong></span> <span class='ocrx_word' id='word_1_113' title='bbox 1183 1142 1311 1197; x_wconf 74' lang='lat' dir='ltr'><strong>erga</strong></span> <span class='ocrx_word' id='word_1_114' title='bbox 1350 1143 1432 1192; x_wconf 91' lang='lat' dir='ltr'><strong>se,</strong></span> <span class='ocrx_word' id='word_1_115' title='bbox 1463 1128 1558 1182; x_wconf 88' lang='lat' dir='ltr'><strong>sed</strong></span> <span class='ocrx_word' id='word_1_116' title='bbox 1591 1137 1818 1199; x_wconf 87' lang='lat' dir='ltr'><strong>propter</strong></span> <span class='ocrx_word' id='word_1_117' title='bbox 1851 1131 2237 1185; x_wconf 89' lang='lat' dir='ltr'><strong>crudelitatem</strong></span> 
     </span>
    </p>
   </div>
   <div class='ocr_carea' id='block_1_18' title="bbox 2250 1126 3852 1203">
    <p class='ocr_par' dir='ltr' id='par_1_18' title="bbox 2343 1130 3852 1203">
     <span class='ocr_line' id='line_1_18' title="bbox 2343 1130 3852 1203; baseline 0.001 -18"><span class='ocrx_word' id='word_1_118' title='bbox 2343 1132 2737 1201; x_wconf 65' lang='grc' dir='ltr'>σωφρονισθείς</span> <span class='ocrx_word' id='word_1_119' title='bbox 2764 1131 3143 1203; x_wconf 73' lang='grc' dir='ltr'><strong>ὑποδείγματι.</strong></span> <span class='ocrx_word' id='word_1_120' title='bbox 3173 1132 3234 1185; x_wconf 83' lang='grc' dir='ltr'><strong>Εί</strong></span> <span class='ocrx_word' id='word_1_121' title='bbox 3273 1132 3329 1185; x_wconf 82' lang='grc' dir='ltr'><strong>δὲ</strong></span> <span class='ocrx_word' id='word_1_122' title='bbox 3362 1130 3555 1202; x_wconf 86' lang='grc' dir='ltr'>παρίόε</span> <span class='ocrx_word' id='word_1_123' title='bbox 3579 1133 3722 1202; x_wconf 82' lang='grc' dir='ltr'>μέχρι</span> <span class='ocrx_word' id='word_1_124' title='bbox 3742 1133 3852 1187; x_wconf 57' lang='lat' dir='ltr'><strong>vivi</strong></span> 
     </span>
    </p>
   </div>
   <div class='ocr_carea' id='block_1_19' title="bbox 659 1219 2261 1296">
    <p class='ocr_par' dir='ltr' id='par_1_19' title="bbox 659 1219 2241 1292">
     <span class='ocr_line' id='line_1_19' title="bbox 659 1219 2241 1292; baseline 0.001 -18"><span class='ocrx_word' id='word_1_125' title='bbox 659 1224 713 1275; x_wconf 91' lang='lat' dir='ltr'><strong>in</strong></span> <span class='ocrx_word' id='word_1_126' title='bbox 772 1221 1033 1290; x_wconf 90' lang='lat' dir='ltr'><strong>populum</strong></span> <span class='ocrx_word' id='word_1_127' title='bbox 1083 1219 1268 1289; x_wconf 85' lang='lat' dir='ltr'><strong>suum)</strong></span> <span class='ocrx_word' id='word_1_128' title='bbox 1318 1219 1832 1282; x_wconf 83' lang='lat' dir='ltr'><strong>anathematizavit,</strong></span> <span class='ocrx_word' id='word_1_129' title='bbox 1864 1222 2136 1292; x_wconf 76' lang='lat' dir='ltr'><strong>neglecto,</strong></span> <span class='ocrx_word' id='word_1_130' title='bbox 2186 1230 2241 1278; x_wconf 89' lang='lat' dir='ltr'><strong>et</strong></span> 
     </span>
    </p>
   </div>
   <div class='ocr_carea' id='block_1_20' title="bbox 2250 1219 3852 1296">
    <p class='ocr_par' dir='ltr' id='par_1_20' title="bbox 2340 1222 3852 1296">
     <span class='ocr_line' id='line_1_20' title="bbox 2340 1222 3852 1296; baseline 0 -19"><span class='ocrx_word' id='word_1_131' title='bbox 2340 1224 2472 1288; x_wconf 85' lang='grc' dir='ltr'>Θεὸς</span> <span class='ocrx_word' id='word_1_132' title='bbox 2525 1224 2625 1294; x_wconf 81' lang='grc' dir='ltr'>τὴν</span> <span class='ocrx_word' id='word_1_133' title='bbox 2661 1225 2820 1296; x_wconf 81' lang='grc' dir='ltr'>δίκην</span> <span class='ocrx_word' id='word_1_134' title='bbox 2856 1223 2950 1277; x_wconf 81' lang='grc' dir='ltr'>τοῦ</span> <span class='ocrx_word' id='word_1_135' title='bbox 2991 1224 3238 1294; x_wconf 79' lang='grc' dir='ltr'>Ἀμαλὴκ</span> <span class='ocrx_word' id='word_1_136' title='bbox 3260 1263 3274 1288; x_wconf 94' lang='grc'><strong>,</strong></span> <span class='ocrx_word' id='word_1_137' title='bbox 3301 1225 3402 1292; x_wconf 81' lang='grc' dir='ltr'>τῆς</span> <span class='ocrx_word' id='word_1_138' title='bbox 3432 1222 3597 1275; x_wconf 79' lang='grc' dir='ltr'>αὑτοῦ</span> <span class='ocrx_word' id='word_1_139' title='bbox 3638 1225 3852 1277; x_wconf 73' lang='grc' dir='ltr'>καὶτοῦτο</span> 
     </span>
    </p>
   </div>
   <div class='ocr_carea' id='block_1_21' title="bbox 659 1310 2261 1391">
    <p class='ocr_par' dir='ltr' id='par_1_21' title="bbox 659 1310 2235 1380">
     <span class='ocr_line' id='line_1_21' title="bbox 659 1310 2235 1380; baseline 0.001 -14"><span class='ocrx_word' id='word_1_140' title='bbox 659 1311 957 1380; x_wconf 87' lang='lat' dir='ltr'><strong>praeterito,</strong></span> <span class='ocrx_word' id='word_1_141' title='bbox 1007 1324 1188 1380; x_wconf 87' lang='lat' dir='ltr'><strong>neque</strong></span> <span class='ocrx_word' id='word_1_142' title='bbox 1238 1310 1423 1365; x_wconf 83' lang='lat' dir='ltr'><strong>Achar</strong></span> <span class='ocrx_word' id='word_1_143' title='bbox 1474 1311 1727 1379; x_wconf 82' lang='lat' dir='ltr'><strong>exemplo</strong></span> <span class='ocrx_word' id='word_1_144' title='bbox 1771 1311 1992 1365; x_wconf 80' lang='lat' dir='ltr'><strong>cautior</strong></span> <span class='ocrx_word' id='word_1_145' title='bbox 2029 1311 2235 1376; x_wconf 81' lang='lat' dir='ltr'><strong>factus,</strong></span> 
     </span>
    </p>
   </div>
   <div class='ocr_carea' id='block_1_22' title="bbox 2251 1310 3853 1391">
    <p class='ocr_par' dir='ltr' id='par_1_22' title="bbox 2340 1314 3853 1391">
     <span class='ocr_line' id='line_1_22' title="bbox 2340 1314 3853 1391; baseline -0.003 -18"><span class='ocrx_word' id='word_1_146' title='bbox 2340 1317 2777 1391; x_wconf 78' lang='grc' dir='ltr'><strong>φιλανθρωπίας,</strong></span> <span class='ocrx_word' id='word_1_147' title='bbox 2809 1315 3063 1371; x_wconf 82' lang='grc' dir='ltr'>τοσοῦτον</span> <span class='ocrx_word' id='word_1_148' title='bbox 3104 1317 3184 1378; x_wconf 88' lang='grc' dir='ltr'><strong>είς</strong></span> <span class='ocrx_word' id='word_1_149' title='bbox 3232 1315 3528 1385; x_wconf 81' lang='grc' dir='ltr'>μετάνοιαν</span> <span class='ocrx_word' id='word_1_150' title='bbox 3574 1314 3853 1380; x_wconf 72' lang='grc' dir='ltr'><strong>ἐνδεδωκότος</strong></span> 
     </span>
    </p>
   </div>
   <div class='ocr_carea' id='block_1_23' title="bbox 659 1401 2261 1476">
    <p class='ocr_par' dir='ltr' id='par_1_23' title="bbox 659 1401 2237 1473">
     <span class='ocr_line' id='line_1_23' title="bbox 659 1401 2237 1473; baseline 0.001 -16"><span class='ocrx_word' id='word_1_151' title='bbox 659 1418 750 1458; x_wconf 89' lang='lat' dir='ltr'><strong>res</strong></span> <span class='ocrx_word' id='word_1_152' title='bbox 793 1402 1226 1473; x_wconf 81' lang='lat' dir='ltr'><strong>pretiosissimas</strong></span> <span class='ocrx_word' id='word_1_153' title='bbox 1255 1402 1491 1471; x_wconf 89' lang='lat' dir='ltr'><strong>accepit.</strong></span> <span class='ocrx_word' id='word_1_154' title='bbox 1527 1401 1684 1467; x_wconf 86' lang='lat' dir='ltr'><strong>Quod</strong></span> <span class='ocrx_word' id='word_1_155' title='bbox 1717 1410 1898 1458; x_wconf 88' lang='lat' dir='ltr'><strong>autem</strong></span> <span class='ocrx_word' id='word_1_156' title='bbox 1934 1403 2079 1459; x_wconf 86' lang='lat' dir='ltr'><strong>Deus</strong></span> <span class='ocrx_word' id='word_1_157' title='bbox 2114 1418 2237 1472; x_wconf 89' lang='lat' dir='ltr'><strong>poe-</strong></span> 
     </span>
    </p>
   </div>
   <div class='ocr_carea' id='block_1_24' title="bbox 2254 1401 3856 1476">
    <p class='ocr_par' dir='ltr' id='par_1_24' title="bbox 2339 1403 3856 1476">
     <span class='ocr_line' id='line_1_24' title="bbox 2339 1403 3856 1476; baseline -0.001 -17"><span class='ocrx_word' id='word_1_158' title='bbox 2339 1407 2541 1470; x_wconf 82' lang='grc' dir='ltr'>αὑτοῖς,</span> <span class='ocrx_word' id='word_1_159' title='bbox 2575 1405 2667 1459; x_wconf 69' lang='grc' dir='ltr'>καὶ</span> <span class='ocrx_word' id='word_1_160' title='bbox 2710 1404 3067 1476; x_wconf 80' lang='grc' dir='ltr'><strong>πληρωθῆναι</strong></span> <span class='ocrx_word' id='word_1_161' title='bbox 3119 1403 3216 1466; x_wconf 76' lang='grc' dir='ltr'>τὰς</span> <span class='ocrx_word' id='word_1_162' title='bbox 3252 1403 3531 1474; x_wconf 81' lang='grc' dir='ltr'>ἁμαρτίας</span> <span class='ocrx_word' id='word_1_163' title='bbox 3559 1403 3720 1455; x_wconf 80' lang='grc' dir='ltr'>αὐτῶν</span> <span class='ocrx_word' id='word_1_164' title='bbox 3744 1421 3856 1473; x_wconf 79' lang='grc' dir='ltr'>περι-</span> 
     </span>
    </p>
   </div>
   <div class='ocr_carea' id='block_1_25' title="bbox 658 1494 2260 1568">
    <p class='ocr_par' dir='ltr' id='par_1_25' title="bbox 658 1494 2237 1564">
     <span class='ocr_line' id='line_1_25' title="bbox 658 1494 2237 1564; baseline 0.001 -15"><span class='ocrx_word' id='word_1_165' title='bbox 658 1510 786 1549; x_wconf 87' lang='lat' dir='ltr'><strong>nam</strong></span> <span class='ocrx_word' id='word_1_166' title='bbox 812 1495 1242 1550; x_wconf 82' lang='lat' dir='ltr'><strong>Amelecitaruin</strong></span> <span class='ocrx_word' id='word_1_167' title='bbox 1283 1495 1571 1563; x_wconf 88' lang='lat' dir='ltr'><strong>hucusque</strong></span> <span class='ocrx_word' id='word_1_168' title='bbox 1596 1495 1826 1557; x_wconf 86' lang='lat' dir='ltr'><strong>distulit,</strong></span> <span class='ocrx_word' id='word_1_169' title='bbox 1868 1494 2047 1564; x_wconf 89' lang='lat' dir='ltr'><strong>ipsius</strong></span> <span class='ocrx_word' id='word_1_170' title='bbox 2070 1496 2237 1551; x_wconf 90' lang='lat' dir='ltr'><strong>etiam</strong></span> 
     </span>
    </p>
   </div>
   <div class='ocr_carea' id='block_1_26' title="bbox 2251 1494 3853 1568">
    <p class='ocr_par' dir='ltr' id='par_1_26' title="bbox 2344 1495 3853 1568">
     <span class='ocr_line' id='line_1_26' title="bbox 2344 1495 3853 1568; baseline 0.002 -19"><span class='ocrx_word' id='word_1_171' title='bbox 2344 1497 2648 1567; x_wconf 84' lang='grc' dir='ltr'><strong>μείναντος,</strong></span> <span class='ocrx_word' id='word_1_172' title='bbox 2706 1497 2826 1549; x_wconf 76' lang='grc' dir='ltr'>ἀντὶ</span> <span class='ocrx_word' id='word_1_173' title='bbox 2896 1495 3183 1568; x_wconf 78' lang='grc' dir='ltr'><strong>μετανοίας</strong></span> <span class='ocrx_word' id='word_1_174' title='bbox 3255 1495 3655 1567; x_wconf 81' lang='grc' dir='ltr'><strong>προστιθέντων</strong></span> <span class='ocrx_word' id='word_1_175' title='bbox 3698 1496 3853 1559; x_wconf 73' lang='grc' dir='ltr'>αὑταῖς.</span> 
     </span>
    </p>
   </div>
   <div class='ocr_carea' id='block_1_27' title="bbox 656 1585 2258 1657">
    <p class='ocr_par' dir='ltr' id='par_1_27' title="bbox 656 1585 2238 1656">
     <span class='ocr_line' id='line_1_27' title="bbox 656 1585 2238 1656; baseline 0.001 -17"><span class='ocrx_word' id='word_1_176' title='bbox 656 1600 788 1655; x_wconf 72' lang='lat' dir='ltr'><strong>erga</strong></span> <span class='ocrx_word' id='word_1_177' title='bbox 816 1586 1069 1640; x_wconf 86' lang='lat' dir='ltr'><strong>homines</strong></span> <span class='ocrx_word' id='word_1_178' title='bbox 1105 1585 1313 1641; x_wconf 90' lang='lat' dir='ltr'><strong>amoris</strong></span> <span class='ocrx_word' id='word_1_179' title='bbox 1351 1595 1456 1649; x_wconf 90' lang='lat' dir='ltr'><strong>est,</strong></span> <span class='ocrx_word' id='word_1_180' title='bbox 1493 1598 1547 1640; x_wconf 87' lang='lat' dir='ltr'><strong>et</strong></span> <span class='ocrx_word' id='word_1_181' title='bbox 1576 1586 1955 1655; x_wconf 82' lang='lat' dir='ltr'><strong>benignitatis,</strong></span> <span class='ocrx_word' id='word_1_182' title='bbox 1984 1588 2080 1656; x_wconf 92' lang='lat' dir='ltr'><strong>qui</strong></span> <span class='ocrx_word' id='word_1_183' title='bbox 2111 1595 2238 1641; x_wconf 90' lang='lat' dir='ltr'><strong>tan-</strong></span> 
     </span>
    </p>
   </div>
   <div class='ocr_carea' id='block_1_28' title="bbox 2257 1585 3859 1657">
    <p class='ocr_par' dir='ltr' id='par_1_28' title="bbox 2339 1585 3859 1657">
     <span class='ocr_line' id='line_1_28' title="bbox 2339 1585 3859 1657; baseline -0.002 -16"><span class='ocrx_word' id='word_1_184' title='bbox 2339 1587 2535 1641; x_wconf 84' lang='grc' dir='ltr'><strong>Καίτοι</strong></span> <span class='ocrx_word' id='word_1_185' title='bbox 2585 1585 2822 1641; x_wconf 81' lang='grc' dir='ltr'>τοσαῦτα</span> <span class='ocrx_word' id='word_1_186' title='bbox 2864 1587 2993 1656; x_wconf 79' lang='grc' dir='ltr'>περὶ</span> <span class='ocrx_word' id='word_1_187' title='bbox 3022 1587 3115 1640; x_wconf 81' lang='grc' dir='ltr'>τὸν</span> <span class='ocrx_word' id='word_1_188' title='bbox 3136 1587 3356 1657; x_wconf 80' lang='grc' dir='ltr'>Ἰσραὴλ</span> <span class='ocrx_word' id='word_1_189' title='bbox 3398 1586 3642 1654; x_wconf 75' lang='grc' dir='ltr'>ἐγεγόνει</span> <span class='ocrx_word' id='word_1_190' title='bbox 3680 1587 3859 1640; x_wconf 63' lang='lat'><strong>1310:3-</strong></span> 
     </span>
    </p>
   </div>
   <div class='ocr_carea' id='block_1_29' title="bbox 659 1672 2261 1751">
    <p class='ocr_par' dir='ltr' id='par_1_29' title="bbox 659 1676 2237 1748">
     <span class='ocr_line' id='line_1_29' title="bbox 659 1676 2237 1748; baseline -0.001 -15"><span class='ocrx_word' id='word_1_191' title='bbox 659 1689 773 1733; x_wconf 89' lang='lat' dir='ltr'><strong>tum</strong></span> <span class='ocrx_word' id='word_1_192' title='bbox 834 1676 1101 1748; x_wconf 87' lang='lat' dir='ltr'><strong>temporis</strong></span> <span class='ocrx_word' id='word_1_193' title='bbox 1151 1678 1497 1747; x_wconf 68' lang='lat' dir='ltr'><strong>poenitentiae</strong></span> <span class='ocrx_word' id='word_1_194' title='bbox 1548 1676 1799 1747; x_wconf 86' lang='lat' dir='ltr'><strong>ipsorum</strong></span> <span class='ocrx_word' id='word_1_195' title='bbox 1850 1678 2021 1741; x_wconf 88' lang='lat' dir='ltr'><strong>dedit,</strong></span> <span class='ocrx_word' id='word_1_196' title='bbox 2048 1686 2102 1733; x_wconf 90' lang='lat' dir='ltr'><strong>et</strong></span> <span class='ocrx_word' id='word_1_197' title='bbox 2140 1694 2237 1733; x_wconf 83' lang='lat' dir='ltr'><strong>ex-</strong></span> 
     </span>
    </p>
   </div>
   <div class='ocr_carea' id='block_1_30' title="bbox 2258 1672 3860 1751">
    <p class='ocr_par' dir='ltr' id='par_1_30' title="bbox 2344 1672 3860 1751">
     <span class='ocr_line' id='line_1_30' title="bbox 2344 1672 3860 1751; baseline -0.002 -20"><span class='ocrx_word' id='word_1_198' title='bbox 2344 1694 2513 1747; x_wconf 88' lang='grc' dir='ltr'>ματα,</span> <span class='ocrx_word' id='word_1_199' title='bbox 2539 1678 2606 1732; x_wconf 83' lang='grc' dir='ltr'><strong>δι’</strong></span> <span class='ocrx_word' id='word_1_200' title='bbox 2641 1672 2717 1733; x_wconf 81' lang='grc' dir='ltr'><strong>ὧν</strong></span> <span class='ocrx_word' id='word_1_201' title='bbox 2752 1677 2926 1751; x_wconf 83' lang='grc' dir='ltr'><strong>ὲχρῆν</strong></span> <span class='ocrx_word' id='word_1_202' title='bbox 2960 1676 3405 1749; x_wconf 73' lang='grc' dir='ltr'>ἐπιστρέφεσθαι.</span> <span class='ocrx_word' id='word_1_203' title='bbox 3441 1676 3507 1729; x_wconf 82' lang='lat' dir='ltr'><strong>Ei</strong></span> <span class='ocrx_word' id='word_1_204' title='bbox 3537 1676 3616 1739; x_wconf 84' lang='grc' dir='ltr'>δὲ,</span> <span class='ocrx_word' id='word_1_205' title='bbox 3639 1677 3733 1729; x_wconf 84' lang='grc' dir='ltr'><strong>τῶν</strong></span> <span class='ocrx_word' id='word_1_206' title='bbox 3753 1678 3860 1746; x_wconf 73' lang='grc' dir='ltr'>πρώ-</span> 
     </span>
    </p>
   </div>
   <div class='ocr_carea' id='block_1_31' title="bbox 660 1765 2262 1844">
    <p class='ocr_par' dir='ltr' id='par_1_31' title="bbox 660 1773 2237 1844">
     <span class='ocr_line' id='line_1_31' title="bbox 660 1773 2237 1844; baseline 0 -16"><span class='ocrx_word' id='word_1_207' title='bbox 660 1774 951 1843; x_wconf 84' lang='lat' dir='ltr'><strong>spectavit,</strong></span> <span class='ocrx_word' id='word_1_208' title='bbox 988 1773 1169 1829; x_wconf 90' lang='lat' dir='ltr'><strong>donec</strong></span> <span class='ocrx_word' id='word_1_209' title='bbox 1197 1788 1459 1829; x_wconf 79' lang='lat' dir='ltr'><strong>mensura</strong></span> <span class='ocrx_word' id='word_1_210' title='bbox 1514 1783 1868 1843; x_wconf 84' lang='lat' dir='ltr'><strong>peccatorum</strong></span> <span class='ocrx_word' id='word_1_211' title='bbox 1906 1773 2237 1844; x_wconf 72' lang='lat' dir='ltr'><strong>adimplere-</strong></span> 
     </span>
    </p>
   </div>
   <div class='ocr_carea' id='block_1_32' title="bbox 2256 1765 3858 1844">
    <p class='ocr_par' dir='ltr' id='par_1_32' title="bbox 2276 1765 3858 1844">
     <span class='ocr_line' id='line_1_32' title="bbox 2276 1765 3858 1844; baseline 0 -21"><span class='ocrx_word' id='word_1_212' title='bbox 2276 1843 2281 1844; x_wconf 16' lang='grc' dir='ltr'><em>ν</em></span> <span class='ocrx_word' id='word_1_213' title='bbox 2341 1787 2450 1823; x_wconf 89' lang='grc' dir='ltr'><strong>των</strong></span> <span class='ocrx_word' id='word_1_214' title='bbox 2496 1771 2918 1841; x_wconf 79' lang='grc' dir='ltr'><strong>ἡμαρτηκότων,</strong></span> <span class='ocrx_word' id='word_1_215' title='bbox 2968 1765 3114 1824; x_wconf 79' lang='grc' dir='ltr'>οὗτοι</span> <span class='ocrx_word' id='word_1_216' title='bbox 3152 1769 3507 1832; x_wconf 75' lang='grc' dir='ltr'>κολάζονται,</span> <span class='ocrx_word' id='word_1_217' title='bbox 3556 1769 3752 1839; x_wconf 86' lang='grc' dir='ltr'>πρῶτον</span> <span class='ocrx_word' id='word_1_218' title='bbox 3791 1772 3858 1839; x_wconf 76' lang='grc' dir='ltr'><strong>μὲν</strong></span> 
     </span>
    </p>
   </div>
   <div class='ocr_carea' id='block_1_33' title="bbox 659 1843 2261 1935">
    <p class='ocr_par' dir='ltr' id='par_1_33' title="bbox 659 1843 2240 1935">
     <span class='ocr_line' id='line_1_33' title="bbox 659 1843 2240 1935; baseline 0.002 -19"><span class='ocrx_word' id='word_1_219' title='bbox 659 1872 771 1916; x_wconf 87' lang='lat' dir='ltr'><strong>tur.</strong></span> <span class='ocrx_word' id='word_1_220' title='bbox 799 1864 935 1918; x_wconf 89' lang='lat' dir='ltr'><strong>Cum</strong></span> <span class='ocrx_word' id='word_1_221' title='bbox 969 1864 1189 1919; x_wconf 87' lang='lat' dir='ltr'><strong>interim</strong></span> <span class='ocrx_word' id='word_1_222' title='bbox 1223 1864 1324 1933; x_wconf 89' lang='lat' dir='ltr'><strong>ipsi</strong></span> <span class='ocrx_word' id='word_1_223' title='bbox 1348 1865 1468 1919; x_wconf 84' lang='lat' dir='ltr'><strong>loco</strong></span> <span class='ocrx_word' id='word_1_224' title='bbox 1492 1863 1849 1934; x_wconf 65' lang='lat' dir='ltr'><strong>poenitentiae,</strong></span> <span class='ocrx_word' id='word_1_225' title='bbox 1875 1843 2240 1935; x_wconf 82' lang='lat' dir='ltr'><strong>quamagere</strong></span> 
     </span>
    </p>
   </div>
   <div class='ocr_carea' id='block_1_34' title="bbox 2255 1843 3857 1935">
    <p class='ocr_par' dir='ltr' id='par_1_34' title="bbox 2269 1843 3857 1934">
     <span class='ocr_line' id='line_1_34' title="bbox 2269 1843 3857 1934; baseline -0.001 -20"><span class='ocrx_word' id='word_1_226' title='bbox 2269 1843 2313 1900; x_wconf 76' lang='grc' dir='ltr'>Β</span> <span class='ocrx_word' id='word_1_227' title='bbox 2340 1861 2434 1914; x_wconf 78' lang='grc' dir='ltr'><strong>ἐπὶ</strong></span> <span class='ocrx_word' id='word_1_228' title='bbox 2461 1862 2667 1915; x_wconf 86' lang='grc' dir='ltr'>τούτων</span> <span class='ocrx_word' id='word_1_229' title='bbox 2705 1862 2766 1915; x_wconf 83' lang='grc' dir='ltr'>τὸ</span> <span class='ocrx_word' id='word_1_230' title='bbox 2829 1864 3031 1932; x_wconf 82' lang='grc' dir='ltr'><strong>μέτρον</strong></span> <span class='ocrx_word' id='word_1_231' title='bbox 3073 1861 3451 1932; x_wconf 72' lang='grc' dir='ltr'><strong>πεπλήρωται,</strong></span> <span class='ocrx_word' id='word_1_232' title='bbox 3488 1860 3714 1914; x_wconf 79' lang='grc' dir='ltr'>τοσαῦτα</span> <span class='ocrx_word' id='word_1_233' title='bbox 3737 1879 3857 1934; x_wconf 61' lang='grc' dir='ltr'>πρη-</span> 
     </span>
    </p>
   </div>
   <div class='ocr_carea' id='block_1_35' title="bbox 658 1951 2260 2028">
    <p class='ocr_par' dir='ltr' id='par_1_35' title="bbox 658 1956 2237 2028">
     <span class='ocr_line' id='line_1_35' title="bbox 658 1956 2237 2028; baseline 0.001 -17"><span class='ocrx_word' id='word_1_234' title='bbox 658 1956 945 2021; x_wconf 87' lang='lat' dir='ltr'><strong>debcrent,</strong></span> <span class='ocrx_word' id='word_1_235' title='bbox 994 1964 1222 2026; x_wconf 90' lang='lat' dir='ltr'><strong>peccata</strong></span> <span class='ocrx_word' id='word_1_236' title='bbox 1280 1956 1522 2027; x_wconf 86' lang='lat' dir='ltr'><strong>peccatis</strong></span> <span class='ocrx_word' id='word_1_237' title='bbox 1571 1956 1956 2023; x_wconf 89' lang='lat' dir='ltr'><strong>cumularent;</strong></span> <span class='ocrx_word' id='word_1_238' title='bbox 1995 1970 2237 2028; x_wconf 73' lang='lat' dir='ltr'><strong>cumque</strong></span> 
     </span>
    </p>
   </div>
   <div class='ocr_carea' id='block_1_36' title="bbox 2257 1951 3859 2028">
    <p class='ocr_par' dir='ltr' id='par_1_36' title="bbox 2342 1951 3859 2024">
     <span class='ocr_line' id='line_1_36' title="bbox 2342 1951 3859 2024; baseline -0.001 -17"><span class='ocrx_word' id='word_1_239' title='bbox 2342 1951 2562 2007; x_wconf 87' lang='grc' dir='ltr'>θέντων.</span> <span class='ocrx_word' id='word_1_240' title='bbox 2599 1952 2852 2017; x_wconf 81' lang='grc' dir='ltr'>Ἔπειτα,</span> <span class='ocrx_word' id='word_1_241' title='bbox 2897 1953 3135 2023; x_wconf 85' lang='grc' dir='ltr'>κρίσεως</span> <span class='ocrx_word' id='word_1_242' title='bbox 3178 1952 3344 2021; x_wconf 75' lang='grc' dir='ltr'>οὔσης</span> <span class='ocrx_word' id='word_1_243' title='bbox 3366 1991 3382 2017; x_wconf 91' lang='grc'><strong>,</strong></span> <span class='ocrx_word' id='word_1_244' title='bbox 3416 1953 3662 2007; x_wconf 86' lang='grc' dir='ltr'>κάκεῖνοι</span> <span class='ocrx_word' id='word_1_245' title='bbox 3704 1954 3784 2024; x_wconf 78' lang='grc' dir='ltr'>τὴν</span> <span class='ocrx_word' id='word_1_246' title='bbox 3808 1955 3859 2006; x_wconf 74' lang='grc' dir='ltr'><strong>δί-</strong></span> 
     </span>
    </p>
   </div>
   <div class='ocr_carea' id='block_1_37' title="bbox 660 2038 2262 2119">
    <p class='ocr_par' dir='ltr' id='par_1_37' title="bbox 660 2049 2237 2119">
     <span class='ocr_line' id='line_1_37' title="bbox 660 2049 2237 2119; baseline 0.002 -18"><span class='ocrx_word' id='word_1_247' title='bbox 660 2056 740 2103; x_wconf 84' lang='grc' dir='ltr'>ιοι</span> <span class='ocrx_word' id='word_1_248' title='bbox 786 2056 1050 2119; x_wconf 88' lang='lat' dir='ltr'><strong>tantaque</strong></span> <span class='ocrx_word' id='word_1_249' title='bbox 1111 2050 1384 2103; x_wconf 88' lang='lat' dir='ltr'><strong>miracula</strong></span> <span class='ocrx_word' id='word_1_250' title='bbox 1468 2049 1522 2104; x_wconf 90' lang='lat' dir='ltr'><strong>in</strong></span> <span class='ocrx_word' id='word_1_251' title='bbox 1576 2056 1877 2119; x_wconf 87' lang='lat' dir='ltr'><strong>conspectu</strong></span> <span class='ocrx_word' id='word_1_252' title='bbox 1930 2049 2237 2113; x_wconf 88' lang='lat' dir='ltr'><strong>haberent,</strong></span> 
     </span>
    </p>
   </div>
   <div class='ocr_carea' id='block_1_38' title="bbox 2259 2038 3861 2119">
    <p class='ocr_par' dir='ltr' id='par_1_38' title="bbox 2341 2038 3861 2116">
     <span class='ocr_line' id='line_1_38' title="bbox 2341 2038 3861 2116; baseline -0.001 -18"><span class='ocrx_word' id='word_1_253' title='bbox 2341 2061 2445 2116; x_wconf 87' lang='grc' dir='ltr'>κην</span> <span class='ocrx_word' id='word_1_254' title='bbox 2481 2044 2581 2098; x_wconf 77' lang='grc' dir='ltr'><strong>οὐκ</strong></span> <span class='ocrx_word' id='word_1_255' title='bbox 2634 2044 2832 2113; x_wconf 72' lang='grc' dir='ltr'>ἔφυγον</span> <span class='ocrx_word' id='word_1_256' title='bbox 2859 2061 2872 2076; x_wconf 92' lang='grc'><strong>·</strong></span> <span class='ocrx_word' id='word_1_257' title='bbox 2906 2046 3003 2098; x_wconf 73' lang='grc' dir='ltr'>καὶ</span> <span class='ocrx_word' id='word_1_258' title='bbox 3030 2038 3175 2098; x_wconf 72' lang='grc' dir='ltr'>οὗτοι</span> <span class='ocrx_word' id='word_1_259' title='bbox 3214 2044 3597 2109; x_wconf 81' lang='grc' dir='ltr'><strong>κολασθέντες,</strong></span> <span class='ocrx_word' id='word_1_260' title='bbox 3636 2047 3708 2107; x_wconf 86' lang='grc' dir='ltr'><strong>είς</strong></span> <span class='ocrx_word' id='word_1_261' title='bbox 3732 2047 3861 2115; x_wconf 70' lang='grc' dir='ltr'>παρά-</span> 
     </span>
    </p>
   </div>
   <div class='ocr_carea' id='block_1_39' title="bbox 658 2136 2260 2212">
    <p class='ocr_par' dir='ltr' id='par_1_39' title="bbox 658 2139 2237 2212">
     <span class='ocr_line' id='line_1_39' title="bbox 658 2139 2237 2212; baseline 0 -17"><span class='ocrx_word' id='word_1_262' title='bbox 658 2156 781 2212; x_wconf 85' lang='lat' dir='ltr'><strong>quae</strong></span> <span class='ocrx_word' id='word_1_263' title='bbox 826 2141 882 2195; x_wconf 91' lang='lat' dir='ltr'><strong>in</strong></span> <span class='ocrx_word' id='word_1_264' title='bbox 926 2140 1132 2211; x_wconf 87' lang='lat' dir='ltr'><strong>populo</strong></span> <span class='ocrx_word' id='word_1_265' title='bbox 1179 2140 1485 2196; x_wconf 85' lang='lat' dir='ltr'><strong>Israelitico</strong></span> <span class='ocrx_word' id='word_1_266' title='bbox 1519 2141 1687 2207; x_wconf 88' lang='lat' dir='ltr'><strong>edita,</strong></span> <span class='ocrx_word' id='word_1_267' title='bbox 1719 2155 1818 2196; x_wconf 87' lang='lat' dir='ltr'><strong>eos</strong></span> <span class='ocrx_word' id='word_1_268' title='bbox 1852 2139 1919 2197; x_wconf 86' lang='lat' dir='ltr'><strong>ad</strong></span> <span class='ocrx_word' id='word_1_269' title='bbox 1958 2141 2237 2210; x_wconf 71' lang='lat' dir='ltr'><strong>pmniten-</strong></span> 
     </span>
    </p>
   </div>
   <div class='ocr_carea' id='block_1_40' title="bbox 2258 2136 3860 2212">
    <p class='ocr_par' dir='ltr' id='par_1_40' title="bbox 2340 2136 3860 2208">
     <span class='ocr_line' id='line_1_40' title="bbox 2340 2136 3860 2208; baseline -0.002 -17"><span class='ocrx_word' id='word_1_270' title='bbox 2340 2136 2541 2207; x_wconf 87' lang='grc' dir='ltr'>δειγμα</span> <span class='ocrx_word' id='word_1_271' title='bbox 2592 2140 2705 2201; x_wconf 83' lang='grc' dir='ltr'>τοῖς</span> <span class='ocrx_word' id='word_1_272' title='bbox 2745 2137 2931 2201; x_wconf 81' lang='grc' dir='ltr'>ἄλλοις</span> <span class='ocrx_word' id='word_1_273' title='bbox 2985 2136 3265 2206; x_wconf 80' lang='grc' dir='ltr'>ἐγένοντο,</span> <span class='ocrx_word' id='word_1_274' title='bbox 3330 2136 3711 2208; x_wconf 85' lang='grc' dir='ltr'><strong>μετρουμένων</strong></span> <span class='ocrx_word' id='word_1_275' title='bbox 3766 2138 3860 2206; x_wconf 64' lang='grc' dir='ltr'>πρὸς</span> 
     </span>
    </p>
   </div>
   <div class='ocr_carea' id='block_1_41' title="bbox 657 2228 2259 2304">
    <p class='ocr_par' dir='ltr' id='par_1_41' title="bbox 657 2232 2239 2304">
     <span class='ocr_line' id='line_1_41' title="bbox 657 2232 2239 2304; baseline -0.001 -16"><span class='ocrx_word' id='word_1_276' title='bbox 657 2234 789 2288; x_wconf 91' lang='lat' dir='ltr'><strong>tiam</strong></span> <span class='ocrx_word' id='word_1_277' title='bbox 844 2246 1152 2304; x_wconf 87' lang='lat' dir='ltr'><strong>provocare</strong></span> <span class='ocrx_word' id='word_1_278' title='bbox 1188 2233 1538 2300; x_wconf 79' lang='lat' dir='ltr'><strong>debuerunt;</strong></span> <span class='ocrx_word' id='word_1_279' title='bbox 1572 2232 1718 2303; x_wconf 88' lang='lat' dir='ltr'><strong>quod</strong></span> <span class='ocrx_word' id='word_1_280' title='bbox 1767 2247 1899 2288; x_wconf 87' lang='lat' dir='ltr'><strong>vero</strong></span> <span class='ocrx_word' id='word_1_281' title='bbox 1923 2273 1938 2299; x_wconf 92' lang='lat'><strong>,</strong></span> <span class='ocrx_word' id='word_1_282' title='bbox 1971 2247 2095 2288; x_wconf 91' lang='lat' dir='ltr'><strong>cum</strong></span> <span class='ocrx_word' id='word_1_283' title='bbox 2128 2247 2239 2286; x_wconf 90' lang='lat' dir='ltr'><strong>ma-</strong></span> 
     </span>
    </p>
   </div>
   <div class='ocr_carea' id='block_1_42' title="bbox 2258 2228 3860 2304">
    <p class='ocr_par' dir='ltr' id='par_1_42' title="bbox 2339 2228 3860 2297">
     <span class='ocr_line' id='line_1_42' title="bbox 2339 2228 3860 2297; baseline -0.003 -13"><span class='ocrx_word' id='word_1_284' title='bbox 2339 2230 2497 2294; x_wconf 84' lang='grc' dir='ltr'>ἀξίαν</span> <span class='ocrx_word' id='word_1_285' title='bbox 2554 2230 2651 2284; x_wconf 71' lang='grc' dir='ltr'>καὶ</span> <span class='ocrx_word' id='word_1_286' title='bbox 2701 2229 2809 2283; x_wconf 88' lang='grc' dir='ltr'><strong>τῶν</strong></span> <span class='ocrx_word' id='word_1_287' title='bbox 2864 2228 3097 2283; x_wconf 75' lang='grc' dir='ltr'>ἐνταῦθα</span> <span class='ocrx_word' id='word_1_288' title='bbox 3149 2228 3455 2290; x_wconf 84' lang='grc' dir='ltr'>κολάσεων,</span> <span class='ocrx_word' id='word_1_289' title='bbox 3486 2228 3585 2282; x_wconf 75' lang='grc' dir='ltr'>καὶ</span> <span class='ocrx_word' id='word_1_290' title='bbox 3621 2229 3719 2281; x_wconf 83' lang='grc' dir='ltr'><strong>τῶν</strong></span> <span class='ocrx_word' id='word_1_291' title='bbox 3744 2230 3860 2297; x_wconf 78' lang='grc' dir='ltr'>ἐντῴ</span> 
     </span>
    </p>
   </div>
   <div class='ocr_carea' id='block_1_43' title="bbox 654 2319 2256 2396">
    <p class='ocr_par' dir='ltr' id='par_1_43' title="bbox 654 2323 2237 2396">
     <span class='ocr_line' id='line_1_43' title="bbox 654 2323 2237 2396; baseline -0.002 -16"><span class='ocrx_word' id='word_1_292' title='bbox 654 2328 805 2396; x_wconf 90' lang='lat' dir='ltr'><strong>jores</strong></span> <span class='ocrx_word' id='word_1_293' title='bbox 839 2326 1145 2395; x_wconf 86' lang='lat' dir='ltr'><strong>peccarint,</strong></span> <span class='ocrx_word' id='word_1_294' title='bbox 1175 2325 1383 2394; x_wconf 87' lang='lat' dir='ltr'><strong>posteri</strong></span> <span class='ocrx_word' id='word_1_295' title='bbox 1440 2326 1788 2395; x_wconf 88' lang='lat' dir='ltr'><strong>puniuntur;</strong></span> <span class='ocrx_word' id='word_1_296' title='bbox 1827 2324 2064 2393; x_wconf 89' lang='lat' dir='ltr'><strong>primum</strong></span> <span class='ocrx_word' id='word_1_297' title='bbox 2110 2323 2237 2394; x_wconf 89' lang='lat' dir='ltr'><strong>qui-</strong></span> 
     </span>
    </p>
   </div>
   <div class='ocr_carea' id='block_1_44' title="bbox 2259 2319 3861 2396">
    <p class='ocr_par' dir='ltr' id='par_1_44' title="bbox 2344 2319 3861 2394">
     <span class='ocr_line' id='line_1_44' title="bbox 2344 2319 3861 2394; baseline 0 -22"><span class='ocrx_word' id='word_1_298' title='bbox 2344 2320 2594 2392; x_wconf 69' lang='grc' dir='ltr'>μέλλογιι</span> <span class='ocrx_word' id='word_1_299' title='bbox 2620 2337 2634 2352; x_wconf 84' lang='lat'><strong><em>°</em></strong></span> <span class='ocrx_word' id='word_1_300' title='bbox 2670 2323 2719 2374; x_wconf 81' lang='grc' dir='ltr'><strong>εί</strong></span> <span class='ocrx_word' id='word_1_301' title='bbox 2750 2322 2845 2376; x_wconf 80' lang='grc' dir='ltr'>καὶ</span> <span class='ocrx_word' id='word_1_302' title='bbox 2875 2325 2904 2375; x_wconf 89' lang='grc' dir='ltr'><strong>ό</strong></span> <span class='ocrx_word' id='word_1_303' title='bbox 2933 2325 3125 2394; x_wconf 84' lang='grc' dir='ltr'>χρόνος</span> <span class='ocrx_word' id='word_1_304' title='bbox 3150 2322 3239 2375; x_wconf 81' lang='grc' dir='ltr'><strong>διὰ</strong></span> <span class='ocrx_word' id='word_1_305' title='bbox 3261 2321 3361 2392; x_wconf 79' lang='grc' dir='ltr'>τὴν</span> <span class='ocrx_word' id='word_1_306' title='bbox 3397 2320 3708 2389; x_wconf 83' lang='grc' dir='ltr'><strong>οἰκονομίαν</strong></span> <span class='ocrx_word' id='word_1_307' title='bbox 3733 2319 3861 2387; x_wconf 56' lang='grc' dir='ltr'>διάει-</span> 
     </span>
    </p>
   </div>
   <div class='ocr_carea' id='block_1_45' title="bbox 659 2413 2261 2486">
    <p class='ocr_par' dir='ltr' id='par_1_45' title="bbox 659 2415 2235 2486">
     <span class='ocr_line' id='line_1_45' title="bbox 659 2415 2235 2486; baseline -0.001 -15"><span class='ocrx_word' id='word_1_308' title='bbox 659 2418 783 2471; x_wconf 85' lang='lat' dir='ltr'><strong>dem</strong></span> <span class='ocrx_word' id='word_1_309' title='bbox 837 2419 905 2471; x_wconf 92' lang='lat' dir='ltr'><strong>ab</strong></span> <span class='ocrx_word' id='word_1_310' title='bbox 946 2416 1058 2471; x_wconf 82' lang='lat' dir='ltr'><strong>illis</strong></span> <span class='ocrx_word' id='word_1_311' title='bbox 1120 2430 1379 2471; x_wconf 86' lang='lat' dir='ltr'><strong>mensura</strong></span> <span class='ocrx_word' id='word_1_312' title='bbox 1421 2426 1505 2471; x_wconf 88' lang='lat' dir='ltr'><strong>est</strong></span> <span class='ocrx_word' id='word_1_313' title='bbox 1559 2415 1805 2486; x_wconf 89' lang='lat' dir='ltr'><strong>impleta,</strong></span> <span class='ocrx_word' id='word_1_314' title='bbox 1852 2431 1976 2471; x_wconf 91' lang='lat' dir='ltr'><strong>cum</strong></span> <span class='ocrx_word' id='word_1_315' title='bbox 2022 2421 2235 2470; x_wconf 83' lang='lat' dir='ltr'><strong>tantum</strong></span> 
     </span>
    </p>
   </div>
   <div class='ocr_carea' id='block_1_46' title="bbox 2255 2413 3857 2486">
    <p class='ocr_par' dir='ltr' id='par_1_46' title="bbox 2343 2413 3857 2485">
     <span class='ocr_line' id='line_1_46' title="bbox 2343 2413 3857 2485; baseline -0.003 -17"><span class='ocrx_word' id='word_1_316' title='bbox 2343 2430 2458 2485; x_wconf 86' lang='grc' dir='ltr'>ρος,</span> <span class='ocrx_word' id='word_1_317' title='bbox 2495 2414 2630 2484; x_wconf 83' lang='grc' dir='ltr'><strong>μηδὲ</strong></span> <span class='ocrx_word' id='word_1_318' title='bbox 2665 2414 2871 2468; x_wconf 83' lang='grc' dir='ltr'>τούτων</span> <span class='ocrx_word' id='word_1_319' title='bbox 2913 2413 3147 2468; x_wconf 78' lang='grc' dir='ltr'>ἐνταῦθα</span> <span class='ocrx_word' id='word_1_320' title='bbox 3196 2413 3259 2465; x_wconf 77' lang='grc' dir='ltr'>τδ</span> <span class='ocrx_word' id='word_1_321' title='bbox 3306 2415 3593 2485; x_wconf 81' lang='grc' dir='ltr'>προσῆκον</span> <span class='ocrx_word' id='word_1_322' title='bbox 3627 2414 3857 2465; x_wconf 67' lang='lat' dir='ltr'><strong>dmum-</strong></span> 
     </span>
    </p>
   </div>
   <div class='ocr_carea' id='block_1_47' title="bbox 657 2503 2259 2579">
    <p class='ocr_par' dir='ltr' id='par_1_47' title="bbox 657 2503 2239 2579">
     <span class='ocr_line' id='line_1_47' title="bbox 657 2503 2239 2579; baseline 0.001 -19"><span class='ocrx_word' id='word_1_323' title='bbox 657 2507 954 2579; x_wconf 70' lang='lat' dir='ltr'><strong>prmteritis</strong></span> <span class='ocrx_word' id='word_1_324' title='bbox 996 2505 1265 2575; x_wconf 85' lang='lat' dir='ltr'><strong>peccatis</strong></span> <span class='ocrx_word' id='word_1_325' title='bbox 1296 2503 1645 2575; x_wconf 90' lang='lat' dir='ltr'><strong>adjecerint;</strong></span> <span class='ocrx_word' id='word_1_326' title='bbox 1692 2506 1923 2573; x_wconf 90' lang='lat' dir='ltr'><strong>deinde,</strong></span> <span class='ocrx_word' id='word_1_327' title='bbox 1975 2521 2100 2561; x_wconf 90' lang='lat' dir='ltr'><strong>cum</strong></span> <span class='ocrx_word' id='word_1_328' title='bbox 2147 2505 2239 2576; x_wconf 89' lang='lat' dir='ltr'><strong>ju-</strong></span> 
     </span>
    </p>
   </div>
   <div class='ocr_carea' id='block_1_48' title="bbox 2254 2503 3856 2579">
    <p class='ocr_par' dir='ltr' id='par_1_48' title="bbox 2338 2503 3856 2578">
     <span class='ocr_line' id='line_1_48' title="bbox 2338 2503 3856 2578; baseline -0.001 -20"><span class='ocrx_word' id='word_1_329' title='bbox 2338 2520 2467 2559; x_wconf 87' lang='grc' dir='ltr'>των.</span> <span class='ocrx_word' id='word_1_330' title='bbox 2497 2506 2612 2559; x_wconf 87' lang='grc' dir='ltr'>Μία</span> <span class='ocrx_word' id='word_1_331' title='bbox 2633 2506 2742 2575; x_wconf 75' lang='grc' dir='ltr'><strong>γὰρ</strong></span> <span class='ocrx_word' id='word_1_332' title='bbox 2763 2505 2885 2577; x_wconf 86' lang='grc' dir='ltr'>δίκη</span> <span class='ocrx_word' id='word_1_333' title='bbox 2911 2505 3050 2578; x_wconf 78' lang='grc' dir='ltr'>πρὸς</span> <span class='ocrx_word' id='word_1_334' title='bbox 3075 2506 3135 2559; x_wconf 86' lang='grc' dir='ltr'>τὸ</span> <span class='ocrx_word' id='word_1_335' title='bbox 3158 2506 3354 2577; x_wconf 77' lang='grc' dir='ltr'>παρὸν,</span> <span class='ocrx_word' id='word_1_336' title='bbox 3384 2504 3508 2569; x_wconf 87' lang='grc' dir='ltr'><strong>πῶς</strong></span> <span class='ocrx_word' id='word_1_337' title='bbox 3541 2504 3608 2559; x_wconf 82' lang='grc' dir='ltr'><strong>ἂν</strong></span> <span class='ocrx_word' id='word_1_338' title='bbox 3634 2503 3755 2574; x_wconf 78' lang='grc' dir='ltr'>πρὸς</span> <span class='ocrx_word' id='word_1_339' title='bbox 3767 2504 3856 2556; x_wconf 72' lang='lat' dir='ltr'><strong>ml-</strong></span> 
     </span>
    </p>
   </div>
   <div class='ocr_carea' id='block_1_49' title="bbox 657 2594 2259 2669">
    <p class='ocr_par' dir='ltr' id='par_1_49' title="bbox 657 2594 2239 2668">
     <span class='ocr_line' id='line_1_49' title="bbox 657 2594 2239 2668; baseline 0.001 -15"><span class='ocrx_word' id='word_1_340' title='bbox 657 2608 805 2653; x_wconf 84' lang='lat' dir='ltr'><strong>stum</strong></span> <span class='ocrx_word' id='word_1_341' title='bbox 859 2598 933 2653; x_wconf 88' lang='lat' dir='ltr'><strong>sit</strong></span> <span class='ocrx_word' id='word_1_342' title='bbox 978 2596 1198 2652; x_wconf 90' lang='lat' dir='ltr'><strong>Domini</strong></span> <span class='ocrx_word' id='word_1_343' title='bbox 1234 2594 1529 2666; x_wconf 85' lang='lat' dir='ltr'><strong>judicium,</strong></span> <span class='ocrx_word' id='word_1_344' title='bbox 1573 2597 1814 2666; x_wconf 82' lang='lat' dir='ltr'><strong>majores</strong></span> <span class='ocrx_word' id='word_1_345' title='bbox 1870 2599 2037 2654; x_wconf 90' lang='lat' dir='ltr'><strong>etiam</strong></span> <span class='ocrx_word' id='word_1_346' title='bbox 2086 2598 2239 2668; x_wconf 86' lang='lat' dir='ltr'><strong>ipso-</strong></span> 
     </span>
    </p>
   </div>
   <div class='ocr_carea' id='block_1_50' title="bbox 2255 2594 3857 2669">
    <p class='ocr_par' dir='ltr' id='par_1_50' title="bbox 2340 2597 3857 2669">
     <span class='ocr_line' id='line_1_50' title="bbox 2340 2597 3857 2669; baseline -0.002 -19"><span class='ocrx_word' id='word_1_347' title='bbox 2340 2597 2460 2664; x_wconf 85' lang='grc' dir='ltr'><strong>λάς,</strong></span> <span class='ocrx_word' id='word_1_348' title='bbox 2492 2599 2587 2652; x_wconf 75' lang='grc' dir='ltr'>καὶ</span> <span class='ocrx_word' id='word_1_349' title='bbox 2625 2598 2868 2669; x_wconf 80' lang='grc' dir='ltr'>μεγάλας</span> <span class='ocrx_word' id='word_1_350' title='bbox 2931 2597 3186 2661; x_wconf 80' lang='grc' dir='ltr'>ἀσεϐείας</span> <span class='ocrx_word' id='word_1_351' title='bbox 3228 2598 3555 2669; x_wconf 84' lang='grc' dir='ltr'>ἀρκέσειεν;</span> <span class='ocrx_word' id='word_1_352' title='bbox 3598 2598 3663 2649; x_wconf 84' lang='grc' dir='ltr'><strong>Ἤ</strong></span> <span class='ocrx_word' id='word_1_353' title='bbox 3706 2597 3790 2665; x_wconf 77' lang='grc' dir='ltr'>γὰρ</span> <span class='ocrx_word' id='word_1_354' title='bbox 3815 2598 3857 2648; x_wconf 70' lang='grc' dir='ltr'>ἂν</span> 
     </span>
    </p>
   </div>
   <div class='ocr_carea' id='block_1_51' title="bbox 658 2685 2260 2763">
    <p class='ocr_par' dir='ltr' id='par_1_51' title="bbox 658 2685 2235 2759">
     <span class='ocr_line' id='line_1_51' title="bbox 658 2685 2235 2759; baseline 0.003 -16"><span class='ocrx_word' id='word_1_355' title='bbox 658 2706 779 2743; x_wconf 84' lang='lat' dir='ltr'><strong>rum</strong></span> <span class='ocrx_word' id='word_1_356' title='bbox 828 2702 1022 2757; x_wconf 82' lang='lat' dir='ltr'><strong>pcenas</strong></span> <span class='ocrx_word' id='word_1_357' title='bbox 1076 2701 1185 2741; x_wconf 89' lang='lat' dir='ltr'><strong>non</strong></span> <span class='ocrx_word' id='word_1_358' title='bbox 1249 2685 1723 2755; x_wconf 76' lang='lat' dir='ltr'><strong>subterfugerunt.</strong></span> <span class='ocrx_word' id='word_1_359' title='bbox 1767 2688 1933 2759; x_wconf 87' lang='lat' dir='ltr'><strong>Atqui</strong></span> <span class='ocrx_word' id='word_1_360' title='bbox 1987 2690 2066 2756; x_wconf 89' lang='lat' dir='ltr'><strong>hi,</strong></span> <span class='ocrx_word' id='word_1_361' title='bbox 2111 2706 2235 2747; x_wconf 91' lang='lat' dir='ltr'><strong>cum</strong></span> 
     </span>
    </p>
   </div>
   <div class='ocr_carea' id='block_1_52' title="bbox 2255 2685 3857 2763">
    <p class='ocr_par' dir='ltr' id='par_1_52' title="bbox 2340 2689 3857 2763">
     <span class='ocr_line' id='line_1_52' title="bbox 2340 2689 3857 2763; baseline -0.002 -20"><span class='ocrx_word' id='word_1_362' title='bbox 2340 2690 2492 2744; x_wconf 73' lang='grc' dir='ltr'>οὐδὲν</span> <span class='ocrx_word' id='word_1_363' title='bbox 2538 2690 2604 2745; x_wconf 84' lang='grc' dir='ltr'><strong>ἀν</strong></span> <span class='ocrx_word' id='word_1_364' title='bbox 2642 2691 2857 2762; x_wconf 80' lang='grc' dir='ltr'>ὑπῆρχε</span> <span class='ocrx_word' id='word_1_365' title='bbox 2906 2689 3325 2763; x_wconf 86' lang='grc' dir='ltr'>μακαριώτερον</span> <span class='ocrx_word' id='word_1_366' title='bbox 3357 2689 3371 2740; x_wconf 82' lang='lat' dir='ltr'><strong>i</strong></span> <span class='ocrx_word' id='word_1_367' title='bbox 3414 2690 3749 2761; x_wconf 80' lang='grc' dir='ltr'>ἁμαρτωλοῖς</span> <span class='ocrx_word' id='word_1_368' title='bbox 3784 2689 3857 2741; x_wconf 70' lang='grc' dir='ltr'><strong>τῶν</strong></span> 
     </span>
    </p>
   </div>
   <div class='ocr_carea' id='block_1_53' title="bbox 659 2778 2261 2855">
    <p class='ocr_par' dir='ltr' id='par_1_53' title="bbox 659 2780 2239 2855">
     <span class='ocr_line' id='line_1_53' title="bbox 659 2780 2239 2855; baseline 0.001 -15"><span class='ocrx_word' id='word_1_369' title='bbox 659 2785 888 2840; x_wconf 87' lang='lat' dir='ltr'><strong>meritas</strong></span> <span class='ocrx_word' id='word_1_370' title='bbox 920 2797 1113 2852; x_wconf 69' lang='lat' dir='ltr'><strong>plenas</strong></span> <span class='ocrx_word' id='word_1_371' title='bbox 1147 2780 1425 2845; x_wconf 87' lang='lat' dir='ltr'><strong>dederint,</strong></span> <span class='ocrx_word' id='word_1_372' title='bbox 1463 2780 1588 2835; x_wconf 89' lang='lat' dir='ltr'><strong>aliis</strong></span> <span class='ocrx_word' id='word_1_373' title='bbox 1612 2781 1667 2836; x_wconf 93' lang='lat' dir='ltr'><strong>in</strong></span> <span class='ocrx_word' id='word_1_374' title='bbox 1698 2784 2011 2853; x_wconf 78' lang='lat' dir='ltr'><strong>exemplum</strong></span> <span class='ocrx_word' id='word_1_375' title='bbox 2036 2800 2239 2855; x_wconf 86' lang='lat' dir='ltr'><strong>propo-</strong></span> 
     </span>
    </p>
   </div>
   <div class='ocr_carea' id='block_1_54' title="bbox 2258 2778 3860 2855">
    <p class='ocr_par' dir='ltr' id='par_1_54' title="bbox 2340 2778 3860 2852">
     <span class='ocr_line' id='line_1_54' title="bbox 2340 2778 3860 2852; baseline -0.003 -16"><span class='ocrx_word' id='word_1_376' title='bbox 2340 2781 2574 2837; x_wconf 78' lang='grc' dir='ltr'>ἐνταῦθα</span> <span class='ocrx_word' id='word_1_377' title='bbox 2628 2780 3030 2851; x_wconf 78' lang='grc' dir='ltr'>κολαζομένων.</span> <span class='ocrx_word' id='word_1_378' title='bbox 3074 2781 3334 2852; x_wconf 85' lang='grc' dir='ltr'>Κρίνεται</span> <span class='ocrx_word' id='word_1_379' title='bbox 3390 2780 3446 2833; x_wconf 82' lang='grc' dir='ltr'><strong>δὲ</strong></span> <span class='ocrx_word' id='word_1_380' title='bbox 3487 2781 3586 2833; x_wconf 83' lang='grc' dir='ltr'>καὶ</span> <span class='ocrx_word' id='word_1_381' title='bbox 3633 2778 3860 2842; x_wconf 77' lang='grc' dir='ltr'>ἔθνος,ὼς</span> 
     </span>
    </p>
   </div>
   <div class='ocr_carea' id='block_1_55' title="bbox 658 2871 2260 2943">
    <p class='ocr_par' dir='ltr' id='par_1_55' title="bbox 658 2871 2235 2941">
     <span class='ocr_line' id='line_1_55' title="bbox 658 2871 2235 2941; baseline 0.003 -15"><span class='ocrx_word' id='word_1_382' title='bbox 658 2874 752 2928; x_wconf 88' lang='lat' dir='ltr'><strong>siti</strong></span> <span class='ocrx_word' id='word_1_383' title='bbox 794 2883 951 2937; x_wconf 85' lang='lat' dir='ltr'><strong>sunt;</strong></span> <span class='ocrx_word' id='word_1_384' title='bbox 984 2871 1304 2941; x_wconf 86' lang='lat' dir='ltr'><strong>temperatis</strong></span> <span class='ocrx_word' id='word_1_385' title='bbox 1356 2884 1456 2941; x_wconf 90' lang='lat' dir='ltr'><strong>pro</strong></span> <span class='ocrx_word' id='word_1_386' title='bbox 1500 2872 1698 2926; x_wconf 84' lang='lat' dir='ltr'><strong>merito</strong></span> <span class='ocrx_word' id='word_1_387' title='bbox 1727 2872 1785 2926; x_wconf 92' lang='lat' dir='ltr'><strong>in</strong></span> <span class='ocrx_word' id='word_1_388' title='bbox 1820 2873 1945 2939; x_wconf 88' lang='lat' dir='ltr'><strong>hoc,</strong></span> <span class='ocrx_word' id='word_1_389' title='bbox 1982 2885 2036 2929; x_wconf 90' lang='lat' dir='ltr'><strong>et</strong></span> <span class='ocrx_word' id='word_1_390' title='bbox 2071 2877 2235 2930; x_wconf 91' lang='lat' dir='ltr'><strong>etiam</strong></span> 
     </span>
    </p>
   </div>
   <div class='ocr_carea' id='block_1_56' title="bbox 2034 2871 3636 2943">
    <p class='ocr_par' dir='ltr' id='par_1_56' title="bbox 2034 2871 3636 2943">
     <span class='ocr_line' id='line_1_56' title="bbox 2034 2871 3636 2943; baseline -0.004 -14"><span class='ocrx_word' id='word_1_391' title='bbox 2034 2916 2036 2923; x_wconf 48' lang='grc' dir='ltr'>ν</span> <span class='ocrx_word' id='word_1_392' title='bbox 2071 2877 2235 2930; x_wconf 87' lang='lat' dir='ltr'><strong>etiam</strong></span> <span class='ocrx_word' id='word_1_393' title='bbox 2344 2872 2494 2936; x_wconf 76' lang='grc' dir='ltr'>ἔθνος</span> <span class='ocrx_word' id='word_1_394' title='bbox 2518 2887 2532 2902; x_wconf 86' lang='grc'><strong>·</strong></span> <span class='ocrx_word' id='word_1_395' title='bbox 2564 2871 2659 2927; x_wconf 71' lang='grc' dir='ltr'>καὶ</span> <span class='ocrx_word' id='word_1_396' title='bbox 2682 2873 2732 2925; x_wconf 81' lang='grc' dir='ltr'><strong>οἱ</strong></span> <span class='ocrx_word' id='word_1_397' title='bbox 2767 2872 2906 2926; x_wconf 83' lang='grc' dir='ltr'>κατὰ</span> <span class='ocrx_word' id='word_1_398' title='bbox 2933 2872 3120 2943; x_wconf 80' lang='grc' dir='ltr'>μέρος,</span> <span class='ocrx_word' id='word_1_399' title='bbox 3154 2871 3292 2941; x_wconf 82' lang='grc' dir='ltr'>πρὸς</span> <span class='ocrx_word' id='word_1_400' title='bbox 3329 2871 3428 2941; x_wconf 82' lang='grc' dir='ltr'>τὴν</span> <span class='ocrx_word' id='word_1_401' title='bbox 3451 2871 3636 2935; x_wconf 78' lang='grc' dir='ltr'>ἀξίαν.</span> 
     </span>
    </p>
   </div>
   <div class='ocr_carea' id='block_1_57' title="bbox 656 2963 3861 3037">
    <p class='ocr_par' dir='ltr' id='par_1_57' title="bbox 656 2963 3861 3037">
     <span class='ocr_line' id='line_1_57' title="bbox 656 2963 3861 3037; baseline -0.001 -15"><span class='ocrx_word' id='word_1_402' title='bbox 656 2967 719 3022; x_wconf 89' lang='lat' dir='ltr'><strong>in</strong></span> <span class='ocrx_word' id='word_1_403' title='bbox 747 2965 928 3022; x_wconf 78' lang='lat' dir='ltr'><strong>futuro</strong></span> <span class='ocrx_word' id='word_1_404' title='bbox 958 2963 1180 3029; x_wconf 64' lang='lat' dir='ltr'><strong>saeculo,</strong></span> <span class='ocrx_word' id='word_1_405' title='bbox 1213 2963 1580 3034; x_wconf 40' lang='lat' dir='ltr'><strong>plenisscum</strong></span> <span class='ocrx_word' id='word_1_406' title='bbox 1637 2972 1851 3034; x_wconf 86' lang='lat' dir='ltr'><strong>tempus</strong></span> <span class='ocrx_word' id='word_1_407' title='bbox 1891 2973 2119 3035; x_wconf 90' lang='lat' dir='ltr'><strong>propter</strong></span> <span class='ocrx_word' id='word_1_408' title='bbox 2146 2967 2611 3037; x_wconf 85' lang='lat' dir='ltr'><strong>dispensationem</strong></span> <span class='ocrx_word' id='word_1_409' title='bbox 2668 2964 2947 3020; x_wconf 90' lang='lat' dir='ltr'><strong>diversum</strong></span> <span class='ocrx_word' id='word_1_410' title='bbox 3005 2966 3100 3033; x_wconf 85' lang='lat' dir='ltr'><strong>sit,</strong></span> <span class='ocrx_word' id='word_1_411' title='bbox 3133 2980 3311 3036; x_wconf 89' lang='lat' dir='ltr'><strong>neque</strong></span> <span class='ocrx_word' id='word_1_412' title='bbox 3378 2966 3455 3020; x_wconf 89' lang='lat' dir='ltr'><strong>illi</strong></span> <span class='ocrx_word' id='word_1_413' title='bbox 3531 2966 3585 3019; x_wconf 91' lang='lat' dir='ltr'><strong>in</strong></span> <span class='ocrx_word' id='word_1_414' title='bbox 3651 2965 3743 3020; x_wconf 91' lang='lat' dir='ltr'><strong>hoc</strong></span> <span class='ocrx_word' id='word_1_415' title='bbox 3790 2980 3861 3018; x_wconf 69' lang='lat' dir='ltr'><strong>sa-</strong></span> 
     </span>
    </p>
   </div>
   <div class='ocr_carea' id='block_1_58' title="bbox 657 3057 3861 3131">
    <p class='ocr_par' dir='ltr' id='par_1_58' title="bbox 657 3057 3861 3131">
     <span class='ocr_line' id='line_1_58' title="bbox 657 3057 3861 3131; baseline -0.002 -15"><span class='ocrx_word' id='word_1_416' title='bbox 657 3061 1012 3129; x_wconf 87' lang='lat' dir='ltr'><strong>culojustam</strong></span> <span class='ocrx_word' id='word_1_417' title='bbox 1042 3072 1259 3129; x_wconf 68' lang='lat' dir='ltr'><strong>poenam</strong></span> <span class='ocrx_word' id='word_1_418' title='bbox 1279 3057 1865 3124; x_wconf 87' lang='lat' dir='ltr'><strong>dederint.Quomodo</strong></span> <span class='ocrx_word' id='word_1_419' title='bbox 1895 3060 2043 3115; x_wconf 90' lang='lat' dir='ltr'><strong>enim</strong></span> <span class='ocrx_word' id='word_1_420' title='bbox 2068 3062 2228 3115; x_wconf 87' lang='lat' dir='ltr'><strong>unica</strong></span> <span class='ocrx_word' id='word_1_421' title='bbox 2276 3074 2441 3131; x_wconf 74' lang='lat' dir='ltr'><strong>pmna</strong></span> <span class='ocrx_word' id='word_1_422' title='bbox 2501 3060 2555 3114; x_wconf 92' lang='lat' dir='ltr'><strong>in</strong></span> <span class='ocrx_word' id='word_1_423' title='bbox 2609 3073 2858 3129; x_wconf 82' lang='lat' dir='ltr'><strong>praesens</strong></span> <span class='ocrx_word' id='word_1_424' title='bbox 2908 3073 3008 3128; x_wconf 90' lang='lat' dir='ltr'><strong>pro</strong></span> <span class='ocrx_word' id='word_1_425' title='bbox 3041 3072 3261 3128; x_wconf 76' lang='lat' dir='ltr'><strong>magna,</strong></span> <span class='ocrx_word' id='word_1_426' title='bbox 3295 3067 3351 3113; x_wconf 91' lang='lat' dir='ltr'><strong>et</strong></span> <span class='ocrx_word' id='word_1_427' title='bbox 3397 3057 3689 3127; x_wconf 86' lang='lat' dir='ltr'><strong>multiplici</strong></span> <span class='ocrx_word' id='word_1_428' title='bbox 3721 3058 3861 3125; x_wconf 84' lang='lat' dir='ltr'><strong>impie-</strong></span> 
     </span>
    </p>
   </div>
   <div class='ocr_carea' id='block_1_59' title="bbox 656 3146 3860 3221">
    <p class='ocr_par' dir='ltr' id='par_1_59' title="bbox 656 3146 3860 3221">
     <span class='ocr_line' id='line_1_59' title="bbox 656 3146 3860 3221; baseline -0 -18"><span class='ocrx_word' id='word_1_429' title='bbox 656 3160 768 3204; x_wconf 81' lang='lat' dir='ltr'><strong>tate</strong></span> <span class='ocrx_word' id='word_1_430' title='bbox 813 3148 1063 3205; x_wconf 77' lang='lat' dir='ltr'><strong>sufﬁcere</strong></span> <span class='ocrx_word' id='word_1_431' title='bbox 1098 3148 1421 3219; x_wconf 77' lang='lat' dir='ltr'><strong>potuisset?</strong></span> <span class='ocrx_word' id='word_1_432' title='bbox 1469 3146 1606 3203; x_wconf 84' lang='lat' dir='ltr'><strong>Nam</strong></span> <span class='ocrx_word' id='word_1_433' title='bbox 1628 3158 1779 3205; x_wconf 90' lang='lat' dir='ltr'><strong>certe</strong></span> <span class='ocrx_word' id='word_1_434' title='bbox 1810 3151 2223 3219; x_wconf 86' lang='lat' dir='ltr'><strong>peccatoribus,</strong></span> <span class='ocrx_word' id='word_1_435' title='bbox 2299 3150 2393 3221; x_wconf 92' lang='lat' dir='ltr'><strong>qui</strong></span> <span class='ocrx_word' id='word_1_436' title='bbox 2462 3150 2519 3203; x_wconf 91' lang='lat' dir='ltr'><strong>in</strong></span> <span class='ocrx_word' id='word_1_437' title='bbox 2551 3152 2657 3205; x_wconf 92' lang='lat' dir='ltr'><strong>hoc</strong></span> <span class='ocrx_word' id='word_1_438' title='bbox 2691 3151 2896 3205; x_wconf 67' lang='lat' dir='ltr'><strong>saeculo</strong></span> <span class='ocrx_word' id='word_1_439' title='bbox 2930 3148 3258 3219; x_wconf 88' lang='lat' dir='ltr'><strong>puniuntur,</strong></span> <span class='ocrx_word' id='word_1_440' title='bbox 3292 3150 3434 3203; x_wconf 87' lang='lat' dir='ltr'><strong>nihil</strong></span> <span class='ocrx_word' id='word_1_441' title='bbox 3456 3150 3693 3214; x_wconf 86' lang='lat' dir='ltr'><strong>beatius,</strong></span> <span class='ocrx_word' id='word_1_442' title='bbox 3722 3156 3767 3203; x_wconf 88' lang='lat' dir='ltr'><strong>et</strong></span> <span class='ocrx_word' id='word_1_443' title='bbox 3786 3164 3860 3217; x_wconf 87' lang='lat' dir='ltr'><strong>op-</strong></span> 
     </span>
    </p>
   </div>
   <div class='ocr_carea' id='block_1_60' title="bbox 659 3238 3727 3313">
    <p class='ocr_par' dir='ltr' id='par_1_60' title="bbox 659 3238 3727 3313">
     <span class='ocr_line' id='line_1_60' title="bbox 659 3238 3727 3313; baseline 0 -17"><span class='ocrx_word' id='word_1_444' title='bbox 659 3242 883 3297; x_wconf 89' lang='lat' dir='ltr'><strong>tabilius</strong></span> <span class='ocrx_word' id='word_1_445' title='bbox 922 3242 1196 3311; x_wconf 87' lang='lat' dir='ltr'><strong>potuisset</strong></span> <span class='ocrx_word' id='word_1_446' title='bbox 1235 3238 1507 3294; x_wconf 91' lang='lat' dir='ltr'><strong>accidere.</strong></span> <span class='ocrx_word' id='word_1_447' title='bbox 1568 3238 1864 3295; x_wconf 79' lang='lat' dir='ltr'><strong>Judicatur</strong></span> <span class='ocrx_word' id='word_1_448' title='bbox 1905 3242 2049 3295; x_wconf 90' lang='lat' dir='ltr'><strong>enim</strong></span> <span class='ocrx_word' id='word_1_449' title='bbox 2078 3258 2233 3313; x_wconf 78' lang='lat' dir='ltr'><strong>gens,</strong></span> <span class='ocrx_word' id='word_1_450' title='bbox 2273 3250 2331 3295; x_wconf 91' lang='lat' dir='ltr'><strong>ut</strong></span> <span class='ocrx_word' id='word_1_451' title='bbox 2360 3257 2517 3312; x_wconf 77' lang='lat' dir='ltr'><strong>gens,</strong></span> <span class='ocrx_word' id='word_1_452' title='bbox 2555 3242 2760 3309; x_wconf 89' lang='lat' dir='ltr'><strong>aliique</strong></span> <span class='ocrx_word' id='word_1_453' title='bbox 2809 3240 3209 3310; x_wconf 87' lang='lat' dir='ltr'><strong>particulatim,</strong></span> <span class='ocrx_word' id='word_1_454' title='bbox 3245 3250 3407 3310; x_wconf 91' lang='lat' dir='ltr'><strong>prout</strong></span> <span class='ocrx_word' id='word_1_455' title='bbox 3433 3250 3727 3297; x_wconf 86' lang='lat' dir='ltr'><strong>merentur.</strong></span> 
     </span>
    </p>
   </div>
   <div class='ocr_carea' id='block_1_61' title="bbox 738 3327 2340 3401">
    <p class='ocr_par' dir='ltr' id='par_1_61' title="bbox 738 3327 2309 3399">
     <span class='ocr_line' id='line_1_61' title="bbox 738 3327 2309 3399; baseline 0.003 -16"><span class='ocrx_word' id='word_1_456' title='bbox 738 3328 1013 3385; x_wconf 70' lang='lat' dir='ltr'><strong>Vcrs.32.</strong></span> <span class='ocrx_word' id='word_1_457' title='bbox 1053 3327 1123 3383; x_wconf 78' lang='lat' dir='ltr'><strong>Et</strong></span> <span class='ocrx_word' id='word_1_458' title='bbox 1169 3328 1363 3382; x_wconf 80' lang='lat' dir='ltr'><strong>occidit</strong></span> <span class='ocrx_word' id='word_1_459' title='bbox 1394 3328 1613 3385; x_wconf 80' lang='lat' dir='ltr'><strong>Samuel</strong></span> <span class='ocrx_word' id='word_1_460' title='bbox 1659 3328 1828 3399; x_wconf 83' lang='lat' dir='ltr'><strong><em>Agag.</em></strong></span> <span class='ocrx_word' id='word_1_461' title='bbox 1878 3328 1949 3383; x_wconf 89' lang='lat' dir='ltr'><strong>Ut</strong></span> <span class='ocrx_word' id='word_1_462' title='bbox 2003 3330 2235 3388; x_wconf 86' lang='lat' dir='ltr'><strong>Phinces</strong></span> <span class='ocrx_word' id='word_1_463' title='bbox 2262 3335 2309 3399; x_wconf 85' lang='lat' dir='ltr'><strong><em>C</em></strong></span> 
     </span>
    </p>
   </div>
   <div class='ocr_carea' id='block_1_62' title="bbox 2255 3327 3857 3401">
    <p class='ocr_par' dir='ltr' id='par_1_62' title="bbox 2262 3329 3857 3401">
     <span class='ocr_line' id='line_1_62' title="bbox 2262 3329 3857 3401; baseline 0 -17"><span class='ocrx_word' id='word_1_464' title='bbox 2262 3335 2309 3399; x_wconf 73' lang='grc' dir='ltr'>α</span> <span class='ocrx_word' id='word_1_465' title='bbox 2407 3332 2516 3385; x_wconf 81' lang='lat' dir='ltr'><strong>Kal</strong></span> <span class='ocrx_word' id='word_1_466' title='bbox 2540 3330 2767 3399; x_wconf 64' lang='grc' dir='ltr'>ἔσφαξε</span> <span class='ocrx_word' id='word_1_467' title='bbox 2815 3329 3103 3400; x_wconf 70' lang='grc' dir='ltr'><strong>Σαμουὴλ</strong></span> <span class='ocrx_word' id='word_1_468' title='bbox 3144 3332 3253 3386; x_wconf 80' lang='grc' dir='ltr'><strong>τὸν</strong></span> <span class='ocrx_word' id='word_1_469' title='bbox 3292 3331 3493 3401; x_wconf 76' lang='grc' dir='ltr'>Ἀγάγ.</span> <span class='ocrx_word' id='word_1_470' title='bbox 3545 3334 3633 3397; x_wconf 84' lang='grc' dir='ltr'>Ὠς</span> <span class='ocrx_word' id='word_1_471' title='bbox 3670 3333 3696 3385; x_wconf 93' lang='grc' dir='ltr'><strong>ό</strong></span> <span class='ocrx_word' id='word_1_472' title='bbox 3722 3332 3857 3392; x_wconf 70' lang='grc' dir='ltr'>Φινεὲς</span> 
     </span>
    </p>
   </div>
   <div class='ocr_carea' id='block_1_63' title="bbox 662 3419 2264 3494">
    <p class='ocr_par' dir='ltr' id='par_1_63' title="bbox 662 3420 2131 3493">
     <span class='ocr_line' id='line_1_63' title="bbox 662 3420 2131 3493; baseline 0.001 -17"><span class='ocrx_word' id='word_1_473' title='bbox 662 3420 875 3477; x_wconf 88' lang='lat' dir='ltr'><strong>Sambri</strong></span> <span class='ocrx_word' id='word_1_474' title='bbox 903 3439 918 3489; x_wconf 89' lang='lat'><strong>;</strong></span> <span class='ocrx_word' id='word_1_475' title='bbox 949 3435 1075 3477; x_wconf 89' lang='lat' dir='ltr'><strong>nam</strong></span> <span class='ocrx_word' id='word_1_476' title='bbox 1109 3420 1260 3493; x_wconf 91' lang='lat' dir='ltr'><strong>quod</strong></span> <span class='ocrx_word' id='word_1_477' title='bbox 1311 3421 1456 3478; x_wconf 84' lang='lat' dir='ltr'><strong>Deus</strong></span> <span class='ocrx_word' id='word_1_478' title='bbox 1503 3420 1815 3492; x_wconf 88' lang='lat' dir='ltr'><strong>imperavit,</strong></span> <span class='ocrx_word' id='word_1_479' title='bbox 1845 3421 1994 3491; x_wconf 92' lang='lat' dir='ltr'><strong>pium</strong></span> <span class='ocrx_word' id='word_1_480' title='bbox 2025 3430 2131 3478; x_wconf 91' lang='lat' dir='ltr'><strong>est.</strong></span> 
     </span>
    </p>
   </div>
   <div class='ocr_carea' id='block_1_64' title="bbox 2254 3419 3856 3494">
    <p class='ocr_par' dir='ltr' id='par_1_64' title="bbox 2338 3419 3856 3494">
     <span class='ocr_line' id='line_1_64' title="bbox 2338 3419 3856 3494; baseline 0.002 -21"><span class='ocrx_word' id='word_1_481' title='bbox 2338 3421 2456 3474; x_wconf 78' lang='grc' dir='ltr'>τὸνι</span> <span class='ocrx_word' id='word_1_482' title='bbox 2483 3419 2716 3492; x_wconf 80' lang='grc' dir='ltr'>Σαμὸρί.</span> <span class='ocrx_word' id='word_1_483' title='bbox 2747 3420 2820 3474; x_wconf 82' lang='grc' dir='ltr'><strong>Τὸ</strong></span> <span class='ocrx_word' id='word_1_484' title='bbox 2871 3421 2980 3493; x_wconf 84' lang='grc' dir='ltr'>γὰρ</span> <span class='ocrx_word' id='word_1_485' title='bbox 3022 3422 3179 3494; x_wconf 85' lang='grc' dir='ltr'><strong>παρά</strong></span> <span class='ocrx_word' id='word_1_486' title='bbox 3231 3421 3366 3477; x_wconf 81' lang='grc' dir='ltr'>Θεοῦ</span> <span class='ocrx_word' id='word_1_487' title='bbox 3398 3422 3759 3494; x_wconf 84' lang='grc' dir='ltr'>κελευόμενον,</span> <span class='ocrx_word' id='word_1_488' title='bbox 3789 3425 3856 3476; x_wconf 77' lang='grc' dir='ltr'><strong>εὐ-</strong></span> 
     </span>
    </p>
   </div>
   <div class='ocr_carea' id='block_1_65' title="bbox 2342 3510 2521 3573">
    <p class='ocr_par' dir='ltr' id='par_1_65' title="bbox 2342 3510 2521 3573">
     <span class='ocr_line' id='line_1_65' title="bbox 2342 3510 2521 3573; baseline 0.011 -10"><span class='ocrx_word' id='word_1_489' title='bbox 2342 3510 2521 3573; x_wconf 79' lang='grc' dir='ltr'>σεὸές.</span> 
     </span>
    </p>
   </div>
   <div class='ocr_carea' id='block_1_66' title="bbox 1305 3602 2907 3671">
    <p class='ocr_par' dir='ltr' id='par_1_66' title="bbox 1305 3603 1626 3660">
     <span class='ocr_line' id='line_1_66' title="bbox 1305 3603 1626 3660; baseline -0.003 0"><span class='ocrx_word' id='word_1_490' title='bbox 1305 3603 1460 3660; x_wconf 81' lang='lat' dir='ltr'><strong>CAP.</strong></span> <span class='ocrx_word' id='word_1_491' title='bbox 1481 3603 1626 3660; x_wconf 79' lang='lat' dir='ltr'><strong>XVI.</strong></span> 
     </span>
    </p>
   </div>
   <div class='ocr_carea' id='block_1_67' title="bbox 1717 3602 3319 3671">
    <p class='ocr_par' dir='ltr' id='par_1_67' title="bbox 2913 3602 3319 3671">
     <span class='ocr_line' id='line_1_67' title="bbox 2913 3602 3319 3671; baseline 0.005 -14"><span class='ocrx_word' id='word_1_492' title='bbox 2913 3602 3169 3658; x_wconf 79' lang='grc' dir='ltr'><strong>ΚΕΦΑΛ.</strong></span> <span class='ocrx_word' id='word_1_493' title='bbox 3202 3605 3319 3671; x_wconf 72' lang='grc' dir='ltr'>Ιςν.</span> 
     </span>
    </p>
   </div>
   <div class='ocr_carea' id='block_1_68' title="bbox 742 3690 2344 3765">
    <p class='ocr_par' dir='ltr' id='par_1_68' title="bbox 742 3696 2239 3765">
     <span class='ocr_line' id='line_1_68' title="bbox 742 3696 2239 3765; baseline 0.001 -14"><span class='ocrx_word' id='word_1_494' title='bbox 742 3696 911 3753; x_wconf 74' lang='lat' dir='ltr'><strong>Vens.</strong></span> <span class='ocrx_word' id='word_1_495' title='bbox 938 3697 994 3752; x_wconf 72' lang='grc'>2.</span> <span class='ocrx_word' id='word_1_496' title='bbox 1036 3698 1313 3765; x_wconf 83' lang='lat' dir='ltr'><strong>Quomodo</strong></span> <span class='ocrx_word' id='word_1_497' title='bbox 1357 3699 1550 3754; x_wconf 77' lang='lat' dir='ltr'><strong>vadum</strong></span> <span class='ocrx_word' id='word_1_498' title='bbox 1574 3701 1599 3756; x_wconf 76' lang='lat'><strong><em>7</em></strong></span> <span class='ocrx_word' id='word_1_499' title='bbox 1627 3699 1673 3754; x_wconf 74' lang='lat' dir='ltr'><strong>si</strong></span> <span class='ocrx_word' id='word_1_500' title='bbox 1706 3699 1933 3754; x_wconf 80' lang='lat' dir='ltr'><strong>audierit</strong></span> <span class='ocrx_word' id='word_1_501' title='bbox 1966 3697 2121 3764; x_wconf 85' lang='lat' dir='ltr'><strong>Saul,</strong></span> <span class='ocrx_word' id='word_1_502' title='bbox 2153 3714 2239 3752; x_wconf 82' lang='lat' dir='ltr'><strong>oc-</strong></span> 
     </span>
    </p>
   </div>
   <div class='ocr_carea' id='block_1_69' title="bbox 2252 3690 3854 3765">
    <p class='ocr_par' dir='ltr' id='par_1_69' title="bbox 2413 3690 3854 3763">
     <span class='ocr_line' id='line_1_69' title="bbox 2413 3690 3854 3763; baseline -0.001 -14"><span class='ocrx_word' id='word_1_503' title='bbox 2413 3693 2543 3761; x_wconf 85' lang='grc' dir='ltr'>Πῶς</span> <span class='ocrx_word' id='word_1_504' title='bbox 2573 3690 2883 3763; x_wconf 81' lang='grc' dir='ltr'>πορευθῶ;</span> <span class='ocrx_word' id='word_1_505' title='bbox 2910 3694 3011 3747; x_wconf 82' lang='grc' dir='ltr'><strong>καί</strong></span> <span class='ocrx_word' id='word_1_506' title='bbox 3040 3694 3362 3748; x_wconf 81' lang='grc' dir='ltr'>ἀκούσεται</span> <span class='ocrx_word' id='word_1_507' title='bbox 3396 3694 3625 3759; x_wconf 80' lang='grc' dir='ltr'>Σαούλ,</span> <span class='ocrx_word' id='word_1_508' title='bbox 3654 3693 3764 3748; x_wconf 80' lang='grc' dir='ltr'>κτλ.</span> <span class='ocrx_word' id='word_1_509' title='bbox 3795 3692 3854 3752; x_wconf 81' lang='lat'><strong>&#39;0;</strong></span> 
     </span>
    </p>
   </div>
   <div class='ocr_carea' id='block_1_70' title="bbox 664 3776 2266 3861">
    <p class='ocr_par' dir='ltr' id='par_1_70' title="bbox 664 3776 2237 3861">
     <span class='ocr_line' id='line_1_70' title="bbox 664 3776 2237 3861; baseline -0.001 -16"><span class='ocrx_word' id='word_1_510' title='bbox 664 3791 800 3845; x_wconf 82' lang='lat' dir='ltr'><strong>cidet</strong></span> <span class='ocrx_word' id='word_1_511' title='bbox 829 3808 930 3845; x_wconf 80' lang='lat' dir='ltr'><strong>me.</strong></span> <span class='ocrx_word' id='word_1_512' title='bbox 959 3776 1181 3847; x_wconf 83' lang='lat' dir='ltr'><strong>Samuel</strong></span> <span class='ocrx_word' id='word_1_513' title='bbox 1211 3807 1366 3849; x_wconf 87' lang='lat' dir='ltr'><strong>more</strong></span> <span class='ocrx_word' id='word_1_514' title='bbox 1389 3792 1675 3847; x_wconf 86' lang='lat' dir='ltr'><strong>hominum</strong></span> <span class='ocrx_word' id='word_1_515' title='bbox 1694 3800 1897 3846; x_wconf 91' lang='lat' dir='ltr'><strong>metum</strong></span> <span class='ocrx_word' id='word_1_516' title='bbox 1925 3791 2237 3861; x_wconf 82' lang='lat' dir='ltr'><strong>praetendit.</strong></span> 
     </span>
    </p>
   </div>
   <div class='ocr_carea' id='block_1_71' title="bbox 2252 3776 3854 3861">
    <p class='ocr_par' dir='ltr' id='par_1_71' title="bbox 2340 3785 3854 3858">
     <span class='ocr_line' id='line_1_71' title="bbox 2340 3785 3854 3858; baseline -0.002 -17"><span class='ocrx_word' id='word_1_517' title='bbox 2340 3787 2626 3858; x_wconf 80' lang='grc' dir='ltr'>ἄνθρωπος</span> <span class='ocrx_word' id='word_1_518' title='bbox 2652 3786 2853 3857; x_wconf 78' lang='grc' dir='ltr'>δειλιᾷν</span> <span class='ocrx_word' id='word_1_519' title='bbox 2883 3788 3226 3857; x_wconf 75' lang='grc' dir='ltr'>προϊσχεται.</span> <span class='ocrx_word' id='word_1_520' title='bbox 3247 3785 3601 3857; x_wconf 81' lang='grc' dir='ltr'>Προσετάχθη</span> <span class='ocrx_word' id='word_1_521' title='bbox 3621 3786 3678 3838; x_wconf 75' lang='grc' dir='ltr'><strong>δὲ</strong></span> <span class='ocrx_word' id='word_1_522' title='bbox 3698 3786 3854 3857; x_wconf 71' lang='grc' dir='ltr'>προφά-</span> 
     </span>
    </p>
   </div>
   <div class='ocr_carea' id='block_1_72' title="bbox 663 3877 2265 3951">
    <p class='ocr_par' dir='ltr' id='par_1_72' title="bbox 663 3880 2239 3951">
     <span class='ocr_line' id='line_1_72' title="bbox 663 3880 2239 3951; baseline 0 -16"><span class='ocrx_word' id='word_1_523' title='bbox 663 3880 1043 3936; x_wconf 88' lang='lat' dir='ltr'><strong>Constitutum</strong></span> <span class='ocrx_word' id='word_1_524' title='bbox 1076 3890 1259 3936; x_wconf 90' lang='lat' dir='ltr'><strong>autem</strong></span> <span class='ocrx_word' id='word_1_525' title='bbox 1290 3891 1431 3948; x_wconf 89' lang='lat' dir='ltr'><strong>erat,</strong></span> <span class='ocrx_word' id='word_1_526' title='bbox 1455 3892 1514 3936; x_wconf 93' lang='lat' dir='ltr'><strong>ut</strong></span> <span class='ocrx_word' id='word_1_527' title='bbox 1551 3881 1655 3937; x_wconf 88' lang='lat' dir='ltr'><strong>sub</strong></span> <span class='ocrx_word' id='word_1_528' title='bbox 1689 3881 1949 3937; x_wconf 90' lang='lat' dir='ltr'><strong>sacriﬁcii</strong></span> <span class='ocrx_word' id='word_1_529' title='bbox 1976 3888 2239 3951; x_wconf 60' lang='lat' dir='ltr'><strong>praetextu</strong></span> 
     </span>
    </p>
   </div>
   <div class='ocr_carea' id='block_1_73' title="bbox 2255 3877 3857 3951">
    <p class='ocr_par' dir='ltr' id='par_1_73' title="bbox 2341 3877 3857 3949">
     <span class='ocr_line' id='line_1_73' title="bbox 2341 3877 3857 3949; baseline -0.004 -16"><span class='ocrx_word' id='word_1_530' title='bbox 2341 3897 2425 3933; x_wconf 88' lang='grc' dir='ltr'>σει</span> <span class='ocrx_word' id='word_1_531' title='bbox 2458 3879 2649 3943; x_wconf 87' lang='grc' dir='ltr'>θυσίας</span> <span class='ocrx_word' id='word_1_532' title='bbox 2678 3881 2901 3949; x_wconf 86' lang='grc' dir='ltr'>χωρεῖν,</span> <span class='ocrx_word' id='word_1_533' title='bbox 2937 3879 3000 3931; x_wconf 80' lang='grc' dir='ltr'>οὐ</span> <span class='ocrx_word' id='word_1_534' title='bbox 3029 3878 3258 3948; x_wconf 82' lang='grc' dir='ltr'>ψευδῶς.</span> <span class='ocrx_word' id='word_1_535' title='bbox 3288 3878 3597 3932; x_wconf 81' lang='grc' dir='ltr'>Ψεύδεσθαι</span> <span class='ocrx_word' id='word_1_536' title='bbox 3620 3879 3723 3949; x_wconf 84' lang='grc' dir='ltr'><strong>γάρ</strong></span> <span class='ocrx_word' id='word_1_537' title='bbox 3742 3880 3790 3930; x_wconf 79' lang='grc' dir='ltr'><strong>οὐ</strong></span> <span class='ocrx_word' id='word_1_538' title='bbox 3805 3877 3857 3928; x_wconf 77' lang='grc' dir='ltr'><strong>δι-</strong></span> 
     </span>
    </p>
   </div>
   <div class='ocr_carea' id='block_1_74' title="bbox 664 3969 2266 4042">
    <p class='ocr_par' dir='ltr' id='par_1_74' title="bbox 664 3973 2242 4038">
     <span class='ocr_line' id='line_1_74' title="bbox 664 3973 2242 4038; baseline 0.002 -13"><span class='ocrx_word' id='word_1_539' title='bbox 664 3974 864 4038; x_wconf 83' lang='lat' dir='ltr'><strong>abiret,</strong></span> <span class='ocrx_word' id='word_1_540' title='bbox 910 3989 1023 4027; x_wconf 83' lang='lat' dir='ltr'><strong>non</strong></span> <span class='ocrx_word' id='word_1_541' title='bbox 1076 3974 1447 4030; x_wconf 87' lang='lat' dir='ltr'><strong>mendaciter.</strong></span> <span class='ocrx_word' id='word_1_542' title='bbox 1479 3973 1700 4029; x_wconf 84' lang='lat' dir='ltr'><strong>Mentiri</strong></span> <span class='ocrx_word' id='word_1_543' title='bbox 1742 3974 1889 4029; x_wconf 91' lang='lat' dir='ltr'><strong>enim</strong></span> <span class='ocrx_word' id='word_1_544' title='bbox 1937 3989 2045 4028; x_wconf 90' lang='lat' dir='ltr'><strong>non</strong></span> <span class='ocrx_word' id='word_1_545' title='bbox 2081 3974 2242 4028; x_wconf 88' lang='lat' dir='ltr'><strong>docet</strong></span> 
     </span>
    </p>
   </div>
   <div class='ocr_carea' id='block_1_75' title="bbox 2256 3969 3858 4042">
    <p class='ocr_par' dir='ltr' id='par_1_75' title="bbox 2339 3969 3858 4042">
     <span class='ocr_line' id='line_1_75' title="bbox 2339 3969 3858 4042; baseline -0.003 -17"><span class='ocrx_word' id='word_1_546' title='bbox 2339 3972 2532 4027; x_wconf 87' lang='grc' dir='ltr'>δάσκει</span> <span class='ocrx_word' id='word_1_547' title='bbox 2550 3970 2705 4036; x_wconf 73' lang='grc' dir='ltr'>θεὸς,</span> <span class='ocrx_word' id='word_1_548' title='bbox 2726 3969 2943 4042; x_wconf 82' lang='grc' dir='ltr'>ἀληθῶς</span> <span class='ocrx_word' id='word_1_549' title='bbox 2965 3969 3075 4041; x_wconf 86' lang='grc' dir='ltr'><strong>γὰρ</strong></span> <span class='ocrx_word' id='word_1_550' title='bbox 3096 3969 3384 4022; x_wconf 73' lang='grc' dir='ltr'>ἐπετέλεσε</span> <span class='ocrx_word' id='word_1_551' title='bbox 3407 3970 3510 4039; x_wconf 80' lang='grc' dir='ltr'><strong>τὴν</strong></span> <span class='ocrx_word' id='word_1_552' title='bbox 3540 3971 3742 4024; x_wconf 85' lang='grc' dir='ltr'>θυσίαν.</span> <span class='ocrx_word' id='word_1_553' title='bbox 3771 3969 3858 4037; x_wconf 67' lang='grc' dir='ltr'><strong>Ἐρ-</strong></span> 
     </span>
    </p>
   </div>
   <div class='ocr_carea' id='block_1_76' title="bbox 664 4060 2266 4135">
    <p class='ocr_par' dir='ltr' id='par_1_76' title="bbox 664 4064 2238 4130">
     <span class='ocr_line' id='line_1_76' title="bbox 664 4064 2238 4130; baseline 0.002 -14"><span class='ocrx_word' id='word_1_554' title='bbox 664 4064 955 4130; x_wconf 85' lang='lat' dir='ltr'><strong>Dominus,</strong></span> <span class='ocrx_word' id='word_1_555' title='bbox 998 4081 1127 4120; x_wconf 84' lang='lat' dir='ltr'><strong>vere</strong></span> <span class='ocrx_word' id='word_1_556' title='bbox 1171 4065 1317 4121; x_wconf 88' lang='lat' dir='ltr'><strong>enim</strong></span> <span class='ocrx_word' id='word_1_557' title='bbox 1369 4066 1572 4120; x_wconf 86' lang='lat' dir='ltr'><strong>obtulit</strong></span> <span class='ocrx_word' id='word_1_558' title='bbox 1625 4065 1983 4121; x_wconf 88' lang='lat' dir='ltr'><strong>sacriﬁcium.</strong></span> <span class='ocrx_word' id='word_1_559' title='bbox 2020 4065 2238 4120; x_wconf 90' lang='lat' dir='ltr'><strong>Dictum</strong></span> 
     </span>
    </p>
   </div>
   <div class='ocr_carea' id='block_1_77' title="bbox 2258 4060 3860 4135">
    <p class='ocr_par' dir='ltr' id='par_1_77' title="bbox 2344 4060 3860 4135">
     <span class='ocr_line' id='line_1_77' title="bbox 2344 4060 3860 4135; baseline -0.003 -19"><span class='ocrx_word' id='word_1_560' title='bbox 2344 4062 2475 4134; x_wconf 79' lang='grc' dir='ltr'>ρέθη</span> <span class='ocrx_word' id='word_1_561' title='bbox 2528 4062 2709 4116; x_wconf 84' lang='grc' dir='ltr'>τοίνυν</span> <span class='ocrx_word' id='word_1_562' title='bbox 2751 4062 2903 4133; x_wconf 77' lang='grc' dir='ltr'>αὐτῷ</span> <span class='ocrx_word' id='word_1_563' title='bbox 2940 4060 3148 4134; x_wconf 74' lang='grc' dir='ltr'>κρύψαι</span> <span class='ocrx_word' id='word_1_564' title='bbox 3199 4061 3260 4115; x_wconf 84' lang='grc' dir='ltr'>τὸ</span> <span class='ocrx_word' id='word_1_565' title='bbox 3301 4061 3485 4135; x_wconf 75' lang='grc' dir='ltr'>ἔργον,</span> <span class='ocrx_word' id='word_1_566' title='bbox 3511 4062 3687 4116; x_wconf 73' lang='grc' dir='ltr'>εἰπεῖν</span> <span class='ocrx_word' id='word_1_567' title='bbox 3732 4061 3779 4116; x_wconf 78' lang='grc' dir='ltr'><strong>δὲ</strong></span> <span class='ocrx_word' id='word_1_568' title='bbox 3818 4062 3860 4112; x_wconf 75' lang='grc' dir='ltr'><strong>τὸ</strong></span> 
     </span>
    </p>
   </div>
   <div class='ocr_carea' id='block_1_78' title="bbox 664 4153 2644 4225">
    <p class='ocr_par' dir='ltr' id='par_1_78' title="bbox 664 4153 2644 4225">
     <span class='ocr_line' id='line_1_78' title="bbox 664 4153 2644 4225; baseline 0.002 -19"><span class='ocrx_word' id='word_1_569' title='bbox 664 4153 825 4223; x_wconf 84' lang='lat' dir='ltr'><strong>igitur</strong></span> <span class='ocrx_word' id='word_1_570' title='bbox 861 4160 946 4208; x_wconf 89' lang='lat' dir='ltr'><strong>est</strong></span> <span class='ocrx_word' id='word_1_571' title='bbox 996 4154 1070 4217; x_wconf 90' lang='lat' dir='ltr'><strong>ei,</strong></span> <span class='ocrx_word' id='word_1_572' title='bbox 1111 4162 1172 4208; x_wconf 92' lang='lat' dir='ltr'><strong>ut</strong></span> <span class='ocrx_word' id='word_1_573' title='bbox 1217 4154 1424 4210; x_wconf 79' lang='lat' dir='ltr'><strong>factum</strong></span> <span class='ocrx_word' id='word_1_574' title='bbox 1471 4156 1696 4218; x_wconf 90' lang='lat' dir='ltr'><strong>celaret,</strong></span> <span class='ocrx_word' id='word_1_575' title='bbox 1756 4164 1812 4210; x_wconf 91' lang='lat' dir='ltr'><strong>et</strong></span> <span class='ocrx_word' id='word_1_576' title='bbox 1868 4155 2039 4220; x_wconf 88' lang='lat' dir='ltr'><strong>aliud,</strong></span> <span class='ocrx_word' id='word_1_577' title='bbox 2079 4170 2241 4225; x_wconf 89' lang='lat' dir='ltr'><strong>quam</strong></span> <span class='ocrx_word' id='word_1_578' title='bbox 2343 4154 2644 4225; x_wconf 84' lang='grc' dir='ltr'>πάρεργον.</span> 
     </span>
    </p>
   </div>
   <div class='ocr_carea' id='block_1_79' title="bbox 663 4246 2391 4309">
    <p class='ocr_par' dir='ltr' id='par_1_79' title="bbox 663 4246 2391 4309">
     <span class='ocr_line' id='line_1_79' title="bbox 663 4246 2391 4309; baseline 0.002 -10"><span class='ocrx_word' id='word_1_579' title='bbox 663 4260 756 4301; x_wconf 87' lang='lat' dir='ltr'><strong>res</strong></span> <span class='ocrx_word' id='word_1_580' title='bbox 784 4254 924 4309; x_wconf 90' lang='lat' dir='ltr'><strong>erat,</strong></span> <span class='ocrx_word' id='word_1_581' title='bbox 956 4246 1189 4301; x_wconf 86' lang='lat' dir='ltr'><strong>diceret.</strong></span> <span class='ocrx_word' id='word_1_582' title='bbox 2388 4300 2391 4303; x_wconf 44' lang='grc' dir='ltr'>η</span> 
     </span>
    </p>
   </div>
   <div class='ocr_carea' id='block_1_80' title="bbox 746 4332 2348 4408">
    <p class='ocr_par' dir='ltr' id='par_1_80' title="bbox 746 4336 2243 4408">
     <span class='ocr_line' id='line_1_80' title="bbox 746 4336 2243 4408; baseline 0.001 -17"><span class='ocrx_word' id='word_1_583' title='bbox 746 4336 857 4391; x_wconf 89' lang='lat' dir='ltr'><strong>Cur</strong></span> <span class='ocrx_word' id='word_1_584' title='bbox 884 4351 993 4391; x_wconf 89' lang='lat' dir='ltr'><strong>non</strong></span> <span class='ocrx_word' id='word_1_585' title='bbox 1032 4336 1357 4392; x_wconf 86' lang='lat' dir='ltr'><strong>nominatim</strong></span> <span class='ocrx_word' id='word_1_586' title='bbox 1389 4338 1629 4408; x_wconf 86' lang='lat' dir='ltr'><strong>appellat</strong></span> <span class='ocrx_word' id='word_1_587' title='bbox 1653 4336 1933 4404; x_wconf 88' lang='lat' dir='ltr'><strong>Davidem,</strong></span> <span class='ocrx_word' id='word_1_588' title='bbox 1958 4339 2053 4393; x_wconf 89' lang='lat' dir='ltr'><strong>sed</strong></span> <span class='ocrx_word' id='word_1_589' title='bbox 2074 4354 2243 4393; x_wconf 89' lang='lat' dir='ltr'><strong>unum</strong></span> 
     </span>
    </p>
   </div>
   <div class='ocr_carea' id='block_1_81' title="bbox 2258 4332 3860 4408">
    <p class='ocr_par' dir='ltr' id='par_1_81' title="bbox 2418 4332 3860 4406">
     <span class='ocr_line' id='line_1_81' title="bbox 2418 4332 3860 4406; baseline -0.004 -19"><span class='ocrx_word' id='word_1_590' title='bbox 2418 4334 2569 4388; x_wconf 91' lang='grc' dir='ltr'>Διατί</span> <span class='ocrx_word' id='word_1_591' title='bbox 2596 4334 2655 4388; x_wconf 78' lang='grc' dir='ltr'><strong>οὐ</strong></span> <span class='ocrx_word' id='word_1_592' title='bbox 2686 4334 2837 4403; x_wconf 80' lang='grc' dir='ltr'>λέγει</span> <span class='ocrx_word' id='word_1_593' title='bbox 2879 4334 3140 4406; x_wconf 81' lang='grc' dir='ltr'>ὀνομαστὶ</span> <span class='ocrx_word' id='word_1_594' title='bbox 3178 4334 3270 4388; x_wconf 70' lang='grc' dir='ltr'>τὸν</span> <span class='ocrx_word' id='word_1_595' title='bbox 3302 4333 3490 4401; x_wconf 74' lang='grc' dir='ltr'><strong>Δαόὶδ,</strong></span> <span class='ocrx_word' id='word_1_596' title='bbox 3525 4334 3640 4389; x_wconf 83' lang='grc' dir='ltr'>ἀλλ’</span> <span class='ocrx_word' id='word_1_597' title='bbox 3669 4334 3753 4387; x_wconf 75' lang='grc' dir='ltr'>ἕνα</span> <span class='ocrx_word' id='word_1_598' title='bbox 3782 4332 3860 4385; x_wconf 82' lang='grc' dir='ltr'><strong>τῶν</strong></span> 
     </span>
    </p>
   </div>
   <div class='ocr_carea' id='block_1_82' title="bbox 662 4424 2264 4500">
    <p class='ocr_par' dir='ltr' id='par_1_82' title="bbox 662 4428 2237 4500">
     <span class='ocr_line' id='line_1_82' title="bbox 662 4428 2237 4500; baseline 0.002 -16"><span class='ocrx_word' id='word_1_599' title='bbox 662 4445 693 4484; x_wconf 93' lang='lat' dir='ltr'><strong>e</strong></span> <span class='ocrx_word' id='word_1_600' title='bbox 727 4430 853 4485; x_wconf 91' lang='lat' dir='ltr'><strong>ﬁliis</strong></span> <span class='ocrx_word' id='word_1_601' title='bbox 882 4428 1071 4485; x_wconf 79' lang='lat' dir='ltr'><strong>Jcsse?</strong></span> <span class='ocrx_word' id='word_1_602' title='bbox 1105 4428 1175 4485; x_wconf 75' lang='lat' dir='ltr'><strong>Ut</strong></span> <span class='ocrx_word' id='word_1_603' title='bbox 1201 4446 1311 4485; x_wconf 88' lang='lat' dir='ltr'><strong>non</strong></span> <span class='ocrx_word' id='word_1_604' title='bbox 1344 4431 1533 4485; x_wconf 88' lang='lat' dir='ltr'><strong>eadem</strong></span> <span class='ocrx_word' id='word_1_605' title='bbox 1564 4431 1877 4486; x_wconf 89' lang='lat' dir='ltr'><strong>acciderent</strong></span> <span class='ocrx_word' id='word_1_606' title='bbox 1906 4431 2093 4486; x_wconf 87' lang='lat' dir='ltr'><strong>Davidi</strong></span> <span class='ocrx_word' id='word_1_607' title='bbox 2113 4448 2237 4500; x_wconf 83' lang='lat' dir='ltr'><strong>quae</strong></span> 
     </span>
    </p>
   </div>
   <div class='ocr_carea' id='block_1_83' title="bbox 2260 4424 3862 4500">
    <p class='ocr_par' dir='ltr' id='par_1_83' title="bbox 2346 4424 3862 4497">
     <span class='ocr_line' id='line_1_83' title="bbox 2346 4424 3862 4497; baseline -0.004 -17"><span class='ocrx_word' id='word_1_608' title='bbox 2346 4426 2476 4481; x_wconf 85' lang='grc' dir='ltr'>υἱῶν</span> <span class='ocrx_word' id='word_1_609' title='bbox 2512 4426 2753 4494; x_wconf 87' lang='grc' dir='ltr'>Ἰεσσαί;</span> <span class='ocrx_word' id='word_1_610' title='bbox 2788 4426 2906 4479; x_wconf 82' lang='grc' dir='ltr'>Ἵνα</span> <span class='ocrx_word' id='word_1_611' title='bbox 2942 4425 3018 4497; x_wconf 79' lang='grc' dir='ltr'><strong>μὴ</strong></span> <span class='ocrx_word' id='word_1_612' title='bbox 3071 4426 3221 4497; x_wconf 81' lang='grc' dir='ltr'>πάθῃ</span> <span class='ocrx_word' id='word_1_613' title='bbox 3268 4426 3431 4480; x_wconf 70' lang='grc' dir='ltr'><strong>Δαϐὶδ</strong></span> <span class='ocrx_word' id='word_1_614' title='bbox 3469 4425 3643 4480; x_wconf 86' lang='grc' dir='ltr'>ταύτά</span> <span class='ocrx_word' id='word_1_615' title='bbox 3677 4424 3747 4495; x_wconf 84' lang='grc' dir='ltr'>τῷ</span> <span class='ocrx_word' id='word_1_616' title='bbox 3781 4424 3862 4475; x_wconf 82' lang='grc' dir='ltr'><strong>Ἰω-</strong></span> 
     </span>
    </p>
   </div>
   <div class='ocr_carea' id='block_1_84' title="bbox 662 4517 2264 4592">
    <p class='ocr_par' dir='ltr' id='par_1_84' title="bbox 662 4518 2244 4591">
     <span class='ocr_line' id='line_1_84' title="bbox 662 4518 2244 4591; baseline 0.003 -17"><span class='ocrx_word' id='word_1_617' title='bbox 662 4518 900 4591; x_wconf 88' lang='lat' dir='ltr'><strong>Josepho</strong></span> <span class='ocrx_word' id='word_1_618' title='bbox 939 4535 970 4572; x_wconf 92' lang='lat' dir='ltr'><strong>a</strong></span> <span class='ocrx_word' id='word_1_619' title='bbox 1006 4518 1299 4576; x_wconf 79' lang='lat' dir='ltr'><strong>fratribus.</strong></span> <span class='ocrx_word' id='word_1_620' title='bbox 1332 4520 1800 4591; x_wconf 80' lang='lat' dir='ltr'><strong>lgnoratioigitur</strong></span> <span class='ocrx_word' id='word_1_621' title='bbox 1831 4531 1916 4577; x_wconf 90' lang='lat' dir='ltr'><strong>est</strong></span> <span class='ocrx_word' id='word_1_622' title='bbox 1952 4532 2130 4576; x_wconf 87' lang='lat' dir='ltr'><strong>mater</strong></span> <span class='ocrx_word' id='word_1_623' title='bbox 2154 4538 2244 4578; x_wconf 88' lang='lat' dir='ltr'><strong>se-</strong></span> 
     </span>
    </p>
   </div>
   <div class='ocr_carea' id='block_1_85' title="bbox 2260 4517 3862 4592">
    <p class='ocr_par' dir='ltr' id='par_1_85' title="bbox 2347 4517 3862 4592">
     <span class='ocr_line' id='line_1_85' title="bbox 2347 4517 3862 4592; baseline -0.003 -19"><span class='ocrx_word' id='word_1_624' title='bbox 2347 4522 2455 4592; x_wconf 74' lang='grc' dir='ltr'>σὴφ</span> <span class='ocrx_word' id='word_1_625' title='bbox 2510 4519 2615 4572; x_wconf 84' lang='grc' dir='ltr'><strong>ὑπὸ</strong></span> <span class='ocrx_word' id='word_1_626' title='bbox 2672 4518 2783 4571; x_wconf 87' lang='grc' dir='ltr'><strong>τῶν</strong></span> <span class='ocrx_word' id='word_1_627' title='bbox 2852 4517 3124 4586; x_wconf 81' lang='grc' dir='ltr'>ἀδελφῶν.</span> <span class='ocrx_word' id='word_1_628' title='bbox 3156 4518 3319 4571; x_wconf 86' lang='grc' dir='ltr'>Ὥστε</span> <span class='ocrx_word' id='word_1_629' title='bbox 3374 4520 3409 4589; x_wconf 80' lang='grc' dir='ltr'>ἡ</span> <span class='ocrx_word' id='word_1_630' title='bbox 3467 4518 3655 4587; x_wconf 85' lang='grc' dir='ltr'>ἄγνοια</span> <span class='ocrx_word' id='word_1_631' title='bbox 3718 4519 3862 4586; x_wconf 72' lang='grc' dir='ltr'>μήτηρ</span> 
     </span>
    </p>
   </div>
   <div class='ocr_carea' id='block_1_86' title="bbox 662 4605 2264 4684">
    <p class='ocr_par' dir='ltr' id='par_1_86' title="bbox 662 4613 2233 4684">
     <span class='ocr_line' id='line_1_86' title="bbox 662 4613 2233 4684; baseline 0.004 -19"><span class='ocrx_word' id='word_1_632' title='bbox 662 4614 937 4668; x_wconf 62' lang='lat' dir='ltr'><strong>caritatis.</strong></span> <span class='ocrx_word' id='word_1_633' title='bbox 957 4614 1066 4667; x_wconf 83' lang='lat' dir='ltr'><strong>Aut</strong></span> <span class='ocrx_word' id='word_1_634' title='bbox 1091 4613 1366 4684; x_wconf 80' lang='lat' dir='ltr'><strong>ignoravit</strong></span> <span class='ocrx_word' id='word_1_635' title='bbox 1386 4614 1455 4670; x_wconf 88' lang='lat' dir='ltr'><strong>de</strong></span> <span class='ocrx_word' id='word_1_636' title='bbox 1482 4630 1591 4684; x_wconf 93' lang='lat' dir='ltr'><strong>quo</strong></span> <span class='ocrx_word' id='word_1_637' title='bbox 1614 4623 1890 4683; x_wconf 82' lang='lat' dir='ltr'><strong>ageretur,</strong></span> <span class='ocrx_word' id='word_1_638' title='bbox 1916 4615 2062 4684; x_wconf 88' lang='lat' dir='ltr'><strong>quod</strong></span> <span class='ocrx_word' id='word_1_639' title='bbox 2087 4615 2233 4671; x_wconf 88' lang='lat' dir='ltr'><strong>Deus</strong></span> 
     </span>
    </p>
   </div>
   <div class='ocr_carea' id='block_1_87' title="bbox 2258 4605 3860 4684">
    <p class='ocr_par' dir='ltr' id='par_1_87' title="bbox 2275 4605 3860 4684">
     <span class='ocr_line' id='line_1_87' title="bbox 2275 4605 3860 4684; baseline -0.005 -21"><span class='ocrx_word' id='word_1_640' title='bbox 2275 4681 2298 4684; x_wconf 25' lang='grc' dir='ltr'><strong>ᾳ</strong></span> <span class='ocrx_word' id='word_1_641' title='bbox 2346 4607 2664 4675; x_wconf 84' lang='grc' dir='ltr'>ἀσφαλείας.</span> <span class='ocrx_word' id='word_1_642' title='bbox 2701 4607 2775 4660; x_wconf 85' lang='grc' dir='ltr'><strong>Ἢ</strong></span> <span class='ocrx_word' id='word_1_643' title='bbox 2805 4607 3041 4678; x_wconf 75' lang='grc' dir='ltr'>ἠγνόησε</span> <span class='ocrx_word' id='word_1_644' title='bbox 3066 4607 3128 4660; x_wconf 84' lang='grc' dir='ltr'>τὸ</span> <span class='ocrx_word' id='word_1_645' title='bbox 3158 4605 3513 4677; x_wconf 79' lang='grc' dir='ltr'>ζητούμενον,</span> <span class='ocrx_word' id='word_1_646' title='bbox 3539 4607 3631 4661; x_wconf 83' lang='grc' dir='ltr'><strong>τοῦ</strong></span> <span class='ocrx_word' id='word_1_647' title='bbox 3656 4605 3776 4660; x_wconf 82' lang='grc' dir='ltr'><strong>Θεοῦ</strong></span> <span class='ocrx_word' id='word_1_648' title='bbox 3792 4620 3860 4656; x_wconf 80' lang='grc' dir='ltr'>συ-</span> 
     </span>
    </p>
   </div>
   <div class='ocr_carea' id='block_1_88' title="bbox 658 4681 2260 4774">
    <p class='ocr_par' dir='ltr' id='par_1_88' title="bbox 658 4681 2231 4774">
     <span class='ocr_line' id='line_1_88' title="bbox 658 4681 2231 4774; baseline 0.003 -19"><span class='ocrx_word' id='word_1_649' title='bbox 658 4702 809 4772; x_wconf 88' lang='lat' dir='ltr'><strong>justa</strong></span> <span class='ocrx_word' id='word_1_650' title='bbox 848 4704 1064 4757; x_wconf 88' lang='lat' dir='ltr'><strong>ratione</strong></span> <span class='ocrx_word' id='word_1_651' title='bbox 1093 4681 1468 4760; x_wconf 77' lang='lat' dir='ltr'><strong>occultaverat</strong></span> <span class='ocrx_word' id='word_1_652' title='bbox 1492 4681 1799 4774; x_wconf 63' lang='lat' dir='ltr'><strong>Prophetas.</strong></span> <span class='ocrx_word' id='word_1_653' title='bbox 1831 4702 1909 4759; x_wconf 84' lang='lat' dir='ltr'><strong>Illi</strong></span> <span class='ocrx_word' id='word_1_654' title='bbox 1934 4681 2087 4759; x_wconf 81' lang='lat' dir='ltr'><strong>enim</strong></span> <span class='ocrx_word' id='word_1_655' title='bbox 2130 4704 2231 4759; x_wconf 91' lang='lat' dir='ltr'><strong>soli</strong></span> 
     </span>
    </p>
   </div>
   <div class='ocr_carea' id='block_1_89' title="bbox 2259 4681 3861 4774">
    <p class='ocr_par' dir='ltr' id='par_1_89' title="bbox 2271 4681 3861 4772">
     <span class='ocr_line' id='line_1_89' title="bbox 2271 4681 3861 4772; baseline -0.001 -20"><span class='ocrx_word' id='word_1_656' title='bbox 2271 4681 2315 4737; x_wconf 77' lang='grc' dir='ltr'><strong>Ῐ)</strong></span> <span class='ocrx_word' id='word_1_657' title='bbox 2343 4700 2651 4763; x_wconf 86' lang='grc' dir='ltr'>στέλλοντος</span> <span class='ocrx_word' id='word_1_658' title='bbox 2698 4698 2836 4770; x_wconf 85' lang='grc' dir='ltr'>πρὸς</span> <span class='ocrx_word' id='word_1_659' title='bbox 2877 4698 2938 4752; x_wconf 83' lang='grc' dir='ltr'>τὸ</span> <span class='ocrx_word' id='word_1_660' title='bbox 2988 4698 3207 4770; x_wconf 85' lang='grc' dir='ltr'>μέτριον</span> <span class='ocrx_word' id='word_1_661' title='bbox 3261 4700 3353 4753; x_wconf 85' lang='grc' dir='ltr'><strong>τὸν</strong></span> <span class='ocrx_word' id='word_1_662' title='bbox 3394 4701 3697 4772; x_wconf 82' lang='grc' dir='ltr'>προφήτην.</span> <span class='ocrx_word' id='word_1_663' title='bbox 3727 4698 3861 4753; x_wconf 77' lang='grc' dir='ltr'>Μόνον</span> 
     </span>
    </p>
   </div>
   <div class='ocr_carea' id='block_1_90' title="bbox 663 4789 2265 4865">
    <p class='ocr_par' dir='ltr' id='par_1_90' title="bbox 663 4794 1430 4865">
     <span class='ocr_line' id='line_1_90' title="bbox 663 4794 1430 4865; baseline 0.003 -18"><span class='ocrx_word' id='word_1_664' title='bbox 663 4795 844 4849; x_wconf 86' lang='lat' dir='ltr'><strong>omnis</strong></span> <span class='ocrx_word' id='word_1_665' title='bbox 874 4794 1109 4849; x_wconf 88' lang='lat' dir='ltr'><strong>scientia</strong></span> <span class='ocrx_word' id='word_1_666' title='bbox 1140 4796 1430 4865; x_wconf 83' lang='lat' dir='ltr'><strong>competit.</strong></span> 
     </span>
    </p>
   </div>
   <div class='ocr_carea' id='block_1_91' title="bbox 1830 4789 3432 4865">
    <p class='ocr_par' dir='ltr' id='par_1_91' title="bbox 2344 4789 3432 4860">
     <span class='ocr_line' id='line_1_91' title="bbox 2344 4789 3432 4860; baseline 0.001 -17"><span class='ocrx_word' id='word_1_667' title='bbox 2344 4790 2453 4860; x_wconf 84' lang='grc' dir='ltr'>γὰρ</span> <span class='ocrx_word' id='word_1_668' title='bbox 2483 4790 2689 4844; x_wconf 72' lang='grc' dir='ltr'>ἐκείνου</span> <span class='ocrx_word' id='word_1_669' title='bbox 2714 4791 2748 4860; x_wconf 75' lang='grc' dir='ltr'><strong>ἡ</strong></span> <span class='ocrx_word' id='word_1_670' title='bbox 2779 4789 3003 4843; x_wconf 83' lang='grc' dir='ltr'>πάντων</span> <span class='ocrx_word' id='word_1_671' title='bbox 3036 4791 3256 4859; x_wconf 90' lang='grc' dir='ltr'>γνῶσις.</span> <span class='ocrx_word' id='word_1_672' title='bbox 3278 4790 3343 4846; x_wconf 89' lang='lat' dir='ltr'><strong>C.</strong></span> <span class='ocrx_word' id='word_1_673' title='bbox 3376 4790 3432 4845; x_wconf 86' lang='lat' dir='ltr'><strong>L.</strong></span> 
     </span>
    </p>
   </div>
   <div class='ocr_carea' id='block_1_92' title="bbox 733 4877 2335 4954">
    <p class='ocr_par' dir='ltr' id='par_1_92' title="bbox 733 4880 2235 4954">
     <span class='ocr_line' id='line_1_92' title="bbox 733 4880 2235 4954; baseline 0.002 -18"><span class='ocrx_word' id='word_1_674' title='bbox 733 4880 900 4938; x_wconf 66' lang='grc' dir='ltr'>νεεδ.</span> <span class='ocrx_word' id='word_1_675' title='bbox 938 4882 991 4939; x_wconf 85' lang='lat'><strong>6.</strong></span> <span class='ocrx_word' id='word_1_676' title='bbox 1035 4883 1101 4938; x_wconf 83' lang='lat' dir='ltr'><strong>Et</strong></span> <span class='ocrx_word' id='word_1_677' title='bbox 1138 4886 1266 4939; x_wconf 80' lang='lat' dir='ltr'><strong>vidit</strong></span> <span class='ocrx_word' id='word_1_678' title='bbox 1305 4885 1485 4954; x_wconf 79' lang='lat' dir='ltr'><strong>Eliab,</strong></span> <span class='ocrx_word' id='word_1_679' title='bbox 1530 4893 1641 4941; x_wconf 86' lang='lat' dir='ltr'><strong>etc.</strong></span> <span class='ocrx_word' id='word_1_680' title='bbox 1683 4886 1741 4942; x_wconf 93' lang='lat' dir='ltr'><strong>Si</strong></span> <span class='ocrx_word' id='word_1_681' title='bbox 1788 4887 1976 4943; x_wconf 88' lang='lat' dir='ltr'><strong>statim</strong></span> <span class='ocrx_word' id='word_1_682' title='bbox 2026 4885 2094 4942; x_wconf 90' lang='lat' dir='ltr'><strong>ad</strong></span> <span class='ocrx_word' id='word_1_683' title='bbox 2130 4885 2235 4939; x_wconf 87' lang='lat' dir='ltr'><strong>Da-</strong></span> 
     </span>
    </p>
   </div>
   <div class='ocr_carea' id='block_1_93' title="bbox 2257 4877 3859 4954">
    <p class='ocr_par' dir='ltr' id='par_1_93' title="bbox 2412 4877 3859 4954">
     <span class='ocr_line' id='line_1_93' title="bbox 2412 4877 3859 4954; baseline -0.003 -18"><span class='ocrx_word' id='word_1_684' title='bbox 2412 4882 2524 4937; x_wconf 84' lang='lat' dir='ltr'><strong>Kal</strong></span> <span class='ocrx_word' id='word_1_685' title='bbox 2547 4877 2667 4936; x_wconf 73' lang='grc' dir='ltr'>εἶδε</span> <span class='ocrx_word' id='word_1_686' title='bbox 2683 4881 2789 4935; x_wconf 80' lang='grc' dir='ltr'>τόν</span> <span class='ocrx_word' id='word_1_687' title='bbox 2811 4882 3028 4948; x_wconf 74' lang='grc' dir='ltr'>Ἐλιάό,</span> <span class='ocrx_word' id='word_1_688' title='bbox 3056 4899 3113 4937; x_wconf 92' lang='grc' dir='ltr'><strong>κ.</strong></span> <span class='ocrx_word' id='word_1_689' title='bbox 3135 4899 3185 4937; x_wconf 88' lang='grc' dir='ltr'><strong>τ.</strong></span> <span class='ocrx_word' id='word_1_690' title='bbox 3208 4883 3259 4937; x_wconf 93' lang='grc' dir='ltr'><strong>λ.</strong></span> <span class='ocrx_word' id='word_1_691' title='bbox 3278 4884 3340 4936; x_wconf 84' lang='lat' dir='ltr'><strong>El</strong></span> <span class='ocrx_word' id='word_1_692' title='bbox 3357 4882 3516 4947; x_wconf 74' lang='grc' dir='ltr'>εὐθὺς</span> <span class='ocrx_word' id='word_1_693' title='bbox 3540 4883 3779 4954; x_wconf 86' lang='grc' dir='ltr'>ὥρμησεν</span> <span class='ocrx_word' id='word_1_694' title='bbox 3796 4880 3859 4933; x_wconf 62' lang='grc' dir='ltr'>ἑτέ</span> 
     </span>
    </p>
   </div>
   <div class='ocr_carea' id='block_1_94' title="bbox 663 4971 2265 5049">
    <p class='ocr_par' dir='ltr' id='par_1_94' title="bbox 663 4971 2243 5049">
     <span class='ocr_line' id='line_1_94' title="bbox 663 4971 2243 5049; baseline 0.004 -23"><span class='ocrx_word' id='word_1_695' title='bbox 663 4971 846 5028; x_wconf 91' lang='lat' dir='ltr'><strong>videm</strong></span> <span class='ocrx_word' id='word_1_696' title='bbox 895 4976 1267 5043; x_wconf 75' lang='lat' dir='ltr'><strong>perrexisset,</strong></span> <span class='ocrx_word' id='word_1_697' title='bbox 1324 4992 1392 5031; x_wconf 84' lang='lat' dir='ltr'><strong>ex</strong></span> <span class='ocrx_word' id='word_1_698' title='bbox 1454 4978 1757 5047; x_wconf 86' lang='lat' dir='ltr'><strong>anticipata</strong></span> <span class='ocrx_word' id='word_1_699' title='bbox 1819 4978 2055 5048; x_wconf 86' lang='lat' dir='ltr'><strong>quadam</strong></span> <span class='ocrx_word' id='word_1_700' title='bbox 2121 4978 2243 5049; x_wconf 89' lang='lat' dir='ltr'><strong>opi-</strong></span> 
     </span>
    </p>
   </div>
   <div class='ocr_carea' id='block_1_95' title="bbox 2252 4971 3854 5049">
    <p class='ocr_par' dir='ltr' id='par_1_95' title="bbox 2342 4972 3854 5045">
     <span class='ocr_line' id='line_1_95' title="bbox 2342 4972 3854 5045; baseline -0.005 -17"><span class='ocrx_word' id='word_1_701' title='bbox 2342 4974 2436 5028; x_wconf 85' lang='grc' dir='ltr'><strong>τὺν</strong></span> <span class='ocrx_word' id='word_1_702' title='bbox 2472 4974 2655 5040; x_wconf 71' lang='grc' dir='ltr'><strong>Δαὸὶδ,</strong></span> <span class='ocrx_word' id='word_1_703' title='bbox 2679 4976 2743 5028; x_wconf 81' lang='grc' dir='ltr'>ὲκ</span> <span class='ocrx_word' id='word_1_704' title='bbox 2786 4972 3116 5045; x_wconf 77' lang='grc' dir='ltr'>προλήψεως</span> <span class='ocrx_word' id='word_1_705' title='bbox 3144 4991 3287 5039; x_wconf 87' lang='grc' dir='ltr'>τινος</span> <span class='ocrx_word' id='word_1_706' title='bbox 3318 4975 3492 5029; x_wconf 76' lang='grc' dir='ltr'>ἐδόκει</span> <span class='ocrx_word' id='word_1_707' title='bbox 3517 4976 3670 5029; x_wconf 81' lang='grc' dir='ltr'>τοῦτο</span> <span class='ocrx_word' id='word_1_708' title='bbox 3704 4975 3854 5027; x_wconf 83' lang='grc' dir='ltr'>ποιεῖν.</span> 
     </span>
    </p>
   </div>
   <div class='ocr_carea' id='block_1_96' title="bbox 663 5064 2265 5137">
    <p class='ocr_par' dir='ltr' id='par_1_96' title="bbox 663 5064 2239 5135">
     <span class='ocr_line' id='line_1_96' title="bbox 663 5064 2239 5135; baseline 0.006 -18"><span class='ocrx_word' id='word_1_709' title='bbox 663 5064 859 5130; x_wconf 88' lang='lat' dir='ltr'><strong>nione,</strong></span> <span class='ocrx_word' id='word_1_710' title='bbox 914 5064 999 5118; x_wconf 88' lang='lat' dir='ltr'><strong>vel</strong></span> <span class='ocrx_word' id='word_1_711' title='bbox 1054 5068 1483 5135; x_wconf 65' lang='lat' dir='ltr'><strong>praesumptione</strong></span> <span class='ocrx_word' id='word_1_712' title='bbox 1540 5069 1645 5123; x_wconf 92' lang='lat' dir='ltr'><strong>hoc</strong></span> <span class='ocrx_word' id='word_1_713' title='bbox 1702 5068 1887 5124; x_wconf 80' lang='lat' dir='ltr'><strong>facere</strong></span> <span class='ocrx_word' id='word_1_714' title='bbox 1937 5068 2239 5126; x_wconf 87' lang='lat' dir='ltr'><strong>videretur.</strong></span> 
     </span>
    </p>
   </div>
   <div class='ocr_carea' id='block_1_97' title="bbox 2256 5064 3858 5137">
    <p class='ocr_par' dir='ltr' id='par_1_97' title="bbox 2316 5066 3858 5137">
     <span class='ocr_line' id='line_1_97' title="bbox 2316 5066 3858 5137; baseline -0.001 -15"><span class='ocrx_word' id='word_1_715' title='bbox 2316 5134 2319 5137; x_wconf 20' lang='grc' dir='ltr'>ν</span> <span class='ocrx_word' id='word_1_716' title='bbox 2358 5066 2557 5123; x_wconf 85' lang='grc' dir='ltr'>Ἐλθὼν</span> <span class='ocrx_word' id='word_1_717' title='bbox 2618 5066 2677 5120; x_wconf 84' lang='grc' dir='ltr'><strong>δὲ</strong></span> <span class='ocrx_word' id='word_1_718' title='bbox 2720 5066 2809 5121; x_wconf 87' lang='grc' dir='ltr'>διά</span> <span class='ocrx_word' id='word_1_719' title='bbox 2858 5067 3100 5135; x_wconf 82' lang='grc' dir='ltr'>πάντων,</span> <span class='ocrx_word' id='word_1_720' title='bbox 3140 5068 3341 5135; x_wconf 71' lang='grc' dir='ltr'><strong>ἔδειξεν</strong></span> <span class='ocrx_word' id='word_1_721' title='bbox 3386 5070 3462 5133; x_wconf 83' lang='grc' dir='ltr'>ὡς</span> <span class='ocrx_word' id='word_1_722' title='bbox 3505 5071 3533 5122; x_wconf 80' lang='grc' dir='ltr'><strong>ό</strong></span> <span class='ocrx_word' id='word_1_723' title='bbox 3581 5070 3726 5134; x_wconf 81' lang='grc' dir='ltr'>Θεὸς,</span> <span class='ocrx_word' id='word_1_724' title='bbox 3768 5070 3858 5127; x_wconf 72' lang='grc' dir='ltr'>τοὺς</span> 
     </span>
    </p>
   </div>
   <div class='ocr_carea' id='block_1_98' title="bbox 662 5150 2264 5228">
    <p class='ocr_par' dir='ltr' id='par_1_98' title="bbox 662 5154 2232 5228">
     <span class='ocr_line' id='line_1_98' title="bbox 662 5154 2232 5228; baseline 0.003 -18"><span class='ocrx_word' id='word_1_725' title='bbox 662 5154 802 5210; x_wconf 87' lang='lat' dir='ltr'><strong>Cum</strong></span> <span class='ocrx_word' id='word_1_726' title='bbox 836 5170 968 5211; x_wconf 91' lang='lat' dir='ltr'><strong>vero</strong></span> <span class='ocrx_word' id='word_1_727' title='bbox 1000 5156 1069 5211; x_wconf 91' lang='lat' dir='ltr'><strong>ad</strong></span> <span class='ocrx_word' id='word_1_728' title='bbox 1097 5173 1289 5212; x_wconf 84' lang='lat' dir='ltr'><strong>onmes</strong></span> <span class='ocrx_word' id='word_1_729' title='bbox 1323 5159 1588 5222; x_wconf 85' lang='lat' dir='ltr'><strong>venisset,</strong></span> <span class='ocrx_word' id='word_1_730' title='bbox 1623 5159 1868 5215; x_wconf 86' lang='lat' dir='ltr'><strong>ostendit</strong></span> <span class='ocrx_word' id='word_1_731' title='bbox 1916 5158 2232 5228; x_wconf 88' lang='lat' dir='ltr'><strong>Dominum,</strong></span> 
     </span>
    </p>
   </div>
   <div class='ocr_carea' id='block_1_99' title="bbox 2256 5150 3858 5228">
    <p class='ocr_par' dir='ltr' id='par_1_99' title="bbox 2342 5150 3858 5228">
     <span class='ocr_line' id='line_1_99' title="bbox 2342 5150 3858 5228; baseline -0.005 -16"><span class='ocrx_word' id='word_1_732' title='bbox 2342 5155 2531 5221; x_wconf 82' lang='grc' dir='ltr'>ἄλλους</span> <span class='ocrx_word' id='word_1_733' title='bbox 2558 5155 2884 5228; x_wconf 81' lang='grc' dir='ltr'>ἀποκρίνας,</span> <span class='ocrx_word' id='word_1_734' title='bbox 2923 5155 3019 5209; x_wconf 83' lang='grc' dir='ltr'>τὸν</span> <span class='ocrx_word' id='word_1_735' title='bbox 3056 5156 3223 5209; x_wconf 72' lang='grc' dir='ltr'>Δαϐὶδ</span> <span class='ocrx_word' id='word_1_736' title='bbox 3255 5154 3553 5222; x_wconf 75' lang='grc' dir='ltr'>ἐξελέξατο.</span> <span class='ocrx_word' id='word_1_737' title='bbox 3583 5157 3641 5208; x_wconf 84' lang='grc' dir='ltr'><strong>Εἰ</strong></span> <span class='ocrx_word' id='word_1_738' title='bbox 3676 5155 3772 5225; x_wconf 80' lang='grc' dir='ltr'>γὰρ</span> <span class='ocrx_word' id='word_1_739' title='bbox 3792 5150 3858 5205; x_wconf 67' lang='grc' dir='ltr'><strong>καὶ</strong></span> 
     </span>
    </p>
   </div>
   <div class='ocr_carea' id='block_1_100' title="bbox 665 5246 2267 5319">
    <p class='ocr_par' dir='ltr' id='par_1_100' title="bbox 665 5246 2239 5319">
     <span class='ocr_line' id='line_1_100' title="bbox 665 5246 2239 5319; baseline 0.004 -20"><span class='ocrx_word' id='word_1_740' title='bbox 665 5247 892 5318; x_wconf 89' lang='lat' dir='ltr'><strong>reliquis</strong></span> <span class='ocrx_word' id='word_1_741' title='bbox 940 5247 1193 5317; x_wconf 83' lang='lat' dir='ltr'><strong>rejectis,</strong></span> <span class='ocrx_word' id='word_1_742' title='bbox 1242 5246 1502 5303; x_wconf 84' lang='lat' dir='ltr'><strong>Davidem</strong></span> <span class='ocrx_word' id='word_1_743' title='bbox 1548 5251 1803 5319; x_wconf 79' lang='lat' dir='ltr'><strong>elegisse.</strong></span> <span class='ocrx_word' id='word_1_744' title='bbox 1842 5250 1899 5305; x_wconf 90' lang='lat' dir='ltr'><strong>Si</strong></span> <span class='ocrx_word' id='word_1_745' title='bbox 1943 5265 2075 5305; x_wconf 89' lang='lat' dir='ltr'><strong>vero</strong></span> <span class='ocrx_word' id='word_1_746' title='bbox 2123 5251 2239 5305; x_wconf 65' lang='lat' dir='ltr'><strong>haec</strong></span> 
     </span>
    </p>
   </div>
   <div class='ocr_carea' id='block_1_101' title="bbox 2252 5246 3854 5319">
    <p class='ocr_par' dir='ltr' id='par_1_101' title="bbox 2344 5246 3854 5318">
     <span class='ocr_line' id='line_1_101' title="bbox 2344 5246 3854 5318; baseline 0.001 -16"><span class='ocrx_word' id='word_1_747' title='bbox 2344 5249 2535 5303; x_wconf 78' lang='grc' dir='ltr'>τούτου</span> <span class='ocrx_word' id='word_1_748' title='bbox 2564 5249 2847 5318; x_wconf 84' lang='grc' dir='ltr'>γεγονότος</span> <span class='ocrx_word' id='word_1_749' title='bbox 2880 5248 2931 5301; x_wconf 84' lang='grc' dir='ltr'>οί</span> <span class='ocrx_word' id='word_1_750' title='bbox 2965 5246 3183 5315; x_wconf 75' lang='grc' dir='ltr'>ἀδελφοὶ</span> <span class='ocrx_word' id='word_1_751' title='bbox 3220 5248 3310 5301; x_wconf 85' lang='grc' dir='ltr'><strong>τὸν</strong></span> <span class='ocrx_word' id='word_1_752' title='bbox 3340 5248 3532 5317; x_wconf 80' lang='grc' dir='ltr'>φθόνον</span> <span class='ocrx_word' id='word_1_753' title='bbox 3566 5246 3854 5317; x_wconf 73' lang='grc' dir='ltr'>ἐγύμνωσαν.</span> 
     </span>
    </p>
   </div>
   <div class='ocr_carea' id='block_1_102' title="bbox 664 5335 2266 5413">
    <p class='ocr_par' dir='ltr' id='par_1_102' title="bbox 664 5336 2237 5405">
     <span class='ocr_line' id='line_1_102' title="bbox 664 5336 2237 5405; baseline 0.004 -16"><span class='ocrx_word' id='word_1_754' title='bbox 664 5353 788 5391; x_wconf 86' lang='lat' dir='ltr'><strong>cum</strong></span> <span class='ocrx_word' id='word_1_755' title='bbox 822 5336 968 5391; x_wconf 79' lang='lat' dir='ltr'><strong>facta</strong></span> <span class='ocrx_word' id='word_1_756' title='bbox 1010 5338 1144 5403; x_wconf 84' lang='lat' dir='ltr'><strong>sint,</strong></span> <span class='ocrx_word' id='word_1_757' title='bbox 1188 5337 1388 5394; x_wconf 80' lang='lat' dir='ltr'><strong>fratres</strong></span> <span class='ocrx_word' id='word_1_758' title='bbox 1438 5340 1824 5405; x_wconf 80' lang='lat' dir='ltr'><strong>nihilominus,</strong></span> <span class='ocrx_word' id='word_1_759' title='bbox 1863 5341 2117 5395; x_wconf 86' lang='lat' dir='ltr'><strong>Davidem</strong></span> <span class='ocrx_word' id='word_1_760' title='bbox 2157 5341 2237 5395; x_wconf 91' lang='lat' dir='ltr'><strong>vi-</strong></span> 
     </span>
    </p>
   </div>
   <div class='ocr_carea' id='block_1_103' title="bbox 2253 5335 3855 5413">
    <p class='ocr_par' dir='ltr' id='par_1_103' title="bbox 2348 5335 3855 5413">
     <span class='ocr_line' id='line_1_103' title="bbox 2348 5335 3855 5413; baseline 0 -20"><span class='ocrx_word' id='word_1_761' title='bbox 2348 5341 2406 5394; x_wconf 85' lang='grc' dir='ltr'><strong>ὲν</strong></span> <span class='ocrx_word' id='word_1_762' title='bbox 2442 5344 2508 5412; x_wconf 76' lang='grc' dir='ltr'>τῇ</span> <span class='ocrx_word' id='word_1_763' title='bbox 2539 5340 2844 5413; x_wconf 79' lang='grc' dir='ltr'>παρατάξει</span> <span class='ocrx_word' id='word_1_764' title='bbox 2883 5340 2975 5395; x_wconf 79' lang='grc' dir='ltr'><strong>τὸν</strong></span> <span class='ocrx_word' id='word_1_765' title='bbox 3010 5339 3177 5394; x_wconf 70' lang='grc' dir='ltr'><strong>Δα6¹ιδ</strong></span> <span class='ocrx_word' id='word_1_766' title='bbox 3226 5339 3579 5411; x_wconf 75' lang='grc' dir='ltr'>θεασάμενοι,</span> <span class='ocrx_word' id='word_1_767' title='bbox 3613 5340 3665 5394; x_wconf 89' lang='grc' dir='ltr'><strong>τί</strong></span> <span class='ocrx_word' id='word_1_768' title='bbox 3695 5338 3771 5405; x_wconf 80' lang='grc' dir='ltr'>ἂν,</span> <span class='ocrx_word' id='word_1_769' title='bbox 3801 5335 3855 5407; x_wconf 76' lang='grc' dir='ltr'>μὴ</span> 
     </span>
    </p>
   </div>
   <div class='ocr_carea' id='block_1_104' title="bbox 665 5427 2267 5503">
    <p class='ocr_par' dir='ltr' id='par_1_104' title="bbox 665 5428 2241 5502">
     <span class='ocr_line' id='line_1_104' title="bbox 665 5428 2241 5502; baseline 0.004 -21"><span class='ocrx_word' id='word_1_770' title='bbox 665 5428 858 5484; x_wconf 87' lang='lat' dir='ltr'><strong>dentes</strong></span> <span class='ocrx_word' id='word_1_771' title='bbox 900 5430 957 5484; x_wconf 93' lang='lat' dir='ltr'><strong>in</strong></span> <span class='ocrx_word' id='word_1_772' title='bbox 997 5431 1219 5495; x_wconf 89' lang='lat' dir='ltr'><strong>castris,</strong></span> <span class='ocrx_word' id='word_1_773' title='bbox 1255 5430 1523 5485; x_wconf 86' lang='lat' dir='ltr'><strong>invidiam</strong></span> <span class='ocrx_word' id='word_1_774' title='bbox 1570 5431 1966 5497; x_wconf 86' lang='lat' dir='ltr'><strong>ostenderunt;</strong></span> <span class='ocrx_word' id='word_1_775' title='bbox 2002 5433 2160 5502; x_wconf 88' lang='lat' dir='ltr'><strong>quid,</strong></span> <span class='ocrx_word' id='word_1_776' title='bbox 2193 5433 2241 5489; x_wconf 89' lang='lat' dir='ltr'><strong>si</strong></span> 
     </span>
    </p>
   </div>
   <div class='ocr_carea' id='block_1_105' title="bbox 1714 5427 3316 5503">
    <p class='ocr_par' dir='ltr' id='par_1_105' title="bbox 1714 5427 3316 5503">
     <span class='ocr_line' id='line_1_105' title="bbox 1714 5427 3316 5503; baseline -0.001 -18"><span class='ocrx_word' id='word_1_777' title='bbox 1714 5431 1966 5497; x_wconf 81' lang='lat' dir='ltr'><strong>iderunt;</strong></span> <span class='ocrx_word' id='word_1_778' title='bbox 2002 5433 2160 5502; x_wconf 88' lang='lat' dir='ltr'><strong>quid,</strong></span> <span class='ocrx_word' id='word_1_779' title='bbox 2193 5433 2241 5489; x_wconf 89' lang='lat' dir='ltr'><strong>si</strong></span> <span class='ocrx_word' id='word_1_780' title='bbox 2347 5430 2538 5485; x_wconf 85' lang='grc' dir='ltr'>τούτου</span> <span class='ocrx_word' id='word_1_781' title='bbox 2568 5431 2874 5501; x_wconf 87' lang='grc' dir='ltr'>γεγονότος,</span> <span class='ocrx_word' id='word_1_782' title='bbox 2900 5430 3001 5485; x_wconf 82' lang='grc' dir='ltr'><strong>οὐκ</strong></span> <span class='ocrx_word' id='word_1_783' title='bbox 3035 5427 3316 5503; x_wconf 71' lang='grc' dir='ltr'>ἔπραξανς</span> 
     </span>
    </p>
   </div>
   <div class='ocr_carea' id='block_1_106' title="bbox 668 5518 1951 5596">
    <p class='ocr_par' dir='ltr' id='par_1_106' title="bbox 668 5518 1951 5596">
     <span class='ocr_line' id='line_1_106' title="bbox 668 5518 1951 5596; baseline 0.005 -25"><span class='ocrx_word' id='word_1_784' title='bbox 668 5518 782 5573; x_wconf 63' lang='lat' dir='ltr'><strong>haec</strong></span> <span class='ocrx_word' id='word_1_785' title='bbox 816 5520 961 5575; x_wconf 82' lang='lat' dir='ltr'><strong>facta</strong></span> <span class='ocrx_word' id='word_1_786' title='bbox 996 5536 1107 5577; x_wconf 91' lang='lat' dir='ltr'><strong>non</strong></span> <span class='ocrx_word' id='word_1_787' title='bbox 1140 5530 1350 5589; x_wconf 86' lang='lat' dir='ltr'><strong>essent,</strong></span> <span class='ocrx_word' id='word_1_788' title='bbox 1382 5538 1489 5596; x_wconf 75' lang='lat' dir='ltr'><strong>non</strong></span> <span class='ocrx_word' id='word_1_789' title='bbox 1522 5530 1682 5579; x_wconf 89' lang='lat' dir='ltr'><strong>erant</strong></span> <span class='ocrx_word' id='word_1_790' title='bbox 1714 5522 1951 5577; x_wconf 83' lang='lat' dir='ltr'><strong>facturi?</strong></span> 
     </span>
    </p>
   </div>
   <div class='ocr_carea' id='block_1_107' title="bbox 1922 5658 2616 5717">
    <p class='ocr_par' dir='ltr' id='par_1_107' title="bbox 1922 5658 2616 5717">
     <span class='ocr_line' id='line_1_107' title="bbox 1922 5658 2616 5717; baseline 0.003 -5"><span class='ocrx_word' id='word_1_791' title='bbox 1922 5658 2160 5715; x_wconf 65' lang='lat' dir='ltr'><strong>VARIA‘J</strong></span> <span class='ocrx_word' id='word_1_792' title='bbox 2210 5658 2616 5717; x_wconf 76' lang='lat' dir='ltr'><strong>LECTIONES.</strong></span> 
     </span>
    </p>
   </div>
   <div class='ocr_carea' id='block_1_108' title="bbox 741 5753 1196 5813">
    <p class='ocr_par' dir='ltr' id='par_1_108' title="bbox 741 5753 1196 5813">
     <span class='ocr_line' id='line_1_108' title="bbox 741 5753 1196 5813; baseline 0.007 -8"><span class='ocrx_word' id='word_1_793' title='bbox 741 5753 757 5805; x_wconf 58' lang='grc' dir='ltr'><strong><em>ἓ</em></strong></span> <span class='ocrx_word' id='word_1_794' title='bbox 791 5753 852 5809; x_wconf 84' lang='lat' dir='ltr'><strong>C.</strong></span> <span class='ocrx_word' id='word_1_795' title='bbox 883 5754 948 5813; x_wconf 79' lang='grc' dir='ltr'>Ν.</span> <span class='ocrx_word' id='word_1_796' title='bbox 1002 5756 1087 5807; x_wconf 89' lang='lat' dir='ltr'><strong>ad.</strong></span> <span class='ocrx_word' id='word_1_797' title='bbox 1120 5756 1196 5808; x_wconf 88' lang='grc' dir='ltr'>ὲν.</span> 
     </span>
    </p>
   </div>
  </div>
