4058 6504
248 414 378 482 1101

1244 418 1777 481 COMMENTARII
1832 418 1912 477 ΙΝ
1953 418 2097 476 LIB.
2140 418 2164 475 Ι
2201 416 2490 477 REGUM.

3321 397 3325 401 ⁷
3370 410 3507 477 1102

324 534 385 586 ὐ
420 534 517 600 μὲν
558 531 731 588 Ἦσαῦ
756 535 1046 606 πυρῤἀκης
1072 529 1161 606 ἦν,
1193 535 1325 588 ὡσεὶ
1353 534 1502 605 δορὰ,
1536 532 1701 595 δασὺς
1738 532 1817 595 δὲ,

1990 527 2136 583 Esau
2162 529 2383 599 quidem
2406 526 2568 584 rufus
2595 534 2737 592 erat,
2778 536 2834 583 ut
2865 526 3046 598 pellis,
3072 526 3284 597 pilosus
3322 539 3505 582 autem

240 626 343 697 τὴν
372 626 432 690 ἐξ
475 626 752 696 ἁμαρτίας
799 626 938 697 ἔχων
973 629 1295 699 νεκρότητα,
1329 628 1423 680 καὶ
1472 626 1646 696 φονῶν
1679 624 1820 678 κατὰ

255 717 451 771 Ἰακώϐ
471 735 486 750 ο
522 718 550 770 ό
573 717 629 770 δὲ
661 717 825 771 Δαϐ“ιδ
852 719 1144 789 πυρῤἀκης
1178 720 1315 788 μετὰ
1354 718 1582 780 κάλλους
1614 717 1819 787 ὀφθαλ-

246 808 387 878 μῶν,
425 808 513 861 ἵνα
548 808 608 861 τὸ
660 807 974 878 διορατικὸν
1006 808 1222 880 δηλώσῃ
1245 809 1337 862 τοῦ
1369 809 1534 863 Δαϐὶδ
1559 810 1609 874 ιι,
1645 808 1821 862 καὶτὸ

243 900 445 969 γοργὸν
472 899 571 967 τῆς
597 899 797 969 ψυχῆς.
834 899 907 951 Οὐ
945 898 1055 969 γὰρ
1104 899 1353 970 σώματος
1379 900 1538 953 τοῦτο
1580 900 1819 964 ἔπαινος.

255 991 573 1057 Ἐξελέξατο
610 991 666 1044 δὲ
713 990 1340 1061 προπαιδαγωγούμενον
1371 993 1429 1044 ἐν
1470 994 1536 1062 τῇ
1587 1007 1820 1062 ποιμαν-

240 1084 391 1150 τικῇ,
425 1081 522 1133 καὶ
557 1079 644 1133 διὰ
672 1079 773 1149 τῆς
815 1079 926 1132 τῶν
958 1079 1333 1150 λοχευομένων
1372 1079 1698 1152 κηδεμονίας
1720 1080 1819 1135 ἀν-

242 1171 481 1243 θρώπων
515 1170 703 1241 ἄρχειν
733 1168 1203 1241 ἐκδιδασκόμενον.
1240 1171 1302 1226 C.
1336 1171 1397 1227 L.

315 1263 427 1317 Καὶ
476 1264 717 1331 Πνεῦμα
764 1263 987 1331 Κυρίου
1017 1262 1251 1333 ἀπέστη
1306 1265 1424 1319 ἀπὸ
1460 1265 1683 1330 Σαοὺλ,
1721 1264 1823 1319 καί

240 1356 531 1425 συνεῖχεν
590 1354 779 1409 αὑτὸν
844 1355 1084 1425 πνεῦμα
1140 1358 1432 1423 πονηρόν.
1507 1356 1614 1409 Τοῦ
1674 1356 1821 1410 θείου

242 1445 387 1501 Πνεύ
396 1462 563 1515 ματος
585 1444 944 1509 ἀποστάντος,
960 1445 1143 1514 χώραν
1162 1444 1285 1514 ἔσχε
1309 1444 1370 1496 τὸ
1394 1447 1649 1516 πονηρόν.
1666 1446 1822 1500 Οὕτω

240 1535 343 1604 τῆς
375 1533 745 1604 ἁποστολικῆς
774 1534 999 1604 χάριτος
1036 1533 1127 1585 τὸν
1167 1532 1368 1587 Ἰούδαν
1393 1533 1819 1605 καταλιπούσης,

241 1624 589 1694 εἰσελήλυθεν
619 1626 698 1688 είς
720 1624 885 1677 αὐτὸν
912 1624 941 1677 ὁ
972 1623 1241 1687 διάϐολος.

314 1716 599 1781 Εἰωθότως
644 1716 701 1768 δὲ
751 1715 844 1768 ἐπὶ
871 1715 1003 1769 Θεὸν
1050 1715 1311 1786 ἀναφέρει
1358 1715 1457 1785 τὴν
1507 1713 1686 1769 αἰτίαν
1723 1713 1824 1786 τῆς

240 1807 338 1862 τοῦ
374 1806 617 1879 πονηροῦ
650 1807 963 1877 πνεύματος
994 1807 1323 1876 ἐνοικήσεως
1344 1821 1358 1834 ·
1404 1807 1503 1877 οὐχ
1546 1807 1629 1859 δτι
1658 1805 1823 1860 αὐτοῦ

239 1900 562 1964 δεδωκότος,
604 1898 718 1953 ἀλλ’
771 1900 855 1953 ὅτι
900 1899 1235 1969 ἀφελομένου
1266 1899 1328 1953 τὸ
1381 1899 1558 1967 ἅγιον,
1591 1899 1822 1970 πάροδος

242 1995 464 2063 ἐγένετο
502 1993 581 2063 τῷ
616 1992 842 2063 πονηρῷ
869 1991 965 2045 τοῦ
989 1992 1060 2046 τὰ
1088 1991 1348 2045 δοκοῦντα
1375 1994 1567 2046 ποιεῖν.
1592 1991 1674 2043 ~Tb
1713 1991 1821 2063 γὰρ

242 2081 391 2137 Θεῖον
414 2080 636 2151 Πνεῦμα
666 2083 724 2135 ἐν
766 2082 834 2152 τῇ
865 2081 967 2151 τῆς
1013 2080 1289 2151 βασιλείας
1332 2080 1510 2151 χρίσει
1540 2079 1823 2150 δεδομένον

240 2170 324 2241 τῷ
351 2169 544 2235 Σαοὺλ,
578 2170 807 2233 εἰκότως
830 2174 887 2223 ὲν
908 2172 974 2240 τῇ
1003 2169 1209 2240 ταύτης
1231 2168 1548 2223 ἀποπτώσει
1571 2171 1708 2241 πρὸς
1732 2170 1823 2223 τὸν

244 2263 361 2318 ἀντ’
382 2261 588 2314 ἐκείνου
620 2261 1093 2332 χειροτονούμενον
1138 2262 1481 2333 συναπέπτη,
1513 2263 1606 2315 καὶ
1641 2262 1823 2333 χώραν

243 2353 373 2423 ἔσχε
405 2352 467 2405 τὸ
501 2352 760 2407 ἐναντίον.
798 2352 1011 2415 ’Ἄλλως
1046 2354 1176 2426 γὰρ,
1214 2352 1430 2418 ἐξουσία
1461 2353 1579 2407 κατ’
1613 2353 1824 2417 οὐδενὸς

244 2444 431 2506 αὐτοῖς
465 2441 680 2495 δέδοται
713 2440 839 2511 δίχα
870 2440 968 2511 τῆς
992 2439 1141 2505 θείας
1168 2441 1593 2515 συγχωρήσεως.
1623 2441 1686 2495 (2.
1719 2438 1782 2494 L.

322 2623 539 2692 Ἄνδρα
585 2623 785 2679 εἰδότα
821 2622 1103 2692 ψάλλειν.
1145 2623 1210 2676 Ἡ
1260 2623 1348 2677 διὰ
1397 2622 1506 2677 τῶν
1552 2623 1825 2693 μουσικῶν

243 2715 495 2785 ὀργάνων
516 2713 738 2787 λατρεία
762 2712 914 2783 παρὰ
932 2712 1068 2765 Θεοῦ
1096 2712 1194 2782 μὲν
1215 2713 1273 2765 οὐ
1299 2712 1531 2779 δέδοται,
1557 2712 1825 2784 ἐπενοήθη

243 2799 306 2853 δὲ
336 2799 417 2869 τῷ
443 2798 607 2852 Δαϐὶδ
641 2800 1028 2853 εὐσεϐέστατα.
1060 2799 1216 2869 Πόθῳ
1247 2800 1356 2872 γὰρ
1390 2800 1519 2871 θείῳ
1544 2801 1827 2872 πυρούμε-

245 2908 361 2956 νος,
398 2892 466 2944 τὰ
498 2891 635 2961 πρὸς
686 2891 977 2959 ἀσέλγειαν
1020 2892 1147 2954 τοὺς
1186 2891 1505 2963 ἀνθρώπους
1538 2892 1827 2946 ἐκκαίοντα

249 2983 550 3053 μετέϐαλεν
590 2980 609 3022 1
652 2984 732 3047 είς
777 2983 1093 3049 εὐσέϐειαν,
1134 2984 1295 3055 μέλος
1344 2985 1609 3055 ἐνάρθρου
1644 2987 1827 3057 φωνῆς

246 3076 445 3145 ὖμνοις
490 3075 657 3139 θείοις
694 3075 1038 3146 ἐγκεράσαςο
1084 3075 1159 3139 ὡς
1197 3075 1264 3130 ἂν
1304 3076 1404 3146 τὴν
1437 3075 1534 3146 μὲν
1575 3076 1827 3147 αἴσθησιν

1919 633 1984 673 ex
2006 626 2233 687 peccato
2262 619 2471 673 habens
2499 620 2888 673 mortalitatem
2906 660 2921 685 ,
2957 625 3124 689 atque
3151 617 3355 674 caedem
3389 618 3506 689 spi-

1918 724 2051 765 rans
2091 722 2284 765 contra
2320 710 2490 766 Iacob
2524 728 2537 765 :
2579 710 2750 765 David
2789 721 2973 766 autem
3015 711 3177 767 rufus
3215 726 3341 766 cum
3381 712 3505 782 pul-

1919 801 2231 857 chritudine
2279 803 2591 862 oculorum.
2638 802 2845 873 quibus
2883 802 3063 857 verbis
3107 803 3507 874 perspicacitas

1918 900 1973 946 et
2005 894 2172 949 ardor
2204 895 2375 949 animi
2414 893 2640 952 Davidis
2672 895 2945 951 innuitur.
2975 894 3095 951 Non
3121 896 3268 952 enim
3298 895 3353 951 in
3387 887 3542 950 cor-'

1921 986 2075 1056 poris
2118 986 2382 1042 honorem
2430 987 2601 1042 hocce
2652 987 2885 1043 dictum.
2932 986 3108 1059 Elegit
3151 994 3331 1043 autem
3381 1003 3505 1041 eum

1922 1078 2018 1147 qui
2052 1093 2273 1148 gregem
2308 1094 2538 1149 pascere
2588 1086 2643 1134 et
2674 1095 2773 1150 per
2813 1095 3005 1135 curam
3051 1079 3247 1137 ovibus
3289 1079 3507 1134 adhibi-

1921 1178 2033 1225 tam
2070 1169 2394 1226 hominibus
2436 1184 2675 1240 praeesse
2705 1171 3006 1227 didicerat.

1993 1261 2157 1317 Vens.
2196 1262 2284 1317 Η.
2329 1261 2567 1333 Spiritus
2612 1264 2831 1318 Domini
2881 1262 3096 1318 recessit
3147 1280 3180 1317 a
3231 1261 3417 1327 Saule,
3452 1271 3505 1317 et

1920 1354 2197 1421 occupavit
2246 1369 2364 1407 eum
2417 1356 2641 1424 spiritus
2692 1354 2887 1409 malus.
2940 1354 3150 1424 Spiritu
3196 1350 3292 1409 Dei
3349 1367 3505 1408 rece-

1920 1437 2107 1503 dente,
2148 1441 2382 1512 spiritus
2428 1442 2704 1512 malignus
2738 1443 2916 1497 locum
2953 1442 3165 1496 habuit.
3205 1440 3298 1496 Sic
3336 1441 3501 1495 etiam

1920 1529 1976 1583 in
2027 1528 2264 1599 ludam,
2312 1532 2603 1588 deﬁciente
2649 1533 2956 1604 apostolica
2999 1532 3204 1603 gratia,
3250 1530 3504 1587 diabolus

1922 1620 2170 1677 intravit.

2000 1711 2087 1767 Uti
2143 1713 2303 1781 solet,
2355 1714 2421 1769 ad
2468 1713 2638 1769 Deum
2688 1714 2861 1771 refert
2903 1730 3124 1771 causam
3178 1729 3278 1771 cur
3324 1714 3506 1772 malus

1925 1802 2139 1859 daemon
2173 1804 2228 1858 in
2263 1820 2328 1859 eo
2363 1805 2592 1868 habitet,
2617 1820 2727 1859 non
2761 1807 2908 1875 quod
2932 1821 2998 1862 eo
3028 1806 3378 1873 immittente,
3407 1808 3505 1862 sed

1854 1882 1897 1938 Β
1929 1896 2113 1966 potius
2141 1896 2425 1952 auferente
2453 1907 2727 1961 sanctum,
2756 1898 2941 1954 aditus
2971 1898 3324 1968 aperiebatur
3360 1898 3505 1953 malo

1921 2002 2023 2056 pro
2078 1987 2257 2042 lubitu
2320 1988 2538 2057 agendi.
2591 1985 2832 2058 Spiritus
2881 1988 3027 2043 enim
3079 1987 3300 2043 divinus
3351 1986 3503 2043 Sauli

1923 2091 2247 2143 concessus,
2278 2092 2400 2133 cum
2458 2093 2555 2133 rex
2612 2087 2969 2148 cooptaretur
3014 2093 3171 2134 sacra
3221 2080 3501 2144 unctione,

1922 2167 2255 2237 simulatque
2302 2170 2535 2239 imperio
2581 2171 2803 2234 excidit,
2836 2170 2966 2240 jure
3013 2175 3208 2227 merito
3258 2171 3324 2226 ad
3374 2188 3504 2226 eum

1924 2258 2018 2328 qui
2081 2258 2256 2327 ipsius
2302 2258 2423 2314 loco
2473 2268 2694 2315 creatus
2735 2268 2840 2324 est,
2890 2262 3133 2328 transiit,
3181 2270 3235 2316 et
3281 2269 3504 2316 contra-

1924 2351 2067 2405 rium
2112 2350 2292 2403 locum
2335 2349 2547 2404 habuit.
2581 2350 2734 2404 Alias
2771 2351 2941 2414 enim,
2974 2352 3081 2405 nisi
3123 2351 3233 2405 Deo
3277 2351 3504 2422 permit-

1927 2443 2094 2500 tente,
2136 2436 2288 2490 nulla
2337 2436 2418 2491 eis
2470 2436 2858 2508 (daemonibus)
2908 2450 3099 2494 contra
3151 2441 3322 2495 ullum
3374 2456 3506 2495 con-

1925 2527 2141 2582 ceditur
2170 2534 2438 2597 potestas.
3264 2604 3267 2605 ν

1994 2618 2160 2673 Vens.
2202 2617 2291 2672 16.
2337 2617 2526 2673 Virmn
2560 2618 2808 2674 scientem
2855 2620 3105 2691 psallere.
3153 2620 3350 2677 Cultus
3386 2621 3503 2688 Dei,

1926 2710 2018 2779 qui
2068 2725 2166 2781 per
2210 2711 2582 2767 instrumenta
2632 2713 2841 2767 musica
2883 2722 3193 2783 exercetur,
3231 2731 3339 2770 non
3385 2716 3508 2786 qui-

1926 2800 2047 2855 dem
2084 2815 2116 2853 a
2148 2798 2260 2855 Deo
2295 2802 2553 2867 traditus,
2596 2803 2692 2857 sed
2727 2818 2757 2856 a
2793 2802 2997 2859 Davide
3039 2804 3334 2861 admodum
3373 2808 3504 2862 reli-

1927 2891 2081 2961 glose
2113 2892 2459 2962 excogitatus
2495 2901 2600 2948 est.
2648 2891 2844 2948 Divino
2875 2896 3022 2950 enim
3061 2897 3258 2953 ardore
3291 2898 3508 2953 inﬂam-

1929 2992 2127 3045 matus,
2155 2996 2219 3036 ea
2249 2996 2369 3051 quae
2408 2983 2661 3038 homines
2695 2984 2762 3039 ad
2798 2984 3105 3053 libidinem,
3136 2996 3190 3043 et
3222 2989 3505 3044 lasciviam

1927 3070 2257 3140 accendunt,
2293 3074 2358 3129 ad
2408 3073 2670 3144 pietatem
2712 3077 2993 3146 traduxit;
3031 3091 3250 3136 cantum
3295 3083 3505 3137 articu-

243 3168 509 3237 ὂιεγείροι
530 3168 592 3220 τὸ
625 3167 809 3237 μέλος,
842 3167 904 3220 τὸ
922 3167 979 3220 δὲ
1005 3167 1184 3237 νόημα
1221 3168 1337 3238 μετ’
1362 3169 1527 3221 αὑτοῦ
1556 3169 1647 3222 τὸν
1678 3169 1821 3222 θεῖον

1927 3161 2050 3217 lata:
2099 3165 2252 3221 vocis
2302 3165 2521 3236 hymnis
2568 3166 2774 3223 divinis
2827 3178 3171 3240 temperans;
3216 3180 3277 3227 ut
3333 3173 3504 3228 melos

245 3230 413 3312 πόθον
425 3230 687 3313 ’ἀνάπτοα
721 3230 829 3312 Τοῦ
860 3259 1003 3313 θείου
1044 3230 1233 3313 τοίνυν.
1257 3260 1572 3332 Πνεύματος
1606 3263 1634 3314 ό
1657 3262 1821 3316 Δαϐὶδ

1934 3268 2192 3320 sensum,
2248 3254 2560 3313 intellectus
2616 3273 2748 3313 vero
2800 3274 2940 3325 una,
2991 3260 3291 3332 eademque
3336 3277 3505 3333 opera

244 3349 349 3420 τὴν
373 3351 655 3421 ἐνέργειαν
682 3350 1025 3417 ὑποδέδεκτο,
1055 3352 1148 3406 καὶ
1174 3352 1524 3423 ἐνεργοῦντος
1546 3354 1736 3422 αὑτοῦ,
1764 3355 1827 3410 τὸ

246 3444 492 3514 πονηρὸν
527 3443 771 3515 ἡσύχαζε
800 3442 1042 3516 πνεῦμα.

321 3628 433 3682 Καὶ
490 3630 523 3682 ὁ
572 3627 727 3697 ἀνὴρ
779 3628 1062 3696 συνετὸς,
1111 3628 1213 3683 καί
1256 3632 1649 3702 πολεμιστής.
1703 3634 1828 3697 Πῶς

248 3720 419 3792 ἀνὴρ,
456 3722 551 3774 καὶ
596 3722 712 3784 πῶς
742 3722 961 3786 συνετὸς
996 3722 1055 3775 ἐν
1083 3721 1250 3793 λόγῳ,
1287 3726 1404 3788 πῶς
1426 3725 1483 3778 δὲ
1513 3727 1608 3779 καὶ
1661 3727 1826 3779 πολε-

252 3813 449 3883 μιστὴς
475 3812 504 3864 ό
533 3812 779 3882 πρόϐατα
814 3813 1155 3883 ποιμαίνων;
1192 3816 1306 3869 Οὐκ
1359 3816 1468 3886 ἄρα
1506 3817 1598 3883 ἀφ’
1631 3816 1825 3870 ἑαυτοῦ

250 3901 519 3971 ἐλάλησεν
546 3900 734 3965 εἰπὼν,
763 3899 900 3953 ἀλλὰ
927 3902 994 3954 τὰ
1030 3901 1287 3972 ἐσόμενα,
1317 3903 1392 3966 ὡς
1419 3905 1659 3973 παρόντα
1691 3920 1827 3975 προ-

247 3996 413 4049 σίπε’
442 4001 481 4023 ’³
526 3994 621 4046 καὶ
676 3994 949 4065 μαρτυρεῖ
977 3992 1055 4064 τῷ
1104 3993 1270 4049 Δαϐὶδ
1318 3994 1461 4066 ἅπερ
1502 3995 1724 4065 ἔμελλεν
1751 3991 1828 4051 εί·-

248 4100 365 4139 ναι.
392 4083 454 4139 C.
492 4082 556 4139 L.

852 4174 1105 4230 ΚΕΦΑΛ.
1148 4176 1247 4231 IZ'.

333 4266 541 4321 Ἔδωκε
569 4267 627 4321 δέ
656 4267 723 4322 τὰ
779 4268 920 4323 ὅπλα
968 4268 1163 4337 Σαοὺλ,
1193 4270 1289 4323 κα)⁸
1329 4271 1429 4324 οὐκ
1461 4271 1691 4342 ἠδύνατο
1723 4271 1827 4343 βας

252 4359 455 4414 στάσαι
503 4359 688 4415 Δαϐίδ.
731 4360 809 4414 Οὐ
845 4362 1116 4431 συγχωρεί
1162 4361 1274 4433 γὰρ
1320 4361 1480 4416 τοῦτο
1530 4364 1684 4429 Θεὸς,
1739 4365 1826 4419 ἵνα

249 4451 463 4521 γυμνὸς
484 4453 709 4524 νικήσῃ·
736 4452 824 4506 ἶνα
857 4453 931 4523 μὴ
963 4454 1032 4508 τὰ
1059 4453 1202 4509 ὅπλα
1232 4456 1562 4525 μερίσωνται
1591 4457 1689 4530 τὴν
1716 4458 1825 4513 τῶν

248 4543 697 4614 κατορθωμάτων
724 4544 879 4614 νίκην
910 4554 959 4599 η.
984 4544 1046 4599 C.
1073 4545 1138 4601 L.

321 4636 433 4689 Καὶ
473 4636 765 4706 γνώσεται
804 4635 977 4691 πᾶσα
1020 4638 1057 4705 ἡ
1112 4634 1208 4705 τῆ,
1248 4636 1339 4691 ὅτι
1386 4638 1520 4693 ἔστι
1570 4640 1712 4707 Θεὸς
1757 4641 1826 4695 ἐν

260 4730 536 4800 Ἰσραήλ.
565 4730 909 4803 Προφητεύει
940 4733 1443 4803 παραταττόμενος,
1470 4735 1563 4787 καὶ
1591 4750 1826 4805 προαγο-

247 4824 404 4894 ρεύει
427 4824 525 4892 τὴν
557 4823 657 4892 τῆς
688 4823 1014 4894 οἰκουμένης
1050 4822 1400 4893 θεογνωσίαν.

317 5001 432 5055 Καὶ
460 5002 722 5067 ἐπάταξε
741 5002 849 5058 τὸν
876 5003 1252 5074 ἀλλόφυλον.
1284 5006 1431 5079 Λίθῳ
1458 5007 1515 5061 δὲ
1552 5007 1643 5061 τὸν
1672 5008 1824 5063 ἁλλόο

240 5092 419 5160 φυλον
444 5094 679 5164 ἀναιρεῖ,
707 5095 1037 5166 προμηνύων
1065 5096 1155 5150 τὸν
1185 5097 1245 5163 ἐξ
1269 5098 1431 5152 αὐτοῦ
1467 5099 1608 5154 κατὰ
1642 5101 1821 5172 σάρκα

237 5179 396 5234 λίθον
428 5182 701 5252 τμηθέντα
726 5185 925 5255 χειρῶν
945 5185 1095 5240 ἄνευ.
1121 5184 1185 5242 C.
1222 5184 1288 5241 L.

322 5363 433 5415 Kal.
466 5366 530 5434 τῇ
569 5364 811 5436 ῥομφαίᾳ
858 5364 917 5419 δὲ
966 5365 1060 5419 τοῦ
1111 5367 1409 5437 ἀλλοφύλου
1450 5372 1815 5442 χρησάμενος,

239 5454 413 5508 αὑτὸν
446 5454 687 5508 ἀνεῖλενο
716 5456 804 5509 ἵνα
839 5456 938 5529 τὴν
968 5456 1062 5511 τοῦ
1091 5461 1342 5532 Σωτῆρος
1374 5463 1698 5538 προδηλώσῃ
1736 5466 1814 5520 vl-

1927 3343 2172 3399 divinum
2224 3345 2478 3402 ardorem
2526 3350 2918 3407 exsuscitaret.
2964 3350 3134 3406 David
3184 3354 3366 3424 itaque
3417 3352 3505 3408 di-

1926 3436 2039 3491 vini
2066 3436 2308 3507 Spiritus
2340 3438 2446 3493 vim
2476 3446 2640 3509 atque
2663 3440 2958 3496 eﬂicaciam
2983 3453 3306 3514 acceperat;
3340 3444 3506 3517 516

1926 3544 2037 3599 quo
2066 3539 2354 3598 operante,
2387 3530 2619 3600 spiritus
2646 3533 2919 3603 malignus
2950 3533 3289 3602 quiescebat.

1998 3620 2166 3675 Vens.
2204 3620 2293 3675 18.
2334 3620 2404 3674 Et
2449 3623 2528 3676 vir
2570 3624 2964 3695 intelligens,et
3015 3625 3312 3680 bellicosus.
3350 3625 3503 3692 Quo-

1927 3714 2090 3766 modo
2120 3711 2223 3775 vir,
2260 3721 2315 3768 et
2350 3712 2665 3784 intelligens
2708 3716 2762 3770 in
2806 3717 3076 3779 oratione.
3113 3725 3166 3772 et
3208 3718 3503 3774 bellicosus

1928 3801 2132 3856 dicitur
2165 3802 2262 3872 qui
2305 3817 2438 3859 oves
2480 3806 2696 3873 pascit?
2729 3806 2995 3862 Nimirum
3034 3823 3145 3863 non
3184 3823 3250 3863 ex
3297 3819 3500 3864 semet-

1926 3892 2049 3962 ipso
2094 3891 2314 3950 locutus
2362 3902 2469 3962 est,
2505 3896 2600 3951 sed
2647 3897 2831 3952 futura
2883 3898 3042 3968 quasi
3082 3897 3195 3966 jam
3245 3899 3502 3955 adessent

1926 3984 2196 4053 praedixit,
2214 3993 2270 4041 et
2309 3986 2629 4043 testimonio
2674 3989 2967 4045 conﬁrmat
2996 3991 3121 4062 quis
3153 3990 3321 4047 David
3354 4000 3502 4048 esset

1928 4073 2171 4132 iuturus.

2538 4168 2692 4225 CAP.
2731 4169 2900 4226 XVII.

1994 4261 2128 4318 Saul
2166 4278 2317 4318 arma
2362 4278 2461 4320 sua
2497 4264 2668 4331 dedit,
2700 4273 2756 4320 at
2796 4264 2965 4321 David
3008 4273 3223 4336 gestare
3258 4281 3366 4324 non
3403 4285 3481 4339 po-

1927 4350 2049 4406 tuit.
2096 4351 2311 4408 Etenim
2345 4355 2492 4409 Deus
2522 4355 2627 4411 hoc
2660 4371 2770 4411 non
2818 4356 3093 4423 concedit,
3121 4357 3216 4413 sed
3263 4360 3486 4417 necdum

1942 4446 2061 4498 vult
2110 4452 2394 4514 reportare
2442 4445 2754 4508 victoriam.
2788 4460 2857 4500 ne
2890 4445 3061 4501 armis
3106 4447 3350 4502 victorias
3386 4450 3471 4502 vir

1853 4566 1897 4622 υ
1926 4547 2041 4594 tute
2071 4549 2239 4609 partae
2270 4555 2399 4610 pars
2435 4542 2786 4596 attribuatur.

1998 4629 2161 4684 Vens.
2199 4629 2290 4683 46.
2329 4629 2398 4683 Et
2449 4639 2692 4699 agnoscet
2738 4632 2907 4685 omnis
2960 4641 3122 4694 terra,
3164 4631 3302 4699 quod
3353 4630 3492 4685 Deus

1925 4723 1996 4776 sit
2042 4723 2096 4775 in
2136 4721 2359 4776 Israele.
2394 4722 2563 4776 David
2607 4738 2836 4793 pergens
2876 4731 3069 4778 contra
3104 4724 3316 4780 hostem
3356 4737 3490 4795 pro-

1924 4815 2134 4885 phetat,
2163 4825 2217 4870 et
2244 4814 2311 4870 de
2342 4815 2656 4885 cognitione
2689 4815 2783 4871 Dei
2828 4817 2883 4871 in
2921 4817 3180 4874 universo
3212 4825 3486 4873 terrarum

1923 4906 2056 4959 orbe
2086 4905 2464 4960 concionatnr.
3210 4938 3239 4970 φ

1995 4995 2160 5054 Vens.
2192 4997 2281 5052 49.
2320 4996 2390 5051 Et
2418 4998 2677 5066 percussit
2710 4998 3085 5069 alienigenam.
3118 4998 3320 5069 Lapide
3361 5001 3492 5054 alie-

1921 5087 2173 5156 nigenam
2205 5087 2482 5153 interﬁcit,
2515 5087 2750 5157 lapidem
2780 5103 2845 5143 ex
2877 5088 3000 5159 ipso
3029 5090 3330 5145 secundum
3366 5104 3491 5144 car-

1922 5192 2044 5231 nem
2076 5177 2369 5233 oriundum
2402 5184 2457 5234 et
2488 5178 2611 5234 sine
2642 5179 2897 5236 manibus
2927 5180 3176 5237 excisum
3209 5183 3493 5252 praesigni-

1922 5265 2112 5322 ﬁcans.

2000 5379 2068 5434 Et
2107 5380 2289 5451 gladio
2336 5382 2658 5455 alienigenae
2699 5397 2855 5447 usus,
2916 5397 3039 5437 eum
3082 5381 3376 5452 interemit,
3432 5394 3492 5438 ut

1926 5468 2230 5527 Salvatoris
2244 5473 2532 5529 victoriam
2553 5480 3024 5545 praemonstraret.
3043 5471 3303 5540 Quienim
3338 5476 3488 5530 cruci

1542 5598 1773 5656 VARUE
1796 5603 2202 5663 LECTIONES.

316 5685 520 5739 ιιΤι’ιᾶ

524 5703 619 5768 χρι
643 5685 1000 5768 τοῦδε-ταύτὰ
1022 5689 1146 5768 ,τοῖς
1170 5688 1273 5768 τοῦ.
1299 5690 1474 5768 ὮριγΣ
1508 5693 1622 5768 τοῖς
1649 5694 1707 5768 ἐν
1738 5695 1850 5751 σελ.
1882 5695 1987 5750 480
2010 5696 2103 5749 τοῦ
2124 5697 2178 5751 2.
2213 5696 2350 5768 Τόμ.
2378 5697 2477 5765 τῆς
2498 5698 2594 5752 τοῦ
2639 5699 2780 5752 Ῥου.
2806 5699 2987 5753 ἐκδόσ.

3091 5696 3107 5737 ¹
3228 5702 3295 5757 Ν.
3357 5723 3487 5774 μετ..

650 5742 1178 5847 expediri;
1208 5742 1343 5817 Aﬁr:
1361 5742 1496 5817 .xd'i'o‘.
1524 5742 1850 5822 ού
1893 5742 2037 5822 }:V'Tai
2047 5742 2199 5822 ὀξειΞᾶ
2223 5742 2350 5822 'x'a‘i'
2366 5742 3060 5839 eU‘Ee'i.'5i7"£oB"B'fép.
3094 5742 3196 5822 τόθ’

216 5820 389 5879 ’κατὰ
413 5826 510 5897 τὴν
540 5825 635 5879 τοῦ
661 5820 1013 5898 Μοντφαοῦκ.
1030 5820 1156 5883 ’ἔκδ⁸
