4058 6508
605 398 745 467 1103

1913 397 2283 460 ΡΠΟΕΟΡΙΙ
2324 398 2566 461 (ΞΑΖᾸΞΙ

3719 391 3827 454 1104

603 520 766 573 aﬂixit
793 513 1102 578 Dominum,
1134 529 1229 584 per
1263 530 1478 569 crnmm
1522 514 1810 585 tyrannide
1848 524 2047 568 exutus
2081 521 2178 568 est.

2294 530 2419 582 κην.
2446 512 2672 583 Σταυρῷ
2704 511 2811 583 γὰρ
2836 518 2861 547 ο
2892 509 3254 580 προσηλώσας
3297 507 3391 561 τδν
3427 507 3717 576 Δεσπότην,
3757 508 3826 559 διὰ

600 614 780 681 Atque
812 618 870 663 ut
900 609 1220 679 impleretur
1245 607 1450 662 dictum
1475 608 1608 663 illud
1642 630 1654 665 :
1692 608 1748 662 In
1772 607 2033 678 operibus
2065 622 2181 661 ma-

602 718 770 757 nnnm
803 701 1239 770 comprehensus
1267 708 1352 755 est
1382 709 1641 770 peccator
1670 699 1713 753 δ.

642 874 839 942 Ὑειιε.
875 885 965 942 55.
1005 884 1173 956 Cujus
1222 886 1367 955 [ilius
1411 896 1487 941 est
1534 887 1619 941 hic
1657 887 2005 941 adolescens?
2034 884 2178 952 Quo-

600 978 761 1032 modo
797 977 969 1033 David
1005 977 1155 1032 Sauli
1194 977 1414 1046 ignotus
1449 978 1590 1033 fuit?
1626 977 1721 1032 Vel
1751 979 1882 1046 quia
1919 977 2179 1032 furibun-

599 1073 703 1123 dus
749 1070 962 1124 cithara
1012 1069 1299 1125 ludentem
1352 1086 1457 1125 non
1504 1071 1805 1131 sentiebat,
1835 1070 1941 1134 vel,
1975 1070 2181 1124 invidia

600 1161 952 1227 stimulante,
1009 1162 1307 1234 diligenter
1381 1172 1438 1218 et
1512 1169 1771 1218 accurate
1844 1175 2181 1233 cognoscere

604 1252 774 1307 voluit
801 1252 956 1321 cujas
985 1263 1039 1307 et
1068 1255 1323 1324 quisnam
1354 1261 1527 1309 esset.

673 1342 839 1399 Vsus.
875 1344 927 1397 ὃ.
973 1342 1210 1415 Diligens
1242 1361 1382 1413 eum,
1419 1353 1673 1416 quantum
1716 1345 1953 1399 animam
2004 1359 2178 1398 suam.

603 1436 817 1505 Aquila,
855 1437 1141 1489 secundum
1191 1438 1426 1490 animam
1469 1454 1642 1492 suam.
1692 1434 1748 1489 Id
1785 1450 1916 1490 vero
1954 1436 2035 1490 lex
2076 1434 2180 1489 Do-

602 1527 734 1580 mini
769 1541 987 1596 quoque
1015 1528 1263 1599 praecipit
1293 1546 1306 1581 ε
1350 1545 1369 1579 ι
1411 1527 1611 1598 Diliges
1642 1527 1955 1598 proximum
2000 1536 2177 1591 tuum,

603 1621 749 1675 sicut
780 1621 1011 1691 teipsum
1044 1623 1088 1675 ⁸.
1128 1640 1148 1674 ι

1203 1710 1357 1767 CAP.
1401 1710 1590 1766 XVIII.

672 1803 841 1858 Vsus.
872 1803 929 1859 2.
971 1801 1036 1855 Et
1078 1802 1369 1872 mandyan.
1401 1803 1589 1858 Genus
1623 1813 1710 1859 est
1742 1804 1910 1860 vestis
1943 1804 2180 1860 exterio-

604 1897 703 1953 ris.
734 1896 1007 1949 Existimo
1052 1905 1254 1957 autem,
1294 1896 1497 1966 inquit,
1538 1898 1623 1951 vel
1665 1882 1992 1952 Aircadicam
2033 1912 2176 1963 esse,

604 1988 710 2050 vel,
754 2002 918 2057 quam
958 1989 1121 2057 vulgo
1171 1988 1415 2041 mantion
1466 1989 1764 2058 appellant.
1816 1988 2179 2060 Septuaginta

603 2079 748 2131 enim
800 2079 993 2132 dicunt
1052 2078 1140 2149 (τὰ
1195 2080 1410 2149 ἱμάτια)
1466 2080 1791 2135 vestimenta
1842 2080 2025 2145 illius,
2087 2080 2180 2150 qui

604 2168 885 2222 nuntiavit
941 2168 1144 2223 caedem
1203 2170 1440 2224 ﬁliorum
1492 2169 1643 2235 Heli,
1694 2171 1928 2226 discissa
1984 2170 2177 2228 fuisse.

607 2257 711 2313 Ubi
764 2259 961 2327 Aquila
1014 2260 1258 2329 μανδύαν
1310 2260 1570 2316 reddidit.
1618 2261 1731 2316 Rex
1778 2262 2181 2319 Ammoniticus

608 2352 883 2421 praesciuit
914 2349 1023 2403 τῶν
1064 2352 1337 2421 μανδύων,
1370 2354 1475 2407 hoc
1510 2361 1614 2419 est,
1646 2352 1714 2408 de
1748 2354 1997 2410 vestibus
2030 2355 2182 2425 lega-

609 2454 789 2499 torum
827 2442 1074 2507 Davidis,
1107 2442 1396 2497 dimidiam
1431 2456 1662 2514 partem,
1702 2458 1876 2515 usque
1916 2445 1985 2500 ad
2024 2453 2181 2500 nates

610 2538 881 2605 ipsorum.

682 2625 842 2679 Vsus.
871 2624 958 2678 I0.
992 2622 1165 2677 Irruit
1199 2624 1416 2693 spiritus
1458 2623 1636 2679 malus
1681 2642 1840 2696 super
1869 2625 2105 2689 Saulem.
2130 2636 2181 2682 et

607 2720 960 2788 prophetavit,
987 2725 1097 2773 etc.
1135 2716 1419 2787 Scriptura
1450 2718 1727 2787 :equivoce
1759 2722 1923 2773 etiam
1956 2719 2183 2789 pseudo-

613 2811 909 2879 proplietas
934 2818 989 2865 et
1013 2808 1182 2863 falsos
1218 2806 1351 2863 deos
1375 2808 1632 2878 appellat.
1656 2808 1926 2863 Caeterum
1950 2810 2183 2878 pseudo-

611 2900 892 2971 prophetis
921 2899 1326 2955 insanientibus
1355 2901 1563 2955 similes
1597 2909 1773 2964 erant,
1804 2902 1986 2971 qualis
2014 2902 2179 2955 etiam

610 2992 740 3044 Saul
788 2997 927 3045 erat.
976 2987 1083 3045 Sed
1126 2989 1229 3044 iste
1277 2989 1463 3043 divina
1505 2992 1680 3061 gratia
1724 2991 1826 3044 luit
1865 2990 2177 3046 destitutus.

611 3079 778 3133 David
809 3094 939 3135 vero
965 3080 1227 3150 psallens,
1254 3081 1518 3136 daemonis
1549 3081 1696 3134 illam
1731 3082 2003 3137 insaniam
2030 3083 2180 3138 miti-

607 3172 775 3241 gavit,
806 3178 861 3225 et
892 3170 1154 3226 invidiam
1186 3168 1369 3228 Saulis
1397 3173 1683 3243 repressit.

677 3348 794 3402 Non
852 3347 1063 3419 Spiritu
1111 3347 1295 3401 divino
1355 3348 1631 3417 repletus,
1693 3348 2023 3403 vaticinatus
2073 3360 2176 3404 est.

608 3440 895 3509 Quomodo
923 3440 1069 3495 enim
1101 3439 1219 3494 ﬁeri
1253 3440 1449 3508 potuit,
1480 3449 1536 3492 ut
1564 3440 1728 3494 simul
1756 3441 1894 3494 male
1917 3441 2180 3497 daemonis

608 3544 662 3589 et
699 3534 940 3602 Spiritus
970 3530 1145 3586 sancti
1179 3531 1454 3600 particeps
1483 3530 1675 3585 esset?
1716 3529 1823 3585 Sed
1859 3533 2036 3587 malus
2068 3531 2181 3601 spi-

610 3628 751 3681 ritus
801 3640 923 3679 eum
971 3634 1254 3693 torquens,
1287 3622 1421 3676 talia
1474 3620 1627 3677 elTari
1676 3624 1880 3693 coegit,
1919 3622 2178 3677 nimirum

609 3717 726 3771 fore
753 3725 811 3769 nt
837 3715 1125 3784 imperium
1152 3714 1220 3767 ab
1246 3713 1367 3783 ipso
1393 3712 1636 3766 ablatum
1664 3720 1911 3767 transeat
1933 3713 1999 3765 ad
2028 3714 2178 3767 illum

606 3807 697 3861 cui
740 3806 1038 3860 invidebat.
1076 3803 1267 3859 Simile
1310 3803 1441 3872 quid
1483 3802 1654 3856 Paulo
1698 3811 1753 3857 et
1794 3803 1923 3858 Sila:
1955 3804 2176 3870 accidit,

608 3898 678 3952 de
723 3896 923 3966 quibus
966 3895 1165 3948 mulier
1212 3895 1480 3965 Pythonis
1522 3897 1770 3949 daemone
1812 3894 2039 3949 obsessa
2084 3909 2164 3948 ex-

607 3988 911 4042 clamavit:
953 4006 972 4038 ι
1008 3987 1274 4041 Altissimi
1326 3986 1421 4040 Dei
1465 3988 1609 4042 servi
1651 3995 1781 4042 sunt
1810 3987 1851 4040 ⁸.
1892 4005 1913 4039 ι
1960 3985 2178 4042 Etenim

610 4080 702 4133 ubi
741 4078 883 4133 Deus
913 4077 1168 4143 voluerit,
1202 4078 1367 4132 etiam
1410 4077 1688 4134 daemones
1735 4077 2021 4134 veritatem
2063 4079 2182 4135 elo-

608 4170 701 4239 qui
733 4177 1031 4239 coguntur.

680 4346 849 4401 Vsus.
891 4346 980 4404 12.
1047 4345 1305 4402 Dominus
1364 4348 1694 4416 omnipotens
1750 4358 1869 4405 erat
1924 4367 2043 4406 cum
2097 4367 2178 4406 eo.

610 4436 875 4507 Spiritum
929 4446 1181 4493 sanctum
1232 4439 1337 4492 hoc
1396 4439 1559 4494 modo
1620 4440 1958 4511 appellavit;
2016 4442 2182 4513 cujus

606 4530 773 4590 dono,
802 4535 857 4582 et
888 4528 1066 4598 gratia
1095 4526 1353 4599 dignatus
1384 4537 1523 4584 erat.

680 4618 840 4673 Vens.
873 4619 959 4673 i7.
995 4616 1119 4673 Non
1148 4620 1219 4673 sit
1262 4635 1450 4673 manus
1480 4636 1597 4674 mea
1635 4620 1691 4675 in
1731 4637 1828 4687 eo;
1856 4624 1945 4679 sed
1983 4639 2173 4679 manus

612 4711 1040 4767 Palestinorum.
1086 4710 1331 4767 Historia
1378 4712 1672 4767 consilium
1726 4724 1783 4769 et
1829 4717 2174 4786 propositum

610 4800 790 4855 S-ulis
834 4801 1093 4871 aperuit:
1131 4801 1449 4889 conjugium
1502 4802 1638 4859 illud
1689 4804 1922 4863 insidias
1980 4806 2174 4876 fuisse,

607 4907 717 4946 non
746 4892 1093 4948 beneﬁcium.

684 4980 848 5037 Vsus.
892 4982 983 5037 27.
1034 4982 1095 5038 Si
1139 4985 1367 5038 ducenta
1410 4984 1675 5055 prwputia
1731 4984 2170 5045 Palwstinorum.

608 5074 790 5139 Quare
827 5088 937 5128 non
976 5075 1193 5144 capita?
1219 5075 1515 5146 Propterea
1551 5077 1697 5149 quod
1730 5081 1942 5147 metuit,
1970 5096 2039 5136 ne
2073 5081 2176 5137 ali-

608 5172 743 5235 quot
781 5179 848 5219 ex
893 5165 1010 5220 suis
1052 5166 1453 5223 contribulibus
1492 5169 1819 5235 interfectis,
1856 5173 2037 5243 capita
2081 5188 2177 5230 eo-

609 5272 729 5310 rum
774 5256 1023 5324 all‘erret;
1059 5258 1415 5328 quamobrem
1452 5263 1716 5332 praputia
1766 5266 1921 5335 petit,
1960 5273 2020 5320 ut
2059 5282 2177 5321 ma-

611 5344 869 5401 nifestum
902 5348 975 5403 sit
1007 5347 1325 5405 Palaestinos
1351 5365 1495 5407 esse.

680 5487 704 5521 ⁴
732 5487 877 5544 Psal.
914 5505 990 5555 IX,
1027 5489 1113 5543 16.
1189 5493 1212 5525 ⁵
1237 5490 1427 5547 Matth.
1462 5508 1574 5558 xu,
1608 5493 1695 5549 I9.
1773 5494 1794 5527 ⁸
1817 5495 1941 5550 Act.
1970 5500 2185 5562 xvr,I7.

2290 604 2526 673 σταυροῦ
2564 605 2664 674 τῆς
2694 602 3007 674 τυραννίδος
3044 601 3291 665 ἐξέπεσε.
3324 600 3437 653 Καὶ
3480 597 3570 649 ἵνα
3599 596 3825 666 πληρωθῇ

2281 699 2365 761 τὸ,
2408 698 2498 751 Ἐν
2521 699 2634 761 τοῖς
2667 697 2851 768 ἔργοις
2886 695 2995 748 τῶν
3026 694 3224 765 χειρῶν
3261 692 3425 749 αὐτοῦ
3458 690 3763 759 συνελείφθη
3803 690 3826 741 6

2284 789 2627 861 ἁμαρτωλός.
2655 789 2717 845 C.
2739 788 2801 843 L.

2363 882 2498 949 Υἱὸς
2540 884 2705 949 τινος
2756 876 2991 947 οὗτοςό
3044 878 3323 945 νεανίας;
3375 875 3504 938 Πῶς
3533 873 3824 944 ἠγνόησενό

2284 975 2457 1029 Σαοὺλ
2486 974 2577 1030 τὸν
2610 974 2813 1041 Δαϐίδ;
2848 974 2907 1045 ἢ,
2946 974 3029 1027 ὃτι
3064 970 3323 1044 μεμηνὼς
3361 970 3462 1023 ούκ
3495 967 3744 1039 ᾐσθάνετο
3769 968 3823 1035 τῇ

2281 1067 2485 1139 κιθάρᾳ
2513 1066 2797 1139 χρωμένου
2822 1084 2837 1134 ;
2871 1066 2929 1136 ἢ,
2960 1066 3043 1119 ὅτι
3069 1066 3097 1118 6
3148 1063 3338 1133 φθόνος
3367 1060 3533 1118 αὑτὸν
3564 1058 3825 1130 παρεκίνηο

2282 1177 2375 1214 σεν
2412 1160 2657 1234 ἀκριϐῶς
2686 1159 2880 1232 μαθεῖν
2920 1160 3045 1214 ὅθεν
3090 1156 3274 1217 ὲστίνς

2357 1338 2577 1408 Ψυχὴν
2624 1335 2875 1408 ἀγαπῶν
2907 1334 3223 1390 τοσοῦτον.
3267 1332 3525 1395 ’Δκύλας,
3553 1328 3697 1384 κατὰ
3730 1328 3826 1397 τὴν

2279 1429 2494 1498 ψυχὴν
2520 1427 2728 1482 αὑτοῦ.
2769 1426 2943 1481 Τοῦτο
2965 1426 3022 1480 δὲ
3072 1425 3167 1479 καὶ
3212 1425 3241 1478 6
3267 1422 3407 1486 θεῖος
3456 1421 3621 1491 νόμος
3648 1435 3826 1489 παρεγ-

2280 1517 2389 1586 γυᾷ
2407 1530 2422 1547 ο
2456 1534 2475 1568 ι
2503 1515 2839 1586 Ἀγαπήσεις
2867 1515 2960 1570 τὸν
2980 1512 3208 1585 πλησίον
3245 1529 3363 1579 σου,
3383 1510 3461 1575 ὡς
3492 1509 3729 1564 σεαυτόν.
3749 1528 3765 1559 ι

2860 1698 3114 1756 ΚΕΦᾹΛ.
3157 1696 3266 1753 IH'.

2353 1792 2466 1849 Kal
2503 1794 2615 1848 τὸν
2653 1791 2953 1863 μανδύαν.
2986 1787 3139 1855 Εἶδος
3184 1787 3522 1859 ὲφεστρίδος.
3554 1783 3718 1857 Οἶμαι
3762 1786 3829 1849 δὲ,

2285 1884 2475 1955 φησὶν,
2527 1882 2855 1954 Ἀρκαδικὴν
2901 1878 3065 1944 εἷναι,
3100 1880 3134 1951 ἢ
3182 1878 3246 1932 τὸ
3289 1879 3443 1946 παρὰ
3483 1877 3594 1930 τῶν
3643 1876 3829 1930 πολλῶν

2283 1977 2505 2049 μαντίον
2565 1976 2876 2046 λεγόμενον.
2926 1976 2990 2029 Οί
3033 1974 3135 2044 μὲν
3169 1972 3575 2043 Ἐϐδομήκοντα
3629 1970 3831 2040 διερρω-

2280 2073 2418 2143 γὸτα
2449 2071 2581 2140 φασὶ
2635 2069 2704 2124 τὰ
2735 2070 2926 2140 ἱμάτια
2958 2067 3055 2121 τοῦ
3102 2066 3201 2138 τὴν
3243 2064 3527 2135 ἀναίρεσιν
3578 2062 3687 2118 τῶν
3732 2062 3832 2115 'nn

2279 2163 2489 2217 παίδων
2541 2162 2899 2233 μηνύσαντος.
2949 2157 3008 2212 '0
3043 2159 3101 2211 δὲ
3144 2156 3377 2220 Ἀκύλας
3441 2156 3535 2209 τὸν
3577 2153 3833 2224 pardum

2279 2254 2565 2322 ἐξέδωκεν.
2601 2253 2714 2307 Καὶ
2747 2253 2776 2305 6
2804 2252 2913 2306 τῶν
2942 2249 3250 2321 Ἀμανιτῶν
3279 2248 3531 2320 βασιλεὺς
3550 2246 3660 2299 τῶν
3689 2245 3835 2298 Δαϐὦ

2279 2345 2566 2417 πρέσϐεων
2599 2344 2773 2398 ἀνεῖλε
2807 2344 2917 2396 τῶν
2940 2338 3229 2411 μανδυῶν
3264 2341 3325 2394 τὸ
3365 2341 3561 2411 ήμισυ,
3600 2338 3705 2401 ἓως
3749 2336 3832 2404 τῆς

2279 2436 2551 2508 ἀναϐολῆς
2583 2435 2695 2491 τῶν
2726 2433 2912 2505 ἰσχίων
2946 2432 3147 2487 αὐτῶν.

2348 2612 2460 2668 Καὶ
2481 2611 2743 2665 ἐπέπεσε
2772 2608 3008 2677 πνεῦμα
3036 2605 3306 2674 πονηρὸν
3332 2603 3433 2660 ἐπὶ
3476 2603 3699 2669 Σαοὺλ,
3749 2602 3832 2656 καὶ

2280 2705 2712 2776 προεφήτευεν,
2733 2722 2787 2757 κ,
2810 2721 2861 2755 τ.
2887 2701 2933 2755 λ.
2968 2700 3308 2770 Ὀμωνύμως
3330 2714 3345 2729 ’
3366 2699 3462 2751 κοιλ⁸
3502 2696 3632 2759 τοὺς
3666 2694 3836 2765 ψευδοο

2280 2801 2560 2871 προφήτας
2588 2797 2697 2866 γὰρ
2748 2795 3031 2864 προφήτας
3061 2791 3225 2860 φησὶν
3247 2791 3281 2861 ή
3302 2790 3492 2860 Γραφή
3516 2804 3531 2819 ·
3561 2788 3657 2840 καὶ
3674 2788 3831 2847 θεοὺς,

2280 2890 2405 2951 τοὺς
2425 2887 2666 2958 ψευδωνύ
2676 2903 2829 2957 μους.
2848 2886 2910 2937 OI
2928 2884 2985 2937 δὲ
3003 2881 3574 2953 ψευδοπροφῆταιτοῖς
3590 2878 3830 2948 μαινομέο

2279 2998 2390 3045 νοις
2418 2980 2689 3051 ὲῴκησαν,
2724 2980 2905 3040 ὁποῖος
2928 2972 2995 3048 ἦν
3025 2978 3053 3028 ὁ
3075 2973 3279 3028 Σαούλ.
3322 2972 3468 3026 Ἀλλ’
3495 2973 3700 3033 ἐκεῖνος
3728 2972 3831 3039 μὲν,

2278 3073 2376 3143 τῆς
2409 3073 2558 3135 θείας
2582 3070 2931 3140 γεγύμνωται
2975 3067 3228 3138 χάριτοςο
3256 3065 3285 3117 6
3324 3064 3381 3117 δὲ
3410 3064 3599 3125 Δαϐὶδ,
3632 3062 3831 3131 ψάλλων

2281 3164 2380 3234 τὴν
2414 3165 2512 3232 μὲν
2542 3162 2638 3216 τοῦ
2685 3163 2938 3232 δαίμονος
2989 3159 3189 3213 ιιανίαν
3236 3155 3528 3225 ὲπράὓνεν,
3548 3154 3642 3207 τὸν
3664 3154 3719 3207 δὲ
3748 3152 3831 3205 τοῦ

2283 3253 2452 3306 Σαοὺλ
2483 3253 2759 3306 κατέπαυε
2785 3250 2979 3319 φθόνον

2353 3344 2465 3414 Ούχ
2494 3344 2577 3396 ὅτι
2608 3342 2666 3395 δὲ
2708 3341 3023 3411 [Ινεύματος
3048 3340 3204 3409 ἁγίου
3229 3339 3433 3409 τυχὼν,
3478 3337 3826 3410 προεφήτευε.

2280 3433 2404 3497 Πῶς
2433 3435 2541 3503 γὰρ
2573 3435 2632 3485 ὲν
2658 3432 2842 3503 ταὺτῷ
2866 3428 2933 3503 ἦν
2961 3428 3073 3485 οἷόν
3108 3450 3169 3485 τε
3201 3434 3441 3505 πονηροῦ
3474 3448 3535 3484 τε
3566 3432 3661 3485 καὶ
3689 3429 3829 3495 ἁγίου

2282 3527 2529 3597 μετέχειν
2548 3525 2902 3595 Πνεύματος;
2949 3524 3087 3578 Ἀλλ’
3121 3527 3205 3579 ὅτι
3248 3525 3310 3579 τὸ
3349 3525 3589 3596 πονηρὸν
3634 3520 3828 3590 πνεῦμα

2279 3620 2488 3687 πνίγων
2533 3618 2718 3682 αὐτὸν,
2754 3614 3135 3691 παρεσκεύαζε
3176 3627 3204 3668 Ρ
3250 3618 3481 3672 τοιαῦτα
3525 3616 3733 3670 λαλεῖν·
3762 3614 3826 3675 ὡς

2277 3710 2702 3782 ἀφαιρεθήσεται
2734 3710 2832 3781 μὲν
2863 3710 3021 3775 αὐτὸς
3050 3710 3149 3781 τὴν
3182 3709 3477 3781 βασιλείαν,
3514 3708 3825 3779 μεταστήσε-

2277 3819 2366 3854 ται
2390 3812 2420 3853 (ι
2444 3801 2501 3855 δὲ
2531 3804 2613 3866 εἰς
2654 3802 2863 3857 ἐκεῖνον
2892 3802 3016 3856 καθ’
3065 3797 3127 3856 οὒ
3152 3805 3181 3856 6
3211 3803 3423 3871 φθόνος.
3460 3797 3589 3855 Οἷον
3631 3800 3723 3854 καὶ
3748 3797 3826 3850 ἐπὶ

2277 3893 2487 3949 Παῦλον
2525 3895 2622 3948 καὶ
2663 3894 2858 3949 Σίλλαν
2886 3896 3123 3962 ἐγένετο,
3160 3898 3244 3965 ἐφ’
3271 3888 3346 3949 ὧν
3378 3898 3411 3965 ἡ
3447 3896 3511 3948 τὺ
3533 3894 3629 3948 τοῦ
3658 3892 3828 3945 Πύθω-

2276 4003 2367 4049 νος
2411 3984 2609 4056 ἔχουσα
2652 3986 2891 4056 πνεῦμα,
2929 3987 3089 4041 ἐϐόα·
3133 4006 3153 4039 ι
3177 3988 3302 4040 Ὅτι
3338 3986 3516 4040 δοῦλοι
3562 3984 3657 4039 τοῦ
3706 3982 3826 4036 Θεοῦ

2276 4079 2371 4133 τοῦ
2420 4079 2647 4149 ὑψίστου
2688 4081 2815 4136 είσί.
2845 4100 2865 4133 ι
2899 4079 3036 4135 θεοῦ
3078 4081 3189 4152 γὰρ
3220 4080 3568 4153 βουλομένου,
3605 4077 3828 4144 ἀναγκά-

2279 4171 2463 4236 ζονται
2514 4172 2614 4226 καὶ
2668 4171 2738 4226 τὰ
2787 4172 3040 4244 δαιμόνια
3084 4172 3367 4245 ὁμολογεῖν
3406 4171 3507 4241 τὴν
3564 4169 3827 4241 ἀλήθειαν.

2349 4350 2460 4407 Kal
2489 4351 2704 4421 Κύριος
2737 4351 3156 4422 παντοκράτωρ
3177 4346 3258 4423 ἦν
3280 4351 3408 4421 μετ’
3443 4350 3654 4409 αὐτοῦ.
3684 4347 3834 4402 Οὕτω

2278 4441 2341 4495 τὸ
2359 4442 2625 4511 πανάγιον
2650 4442 2900 4515 ὠνόμασε
2933 4442 3173 4514 Πνεῦμα.
3205 4441 3422 4513 Ταύτης
3449 4441 3563 4512 γὰρ
3584 4435 3655 4511 ἦν
3675 4438 3835 4510 ἠξιω-

2206 4538 2251 4595 D
2283 4532 2441 4603 μένος
2465 4533 2563 4602 τῆς
2588 4531 2833 4604 χάριτος.

2350 4622 2450 4692 Μὴ
2484 4623 2641 4679 ἔστω
2689 4623 2729 4691 ή
2785 4623 2917 4693 χείρ
2959 4640 3078 4694 μου
3122 4623 3217 4678 ἐπ’
3267 4624 3448 4691 αὐτῷ,
3504 4625 3649 4681 ἀλλ’
3686 4624 3839 4679 ἔστω

2277 4717 2369 4773 ἐπ’
2400 4715 2561 4783 αὑτῷ
2587 4718 2628 4786 ἠ
2662 4717 2793 4787 χείρ
2816 4715 2942 4774 τῶν
2959 4717 3344 4788 ἀλλοφύλων.
3367 4719 3613 4784 Ἔδειξεν
3641 4722 3676 4793 η
3700 4722 3838 4771 ἱστο-

2282 4809 2370 4881 ρία
2404 4808 2501 4862 τοῦ
2534 4809 2706 4862 Σαοὺλ
2748 4807 2841 4863 τὸν
2893 4808 3124 4877 σκοπὸν,
3158 4809 3233 4874 ὡς
3276 4810 3572 4881 ἐπιϐουλῆς
3610 4807 3699 4883 ἦν,
3736 4810 3833 4863 οὐκ

2279 4899 2615 4971 εὐεργεσίας,
2642 4899 2673 4952 6
2694 4900 2894 4969 γάμος.

2364 4995 2521 5050 Ἀλλ’
2551 4994 2592 5064 ἢ
2631 4994 2851 5049 ἑκατὸν
2877 5005 2900 5034 ι’
2919 4996 3320 5067 ἀκροϐυστίας
3338 4994 3827 5068 ἀλλοφύλων.ὼά

2276 5086 2331 5141 τί
2365 5087 2440 5159 μὴ
2482 5087 3123 5163 κεφαλὰς;Ἐπειδήπερ
3167 5090 3545 5158 ὑπώπτευσεν,
3594 5094 3675 5146 ὃτι
3722 5088 3825 5142 τῶν

2276 5178 2563 5249 ὁμοφύλων
2592 5180 2747 5244 τινὰς
2764 5180 2991 5249 ἀνελὼν,
3029 5183 3166 5237 οἴσει
3196 5184 3403 5238 τούτων
3435 5185 3534 5247 τὰς
3571 5182 3816 5253 κεφαλάς

2281 5267 2358 5324 Ub
2395 5271 2462 5343 δὴ
2493 5273 2658 5345 χάριν
2684 5272 2787 5339 τὰς
2812 5274 3184 5345 ἀκροϐυστίας
3208 5277 3383 5348 ζητεῖ,
3412 5277 3442 5330 6
3471 5276 3620 5348 δηλοῖ
3648 5278 3703 5328 τὸ
3731 5274 3821 5328 ἀλ-

2282 5363 2533 5435 λόφυλον,

1869 5608 2106 5666 νΑιιιλΕ
2146 5611 2550 5672 LECTIONES.

623 5728 634 5787 ὲ
665 5692 1749 5787 ξηςιξριρὲιάξρὶὶοςὶΪῇςγΔύγκΞώδ..
1777 5700 1859 5753 Τὰ
1882 5704 2047 5787 μδτὰ.
2075 5706 2130 5758 δέ
2170 5711 2276 5787 είσι
2327 5713 2435 5787 τοῖς
2482 5710 2573 5787 τού
2601 5710 2905 5787 βεοδῳρίτ.
2982 5723 3011 5763 P
3043 5714 3264 5769 Ἑποίει.
3290 5714 3347 5787 Ὀ
3372 5719 3469 5787 τῆς
3494 5717 3617 5783 Αὐγ.
3676 5713 3791 5770 κώδο

606 5761 1149 5853 ίδξὸᾲ
1180 5761 1559 5853 φρριρὺιὶενοςί
1597 5772 1808 5853 Ὀιαύτ.
1936 5773 1992 5828 In
2030 5775 2274 5853 Lavateri
2308 5761 2940 5838 («Mitte—videtur

621 5832 784 5885 Iectio
802 5834 1025 5899 melior;
1055 5844 1107 5889 et
1130 5850 1159 5889 a
1198 5832 1494 5893 Bibliorum
1520 5842 1621 5896 hoc
1650 5842 1770 5897 loco
1795 5848 1945 5897 textu
1982 5851 2390 5916 comprobatur.
