4058 6504
275 351 420 416 1105

1294 368 1826 437 COMMENTARII
1868 344 1948 436 In
1979 378 2177 439 LIB.I
2217 382 2486 443 REGUM

3327 397 3331 401 ’
3394 392 3533 456 ΗΟδ

358 468 500 521 Ἀλλ’
536 470 687 541 ὅμως
712 471 894 547 φθόνῳ
934 475 1204 534 δουλεύων
1228 483 1255 534 ὁ
1295 483 1468 537 Σαοὺλ
1492 486 1586 539 τὸν
1616 488 1711 542 τοῦ
1740 493 1840 543 Δα-

2023 492 2276 561 Attamen
2309 495 2529 551 invidiae
2559 496 2850 569 indulgens
2883 500 3013 557 Saul
3048 515 3279 559 mortem
3311 505 3531 561 Davidis

268 560 359 613 ὄὶδ
403 562 642 634 ἐτήρησε
704 564 959 624 θάνατον.
1000 570 1130 624 Ὅτε
1185 573 1241 627 δὲ
1290 575 1566 634 σέσωσται
1614 580 1703 635 διὰ
1751 582 1854 651 τῆς

264 653 512 725 Μελχολ,
552 652 653 731 ᾖσε
694 659 785 712 τὸν
822 668 903 733 νη¹
932 661 1149 733 ψαλμόν
1174 682 1188 696 ⁸
1231 686 1249 718 ι
1292 668 1510 737 Ἐξελοῦ
1552 690 1621 742 με
1651 675 1715 727 ὲκ
1745 673 1855 727 τῶν

263 744 486 818 ἐχθρῶν
512 767 637 819 μου,
670 751 872 817 ὁΘεός.
907 772 928 808 ι
961 753 1024 813 C.
1050 755 1115 813 L.

348 920 724 1017 Ὅμοιονᾉτῷ·
761 947 781 981 ι
816 931 945 986 Ἐάν
977 935 1062 997 τίς
1093 952 1153 990 σε
1187 939 1514 1015 ἀγγαρεύσῃ
1557 948 1739 1015 μίλιον
1766 950 1845 1017 ἒν,

267 1008 458 1108 ὕπαγε
493 1015 610 1108 μετ’
640 1018 805 1108 αύτοῦ
827 1020 977 1108 νδύω.
1004 1043 1023 1077 ι
1066 1008 1448 1087 Ἐπιτάττεται
1621 1040 1649 1093 ὁ
1683 1008 1851 1096 Δαὸὶὲ

266 1098 757 1198 φονεῦσαιῌὲκατδν
786 1107 1147 1180 ἀλλοφύλους,
1172 1119 1267 1171 καὶ
1306 1098 1618 1190 διακοσίους
1640 1129 1847 1198 ἀνεῖλε,

268 1194 613 1248 καταπατῶν
643 1197 742 1267 τὴν
766 1199 863 1253 τοῦ
910 1203 1085 1259 Σαοὺλ
1111 1208 1402 1281 ἐπήρειαν,
1438 1216 1581 1272 κατὰ
1619 1220 1717 1291 τὴν
1754 1222 1849 1277 τοῦ

268 1279 437 1351 λόγου
465 1283 696 1343 ἔκδοσιν.
733 1288 798 1345 C.
832 1290 894 1347 L.

265 1555 637 1648 ιιρρξςώματα
659 1562 844 1631 φησὶν,
874 1568 969 1620 καὶ
1006 1568 1067 1622 τὸ
1086 1565 1242 1645 ἧπαρ
1272 1577 1383 1632 τῶν
1415 1581 1609 1648 αίγῶν,
1645 1585 1707 1638 τὸ
1738 1555 1849 1639 πᾶν

264 1643 477 1739 πλῆθος
498 1649 599 1739 καὶ
627 1657 1062 1730 στρογγύλωμα
1102 1643 1330 1735 τριχῶν,
1366 1643 1755 1739 φυγαδεύσασα
1789 1678 1848 1731 δὲ

259 1734 360 1837 τον
395 1737 583 1837 Δαὸλδ,
610 1741 709 1837 τῂν
737 1745 925 1819 κλίνην
954 1750 1037 1813 είς
1066 1734 1477 1826 ἀρρῶστοῦντος
1511 1763 1844 1837 ἐσχημάτισε

258 1828 743 1929 τύπονϋματίων
788 1838 887 1906 μὲν
941 1841 1147 1912 πλῆθος
1177 1847 1535 1920 ἐπιϐαλοῦσα,
1567 1828 1841 1929 στρογγύ-
1874 1839 1915 1893 Β

259 1916 426 1985 λωμα
458 1920 517 1973 δὲ
563 1925 765 1995 τριχῶν
803 1929 1067 1986 ὑποθεῖσα
1103 1938 1216 1999 τοῖς
1263 1916 1530 2010 ἱματίοις,
1571 1916 1724 2000 ὥὲτέ
1750 1916 1841 2014 μι-

260 2011 489 2111 μεῖσθαι
518 2014 617 2111 τὴν
647 2020 911 2111 κεφαλήν.
950 2025 1107 2089 Τινὲς
1138 2029 1198 2082 δὲ
1242 2034 1597 2106 μορφώματα
1624 2038 1724 2111 τὴν
1750 2011 1839 2095 ἐι-

256 2098 398 2205 κύνα
430 2103 561 2205 φασὶ
587 2104 683 2159 τοῦ
710 2109 897 2178 Δαϐὶδ,
920 2113 986 2185 ἧν
1008 2119 1119 2181 τοῖς
1145 2098 1381 2189 ἱματίοις
1409 2098 1839 2205 ἐκάλυψε,’πλὴν

256 2193 539 2295 ἐνίων-τοῦ
567 2199 866 2271 προσώπου
894 2207 1121 2277 μορίων.
1142 2211 1214 2264 Τὸ
1236 2212 1294 2267 δὲ
1324 2216 1431 2269 τῶν
1462 2193 1634 2289 αἰγῶν
1654 2193 1833 2295 ἦτωρ,

252 2282 647 2387 ἐπειδή.φασιν
669 2292 801 2346 αύτό
823 2310 968 2361 τινες
989 2302 1255 2357 κινεῖσθαι
1283 2306 1446 2379 μέχρι
1470 2282 1665 2367 πολλοῦ
1682 2282 1839 2387 ’μετά

251 2376 361 2444 τὴν
392 2376 488 2430 τοῦ
524 2379 666 2444 ζώου
701 2387 937 2458 σφαγήν.

331 2470 441 2569 καὶ
464 2471 701 2569 ἐγένετο
739 2476 839 2533 ἐπὶ
884 2480 1028 2549 τοὺς
1051 2483 1347 2556 ἀγγέλους
1375 2493 1576 2549 Σαοὺλ
1602 2498 1837 2569 πνεῦμα

257 2560 437 2626 Θεοῦ,
452 2564 549 2617 καὶ
566 2571 1047 2639 προεφήτευσαν.
1068 2579 1195 2642 Πῶς
1214 2573 1363 2636 οὗτοι
1394 2592 1833 2659 προφητεύουσι;

254 2652 383 2717 πῶς
417 2655 474 2708 δὲ
501 2659 595 2711 καὶ
626 2660 799 2715 Σαοὺλ
828 2663 1092 2738 ὕστερον;
1125 2672 1381 2745 Διάφορα
1411 2652 1591 2734 τοίνυν
1616 2682 1708 2737 τοῦ
1742 2652 1839 2738 Ae;

258 2745 466 2845 σπύτου
500 2748 569 2803 τὰ
621 2751 894 2825 θήρατρα.
928 2759 1067 2825 Τοὺς
1117 2762 1216 2831 μὲν
1249 2764 1358 2837 γὰρ
1420 2767 1487 2822 δι’
1531 2771 1836 2845 ἀνθρώπων

255 2835 524 2934 (ipsum?
574 2844 701 2907 τοὺς
768 2845 826 2899 δὲ
894 2848 1130 2923 ἁορασίᾳ
1203 2835 1444 2925 Θηρεήύει.
1503 2835 1682 2934 Ὅπερ
1743 2868 1836 2921 ἐπὶ

268 2929 583 3030 Ἱξλισσαίου
628 2938 943 3030 γεγένηται.
973 2942 1207 3013 Τούτους
1256 2949 1313 3004 δὲ
1354 2952 1444 3008 διὰ
1491 2929 1837 3030 προφήτικῆς

254 3020 487 3091 χάριτος
515 3025 606 3081 τὸν
634 3028 801 3083 Δαὸὶδ
844 3032 1164 3091 ἀποκτεῖναι
1195 3040 1496 3098 κεκώλυκε.
1529 3020 1638 3100 kat
1664 3020 1837 3105 έαοίλλ

1957 595 2174 650 semper
2222 585 2408 640 animo
2456 586 2731 644 volvebat.
2778 588 2881 656 Qui
2928 603 3285 664 posteaquam
3323 597 3530 651 auxilio

1955 675 2187 731 Melchol
2243 680 2431 737 salvus
2481 690 2767 750 evaserat,
2813 684 3331 756 quinquagesimum
3376 696 3529 742 oeta-

1954 781 2079 821 vum
2136 770 2336 826 cecinit
2383 774 2655 843 psalmum
2692 792 2707 829 :
2752 792 2772 826 ι
2815 774 2977 847 Eripe
3031 793 3118 834 me
3167 779 3238 836 de
3284 779 3527 836 inimicis

1954 857 2113 921 meis,
2148 859 2291 917 Deus
2325 878 2479 919 meus
2507 864 2552 917 τ.
2588 883 2607 916 ι

2025 949 2217 1007 Simile
2266 962 2351 1008 est
2397 954 2476 1008 illi
2526 954 2675 1010 dicto
2704 974 2721 1009 :
2756 973 2774 1006 ι
2810 953 2868 1012 Si
2899 957 3025 1027 quis
3062 969 3115 1014 te
3155 960 3527 1031 angariaverit

1955 1057 2125 1097 unum
2176 1045 2433 1113 milliare,
2463 1046 2601 1102 vade
2644 1063 2769 1103 cum
2818 1063 2885 1103 eo
2910 1050 2997 1104 vel
3019 1049 3133 1103 duo
3155 1050 3197 1106 ⁸.
3232 1070 3250 1102 ι
3278 1050 3525 1120 Namque

1953 1133 2119 1188 David
2151 1145 2370 1191 centum
2398 1136 2733 1207 alienigenas
2765 1138 3072 1196 interiicere
3097 1142 3305 1210 iussus,
3329 1143 3527 1199 ducen-

1949 1231 2036 1279 tos
2070 1225 2293 1293 occidit,
2328 1242 2437 1281 non
2485 1228 2667 1284 habita
2711 1227 2898 1286 Saulis
2946 1232 3253 1289 insolentiae
3289 1235 3520 1301 ratione,

1952 1322 2010 1370 ut
2040 1316 2269 1372 historia
2300 1317 2489 1373 refert.

2567 1409 2726 1465 CAP.
2762 1410 2906 1467 XIX.

2013 1496 2177 1554 Vsus.
2212 1500 2300 1556 i5.
2336 1500 2540 1557 Micltol
2579 1504 2773 1572 accepit
2817 1505 3150 1575 cenotap/tia,
3184 1515 3291 1563 etc.
3325 1507 3519 1578 Aquila

1951 1589 2317 1662 μορφώματα,
2352 1591 2400 1646 id
2446 1601 2530 1648 est
2580 1594 2784 1664 ﬁguras
2834 1594 2989 1660 dicit,
3023 1605 3078 1651 et
3122 1598 3289 1667 hepar
3329 1615 3521 1669 capra-

1948 1698 2094 1748 rum,
2126 1698 2458 1754 omnemque
2491 1686 2923 1750 multitudinem,
2953 1696 3009 1743 et
3049 1690 3521 1753 convolutionem,

1949 1773 2368 1843 στρογγύλωμα,
2402 1774 2659 1844 pilorum.
2699 1774 2939 1833 Dimisso
2987 1794 3117 1833 vero
3160 1778 3383 1843 Davide,
3446 1782 3521 1836 Ie-

1943 1871 2093 1918 ctum
2141 1865 2473 1934 composuit,
2506 1872 2767 1936 tanquam
2811 1869 3157 1938 mgrotantis,
3198 1870 3368 1923 multa
3418 1873 3521 1925 itu-

1940 1968 2151 2024 ponens
2209 1954 2556 2020 vestimenta,
2591 1944 3006 2014 conversionem
3061 1961 3228 2015 etiam
3280 1962 3517 2030 pilorum

1940 2046 2195 2116 ponendo
2243 2046 2347 2102 sub
2392 2058 2593 2111 vestes,
2625 2047 2856 2114 idolum,
2894 2061 3088 2120 praeter
3131 2053 3397 2122 quasdam
3446 2054 3520 2110 fa-

1938 2138 2041 2192 ciei
2086 2148 2290 2208 partes,
2330 2139 2595 2196 contexit.
2624 2140 2927 2210 Caprarum
2956 2152 3137 2197 autem
3169 2142 3338 2213 hepar
3370 2144 3518 2196 adhi-

1938 2228 2085 2294 buit,
2133 2243 2198 2283 eo
2252 2230 2397 2297 quod
2449 2228 2673 2298 quidam
2725 2231 2943 2296 dicant,
2998 2238 3240 2287 mactato
3291 2233 3514 2288 animali

1938 2324 2086 2395 longi
2122 2325 2381 2395 temporis
2414 2326 2593 2396 spatio
2623 2326 2909 2397 palpitarc.

2011 2505 2169 2561 Vsus.
2213 2506 2300 2561 ΞΟ.
2347 2504 2414 2561 Et
2451 2507 2587 2561 venit
2630 2522 2785 2574 super
2818 2508 3031 2561 nuntios
3079 2505 3263 2563 Saulis
3293 2508 3513 2577 spiritus

1941 2594 2067 2659 Dei,
2112 2606 2163 2650 et
2218 2598 2621 2665 prophetarum.
2680 2597 2969 2663 Quomodo
3025 2599 3102 2654 illi
3160 2601 3510 2670 prophetaut,

1936 2686 2211 2755 quomodo
2260 2696 2446 2757 postea
2492 2687 2664 2743 Saul?
2696 2687 2856 2743 Varia
2893 2690 3082 2760 utique
3130 2691 3348 2746 Domini
3385 2701 3513 2748 sunt

1940 2782 2100 2838 retia.
2131 2783 2410 2849 Quosdam
2445 2785 2589 2839 enim
2626 2772 2911 2838 hominum
2946 2800 3138 2855 opera,
3174 2798 3228 2842 et
3262 2787 3512 2841 ministe-

1940 2874 2024 2927 rio
2052 2874 2233 2941 capit;
2262 2874 2532 2942 quosdam
2564 2874 2811 2930 caecitate
2840 2884 3085 2931 venatur.
3116 2874 3171 2930 ld
3195 2879 3340 2947 quod
3368 2881 3511 2935 acci-

1937 2963 2018 3019 dit
2050 2965 2391 3034 temporibus
2435 2966 2640 3021 Elisaai.
2682 2966 2809 3020 lllos
2857 2975 3036 3021 autem
3089 2983 3185 3037 per
3233 2969 3512 3038 propheti-

1937 3070 2059 3109 cam
2103 3056 2338 3127 gratiam
2382 3057 2639 3113 Davidem
2684 3059 2994 3113 interﬁcere
3040 3059 3338 3129 prohibuit.
3381 3058 3510 3112 Saul

254 3112 342 3175 δὲ,
396 3115 536 3181 μετὰ
585 3118 793 3185 πάντας
850 3123 1056 3194 ἐλθὼν,
1116 3129 1225 3185 τῶν
1269 3134 1371 3204 τῆς
1424 3136 1836 3211 φιλανθρωπίας

258 3207 518 3236 η-ειυειιι..-.
565 3209 779 3236 2--..5'.-.
850 3217 953 3236 πη
1124 3220 1136 3236 ο
1292 3227 1306 3236 .
1449 3228 1460 3236 .

1942 3149 2128 3212 etiam,
2160 3150 2253 3216 qui
2291 3158 2414 3218 post
2457 3164 2651 3204 omnes
2679 3150 2848 3214 venit,
2883 3150 3241 3204 humanitatis
3271 3150 3511 3205 vinculis

258 3207 523 3311 τυγγίάνει
563 3209 799 3311 δεσμῶν.
850 3217 1193 3292 Προφητεύει
1249 3227 1350 3297 μὲν
1400 3228 1533 3302 γὰρ,
1588 3207 1706 3288 ἀλλ’
1737 3237 1834 3308 οὐχ

1943 3238 2191 3296 irretitus
2232 3248 2339 3297 est.
2382 3240 2682 3311 Prnphetat
2730 3244 2898 3309 enim,
2944 3243 3039 3298 sed
3082 3257 3188 3295 non
3232 3242 3511 3305 similiter,

254 3297 484 3398 ὁμοίωςΔ
515 3304 665 3398 τοῖς*
688 3304 889 3398 ἄλλοις.
930 3311 1172 3381 Ἀνάξιος
1200 3318 1309 3395 γὰρ
1350 3320 1425 3374 ὣν
1459 3297 1558 3396 τῆς
1590 3297 1833 3398 χάριτος,

257 3389 573 3487 γυμνωθεὶς
600 3392 702 3487 τῆς
736 3395 967 3468 ἐσθῆτος
1004 3389 1345 3475 πανημέριος
1383 3389 1833 3487 ἔκειτοίζίέδήλου

351 3479 416 3573 το
438 3480 628 3554 σχῆμα
653 3485 754 3557 τὴν
776 3487 877 3558 τῆς
907 3488 1185 3559 βασιλείας
1208 3498 1519 3571 ἀφαίρεσιν.
1543 3504 1654 3558 Καὶ
1680 3478 1835 3573 δίκας

255 3568 317 3622 δὲ
351 3570 490 3626 τίνει
523 3574 617 3629 τοῦ
653 3580 1001 3649 προφητικοῦ
1039 3568 1464 3661 καταφρονήσας
1493 3568 1830 3666 πνεύματοςξ

376 3667 489 3765 γαρ
516 3671 857 3765 κατὰγΔαὸὶδ
894 3679 1029 3749 ὀργῇ
1080 3680 1144 3733 τὸ
1179 3682 1322 3738 Θεϊον
1356 3684 1547 3758 ὕϐρισε
1588 3664 1830 3765 Πνεῦμα.

268 3755 556 3852 ΪΕντεῦθεν
583 3762 641 3815 δὲ
668 3764 849 3835 δῆλον,
877 3767 951 3831 ὡς
982 3771 1011 3822 ὁ
1050 3770 1397 3843 κολλώμενος
1428 3755 1635 3847 -ἁγίοις,
1679 3755 1835 3852 ἅγιος

254 3846 451 3947 ἔσται,
480 3850 583 3906 κᾶν
614 3854 881 3947 πρόῌτερον
988 3863 1243 3935 πονηρός.
1276 3866 1385 3920 Καὶ
1428 3846 1662 3939 μάλιστα
1682 3913 1699 3941 ,
1727 3846 1738 3852 ⁷
1756 3846 1832 3947 μή

254 3939 645 4015 παλινδρομῶν
669 3944 825 4015 αὖθις
851 3952 947 4007 ἐπὶ
976 3953 1045 4009 τὰ
1070 3956 1338 4029 πρότερα.

854 4129 1104 4189 ΚΕΦΔΛ.
1143 4134 1235 4191 Κ’.

330 4216 741 4306 Ἀποκαλύψει
764 4220 829 4275 τὸ
862 4221 1040 4278 ὠτίον
1066 4242 1202 4294 μου.
1232 4225 1553 4303 Σύμμαχος,
1580 4231 1722 4289 Ἐὰν
1743 4233 1830 4306 μὴ

252 4305 507 4376 δηλώσῃ
537 4311 624 4375 είς
644 4310 840 4380 ἀκοήν
862 4331 1003 4384 μου.
1036 4315 1101 4371 C.
1128 4315 1194 4372 L.

326 4398 420 4461 Τὸ,
461 4400 915 4472 Ἐμπέπλησται
930 4408 1160 4475 μεταξὺ
1181 4407 1349 4479 ἐμοῦ,
1383 4414 1476 4468 καὶ
1491 4414 1640 4488 ἑξῆς,
1664 4417 1827 4473 ’Δκύ-

1943 3338 2001 3384 ιιι
2034 3330 2253 3402 reliqui.
2284 3331 2544 3401 Indignus
2577 3332 2723 3386 enim
2758 3332 2953 3403 gratia,
2984 3339 3137 3387 veste
3166 3340 3363 3387 exutus
3399 3339 3512 3386 tota

1940 3421 2030 3477 die
2054 3423 2296 3493 jacebat.
2334 3422 2566 3479 llabitus
2613 3432 2794 3478 autem
2845 3424 2935 3479 ille
2984 3424 3133 3496 regni
3181 3424 3510 3479 ablationem

1941 3513 2310 3583 signiﬁcabat.
2337 3514 2536 3570 Poenas
2562 3500 2693 3569 item
2718 3515 2869 3570 dedit
2891 3524 3115 3585 propter
3139 3524 3511 3585 contemptum

1942 3603 2246 3674 prophetici
2288 3606 2539 3674 Spiritus.
2590 3604 2672 3658 Ira
2708 3605 2853 3661 enim
2888 3615 3079 3660 contra
3121 3605 3397 3672 Davidem,
3428 3607 3513 3660 di-

1940 3694 2125 3748 vinum
2169 3693 2435 3764 Spiritum
2486 3696 2825 3751 contumelia
2879 3697 3077 3755 all‘ecit.
3132 3700 3275 3752 Hinc
3326 3709 3508 3751 autem

1939 3782 2291 3837 manifestum
2319 3791 2404 3839 est
2460 3785 2628 3852 quod,
2657 3784 2746 3851 qui
2776 3787 2983 3840 sanctis
3012 3787 3270 3852 adhaarct,
3299 3797 3349 3841 ct
3380 3804 3512 3841 con-

1939 3884 2210 3940 versatur,
2250 3882 2478 3929 sanctus
2511 3874 2764 3939 eilicitur,
2795 3878 2898 3931 etsi
2943 3886 3068 3931 ante
3104 3878 3284 3935 mulus
3324 3878 3508 3934 fuerit.

1938 3962 2108 4035 quue
2155 3971 2270 4021 tum
2311 3965 2568 4033 maxime,
2600 3966 2648 4023 si
2697 3966 2769 4023 ad
2816 3967 3007 4040 priora
3048 3970 3229 4027 denuo
3273 3986 3381 4028 non
3425 3987 3513 4028 re-

1938 4067 2146 4113 currat.

2584 4149 2738 4207 CAP.
2789 4149 2909 4207 XX.

2008 4242 2173 4299 Vens.
2210 4243 2297 4299 15.
2332 4242 2516 4315 Neque
2540 4243 2793 4299 reuelabit
2826 4247 3049 4303 auribus
3080 4249 3231 4304 meis.
3262 4248 3510 4321 Symma-

1939 4336 2099 4403 chus,
2134 4334 2260 4392 Nisi
2289 4336 2603 4392 indicaverit
2633 4338 2845 4392 auditui
2870 4356 3002 4396 meo.

2008 4427 2136 4492 Pro,
2188 4427 2449 4496 lmpletur
2505 4430 2645 4484 inter
2690 4446 2794 4496 me,
2840 4442 2948 4488 etc.
2995 4432 3195 4502 Aquila
3246 4442 3301 4486 et
3349 4432 3507 4504 Sym-

253 4489 355 4595 λαις
385 4491 490 4592 καὶ⁹
502 4491 804 4595 Σύμμναχος
827 4502 884 4595 ⁵,
898 4496 1082 4595 ε’ριγον
1108 4499 1284 4572 ,ϐῆμα
1316 4503 1660 4576 ἀναμεταξὺ
1683 4509 1831 4580 ἐμοῦ

1942 4519 2165 4576 machus
2194 4519 2399 4577 habent
2430 4539 2444 4576 :
2478 4521 2751 4589 Quantum
2775 4524 2975 4595 gradus
3010 4525 3147 4578 inter
3178 4541 3258 4579 me
3290 4534 3338 4579 et
3363 4542 3506 4578 mor-

254 4579 354 4631 καὶ
384 4580 493 4635 τοῦ
523 4582 808 4639 θανάτου.
845 4584 909 4641 C.
936 4586 997 4644 L.

340 4671 643 4742 Ἠγάπησε
690 4676 905 4747 ψυχὴν
940 4681 1293 4751 ἀγαπῶντος
1332 4685 1536 4744 αὐτόν.
1585 4689 1837 4759 Ἀκύλας,

254 4760 421 4816 Κατὰ
448 4764 568 4833 τὴν
590 4766 802 4836 ψυχὴν
833 4771 1041 4826 αὑτοῦ.
1071 4770 1135 4828 C.
1164 4771 1229 4829 L.

330 4852 427 4919 Τὸ,
475 4856 990 4926 Ἔπισκεπήσεται
1010 4861 1049 4930 ή
1071 4862 1329 4934 καθέδρα
1352 4882 1493 4935 σου,
1512 4868 1835 4944 Σύμμαχος,

254 4946 692 5013 Ζητηθήσεται.
739 4950 803 5005 C.
837 4951 897 5006 L.

328 5037 373 5091 Τ
365 5042 746 5109 ρισσεύσεις.
774 5044 1031 5113 Ἀκύλας,
1054 5049 1212 5118 τρεῖς
1232 5052 1457 5123 ἡμέρας
1478 5055 1797 5126 ἀναμενεῖς
1817 5075 1831 5090 ·

248 5130 341 5185 διὰ
369 5131 426 5186 τί
450 5132 507 5186 δὲ
534 5134 611 5203 τῷ
634 5136 799 5189 Δαϐὶδ
827 5136 916 5192 διὰ
948 5139 1118 5209 βελῶν
1140 5144 1307 5214 ἧγουν
1331 5147 1593 5201 ἀκοντίων
1614 5149 1713 5221 τὴν
1738 5151 1834 5205 τοῦ

250 5224 497 5294 πατέρος
530 5227 804 5298 ἐμήνυσεν
855 5230 1113 5287 ’Ῑωνάθαν
1166 5237 1498 5310 ὲπιὸουλήν;
1538 5243 1702 5307 Τινὲς
1745 5244 1832 5299 διὰ

248 5316 343 5371 τὸν
377 5319 591 5391 »ἱκέτην
609 5322 798 5390 φασὶν,
830 5322 918 5378 ἵνα
952 5325 1025 5397 μὴ
1045 5327 1191 5399 μάοῃ
1227 5329 1296 5382 τὰ
1324 5333 1661 5403 μηνυόμενα.
1687 5334 1831 5389 Ἀλλ’

251 5407 381 5480 ἐξῆν
406 5412 502 5465 καὶ
530 5412 676 5483 μόνῳ
704 5416 1119 5487 παραγενέσθαι
1143 5436 1156 5450 ο
1190 5418 1307 5474 ἀλλ’
1333 5423 1432 5476 ούκ
1462 5423 1527 5478 ἂν
1556 5424 1657 5497 τὴν
1718 5427 1823 5481 ύπ-

327 5587 348 5612 "
384 5585 530 5644 Psal.
565 5591 781 5657 Lva.
857 5594 879 5624 ⁸
912 5592 1102 5651 Matth.
1132 5613 1187 5659 v,
1221 5597 1313 5652 41.

1938 4620 2037 4666 tem
2047 4647 2063 4664 .

2010 4699 2176 4756 Vens.
2212 4701 2300 4756 17.
2335 4700 2600 4772 Diligebat
2637 4703 2874 4758 animam
2914 4703 3029 4773 ejus
3061 4704 3150 4774 qui
3179 4704 3352 4772 ipsum
3382 4704 3508 4760 dili-

1932 4789 2103 4860 gebat.
2139 4792 2353 4859 Aquila,
2384 4793 2462 4844 uti
2500 4808 2654 4846 suam
2688 4795 2943 4848 animant.

2006 4880 2130 4944 Pro,
2180 4880 2496 4951 Contegetur
2525 4882 2693 4937 sessio
2739 4892 2832 4937 tua
2865 4924 2881 4950 ,
2928 4882 3294 4956 Symmachus
3323 4886 3507 4952 habet,

1932 4971 2271 5042 Requiretur.
3291 4988 3301 4997 '

2006 5062 2377 5131 Τρισσεύσεις.
2433 5063 2655 5134 Aquila,
2704 5066 2871 5121 tribus
2926 5066 3111 5124 diebus
3158 5070 3505 5139 exspectabis.

1931 5155 2112 5222 Quare
2161 5164 2344 5211 autem
2396 5154 2670 5212 Jouathan
2725 5174 2821 5227 per
2861 5160 3068 5230 jactum
3125 5162 3379 5227 tclorum,
3413 5169 3510 5215 aut

1931 5248 2429 5316 ccrtejaculorum,
2461 5248 2652 5304 Davidi
2691 5253 2869 5322 patris
2897 5252 3126 5307 insidias
3174 5251 3508 5306 declaravit?

1931 5340 2163 5407 Quidam
2195 5350 2412 5410 propter
2444 5356 2664 5396 servum
2696 5342 2890 5396 dicunt
2917 5342 3029 5396 haec
3062 5340 3204 5395 facta
3235 5357 3382 5409 esse,
3417 5359 3504 5408 nc,

1937 5430 2070 5499 quid
2093 5430 2519 5501 signiﬁcaretur,
2541 5440 2923 5500 cognosceret.
2951 5434 3021 5485 At
3052 5432 3321 5501 potuisset
3356 5435 3508 5489 solus

1570 5686 1807 5743 VAllle
1843 5689 2249 5749 LECTIONES.

329 5779 351 5807 ⁸
378 5770 472 5836 Τὸ,
502 5771 819 5846 Σύμμαχος,
851 5776 909 5833 ὲν
934 5775 1012 5846 τῷ
1046 5776 1143 5848 τῆς
1168 5778 1302 5846 Αύγ.
1334 5777 1460 5835 κὼδ.
1493 5780 1552 5833 ού
1581 5784 1773 5835 κεῖται.
