4058 6524
625 383 678 446 ii
700 382 756 446 )7
1927 388 2276 452 PHOCOPII
2315 394 2557 455 GAZAEI
3723 394 3831 459 1108

622 507 817 560 adesse
842 501 1022 572 :atqui
1048 501 1415 571 suspicionem
1446 516 1553 557 non
1585 504 1857 574 potuisset
1906 521 2127 572 cavere,
2158 508 2196 562 si

2315 510 2477 581 οψίαν
2515 512 2746 584 ἐξέφυγε
2785 514 2946 585 μόνος
2974 515 3172 587 χωρῶν
3212 514 3308 570 τοῦ
3348 515 3731 589 καταμηνεύειν
3766 517 3829 587 τῷ

620 599 685 652 ad
710 593 1149 666 patefacieudum
1177 592 1363 647 Davidi
1384 594 1555 663 patris
1582 595 1813 651 insidias
1840 595 1990 651 solus
2004 597 2196 652 abivis-

2311 606 2474 659 Δαϐὶδ
2522 607 2621 677 τὴν
2674 607 2988 679 ἐπιϐουλήν.
3037 608 3201 661 Ὀθεν
3252 609 3467 679 πρόεισι
3519 608 3615 678 μὲν
3646 608 3730 659 σὺν
3769 608 3829 676 τῷ

622 696 726 740 set.
762 688 874 741 Hac
900 684 965 739 de
993 700 1158 739 causa
1186 699 1311 738 cum
1347 701 1519 754 puero
1546 685 1915 756 progreditur,
1956 696 2009 741 et
2044 686 2196 756 jacu-

2308 696 2480 761 παιδὶ,
2520 698 2619 767 τὴν
2647 697 2705 751 δέ
2750 699 2853 769 τῆς
2886 698 3097 765 τοξείας
3132 700 3491 768 ὑποκρίνεται
3524 701 3618 770 τὴν
3660 714 3832 768 γυμνα-

624 778 770 832 laudi
794 777 1119 831 exercitium
1159 778 1404 842 simulat,
1458 789 1624 847 atque
1660 778 1920 833 Davidem
1959 780 2196 835 obscure

2309 786 2432 842 σίαν
2454 804 2470 820 ·
2503 790 2598 843 καὶ
2634 788 2712 859 τῷ
2750 790 2848 861 μὲν
2883 792 3047 845 Δαϐὶδ
3089 793 3389 846 αἰνίττεται
3446 793 3549 863 τὴν
3579 792 3737 860 φυγὴν
3767 793 3833 845 διὰ

622 869 802 937 fugam
852 869 1103 921 oratione
1134 866 1201 920 ad
1234 882 1461 936 puerum
1497 867 1654 936 jubet
1702 883 2015 937 capessere.
2049 868 2196 922 Prae-

2304 878 2415 931 τῶν
2453 879 2593 950 πρὸς
2636 880 2731 934 τὸν
2782 882 3003 953 οἰκέτην
3059 883 3269 951 λόγωνο
3309 883 3645 955 προπέμψας
3687 882 3735 935 δὲ
3764 884 3833 937 τὸν

622 962 843 1014 mittens
872 967 1053 1013 autem
1087 974 1329 1025 servum,
1384 959 1565 1031 fugam
1607 961 1795 1014 Davidi
1828 962 2196 1034 signiﬁcabat.

2304 965 2545 1037 οἰκέτην,
2577 967 2676 1039 τὴν
2710 970 2888 1040 φυγὴν
2916 970 3083 1023 Δαϐὶδ
3116 971 3460 1025 ὑποτίθεται.

690 1049 857 1104 Vsus.
896 1049 982 1103 19.
1028 1047 1092 1102 1η
1125 1049 1210 1103 die
1244 1051 1434 1117 aperis,
1470 1058 1578 1105 etc.
1622 1051 1842 1120 Aquila,
1878 1052 1973 1105 τοῦ
2014 1052 2196 1122 ἔργου,

2381 1055 2461 1125 Τῇ
2498 1057 2690 1127 ἡμέρᾳ
2718 1058 2828 1128 τῆς
2871 1060 3179 1129 ἐργασίας.
3224 1061 3478 1127 Ἀκύλας,
3524 1060 3633 1115 τοῦ
3673 1062 3831 1130 ἔργον,

620 1140 858 1208 appellat
899 1140 1128 1206 primam
1177 1138 1381 1209 fugam.
1429 1140 1608 1211 Ergab
1642 1156 1792 1205 vero,
1829 1141 2026 1213 reliqui
2063 1143 2196 1212 lapi-

2301 1148 2480 1217 ἔργον
2511 1148 2570 1201 δὲ
2632 1149 2791 1204 καλεῖ
2831 1151 2929 1222 τὴν
2974 1151 3199 1223 πρώτην
3231 1153 3433 1223 φυγήν.
3462 1150 3540 1205 To
3566 1151 3622 1205 δὲ
3652 1151 3833 1222 Ἐργὰὃ,
3860 1190 3865 1193 -

619 1233 738 1284 dem
782 1232 1232 1296 interpretantur.

2301 1239 2351 1290 oi
2381 1238 2554 1293 λοιποὶ
2592 1242 2767 1296 λίθον
2799 1241 3090 1307 ἐξέδωκαν.

690 1322 849 1391 517
882 1322 1041 1376 Vens.
1066 1323 1155 1378 20.
1190 1322 1273 1375 Ad
1304 1322 1669 1377 lamattaram.
1732 1325 1926 1395 Aquila
1948 1366 1962 1389 ,
1991 1327 2059 1379 ad
2090 1343 2196 1381 sco-

2372 1332 2481 1397 Εἰς
2515 1330 2631 1397 τὴν
2651 1332 3059 1402 λιιματτάραν.
3088 1335 3345 1399 Ἀκύλας,
3370 1336 3460 1401 εἱς
3487 1334 3599 1389 τὸν
3617 1336 3834 1389 σκοπόν·

619 1430 766 1484 pum,
806 1415 889 1468 vel
924 1414 1253 1469 custodiam.
1278 1415 1485 1484 Duplex
1508 1414 1653 1470 enim
1697 1426 1782 1471 est
1819 1418 1999 1471 lectio.
2035 1417 2196 1489 Sym-

2301 1422 2359 1493 ἢ,
2395 1424 2669 1495 φυλακήν.
2693 1426 2854 1496 Διττὴ
2886 1425 2995 1496 γὰρ
3019 1428 3052 1497 ἡ
3082 1428 3293 1498 γραφή.
3314 1426 3639 1497 Σύμμαχος,
3664 1430 3741 1493 εις
3760 1429 3840 1479 τὸν

622 1506 977 1570 ιιιιιειιιιε,εξς
1022 1507 1114 1559 τὸν
1162 1504 1615 1573 συντεταγμένον.
1644 1504 1708 1558 Ει
1752 1506 1833 1561 sic
1874 1504 2196 1561 iul-lebrzno-

2300 1514 2807 1583 συντεταγμένον.
2847 1517 2934 1570 Ἐν
2957 1517 3014 1570 δὲ
3039 1520 3103 1589 τῇ
3130 1518 3241 1571 τῶν
3276 1518 3596 1588 Ἑϐραῖκῶν
3617 1520 3841 1591 ἑρμηνείᾳ

621 1612 741 1650 rum
777 1596 1232 1666 interpretatione
1263 1596 1484 1667 legitur.
1509 1595 1665 1665 Apud
1693 1595 1936 1661 Graecos,
1959 1598 2163 1667 τάφρον
2181 1639 2195 1662 ,

621 1688 764 1756 apud
810 1686 1124 1751 Romanos,
1167 1687 1348 1756 fossa,
1405 1686 1550 1755 apud
1601 1685 1805 1757 Syros,
1857 1703 2080 1757 scapus;
2128 1689 2194 1743 ad

618 1795 779 1848 quem
837 1795 958 1835 sese
1004 1780 1316 1834 exercendo
1353 1781 1586 1849 sagittas
1625 1780 1844 1835 mittere
1886 1795 2193 1837 consueve-

2300 1603 2446 1657 οὕτω
2481 1609 2678 1660 κεῖται,
2724 1607 2882 1677 Παρὰ
2919 1609 3017 1678 μέν
3047 1609 3297 1680 Ἕλλησι,
3336 1610 3604 1679 τάφρον·
3642 1612 3776 1680 παρὰ
3798 1612 3841 1663 δὲ

2314 1696 2629 1767 Ῥωμαίοις,
2663 1698 3011 1768 φωσσάτον,
3048 1703 3201 1772 παρὰ
3243 1702 3303 1755 δὲ
3356 1702 3577 1772 Σύροις,
3619 1702 3838 1767 σκοπὸν,

2298 1790 2378 1852 εἰς
2403 1788 2462 1842 ὃν
2495 1791 2896 1860 γυμναζόμενοι
2926 1792 2993 1846 τὰ
3024 1792 3150 1863 βέλη
3176 1793 3415 1862 πέμπειν
3450 1794 3700 1847 εἰώθασιν
3716 1796 3842 1858 Τινὲς

617 1867 806 1921 runt’.
825 1866 1055 1932 Quidam
1074 1868 1509 1938 interpretantur
1527 1867 1705 1922 locum
1732 1883 2031 1924 concavum
2051 1870 2192 1926 unde

2296 1878 2350 1931 δὲ
2378 1879 2555 1933 κοῖλον
2592 1880 2777 1947 τόπον,
2809 1882 2933 1937 ὅθεν
2989 1883 3150 1939 Δαϐὶδ
3219 1883 3597 1955 καθεξόμενος
3656 1884 3840 1955 ἀνέστη.

619 1958 861 2013 surrexit
890 1958 1078 2011 David.

689 2045 757 2101 Ut
793 2048 962 2103 semel
992 2055 1046 2102 et
1076 2048 1268 2117 semel,
1304 2047 1359 2103 id
1391 2057 1497 2114 est,
1529 2049 1608 2104 uti
1638 2049 1867 2106 solebat.

685 2226 854 2283 Vens.
909 2226 999 2282 '26.
1048 2228 1219 2284 Casus
1275 2228 1470 2301 aliquis
1530 2239 1768 2299 apparet.
1824 2229 2189 2285 Existimabat

616 2317 876 2373 Davidem
910 2332 1018 2372 non
1048 2327 1360 2388 purgatum,
1388 2333 1568 2389 neque
1595 2319 2024 2386 sanctiﬁcatum,
2056 2335 2188 2376 con-

616 2409 820 2463 vivium
851 2417 1056 2478 petere,
1088 2418 1425 2480 quapropter
1453 2410 1649 2465 tacuit.

694 2496 830 2563 Quia
862 2500 1068 2569 fractus
1094 2509 1172 2554 est
1195 2516 1350 2567 super
1376 2500 1632 2557 Davidem
1658 2542 1675 2568 ,
1718 2501 1934 2573 Aquila,
1974 2504 2189 2558 labora-

616 2592 728 2655 vit;
756 2593 1149 2663 Symmachus,
1208 2593 1392 2646 dolore
1422 2594 1643 2663 aﬁ'ectus
1683 2603 1762 2649 est
1785 2593 2186 2661 ;Tbeodotion,

618 2688 964 2740 contristatus
1013 2695 1114 2750 est,
1160 2687 1319 2756 quasi
1363 2685 1570 2741 diceret
1603 2704 1618 2742 :
1646 2685 1979 2742 Conlractus
2012 2694 2095 2741 est
2135 2695 2190 2741 et

620 2776 875 2831 misertus
903 2777 1045 2845 ejus,
1081 2775 1225 2845 quod
1257 2776 1312 2855 ei
1335 2791 1364 2829 a
1397 2783 1548 2846 patre
1599 2792 1702 2833 suo
1743 2777 1957 2833 insidiae
2005 2784 2188 2833 strue-

619 2876 832 2923 rentur.
857 2856 1251 2924 Consummare
1272 2884 1395 2924 eum
1415 2911 1430 2935 ,
1464 2869 1518 2923 id
1557 2878 1661 2935 est,
1696 2870 1915 2941 penitus
1946 2871 2185 2926 auferre.

690 2959 760 3014 In
785 2962 1139 3014 testimonium
1170 2960 1418 3024 Davidis,
1452 2960 1505 3015 id
1534 2967 1639 3027 est,
1672 2961 1763 3015 ubi
1802 2960 2060 3017 Davidem
2096 2976 2189 3016 ve-

620 3054 739 3108 nire
774 3054 1220 3119 annuntiaverat,
1244 3053 1473 3109 adduxit
1501 3069 1649 3123 eum,
1674 3053 2019 3112 Theodotion
2041 3094 2057 3121 ,
2098 3072 2189 3110 su-

616 3162 918 3216 pergressus
948 3152 1045 3199 est.

686 3257 851 3314 Vens.
893 3260 982 3314 40.
1030 3258 1197 3312 David
1273 3258 1509 3312 surrexit
1562 3257 1631 3312 ad
1685 3257 1953 3328 Annegab.
1990 3257 2186 3327 Aquila

620 3349 853 3420 ἐχόμενα
876 3351 969 3403 τοῦ
995 3350 1160 3420 νόμου
1191 3350 1296 3405 hoc
1322 3362 1427 3416 est,
1459 3350 1752 3417 australia,
1782 3350 1984 3407 reddit.
2028 3349 2192 3407 Forte
2217 3329 2262 3391 (ἶ

622 3450 798 3496 autem
829 3455 1109 3497 concavus
1141 3442 1300 3497 locus
1332 3440 1459 3496 fuit.

2382 2062 2470 2126 Ὠς
2521 2061 2669 2128 ἅπαξ
2717 2062 2811 2117 καὶ
2852 2063 3023 2134 ἅπαξ,
3074 2065 3196 2120 ἀντὶ
3252 2065 3372 2134 τοῦ,
3418 2066 3619 2138 ὥσπερ
3665 2066 3836 2122 εἰώθει.

2296 2153 2358 2209 C.
2398 2152 2458 2209 L.

2363 2246 2699 2315 Σύμπτωμά
2724 2263 2779 2301 τι
2801 2248 3099 2317 φαίνεται.
3127 2250 3286 2321 ’ᾨετο
3319 2252 3393 2323 μὴ
3425 2252 3834 2323 κεκαθαρμένον,

2299 2336 2433 2406 μηδέ
2461 2339 2808 2408 ἡγνισμένον,
2840 2340 2932 2393 τὸν
2961 2340 3125 2395 Δαϐὶδ
3152 2344 3607 2416 παραιτήσασθαι
3634 2344 3691 2398 τὸ
3720 2362 3836 2414 συμ-

2295 2429 2503 2492 πόσιον,
2538 2429 2727 2501 διόπερ
2761 2431 3038 2503 ἐσίγησεν.

2370 2518 2813 2593 Ὀτιέθριιύσθη
2841 2524 2939 2579 ἐπὶ
2974 2526 3084 2580 τὸν
3125 2528 3336 2584 Δαϐίδ·
3373 2529 3633 2594 Ἀκύλας,
3671 2531 3835 2584 διεπο-

2294 2615 2449 2684 νήθη
2470 2632 2484 2646 ·
2552 2617 2850 2690 Σύμμαχος
2874 2661 2890 2686 ,
2951 2622 3229 2694 ὠδυνήθη
3269 2628 3288 2663 ί
3312 2640 3324 2656 ⁸
3369 2626 3699 2692 Θεοδοτίων,
3726 2628 3834 2681 elv-

2295 2709 2477 2778 πήθη,
2513 2711 2632 2764 ἀντὶ
2660 2711 2778 2776 τοῦ,
2831 2715 3144 2785 ἐπεκλάσθη
3175 2728 3204 2756 ιι
3226 2757 3241 2783 ,
3293 2719 3389 2771 καὶ
3434 2718 3674 2787 ἠλέησεν
3708 2718 3833 2771 αὐτὸν

2295 2799 2780 2870 ἐπιϐουλευόμενον
2819 2801 2926 2855 ὑπὸ
2953 2803 3048 2856 τοῦ
3089 2802 3297 2876 πατρὸς
3326 2806 3519 2861 αὐτοῦ.
3553 2808 3833 2861 Συπελὲσαι

2296 2890 2477 2954 αὐτὸν,
2516 2890 2765 2945 τουτέστι
2793 2892 3011 2957 πάντως
3041 2894 3271 2950 ἀνελεῖν.
3298 2895 3359 2951 C.
3398 2896 3460 2951 L.

2367 2979 2440 3031 Τὸ
2469 2978 2544 3042 δὲ,
2567 2980 2670 3046 Εἰς
2688 2979 2755 3034 τὸ
2781 2983 3112 3051 μαρτύριον
3132 2984 3330 3047 Δαϐὶδ,
3354 2986 3501 3054 ἀντὶ,
3536 2988 3665 3041 ὅπου
3698 2988 3834 3056 ἐπηγ-

2294 3069 2511 3138 γείλατο
2552 3070 2643 3124 τὸν
2690 3072 2856 3126 Δαϐὶδ
2883 3073 3077 3139 ἐλθεῖν,
3099 3077 3422 3148 παρήγαγεν
3446 3087 3476 3116 ν
3511 3079 3671 3133 αὐτόν
3699 3096 3710 3109 ·
3733 3078 3835 3131 Θεο-

2293 3162 2500 3227 δοτίων,
2534 3163 2792 3232 ὑπερέϐη
2830 3178 2887 3220 ι.
2912 3164 2975 3220 C.
3011 3166 3071 3220 L.

2366 3274 2473 3328 Kal
2518 3274 2697 3328 Δαϐὶδ
2752 3274 2980 3346 ἀνέστη
3018 3277 3137 3334 ἀπὸ
3192 3278 3481 3351 Ἀννετάϐ
3526 3292 3575 3336 τ.
3618 3280 3831 3346 Ἀκύλας,

2290 3365 2547 3434 ἐχόμενα
2574 3366 2679 3420 τοῦ
2705 3366 2918 3423 νώτου.
2963 3371 3122 3437 Ἴσως
3146 3371 3204 3425 δέ
3232 3373 3411 3436 κοῖλος
3436 3374 3606 3438 τόπος
3631 3375 3833 3445 ὑπῆρχεν

2293 3457 2430 3510 ἐκεῖ.
2465 3456 2550 3528 [οί
2579 3456 2636 3511 δὲ
2661 3458 2860 3526 λοιποὶ,
2882 3460 3058 3517 λίθον
3081 3462 3374 3530 ἐξέδωκαν.
3410 3464 3473 3521 C.
3513 3464 3663 3538 Lip.]

1249 3575 1405 3632 CAP.
1449 3575 1593 3631 XXI.

694 3710 855 3767 Vens.
923 3710 980 3766 2.
1048 3712 1128 3765 Ad
1186 3712 1539 3768 Achimelech.
1620 3713 1787 3769 Liber
1844 3714 2194 3769 Psalmorum

622 3815 792 3854 xxxm
838 3812 1076 3871 psalmo,
1131 3819 1231 3874 pro
1296 3806 1629 3860 Achimetech
1677 3805 1732 3860 in
1798 3805 1960 3860 titulo
2036 3804 2196 3859 habet

634 3891 960 3957 Abimelech,
1019 3893 1165 3949 iacta
1208 3898 1618 3965 permutatione
1668 3898 1908 3962 litterze,
1973 3904 2197 3966 propter

620 3979 939 4035 aiﬁnitatem
985 3981 1296 4041 litterarum
1352 3988 1496 4057 apud
1561 3989 1845 4050 Hebrrcus,
1897 3985 2029 4041 Beth
2086 3985 2195 4040 sci-

622 4070 785 4136 licet,
836 4080 891 4127 et
932 4071 1105 4141 Capb.
1171 4073 1393 4129 Similes
1415 4076 1562 4131 enim
1591 4086 1723 4132 sunt
1763 4076 1956 4132 litterae
2000 4078 2194 4147 exiguo

623 4162 779 4229 apice
844 4170 1057 4216 tantum
1109 4167 1378 4221 variante.
1444 4165 1551 4221 Sed
1598 4168 1876 4239 quomodo
1936 4167 2195 4224 Servator

620 4264 812 4310 noster
861 4256 915 4310 in
951 4254 1263 4329 Evangeliis
1304 4259 1598 4331 praesentis
1666 4260 1911 4316 historia:
1957 4261 2193 4316 mentio-

621 4360 742 4399 nem
795 4345 1043 4411 faciens,
1103 4348 1241 4403 dicit
1289 4350 1359 4403 ad
1404 4350 1677 4405 Abiathar
1722 4366 1999 4407 summum
2056 4367 2193 4422 pon-

2856 3600 3109 3657 ΚΕΦΑΔ.
3158 3602 3291 3658 KA'.

2364 3732 2521 3802 Πρὸς
2551 3733 2875 3805 Ἂχιμέλεχ.
2920 3735 2989 3790 Ἡ
3021 3736 3203 3807 βίϐλος
3236 3738 3345 3793 τῶν
3388 3737 3668 3808 Ψαλμῶν,
3697 3739 3746 3791 ἐν
3774 3734 3831 3803 τῷ

2292 3823 2595 3894 τριακοστῷ
2622 3827 2808 3898 τρίτῳ,
2827 3826 2949 3881 ἀντὶ
2975 3827 3070 3882 τοῦ
3097 3830 3402 3899 Ἀχιμέλεχ
3435 3829 3733 3899 Ἀόιιιέλεκ
3759 3843 3829 3878 πε·

2297 3914 2472 3985 ριέχει
2498 3918 2556 3969 ἐν
2590 3918 2657 3987 τῇ
2689 3922 3006 3991 προγραφῇ,
3057 3919 3355 3991 ἐναλλαγῆς
3410 3921 3675 3991 στοιχείου
3712 3936 3831 3987 γενο-

2298 4008 2485 4079 μένης,
2519 4009 2671 4080 παρὰ
2708 4010 2806 4080 τὴν
2834 4011 3132 4082 ὁμοιότητα
3183 4011 3277 4066 τοῦ
3330 4012 3598 4081 στοιχείου
3628 4010 3715 4063 τοῦ
3754 4008 3829 4060 8ὲο

2294 4100 2447 4171 παρὰ
2462 4103 2575 4165 τοῖς
2609 4102 2882 4173 Ἑϐραίοις
2905 4102 3241 4173 καλουμένου
3262 4102 3470 4156 καὶτοῦ
3496 4104 3645 4170 Κάφ.
3671 4103 3831 4168 Ὅμοια

2293 4193 2402 4263 γὰρ
2431 4193 2499 4247 τὰ
2520 4196 2778 4264 στοιχεῖα,
2805 4193 3152 4266 βραχυτάτης
3172 4194 3399 4265 κεραίας
3421 4194 3592 4264 μόνης
3617 4192 3831 4246 ἐναλλατ-

2293 4285 2511 4354 τούσης.
2562 4286 2688 4349 Πῶς
2719 4287 2777 4340 δέ
2832 4287 3095 4358 μνησθεὶς
3146 4290 3174 4341 ό
3207 4288 3397 4357 Σωτὴρ
3430 4287 3489 4338 ἐν
3519 4283 3831 4353 Εὐαγγελίοις

2293 4379 2392 4448 τῆς
2419 4378 2791 4448 προκειμένης
2846 4380 3084 4450 ἱστορίας
3119 4379 3210 4432 ἐπὶ
3258 4378 3526 4449 Ἀϐιάθαρ
3555 4377 3647 4431 τοῦ
3677 4378 3830 4447 ἀρχιε-

618 4439 816 4494 titicem
865 4442 1229 4510 pervenisse?
1281 4444 1390 4497 Aut
1447 4443 1616 4513 igitur
1665 4443 1987 4499 Abimelech
2037 4444 2194 4499 bino-

2298 4439 2433 4539 ρέῷς
2465 4439 2634 4541 ’φησιν
2659 4487 2674 4536 ;
2802 4439 2989 4524 τοίνυν
3033 4439 3321 4540 Ἀχιμέλεχ
3346 4439 3617 4538 διώνυμος

616 4530 782 4586 minis
845 4531 949 4586 fuit
980 4572 995 4597 ,
1056 4540 1112 4589 et
1165 4534 1434 4591 Abiathar
1480 4536 1647 4591 etiam
1700 4536 2006 4606 appellatus
2073 4544 2179 4603 est,

2298 4530 2570 4627 ’Ἀϐιάθαρ
2593 4530 2929 4630 καλούμενος
2950 4577 2963 4590 ·
2988 4560 3020 4631 ἢ
3145 4530 3349 4628 λέγειν,
3379 4558 3455 4622 ὡς
3482 4530 3577 4612 τοῦ
3599 4530 3831 4628 ἠμὲνἈχι-

614 4633 709 4678 aut
733 4625 1024 4681 dicendum
1077 4638 1161 4684 est
1199 4628 1488 4685 historiam
1528 4631 1870 4687 Abimelechi
1920 4641 2180 4703 tanquam

2301 4650 2486 4720 μέλεχ,
2517 4625 2593 4715 ὧς
2626 4625 2835 4722 ἱερέως,
2870 4625 3179 4722 μεμνῆσθαι
3356 4625 3632 4721 ἱστορίαν)
3677 4648 3755 4700 τὸν
3784 4646 3828 4697 δέ

612 4716 918 4772 sacerdotis
968 4722 1303 4775 mentionem
1353 4720 1537 4777 facere
1585 4738 1599 4776 :
1657 4721 2017 4776 Abiatharum
2084 4738 2179 4778 ve-

2299 4696 2590 4811 ξὶϐιιξθαρ,
2613 4696 3205 4814 ἀριχιερέαΓτῐγχὰνειν
3258 4696 3377 4795 κατ’
3410 4696 3589 4796 ἐκεῖνο
3645 4735 3824 4808 καιροῦ.

611 4821 757 4873 rum,
792 4821 1069 4862 summum
1110 4810 1219 4866 illis
1258 4813 1599 4882 temporibus
1635 4813 1946 4885 pontiﬁcem
1986 4812 2179 4870 fuisse.

2296 4810 2546 4883 Φαίνεται
2571 4830 2629 4884 δέ
2654 4810 2829 4902 τῶν
2858 4810 3131 4884 Βασιλέων
3156 4831 3365 4902 γραφὴ,
3390 4830 3482 4884 τὸν
3517 4830 3620 4900 μὲν
3638 4825 3824 4898 Ἀχιμέ-

615 4895 844 4983 Videtur
874 4900 1065 4965 etiam,
1095 4901 1244 4971 quod
1283 4902 1495 4974 Regum
1542 4906 1680 4961 liber
1725 4907 1908 4977 ipsum
1960 4908 2184 4964 Abime-

2296 4920 2406 4991 λεχ,
2440 4921 2534 4974 καὶ
2563 4895 2690 4986 τοὺς
2730 4923 2911 4993 ίερέας
2952 4922 3047 4976 τοῦ
3090 4895 3246 4987 Genii,
3280 4895 3606 4994 -ἁνῃρῆσθαι
3641 4895 3823 4991 φήσασα

614 4987 757 5053 lecb,
786 4998 843 5045 et
895 4993 1213 5050 sacerdotes
1249 4992 1467 5052 Domini
1508 4998 1758 5054 sublatos
1803 5015 1924 5056 esse
1965 5000 2113 5055 dicat
2152 5016 2183 5056 a

2423 5013 2517 5067 τοῦ
2554 5014 2745 5078 Σαοὺλ,
2775 4987 2835 5068 ού
2865 5014 2971 5085 μὴν
2992 5015 3279 5086 ἀρχιερέα.
3304 4987 3759 5086 Ἐπισημήνασθαι
3780 5008 3821 5061 δὲ

613 5081 799 5148 Saule,
836 5098 946 5138 non
973 5092 1156 5140 autem
1202 5103 1477 5143 summum
1517 5090 1853 5159 pontiﬁcem.
1902 5091 2185 5149 Annotan-

2296 5103 2391 5167 δεῖ,
2419 5103 2495 5167 ὡς
2528 5104 2579 5157 οἱ
2632 5081 2997 5176 ἐπιστήμονες
3195 5106 3465 5176 προτέρου
3491 5081 3651 5158 ⁷’λαοῦ
3692 5098 3822 5171 ἦττον

612 5173 745 5228 dum
816 5175 984 5231 etiam
1061 5185 1150 5233 est
1202 5179 1410 5248 peritos
1479 5184 1684 5237 veteris
1737 5186 1925 5255 populi
2002 5188 2185 5243 minus

2296 5196 2595 5267 ἐφρόντιζον
2619 5196 2728 5251 τῶν
2764 5173 3095 5268 σωματικῶν
3122 5199 3217 5252 τοῦ
3241 5173 3416 5269 *νόμου
3467 5192 3822 5270 παραγγελμά·

611 5265 895 5322 curavisse
933 5270 1244 5338 corporalia
1276 5269 1416 5340 legis
1449 5272 1733 5327 mandata.
1763 5273 1911 5330 Hanc
1947 5278 2017 5331 ob
2048 5292 2183 5331 cau-

2296 5265 2411 5341 ιων.
2439 5287 2660 5359 Διόπερ,
2701 5288 2729 5341 ὃ
2754 5290 2829 5359 μὴ
2849 5265 2989 5359 ἐξῆν
3023 5290 3165 5343 κατὰ
3211 5265 3621 5352 τὸννΜωῦσέως
3654 5287 3817 5355 νόμον,

612 5373 729 5413 sam
761 5359 953 5426 David,
983 5361 1280 5418 comedens
1310 5379 1480 5434 panes
1511 5367 1930 5435 propositionis.
1963 5371 2016 5424 id
2051 5369 2183 5427 fecit

2296 5377 2442 5431 τοῦτο
2480 5378 2750 5448 ἔπραττεν
2771 5382 2798 5433 ὁ
2821 5380 3007 5447 Δαϐὶδ,
3034 5381 3161 5444 τοὺς
3185 5380 3385 5452 ἄρτους
3419 5381 3521 5449 τῆς
3553 5378 3819 5450 προθέσεως

611 5456 755 5525 quod
786 5472 884 5527 per
909 5458 1086 5529 legem
1117 5458 1323 5531 Moysis
1357 5476 1470 5517 non
1496 5461 1717 5518 licebat.
1751 5462 2022 5518 Cancrum
2064 5467 2180 5537 ipse

2296 5470 2501 5524 εσθίων.
2545 5471 2708 5526 Ἀλλὰ
2762 5472 2857 5527 καὶ
2901 5474 2930 5526 ὁ
2980 5473 3183 5543 ἱερεὺς,
3237 5472 3557 5545 μεταδιδοὺς
3592 5464 3818 5538 αὐτῷκαὶ

1869 5573 2110 5633 VARIE
2142 5579 2554 5639 LECTIONES.

684 5657 716 5746 ‘7
739 5658 830 5746 Ἰῖδν
860 5659 1162 5746 ξύμιξςχος
1190 5661 1458 5746 ᾠρυνῄθη,
1485 5662 1596 5746 οῖίξε
1615 5661 1731 5746 Exn-:5
1742 5664 1772 5746 9
1800 5664 1897 5734 τῆς
1914 5666 2059 5746 ¹ᾼὺγ.
2074 5668 2222 5746 aut.
2276 5679 2304 5708 ιι
2354 5671 2693 5746 ammon
2718 5712 2742 5746 ._
2764 5673 2885 5728 ἀντι
2919 5672 3036 5746 τοῦ,
3062 5674 3328 5746 ἐλυπήθη.
3375 5674 3432 5746 ἑο
3455 5674 3608 5746 αὕτη
3644 5674 3815 5746 ’Παρ-

612 5728 786 5814 ήγαγε
807 5730 919 5814 τὴν
947 5728 1163 5814 πεζάς»,
1202 5730 1260 5814 ’ρ
1290 5728 1434 5814 αύτξ
1462 5747 1487 5814 ξ
1529 5728 1805 5814 Α’Υπὲρέϐη
1838 5728 2049 5814 egigni}:
2074 5740 2327 5809 Ἀκύλας,
2362 5742 2513 5814 βέλη.
2529 5743 2587 5799 Ὀ
2614 5728 2796 5808 αὐτός.
2866 5755 2889 5783 ι
2924 5744 3005 5802 Ad
3023 5728 3179 5804 bram
3208 5728 3417 5803 codicis
3446 5728 3612 5803 nostri
3638 5728 3811 5801 adscri-

614 5809 761 5867 ptum
793 5807 930 5865 erat,
960 5800 1180 5870 Ἐργὰϐ.
1225 5802 1577 5874 Septuaginta
1608 5800 1805 5862 habent
1844 5800 2066 5878 ’Ᾰργάϐ.
