4058 6502
205 369 346 432 1109

1219 378 1755 441 COMMENTARII
1800 380 1881 441 IN
1923 383 2119 443 LIB.I
2153 385 2446 446 REGUM-

3312 372 3463 438 '1110

199 490 319 548 τοῖς
350 488 450 541 σὺν
478 486 647 558 αὐτῷ,
678 488 778 560 τῆς
798 488 959 558 ἁγίας
987 490 1082 543 καὶ
1112 490 1392 563 ἱερατικῆς
1414 492 1641 565 τροφῆς,
1668 495 1787 565 μεί-

1897 496 2168 564 pontifex,
2224 497 2409 551 Davidi
2441 535 2456 559 ,
2499 504 2553 551 et
2599 494 2719 566 ejus
2764 491 3100 557 comitibus,
3152 489 3461 545 concedens

202 576 300 640 ζον
326 578 542 650 ἐφρόνει
575 579 675 650 τῆς
697 580 806 635 τῶν
836 580 1049 635 πολλῶν
1079 582 1345 649 διανοίας.

272 761 741 832 Πυνθανόμενος
786 761 877 823 δὲ.
923 764 976 817 εί
1005 767 1234 834 καθαρὰ
1260 766 1335 821 τὰ
1367 766 1649 838 παιδάρια
1668 768 1786 823 ἀπὸ

200 854 513 919 γυναικός.
571 852 826 924 Παρέστη
882 865 946 919 ι,
1000 855 1082 909 ὅτι
1137 857 1170 927 ἡ
1226 857 1535 929 καθαρότης
1610 860 1702 913 καὶ
1752 861 1785 931 ή

200 943 404 1010 ἁγνεία
444 944 719 1014 ἰσοτίμους
748 946 864 1008 τοῖς
898 945 1104 1017 ἱερεῦσι
1136 949 1301 1001 ποιεῖ.

275 1036 437 1089 Κατά
475 1036 747 1108 ἐρώτησιν
783 1038 1078 1107 ἀνάγνωθι,
1122 1041 1404 1093 τουτέστι·
1437 1042 1548 1095 Καὶ
1579 1042 1785 1112 ταύτην

198 1128 307 1195 τὴν
335 1126 454 1181 ὁδὸν
479 1127 698 1183 καλέσοι
724 1127 788 1181 ἄν
822 1146 905 1192 τις
941 1128 1169 1200 βέϐηλον
1190 1171 1204 1196 ,
1234 1130 1357 1200 ητις
1408 1131 1669 1201 ἡγίασται
1698 1132 1786 1186 διὰ

200 1223 275 1271 τὰ
312 1219 482 1291 σκεύη
519 1237 645 1291 μου,
675 1221 923 1274 τουτέστι
966 1224 1066 1290 τὴν
1107 1220 1384 1286 ἑξόπλισίν
1431 1240 1556 1293 μου,
1602 1224 1786 1277 καὶτὸ

200 1309 301 1363 ἐπὶ
330 1310 568 1382 πόλεμόν
593 1328 658 1382 με
677 1312 933 1377 ἀπιέναι;
961 1313 1133 1382 Δῆλον
1152 1313 1216 1367 ὲκ
1248 1313 1465 1377 τούτου,
1489 1315 1564 1380 ὡς
1598 1332 1787 1369 σκευο-

201 1401 368 1473 φόροι
402 1403 554 1467 δντες
585 1405 636 1456 οί
670 1404 880 1469 παῖδες,
916 1406 1011 1458 καὶ
1033 1405 1102 1458 τὰ
1125 1405 1267 1459 ὅπλα
1307 1407 1473 1460 αὐτοῦ
1501 1408 1787 1477 βαστάζον-

196 1510 315 1559 τες,
339 1494 642 1564 ήγνίζοντο,
672 1494 908 1560 ἐξιόντος
934 1496 1100 1550 αὐτοῦ
1125 1497 1218 1551 ἐπὶ
1243 1498 1481 1569 πόλεμον
1502 1500 1552 1554 ι).
1585 1501 1707 1554 ’Ότι
1729 1501 1786 1555 δὲ

197 1588 270 1640 τὰ
300 1588 566 1660 παιδάρια
586 1589 917 1660 ἠκολούθουν
948 1589 1097 1661 αὐτῷ
1128 1590 1203 1654 ῶς
1234 1593 1588 1665 σκευοφόροι,
1626 1595 1785 1667 δῆλον

198 1681 269 1732 ὲκ
290 1680 522 1747 πολλῶν,
560 1684 654 1736 καὶ
678 1682 817 1748 τέως
839 1685 905 1738 ἐκ
940 1685 1036 1739 τοῦ
1068 1687 1254 1754 τέλους
1286 1690 1386 1761 τῆς
1421 1690 1645 1762 πρώτης
1676 1694 1785 1747 τῶν

201 1771 525 1838 Βασιλειῶν,
581 1773 711 1830 ἔνθα
753 1776 918 1849 φησί’
958 1797 976 1831 ι
1011 1780 1123 1834 Καὶ
1172 1778 1294 1835 εἶπε
1326 1783 1501 1838 Σαοὺλ
1528 1784 1667 1855 πρὸς
1692 1786 1785 1839 τὸν

1893 586 2077 639 cibum
2109 596 2386 652 sanctum,
2420 594 2475 641 et
2504 585 2894 656 pontiﬁcalem,
2928 585 3051 655 plus
3075 598 3237 653 quam
3271 584 3464 654 vulgus

1893 676 2161 747 sapiebat.

1962 766 2130 821 Vsus.
2164 767 2219 820 4.
2272 766 2644 835 Interrogans,
2696 783 2765 820 an
2810 767 2932 835 puri
2979 782 3011 818 α
3042 765 3261 818 muliere
3315 765 3466 831 pueri

1889 858 2352 915 essent.Ostendit
2380 857 2730 912 sanctitatem
2779 867 2834 911 et
2860 855 3247 910 castimoniam
3271 852 3463 908 eodem

1890 968 1993 1006 nos
2024 966 2147 1005 cum
2185 949 2542 1019 pontificibus
2578 949 2783 1003 honore
2824 946 3023 1017 dignos
3050 944 3284 1001 ellicere.

1963 1040 2361 1110 Interrogando
2400 1041 2515 1094 haec
2552 1038 2704 1101 effer,
2758 1038 2905 1092 hunc
2942 1038 2993 1092 iu
3029 1037 3288 1090 modum:
3321 1032 3462 1087 Num

1888 1134 2013 1203 quis
2046 1131 2328 1202 profanam
2363 1130 2719 1201 appellaverit
2774 1130 2915 1183 hanc
2972 1130 3138 1193 viam,
3171 1141 3292 1197 qua:
3337 1141 3464 1181 san-

1888 1222 2125 1280 ctificata
2156 1233 2348 1292 estper
2377 1236 2504 1275 vasa
2538 1236 2679 1283 mea,
2714 1219 2767 1273 id
2792 1228 2872 1274 est
2903 1229 3237 1272 armaturam
3264 1232 3460 1278 meam,

1889 1330 1992 1369 nec
2025 1330 2135 1369 non
2164 1329 2230 1369 eo
2265 1314 2408 1383 quod
2442 1312 2506 1366 ad
2540 1312 2744 1366 bellum
2782 1310 3144 1380 proficiscor:
3174 1310 3315 1363 unde
3362 1324 3461 1376 ap-

1887 1414 2043 1478 paret
2086 1420 2279 1462 servos
2328 1405 2449 1475 ejus
2491 1404 2611 1474 qui,
2659 1405 2779 1474 ipso
2812 1404 2877 1457 ad
2916 1401 3224 1457 faciendum
3260 1401 3459 1455 bellum

1888 1499 2307 1570 progrediente,
2351 1511 2481 1551 vasa
2538 1505 2704 1566 atque
2746 1510 2900 1549 arma
2948 1495 3069 1565 ejus
3130 1494 3459 1562 portabant,

1887 1589 2263 1645 sanctificatos
2337 1605 2480 1645 esse.
2548 1588 2706 1654 Quod
2763 1597 2945 1642 autem
3011 1585 3258 1640 nonnulli
3317 1586 3463 1640 servi

1885 1683 2067 1753 ipsum
2093 1681 2272 1736 secuti
2302 1680 2414 1734 sint
2443 1696 2571 1735 vasa
2598 1686 2899 1750 gestantes,
2931 1690 3126 1749 praeter
3157 1678 3326 1732 multa
3357 1677 3462 1731 alia

1885 1773 2294 1829 demonstratur
2313 1788 2376 1827 ex
2399 1771 2503 1826 fine
2521 1770 2685 1841 primi
2708 1769 3019 1839 Regnorum
3042 1769 3191 1830 libri,
3217 1769 3307 1822 ubi
3333 1768 3464 1839 legi—

202 1862 434 1934 αἴροντα
460 1865 530 1919 τὰ
568 1867 737 1939 σκεύη
766 1870 1197 1928 αὑτοῦ·Σπάσαι
1243 1875 1345 1947 τὴν
1384 1877 1658 1947 ῥομφαίαν
1689 1895 1782 1931 σου

1889 1874 2013 1921 tur:
2049 1883 2067 1916 ι
2109 1863 2175 1918 Et
2197 1864 2333 1919 dixit
2372 1862 2503 1917 Saul
2529 1863 2592 1917 ad
2625 1878 2749 1916 eum
2792 1862 2883 1929 qui
2915 1861 3088 1930 ipsius
3118 1874 3246 1913 vasa
3276 1868 3462 1929 porta-

203 1959 302 2010 καὶ
335 1958 706 2030 ἁποκέντησόν
743 1979 810 2031 με
848 1965 906 2016 ὲν
943 1965 1105 2037 αὐτῇ.
1149 1985 1167 2019 ι
1204 1968 1315 2021 Καὶ
1352 1969 1505 2037 παρὰ
1539 1970 1601 2023 τὸ
1633 1970 1785 2036 τέλος
1852 2024 1855 2027 λ

202 2052 308 2121 τῆς
334 2050 595 2123 δευτέρας
623 2055 788 2125 φησὶν
815 2057 872 2110 ἐν
910 2061 972 2129 τῇ
1000 2059 1380 2131 ἀπαριθμήσει
1405 2061 1514 2116 τῶν
1541 2062 1784 2118 δυνατῶν

200 2143 303 2196 τοῦ
330 2144 496 2199 Δαὸίδ
519 2163 534 2177 ⁸
574 2166 592 2198 ι
629 2148 841 2220 Γελωρὲ
866 2151 894 2203 ὁ
939 2151 1255 2223 Βηρωθαῖος
1294 2154 1467 2225 αἴρων
1512 2156 1581 2208 τὰ
1614 2157 1782 2226 σκεύη

216 2235 382 2289 Ἰωάὅ
413 2237 531 2291 υίοῦ
580 2238 837 2311 Σαρουῖα.
877 2261 895 2295 ι
949 2242 1121 2296 Τοῦτο
1166 2241 1261 2297 οὖν
1312 2245 1461 2313 λέγει
1492 2245 1727 2301 ἐνταῦθα
1756 2246 1784 2299 b

204 2327 377 2381 Aa6£6
399 2346 411 2358 ο
444 2328 789 2399 Ἥγνισμένοι
822 2331 959 2385 είσὶν
989 2335 1037 2387 oi
1076 2335 1288 2399 παῖδες,
1323 2336 1412 2390 διὰ
1432 2337 1492 2389 τὸ
1526 2338 1787 2406 σκευοφό-

207 2440 341 2491 ρους
380 2423 576 2486 αὑτοὺς
597 2417 756 2491 εἶναι,
793 2427 840 2478 εί
869 2428 964 2479 καὶ
986 2426 1054 2481 τὰ
1079 2428 1312 2497 μάλιστα
1334 2428 1429 2485 νῦν
1454 2430 1541 2485 διά
1566 2432 1627 2486 τὸ
1651 2433 1783 2502 φεύο

206 2527 352 2577 γειν,
388 2511 525 2565 ὅπλα
548 2512 648 2565 οὐκ
677 2513 996 2584 ἐπεφέρετο.
1031 2515 1093 2570 C.
1138 2515 1199 2569 L.

280 2601 406 2656 Τῶν
430 2604 609 2671 μέντοι
642 2606 753 2669 τοῖς
776 2605 1012 2675 ίερεῦσιν
1032 2606 1338 2680 ἀπονενεμη
1349 2609 1523 2680 μένων
1550 2610 1788 2681 μεταλα-

205 2692 321 2746 ϐὼν
344 2696 373 2746 ό
407 2694 587 2759 Δαόλδ,
621 2696 925 2767 προὺδήλου
971 2698 1071 2769 τὴν
1111 2701 1247 2753 πᾶσι
1293 2702 1789 2774 προτεθεισομένην

203 2790 325 2850 τοῖς
348 2788 595 2842 εὐσεϐέσι
617 2789 894 2859 τράπεζαν
927 2794 1216 2864 μυστικήν.
1255 2794 1361 2847 Τοῦ
1385 2794 1493 2866 γὰρ
1527 2799 1788 2849 Δεσποτι-

204 2877 310 2931 κοῦ
359 2878 612 2949 σώματος
656 2881 856 2952 ὁμοίως
913 2884 1420 2955 μεταλαμϐάνουσιν
1474 2891 1640 2960 ἱερεῖς
1695 2894 1791 2949 καὶ

203 2970 331 3024 λαοὶ
365 2982 412 3038 ε,
446 2972 561 3025 ὅσοι
593 2974 856 3045 μετέσχον
888 2975 981 3029 τοῦ
1023 2976 1167 3031 θείου
1197 2978 1595 3053 βαπτίσματος.

1884 1958 2013 2012 bat:
2042 1956 2260 2027 Stringe
2289 1956 2529 2027 gladium
2566 1963 2717 2007 tuum
2747 1968 2923 2023 eoque
2956 1968 3044 2006 me
3077 1949 3332 2021 transl‘tge
3360 1952 3401 2003 '.
3436 1968 3454 1999 ι

1886 2050 1951 2104 Ει
1976 2066 2172 2105 versus
2202 2050 2363 2103 finem
2408 2047 2637 2104 secundi
2672 2047 2836 2111 libri,
2885 2045 2976 2100 ubi
3005 2046 3277 2114 primores
3302 2042 3463 2096 Davi-

1886 2142 1969 2197 dis
2001 2150 2383 2206 recensentur,
2420 2140 2533 2194 haec
2578 2140 2789 2194 habes:
2842 2155 2860 2189 ι
2901 2136 3101 2191 Gelore
3143 2135 3461 2189 Berothzeus

1885 2236 1979 2305 qui
2020 2234 2269 2304 portabat
2299 2248 2426 2289 vasa
2454 2231 2612 2294 Joab,
2661 2231 2758 2285 filii
2804 2232 3010 2286 Sarviae
3041 2228 3107 2283 ¹⁰.
3150 2247 3169 2281 ι
3206 2226 3319 2282 Hoc
3358 2228 3460 2297 igi-

1887 2336 1975 2381 tur
2006 2326 2175 2380 David
2227 2328 2402 2381 dicit:
2439 2324 2787 2379 Sanctificati
2829 2331 2960 2379 sunt
3010 2320 3156 2376 servi
3205 2335 3270 2374 eo
3315 2320 3461 2389 quod

1886 2432 2018 2472 vasa
2048 2415 2266 2471 ferunt:
2306 2415 2557 2485 quamvis
2588 2428 2738 2468 nunc
2769 2411 3028 2483 quidem,
3065 2409 3197 2482 quia
3245 2409 3301 2463 in
3338 2409 3461 2477 fuga

1885 2518 2062 2572 erant,
2094 2522 2248 2564 arma
2280 2522 2387 2561 non
2421 2506 2777 2560 inferrentur.

1958 2601 2115 2669 Quod
2171 2607 2353 2657 autem
2414 2597 2585 2651 David
2643 2611 2859 2659 eorum,
2916 2609 3038 2665 qua
3083 2593 3464 2651 sacerdotibus

1888 2696 2165 2765 assignata
2223 2700 2417 2754 erant,
2466 2691 2739 2761 particeps
2802 2687 2980 2743 factus
3032 2696 3153 2750 est,
3209 2685 3463 2740 omnibus

1887 2786 1995 2856 piis
2041 2798 2285 2838 mensam
2340 2784 2625 2852 mysticam
2682 2778 3090 2851 proponendam
3153 2792 3278 2832 esse
3338 2776 3466 2830 inde

1892 2873 2243 2930 manifestum
2268 2882 2373 2929 est.
2401 2872 2686 2926 Dominico
2715 2872 2859 2925 enim
2894 2884 3126 2939 corpore
3150 2868 3466 2922 sacerdotes

1890 2970 2116 3042 pariter,
2146 2977 2200 3023 et
2227 2966 2348 3021 laici
2380 2967 2732 3036 participant,
2778 2969 3051 3034 quotquot
3113 2960 3256 3016 sacri
3292 2960 3463 3028 bapti-

1893 3064 2085 3119 smatis
2118 3062 2412 3132 participes
2446 3058 2574 3114 facti
2607 3066 2756 3114 sunt.

282 3147 600 3244 Ἐλεύθερον
632 3148 689 3203 δὲ
732 3150 825 3204 τὸν
868 3151 1031 3205 Δαϐὶδ
1059 3153 1161 3225 τῆς
1188 3156 1253 3209 ὲκ
1291 3157 1384 3211 τοῦ
1429 3162 1623 3228 φαγεῖν
1655 3178 1787 3216 κατ-

1965 3154 2221 3209 Davidem
2258 3167 2323 3206 eo
2352 3149 2500 3222 quod
2537 3150 2860 3214 comederit,
2906 3148 3114 3202 nullam
3147 3145 3466 3200 accusatiu-

203 3239 440 3310 ηγορίας
466 3242 560 3293 καὶ
588 3242 615 3294 ὁ
638 3241 829 3313 Σωτὴρ
860 3242 1079 3311 ἔδειξεν,
1120 3248 1198 3309 είς
1229 3247 1327 3317 τὴν
1375 3250 1513 3321 ὅπερ
1545 3251 1652 3306 τῶν
1685 3271 1790 3322 μα-

206 3329 395 3399 θητῶν
423 3329 720 3400 ἀπολογίαν
742 3332 902 3387 τοῦτο
931 3336 1169 3408 εἰρηκὼς
1196 3340 1258 3392 τὸ
1290 3338 1555 3413 διήγημα.
1594 3344 1652 3400 C.
1686 3344 1750 3402 L.

280 3512 393 3567 Καί
416 3512 455 3581 ἠ
478 3512 617 3580 ὁδὸς
646 3514 797 3585 αὕτη
813 3517 1104 3586 βέϐηλος.
1134 3521 1341 3587 Είπὼν,
1359 3522 1441 3577 ὅτι
1475 3527 1623 3595 τρεῖς
1652 3525 1789 3596 ἠμέ-

206 3621 312 3677 ρας
339 3606 659 3677 ἠγνεύκασι,
692 3610 1079 3681 προστέθεικεν
1138 3613 1220 3668 ότι
1258 3613 1346 3667 διὰ
1365 3614 1463 3686 τὴν
1496 3621 1789 3689 προκειμέ-

205 3716 308 3767 νην
339 3698 658 3768 ἀναγκαίως
694 3702 793 3772 τῆς
833 3705 985 3775 ἱερᾶς
1013 3707 1223 3776 τροφῆς
1256 3709 1651 3780 μεταλήψεται.
1701 3712 1788 3777 Ὠς

202 3792 273 3844 ἂν
305 3792 398 3845 ὑπ’
425 3793 597 3862 αὐτῆς
617 3796 960 3865 κρατυνθεὶς,
984 3800 1053 3851 τὰ
1080 3802 1413 3871 προκείμενα
1441 3804 1783 3879 κατορθώσῃ.

204 3884 282 3937 Τὸ
323 3885 381 3937 δὲ
405 3884 704 3952 βέϐηλον,
746 3888 847 3941 οὐκ
888 3889 981 3941 ἐπὶ
1009 3891 1103 3944 τοῦ
1134 3891 1476 3963 ἀκαθάρτου
1516 3897 1790 3966 τέθεικεν,

201 3976 324 4029 ἀλλ’
356 3978 449 4031 ἐπὶ
490 3976 585 4031 τοῦ
632 3978 719 4048 μὴ
777 3982 959 4049 ἱεροῦ,
994 3982 1117 4037 ὅθεν
1149 3985 1244 4037 καὶ
1286 3985 1518 4053 Ἀκύλας
1557 3991 1787 4059 λαῖκὴν

200 4067 491 4132 ἐξέδωκεν.
542 4070 857 4138 Τουτέστιν,
897 4074 945 4126 εί
992 4074 1088 4128 καί¹
1120 4077 1298 4147 ίερεὺς
1344 4079 1445 4132 οὐκ
1468 4082 1604 4152 εἰμὶ,
1649 4083 1787 4137 ἀλλὰ

204 4161 557 4231 προφητικῆς
580 4163 853 4234 τετύχηκα
873 4166 1115 4237 χάριτος.
1143 4167 1320 4241 Σκεύη
1344 4170 1454 4243 γὰρ
1470 4173 1649 4228 αὐτῶν
1689 4176 1785 4230 καὶ

203 4251 505 4319 πανοπλία,
533 4254 565 4324 ἡ
601 4254 950 4325 πνευματικὴ
982 4255 1181 4326 δωρεά.

274 4426 399 4480 Ὅτι
432 4428 546 4482 οὐκ
576 4428 748 4483 ἐστιν
785 4430 957 4500 ἑτέρα
982 4433 1193 4503 ’παρὲξ
1226 4434 1417 4505 αὐτῆς
1466 4431 1604 4495 ὦδε.
1646 4442 1784 4496 Οὐδὲ

1895 3262 2018 3302 nem
2054 3245 2391 3307 incurrisse,
2440 3243 2606 3296 etiam
2641 3239 2894 3294 Salvator
2925 3237 3346 3303 demonstravit,
3372 3236 3467 3290 ubi

1896 3348 1956 3394 ut
1979 3338 2281 3409 discipulos
2307 3350 2440 3392 suos
2468 3331 2808 3399 defenderet,
2829 3331 2994 3402 hujus
3022 3330 3101 3386 rei
3129 3329 3466 3384 mentionem

1896 3430 2046 3487 fecit.

1966 3521 2141 3578 Vens.
2168 3520 2222 3577 5.
2270 3521 2338 3576 Et
2381 3522 2465 3577 via
2490 3523 2602 3576 ha’c
2645 3519 2895 3587 impura,
2941 3525 2990 3569 et
3035 3511 3289 3583 profana.
3327 3508 3467 3563 Cum

1895 3614 1963 3670 ad
2016 3625 2133 3669 tres
2185 3613 2305 3669 dies
2362 3612 2745 3668 sanctiticatos
2791 3622 2916 3664 esse
2960 3606 3226 3670 dixisset,
3266 3600 3469 3669 adjecit

1894 3721 1955 3763 se
1997 3705 2064 3761 ad
2118 3705 2225 3761 iter
2274 3705 2618 3779 propositum
2666 3698 3107 3761 conficiendum,
3152 3694 3469 3764 impellente

1894 3800 2248 3863 necessitate,
2286 3798 2429 3853 sacri
2462 3797 2571 3852 cibi
2607 3804 2817 3867 partem
2853 3800 3213 3861 accepturum
3240 3791 3471 3851 esse,ut

1893 3892 2227 3947 necessitate
2260 3890 2442 3945 victus
2486 3904 2598 3943 rem
2645 3896 2969 3959 prmsentem
3017 3881 3375 3943 defenderet,
3413 3886 3469 3933 et

1891 3984 2212 4054 corrigeret.
2240 3981 2701 4052 Bé6nlov,autem
2725 3994 2834 4034 non
2863 3992 2961 4048 pro
2993 3975 3328 4045 ἀκαθάρτου,
3361 3969 3460 4026 ενα

1891 4092 1990 4147 pro
2029 4074 2103 4147 μὴ
2149 4073 2321 4147 ἱεροῦ,
2358 4073 2412 4128 id
2447 4080 2562 4137 est,
2599 4086 2710 4127 non
2764 4076 2989 4132 sancto,
3045 4067 3249 4137 posuit.
3303 4062 3466 4117 Unde

1889 4167 2086 4237 Aquila
2116 4166 2281 4222 etiam
2321 4165 2513 4219 laicam
2536 4162 2808 4233 exposuit,
2845 4160 2948 4214 hoc
2986 4167 3070 4214 est
3094 4174 3108 4210 :
3132 4155 3246 4210 Etsi
3285 4168 3469 4208 sacer-

1890 4258 1991 4313 dos
2025 4272 2129 4311 non
2160 4257 2264 4312 sim
2297 4294 2312 4318 ,
2365 4255 2569 4310 donum
2608 4251 2990 4323 propheticum
3048 4247 3280 4315 adeptus
3319 4257 3464 4298 sum.

1892 4349 2036 4405 Vasa
2066 4350 2213 4403 enim
2240 4348 2383 4417 ejus,
2420 4356 2474 4403 et
2506 4354 2807 4407 armatura,
2851 4343 3055 4398 donum
3094 4336 3402 4409 spirituale.

1960 4441 2133 4498 Vsus.
2173 4440 2227 4495 9.
2285 4438 2409 4493 Non
2465 4440 2606 4493 alius
2637 4448 2711 4493 est
2760 4439 2844 4490 hic
2884 4442 3076 4503 prwter
3127 4431 3285 4483 hunc.
3347 4425 3466 4479 Non

194 4521 312 4590 γὰρ
346 4522 477 4592 ἐξῆν
513 4524 571 4575 ὲν
600 4525 666 4594 τῇ
702 4527 872 4596 σκηνῇ
930 4525 1026 4579 τοῦ
1078 4526 1212 4581 Θεοῦ
1259 4529 1614 4586 ἀποτίθεσθαι
1643 4536 1783 4590 ὅπλα

1890 4534 2038 4591 enim
2069 4534 2152 4589 fas
2182 4542 2325 4595 erat,
2363 4532 2417 4585 in
2453 4530 2812 4585 tabernaculo
2840 4523 3051 4580 Domini
3085 4537 3239 4577 arma
3263 4520 3465 4573 bellica

199 4611 500 4682 πολεμικά.
538 4612 684 4685 Αῦτη
717 4614 826 4685 γὰρ
845 4615 1094 4670 ἀνέκειτο
1120 4620 1513 4689 χαριστήριον
1542 4626 1623 4690 είς
1650 4629 1787 4699 μνή-

201 4719 316 4773 μην
341 4703 441 4774 τῆς
471 4704 630 4776 νίκης
661 4702 739 4775 τῷ
763 4704 862 4776 τὴν
896 4706 1053 4777 νίκην
1087 4708 1479 4785 δωρησαμένῳ.

270 4886 381 4941 Καὶ
406 4890 822 4957 προσεποιεῖτο
844 4891 914 4946 ἐν
935 4892 1011 4962 τῇ
1032 4894 1222 4965 ἡμέρᾳ
1249 4898 1473 4969 ἐκείνῃ,
1491 4903 1589 4957 καὶ
1605 4904 1780 4977 ἐτυμ-

197 4978 468 5042 adnitier.
483 4981 737 5049 Ἀκύλας,
762 4986 1039 5054 παρείετο
1067 4989 1167 5044 καί
1200 4992 1634 5063 προσέκρουεν.

765 5162 1018 5219 ΚΕΦΑΛ.
1066 5165 1173 5219 ΚΒ¹

270 5247 685 5333 Δυσσεδεστέρα
703 5250 759 5304 δὲ
777 5251 886 5305 τῶν
912 5254 1088 5309 ἀλλων
1110 5257 1143 5327 ἠ
1167 5257 1308 5312 κατά
1328 5260 1438 5314 τῶν
1469 5263 1660 5333 ἱερέων
1683 5267 1778 5321 τοῦ

200 5333 378 5426 Σαοὺλ
400 5332 550 5426 ,αῦτη
584 5338 884 5405 μιαιφονία.
915 5341 1021 5395 Τοῦ
1055 5343 1153 5413 μὲν
1183 5345 1293 5419 γὰρ
1323 5348 1457 5402 Θεοῦ
1486 5351 1656 5426 ἄρδην
1688 5356 1780 5410 τὸν

209 5425 462 5498 Ἀμαλὴκ
494 5428 758 5497 ἀφανίσαι
800 5435 1229 5507 προστεταχότος
1253 5480 1270 5507 ,
1317 5425 1656 5514 παρήκουσε,
1686 5451 1782 5506 καὶ

268 5580 291 5613 ⁸
320 5579 461 5653 Reg.
500 5599 657 5651 χιιι,
685 5585 743 5641 3.
856 5588 898 5619 ¹⁰
930 5587 973 5642 ll
1009 5590 1142 5662 Reg.
1169 5608 1325 5661 χχιιι,
1356 5596 1447 5652 57.

1890 4641 2176 4695 reponere.
2227 4624 2328 4678 Hic
2363 4630 2544 4677 autem
2592 4621 2809 4694 gladius
2842 4624 2963 4672 erat
2996 4612 3355 4687 χαριστήριον
3386 4608 3465 4678 (id

1886 4726 2014 4785 est,
2084 4732 2288 4772 munus
2343 4716 2647 4784 repositum
2698 4712 2751 4766 in
2804 4708 3131 4764 memoriam
3194 4701 3462 4773 victoriae)

1889 4810 2021 4875 Deo,
2053 4810 2149 4881 qui
2183 4807 2474 4863 victoriam
2511 4804 2683 4876 gratis
2709 4802 3043 4857 contulerat.

1965 4901 2127 4957 Vens.
2162 4900 2249 4953 'lO.
2296 4898 2363 4952 Et
2392 4894 2682 4952 simulabat
2710 4894 2762 4947 in
2789 4894 2873 4947 die
2899 4891 3019 4955 illa,
3059 4897 3109 4944 et
3133 4886 3462 4943 verberabat.

1884 4995 2106 5063 Aquila,
2136 4993 2395 5062 παρείετο
2420 4989 2513 5044 καὶ
2536 4986 2922 5058 προσέκρουεν,
2953 4985 3005 5039 id
3056 4989 3145 5039 est
3174 4980 3362 5036 aderat
3415 4985 3466 5031 et

1886 5084 2245 5155 reprimebat;
2282 5083 2390 5149 vel,
2416 5082 2766 5153 percutiebat.

2505 5170 2656 5228 CAP.
2691 5167 2860 5223 XXII.

1959 5267 2084 5323 Haec
2121 5268 2175 5323 in
2206 5265 2527 5325 sacerdotes
2552 5262 2851 5321 commissa
2883 5274 2912 5312 a
2936 5256 3101 5312 Saule
3130 5254 3308 5310 caedes
3338 5266 3459 5306 om-

1888 5361 2038 5415 nium
2070 5362 2307 5415 maxime
2361 5355 2721 5414 exsecrabilis
2759 5358 2863 5407 est.
2906 5349 3044 5404 Cum
3090 5346 3237 5402 cnim
3270 5359 3301 5398 a
3350 5343 3461 5403 Deo

1889 5452 2218 5508 Amalccitas
2245 5451 2511 5507 radicitus
2537 5454 2782 5505 evertere
2807 5444 3001 5513 jussus
3029 5446 3198 5503 esset,
3235 5437 3293 5491 iu
3326 5434 3460 5490 obe-

1525 5688 1757 5744 VARIAS
1782 5689 2187 5750 LECTIONES.

384 5762 741 5856 P11139'Fm-
803 5770 830 5856 ξ’
858 5771 936 5826 Τὰ
968 5773 1075 5856 ἀπὸ
1103 5774 1219 5844 τοῦ,
1249 5776 1331 5832 ὅτι
1354 5777 1429 5846 δὲ,
1456 5777 1583 5850 ἄχρι
1610 5776 1724 5844 τοῦ,
1748 5779 1775 5832 ὁ
1803 5781 1987 5851 Δαόὶδ,
2031 5785 2091 5838 ού
2121 5782 2363 5856 περιέχει
2422 5785 2448 5836 ὁ
2480 5782 2575 5853 τῆς
2602 5780 2733 5850 Λὺγ.
2770 5782 2900 5837 κωδ.
2973 5792 2990 5821 τ
3021 5780 3087 5840 C.
3112 5778 3176 5840 L.
3204 5770 3273 5853 ἦς
3304 5778 3455 5847 κοινῇ

201 5833 399 5900 πάντες
438 5833 741 5909 μετέχομεν
772 5843 818 5895 οἱ
850 5844 1049 5899 πιστοί.
