4058 6504
200 354 342 425 1113

1242 376 1775 441 COMMENTARII
1817 384 1899 445 IN
1941 386 2088 447 LIB.
2128 390 2449 451 [REGUM

3311 401 3456 467 ’1114

199 468 445 525 ἐναντίον
468 470 570 543 τῷ,
600 490 620 524 ι
649 471 713 529 Et
732 474 1091 533 ἀνταπέδωκα
1127 484 1239 546 τοῖς
1256 484 1669 542 ἀνταποδιδοῦσί
1693 508 1784 558 μοι

1900 512 2081 551 ansam
2114 514 2229 554 suae
2260 502 2558 569 impietatis
2600 503 2860 561 invidiam
2909 507 3159 572 habebat,
3187 526 3348 580 quam
3388 531 3457 570 ex

196 562 368 617 κακά.
399 581 421 617 ι
447 564 522 618 Τὸ
549 565 622 636 μὴ
658 568 820 636 μόνον
844 569 1030 638 αὐτὸν,
1046 571 1183 627 ἀλλὰ
1199 576 1434 644 καὶτοὺς
1459 581 1623 635 αὐτοῦ
1644 583 1783 637 πάν-

194 669 297 714 τας
329 651 544 709 ἀνελεῖν
587 660 1033 729 κατεπείγεσθαι.
1082 658 1227 736 Πρὸς
1263 667 1292 720 δ
1321 670 1532 741 ῥητέον,
1559 671 1634 737 ὡς
1662 674 1782 728 οὐδὲ

196 747 587 803 ἀνταπέδωκεν
608 752 674 804 ἐκ
703 752 803 823 τῆς
821 754 917 808 τοῦ
944 755 1081 811 Θεοῦ
1105 761 1486 833 κεκωλυμένος
1504 766 1778 836 προνοίας,

195 840 297 908 τῆς
324 841 396 894 τὰ
444 841 554 894 τῶν
587 844 758 912 ἁγίων
787 846 1216 922 ἀναπληρούσης
1261 853 1620 927 ἐλλείμματα.
1682 861 1783 914 Διὰ

195 930 373 985 ταῦτα
392 935 533 1005 τάχα
548 936 712 1007 φησίν
730 955 745 969 ·
772 938 943 1005 «Ἐγὼ
958 941 1015 995 δὲ
1040 938 1194 996 εἷπον
1214 944 1274 996 ἐν
1302 949 1368 1017 τῇ
1398 947 1623 1020 εύθηνίᾳ
1644 967 1771 1018 μου,

198 1024 279 1077 Οὐ
306 1026 384 1097 μή
408 1027 655 1083 σαλευθῶ
677 1032 758 1095 είς
777 1032 870 1086 τὸν
891 1034 1084 1092 αίῶνα.
1116 1036 1310 1111 Κύριε,
1334 1041 1391 1094 ἐν
1411 1040 1489 1112 τῷ
1514 1042 1783 1114 θελήματί

200 1132 300 1169 σου
333 1119 618 1191 παράσχου
655 1122 733 1194 τῷ
758 1124 945 1180 κάλλει
985 1145 1088 1199 μου
1121 1129 1374 1202 δύναμιν.
1404 1133 1785 1207 Ἀπέστρεψας

194 1210 256 1265 δὲ
286 1213 349 1266 τὸ
384 1214 676 1284 πρόσωπόν
707 1235 823 1285 σου,
863 1220 958 1275 καὶ
988 1223 1256 1295 ἐγενήθην
1284 1229 1712 1299 τεταραγμένος.
1759 1249 1778 1282 ι

198 1302 451 1359 Γίνονται
478 1305 584 1379 γὰρ
611 1308 1051 1380 ἐγκαταλείψεις,
1081 1315 1217 1387 πρὸς
1245 1316 1307 1370 τὸ
1339 1318 1415 1390 μὴ
1436 1320 1562 1384 τοὺς
1592 1321 1783 1389 ἁγίους

198 1394 549 1467 ἐπαίρεσθαι,
577 1398 655 1464 ὡς
676 1400 866 1473 Πέτρῳ
890 1405 1041 1476 παρὰ
1062 1408 1159 1478 τὴν
1186 1408 1435 1481 ἄρνησιν,
1469 1413 1564 1466 καὶ
1583 1414 1782 1484 Παύλῳ

198 1486 437 1555 ἄγγελος
472 1489 668 1545 Σατάν.
705 1492 799 1546 Διὸ
835 1495 929 1547 καὶ¹
960 1496 1021 1549 τὸ
1048 1500 1113 1568 τῇ
1149 1499 1375 1572 προνοίᾳ
1403 1500 1786 1573 διακονισάμε-

1890 598 2035 643 metu
2099 591 2385 647 amittendi
2446 596 2602 665 regni
2669 608 3012 669 conceperat.
3090 601 3458 662 Nihilominus

1891 687 2071 733 tamen
2103 690 2306 750 pugnat
2331 697 2455 737 cum
2494 685 2626 739 illo:
2660 705 2677 738 ι
2705 685 2760 742 Si
2803 689 3006 745 malum
3056 696 3279 764 rependi
3326 698 3458 752 mihi

1892 768 2035 821 mala
2064 769 2464 839 inferentibus;
2505 791 2523 826 ι
2549 776 2695 845 quod
2728 792 2836 831 non
2873 780 3032 834 modo
3067 782 3133 836 ad
3166 782 3455 840 delendum

1889 854 2196 924 Nabalem,
2257 862 2354 917 sed
2399 863 2468 918 ad
2515 871 2684 920 totam
2737 869 2903 922 etiam
2959 852 3137 939 ipsius
3190 873 3455 929 familiam

1888 950 2323 1007 exscindeudum
2368 964 2650 1024 properat.
2702 957 2783 1012 Ad
2836 975 2957 1027 quae
2994 962 3280 1018 dicendum
3330 974 3455 1030 est,

1889 1038 2173 1106 Davidem,
2206 1042 2531 1112 prohibente
2562 1045 2746 1102 divina
2782 1046 3132 1107 Providentia
3167 1053 3311 1124 (qua:
3342 1056 3454 1119 illa,

1888 1144 2010 1200 quae
2046 1131 2254 1187 sanctis
2288 1133 2520 1199 desunt,
2567 1140 2848 1208 resarcit),
2882 1143 3085 1196 malum
3121 1159 3229 1198 non
3260 1161 3455 1217 repen-

1888 1221 2057 1275 disse.
2091 1219 2229 1275 Hinc
2258 1221 2401 1278 forte
2429 1225 2563 1281 dicit
2590 1243 2603 1281 :
2635 1246 2654 1279 ι
2688 1225 2807 1282 Dixi
2843 1229 2898 1284 in
2926 1232 3260 1288 abundantia
3295 1251 3411 1290 mea
3438 1256 3450 1290 :

1888 1312 2006 1366 Non
2060 1316 2448 1372 commovebar
2510 1318 2565 1373 in
2627 1328 2913 1377 aeternum.
2973 1323 3239 1393 Domine,
3300 1326 3458 1397 juxta

1888 1408 2227 1461 voluntatem
2278 1416 2429 1464 tuam
2480 1413 2786 1481 praestitisti
2841 1418 3012 1471 robur
3059 1419 3244 1474 decori
3302 1438 3457 1485 meo;

1889 1506 2141 1555 avertens
2164 1498 2354 1555 faciem
2383 1510 2553 1566 tuam,
2581 1507 2944 1563 conturbatus
2969 1523 3090 1564 sum
3110 1509 3175 1564 ‘°.
3202 1529 3219 1561 ι
3245 1510 3461 1567 Manent

1889 1598 2033 1651 enim
2086 1598 2140 1653 in
2190 1600 2403 1657 sanctis
2456 1603 2735 1673 reliquiae,
2780 1620 2851 1660 ne
2896 1605 3255 1662 insolescant.
3287 1606 3356 1662 Ut
3407 1610 3460 1663 in

1759 1716 1785 1729 -
1891 1689 2073 1757 Petro,
2134 1700 2361 1763 prOpter
2413 1696 2788 1764 negationem;
2861 1696 2916 1751 in
2977 1696 3171 1763 Paulo,
3234 1701 3462 1767 angelus

199 1760 423 1815 νεύεται
452 1763 770 1833 ἀφροσύνη
791 1783 805 1799 ο
837 1767 913 1831 ὡς
960 1770 1054 1823 καὶ
1088 1772 1223 1843 γυνή
1257 1790 1413 1845 φησι,
1475 1776 1571 1830 καὶ
1608 1780 1640 1850 ή
1675 1778 1786 1833 τῶν

1900 1784 2085 1840 Satan.
2119 1760 2463 1856 Quapropter
2489 1760 2651 1843 'hanc
2682 1791 2846 1845 etiam
2893 1793 3300 1858 mulierculam,
3332 1810 3464 1864 pro-

215 1851 531 1923 Ἑϐραϊκῶν
567 1857 849 1929 ὀνομάτων
870 1861 1139 1933 ἑρμηνεία
1169 1867 1512 1936 παρέδωκεν.
1544 1863 1784 1943 τῌειυμ-

1900 1880 2142 1936 videmiae
2190 1880 2285 1935 Dei
2333 1881 2759 1949 inservientem,
2796 1892 2857 1939 ut
2892 1900 2991 1955 par
3022 1894 3177 1953 erat,
3218 1886 3464 1957 impense

205 1943 406 2012 φωνῶν
430 1945 691 2011 Ἀκύλας,
722 1949 984 2014 ἐξέδωκεν
1003 1970 1017 1984 ·
1051 1954 1398 2025 Ἀπόρευσις
1422 1961 1552 2029 μετ’
1575 1964 1781 2019 αὐτοῦ.

203 2034 318 2128 ⁹Ῑῖοῦ
343 2036 469 2128 γὰρ
497 2038 759 2111 λογισμοῦ
793 2044 1154 2117 ὑπορῥέονιός
1180 2068 1239 2103 τε
1274 2051 1370 2105 καὶ
1403 2053 1786 2128 σϐεννυμένου,

1889 1972 2130 2038 amavit,
2172 1972 2374 2043 quippe
2413 1988 2532 2043 qua:
2566 1974 2847 2044 impedivit
2876 1992 3037 2042 eum,
3081 1992 3147 2032 ne
3178 1993 3340 2033 casus
3376 1979 3466 2034 ille

1889 2065 2070 2120 tristis
2103 2065 2555 2135 subsequeretur.
2587 2064 2783 2130 Nabal,
2814 2068 2858 2123 si
2902 2068 3256 2139 interpretari
3286 2071 3422 2126 velis
3447 2109 3463 2135 ,

201 2125 406 2227 tofi};
456 2131 768 2232 ἀφροσύνης
818 2136 1029 2205 γίνεται
1078 2141 1271 2206 πάθος.
1326 2125 1672 2217 Ληφθείηδ
1725 2150 1792 2205 ἂν

1900 2165 1971 2213 est
1998 2125 2374 2225 imprudentia.
2401 2157 2663 2213 Similiter
2680 2160 2924 2229 loquitur
2952 2125 3120 2216 etiam
3146 2162 3382 2232 Abigail,
3410 2171 3467 2218 et

204 2216 387 2272 ταῦτα
414 2222 504 2274 καὶ
535 2223 617 2286 είς
644 2224 737 2278 τὸν
769 2225 986 2297 πρῶτον
1031 2230 1181 2295 λαὸν,
1223 2234 1315 2287 τὸν
1346 2216 1659 2307 ἀγνώμονα.
1699 2242 1788 2294 καὶ

206 2309 364 2363 κακά
390 2312 504 2365 ἀντ’
528 2314 753 2382 ἀγαθῶν
798 2318 1183 2376 ἀποδεδωκότα
1223 2326 1470 2398 Χριστῷ.
1494 2329 1587 2396 Ἐξ
1617 2324 1793 2401 οὗπερ

207 2402 244 2469 ἡ
277 2401 372 2455 τοῦ
410 2403 546 2459 Θεοῦ
576 2405 803 2479 λατρεία
838 2412 1139 2480 μετέπεσεν
1176 2416 1258 2478 είς
1302 2417 1393 2472 τὸν
1434 2418 1554 2473 νέον
1606 2422 1791 2489 Δαϐὶδ,

208 2492 281 2544 δι’
328 2494 397 2563 ἢν
445 2496 727 2562 παντελῶς
775 2500 877 2553 οὐκ
945 2503 1216 2567 ἀπώλετο,
1270 2507 1365 2561 ἐπὶ
1413 2513 1479 2581 τῇ
1512 2512 1794 2584 ἀφροσύνῃ

212 2589 553 2663 συγγνώμην
579 2592 782 2662 λαϐὼν,
806 2596 1052 2661 είπόντος
1090 2598 1183 2653 τοῦ
1239 2601 1477 2672 Χριστοῦ
1496 2618 1511 2633 ο
1545 2620 1563 2653 ι
1592 2603 1793 2675 Πάτερ,

213 2680 360 2750 ἄφες
392 2683 606 2748 αὐτοῖς·
632 2687 691 2739 οὐ
715 2688 823 2757 γὰρ
855 2688 1060 2742 οῐδασιν
1078 2688 1105 2743 ὃ
1128 2690 1396 2745 ποιοῦσιν.
1438 2710 1459 2744 ι
1487 2693 1576 2745 Ἐν
1593 2688 1675 2757 οἷς
1701 2694 1797 2765 ζη-

210 2773 328 2826 τῶν
356 2774 550 2847 βρῶμα
573 2778 669 2849 οὐχ
695 2775 875 2852 εὗρεν,
901 2782 977 2846 ὡς
997 2783 1118 2837 οὐδὲ
1140 2786 1197 2838 ἐν
1222 2787 1290 2857 τῇ
1320 2787 1481 2857 συκῇ,
1501 2789 1568 2859 τῇ
1598 2788 1798 2842 τυπού-

215 2883 289 2939 an
314 2867 415 2940 τὴν
434 2867 704 2927 Ἰουδαίων
724 2874 1075 2949 Συναγωγήν.
1100 2876 1165 2931 Τί
1182 2877 1383 2950 δήποτε
1412 2878 1470 2934 δὲ
1492 2878 1798 2953 ὀμωμοκὼς

213 2967 245 3018 ὁ
285 2965 454 3020 Δαϐὶδ
484 2968 577 3021 καὶ
609 2970 794 3034 αὐτὸν,
828 2972 1068 3038 καὶτοὺς
1100 2977 1198 3031 σὺν
1223 2976 1370 3049 αὐτῷ
1389 2977 1646 3044 κτείνειν,
1670 2999 1803 3052 παρ-

220 3057 326 3129 έϐη
387 3060 479 3113 τὸν
511 3062 704 3133 ὂρκον;
737 3064 960 3136 Ῥητέον
994 3062 1172 3131 οῦνὼς
1207 3070 1235 3123 ὁ
1277 3068 1379 3140 μὲν
1416 3071 1577 3142 ὅρκος
1611 3067 1678 3144 ἦν
1707 3071 1799 3127 τοῦ

218 3148 434 3204 δικαίου
469 3151 642 3222 θυμοῦ
665 3170 679 3184 ⁸
708 3157 741 3226 ῄ
774 3156 829 3210 δέ
852 3157 1035 3225 φειδὼ,
1077 3158 1169 3212 τοῦ
1197 3158 1475 3231 σώφρονος
1513 3162 1797 3236 λογισμοῦ.

216 3241 530 3313 Δεξάμενος
576 3245 685 3317 γὰρ
732 3250 832 3319 τῆς
857 3249 1141 3319 Ἀϐιγαίας
1171 3252 1268 3324 τὴν
1316 3254 1575 3319 ίκετείαν,
1606 3255 1799 3311 ἔσϐεσε

214 3332 317 3385 τὸν
343 3333 547 3403 θυμόν⁸
580 3337 803 3407 ἄμεινον
831 3339 940 3410 γὰρ
966 3342 1279 3414 παραϐῆναι
1319 3345 1422 3417 τῆς
1455 3348 1688 3419 ἀπειλῆς
1713 3349 1801 3403 τὸν

216 3426 372 3494 ὅρον,
412 3426 447 3497 ἢ
478 3428 729 3485 τοσοῦτον
751 3432 1085 3503 ἐργάσασθαι
1120 3435 1325 3507 φόνον.

1893 2248 2286 2304 llcbraicorum
2317 2264 2538 2319 quoque
2582 2250 2867 2305 nominum
2924 2254 3307 2323 interpretatio
3370 2271 3463 2311 re-

1894 2337 2149 2404 spondet.
2188 2338 2288 2394 Cui
2343 2339 2671 2410 astipulatur
2725 2341 2965 2410 Aquila,
3024 2345 3116 2411 qui
3168 2344 3464 2414 exposuit,

1907 2428 2229 2499 Ἀπόρευσις
2257 2431 2376 2499 μετ’
2397 2430 2581 2484 αὐτοῦ.
2600 2428 2737 2484 Nam
2768 2431 3077 2498 recedente,
3111 2440 3165 2488 et
3191 2436 3465 2490 exstincta

1898 2518 2128 2582 ratione,
2180 2519 2566 2589 imprudentiae
2611 2520 2826 2577 affectio
2856 2524 3075 2579 toritur.
3131 2523 3304 2580 Porro
3358 2527 3472 2582 haec

1896 2609 2069 2664 veteri
2119 2610 2338 2680 ingrato
2385 2613 2588 2683 populo
2644 2614 3052 2684 relinquantur,
3107 2616 3200 2686 qui
3247 2617 3472 2673 Christo

1899 2715 1997 2770 pro
2022 2702 2300 2758 beneficiis
2342 2704 2610 2759 maleficia
2643 2706 2912 2776 rependit,
2954 2722 3019 2761 ex
3055 2722 3164 2777 quo
3196 2708 3262 2762 ad
3286 2708 3473 2777 junio-

1899 2809 2014 2848 rem
2057 2793 2317 2850 Davidem
2365 2797 2548 2852 cultus
2604 2797 2698 2852 Dei
2753 2798 3043 2853 devolutus
3090 2808 3201 2865 est,
3251 2807 3476 2871 propter

1899 2901 2061 2959 quem
2108 2888 2316 2944 cultum
2370 2889 2608 2958 p0pulus
2654 2888 2767 2953 ille,
2813 2905 2922 2943 non
2981 2889 3232 2946 funditus
3276 2892 3472 2961 periit,

1900 2988 2126 3050 propter
2188 2980 2560 3052 ignorantiam
2630 2980 2845 3045 veniam
2910 2982 3192 3053 adeptus,
3259 2982 3478 3038 dicente

1901 3074 2167 3131 Christo:
2203 3091 2221 3126 ι
2258 3071 2437 3137 Pater,
2477 3073 2702 3144 ignosce
2733 3074 2835 3140 eis,
2878 3075 3134 3131 nesciunt
3156 3076 3301 3130 enim
3346 3073 3475 3143 quid

1903 3164 2107 3221 faciant
2131 3164 2194 3217 '°.
2223 3184 2242 3217 ι
2278 3163 2339 3219 In
2370 3165 2571 3234 quibus
2592 3180 2716 3218 cum
2748 3180 2869 3234 quae
2895 3165 3113 3223 sivisset
3140 3165 3345 3227 cibum,
3366 3178 3474 3220 non

1906 3257 2133 3322 invenit,
2162 3256 2620 3327 quemadmodum
2657 3272 2760 3313 nec
2785 3258 2839 3313 in
2869 3259 2963 3313 illa
2994 3258 3122 3323 ficu,
3144 3272 3267 3328 qua:
3298 3254 3471 3328 Syna-

1903 3363 2054 3420 gogaz
2069 3344 2382 3402 Iudaeorum
2402 3354 2590 3417 typum
2617 3345 3081 3417 praeferebatﬁur
3104 3347 3267 3418 igitur
3286 3346 3479 3412 David,

1907 3440 1999 3509 qui
2032 3447 2221 3495 sancte
2248 3437 2455 3509 juravit
2501 3454 2561 3494 se
2604 3453 2712 3493 non
2750 3438 2912 3493 modo
2949 3437 3247 3503 Nabalem,
3299 3438 3393 3493 sed
3426 3447 3483 3492 et

224 3530 398 3575 totam
427 3520 605 3591 ipsius
646 3522 910 3579 familiam
942 3526 1286 3595 deleturum,
1333 3513 1562 3585 violavit
1645 3528 2061 3601 juramentum?
2103 3530 2403 3587 Dicendum
2462 3538 2547 3585 est
2597 3531 2972 3600 jnramentum
3030 3529 3192 3599 justze
3258 3529 3482 3584 iracun-

218 3610 331 3667 dia:
362 3610 566 3679 fuisse;
595 3613 1022 3671 misericordiam
1050 3632 1177 3673 vero
1205 3618 1489 3689 prudentis
1533 3619 1781 3690 rationis}
1820 3628 1874 3677 et
1932 3620 2168 3677 consilii.
2213 3620 2449 3690 Accepta
2488 3621 2632 3675 enim
2696 3619 3097 3690 supplicatione
3159 3617 3438 3690 Abigaelis
3464 3654 3481 3681 ,

222 3704 488 3760 restinxit
518 3705 777 3761 furorem.
828 3705 1013 3765 Satius
1045 3708 1190 3764 enim
1216 3716 1318 3775 est,
1346 3725 1468 3780 quae
1493 3710 1731 3767 minatus
1752 3727 1809 3768 es
1847 3712 2138 3783 negligere,
2170 3725 2332 3780 quam
2364 3718 2571 3764 tantam
2600 3708 2800 3764 caedem
2825 3709 3023 3764 facere.

294 3795 607 3865 Οὐροῦντα
621 3798 771 3866 πρὸς
792 3798 1022 3868 τοῖχον.
1040 3801 1156 3854 Οὐκ
1172 3801 1326 3870 ούρεῖ
1350 3818 1433 3866 τις
1460 3801 1656 3869 ἐστὼς,
1687 3802 1810 3857 οὐδὲ

225 3887 370 3958 πρὸς
397 3889 597 3958 τοῖχον,
635 3890 683 3942 εί
710 3888 788 3960 μὴ
838 3890 1112 3962 σχολάζοι.
1159 3891 1328 3946 Τοῦτο
1355 3888 1450 3948 οὖν
1498 3911 1693 3966 φησιν,
1729 3896 1811 3951 δτι

226 3981 330 4032 καὶ
368 3979 461 4033 τὸν
490 3979 798 4052 ἀμέριμνον
824 3982 918 4036 καὶ
951 3983 1121 4054 μηδὲν
1160 3983 1549 4055 προσδοκῶντα
1579 3985 1772 4040 παθεῖν
1792 4001 1807 4017 ⁸

230 4070 264 4143 ἢ
301 4069 568 4141 ούροῦντα
611 4072 750 4141 πρὸς
796 4076 998 4145 τοῖχον,
1044 4074 1136 4129 τὸν
1168 4074 1413 4139 ἀσθενῶς
1445 4075 1810 4148 διακείμενον,

230 4160 333 4214 διαὶ
368 4161 562 4231 στῆναι
591 4161 715 4234 δίχα
740 4162 836 4218 τοῦ
868 4165 1172 4237 ἐρείδεσθαι
1200 4165 1277 4238 τῷ
1303 4166 1467 4238 τοίχῳ
1486 4167 1815 4223 ἀδυνατοῦν-

231 4268 329 4306 τα.
358 4251 542 4307 Ἀλλοι
574 4254 635 4308 δέ
663 4254 772 4309 τὸν
810 4256 968 4311 κύνα
988 4258 1272 4330 είρήκασι.
1312 4257 1484 4312 Τοῦτο
1524 4259 1635 4331 γὰρ
1664 4259 1814 4332 αύτῷ

231 4342 384 4407 ἔθος.
430 4344 518 4409 Ὠς
545 4342 614 4400 ἄν
639 4347 689 4400 εί
722 4345 1088 4417 ἐλεγεν,”Εως
1114 4348 1275 4414 κυνὸς
1302 4350 1400 4420 οὺχ
1426 4349 1812 4425 ὑπολείψομαι.

1985 3802 2154 3860 Vens.
2182 3799 2285 3859 22.
2300 3800 2359 3857 Μ
2364 3804 2623 3875 ingentem
2657 3802 2728 3855 ad
2757 3798 3163 3872 parietemNec
3186 3799 3481 3872 quisquam

1916 3903 2071 3953 stans
2110 3895 2326 3966 mingit,
2370 3910 2551 3967 neque
2588 3895 2654 3950 ad
2687 3894 2973 3965 parietem,
3020 3893 3129 3949 nisi
3170 3894 3342 3947 otium
3386 3892 3489 3945 ha-

1918 3985 2061 4041 beat.
2125 3986 2242 4041 Hoc
2280 3984 2450 4056 igitur
2502 3983 2637 4039 dicit
2689 3983 2840 4054 quod
2889 3996 3146 4039 securum
3176 3997 3397 4052 quoque
3430 3988 3488 4035 et

1919 4092 2042 4133 sese
2070 4077 2206 4133 nihil
2252 4091 2544 4148 passurum
2595 4082 3011 4146 exspectantem
3054 4088 3166 4129 non
3194 4074 3488 4142 relinquet.

1916 4170 2011 4227 Vel
2030 4171 2363 4241 mingentem
2386 4170 2452 4226 ad
2473 4170 2761 4241 parietem,
2782 4168 3060 4224 infirmum
3089 4167 3246 4230 dicit,
3273 4175 3328 4224 et
3345 4176 3495 4223 stare

1916 4277 2025 4317 non
2054 4262 2351 4327 valentem,
2376 4262 2483 4316 nisi
2522 4259 2733 4332 pariete
2761 4258 3044 4314 fulciatur.
3070 4257 3176 4312 Alii
3207 4272 3388 4310 canem
3410 4255 3493 4311 in-

1915 4362 2314 4427 terpretantur,
2343 4354 2471 4424 quia
2509 4350 2828 4423 hujusmodi
2860 4350 3024 4407 istius
3065 4363 3269 4405 mores.
3322 4343 3495 4414 Quasi

1914 4445 2125 4501 diceret
2172 4443 2352 4501 Deus:
2388 4442 2571 4514 Usque
2624 4442 2690 4498 ad
2746 4456 2938 4497 canem
2996 4455 3107 4495 non
3164 4440 3490 4508 relinquam.

308 4525 409 4577 Ἒιν
440 4522 591 4593 ἐμοὶ,
606 4525 784 4593 Κύριέ
800 4542 941 4596 μου,
964 4524 1001 4594 ἡ
1020 4526 1239 4592 domiti,
1259 4527 1381 4583 ἀντὶ
1396 4527 1517 4593 τοῦ,
1544 4529 1690 4600 ἐμοὶ,
1713 4547 1795 4602 φη

1987 4533 2056 4589 1η
2111 4551 2193 4589 me
2241 4536 2345 4599 sit,
2390 4533 2614 4589 Domine
2670 4533 2765 4595 mi,
2817 4533 2927 4586 haec
2989 4531 3284 4598 iniquitas,
3354 4544 3497 4597 pro,

236 4615 318 4681 σὶ,
353 4614 591 4683 λόγισαι,
627 4614 703 4680 ὡς
734 4616 873 4688 αὐτῇ
913 4618 1246 4691 ἀδικησάσῃ.
1297 4619 1363 4673 Ἡ
1396 4620 1471 4692 μὴ
1509 4621 1795 4692 ἀδικήσασι

1921 4625 2058 4682 mihi
2100 4624 2378 4681 innocenti
2411 4623 2554 4679 hanc
2599 4621 2930 4692 iniustitiam
2994 4620 3226 4689 imputa.
3257 4616 3379 4672 Haec
3412 4618 3496 4671 di-

236 4708 420 4763 ταῦτά
439 4725 625 4778 φησιν,
658 4709 744 4762 ἵνα
772 4710 801 4762 ὀ
828 4709 1037 4776 δίκαιος
1070 4710 1239 4767 Δαϐὶδ
1272 4712 1445 4786 ταύτῃ
1482 4712 1552 4768 τὰ
1580 4712 1671 4767 τοῦ
1699 4711 1818 4766 ἣδι-

240 4802 482 4871 κηκότος
512 4800 831 4873 χαρίσηται.
864 4800 929 4857 C.
965 4801 1030 4859 L.

317 4913 394 4969 Τὸ
656 4866 714 4968 δέ
740 4914 913 4988 ὄνομα
943 4866 1249 4987 μετέϐαλεν
1270 4917 1304 4989 ή
1352 4915 1627 4986 Ἀϐιγαία,
1657 4917 1825 4970 ὅέστι

1924 4719 2001 4775 cit
2030 4718 2297 4774 innocens
2330 4723 2388 4771 ut
2429 4714 2617 4787 justus
2674 4711 2853 4772 David
2915 4709 3138 4766 veniam
3187 4708 3362 4779 iniqui
3393 4704 3496 4779 ipsi

1929 4810 2230 4867 concedat.

1987 4925 2202 4999 Abigail
2240 4937 2373 4982 vero
2411 4920 2833 4978 transformavit
2884 4930 3087 4974 nomen
3136 4916 3319 4971 Nabal
3352 4916 3500 4988 quod

245 5006 525 5079 θρηνῶδες
576 5007 884 5080 ἐπίρρημα.
928 5008 1180 5074 Τοιοῦτος
1224 5009 1335 5082 γὰρ
1376 5010 1630 5075 κάκεῖνος
1674 5009 1795 5075 aeto

1934 5024 2019 5075 est
2073 5017 2329 5097 planctus
2377 5026 2705 5083 cognomen.
2766 5008 2861 5066 llle
2896 5010 3101 5065 etenim
3152 5009 3356 5080 dignus
3384 5019 3503 5066 erat

246 5097 477 5169 θρήνου.
503 5094 567 5151 C.
598 5094 661 5149 L.

320 5209 437 5264 Καὶ
471 5208 587 5277 τὴν
619 5207 854 5278 ψυχὴν,
888 5208 1074 5280 φησὶν,
1122 5206 1352 5278 ἐχθρῶν
1405 5222 1522 5263 σου
1562 5210 1824 5280 σφενδο-

1923 5108 2167 5179 planctu.

2003 5217 2073 5273 Et
2106 5217 2439 5273 inimicorum
2465 5214 2948 5285 tuorum,ainquit,
2993 5213 3176 5267 anima
3218 5210 3502 5264 rolabitur.

252 5300 491 5368 νήσεις.
543 5299 798 5355 Τοιοῦτόν
841 5316 1011 5373 φησιο
1041 5302 1151 5356 Καὶ
1180 5303 1277 5357 ἐὰν
1327 5303 1403 5366 ὡς
1456 5303 1514 5355 ἐν
1564 5303 1795 5371 σφενδόν

1932 5307 2358 5378 Quasidiceret:
2382 5305 2611 5361 Etiamsi
2641 5306 2802 5373 quasi
2835 5304 2891 5358 in
2924 5301 3093 5356 funda
3127 5301 3424 5371 aliquando
3451 5301 3505 5353 in

256 5394 391 5446 ποτὲ
421 5392 656 5465 εὑρεθῇς
698 5394 756 5447 ἐν
792 5393 940 5463 μέσῳ
967 5392 1076 5446 τῶν
1114 5391 1323 5464 ἐχθρων
1353 5408 1469 5456 σου,
1500 5391 1602 5446 οὐκ
1647 5393 1835 5447 ἀποτι-

1936 5399 2119 5455 medio
2168 5398 2522 5452 inimicorum
2575 5405 2799 5451 tuorum
2854 5395 3114 5448 inventus
3170 5392 3361 5454 fueris,
3398 5404 3507 5443 non

259 5486 531 5559 ναχθήση,
562 5486 684 5541 ούδέ
709 5486 1147 5560 σφενδονηθήσῃ⁸
1196 5490 1246 5541 οἱ
1280 5486 1464 5558 μέντοι
1505 5487 1693 5559 ἐχθροί
1738 5505 1795 5542 σο

1941 5486 2262 5550 excutieris,
2298 5502 2478 5555 neque
2544 5485 2822 5540 rotabitur
2881 5483 3064 5538 anima
3124 5490 3240 5537 tua.
3293 5479 3509 5534 Inimici

259 5579 812 5651 ἀποτιναχθήσονται.

332 5672 447 5728 Καὶ
472 5674 584 5727 οὐκ
610 5674 783 5729 ἔσται
807 5687 909 5729 σοι
922 5670 1547 5742 βδελυγμάςὲᾼκύλπ,
1574 5672 1827 5743 λυγμὸς,

341 5794 405 5829 ¹ο⁹
437 5793 583 5853 Psal.
617 5808 767 5865 nix,
799 5797 850 5861 7,
885 5797 935 5850 8.
1017 5794 1097 5827 "“
1131 5793 1268 5850 Luc.
1323 5806 1460 5851 xxlh
1486 5792 1573 5848 34-

1942 5593 2070 5632 vero
2101 5576 2175 5631 tui
2214 5576 2579 5630 excutientur.

2004 5669 2169 5724 Vens.
2221 5668 2309 5723 5|.
2372 5665 2438 5721 Et
2489 5682 2591 5721 non
2648 5666 2747 5720 erit
2806 5665 2897 5719 tibi
2960 5664 3114 5720 homo
3166 5662 3509 5719 abominatio.
