4058 6544
596 365 736 431 1115
1922 366 2276 429 PROCOPII
2313 367 2561 429 GAZ/EI
3709 357 3826 427 1116

595 477 816 545 Aquila,
881 475 1111 546 λυγμός.
1161 476 1347 531 lnnuit
1391 484 1574 531 autem
1611 492 1853 543 morsus,
1890 486 1945 531 et
1975 478 2174 532 stimu-

2225 486 2246 540 ι
2274 478 2571 532 αἰνίττεται
2613 476 2672 530 δὲ
2704 473 2805 539 τὰς
2829 473 2925 529 τοῦ
2957 472 3256 536 συνειδότος
3283 470 3500 535 ἀκίδας.
3531 470 3628 544 [Τδ
3651 472 3723 536 δὲ,
3748 474 3827 542 βα-

596 567 680 621 los
706 566 808 621 sibi
840 567 984 620 male
1009 567 1241 622 conscii.
1276 564 1391 621 Hoc
1436 578 1617 622 autem
1652 566 1859 639 βαροὺχ
1910 566 2172 622 Dominus

1680 568 1859 639 αροὺχ
1910 566 2172 622 Dominus
2279 571 2431 643 ροὺχ,
2470 571 2684 639 Κύριος
2726 567 3059 638 εὐλογητός
3089 566 3155 621 C.
3190 563 3282 636 H.]

600 656 925 713 benedictus.

670 751 784 805 lloc
814 760 1021 814 autem,
1075 749 1332 803 honoravi
1375 747 1569 819 (aciem
1604 760 1773 817 tuam,
1807 748 2174 822 Symmachus

2343 752 2417 806 Τὸ
2437 752 2515 819 δὲ,
2554 753 2873 822 ᾑρέτισατο
2915 752 2983 805 τὸ
3018 748 3344 819 πρόσωπόν
3363 762 3508 816 σου,
3539 748 3826 822 Συμμαχος,

597 851 784 915 vertit,
812 856 1050 901 mutatus
1083 862 1220 901 sunt.

1218 888 1220 896 ι
2271 842 2629 913 ἐνετράπην.
2661 843 2725 902 C.
2759 842 2820 898 L.

1186 936 1340 992 CAP.
1384 934 1579 993 XXVI.

2861 935 3117 991 KnoAA.
3158 936 3304 1002 κεῖν.

681 1032 770 1085 Ἐν
795 1031 1076 1104 λαμπήνῃ.
1110 1030 1295 1087 Genus
1330 1037 1414 1085 est
1444 1045 1666 1093 currus,
1708 1026 2171 1099 quemadmodum

2358 1025 2462 1081 Ἐν
2491 1024 2800 1093 λαμπήνῃ.
2832 1022 2993 1091 Εἶδος
3013 1025 3372 1101 ἁρμαμάξης.
3408 1022 3491 1087 ὡς
3520 1023 3619 1077 καὶ
3644 1024 3676 1093 ἠ
3715 1024 3830 1091 ἀπή-

598 1124 765 1178 etiam
803 1123 1010 1192 ἀπήνη.
1041 1121 1240 1190 Aquila
1289 1120 1449 1187 dicit,
1503 1122 1569 1191 τῇ
1621 1118 2042 1191 στρογγυλώσει.
2076 1116 2175 1173 Vel

2273 1135 2359 1187 νη.
2403 1118 2460 1172 Ὀ
2492 1117 2549 1171 δὲ
2570 1116 2826 1181 Ἀκύλας,
2851 1117 2928 1186 τῇ
2956 1115 3422 1189 στρογγυλώσει,
3454 1112 3644 1183 φησιν.
3670 1114 3733 1166 Ἥ
3763 1114 3830 1169 διὰ

599 1224 827 1285 propter
886 1216 1115 1286 ﬁguram
1162 1223 1504 1284 apparatus;
1547 1214 1633 1270 vel
1676 1213 1921 1270 declarat
1957 1220 2172 1268 vectum

2273 1208 2333 1263 τὸ
2368 1209 2557 1279 σχῆμα
2595 1209 2694 1278 τῆς
2722 1209 3090 1278 κατασκευῆς,
3126 1210 3160 1280 ἢ
3202 1207 3355 1279 δηλοῖ
3378 1203 3441 1259 τὸ
3468 1204 3831 1258 κεκυκλῶσθαι

599 1320 724 1359 esse
757 1305 970 1358 circum
1004 1305 1335 1359 exercitum.

2275 1298 2355 1371 τῷ
2389 1300 2741 1371 στρατοπέδῳ
2777 1299 2870 1354 τὸν
2901 1299 3148 1370 βασιλέα.

676 1392 843 1448 Vens.
875 1393 964 1447 10.
1000 1392 1125 1446 Nisi
1178 1392 1439 1447 Dominus
1468 1392 1787 1460 percusserit
1807 1406 1946 1446 eunt.
1978 1390 2175 1455 Quem-

2357 1392 2492 1445 Ἐὰν
2515 1390 2600 1461 μὴ
2633 1393 2849 1460 Κύριος
2893 1392 3084 1461 παίσῃ
3121 1392 3327 1447 αὐτόν.
3372 1391 3464 1454 Ὧς
3493 1388 3591 1443 καὶ
3633 1389 3736 1443 τῶν
3759 1393 3832 1443 Αί-

600 1486 899 1539 admodum
931 1484 1298 1554 primogenita
1343 1484 1754 1554 IEgyptiorum,
1791 1495 2174 1551 saepenumero

2273 1482 2520 1550 γυπτίων
2549 1482 2619 1536 τά
2652 1483 2995 1554 πρωτότοκα,
3030 1486 3124 1536 καὶ
3161 1483 3253 1537 τὸν
3302 1483 3433 1536 λαδν
3472 1483 3537 1535 ἐν
3566 1484 3634 1554 τῇ
3671 1484 3833 1553 ἐρήμῳ

603 1574 862 1645 populum
892 1574 948 1627 in
982 1574 1231 1639 deserto,
1267 1582 1323 1628 ct
1350 1572 1613 1628 Nabalem
1637 1572 1995 1628 Carmelium.
2037 1570 2171 1626 Illud

2274 1574 2556 1638 πολλάκις,
2609 1574 2706 1627 καὶ
2756 1573 2948 1627 Ναὸἀλ
2991 1578 3082 1629 τὸν
3138 1574 3487 1645 Καρμήλιον.
3539 1572 3616 1625 Τὸ
3666 1572 3756 1627 δέ·
3787 1575 3832 1624 Ἡ

600 1682 732 1721 vero
766 1666 909 1736 quod
937 1665 1070 1720 dicit
1101 1684 1115 1719 :
1151 1666 1259 1719 Aut
1309 1666 1442 1720 Itora
1495 1666 1664 1735 ipsius
1698 1665 1917 1731 venerit,
1950 1672 2176 1719 natura-

2274 1663 2467 1733 ἡμέρα
2509 1663 2698 1717 αὐτοῦ
2736 1662 2887 1731 ἔλθῃ
2914 1703 2930 1729 ,
2979 1662 3074 1717 τὸν
3120 1663 3263 1717 κατὰ
3292 1661 3458 1732 φύσιν
3509 1660 3736 1714 θάνατον
3757 1661 3833 1729 ὁη-

601 1759 706 1812 lem
743 1767 974 1813 mortem
1004 1757 1299 1827 signiﬁcat.
2205 1815 2244 1827 Μ
2275 1755 2378 1808 λοί.

659 1849 772 1903 Νοιι
806 1857 986 1905 tamen
1038 1815 1183 1903 diem
1234 1856 1497 1906 statutam
1538 1863 1661 1905 esse
1688 1847 1844 1903 dicit.
1878 1846 2011 1903 Nam
2044 1860 2167 1901 om-
2204 1815 2247 1871 Β

2232 1819 2247 1869 ι
2345 1840 2420 1895 Οὐ
2453 1841 2635 1912 μέντοι
2660 1840 2974 1913 ὡρισμένην
3009 1842 3174 1913 φησὶν
3205 1837 3344 1896 εἶναι
3383 1842 3489 1913 τὴν
3524 1841 3752 1912 ἡμέραν.
3776 1842 3834 1896 Ti

601 1941 764 1995 nibus
824 1940 1141 1995 hominibus
1190 1941 1358 1995 semel
1410 1940 1547 1995 mori
1616 1939 1840 2010 quidem
1899 1947 2167 1995 statutum

2278 1935 2377 2005 μὲν
2417 1936 2528 2006 γὰρ
2559 1935 2735 1989 κοινὸν
2769 1935 3002 2005 ὥρισται
3051 1936 3269 2000 πάντως
3304 1936 3614 1991 ἀποθανεῖν
3638 1952 3653 1968 °
3706 1938 3757 1990 ιδ
3790 1938 3833 1991 δὲ

597 2036 716 2095 est;
748 2027 845 2084 sed
871 2028 991 2085 dies
1036 2028 1475 2100 uniuscujusque
1523 2030 1719 2085 mortis
1784 2028 2029 2084 nondum
2074 2029 2169 2087 de-

1939 2043 2029 2084 um
2074 2029 2169 2087 de-
2274 2026 2396 2081 καθ’
2432 2026 2684 2093 ἕκαστον,
2712 2027 2811 2080 οὐκ
2842 2028 2922 2081 ἔτι
2948 2028 3009 2082 τὸ
3047 2029 3175 2083 πότε
3202 2029 3343 2085 ἐστί.
3373 2027 3435 2085 C.
3471 2028 3538 2084 L.

599 2117 807 2172 ﬁnitur.

663 2207 804 2273 Quia
833 2224 993 2278 sopor
1035 2208 1253 2264 Domini
1288 2209 1474 2263 cecidit
1526 2209 1583 2263 in
1621 2208 1852 2265 eos.Pro
1883 2225 2041 2280 sopor
2070 2210 2171 2265 Do-

2346 2201 2475 2255 ὐτι
2501 2200 2721 2271 θάμϐος
2744 2204 2964 2271 Κυρίου
2986 2202 3287 2257 ἐπέπεσεν
3310 2203 3403 2257 ἐπ’
3425 2203 3678 2269 αὐτούς.
3712 2204 3832 2256 ’Δντὶ

597 2302 748 2365 mini,
778 2301 974 2369 Aquila
1022 2301 1189 2356 vertit
1245 2317 1429 2370 graves
1472 2302 1859 2369 somnolentia;
1918 2301 2168 2373 Symma-

2274 2293 2332 2347 δὲ
2374 2294 2480 2349 τοῦ
2511 2293 2794 2363 θάμϐους,
2843 2295 3097 2359 Ἀκύλας,
3140 2296 3451 2365 καταφορὰ
3478 2312 3491 2324 ⁸
3536 2294 3826 2366 Σύμμαχος,

597 2391 757 2452 citus.
797 2407 1031 2455 marcor;
1069 2390 1415 2446 Theodotion
1475 2400 1681 2461 stupor.

2276 2385 2461 2454 κάρος
2481 2401 2495 2417 ⁸
2521 2384 2838 2450 Θεοδοτίων,
2865 2387 3177 2451 ἔκστασις.
3218 2386 3280 2441 C.
3315 2385 3377 2439 L.

667 2480 931 2544 Quoniam
964 2481 1067 2549 ﬁlii
1099 2483 1284 2535 mortis
1313 2483 1440 2536 estis
1477 2499 1566 2537 vos
1598 2486 1689 2553 qui
1721 2501 1824 2538 non
1861 2484 2170 2540 custodistis

2350 2476 2479 2532 ’Ὁτι
2502 2473 2620 2533 υἱοὶ
2640 2472 3026 2539 θανατώσεως
3042 2474 3211 2543 ὑμεῖς
3248 2476 3303 2527 οἱ
3326 2474 3398 2527 οὺ
3418 2471 3827 2542 φυλάσσοντες

596 2571 868 2624 dominum
919 2581 1170 2637 vestrum,
1219 2572 1489 2627 Christum
1540 2574 1776 2630 Domini.
1814 2574 1945 2630 Filii
1988 2579 2171 2633 mortis

2276 2567 2383 2622 τὸν
2405 2564 2672 2633 βασιλέα
2714 2563 2823 2623 τὸν
2853 2564 3063 2632 κύριον
3099 2562 3265 2633 ὑμῶν
3296 2563 3405 2622 τὸν
3453 2562 3710 2638 χριστὸν
3735 2571 3826 2620 Κυ-

601 2677 686 2716 vos
722 2677 843 2731 pro,
880 2673 1047 2716 morte
1074 2663 1224 2732 digni
1247 2665 1395 2721 estis.
1433 2665 1691 2722 Attamen
1723 2669 1936 2723 hastam
1962 2680 2011 2723 et
2045 2685 2170 2740 scy-

2272 2662 2429 2729 ριου.
2466 2661 2538 2713 Τὸ
2578 2661 2655 2728 δὲ,
2720 2662 2839 2716 υἱοὶ
2894 2659 3282 2729 θανατώσεως
3323 2663 3522 2733 ὑμεῖς,
3572 2662 3691 2715 ἀντὶ
3732 2659 3822 2723 τοῦ,

600 2755 760 2822 phum
814 2768 971 2822 aqua:
1006 2754 1239 2808 abstulit
1280 2755 1481 2811 iterum
1532 2758 1727 2825 David,
1771 2771 1830 2813 ut
1858 2759 2170 2818 beneﬁcen-

2276 2752 2454 2817 ἄξιοι.
2483 2753 2557 2806 Τὸ
2593 2753 2777 2824 μέντοι
2797 2754 2926 2825 δόρυ
2952 2756 3045 2807 καὶ
3077 2755 3168 2807 τὸν
3196 2756 3370 2824 φακὸν
3401 2753 3500 2807 τοῦ
3533 2752 3717 2814 ὕδατος

599 2846 728 2897 tiam
761 2845 963 2899 iterum
993 2845 1332 2900 ostenderet.

2275 2843 2360 2896 λιν
2419 2842 2639 2911 εἴληφεν
2670 2845 2698 2896 ὁ
2746 2843 2930 2905 Δαϐὶδ,
2981 2844 3069 2897 ἵνα
3119 2844 3218 2911 τὴν
3271 2845 3653 2914 γεγενημένην
3699 2840 3826 2905 αὖθις

2277 2933 2595 3003 εὐεργεσίαν
2621 2931 2865 3007 ἐπιδείξῃ
2901 2933 2944 2988 ί.
2972 2934 3035 2989 C.
3070 2932 3130 2988 L.

658 3022 823 3079 Vens.
872 3022 962 3079 i9.
1018 3022 1284 3090 Dicentes,
1334 3026 1468 3093 Abi,
1517 3036 1567 3081 et
1618 3028 1728 3084 cole
1775 3029 1899 3084 deos
1945 3029 2168 3087 alienos.

2348 3023 2662 3095 Λέγοντες,
2701 3026 2992 3094 Πορεύου,
3025 3026 3125 3079 καὶ
3159 3025 3411 3080 δούλευε
3459 3024 3626 3091 θεοῖς
3674 3024 3826 3078 ἀλλο-

597 3113 712 3167 Nou
754 3115 982 3172 disertis
1040 3118 1223 3174 verbis
1258 3129 1677 3191 expresserunt,
1712 3123 1807 3177 sed
1835 3123 2015 3193 reipsa
2045 3138 2169 3178 eum

2223 3172 2241 3193 η
2277 3116 2479 3182 τρίοις.
2529 3116 2602 3169 Οὐ
2636 3115 2724 3169 διὰ
2771 3116 3031 3187 ῥημάτων
3060 3115 3264 3184 ἔλεγον,
3310 3116 3447 3169 ἀλλά
3475 3114 3571 3169 διὰ
3603 3115 3825 3185 πραγμά-

1088 3172 1095 3173 ,
1206 3172 1216 3174 ι
1270 3172 1278 3173 ,
1565 3172 1677 3186 ---η
1713 3172 1807 3177 ___
1836 3172 2015 3193 ---τὴ
2050 3172 2168 3178 -____

600 3206 704 3259 hoc
741 3206 924 3263 facere
950 3208 1267 3277 adigebant.
1310 3209 1445 3264 Cum
1489 3211 1634 3266 enim
1688 3214 1890 3283 ubique
1928 3229 2052 3269 eum
2080 3198 2202 3268 ex?

2222 3172 2243 3231 3
2275 3172 2385 3260 τίον
2413 3172 2725 3279 ηνάγκαζον
2960 3172 3388 3279 Πάντοθεν1γὰρ
3422 3207 3591 3260 αὑτὸν
3636 3172 3824 3272 ἐξεᾷᾆι-

600 3296 885 3365 pellerent,
943 3297 1333 3353 necessitatem
1383 3299 1433 3354 ei
1488 3301 1865 3371 imponebant,
1903 3311 1963 3359 ut
1992 3304 2048 3359 in
2085 3321 2175 3359 ur-

2276 3313 2481 3363 νοντες,
2513 3296 2760 3367 ἀνάγκην
2783 3298 3011 3366 ἐπῆγον,
3045 3297 3126 3359 εἰς
3147 3296 3245 3359 τὰς
3274 3296 3383 3349 τῶν
3413 3294 3724 3364 ἀλλοφύλων
3746 3293 3822 3345 πό-

599 3389 694 3442 bes
723 3386 1164 3455 Palmstinorum,
1202 3397 1389 3459 utpote
1420 3393 1687 3461 munitas,
1721 3394 2066 3465 confugeret.

1583 3402 1687 3461 tas,
1721 3394 2066 3465 confugeret.
2274 3386 2410 3450 λεις,
2438 3385 2514 3449 ὡς
2541 3384 2764 3455 ὀχυρὰς,
2795 3385 3183 3453 καταφεύγειν.

672 3476 843 3531 David
901 3493 1153 3549 magnam
1202 3488 1257 3535 et
1309 3481 1689 3538 admirabilem
1725 3485 1968 3541 ostendit
2000 3486 2175 3542 virtu-

2345 3475 2556 3548 Πολλὴν
2588 3477 2761 3531 δὲκαὶ
2792 3474 3147 3547 Θαυμασίανὸ
3168 3472 3327 3527 Δαϐὶδ
3349 3472 3476 3544 ἔσχε
3502 3472 3605 3540 τὴν
3633 3469 3817 3541 ἀρετὴν,

597 3577 729 3633 tem,
756 3567 884 3638 quia
924 3584 1048 3623 cum
1082 3577 1234 3624 tanta
1269 3586 1470 3642 passus
1502 3583 1670 3640 esset,
1700 3573 1825 3630 data
1857 3578 2171 3645 occasione,

2274 3571 2357 3626 ὅτι
2390 3570 2629 3625 τοσαῦτα
2655 3568 2898 3640 πάσχων,
2932 3568 3034 3621 οὐκ
3056 3566 3303 3638 ἠμύνατο
3331 3564 3585 3634 δυνηθεὶς
3606 3563 3669 3617 δι’
3687 3564 3820 3632 ὑπερ-

600 3666 817 3714 nonest
865 3659 1033 3724 ultus,
1076 3669 1304 3732 propter
1354 3665 1806 3721 mansuetudinis
1857 3682 2171 3723 excessum.

2275 3663 2439 3732 ϐολὴν
2471 3660 2809 3732 πραότητος.
2843 3658 3010 3713 Ὅθεν
3049 3658 3190 3730 μετά
3236 3656 3556 3728 παρρησίας
3603 3656 3749 3725 φησὶν
3776 3656 3819 3708 ἐν

601 3749 724 3805 Ideo
763 3752 1102 3808 conﬁdenter
1181 3754 1239 3809 in
1282 3753 1516 3812 Psalmis
1584 3758 1761 3813 dicit:
1799 3777 1818 3812 ι
1876 3758 2171 3829 Memento,

2274 3755 2542 3827 Ψαλμοῐςο
2581 3772 2599 3806 ι
2627 3752 2934 3824 Μνήσθητι,
2980 3750 3180 3822 Κύριε,
3223 3748 3318 3803 τοῦ
3362 3747 3529 3802 Δαδὶδ
3553 3748 3648 3802 καὶ
3674 3746 3820 3814 πάσης

605 3841 848 3910 Domine,
884 3841 1075 3908 David,
1117 3854 1173 3900 et
1206 3847 1384 3901 omnis
1440 3847 1887 3907 mansuetudinis
1912 3850 2034 3921 ejus
2071 3850 2168 3905 “.i

1595 3847 1887 3907 iuetudinis
1912 3850 2034 3921 ejus
2071 3850 2168 3905 ιι.»
2274 3848 2374 3921 τῆς
2406 3847 2718 3921 πραότητος
2756 3845 2943 3900 αὐτοῦ.
2986 3864 3004 3898 ι
3040 3845 3103 3901 C.
3135 3843 3197 3899 L.

1019 3934 1173 3989 car.
1208 3934 1422 3991 xxvu.
1458 3936 1750 4012 [XXVIIL]

1674 3937 1750 4012 11.]
2850 3935 3103 3990 ΚΕΦΔΛ.
3145 3934 3276 3987 KZ'.

663 4017 825 4075 Vens.
847 4021 903 4075 2.
954 4021 1022 4077 Et
1058 4039 1152 4094 ego
1202 4026 1386 4081 ducent
1440 4030 1708 4099 regiorum
1760 4031 2040 4087 custodum
2080 4050 2171 4103 po.

2348 4028 2550 4096 Οὕτως
2631 4024 3259 4097 ἀρχισωματοφύλακα
3313 4018 3583 4093 θήσομαι
3626 4031 3695 4074 σε
3733 4015 3818 4071 .τά-

601 4129 723 4165 nam
761 4122 827 4166 te.
857 4112 1056 4168 Ducem
1092 4130 1224 4171 vero
1270 4119 1548 4190 regiorum
1581 4120 1897 4189 custodum,
1931 4139 2030 4193 pro
2063 4140 2174 4181 cu-

2274 4137 2395 4190 σας
2444 4121 2557 4189 τὰς
2626 4120 2873 4191 ἡμέρας.
2930 4115 3539 4190 ’Δρχιοωματοφύλακα
3592 4113 3684 4180 δὲ,
3727 4110 3819 4164 ἀντὶ

602 4201 812 4256 stodem
845 4204 1045 4271 capitis
1090 4206 1219 4260 mei.

2273 4214 2390 4280 τοῦ,
2419 4213 2640 4284 φύλακα
2676 4213 2776 4284 τῆς
2804 4210 3202 4281 κεφαλῆςμου.
3233 4210 3291 4264 C.
3336 4207 3401 4263 L.

666 4290 834 4346 Vens.
920 4293 973 4347 5.
1048 4292 1266 4350 Samuel
1332 4311 1574 4357 mortuus
1628 4312 1727 4359 est.
1786 4304 2172 4363 Narrationem

2345 4306 2457 4363 Καὶ
2494 4304 2784 4377 Σαμουὴλ
2838 4303 3156 4359 ἀπέθανεν.
3199 4301 3425 4357 Μέλλων
3453 4299 3548 4361 ,τὰ
3594 4297 3722 4352 κατὰ
3742 4294 3818 4364 τὴν

601 4395 900 4435 oxorsurus
955 4384 1232 4452 quomodo
1281 4384 1414 4442 Saul
1446 4389 1835 4461 Pythonissam
1875 4397 2174 4453 consulue-

2275 4394 2718 4469 ἐγγαστρίμυθον
2765 4392 3094 4465 διηγεῖσθαι,
3135 4391 3459 4464 ἠναγκάσθη
3503 4388 3666 4446 πάλιν
3710 4403 3818 4459 μνη·

603 4472 694 4532 rit,
725 4470 906 4526 denuo
935 4481 1169 4528 mortem
1201 4473 1474 4534 Samuelis
1525 4494 1755 4539 coactus
1787 4494 1870 4540 est
1899 4495 2172 4555 repetere.
2204 4508 2205 4563 χ

1730 4499 1755 4539 s
1787 4494 1870 4540 est
1899 4495 2172 4555 repetere.
2204 4505 2254 4566 ι)
2280 4489 2474 4561 σθῆναι
2508 4490 2609 4559 τῆς
2633 4486 2728 4542 τοῦ
2760 4485 3019 4558 Σαμουὴλ
3039 4485 3326 4555 τελευτῆς.

672 4561 835 4619 Vens.
889 4564 941 4619 8.
997 4563 1065 4618 Et
1114 4570 1339 4622 mutavit
1383 4570 1625 4627 habitum
1657 4591 1813 4629 suum
1840 4573 1996 4630 Saul.
2049 4576 2160 4633 Pro
2204 4561 2240 4566 —

2214 4561 2240 4566 ⁷
2346 4579 2458 4637 Καὶ
2488 4578 2959 4647 συνεκαλύψατο
2996 4577 3220 4633 Σαούλ.
3258 4576 3404 4631 Ἀντὶ
3444 4573 3563 4643 τοῦ,
3592 4589 3816 4632 συνεκα-

606 4660 859 4724 mutavit,
897 4658 1434 4731 Symmachusdixit,
1459 4683 1570 4721 sese
1601 4670 2025 4742 transﬁguravit.
2060 4670 2177 4729 Hoc

2274 4675 2538 4743 λύψατο,
2590 4670 2915 4743 Σύμμαχος,
2957 4670 3484 4741 μετεσχημάτισεν
3511 4668 3735 4731 ἑαυτὸν,
3759 4658 3815 4717 εἴ·

602 4760 785 4805 autem
821 4751 1160 4824 signiﬁcabit
1188 4757 1363 4829 regiae
1404 4757 1692 4830 dignitatis
1722 4764 2171 4822 translationem.

2277 4781 2380 4819 πεν
2410 4765 2458 4820 ⁸.
2499 4761 2720 4835 Ἐδήλου
2751 4763 2811 4818 δὲ
2840 4760 2999 4817 τοῦτο
3028 4761 3130 4835 τὴν
3170 4761 3271 4833 τῆς
3296 4760 3588 4832 [βασιλείας
3631 4757 3815 4815 ἐναλλα-

2277 4856 2402 4926 γήν.
2434 4853 2499 4910 C.
2530 4853 2597 4910 L.
2866 4858 2889 4879 ⁸

676 4926 843 4985 Vens.
890 4930 977 4986 M.
1062 4932 1248 4989 Virum
1321 4948 1523 4995 rectum
1604 4941 1712 4997 uidi
1781 4944 2169 5000 ascendentem.

2353 4945 2578 5014 Ἄνδρα
2598 4943 2803 5013 ὄρθιον
2836 4942 3261 4999 ἀναϐαίνοντα.
3305 4942 3464 5006 Τινὲς
3508 4958 3689 5012 φασιν,
3709 4939 3812 5008 ἀληα

655 5022 888 5088 Quidam
929 5023 1122 5081 dicunt
1151 5028 1459 5087 Samuelem
1503 5049 1631 5089 vere
1664 5044 1982 5092 revocatum
2007 5036 2173 5107 519

2273 5036 2383 5101 θῶς
2411 5036 2797 5107 ἀνενηνοχεναι
2825 5033 2916 5088 τὸν
2951 5032 3232 5104 Σαμουὴλ.
3268 5027 3344 5088 Οὗ
3374 5034 3428 5087 τί
3455 5033 3808 5103 ἀσεϐέστερονς

601 5126 746 5166 esse.
805 5111 1073 5169 Caeterum
1118 5117 1252 5187 quid
1310 5121 1485 5191 magis
1520 5122 1748 5193 impium
1777 5132 1882 5193 est,
1922 5141 2087 5196 quam
2119 5126 2168 5182 si

2268 5129 2318 5181 εί
2380 5127 2703 5198 περιέργων
2750 5124 2963 5197 ἐπῳδαὶ
3010 5124 3199 5195 ψυχῶν
3245 5124 3418 5193 ἁγίων
3468 5125 3810 5197 κρατήσουσιν,

602 5202 848 5258 dicamus
899 5203 1178 5263 daemones
1225 5208 1652 5269 incantamentis
1707 5217 2054 5272 curiosorum
2106 5216 2165 5273 in

2281 5213 2358 5275 ὧν
2383 5218 2716 5284 ἐτιζώντων
2742 5217 2846 5272 οὐκ
2887 5216 3201 5288 ἐκράτησαν
3232 5219 3281 5271 oi
3327 5216 3603 5287 δαίμονες.
3638 5216 3701 5269 Ἦ
3728 5210 3808 5266 τοί-

605 5298 817 5352 animas
852 5309 1171 5369 potestatem
1204 5302 1427 5371 habere,
1475 5306 1530 5361 in
1560 5323 1723 5378 quas.
1761 5310 1943 5380 quoad
1983 5310 2163 5365 homi-

2266 5327 2364 5366 νυν
2398 5311 2677 5383 δαιμόνιον
2725 5309 2928 5365 πλάνον
2971 5308 3033 5363 τὸ
3076 5311 3263 5381 σχῆμα
3308 5307 3405 5363 τοῦ
3435 5308 3678 5381 Σαμουὴλ
3705 5306 3808 5360 ὑπο-

606 5402 705 5444 nes
730 5387 1007 5455 vixerunt,
1064 5400 1393 5463 potestatem
1450 5397 1652 5451 nullam
1688 5399 2039 5455 habuerunt?
2068 5399 2172 5472 lgi-

2282 5403 2549 5476 κρίνεται,
2572 5403 2668 5459 καί
2692 5420 2858 5474 φησιν
2881 5402 2919 5458 ἃ
2936 5402 3199 5467 πολλάκις
3226 5402 3431 5472 ἀκήκοε
3462 5401 3557 5456 τοῦ
3580 5397 3806 5470 Σαμουὴλ.

606 5483 698 5533 tur
726 5478 808 5535 vel
840 5480 1068 5552 spiritus
1098 5482 1367 5554 impostor
1410 5483 1648 5543 formam
1697 5488 1970 5548 Samuelis
2009 5492 2177 5548 simu-

2292 5496 2385 5549 τδν
2429 5496 2621 5567 χρόνον
2657 5495 2935 5565 ἀγνοῆσαν
2972 5494 3072 5565 τῆς
3117 5492 3214 5548 τοῦ
3258 5494 3432 5550 Σαοὺλ
3472 5493 3748 5553 τελευτῆς·
3784 5488 3806 5545 ἢ

711 5589 758 5623 ιι
794 5587 941 5648 Psal.
970 5606 1154 5660 cxxxr.
1186 5594 1241 5649 ‘l-
1873 5664 2107 5722 vAmAs
2138 5666 2559 5726 LECTIONES.

711 5750 936 5845 £30313
947 5754 1037 5845 go
1054 5758 1237 5845 ειεζται
1264 5757 1327 5845 ἐν
1445 5755 1723 5845 τῆςρΑνεξγ.⁸
1743 5756 2317 5845 κῴδηρυνηνω-μένον
2338 5763 2383 5816 δ’
2416 5760 2587 5845 ἦν.τῷ
2611 5765 2961 5845 ,προλαδόντι
2990 5768 3085 5825 τοῦ
3130 5770 3398 5844 Προκοπ.,
3433 5768 3590 5841 δῆλον
3645 5767 3711 5833 δὲ,
3744 5764 3805 5817 ὅτι

611 5823 671 5877 ἐν
690 5823 800 5878 τῶν
826 5824 921 5878 τοῦ
947 5825 1278 5897 Θεοδωρίτου
1310 5823 1449 5883 ἐστι.
1501 5823 1514 5828 ⁷
1542 5829 1567 5869 8
1600 5823 1680 5882 Τὰ
1706 5827 1869 5901 ἐπόμ.
1889 5823 1968 5887 ἐν
1994 5823 2072 5904 τῷ
2103 5823 2204 5905 τῆς
2237 5833 2380 5904 Aﬁr.
2413 5823 2633 5892 κώδ.ὀύ
2668 5823 2864 5893 κεῖται.
