4058 6504
207 368 345 433 1117

1299 373 1832 436 COMMENTARII
1883 374 1963 437 IN
2006 375 2528 439 LIB.1REGUM.

3313 365 3467 431 1118

204 487 350 545 θεῖος
385 483 637 553 ἄγγελος,
692 483 769 547 ὡς
806 482 1097 554 ἐϐουλήθη,
1137 483 1197 536 τὸ
1230 480 1369 547 εῑδος
1416 487 1511 537 τοῦ
1542 487 1793 557 Σαμουὴλ

1904 492 1998 550 lat.
2068 500 2122 546 et
2166 490 2255 545 illa
2307 488 2463 551 dicit,
2499 501 2619 556 qua
2670 496 3054 556 saepenumero
3089 495 3155 535 ex
3210 478 3466 534 Samuele

202 576 600 647 ἐσχημάτισεν,
644 574 736 628 τοῦ
789 574 926 629 Θεοῦ
968 576 1062 628 καὶ
1105 575 1195 627 διὰ
1235 575 1348 629 τῶν
1391 576 1650 631 ἐναντίων
1694 577 1794 648 τὴν

199 669 386 739 ψῆφον
413 668 741 739 ἐκφέροντος
768 682 785 700 ο
822 666 900 730 ὥς
939 684 1096 738 φησι,
1130 667 1251 721 Κᾶν
1288 668 1502 742 ἀπέλθῃ
1534 669 1673 739 πρὸς
1700 669 1795 724 τὸν

202 760 685 831 ψευδοπροφήτην,
713 758 825 826 ἐγὼ
867 757 1071 826 Κύριος
1118 758 1564 829 ἀποκριθήσομαι
1604 760 1791 831 αὐτῷ.

204 850 368 904 Οὕτω
411 850 501 903 διὰ
542 849 634 903 τοῦ
672 847 905 918 Βαλαὰμ
945 845 1210 917 εὐλόγησε
1259 848 1351 902 τὸν
1380 847 1533 912 λαὸν,
1563 849 1661 903 καὶ
1694 849 1794 920 τὴν

205 942 309 1013 τῆς
345 940 671 1013 οἰκουμένης
712 939 987 1011 σωτηρίαν
1027 940 1461 1011 προανεκήρυξε,
1505 940 1598 994 τοῦ
1647 942 1792 995 θείου

206 1032 533 1103 ῐινεύματος
565 1034 976 1103 ἐνεργήσαντος,
1024 1032 1116 1085 καὶ
1154 1031 1249 1086 νῦν
1286 1034 1595 1103 ἐνήργησεν
1624 1032 1794 1104 όφθῆ-

204 1144 300 1182 ναι
322 1128 509 1197 σχῆμα
536 1126 631 1180 τοῦ
664 1125 941 1198 Σαμουήλ.
981 1123 1139 1181 Οὕτω
1169 1126 1296 1191 τοὺς
1341 1127 1605 1196 ὀφθέντας
1631 1127 1796 1196 ἀγγέ-

205 1218 337 1281 λους
365 1217 446 1288 τῷ
468 1217 743 1288 Ἀϐραὰμ,
774 1220 870 1271 καὶ
896 1218 989 1271 τὸν
1018 1218 1242 1272 ἐκείνων
1272 1217 1562 1290 δεσπότην,
1595 1219 1795 1291 ἄνδρας

205 1311 514 1382 ὠνόμασεν.
568 1310 724 1364 Οὕτω
782 1310 892 1381 γὰρ
922 1312 1058 1382 ὁρᾷν
1109 1312 1138 1365 ὁ
1192 1311 1535 1382 πατριάρχης
1587 1311 1786 1377 ἐδόκει,

203 1405 292 1458 διὸ
322 1405 416 1458 καὶ
440 1402 720 1475 τράπεζαν
750 1404 934 1467 αὐτοῖς
978 1401 1324 1474 παρετίθετο.
1359 1400 1515 1456 Οὕτω
1543 1404 1669 1465 τοὺς
1694 1402 1795 1455 οὐκ

205 1496 373 1559 ὄντας
428 1497 584 1559 θεοὺς
639 1495 896 1565 ὀνομάζει
943 1494 1161 1564 θεοὺςή
1204 1495 1420 1565 Γραφή.
1455 1495 1544 1557 Ὠς
1576 1494 1673 1547 καὶ
1698 1492 1794 1547 νῦν

208 1587 491 1657 Σαμουὴλ,
525 1588 611 1640 ἵνα
637 1586 800 1640 τοῦτο
828 1586 999 1640 δοκῶν
1030 1588 1058 1639 ό
1080 1585 1272 1647 Σαοὺλ,
1312 1586 1406 1639 καὶ
1449 1586 1548 1657 τὴν
1576 1584 1794 1653 ἀπόφα-

206 1696 296 1732 σιν
345 1679 411 1732 ἐκ
440 1677 631 1731 τούτου
668 1678 983 1746 δεξάμενος,
1030 1677 1231 1730 στένων
1269 1675 1477 1740 ἐξέλθοι
1520 1674 1613 1727 τὸν
1657 1673 1792 1743 βίον.

206 1769 273 1822 El
296 1768 430 1838 γὰρ,
460 1770 525 1821 ἐκ
576 1766 669 1820 τοῦ
703 1766 952 1836 εἰρῆσθαι
985 1764 1245 1835 τοῦνομα,
1303 1762 1618 1832 νομίσωμεν
1650 1757 1792 1814 εῖναι

1900 581 2109 637 audivit
2152 581 2391 651 (tempus
2421 579 2645 648 quidem
2674 577 2917 632 Saulinaa
2940 573 3135 628 mortis
3159 571 3463 641 ignorans),

1896 674 1979 729 vel
2025 671 2251 743 angelus
2294 668 2388 725 Dei
2439 668 2603 724 sicuti
2658 668 2853 731 voluit,
2905 665 3139 719 formam
3193 658 3465 713 Samuelis

1901 764 2191 834 ascripsit,
2264 759 2500 816 Domino
2565 759 2896 815 sententiam
2954 770 3050 826 per
3119 751 3462 808 contrarium

1894 855 2154 910 ederente
2176 892 2191 917 ,
2219 851 2315 921 qui
2341 849 2521 920 inquit
2551 866 2564 903 :
2591 848 2650 903 Si
2672 847 2977 903 accesseris
3010 840 3462 915 pseudopmphe-

1895 956 2031 1011 tam,
2064 958 2164 1012 ego
2192 941 2457 997 Dominus
2479 938 2829 1010 respondebo
2856 939 2927 994 ei.
2965 937 3057 990 Sic
3092 949 3189 1005 per
3220 932 3459 993 Balaam,

1895 1036 2107 1107 Spiritu
2142 1032 2237 1089 Dei
2275 1032 2330 1087 in
2357 1032 2478 1102 ipso
2524 1039 2813 1100 operante,
2844 1026 3123 1084 benedixit
3151 1024 3371 1095 populo,
3407 1030 3463 1076 et

1894 1126 2045 1181 orbis
2080 1124 2314 1179 salutem
2361 1120 2639 1192 praedixit.
2682 1120 2849 1189 Atqui
2886 1134 3031 1172 nunc
3059 1116 3226 1170 etiam
3254 1112 3460 1177 ellecit,

1893 1223 1954 1272 ut
1980 1219 2273 1285 appareret
2309 1212 2487 1266 forma
2538 1209 2834 1273 Samuelis,
2858 1222 3024 1279 quam
3053 1205 3337 1274 Scriptura
3371 1202 3462 1254 Sa-

1893 1306 2127 1361 muelem
2190 1302 2505 1372 appellavit.
2554 1297 2644 1354 Sic
2675 1298 2899 1368 angelos
2928 1298 3115 1358 etiam,
3157 1294 3249 1362 qui
3288 1292 3462 1344 Abra-

1894 1396 2059 1450 hamo
2098 1398 2497 1464 apparuerunt,
2524 1400 2578 1446 et
2605 1390 2888 1444 dominum
2931 1400 3143 1447 eorum,
3191 1383 3338 1436 viros
3366 1395 3463 1449 ap-

1892 1486 2134 1560 pellavit.
2166 1484 2331 1540 Viros
2387 1484 2532 1539 enim
2566 1497 2626 1539 se
2675 1481 2862 1535 videre
2916 1475 3230 1548 patriarcha
3270 1471 3462 1527 existi-

1897 1578 2104 1641 mabat,
2150 1591 2325 1647 quare
2364 1589 2609 1631 mensam
2653 1574 2734 1628 eis
2775 1568 3118 1640 apponebat;
3161 1565 3242 1620 sic
3270 1563 3361 1632 qui
3386 1560 3463 1614 dii

1892 1686 2003 1727 non
2045 1677 2199 1732 sunt,
2238 1666 2376 1722 deos
2419 1665 2657 1735 appellat
2720 1662 3057 1730 Scriptura;
3103 1654 3464 1726 quemadmo-

1893 1762 2021 1816 dum
2057 1774 2203 1814 nuuc
2232 1758 2399 1814 etiam
2432 1754 2783 1820 Samuelem;
2825 1758 2882 1805 ut
2931 1748 3083 1811 Saul,
3122 1746 3209 1799 cui
3245 1744 3347 1797 hoc
3382 1741 3462 1793 vi-

203 1834 609 1929 tbvvﬂapouhl,
642 1834 830 1928 καιρὸς
856 1856 951 1909 καὶ
983 1854 1077 1918 οὓς
1102 1834 1408 1925 ἑωρακέναι
1434 1852 1586 1921 λέγει
1615 1851 1792 1915 θεοὺς,

1898 1854 2148 1917 debatur,
2181 1851 2511 1906 sententiam
2547 1862 2615 1902 ex
2656 1860 2723 1900 eo
2755 1844 2991 1903 audiret,
3023 1848 3221 1894 etcum
3258 1834 3463 1905 gemitu

202 1951 436 2014 τούτους
494 1949 708 2020 ἀληθῶς
756 1946 1009 2019 ἡγεῖσθαι
1060 1947 1238 2011 θεοὺς,
1285 1945 1406 2008 ἐνὸς
1451 1944 1593 1997 κατά
1629 1942 1790 2012 φύσιν

206 2042 567 2111 ὑπάρχοντος.
601 2039 757 2101 Τινές
781 2037 838 2092 δέ
879 2053 1064 2105 φασιν,
1101 2035 1338 2104 ὀφθῆναι
1370 2035 1467 2105 μὲν
1494 2034 1663 2095 ὅντως
1701 2032 1791 2086 τὸν

205 2131 483 2204 Σαμουὴλ,
514 2130 651 2186 ἀλλὰ
686 2128 822 2183 Θεοῦ
864 2128 962 2198 τὴν
987 2127 1165 2197 ψυχὴν
1199 2126 1679 2198 παραστήσαντος,
1730 2123 1791 2176 οὐ

204 2230 309 2299 τῆς
348 2225 789 2297 ἐγγαστριμύθου
814 2223 1018 2293 ταύτην
1047 2221 1456 2291 ἀναγαγούσης.
1484 2219 1663 2273 Μόνον
1684 2215 1793 2287 γὰρ

207 2321 417 2388 ταύτην
454 2319 580 2373 ίδείν
610 2318 701 2371 τὸν
752 2314 1027 2386 Σαμουὴλ,
1072 2314 1188 2368 ἀλλ’
1219 2313 1320 2367 οὐκ
1377 2312 1547 2380 αὐτὴν
1590 2312 1795 2376 ἀναγα-

206 2414 350 2479 γεῖν,
384 2409 566 2481 ήθεία
605 2408 753 2476 λέγει
800 2406 1015 2478 Γραφή.
1050 2402 1327 2459 Είιῦθεσαν
1370 2400 1429 2453 δὲ
1464 2401 1522 2452 ἐν
1566 2401 1687 2461 ταῖς
1717 2414 1790 2449 νει

207 2501 615 2572 κυομαντείαις,
662 2498 931 2569 δαιμόνων
980 2496 1240 2559 ἀπάταις,
1284 2490 1526 2561 σκιοειδῆ
1577 2489 1793 2560 βλέπειν

210 2592 603 2662 φαντάσματα.
646 2591 926 2659 Ἐμφασις
964 2588 1019 2642 δὲ
1070 2586 1164 2640 τοῦ
1213 2583 1490 2655 δαιμόνιον
1543 2576 1684 2633 εἶναι
1734 2578 1795 2631 τὸ

207 2687 585 2758 φθεγγόμενον
618 2685 764 2739 εἴποι
786 2701 868 2746 τις
900 2682 966 2736 ἂν
986 2681 1084 2752 τὴν
1118 2680 1345 2748 ἄγνοιαν
1370 2678 1470 2747 τῆς
1499 2674 1594 2728 τοῦ
1623 2671 1796 2727 Σαοὺλ

204 2779 491 2848 τελευτῆς.
522 2778 595 2830 Οὐ
635 2760 745 2847 γῷ
781 2773 995 2845 αὔριον,
1035 2773 1171 2826 ἀλλὰ
1206 2770 1325 2841 μεθ’
1354 2768 1568 2841 ἡμέρας
1610 2764 1797 2836 φαίνε-

204 2889 302 2925 ται
334 2869 633 2939 τεθνηκώς.
661 2869 724 2922 El
761 2867 836 2939 μὴ
878 2867 986 2935 ἄρα
1018 2864 1077 2918 τὸ
1103 2862 1293 2933 αὕριον
1326 2861 1387 2914 τὸ
1408 2860 1507 2927 τὴν
1538 2854 1797 2926 τελευτὴν

204 2960 354 3017 εἶναι
390 2961 617 3034 πλησίον
651 2960 819 3031 δηλοῖ.
864 2959 939 3011 Ἥ
985 2956 1038 3025 γ’
1071 2952 1165 3009 οὖν
1198 2948 1720 3027 προληπτικὼτερον
1748 2947 1793 3017 ii)

205 3053 404 3127 Γραφὴ
434 3053 501 3106 τὰ
535 3050 678 3105 κατὰ
706 3050 798 3103 τὸν
825 3048 1006 3113 Δαϐὶδ,
1038 3048 1134 3101 καὶ
1164 3046 1255 3101 τὸν
1285 3042 1557 3114 Ἀμαλὴκ,
1588 3039 1798 3108 φθάσα-

208 3126 282 3199 σα
313 3146 613 3215 διηγήσατο
653 3142 758 3212 πρὸ
795 3142 894 3211 τῆς
939 3139 1033 3192 τοῦ
1074 3137 1248 3191 Σαοὺλ
1278 3134 1538 3203 τελευτῆς
1564 3148 1579 3163 ·
1628 3130 1703 3190 ὡς
1729 3126 1796 3181 ἂν

1893 1962 1924 2003 e
1949 1947 2059 2001 vita
2083 1943 2394 2000 excederet.
2429 1940 2647 1996 Etenim
2690 1938 2733 1993 si
2780 1937 2921 1990 hanc
2948 1934 3019 1988 ob
3044 1944 3291 1992 causam,
3317 1926 3462 1997 quod

1893 2054 2090 2095 nomen
2125 2036 2305 2107 ipsius
2346 2031 2699 2101 exprimitur,
2750 2027 3059 2083 Samuelem
3102 2022 3273 2076 fuisse
3302 2027 3463 2089 puta-

1892 2131 2093 2195 bimus,
2130 2124 2407 2199 oportebit
2446 2124 2571 2179 illos
2603 2122 2792 2184 etiam,
2831 2131 2970 2189 quos
2997 2115 3130 2170 deos
3162 2127 3219 2167 se
3250 2110 3460 2163 vidisse

1891 2224 2048 2287 dicit,
2079 2236 2242 2276 veros
2297 2218 2440 2273 Deos
2491 2224 2708 2287 putare,
2743 2227 2866 2267 cum
2903 2218 3089 2264 tamen
3118 2206 3317 2259 unicus
3343 2211 3463 2254 tan-

1894 2326 2008 2369 tum
2054 2322 2249 2366 natura
2279 2309 2424 2364 Deus
2465 2306 2715 2362 exsistat.
2756 2299 3013 2356 Nonnulli
3052 2305 3231 2351 tamen
3274 2294 3464 2349 dicunt

1891 2418 2083 2457 revera
2135 2399 2355 2469 quidem
2430 2394 2740 2451 Samuelem
2813 2388 3162 2460 apparuisse;
3209 2384 3304 2440 sed
3355 2381 3465 2436 Deo

1892 2490 2035 2545 hanc
2091 2491 2330 2543 animam
2404 2491 2721 2546 revocante,
2789 2496 2897 2535 non
2964 2492 3115 2547 saga.
3177 2475 3463 2543 Scriptura

1893 2582 2040 2637 enim
2083 2588 2299 2635 tantum
2353 2578 2486 2633 dicit
2536 2578 2680 2631 hanc
2728 2573 2935 2629 vidisse
2981 2570 3311 2631 Samuelem,
3349 2580 3463 2619 non

1894 2681 2077 2727 autem
2122 2684 2440 2725 revocasse.
2496 2666 2688 2722 Solent
2731 2672 2911 2719 autem
2948 2664 3001 2716 in
3038 2657 3457 2721 necromantiis,

1894 2766 2203 2821 daemonum
2261 2761 2575 2822 fraudibus,
2628 2759 2920 2815 umbrosas
2983 2755 3199 2825 species
3246 2751 3463 2814 videre;

1894 2853 2000 2908 hoc
2048 2861 2255 2916 autem,
2307 2851 2453 2921 quod
2504 2864 2693 2904 vocem
2743 2849 2878 2910 edit,
2930 2845 3143 2909 species
3201 2841 3466 2895 ttaeunonis

1894 2952 1998 3000 est.
2058 2941 2312 3013 Objicere
2361 2942 2563 3010 aliquis
2615 2946 2800 3009 posset
2854 2935 3225 3006 ignorantiam
3274 2932 3466 2986 mortis

1897 3032 2121 3099 Saulis;
2175 3046 2285 3086 non
2341 3031 2487 3085 enim
2520 3038 2741 3100 postero
2772 3027 2881 3091 die,
2914 3026 3008 3081 sed
3034 3024 3228 3079 diebus
3260 3022 3468 3091 aliquot

1898 3123 2222 3194 interiectis,
2291 3120 2515 3177 videtur
2566 3120 2797 3186 obiisse;
2864 3118 2973 3173 nisi
3035 3116 3304 3177 dicamus,
3372 3127 3468 3182 per

205 3202 429 3287 εἴποιεν¹
465 3202 519 3286 ξι
578 3202 747 3294 ὅντως
808 3202 1041 3300 ὀῷθῆναι
1097 3227 1350 3297 λέγοντες
1403 3219 1678 3293 Σαμουὴλ.
1714 3218 1790 3270 Ἦ

1895 3214 2038 3269 diem
2073 3212 2376 3267 crastinum
2410 3210 2695 3265 interitum
2734 3208 3109 3262 imminentem
3145 3202 3465 3274 signiﬁcari.

208 3328 270 3398 γ’
305 3326 403 3381 οὖν
453 3324 558 3379 ὑπὸ
618 3324 768 3387 θείας
820 3321 1104 3392 ἐνεργείας
1153 3319 1339 3391 σχῆμά
1385 3334 1438 3371 τι
1493 3311 1785 3384 παραπλή-

208 3438 351 3475 σιον.

1891 3304 2004 3360 Aut
2051 3312 2199 3359 certe
2241 3301 2528 3373 Scriptura
2576 3316 2674 3372 per
2699 3297 3146 3368 anticipationem
3183 3311 3270 3349 res
3307 3291 3467 3346 Davi-

1894 3396 2005 3463 dis,
2045 3404 2101 3451 et
2148 3395 2410 3450 Amalech
2463 3391 2743 3448 recensuit
2805 3400 2932 3444 ante
3000 3386 3184 3442 Saulis
3233 3384 3466 3445 obitum,

206 3511 678 3581 quemadmodum
709 3509 893 3564 dicere
922 3515 1172 3579 possent,
1205 3505 1299 3577 qui
1330 3516 1523 3559 revera
1557 3492 1878 3555 Samuelem
1922 3492 2119 3548 dicunt
2152 3489 2518 3563 apparuisse;
2586 3493 2683 3541 aut
2719 3500 2817 3556 per
2879 3481 3121 3539 divinam
3179 3478 3463 3543 virtutem,

208 3607 457 3678 speciem
486 3620 594 3660 non
618 3603 971 3661 dissimilem.

799 3691 1052 3747 ΚΕΦΑΔ.
1090 3689 1218 3743 ΚΘ.

284 3789 395 3843 Kal
419 3788 473 3841 οἱ
499 3784 800 3853 σατράπαι
824 3782 943 3838 τῶν
967 3780 1335 3855 ἀλλοφύλων
1360 3772 1794 3846 παρεπορεύον-

210 3900 302 3939 το.
330 3879 724 3951 Ἐπαναληψις.

297 3976 581 4029 Ἐνέπεσε
608 3970 759 4041 πρός
792 3986 869 4040 με
892 3985 908 4003 ·
939 3966 1259 4039 Σύμμαχος,
1298 3957 1645 4031 προσέφυγέ
1664 3972 1789 4026 μοι.

210 4068 381 4126 (1.1..
482 4075 485 4078 ’

288 4157 716 4225 Ἐλυπήθησαν
739 4170 754 4185 ·
800 4152 1037 4215 Ἀκύλας
1058 4188 1075 4215 ,
1107 4147 1620 4217 παρωξύνθησαν·
1645 4138 1795 4210 Σύμ-

216 4269 395 4323 μαχος
418 4291 435 4317 ,
501 4249 890 4319 ὠργίσθησαν
914 4259 929 4275 ·
986 4243 1279 4298 Θεοδοτίων
1302 4284 1318 4308 ,
1374 4236 1794 4309 ἐθυμώθησαν.

213 4345 284 4402 C.
323 4342 387 4399 L.

288 4436 399 4490 Kal
427 4430 557 4490 εἷπε
577 4432 753 4488 Δαϐίδ
782 4428 1208 4500 πρὸςἊτχοῦς,
1240 4428 1301 4481 Ti
1334 4419 1631 4491 πεποίηκά
1660 4432 1790 4481 σοι,

215 4530 317 4584 καί
348 4530 405 4582 tl
436 4522 610 4597 εὗρες
647 4527 716 4580 ἐν
762 4523 843 4590 τῷ
886 4523 1084 4587 δούλῳ
1128 4535 1285 4584 σου;
1321 4514 1583 4585 Ἐφύλαξε
1632 4513 1689 4566 δέ
1732 4510 1793 4564 τὸ

219 4622 411 4691 σχῆμα
437 4620 537 4689 τῆς
564 4619 701 4689 πρὸς
732 4614 1063 4685 ἀλλοφύλους
1100 4612 1314 4674 εὐνοίας
1363 4610 1458 4663 καὶ
1505 4607 1669 4678 μέχρι
1697 4603 1791 4657 τοῦ

218 4709 650 4782 ἐπιστρατεῦσαι
680 4710 773 4762 ἐπὶ
795 4707 886 4761 τὸν
912 4704 1153 4776 Ἰσραὴλ,
1184 4703 1285 4773 οὐχ
1316 4702 1391 4765 ὡς
1443 4698 1792 4767 πολεμήσων,

213 4805 333 4859 ἀλλ’
366 4806 496 4866 ἴσως
529 4801 739 4865 τούτοις
767 4797 1270 4867 συνεπιθησόμενος
1296 4811 1311 4826 ο
1356 4794 1494 4861 ὅπερ
1554 4789 1646 4843 καὶ
1702 4787 1799 4838 ὑπο

213 4897 509 4951 ὠπτευσαν
532 4908 549 4920 ·
564 4894 603 4964 ἢ
629 4890 943 4959 προσδοκῶν
964 4891 1062 4963 τὴν
1084 4889 1174 4945 διὰ
1198 4886 1332 4942 Θεοῦ
1359 4882 1796 4950 κώλυσιν.”οπερ

217 4987 319 5042 καὶ
342 4988 557 5054 γέγονε.
584 4984 645 5040 C.
680 4982 742 5037 L.

286 5077 412 5144 Οὐχ
442 5074 576 5141 ἣξει
593 5074 722 5143 μεθ’
742 5071 911 5142 ήμῶν
941 5072 1028 5137 εὶς
1054 5069 1339 5138 πόλεμον.
1372 5065 1533 5126 Θείας
1561 5065 1652 5117 καὶ
1675 5063 1798 5118 τοῦ·

214 5187 281 5224 το
306 5167 588 5237 προνοίας.
623 5166 694 5220 Ἦ
717 5164 825 5236 γὰρ
864 5164 1072 5234 ἐγίνετο
1116 5161 1255 5216 κατὰ
1288 5159 1383 5213 τοῦ
1417 5158 1547 5212 λαοῦ
1579 5156 1798 5228 Ἰσραὴλ

218 5260 491 5331 ἐμφυλίου
531 5258 766 5329 αἵματος
806 5256 1239 5327 ἐμπιπλάμενος,
1272 5254 1305 5324 ἢ
1333 5252 1431 5305 οὐκ
1471 5250 1535 5304 ἂν
1561 5249 1795 5318 περιεῖδε

218 5347 314 5401 τὸν
341 5345 470 5399 λαὸν
512 5344 905 5415 ἀπολλύμενον.
949 5343 1113 5396 Ἀλλὰ
1156 5344 1339 5395 πᾶσαν
1377 5342 1469 5394 καὶ
1509 5338 1603 5391 τοῦ
1642 5337 1794 5401 λαοῦ,

220 5439 318 5491 καὶ
366 5435 464 5490 τοῦ
511 5435 685 5491 Σαοὺλ
748 5436 1046 5507 ἐποιήσατο
1092 5433 1375 5503 πρόνοιαν,
1421 5430 1481 5485 ὃν
1528 5428 1635 5482 ἔδει
1692 5445 1798 5481 πα-

223 5528 360 5584 θεῖν.

843 5700 1095 5755 ΚΕΦΑΔ.
1122 5700 1202 5755 Λ’.

295 5793 405 5848 Kal
438 5791 699 5864 ’Λμαλὴκ
737 5790 981 5849 ἐπέθετο
1023 5792 1122 5846 ἐπὶ
1151 5792 1260 5848 τόν
1302 5792 1510 5849 Νότον.
1571 5791 1814 5864 Συνεχὼ-

2348 3662 2500 3721 CAP.
2538 3660 2776 3717 xxvm.
2810 3656 3048 3733 [Πομ]

1986 3760 2152 3816 Vens.
2179 3759 2235 3813 2.
2265 3757 2334 3811 Et
2369 3767 2606 3826 satrapa:
2664 3754 3085 3810 Palwstinorum

1900 3852 2285 3926 Epanalepsis,
2320 3850 2602 3919 repetitio.

1973 3948 2136 4003 Vsns.
2176 3944 2229 4000 5.
2263 3941 2505 3997 Incurrit
2558 3939 2711 4004 mihi,
2744 3934 3132 4009 Symmachus,
3178 3931 3464 4001 transfugit

1896 4039 1969 4095 ad
1991 4054 2091 4093 me.

1970 4130 2130 4185 Vens.
2166 4128 2219 4183 ι.
2251 4125 2446 4181 Dolore
2472 4122 2648 4193 aﬂ'ecti
2674 4137 2692 4185 ;
2724 4119 2944 4187 Aquila,
2983 4114 3288 4173 exacerbati
3317 4120 3465 4176 sunt,

1897 4220 2262 4294 Symmachus
2338 4215 2777 4279 excanduerunt;
2868 4208 3235 4274 Theodotion,
3340 4205 3467 4258 iratt

1896 4326 2042 4373 sunt.

1971 4407 2140 4463 Vens.
2187 4404 2242 4461 8.
2292 4404 2544 4474 Dixitque
2591 4398 2759 4456 David
2810 4398 2879 4453 ad
2908 4395 3066 4450 Aelii:
3108 4409 3127 4448 :
3168 4389 3307 4459 Quid
3330 4387 3464 4443 enim

1900 4502 2025 4573 feci,
2054 4509 2105 4555 et
2137 4500 2262 4571 quid
2310 4498 2554 4553 invenisti
2589 4498 2644 4551 in
2672 4510 2818 4549 servo
2859 4489 2991 4543 tuo?
3025 4482 3466 4540 Benevolentiant

1897 4570 2025 4663 erga
2050 4570 2383 4660 alienigenas
2414 4604 2525 4660 prae
2555 4603 2614 4643 se
2655 4586 2802 4650 tulit,
2836 4584 2911 4636 ita
2956 4588 3015 4634 ut
3050 4576 3214 4632 etiam
3242 4570 3465 4642 expedi-

1899 4689 2104 4740 tionem
2128 4691 2321 4738 contra
2351 4680 2606 4737 lsraelem
2657 4676 2983 4743 susciperet,
3017 4683 3127 4723 non
3165 4675 3223 4719 ut
3253 4678 3465 4734 pugna-

1898 4785 2002 4842 ret,
2045 4775 2140 4832 sed
2173 4774 2315 4828 forte
2347 4783 2405 4827 ut
2436 4772 2542 4841 ipsi
2580 4771 2751 4826 ferret
2794 4778 2975 4834 Opem,
3024 4758 3165 4831 quod
3199 4754 3464 4825 suspicati

1898 4877 2051 4933 sunt,
2104 4868 2187 4922 vel
2226 4872 2555 4937 exspectans
2599 4879 2631 4917 a
2679 4859 2789 4915 Deo
2844 4853 3256 4918 inbibitionem,
3318 4847 3467 4920 quod

1898 4962 2064 5017 etiam
2098 4958 2305 5014 evenit.

1971 5053 2135 5106 Vens.
2172 5051 2227 5107 9.
2286 5048 2411 5104 Non
2453 5046 2618 5102 veniet
2684 5040 2953 5096 nobiscum
2998 5038 3054 5092 in
3114 5035 3328 5091 bellum.
3378 5034 3463 5089 Di-

1899 5147 2022 5201 vina
2074 5141 2413 5214 providentia
2460 5139 2622 5195 etiam
2680 5135 2795 5189 haec
2859 5138 3142 5201 geruntur.
3174 5126 3272 5182 Vel
3324 5125 3466 5181 enim

1900 5248 2198 5312 pugnasset
2245 5244 2438 5293 contra
2503 5233 2761 5305 pepulum
2830 5224 3214 5285 lsraeliticum,
3274 5229 3330 5276 et
3388 5219 3466 5273 sic

1900 5348 2125 5390 suorum
2169 5330 2438 5401 sanguine
2490 5344 2549 5383 se
2591 5321 3062 5382 contaminasset;
3108 5314 3194 5369 vel
3230 5327 3341 5367 non
3375 5312 3457 5365 de.

1901 5426 2170 5483 seruisset
2242 5424 2580 5478 laborantem
2644 5414 2929 5487 populum,
3012 5407 3110 5464 sed
3169 5405 3464 5460 maximam

1901 5534 2026 5574 cum
2091 5515 2297 5581 Saulis,
2355 5524 2467 5567 tum
2501 5513 2663 5565 etiam
2708 5505 2893 5576 populi
2924 5515 3114 5557 curam
3142 5497 3463 5563 habuisset;

1901 5609 1995 5667 sed
2027 5608 2171 5663 hunc
2202 5622 2392 5680 pmnas
2413 5605 2545 5657 dare
2575 5616 2687 5661 sua:
2721 5594 3018 5668 impietatis
3049 5591 3357 5664 oportebat.

2355 5693 2507 5750 CAP.
2552 5686 2745 5744 xxix.
2780 5681 3005 5759 χχχι]

1995 5788 2160 5846 Vens.
2209 5789 2260 5843 l.
2332 5786 2397 5841 Et
2468 5783 2684 5839 Amalec
2753 5778 3030 5836 invadebat
3093 5777 3161 5832 ad
3242 5773 3460 5830 Notum.

3159 3745 3466 3803 incedebant
