4058 6518
185 363 294 426 1121

1088 359 1622 421 COMMENTARII
1687 361 1766 420 ΙΝ
1796 360 1944 420 LIB.
1986 361 2045 420 ΙΙ
2087 360 2380 422 REGUM.

3273 361 3410 426 1122

177 483 259 542 τὴν
295 471 524 542 ἱστορίαν
573 467 908 537 γεγράφθαι.
942 469 1212 538 Ζητητέον
1242 470 1318 534 δὲ,
1353 472 1400 521 εί
1464 472 1600 524 κατὰ
1631 488 1731 538 φι-

1845 471 1960 523 Licis
1989 471 2142 525 libris
2173 471 2459 525 collectam
2491 484 2630 526 esse.
2663 468 3056 540 luquircudum
3083 481 3166 526 est
3200 483 3406 531 autem,

178 574 377 638 λόσοφον
405 566 466 618 τὸ
495 564 733 634 Θρηνεῖν,
770 564 864 616 καὶ
911 564 1064 627 τίνας
1090 565 1239 635 αὐτῷ
1283 566 1604 636 θρηνητέον,
1638 567 1732 618 καὶ

177 668 214 718 εἰ
242 663 321 714 διὰ
360 658 484 719 τοὺς
512 655 846 725 θνήσκοντας
885 654 1230 726 θρηνήσειεν,
1263 657 1385 726 ἢδι’
1412 658 1623 720 ἑαυτὸν,
1659 656 1733 719 ὡς

174 757 215 807 οἱ
259 752 346 804 τὸν
373 747 601 803 κοπετὸν
633 748 729 803 ἐπὶ
751 747 1014 817 Στεφάνῳ
1049 757 1062 784 ι
1103 749 1455 820 ποιήσαντες.

237 1016 556 1083 Στήλωσον
582 1014 861 1084 Ἰσραήλ.
890 1012 1144 1078 Ἀκύλας,
1179 1014 1520 1081 ἀκρίὸασαι.
1550 1011 1661 1082 Οὐχ
1697 1012 1732 1082 ή

175 1108 415 1179 τυχοῦσα,
451 1106 634 1176 φησὶν,
664 1107 698 1176 ἠ
732 1105 941 1176 πληγή.
986 1104 1250 1167 Βασιλεὺς
1303 1105 1332 1156 ὁ
1377 1103 1578 1168 πεσὼν,
1637 1103 1734 1156 καὶ

175 1199 424 1272 βασιλέως
472 1198 609 1263 υίὸς,
639 1197 737 1251 καὶ
787 1195 896 1250 τῶν
925 1196 1214 1266 ὁμοφύλων
1244 1196 1293 1249 οί
1318 1194 1552 1266 ἄριστοι.
1609 1194 1735 1248 ὀτι

175 1293 223 1345 δὲ
268 1289 383 1342 λίαν
417 1287 578 1344 αὐτὸν
611 1287 741 1358 ἠνία
790 1286 900 1341 τῶν
926 1285 1244 1356 ἀλλοφύλων
1297 1283 1360 1338 τὸ
1393 1285 1615 1356 κράτος,
1666 1285 1736 1338 τὰ

178 1381 361 1451 ἐφεξῆς
388 1381 676 1452 μαρτυρεῖ.

241 1559 563 1625 Στήλωσον
605 1555 882 1627 Ἰσραὴλ,
917 1556 1041 1611 ἀντὶ
1078 1555 1197 1622 τοῦ,
1222 1557 1299 1624 ὠς
1358 1555 1599 1624 στήλην
1643 1552 1736 1624 ἐφ’

179 1648 404 1718 ὑψηλοῦ
441 1648 736 1717 ἱσταμένην
765 1647 853 1718 ἔχε
874 1645 935 1699 τὸ
954 1647 1176 1716 γεγονὸς
1201 1646 1406 1718 πτῶμα
1436 1662 1450 1676 ⁶
1470 1646 1590 1700 ἀντὶ
1613 1644 1733 1710 τοῦ,

1835 575 1902 614 an
1937 561 2113 614 virum
2145 563 2450 630 sapientem
2501 561 2694 615 deceat
2727 561 2936 631 lugere,
2966 571 3019 617 et
3043 564 3266 631 quinam
3328 567 3406 615 lu-

1834 651 1995 722 gendi
2032 652 2166 706 sint.
2197 651 2350 714 Item,
2388 669 2456 706 an
2492 662 2712 722 propter
2738 653 2885 718 illos,
2914 657 3006 724 qui
3045 658 3098 709 in
3131 657 3234 712 hoc
3263 656 3408 710 bello

1835 744 2232 805 occubuerunt,
2273 745 2606 799 lamentatus
2657 746 2750 809 sit,
2776 760 2846 798 an
2874 757 3094 816 propter
3137 750 3406 817 seipsum,

1834 836 2298 904 quemadmodum
2352 837 2575 908 illi,qui
2619 839 2900 908 planctum
2944 838 3195 894 fecerunt
3246 855 3409 908 super

1836 923 2197 994 Stephanum.

1906 1016 2066 1085 Erige
2128 1025 2524 1068 monumentum
2591 1014 2782 1069 Israel.
2837 1016 3032 1087 Aquila
3085 1018 3406 1089 ἀκρίὸασαι,

1837 1116 2085 1161 accurate
2136 1120 2386 1176 pernosce
2447 1103 2565 1159 Non
2633 1107 2900 1175 vulgaris,
2959 1107 3161 1176 inquit,
3223 1110 3410 1164 clades

1836 1205 1940 1252 est.
1993 1196 2109 1250 Rex
2156 1197 2300 1250 enim
2360 1196 2558 1248 cecidit
2607 1196 2756 1265 regis
2796 1195 2960 1259 ﬁlius,
3028 1207 3082 1252 et
3118 1197 3409 1253 fortissimi

1838 1288 2042 1357 quique
2071 1301 2136 1342 ex
2159 1285 2589 1342 contribulibus.
2625 1285 2781 1352 Quod
2828 1295 3010 1342 autem
3039 1292 3305 1357 potentia,
3356 1301 3413 1344 et

1837 1375 2132 1446 imperium
2173 1374 2592 1430 Palzestinorum
2623 1374 2882 1431 Davidem
2925 1380 3164 1434 maxime
3190 1381 3414 1434 crucia-

1837 1468 1967 1533 rint,
1989 1467 2274 1538 sequentia
2314 1475 2609 1522 testantur.

1909 1555 2076 1611 Vens.
2111 1557 2195 1612 i9.
2223 1555 2515 1612 Considera
2569 1555 2768 1623 Israel,
2831 1573 2953 1628 pro,
2992 1569 3052 1614 ut
3107 1561 3411 1614 columnam

1837 1663 1996 1717 super
2012 1647 2220 1702 excelsa
2265 1659 2357 1701 tua
2396 1657 2634 1704 erectam
2687 1659 3016 1717 praesentem
3055 1665 3246 1705 casum
3274 1667 3412 1706 cou-

183 1742 411 1811 μέμνησο
448 1741 547 1810 τῆς
580 1739 674 1794 νῦν
699 1739 932 1810 πληγῆς,
963 1739 1058 1791 καὶ
1088 1737 1242 1810 ζήτει
1274 1740 1373 1810 τὴν
1404 1738 1588 1792 αἰτίαν
1628 1737 1731 1808 τῆς

1845 1740 2058 1803 sidera;
2095 1756 2218 1808 pro,
2250 1748 2524 1794 memento
2553 1741 2838 1810 pra-scutis
2880 1741 3077 1813 plagae,
3127 1744 3416 1814 divinique

183 1830 480 1900 Θεομηνίας.

254 1921 434 1990 Ἀγροὶ
474 1923 795 1992 ἀπαρχῶν·
841 1925 1096 1993 Ἀκύλας,
1134 1925 1578 1995 ἀφαιρεμάτων·
1604 1924 1736 1977 Θεο-

181 2013 373 2074 δοτίων,
408 2013 698 2068 θανάτου.
733 2018 1168 2087 Προσωχθίσθη
1207 2018 1450 2084 θυρεός⁸
1483 2014 1737 2079 Ἀκύλας.

181 2104 497 2173 ἀπεϐλήθη.
531 2105 592 2159 C.
628 2107 690 2161 L.

243 2199 373 2264 Ὄρη
406 2199 482 2251 τὰ
516 2198 800 2259 Γελϐουέ.
846 2200 1153 2272 Ἐπαρᾶται
1186 2203 1299 2265 τοῖς
1354 2201 1586 2272 ἀψύχοις
1637 2201 1741 2257 ὑπὸ

179 2293 266 2360 τῆς
291 2293 502 2364 ὀδύνης.
558 2293 767 2365 Ὠσπερ
826 2297 876 2348 oi
915 2296 1102 2367 μόριόν
1132 2315 1183 2350 τι
1217 2296 1309 2350 τοῦ
1339 2297 1590 2366 σώματος
1634 2298 1741 2351 πά-

182 2401 406 2452 σχοντες,
447 2385 620 2455 ἢταίς
644 2388 868 2455 τοίχοις,
900 2387 933 2458 ἢ
967 2391 1033 2458 τῇ
1069 2387 1247 2461 κλίνῃ,
1296 2389 1740 2460 προσαράσσουσι

179 2474 266 2537 τὰς
301 2477 512 2546 χεῖρας,
543 2477 643 2539 τὰς
672 2477 974 2548 ἀλγηδόνας
1004 2478 1079 2549 μὴ
1131 2481 1412 2550 φέροντες.
1467 2482 1741 2551 Δηλώσειε

179 2567 218 2619 δ’
256 2567 317 2620 ἄν
346 2584 394 2618 τι
426 2566 527 2620 καὶ
585 2567 937 2640 ὑψηλότερον,
989 2571 1229 2640 Χριστοῦ
1271 2572 1596 2642 θρηνοῦντος
1651 2573 1743 2628 τὸν

181 2656 380 2727 πρῶτον
407 2656 562 2722 λαὸν,
587 2661 682 2712 καὶ¹
718 2661 846 2722 τοὺς
904 2661 1285 2733 ἀστειοτέρους
1320 2664 1446 2726 τοὺς
1497 2665 1555 2717 ὲν
1596 2664 1743 2735 αύτῷ

181 2749 264 2799 καὶ
292 2749 386 2816 τῆς
417 2750 652 2820 νομικῆς
677 2749 928 2821 λατρείας
942 2751 1001 2804 τὸ
1024 2751 1178 2822 παρά
1198 2753 1323 2816 τοὺς
1347 2754 1594 2818 ὲθνικοὺς
1612 2756 1744 2825 ὑψη-

182 2838 276 2892 λόν.
310 2839 503 2907 Ἔλεγε
529 2841 656 2910 γάρ·
683 2859 702 2893 ι
749 2841 1127 2913 Ἰερουσαλὴμ,
1158 2843 1531 2916 Ἰερουσαλὴμ,
1564 2846 1598 2915 ἡ
1619 2847 1745 2900 ἁπο-

182 2931 461 2985 κτείνουσα
489 2936 616 2995 τοὺς
647 2933 955 3003 προφῆτας,
995 2951 1014 2985 ι
1055 2933 1151 2989 καὶ
1196 2935 1266 2988 τὰ
1299 2935 1444 3006 ἑξῆς.
1506 2937 1744 3001 Θάνατος

180 3021 276 3093 γὰρ
308 3022 513 3087 αὐτῶν,
558 3026 590 3092 ἡ
622 3022 732 3075 τῶν
765 3023 823 3090 ἐξ
856 3022 1088 3096 οὐρανοῦ
1115 3025 1333 3098 δωρεῶν
1361 3028 1588 3098 ἐρημία.
1623 3030 1743 3082 Κα-

1766 1809 1808 1863 B
1843 1828 2044 1885 furoris
2084 1844 2268 1894 quaere
2296 1843 2543 1884 causam.

1908 1919 2075 1977 Vens.
2108 1903 2198 1974 9i.
2231 1922 2359 1990 Agri
2411 1922 2810 1988 primitiarum;
2859 1923 3074 1991 Aquila,
3108 1926 3226 1992 agri
3258 1927 3406 1980 abla-

1842 2012 2086 2075 tionum;
2127 2011 2496 2073 'l'heodotion,
2548 2013 2665 2080 agri
2711 2015 2922 2068 mortis.
2973 2013 3298 2085 Indignatus
3336 2026 3416 2071 est

1840 2105 2095 2173 clypeus;
2137 2101 2357 2171 Aquila,
2407 2103 2640 2172 abjectus
2682 2112 2783 2158 est.

1916 2193 2080 2250 Vens.
2116 2195 2206 2248 21.
2237 2193 2442 2248 Montes
2505 2194 2714 2252 Gelboe.
2763 2195 2956 2252 Dolore
2986 2211 3276 2266 accensus,
3325 2215 3416 2254 res

1841 2287 2174 2346 inanimalas
2204 2301 2545 2351 exsecratur,
2575 2290 3042 2358 quemadmodum
3071 2293 3172 2356 illi,
3215 2293 3313 2363 qui
3356 2294 3413 2347 in

1842 2394 1994 2450 parte
2023 2382 2208 2451 aliqua
2276 2383 2526 2451 corporis
2554 2381 2839 2435 cruciatus
2895 2383 3168 2446 sentiunt,
3202 2385 3416 2438 doloris

1843 2473 2184 2543 impatientia
2247 2490 2446 2529 manus
2495 2474 2820 2544 parietibus,
2855 2483 2949 2528 aut
2991 2475 3132 2530 lecto
3157 2475 3414 2531 allidunt.

1845 2567 2152 2621 Sublitnius
2227 2575 2411 2621 autem
2437 2567 2701 2637 quiddam
2783 2567 3097 2636 signiﬁcare
3162 2568 3414 2635 videtur;

1843 2656 2128 2712 Christum
2162 2659 2404 2722 scilicet,
2449 2658 2825 2728 deplorantem
2857 2667 3095 2713 veterem
3127 2661 3416 2729 populum,

1843 2759 1898 2806 et
1927 2751 2203 2806 civiliores
2234 2766 2302 2806 ex
2338 2752 2478 2822 ipso,
2505 2760 2560 2807 et
2608 2752 2803 2824 legalis
2827 2754 3006 2808 cultus
3025 2754 3170 2822 apud
3223 2763 3418 2824 gentes

1845 2847 2184 2902 altitudinem
2209 2846 2614 2913 ;dicebatenim
2645 2862 2657 2897 :
2688 2865 2706 2898 ι
2729 2846 3055 2910 Jerusalem,
3086 2845 3415 2911 Jerusalem,

1851 2952 1973 3008 quae
1998 2937 2206 2992 occidis
2235 2936 2528 3006 prophetas
2558 2937 2626 2999 ¹²,
2668 2955 2687 2988 ι
2728 2943 2782 2991 et
2820 2936 3055 3006 reliqua.
3091 2935 3239 2990 Mors
3267 2937 3415 2991 enim

1845 3027 2254 3099 prophetarum,
2288 3025 2581 3087 donorum.
2609 3041 2730 3096 quae
2791 3025 3009 3081 cmlitus
3032 3027 3250 3090 dantur,
3288 3026 3416 3080 ﬁnis

179 3114 241 3166 τὰ
286 3113 382 3166 τόδ
426 3133 448 3166 ί
490 3115 619 3168 Ἰδοὺ
684 3114 905 3184 ἀφίεται
949 3118 1081 3188 ⁴ἡμῖν
1112 3119 1140 3172 ὁ
1185 3115 1334 3182 οἶκος
1407 3119 1560 3189 ὑμῶν
1613 3119 1743 3192 ἔρη-

1848 3117 2152 3173 fuitJuxta
2181 3115 2315 3171 illud
2358 3131 2370 3167 :
2402 3135 2422 3167 ι
2453 3115 2615 3182 Ecce,
2664 3115 2862 3172 domus
2892 3126 3074 3173 vestra
3104 3116 3263 3172 vobis
3317 3118 3416 3172 deo

185 3221 295 3273 μος.
331 3223 349 3255 r

253 3295 314 3352 Ἠ
336 3296 646 3366 ἀγάπησις
673 3314 789 3352 σου
813 3299 895 3366 ὡς
916 3298 1223 3368 ἀγάπησις
1268 3301 1391 3354 τῶν
1417 3303 1740 3372 γυναικῶν.

185 3388 293 3441 Ἱνα
313 3386 470 3459 δείξῃ
497 3388 599 3458 τῆς
623 3389 1006 3460 φιλοστοργίας
1030 3390 1091 3443 τὸ
1117 3389 1315 3461 θερμόν
1340 3409 1400 3445 τε
1457 3394 1551 3447 καὶ
1607 3396 1744 3467 γνή-

183 3496 304 3532 σιον.
334 3479 574 3550 Τοιαύτη
607 3481 716 3551 γὰρ
748 3483 783 3551 ἠ
815 3481 910 3534 τοῦ
937 3482 1130 3550 ἀνδρὸς
1191 3483 1319 3554 περὶ
1372 3483 1471 3554 τὴν
1507 3489 1744 3556 γυναῖκα

181 3570 410 3635 διάθεσις
441 3571 517 3636 ὡς
548 3572 638 3625 τὸν
663 3573 791 3643 περὶ
811 3572 907 3625 τοῦ
924 3573 1104 3642 γάμου
1127 3573 1290 3644 νόμον
1323 3575 1497 3629 εἰπεῖν
1518 3593 1531 3607 ·
1565 3596 1584 3628 ι
1631 3578 1748 3630 Ἀν-

181 3663 228 3714 rt
270 3663 464 3716 τούτου
493 3663 808 3732 καταλείψει
838 3663 1126 3733 ἄνθρωπος
1186 3664 1279 3717 τὸν
1310 3667 1520 3736 πατέρα
1557 3666 1744 3733 αὑτοῦ,

184 3756 266 3808 καὶ
289 3756 387 3826 τὴν
425 3757 638 3827 μητέρα
666 3755 853 3822 αὑτοῦ,
888 3757 983 3810 καὶ
1016 3756 1557 3829 προσκολληθήσεται
1609 3759 1747 3830 πρὸς

181 3849 272 3917 τὴν
314 3850 557 3917 γυναῖκα
609 3847 797 3914 αὑτοῦ,
829 3849 922 3902 καὶ
970 3848 1185 3901 ἔσονται
1231 3849 1280 3901 οἱ
1310 3848 1405 3903 δύο
1441 3851 1523 3913 είς
1569 3851 1748 3922 σάρκα

184 3938 323 4006 μίαν.
362 3957 380 3990 ι
421 3936 595 3990 Τοῦτο
631 3938 726 3990 καὶ
759 3939 788 3991 ὁ
829 3936 1062 3990 Ἐλκανά
1099 3935 1391 4008 δεδήλωκε,
1423 3937 1523 4006 τὴν
1549 3938 1749 3990 Ἅνναν

180 4032 524 4102 ψυχαγωγῶν
547 4048 560 4063 ·
575 4050 592 4083 ι
621 4033 734 4085 Οὐκ
755 4030 956 4100 ἀγαθός
986 4048 1068 4084 σοι
1090 4032 1198 4099 γὰρ
1219 4028 1352 4099 ἐγὼ,
1375 4029 1501 4100 ἔφη,
1522 4030 1658 4101 ὑπὲρ
1673 4030 1751 4085 δέ-

182 4145 250 4181 κα
275 4130 487 4193 τέκνα;
523 4146 542 4180 ι
584 4129 648 4182 "0
667 4123 760 4181 οῦν
800 4127 894 4180 ἐπὶ
939 4125 1048 4179 τῶν
1091 4125 1436 4198 γαμούντων,
1462 4127 1540 4190 είς
1572 4127 1752 4196 σάρκα

186 4221 335 4290 μίαν,
359 4220 525 4273 τοῦτο
542 4221 635 4273 ἐπὶ
657 4219 765 4273 τῶν
794 4218 1156 4288 ἀγαπώντων,
1187 4219 1267 4281 εἰς
1291 4217 1468 4289 ψυχὴν
1495 4218 1645 4288 μίαν.

246 4313 341 4382 Μὴ
367 4315 460 4377 είς
482 4311 651 4377 νῖκος
695 4309 1092 4380 καταφάγεται
1117 4310 1153 4378 ὴ
1180 4309 1448 4378 ῥομφαία
1477 4324 1494 4372 ;
1545 4309 1620 4362 Οὐ
1675 4307 1754 4361 δί-

183 4418 350 4466 καιον,
402 4401 562 4471 φησὶ,
587 4401 718 4463 τοὺς
777 4400 1055 4462 νικῶντας
1110 4397 1486 4468 πανωλεθρίαν
1527 4397 1753 4463 ἐπάγειν

1846 3217 1990 3266 serta
2020 3209 2354 3279 relinquitur
2386 3209 2448 3262 ¹³.
2503 3229 2522 3261 ι

1917 3298 2086 3356 Vens.
2118 3301 2207 3355 26.
2227 3301 2390 3354 Amor
2418 3311 2562 3364 tuus,
2617 3311 2876 3371 tanquam
2934 3317 3086 3355 amor
3111 3301 3415 3354 mulierum.

1847 3391 1974 3449 ilzec
2032 3393 2098 3449 ad
2146 3393 2542 3448 ostendendam
2603 3396 2812 3449 amoris
2862 3394 3308 3459 vehementiam,
3366 3404 3422 3449 et

1847 3485 2222 3539 sinceritatem
2250 3484 2540 3553 pertinent.
2580 3481 2730 3539 Talis
2757 3484 2903 3538 enim
2964 3491 3051 3539 est
3113 3483 3215 3537 viri
3286 3499 3418 3554 erga

1848 3588 2074 3628 uxorem
2103 3571 2342 3639 atl‘ectio,
2377 3573 2559 3643 qualis
2602 3572 2656 3627 in
2700 3573 2818 3644 lege
2855 3573 3202 3628 matrimonii
3231 3575 3418 3644 expri-

1848 3671 2061 3722 mitur:
2104 3686 2122 3720 ι
2169 3669 2464 3738 Propterea
2498 3668 2771 3736 relinquet
2800 3667 2963 3722 homo
2989 3676 3198 3737 patrem
3232 3683 3419 3731 suum,

1845 3767 1900 3814 et
1942 3768 2190 3830 matrem,
2223 3770 2273 3814 et
2311 3759 2745 3830 agglutinabilur
2783 3759 2941 3814 uxori
3003 3775 3138 3828 suae,
3171 3768 3226 3815 ct
3257 3769 3422 3815 erunt

1847 3851 1956 3906 duo
1993 3851 2046 3904 in
2082 3865 2249 3905 carne
2282 3865 2390 3904 una
2431 3849 2493 3906 “.
2556 3868 2574 3902 ι
2613 3849 2668 3904 ld
2722 3850 2885 3904 etiam
2929 3847 3167 3905 Helcana
3205 3851 3420 3906 Annam

1848 3944 2146 4000 consolans
2175 3941 2523 4014 signiﬁcavit.
2550 3959 2569 3993 ι
2615 3939 2876 4012 Nunquid
2906 3958 3040 4006 non,
3067 3941 3286 4009 dicens,
3322 3959 3424 4013 ego

1850 4035 1945 4090 tibi
1981 4035 2177 4090 melior
2208 4050 2328 4091 sum
2356 4034 2543 4089 decem
2568 4033 2760 4088 liberis
2791 4034 2868 4087 ⁸⁸1
2915 4053 2935 4088 ι
2986 4035 3143 4102 Quod
3169 4036 3337 4108 igitur
3355 4036 3426 4091 de

1849 4126 2206 4181 matrimonio
2257 4125 2532 4195 copulatis
2571 4123 2797 4190 dicitur,
2833 4125 2890 4181 in
2941 4141 3168 4184 carnem
3230 4143 3426 4194 unam;

1850 4217 1957 4272 hoc
2009 4216 2076 4271 de
2107 4214 2298 4271 amicis
2325 4230 2448 4271 sese
2474 4215 2834 4286 diligentibus
2865 4217 2921 4275 in
2957 4220 3201 4274 animam
3230 4234 3425 4274 unam.

1924 4307 2088 4362 Vens.
2123 4306 2214 4361 26.
2244 4303 2389 4359 Num
2420 4307 2476 4360 in
2503 4315 2815 4376 perpetuum
2886 4317 3006 4363 tuus
3043 4325 3224 4364 mucro
3254 4310 3428 4365 desce-

1855 4400 2002 4454 viet?
2056 4396 2175 4452 Non
2238 4413 2454 4465 aequum
2495 4407 2602 4464 est,
2637 4399 2837 4468 inquit,
2894 4399 3137 4455 victores
3177 4416 3426 4470 quaerere

181 4497 284 4557 τοῖς
308 4494 647 4564 ἡττωμένοις
678 4489 883 4561 ζητεῖν.
921 4489 1188 4552 Πολλάκις
1235 4487 1342 4559 γὰρ
1391 4489 1440 4540 οἱ
1489 4489 1744 4553 νικῶντες

1858 4491 2284 4546 internecionem
2319 4490 2582 4546 inducere
2634 4492 2818 4547 victis.
2879 4489 3034 4561 Saepe
3079 4493 3283 4562 saapius
3338 4507 3420 4550 et-

180 4585 467 4654 ἡττῶνται,
523 4584 618 4636 καὶ
650 4583 701 4635 οἱ
755 4579 1042 4644 διώκοντες
1075 4579 1361 4650 φεύγουσι.
1417 4580 1508 4632 Διὸ
1561 4597 1748 4652 φησιν,

178 4677 256 4727 ὃτι
283 4676 466 4746 πικρὰ
501 4674 651 4728 ἔσται
700 4673 769 4726 τὰ
805 4673 1028 4743 ἔσχατα.
1095 4672 1406 4743 ’Υπέμνησε
1432 4672 1489 4726 δὲ
1519 4671 1613 4726 καὶ
1652 4671 1754 4742 τῆς

181 4767 525 4837 συγγενείας,
556 4767 649 4820 καὶ
703 4764 930 4818 πέπεικε
961 4776 1009 4818 J.
1035 4764 1108 4818 Τὸ
1134 4764 1214 4827 δὲ,
1251 4763 1424 4834 πικρὰ
1478 4763 1635 4816 ἔσται
1683 4763 1752 4816 τὰ

178 4860 418 4930 ἔσχατα·
482 4858 567 4910 ὅτι
624 4857 737 4919 τοῖς
789 4855 1035 4926 ἀδελφοῖς
1113 4853 1370 4924 πολεμεῖν
1448 4851 1752 4923 μετάμελον

175 4952 306 5022 ἔχει.
341 4950 408 5007 C.
437 4948 499 5005 L.

775 5129 1025 5184 ΚΕΦΑΛ.
1059 5127 1136 5182 Β’.

247 5224 356 5278 Καὶ
379 5221 570 5290 εἶπεν,
598 5224 702 5290 Είς
724 5222 977 5290 Χεϐρών.
995 5221 1090 5274 Ἐκ
1111 5217 1217 5272 τῶν
1238 5216 1576 5287 φαινομένων
1602 5216 1750 5269 ἐστιν

177 5318 372 5377 εἰπεῖν,
404 5315 493 5368 διὰ
520 5316 582 5367 τὸ
609 5315 732 5376 τοὺς
761 5313 1105 5383 πατριάρχας
1143 5310 1258 5362 ἐκεῖ
1305 5307 1630 5376 κατοικῆσαι
1683 5321 1746 5358 τε

180 5409 272 5459 καὶ
298 5407 558 5476 ταφῆναι.
615 5407 721 5459 Καὶ
773 5406 853 5458 ὄτι
895 5405 993 5472 τῆς
1045 5401 1211 5454 Ἰούδα
1270 5401 1463 5470 φυλῆς,
1519 5399 1640 5452 ὅθεν
1687 5392 1756 5466 ἦν

1859 4581 2005 4635 enim
2033 4579 2271 4634 victores
2297 4579 2596 4634 vincuntur
2620 4591 2674 4635 et
2701 4579 2886 4651 fugam
2910 4581 3136 4650 capiunt
3185 4584 3277 4652 qui
3307 4599 3428 4652 per.

1855 4669 2251 4739 sequebantur.
2301 4667 2434 4723 ldeo
2457 4669 2611 4734 dicit,
2652 4671 2785 4741 quia
2806 4686 2994 4727 amara
3009 4682 3176 4729 erunt
3205 4677 3423 4734 ultima.

1856 4759 2084 4816 Generis
2126 4757 2568 4813 communionem
2597 4758 2652 4814 in
2689 4762 3010 4816 memoriam
3036 4767 3313 4822 revocavit
3366 4777 3423 4825 et

1857 4856 2180 4919 paruerunt.
2207 4847 2322 4901 Hoc
2353 4856 2562 4912 autem,
2597 4850 2724 4921 quia
2773 4865 2962 4906 amara
2995 4863 3160 4910 erunt
3192 4858 3422 4927 ultima;

1856 4941 1986 5012 quia
2033 4940 2298 4996 adversus
2363 4937 2560 4996 fratres
2628 4955 2896 5013 pugnare,
2957 4946 3300 5014 paenitentia:
3325 4952 3426 5006 ob-

1853 5032 2095 5088 noxium.

2486 5123 2638 5180 CAP.
2683 5124 2748 5182 ll.

1932 5215 2094 5271 Vens.
2123 5215 2174 5271 l.
2210 5212 2542 5284 Respondit:
2583 5213 2643 5270 In
2678 5217 2948 5275 Chebron.
2983 5219 3260 5288 Quantum
3295 5238 3428 5279 con-

1849 5308 2085 5377 iecturis
2145 5305 2447 5376 colligitur,
2480 5321 2775 5376 possumus
2827 5308 3034 5377 dicere,
3066 5326 3132 5366 eo
3151 5313 3297 5383 quod
3334 5330 3431 5385 pa-

1867 5400 2125 5454 triarcha:
2167 5397 2242 5453 ibi
2282 5397 2698 5466 habitaverunt,
2730 5408 2784 5456 ct
2810 5402 3010 5472 sepulti
3031 5411 3186 5459 sunt.
3220 5402 3430 5462 Deinde

257 5584 520 5639 "Matth.
556 5586 831 5648 xxm,57.
914 5582 956 5615 ιε
1017 5577 1149 5633 ibid.
1207 5576 1293 5630 53.
1388 5536 1804 5634 “Gen.tt,24.
1899 5570 2166 5642 wineg.
2207 5591 2245 5638 ι,
2280 5575 2331 5629 8.

1382 5713 1419 5760 ν
1433 5709 1614 5765 ARIAS
1655 5705 2058 5762 LEC'I‘IONES.

265 5818 277 5856 ί
315 5816 353 5869 C
408 5815 468 5868 L.
496 5813 586 5867 ἐπὶ
613 5811 687 5882 τῷ
718 5810 860 5880 φόνῳ
883 5848 896 5863 .
955 5806 966 5856 i
1011 5807 1088 5860 Τά
1128 5806 1370 5876 ἑπόμενα
1396 5803 1452 5855 ο)
1487 5799 1731 5871 περιέχει
1770 5799 1798 5850 ὁ
1832 5795 1928 5865 τῆς
1956 5796 2088 5863 Αὑγ.
2127 5794 2256 5850 κῶδ.
