4058 6578
575 417 713 483 1123
1901 406 2255 469 PROCOPII
2294 402 2537 467 (ἶΑΖᾹΞῘ
3684 404 3798 469 1124

573 532 702 603 quia
733 526 971 589 Hebron,
995 524 1140 579 unde
1164 521 1336 579 David
1364 520 1635 577 oriundus
1661 518 1791 584 fuit,
1824 518 1931 574 sita
1952 528 2069 573 erat
2092 519 2149 571 in
2179 531 2198 580 Α

2312 514 2496 579 Δασὶδ,
2528 514 2560 583 ἡ
2591 508 2819 582 Χεϐρὼν
2844 507 2963 561 τότε
2996 504 3332 577 μητρόπολις
3352 501 3440 577 ἦν.
3471 505 3586 561 Ἔτι
3604 511 3701 584 γὰρ
3721 515 3801 589 τὴν

573 599 723 676 tribu
762 615 925 682 Juda,
970 617 1060 670 illo
1096 624 1336 684 tempore
1375 612 1726 683 metropolim
1760 610 1955 664 fuisse.
1989 607 2156 663 Jebu-

2288 604 2625 679 Ιερουσαλὴμ
2662 601 2978 655 Ἰεὸουσαῖοι
3006 599 3488 669 κατεῖχον,διόπερ
3507 602 3799 672 ἐπήνεγκεν-

577 713 672 770 sati
711 711 857 766 enim
880 707 1256 777 Hierosolyma
1269 704 1449 759 adhuc
1480 704 1757 758 tenebant.
1785 698 2155 766 Quamobrem

2288 715 2332 761 ›ς
2373 695 2624 768 ἀνῆλθον,
2652 693 2749 747 καὶ
2780 691 3071 762 κατῴκουν
3099 692 3156 744 ὲν
3180 693 3306 754 ταῖς
3357 691 3545 746 πόλεσι
3579 695 3800 768 Χεϐρὼν,

579 803 768 867 infert,
806 800 950 870 quod
981 799 1350 854 ascendentes
1402 791 1860 849 habitaveriut'in
1924 789 2157 845 urbibus

2288 790 2354 844 :al.
2394 789 2468 851 ὠς
2500 785 2733 857 φυλέτην
2754 784 2811 837 δὲ
2849 785 2883 854 ἡ
2908 781 3004 835 τοῦ
3051 781 3223 836 Ἰούδα.
3251 782 3418 836 πλέον
3441 784 3623 852 ἠγάπα
3663 791 3799 863 φυλή.

578 892 874 950 llebrouis.
906 892 1177 947 Caeterum
1218 888 1402 944 tribus
1443 884 1588 943 Juda
1639 884 1930 950 Davidem,
1970 889 2161 953 utpote

2289 880 2427 934 Οθεν
2454 880 2613 949 φησι,
2647 895 2668 929 ι
2702 875 2816 930 Καὶ
2872 875 3124 947 ἔρχονται
3177 876 3229 928 oi
3288 875 3483 945 ἄνδρες
3521 876 3695 945 Ἰούδα,
3728 887 3804 938 καὶ

578 983 967 1047 contribulem,
1036 981 1211 1052 magis
1258 979 1549 1050 diligebat.
1614 977 1755 1032 Hinc
1795 975 1937 1032 dicit
1977 991 1990 1027 :
2029 993 2048 1026 ι
2096 972 2165 1028 Et

2288 971 2472 1043 [ρίουσι
2522 967 2612 1022 τὸν
2657 965 2820 1020 Δαϐὶδ
2862 966 2999 1021 ἐκεῖ.
3031 983 3051 1017 ι
3101 964 3368 1018 Τουτέστι
3393 1004 3410 1027 ,
3463 972 3803 1036 χειροτονοῦσι.

579 1075 806 1128 veniunt
838 1073 943 1129 viri
967 1070 1130 1138 Juda,
1156 1079 1210 1127 et
1256 1078 1473 1136 ungunt
1517 1067 1779 1123 Davidem
1814 1066 1929 1130 ibi;
1974 1083 1997 1120 ι
2057 1066 2165 1120 hoc

2288 1061 2581 1135 Ἐκεχρίκει
2601 1059 2709 1131 γάρ
2734 1057 2898 1114 αὑτὸν
2915 1056 2993 1130 τῷ
3043 1056 3174 1129 θείῳ
3198 1055 3369 1128 ἐλαίῳ
3394 1057 3677 1131 Σαμουὴλό
3702 1081 3807 1137 προ.

580 1174 665 1220 est
692 1163 970 1233 suffragiis
1008 1162 1276 1233 deligunt.
1325 1159 1552 1216 Samuel
1584 1159 1733 1215 enim
1770 1157 2039 1230 propheta
2072 1171 2165 1213 sa-
2265 1158 2463 1230 φήτης.

583 1269 680 1309 cro
720 1255 899 1324 ipsum
929 1253 1051 1308 oleo
1092 1253 1413 1307 iuunxerat.

659 1343 828 1400 Vens.
859 1343 945 1398 12.
974 1341 1361 1411 Mephiboseth.
1402 1339 1562 1397 Hunc
1600 1335 1805 1408 reliqui
1838 1336 2168 1407 interpretes

587 1434 767 1492 lsbaal
797 1434 1103 1505 appellant.

662 1527 829 1583 Vens.
886 1527 975 1582 15.
1046 1526 1204 1596 52],
1264 1522 1337 1579 Et
1383 1522 1572 1578 ludant
1611 1537 1790 1576 coram
1814 1517 1977 1573 vobis.
2024 1515 2172 1573 Con-

589 1632 863 1688 gressum,
894 1614 1212 1670 conﬂictum
1241 1628 1455 1675 eorum,
1490 1613 1677 1666 lusum
1715 1608 1978 1679 appellat,
2042 1621 2171 1661 cum

590 1706 871 1761 communi
933 1713 988 1760 et
1032 1706 1274 1759 maximo
1300 1702 1573 1767 exercitu,
1603 1700 1998 1771 particularem
2032 1711 2176 1753 com-

594 1798 836 1851 mittens.

664 1886 833 1942 Vens.
855 1885 950 1941 26.
974 1884 1119 1939 Num
1146 1900 1310 1956 usque
1359 1884 1413 1937 in
1446 1882 1725 1938 victoriam
1756 1881 2028 1937 devorabit
2050 1881 2173 1952 gla-

2352 1868 2449 1939 Μὴ
2486 1870 2573 1936 είς
2600 1867 2772 1934 νῖκος
2798 1867 3205 1940 καταφάγεταί,
3231 1866 3271 1936 ἡ
3297 1868 3601 1940 pompam;
3639 1871 3706 1926 Οὐ
3754 1873 3816 1928 bl.

594 1979 714 2032 dius
743 1978 767 2030 ?
794 1975 911 2032 Non
945 1991 1161 2047 aequum
1194 1988 1301 2041 est,
1342 1974 1544 2044 inquit,
1583 1982 1644 2027 ut
1688 1974 1924 2028 victores
1983 1987 2179 2029 omnes

2288 1978 2453 2026 καιον,
2480 1961 2634 2032 φησὶ,
2655 1962 2780 2025 τοὺς
2809 1960 3078 2025 νικῶντας
3100 1961 3487 2031 πανωλεθρίαν
3508 1963 3719 2033 ἐπάγειν
3731 1972 3818 2032 τοῖς

594 2070 773 2123 victos
825 2067 894 2121 ad
966 2081 1139 2121 unum
1177 2073 1464 2120 conentur
1507 2064 1880 2134 exstinguere.
1916 2062 2180 2134 Saepenu-

2288 2054 2613 2126 ἡττωμένοις
2642 2054 2846 2128 ζητεῖν.
2883 2053 3153 2118 Πολλάκις
3182 2052 3297 2125 γὰρ
3340 2055 3392 2107 οί
3455 2055 3698 2121 νικῶντες
3746 2062 3816 2130 ήτ-

596 2175 749 2214 mero
787 2160 954 2224 enim,
982 2158 1075 2229 qui
1101 2156 1402 2214 secundum
1435 2157 1688 2227 praelium
1722 2155 1955 2223 faciunt,
2000 2156 2181 2211 denuo

2288 2143 2498 2210 τῶνται,
2526 2143 2621 2196 καὶ
2650 2146 2698 2197 οί
2743 2141 3034 2207 διώκοντες
3091 2141 3414 2212 φεύγουσιν.
3467 2145 3558 2196 Διό
3583 2162 3704 2214 φασι
3752 2150 3816 2203 ὅτι

596 2252 912 2316 vincuntur,
944 2257 998 2307 et
1028 2250 1121 2320 qui
1147 2250 1283 2305 alios
1309 2256 1744 2320 persequuntur,
1804 2257 2098 2303 vertuntur
2125 2248 2182 2304 in

2288 2234 2456 2305 πικρά
2495 2233 2651 2287 ἔσται
2681 2232 2750 2288 τὰ
2784 2233 2994 2303 ἔσχατα
3053 2231 3376 2305 ’Υπέμνησε
3397 2231 3455 2286 δὲ
3486 2233 3579 2288 καὶ
3602 2235 3692 2307 τῆς
3722 2253 3817 2306 συγ-

2344 1333 2458 1389 Τὸν
2486 1330 2888 1403 Μεμφιϐοσέθ.
2930 1328 3134 1386 Τοῦτον
3177 1329 3230 1383 οί
3288 1324 3471 1382 λοιποὶ
3522 1327 3811 1402 ἑρμηνενταὶ

2268 1424 2512 1480 Είσὸάαλ
2538 1424 2890 1494 ὀνομάζουσι.

2339 1514 2451 1571 Kal
2481 1514 2740 1568 ἐνώπιον
2771 1512 2942 1582 ἡμῶν
2984 1511 3428 1577 παιξαίτωσαν.
3472 1511 3687 1567 Παιδιάν
3734 1517 3814 1588 τὴν

2273 1604 2479 1659 τούτων
2526 1605 2789 1658 ἐκάλεσεν
2826 1602 3169 1673 συμπλοκὴν,
3214 1604 3275 1672 τῇ
3311 1602 3585 1673 κοινῇκαὶ
3613 1606 3811 1680 μεγίστη

2275 1690 2581 1765 παρατάξει
2614 1692 3006 1765 παρεξετάζων
3027 1691 3128 1763 τὴν
3160 1692 3424 1763 μερικὴν.

605 2342 811 2414 fugam.
853 2341 1223 2408 Quamobrem
1283 2340 1441 2406 dicit,
1510 2349 1759 2395 extrema
1785 2355 1975 2396 amara
2032 2356 2180 2397 esse.

600 2433 995 2503 Cognzttionem
1054 2433 1219 2487 etiam
1293 2447 1562 2489 revocans
1609 2432 1664 2487 in
1735 2432 2085 2502 memoriam,
2132 2432 2185 2489 ei

602 2527 902 2597 persuasit,
926 2523 1072 2593 quod
1112 2524 1311 2579 voluit;

674 2616 840 2671 Vens.
892 2618 981 2671 '52.
1020 2616 1306 2670 Abiverunt
1344 2617 1399 2670 in
1431 2632 1701 2672 occasum.
1743 2616 1881 2672 Cum
1927 2616 2188 2688 reliquis-

606 2716 728 2763 sent
762 2710 953 2769 flama.
995 2715 1049 2762 et
1085 2707 1293 2770 Gabaa,
1318 2706 1597 2762 domicilia
1641 2708 1853 2775 Saulis;
1885 2724 2009 2779 qute
2071 2724 2188 2780 ap-

608 2801 884 2875 pellantur
928 2806 1137 2872 castra,
1179 2813 1241 2860 se
1288 2798 1344 2858 in
1375 2799 1582 2875 regiam
1617 2800 1807 2860 urbem
1840 2810 2188 2878 receperunt.

681 3090 848 3145 Vens.
880 3090 937 3144 5.
978 3086 1048 3142 Ει
1075 2995 1755 3160 ᾳιιατιιιῗῖὶῗιῖιῗῐληιιίια,
1781 3087 2047 3145 Adonias.

684 3179 851 3236 Vens.
885 3181 939 3234 7.
970 3179 1148 3245 Quare
1178 3181 1446 3249 ingressus
1475 3197 1529 3235 es
1577 3182 1648 3235 ad
1708 3180 2056 3236 concubinam
2092 3194 2193 3251 pa-
2219 3216 2262 3276 ο

2282 2326 2523 2397 γενείοις,
2542 2325 2640 2381 καὶ
2662 2325 2954 2380 πέπεικεν.

2371 2590 2675 2661 ’Δπῆλθον
2702 2592 2791 2657 είς
2818 2589 3080 2662 δυσμάς.
3109 2591 3526 2657 Καταλιπόντες
3547 2592 3638 2664 τὴν
3666 2594 3810 2665 Ῥαμὰ

2289 2685 2385 2739 καὶ
2416 2684 2515 2756 τὴν
2556 2683 2807 2750 Γαϐαὼν,
2862 2681 2929 2735 τὰ
2995 2681 3091 2735 τοῦ
3144 2683 3320 2737 Σαοὺλ
3380 2684 3677 2756 οίκητήρια,
3738 2689 3812 2745 τὰς

2291 2776 2636 2850 καλουμένας
2734 2772 3127 2849 παρεμϐολὰς,
3209 2776 3499 2850 βασιλικὴν
3580 2778 3815 2844 ἀπέδειξαν

2294 2872 2473 2929 πόλιν.

2892 2988 3146 3042 ΚΕΦΑΛ.
3190 2987 3268 3042 Γ’.

2372 3079 2482 3135 Καὶ
2516 3080 2550 3134 ὁ
2579 3078 2862 3149 τέταρτος
2893 3081 3086 3135 Ὀνία.
3148 3080 3407 3145 Ἀκύλας,
3445 3077 3721 3143 ’Δὸωνίας.

2372 3174 2433 3227 Τί
2465 3172 2554 3227 ὅτι
2608 3171 2893 3241 εἰσῆλθες
2931 3172 3086 3241 πρὸς
3112 3171 3228 3240 τὴν
3254 3172 3579 3239 παλλακὴν
3612 3168 3705 3225 τοῦ
3729 3185 3816 3224 aa-

613 3274 714 3329 tris
740 3274 887 3328 mei?
916 3272 1033 3327 Non
1056 3272 1201 3327 enim
1231 3273 1432 3329 licebat
1486 3289 1677 3346 regum
1716 3274 2047 3330 concubinis
2086 3275 2193 3328 nisi

2292 3264 2434 3334 τρός
2456 3279 2614 3334 μους
2659 3264 2733 3316 Οὐ
2769 3264 2879 3334 γὰρ
2907 3263 3034 3334 ἐξῆν
3060 3266 3180 3325 ταῖς
3205 3263 3506 3318 παλλακίσι
3545 3263 3643 3316 τῶν
3692 3260 3813 3331 βασι-

611 3383 738 3423 cum
791 3366 1019 3438 regibus
1079 3367 1400 3424 convenire.
1449 3366 1666 3424 Idcirco
1730 3368 2059 3424 Abessalom
2125 3367 2194 3422 ad

612 3459 985 3514 concubinam
1028 3458 1205 3526 patris
1248 3460 1536 3529 ingressus
1559 3467 1666 3525 est,
1696 3474 1924 3531 regnum
1945 3458 2197 3515 obtinere

611 3549 823 3613 volens,
875 3556 931 3603 et
984 3549 1226 3603 Adonias
1290 3547 1620 3606 interfectus
1672 3548 1827 3605 est”
1864 3558 2053 3618 utpote
2105 3564 2195 3604 re-

613 3652 782 3708 gnum
819 3636 1109 3717 aﬂectans,
1185 3636 1316 3709 quia
1348 3636 1419 3693 ad
1481 3638 1846 3695 concubinam
1874 3638 2043 3709 patris
2108 3640 2195 3695 sui

615 3732 827 3803 ingredi
857 3732 1055 3787 voluit.

686 3822 852 3879 Vens.
870 3820 1017 3877 15.Ν
1025 3822 1093 3877 isi
1108 3822 1399 3878 adduxeris
1413 3820 1632 3878 Michol.
1649 3823 1830 3893 Atque
1849 3823 2124 3895 iniquum,
2140 3828 2196 3877 et

614 3923 810 3969 contra
834 3914 979 3984 leges
1008 3924 1145 3982 erat,
1172 3914 1333 3971 alteri
1366 3915 1677 3986 copulatam
1716 3915 1983 3986 recipere.
2052 3916 2195 3969 Deus

614 4004 752 4059 dicit
775 4019 871 4074 per
886 4003 1214 4060 Jeremiam:
1246 4005 1337 4060 «Si
1360 4005 1445 4060 vir
1468 4020 1699 4060 uxorem
1726 4020 1882 4062 suam
1903 4004 2193 4070 dimiserit,

615 4102 672 4150 et
694 4095 950 4162 abiverit,
982 4104 1037 4150 et
1065 4096 1294 4152 alterius
1327 4097 1431 4151 viri
1462 4112 1599 4152 uxor
1634 4098 1778 4151 facta
1814 4097 2005 4166 fuerit,
2070 4112 2186 4152 non

619 4186 855 4256 amplius
901 4195 1205 4242 revertetur
1235 4188 1305 4242 ad
1345 4188 1559 4244 eum".
1598 4206 1619 4241 ι
1684 4187 1855 4244 David
1890 4204 2021 4245 vero
2084 4203 2197 4244 non

621 4278 831 4333 dimisit
859 4277 1084 4345 Michol,
1124 4279 1221 4334 sed
1266 4278 1439 4344 Saul,
1476 4287 1672 4334 contra
1700 4278 1814 4350 jus;
1843 4288 1898 4336 et
1923 4278 2028 4349 fas,
2072 4282 2195 4337 vio-

618 4369 798 4423 lenter
825 4377 1037 4437 raptam
1075 4368 1235 4423 alteri
1262 4368 1618 4439 desponsavit
1650 4386 1667 4438 ;
1709 4370 2074 4441 quamobrem
2094 4370 2200 4427 Da-

620 4460 710 4514 vid
750 4460 1013 4515 violenter
1033 4467 1204 4530 rapta:
1234 4461 1474 4532 ignovit.

695 4548 858 4605 Vens.
881 4550 971 4605 27.
1002 4548 1266 4605 Venerunt
1291 4551 1356 4605 ab
1381 4552 1954 4626 excursione.Aquila,
1984 4554 2200 4611 Ceddur
2232 4570 2276 4627 ο

625 4638 950 4712 μονοζὼνου,
979 4641 1285 4710 ρνιεειαηιὶε
1347 4641 1495 4696 belli.

699 4732 766 4786 Et
804 4733 1067 4795 percussit
1092 4749 1209 4787 eum
1246 4732 1339 4788 ibi.
1385 4734 1714 4790 Praetextum
1742 4734 1962 4806 quidem
2005 4752 2195 4793 verum

625 4824 879 4881 Asahelis
937 4824 1137 4879 caedem
1197 4825 1408 4888 habuit,
1470 4840 1694 4883 causam
1731 4842 1878 4895 vero,
1913 4829 2195 4883 invidiam.

624 4915 761 4969 Cum
784 4913 930 4968 enim
957 4914 1146 4980 sciret,
1174 4915 1453 4970 Abnerum
1477 4916 1767 4987 imperium
1800 4918 2038 4974 militare
2104 4933 2201 4974 ac-

625 5013 935 5073 cepturum,
973 5003 1021 5058 si
1060 5010 1236 5059 totum
1306 5003 1560 5061 Israelem
1601 5004 1791 5061 Davidi
1851 5007 2192 5074 abduxisset,

628 5095 919 5151 ambitiose
970 5096 1341 5167 principatum
1388 5096 1679 5163 affectans,
1724 5099 1900 5168 ipsum
1968 5100 2196 5155 occidit.

698 5186 869 5244 Vens.
906 5187 996 5244 29.
1036 5187 1103 5243 Et
1130 5200 1307 5244 tenens
1358 5190 1627 5257 baculum,
1684 5190 2010 5246 Seminiﬂui.
2040 5199 2095 5247 et
2131 5193 2205 5248 le-

628 5281 804 5353 prosi,
859 5281 1014 5352 juxta
1044 5282 1214 5352 legem
1268 5282 1530 5337 immundi
1587 5292 1734 5348 sunt,
1782 5290 1836 5339 et
1866 5282 2203 5338 acommuni

629 5375 818 5445 politia
868 5382 1231 5445 separantur;
1316 5374 1515 5431 baculo
1571 5382 1752 5430 autem
1825 5385 2076 5441 utuntur,
2108 5377 2201 5446 qui

631 5465 825 5520 mutilo
850 5474 981 5521 sunt
1048 5480 1301 5537 corpore.
1340 5464 1522 5533 Quare
1565 5465 1763 5536 Aquila
1798 5467 1964 5522 talem
2004 5483 2203 5524 cretum

628 5557 909 5626 exposuit.

705 5646 869 5705 Vens.
911 5649 1001 5704 5'5.
1032 5649 1114 5704 An
1143 5648 1428 5704 secundum
1470 5660 1689 5704 mortem
1741 5646 1925 5705 Nabal
1949 5649 2207 5707 morietur

667 5824 712 5858 "
743 5823 810 5879 ιιι
840 5824 968 5897 lteg.
1009 5841 1070 5890 ιι,
1111 5826 1178 5881 15
1208 5841 1323 5896 seq.
1390 5825 1650 5883 “larem.
1686 5842 1765 5897 ιιι,
1810 5828 1857 5882 Ι.

2294 3359 2431 3414 λέων
2463 3359 2823 3429 συγγενέσθαι
2855 3360 2983 3423 τοὺς
3014 3360 3091 3431 μὴ
3120 3359 3281 3424 ὄντας
3324 3359 3579 3430 βασιλεῖς.
3631 3359 3711 3411 Διὸ
3745 3360 3816 3411 καὶ

2307 3450 2663 3522 Ἀϐεσσαλὼμ
2688 3454 2810 3514 ταῖς
2846 3449 2942 3504 τοῦ
2997 3452 3206 3522 πατρὸς
3257 3450 3450 3522 ἐμίγη,
3509 3449 3664 3504 θέλων
3707 3466 3813 3517 xpu-

2294 3542 2449 3597 τῦναι
2478 3542 2577 3613 τὴν
2607 3541 2905 3612 βασιλείαν.
2939 3540 3050 3594 Καὶ
3093 3541 3351 3605 Ἀδωνίας
3378 3543 3639 3614 ἀνῄρηται
3659 3558 3815 3611 τυραν-

2294 3635 2443 3691 νικὸν
2468 3635 2766 3706 φρονήσας,
2794 3634 2874 3687 ὅτι
2918 3630 3153 3703 ἠθέλησε
3184 3635 3418 3706 μιγῆναι
3450 3638 3514 3705 τῇ
3548 3633 3634 3687 τοῦ
3654 3634 3814 3702 πατρὴ

2296 3726 2571 3798 παλλακῇ.
2613 3725 2676 3781 C.
2702 3726 2765 3780 L.

2380 3819 2521 3874 Ἐὰν
2548 3819 2636 3889 μὴ
2665 3817 2892 3889 ἀγάγῃς
2940 3820 3057 3890 τὴν
3111 3820 3377 3889 Μελχόλ.
3413 3820 3598 3874 Καίτοι
3629 3819 3811 3891 παράνο·

2300 3928 2401 3983 μον
2441 3910 2736 3965 ἀναλαϐεῖν
2763 3912 2862 3984 τὴν
2899 3911 3300 3983 συνημμμένην
3318 3914 3515 3984 ἑτέρῳ.
3536 3913 3661 3982 Φησὶ
3682 3911 3728 3963 δὲ
3743 3911 3809 3963 καὶ

2295 4003 2365 4057 δι’
2402 4003 2665 4075 Ἰερεμίου
2696 4003 2851 4068 Θεὸς,
2888 4023 2909 4057 ί
2949 4004 3073 4058 Ἐάν
3125 4004 3373 4077 ἀπολύσῃ
3436 4005 3570 4076 ἀνὴρ
3610 4002 3694 4074 τὴν
3738 4018 3811 4070 γυ·

2298 4095 2461 4149 ναῖκα
2490 4092 2678 4160 αὑτοῦ,
2708 4094 2805 4147 καὶ
2836 4094 3101 4165 πορευθῆ,
3136 4096 3231 4148 καὶ
3254 4095 3482 4167 γένηται
3502 4095 3642 4166 ἀνδρὶ
3663 4092 3811 4162 ἑτέρῳ,

2302 4185 2378 4258 μὴ
2399 4185 2831 4256 ἀνακάμπτουσα
2857 4185 3175 4257 ἀνακάμψει
3202 4186 3335 4259 πρὸς
3362 4187 3519 4241 αὐτὸν
3546 4187 3634 4242 ἔτι.
3662 4204 3680 4237 ι
3708 4183 3811 4237 Ἀλλ’

2297 4280 2328 4332 ὁ
2375 4276 2540 4331 Δασὶδ
2579 4276 2681 4330 οὐκ
2726 4276 3029 4331 ἀπολέλυκε
3060 4277 3160 4349 τὴν
3220 4278 3459 4349 Μελχδλ,
3484 4278 3638 4332 ἀλλ’ό
3679 4274 3810 4328 Σαοὺλ

2299 4369 2469 4440 αὐτὴν
2515 4369 2840 4433 ἀποσπάσας
2871 4370 3214 4440 παρανόμως
3244 4371 3430 4443 ἑτέρῳ
3477 4368 3809 4438 κατεγγύησεν,

2299 4461 2421 4515 ὅθεν
2453 4462 2693 4529 συνέγνω
2732 4465 2798 4533 τῇ
2835 4462 2925 4532 βίᾳ
2950 4462 3135 4516 Δαὸίδ.

2385 4553 2530 4608 Ἀπὸ
2561 4552 2671 4623 τῆς
2689 4553 2958 4621 ἐξοδίας.
2998 4553 3251 4622 Ἀκύλας,
3278 4554 3384 4609 τοῦ
3405 4552 3652 4623 reddoin
3672 4567 3811 4622 μονο-

2303 4642 2507 4705 ζώνου.

2374 4735 2481 4791 Kal
2513 4735 2818 4801 ἐπάταξεν
2835 4737 3023 4792 αὑτὸν
3065 4738 3208 4794 ἐκεῖ.
3269 4741 3544 4814 Πρόφασιν
3585 4738 3671 4809 μὲν
3697 4736 3809 4803 ἔσχε»

2303 4828 2479 4900 ἀληθῆ
2509 4830 2602 4883 τοῦ
2627 4831 2829 4903 Ἀσαὴλ
2862 4830 2959 4903 τὴν
2987 4833 3227 4904 σφαγὴν,
3252 4835 3433 4888 αίτίαν
3456 4836 3511 4888 δὲ
3538 4834 3619 4887 τὸν
3645 4829 3806 4899 φθόνον.

2304 4920 2480 4985 εἰδὼς,
2507 4921 2590 4974 ὅτι
2630 4921 2729 4995 τῆς
2788 4923 3123 4994 στρατηγίας
3149 4923 3526 4995 ἀξιωθήσεται,
3577 4923 3721 4977 πάντα
3758 4914 3809 4981 τῷ

2304 5012 2515 5083 βασιλεῖ
2535 4990 2825 5085 προσάγων
2841 4990 2932 5069 {ev
2948 4990 3184 5088 Ἰσραὴλ,
3205 4990 3482 5090 φιλαρχῶν
3511 4990 3665 5072 τοίνυν
3684 5015 3808 5081 ἐμιαιο

2306 5105 2557 5175 φόνησεν.

2378 5197 2487 5252 Kal
2531 5196 2765 5266 κρατῶν
2805 5199 3139 5269 σκυτάλης.
3168 5202 3474 5276 Γονορῤυὴς
3512 5201 3596 5258 καὶ
3643 5193 3806 5262 λεπρὸς.

2308 5288 2452 5345 κατά
2472 5289 2635 5360 νόμον
2662 5290 2981 5362 ἀκάθαρτοι,
3016 5294 3111 5348 καὶ
3136 5295 3235 5365 τῆς
3255 5295 3440 5367 κοινῆς
3471 5289 3709 5348 πολιτείας
3744 5299 3809 5337 κε·

2309 5382 2658 5453 χωρισμένοι.
2712 5383 2960 5455 Σκυτάλῃ
3011 5384 3070 5437 δὲ
3123 5387 3365 5458 χρῶνται
3390 5388 3441 5441 οἱ
3477 5387 3536 5440 τὸ
3570 5382 3700 5450 σῶμα
3738 5390 3804 5425 πε·

2311 5472 2649 5543 πηρωμένοιο
2684 5473 2849 5529 Ὅθεν
2881 5475 3112 5540 ’Ᾱκύλας
3158 5479 3392 5547 τυφλὸν
3428 5478 3516 5533 τὸν
3542 5472 3735 5530 τοιοῦτον
3755 5461 3807 5524 ἐξ·

2315 5564 2538 5620 έδωκεν.

2391 5653 2457 5709 El
2502 5654 2651 5709 κατὰ
2706 5655 2969 5712 θάνατον
3014 5661 3219 5715 Ναὸὰλ
3278 5661 3635 5718 ἀποθανεῖται
3672 5651 3807 5707 Ἀϐεν-
