4058 6520
235 356 366 420 1125

1225 348 1753 411 COMMENTARII
1808 345 1885 406 IN
1924 345 2069 405 LIB.
2092 344 2149 404 ΙΙ
2193 345 2483 407 REGUM.

3342 348 3498 415 r1126

229 467 362 534 νήρ.
412 462 471 515 '0
500 463 600 533 μὲν
630 463 737 533 γὰρ
776 456 847 531 ἦν
912 461 1149 531 ἀπηνὴς,
1191 462 1285 515 καὶ
1315 462 1523 525 ἄδικος,
1552 460 1647 513 καὶ
1674 458 1808 528 ἀχάα

1917 456 2115 510 Abner.
2146 455 2321 511 Nabal
2362 460 2508 513 enim
2571 458 2803 515 immitis
2830 467 2971 522 erat.
3013 459 3273 529 iniustus,
3306 472 3361 516 et
3417 464 3496 517 in-

231 574 434 629 ριστος.
469 556 529 608 '0
560 554 616 607 δὲ
655 554 921 623 Ἀϐεννὴρ
949 554 1008 606 ὲν
1056 552 1405 623 συμϐολαίοις
1430 554 1542 613 ἶσος
1571 589 1588 615 ,
1623 552 1806 621 φησὶν,

228 650 323 702 καὶ
345 648 420 709 ὼς
459 646 702 716 ἀνδρεῖος
730 645 790 697 ὲν
834 646 1059 714 μάχαις,
1089 645 1150 696 οὐ
1195 644 1264 696 τὰ
1323 643 1430 695 τῶν
1477 642 1809 712 ἡττωμένων

227 739 491 807 ὑπέμεινε
541 735 711 805 πάθη.
767 733 1090 805 ’Υπόκρισις
1146 733 1205 786 δὲ
1263 732 1447 801 φιλίας
1501 733 1809 803 ἐπήνεγκεν

225 828 377 899 αὐτῷ
406 828 509 898 τὴν
557 826 790 895 σφαγήν.
855 822 1067 891 ’Λλγῶν
1116 823 1340 894 ἐθρήνει
1397 822 1583 877 Δαϐίδ.
1645 822 1704 875 Ὀ
1748 820 1809 875 δὲ

225 921 426 993 θρῆνος
449 917 544 972 τοῦ
574 915 705 970 λαοῦ
737 915 835 987 τὴν
865 913 1081 969 εὔνοιαν
1109 912 1375 984 ηῦξησεν.

305 1010 745 1079 ΥίοίΣαρουΐας
771 1007 1170 1075 σκληρότεροί
1213 1006 1332 1076 μού
1391 1006 1569 1059 εἰσιν.
1614 1002 1807 1058 Δίτίαν

222 1104 396 1173 λέγει,
416 1104 483 1157 δι’
513 1104 579 1174 ἢν
605 1104 695 1157 τὸν
730 1100 889 1156 ἰωάϐ
916 1098 985 1155 δι’
1031 1098 1292 1171 ’Δϐεννὴρ
1347 1099 1447 1152 οὐκ
1467 1097 1805 1161 ἀπέκτεινεν,

224 1196 355 1249 ἔνθα.
386 1196 497 1263 γὰρ
534 1194 714 1265 ῥᾴδιον
738 1192 818 1265 τῷ
849 1190 1045 1265 δικαίῳ
1069 1189 1308 1263 χρῆσθαι
1334 1188 1516 1260 θυμῷ,
1547 1184 1808 1258 οὐδεμίαν

226 1290 473 1342 ποιεῖται
496 1287 685 1357 φειδώ.

837 1460 1089 1515 ΚΕΦΔΛ.
1119 1464 1158 1514 Δ
1180 1498 1194 1513 .

299 1558 410 1613 Καὶ
442 1557 681 1628 χρίουσι
708 1553 816 1609 τὸν
842 1552 1041 1607 Δαϐίδ.
1078 1551 1247 1606 Πάλιν
1275 1547 1397 1604 ἀντὶ
1417 1546 1537 1615 τοῦ,
1570 1561 1808 1619 χειροτο-

222 1652 413 1707 νοῦσιν
447 1654 503 1704 αἱ
532 1650 687 1705 άλλαι
718 1646 902 1716 φυλαί.

295 1746 454 1799 Διότι
520 1742 906 1807 ἀντέστησαν
952 1740 1009 1793 oi
1076 1736 1279 1807 χωλοὶ,
1330 1735 1428 1789 καί
1471 1737 1525 1789 οἱ
1563 1734 1805 1804 τυφλοί.

1918 555 2131 617 gratus,
2202 547 2389 601 Abncr
2458 564 2589 601 vero
2648 549 2700 601 in
2754 551 3135 606 contractibus
3169 566 3387 621 aequus,
3443 564 3499 607 et

1912 634 2124 703 justus,
2152 633 2316 691 fortis
2348 639 2399 690 in
2429 639 2654 706 pratliis,
2685 653 2797 693 non
2866 642 3141 695 victorum
3184 656 3348 696 casus
3378 658 3499 712 per-

1913 733 2060 799 tulit,
2090 731 2183 787 sed
2219 734 2477 787 amicitia:
2500 735 2782 791 simulatio
2810 736 2859 790 ei
2885 751 3073 791 necem
3112 738 3323 790 attulit.
3386 737 3494 790 Da-

1912 825 2001 879 vid
2041 826 2223 895 itaque
2250 842 2314 880 ex
2346 825 2540 882 dolore
2597 828 2869 898 lacrymas
2906 828 3216 899 profundit.
3260 829 3498 885 Lamen-

1913 916 2048 970 tatio
2081 926 2261 970 autem
2298 918 2390 970 illa
2424 919 2613 989 populi
2668 920 3105 975 benevolentiam
3139 922 3316 975 auxit.

1986 1006 2155 1063 Vsus.
2190 1008 2279 1063 39.
2316 1006 2447 1063 Filii
2478 1008 2681 1066 Saruia:
2702 1014 2939 1067 duriores
2970 1029 3051 1067 me
3072 1022 3214 1068 sunt.
3259 1015 3494 1070 Causam

1912 1098 2098 1169 ponit,
2134 1108 2360 1169 propter
2401 1116 2566 1169 quam
2600 1100 2765 1156 David
2790 1104 2857 1158 de
2892 1104 3239 1161 interfectore
3293 1104 3494 1162 Abneri

1910 1191 2208 1261 capitalem
2258 1208 2477 1263 poenam
2516 1210 2626 1249 non
2654 1197 2975 1265 sumpserit.
3030 1196 3264 1263 Quando
3342 1199 3491 1254 enim

1907 1280 2122 1371 iustam
2165 1282 2303 1338 iram
2334 1283 2498 1340 facile
2527 1298 2787 1341 exercere
2815 1286 3012 1357 potuit,
3047 1289 3098 1342 ei
3160 1302 3269 1342 non
3301 1303 3494 1359 peper—

1909 1370 2007 1427 cit.

2485 1463 2637 1520 CAP.
2681 1463 2769 1519 tv.
2803 1462 2934 1537 [v.1

1990 1558 2156 1613 Vens.
2187 1559 2244 1615 5.
2274 1556 2344 1612 Ει
2385 1566 2591 1624 ungunt
2626 1555 2900 1611 Davidem.
2930 1553 3129 1610 lterum
3168 1570 3267 1625 pro
3294 1552 3493 1609 sull'ra-

1911 1652 1998 1725 gia
2031 1665 2155 1706 eum
2213 1649 2439 1719 reliquae
2468 1649 2632 1703 etiam
2664 1648 2845 1703 tribus
2880 1648 3116 1718 eligunt.

1989 1746 2158 1800 Vsus.
2183 1742 2235 1796 8.
2268 1740 2409 1807 Quia
2432 1741 2739 1795 restiterunt
2772 1738 2974 1804 claudi,
3001 1749 3049 1794 et
3076 1742 3231 1794 cwci.
3262 1736 3494 1794 Jebusazi

228 1838 355 1892 Ἐτι
385 1836 484 1906 τὴν
524 1833 876 1906 Ἰερουσαλὴμ
926 1832 1174 1900 κατεῖχον
1218 1827 1552 1883 Ἱεϐουσαῖοι.
1598 1824 1707 1879 Τοῦ
1751 1825 1806 1878 δὲ

1918 1839 2100 1895 adhuc
2162 1831 2423 1889 tenebant
2478 1829 2892 1900 Hierosolyma.
2951 1830 3271 1900 Composito
3331 1830 3496 1901 igitur

223 1927 491 1998 ἐμφυλίου
522 1924 872 1995 παυσαμένου
922 1921 1181 1991 πολέμου,
1208 1920 1349 1973 κατά
1374 1918 1578 1972 τούτων
1604 1918 1804 1989 ἐστρά-

220 2036 419 2073 τευσεν
447 2021 476 2072 ὁ
512 2015 785 2089 βασιλεύς.
825 2000 1061 2069 Ἐκεῖνον
1084 2012 1140 2065 δὲ
1176 2010 1670 2081 καταφρονοῦντες,
1694 2012 1806 2074 τοῖς

221 2112 533 2181 ἀναπήροις
598 2106 910 2163 ἀνελθοῦσιν
952 2105 1045 2159 ἐπὶ
1088 2103 1149 2156 τὸ
1203 2105 1403 2173 τεῖχος,
1446 2100 1807 2166 ὲπιτωθάζειν

221 2205 481 2259 ἐκέλευον
510 2201 587 2272 τῷ
613 2200 798 2265 Δαϐὶδ,
856 2199 956 2270 ἤδη
994 2197 1092 2268 τὴν
1127 2195 1423 2266 ἀκρόπολιν
1464 2195 1665 2265 ἔχοντι.
1698 2197 1809 2248 Πε-

221 2293 447 2363 ριοχὴν
476 2293 585 2362 γὰρ
612 2290 816 2361 ταύτην
854 2290 1029 2355 καλεῖ,
1058 2290 1186 2352 τοὺς
1215 2283 1308 2341 οὖν
1344 2286 1638 2357 πολεμίους
1672 2286 1807 2339 πάν-

222 2404 327 2450 τας
357 2384 660 2449 ἀκοντίζειν
679 2381 954 2447 ἐκέλευσε,
978 2379 1120 2436 κατά
1148 2380 1246 2450 τὴν
1279 2377 1518 2449 ἀρχῆθεν
1546 2376 1639 2431 τοῦ
1670 2374 1805 2431 Θεοῦ

223 2477 604 2549 γεγενημένην
633 2476 929 2545 ἀπόφασιν.
963 2473 1124 2528 Ὅθεν
1151 2474 1243 2527 καὶ
1268 2470 1366 2543 τὴν
1383 2469 1523 2524 Σιὼν
1555 2470 1806 2541 ὠνόμασε

222 2572 409 2636 πόλιν,
444 2570 687 2624 τουτέστι
714 2570 830 2637 τὴν
870 2568 993 2622 ἄνω
1040 2566 1216 2619 πόλιν.
1247 2564 1320 2618 Τὸ
1344 2562 1423 2628 δὲ,
1450 2562 1724 2618 ἁπτέσθω
1742 2561 1812 2615 ὲν

222 2660 601 2731 παραξιφίδι,
618 2663 646 2715 ὁ
670 2659 966 2731 Σύμμαχος
1005 2672 1191 2727 φησιν,
1232 2653 1300 2720 ὃς
1324 2653 1400 2706 ἂν
1420 2654 1580 2721 τύψῃ
1609 2653 1812 2706 Ἰεϐου-

224 2755 431 2819 σαῖον,
458 2753 553 2807 καί
572 2750 998 2819 κατακρατήσῃ
1028 2747 1354 2814 ὲπάλξεως.
1387 2745 1445 2799 '0
1474 2744 1531 2797 δὲ
1556 2743 1809 2810 Ἀκύλας,

225 2841 353 2909 πᾶς
380 2840 709 2895 διατάσσων
748 2837 1113 2894 Ἰεϐουσαῖον
1136 2878 1151 2903 ,
1175 2836 1272 2890 καί
1308 2836 1522 2903 ἅψεται
1549 2833 1617 2887 ἐν
1641 2850 1813 2900 κρου-

226 2932 449 3003 νισμῷ.
468 2933 630 3002 Δηλοῖ
652 2932 710 2986 δὲ
736 2931 819 2998 τὸ,
846 2930 956 2984 δεῖν
978 2927 1225 3001 σφοδρῶς
1255 2926 1517 2992 πατάξαι,
1552 2925 1647 2977 καὶ
1671 2922 1810 2995 πρὸς

230 3024 470 3093 αἵματος
507 3021 752 3092 ἔκχυσιν.

1908 1930 2051 1985 bello
2104 1922 2258 1980 civili
2316 1932 2371 1977 et
2409 1921 2694 1985 intestino,
2750 1921 2913 1991 primi
2971 1921 3246 1984 fuerunt,
3304 1932 3495 1975 contra

1905 2032 2047 2090 quos
2070 2030 2163 2071 rex
2188 2010 2357 2065 David
2386 2009 2793 2081 expeditionem
2833 2011 3093 2079 suscepit.
3117 2009 3314 2064 Contra
3346 2024 3492 2073 vero,

1907 2107 2407 2161 illicontetnnentes
2428 2114 2544 2164 eos,
2565 2099 2852 2168 jusserunt
2882 2100 3107 2163 mutilis,
3125 2107 3178 2153 et
3200 2098 3427 2160 mancis.
3446 2099 3493 2153 si

1908 2196 2296 2257 ascendissent
2348 2208 2559 2259 muros,
2609 2192 2905 2249 insultare.
2973 2190 3111 2246 Cum
3159 2190 3327 2246 David
3378 2190 3491 2260 jam

1910 2307 2094 2347 arcem
2142 2295 2489 2356 occupasset,
2528 2283 2671 2338 hanc
2717 2284 2863 2339 enim
2925 2282 3185 2355 περιοχὴν
3233 2282 3490 2353 appellat,

1908 2400 2103 2443 omnes
2138 2381 2421 2439 Jebusatos
2446 2380 2759 2435 interficere
2803 2377 2996 2447 jussit,
3028 2376 3325 2432 secundum
3354 2391 3493 2444 pra:-

1910 2484 2128 2547 ceptum
2161 2472 2402 2536 Domini,
2432 2470 2576 2541 quod
2604 2468 2763 2523 initio
2811 2467 3112 2523 revelatum
3146 2473 3295 2520 erat.
3337 2463 3495 2521 Unde

1909 2569 2076 2624 etiam
2101 2564 2289 2620 urbem
2312 2560 2447 2617 Sion
2468 2559 2783 2631 appellavit,
2814 2558 2917 2613 hoc
2936 2565 3039 2622 est,
3061 2557 3161 2625 τὴν
3182 2557 3295 2611 ἀνω
3315 2555 3491 2609 πόλιν.

1910 2654 2051 2711 Illud
2078 2668 2233 2716 vero,
2268 2658 2453 2722 tangat
2484 2650 2537 2703 in
2571 2664 2840 2712 mucrone,
2898 2646 3263 2718 Symmachus
3313 2660 3494 2715 espo-

1912 2749 2015 2813 nit,
2073 2747 2164 2817 qui
2231 2742 2551 2815 percusserit
2600 2740 2922 2806 Jebusazum,
2979 2748 3029 2794 et
3095 2738 3492 2807 apprehenderit

1911 2836 2157 2901 ἔπαλξιν,
2182 2835 2424 2905 pinnam,
2447 2832 2499 2887 id
2517 2838 2623 2895 est,
2654 2844 2936 2885 murorum
2971 2828 3273 2901 fastigium.
3300 2827 3493 2897 Aquila

1909 2943 2064 2992 vero,
2122 2927 2317 2992 omnis,
2377 2925 2467 2995 qui
2522 2922 2842 2993 percusserit
2914 2919 3245 2983 Jebuswum,
3298 2929 3353 2975 et
3412 2927 3495 2972 at-

1915 3019 2101 3089 tigerit
2130 3020 2188 3071 ὲν
2211 3014 2549 3089 κρουνισμῷ,
2602 3016 2655 3069 in
2716 3015 2928 3080 vertice,
2959 3023 3013 3069 et
3062 3016 3127 3067 ad
3168 3012 3491 3068 effusionem

1914 3112 2203 3182 sanguinis
2230 3124 2407 3179 usque
2434 3106 2817 3179 percutiendos
2840 3120 2965 3160 esse
2985 3144 3000 3159 .

311 3197 418 3251 Kal
453 3195 668 3264 Κύριος
693 3190 1116 3261 παντοκράτωρ
1143 3189 1269 3261 μετ’
1304 3188 1511 3244 αὐτοῦ.
1544 3184 1803 3257 Αἰσχυνέ-

1914 3153 2203 3182 “una”..-
2233 3153 2407 3179 νυν...
2434 3153 2815 3179 ,ψη---ηπ-
2844 3153 2964 3160 ----
2986 3153 3000 3159 -

1990 3203 2153 3259 Vsus.
2198 3200 2284 3255 10.
2314 3199 2381 3253 Et
2429 3198 2688 3253 Dominus
2730 3196 3057 3265 omnipotens
3086 3210 3203 3248 cum
3224 3209 3305 3247 eo.
3343 3192 3490 3246 Con-

233 3288 455 3342 σθωσαν
483 3286 769 3357 αἱρετικοί.
822 3284 977 3339 Οὖτω
1004 3284 1115 3356 γάρ
1166 3284 1228 3335 τὸ
1256 3282 1402 3336 θεῖον
1433 3280 1659 3351 Πνεῦμα
1684 3279 1807 3332 πολ-

228 3379 397 3442 λάκις
426 3378 712 3432 ἐκάλεσαν.

308 3470 415 3534 Εις
452 3467 568 3535 τὴν
592 3464 841 3521 κοιλάδα
876 3463 995 3518 τῶν
1052 3462 1325 3518 Τιτάνων.
1366 3462 1505 3524 Τοὺς
1537 3460 1807 3530 Γίγαντας

229 3561 333 3614 xui.
362 3560 595 3620 Τιτᾶνας
621 3556 921 3629 ὠνόμαζον,
946 3555 1314 3624 οὓςῬαφαεὶν
1344 3553 1586 3625 Ἐϐραῖοί
1619 3570 1802 3624 φασιν.

230 3650 530 3713 Τοιούτους
553 3648 748 3719 ἀνδρας
770 3647 895 3719 ἔσχε
926 3648 1022 3700 καὶ
1050 3648 1084 3718 ἡ
1114 3645 1364 3719 Χεϐρὼν,
1396 3649 1490 3700 καὶ
1516 3649 1549 3719 ὴ
1573 3648 1697 3701 Γέθ.
1716 3646 1807 3714 Ἐξ

231 3735 313 3795 ὧν
342 3736 413 3812 ἦν
437 3743 531 3794 καὶ
578 3744 606 3793 ὁ
635 3739 852 3804 Γολιάθ,
894 3742 990 3793 καὶ
1019 3740 1071 3794 oi
1118 3740 1213 3793 τοῦ
1244 3740 1407 3794 Δαϐὶδ
1437 3742 1701 3813 ἀριστεῖς,
1732 3734 1807 3795 ὧν

232 3833 336 3896 τάς
354 3830 719 3903 ἀνδραγαθίας
753 3830 1066 3901 ἐθαύμασεν
1092 3831 1127 3902 ὴ
1160 3830 1375 3903 Γραφή.
1422 3830 1577 3895 Είκὸς
1604 3831 1805 3896 τοίνυν,

233 3927 296 3979 ὲν
317 3922 453 3994 τῷδε
491 3922 569 3993 τῷ
627 3921 811 3994 χωρίῳ
862 3922 1031 3977 πάλαι
1052 3922 1175 3978 τινὰ
1226 3921 1435 3977 τούτων
1481 3921 1809 3994 γεγενῆσθαι

233 4014 569 4087 παράταξιν,
604 4014 726 4069 ὃθεν
756 4013 931 4078 οὕτως
978 4013 1317 4084 ὠνόμασται.

314 4191 424 4247 Καὶ
461 4192 729 4261 παρέστη
755 4192 959 4260 αὐτοῖς
988 4186 1255 4261 πληᾶίον
1276 4193 1382 4248 τοῦ
1398 4193 1807 4266 κλαυθμῶνος.

248 4286 484 4349 Ἀκύλας
544 4284 739 4351 οὕτως,
799 4285 867 4351 ἐξ
919 4286 1197 4353 ἐναντίας
1226 4285 1343 4340 τῶν
1381 4286 1595 4341 ἀπίων.
1635 4285 1723 4349 Ὠς
1752 4286 1810 4340 δὲ

237 4378 589 4449 παιδοτρίϐης
614 4378 777 4433 αὑτὸν
810 4378 1021 4446 ἀλείφει
1055 4380 1193 4451 πρὸς
1239 4380 1464 4450 ἀρετὴν,
1494 4378 1698 4432 πείθων
1734 4378 1809 4450 μὴ

1906 3296 2205 3355 fundantur
2265 3289 2545 3355 hatretici;
2598 3300 2972 3357 saepenumero
3043 3286 3189 3341 enim
3240 3292 3489 3340 sanctum

1908 3388 2173 3462 Spiritum
2201 3383 2306 3438 hoc
2342 3380 2503 3435 modo
2534 3377 2849 3449 appellavit.

1976 3479 2143 3535 Vsus.
2183 3475 2270 3530 18.
2322 3473 2385 3528 1η
2432 3471 2626 3526 vallem
2684 3469 2956 3523 Titanum.
2993 3466 3252 3535 Gigantes
3304 3474 3357 3517 et
3399 3461 3493 3516 Ti-

1908 3583 2072 3629 tanas
2094 3564 2481 3628 nominabant,
2505 3575 2644 3631 quos
2669 3558 2878 3613 Hebraei
2905 3556 3152 3626 Rapbain
3191 3553 3490 3624 appellant.

1907 3662 2070 3717 Tales
2119 3658 2269 3713 viros
2301 3654 2541 3716 Hebron,
2588 3662 2643 3707 et
2680 3651 2816 3707 Geth
2866 3649 3075 3714 habuit,
3130 3663 3195 3701 ex
3258 3660 3493 3715 quorum

1908 3766 2141 3810 numero
2171 3750 2334 3804 etiam
2358 3743 2579 3799 Goliath
2604 3742 2727 3804 fuit,
2754 3749 2809 3796 et
2836 3738 3058 3793 Davidis
3097 3737 3492 3799 strenuissimi,

1907 3858 2144 3919 quorum
2171 3837 2548 3894 fortitudinem
2587 3833 2873 3902 Scriptura
2906 3831 3232 3894 adnticatur,
3263 3835 3317 3881 et
3348 3827 3495 3881 cele-

1907 3915 2062 3992 brat.
2094 3927 2385 3985 Probabile
2448 3924 2613 3995 igitur
2639 3922 2848 3977 esthoc
2876 3920 2929 3974 in
2957 3921 3076 3974 loco
3115 3919 3244 3972 olim
3273 3915 3493 3986 aliquod

1908 4024 1978 4079 ab
2035 4021 2143 4077 illis
2214 4015 2460 4088 praelium
2499 4010 2852 4069 commissum
2919 4023 3061 4074 esse,
3097 4022 3128 4062 a
3173 4022 3283 4078 quo
3331 4005 3487 4061 locus

1910 4114 1992 4171 sic
2020 4109 2436 4181 cognominatus
2465 4113 2580 4160 est.

1999 4201 2173 4257 Vsus.
2211 4198 2302 4254 20.
2338 4196 2407 4252 Et
2445 4196 2619 4251 aderit
2647 4194 2722 4250 eis
2746 4208 2906 4265 prope
2930 4192 3144 4262 ﬂetum.
3183 4189 3376 4262 Aquila
3424 4188 3493 4244 ad

1907 4292 2056 4348 hunc
2094 4291 2337 4350 modum,
2368 4287 2429 4353 ἐξ
2462 4287 2711 4350 ἐναντίας
2743 4284 2854 4339 τῶν
2905 4285 3106 4350 ἀπίων,
3163 4298 3229 4338 ea:
3276 4282 3494 4337 adverso

1908 4400 2199 4455 pyrorum.
2256 4380 2437 4435 Veluti
2510 4378 2848 4450 paulotriba,
2918 4378 2985 4431 ad
3038 4377 3267 4430 \‘lllllt'm
3317 4374 3493 4441 ipsnn

246 4471 306 4539 τῇ
334 4468 509 4539 οἰκείᾳ
534 4467 761 4538 δυνάμει
796 4467 1041 4540 θαρρεῖν,
1087 4468 1187 4540 τὴν
1233 4466 1293 4522 δὲ
1338 4466 1489 4521 θείαν
1519 4466 1808 4537 ἀναμένειν

1912 4473 2147 4543 inungit;
2184 4473 2503 4537 adhortans,
2536 4485 2605 4525 ne
2631 4468 2872 4540 propriis
2891 4466 3100 4523 viribus
3120 4464 3375 4530 conﬁdat,
3397 4464 3492 4520 sed

240 4558 591 4631 ὶπικουρίαν.

850 4648 1100 4705 ΚΕΦΑΛ.
1142 4649 1220 4705 Ε’.

325 4740 469 4796 Ἀπὸ
498 4741 617 4796 τῶν
643 4741 949 4812 ἀρχόντων
980 4741 1196 4801 Ἰούδα.
1239 4741 1494 4811 Ἀκύλας,
1524 4744 1644 4800 ἀπὸ
1692 4742 1813 4799 τῶν

237 4832 465 4901 ἱερέων.

312 4924 421 4978 Καὶ
454 4923 595 4991 ma,
634 4925 805 4979 καίοι
830 4924 1284 4995 ἀδελφοὶαύτῷ,
1324 4926 1443 4982 υίοί
1469 4928 1805 4997 ’Δμιναδά6.

238 5016 401 5079 Τινές
432 5034 566 5087 φασι
598 5018 689 5073 τὸν
738 5020 867 5085 ’0ζά
930 5021 1261 5092 προπετείας
1310 5020 1491 5075 δοῦναι
1532 5022 1708 5092 δίκην,
1734 5022 1810 5087 ὡς

240 5104 521 5171 ἐπαμῦναι
548 5106 877 5179 πειραθέντα
901 5112 967 5180 τῇ
994 5108 1214 5179 κιϐωτῷ
1236 5125 1250 5139 ·
1280 5109 1315 5180 ἦ
1340 5111 1544 5173 παντὸς
1561 5110 1654 5164 τοῦ
1680 5110 1809 5165 λαοῦ

245 5198 707 5267 προστατεύουσα,
740 5199 836 5268 τῆς
872 5198 1075 5270 ὲτὲρων
1099 5200 1418 5271 ἐπικουρίας
1441 5200 1539 5253 οὐκ
1558 5200 1809 5272 ἐχρηζεν.

253 5287 519 5359 Ἰώσηπος
542 5290 598 5342 δέ
629 5307 813 5359 φησιν,
871 5290 1081 5362 ἐπειδὴ,
1114 5292 1347 5361 Λευῖτης
1393 5293 1491 5345 οὐκ
1530 5291 1626 5356 ὢν,
1659 5294 1811 5347 ἐτόλ-

244 5394 421 5447 μησεν
446 5378 686 5448 άψισθαι
718 5380 818 5449 τῆς
852 5378 1086 5433 κιϐωτοῦ
1119 5394 1133 5409 ⁸
1165 5380 1344 5433 καίτοι
1381 5380 1474 5435 τοῦ
1516 5381 1812 5452 ’Δμιναδάϐ

243 5464 309 5540 ἦν
338 5469 477 5533 υίὸς,
529 5462 572 5538 ᾧ
620 5470 933 5541 παρέδοσαν
962 5470 1060 5542 τὴν
1093 5470 1330 5523 κιϐωτὸν
1373 5472 1422 5525 oi
1457 5472 1565 5526 ἀπὸ
1598 5473 1812 5545 Βηθσα-

247 5562 378 5630 μὺς,
413 5561 706 5629 ἀφεθεῖσαν
734 5561 838 5615 ὑπὸ
876 5560 984 5615 τῶν
1029 5559 1364 5629 ἀλλοφύλων,
1391 5560 1490 5631 τῆς
1523 5562 1813 5634 Λευῖτικῆς

244 5649 358 5703 ὸντι
389 5650 583 5721 φυλῆς.
618 5651 780 5721 Λέγει
804 5651 912 5723 γὰρ
935 5652 969 5722 ἡ
1000 5650 1216 5722 Γραφὴ,
1257 5669 1276 5703 ι
1309 5652 1564 5720 Ἥγίασεν
1588 5652 1678 5707 τὸν
1699 5654 1814 5709 υίὸν

245 5736 413 5791 αὐτοῦ
454 5738 734 5811 Ἐλεάζαρ,
785 5739 1081 5810 φυλάσσειν
1125 5738 1227 5809 τὴν
1277 5739 1507 5795 κιϐωτὸν
1548 5740 1813 5816 διαθήκης

1914 4562 2165 4618 divinum
2197 4562 2462 4616 auxilium
2492 4567 2800 4629 exspectet.

2488 4650 2641 4707 CAP.
2684 4649 2748 4705 v.
2779 4647 2917 4722 [γι]

1981 4740 2150 4799 Vens.
2183 4742 2239 4799 2.
2281 4742 2442 4813 522
2514 4740 2596 4795 Ea:
2624 4740 2948 4811 principibus
2976 4738 3141 4795 Juda.
3191 4740 3405 4812 Aquila,
3429 4742 3493 4795 de

1912 4834 2275 4890 sacerdotibus
2289 4874 2301 4887 .

1994 4928 2159 4984 Vsus.
2195 4927 2248 4981 5.
2284 4924 2355 4979 Et
2395 4924 2529 4990 Oza,
2558 4931 2606 4977 et
2635 4921 2826 4991 fratres
2872 4922 3007 4991 ejus,
3039 4923 3140 4994 ﬁlii
3170 4923 3489 4979 Aminadab.

1914 5021 2145 5091 Quidam
2163 5020 2353 5075 dicunt
2366 5016 2530 5072 02am
2547 5015 2619 5070 ob
2639 5014 2995 5069 temeritatem
3027 5031 3216 5086 pmnas
3255 5018 3489 5079 dedisse,

1915 5130 1982 5171 eo
2068 5112 2219 5183 quod
2282 5123 2425 5165 arcae
2494 5106 2750 5163 auxiliari
2811 5107 3081 5173 voluerit,
3139 5125 3290 5179 quae,
3362 5126 3488 5164 cunt

1917 5205 2018 5260 toti
2042 5204 2243 5275 populo
2274 5208 2555 5273 praeesset.
2590 5200 2822 5256 aliorum
2862 5201 3069 5255 auxilio
3123 5216 3228 5255 non
3283 5202 3489 5271 indige-

1919 5298 2053 5353 bat.
2088 5296 2360 5366 Josephus
2399 5305 2579 5351 autem
2610 5295 2763 5361 dicit,
2795 5294 2943 5366 quod
2999 5310 3123 5351 cum
3153 5295 3335 5351 Levita
3381 5312 3488 5350 non

1919 5398 2092 5453 esset,
2124 5402 2309 5442 arcam
2355 5394 2538 5441 tamen
2574 5386 2934 5442 nihilominus
2993 5387 3262 5457 attingere
3320 5402 3489 5442 ausus

1915 5478 2100 5533 fuerit.
2132 5480 2200 5531 At
2221 5492 2348 5533 vero
2370 5477 2691 5533 Aminadabi
2730 5477 2873 5535 filius
2912 5487 3049 5543 erat,
3070 5479 3157 5532 cui
3185 5476 3489 5533 Bcthsami-

1914 5574 1984 5622 ta:
2020 5583 2227 5633 arcam,
2264 5582 2293 5622 a
2324 5566 2631 5624 Palmstinis
2697 5570 3076 5625 transmissam
3099 5608 3113 5633 ,
3164 5572 3485 5625 servandam

1918 5658 2285 5726 tradiderunt,
2326 5660 2421 5729 qui
2443 5659 2509 5715 de
2544 5659 2693 5715 tribu
2726 5659 2832 5714 fuit
2872 5659 3142 5716 Levitica.
3178 5659 3314 5716 Dicit
3339 5662 3485 5715 enim

1917 5747 2201 5821 Scriptura
2228 5766 2240 5781 ·
2266 5767 2284 5802 ι
2302 5747 2494 5806 Filium
2515 5751 2634 5821 ejus
2656 5749 2877 5808 Eleazar
2908 5751 3409 5819 sanctiﬁcavcrunt,
3431 5764 3491 5809 ut
