4058 6518
607 357 741 423 1127

1939 354 2295 416 PROCOPII
2329 352 2576 413 GAZBEI

3711 366 3823 433 1128

615 473 933 531 custodiret
968 485 1153 527 arcam
1213 469 1439 526 foederis
1473 469 1691 524 Domini
1726 510 1739 524 .
1799 489 1816 521 ›
1854 468 2183 539 Quapropter

2296 467 2524 539 Κυρίου.
2558 484 2577 515 ι
2611 466 2704 519 Διὸ
2758 466 2854 520 καὶ
2873 465 2967 520 τοῦ
3003 466 3310 539 Ἀμιναδάϐ
3328 471 3514 537 παῖδες
3541 477 3825 549 ἐπορεύοντο

615 565 784 621 etiam
822 563 917 618 lilii
952 562 1262 617 Aminadab
1290 563 1345 616 in
1377 562 1642 616 anteriori
1685 570 1927 632 parteex
1959 570 2193 631 utroque

606 656 777 709 latere
809 666 996 706 arcam
1029 652 1469 709 comitabantur.
1503 651 1611 706 Sed
1641 653 1917 722 quomodo
1966 662 2192 721 propter

604 742 970 797 temeritatem
1015 756 1207 812 pmnas
1264 743 1436 807 dedit,
1481 758 1630 808 cum,
1674 743 1944 797 inclinato
1992 757 2187 807 curru,

604 847 828 886 ntanum
870 832 1147 901 applicare
1184 834 1542 902 oportuerit?
1570 848 1693 888 cum
1749 835 1835 889 lex
1885 834 2190 904 prmeipiat,

608 932 665 975 ut
696 936 883 976 arcam
915 922 1159 979 humeris
1201 930 1413 994 gestent
1458 925 1799 989 sacerdotes,
1830 925 2192 981 nihilominus

615 1024 804 1066 tamen
839 1014 1029 1067 currui
1086 1028 1205 1069 eam
1259 1014 1673 1084 imposuerunt;
1706 1030 1771 1070 ea
1826 1030 1888 1070 re
1951 1015 2192 1086 decepti,

610 1107 751 1178 quod
791 1106 1091 1173 Palaestini,
1137 1108 1241 1164 hoc
1293 1109 1454 1163 modo
1486 1124 1605 1165 eam
1639 1109 1997 1173 deducentes,
2054 1109 2192 1164 nihil

610 1200 820 1256 adversi
895 1201 1046 1269 passi
1104 1210 1321 1257 essent.
1387 1202 1660 1258 Cmterum
1723 1203 2190 1259 considerandum

608 1298 725 1347 erat
754 1290 881 1345 illos
912 1305 1094 1361 neque
1146 1292 1320 1363 legem
1359 1292 1576 1348 Domini
1610 1293 1859 1357 novisse,
1890 1308 2069 1365 neque
2102 1307 2193 1348 sa-

608 1381 857 1439 cerdotes
893 1380 1109 1437 Domini
1160 1383 1455 1440 habuisse.
1508 1385 1696 1458 Itaque
1721 1401 1847 1441 cum
1900 1386 2011 1442 Oza
2046 1387 2192 1441 ceci-

607 1480 800 1542 disset,
847 1479 1012 1534 David
1051 1481 1231 1535 noluit
1260 1494 1447 1535 arcam
1502 1480 1558 1534 in
1624 1480 1832 1551 regiam
1881 1481 2185 1545 deducere,

607 1572 1028 1642 pertimescens,
1065 1582 1125 1625 ut
1164 1585 1263 1642 par
1321 1579 1461 1635 erat,
1494 1584 1564 1625 ne
1607 1571 1993 1641 attingeretur.
2027 1570 2190 1628 Post-

606 1678 768 1730 quam
796 1680 926 1720 vero
966 1664 1135 1717 Deum
1168 1658 1550 1725 Obed-Edom,
1584 1663 1675 1733 qui
1722 1677 1906 1719 arcam
1955 1679 2188 1735 excepe-

607 1761 712 1819 rat,
751 1756 1105 1811 benedixisse
1152 1754 1574 1819 animadvertit,
1619 1769 1740 1809 eam
1777 1755 1845 1810 ad
1898 1770 1958 1811 se
2016 1756 2187 1822 ducit,

2294 557 2608 629 ἔμπροσθεν
2641 560 2706 612 ὲκ
2770 557 3021 627 πλαγίων
3077 560 3179 631 τῆς
3210 561 3467 619 κιϐωτοῦ.
3501 566 3619 631 Πῶς
3638 570 3689 623 δὲ
3717 594 3827 648 προ-

2294 652 2514 713 πετείας
2540 651 2685 704 ἔτισε
2736 649 2914 720 δίκην,
2969 650 3126 714 ὅπου,
3175 651 3454 725 κλιθείσης
3504 656 3600 726 τῆς
3627 660 3824 734 ἀμάξης¹

2295 742 2464 813 ἐχρῆν
2494 746 2852 813 προσερεῖσαι
2877 742 2977 813 τὴν
3026 744 3186 813 χεῖρα
3212 760 3226 810 ;
3263 744 3428 815 ἑτέρα
3465 748 3639 803 τοίνυν
3659 756 3826 829 ταύτης

2292 832 2466 898 αἰτία,
2497 832 2592 886 τοῦ
2617 834 2728 905 γὰρ
2752 833 2917 904 νόμου
2962 833 3389 905 προστάξαντος,
3439 839 3525 891 ἐπ’
3552 840 3703 911 ὤμων
3728 851 3829 914 τοὺς

2295 924 2477 994 ἱερέας
2512 924 2701 996 φέρειν
2757 924 2859 998 τὴν
2905 924 3161 993 κιϐωτὸν,
3194 928 3280 996 ἐφ’
3321 928 3543 1000 ἁμάξης
3572 933 3825 1007 ἐπέθηκαν,

2289 1013 2635 1084 ἠπατημένοι
2682 1012 2764 1084 τῷ
2816 1014 2974 1084 παρὰ
3023 1013 3137 1067 τῶν
3190 1015 3508 1086 ἀλλοφύλων
3541 1017 3677 1072 οῦτω
3713 1039 3826 1094 περ..

2293 1106 2524 1176 φθεῖσαν
2575 1107 2743 1178 μηδὲν
2786 1105 3157 1179 λυμήνασθαι.
3189 1108 3320 1162 Δέοι
3363 1112 3605 1177 σκοπεῖν,
3632 1112 3700 1177 ὡς
3733 1116 3828 1172 οὔτε

2289 1195 2385 1251 τὸν
2405 1198 2573 1268 νόμον
2609 1197 2811 1270 ᾔδεσαν
2857 1199 3082 1264 ἐκεῖνοι,
3133 1198 3258 1252 οὔτε
3290 1200 3550 1272 παρῆσαν
3578 1204 3743 1268 αὐτοῖς
3769 1208 3829 1260 ἱε-

2296 1290 2409 1361 ρεῖς
2438 1289 2672 1362 Κυρίου.
2702 1291 3012 1362 Τοιγαροῦν
3056 1291 3419 1355 πεπτωκότας
3460 1290 3608 1360 Ὀζὰ,
3637 1296 3721 1349 καὶ
3745 1300 3829 1352 Δα-

2292 1381 2379 1436 6ὶδ
2407 1382 2671 1453 φοϐηθεὶς
2699 1384 2781 1448 είς
2810 1382 2879 1437 τὰ
2907 1382 3158 1454 βασίλεια
3202 1383 3411 1455 ταύτην
3441 1386 3754 1455 εἰσαγαγεῖν,
3773 1389 3832 1455 ὼς

2292 1473 2462 1539 εἰκὸς,
2500 1473 2599 1546 τὴν
2629 1473 2773 1544 ἁφὴν
2832 1474 3207 1540 ὑποπτεύσας.
3248 1475 3337 1540 Ὠς
3381 1475 3441 1529 δὲ
3466 1476 3558 1529 τὸν
3584 1476 3831 1549 δεξάμενον

2292 1564 2462 1636 αὐτὴν
2531 1565 2854 1621 ’Δϐεδδαδὰν
2911 1566 2939 1607 ιι
2993 1562 3134 1622 εἶδεν
3169 1566 3562 1638 εύλογημένον,
3588 1568 3701 1636 ἄγει
3725 1572 3832 1641 πρὸς

2291 1659 2504 1724 ἑαυτὸν,
2527 1660 2626 1731 οὐχ
2656 1660 2843 1733 ἀμάξῃ
2903 1663 3277 1732 χρησάμενος,
3308 1660 3449 1715 ἀλλὰ
3504 1664 3615 1725 τοῖς
3662 1662 3835 1735 ἱερεῦσι

2292 1750 2435 1805 κατὰ
2466 1752 2559 1804 τὸν
2584 1752 2749 1824 νόμον
2812 1754 3257 1825 ἀνακρουόμενος
3314 1755 3435 1817 τοῖς
3468 1752 3725 1823 ὀργάνοις,
3761 1760 3836 1810 καὶ

606 1860 714 1899 non
751 1847 999 1917 plaustro
1053 1857 1236 1910 utens,
1271 1845 1368 1901 sed
1401 1844 1752 1901 sacerdotum
1806 1861 1998 1916 opera,
2034 1847 2183 1917 juxta

2296 1843 2491 1915 στολὴν
2519 1843 2764 1912 ἐξαλλον,
2798 1846 3049 1899 τουτέστι
3103 1845 3380 1917 ποικίλην,
3435 1846 3765 1917 ἐνδεδυμένος
3794 1847 3827 1901 ι.

607 1938 777 2008 legem
813 1937 1054 2006 Domini;
1092 1938 1320 2008 pulsans
1361 1952 1590 2008 organa,
1618 1940 1759 1994 stola
1791 1940 1993 2009 insigni
2026 1942 2193 1997 variis

604 2030 855 2095 gemmis,
894 2039 950 2083 et
972 2028 1250 2084 coloribus
1282 2029 1567 2092 distincta,
1622 2031 1869 2089 indutus.
1919 2033 2187 2099 Quemado

605 2115 823 2170 modum
852 2118 1160 2173 luculenter
1183 2119 1236 2173 in
1271 2119 1411 2173 libro
1440 2117 1899 2191 Paralipomenon
1924 2122 2190 2192 exprimi-

605 2216 719 2262 tur.
768 2226 786 2258 ι
818 2207 879 2262 Et
943 2210 1211 2276 tulerunt,
1253 2209 1455 2281 inquit,
1507 2227 1689 2266 arcam
1735 2213 1973 2278 Domini,
2028 2215 2190 2270 sicuti

604 2309 943 2366 praeceperat
979 2300 1214 2372 Moyses,
1250 2302 1305 2356 in
1332 2303 1501 2357 verbo
1536 2301 1755 2358 Domini
1778 2302 1871 2359 Dei
1924 2304 2093 2361 Israel
2121 2307 2187 2372 ιτ,

602 2389 852 2445 vectibus
908 2390 1096 2461 (juxta
1152 2391 1533 2465 Scripturam)
1586 2395 1639 2448 in
1696 2396 1942 2451 humeris
1981 2397 2122 2453 suis.
2164 2416 2183 2450 ι

604 2480 710 2533 Sed
741 2480 869 2544 hoc,
902 2482 947 2536 si
980 2497 1170 2536 verum
1203 2490 1308 2545 est,
1349 2483 1629 2552 quomodo
1664 2486 1822 2541 solus
1870 2485 2035 2549 Ozam
2069 2502 2187 2557 pm-

602 2585 702 2625 uas
730 2570 902 2635 dedit,
928 2580 981 2627 et
1008 2587 1117 2627 non
1150 2587 1344 2628 omnes
1375 2573 1624 2630 Levita?
1652 2575 1838 2641 Quare
1865 2593 1973 2631 non
2001 2577 2183 2645 initio,

601 2661 699 2716 sed
725 2678 893 2727 nunc,
920 2664 1150 2734 quando
1175 2679 1358 2719 arcam
1402 2666 1656 2721 stabilire
1682 2667 2045 2738 aggreditur?
2074 2670 2185 2741 lgi-

601 2761 712 2816 tur,
739 2754 975 2823 autipse
1000 2769 1221 2821 suasor,
1290 2766 1593 2826 auctorque
1642 2759 1722 2813 eis
1780 2759 1904 2826 fuit,
1963 2768 2023 2815 ut
2064 2776 2183 2816 eam

599 2840 850 2909 plauStro
878 2843 1245 2910 imponerent,
1275 2859 1448 2913 quare
1481 2845 1632 2902 solus
1660 2847 1828 2902 etiam
1864 2849 2048 2917 puniri
2084 2848 2183 2904 de-

600 2932 739 2993 buit,
776 2930 923 2985 unde
953 2931 1144 2987 forsan
1172 2932 1462 3005 Scriptura
1493 2949 1617 2990 eum
1672 2935 1939 2991 fratribus
1971 2953 2185 3009 praepo-

599 3021 731 3074 suit.
753 3019 818 3074 Et
839 3022 1063 3092 punitus
1084 3031 1170 3079 est
1199 3024 1289 3079 ubi
1317 3026 1715 3096 apparuitquid
1744 3043 1809 3081 ex
1832 3028 2185 3097 impositione

599 3112 656 3168 in
679 3114 926 3183 plaustro
959 3116 1224 3171 acciderit
1251 3125 1307 3173 et
1358 3116 1504 3174 Deus
1531 3134 1656 3174 eum
1690 3120 1961 3191 castigare
1983 3120 2179 3185 voluit,

598 3214 695 3262 aut
722 3207 860 3264 alias
894 3209 1153 3280 indignus
1184 3210 1309 3266 fuit.

673 3297 839 3355 Vens.
876 3301 963 3357 l5.
999 3300 1069 3355 Et
1098 3302 1336 3371 despexit
1364 3319 1484 3359 eum
1511 3304 1567 3358 in
1594 3304 1750 3359 corde
1776 3321 1895 3359 suo.
1927 3305 2183 3361 Alienum

600 3410 630 3445 a
663 3393 931 3464 dignitate
962 3397 1112 3467 regia
1141 3411 1267 3452 esse
1300 3399 1533 3468 putavit,
1554 3398 1698 3469 quod
1731 3399 1947 3470 publice
1975 3399 2032 3454 in
2067 3414 2187 3454 om-

599 3483 753 3539 nium
806 3495 1109 3557 conspectu
1150 3488 1411 3544 saltabat.
1465 3488 1761 3546 Nesciebat
1809 3491 1957 3547 enim
2011 3492 2184 3546 divini

600 3573 815 3630 ardoris
843 3575 1125 3643 stimulos,
1174 3578 1322 3648 quod
1356 3577 1528 3635 David
1563 3595 1824 3637 sermone
1876 3581 1943 3636 ad
2004 3582 2183 3652 ipsam

599 3663 801 3720 Michol
857 3666 1176 3724 declaravit.
1208 3669 1374 3725 Addit
1424 3671 1491 3726 ad
1520 3670 1637 3727 haec
1677 3670 1987 3742 Scriptura,
2036 3672 2182 3743 quod

599 3754 767 3809 tilium
793 3771 899 3811 non
932 3757 1211 3826 habuerit,
1242 3775 1355 3816 sua:
1386 3761 1667 3819 irrisionis
1686 3777 1880 3834 poenas
1906 3764 2182 3832 indicans;

596 3839 798 3894 deinde
829 3840 1020 3907 etiam,
1056 3857 1126 3897 ne
1153 3844 1365 3915 regium
1389 3860 1583 3901 semen
1607 3862 1675 3901 ex
1705 3847 1800 3902 illa
1826 3863 2060 3916 regnum
2092 3850 2183 3903 oh-

500 4004 519 4015 _
599 3932 820 3986 tineret.
857 3932 1175 3990 Verisimile
1233 3936 1383 3990 enim
1431 3945 1515 3993 est
1568 3939 1823 3994 subditos
1862 3955 2015 4005 eum,
2086 3940 2180 4011 qui

597 4030 898 4092 utrumque
932 4038 1217 4095 parentem
1251 4044 1315 4084 ex
1340 4030 1488 4101 regia
1516 4031 1692 4102 stirpe
1716 4030 2030 4099 habuisset,
2055 4033 2181 4091 aliis

598 4115 724 4171 filiis
760 4116 1088 4185 prmlaturos
1128 4119 1326 4177 fuisse.

668 4226 735 4282 Et
762 4229 1002 4285 saltabat
1037 4230 1210 4287 David
1253 4234 1531 4292 concinno
1578 4240 1832 4310 corporis
1856 4250 2006 4295 motu
2042 4240 2181 4298 foris

592 4321 893 4379 ostendens
912 4323 1182 4379 internam
1205 4325 1621 4397 dispositionem
1632 4371 1645 4395 ,
1660 4346 1866 4400 nosque
1880 4331 2043 4387 simul
2056 4334 2182 4390 edo-

595 4428 728 4470 cens
760 4430 873 4470 non
905 4416 1238 4473 erubescere
1266 4434 1513 4475 crucem.
1545 4421 2005 4492 Exprobrabatur
2048 4433 2181 4482 tunc

2214 3180 2262 3244 C

2302 1937 2367 1989 Ὃ
2386 1935 2442 1989 δὲ
2469 1937 2659 2006 σαφῶς
2687 1937 2923 2009 ἐδήλωσε
2939 1936 3047 1991 τῶν
3078 1938 3583 2009 Παραλειπομένων
3618 1939 3834 2009 ὴβίὸλος.

2300 2047 2319 2080 ι
2366 2023 2551 2102 Ἦραν
2580 2029 2710 2101 γὰρ,
2774 2030 2933 2102 φησι,
2989 2028 3092 2101 τὴν
3149 2028 3405 2095 κιϐωτὸν,
3441 2029 3519 2093 ὡς
3576 2029 3837 2085 ἐνετείλατο

2294 2119 2534 2189 Μωῦσῆς
2563 2122 2621 2173 ὲν
2651 2119 2795 2191 λόγῳ
2826 2120 3033 2191 Κυρίου
3058 2118 3195 2173 Θεοῦ
3224 2118 3466 2191 Ἰσραὴλ,
3507 2137 3528 2172 ι
3560 2119 3648 2172 ὑπ’
3669 2120 3835 2191 ἀναφο·

2296 2213 2505 2285 ρεῦσιν,
2538 2213 2681 2268 κατὰ
2710 2214 2811 2285 τὴν
2835 2212 3081 2284 Γραφὴν,
3117 2212 3177 2266 ὲν
3214 2210 3387 2283 ὤμοις
3431 2209 3629 2265 αὐτῶν.
3656 2212 3774 2265 Ἀλλ’
3798 2215 3835 2266 εἰ

2291 2303 2475 2371 τοῦτο,
2506 2303 2628 2367 πῶς
2682 2304 2844 2374 μόνος
2876 2300 3037 2365 Ὀζὰν
3097 2300 3292 2364 ἔπαθε,
3346 2303 3449 2354 καὶ
3486 2299 3563 2371 μὴ
3599 2300 3777 2365 πάντες
3796 2306 3833 2356 oi

2291 2396 2645 2460 ΛευῖταιςΤί
2706 2395 2763 2449 δὲ
2806 2395 2882 2467 μὴ
2932 2395 2991 2461 ἐξ
3049 2394 3245 2466 ἀρχῆς,
3289 2392 3431 2449 ἀλλὰ
3471 2392 3566 2446 νῦν
3598 2395 3833 2464 στηρίζειν

2290 2489 2628 2560 ὲπιχειρῶν;
2681 2489 2754 2542 Ἢ
2811 2489 2995 2543 τοίνυν
3053 2487 3218 2550 αὐτὸς
3280 2487 3622 2559 εἰσηγήσατο
3673 2489 3725 2541 τὸ
3764 2490 3830 2558 ἐφ’

2290 2582 2511 2655 ἁμάξης
2562 2582 2769 2653 βαλεῖν,
2827 2581 2911 2635 διὸ
2946 2580 3041 2635 καὶ
3082 2579 3245 2652 μόνος
3293 2580 3603 2651 ἐπαμύνειν
3619 2580 3829 2651 ἠξίωσεν,

2287 2676 2411 2731 ὅθεν
2473 2677 2615 2747 τάχα
2684 2676 2779 2730 καὶ
2830 2672 3136 2746 προῦταξεν
3206 2673 3373 2726 αὐτὸν
3426 2672 3541 2726 τῶν
3568 2672 3828 2745 ἀδελφῶνή

2286 2769 2503 2841 Γραφή.
2537 2769 2648 2823 Καὶ
2698 2757 2937 2822 πέπονθε
2971 2767 3188 2830 κακῶς,
3221 2766 3311 2819 ὅτε
3353 2764 3420 2819 τὸ
3452 2764 3662 2819 ἀποϐὰν
3684 2766 3739 2819 ἐκ
3756 2767 3829 2820 τοῦ

2287 2863 2471 2933 βαλεῖν
2498 2862 2581 2932 ἐφ’
2606 2861 2823 2933 ἁμάξης
2873 2859 3149 2926 τεθέαται,
3176 2860 3328 2930 παρὰ
3389 2858 3459 2911 τὸ
3494 2858 3708 2931 σφάλμα
3730 2875 3831 2911 παι-

2283 2956 2572 3020 δεύσαντος
2618 2955 2782 3009 αὐτὸν
2834 2953 2929 3008 τοῦ
2982 2952 3142 3021 Θεοῦ,
3186 2953 3219 3023 ἢ
3279 2951 3378 3007 καὶ
3413 2951 3597 3017 ἄλλως
3633 2952 3831 3022 ὑπῆρχεν

2284 3047 2529 3115 ἀνάξιος.

2362 3308 2474 3363 Καὶ
2502 3305 2923 3372 ἐξουδένωσεν
2973 3304 3161 3361 αὐτὸν
3205 3306 3277 3361 ἐν
3299 3304 3377 3376 τῇ
3410 3306 3631 3377 καρδίᾳ
3652 3306 3828 3374 αὐτῆς.

2298 3402 2465 3474 ’ῼήθη
2529 3401 2799 3472 βασιλέως
2859 3400 3146 3471 ἀλλότριον
3194 3399 3258 3453 τὸ
3308 3399 3555 3473 δημοσίᾳ
3600 3401 3828 3471 χορεύειν.

2285 3495 2359 3549 Οὑ
2380 3494 2488 3565 γὰρ
2521 3492 2637 3564 ᾔδει
2683 3492 2780 3546 τοῦ
2832 3492 2977 3546 θείου
3034 3491 3202 3545 πόθου
3248 3491 3318 3545 τὰ
3359 3492 3587 3564 κέντρα,
3617 3495 3743 3562 ᾰπερ
3763 3491 3830 3544 διὰ

2282 3587 2392 3640 τῶν
2420 3584 2557 3657 πρὸς
2586 3584 2758 3656 αὐτὴν
2803 3584 3038 3655 ἀνέφηνε
3083 3583 3281 3653 λόγων.
3328 3584 3611 3654 Ἐπήγαγε
3640 3584 3690 3637 δὲ
3718 3583 3827 3635 τού-

2282 3695 2397 3741 τοις
2450 3681 2486 3749 ὴ
2531 3676 2745 3748 Γραφὴ,
2778 3675 2856 3739 ὠς
2906 3675 3007 3729 οὐκ
3062 3675 3278 3743 ἐγένετο
3306 3674 3526 3728 παιδίον
3581 3675 3728 3744 αὐτῇ,
3757 3671 3827 3725 τοῦ

2281 3770 2586 3843 διασυρμοῦ
2614 3770 2721 3842 τὴν,
2743 3769 2901 3841 δίκην
2960 3767 3303 3839 ἐμφαίνουσα
3325 3783 3341 3801 ο
3391 3767 3493 3820 καὶ
3524 3766 3612 3820 διὰ
3644 3766 3716 3830 τὸ,
3745 3781 3826 3835 μη-

2281 3860 2409 3914 δένα
2438 3859 2498 3926 ἐξ
2528 3861 2739 3914 ἐκείνου
2790 3858 3111 3929 βασιλεῦσαι
3162 3855 3259 3910 τοῦ
3316 3855 3652 3927 σπέρματος.
3698 3855 3827 3915 Εἰκὸς

2283 3954 2394 4024 γὰρ
2441 3948 2510 4024 ἧν
2542 3953 2671 4017 τοὺς
2731 3951 3013 4020 ὑπηκόους
3052 3949 3143 4004 τὸν
3194 3946 3542 4018 ἑκατέρωθεν
3592 3944 3827 4016 βασιλικὸν

2284 4046 2624 4119 προτιμῆσαι
2657 4042 2768 4098 τῶν
2794 4042 2993 4098 ἄλλων.

2367 4222 2609 4294 Ὠρχεῖτο
2661 4221 2722 4275 δὲ
2772 4175 3055 4291 Δαϐὶδ,ῗτῇ
3091 4218 3355 4292 εὐρύθμῳ
3388 4221 3601 4291 κινήσει
3634 4219 3719 4274 τοῦ
3742 4218 3824 4273 σώ-

2287 4331 2456 4385 ματος
2487 4314 2587 4386 τὴν
2617 4313 2767 4369 ἔνδον
2825 4311 3171 4385 δημοσιεύων
3197 4313 3464 4380 διάθεσιν,
3506 4314 3621 4384 ἃμα
3647 4314 3698 4367 δὲ
3726 4331 3825 4365 παι-

2283 4407 2458 4461 δεύων
2489 4407 2636 4477 ἡμᾶς
2698 4405 2775 4476 μὴ
2832 4404 3264 4475 ἐπαισχύνεσθαι
3298 4406 3391 4459 τὸν
3444 4406 3690 4475 σταυρόν.
3717 4405 3822 4457 Τότε

594 4510 849 4577 saltatio,
899 4526 1049 4565 nunc
1093 4526 1232 4566 crux
1268 4512 1557 4571 irridetur.
1591 4514 1697 4570 Sed
1727 4516 1898 4573 David
1953 4520 2174 4589 quidem

2288 4503 2388 4574 μὲν
2413 4504 2519 4572 γὰρ
2542 4502 2772 4571 ὄρχησις
2804 4500 3135 4567 ὠνειδίζετο,
3165 4500 3261 4555 νῦν
3305 4502 3361 4555 δὲ
3397 4503 3628 4572 σταυρός
3657 4500 3823 4555 ἐστινὸ

592 4603 718 4655 data
750 4610 835 4657 est
854 4602 1075 4673 pietatis
1104 4618 1336 4669 merces,
1368 4605 1675 4662 fecunditas
1701 4608 1998 4665 liberorum
2027 4610 2175 4681 quod

2288 4594 2701 4666 χλευαζόμενος.
2761 4592 2920 4646 Ἀλλὰ
2947 4592 3025 4661 τῷ
3056 4594 3156 4664 μὲν
3185 4593 3350 4647 Δαὸὶδ
3395 4594 3553 4664 ἐδόθη
3578 4597 3669 4664 τῆς
3694 4592 3823 4645 εὐλα-

595 4690 650 4744 in
677 4692 793 4763 lege
823 4707 1084 4763 magnum
1117 4704 1240 4749 erat
1272 4696 1498 4763 bonum;
1534 4698 1769 4754 Melchol
1820 4710 2003 4757 autem
2050 4703 2173 4757 inli-

591 4780 836 4836 delitalis
876 4796 1095 4840 umnam
1131 4785 1278 4852 tulit,
1310 4786 1524 4842 scilicet
1560 4789 1933 4845 sterilitatem.

551 4948 560 4984 ³
664 4955 832 5015 Vens.
885 4960 976 5015 2‘2.
1030 4961 1100 5017 Et
1141 4965 1220 5019 sic
1274 4966 1514 5021 nudabor
1564 4969 1832 5037 adhuc,et
1878 4990 1968 5027 ero
2020 4974 2175 5031 vilis.

588 5049 811 5123 Aquila,
834 5052 914 5107 Ad
944 5053 1057 5109 haec
1082 5056 1313 5125 amplius
1332 5059 1736 5131 dehonestabor,
1752 5073 1804 5118 et
1827 5064 2043 5121 humilis
2060 5084 2150 5122 ero

1121 5230 1277 5288 CAP.
1332 5233 1424 5292 v1.
1463 5235 1631 5313 [vra]

661 5318 831 5376 Vens.
879 5322 934 5377 '5.
995 5321 1063 5377 Ει
1102 5324 1240 5379 dixit
1295 5324 1520 5383 Nat/mn
1570 5333 1639 5386 ad
1693 5349 1867 5405 regem
1898 5352 1917 5390 :
1951 5334 2168 5402 Omnia,

585 5428 705 5483 qua:
734 5415 1017 5483 concepisti
1049 5414 1105 5469 in
1135 5416 1294 5471 corde
1323 5427 1435 5485 tuo,
1459 5421 1611 5489 vade,
1637 5434 1686 5478 et
1710 5424 1820 5494 fac.
1874 5425 2171 5498 Prophetas

584 5519 695 5560 non
728 5506 912 5560 omnia
949 5507 1333 5578 providerunt,
1369 5512 1465 5568 sed
1496 5514 1587 5568 illa
1620 5516 1910 5584 duntaxat,
1944 5535 2066 5590 quae
2090 5520 2166 5575 di-

589 5593 715 5648 vina
745 5595 922 5663 gratia
952 5598 1034 5653 eis
1068 5600 1351 5655 revelavit.
1392 5602 1469 5657 Ita
1502 5604 1724 5661 Samuel
1748 5622 1968 5678 quoque
2004 5612 2159 5680 igno-

654 5690 742 5743 "l
776 5683 952 5747 l’aral.
987 5708 1074 5758 xv,
1110 5692 1194 5748 l5.

2281 4686 2436 4749 ϐείας
2473 4684 2661 4755 μισθὸς
2684 4685 2718 4754 ἡ
2749 4684 3077 4737 πολυτεκνία
3101 4699 3115 4715 ·
3166 4683 3325 4738 τοῦτο
3365 4684 3475 4758 γὰρ
3510 4694 3550 4722 ω
3580 4686 3654 4755 τῷ
3702 4685 3822 4750 νόμῳ

2284 4778 2428 4851 μέγα
2457 4772 2525 4848 ἦν
2549 4775 2753 4844 ἀγαθόν
2776 4792 2791 4806 ·
2829 4777 2896 4847 τῇ
2921 4776 2977 4830 δὲ
3001 4775 3219 4847 Μελχὸλ
3252 4776 3351 4847 τῆς
3378 4778 3635 4840 ἀπιστίας
3663 4773 3819 4847 μισθὸς

2281 4867 2527 4924 ἀτεχνία.
2556 4869 2619 4922 C.
2657 4869 2718 4925 Ι).

2350 4964 2461 5018 Καὶ
2498 4962 3089 5034 ἁποκαλυφθήσομιει
3151 4965 3241 5019 ἔτι
3268 4966 3483 5033 οὕτως,
3519 4967 3615 5020 καί
3640 4966 3819 5033 ἔσομαι

2278 5057 2539 5127 ἀχρεῖος.
2581 5057 2834 5124 Ἀκύλας,
2882 5058 2995 5113 Καὶ
3021 5058 3505 5129 ἀτιμασθήσομαι
3559 5061 3645 5114 ἔτι
3694 5056 3817 5122 ὑπὲρ

2280 5149 2479 5213 τοῦτο,
2506 5149 2603 5203 καὶ
2623 5150 2838 5220 ἔσομαι
2862 5151 3167 5215 ταπεινός.

2866 5242 3119 5296 ΚΕΦΑΛ.
3175 5244 3267 5309 ς’.

2349 5330 2460 5386 Καὶ
2494 5325 2624 5384 εἷπε
2655 5328 2863 5384 Ναϐὰν
2887 5330 3035 5399 πρὸς
3067 5330 3704 5394 τὸνβασιλέα,Πὰντα,
3725 5327 3817 5380 ὅσα

2278 5425 2356 5479 ἂν
2391 5424 2463 5477 ἐν
2491 5420 2566 5491 τῇ
2630 5420 2847 5490 καρδίᾳ
2891 5436 3030 5487 σου,
3084 5419 3313 5489 βάδιζε,
3364 5423 3467 5477 και
3511 5422 3678 5476 ποίει.
3728 5417 3815 5483 Οὐχ

2274 5518 2495 5572 ᾶπαντα
2522 5514 2832 5587 προῄδεσαν
2885 5513 2937 5566 οἱ
2993 5515 3301 5586 προφῆται,
3334 5515 3450 5569 ἀλλ’
3481 5515 3617 5585 ἅπερ
3660 5514 3688 5582 ἡ
3720 5509 3813 5561 Θεία

2269 5610 2430 5681 χάρις
2462 5606 2869 5661 ἁπεκάλυπτεν.
2905 5603 3095 5671 Οὕτως
3142 5610 3171 5661 ό
3199 5608 3457 5681 Σαμουὴλ
3481 5607 3699 5677 ἠγνόησε
3720 5602 3814 5654 τίνα

1903 5762 2139 5820 VARUE
2180 5768 2586 5827 LECTIONES.

621 5855 649 5897 ιι
675 5856 756 5941 Ad
781 5870 935 5941 oram
966 5858 1101 5941 libri
1123 5858 1390 5941 scriptam
1423 5858 1916 5941 εταιμΑϐεδδρραίξ
1973 5857 2026 5941 ι)
2071 5860 2220 5941 "me"
2242 5862 2695 5941 codcx‘lsavaleri
2742 5868 3036 5941 scparabat
3068 5884 3099 5925 a
3133 5869 3507 5941 superioribus
3532 5864 3681 5938 quasi
3708 5875 3808 5917 ver-

586 5927 660 5985 ba
703 5934 886 5986 textus
918 5937 1140 5995 essent,
1180 5944 1289 5984 non
1324 5929 1596 6000 Procopii.
1677 5939 1717 5968 ιιι
1760 5927 1823 5984 "U
1850 5928 1924 6000 τῷ
1959 5929 2128 6002 νόμῳ.
2170 5933 2228 5985 '0
2266 5934 2364 6004 τῆς
2400 5936 2533 6004 Αὺγ.
2564 5936 2694 5991 κώδ.
