4058 6510
238 362 368 429 ΗΞΩ

1176 376 1713 441 CUMMENTARII
1759 383 1841 444 ΙΝ
1883 383 2032 444 LIB.
2074 384 2135 445 II
2161 385 2448 449 REGUM.

3331 392 3468 456 H30

231 477 411 546 χρίσαι
454 479 736 549 προσήκει.
804 482 994 550 οὕτως
1045 486 1075 540 ὀ
1152 486 1457 554 Ἐλισσαῖος
1520 494 1647 564 περὶ
1702 494 1786 547 rei

1905 497 2072 563 ravit,
2113 499 2366 567 quisnam
2410 501 2701 570 ungendus
2730 510 2897 556 esset.
2932 499 3197 557 Similiter
3242 502 3471 560 Elisaus

231 568 433 631 πάθους
471 570 569 639 τῆς
627 572 993 644 Σωμανίτιδος
1038 578 1210 646 λέγει,
1250 600 1267 633 t
1311 583 1420 635 Kal.
1457 584 1660 654 Κύριος
1689 587 1799 640 άπ-

228 658 464 728 ἐκρυψεν
490 661 582 714 ἀπ’
612 664 802 731 ἐμοῦ.)
836 667 946 720 Καὶ
981 669 1076 722 νῦν
1108 672 1136 724 ὁ
1159 671 1346 725 Ναθὰν
1375 675 1670 738 ἐπαινέσας
1707 676 1799 729 τὸν

228 748 494 815 βασιλέως
576 755 776 808 σκοπὸν
808 798 825 821 ,
884 759 1137 829 ἐνόμισεν
1204 764 1467 834 ἀρέσκειν
1529 766 1590 819 τὸ
1637 768 1797 835 ἔργον

226 840 360 910 Θεῷ.
390 843 567 916 Ὅπερ
610 847 705 900 καὶ
748 849 929 915 αὐτὸς,
981 856 1266 926 προφήτης
1306 854 1404 921 ὢν,
1466 858 1732 931 ἠγνόησεν
1771 862 1799 914 ὁ

225 934 408 989 Δαϐίδ.

287 1046 371 1097 Οὐ
396 1045 480 1099 σὺ
502 1048 921 1120 οίκοδομήσεις
942 1073 1044 1125 μοι
1072 1054 1263 1112 οἷκον.
1298 1056 1458 1114 Οἴκον
1487 1065 1799 1137 προσευχῆς

225 1139 653 1205 κατασκευάζειν
704 1145 804 1199 οὐκ
866 1147 933 1218 ἑᾷ
984 1149 1076 1202 τὸν
1138 1151 1340 1221 Δαβίδο
1385 1157 1509 1219 τοὺς
1548 1161 1605 1210 ὲν
1648 1160 1798 1231 αὐτῷ

224 1228 622 1299 προσεύχεσθαι
676 1235 979 1303 μέλλοντας
1041 1241 1455 1314 φιλανθρωπίαν
1506 1228 1793 1306 διδάσκων..

221 1322 283 1372 Ol
308 1319 416 1389 γάρ
447 1322 537 1375 τὸν
565 1329 852 1398 προφήτην
883 1330 1139 1401 ὁρῶντες,
1164 1335 1263 1387 οὐκ
1302 1337 1672 1408 ὲπιτραπὲντα
1698 1342 1797 1412 τὴν

221 1409 530 1481 οἰκοδομὴν,
587 1414 677 1467 διὰ
728 1417 790 1469 τὸ
824 1419 984 1487 φόνον
1031 1420 1294 1491 ἅψασθαι,
1328 1428 1377 1479 εί
1423 1429 1519 1482 καὶ
1551 1409 1795 1495 δικαίως.

222 1495 470 1565 καθαρὰς
518 1499 664 1570 ἔχειν
716 1506 1067 1565 ἐπαιδεύοντο
1129 1513 1227 1577 τὰς
1280 1519 1492 1587 χεῖρας.
1534 1520 1712 1584 Ἥλιος
1741 1522 1797 1574 δὲ

223 1589 505 1655 προείλετο
528 1594 618 1646 τὸν
649 1597 813 1651 Δαὸὶδ
862 1602 889 1653 ὁ
936 1600 1091 1667 Θεὸς,
1123 1608 1252 1676 περὶ
1285 1608 1385 1675 μὲν
1409 1610 1507 1673 τὰς
1532 1616 1792 1680 γυναῖκας

219 1680 466 1747 ἀρχαίως
524 1684 846 1753 βεϐιωκότα,
917 1693 1011 1747 καὶ⁹
1045 1694 1125 1762 τῷ
1184 1700 1475 1770 πράγματι
1515 1703 1795 1774 χρώμενον

220 1770 408 1864 ἀδεῶς,
439 1777 549 1845 πρὸ
577 1778 671 1847 τῆς
698 1780 917 1849 χάριτος
952 1785 1115 1855 τῆσδε
1165 1789 1306 1842 κατὰ
1338 1792 1499 1861 νόμον
1517 1770 1791 1864 λατρείας,

219 1862 391 1931 εὐχῶν
410 1882 472 1918 τε
496 1869 589 1920 καὶ
614 1870 955 1943 ψαλμῳδίας,
992 1880 1087 1932 καὶ
1114 1880 1213 1950 τῆς
1246 1886 1374 1954 περὶ
1387 1886 1519 1939 Θεὸν
1542 1862 1787 1959 ἀγάπης,

218 1954 313 2022 τῆς
344 1973 403 2009 τε
431 1960 531 2011 τοῦ
564 1961 692 2016 λαοῦ
722 1970 1017 2039 σωτηρίας,
1046 1972 1248 2042 πολλὴν
1273 1979 1639 2048 πεποιημένον
1665 1982 1795 2052 πρό-

220 2062 383 2103 νοιαν.
418 2051 533 2104 Καὶ
584 2055 721 2124 πρὸς
773 2059 870 2127 μὲν
930 2062 1116 2131 φίλους
1140 2066 1351 2131 πιστὸν,
1388 2070 1708 2140 εὐγνώμονα
1739 2074 1795 2127 δὲ

220 2140 349 2208 πρὸς
377 2142 703 2213 εὐεργέτας,
744 2153 837 2204 καὶ
865 2155 992 2225 περὶ
1022 2157 1151 2221 τοὺς
1194 2160 1517 2227 ἀδικοῦντας
1542 2166 1602 2217 οὐ
1631 2166 1794 2235 χαλε-

218 2231 331 2283 πόν.
370 2233 499 2287 Ἔτι
549 2236 605 2290 δὲ
635 2240 751 2303 ,καὶ
784 2243 1141 2316 φιλόπτωχον,
1175 2253 1222 2303 εί
1260 2254 1354 2306 καί
1382 2271 1466 2319 τις
1493 2257 1650 2321 ἄλλος
1676 2257 1791 2312 πώ-

217 2334 363 2375 ποτε.
386 2316 492 2376 Ὧν
519 2326 701 2393 ἕνεκα,
733 2334 870 2386 κατὰ
898 2335 997 2405 τὴν
1030 2340 1260 2409 καρδίαν
1282 2338 1421 2397 εἶναι
1446 2346 1663 2414 λέγεται
1695 2347 1789 2401 τοῦ

214 2410 366 2510 θεοῦ.
406 2415 475 2510 Egi
507 2418 562 2471 δέ
587 2437 713 2487 που,
737 2423 929 2495 θνητὸς
956 2429 1051 2496 ῶν,
1102 2434 1332 2503 ἐσφάλη,
1361 2410 1651 2507 ὲμέμῷατο
1690 2442 1789 2510 μὲν

216 2505 585 2597 όΔΔεσπότης,
616 2512 716 2565 οὐκ
749 2517 1074 2589 ἀπεστράφη
1106 2522 1162 2575 δὲ
1184 2525 1275 2578 τὸν
1300 2526 1437 2597 πλὴν
1456 2505 1652 2597 όλίγων
1684 2505 1786 2585 κα-

366 2595 459 2659 Ὠς
490 2600 629 2693 Ϋγὰρ
671 2606 748 2693 -ἐν
798 2606 949 2680 ζυγῷ
997 2612 1192 2685 δικαίῳ
1234 2590 1454 2674 πλείονα
1478 2590 1659 2693 πολλῴ
1681 2624 1789 2676 τῶν

212 2682 617 2760 ἐλαττωμάτων
639 2689 765 2766 εὗρε
791 2699 859 2752 τὰ
888 2682 1310 2777 κατορθώματα.

1901 590 1968 645 de
2013 605 2142 644 casu
2208 593 2569 649 Sunamitidis
2602 595 2848 663 loquitur
2910 613 2921 648 :
2964 614 2981 646 σ
3026 594 3296 652 Dominus
3343 599 3471 652 abs-

1901 682 2089 735 condit
2122 697 2151 735 a
2183 699 2268 738 tne
2298 685 2361 740 ¹⁶.
2399 704 2417 737 ι
2453 684 2609 739 Nunc
2652 685 2870 741 Nathan
2914 688 3104 751 etiam,
3144 687 3469 743 collaudatus

1904 773 2057 843 regis
2095 777 2412 841 consilium,
2440 786 2494 832 et
2544 780 2910 848 propositum,
2964 779 3301 834 existimavit
3358 779 3471 833 Duo

1900 867 2005 922 hoc
2032 882 2171 938 opus
2204 870 2445 939 probari.
2498 870 2655 936 Quod
2692 871 2807 942 ipse
2840 872 3006 928 etiam
3056 869 3247 936 David,
3296 888 3470 943 quau-

1903 962 2103 1014 tumvis
2133 961 2422 1031 propheta,
2449 962 2741 1032 ignoravit.

1985 1071 2179 1144 [Vens
2210 1074 2263 1131 5.
2304 1073 2381 1128 Tu
2403 1090 2504 1129 non
2539 1076 2829 1145 a‘diﬁcabis
2884 1076 3013 1129 mihi
3066 1077 3302 1130 domum.
3366 1073 3471 1130 Do-

1900 1183 2045 1219 mum
2087 1168 2351 1222 orationis
2381 1177 2701 1222 construere
2731 1169 2873 1224 Deus
2914 1169 3170 1225 Davidetn
3213 1184 3320 1223 non
3348 1183 3471 1238 per-

1903 1258 2071 1322 misit;
2104 1257 2311 1313 ducens
2342 1258 2740 1312 humanitatem
2771 1274 2984 1323 omnes,
3032 1266 3309 1328 quotquot
3366 1259 3470 1311 hoc

1900 1347 1952 1400 in
1996 1348 2116 1401 loco
2148 1347 2317 1402 Deum
2344 1359 2501 1403 erant
2534 1349 2863 1404 iuvocaturi.
2923 1349 3084 1414 Nam,
3135 1350 3229 1419 qui
3285 1350 3473 1403 vident

1899 1439 2218 1509 praphetam
2257 1439 2470 1506 Davidi,
2498 1451 2724 1511 prapter
2754 1440 2952 1506 caedes,
2986 1440 3342 1510 quantumvis
3389 1439 3473 1506 jn-

1904 1540 2045 1597 stas,
2078 1547 2185 1586 non
2213 1534 2539 1599 concedere,
2566 1544 2626 1588 ut
2650 1534 2760 1590 Deo
2781 1535 3031 1601 aedificet,
3060 1549 3223 1604 puras
3274 1549 3472 1587 manus

1899 1623 2100 1679 habere
2123 1623 2408 1679 docentur.
2431 1625 2576 1682 Deus
2603 1635 2784 1682 tamen
2820 1627 3179 1683 nihilominus
3205 1626 3467 1680 Davidcm

1898 1714 2082 1783 elegit,
2110 1715 2201 1784 qui
2257 1731 2387 1786 erga
2441 1718 2703 1773 mulieres
2734 1718 3270 1784 continenteravixit,
3301 1717 3474 1787 impc-

1830 1842 1870 1897 Β
1900 1806 2037 1859 rium
2071 1806 2341 1877 intrepide
2371 1810 2560 1879 gessit,
2597 1818 2652 1864 et
2681 1817 2808 1864 ante
2842 1809 2983 1864 hanc
3009 1810 3240 1880 gratiam
3268 1809 3317 1863 ei
3359 1808 3475 1862 col-

1900 1886 2249 1968 laiatn,juxta
2285 1900 2480 1972 legem,
2522 1903 2729 1956 cultum
2780 1902 3027 1957 divinum
3074 1901 3342 1962 exercuit,
3376 1900 3460 1953 iu-

1901 1995 2083 2043 tcntus
2130 1990 2388 2056 orationi,
2429 1992 2748 2062 psalmodize
2787 1993 3006 2057 divinae,
3053 2001 3108 2045 et
3162 1989 3471 2051 dilectioni,

1897 2089 1953 2135 et
1992 2082 2185 2136 salutis
2220 2083 2391 2138 totius
2425 2086 2603 2153 populi
2640 2101 2891 2156 magnam
2912 2100 3123 2148 curam,
3169 2085 3472 2137 rationem-

1896 2186 2002 2238 que
2039 2171 2247 2227 habuit.
2282 2173 2547 2227 Prmterea
2583 2190 2709 2244 erga
2735 2173 2944 2228 amicos
3005 2173 3146 2227 ﬁdus
3186 2172 3309 2235 fuit,
3345 2186 3473 2240 gra-

1900 2273 1988 2318 ttts
2015 2278 2143 2333 erga
2189 2265 2589 2330 benefactores,
2642 2282 2749 2319 non
2807 2263 3071 2328 crudelis,
3138 2262 3369 2316 immitis
3413 2261 3469 2312 in

1897 2369 2014 2418 cos,
2046 2356 2138 2423 qui
2164 2356 2367 2425 injuria
2401 2358 2582 2426 aliqua
2616 2372 2740 2410 eum
2779 2354 3116 2411 aifecissent.
3174 2354 3471 2416 Praeterea,

1897 2447 1943 2499 si
2010 2448 2301 2517 quisquam
2352 2450 2495 2503 alius
2538 2463 2801 2517 unquam,
2856 2453 3007 2500 certe
3063 2445 3153 2499 hic
3206 2458 3475 2513 pauperes

1896 2542 2261 2609 amplexatus.
2292 2541 2376 2596 οδ
2405 2557 2544 2612 quas
2585 2556 2674 2596 res
2718 2540 2880 2594 homo
2908 2538 3208 2594 secundum
3254 2551 3353 2614 cor
3377 2534 3471 2587 Dei

1897 2647 2023 2687 esse
2052 2633 2278 2689 dicitur.
2322 2636 2614 2699 Caeterum,
2656 2634 2702 2689 si
2736 2630 2978 2702 quando,
3034 2631 3336 2684 humanum
3368 2629 3474 2683 ali-

1898 2723 2030 2791 quid
2084 2740 2301 2792 passus,
2363 2727 2589 2791 erravit,
2652 2725 2944 2793 castigavit
2996 2738 3123 2777 eum
3179 2719 3470 2784 Dominus,

215 2777 368 2848 523
403 2796 516 2835 non
562 2796 855 2846 aversatus
904 2802 1006 2856 est,
1038 2795 1242 2851 bonum
1275 2800 1478 2871 alioqui
1508 2805 1884 2866 cxsistentem.
1919 2816 2109 2883 paucis
2140 2817 2408 2888 exceptis;
2479 2828 2537 2873 ut
2606 2818 2722 2888 qui,
2790 2818 2859 2872 ad
2906 2819 3120 2889 justam
3207 2827 3470 2875 stateram

214 2875 457 2945 exigens,
494 2882 649 2951 plura
682 2886 965 2941 benefacta
998 2906 1163 2959 quam
1198 2892 1487 2948 malefacta
1522 2899 1742 2963 reperit.

279 2995 386 3049 Kal
414 3002 879 3068 κατασκηνώσει
906 3007 1031 3060 καθ’
1062 3007 1300 3063 ἑαυτόν.
1332 3012 1490 3065 Κατὰ
1528 3014 1618 3067 τὸν
1645 3014 1791 3069 θεῖον

214 3087 317 3156 γὰρ
369 3089 792 3161 πολιτευόμενος
841 3097 1026 3167 νόμον,
1062 3099 1170 3153 τῶν
1216 3100 1391 3156 ἄλλων
1419 3105 1588 3160 ἐθνῶν
1618 3108 1791 3178 κεχώ-

218 3196 384 3242 ριστο.

1974 3015 2136 3073 Vens.
2170 3018 2257 3074 10.
2299 3018 2370 3073 Et
2422 3020 2687 3075 habitabit
2723 3023 3013 3077 secundum
3045 3025 3295 3093 seipsam.
3328 3025 3467 3081 Nam

1897 3124 2023 3162 cum
2050 3110 2203 3178 juxta
2238 3112 2409 3180 legem
2440 3111 2657 3167 Domini
2688 3129 2915 3186 regnum
2966 3118 3403 3185 administraret,
3437 3137 3469 3174 ει

1895 3202 2148 3269 gentibus
2177 3211 2464 3266 separatus
2493 3203 2618 3259 fuit.

281 3291 386 3344 Καὶ
415 3292 539 3345 ἀπὸ
565 3294 686 3348 τῶν
710 3296 946 3367 ἡμερῶν
968 3294 1056 3356 ὧν
1082 3303 1267 3371 ἔταξα
1300 3310 1521 3377 κριτάς.
1568 3312 1786 3395 Ἐπειδὴ

1965 3311 2132 3368 Vsus.
2169 3316 2253 3370 Η.
2297 3314 2379 3369 Ex
2404 3317 2609 3383 diebus,
2630 3319 2815 3388 quibus
2839 3324 3091 3377 constitui
3115 3323 3336 3388 iudices,
3359 3335 3465 3381 etc.

214 3382 268 3435 ὲν
288 3384 362 3454 τῷ
394 3387 578 3459 καιρῷ
606 3389 714 3443 τῶν
750 3393 977 3460 κριτῶν,
1009 3398 1139 3451 ποτὲ
1170 3400 1270 3470 μὲν
1307 3394 1672 3474 Ἀμμωνίτοίις
1695 3382 1786 3461 καί

1893 3402 2352 3475 Quandoquidem
2386 3411 2733 3480 temporibus
2759 3410 3208 3479 Judicum,uunc
3239 3417 3469 3472 Ammo-

214 3475 557 3543 Μωαϐίταις,
579 3483 704 3535 ποτὲ
726 3483 781 3536 δὲ
800 3487 1156 3556 Μαδιηναίοις
1187 3494 1278 3546 καὶ
1299 3495 1617 3565 ἀλλοφύλοις
1646 3500 1787 3553 ἐδούο

216 3566 403 3633 λευον,
474 3570 740 3641 ὑπέσχετο
803 3575 990 3640 αὐτοῖς
1053 3580 1311 3651 ἀκέραιον
1382 3585 1575 3649 σώζειν
1635 3587 1789 3657 βασι-

216 3659 377 3727 ὶείχν,
414 3664 515 3717 καὶ
553 3665 661 3720 τῶν
709 3669 919 3739 συχνῶν
952 3669 1158 3726 τούτων
1195 3675 1525 3743 ἀπαλλάξειν
1556 3682 1788 3750 μεταϐο-

216 3771 334 3807 λων.

280 3870 385 3922 Καὶ
422 3871 745 3939 ἀνορθώσω
775 3876 881 3929 τὸν
910 3878 1127 3943 θρόνον
1163 3882 1349 3937 αὑτοῦ
1378 3884 1488 3950 ἓως
1512 3886 1618 3939 τὸν
1647 3887 1784 3941 αἰῶ-

213 3975 302 4011 να.
336 3962 449 4013 Καὶ
476 3965 535 4015 ὲν
551 3966 615 4033 τῇ
640 3967 877 4038 τετάρτῃ
904 3968 1012 4022 τῶν
1037 3972 1539 4043 Παραλειπομένων
1570 3978 1784 4047 εἴρηται

215 4052 592 4121 παραπλήσια,
620 4054 686 4107 δι’
721 4049 794 4109 ὧν
823 4058 1060 4132 σαφῶςή
1092 4064 1219 4133 περὶ
1247 4064 1484 4131 Χριστοῦ
1515 4068 1783 4138 παρίστα-

214 4157 297 4191 ut
322 4145 655 4212 προφητεία.
711 4149 913 4219 Διόπερ
970 4152 1153 4221 ἔλεγον
1187 4156 1235 4207 oi
1268 4157 1506 4212 Ἰουδαῖοι
1541 4160 1780 4230 Χριστῷ·

225 4230 411 4300 Ἡμεῖς
439 4237 757 4306 ἠκούσαμεν
784 4244 848 4293 ἐκ
880 4241 977 4295 τοῦ
1018 4244 1207 4314 νόμου,
1250 4247 1332 4299 ὅτι
1375 4250 1609 4318 Χριστὸς
1634 4252 1783 4321 μένει

200 4324 288 4383 -εῐς
310 4324 398 4376 τὸν
421 4327 618 4388 αἰῶνα,
654 4321 698 4395 ᾧ
727 4331 990 4401 ἡτοίμασε
1024 4335 1115 4386 τὸν
1151 4335 1338 4405 θρόνον
1364 4340 1783 4411 οἰκοδομήσαντι

213 4408 353 4465 οἷκον
381 4416 475 4467 τὸν
499 4419 562 4468 ἐκ
596 4418 759 4471 λίθων
796 4421 1013 4484 ζώντων
1067 4428 1475 4496 πνευματικῶν,
1524 4433 1603 4492 είς
1636 4433 1783 4503 ἱερά-

212 4521 381 4574 τευμα
443 4507 595 4577 ἅγιον
620 4510 696 4580 τῷ
723 4513 947 4583 ὀνόματι
1002 4514 1100 4568 τοῦ
1160 4518 1393 4587 Πατρός.
1451 4522 1560 4574 Καὶ
1590 4522 1781 4576 τούτου

210 4596 294 4647 τὸν
318 4597 509 4667 θρόνον
532 4602 858 4672 ἀνώρθωσεν
880 4606 985 4670 ἕως
1011 4609 1088 4669 εἰς
1118 4608 1209 4661 τὸν
1242 4611 1411 4662 αίῶνα
1434 4613 1463 4665 ὁ
1492 4614 1646 4676 Θεός.
1671 4616 1780 4669 Καὶ

1889 3498 2045 3563 nitis,
2078 3508 2130 3553 et
2185 3499 2463 3566 llloabitis,
2496 3519 2641 3557 nunc
2686 3504 3021 3568 Madianitis,
3047 3517 3101 3561 et
3132 3509 3469 3579 alienigenis

1891 3590 2127 3659 subjecti
2157 3600 2336 3655 erant,
2386 3596 2639 3662 promisit
2663 3612 2723 3651 se
2764 3597 2901 3666 ipsis
2938 3615 3165 3670 regnum
3192 3601 3467 3674 integrum

1889 3690 2265 3746 servaturum,
2323 3695 2379 3739 et
2406 3684 2769 3741 liberaturum
2832 3704 2929 3745 eos
2975 3705 3005 3744 a
3045 3693 3467 3750 contiuttisillis

1888 3774 2310 3829 mutationibus.
3394 3780 3404 3788 ’

1962 3880 2129 3939 VERS.
2167 3883 2252 3938 15.
2284 3884 2352 3938 Et
2383 3886 2581 3956 erigant
2616 3887 2858 3942 thronum
2887 3891 2999 3957 ejus
3043 3908 3205 3962 usque
3237 3896 3291 3947 in
3324 3912 3462 3949 sem-

1885 3978 2169 4045 piternum.
2212 3975 2270 4028 In
2322 3975 2482 4031 libris
2562 3978 3019 4048 Paralipomenon
3097 3984 3286 4038 eadem
3353 3986 3467 4040 fore

1889 4066 2186 4130 habentur,
2245 4065 2450 4134 quibus
2511 4067 2718 4121 diserte
2770 4070 3059 4139 prophetia
3121 4073 3191 4129 de
3237 4074 3467 4130 Christo

1888 4156 2239 4225 proitonitur.
2283 4152 2443 4209 Hunc
2495 4153 2672 4211 Judaei
2734 4159 2994 4213 dicebant
3016 4161 3090 4214 .ad
3144 4161 3460 4219 Christum:

1888 4246 1961 4299 Ex
2004 4246 2118 4314 lege
2147 4243 2485 4311 audivimus,
2505 4248 2653 4316 quod
2687 4247 2943 4304 Christus
2974 4259 3194 4306 maneat
3221 4253 3274 4307 in
3296 4262 3463 4317 mter-

1886 4352 2043 4399 num,
2077 4336 2168 4391 cui
2207 4338 2539 4406 praeparavit
2576 4338 2860 4406 thronum,
2910 4342 3203 4397 aediﬁcanti
3236 4343 3460 4399 domum

1883 4446 1949 4484 ex
1981 4429 2142 4494 vivis,
2175 4438 2229 4483 et
2289 4430 2683 4500 Spiritualihus
2750 4433 3045 4502 lapidibus,
3100 4436 3156 4490 in
3206 4446 3460 4493 sanctum

1888 4519 2287 4587 sacerdotium,
2344 4522 2558 4575 nomini
2614 4524 2808 4591 patris,
2869 4532 2924 4576 et
2982 4525 3131 4580 illius
3194 4528 3458 4581 thronum

1888 4610 2031 4666 Deus
2066 4611 2241 4665 erexit
2296 4626 2474 4680 usque
2513 4613 2567 4665 in
2613 4615 3040 4681 sempiternum.
3074 4616 3376 4682 Apostolus
3394 4634 3459 4672 ex

209 4688 236 4737 ὁ
276 4687 595 4755 ’Δπόστολος
623 4694 679 4747 δὲ
708 4697 773 4747 ἐκ
798 4696 907 4749 τῶν
952 4701 1331 4770 προκειμένων
1361 4704 1550 4774 εἴληφε
1592 4707 1772 4777 ῥητῶν

1891 4704 2138 4772 prementi
2188 4703 2352 4757 etiam
2394 4703 2516 4758 loco
2554 4704 2646 4758 illa
2690 4706 2998 4771 desumpsit
3049 4708 3115 4760 ad
3158 4707 3453 4764 Hebraeos:

211 4779 265 4830 ἐν
295 4784 359 4851 τῇ
392 4784 531 4851 πρὸς
564 4786 850 4857 Ἐϐραίους
874 4791 936 4843 τό
958 4807 971 4822 ·
998 4810 1018 4842 ι
1059 4791 1200 4861 Ἐγὼ
1246 4794 1441 4866 ἔσομαι
1493 4797 1642 4868 αὐτῷ
1700 4802 1782 4863 είς

210 4878 463 4947 πατέρα,
516 4879 616 4932 καὶ
658 4881 832 4944 αὐτὸς
885 4883 1038 4937 ἔσται
1115 4903 1205 4955 μοι
1256 4889 1336 4951 εἰς
1406 4888 1538 4941 υἱόν.
1590 4908 1608 4939 ι
1674 4891 1782 4942 Καὶ

207 4966 273 5017 τὰ
325 4972 453 5040 περὶ
526 4972 621 5025 τοῦ
689 4974 1090 5041 διαιωνίζοντος
1153 4979 1364 5048 θρόνου.
1439 4982 1619 5035 Πάντα
1668 4985 1776 5053 γὰρ

209 5062 294 5113 ἐπὶ
342 5064 439 5115 τοῦ
472 5065 815 5136 Σολομῶντος
873 5070 972 5139 οὐχ
1023 5071 1253 5140 ἁρμόζει
1312 5072 1594 5142 λεχθῆναι.
1651 5074 1771 5138 Πῶς

207 5154 312 5220 γὰρ
347 5158 427 5219 εἰς
484 5158 656 5212 αἰῶνα
704 5162 732 5213 ό
766 5160 956 5214 τούτου
1013 5163 1201 5235 θρόνος
1260 5164 1585 5234 άνώρθωται
1632 5183 1646 5232 ;
1712 5168 1777 5220 El

208 5243 312 5311 γὰρ
346 5248 415 5313 τῇ
442 5245 659 5317 διαδοχῇ
702 5248 810 5301 τῶν
864 5251 1107 5317 ἐκγόνων
1144 5255 1311 5322 ἐρεῖς,
1346 5254 1453 5307 ἔδει
1488 5256 1645 5309 τοῦτο
1672 5258 1777 5328 πρὸ

1890 4813 1907 4845 ι
1925 4794 2033 4865 Ego
2053 4809 2147 4847 ero
2165 4794 2241 4847 illi
2264 4795 2318 4847 in
2339 4804 2572 4863 patrem,
2589 4803 2644 4847 ct
2663 4796 2778 4864 ipse
2795 4798 2899 4849 erit
2919 4799 3051 4851 mihi
3082 4798 3135 4852 in
3161 4800 3331 4855 lilium
3351 4803 3410 4849 η.
3433 4824 3450 4852 ι

1886 4884 2152 4940 Similiter
2192 4886 2287 4940 illa
2345 4888 2534 4952 etiam,
2585 4902 2708 4956 quar
2761 4887 2829 4941 de
2880 4887 3084 4945 throno
3114 4892 3454 4961 sempiterno

1882 4983 2165 5051 leguntur.
2203 4980 2321 5037 Non
2380 4984 2525 5037 enim
2587 4986 2868 5047 convenit,
2926 4992 2988 5039 ut
3043 4986 3112 5039 de
3161 4988 3457 5045 Salomone

1884 5074 1999 5129 haec
2064 5074 2248 5129 omnia
2292 5089 2417 5129 esse
2480 5075 2894 5141 intelligamus;
2966 5080 3246 5146 quomodo
3306 5082 3454 5135 enim

1882 5174 2147 5219 azteruum
2204 5166 2441 5220 thronus
2471 5166 2564 5220 ille
2614 5167 2883 5237 erigitur?
2926 5167 2979 5223 Si
3010 5166 3169 5233 dicis,
3200 5179 3455 5239 postero-

1882 5275 2002 5312 rum
2030 5258 2409 5326 snccessione,
2438 5259 2554 5314 haec
2571 5271 2698 5313 ante
2731 5260 3077 5315 Salomonem
3105 5260 3455 5320 Davididicta

208 5334 548 5403 Σολομῶντος
572 5339 827 5409 ,εἰρῆσθαι
870 5342 1056 5397 Δαὸίδ.
1082 5347 1366 5415 Δεύτερον,
1396 5346 1512 5407 πῶς
1537 5346 1779 5419 πληροῦο

1891 5351 2145 5422 cportuit.
2201 5348 2431 5416 Deinde,
2514 5350 2794 5421 quomodo
2856 5351 3175 5421 impleretur
3250 5352 3381 5408 illud
3438 5370 3453 5407 :

208 5442 294 5478 ται
314 5429 392 5480 τό·
434 5451 453 5481 ‹
476 5431 715 5501 Ἡμέρας
755 5435 954 5497 πολλὰς
986 5438 1314 5508 καθήσονται
1335 5440 1382 5492 oi
1416 5440 1772 5511 υιοὶίσραὴλ,

1887 5460 1906 5493 ε
1956 5440 2141 5496 Multis
2172 5439 2371 5497 diebus
2427 5441 2694 5497 sedebunt
2720 5441 2981 5498 Israelita
3001 5443 3122 5499 sine
3151 5459 3299 5513 rege,
3336 5446 3457 5502 sine

206 5520 303 5573 οὐκ
327 5520 479 5586 ὄντος
531 5525 817 5593 βασιλέως,
867 5529 989 5582 οὐδὲ
1024 5529 1174 5593 ὄντος
1204 5532 1535 5605 ἇρχοντος;›
1574 5533 1636 5587 Εἰ
1664 5535 1773 5605 γὰρ

1891 5534 2130 5606 principe
2152 5535 2221 5588 ”.
2262 5553 2281 5588 ι
2337 5533 2393 5589 Si
2454 5535 2875 5603 enimthronus
2912 5551 3039 5593 vere
3064 5547 3196 5594 tunc
3235 5547 3454 5593 erectus

206 5611 400 5684 ἀληθὲς
419 5614 519 5670 οὐκ
542 5617 697 5673 ἔσται
719 5620 840 5673 τότε
866 5621 1277 5693 ἀνωρθωμένος,
1311 5622 1429 5687 πῶς
1461 5618 1553 5677 οὖν
1582 5625 1659 5688 εἰς
1688 5624 1774 5677 τὸν

276 5817 318 5849 ι’
348 5816 413 5875 IV
440 5820 572 5893 Reg.
602 5838 676 5886 ιν,
703 5819 793 5874 27.
871 5820 913 5851 "
948 5820 1113 5876 Hebr.
1146 5838 1183 5884 ι.
1218 5823 1267 5877 ὅ.
1342 5824 1385 5854 ὀ
1416 5818 1553 5878 Osee
1590 5835 1674 5885 tu,
1709 5820 1761 5876 ι.

443 5924 717 5982 Partum.
766 5920 885 5981 Gtt.
925 5923 1278 5985 LXXXVII.

1884 5642 2012 5684 esse
2039 5627 2147 5683 dici
2177 5641 2291 5682 non
2328 5634 2530 5697 potest,
2568 5628 2847 5701 quomodo
2881 5628 3015 5684 dicit
3049 5646 3061 5683 :
3098 5632 3150 5683 in
3175 5632 3450 5701 εινψίιενο

3036 5917 3113 5981 36
