4058 6510
174 403 298 467 1133
1186 414 1723 478 COMMENTARII
1759 419 1842 485 IN
1876 422 2022 483 LIB.
2058 426 2119 485 II
2154 428 2445 492 REGUM.
3294 401 3430 507 ms

232 521 338 574 Καὶ
368 526 402 575 δ
428 524 689 589 thalami,
721 526 820 582 καί
849 530 880 581 ό
900 530 1132 598 Χερηθί.
1178 531 1315 597 Τοὺς
1361 536 1741 607 σφενδονήτας,
1775 547 1820 602 Α

1919 540 2086 598 Vens.
2113 544 2202 599 18.
2237 545 2469 602 Philethi
2501 559 2550 602 et
2580 548 2808 605 Chereti.
2846 553 3226 623 .Jacnlatores,
3262 568 3314 613 et
3341 576 3429 614 ss-

164 614 250 664 καὶ
272 616 404 677 τοὺς
429 618 677 683 τοξότας,
711 620 856 673 οὕτω
890 623 1069 675 καλεῖ.

1849 632 2100 702 gittarios
2126 636 2228 690 hoc
2260 638 2482 691 nomine
2507 640 2762 708 appellat.

769 711 1019 766 ΚΕΦΑΛ.
1059 716 1141 766 η’.

2388 727 2875 805 CAP.‘VHI[XL

234 797 380 862 Τοὺς
428 800 729 867 μανδύας.
791 803 863 854 “II
923 802 989 854 τὰ
1040 802 1357 871 καλούμενα
1401 806 1743 878 ’Λρκαδίκια,

1921 812 2085 869 Vens.
2113 815 2168 869 4.
2194 815 2479 871 Prwscidit
2504 832 2667 873 vestes
2707 797 2961 891 ipiorum.
3020 825 3112 881 Vel
3134 842 3250 891 eas,
3286 845 3424 900 quas

163 888 288 957 ἢτὰ
326 894 557 959 μαντία.
609 893 666 946 '0
698 894 755 947 δὲ
796 894 1050 958 Ἀκύλας,
1076 896 1356 965 χιτῶνας,
1400 900 1589 970 φησίν.

1847 902 2146 962 Arcadicos
2187 909 2479 977 nominat;
2516 912 2618 975 vel,
2654 888 2734 965 sit
2776 916 2995 983 μαντία.
3026 888 3421 988 Aquilavititer-

1847 1006 2123 1067 pretatur,
2154 1000 2408 1069 χιτῶνας.

746 1097 999 1152 ΚΕΦΑΛ.
1030 1099 1110 1157 8'.

2395 1092 2665 1149 CAP.IX
2726 1096 2865 1170 [Χη.

228 1185 335 1236 Καὶ
370 1189 422 1238 εἱ
450 1188 701 1254 ὑγιαίνει
731 1192 763 1241 ό
793 1192 1078 1259 πόλεμος.
1141 1193 1308 1265 Ἀλλη
1362 1193 1599 1259 ἕκδοσις,
1645 1198 1740 1250 καί

1919 1177 2083 1233 Vens.
2143 1180 2197 1236 7.
2263 1183 2325 1237 Si
2372 1183 2565 1239 bellum
2628 1188 2926 1245 invalescit.
2984 1193 3103 1247 Alia
3148 1198 3426 1265 erpnsitio

162 1278 241 1341 είς
271 1276 524 1345 εἰρήνην
543 1279 651 1333 τοῦ
673 1280 965 1349 πολέμου.

1847 1269 2032 1336 habet,
2064 1282 2114 1326 et
2140 1273 2192 1325 in
2235 1289 2416 1342 pacem
2438 1277 2583 1331 belli.

753 1374 1009 1427 ΚΕΦΑΛ.
1046 1377 1103 1429 l'.

2396 1364 2640 1421 cap.x
2709 1368 2873 1442 [xui

229 1460 336 1513 Τοῦ
370 1460 624 1528 ποιῆσαι
673 1462 751 1529 τῷ
812 1465 985 1531 ἀνδρὶ
1016 1466 1095 1531 τῷ
1122 1467 1298 1533 ξένῳ.
1353 1466 1516 1524 Ξένον
1579 1471 1741 1525 καλεῖ

1916 1450 2080 1507 Vens.
2108 1455 2159 1508 4.
2201 1454 2671 1514 Utmactaretviro
2711 1464 2920 1532 hospiti.
2959 1465 3185 1521 Pravam
3219 1473 3424 1540 rogita.

160 1551 244 1601 τὸν
267 1551 502 1618 πονηρὸν
526 1551 802 1618 λογισμὸν,
821 1553 896 1616 ὡς
918 1554 1115 1617 ἔξωθεν
1137 1559 1269 1627 ἡμῖν
1304 1560 1737 1630 προσϐάλλοντα,

1846 1543 2049 1597 tionem
2094 1547 2363 1617 hospitem
2400 1553 2657 1619 appellat,
2684 1566 2737 1606 ut
2774 1572 2895 1624 quae
2916 1557 3229 1615 forinsecus
3261 1563 3421 1617 nobis

162 1642 248 1692 καὶ
279 1640 351 1710 μὴ
387 1644 532 1693 κατὰ
553 1642 715 1709 φύσιν
742 1643 871 1697 ὄντα
906 1647 962 1697 ὲν
989 1648 1144 1714 ἡμῖν.

1844 1633 2195 1700 immittatur,
2228 1647 2279 1691 et
2311 1654 2424 1694 non
2460 1650 2655 1695 natura
2692 1645 2851 1700 nobis
2876 1648 3027 1701 insit.

228 1735 340 1785 Ὅτι
372 1733 547 1798 ἄξιος
577 1737 609 1787 ό
638 1735 811 1803 ἀνὴρ,
846 1740 877 1789 ὀ
902 1738 1167 1805 ποιήσας
1202 1741 1399 1807 τοῦτο,
1455 1744 1737 1800 θανάτου.

1916 1722 2081 1779 Vsns.
2118 1726 2170 1781 5.
2208 1726 2323 1793 Vir,
2353 1730 2443 1798 qui
2467 1730 2591 1799 fecit
2615 1733 2730 1796 hoc,
2763 1733 2953 1805 dignus
2975 1746 3052 1789 est
3080 1746 3267 1792 morte.
3304 1735 3421 1792 Hoc

163 1825 324 1876 Τοῦτο
366 1826 486 1893 μὲν,
536 1826 899 1895 ὑπερδολικόν
923 1845 936 1858 ·
969 1830 1029 1881 τὸ
1058 1830 1113 1881 δὲ
1136 1832 1394 1885 ἀποτῖσαι
1428 1837 1731 1902 τετραπλα-

1845 1816 2061 1884 quidem
2095 1818 2315 1871 modum
2348 1822 2833 1888 excedit,redderc
2862 1840 2991 1880 vero
3022 1826 3417 1896 quadruplum,

164 1916 322 1977 σίονα,
352 1917 494 1968 κατὰ
527 1918 710 1987 νόμον.

1775 1908 1815 1965 Β
1847 1908 2103 1975 congruit
2138 1924 2263 1962 cum
2302 1910 2435 1979 lege.

222 2002 385 2058 Εἶναί
408 2024 511 2059 σοι
564 2012 651 2073 είς
690 2008 967 2077 γυναῖκα.
1023 2012 1375 2065 Αἱνιττεταιό
1420 2015 1601 2082 λόγος,
1653 2018 1735 2070 ὅτι

1916 1997 2079 2052 Vens.
2119 2000 2171 2054 9.
2229 2000 2296 2055 Ut
2342 2003 2437 2055 tibi
2480 2016 2611 2059 esset
2670 2006 2725 2059 in
2760 2023 2999 2063 uxorem.
3052 2006 3165 2063 Hac
3201 2009 3418 2063 ratione

164 2098 360 2149 πλέονὸ
388 2098 523 2160 Θεὸς
582 2100 915 2169 ἐχαλέπηνεν
982 2102 1076 2152 ἐπὶ
1130 2103 1207 2172 τῷ
1253 2106 1492 2175 γάμῳ,ἢ
1534 2111 1599 2177 τῇ
1634 2110 1739 2178 πρὸ

1842 2089 2079 2144 obscure
2104 2092 2447 2161 signiﬁcatur
2493 2094 2661 2151 Deum
2698 2098 2819 2167 plus
2842 2099 2945 2153 hoc
2963 2099 3218 2169 conjugio
3244 2100 3416 2154 otl’en-

159 2190 337 2243 τούτου
395 2195 634 2262 μοιχείᾳ.
688 2193 800 2262 Τὴν
860 2193 960 2262 μὲν
989 2194 1122 2265 γὰρ,
1154 2196 1305 2265 πόθῳ
1342 2198 1610 2267 καρωθεὶς
1652 2202 1736 2264 ἐξ-

1843 2193 1963 2232 sum
1995 2195 2137 2245 esse,
2196 2197 2360 2250 quam
2427 2184 2718 2251 adulterio,
2772 2190 2917 2257 quod
2964 2188 3066 2243 hoc
3116 2192 3413 2258 prmeesslt.

162 2281 473 2348 ειργάσατοο
503 2286 533 2335 ὁ
561 2282 640 2347 δὲ,
666 2282 929 2354 λογισμοῦ
983 2286 1383 2352 συγκατάθεσιν
1445 2288 1578 2359 ἔχει.
1605 2293 1735 2344 Δέον

1841 2271 2184 2325 Adulterium
2221 2274 2367 2327 enim
2410 2277 2709 2345 cupiditate
2738 2281 2917 2334 victus
2945 2283 3255 2346 commisit;
3289 2297 3418 2337 ρους

160 2371 356 2436 γὰρὲπὶ
386 2373 609 2443 μοιχείᾳ
652 2374 746 2426 καὶ
771 2375 918 2445 φόνῳ
962 2375 1202 2447 θρηνεῖν,
1237 2378 1404 2450 γάμῳ
1428 2357 1733 2454 παρανόμῳ

1836 2357 2047 2427 jngium
2109 2373 2293 2416 autetn
2378 2362 2796 2422 deliberationis
2860 2383 3148 2424 assensum
3231 2372 3412 2427 habet.

164 2460 424 2536 συνῄνεσε,
1512 2449 1519 2450 “
1649 2449 1657 2452 ’
1705 2449 1715 2454 ⁷
1838 2449 2089 2520 Cumque
2115 2461 2340 2523 propter
2398 2456 2828 2523 adulterium,et
2860 2460 3220 2516 homicidium
3254 2465 3413 2532 plan-

1838 2558 1965 2612 gere
2009 2545 2256 2608 deberet,
2286 2547 2420 2617 ipse,
2486 2552 2840 2606 matrimonio
2879 2562 3073 2607 contra
3103 2555 3250 2626 leges
3282 2569 3417 2609 cou-

1838 2647 2038 2702 tracto,
2070 2655 2193 2693 cum
2227 2656 2289 2694 ea
2326 2644 2451 2697 vita:
2482 2645 2939 2700 consuetudinem
2986 2647 3195 2703 habuit.

227 2734 323 2787 Καὶ
345 2735 621 2803 λήψομαι
653 2736 761 2801 τὰς
788 2736 1100 2803 γυναῖκας,
1137 2741 1231 2792 καί
1264 2738 1437 2793 δώσω
1472 2741 1551 2806 τῷ
1575 2747 1734 2811 πλη-

1908 2728 2073 2783 Vens.
2110 2731 2197 2786 lt.
2235 2730 2884 2800 Tollamurorestuas,et
2910 2737 3049 2791 dabo
3067 2754 3157 2792 eas
3184 2747 3414 2807 tuapro-

160 2828 287 2879 vs'or
312 2843 445 2880 σου.
486 2827 719 2896 ’Ὅμοιον
749 2827 824 2896 τῷ
849 2844 863 2858 ο
901 2847 918 2877 t
948 2828 1267 2900 Παρέδωκεν
1301 2834 1497 2896 αὐτοὺς
1530 2836 1557 2886 ὁ
1600 2836 1731 2898 Θεὸς

1835 2820 2050 2890 pinquo.
2086 2819 2276 2876 Simile
2337 2831 2422 2877 est
2482 2824 2643 2877 huic:
2676 2843 2694 2876 ι
2758 2825 3011 2883 Tradidit
3064 2845 3160 2884 eos
3188 2830 3413 2886 Deusin

159 2924 230 2977 si;
255 2919 394 2988 πάθη
428 2920 679 2988 ἀτιμίας.
700 2920 835 2972 »Τοῦ
869 2919 1005 2971 Θεοῦ
1029 2921 1223 2991 δηλοῦν
1243 2924 1341 2993 τὴν
1362 2925 1729 2995 συγχώρησιν.

1835 2909 2166 2977 cupiditates
2221 2912 2630 2979 ignominiae".
2666 2934 2683 2965 ι
2718 2914 2811 2969 Dei
2867 2919 3285 2986 permissionem
3332 2921 3413 2975 si-

161 3011 321 3062 Ὅπου
347 3027 410 3078 γε
432 3013 535 3064 καὶ
571 3011 767 3065 Ἰακὼὸ
826 3012 924 3079 τὴν
966 3014 1168 3082 Σίκιμα
1198 3016 1349 3085 παρὰ
1376 3015 1601 3087 γνώμην
1633 3018 1732 3069 αὖ·

1835 3001 2122 3070 gniﬁcans.
2161 3002 2617 3073 Quandoquidem
2676 3008 2841 3060 etiam
2872 3006 3043 3063 Jacob
3066 3010 3134 3065 de
3162 3011 3409 3079 Sichem,

160 3101 243 3152 τοῦ
269 3106 745 3171 καταστραφεῖσαν
781 3104 885 3155 ὑπὸ
909 3104 1136 3173 Συμεὼν
1173 3107 1268 3157 καὶ
1304 3106 1436 3157 Λευῒ
1464 3107 1573 3159 τῶν
1598 3109 1727 3160 παί-

1833 3102 2024 3145 contra
2088 3094 2257 3148 animi
2331 3096 2416 3149 sui
2451 3099 2810 3164 sententiam,
2849 3113 2877 3152 a
2909 3098 3168 3155 Simeone
3194 3113 3249 3156 et
3278 3101 3410 3159 Levi

160 3190 275 3249 δων,
308 3188 386 3253 οἷς
448 3194 792 3261 ἐπηράσατο,
841 3194 1208 3263 κληρονομίαν
1261 3194 1441 3261 ἀφιεὶς
1487 3197 1762 3265 ΊωσήφἈ

1835 3182 1959 3238 ﬁliis
1995 3198 2211 3248 eversa,
2239 3199 2381 3255 quos
2438 3185 2682 3255 devovit,
2719 3190 2913 3243 relicta
2947 3190 3266 3248 hareditate
3306 3196 3410 3265 ipsi

167 3299 185 3331 ι
213 3283 304 3333 Ἦν
330 3255 721 3355 ἐλύθη-φησὶ.
753 3283 830 3354 τῷ
864 3255 1004 3356 τόξῳ
1047 3255 1168 3355 μου,
1196 3305 1214 3335 ι
1246 3255 1436 3338 τοτῶν
1469 3289 1599 3341 υἱῶν
1626 3255 1723 3341 αύ-
1749 3255 1792 3312 C
1826 3272 2089 3345 δοεεβιιον
2153 3277 2228 3329 ηδ
2294 3276 2542 3347 ιοίιιιῖιιιτ
2571 3298 2583 3334 ε
2650 3298 2669 3330 ί
2737 3279 2908 3346 Quam
2962 3293 3225 3353 οθρθτυηῑ
3274 3299 3411 3342 που

160 3371 265 3434 τοῦ,
298 3375 386 3424 καὶ
440 3375 598 3444 παρὰ
643 3374 871 3446 γνώμην
910 3376 1151 3446 γεγονὸς,
1217 3376 1587 3447 οἰκειούμενος
1635 3381 1727 3451 ἔρ-

1830 3382 1991 3433 meo;
2036 3388 2052 3421 ι
2087 3367 2303 3426 facinus
2326 3372 2563 3426 ﬁliorum
2605 3388 2830 3429 suorum
2857 3414 2873 3441 ,
2907 3388 3100 3433 contra
3149 3380 3410 3434 volunta-

163 3479 265 3527 γον,
1828 3462 1933 3516 lem
1967 3478 2121 3516 suam
2157 3464 2363 3519 editum
2400 3468 2505 3522 sibi
2542 3468 2853 3525 ascribens.

227 3557 305 3607 Οὐ
318 3556 402 3623 μὴ
434 3555 774 3623 ἀποθάνῃς.
801 3558 1031 3611 Διπλοῦν
1062 3560 1204 3614 κατὰ
1226 3564 1318 3615 τὸν
1354 3564 1514 3635 νόμον
1531 3563 1725 3631 ὤφειλε

1901 3556 2063 3612 Vens.
2096 3557 2185 3612 t3.
2208 3556 2333 3613 Non
2358 3561 2850 3633 morieris.Duplici
2873 3572 3072 3632 morte,
3104 3567 3409 3623 secundum

166 3644 394 3707 θάνατον,
432 3648 530 3699 ἐπὶ
558 3650 773 3719 μοιχείᾳ
832 3651 928 3702 καὶ
962 3651 1128 3721 φόνῳ,
1156 3656 1248 3705 τὸν
1278 3653 1335 3707 δὲ
1362 3657 1394 3726 ἡ
1428 3658 1525 3726 τῆς
1549 3658 1727 3726 ἁμαρο

1826 3645 2022 3715 legem,
2054 3647 2366 3716 puniendus
2422 3657 2562 3706 erat.
2617 3651 2885 3718 Primum,
2938 3662 3167 3724 propter
3194 3655 3410 3709 adulte-

164 3736 269 3799 τίας
297 3739 559 3807 ὁμολογία
581 3742 948 3811 παρήνεγκεν.

1824 3739 1964 3792 rium
1990 3756 2006 3805 ;
2042 3738 2261 3802 deinde,
2287 3752 2511 3810 propter
2538 3742 2918 3799 homicidium.
2945 3744 3219 3802 Caeterum
3254 3762 3396 3802 cou-

1824 3828 1995 3884 fessio
2038 3838 2391 3898 peccatorum
2424 3846 2640 3901 pinnam
2671 3834 2977 3890 transtulit.

228 3917 603 3986 Πορὼργιονας
652 3920 777 3985 τοῖς
833 3921 1131 3988 ἐναντίοις
1195 3926 1428 3993 Κύριον.
1488 3928 1723 3992 Ἀκύλας

1897 3920 2065 3977 Vens.
2112 3922 2557 3978 H.Adversariis
2602 3924 3008 3999 [παρώργισας]
3036 3927 3264 3981 irritasli
3300 3928 3408 3984 Ito-

166 4007 494 4078 σαφέστερον,
523 4009 899 4078 παρώξυνας,
929 4014 1112 4083 φησὶν,
1149 4015 1291 4081 τοὺς
1321 4017 1577 4086 ἐχθροὺς
1609 4023 1722 4073 Κυ-

1824 4013 2045 4066 minam.
2081 4013 2280 4082 Aquila
2312 4014 2527 4082 planius
2552 4015 2712 4079 dicit,
2739 4015 3084 4087 παρώξυνας,
3124 4016 3407 4073 Exacuisti

156 4096 297 4162 piov.
326 4100 641 4168 Γυμνωθεὶς
686 4104 795 4173 γὰρ
836 4106 936 4174 τῆς
982 4103 1134 4168 θείας
1175 4108 1523 4177 κηδεμονίας,
1573 4128 1718 4181 παρ-

1822 4098 1995 4153 hostes
2026 4098 2263 4154 Domini.
2317 4100 2410 4154 Dei
2455 4100 2601 4155 enim
2648 4105 3038 4171 procuratione
3077 4106 3401 4169 destitutus.

164 4189 399 4243 εσκεύασε
431 4192 562 4255 τοὺς
596 4192 927 4262 ἀλλοφύλους
969 4199 1148 4269 νικᾷν,
1191 4199 1285 4252 καὶ
1325 4200 1469 4269 μέγα
1499 4206 1718 4271 φρονεῖν

1822 4191 2004 4247 eﬂ'ecit
2061 4201 2117 4245 ut
2151 4192 2471 4262 alienigenae
2514 4194 2751 4249 victores
2783 4195 3105 4260 evaderent,
3131 4206 3185 4253 et
3212 4213 3402 4270 super-

164 4283 288 4332 κατὰ
315 4282 402 4335 τοῦ
438 4282 553 4335 τῶν
601 4284 740 4337 ὅλων
770 4284 928 4339 Θεοῦ.
964 4288 1311 4359 Προσήλυτος
1352 4290 1408 4342 δὲ
1439 4291 1641 4360 Οὐρίας
1667 4303 1713 4347 Ρ.

1821 4284 2005 4341 birent
2043 4296 2237 4339 contra
2282 4283 2525 4338 universi
2580 4286 2947 4342 conditorem.
3007 4288 3170 4345 Urias
3218 4302 3398 4347 autem

162 4369 398 4425 Χετταῖον
420 4375 532 4445 γὰρ
563 4375 727 4427 αὐτόν
759 4393 925 4446 φησιν
953 4378 981 4429 ὁ
1006 4379 1157 4443 Θεός.

1818 4377 2150 4447 prosclytus.
2181 4374 2486 4431 Cbettaeum
2526 4377 2671 4431 enim
2711 4376 2854 4434 Deus
2886 4380 3148 4449 appellat.

223 4464 318 4515 Καὶ
351 4468 381 4518 ὀ
411 4470 545 4531 υίός
582 4482 721 4530 σου,
755 4472 787 4521 ὀ
812 4470 1041 4538 ταχθείς
1070 4486 1191 4534 σοι,
1222 4472 1455 4541 θανάτῳ
1481 4476 1709 4530 ἀποθα-

1889 4463 1959 4517 Et
1998 4464 2142 4532 filius
2183 4472 2326 4528 tuus,
2358 4466 2451 4534 qui
2480 4465 2576 4518 tibi
2606 4474 2763 4520 natus
2784 4475 2884 4531 est,
2914 4470 3188 4522 morietur.
3223 4468 3393 4523 Filius

160 4550 343 4607 νεῖται.
370 4556 631 4627 Ἔλεγχος
669 4559 778 4629 γὰρ
807 4560 906 4630 τῆς
935 4563 1280 4632 παρανομίας
1323 4566 1533 4633 ἐγίνετο
1579 4565 1708 4629 ζῶν.
1748 4595 1762 4651 1

1784 4553 1964 4643 ⁵ειίἰηι
2024 4560 2308 4621 superstes
2366 4561 2731 4623 transgressa:
2804 4554 2941 4623 legis
3003 4567 3386 4626 argumentum

163 4642 410 4711 Εὐσεϐοῦς
436 4649 532 4702 οὖν
562 4649 828 4720 βασιλέως
858 4652 1154 4723 κηδόμενος
1186 4658 1213 4708 ὁ
1239 4656 1390 4720 Θεὸς,
1430 4660 1490 4710 τὸ
1522 4659 1712 4713 τούτου
1748 4642 1765 4651 ’

1819 4652 1958 4700 erat.
1990 4643 2133 4699 Deus
2163 4644 2365 4713 itaque,
2393 4643 2466 4713 pii
2507 4644 2650 4715 regis
2679 4658 2866 4698 curam
2912 4660 3134 4716 gerens,
3169 4650 3393 4703 sustulit

162 4740 484 4807 παρήνεγκεν
514 4742 738 4807 ὄνειδος.

1818 4736 1939 4805 ejus
1968 4735 2342 4804 approbrium.

224 4829 369 4884 Ἤτοι
411 4834 689 4903 μοιχίδιον.
725 4834 991 4899 Τοσοῦτος
1039 4838 1097 4890 δὲ
1145 4841 1172 4891 ὁ
1203 4841 1564 4912 καταδληθεὶς
1612 4846 1711 4917 τῆς

1890 4825 2125 4881 Puerum
2158 4825 2369 4880 scilicet
2403 4823 2795 4879 adulterinum.
2826 4822 2895 4877 Et
2922 4831 3106 4881 tantus
3136 4825 3240 4883 fuit
3271 4843 3390 4899 pte-

163 4925 426 4987 μετανοίας
473 4926 721 4995 καρπὸς,
774 4926 850 4990 ὡς
888 4928 982 4980 καὶ
1038 4932 1358 5003 προπάτορα
1408 4934 1572 4987 αὑτὸν
1611 4914 1711 5005 τῆς

1818 4918 2064 4973 nitentia:
2112 4916 2319 4971 fructus
2350 4924 2566 4971 utavus
2612 4916 2728 4986 ipse
2768 4914 2977 4973 Christi
3014 4920 3389 4989 generationis

162 5013 283 5065 κατὰ
315 5017 487 5086 σάρκα
511 5020 816 5088 γεννήσεως
842 5019 1034 5074 ἑαυτοῦ
1058 5024 1121 5074 ὲκ
1147 5023 1351 5096 ταύτης
1383 5028 1708 5099 γεγενῆσθαι

1810 5008 2111 5063 secundum
2143 5020 2365 5061 carnem
2400 5021 2467 5061 ex
2496 5006 2686 5061 eadem
2719 5007 2950 5064 muliere
2980 5019 3327 5067 nasceretur.

159 5101 242 5171 τῆς
268 5110 537 5171 γυναικός.
570 5109 633 5163 (Σ.
673 5109 735 5162 L.

219 5197 481 5252 Είεδίδια.
532 5202 784 5267 Ἀκύλας,
837 5204 1047 5260 ἕνεκεν
1092 5209 1333 5275 Κυρίου.
1388 5210 1707 5282 Σύμμαχος,

1876 5208 2108 5263 Iedidia.
2139 5205 2355 5278 Aquila,
2398 5217 2613 5277 propter
2649 5205 2962 5261 Dominum.
2995 5206 3382 5279 Symmachus,

160 5283 233 5347 εὶς
262 5287 517 5347 ,βασιλέα
541 5292 1016 5371 ἀφωρισμένον..

838 5294 1016 5371 ἕνον..
1808 5310 2133 5372 segregatum
2164 5302 2217 5353 in
2253 5317 2440 5370 regem.

221 5372 321 5428 Καί
347 5378 648 5450 διέπρισεν
680 5385 749 5437 ἐν
782 5388 1049 5453 πρίοσιν.
1082 5389 1196 5440 Οὐκ
1238 5390 1519 5461 ὠμότητος
1550 5394 1704 5464 τοῦρ-

1883 5391 2050 5447 Vens.
2094 5392 2182 5446 5t.
2225 5389 2525 5445 Combussit
2565 5408 2722 5458 super
2752 5408 2952 5447 serras.
3003 5391 3124 5450 Non
3156 5394 3387 5448 crudeli-

162 5476 271 5530 γ’)ν,
317 5468 446 5524 ἀλλὰ
498 5474 709 5538 δικαίας
765 5477 975 5547 ποινῆς.
1015 5479 1134 5533 Τῶν
1182 5482 1293 5552 γὰρ
1336 5482 1701 5555 Ἰσραηλιτῶν,

1816 5484 1943 5538 tatis
1975 5483 2069 5538 Sed
2106 5482 2269 5552 justae
2302 5496 2475 5552 paena:
2523 5496 2660 5551 opus
2708 5480 2832 5537 fuit.
2887 5483 3213 5540 Ammonius
3239 5484 3382 5537 enim

3424 5070 3439 5157 ἓ

253 5636 297 5666 ⁸⁸
335 5637 490 5696 Rom.
514 5659 552 5707 ι,
591 5645 679 5699 26.

1436 5742 1673 5798 VARUE
1712 5741 2119 5799 LECTIONES.

221 5825 248 5869 ιι
267 5820 395 5881 Male
415 5827 525 5885 haec
542 5846 759 5904 quoque
779 5834 947 5889 codex
974 5830 1227 5890 Lavatcri
1263 5837 1553 5905 separabat
1587 5850 1615 5889 a
1650 5835 2123 5905 prmcedentibus;
2156 5838 2315 5907 quasi
2334 5846 2535 5908 textus,
2564 5854 2677 5897 non
2710 5839 2965 5914 Procopii
2987 5843 3152 5901 verba
3171 5854 3381 5902 essent.
