4058 6508
195 333 332 400 1137

1196 335 1732 398 COMMENTARII
1773 337 1856 398 IN
1892 339 2039 399 LIB.
2087 338 2148 397 II
2179 336 2472 398 REGUM.

3318 331 3453 406 1138

253 445 738 514 Παραγενόμενος
782 443 899 511 ’ἕως
941 443 1049 498 τοῦ
1091 443 1236 512 ῥῶς.
1288 443 1384 510 Et;
1410 447 1510 516 τὴν
1563 444 1763 515 ᾶκραν.

1936 445 2102 503 Vens.
2143 446 2233 501 33.
2282 447 2417 500 Cum
2469 446 2693 500 venisset
2750 461 2910 514 usque
2961 443 3030 498 ad
3075 455 3338 502 verticem.
3393 448 3451 503 lu

185 536 352 605 Λέγει
397 537 458 592 δὲ
495 536 586 591 τὸν
610 537 899 604 Ἐλαιῶνα,
942 535 1066 591 ὅθεν
1091 540 1119 593 ὁ
1149 538 1426 608 Δεσπότης
1472 539 1774 611 ἁνειλήφθη

189 629 456 697 Χριστός.
487 631 596 685 Καὶ
625 629 1037 701 προσεκύνησεν
1084 631 1202 684 ἐκεῖ
1227 629 1308 700 τῷ
1345 630 1466 702 Θεῷ
1487 673 1501 696 ,
1549 635 1630 696 εἰς
1674 632 1774 703 τὴν

187 716 420 788 σκηνὴν,
457 718 532 782 ὡς
561 717 726 782 είκδς,
762 718 1093 790 ὐποσλέψας,
1129 719 1224 774 καὶ
1256 719 1355 791 τὴν
1389 720 1649 786 κιϐωτὸν,
1677 721 1775 792 τὴν

186 811 245 860 ἐν
278 807 464 880 ταύτῃ
492 809 776 880 κειμένην.

257 900 454 953 Χουσὶ
479 902 510 954 ό
541 899 916 969 ἀρχιεταῖρος
947 900 1148 956 Δαϐίδ.
1176 901 1332 966 Τινὲς
1365 902 1464 954 οὐκ
1494 902 1775 956 ἐπαινοῦσι

185 989 278 1044 τοῦ
329 991 506 1044 Χουσὶ
534 994 593 1045 τὸ
611 991 826 1061 ψεῦδος,
854 992 1179 1060 ἀγνοοῦντες
1219 992 1297 1056 ὡς
1349 993 1447 1046 σὺν
1496 991 1686 1063 ἀγαθῷ
1715 993 1776 1046 τὸ

186 1083 384 1153 ψεῦδος
411 1085 530 1138 ἴσον
559 1085 673 1137 ἐστὶ
703 1087 768 1155 τῇ
799 1084 1055 1156 ἀληθεία.
1089 1084 1342 1154 Ἀγαθῶν
1363 1084 1495 1155 γὰρ,
1543 1085 1637 1138 καὶ
1665 1085 1776 1138 τῶν

189 1176 477 1241 ιναντίων,
499 1177 592 1229 τὸν
613 1175 820 1230 σκοπὸν
845 1176 1135 1248 ζητητέον,
1158 1177 1252 1230 καί
1273 1175 1446 1240 οὕτως
1471 1177 1776 1247 εὑρήσομεν

191 1267 460 1337 ικάτερον
507 1265 735 1334 ἀγαθὸν,
789 1266 822 1338 ἢ
885 1268 1076 1321 κακόν.
1109 1266 1207 1330 Τίς
1253 1267 1365 1336 γὰρ
1407 1267 1508 1320 οὐκ
1562 1267 1628 1320 ἂν
1676 1267 1778 1338 τὴν

191 1355 460 1426 ἀλήθειαν
501 1355 601 1425 τὴν
661 1355 905 1426 Ἡρώδου
958 1357 1420 1428 κακηγορὴσειεν,
1477 1356 1573 1411 ἐπὶ
1629 1357 1777 1428 φόνῳ

191 1446 494 1518 γενομένην
520 1446 615 1501 τοῦ
649 1447 1177 1515 Βαπτιστοῦ;“’1ζπεὶ
1199 1449 1309 1520 γὰρ
1328 1447 1542 1518 ὤμοσεν
1566 1447 1642 1512 ὡς
1677 1451 1777 1502 οὐκ

193 1541 322 1603 ἔδει,
353 1540 416 1592 τὸ
441 1538 640 1609 ψεῦδος
683 1539 1048 1612 αἱρετώτερον
1083 1539 1186 1609 τῆς
1209 1540 1445 1611 σφαγῆς.
1482 1540 1779 1595 Κάνταῦθα

192 1633 377 1686 τοίνυν
424 1632 459 1702 ἡ
499 1631 792 1703 ὑπόκρισις
831 1632 931 1685 οὐκ
965 1632 1059 1684 ἐπὶ
1094 1631 1275 1703 κέρδει
1319 1632 1641 1702 χρημάτων,
1677 1634 1778 1688 οὐκ

195 1725 280 1790 ἐφ’
306 1723 518 1792 ἐτέρων
553 1723 720 1794 λύμῃ,
747 1723 862 1777 ἀλλ’
890 1723 984 1777 ἐπὶ
1015 1724 1127 1796 ζωῇ
1166 1724 1450 1793 προφήτου
1506 1725 1603 1778 καὶ
1627 1724 1780 1794 βασι-

194 1816 327 1879 λέως
360 1815 720 1880 εὐσεϐοῦντος
747 1816 986 1886 ἐγένετο.

798 2079 1048 2134 ΚΕΦΔΛ.
1084 2080 1180 2132 ΙΔ’.

279 2170 439 2226 Ἰδού
487 2188 588 2225 σοι
620 2170 819 2224 πάντα
875 2169 948 2224 τὰ
997 2169 1375 2240 Μεμφιϐαάιλ.
1427 2169 1539 2241 Τὴν
1580 2169 1778 2242 εὐχερῆ

201 2261 367 2315 πειθὼ
389 2261 490 2314 τοῦ
517 2262 682 2316 Δαὸίδ
720 2277 866 2324 τινες
917 2260 1363 2330 κατεμέμψαντο.
1391 2260 1536 2314 Ἀλλ’
1565 2262 1780 2332 εἴρηται

206 2353 489 2416 πολλάκις,
519 2352 596 2415 ὼς
627 2354 724 2423 οὐχ
756 2352 974 2406 ἅπαντα
1003 2350 1366 2419 γινώσκουσιν
1393 2353 1443 2405 οἱ
1479 2353 1776 2423 προφῆται.

201 2440 367 2509 Οὗτος
418 2446 482 2500 δὲ
529 2447 623 2499 καὶ¹
667 2445 930 2507 πιθανοὺς
997 2444 1190 2512 λόγους
1250 2445 1343 2499 καὶ
1387 2445 1536 2516 δῶρα
1609 2461 1782 2517 προσ-

210 2541 426 2607 ήνεγκε,
468 2536 567 2608 τὴν
612 2535 828 2590 εὔνοιαν
857 2535 1289 2604 ἐνδεικνύμενος.
1330 2535 1536 2590 Μαθὼν
1571 2535 1631 2589 δὲ
1682 2535 1783 2608 τὴν

204 2631 467 2701 ἀλήθειαν
506 2631 534 2682 ὁ
581 2629 768 2693 Δαϐὶδ,
817 2628 1146 2699 ἀμφοτέροις
1174 2626 1401 2698 ἐμέρισε
1430 2627 1532 2699 τὴν
1572 2627 1778 2686 οὐσίαν.

220 2723 463 2776 Ἐκείνου
494 2739 553 2775 τε
611 2722 772 2776 πάλιν
816 2721 1064 2792 ἐκήδετο.
1117 2721 1227 2774 Καὶ
1261 2721 1370 2774 τῶν
1421 2721 1784 2774 Γαϐαωνιτῶν

211 2813 341 2866 ἑπτὰ
378 2813 482 2866 τοῦ
513 2814 686 2866 Σαοὺλ
731 2813 846 2866 ἐπὶ
871 2812 951 2883 τῷ
993 2812 1136 2882 λιμῷ
1172 2813 1457 2880 συγγενεῖς
1481 2812 1784 2882 ῂτηκότων,

211 2903 304 2957 οὐκ
329 2904 568 2968 ἐξέδωκε
601 2903 690 2956 τὸν
726 2903 1192 2973 Μεμφιϐαὰλ,τὰς
1221 2903 1356 2974 πρὸς
1381 2902 1636 2957 Ἰωνὰθαν
1666 2920 1789 2956 συν-

209 2998 378 3068 θήκας
407 2997 624 3066 τηρῶν.
658 2995 769 3048 Καὶ
803 2992 1043 3065 μειώσας
1080 2994 1138 3047 δὲ
1167 2993 1268 3064 τὴν
1313 2993 1527 3056 οὐσίαν,
1570 2992 1787 3046 καθεῖλε

211 3089 269 3142 τὸ
301 3087 562 3159 φρόνημα
607 3084 700 3139 τοῦ
737 3085 811 3155 μὴ
857 3083 1151 3154 τυραννίδα
1201 3082 1587 3151 φαντάζεσθαι.
1626 3083 1790 3146 Ἴσως

215 3179 303 3231 καὶ
344 3178 563 3248 μαθὼν,
611 3175 854 3230 τοιοῦτόν
894 3192 945 3228 τι
975 3173 1359 3242 πεφαντάσθαι
1404 3173 1496 3226 τὸν
1543 3172 1662 3225 νέον
1687 3213 1702 3238 ,
1737 3173 1787 3226 εί

215 3271 302 3323 καὶ
324 3270 428 3340 τὴν
468 3267 762 3336 ἀπολογίαν
795 3267 872 3330 ὡς
925 3265 1130 3336 ἀγαθὸς
1177 3263 1526 3335 παρεδέξατο.
1573 3266 1648 3318 Οὐ
1679 3264 1788 3336 γὰρ

215 3363 299 3425 ἂν,
329 3363 425 3417 τὸν
453 3361 713 3415 δεσπότου
759 3357 1268 3430 καταψευσάμενον,
1301 3357 1397 3410 σὺν
1446 3356 1595 3428 αὐτῷ
1629 3373 1787 3428 μερι-

218 3454 343 3525 στῆν
369 3453 692 3524 εἰργάσατο,
722 3449 842 3504 δέον
864 3451 959 3504 καὶ
981 3448 1427 3520 τιμωρήσασθαι.

1878 539 2136 594 verticem
2169 537 2428 608 intelligit
2473 545 2653 591 autem
2696 543 2936 592 montem
2969 537 3275 598 Olivarum.
3308 539 3456 595 unde

1877 627 2141 684 Dominus
2167 634 2353 684 noster
2385 628 2637 684 Christus
2672 636 2990 699 assumptus
3017 636 3122 685 est.
3162 629 3228 683 Et
3251 628 3454 686 adora-

1876 719 1952 775 vit
1981 718 2058 774 ibi
2104 719 2295 782 Deum,
2331 717 2402 772 ad.
2445 717 2887 784 tabernaculum,
2937 727 2992 774 et
3043 733 3227 774 arcam
3279 720 3336 773 in
3386 733 3455 774 eo

1875 811 2192 882 repositam,
2228 818 2288 864 ut
2326 825 2426 880 par
2453 817 2596 875 erat,
2636 809 2958 879 respiciens.

1945 901 2116 958 Vens.
2158 905 2250 958 57.
2292 902 2462 958 Clmsi
2497 916 2736 955 summus
2768 901 2974 954 amicus
3007 899 3198 957 David.
3221 901 3452 968 Quidam

1876 993 2222 1050 mendacium
2285 993 2388 1048 hoe
2432 991 2601 1047 Chusi
2653 1007 2761 1046 non
2820 992 3076 1063 probant.
3134 991 3454 1064 lgnorantes

1877 1086 2252 1150 mendacium,
2284 1084 2431 1154 quod
2463 1084 2668 1138 bonum
2701 1083 2862 1139 tinem
2886 1083 3241 1155 praepositum
3266 1084 3453 1146 habet,

1876 1180 2097 1236 veritati
2141 1179 2515 1250 atquipoliere.
2554 1177 2829 1234 Bonorum
2874 1180 3020 1235 enim
3075 1186 3130 1234 et
3185 1179 3453 1233 malorum

1878 1269 2195 1333 consilium,
2244 1277 2296 1324 et
2337 1283 2540 1339 scopus
2576 1269 2940 1341 inquirendus
2979 1278 3083 1334 est,
3115 1275 3168 1323 et
3195 1269 3275 1323 sic
3304 1267 3456 1323 iuve-

1879 1359 2096 1414 niemus
2137 1367 2319 1412 utrum
2381 1360 2584 1415 bonum
2628 1377 2698 1416 an
2748 1360 2952 1414 malum
3005 1361 3095 1414 sit.
3131 1357 3267 1424 Quis
3310 1358 3455 1413 enim

1879 1450 2168 1505 veritatem
2211 1449 2448 1508 Herodis
2479 1453 2536 1508 in
2566 1452 2714 1508 caede
2759 1451 2991 1508 Joannis
3040 1450 3300 1521 Baptista:
3345 1466 3454 1504 non

1878 1543 2078 1598 merito
2137 1544 2602 1613 reprehenderet?
2644 1545 2781 1600 Cum
2839 1544 2988 1599 enim
3049 1543 3294 1597 illicitam
3342 1540 3456 1595 rem

1875 1633 2142 1704 iurasset,
2168 1635 2346 1690 satius
2390 1635 2592 1693 fuisset
2639 1637 2884 1701 mentiri,
2924 1651 3090 1706 quam
3127 1634 3332 1690 caadem
3379 1633 3461 1688 fa-

1880 1741 2027 1780 cere.
2063 1724 2240 1794 Atque
2268 1725 2372 1782 hac
2419 1727 2642 1798 quidem
2693 1729 2746 1783 in
2787 1743 2847 1783 re
2891 1743 3000 1783 non
3050 1727 3352 1791 simulavit,
3401 1736 3462 1781 ut

1881 1819 2172 1890 pecuniam
2216 1819 2551 1888 acquireret,
2605 1828 2700 1876 aut
2761 1820 3063 1892 perniciem
3119 1820 3242 1876 aliis
3299 1819 3461 1877 alier-

1880 1915 2001 1972 ret;
2039 1907 2156 1972 sed,
2222 1914 2284 1963 ut
2322 1909 2397 1979 pii
2455 1911 2602 1981 regis
2641 1917 2696 1967 et
2743 1909 3023 1981 prophetae
3065 1910 3230 1965 vitam
3276 1909 3463 1966 defen-

1879 1999 2056 2056 deret.

2381 2092 2531 2148 car.
2574 2092 2692 2149 xw
2757 2093 2953 2167 [XVI].

1943 2183 2110 2240 Vens.
2151 2185 2204 2240 4.
2251 2184 2382 2240 Ecce
2433 2195 2526 2240 tua
2576 2196 2699 2241 sunt
2757 2189 2960 2253 omnia,
3000 2205 3119 2259 qum
3166 2200 3316 2244 erant
3355 2189 3466 2245 Με-

1879 2275 2116 2345 phibaal.
2158 2275 2394 2343 Quidam
2447 2277 2673 2333 nimiam
2722 2279 2862 2334 hanc
2895 2280 3118 2336 Davidis
3166 2281 3463 2337 credulita—

1879 2372 1990 2421 tem
2013 2368 2501 2437 reprehenderunt.
2557 2366 3051 2426 Verumenimvero
3086 2387 3464 2442 saepenumero

1881 2455 2088 2512 dictum
2151 2466 2236 2514 est
2311 2459 2610 2529 prophetas
2662 2477 2772 2516 non
2829 2463 3015 2517 omnia
3064 2465 3303 2520 novisse.
3367 2463 3466 2518 Hic

1883 2554 2067 2602 autem
2125 2547 2488 2616 probabilem,
2544 2557 2599 2603 et
2633 2549 2699 2604 ad
2751 2549 3198 2617 persuadendum
3247 2553 3468 2621 apposi-

1885 2644 1994 2690 tam
2019 2637 2323 2690 orationem
2361 2636 2584 2703 habuit;
2629 2635 2847 2698 deinde,
2902 2652 3133 2693 munera
3184 2638 3351 2693 etiam
3390 2647 3468 2693 at-

1886 2731 2032 2797 tulit,
2058 2746 2215 2786 suam
2254 2732 2688 2788 benevolentiam
2725 2732 3039 2789 declarans.
3080 2733 3248 2789 David
3284 2742 3466 2789 autem

1886 2837 1946 2875 re
1967 2821 2208 2890 cognita,
2248 2830 2308 2874 ut
2345 2836 2539 2877 revera
2578 2837 2638 2878 se
2667 2822 2924 2887 habebat,
2987 2824 3210 2894 utrique
3257 2831 3467 2895 partem

1887 2911 2209 2966 substantia:
2240 2911 2561 2982 assignavit,
2613 2920 2669 2967 et
2726 2911 2911 2966 denuo
2950 2913 3095 2968 illius
3145 2928 3335 2968 curam
3377 2929 3470 2969 ra-

1888 3001 2208 3069 tionemque
2248 2999 2464 3054 habuit.
2511 2998 2648 3054 Nam
2694 3015 2821 3054 cum
2876 2998 3196 3056 Gahaonitae
3227 3009 3473 3070 tempore

1891 3090 2052 3146 famis
2091 3099 2301 3161 septem
2350 3100 2614 3162 cognatos
2665 3091 2846 3148 Saulis
2880 3101 3152 3162 peterent,
3191 3106 3304 3145 non
3358 3098 3472 3145 tra-

1889 3181 2026 3236 didit
2054 3183 2134 3238 eis
2159 3181 2490 3253 Mephibaal,
2545 3182 2641 3238 sed
2688 3194 2911 3254 pactum
2946 3199 3072 3238 cum
3103 3181 3334 3238 Jonatha
3369 3181 3476 3237 ini-

1888 3282 2002 3328 tum
2058 3274 2319 3331 servavit.
2381 3275 2694 3343 Praaterea,
2754 3275 3131 3331 substantiam
3195 3275 3470 3338 minuens,

1887 3364 2130 3420 animum
2181 3366 2354 3436 ipsius
2383 3366 2580 3437 dejecit
2628 3382 2696 3422 ne
2735 3381 2964 3436 regnum
2996 3365 3299 3422 aliectaret.
3349 3363 3476 3420 For-

1887 3454 2054 3510 tassis
2106 3458 2385 3527 cognovit,
2449 3467 2504 3514 et
2570 3458 2960 3514 animadvertit
3012 3458 3173 3512 talem
3231 3456 3490 3528 aliquam.

218 3541 1082 3611 adolescentisimaginationem,
1117 3548 1171 3594 et
1212 3540 1387 3596 bonus
1440 3553 1564 3596 eum
1611 3546 1781 3607 esset,
1821 3552 2235 3606 excusationem
2285 3551 2516 3623 recepit.
2565 3550 2718 3607 Alias
2749 3551 2898 3611 enim
2953 3549 3130 3614 illum,
3209 3549 3302 3621 qui
3379 3551 3477 3607 ad-

218 3651 407 3692 versus
441 3633 728 3691 Dominum
772 3645 933 3686 suum
975 3630 1322 3685 mendacium
1395 3630 1632 3696 dixerat,
1700 3645 1864 3701 quem
1902 3637 2100 3704 punire
2123 3639 2308 3710 potius
2339 3639 2594 3704 debebat,
2630 3651 2980 3710 nequaquam
3005 3637 3324 3710 participem
3352 3652 3477 3693 cum

220 3745 281 3782 eo
306 3727 553 3782 fecisset.

287 3821 440 3876 Ἰδοὺ
470 3823 600 3889 υίός
619 3839 759 3892 μου,
788 3829 822 3880 ό
862 3826 1132 3891 ἐξελθὼν
1153 3827 1222 3883 ἐκ
1254 3826 1365 3896 τῆς
1389 3827 1628 3892 κοιλίας
1654 3843 1798 3895 μου.

223 3904 412 3976 οὗτος,
461 3913 616 3982 φησι,
665 3915 902 3970 παλαιάν
953 3913 1068 3988 εἶχε
1125 3917 1266 3988 πρὸς
1326 3917 1427 3988 ἐμὲ
1463 3915 1563 3987 τὴν
1599 3915 1800 3986 δυσμέ-

226 4020 391 4070 νειαν,
429 4007 494 4058 ἐκ
540 4009 643 4077 τῆς
685 4007 782 4062 τοῦ
818 4009 989 4064 Σαοὺλ
1023 4009 1348 4080 συγγενείας
1390 4009 1674 4080 ὑπάρχων,
1707 4007 1803 4060 καὶ

227 4097 392 4162 ἀξιοῖς
427 4097 618 4152 τοῦτον
661 4100 975 4171 ἀμύνασθαι
1014 4102 1106 4155 τὸν
1161 4102 1295 4172 ὲμὸν
1329 4101 1448 4155 υίδν
1499 4099 1804 4172 φρονοῦντα

230 4187 447 4260 θεωρῶν
476 4191 597 4243 κατ’
631 4191 787 4261 ἐμοῦ.
827 4192 959 4246 Θεία
982 4193 1163 4246 τοίνυν
1187 4196 1220 4263 ἡ
1255 4193 1463 4265 ψῆφος,
1494 4193 1666 4263 πέρας
1693 4194 1804 4256 τοῖς

233 4281 622 4352 προρρηθεῖσιν
672 4282 975 4352 ἐπάγουσα.
1026 4284 1138 4338 Καὶ
1193 4284 1276 4337 δεῖ
1325 4284 1653 4354 καρτερεῖν.
1708 4282 1805 4336 καὶ

233 4374 500 4442 πραότητι
532 4373 633 4444 τὴν
669 4374 818 4428 θείαν
855 4375 1212 4444 μεταϐάλλειν
1244 4375 1438 4446 ὀργήν.
1483 4375 1596 4428 Καὶ
1634 4372 1806 4427 ταῦτα

239 4462 376 4532 μδνό
407 4464 554 4528 θεῖος
583 4467 742 4538 ἀνὴρ.
777 4465 924 4538 Πλὴν
950 4468 1010 4522 οὐ
1032 4467 1132 4538 τῆς
1165 4467 1316 4531 θείας
1347 4466 1650 4537 ἐνεργείας,
1681 4464 1805 4519 οὔτε

236 4555 324 4608 τοῦ
354 4557 588 4627 Ἀμμὼν
614 4559 646 4628 ἡ
680 4559 996 4629 παράνομος
1027 4559 1305 4623 συνουσία,
1341 4557 1464 4612 οὔτε
1496 4559 1589 4612 τοῦ
1614 4557 1807 4611 Ἀϐεσ-

240 4645 429 4716 σαλὼμ
457 4649 491 4717 ἡ
543 4646 947 4716 ἀδελφοκτονία,
997 4648 1092 4702 καὶ
1140 4649 1348 4720 ήκατὰ
1379 4647 1475 4701 τοῦ
1516 4647 1722 4720 πατρὸς
1775 4650 1807 4718 ὴ

238 4737 472 4808 τοσαύτη
507 4738 694 4808 μανία,
741 4739 878 4793 ἀλλὰ
909 4739 1009 4811 τῆς
1055 4740 1208 4804 θείας
1249 4742 1282 4809 ὴ
1315 4739 1410 4793 τοῦ
1455 4739 1616 4793 Δασὶδ
1663 4739 1812 4793 οἰκία

239 4829 584 4897 γυμνωθείσα
631 4830 980 4902 κηδεμονίας,
1041 4832 1250 4901 σκάφος
1269 4831 1639 4904 ἀκυϐέρνητον
1685 4831 1810 4900 έμι-

245 4922 412 4989 μεῖτο,
449 4922 544 4976 καὶ
583 4921 684 4987 τὰς
716 4923 825 4977 τῶν
857 4922 1110 4996 πονηρῶν
1143 4924 1405 4994 κυμάτων
1441 4923 1658 4994 ἐδέχετο
1688 4938 1811 4993 τρι-

245 5013 464 5082 κυμίας.

315 5099 506 5170 οὗτος
541 5101 709 5160 πᾶσα
731 5103 990 5173 ήβουλὴ
1022 5099 1338 5175 Ἀχιτόφελ
1371 5105 1470 5161 καὶ
1502 5104 1582 5170 τῷ
1609 5102 1812 5168 Δαϐίδ,

249 5196 341 5251 καί
367 5197 447 5263 τῷ
474 5197 887 5268 ’Λϐεσσαλώμ
939 5198 1062 5262 Πῶς
1104 5201 1132 5252 ὁ
1177 5197 1342 5252 Δασὶδ
1387 5198 1587 5269 ἐχρῆτο
1640 5196 1815 5266 τούτῳ

251 5287 556 5358 συμϐούλῳ,
584 5290 796 5364 πονηρὰ
833 5290 1291 5362 συμϐουλεύοντι;
1328 5290 1465 5345 ἀλλὰ
1504 5290 1702 5361 δηλῶν,
1739 5288 1816 5354 ὡς

249 5385 358 5445 τοῖς
410 5380 678 5454 παροῦσιν
711 5383 1021 5454 ἠρμόττετο
1041 5421 1056 5447 ,
1105 5383 1197 5436 καὶ
1231 5381 1369 5452 πρὸς
1424 5381 1518 5435 τὸν
1550 5381 1814 5448 ἑκατέρου

253 5474 444 5543 τρόπον
473 5476 707 5529 ἐποιεῖτο
735 5477 833 5538 τὰς
861 5473 1192 5547 συμϐουλάς.
1233 5473 1379 5544 Πρὸς
1414 5472 1512 5544 μὲν
1541 5473 1633 5526 τὸν
1681 5473 1816 5540 ἁγα-

254 5564 361 5632 θὸν,
398 5564 682 5638 κρύπτων·
716 5567 852 5636 πρὸς
897 5567 954 5620 δὲ
1011 5565 1102 5620 τὸν
1135 5565 1374 5635 φαῦλον,
1417 5565 1512 5617 καὶ
1558 5562 1816 5634 χαίροντα

257 5659 458 5724 κακοῖς,
487 5657 584 5726 τὴν
622 5658 889 5730 πονηρίαν
932 5657 1163 5722 δεικνύς.
1211 5657 1318 5711 Καὶ
1347 5656 1438 5708 τὸν
1474 5655 1639 5709 Δαόὶδ
1676 5655 1814 5708 ἀπο-

256 5747 480 5803 κτείνειν
503 5749 780 5820 ἠπείγετο,
812 5749 1016 5816 δεδιὼς,
1055 5750 1128 5821 μὴ
1178 5748 1384 5820 συνάξῃ
1432 5748 1566 5819 πρὸς
1597 5747 1813 5807 διαλλα-

1966 3827 2135 3885 Vsas.
2179 3829 2266 3885 il.
2311 3828 2444 3884 Ecce
2472 3830 2618 3900 ﬁlius
2651 3845 2819 3894 meus,
2870 3829 2961 3899 qui
2999 3843 3238 3899 egressus
3281 3836 3359 3881 est
3416 3829 3481 3880 de

1905 3931 2052 3974 utero
2113 3937 2249 3986 meo,
2295 3931 2403 3976 etc.
2456 3921 2593 3976 Cum
2642 3919 2859 3986 Samaei,
2908 3919 3107 3990 inquit,
3160 3919 3231 3974 de
3276 3918 3483 3974 familia

1905 4011 2090 4068 Saulis
2141 4013 2409 4068 oriundus
2453 4013 2544 4077 sit,
2593 4021 2832 4067 veterem
2885 4027 3100 4067 mecum
3149 4009 3483 4066 simultatem

1903 4112 2142 4169 exercet,
2178 4103 2246 4158 de
2277 4103 2380 4158 hoc
2413 4103 2677 4158 ultionem
2702 4102 2786 4157 vis
2829 4100 3072 4171 exigere,
3124 4114 3251 4154 eum
3295 4099 3486 4154 videas

1909 4192 2078 4246 [Ilium
2110 4193 2237 4246 vita:
2268 4191 2500 4247 insidias
2527 4198 2742 4246 struere
2763 4189 2790 4243 ἓ
2816 4188 3009 4243 Divina
3038 4188 3308 4244 sententia
3345 4187 3482 4252 haec,

1904 4300 2027 4355 quae
2049 4285 2305 4356 praedicta
2333 4291 2480 4350 sunt,
2513 4282 2580 4337 ad
2613 4282 2774 4338 linem
2801 4296 2954 4337 nunc
2981 4281 3252 4350 perducit.
3281 4279 3486 4334 Perdu-

1910 4376 2144 4431 randum
2187 4376 2374 4447 igitur,
2421 4383 2478 4431 et
2526 4375 2786 4445 patientia
2818 4373 2898 4428 ira
2936 4372 3123 4426 divina
3177 4369 3486 4440 superanda

1910 4477 2014 4525 est.
2041 4468 2219 4539 Atque
2265 4468 2380 4522 hac
2430 4467 2515 4522 vir
2544 4466 2636 4520 ille
2681 4471 2931 4520 sanctus.
2968 4463 3256 4525 Caeterum,
3309 4475 3488 4530 neque

1915 4559 2200 4614 Ammonis
2261 4558 2449 4628 iniqua
2512 4555 2882 4618 cohabitatio,
2933 4567 3111 4622 neque
3174 4548 3488 4604 Absalomis

1913 4651 2290 4723 parricidium,
2326 4663 2506 4719 neque
2545 4655 2731 4702 tantus
2762 4653 2954 4700 contra
2986 4648 3267 4712 parentem
3307 4638 3485 4700 furor,

1912 4761 1976 4800 ex
2004 4744 2322 4814 operatione
2354 4741 2542 4797 divina
2583 4739 2708 4804 fuit,
2742 4737 2839 4794 sed
2885 4736 3084 4791 domus
3112 4732 3359 4800 Davidis,
3392 4730 3488 4788 Dei

1913 4835 2307 4906 gubernatione
2348 4831 2633 4895 destituta,
2692 4827 2841 4892 navi,
2899 4841 3023 4897 qua:
3067 4826 3488 4898 gubernatorem

1914 4944 2022 4982 nun
2055 4927 2238 4988 habet.
2273 4924 2470 4981 similis
2505 4931 2642 4987 erat,
2676 4921 3032 4977 etmalorum
3063 4917 3320 4973 maximis
3358 4931 3494 4988 pro-

1915 5017 2088 5082 cellis,
2114 5023 2168 5072 et
2198 5017 2518 5084 tempestate
2545 5010 2879 5082 iactabatur.

1985 5106 2150 5162 Vens.
2191 5107 2284 5160 23.
2310 5104 2378 5158 Et
2403 5104 2504 5173 fuit
2533 5118 2686 5158 cuine
2717 5100 3000 5156 consilium
3023 5097 3352 5164 Achilophel,
3381 5106 3509 5150 tam.

1916 5196 2057 5264 apud
2089 5193 2280 5259 Dauid,
2310 5208 2470 5262 quam
2494 5189 2653 5261 'apud
2695 5187 2947 5244 Absalon.
2995 5185 3278 5252 Quomodo
3324 5182 3493 5238 David

1919 5288 2020 5343 hoc
2047 5284 2386 5346 consiliario,
2413 5282 2557 5337 mala
2591 5281 2931 5343 consulente,
2958 5293 3092 5333 usus
3124 5276 3250 5332 est?
3272 5275 3493 5330 Certum

1920 5385 2006 5436 est
2050 5375 2464 5446 Achitophelem
2504 5388 2562 5429 se
2586 5373 2750 5428 rebus
2780 5368 3148 5440 pmsentibus
3181 5382 3494 5423 accommo-

1920 5468 2102 5533 dasse,
2138 5475 2192 5521 et
2222 5480 2320 5536 pro
2353 5464 2641 5533 utriusque
2688 5460 2909 5531 ingenio
2965 5466 3020 5513 et
3068 5457 3312 5512 moribus
3359 5471 3494 5512 cou-

1924 5559 2047 5616 silia
2076 5558 2341 5614 dedisse:
2381 5554 2754 5625 erga'bonum
2801 5549 3066 5605 malitiam
3115 5549 3326 5612 celans,
3367 5563 3510 5616 erga.

1921 5667 2148 5722 pravum
2195 5657 2398 5713 autem,
2457 5658 2512 5702 et
2570 5644 2728 5700 malis
2799 5641 3123 5714 gaudentem
3176 5638 3516 5696 ostendens,

1923 5743 2240 5802 chtinabat
2271 5750 2448 5799 autem
2485 5737 2552 5795 ad
2581 5735 2879 5794 tollendum
2913 5732 3198 5801 Davidem,
3247 5737 3520 5788 metuens.
