4058 6512
642 296 781 361 1139

1936 310 2287 371 PROCUPII
2322 314 2566 373 ΟΑΖενΕΙ

3745 311 3856 375 1140

639 425 707 463 ne
736 419 935 464 natura
967 421 1260 486 utrumque
1307 416 1649 484 conciliaret,
1695 429 1750 477 et
1802 422 1870 477 ad
1907 422 2217 481 faciendum

2324 428 2428 495 γάς
2461 430 2806 499 ἀμφοτέρους
2836 429 2867 497 ἡ
2897 427 3078 495 φύσις,
3115 425 3207 479 καὶ
3234 425 3361 498 τίσῃ
3396 424 3546 488 δίκας
3574 426 3670 494 τῆς
3700 430 3859 495 aprico-

640 498 819 555 l‘tedus
851 502 1171 571 impelleret,
1213 512 1266 559 et
1298 505 1413 575 ipse
1452 508 1780 577 proditionis
1821 528 2013 577 pcenas
2038 515 2214 571 daret.

639 592 1007 651 Nihilominus
1074 606 1256 655 tamen
1326 615 1544 671 pinnam
1623 621 1733 660 non
1810 606 2031 678 eﬂ'ugit,
2097 610 2214 674 sed,

2326 522 2466 585 σίας.
2498 523 2687 591 Ὅμως
2718 520 2815 592 τὴν
2843 520 3004 589 δίκην
3033 520 3134 572 οὐκ
3162 518 3384 586 ἔφυγεν,
3427 519 3591 572 παῖδα
3618 520 3712 589 μὲν
3740 524 3859 577 imi-1.

2326 629 2425 671 σας
2456 613 2598 667 κατά
2627 611 2857 683 πατρὸς,
2876 610 3039 674 αὐτὸς
3069 609 3126 664 δὲ
3153 608 3242 678 ὑφ’
3267 609 3463 663 ἑαυτοῦ
3488 610 3764 679 δεξάμενος
3783 616 3862 683 τὴν

640 700 763 737 cum
824 685 992 740 illium
1039 686 1093 741 in
1136 699 1343 759 patrem
1389 705 1679 761 armasset,
1720 698 1823 753 sibi
1869 699 1973 768 ipsi
2023 714 2217 755 manus
2325 704 2560 775 πληγήν.

639 776 846 830 attulit.

1133 868 1286 928 CAP.
1332 873 1430 929 xv
1501 876 1712 950 [XVII].

710 958 1017 1017 Notandum
1059 966 1204 1035 quod
1253 968 1343 1023 hic
1375 971 1595 1038 quidem
1639 971 1807 1027 Chusi
1840 983 1998 1028 vocat
2038 974 2205 1028 lilium

640 1054 871 1118 Arachi,
900 1055 1029 1110 dum
1066 1058 1121 1111 in
1169 1058 1531 1130 inscriptione
1578 1064 1773 1132 psalmi
1834 1066 2011 1119 octavi
2070 1065 2215 1121 [ilius

635 1146 869 1203 Jeruinei
905 1150 1131 1206 dicitur.
1167 1152 1359 1209 Nonne
1392 1154 1645 1221 forsitan,
1670 1161 1801 1226 quia
1824 1174 2075 1229 magnam
2106 1163 2216 1213 ior-

640 1241 929 1296 titndinem
962 1251 1014 1298 et
1035 1246 1423 1300 strenuitatem
1455 1263 1522 1301 ex
1553 1249 1811 1304 amicitiae
1837 1251 2023 1304 habitu
2054 1266 2215 1305 acce-

640 1340 814 1399 perat,
844 1333 963 1388 ideo
990 1335 1142 1389 illum
1173 1336 1309 1390 dicit
1342 1337 1510 1391 lilium
1528 1338 1779 1402 Jeminei,
1828 1342 1880 1395 id
1908 1350 2014 1407 est,
2042 1344 2211 1397 lilium

637 1421 915 1477 dexterae?
940 1423 1230 1494 Sapienter
1264 1436 1445 1483 autem
1485 1429 1654 1483 David
1688 1431 1806 1484 viro
1834 1434 2039 1499 potenti
2075 1449 2211 1501 pru-

638 1511 855 1571 dentem
906 1513 1083 1567 virum
1134 1518 1415 1586 opposuit.
1455 1519 1755 1575 Prudentia
1792 1523 1939 1574 enim
1983 1524 2215 1578 validior

637 1616 717 1661 est
755 1608 1025 1676 potentia.
1073 1608 1323 1666 Potentia
1367 1613 1485 1667 sine
1524 1614 1818 1683 prudentia
1866 1614 2090 1683 perdere
2112 1632 2213 1670 no-

637 1701 715 1758 vit
741 1715 837 1754 eos
869 1701 962 1768 qui
1007 1702 1060 1756 in
1093 1718 1157 1757 ea
1197 1705 1505 1759 conlidunt.

2901 877 3156 932 ΚΕΦΑΛ.
3210 879 3312 932 ΙΕ¹.

2395 971 2735 1040 Σημειωτέον
2773 969 2851 1031 δὲ.
2879 972 2962 1023 ὅτι
2988 970 3228 1024 ἐνταῦθα
3267 971 3367 1039 μὲν
3394 971 3509 1023 υἱὸν
3548 970 3863 1039 ’Δραχὶὶέγει

2319 1062 2410 1114 τὸν
2438 1063 2629 1125 Χουσὶ,
2668 1063 2725 1113 ὲν
2756 1061 2813 1113 δὲ
2846 1064 2911 1131 τῇ
2945 1063 3227 1132 ἐπιγραφῇ
3259 1058 3352 1113 τοῦ
3401 1059 3638 1130 ἑϐδόμου
3663 1060 3863 1130 ψαλμοῦ,

2320 1156 2432 1208 υίὸν
2466 1154 2711 1222 Ίεμενεί.
2739 1155 2829 1224 Μή
2852 1172 2984 1207 ποτε
3008 1150 3123 1219 οὖν,
3144 1154 3333 1223 ἐπειδὴ
3358 1153 3607 1223 μεγάλην
3627 1154 3864 1223 ἀριστείαν

2319 1248 2413 1299 καί
2459 1245 2826 1317 ἀνδραγαθίαν
2852 1247 2917 1299 ὲκ
2946 1245 3040 1299 τοῦ
3078 1246 3209 1317 περὶ
3255 1245 3355 1315 τὴς
3400 1245 3589 1312 φιλίας
3642 1263 3866 1315 σχηματι-

2321 1338 2459 1409 σμοῦ
2489 1337 2810 1402 ἐνεδείξατο,
2858 1337 2947 1391 διὰ
2979 1338 3137 1391 τοῦτο
3184 1338 3302 1400 υίὸς
3343 1337 3596 1407 Ἰεμενεὶ,
3631 1340 3868 1392 τουτέστιν

2317 1430 2433 1492 υίὸς
2477 1428 2691 1495 δεξιᾶς;
2725 1429 3026 1498 Πανσόφως
3059 1430 3117 1482 δὲ
3140 1432 3167 1482 ὁ
3201 1430 3366 1484 Δασιδ
3405 1430 3485 1499 τῷ
3512 1428 3717 1497 συνετῷ
3743 1441 3761 1467 τ
3797 1432 3871 1484 τὸν

2322 1522 2541 1575 συνετὸν
2574 1521 2895 1590 ἀντέστησε.
2938 1521 3162 1584 Σύνεσις
3206 1519 3316 1591 γάρ
3371 1521 3702 1590 ίσχυροτέρα
3741 1522 3874 1575 δυνάσ

2322 1631 2498 1685 μεως·
2552 1615 2585 1685 ἠ
2636 1612 2695 1665 δὲ
2719 1613 2946 1681 δύναμις
2987 1612 3114 1666 ἄνευ
3150 1612 3420 1676 συνέσεως
3453 1612 3745 1666 ἀπολλύειν
3787 1608 3877 1665 οἶδε

2317 1707 2444 1767 τοὺς
2475 1705 2646 1777 ταύτῃ
2669 1704 3169 1774 ὲπιθαρσήσαντας.
3640 1704 3700 1759 C.
3728 1703 3784 1758 L.

712 1789 876 1847 Vens.
918 1793 1005 1845 M.
1046 1792 1115 1846 Et
1142 1793 1399 1849 Dominus
1438 1799 1713 1865 prcecepit,
1753 1807 1811 1851 ut
1862 1798 2214 1866 dissipantur

2392 1796 2501 1850 Kal
2550 1775 2768 1864 Κύριος
2804 1798 3144 1851 ἐνετείλατο
3194 1796 3596 1851 διασκεδάσαι
3621 1798 3729 1862 τὴν
3748 1797 3877 1860 ,Βρυ-

642 1882 921 1942 consilium
946 1884 1272 1951 Achitophel.
1299 1886 1465 1940 Sacra
1487 1889 1759 1957 scriptura
1780 1889 1987 1951 docuit,
2021 1904 2214 1959 quem-

641 1974 989 2028 madmodum
1026 1974 1192 2046 526
1233 1974 1375 2031 Deus
1406 1977 1595 2032 fecerit
1625 1994 1747 2032 cum
1775 1979 1966 2033 Chusi.
2005 1980 2211 2033 Bonum

639 2075 819 2120 autem
875 2067 1167 2121 consilium
1223 2070 1483 2137 appellat,
1531 2070 1677 2138 quod
1735 2070 2009 2141 tyrannidi
2047 2086 2214 2137 expe-

639 2154 842 2210 diebat.
880 2153 1231 2225 Quapropter
1268 2158 1433 2212 David
1460 2160 1597 2212 dixit
1628 2160 1680 2212 in
1714 2159 1947 2214 Psalmis
1975 2177 1988 2214 :
2021 2178 2038 2211 ι
2075 2159 2215 2215 Ecce

643 2247 881 2315 parturit.
915 2249 1284 2317 iniquitatem,
1321 2251 1578 2320 concepit
1617 2252 1883 2314 dolorem,
1912 2257 1965 2304 et
2008 2251 2216 2320 peperit

641 2339 1012 2407 iniquitatem,
1050 2341 1255 2395 fossam
1305 2343 1545 2409 aperuit,
1581 2350 1634 2397 et
1670 2342 1889 2408 eﬂ‘odit;
1921 2353 1975 2398 et
2013 2343 2214 2398 incidet

638 2431 694 2493 in
730 2430 964 2497 foveam,
1000 2449 1166 2502 quam
1205 2433 1425 2489 fecit".
1461 2455 1478 2487 ι

715 2522 884 2578 Vens.
929 2523 1021 2580 28.
1064 2524 1134 2578 Et
1176 2526 1395 2580 siccavit
1426 2528 1696 2596 palathas.
1726 2531 1941 2601 Aquila,
1971 2544 2025 2587 et
2055 2532 2215 2605 Sym-

2317 1886 2441 1955 λὴν
2475 1887 2799 1956 Ἀχιτόφελ.
2852 1886 3120 1952 Ἐδίδαξεν
3158 1888 3191 1953 ἡ
3226 1886 3345 1939 θεία
3373 1887 3599 1956 Γραφὴ,
3631 1885 3705 1947 ὡς
3726 1886 3877 1948 ὁθεδς

2321 1981 2623 2052 συνέπραξε
2672 1980 2749 2050 τῷ
2779 1979 2969 2034 Χουσί.
3016 1980 3251 2049 Ἀγαθὴν
3282 1980 3339 2032 δὲ
3372 1980 3526 2046 λέγει
3556 1978 3657 2045 τὴν
3701 1980 3761 2047 τῇ
3801 1995 3877 2030 ao-

2322 2073 2523 2145 ραννίδι
2554 2071 2960 2143 συμφέρουσαν.
2998 2073 3076 2124 Δι’
3114 2073 3251 2140 ὅπερ
3283 2072 3471 2140 ἔλεγεν
3501 2073 3561 2124 ὲν
3600 2070 3830 2138 Ψαλμοῖς
3852 2072 3877 2123 ό

2320 2166 2499 2219 Δαδίδ·
2535 2186 2554 2217 ‹
2604 2165 2733 2219 Ἰδοὺ
2763 2165 3028 2236 ὡδίνησεν
3078 2166 3329 2234 ἀνομίαν,
3378 2163 3679 2216 συνέλαδεν
3724 2163 3877 2224 πόνον,

2321 2259 2414 2310 καὶ
2448 2257 2632 2310 ἔτεκεν
2667 2257 2899 2326 ἀνομίαν
2922 2273 2935 2286 ·
2977 2255 3181 2308 λάκκον
3211 2255 3439 2325 ὤρυξεν,
3471 2256 3571 2307 καὶ
3604 2254 3876 2322 ἀνέσκαψεν

2320 2348 2501 2414 αὐτὸν,
2530 2349 2625 2403 καὶ
2654 2350 2978 2418 ἐμπεσεῖται
3008 2349 3088 2411 είς
3120 2347 3331 2419 βόθρον,
3362 2348 3423 2400 ὃν
3454 2347 3767 2417 εἰργάσατο.
3802 2364 3817 2396 ι

2394 2536 2500 2589 Καὶ
2555 2534 2789 2603 ἔψυχε-ν
2821 2532 3119 2600 παλάθας.
3175 2532 3405 2595 Ἀκύλας
3449 2531 3549 2585 καὶ
3596 2530 3872 2599 Σύμμαχος.

643 2616 879 2673 machus
908 2617 1130 2683 habent,
1163 2620 1433 2689 ptisanas,
1464 2621 1519 2677 id
1553 2631 1658 2689 est,
1694 2623 1976 2691 hordeum,
2008 2629 2089 2682 vel
2122 2629 2219 2683 tri-

643 2708 816 2762 ticum
845 2710 1263 2767 decorticatum.

2320 2627 2645 2692 πτισάνας.

717 2801 891 2856 Darid
950 2812 1128 2858 autem
1184 2807 1317 2859 venit
1387 2807 1443 2860 in
1512 2804 1777 2863 Manaim.
1835 2809 1892 2863 In
1958 2809 2217 2877 Manaim,

642 2888 1007 2958 Theodotion,
1032 2893 1085 2947 in
1115 2906 1314 2950 castra.

714 2979 977 3049 Samphot
1014 2984 1212 3052 boum;
1243 2984 1610 3052 Theodotion,
1649 2985 1805 3040 lactei
1843 2987 2020 3043 vituli.

1121 3162 1275 3219 CAP.
1332 3164 1451 3218 xvr
1519 3164 1756 3237 [XVIII].

715 3253 885 3312 Vens.
932 3256 987 3311 '5.
1026 3254 1151 3311 Non
1182 3266 1405 3328 ponetur
1438 3260 1493 3311 in
1524 3276 1618 3313 nos
1654 3275 1765 3313 cor.
1804 3257 2219 3329 lnterrogativc,

647 3348 705 3404 Si
754 3358 1037 3418 superstes
1069 3349 1264 3414 fueris,
1299 3350 1516 3415 dicunt,
1570 3366 1753 3406 nonne
1789 3351 1995 3407 erimus
2032 3365 2223 3407 omnes

648 3440 774 3495 forti
815 3438 1172 3496 animo?Vel
1223 3442 1495 3513 negative,
1554 3442 1611 3497 Si
1664 3444 1960 3499 occumbas
2011 3453 2222 3499 certum

646 3540 753 3589 est.
788 3529 935 3600 quod
964 3532 1463 3586 consternabimur.
1512 3532 1609 3587 Sin
1639 3541 1823 3588 autem
1858 3548 1923 3587 ex
1952 3543 2110 3603 parte
2142 3536 2227 3587 in-

649 3621 1009 3688 terllciamur,
1049 3622 1265 3686 dicunt.
1310 3625 1641 3694 superstites
1669 3628 1735 3680 ad
1785 3627 2223 3681 consolationem

648 3729 811 3784 pares
846 3729 954 3769 non
985 3725 1168 3771 erunt.
1214 3714 1474 3771 Davidem
1516 3716 1685 3787 igitur
1715 3718 1865 3772 exire
1908 3719 2224 3787 prohibent,

650 3805 834 3873 veriti,
871 3822 943 3862 ne
970 3807 1100 3878 quid
1144 3808 1361 3864 adversi
1391 3809 1439 3865 ei
1469 3810 1707 3863 accidat.
1742 3809 2058 3865 Verisimile
2080 3811 2224 3864 enim

648 3904 770 3953 crat
823 3897 1012 3953 hostes
1056 3906 1111 3954 et
1158 3899 1416 3955 inimicos
1472 3900 1651 3970 ipsum
1704 3901 1882 3956 solum
1943 3910 2223 3969 expetere.

649 3985 825 4053 Simul
870 3988 1035 4043 etiam
1089 3999 1392 4046 metuentes
1440 4006 1529 4052 ne.
1586 3991 1633 4047 si
1687 3991 1861 4046 victor
1929 3991 2224 4054 evasisset,

2253 3119 2295 3176 Ο
2332 3087 2572 3156 σχάρια.

2394 2808 2503 2864 Καὶ
2550 2806 2727 2861 Δαϐὶδ
2772 2803 3130 2875 παρεγένετο
3181 2802 3269 2868 εἰς
3324 2800 3591 2868 Μαναΐμ.
3645 2793 3875 2863 Μανατμ⁶

2322 2902 2639 2961 Θεοδοτίων,
2677 2896 3076 2966 παρεμϐολάς.
3650 2890 3709 2943 C.
3736 2888 3789 2940 ἰ..

2394 2996 2487 3058 Τὸ,
2517 2991 2815 3062 Early-06w
2841 2990 2979 3061 βοῶν
3003 3005 3016 3020 ο
3060 2987 3348 3043 Θεοδοτίων
3367 3026 3382 3049 ,
3429 2982 3772 3039 Γαλὰκτινα
3792 2996 3878 3048 po-

3583 3073 3645 3127 C.
3672 3072 3730 3126 L.

2898 3172 3150 3225 ΚΕΦΑΛ.
3192 3171 3307 3235 ις’.

2401 3271 2483 3322 Οὐ
2514 3265 2806 3335 στήσεται
2848 3265 2917 3317 ἐν
2956 3263 3101 3331 ἡμῖν
3146 3260 3381 3327 καρδία.
3437 3257 3581 3311 Κατ’
3620 3253 3878 3325 ἐρώτησιν,

2325 3356 2455 3411 Ἐὰν
2502 3354 2621 3425 ζῇς,
2688 3354 2888 3422 φησὶν,
2952 3352 3053 3405 οὐκ
3082 3349 3318 3420 ἐσόμεθα
3376 3346 3585 3408 πάντες
3649 3342 3874 3411 εὖψυχοις

2326 3450 2388 3501 Εἰ
2443 3448 2500 3501 δὲ
2539 3446 2682 3500 κατά
2719 3446 3017 3511 ἀπόφασιν,
3066 3440 3192 3495 Ἐὰν
3237 3438 3553 3509 ἀποθάνῃς,
3609 3434 3775 3505 δηλῶν
3811 3434 3879 3485 ὅτι

2328 3540 2540 3609 Ἀθυμή
2550 3553 2734 3607 σομεν.
2754 3535 2864 3588 Καὶ
2886 3533 2980 3586 ἐάν
2997 3535 3061 3585 ὲκ
3082 3533 3300 3602 μέρους,
3326 3530 3513 3597 φησιν.
3528 3528 3876 3592 ἀποθάνωμεν,

2327 3632 2425 3700 οὐχ
2479 3629 2655 3683 ἱκανοὶ
2698 3626 2835 3696 πρὸς
2882 3621 3235 3694 παραμυθίαν
3286 3622 3336 3672 oi
3374 3616 3727 3686 σεσωσμένοι.
3778 3615 3875 3666 Κω-

2329 3722 2512 3775 λύουσι
2559 3720 2617 3773 δὲ
2659 3719 2749 3772 τὸν
2786 3716 2951 3769 Δαὸὶδ
2986 3712 3220 3778 ἐξελθεῖν
3247 3753 3262 3777 ,
3307 3711 3543 3772 δεδιότες
3594 3708 3667 3776 μή
3718 3722 3764 3757 τι
3800 3703 3874 3755 καὶ

2330 3814 2479 3885 πάθῃ
2509 3827 2521 3839 ·
2550 3809 2694 3873 εἰκὸς
2727 3809 2833 3878 γὰρ
2856 3802 2945 3876 ἦν,
2977 3805 3096 3858 κατ’
3128 3801 3292 3857 αὐτοῦ
3324 3801 3488 3871 μόνου
3518 3797 3761 3869 χωρῆσαι
3777 3794 3874 3855 τοὺς

2329 3905 2613 3974 δυσμενεῖς
2641 3918 2657 3934 ο
2694 3900 2815 3968 ἅμα
2841 3898 2897 3951 δὲ
2919 3898 3013 3950 καὶ
3038 3895 3286 3957 δεδιότες,
3316 3892 3389 3963 μὴ
3410 3891 3642 3960 νικήσας
3668 3885 3873 3953 οἱκτείρῃ

2329 3995 2419 4048 τὸν
2467 3992 2748 4061 τύραννον.
2783 3988 2951 4042 Φασὶν
2989 3982 3106 4053 οὗν,
3151 3985 3226 4048 ὡς
3263 3983 3387 4037 Ἐἀν
3416 3980 3742 4052 ἡττηθέντες
3770 3978 3874 4029 dao-

650 4078 1033 4134 misericordia
1086 4095 1215 4152 erga
1281 4092 1575 4153 tyrannum
1628 4092 1962 4138 moveretur.
2026 4083 2217 4137 Dicunt

2330 4086 2642 4157 δράσωμεν,
2675 4082 2772 4151 τὴν
2809 4080 2905 4152 σὴν
2943 4079 3090 4148 ζωὴν
3115 4077 3311 4147 ἔχομεν
3367 4071 3700 4142 ἀποχρῶσαν
3726 4084 3873 4136 παρις

651 4169 859 4239 itaque,
890 4171 1034 4240 quod
1067 4172 1115 4228 si
1167 4173 1296 4228 victi
1330 4175 1384 4227 in
1421 4173 1601 4243 fugam
1636 4175 1885 4231 conversi
1934 4174 2217 4239 fuerimus,

2334 4177 2533 4248 ψυχήν·
2568 4176 2664 4229 ὲάν
2708 4173 2763 4226 δὲ
2800 4170 2864 4225 σύ
2910 4188 2960 4225 τι
3005 4168 3205 4238 πάθῃς,
3248 4165 3489 4237 χωρήσει
3522 4161 3666 4215 κατὰ
3695 4160 3873 4212 πάντων

651 4271 804 4321 tuam
832 4262 1002 4318 vitam
1047 4264 1311 4321 habemus
1357 4266 1719 4322 sufﬁcientem
1761 4266 2217 4324 consolationem.

2335 4272 2370 4340 ἠ
2396 4265 2670 4339 συμφορά.
2702 4264 2775 4316 Σὺ
2801 4263 2911 4332 γὰρ
2943 4260 3101 4331 μόνος
3132 4257 3353 4329 μυρίαις
3386 4254 3602 4325 μοίραις
3626 4249 3874 4352 exspiret;

652 4355 810 4421 Quod
834 4357 880 4411 si
914 4356 1011 4411 tibi
1068 4357 1273 4426 aliquid
1303 4358 1523 4412 adversi
1551 4358 1838 4422 acciderit,
1868 4360 2089 4428 publica
2124 4357 2217 4413 erit

2338 4339 2558 4416 πάντων
2591 4357 2767 4426 ἡμῶν.
2799 4354 2972 4407 Τοῦτο
3001 4352 3111 4422 γάρ
3155 4351 3251 4405 καὶ
3290 4348 3583 4418 Σύμμαχος
3626 4345 3783 4414 δηλοῖ,
3804 4339 3874 4391 λέ-

650 4446 960 4503 calamitas.
993 4445 1074 4502 Tu
1103 4449 1305 4503 etenim
1333 4449 1484 4503 solus
1521 4448 1754 4505 inlinitis
1790 4450 2035 4519 partibus
2069 4449 2217 4504 nobis

2339 4468 2473 4521 γων·
2514 4450 2624 4505 Kal
2654 4446 2735 4502 σὺ
2764 4446 2845 4511 ὡς
2869 4444 3042 4516 ἡμεῖς
3065 4442 3214 4497 δέκα
3236 4438 3525 4512 χιλιάσιν.

651 4538 912 4594 omnibus
950 4538 1198 4595 excellis.
1234 4537 1349 4594 Hoc
1397 4540 1563 4594 etiam
1620 4539 1987 4609 Symmachus
2037 4548 2225 4597 osten-

652 4630 754 4692 dit,
793 4629 983 4684 dtcens
1016 4646 1037 4682 ι
1071 4627 1141 4683 Et
1175 4639 1254 4691 tu,
1306 4638 1365 4683 ut
1407 4630 1584 4684 decem
1621 4630 1796 4685 millia
1832 4641 2091 4686 nostrum.
2901 4708 2910 4711 Α
3002 4706 3025 4711 _
3354 4705 3401 4711 __
3499 4702 3540 4711 __
3594 4699 3605 4711 .
3839 4696 3856 4711 .

730 4717 896 4774 Vens.
950 4719 1041 4774 18.
1087 4719 1361 4786 Quoniam
1381 4719 1568 4775 dixit:
1606 4721 1730 4776 Non
1767 4734 1845 4777 est
1894 4724 2023 4777 mihi
2062 4722 2208 4792 ﬁlius

2411 4715 2543 4768 Ὅτι
2564 4711 2798 4780 ἔλεγεν·
2840 4708 2962 4763 Οὐκ
2994 4706 3129 4761 ἐστι
3158 4722 3258 4775 μοι
3305 4705 3455 4769 υἱός.
3499 4699 3686 4756 Καίτοι

655 4820 763 4865 etc.
792 4810 955 4878 Atqui
995 4784 1216 4869 divinus
1260 4812 1503 4881 scriptor
1551 4827 1715 4880 supra
1777 4812 1918 4867 dixit
1958 4784 2082 4868 eum
2119 4820 2217 4865 tres

2339 4824 2440 4861 πεν
2491 4806 2520 4857 ὁ
2567 4801 2942 4872 συγγραφεὺς,
2975 4798 3058 4851 ὃτι
3097 4798 3248 4868 τρεῖς
3292 4794 3448 4862 ἔσχεν
3480 4793 3641 4854 υἱοὺς,
3676 4791 3790 4891 μίαν
3827 4784 3871 4837 δὲ

658 4902 909 4967 filios,et
967 4902 1131 4963 tiliam
1182 4919 1423 4973 quoque,
1480 4903 1759 4959 habuisse.
1814 4903 2103 4960 Probabile
2148 4911 2217 4958 est

2342 4896 2658 4967 θυγατέρα,
2691 4893 2805 4947 ἀλλ’
2845 4891 3027 4954 εἰκὸς,
3064 4888 3227 4941 αὑτὸν
3265 4886 3669 4953 παιδοποιῆσαι,
3709 4886 3791 4981 και
3806 4892 3871 4979 τε·

658 4995 798 5050 ﬁlios
827 5010 1174 5066 procreasse,
1208 5006 1263 5053 et
1308 4998 1528 5053 eosdem
1576 4999 1907 5053 decessisse.
1955 4998 2217 5067 Iosephus

2340 4990 2601 5060 λευτῆσαι
2626 4986 2753 5049 τοὺς
2787 4982 3001 5045 παῖδας.
3038 4979 3301 5048 Ἰώσηπος
3324 4978 3379 5029 δὲ
3405 4976 3532 5045 ἔφη,
3567 4976 3715 5026 τοῦτο
3742 4976 3870 5022 eam

656 5097 839 5144 antu-ui
894 5090 997 5144 hac
1035 5090 1103 5145 de
1138 5105 1305 5145 causa
1333 5105 1456 5145 eum
1490 5089 1543 5144 id
1572 5090 1771 5146 fecisse
1799 5090 2014 5155 scribit,
2062 5089 2206 5159 quod

2344 5081 2685 5153 δεδρακέναι,
2716 5077 2790 5141 ὡς
2810 5075 2918 5128 τῶν
2949 5073 3154 5127 παίδων
3180 5072 3277 5142 μὲν
3306 5070 3399 5124 ἐπὶ
3427 5069 3560 5122 πολὺ
3583 5068 3798 5135 διαρκεῖν
3821 5068 3868 5109 ου

657 5197 780 5234 cum
836 5181 932 5235 ﬁlii
986 5182 1155 5251 longo
1210 5190 1458 5251 tempore
1518 5182 1819 5252 perdurare
1850 5197 1960 5237 non
1999 5182 2209 5251 possint

2340 5174 2678 5245 δυναμένων,
2712 5169 2811 5240 τῆς
2856 5168 2912 5220 δὲ
2956 5164 3268 5235 οἰκοδομίας
3318 5162 3520 5235 μᾶλλον
3548 5162 3869 5229 φυλαττούσης

658 5274 786 5327 ilhnl
818 5272 1114 5327 tediticium
1146 5274 1471 5328 memoriam
1517 5274 1836 5329 suidiutius
1862 5281 2213 5329 conservaret

2340 5269 2438 5338 τὴν
2468 5266 2713 5336 μνήμηνο
3230 5348 3238 5350 _
3320 5348 3347 5350 Α
3415 5344 3475 5350 ,,
3715 5337 3725 5350 .

731 5361 850 5415 Non
908 5362 1292 5418 criminandus
1346 5361 1490 5420 .ioab.
1542 5363 1693 5433 quod
1740 5380 1864 5418 cum
1938 5358 2215 5419 audivisse

2420 5359 2533 5413 Οὐκ
2549 5355 2730 5411 ἔστιδὲ
2752 5350 3104 5409 αἰτιάσασθαι
3127 5351 3171 5387 ι’·
3195 5348 3285 5402 τὸν
3317 5344 3475 5401 ἰωάὸ
3497 5362 3569 5397 πα
3578 5344 3867 5433 ρακοὺσαντα

662 5454 831 5508 David
876 5469 1108 5523 parcere
1134 5454 1469 5514 adolescenti
1509 5455 1825 5530 iubentem,
1855 5455 2120 5511 Absalom
2156 5466 2217 5509 tat

2343 5451 2437 5507 τοῦ
2485 5449 2649 5508 Δαὸὶδ
2700 5445 2945 5507 εἰπόντος
2978 5439 3273 5513 φείσασθαι
3324 5438 3419 5493 τοῦ
3486 5430 3768 5508 μειρακίου,
3796 5422 3865 5477 καὶ

739 5571 785 5604 ⁸⁸
825 5568 975 5624 Psal.
1006 5585 1101 5632 vn,
1145 5568 1231 5622 15.
1947 5650 2181 5705 νηὶιῶ

2323 5647 2626 5705 CTIONES.

755 5764 775 5805 ε
805 5752 1118 5833 Legi-udum
1156 5750 1289 5821 mihi
1318 5748 1531 5805 videtur
1555 5744 1787 5817 δυνατῷ.
1864 5741 1920 5783 ι*
1946 5744 2065 5802 οὐκ.
2092 5744 2217 5795 uitta

2323 5760 2380 5802 ιν.
2447 5741 2502 5792 ὐ
2549 5738 2646 5813 τῆς
2680 5736 2812 5805 Αὑγ.
2854 5734 2979 5791 atii/3.
