4058 6532
223 347 370 412 ιιιι

1247 360 1780 424 COMMENTARII
1816 360 1897 422 IN
1921 362 2064 421 LIB.
2110 361 2172 420 II
2212 360 2504 420 REGUM.

3369 350 3510 434 ius

215 461 513 518 ἀνελόντα
540 463 626 518 τὸν
667 463 1040 538 ’Δσεσσαλὼμ.
1076 465 1247 532 Αὐτὸς
1281 470 1388 540 γὰρ
1413 472 1441 524 ό
1466 471 1598 535 Θεὸς
1628 470 1822 541 προλα-

1932 487 2054 526 men
2095 469 2395 526 interfecit.
2447 468 2580 522 Nam
2639 467 2780 522 Deus
2827 465 2944 536 ipse
2975 463 3315 535 praveniens
3350 465 3500 520 illum

215 554 340 606 ὁὼν
376 557 701 628 ἐκρέμασεν
725 565 749 596 ⁸
788 559 950 613 αὐτὸν
999 561 1057 612 ὲν
1098 563 1212 626 τοῖς
1263 566 1362 631 τῆς
1401 563 1560 634 δρυὸς
1587 564 1820 630 κλάδοις,

213 640 310 698 οἷα
345 647 674 718 κακοῦργον
719 647 1160 720 βασανιζόμενον,
1216 653 1392 724 Ὅπερ
1424 657 1441 691 ι
1490 655 1824 726 θεασάμενος

229 737 434 805 ἰωὰ6,
473 746 566 793 τὸν
613 740 713 810 μὲν
749 744 963 812 πατέρα
1010 745 1308 816 κεχρῆσθαι
1339 750 1405 817 τῇ
1444 748 1825 820 φιλανθρωπίᾳ

215 833 566 899 κατέλιπεν,
598 835 757 899 αὐτὸς
797 835 854 888 δὲ
898 834 1099 905 ἔχρησε
1146 837 1222 907 τῷ
1255 839 1372 909 Θεῷ
1412 841 1508 910 τὴν
1541 842 1682 894 κατὰ
1729 840 1822 894 τοῦ

231 923 618 996 Ἀσεσσαλὼμ
641 925 843 992 δεξιὰν,
875 926 970 978 καὶ
1000 928 1093 980 ἐπὶ
1127 931 1194 998 τῇ
1229 931 1595 1002 μυσαρωτάτῃ
1625 931 1824 1000 καρδίᾳ

213 1016 287 1068 τὰ
330 1016 479 1088 βέλη
513 1019 807 1089 κατέπηξε.
1524 1023 1585 1078 C.
1619 1021 1679 1076 L.

292 1109 418 1162 Kal
452 1110 796 1177 ἐδάκρυσεν
835 1114 869 1166 ὁ
897 1113 1224 1179 βασιλεύς.
1265 1113 1323 1166 '0
1367 1114 1474 1186 γὰρ
1513 1114 1601 1168 διὰ
1638 1114 1824 1180 φιλαν-

215 1198 499 1268 θρωπίαν
535 1200 806 1272 πενθήσας
850 1204 942 1256 τὸν
980 1203 1176 1268 Σαοὺλ,
1219 1205 1337 1269 πῶς
1375 1207 1468 1259 ἐπὶ
1508 1205 1694 1270 παιδὸς
1723 1208 1823 1262 οὐκ

215 1289 287 1342 ἂν
322 1291 570 1362 ἐνικήθη
590 1294 654 1362 τῇ
690 1292 890 1362 φύσει;
924 1294 1126 1366 Θρηνεῑ
1157 1296 1213 1349 δὲ
1245 1296 1335 1349 καὶ
1368 1298 1443 1360 ὼς
1477 1296 1705 1369 εὐσεϐὴς
1731 1299 1823 1352 τὸν

216 1379 312 1432 διὰ
357 1381 742 1452 μεταμελείας
775 1382 994 1452 ἰαθῆναι
1033 1383 1232 1454 μηκέτι
1257 1384 1572 1456 δυνάμενον.

835 1559 1083 1613 ΚΕΦΑΛ.
1122 1561 1222 1615 1Ζ’.

290 1649 367 1704 El
393 1648 492 1718 μὴ
518 1649 992 1721 ἀρχιστράτηγος
1017 1652 1131 1721 ἔσῃ
1150 1671 1273 1722 μοι.
1320 1655 1379 1707 Ei
1409 1655 1516 1726 γὰρ
1555 1655 1650 1710 καὶ
1691 1656 1823 1710 πολ-

217 1738 350 1802 λοὺς
382 1740 534 1811 ὑπερ
562 1741 726 1794 Δαϐὶδ
755 1743 782 1794 ὁ
831 1740 986 1794 Ἰωὰὸ
1030 1741 1300 1814 ὑπέμεινη
1324 1755 1350 1783 ιι
1382 1745 1679 1814 κινδύνους,
1705 1745 1824 1800 ἀλλ’

1925 577 2161 633 quercus
2216 563 2383 617 ramis
2427 559 2734 631 suspendit,
2782 566 2842 612 ut
2899 558 3029 612 talia
3066 566 3350 628 pateretur
3398 559 3503 612 iste

1927 655 2230 723 improbus.
2274 651 2428 718 Quod
2464 666 2588 706 cum
2635 651 2864 704 vidisset
2897 648 3056 712 Joab,
3116 659 3326 719 patrem
3372 650 3500 718 qui-

1925 746 2044 800 dem
2077 746 2153 798 uti
2199 744 2542 798 humanitate
2589 742 2834 812 reliquit,
2894 741 3010 811 ipse
3055 755 3186 795 vero
3219 740 3498 796 dexteram

1925 836 2036 892 Deo
2064 843 2252 890 contra
2301 835 2562 889 Absalom
2595 835 2984 898 coiiimcuavit,
3033 840 3085 888 et
3134 833 3188 887 in
3221 834 3502 888 scelestis-

1926 928 2066 984 simo
2116 927 2281 982 corde
2317 927 2533 981 lanceas
2573 927 2772 980 inlixit.

2003 1105 2162 1161 Vsus.
2219 1107 2307 1160 33.
2356 1103 2421 1158 Et
2473 1105 2613 1174 ﬂevit
2673 1120 2786 1160 rex.
2846 1103 3132 1170 Quomodo
3171 1104 3316 1159 enim
3383 1106 3505 1171 illo,

1924 1197 2019 1267 qui
2070 1205 2294 1266 propter
2338 1197 2730 1250 humanitatem
2791 1194 3009 1250 Saulem
3068 1195 3226 1260 luxit,
3271 1195 3384 1264 jam
3447 1199 3500 1249 in

1925 1289 2020 1344 lilii
2057 1288 2208 1343 obitu
2239 1303 2268 1340 a
2295 1295 2488 1342 natura
2513 1302 2620 1342 non
2654 1287 3004 1341 vinceretur?
3039 1285 3306 1341 Praeterea
3340 1287 3494 1341 illum

1923 1381 2007 1435 vir
2039 1380 2161 1450 pius
2191 1379 2460 1450 deplorat,
2490 1380 2584 1450 qui
2620 1393 2714 1448 per
2751 1377 3136 1448 poenitentiam
3169 1381 3356 1432 curari
3385 1393 3503 1433 am-

1923 1470 2069 1542 plius
2100 1485 2208 1526 non
2247 1471 2444 1540 potuit.

2415 1560 2569 1617 CAP.
2610 1558 2754 1615 xvu
2812 1559 3010 1632 [xm].

2066 1654 2236 1712 Vsus.
2279 1655 2364 1710 15.
2427 1653 2678 1708 Summus
2724 1654 3013 1722 imperator
3061 1655 3191 1708 mihi
3236 1657 3360 1710 eris.
3401 1655 3506 1709 Ta-

1924 1747 2089 1804 metsi
2115 1746 2253 1802 Joab
2295 1746 2465 1800 multa
2504 1746 2748 1815 pericula
2781 1761 2882 1816 pro
2921 1745 3121 1802 Davide
3167 1748 3494 1812 subivcrit;

217 1831 412 1900 ἃμίσει
440 1831 640 1884 τούτου
667 1831 729 1884 τὸ
755 1831 977 1904 θράσος.
1019 1834 1293 1906 Ἦνείχετο
1326 1835 1383 1889 δὲ
1415 1836 1504 1890 διά
1525 1855 1584 1890 τε
1615 1838 1714 1908 τὴν
1737 1842 1818 1903 είς

1927 1841 2043 1910 ipse
2065 1847 2246 1894 tamen
2275 1837 2557 1892 audaciam
2590 1836 2740 1892 illius
2772 1837 3016 1894 hominis
3049 1839 3174 1894 odio
3209 1855 3506 1910 proseque-

219 1922 393 1976 αὑτὸν
429 1922 670 1989 εὔνοιαν,
702 1926 768 1996 ἢν
793 1925 998 1987 ἐκεῖνος
1027 1925 1316 1993 ἐφύλαττε,
1353 1929 1445 1981 καὶ
1465 1929 1648 1992 δεδιὼς
1677 1930 1814 2000 ἅμα,

223 2015 301 2083 μή
329 2030 387 2066 τι
419 2014 694 2088 βουλεύσῃ
727 2017 1013 2089 νεώτερον.
1049 2018 1164 2072 Νῦν
1193 2019 1250 2073 δὲ
1278 2021 1466 2092 καιρὸν
1492 2021 1687 2094 εὑρὼν,
1722 2023 1819 2094 τὴν

224 2108 582 2178 στρατηγίαν
614 2108 1008 2177 ἐπαγγέλλεται
1039 2109 1118 2179 τῷ
1161 2110 1423 2181 Ἀμεσσᾷ,
1452 2111 1510 2164 όν
1538 2112 1820 2180 ἀπέδειξεν

234 2197 614 2269 Ἀϐεσσαλὼμ
674 2201 1003 2272 στρατηγόν.
1039 2198 1148 2253 Ἦν
1190 2201 1246 2253 δὲ
1287 2202 1382 2254 καὶ
1407 2202 1569 2266 αὐτὸς
1603 2203 1819 2273 ἀδελφι-

223 2288 350 2351 δοῦς
380 2289 466 2359 τῷ
504 2289 688 2343 Δαϐίδ.
732 2291 796 2343 ’0
824 2291 1011 2360 μαθὼν
1054 2290 1229 2360 Ἰωὰσ,
1263 2294 1610 2365 προσχήματι
1640 2295 1820 2366 φιλίας

224 2380 423 2434 τοῦτον
450 2381 795 2436 ἀπέκτεινεν.

837 2659 1089 2714 ΚΕΦΑΑ.
1131 2658 1237 2716 lH'.

303 2745 414 2800 Kal
435 2746 700 2815 ἐξελύθη
725 2749 923 2804 Δαόίὸ.
953 2751 1271 2823 Πρεσὸύτης
1297 2751 1404 2823 γὰρ
1433 2752 1528 2817 ὣν,
1561 2754 1650 2806 καὶ
1674 2753 1824 2806 πλεῖ-

234 2853 337 2891 στα
364 2841 892 2911 προμαχεσάμενος,
916 2843 1118 2896 ἀπεῖπε
1141 2843 1218 2914 τῷ
1243 2843 1474 2915 σώματι,
1501 2845 1616 2899 ἀλλ’
1646 2845 1820 2917 ἐσώθη

237 2927 567 2999 παραδόξως
596 2929 690 2984 τοῦ
718 2931 971 3001 γίγαντος
999 2933 1096 2996 τὰς
1126 2936 1311 3005 χεῖρας
1337 2935 1632 3005 διαφυγών.
1666 2936 1824 3005 Δηλοί

235 3022 290 3074 δὲ
339 3023 374 3093 ή
425 3022 646 3095 Γραφὴ,
687 3024 764 3088 ὡς
796 3025 967 3089 οὕτως
1012 3027 1238 3080 ἐκάλουν
1268 3029 1317 3080 oi
1342 3029 1462 3081 τότε
1492 3029 1618 3093 τοὺς
1654 3029 1824 3100 μεγά-

237 3111 362 3174 λους
401 3112 487 3177 τῷ
537 3112 770 3184 σώματι,
820 3115 914 3169 καὶ
961 3115 1150 3189 ῥώμην
1193 3116 1404 3188 ἄμαχον
1450 3119 1692 3190 ἔχοντας.
1727 3123 1822 3175 καὶ

239 3199 360 3254 οὔτε
377 3205 512 3268 τοὺς
545 3204 846 3274 δυσσεϐεῖς,
889 3206 1010 3262 οὔτε
1046 3208 1170 3272 τοὺς
1193 3208 1604 3282 πολυχρονίους,
1639 3213 1714 3278 ὥς
1744 3231 1826 3268 τι·

241 3309 327 3357 νες
360 3294 611 3366 ὑπετόπη
621 3313 736 3352 σαν.

837 3475 1088 3530 ΚΕΦΑΛ.
1132 3475 1233 3532 ιδ’.

324 3561 501 3628 Ἀνὴρ
530 3562 599 3616 ἐκ
649 3561 868 3631 Γάδης.
945 3564 1198 3633 Ἀκύλας,
1255 3567 1587 3635 ἀντίδικος,
1663 3571 1822 3641 ἤγουν

245 3653 560 3721 ἀντιλογίας
581 3672 594 3686 ο
625 3657 654 3709 ὁ
676 3655 732 3709 δὲ
765 3656 1086 3730 Σύμμαχος,
1117 3661 1464 3730 πρόμετρος.

848 3840 1101 3894 ΚΕΦΛΛ.
1136 3843 1222 3898 Κ’.

321 3923 475 3992 Τοὺς
505 3928 728 3997 λόγους
753 3929 864 3999 τῆς
891 3931 1051 4001 ᾠδῆς
1083 3935 1322 4000 ταύτης.
1375 3933 1526 3987 Μετὰ
1571 3935 1698 3996 τοὺς
1731 3953 1825 3992 πο-

247 4010 449 4084 λέμους
496 4019 766 4075 ἐπινίκιον
809 4022 887 4092 τῷ
936 4023 1055 4094 Θεῷ
1100 4026 1442 4079 συντέθεικεν
1490 4025 1676 4093 ὕμνον.
1717 4027 1825 4079 Καὶ

252 4111 586 4181 προφητεύει
618 4113 860 4184 περὶτοῦ
890 4117 1157 4170 Δεσπότου
1181 4118 1436 4189 Χριστοῦ·
1465 4119 1579 4172 ἔστι
1607 4119 1661 4172 δὲ
1688 4119 1827 4190 πλὴν

254 4199 450 4268 ὀλίγων
472 4205 500 4256 ό
523 4204 687 4269 αὐτὸς
710 4205 786 4276 τῷ
817 4209 859 4270 ζ’
886 4207 1089 4279 ψαλμῷ
1106 4219 1156 4262 ν.

827 4299 1077 4352 ΚΕΦΑΛ.
1120 4301 1248 4353 KA'.

321 4384 566 4455 Πνεῦμα
590 4388 811 4456 Κυρίου
836 4387 1147 4457 ἐλάλησεν
1165 4391 1236 4444 ἐν
1261 4391 1411 4460 ἐμοί.
1447 4392 1827 4464 Δίσχυνθήτω-

1926 1934 2107 1988 batur.
2167 1929 2399 1985 Ferebat
2453 1936 2632 1982 autem
2686 1943 2811 1984 eum
2867 1928 3268 1993 nihilominus,
3306 1932 3503 2001 partim

1929 2031 2148 2094 propter
2181 2021 2639 2086 benevolentiam,
2675 2033 2838 2089 quam
2889 2035 3015 2090 erga
3067 2020 3324 2078 Davidem
3375 2024 3506 2076 reti-

1929 2110 2107 2174 nebat,
2142 2109 2340 2178 partim
2397 2114 2668 2172 metuens,
2701 2122 2768 2162 ne
2814 2108 2980 2163 rebus
3033 2111 3189 2163 novis
3236 2110 3500 2164 studeret.

1925 2197 2044 2255 Jam
2086 2200 2248 2269 igitur
2282 2198 2747 2268 opportunitatem
2780 2206 2996 2266 nactus,
3042 2201 3301 2265 Aniesau,
3338 2216 3500 2270 quem

1928 2292 2186 2347 Absalom
2247 2291 2438 2346 ducem
2508 2290 2728 2352 fecerat,
2784 2305 3057 2345 summum
3118 2292 3501 2360 imperatorem

1928 2385 2168 2440 declarat
2202 2384 2338 2454 (erat
2366 2390 2546 2438 autem
2589 2391 2642 2436 et
2675 2382 2794 2451 ipse
2824 2382 3186 2438 consobrinus
3224 2383 3503 2453 Davidis);

1928 2476 2072 2547 quod
2107 2475 2198 2529 ubi
2248 2476 2595 2546 cognovisset
2634 2471 2792 2538 Joab,
2831 2475 2935 2530 sub
2960 2483 3222 2544 praetextu
3254 2477 3505 2530 amicitia:

1931 2570 2075 2624 hunc
2106 2568 2267 2624 etiam
2293 2567 2584 2623 interfecit.

2421 2657 2573 2712 CAP.
2615 2657 2778 2713 xvul
2849 2657 3015 2731 [XX].

2002 2748 2313 2804 Dissolutus
2353 2759 2431 2802 est
2467 2749 2658 2805 David.
2689 2749 2825 2804 Nam
2859 2765 2980 2805 eum
3026 2763 3190 2804 senex
3232 2747 3400 2802 multa
3449 2746 3504 2802 in

1933 2842 2088 2896 bellis
2119 2856 2316 2911 passus
2353 2851 2522 2908 esset,
2549 2844 2798 2911 corporis
2831 2841 3040 2895 viribus
3074 2839 3293 2902 defecit,
3325 2841 3505 2894 maui-

1932 2935 2032 2990 bus
2073 2942 2250 2987 tamen
2284 2936 2520 3005 gigantis
2548 2949 2644 3003 per
2673 2933 2854 3004 fugam
2892 2943 3140 3003 ereptus,
3179 2931 3510 2988 mirabiliter

1931 3019 2180 3082 servatus
2240 3033 2345 3079 est.
2425 3024 2633 3080 Iudicat
2680 3033 2864 3079 autem
2920 3024 3203 3094 Scriptura
3257 3024 3518 3078 homines.

1929 3126 2087 3172 vasto
2110 3131 2360 3185 corpore,
2393 3124 2448 3171 et
2479 3116 2685 3170 invicto
2722 3115 2920 3169 robore
2947 3112 3232 3184 praeditos,
3263 3127 3370 3166 non
3408 3129 3504 3164 au.

1927 3218 2034 3265 tem
2078 3209 2298 3280 impios,
2355 3216 2449 3262 aut
2497 3208 2775 3263 diuturnae
2834 3206 2960 3262 vita:
3014 3205 3501 3276 («ptemadmodum

1924 3302 2144 3371 quidam
2203 3301 2466 3370 suspicati
2527 3299 2676 3370 sunt)
2742 3299 2847 3354 hoc
2905 3298 3131 3353 nomine
3203 3294 3505 3366 appellatos

1924 3409 2067 3449 esse.

2423 3481 2576 3539 CAP.
2623 3481 2740 3537 XIX
2807 3479 2997 3554 [XXI].

1994 3575 2162 3632 Vsus.
2195 3577 2248 3632 5.
2295 3577 2387 3630 Vir
2413 3591 2479 3631 ea:
2510 3574 2682 3630 Gada.
2726 3575 2942 3645 Aquila,
2987 3573 3280 3635 ἀντίδικος,
3311 3571 3502 3626 adver-

1926 3668 2121 3732 sarius,
2171 3667 2562 3722 controversia:
2613 3666 2893 3721 nimirum.
2961 3663 3323 3733 Symmachus
3373 3678 3517 3716 vero.

1928 3757 2109 3822 huhet,
2142 3759 2472 3830 πρόμετρος.

2415 3847 2566 3901 CAP.
2614 3846 2710 3900 xx
2779 3845 2991 3918 [χχιιι.

2003 3937 2164 3993 Visus.
2213 3939 2260 3992 I.
2315 3937 2478 3992 Verba
2529 3939 2689 4006 hujus
2735 3939 3014 3992 carminis.
3076 3936 3205 3992 Post
3255 3936 3506 3991 devictos

1929 4033 2136 4095 hostes,
2174 4045 2393 4085 carmen
2421 4031 2718 4100 epinicium
2738 4030 2849 4085 Deo
2867 4031 3196 4100 composuit.
3228 4026 3506 4082 Vaticina-

1927 4133 2017 4178 tur
2047 4133 2228 4178 autem
2253 4123 2320 4177 de
2356 4121 2578 4178 Christo
2606 4121 2855 4178 Domino.
2884 4121 2972 4186 Et,
3007 4121 3199 4192 paucis
3233 4120 3502 4190 exceptis,

1928 4213 2070 4268 idem
2098 4217 2184 4268 est
2209 4225 2332 4265 cum
2360 4211 2559 4280 psalm.
2590 4222 2775 4264 cxxxt.

2389 4298 2544 4354 CAP.
2600 4297 2723 4353 XXI
2813 4297 3049 4370 [xqu].

2003 4393 2169 4450 Vsus.
2209 4393 2262 4448 Ξ.
2302 4393 2533 4462 Spiritus
2566 4391 2776 4446 Domini
2801 4393 2857 4446 in
2892 4408 2972 4446 me
3003 4391 3212 4445 locutus
3235 4399 3332 4445 est.
3368 4390 3505 4443 Eru-

261 4489 353 4526 σαν
397 4475 666 4544 Ἰουδαῖοι,
715 4479 999 4550 προφήτην
1034 4481 1207 4533 εἰπεῖν
1245 4482 1345 4534 οὐκ
1384 4482 1702 4553 ἀνεχόμενοι
1734 4484 1822 4537 τὸν

1928 4489 2154 4554 hescant
2189 4499 2335 4540 nunc
2368 4482 2564 4548 Judaei,
2602 4483 2693 4553 qui
2737 4481 2992 4536 Daviulem
3037 4490 3145 4536 tam
3195 4481 3499 4541 evidenter,

259 4567 452 4636 Δαὸὶδ,
477 4568 555 4632 ὡς
597 4569 835 4639 ἐνεργῶς
880 4572 948 4624 τὰ
979 4572 1107 4643 περὶ
1149 4574 1407 4643 Χριστοῦ,
1453 4574 1677 4644 καὶτῆς
1715 4575 1823 4627 τῶν

260 4657 422 4712 ἐθνῶν
454 4661 894 4732 προθεσπίσαντα
921 4665 1174 4729 πίστεως.
1207 4664 1270 4718 El
1302 4666 1411 4736 γὰρ
1443 4666 1662 4737 Πνεῦμα
1687 4665 1820 4719 Θεοῦ

260 4748 311 4798 ἂν
335 4751 502 4822 αὐτῷ.
535 4753 630 4805 καὶ
661 4754 689 4806 ὁ
717 4753 847 4818 Θεὸς
880 4753 1074 4809 Ἰακὼὸ
1110 4757 1402 4828 εὐδόκησεν
1447 4759 1504 4811 ὲν
1550 4759 1698 4830 αὐτῷ
1726 4759 1821 4810 λα-

259 4839 436 4909 λῆσαι,
490 4845 680 4899 καὶτὰ
728 4846 932 4917 κρύφια
969 4849 1070 4920 τῆς
1116 4849 1309 4920 σοφίας
1345 4849 1613 4917 ἐδήλωσεν
1651 4850 1821 4922 αὐτῷ,

260 4931 370 4997 πῶς
401 4936 463 4988 οὐ
489 4939 773 5010 προφήτης
794 4957 809 5005 ;

324 5027 429 5080 Καὶ
459 5029 569 5082 οὐκ
591 5029 870 5086 ἐϐούλετο
896 5033 1125 5087 ποιεῖνι
1151 5035 1316 5088 αὐτό.
1350 5034 1664 5097 Παιδευθεὶς
1695 5033 1822 5104 γὰρ,

260 5113 411 5184 ιγνω,
439 5119 580 5174 ὅσων
605 5123 640 5194 ή
663 5123 927 5194 ἐπιθυμία
955 5124 1212 5196 πρόξενος
1241 5125 1554 5198 συμφορῶν.

1929 4590 1983 4636 et
2006 4578 2300 4650 perspicue
2323 4575 2391 4631 de
2419 4576 2586 4630 rebus
2617 4574 2842 4630 Christi.
2874 4582 2926 4627 et
2956 4572 3059 4629 ﬁde
3078 4573 3499 4635 vaticinantem,

1931 4669 2251 4740 prophetam
2285 4665 2548 4738 appellari
2580 4679 2689 4719 non
2737 4662 3040 4733 patiuntur.
3071 4662 3127 4716 Si
3168 4663 3312 4718 enim
3339 4663 3505 4729 spiri-

1930 4775 2020 4820 tus
2055 4763 2147 4818 Dei
2177 4761 2350 4817 estin
2391 4762 2534 4830 ipso,
2571 4757 2617 4813 si
2656 4757 2766 4812 Deo
2798 4755 2968 4818 Jacob
3007 4756 3060 4810 in
3097 4756 3215 4826 ipso
3244 4757 3390 4827 loqui
3415 4759 3502 4811 vi...

1931 4871 2052 4913 sum
2084 4863 2188 4918 est,
2216 4853 2262 4908 si
2307 4865 2507 4908 arcana
2549 4848 2833 4920 sapientiae
2866 4861 2980 4903 suae
3026 4849 3241 4919 aperuit
3283 4851 3356 4913 ei,
3405 4868 3505 4905 cur

1935 4943 2199 5017 propheta
2227 4957 2339 4996 non
2363 4940 2552 4996 esset?

2003 5033 2168 5089 Vens.
2238 5031 2324 5086 16.
2395 5030 2466 5085 Et
2525 5029 2692 5084 noluit
2749 5028 2922 5098 facere
2981 5027 3137 5084 ituri.
3191 5029 3503 5101 Castigatus

1932 5125 2102 5187 enim,
2149 5123 2303 5179 novit
2344 5133 2674 5193 quantacum
2707 5121 3087 5180 calamitatum
3123 5121 3334 5192 hospes.
3358 5127 3504 5176 CSStl

1930 5213 2222 5285 cupiditas.

1484 5391 1718 5448 νΑιιυΕ
1755 5389 2166 5452 ιΕΟΤιΟΝΕΒ..

330 5549 350 5576 ³
399 5543 732 5617 Ξύλῳίαύ-τδν
759 5543 1085 5617 ἀνήρτησεν.
1134 5543 1192 5597 Ὀ
1227 5546 1345 5617 aut.

1464 5549 1480 5583 ί
1520 5547 1802 5634 οὗτοητιις
1835 5549 1943 5634 τῷν
1974 5548 2324 5634 στρατιωτςὶζν
2349 5547 2510 5634 ιίξὼιν,
2542 5547 2642 5601 οὐκ
2681 5546 2883 5634 ﬁdius!
2913 5545 3126 5634 πληγὴν
3162 5544 3240 5634 τιῖξ
3283 5543 3371 5634 διὰ
3403 5544 3502 5612 τῆς

269 5613 435 5689 κόμης
483 5613 800 5689 πεδηθέντιη
826 5613 1340 5689 ἐπαγαγεῖνεᾜδει
1369 5617 1475 5689 γᾴρ
1510 5617 1602 5689 τον
1625 5617 1716 5671 τοῦ
1747 5619 2010 5688 βασιλέως
2039 5613 2224 5689 νόμον.
2258 5618 2419 5689 Ὶαὰῦᾲ
2447 5618 2540 5689 δὲ’,
2561 5635 2646 5689 κτ.
2684 5618 2741 5689 Ὀ
2780 5613 2901 5689 ditt.
2964 5613 3170 5671 “‘CJL.
3214 5613 3496 5689 ὖπέμεινε.

269 5688 292 5758 γ
323 5685 377 5738 In
410 5685 650 5760 havateri
683 5685 871 5760 codice
902 5686 1112 5760 videtur
1143 5685 1334 5760 l'uiSse,
1367 5685 1509 5760 ρλαθ.
1543 5685 1803 5743 Neutrum
1841 5697 2006 5744 recte.
2051 5685 2314 5744 ltcscriho
2357 5687 2430 5760 τῷ
2478 5688 2542 5753 ιζ’
2580 5688 2638 5758 ψ.
2694 5687 2900 5742 Confer.
2925 5702 3048 5742 cum
3095 5702 3160 5742 eo
3206 5687 3529 5756 psalmoct,

269 5755 528 5822 invenies,
571 5757 760 5824 paucis
795 5765 1003 5812 tantum
1054 5756 1380 5826 immutatis,
1414 5757 1600 5813 eadem
1629 5775 1769 5814 esse.
1839 5774 1863 5801 ιι
1895 5760 2070 5815 Scrih.
2127 5761 2292 5818 πιεῖν.
