4058 6510
202 331 332 396 1145

195 552 301 589 νυν
333 535 429 587 καὶ
450 535 561 586 τῶν
591 533 803 587 νυκτῶν
841 536 961 597 ταῖς
996 533 1253 605 ἡμέραις,
1295 536 1357 589 τὸ
1388 536 1772 607 δωδεκατημὰ

199 642 308 699 ριον
344 626 662 695 εὑρίσκεται
687 624 788 693 τῆς
824 624 1054 693 ἀπειλῆς
1077 626 1366 695 ὲπενεχθὲν
1392 628 1470 697 τῷ
1498 628 1633 698 λαῷ.
1662 627 1772 681 Οὖ-

195 732 298 777 τως
317 718 346 767 6
376 713 761 782 φιλάνθρωπος
788 713 919 778 Θεὸς
964 714 1180 783 μείζοσι
1226 717 1321 783 μὲν
1353 717 1623 787 κέχρηται
1650 722 1771 783 ταῖς

193 804 472 867 ἀπειλαῖς,
498 805 623 866 τοὺς
673 806 1090 875 ἁμαρτάνοντας
1126 806 1541 877 δειδιττόμενος,
1592 808 1772 880 πολλῷ

192 894 377 947 tum
422 894 660 948 ἀπειλῶν
709 896 967 958 ἐλάττους
1019 897 1272 965 ἐπιφέρει
1325 898 1424 961 τάς
1475 900 1769 969 τιμωρίας.

195 988 369 1039 Ὅπου
402 1004 468 1053 γε
503 986 597 1038 κα)⁵
645 986 830 1056 χιλίων
872 989 1203 1056 τριακοσίων
1242 998 1272 1036 1
1301 991 1478 1042 οὐσῶν
1517 991 1774 1060 χιλιάδων

191 1077 393 1147 δηλαδὴ
427 1078 536 1130 τῶν
558 1077 657 1148 τὴν
688 1079 1088 1148 στρατεύσιμον
1120 1080 1333 1150 ἡλικίαν
1378 1081 1643 1149 ἀγόντων,
1680 1082 1773 1134 καὶ

191 1168 297 1220 τῶν
332 1168 621 1237 προώρων,
661 1171 754 1222 καὶ
775 1170 883 1222 τῶν
919 1171 1158 1241 ἐξώρων,
1185 1171 1280 1223 καὶ
1315 1172 1500 1241 μέντοι
1546 1173 1640 1225 καὶ
1672 1190 1773 1240 γυ-

200 1260 391 1314 δᾱικῶν
439 1260 815 1333 ἐξῃρημένων,
864 1263 1090 1331 προσέτι
1118 1264 1177 1319 δὲ
1226 1264 1321 1316 καὶ
1359 1262 1468 1316 τῶν
1502 1264 1768 1327 Λευῖτῶν,

194 1351 412 1420 καὶτῆς
448 1352 818 1422 Βενιαμίτιδος
867 1352 1063 1420 φυλῆς.
1117 1353 1608 1423 Μεταμεληθέντος
1663 1354 1772 1424 γὰρ

192 1442 277 1494 τοῦ
307 1441 597 1511 βασιλέως,
628 1443 726 1493 οὐκ
758 1441 1061 1511 ἡριθμῆθη.
1103 1442 1509 1511 Ἐϐδομὴκοντα
1540 1442 1773 1509 χιλιάδες

192 1532 539 1603 ἀνῃρέθησαν
564 1532 745 1599 μόναι,
789 1534 881 1584 καὶ
910 1532 1031 1584 οὐδὲ
1064 1534 1121 1583 ὲν
1146 1533 1342 1601 ἀκαρεῖ
1379 1530 1771 1600 διεφθάρησαν.

190 1625 259 1675 Οὐ
296 1621 399 1691 γὰρ
424 1622 595 1699 ἐδεῖτο
618 1622 810 1691 χρόνου
838 1624 864 1674 6
887 1621 1127 1691 τιμωρὸς
1158 1620 1409 1687 ἅγγελος.
1459 1622 1547 1673 Ἐν
1576 1621 1776 1691 ἀκαρεῖ

189 1719 293 1785 γὰρ
325 1715 510 1768 ἀνεῖλε
546 1716 637 1768 καὶ
681 1716 746 1767 τὰ
782 1713 887 1767 τῶν
932 1714 1245 1782 Αἰγυπτίων
1294 1714 1636 1783 πρωτότοκα,
1679 1715 1772 1766 καὶ

190 1809 279 1869 τὰς
313 1806 511 1859 ἑκατὸν
551 1806 643 1859 καὶ
673 1806 1005 1876 ὀγδοήκοντα
1053 1806 1298 1875 χιλιάδας
1318 1806 1427 1859 τῶν
1447 1806 1765 1877 Ἀσσυρίων.

192 1898 295 1960 Τῆς
326 1898 741 1965 φιλανθρωπίας
775 1899 975 1961 τοίνυν,
1012 1898 1127 1951 ἀλλ’
1150 1900 1212 1951 οὐ
1239 1899 1341 1968 τῆς
1375 1898 1701 1967 ἀδυναμίας,
1742 1899 1769 1950 6

189 1989 397 2057 χρόνος.
434 1988 511 2041 Τδ
549 1989 607 2041 δὲ
647 1988 823 2059 παρὸν
865 1988 1027 2059 ῥητὸν
1051 2030 1065 2051 ,
1105 1988 1246 2042 οὕτω
1282 1990 1430 2053 τινὲς
1467 1989 1772 2058 ὴλληγόρη-

192 2097 305 2133 σαν.
368 2081 530 2133 Κατά
588 2080 737 2133 θείαν
776 2080 1001 2151 ὀργὴνὸ
1058 2080 1285 2143 θάνατος
1343 2080 1637 2150 ἐπεκράτει
1675 2080 1769 2132 τοῦ

190 2170 310 2224 λαοῦ
343 2171 554 2242 Κυρίου
586 2172 779 2241 μέχρις
810 2170 959 2243 ὥρας
990 2172 1211 2243 ἀρίστου
1237 2188 1251 2201 ⁸
1296 2173 1406 2226 ἀπὺ
1451 2172 1551 2241 τῆς
1594 2170 1769 2241 ἀρχῆς

191 2263 277 2316 τοῦ
304 2263 529 2328 αἰῶνος,
562 2264 723 2333 μέχρι
751 2262 844 2315 τοῦ
878 2263 1073 2333 καιροῦ
1105 2266 1204 2333 τῆς
1237 2262 1543 2333 τραπέζης,
1568 2262 1769 2332 δηλαδὴ

195 2355 350 2428 μέχρι
381 2354 658 2424 κατῆλθεν
718 2357 745 2407 6
794 2354 983 2424 νοητὸς
1029 2355 1197 2426 ἄρτος
1247 2352 1308 2418 ἐξ
1339 2354 1591 2423 οὐρανοῦ.
1634 2353 1768 2405 Τότε

191 2449 293 2519 γὰρ
316 2445 409 2497 τὸν
440 2445 787 2517 όλοθρευτὴν,
821 2446 913 2498 καὶ
952 2445 1202 2509 θάνατον,
1253 2444 1597 2515 δυσωπηθεὶς
1638 2461 1771 2496 κατ-

195 2536 375 2585 ἑλυσεν
408 2534 441 2586 6
472 2535 622 2597 Θεός.
653 2536 747 2597 Ὃς
776 2534 1007 2603 ἐπείπερ
1029 2533 1209 2603 ἤθελε.
1230 2535 1325 2587 καὶ
1356 2537 1465 2595 τοῖς
1489 2535 1587 2602 τὴν
1610 2533 1773 2600 ἁγίαν

194 2627 395 2679 οἰκοῦσι
426 2628 583 2679 πόλιν
604 2666 617 2688 ,
649 2626 747 2696 τὴν
780 2626 1130 2695 Ἐκκλησίαν,
1182 2626 1281 2697 τὴν
1312 2626 1631 2696 φθοροποιὸν
1672 2627 1769 2678 ἐπα

196 2721 410 2783 ἀφεῖναι
452 2722 632 2789 χεῖρα,
688 2719 811 2771 τότε
869 2718 1151 2772 κελεύεται
1185 2718 1503 2772 παύσασθαι
1550 2718 1659 2771 τῶν
1686 2717 1774 2771 διὰ

198 2810 390 2873 ζῶντος
420 2812 591 2882 ἄρτου
625 2810 1018 2880 τελειουμένων
1054 2811 1357 2880 οἰκητόρων
1394 2811 1495 2880 τῆς
1542 2810 1775 2881 Ἐκκλη-

198 2899 329 2962 σξις.
367 2917 385 2950 ι
428 2898 808 2970 Δεδοξασμένα
839 2900 967 2971 γὰρ,
996 2900 1186 2971 φησὶν,
1218 2901 1456 2970 ἐλαλήθη
1490 2902 1617 2970 περὶ
1652 2900 1770 2967 σοῦ,

198 2995 230 3060 ἡ
258 2992 408 3055 πόλις
461 2990 555 3045 τοῦ
598 2990 756 3045 Θεοῦ.
796 3010 814 3043 ι
851 2993 925 3043 Οὐ
979 2993 1087 3061 γὰρ
1112 2992 1220 3046 ἔδει
1258 2994 1415 3063 νικᾷν
1446 2995 1539 3045 τὸν
1582 2972 1775 3062 ἐχθρὸν

204 3083 334 3151 μετὰ
354 3082 459 3153 τὴν
489 3082 759 3146 ἀνάδειξιν
790 3082 881 3135 τοῦ
919 3080 1117 3152 καιροῦ
1150 3083 1249 3152 τῆς
1279 3082 1441 3150 ἁγίας
1471 3082 1771 3152 τραπέζης,

199 3177 262 3243 ἣν
305 3176 333 3228 6
379 3173 479 3229 τοῦ
512 3174 736 3245 ἀρίστου
771 3174 961 3245 καιρὸς
987 3174 1384 3229 ὑπαινίττεται.
1430 3173 1489 3225 Ὀ
1511 3174 1566 3225 δὲ
1597 3172 1776 3235 σώσας

201 3268 454 3336 Χριστὸς,
480 3265 555 3329 ὡς
587 3268 644 3319 ὲν
675 3266 952 3336 προσώπῳ
977 3265 1268 3336 νοούμενος
1289 3262 1383 3318 τοῦ
1425 3263 1687 3333 Χριστοῦ.
1719 3263 1778 3326 ὃς

202 3360 385 3414 ἑαυτὸν
413 3358 557 3426 ὑπὲρ
578 3356 735 3428 ἡμῶν
760 3357 1181 3427 προσενήνοχεν,
1212 3353 1408 3409 ἑαυτοῦ
1435 3354 1609 3424 λέγων
1638 3350 1779 3407 εἶναι

202 3450 291 3520 τὴν
310 3449 617 3519 ἁμαρτίαν,
649 3448 678 3500 6
706 3447 780 3519 μὴ
811 3447 966 3510 εἰδὼς
992 3448 1288 3518 ἁμαρτίαν.
1328 3446 1501 3507 Αὐτὸς
1541 3446 1651 3515 γὰρ
1680 3444 1780 3517 τὴν

202 3542 476 3611 ἁμαρτίαν
506 3538 661 3609 ἡμῶν
693 3539 863 3610 αἴρει,
897 3540 1027 3609 περὶ
1060 3538 1220 3608 ἡμῶν
1267 3538 1543 3602 όδυνᾶται,
1580 3538 1677 3590 κα)⁵
1706 3538 1781 3602 ὡς

206 3633 399 3705 ποιμὴν
435 3632 639 3701 ἀγαθὸς
690 3632 791 3703 τὴν
816 3632 996 3702 ψυχὴν
1026 3632 1195 3685 αὑτοῦ
1224 3632 1469 3685 τέθεικεν
1502 3632 1642 3702 ὑπὲρ
1668 3631 1777 3683 τῶν

207 3726 513 3794 πῳὸἀτων.
543 3727 650 3780 Καὶ
685 3724 808 3779 καθ’
842 3724 1084 3795 ἱστορίαν
1119 3724 1227 3794 γὰρ
1259 3727 1287 3777 6
1323 3725 1490 3777 Δαόὶδ
1512 3763 1527 3787 ,
1571 3723 1783 3791 ἀγνοῶν

207 3818 295 3887 τὴν
326 3818 534 3883 αἰτίαν,
558 3817 765 3873 οἰκείαν
794 3816 1076 3890 ἁμαρτίαν
1100 3815 1163 3871 τὸ
1190 3818 1564 3887 γεγενημένον
1587 3816 1783 3869 ἐκάλε-

211 3926 319 3966 σεν.

274 4085 625 4153 κτήσασθαι
656 4087 814 4152 παρὰ
841 4083 960 4138 σοῦ
987 4082 1102 4151 τὴν
1124 4080 1273 4137 ἅλω.
1311 4081 1424 4152 Τὴν
1453 4080 1786 4151 Ἐκκλησίαν

211 4182 243 4247 ἡ
273 4179 414 4242 ato;
444 4180 625 4237 τυποῖ.
665 4177 731 4229 δι’
758 4172 826 4247 ἦς
861 4175 888 4227 6
926 4174 1159 4236 θάνατος
1190 4173 1446 4226 παύεται.
1483 4168 1645 4237 Οἶκος
1676 4173 1786 4243 γάρ

212 4274 321 4325 ἐστι
342 4272 443 4339 τῆς
472 4270 610 4322 κατά
641 4267 801 4336 φύσιν
830 4266 996 4337 ζωῆς,
1031 4266 1277 4319 τουτέστι
1310 4264 1571 4334 Χριστοῦ,
1609 4264 1697 4333 ἐφ’
1719 4266 1786 4336 ἣν

208 4363 496 4432 δράγματα
552 4360 721 4431 ἧγουν
789 4355 1077 4427 ἀσταχύων
1126 4355 1477 4423 συλλέγονται
1532 4356 1688 4427 δίκην
1736 4356 1785 4409 oi

1232 332 1768 395 COMMENTARII
1801 336 1881 397 IN
1922 336 2066 397 LIB.
2105 338 2165 396 ll
2197 337 2489 397 REGUM.

276 445 373 496 Ἐκ
403 442 658 509 aptato”
691 441 801 509 ἕως
820 439 978 509 ὥρας
1000 442 1273 510 ἀρίστου.
1320 446 1766 518 Συναριθμουμέο
1796 451 1839 508 Δ

3316 330 3451 412 ius

1950 449 2113 507 Vsus.
2136 451 2223 506 15.
2260 450 2303 504 Α
2336 464 2491 503 vitane
2525 461 2687 516 usque
2720 446 2789 499 ad
2855 444 3045 498 horam
3076 440 3310 509 prandii.
3345 442 3451 495 Νο-

1872 544 2058 599 ctibus
2100 543 2264 597 etiam
2326 539 2519 595 diebus
2568 535 3006 597 connumeratis,
3067 531 3449 587 duodecimum

1873 635 2139 688 duntaxat
2187 646 2474 703 pinnarum
2508 638 2737 697 partem.
2772 642 2915 696 quas
2938 624 3078 678 Dens
3101 623 3181 677 eis
3224 623 3452 677 comini—

1876 738 2039 781 natus
2067 726 2261 786 fuerat,
2298 726 2379 777 eis
2406 724 2699 791 irrogatam
2746 720 2921 774 fuisse
2959 717 3302 770 invenimus.
3373 716 3451 767 Ita

1878 819 2205 873 misericors
2232 814 2381 870 Deus
2416 814 2705 867 atrocibus
2739 811 2903 865 minis
2930 816 3245 878 peccatores
3266 807 3454 861 deter-

1877 926 2027 971 rcns,
2062 908 2297 969 minore,
2323 920 2489 973 quam
2504 903 2873 956 comminatus
2895 899 3096 961 fuerat,
3118 899 3170 951 in
3188 897 3453 963 eligenda

1876 1015 2037 1070 poena
2084 997 2379 1052 severitate
2405 1010 2537 1047 usus
2560 1000 2664 1046 est.
2697 993 2831 1046 Cum
2866 991 3016 1045 enim
3046 987 3453 1043 fuerintdecirs

1875 1098 2104 1144 centena
2155 1087 2351 1144 millia,
2418 1085 2510 1151 qui
2561 1083 2672 1150 apti
2731 1089 2889 1134 erant
2945 1079 3179 1143 militiw,
3209 1078 3454 1144 exceptis

1875 1178 2259 1243 grandioribus
2288 1184 2444 1235 natu,
2485 1186 2539 1226 et
2594 1181 2755 1226 aetate
2798 1169 3132 1233 immaturis,
3191 1176 3452 1237 prieterea

1877 1272 2102 1330 l.:-vitis,
2154 1278 2208 1322 et
2267 1268 2416 1321 tribu
2483 1264 3034 1333 Benjamitica,qua:,
3072 1259 3452 1329 pmnitentiam

1877 1370 2070 1429 agente
2107 1375 2233 1430 rege
2263 1367 2484 1427 propter
2522 1356 2626 1408 hoc
2656 1361 2969 1421 peccatum,
3035 1366 3141 1402 non
3171 1356 3451 1400 numerata

1876 1461 1981 1514 est,
2003 1452 2346 1518 septuaginta
2382 1448 2552 1500 millia
2580 1446 2823 1497 virorum
2854 1440 3071 1494 sublata
3105 1433 3456 1500 sunt.Noquo

1878 1550 2102 1612 repente
2136 1539 2341 1593 mortui
2374 1546 2525 1601 sunt,
2559 1552 2674 1589 non
2714 1534 2861 1588 enim
2898 1540 3142 1597 tempore
3174 1526 3457 1594 indigebat

1877 1636 2102 1703 angelus
2136 1639 2399 1686 vastator.
2435 1629 2679 1697 Repente
2708 1640 2861 1687 vero,
2908 1631 2962 1677 et
3019 1620 3207 1676 subito
3263 1624 3455 1672 sustu-

1880 1728 1938 1780 lit
2024 1742 2129 1779 non
2177 1723 2337 1776 modo
2394 1720 2777 1789 Egyptiurnm
2824 1714 3209 1784 primogenita,
3256 1709 3353 1764 sed
3401 1716 3455 1759 ιιι

1875 1826 2093 1871 centum
2124 1814 2401 1883 octoginta
2450 1810 2600 1863 mille
2646 1808 3022 1877 Assyriorum.
3080 1801 3321 1870 Tempus
3355 1800 3458 1866 igi—

1873 1920 1963 1962 tur
1991 1909 2097 1962 hoc
2113 1906 2310 1961 divina:
2335 1919 2463 1974 erga
2495 1903 2747 1956 homines
2785 1898 3072 1961 bonitatis,
3127 1910 3236 1949 non
3276 1893 3452 1960 impo-

1875 2001 2056 2053 tentia:
2108 2005 2195 2051 est
2231 2003 2646 2063 argumentum.
2700 1989 3044 2043 Prmsentem
3109 1998 3242 2037 vero
3274 1983 3453 2034 locum

1872 2090 2094 2159 quidzmt
2156 2103 2250 2155 per
2278 2084 2599 2153 allegoriam
2659 2082 2809 2134 hunc
2851 2080 2906 2131 in
2940 2076 3161 2129 modum
3194 2086 3458 2141 exposue-

1876 2192 2023 2237 runt.
2068 2182 2235 2240 Mors.
2261 2187 2482 2247 propter
2531 2178 2669 2229 iram
2699 2174 2813 2236 Dei,
2871 2170 3075 2240 populo
3109 2165 3322 2219 Domini
3386 2165 3453 2217 ad

1876 2273 2169 2344 prandium
2205 2286 2383 2339 usque
2428 2265 2839 2321 dominabatur.
2889 2261 2970 2315 Ab
3008 2258 3235 2313 exordio
3283 2272 3455 2309 sa‘eu-

1878 2369 2075 2427 lorum,
2103 2377 2281 2431 usque
2316 2361 2382 2413 ad
2418 2367 2634 2425 tempus
2665 2352 2904 2423 prandii,
2957 2351 3134 2403 donec
3196 2347 3456 2399 videlicet

1877 2456 2031 2524 panis
2064 2450 2428 2520 intelligibilis
2461 2444 2690 2516 (νοητὸς)
2711 2443 2779 2496 de
2807 2441 2947 2496 cmlo
2972 2438 3281 2493 descendit.
3302 2434 3457 2489 Tunc

1873 2549 2018 2602 enim
2045 2544 2312 2598 Dominus
2344 2541 2590 2608 placatus
2621 2544 2955 2590 vastatorem
3018 2530 3174 2583 illum
3220 2537 3273 2581 et
3304 2542 3455 2579 mor-

1878 2651 1983 2693 tem
2042 2636 2295 2691 dissolvit.
2348 2642 2401 2687 et
2432 2628 2792 2699 compescuit.
2846 2624 2949 2691 Qui
3004 2618 3452 2692 quandoquidem

1876 2738 2125 2787 sanctam
2161 2728 2373 2788 urbem,
2414 2737 2605 2790 nempe
2663 2717 2991 2779 Ecclesiam,
3017 2712 3346 2770 incolentes,
3372 2716 3455 2760 ta—

1879 2824 2041 2875 ltitica
2066 2834 2231 2871 manu
2270 2816 2541 2886 attingere
2567 2810 2764 2873 voluit,
2804 2822 2951 2861 nunc
2982 2805 3272 2874 quiescere
3296 2802 3458 2870 jube-

1878 2922 1987 2976 tnr,
2025 2908 2284 2965 Ecclesiae
2328 2906 2544 2959 civibus
2586 2911 2640 2955 et
2668 2898 2887 2961 incolis,
2924 2912 3019 2966 per
3050 2896 3327 2948 viventem
3358 2907 3454 2959 pa-

1878 3020 2001 3059 nem
2030 2996 2394 3055 consecratis.
2430 3012 2449 3045 ι
2485 2989 2778 3061 Magnifica
2823 2988 2995 3049 enim,
3021 2984 3219 3054 inquit,
3279 2996 3311 3035 ο
3364 2978 3458 3033 Dei

1879 3099 2096 3157 civitas,
2123 3094 2190 3147 de
2232 3101 2282 3146 te
2304 3089 2453 3143 dicta
2484 3091 2615 3141 sunt
2642 3084 2706 3138 ”.
2751 3101 2769 3133 ι
2824 3079 2944 3133 Non
2977 3077 3122 3132 enim
3171 3075 3457 3129 inimicum

1883 3190 2109 3246 ulterius
2141 3186 2359 3239 vincere
2378 3178 2686 3250 oportebat,
2716 3179 3006 3243 postquam
3039 3182 3211 3222 sacrae
3258 3180 3460 3217 rnensze

1880 3291 2095 3349 tempus
2154 3270 2426 3345 apparuit,
2489 3266 2638 3338 quod
2706 3261 2922 3334 prandii
2983 3267 3198 3327 tempus
3231 3257 3461 3309 latenter

1879 3346 2077 3426 innuit.
2111 3365 2365 3421 Christus
2396 3368 2577 3414 autem
2610 3357 2872 3410 Servator
2902 3351 3144 3419 seipsum
3174 3362 3270 3417 pro
3303 3346 3462 3398 nobis

1880 3463 2101 3525 obtulit,
2135 3472 2295 3512 suum
2334 3455 2526 3509 dicens
2558 3464 2682 3504 esse
2714 3456 3021 3518 peccatum,
3052 3440 3143 3511 qui
3175 3448 3459 3509 peccatum

1883 3569 1990 3607 non
2043 3554 2297 3605 noverat.
2353 3542 2476 3613 Ipse
2525 3540 2671 3595 enim
2704 3546 2927 3607 peccata
2958 3542 3145 3588 nostra
3178 3530 3339 3590 tollit,
3408 3534 3464 3577 et

1886 3650 2107 3713 propter
2154 3654 2256 3694 nos
2334 3636 2557 3690 dolores
2599 3630 2859 3692 sustinet,
2920 3639 2996 3691 et,
3069 3622 3234 3677 veluti
3284 3620 3464 3674 bonus

1886 3744 2093 3806 pastor,
2127 3732 2376 3785 animam
2413 3740 2571 3781 suam
2599 3722 2782 3794 posuit
2813 3733 2911 3789 pro
2948 3717 3166 3771 ovibus.
3194 3712 3347 3773 Nam,
3379 3726 3465 3762 se.-

1884 3802 2127 3881 cundum
2191 3819 2502 3881 historiam,
2550 3814 2741 3879 David,
2802 3824 2987 3866 veram
3064 3816 3117 3860 et
3190 3802 3464 3873 propriam

1884 3931 2109 3971 causam
2162 3914 2439 3982 ignorans,
2474 3908 2523 3962 i-J
2555 3909 2698 3977 quod
2750 3900 2956 3956 factum
2989 3904 3072 3952 est
3110 3909 3269 3949 suum
3298 3891 3467 3962 ipsius

1888 4018 2177 4080 peccatum
2220 4001 2478 4074 appellat.

1958 4100 2121 4170 528
2154 4096 2318 4150 Vsus.
2342 4093 2432 4147 2i.
2461 4091 2529 4146 Ut
2560 4089 2839 4161 acquiram
2859 4102 2891 4137 a
2917 4092 2965 4137 te
2990 4097 3192 4143 aream,
3214 4086 3317 4131 etc.
3335 4077 3464 4129 Haec

1888 4208 2014 4247 area
2045 4200 2233 4261 typum
2266 4188 2407 4255 gerit
2432 4184 2709 4247 Ecclesiae,
2751 4194 2846 4250 per
2874 4191 3039 4248 quam
3089 4187 3236 4227 mors
3256 4180 3458 4224 cessat.

1891 4284 2097 4338 Domus
2122 4280 2270 4334 enim
2303 4286 2389 4334 est
2425 4275 2698 4331 naturalis
2737 4273 2884 4333 vitae,
2928 4268 3031 4321 hoc
3053 4274 3138 4321 est
3158 4263 3383 4326 Christi,
3409 4262 3464 4314 in

1892 4387 2053 4444 quam
2092 4371 2192 4441 pii,
2229 4366 2588 4425 sermonibus
2642 4372 2960 4420 sanctorum
2989 4354 3224 4411 demessi
3256 4352 3325 4407 de
3368 4354 3471 4405 hoc

207 4455 291 4507 διὰ
312 4453 409 4507 τοῦ
441 4452 602 4521 λόγου
628 4451 735 4505 τῶν
757 4451 927 4521 ἀγίων
959 4448 1269 4520 κειρόμενοι
1305 4450 1413 4501 ἀπὸ
1446 4448 1674 4518 κόσμου,
1707 4448 1777 4512 ὡς

1890 4442 2118 4527 mundo,
2156 4459 2565 4530 manipulorum
2595 4457 2649 4511 in
2674 4453 2898 4510 modum
2932 4449 3293 4517 colliguntur,
3322 4450 3381 4496 ut
3411 4442 3465 4494 in

211 4548 275 4600 ἀν
305 4550 384 4611 εις
417 4546 515 4608 τὰς
543 4546 655 4599 ἀνω
698 4542 1119 4615 ωγκομισθείεν
1164 4542 1333 4605 αὐλὰς
1356 4582 1372 4607 ,
1419 4541 1670 4612 καθάπερ
1704 4544 1783 4607 είς

211 4638 495 4708 ἀποθήκην
547 4635 895 4705 δεσποτικὴν,
933 4633 1075 4703 μετά
1117 4632 1216 4702 τὴν
1252 4631 1361 4685 τῶν
1414 4632 1783 4702 ἀχρειοτέρων

211 4729 298 4780 καὶ
320 4728 588 4798 περιττῶν
614 4725 870 4779 ἀπόθεσιν
894 4723 1215 4793 πράγματός
1246 4738 1302 4775 τε
1337 4721 1472 4792 ὁμοῦ
1531 4722 1626 4774 καὶ
1651 4740 1783 4793 φρο-

207 4822 465 4890 νήματος,
492 4822 629 4889 ὅπερ
660 4819 736 4882 ὼς
776 4821 835 4872 ἐν
857 4818 991 4871 εῖδει
1025 4816 1135 4870 τῶν
1164 4815 1389 4887 ἀχύρων
1413 4819 1630 4870 νοεῖται.
1664 4816 1784 4869 Διό-

209 4930 312 4983 περ
345 4915 510 4984 φησίν
530 4930 542 4943 ·
583 4932 601 4964 ι
648 4913 925 4982 Ἐπάρατε
963 4909 1089 4973 τοὺς
1109 4909 1423 4978 ὀφθαλμοὺς
1467 4909 1621 4979 ὑμῶν
1642 4950 1657 4974 ,
1688 4910 1784 4967 καὶ

209 5005 471 5059 θεάσασθε
498 5005 595 5068 τὰς
621 5004 826 5075 χώρας,
859 5005 943 5059 ὅτι
969 5002 1161 5056 λευκαί
1202 5004 1308 5057 εἰσι
1356 5001 1492 5073 πρὸς
1523 5001 1784 5073 θερισμὸν

208 5098 326 5166 ἠδη,
364 5118 383 5147 ι
413 5100 442 5150 6
464 5097 694 5166 θερίζων
737 5094 926 5167 μισθὸν
955 5094 1247 5165 λαμϐάνει.
1276 5094 1385 5146 Καὶ
1418 5093 1611 5147 πάλιν·
1651 5113 1669 5145 ι
1722 5094 1782 5145 ’0

213 5188 307 5256 μὲν
345 5186 605 5257 θερισμὸς
636 5185 824 5250 πολὺς,
849 5186 899 5239 οι
933 5185 990 5240 δὲ
1018 5184 1250 5256 ἐργάται
1298 5183 1489 5251 ὀλίγοι,
1527 5202 1545 5235 ι
1585 5185 1681 5240 καὶ
1712 5186 1783 5238 τὰ

211 5278 353 5347 ἑξῆς.
407 5279 516 5330 Καὶ
548 5277 681 5349 περὶ
731 5276 969 5349 Χριστοῦ
1004 5294 1168 5347 φησιν
1220 5276 1510 5344 Ἰωάννηςσ
1559 5294 1577 5327 ι
1617 5271 1690 5331 Οὔ
1722 5277 1784 5330 τὸ

212 5369 373 5424 πτύον
396 5371 454 5422 ὲν
474 5371 543 5441 τῇ
574 5372 719 5442 χειρὶ
752 5369 941 5437 αὑτοῦ,
980 5369 1077 5422 καὶ
1108 5368 1455 5436 διακαθαριεῖ
1483 5367 1582 5439 τὴν
1604 5369 1785 5423 ἀλωνα

283 5490 327 5521 ³⁸
353 5487 501 5546 Psal.
532 5505 757 5557 ιιιινι,
778 5492 831 5546 5.
937 5491 978 5523 ³¹
1021 5488 1177 5545 Joan.
1230 5504 1305 5555 tv,
1332 5489 1421 5545 35.

1888 4559 2069 4611 aulam
2110 4554 2418 4614 cmlestem,
2458 4559 2721 4617 tanquam
2752 4545 2807 4598 in
2844 4541 3020 4597 herile
3042 4538 3297 4592 horreum
3312 4548 3465 4587 com-

1888 4655 2214 4719 portentur,
2248 4638 2710 4712 quemadmodum
2751 4650 2818 4690 ex
2872 4632 3154 4701 palearum
3206 4624 3469 4680 similitu-

1890 4716 2017 4795 dine
2066 4733 2422 4804 intelligitur.
2486 4727 2855 4797 Quamobrem
2880 4722 3057 4792 inquit
3102 4736 3115 4771 :
3159 4736 3178 4769 ι
3243 4716 3469 4771 Attolite

1890 4828 2080 4883 oculos
2103 4833 2346 4887 vestros,
2383 4828 2438 4877 et
2453 4815 2906 4887 contemplamini
2941 4826 3124 4883 agros,
3155 4809 3264 4863 albi
3321 4808 3469 4862 enim

1887 4920 1997 4991 jam
2043 4924 2168 4972 sunt
2197 4915 2266 4970 ad
2297 4927 2533 4970 messem
2562 4910 2629 4975 ",
2676 4928 2695 4962 ι
2731 4921 2945 4963 messor
2971 4902 3286 4959 mercedem
3323 4897 3466 4952 acci-

1890 4990 1988 5082 pit.
2015 5007 2078 5061 Et
2103 5008 2299 5062 iterum
2340 5021 2354 5058 :
2394 5022 2411 5055 ι
2462 4999 2659 5056 Messis
2685 4997 2858 5053 multa
2888 4995 3132 5066 quidem,
3161 4990 3319 5060 pauci
3341 5002 3474 5044 vero

1892 5079 2258 5157 messores".
2301 5115 2319 5148 ι
2355 5105 2410 5150 et
2439 5107 2561 5163 qua
2597 5099 2925 5161 sequuntur.
2992 5087 3067 5142 De
3117 5084 3342 5139 Christo
3393 5079 3473 5139 iu.

1887 5192 2009 5263 quit
2054 5189 2294 5245 Joannes
2334 5203 2347 5240 :
2392 5204 2409 5238 ι
2442 5184 2615 5255 Cujus
2649 5181 3016 5238 ventilabrum
3048 5178 3103 5232 in
3144 5172 3466 5239 manuejus.

1889 5292 1945 5338 et
1975 5280 2293 5351 repurgabit
2344 5292 2527 5333 aream
2565 5289 2747 5337 suam,
2806 5279 2861 5327 et
2892 5268 3165 5325 convehet
3226 5264 3468 5318 triticum

1891 5392 2050 5431 suum
2084 5376 2139 5427 in
2176 5374 2457 5434 horreum,
2498 5368 2683 5439 paleas
2719 5372 2902 5423 autem
2932 5363 3044 5435 igni
3103 5354 3469 5428 iuexstingui-

1513 5491 1557 5522 ³¹
1592 5488 1788 5546 Matth.
1832 5509 1910 5561 ix,
1942 5498 2032 5550 57.

1510 5605 1747 5664 ΥΑΒΙΑΞ
1788 5608 2173 5668 LECTIONES

285 5709 311 5746 Ι
339 5701 393 5753 in
430 5702 617 5755 Codice
648 5700 895 5756 Lavaleri
929 5700 1140 5754 videtur
1164 5698 1424 5762 abfuisse,
1460 5700 1790 5768 τριακοσίων
1813 5716 1826 5731 ⁸
1874 5706 1965 5759 sed
2008 5716 2152 5761 recta
2191 5713 2272 5761 est
2308 5702 2485 5762 nostri
2511 5700 2719 5757 codicis
2747 5697 2931 5761 lectio,
2968 5711 3091 5751 nam
3127 5703 3242 5763 post
3274 5691 3461 5763 populi

220 5776 593 5831 reccn~ionem
637 5774 856 5828 inventa
893 5781 1020 5829 sunt
1053 5772 1322 5828 tredecies
1350 5779 1580 5827 centena
1604 5770 1805 5827 millia.
