4058 6624
633 351 686 415 li
710 352 764 418 Π
1961 350 2314 414 PROCOPII
2346 349 2594 410 GAZ/EI
3750 345 3860 408 1153

631 466 723 519 bili
757 466 1039 520 comburet
1060 465 1166 518 “.t
1205 463 1543 535 Hancigitur
1573 477 1755 518 aream
1785 462 2187 533 intelligibilem
2221 498 2233 522 ε

2257 500 2263 521 ,
2293 460 2482 524 αὑτοῦ,
2517 459 2612 512 καὶ
2647 457 2864 522 συνάξει
2907 457 3000 511 τὸν
3051 458 3197 510 σῖτον
3227 456 3392 510 αὐτοῦ
3427 456 3511 516 είς
3550 453 3644 525 τὴν
3681 455 3859 525 amat-

633 555 862 627 (νοητὸν)
889 555 1137 609 Christus
1174 555 1570 624 quinquaginta
1620 554 1793 618 siclis,
1829 555 1932 608 hoc
1954 562 2060 613 est,
2093 567 2205 606 non

2305 569 2432 620 κην,
2462 551 2524 603 τὸ
2553 550 2610 602 δὲ
2638 549 2838 621 ἄχυρον
2872 549 3216 603 κατακαύσει
3240 548 3371 620 πυρὶ
3407 546 3680 614 ἀσϐέστῳ.
3702 567 3718 598 ι
3738 549 3857 600 Ταύ-

643 662 812 713 parvo
831 648 1006 716 pretio
1034 645 1188 700 emit.
1220 645 1487 700 Cazterum
1534 659 1823 701 numerum
1855 659 2076 714 quoque
2113 644 2208 698 de-

2305 660 2407 712 την
2433 642 2541 713 ἄρα
2569 642 2669 712 τὴν
2695 641 2809 696 ἅλω
2838 641 2938 712 τὴν
2963 641 3163 711 νοητὴν
3185 640 3483 712 ἐξεπρίατο
3505 638 3734 708 Χριστὸς
3755 657 3860 693 πενο

634 738 850 789 clarant
877 735 1256 802 dimissionis;
1289 736 1529 805 seipsum
1564 737 1710 790 enim
1767 734 1918 787 dedit
1974 748 2074 802 pro
2119 746 2203 796 ea,

2308 736 2548 805 τήκοντα
2581 734 2781 788 σίκλων
2807 749 2820 764 ⁸
2865 734 3175 797 τουτέστιν,
3216 733 3317 784 οὐκ
3368 731 3630 800 ἐλαφρῶν
3656 737 3862 800 τιμημά·

634 836 688 881 ιιι
726 842 875 881 aram
916 827 970 881 in
1004 828 1094 881 illa
1120 825 1322 897 posuit.
1363 825 1430 880 Et
1483 825 1928 897 quandoquidem
1956 839 2206 878 summus

2307 844 2435 880 των.
2463 826 2626 879 Ἀλλὰ
2655 827 2749 879 καλ⁸
2775 826 2867 879 τὸν
2893 825 3128 896 ἀριθμὸν
3159 824 3490 894 ἐμφαίνουσι
3516 821 3617 890 τῆς
3633 824 3861 892 ἀφέσεως.

641 927 722 973 est
758 917 1028 988 pontifex,
1063 919 1181 988 ipse
1202 919 1446 985 seipsmn
1467 932 1686 986 quoque
1717 916 2052 970 sacriﬁcium
2108 914 2208 967 ob-

2320 917 2544 970 Ἑαυτὸν
2565 915 2672 985 γὰρ
2691 915 2924 968 δέδωκεν
2947 914 3088 982 ὑπὲρ
3113 914 3302 983 αὐτῆς,
3323 914 3417 966 καὶ
3451 911 3656 978 ἔπηξεν
3680 914 3731 962 ὲν
3755 915 3862 984 αὐτῇ

637 1011 782 1075 tulit,
839 1010 1000 1079 cujus
1048 1010 1128 1064 rei
1179 1019 1365 1080 typum
1432 1008 1642 1063 vitulus
1675 1008 1729 1060 in
1783 1021 1913 1062 area
1940 1013 2209 1060 mactatus

2310 1007 2717 1076 θυσιαστήριον.
2745 1007 2856 1060 Καὶ
2888 1006 3118 1076 ἐπείπερ
3153 1006 3300 1057 ἐστὶν
3333 1002 3657 1074 ἀρχιερεὺς,
3685 1002 3769 1053 καὶ
3788 1005 3865 1056 αύ-

640 1102 902 1170 praatulit.
945 1101 1012 1155 Et
1075 1099 1256 1156 factus
1305 1109 1389 1155 est
1442 1099 1840 1164 holocaustum,
1895 1105 1949 1152 et
1985 1095 2210 1168 paciﬁca

2309 1098 2401 1161 τὸς
2425 1097 2487 1150 τὸ
2516 1098 2666 1168 θῦμα
2698 1098 3100 1168 προσεκόμισεν
3145 1096 3336 1149 ἑαυτὸν
3357 1136 3371 1158 ,
3399 1095 3480 1157 ὡς
3520 1096 3580 1146 ὲν
3615 1092 3760 1163 τύπῳ
3794 1096 3867 1148 τοῦ

641 1195 841 1248 hostia.
871 1193 1160 1248 Sublatum
1199 1194 1342 1248 enim
1374 1201 1460 1247 est
1491 1193 1543 1246 in
1577 1192 1799 1247 Christo
1832 1191 2208 1248 interstitium.

2312 1190 2570 1252 ἁλοῦντος
2631 1189 2856 1260 μόσχου.
2923 1189 3038 1242 Καὶ
3093 1189 3319 1256 γέγονεν
3373 1184 3760 1252 ὁλοκαύτωμα,
3797 1188 3869 1237 καὶ

638 1282 760 1352 Ipse
795 1290 878 1338 est
912 1297 1015 1352 pax
1041 1292 1250 1348 nostra,
1278 1281 1436 1352 juxta
1467 1281 1785 1352 Scripturas
1816 1281 1897 1332 ’δε

2312 1278 2564 1351 είρηνικὴ
2589 1279 2771 1334 θυσία.
2811 1279 3051 1333 Λέλυται
3076 1278 3184 1349 γὰρ
3219 1277 3281 1330 τὸ
3315 1273 3664 1348 μεσολαϐοὖν
3693 1275 3745 1325 ἐν
3766 1276 3872 1345 Χριο

2315 1374 2446 1444 στῷ.
2505 1373 2677 1437 Ᾱύτὸς
2728 1374 2838 1445 γάρ
2891 1375 3041 1428 ἐστιν
3075 1374 3110 1445 ἡ
3165 1373 3357 1443 εἰρήνη
3415 1369 3584 1441 ἡμῶν
3637 1368 3771 1421 κατὰ
3797 1369 3874 1433 τὰς

710 1551 872 1606 Vens.
895 1551 990 1606 ‘24.
1017 1551 1311 1607 Possidebo
1340 1569 1372 1606 a
1403 1560 1452 1606 te
1471 1552 1526 1606 iu
1548 1553 1955 1621 permutatione,
1987 1559 2092 1608 etc.
2111 1551 2214 1607 Sa--

2314 1466 2354 1518 Γ
2396 1484 2429 1518 α
2475 1466 2560 1528 ἀς.

2360 1483 2693 1627 ρις’(ιῐῗήσομαι
2746 1557 2904 1626 παρὰ
2971 1556 3088 1610 σοῦ
3136 1555 3206 1609 ἐν
3253 1553 3625 1622 ἀλλάγματι.
3685 1552 3879 1620 Ὠφελη·

651 1644 834 1698 iomon
869 1643 1002 1698 dicit
1033 1662 1048 1698 :
1091 1662 1111 1694 ‹
1149 1643 1364 1698 Honora
1390 1643 1675 1698 Dominum
1715 1644 1964 1712 dejustis
1995 1644 2104 1698 tuis
2137 1644 2214 1698 la-

2315 1647 2427 1710 θεὶς
2445 1648 2536 1701 τὸν
2560 1649 2770 1718 πατέρα
2794 1651 2889 1702 καὶ
2913 1646 3164 1716 Σολομὼν
3187 1648 3311 1718 ἔφη·
3344 1667 3362 1698 ι
3385 1647 3540 1716 Τίμα
3571 1644 3663 1697 τὸν
3704 1643 3877 1713 Κύριον

642 1735 884 1798 boribus,
912 1743 964 1789 et
995 1735 1192 1805 largire
1219 1737 1267 1790 ei
1298 1736 1365 1790 de
1388 1736 1496 1790 luis
1521 1735 1786 1790 fructibus
1815 1736 2041 1806 justitiae
2074 1735 2161 1789 ³⁸⁸.
2186 1755 2204 1787 ι

2277 1803 2283 1809 _
2316 1739 2423 1792 ἀπὸ
2457 1740 2565 1792 σῶν
2594 1739 2819 1793 δικαίων
2852 1741 3050 1805 πόνων,
3082 1741 3177 1794 καὶ
3197 1738 3450 1809 ἀπάρχου
3486 1735 3644 1805 αύτῷ
3672 1735 3772 1787 ἀπὸ
3796 1735 3879 1786 σῶν

641 1822 698 1878 In
743 1824 832 1880 illo
866 1841 995 1880 vero
1023 1801 1154 1896 agro
1176 1825 1461 1881 tediﬁcavit
1494 1826 1752 1881 Solomon
1779 1801 2213 1896 tetnplnm.Dicit

2275 1802 2287 1854 ι
2318 1833 2543 1901 καρπῶν
2581 1831 2943 1903 δικαιοσύνης.
2985 1853 3003 1884 ι
3043 1834 3133 1885 Ἐν
3157 1832 3354 1900 ἐκείνῳ
3394 1830 3454 1883 δὲ
3497 1827 3581 1899 τῷ
3611 1829 3785 1897 χωρίῳ
3808 1828 3877 1879 riu

640 1917 786 1970 enim
819 1915 1047 1970 historia
1078 1933 1090 1970 :
1125 1935 1142 1968 ι
1173 1916 1436 1986 Adjunxit
1469 1917 1732 1972 Solomon
1792 1919 1858 1974 ad
1885 1919 2057 1974 altare
2096 1920 2217 1974 ulti-

2312 1919 2450 1974 νεὼν
2511 1921 2825 1993 ᾠκοδόμησε
2880 1923 3156 1992 Σολομὼν.
3211 1922 3354 1989 Φησὶ
3403 1921 3519 1990 γὰρ
3573 1921 3609 1988 ἡ
3669 1919 3871 1986 ἱστορία·

643 2019 752 2067 ιιιο,
779 2007 921 2074 quod
955 2006 1008 2058 in
1045 2006 1314 2076 principio
1342 2023 1570 2076 parvum
1609 2017 1748 2063 erat.
1796 2027 1814 2060 ι
1887 2008 2214 2078 Signiﬁcans

2323 2028 2342 2060 ι
2381 2010 2727 2082 Προσέθηκεν
2756 2014 2783 2066 ὁ
2835 2013 3092 2080 Σολομὼν
3124 2013 3218 2065 ἐπὶ
3271 2011 3332 2064 τὸ
3380 2010 3776 2078 θυσιαστήριον
3808 2009 3875 2059 ἐπ’

645 2094 994 2165 Evangelium
1022 2111 1311 2167 progressu
1343 2097 1607 2166 temporis
1662 2101 2112 2167 promovendum,
2161 2109 2215 2154 et

2315 2098 2549 2170 ἐσχάτῳ,
2594 2102 2677 2153 ὅτι
2727 2101 2923 2172 μικρὸν
2955 2097 3023 2172 ἦν
3049 2103 3108 2155 ὲν
3146 2101 3406 2170 πρώτοις.
3466 2120 3484 2151 ι
3530 2097 3877 2161 ’Υποδηλοῦσα

643 2187 1216 2255 propagandumessc.
1258 2189 1484 2255 Semper
1524 2188 1669 2243 enim
1715 2205 1781 2244 ex
1822 2192 2006 2258 parvis
2043 2192 2213 2248 initiis

2314 2188 2413 2258 τὴν
2439 2189 2580 2243 κατὰ
2618 2192 2844 2261 καιροὺς
2874 2193 3141 2262 ἐσομένην
3181 2191 3275 2245 τοῦ
3321 2188 3666 2258 Εύαγγελῐου
3709 2205 3871 2257 προκο-

643 2275 884 2332 Εοοιρείιι
913 2278 1196 2344 dilatatur,
1220 2289 1273 2333 et
1317 2278 1552 2334 subinde
1581 2279 1769 2349 plures
1803 2281 2103 2336 adduntur.

2316 2281 2446 2350 πὴν.
2473 2281 2581 2334 Καὶ
2610 2282 2964 2352 ἡἘκκλησία
2985 2283 3095 2353 γὰρ
3125 2284 3214 2336 διὰ
3245 2283 3450 2346 παντὸς
3480 2283 3548 2334 ὲκ
3584 2279 3871 2353 μικροτέρας

2314 2372 2624 2443 εὐρύνεται,
2660 2376 2753 2429 καὶ
2789 2377 3173 2447 προστίθενται
3199 2377 3441 2437 πλείους.

711 2513 756 2542 ³³
793 2512 983 2567 Matth.
1019 2528 1101 2577 ιιι,
1135 2515 1222 2568 1‘2.
1297 2516 1340 2547 “
1367 2514 1569 2587 Ephes.
1603 2533 1664 2583 ιι,
1697 2516 1784 2572 14.
1864 2518 1930 2550 ⁸³³
1964 2519 2124 2574 Prov.
2160 2538 2238 2587 ιιι,
2271 2521 2327 2577 9.
2404 2580 2412 2587 _

3727 2712 3830 2731 ﬂ

921 2877 1162 2991 ΕΙΣ
1234 2876 1553 2990 ΤΗΝ
1658 2875 2214 2989 ΤΡΙΤΙ-ΙΝ
2329 2877 2632 2991 ΤΩΝ
2747 2875 2934 2987 BA
2957 2869 3615 2990 ΣΙΛΕΙΩΝ.

1069 3262 1229 3386 ΙΝ
1326 3264 1930 3394 LIBRUM
2021 3263 2757 3392 TERTIUM
2871 3261 3475 3390 REGUM.

1211 3648 1362 3704 CAP.
1407 3647 1704 3704 PRlMUM.
2245 3667 2287 3723 ο
2739 3645 2813 3698 Kl

2245 3667 2287 3723 ο
2739 3641 3135 3698 ΚΕΦΑΛΑΙΟΝ
3179 3641 3473 3697 ΠΡΩΤΟΝ.

715 3761 882 3818 Vnus.
921 3757 1058 3832 HE!
1082 3776 1171 3814 rex
1195 3759 1363 3814 David
1395 3777 1551 3816 aenea:
1578 3759 1880 3815 admodum.
1901 3761 2124 3828 Qumres
2148 3775 2215 3814 an

2389 3758 2501 3813 Καὶ
2527 3757 2877 3823 όβασιλεὺς
2909 3751 3087 3808 Δαϐὶδ
3115 3753 3457 3822 πρεσϐύτης
3510 3751 3756 3820 σφόδρα.
3781 3749 3861 3815 Ζξ·

646 3851 1016 3925 πρεσϐύτερος
1041 3851 1108 3906 de
1134 3851 1383 3921 improbo
1419 3860 1720 3921 usurpetur
1753 3867 1782 3905 a
1806 3851 2119 3922 Scriptura,
2147 3869 2216 3908 an

2319 3855 2536 3924 τήσεις,
2576 3854 2731 3905 εῐπου
2773 3850 2834 3903 τὸ
2870 3849 3272 3917 πρεσϐύτερος
3314 3846 3407 3899 ἐπὶ
3441 3843 3646 3913 φαύλου
3670 3843 3761 3896 ὑπὸ
3787 3838 3857 3893 το]

646 3944 716 3999 de
750 3951 969 4008 sancto;
1025 3951 1099 4005 et,
1155 3956 1223 3995 an
1271 3941 1631 4012 προϐεϐηκὼς
1672 3943 1908 4014 ἡμέραις
1957 3945 2214 3999 dicatur:

2320 3942 2613 4014 προσώπου
2636 3942 2734 4011 τῆς
2770 3939 2993 4012 Γραφῆς
3021 3937 3260 4008 εἴρηται,
3297 3935 3332 4005 ἢ
3362 3934 3456 3986 ἐπὶ
3478 3933 3636 4002 ἁγίου
3657 3949 3668 3960 ·
3699 3931 3794 3989 καὶ,
3823 3930 3857 3980 εξ

649 4036 800 4100 ἱιοιιι,
844 4050 912 4090 an
946 4033 1202 4089 diﬂ'erant
1235 4033 1605 4104 πρεσϐύτερος
1633 4043 1687 4089 et
1742 4035 2076 4107 πρεσϐύτης.

2319 4036 2380 4088 τὺ
2410 4032 2788 4102 προϐεϐηκὼς
2821 4031 3069 4100 ἡμέραις
3097 4029 3313 4098 λέγεται
3334 4043 3348 4058 ⁸
3399 4028 3528 4091 καὶ,
3570 4027 3619 4078 εί
3656 4025 3857 4093 διαφέρει

2321 4125 2721 4194 πρεσϐύτερος
2754 4123 2847 4175 καὶ
2871 4122 3233 4190 πρεσϐύτης.

722 4207 887 4264 Vens.
921 4209 975 4264 ι.
1009 4207 1074 4262 Et
1119 4208 1416 4264 dormiebat
1471 4227 1588 4263 cum
1607 4227 1744 4282 rege.
1774 4210 2083 4268 Florenlem
2119 4214 2222 4267 vir-

2392 4217 2500 4271 Καὶ
2532 4213 2610 4286 ἦν
2643 4213 2721 4280 τῷ
2739 4213 2998 4279 ,βασιλεῖ
3012 4215 3354 4281 σύγκοιτος.
3381 4210 3454 4263 Τὸ
3483 4210 3582 4279 τῆς
3629 4206 3854 4277 παρθένου

649 4302 796 4371 ginis
833 4309 1048 4356 atatem
1075 4301 1514 4365 considerarunt,
1547 4318 1668 4372 qua:
1712 4304 1896 4372 vigore
1925 4314 1978 4359 et
2037 4305 2222 4360 calore

2321 4310 2554 4380 ἀκμαῖον
2584 4307 2906 4378 ἐπενόησαν,
2940 4305 3080 4359 ὥστε
3105 4304 3284 4369 ζώσας
3321 4305 3414 4356 καὶ
3454 4303 3680 4371 ζεούσης
3703 4299 3855 4364 νεότη-

644 4391 952 4463 Ῑιιιοιιιιιιίε
1001 4406 1116 4446 suae
1159 4390 1383 4448 Davidis
1427 4407 1648 4447 carnem
1737 4395 2027 4450 solaretur.
2085 4396 2220 4451 Nam

2321 4417 2414 4464 τος
2442 4399 2650 4470 σάρκας
2679 4395 3124 4468 παραμυθεῖσθαι
3152 4397 3245 4448 τὸν
3281 4392 3464 4448 Δαϐίδ.
3508 4389 3748 4462 ’ίματίων
3780 4385 3855 4455 μὲν

649 4482 1108 4537 vestimentorum
1137 4480 1360 4551 quidem
1403 4489 1600 4537 natura
1627 4491 1733 4547 est,
1769 4491 1831 4538 ut
1855 4485 2105 4556 corporis
2125 4503 2221 4542 ca-

2323 4492 2431 4562 γὰρ
2464 4489 2626 4561 φύσις
2677 4491 2863 4562 τηρεῖν
2915 4487 3129 4556 πέφυκε
3157 4483 3251 4538 τοῦ
3304 4482 3554 4553 σώματος
3607 4482 3698 4551 τὴν
3719 4479 3853 4543 ζέσιν,

650 4573 818 4625 lorem
859 4578 1212 4636 conservent,
1273 4579 1329 4626 et
1361 4571 1640 4626 inventum
1693 4573 1930 4629 calorem
1962 4588 2220 4648 augeant,

2323 4583 2460 4636 ἀλλὰ
2494 4583 2589 4635 καὶ
2620 4581 2843 4634 πλείονα
2881 4582 3057 4633 ποιεῖν
3092 4580 3157 4647 ἣν
3182 4569 3373 4646 εὗρεν·
3408 4575 3564 4630 οὐδὲν
3607 4575 3660 4628 δὲ
3700 4572 3752 4625 τὸ
3774 4570 3851 4638 ψυ-

651 4661 785 4714 nihil
813 4676 946 4717 vero
999 4661 1202 4730 frigido
1260 4662 1479 4733 corpori
1521 4664 1834 4721 conferant.
1863 4666 2008 4722 Caro
2039 4681 2221 4724 autem

2323 4675 2454 4746 χρὸν
2482 4674 2749 4743 ὠφελεῖν·
2787 4673 2820 4742 ή
2854 4671 2913 4724 δέ
2941 4687 3004 4739 γε
3044 4668 3240 4734 ζέουσα
3286 4667 3422 4736 σὰρξ
3465 4667 3566 4737 τῆς
3595 4661 3852 4736 προσούσης

647 4750 847 4817 calida,
877 4750 944 4806 de
990 4767 1093 4806 suo
1132 4751 1340 4819 calore,
1393 4767 1558 4822 quem
1621 4752 1807 4822 habet,
1838 4756 1894 4810 in
1926 4773 2063 4823 rem,
2101 4773 2224 4829 qua:

1926 4773 2063 4823 rem,
2101 4773 2224 4829 quae
2326 4765 2536 4837 θέρμης
2560 4763 2637 4835 τῷ
2663 4761 2870 4832 ταύτης
2899 4758 3134 4830 δεκτικῷ
3164 4757 3507 4829 μεταδίδωσι.

649 4839 1005 4910 suscipiendo
1030 4843 1200 4897 calori
1232 4841 1430 4897 idonea
1459 4851 1565 4906 est,
1595 4846 1939 4902 transmittit.

726 4928 890 4985 Vsus.
917 4931 972 4986 5.
995 4930 1064 4984 Et
1106 4931 1277 4985 Ornia
1305 4932 1450 5002 ﬁlius
1501 4932 1706 5006 Haggid
1733 4934 1926 4991 David.
1954 4936 2222 4994 Adonias.

2396 4937 2506 4992 Καὶ
2565 4934 2764 5004 ὀρνιὰ
2820 4935 2950 5000 υίὸς
3003 4932 3212 5005 Ἀγγὲο
3262 4933 3456 4988 Δαϐίὸ.
3495 4933 3756 4995 Ἀδωνίας,
3783 4927 3848 4980 καὶ

651 5021 956 5076 ltinominis
981 5021 1129 5076 enim
1155 5033 1300 5078 erat.

1248 5033 1300 5078 .t.
2255 5018 2300 5074 D
2328 5030 2434 5101 γὰρ
2469 5025 2537 5102 ἦν
2565 5028 2850 5096 διώνυμος.

721 5113 888 5170 Vens.
921 5115 976 5170 9.
997 5113 1065 5169 Et
1091 5132 1230 5183 oves,
1261 5126 1310 5170 et
1332 5133 1518 5188 agnos,
1559 5127 1667 5175 etc.
1699 5118 1841 5177 Oves
1883 5121 2106 5192 quidem
2152 5140 2217 5179 ex

2399 5121 2508 5176 Καὶ
2537 5121 2821 5187 πρόϐατα,
2844 5117 2943 5172 καὶ
2989 5117 3199 5187 ἄρνας.
3229 5117 3458 5187 Μήποτε
3508 5112 3740 5186 πρόϐατα
3776 5106 3847 5178 μὲν

648 5207 830 5262 ovium
863 5216 919 5264 et
951 5221 1242 5278 caprarum
1310 5223 1507 5279 grege,
1566 5225 1737 5280 agnos
1767 5227 1894 5268 vero
1945 5230 2011 5269 ex
2035 5215 2221 5270 ovium

2329 5214 2398 5268 τὰ
2427 5216 2490 5267 ὲκ
2523 5211 2776 5281 ποιμνίου
2808 5212 2898 5265 καὶ
2921 5209 2983 5276 ἐξ
3017 5210 3286 5276 αἰπολίου,
3309 5209 3483 5280 ἄρνας
3516 5207 3572 5260 δὲ
3597 5207 3662 5260 τὰ
3683 5206 3738 5256 ὲκ
3760 5218 3845 5253 1w.-

647 5317 831 5372 grege,
857 5308 915 5357 et
942 5302 1108 5357 unius
1136 5301 1407 5357 duntaxat
1445 5303 1646 5358 atatis.

1643 5346 1646 5357 .
2335 5303 2513 5374 μνίου,
2545 5303 2639 5354 καὶ
2671 5300 2808 5370 μόνα
2846 5302 2976 5371 μιᾶς
3008 5299 3245 5370 ἡλικίας.

722 5395 825 5460 Qui
848 5393 1065 5463 junctus
1090 5403 1205 5448 erat
1233 5395 1354 5450 Ain.
1373 5393 1604 5466 Epulum
1619 5395 1772 5464 juxta
1799 5396 2001 5454 fontem
2027 5416 2223 5470 quem-

2407 5395 2520 5449 Τὸν
2549 5393 2840 5463 ἐχόμενον
2873 5394 3016 5448 Ἅϊν.
3040 5392 3114 5445 Τὸ
3143 5389 3416 5444 συσσίτιον
3439 5389 3712 5443 ἐπετέλεσε
3737 5380 3845 5451 παρὰ

649 5484 774 5537 dam
803 5485 1196 5539 scaturienlem
1222 5493 1350 5539 ante
1374 5485 1565 5540 urbem
1585 5485 1857 5541 exhibuit.
1879 5485 2041 5542 Juxta
2061 5504 2222 5557 quem

2331 5503 2452 5540 τινα
2481 5484 2661 5555 πηγὴν
2699 5484 2806 5555 πρὸ
2833 5483 2928 5536 τοῦ
2964 5483 3156 5545 ἄστεος
3203 5480 3632 5546 ἀναϐλύζουσαν,
3661 5474 3768 5544 παρ’
3799 5470 3844 5537 ἢν

653 5575 847 5632 hortus
887 5577 1074 5647 regius
1139 5578 1388 5635 consitus
1448 5587 1589 5643 erat,
1643 5578 1722 5635 sic
1751 5581 1899 5634 enim
1947 5578 2222 5652 Iosephus

2332 5577 2612 5648 βασιλικὸς
2635 5576 2879 5646 ὲτεθήλει
2919 5575 3267 5646 παράδεισος.
3312 5573 3468 5628 Οὕτω
3507 5573 3613 5642 γὰρ
3636 5569 3844 5633 Ἰώσηπος

653 5667 866 5723 scribit.
893 5666 1255 5738 Symmachus
1283 5667 1449 5724 etiam
1484 5667 1586 5724 Ain
1629 5683 1736 5724 una
1782 5685 1906 5725 cum
1935 5668 2074 5741 Syro
2103 5670 2224 5739 [οιιη

2328 5667 2453 5737 ἔφη.
2486 5667 2592 5720 Καὶ
2621 5668 2648 5719 ὁ
2684 5664 2980 5735 Σύμμαχος
3008 5663 3064 5716 δὲ
3104 5663 3200 5733 τὴν
3226 5663 3347 5716 Ἂῖν
3388 5662 3594 5732 πηγὴν
3624 5657 3841 5730 ἡρμήνευ-

659 5765 760 5811 mn
793 5755 1190 5830 interpretatus
1220 5767 1323 5814 est.

2334 5776 2445 5826 σεν,
2473 5759 2549 5822 ὡς
2579 5759 2717 5812 καὶὸ
2752 5755 2919 5829 Σύρος
2949 5755 3122 5810 καλεῖ.
