4058 6508
184 330 314 396 1149

1186 328 1717 391 COMMENTARII
1754 327 1836 387 IN
1876 327 2023 386 LIB.
2052 326 2470 388 IIIREGUM.

3309 333 3447 407 1150

251 444 358 499 Καὶ
390 443 605 499 Νάθαν
622 437 771 511 ἦλθε
800 442 953 511 πρὸς
984 445 1312 512 Βηρσαϐεέ.
1341 445 1497 506 Τινὲς
1529 444 1761 512 ἀνοήτως

1943 441 2110 499 Vens.
2167 443 2257 497 Η.
2317 442 2539 497 Nat/um
2587 446 2724 498 venit
2781 446 2851 498 ad
2908 447 3183 503 Bersabee.
3212 450 3446 515 Quidam

182 531 454 587 ύπέλαόον
485 532 722 601 ἀλγῆσαι
744 532 836 585 τὸν
861 532 1071 596 Νάθαν,
1101 531 1177 595 ὡς
1208 533 1281 603 μὴ
1308 533 1576 603 κληθέντα
1608 534 1687 594 εἰς
1710 532 1770 584 τὸ

182 624 461 678 συσσίτιον
482 641 497 655 ·
537 624 615 677 διὸ
642 623 819 679 ταῦτα
853 625 1104 693 ποιῆσαι.
1144 626 1202 679 'U
1238 625 1294 678 δὲ
1326 628 1630 694 προφήτης,
1672 623 1769 693 τὴν

178 720 271 773 τοῦ
302 717 445 771 Θεοῦ
502 717 679 788 ψῆφον
728 714 888 780 εἰδὼς
948 716 1037 786 (δι’
1078 715 1243 769 αὑτοῦ
1289 716 1396 787 γὰρ
1427 714 1661 784 ἐδήλωσε
1692 713 1768 781 τῷ

181 811 421 883 βασιλεῖ·
465 830 483 862 ι
521 811 594 863 Οὐ
642 811 707 863 σὺ
731 807 1110 878 οίκοδομήσεις
1144 825 1231 878 μοι
1270 803 1451 859 οἷκονο
1488 805 1601 857 ἀλλ’
1635 804 1764 868 ἰδοὺ,

180 906 291 966 υίὸς
321 901 578 954 τίκτεταί
606 918 710 964 σοι,
734 899 986 969 Σολομῶν
1014 900 1184 969 ὄνομα
1205 898 1372 969 αὐτῷ,
1391 894 1543 960 οὗτος
1564 897 1768 949 οίκοδο-

182 993 345 1062 μήσει
366 986 523 1043 οἶκον
553 988 629 1060 τῷ
653 988 876 1059 ὀνόματί
912 988 1059 1058 μου),
1101 1007 1119 1039 ι
1146 987 1477 1055 θεασάμενος
1500 985 1592 1038 τὸν
1640 986 1764 1053 Ὀρ-

178 1092 293 1144 νίαν
324 1088 483 1158 παρὰ
506 1086 604 1158 τὴν
632 1086 782 1140 θείαν
813 1085 1007 1155 βουλὴν
1034 1084 1133 1155 τὴν
1162 1083 1440 1154 βασιλείαν
1491 1081 1766 1150 ἁρπάζον-

177 1200 261 1241 τα.
288 1180 570 1249 ἀνέμνησε
600 1177 687 1231 διὰ
720 1178 821 1245 τῆς
886 1175 1168 1246 Βηρσαϐεέ
1225 1175 1317 1227 τὸν
1384 1173 1607 1243 βασιλέα
1667 1172 1764 1241 τῆς

179 1273 323 1334 θείας
380 1272 778 1341 προρρήσεως·
849 1264 969 1321 εἶτα
1024 1265 1325 1329 εἰσελθὼν,
1367 1267 1494 1327 τοὺς
1549 1262 1762 1331 ἐκείνης

176 1362 478 1418 ἐϐεϐαίωσε
528 1360 737 1429 λόγους.

247 1542 353 1596 Kal
387 1541 616 1609 ἄρνας,
655 1536 755 1592 καί
789 1539 1072 1605 πρόϐατα.
1110 1536 1221 1587 Καὶ
1265 1532 1497 1587 ἐνταῦθα
1531 1531 1762 1599 διάφορα

180 1632 349 1691 ταῦτα
371 1647 565 1700 φησιν.
1334 1696 1339 1699 ι

245 1725 349 1779 Καὶ
374 1719 820 1777 καταϐιϐἀσατε
845 1718 1036 1772 αὐτὸν
1063 1717 1161 1770 ἐπὶ
1199 1716 1308 1769 τὸν·
1339 1712 1547 1768 Γειὼν.
1588 1712 1757 1765 Γειὼν

1873 534 2039 588 stulte
2097 540 2151 587 et
2210 535 2392 603 inepte
2448 536 2710 605 suspicati
2766 548 2893 592 sunt
2955 538 3191 605 Nathan,
3239 541 3448 595 doloris

1874 624 2242 693 impatientia,
2298 640 2362 679 eo
2404 626 2549 695 quod
2611 626 2677 679 ad
2711 628 3024 682 convivium
3085 641 3310 685 vocatus
3336 644 3445 681 non

1869 725 2037 781 esset,
2086 716 2440 772 liacl'ecisse.
2501 716 2766 772 Caeterum
2814 722 3100 790 propheta,
3156 724 3414 777 divinide

1871 811 2031 871 ereti.
2068 820 2123 864 et
2163 810 2374 864 consilii
2413 827 2649 880 gnarus;
2710 828 2805 882 per
2835 814 2980 869 hunc
3006 817 3150 869 enim
3176 819 3286 885 regi
3316 833 3444 887 ape~

1870 902 2010 956 ruit:
2052 921 2070 954 ι
2116 900 2235 955 Νοη
2296 911 2353 955 ιιι
2414 902 2708 959 θλόίίίοοιιίε
2746 906 2879 959 mihi
2910 908 3156 971 domum,
3186 911 3281 964 sed
3307 925 3444 966 ecce

1866 992 2007 1045 ﬁlius
2045 1002 2303 1047 nascetur
2338 994 2456 1059 tibi,
2507 996 2591 1048 cui
2641 1011 2841 1051 nomen
2891 1000 2995 1053 erit
3033 999 3320 1063 Solomon,
3355 1003 3444 1057 hie

1870 1083 2163 1137 azdiﬁeabit
2216 1086 2423 1139 nomini
2480 1101 2601 1140 meo
2646 1087 2892 1155 donnun,
2933 1108 2951 1142 ι
3017 1106 3141 1145 cum
3220 1094 3445 1147 vidisset

1863 1173 2033 1229 Ornia
2070 1184 2263 1230 contra
2296 1164 2629 1231 voluntatem
2672 1190 2723 1232 et
2770 1180 3063 1235 consilium
3097 1180 3187 1234 Dei
3214 1198 3442 1253 regnum

1865 1281 2161 1336 occupare,
2188 1267 2302 1338 regi
2346 1282 2442 1338 per
2492 1267 2822 1324 Bersabeam
2882 1269 2971 1325 Dei
3023 1273 3345 1326 vaticinium
3386 1274 3441 1328 in

1865 1358 2185 1411 memoriam
2213 1365 2517 1425 revocavit;
2580 1368 2791 1429 postea,
2819 1362 2887 1415 ad
2919 1377 3103 1433 regem
3140 1364 3439 1433 ingressus,

1861 1463 2146 1503 sermones
2170 1450 2317 1505 illius
2366 1453 2737 1506 conlirmavit.

1932 1540 2095 1610 529
2129 1540 2294 1596 Vsus.
2318 1541 2411 1597 25.
2448 1542 2516 1596 Et
2551 1560 2737 1614 agnos,
2788 1553 2838 1599 et
2890 1547 3063 1602 boves.
3094 1545 3195 1601 Hic
3225 1560 3443 1616 quoque

1859 1633 2164 1687 diﬁ'erentia
2204 1635 2317 1688 h:ee
2347 1634 2506 1689 dixit.

1937 1721 2105 1778 Vens.
2129 1724 2219 1778 55.
2260 1723 2327 1777 Et
2351 1725 2589 1778 deducite
2622 1741 2741 1778 eum
2779 1726 2848 1779 ad
2873 1726 3064 1783 Gilton.
3102 1726 3279 1783 Gihon
3316 1729 3439 1797 qui-

186 1819 277 1887 μὲν
306 1819 333 1868 ὁ
365 1813 586 1875 Νεῖλος,
623 1812 698 1874 ὡς
744 1810 1027 1881 Ἱερεμίας.
1062 1809 1173 1861 Καὶ
1212 1807 1306 1859 νῦν
1344 1806 1395 1859 τί
1450 1806 1533 1859 σοὶ
1572 1806 1663 1858 καὶ
1691 1807 1755 1875 τῇ

1861 1818 1980 1874 dem
2021 1818 2174 1871 Nilus
2219 1825 2323 1883 est,
2375 1819 2514 1871 sicut
2574 1817 2865 1873 Jeremias.
2902 1819 2965 1874 Et
3004 1836 3149 1875 nunc
3176 1822 3304 1890 quid
3341 1822 3438 1877 tibi

180 1909 278 1979 ὁδῷ
311 1902 595 1974 Αἰγύπτου
626 1902 719 1956 τοῦ
760 1904 907 1957 πιεῖν
950 1900 1091 1971 ὕδωρ
1131 1898 1326 1962 Γειών;
1366 1897 1758 1967 Ἐπωνόμασαν

180 2003 232 2053 δὲ
262 1998 354 2051 καὶ
376 1998 469 2050 τὸν
501 1996 725 2065 Σιλωὰμ
747 1994 935 2047 Γειὼν.
976 1994 1066 2056 Ἣ,
1091 1993 1165 2054 ὡς
1189 1992 1328 2060 ἄγαν
1349 1990 1577 2061 σμικρὸν
1603 1991 1761 2058 εἰρω-

182 2094 337 2154 νικῶς
369 2091 539 2145 αὑτὸν
566 2089 709 2142 οὕτω
741 2088 1103 2148 καλέσαντες·
1141 2085 1195 2154 ἦ,
1238 2085 1424 2152 ἐπειδὴ
1470 2083 1565 2136 καὶ
1597 2082 1759 2146 αὐτὸς

182 2186 237 2250 ἐξ
266 2183 488 2251 ἀφανῶν
521 2182 719 2245 ἔξεισιν
747 2180 1053 2247 ὑπονόμων,
1084 2177 1268 2247 ῶσπερ
1296 2179 1324 2230 ὁ
1350 2176 1559 2237 Νεῖλος.
1595 2175 1757 2239 Τάξει

182 2277 232 2328 δὲ
261 2276 553 2345 κέχρηται,
588 2271 862 2343 προτάξας
894 2270 1083 2322 Σαδὼκ
1102 2268 1193 2319 τὸν
1222 2266 1394 2336 ἱερέα,
1428 2260 1548 2319 εἶτα
1572 2266 1757 2319 Ναϐὰν

183 2370 269 2420 τὸν
299 2370 614 2438 προφήτην,
651 2364 747 2419 καὶ
784 2364 922 2435 μετὰ
956 2361 1129 2415 ταῦτα
1151 2360 1394 2414 Βαὸαίαν
1418 2361 1532 2413 υἱὸν
1573 2359 1757 2413 ’ῐωδαὲ

185 2463 269 2514 τὸν
295 2457 624 2530 στρατηγὸν,
654 2457 845 2527 ἔχοντα
869 2454 1248 2525 σφενδονήτας,
1275 2453 1369 2506 καὶ
1394 2452 1635 2517 τοξότας,
1665 2453 1758 2505 τὸν

185 2551 429 2621 Χερεθθὶ,
454 2549 555 2604 καὶ
578 2547 816 2601 Φιλεθθί.

259 2826 423 2896 Ὑπὲρ
441 2827 514 2881 τὸ
541 2825 730 2896 ὄνομά
758 2842 897 2881 σου.
936 2824 1172 2897 ’ᾘδεσαν
1212 2824 1285 2887 ὡς
1319 2824 1527 2891 οὐδεὶς,
1564 2842 1757 2893 πατρι-

194 2919 287 2989 κὴν
306 2922 443 2989 ἔχων
475 2917 883 2988 φιλοστοργίαν,
921 2916 1290 2989 ἐζηλοτύπησε
1329 2916 1511 2970 παῖδα.
1548 2917 1610 2969 Οἱ
1649 2918 1757 2986 γὰρ

190 3010 407 3066 τοιοῦτοι
456 3011 555 3065 καὶ
600 3010 1013 3081 λαμπροτέρους
1076 3007 1323 3079 εὖχονται
1382 3008 1509 3070 τοὺς
1564 3008 1757 3068 παῖδας

1863 1911 1941 1965 rei
1971 1918 2055 1966 cst
2086 1925 2211 1964 eum
2246 1910 2329 1962 via
2358 1909 2579 1980 Egypti
2610 1912 2675 1965 ad
2700 1912 2998 1966 bibendum
3015 1928 3210 1982 aquam
3237 1914 3442 1969 Gibon?

1858 2003 2125 2057 Czeterum
2159 2002 2273 2057 Silo
2324 2003 2464 2058 hanc
2530 2021 2753 2075 quoque
2801 2008 2978 2061 Gilion
3008 2009 3435 2079 appellaverunt.

1863 2095 1976 2157 Vel,
2002 2096 2147 2165 quod
2204 2096 2362 2150 valde
2384 2097 2616 2165 exiguus
2653 2098 2747 2161 sit,
2807 2114 2902 2167 per
2953 2100 3179 2153 ironiam
3214 2100 3315 2153 hoc
3340 2117 3439 2154 no-

1858 2188 2005 2242 mine
2026 2202 2151 2242 eum
2178 2188 2517 2257 appellantes
2548 2205 2562 2252 ;
2600 2190 2705 2251 vel,
2736 2191 2880 2258 quod
2925 2190 3040 2258 ipse
3089 2206 3308 2260 quoque
3344 2208 3437 2259 per

1858 2280 2102 2334 occultos
2132 2279 2438 2342 cuniculos,
2461 2279 2915 2348 quemadmodum
2948 2281 3122 2348 Nilus,
3154 2292 3435 2354 exsurgat.

1858 2371 2063 2425 Ordine
2145 2382 2323 2426 autem
2409 2388 2545 2427 usus
2601 2381 2719 2438 est,
2762 2374 2939 2442 primo
3000 2375 3121 2429 loco
3168 2376 3435 2430 Sadocum

1859 2460 2208 2513 sacerdotem
2229 2461 2598 2524 constituens,
2619 2461 2815 2515 deinde
2838 2460 3050 2515 Natban
3089 2466 3434 2532 prophetam,

1859 2560 2049 2620 postea
2106 2551 2379 2618 Babazam,
2436 2552 2607 2606 tilium
2686 2551 2854 2607 Jodae
2897 2555 3270 2623 eapitaneum,
3324 2573 3433 2610 una

1858 2654 1980 2695 cum
2029 2641 2397 2699 funditoribus
2422 2685 2437 2709 ,
2471 2650 2523 2697 et
2546 2644 2851 2714 sagittariis
2876 2685 2891 2711 ,
2924 2644 3178 2701 Cherethi
3206 2656 3259 2700 et
3292 2645 3435 2700 Phe-

1859 2732 1971 2787 leti.

1931 2823 2091 2878 Vens.
2126 2824 2213 2879 47.
2239 2824 2406 2891 Super
2430 2841 2612 2879 nomen
2637 2835 2806 2881 tuum.
2835 2826 3093 2882 Sciebant
3126 2828 3425 2888 neminem,

1857 2917 1947 2984 qui
1991 2925 2215 2985 paterno
2247 2916 2445 2970 affectu
2480 2917 2742 2985 przeditus
2788 2925 2954 2983 esset,
3000 2916 3111 2972 ﬁlio
3146 2919 3408 2971 invidere.

1857 3005 2068 3057 Etenim
2114 3006 2276 3069 tales,
2305 3007 2703 3074 splendidiores
2749 3007 2892 3062 ﬁlios
2919 3007 3101 3061 videre
3154 3018 3433 3077 exoptant.

192 3104 324 3157 ίδεῖν.
361 3101 668 3172 τοιγαροῦν
699 3101 793 3155 καὶ
828 3100 995 3154 Δαόὶδ
1040 3100 1212 3162 οὕτως
1244 3099 1453 3169 ἐφήσθη
1486 3102 1596 3161 τοῖς
1654 3099 1756 3150 ὑπὸ

1861 3096 2224 3161 Quamobrem
2264 3098 2427 3150 etiam
2488 3096 2654 3151 David
2703 3098 2836 3161 haec,
2869 3113 2989 3167 qua:
3027 3113 3056 3151 a
3091 3098 3435 3168 principibus

190 3194 289 3247 τῶν
315 3196 601 3263 ἀρχόντων
620 3191 954 3264 εἰρημένοις,
1006 3191 1087 3244 ὅτι
1120 3190 1218 3243 καὶ
1250 3191 1343 3242 τοῦ
1385 3191 1567 3260 γήρως
1597 3189 1754 3241 αὑτὸν

192 3287 474 3355 ἀναστῆναι
513 3282 836 3347 κωλύοντος,
882 3281 1345 3351 κατακεκλιμένος
1382 3278 1754 3351 προσεκύνησε

194 3378 275 3432 τὸν
301 3378 453 3444 Θεὸν,
478 3381 601 3443 ταῖς
630 3378 955 3449 ὑποσχέσεσι
980 3377 1246 3432 δεδωκότα
1270 3378 1331 3429 τὸ
1360 3377 1556 3446 πέρας.

785 3553 1037 3612 ΚΕΦΑΛ.
1072 3552 1146 3609 B'.

258 3646 356 3700 Kal
384 3648 824 3716 κραταιωθήσῃ,
849 3648 947 3700 καὶ
969 3647 1083 3715 ἔσῃ
1106 3648 1193 3712 εἰς
1211 3645 1399 3713 ἄνδρα
1425 3644 1753 3713 δυνάμεως.

223 3738 286 3797 Ως
332 3738 484 3802 ὄντος
539 3740 631 3792 ἐπὶ
669 3738 978 3809 Σολομῶντι
1030 3737 1124 3791 τοῦ
1165 3737 1416 3803 γενέσθαι
1468 3738 1547 3800 εἰς
1590 3736 1759 3806 ἄνδρα

199 3828 354 3885 ταῦτα
377 3849 537 3903 φησι.
576 3830 796 3901 Πρῶτον
832 3830 888 3882 δὲ
916 3829 1150 3899 ἐνισχύει
1179 3831 1206 3883 ὁ
1251 3828 1507 3898 ἐσόμενος
1547 3830 1627 3891 εἰς
1658 3828 1757 3882 ἇν-

199 3934 306 3987 cpe.

260 4011 604 4067 Φυλάσσειν
631 4013 776 4067 ὁδὸν
794 4012 1000 4077 αὐτοῦ,
1030 4012 1123 4065 καὶ
1148 4011 1216 4064 τὰ
1244 4009 1392 4080 ἑξῆς,
1438 4010 1602 4080 μέχρι
1640 4010 1757 4075 τοῦ,

202 4100 344 4169 ὅπως
369 4107 614 4173 συνίῃς.
637 4105 792 4158 Τοῦτ’
813 4106 948 4170 ἔστι,
973 4105 1108 4175 μηδὲ
1132 4105 1192 4159 τὸ
1208 4106 1369 4179 τυχὸν
1390 4106 1495 4158 τῶν
1514 4120 1687 4174 γεγρα
1696 4122 1761 4173 μ·

206 4190 364 4261 μένων
396 4195 711 4267 παραϐῆναι
738 4194 910 4265 τολμή
920 4209 1039 4268 σῃς.

265 4371 445 4440 Ὅπως
475 4375 717 4444 συνίῃς.
752 4374 882 4429 Ἐὰν
914 4375 1023 4446 γὰρ
1072 4375 1147 4446 μὴ
1196 4375 1264 4429 τὰ
1296 4375 1762 4446 προγεγραμμένα

206 4468 420 4539 σχῶμεν,
445 4470 510 4523 ού
539 4472 791 4540 συνίεμεν
812 4468 849 4523 ἃ.
878 4469 1194 4538 ποιήσομεν.

267 4648 367 4701 Καὶ
407 4649 527 4703 νῦν
582 4643 750 4713 οἶδας
780 4645 819 4701 ti
850 4642 1102 4712 ἐποίησὲ
1145 4660 1247 4713 μοι
1276 4641 1463 4697 Ἰωάό.
1522 4641 1645 4704 Πῶς
1690 4640 1766 4711 τῷ

208 4736 343 4790 παιδὶ
358 4738 707 4810 προσέταξεν,
726 4738 862 4809 ὅπερ
883 4736 1045 4797 αὐτὸς
1072 4735 1133 4787 ού
1169 4733 1468 4803 πεποίηκεν
1492 4750 1507 4799 ;
1531 4732 1759 4803 ᾘδέσῦη

211 4826 297 4893 μὲν
327 4829 478 4884 τοῦτο
511 4829 690 4892 αὐτὸς,
746 4828 823 4891 ὡς
872 4829 1145 4879 τοσούτων
1174 4824 1434 4879 κινδύνων
1468 4824 1763 4894 γενόμενον

208 4920 458 4973 κοινωνόν.
491 4919 644 4989 ’Δμα
674 4918 731 4973 δὲ
756 4919 849 4971 καὶ
870 4917 1055 4979 δεδιὼς
1086 4916 1299 4983 ἔλεγεν·
1327 4934 1344 4966 ι
1369 4916 1484 4969 Υἱοὶ
1505 4914 1763 4986 Σερουῒας

211 5012 545 5086 σκληρότεροι
572 5012 673 5083 μού
693 5016 851 5070 εἰσιν.
877 5030 895 5063 ι
918 5012 1096 5082 Ἐώρα
1114 5012 1172 5065 δὲ
1199 5012 1295 5064 καὶ
1325 5010 1766 5079 συγκατασκευάσ-

211 5097 351 5162 ζοντα
383 5106 543 5159 αὐτὸν
575 5105 651 5175 τῷ
671 5104 857 5176 Ὀρνίᾳ
875 5103 973 5175 τὴν
1000 5104 1312 5174 τυραννίδα.
1353 5100 1620 5171 Ἐφοϐήθη
1653 5101 1762 5152 τοίη

212 5206 313 5257 νυν,
340 5199 409 5269 μὴ
431 5198 727 5269 ἀποκτείνῃ
754 5197 847 5249 τὸν
881 5198 1020 5260 νέον,
1053 5196 1086 5266 ἢ
1115 5196 1289 5252 δοκῶν
1322 5193 1530 5256 εὔνους,
1563 5193 1639 5256 ὡς
1669 5192 1765 5245 τὸν

227 5282 484 5361 Ἀϐεννὴρ,
515 5288 724 5343 καὶτὸν
771 5287 1044 5358 Ἀμεσσάο
1083 5286 1115 5357 ἢ
1149 5284 1245 5338 καὶ
1293 5283 1542 5353 φανερῶς
1574 5284 1763 5337 διελὼν

216 5372 295 5425 τὸν
325 5376 465 5434 λαόν.
498 5381 610 5434 Καὶ
638 5380 715 5449 τῷ
741 5378 905 5450 Σεμεῒ
927 5379 982 5432 δὲ
1008 5374 1344 5446 συγγνώμην
1373 5374 1515 5439 δοὺς,
1544 5374 1639 5428 νῦν
1664 5376 1759 5428 ἀν-

215 5461 337 5519 ελεῖν
383 5468 543 5523 αὐτὸν
598 5468 904 5540 προσέταξε
936 5468 1013 5538 τῷ
1046 5466 1219 5528 παιδὶ,
1272 5463 1459 5527 δεδιὼς
1507 5463 1671 5517 αὑτοῦ
1703 5464 1764 5517 τὸ

218 5564 513 5627 τυραννικὸν
545 5566 638 5616 καὶ
684 5562 882 5635 θρασύ.
904 5563 1013 5616 Καὶ
1040 5561 1116 5624 ὡς
1154 5559 1442 5630 προφήτης
1471 5558 1646 5623 εἰδὼς,
1688 5558 1763 5620 ὡς

220 5645 271 5705 εὖ
299 5652 530 5716 φείσεται
560 5654 754 5725 καιρὸν
778 5652 952 5721 εὑρὼν
977 5652 1096 5704 οὐδὲ
1126 5650 1221 5703 τοῦ
1246 5649 1431 5711 παιδός
1451 5662 1462 5676 ·
1494 5650 1549 5711 ὃς
1575 5666 1635 5715 γε
1671 5650 1763 5701 καὶ

226 5737 308 5806 τῆς
336 5746 414 5797 τοῦ
447 5746 785 5819 Σολομῶντος
826 5742 1166 5816 προστάξεως
1209 5739 1547 5811 ὠλιγώρησε.
1590 5741 1763 5793 φυλά-

1855 3187 1998 3240 dicta
2033 3196 2179 3251 sunt,
2219 3203 2340 3241 cum
2369 3187 2565 3257 gaudio
2608 3199 2659 3243 et
2705 3189 2889 3243 laetitia
2921 3190 3156 3257 excepit.
3183 3190 3438 3260 Cumque

1856 3289 2014 3334 aetate
2074 3278 2472 3349 prohiberetur,
2524 3282 2823 3348 quominus
2879 3296 3170 3351 assurgere
3230 3292 3436 3352 posset,

1858 3373 2153 3426 inclinatus
2210 3370 2377 3425 Deum
2445 3371 2714 3435 adoravit,
2759 3372 2853 3444 qui
2910 3373 3439 3444 promissionesim-

1859 3465 2137 3534 plevisset.

2518 3557 2674 3612 CAP.
2712 3556 2779 3612 11.

1928 3644 2095 3702 Vens.
2130 3648 2178 3701 ί.
2237 3644 2314 3701 Tu
2340 3646 2495 3715 fortis
2546 3648 2673 3712 eris,
2727 3657 2776 3701 et
2816 3648 2894 3701 vir
2922 3657 3125 3717 potens.
3155 3648 3277 3703 Haec
3303 3649 3437 3703 dicit

1860 3743 2117 3804 tanquam
2158 3735 2211 3789 in
2277 3735 2604 3791 Solomonis
2656 3745 2928 3806 potestate
2956 3748 3129 3801 esset,
3170 3741 3220 3792 in
3258 3739 3433 3790 virum

1860 3828 2117 3881 evadere.
2152 3823 2316 3881 Prius
2372 3825 2516 3881 enim
2551 3828 2696 3883 vires
2730 3828 2922 3894 sumit,
2976 3829 3071 3899 qui
3103 3832 3189 3883 vir
3220 3828 3437 3882 futurus

1862 3926 1966 3969 881.
2339 3931 2345 3934 ’

1931 4006 2098 4061 Vens.
2137 4006 2193 4061 2.
2226 4006 2514 4063 Custodire
2544 4010 2684 4063 viam
2718 4010 2854 4079 ejus.
2877 4018 2928 4064 et
2949 4025 3070 4080 quae
3100 4017 3432 4078 sequuntur,

1862 4114 2041 4167 usque
2071 4099 2137 4153 ad
2189 4100 2345 4163 illud,
2373 4110 2427 4152 ut
2476 4101 2762 4170 intelligas.
2797 4102 2913 4156 Hoc
2954 4110 3060 4165 est,
3089 4117 3265 4169 neque
3298 4104 3436 4158 leve.

1862 4203 2026 4260 atque
2067 4193 2323 4262 exiguum
2352 4192 2612 4262 quiddam
2661 4194 2714 4246 in
2757 4196 3021 4262 speciem,
3067 4196 3284 4249 illorum
3317 4210 3438 4264 qua:

1862 4284 2064 4352 scripta
2091 4294 2221 4337 sunt
2248 4285 2559 4354 transgredi
2608 4286 2831 4339 audeas.

1935 4374 2098 4430 Vens.
2131 4378 2182 4430 5.
2210 4376 2276 4430 Ut
2302 4378 2590 4447 intelligas.
2624 4378 2735 4432 Nisi
2761 4381 2929 4439 enim,
2955 4395 3075 4448 quae
3116 4380 3436 4448 prmscripta

1791 4464 1921 4521 Diti
1959 4477 2262 4536 conspectu
2325 4471 2643 4532 habeamus,
2716 4487 2822 4524 non
2884 4473 3284 4541 intelligemus,
3318 4489 3439 4541 qua:

1872 4556 2067 4612 facturi
2100 4576 2313 4615 sumus.

1946 4647 2107 4703 Vens.
2137 4649 2189 4703 5.
2226 4647 2521 4719 Nostiqu
2549 4652 2676 4704 mihi
2728 4651 2905 4716 fecerit
2948 4651 3105 4706 Joab.
3153 4651 3438 4718 Quomodo

1871 4743 1985 4797 ﬁlio
2012 4745 2293 4797 mandavit
2325 4744 2401 4809 id,
2435 4745 2579 4812 quod
2615 4745 2730 4812 ipse
2773 4760 2880 4798 non
2929 4744 3097 4799 fecit?
3123 4745 3441 4801 Verituscst

1869 4836 1985 4904 ipse
2014 4833 2116 4887 hoc
2143 4832 2345 4898 facere,
2387 4849 2454 4887 eo
2511 4833 2659 4901 quod
2688 4843 2768 4887 tot
2802 4834 3176 4904 periculorum
3209 4839 3438 4906 partici-

1867 4942 1987 4995 pem
2054 4927 2169 4995 ipse
2216 4926 2519 4988 habuisset,
2551 4926 2713 4981 simul
2780 4928 2945 4983 etiam
2995 4930 3100 4984 sibi
3167 4940 3436 4997 metuens,

1865 5017 2039 5071 dixit:
2070 5035 2087 5065 σ
2119 5015 2322 5070 Servi-ae
2355 5016 2449 5070 lilii
2474 5015 2726 5074 duriores
2759 5029 2887 5074 sunt
2937 5036 3099 5090 quam
3135 5038 3260 5091 ego.
3295 5043 3312 5074 ι
3349 5022 3441 5077 Vi-

1865 5109 2028 5163 debat
2056 5110 2226 5172 enim,
2250 5108 2394 5178 quod
2447 5108 2565 5179 ipse
2605 5125 2822 5181 quoque
2840 5127 2964 5165 cum
2992 5111 3183 5179 Ornia,
3211 5130 3437 5183 regnum

1866 5199 2174 5262 aﬁ‘ectante,
2221 5198 2440 5255 faceret.
2504 5198 2749 5257 Metuens
2796 5201 2967 5271 igitur
3022 5218 3089 5257 ne
3152 5204 3437 5271 juvenem,

1867 5292 1947 5346 vel
1996 5293 2210 5347 occulte
2261 5290 2561 5345 amicitiam
2627 5293 2915 5355 simulans,
2971 5294 3437 5363 quemadmodum

1865 5389 2135 5442 Abnerem
2198 5396 2251 5440 et
2310 5388 2623 5452 Amessam,
2659 5388 2743 5443 vel
2788 5397 2975 5457 aperte
3004 5395 3267 5459 populum
3299 5406 3438 5443 con-

1865 5476 2109 5540 citando,
2148 5475 2496 5532 interficeret.
2526 5478 2790 5533 Praeterea
2816 5478 3050 5550 injungit
3078 5480 3438 5549 adolescenti,

1867 5579 1923 5622 ut
1960 5566 2149 5621 Scauri
2195 5581 2439 5637 quoque,
2480 5569 2569 5622 cui
2625 5569 2929 5638 ignoverat,
2976 5571 3439 5634 interﬁciat,t‘or-

1868 5656 2085 5710 midans
2146 5656 2492 5725 tyrannidem
2552 5667 2607 5710 et
2664 5659 3050 5714 conﬁdentiam
3104 5662 3297 5730 ipsius.
3333 5661 3438 5715 No-

1867 5756 2020 5803 vciat
2067 5748 2237 5813 enim,
2294 5756 2476 5816 utpote
2507 5748 2795 5823 propheta,
2860 5752 3005 5822 quod
3053 5754 3232 5808 oblata
3273 5770 3439 5808 occa.
