4058 6556
601 337 746 405 ,1151

1907 345 2265 407 PROCOPII
2295 347 2539 407 GAZ/EI

3721 345 3835 410 H52

610 456 766 507 sione
797 468 866 509 ne
891 451 1003 506 filio
1034 452 1253 523 quidem
1282 469 1553 523 parsurus
1586 463 1754 513 esset.
1807 455 1901 522 qui
1934 454 2184 510 Solomo-

2310 455 2485 521 ξασθαι
2534 455 2720 509 τοίνυν
2771 455 2922 526 αὐτῷ
2975 455 3164 509 τούτου
3214 453 3482 525 πονηρίαν
3530 455 3835 524 παρεκελεύ-

609 545 698 600 nis
733 545 896 600 etiam
929 552 1268 614 praeceptum
1329 547 1684 615 contempsit.
1732 545 1994 600 Malitiam
2019 546 2186 617 igitur
2287 563 2438 600 σατο.

610 637 784 706 ipsius
813 636 1110 691 observare
1143 651 1269 690 eum
1314 636 1508 706 jussit.

687 725 749 778 Et
782 725 1019 794 sepultus
1041 735 1118 782 est
1150 727 1206 780 in
1227 727 1438 782 civitate
1489 726 1683 785 Dauid.
1721 725 1856 781 Sion
1885 726 1990 780 hoc
2023 727 2187 782 modo

613 816 896 886 Scriptura
934 818 1195 888 appellat,
1218 833 1338 888 qum
1386 817 1540 874 urbis
1587 833 1686 872 arx
1707 829 1845 875 erat.
1874 816 2011 872 Tota
2057 834 2188 874 vero

612 921 758 959 nunc
808 904 1117 962 Jerusalem
1151 908 1491 963 nominatur.
1549 905 1606 960 111
1644 921 1752 974 qua
1775 905 2048 975 Iosephus
2084 907 2191 962 Da-

612 997 811 1061 videm,
870 1005 924 1050 et
967 998 1060 1066 qui
1102 1006 1226 1066 post
1281 1015 1405 1054 eum
1469 998 1694 1055 fuerunt
1739 1014 1920 1070 reges,
1941 1001 2189 1069 sepultos

612 1102 738 1138 esse
767 1086 962 1148 tradit,
1017 1096 1070 1140 et
1119 1096 1534 1142 monumentum
1602 1087 1758 1158 juxta
1814 1088 2019 1146 Siloam
2044 1092 2188 1144 antri

615 1176 856 1242 speciem
909 1176 1194 1243 habuisse,
1226 1187 1278 1232 et
1309 1186 1566 1248 sumptus
1623 1179 1835 1247 regales
1871 1181 2189 1238 ostendens.

616 1268 760 1323 Dicit
791 1278 973 1325 autem
1028 1272 1262 1325 multum
1321 1273 1442 1326 auri
1480 1288 1584 1325 una
1619 1287 1745 1329 cum
1777 1288 1846 1328 eo
1876 1274 1928 1332 in
1987 1282 2190 1328 terram

616 1359 896 1414 defossmn
934 1376 1056 1414 esse
1094 1362 1165 1414 al)
1195 1361 1313 1431 ipso
1347 1362 1662 1418 Solomone.
1697 1361 1996 1420 Hircanum
2023 1365 2192 1430 enim,

616 1467 892 1505 summum
927 1451 1260 1520 pontificem,
1293 1468 1418 1505 cum
1450 1454 1580 1505 urbs
1605 1453 1672 1508 ab
1704 1455 1978 1510 Antiocho
1998 1454 2196 1509 Deme-

616 1543 711 1595 trii
740 1542 848 1595 lilio
879 1542 1249 1605 obsideretur,
1273 1552 1465 1616 aperto
1489 1556 1846 1599 monumento
1869 1585 1883 1608 ,
1910 1546 2195 1617 octoginta

617 1636 820 1688 talenta
848 1636 1146 1704 accepisse.
1185 1637 1351 1689 David
1401 1646 1584 1690 autem
1612 1637 1766 1698 obiit.
1798 1653 1924 1692 cum
1977 1648 2198 1706 septua-

2359 727 2466 781 Καὶ
2491 726 2682 796 ἑτάρη
2706 727 2776 780 ἐν
2809 729 2982 782 πόλει
3021 726 3219 781 Δαϐἱδ.
3255 727 3408 781 Οὕτω
3436 727 3602 780 καλεῖ
3619 725 3708 796 τὴν
3727 729 3842 782 Σιὼν

2290 819 2324 886 ἡ
2357 818 2572 889 Γραφὴ,
2605 819 2728 888 ἥτις
2752 812 2821 888 ἦν
2849 818 2885 887 ὴ
2922 819 3034 872 ἀνω
3057 818 3230 881 πόλις.
3265 818 3423 871 Πᾶσα
3455 817 3515 869 δὲ
3544 816 3640 868 νῦν
3680 816 3845 886 Ἰερουο

2293 906 2476 977 σαλὴμ
2499 906 2860 976 ὀνομάζεταν
2897 908 2956 960 ὲν
3065 906 3332 975 τετάφθαι
3382 905 3605 965 τοῦτον,
3633 907 3719 958 καὶ
3744 910 3845 972 me;

2295 999 2414 1068 μετ’
2452 998 2614 1050 αὐτὸν
2648 996 2924 1066 βασιλέας,
2951 997 3099 1065 λέγει
3119 998 3451 1067 Ἰώσηππος.
3497 994 3574 1048 To
3605 997 3658 1048 δὲ
3690 999 3845 1067 μνῆμα

2295 1090 2446 1160 παρὰ
2481 1091 2572 1143 τδν
2612 1090 2833 1159 Σιλωὰμ
2862 1086 3024 1154 εἶναι,
3059 1089 3370 1159 ἀντροειδὲς
3401 1090 3530 1158 ἔχον
3577 1088 3638 1141 τὸ
3672 1091 3845 1160 σχῆμα,

2295 1181 2392 1232 καὶ
2423 1180 2709 1250 βασιλικὴν
2735 1178 2936 1252 δηλοῦν
2960 1180 3330 1234 πολυτέλειαν.
3368 1181 3523 1248 Ἔφη
3557 1181 3615 1233 δὲ
3653 1184 3739 1234 καὶ
3770 1200 3848 1236 που

2293 1272 2391 1325 λὺν
2419 1272 2572 1342 αὐτῷ
2639 1273 3116 1342 συγκατορυγῆναι
3167 1276 3366 1344 χρυσον
3407 1273 3570 1340 παρά
3613 1272 3701 1325 τοῦ
3730 1275 3851 1328 Σολο-

2299 1362 2528 1432 μῶντος.
2572 1363 2841 1432 Ὑρκανὸν
2871 1366 2978 1432 γὰρ
3023 1363 3114 1416 τὸν
3149 1364 3447 1434 ἀρχιερέα,
3485 1363 3852 1433 πολιορκουμέο

2294 1471 2392 1524 νης
2425 1455 2514 1507 ὑπ’
2537 1455 2810 1525 Ἀντιόχου
2841 1455 2942 1524 τῆς
2967 1455 3173 1518 πόλεως
3196 1455 3290 1508 τοῦ
3321 1455 3645 1525 Δημητρίου
3677 1456 3853 1521 παιδὸς,

2297 1544 2586 1611 ἀνοίξαντα
2613 1547 2674 1598 τὸ
2711 1547 2901 1615 μνῆμα
2924 1585 2939 1610 ,
2993 1545 3181 1599 λαϐεῖν
3220 1546 3584 1616 ὁγδοήκοντα.
3633 1547 3783 1598 Δαεὶὸ
3812 1547 3859 1598 δὲ

2296 1632 2687 1700 τετελεύτηκεν
2704 1633 2840 1687 ἑτῶν
2854 1634 3240 1704 ἑϐδομήκοντα.
3261 1634 3600 1696 Βασιλεύσας
3622 1635 3715 1704 μὲν
3727 1652 3858 1706 τρια-

617 1729 769 1793 g‘nta
829 1741 1100 1780 annorum
1139 1736 1304 1787 essel,
1366 1741 1534 1794 regno
1597 1727 1803 1795 potitus
1846 1741 1990 1783 anno
2018 1728 2197 1785 aetatis

2310 1724 2612 1795 κοντούτης,
2647 1725 2974 1795 βασιλεύσας
3003 1727 3060 1779 δὲ
3091 1728 3536 1798 τεσσαράκοντα.
3558 1727 3634 1779 Τδ
3661 1727 3714 1780 δὲ
3734 1731 3861 1781 ἐκοι-

619 1817 926 1880 tricesimo,
961 1817 1214 1879 regnavit
1277 1816 1440 1871 annis
1479 1817 1869 1886 quadraginta.
1898 1818 2034 1872 Illud
2067 1833 2199 1873 vero

2310 1817 2481 1885 ιιήθνη.
2520 1819 2738 1887 πρῶτον
2768 1821 2860 1872 ἐπὶ
2888 1819 3053 1872 Δαϐὶδ
3096 1795 3328 1890 εἴρηται,
3361 1819 3574 1890 δηλοῦν
3611 1819 3858 1891 τελευτήν.

617 1908 894 1969 dormivit,
931 1907 1169 1976 primum
1220 1907 1287 1961 de
1330 1907 1532 1962 Davide
1585 1907 1798 1962 dictum
1833 1917 1938 1973 est,
1970 1918 2200 1963 mortem

619 1998 960 2071 s‘gnilicans.
995 1994 1329 2052 Ohservaliis
1399 2006 1611 2062 autem,
1672 2014 1740 2052 an
1802 2003 1916 2052 111110
1976 2005 2203 2068 propter

618 2087 902 2141 tiliristum
927 2088 1036 2141 sint
1067 2089 1294 2156 scripta,
1319 2089 1433 2158 qui,
1483 2103 1608 2144 cum
1646 2088 1963 2151 cecidisset,
1993 2104 2091 2142 ceu
2119 2089 2202 2143 leo

619 2178 899 2243 dormivit,
937 2187 988 2231 et
1028 2179 1192 2232 veluti
1227 2179 1446 2233 catulus
1477 2179 1674 2233 leonis.
1706 2177 2063 2249 Quapropter
2119 2178 2204 2231 di-

619 2288 768 2328 0111111
802 2281 918 2328 cst:
947 2291 964 2324 ι
999 2273 1108 2340 Ego
1132 2272 1438 2326 obdormivi
1477 2274 1542 2337 ³⁸,
1586 2292 1604 2325 1
1632 2281 1740 2327 etc.

696 2362 860 2417 Vens.
893 2361 986 2415 23.
1017 2361 1079 2416 Et
1111 2363 1376 2428 interfecit
1399 2359 1643 2416 Orniom.
1694 2361 1926 2426 Quidam
1975 2377 2206 2417 succen-

622 2467 744 2511 sent
776 2457 1058 2511 Solomoni
1089 2456 1234 2526 quod
1296 2459 1524 2510 fratrem
1583 2455 1942 2510 interfecerit.
1970 2454 2207 2511 Diversa:

625 2556 807 2600 autem
836 2547 1114 2599 hominum
1143 2555 1275 2599 sunt
1318 2547 1443 2601 vita:
1495 2546 1765 2602 rationes.
1787 2545 2023 2612 Quidam
2057 2546 2206 2601 enim

608 2637 935 2692 .alisolutam
979 2647 1034 2692 at
1095 2634 1396 2704 perfectam
1459 2635 1864 2706 philosophiam
1934 2645 2204 2705 tractant;

626 2730 721 2782 a'ii
753 2744 882 2782 vero
942 2728 1114 2792 illam,
1142 2744 1264 2798 (ευιο
1301 2729 1486 2782 civilis
1536 2728 1830 2798 disciplina
1862 2731 2205 2800 appellatur;

629 2820 722 2873 alii
756 2836 1006 2889 regnum,
1040 2829 1132 2873 aut
1155 2819 1394 2876 militare
1437 2819 1766 2889 imperium,
1796 2820 2206 2874 administrant.

631 2909 1072 2982 Unumquodque
1123 2911 1404 2967 hominum
1468 2912 1688 2967 illorum
1739 2926 1914 2981 genus
1962 2911 2030 2967 ad
2063 2914 2206 2978 vitat,

629 3016 794 3069 quam
825 3003 1096 3072 sequitur,
1118 3002 1386 3057 rationem
1437 3001 1771 3073 exigendum
1805 3015 1910 3058 εει.
1949 3002 2208 3058 Solomon

633 3095 820 3164 igitur,
870 3110 1046 3164 neque
1079 3094 1450 3162 propheticam
1510 3094 1682 3155 illam,
1717 3107 1894 3162 neque
1930 3093 2207 3164 politicam

632 3185 1026 3254 perfectionem
1059 3183 1287 3249 hahuit;
1321 3184 1416 3238 sed
1452 3184 1624 3244 illam,
1660 3198 1783 3255 qua:
1815 3184 2039 3253 regibus
2071 3199 2209 3240 con-

631 3278 800 3332 venit.
846 3275 982 3330 Cum
1027 3276 1214 3346 igitur,
1265 3276 1514 3345 periculo
1592 3275 1775 3341 facto,
1861 3277 2217 3346 cognovisset

633 3371 860 3424 ()rniam
890 3369 1236 3442 tyrannidem
1265 3367 1527 3422 affectare
1545 3367 1694 3434 (licet
1720 3369 1956 3438 primum
1983 3370 2031 3423 ei
2061 3370 2215 3439 igno-

2313 1909 2661 1974 Ἕπιστήσεις
2682 1910 2759 1973 δὲ,
2791 1913 2839 1963 εί
2870 1911 2957 1965 διὰ
2980 1912 3214 1983 Χριστὸν
3238 1911 3413 1964 ταῦτα
3436 1914 3752 1980 γέγραπται
3769 1929 3783 1943 θ
3814 1914 3860 1977 ὃς

2302 1999 2593 2054 ἀναπεσὼν
2629 2001 2898 2073 ἐκοιμήθη
2934 2002 3010 2065 ὼς
3045 2002 3202 2067 λέων,
3243 2004 3337 2055 καὶ
3365 2002 3442 2066 ὡς
3479 2003 3741 2071 σκύμνος,
3768 2005 3861 2057 Διό·
3959 2009 3965 2020 '

2303 2108 2410 2162 περ
2440 2090 2694 2162 εἴρηται·
2727 2111 2746 2145 ι
2776 2091 2920 2162 Ἐγὼ
2954 2093 3277 2167 ὲκοιμήθην.
3333 2095 3427 2149 καὶ
3461 2093 3715 2159 ὕπνωσα,
3745 2114 3761 2145 1
3788 2098 3862 2149 καὶ

2303 2183 2372 2236 τὰ
2398 2179 2547 2252 ἑξῆς.

2379 2357 2488 2414 Kal
2533 2358 2739 2414 ἀνεῖλε
2771 2359 2879 2412 τὸν·
2937 2361 3194 2427 Ὀρνιαν.
3252 2362 3552 2432 Νεμεσῶσί
3590 2379 3763 2427 τινες,
3801 2363 3858 2426 ὡς

2306 2450 2536 2520 ἀδελφὸν
2571 2452 2976 2505 ἀποκτείναντι.
3005 2453 3264 2525 Διάφοροι
3287 2454 3344 2506 δὲ
3370 2454 3482 2507 τῶν
3517 2452 3805 2523 ἀνθρώπων
3823 2458 3859 2507 οι

2311 2541 2437 2612 βίοι.
2478 2543 2541 2595 Οἱ
2576 2543 2674 2613 μὲν
2731 2545 2838 2614 γὰρ
2873 2545 3100 2599 ἀσκοῦσι
3133 2549 3232 2616 τὴν
3264 2545 3441 2617 ἄκραν
3475 2546 3863 2615 φιλοσοφίανόί

2307 2634 2382 2694 δὲ,
2417 2634 2514 2705 τὴν
2543 2635 2884 2707 καλουμένην
2943 2637 3228 2710 πολιτικὴν
3277 2641 3479 2710 ἀρετήν
3501 2657 3514 2668 ·
3559 2639 3706 2692 ἄλλοι
3735 2639 3859 2709 βασι-

2311 2724 2534 2792 σιλείαν,
2558 2725 2589 2794 ἦ
2625 2729 2977 2798 στρατηγίαν,
3014 2729 3305 2785 ἰθύνουσιν.
3329 2730 3609 2783 Ἕκαστον
3632 2731 3734 2800 ἄρα
3757 2733 3862 2800 πρὶς

2308 2820 2404 2873 τδν
2433 2820 2548 2890 βίον
2583 2822 2921 2889 ἐξεταστέον.
2954 2824 3208 2894 Σολομῶν
3231 2825 3412 2879 τοίνυν
3444 2826 3510 2878 οὐ
3557 2827 3863 2895 προφητικην

2310 2908 2457 2982 εἶχεν
2506 2913 2629 2967 οὐδὲ
2665 2915 2946 2986 πολιτικὴν
2995 2916 3328 2987 τελειότητα,
3356 2917 3457 2986 τὴν
3496 2916 3557 2968 δὲ
3591 2915 3863 2986 βασιλεῦσιν

2313 3004 2715 3075 ἁρμόττουσαν.
2782 3006 3072 3077 Πειραθεὶς
3116 3007 3330 3068 τοίνυν,
3368 3007 3487 3078 ᾔδει
3550 3008 3641 3060 τὸν
3685 3007 3864 3076 ὐρνίεν

2311 3099 2596 3166 τυραννεῖν
2650 3099 2937 3169 ἐφιέμενον
2961 3143 2974 3164 ,
3011 3101 3105 3154 καὶ
3159 3103 3430 3170 συγγνοὺς
3465 3101 3534 3154 τὸ
3582 3100 3798 3171 πρῶτον.
3826 3101 3864 3150 εί

2319 3191 2726 3260 σωφρονήσειε·
2773 3191 2870 3246 νῦν
2920 3192 3155 3256 ἀνεῖλεν,
3207 3194 3464 3248 αἰτοῦντα
3511 3194 3613 3265 τὴν
3647 3191 3864 3245 σύνευνον

2320 3279 2412 3335 τοῦ
2445 3281 2650 3352 πατρός
2669 3299 2684 3312 ·
2721 3283 2857 3356 ὅπερ
2886 3285 3198 3357 τυραννίδος
3227 3286 3475 3357 ὑπῆρχεν
3500 3286 3643 3349 ὁδὸς,
3679 3285 3762 3337 καὶ
3786 3299 3863 3335 πο-

2324 3373 2380 3424 λέ
2389 3392 2506 3441 μων
2544 3376 2824 3445 ἐμφυλίων
2857 3379 3022 3450 ἀρχή.

635 3465 824 3527 visset,
853 3465 897 3519 si
931 3464 1211 3518 moderate
1247 3480 1304 3518 se
1339 3463 1653 3534 gessisset),
1684 3479 1829 3517 nunc
1863 3479 1989 3518 eum
2041 3464 2325 3527 interlicit,
2385 3481 2511 3520 011111
2570 3471 2745 3538 patris
2807 3487 3033 3526 uxorem
3105 3472 3424 3541 petivisset:
3469 3487 3600 3525 nam
3656 3470 3762 3525 haec
3810 3469 3859 3522 1111

637 3554 984 3628 tyrannidem
1007 3556 1092 3608 via
1121 3562 1262 3618 erat,
1295 3563 1348 3608 et
1383 3555 1650 3608 bellorum
1686 3556 2072 3610 intestinorum
2107 3555 2321 3610 initium
2352 3577 2365 3624 ;
2399 3568 2458 3612 ut
2479 3562 2643 3617 verba
2665 3564 2982 3619 Solomonis
3009 3566 3173 3619 etiam
3207 3565 3512 3620 declarant.

713 3649 876 3704 Vens.
913 3647 1001 3701 50.
1038 3646 1116 3698 Ad
1141 3645 1304 3708 Joab,
1335 3647 1386 3700 iu
1415 3645 1818 3701 tabernaculum
1853 3645 2089 3701 Domini.
2121 3647 2218 3700 Sc-

638 3740 881 3796 cundum
941 3740 1111 3807 legem
1167 3737 1322 3810 jubet
1379 3738 1736 3801 homicidam,
1785 3737 1878 3807 qui
1914 3737 1971 3794 in
2002 3737 2217 3792 Domini

639 3833 1053 3888 tabernaculum
1081 3832 1425 3903 confugerat,
1448 3831 1725 3886 occidere.

717 3927 878 3981 Vens.
904 3926 995 3981 35.
1027 3925 1089 3978 In
1117 3927 1347 3992 priurum
1385 3924 1714 3979 sacerdotem
1747 3925 2056 3979 Abiatharis
2081 3925 2215 3978 loco.

644 4019 777 4072 Nam
841 4019 887 4072 is
948 4018 1132 4072 01111111
1190 4016 1548 4070 consiliorum
1608 4016 1678 4074 de
1708 4033 1879 4087 regno
1911 4017 2220 4071 invadendo

644 4113 920 4182 particeps
953 4122 1091 4166 erat.
1117 4110 1291 4164 Porro
1315 4110 1578 4165 Solomon
1606 4112 1808 4167 divinze
1838 4127 2058 4180 quoquc
2078 4126 2221 4179 prm-

647 4205 902 4258 dictionis
959 4204 1284 4258 administer
1341 4203 1468 4259 fuit.
1502 4204 1642 4258 Deus
1683 4203 1852 4266 0111111,
1902 4219 2011 4258 11011
2062 4204 2224 4257 1110110

648 4312 745 4367 per
767 4295 1098 4359 Samnelem,
1131 4296 1225 4350 sed
1269 4311 1366 4364 per
1399 4295 1567 4350 alium
1615 4311 1840 4365 quoque
1873 4297 2222 4366 prephetam,

649 4389 765 4442 Ilcli
805 4387 1028 4457 generis
1066 4385 1351 4441 infamiam
1379 4387 1655 4456 pra-dixit.

719 4480 880 4550 530
904 4477 1071 4533 Vens.
1105 4478 1195 4534 45.
1219 4477 1363 4532 Deus
1391 4478 1536 4532 dedit
1559 4478 1894 4547 prudentiam
1925 4478 2220 4545 Solomoni,

2395 3651 2552 3718 Πρὸς
2585 3653 2766 3721 Ἰωὰὄ,
2796 3657 2884 3722 είς
2907 3655 3019 3723 τὴν
3049 3657 3294 3723 σκηνὴν
3315 3656 3421 3709 τοῦ
3453 3659 3692 3723 Kvpt'ov.
3738 3652 3859 3706 Κατὰ

2321 3740 2413 3793 τὸν
2434 3743 2599 3813 νόμον
2619 3745 2711 3798 τὸν
2737 3747 3002 3816 φονευτὴν
3029 3748 3350 3800 ἀποκτείναι
3381 3745 3620 3810 κελεύει,
3661 3761 3861 3816 προσφυ-

2321 3832 2486 3901 γόντα
2513 3837 2578 3905 τῇ
2612 3835 2708 3889 τοῦ
2735 3837 2941 3908 Κυρίου
2971 3841 3163 3908 σκηνῇ.

2393 3928 2494 3992 Είς
2529 3925 2687 3994 ἱερέα
2719 3928 2974 3996 πρῶτον,
3013 3930 3148 3983 ἀντί
3192 3929 3474 3992 Ἀϐιάθαρ.
3496 3921 3609 3980 Ἦν
3640 3914 3740 3996 γὰρ
3768 3927 3860 3993 Ὀρ-

2321 4018 2412 4089 νία
2439 4023 2776 4090 κοινωνήσας
2802 4022 2898 4090 τῆς
2928 4020 3261 4092 τυραννίδος,
3285 4021 3360 4084 ὡς
3387 4019 3540 4090 δηλοῖ
3564 4019 3657 4071 καὶ
3681 4015 3763 4070 τοῦ
3788 4017 3860 4068 Σο-

2323 4111 2598 4180 λομῶντος
2631 4113 2699 4166 τά
2725 4113 2964 4184 ῥήματα.
2995 4114 3136 4184 Πλὴν
3168 4115 3196 4166 ό
3232 4111 3488 4182 Σολομῶν
3507 4113 3605 4165 καὶ
3629 4114 3721 4181 τῆς
3743 4109 3858 4168 θείας

2328 4201 2692 4269 προρρήσεως
2725 4202 2947 4269 γέγονεν
2983 4202 3275 4273 ὑπουργός.
3303 4201 3394 4271 Τῷ
3423 4204 3533 4272 γὰρ
3564 4201 3678 4255 Ἠλὶ
3695 4201 3775 4252 καὶ
3791 4198 3858 4251 διὰ

2330 4291 2606 4362 Σαμουὴλ,
2658 4293 2752 4346 καὶ
2785 4293 2853 4346 δι’
2874 4293 3036 4346 ἄλλου
3079 4295 3385 4365 προφήτου,
3435 4290 3859 4365 προηγόρευσενό

2329 4381 2464 4446 Θεὸς
2501 4382 2595 4437 τοῦ
2629 4385 2820 4453 γένους
2854 4383 2954 4456 τὴν
2988 4385 3236 4455 ἀτιμίαν.

2401 4477 2708 4544 Φρόνησιν
2746 4474 2826 4541 τῷ
2862 4477 3229 4546 Σολομῶντι,
3260 4476 3359 4529 καί
3387 4477 3613 4545 σοφίαν
3638 4474 3857 4540 πολλὴν.

649 4583 697 4626 et
713 4573 1020 4639 sapientium
1037 4571 1282 4625 multum.
1305 4570 1638 4640 Sapientiam
1657 4570 1969 4627 Solomonis
1987 4575 2209 4628 1111011111

2341 4565 2437 4620 Ἐκ
2468 4567 2816 4638 παραλλήλου
2849 4569 2950 4639 τὴν
2980 4568 3173 4636 σοφίαν
3209 4568 3464 4632 ἐδήλωσε.
3489 4568 3688 4620 Τούτου
3715 4565 3854 4635 χάριν.

653 4666 1068 4734 comparatione
1099 4663 1360 4726 ostendit,
1419 4674 1471 4717 et
1521 4673 1814 4734 propterea
1847 4665 2090 4730 illorum,
2130 4668 2224 4737 qui

653 4758 784 4810 olim
833 4756 1102 4826 sapientia
1161 4755 1296 4810 clari
1325 4763 1378 4808 et
1433 4755 1682 4812 celebres
1737 4754 1981 4819 fuerunt,
2025 4758 2230 4813 mentio

657 4851 796 4902 facta
860 4858 966 4912 est;
1002 4847 1144 4901 inter
1175 4861 1316 4915 quos
1344 4845 1655 4915 Egyptios,
1723 4847 1814 4916 qui
1841 4849 1986 4918 apud
2038 4865 2231 4905 onmes

658 4940 945 5010 sapientia:
973 4937 1186 4991 laudem
1212 4937 1547 5002 habuerunt,
1604 4938 1781 5008 primo
1831 4939 1954 4995 loco
2024 4940 2231 5010 posuit.

662 5038 816 5099 Mm,
843 5035 1303 5106 quemadmodum
1329 5035 1503 5090 Graeci
1535 5033 1814 5088 1110111011111
1848 5031 2228 5102 prodiderunt,

660 5127 1008 5198 Pherecydes
1039 5128 1260 5198 Syrius,
1283 5125 1629 5198 Pythagoras
1655 5125 1908 5188 Samius,
1940 5124 2232 5193 Anaxago-

659 5236 755 5273 ras
778 5219 1182 5283 Clazomenius,
1210 5226 1262 5271 et
1320 5215 1473 5271 Plato
1528 5215 1907 5278 Atheniensis,
1964 5215 2236 5285 physiolo-

664 5315 788 5382 εἶξε,
815 5318 868 5366 et
901 5309 1190 5380 theologia:
1222 5308 1588 5362 accuratioris
1619 5306 1898 5362 discenda:
1937 5321 2105 5361 causa
2167 5307 2234 5360 ad

2329 4659 2422 4712 καὶ
2458 4657 2568 4711 τῶν
2601 4659 2767 4712 πάλαι
2802 4660 3190 4731 γεγενημένων
3217 4660 3399 4728 σοφῶν
3433 4660 3691 4729 ἀορίστως
3730 4656 3858 4725 ἐμνή-

2329 4751 2452 4822 σθη.
2488 4752 2597 4805 Καὶ
2643 4754 2770 4816 τοὺς
2818 4753 3152 4820 Αἰγυπτίους
3202 4733 3581 4822 προτέθεικεν,
3616 4748 3858 4802 δοκοῦντας

2331 4843 2483 4914 παρὰ
2511 4845 2679 4897 πᾶσιν
2713 4841 2851 4898 εἶναι
2882 4841 3210 4909 σοφούς.Ὢς
3240 4842 3350 4912 γὰρ
3389 4842 3678 4910 ἱστόρησαν
3699 4835 3854 4902 Ἐλληο

2331 4955 2440 5003 νες,
2470 4937 2781 5008 Φερεκύδης
2807 4938 2835 4989 ὁ
2871 4937 3065 5008 Σύριος
3084 4977 3099 5000 ,
3133 4936 3231 4990 καὶ
3258 4934 3585 5006 Πυθαγόρας
3615 4935 3640 4986 ό
3675 4932 3852 5000 Σάμιος.

2335 5030 2431 5080 καὶ
2464 5027 2836 5098 Ἀναξαγόρας
2867 5029 2896 5080 ὀ
2921 5026 3316 5096 Κλαζομένιος,
3340 5025 3435 5078 καὶ
3464 5025 3682 5078 Πλάτων
3699 5018 3853 5085 6101‘,-

2335 5119 2502 5180 ναϊος,
2525 5117 2660 5186 πρὸς
2689 5116 2916 5180 τούτους
2945 5116 3310 5185 ἐξεδήμησαν,
3349 5112 3688 5184 φυσιολογίας
3713 5106 3854 5177 χάριν.

2335 5210 2431 5263 καὶ
2467 5211 2744 5278 θεολογίας
2769 5209 3186 5282 ἀκριϐεστέρας·
3217 5207 3297 5260 διδ
3317 5207 3484 5277 φησὶν
3510 5208 3542 5274 ὴ
3568 5194 3852 5276 ΓραφήῚίαὶ

2338 5305 2579 5372 Μωῡσῆς
2615 5302 2909 5372 ὲπαιδεύθη
2937 5302 3088 5374 πάσῃ
3123 5299 3287 5370 σοφία
3316 5299 3650 5367 Αἰγυπτίων,
3677 5292 3754 5353 οὓς
3774 5287 3852 5341 ἐνί·

669 5403 794 5456 illos
859 5400 1090 5469 profecti
1145 5408 1294 5455 sunt.
1337 5396 1687 5468 Quapropter
1760 5395 1894 5452 dicit
1951 5397 2209 5466 Scriptur:

2339 5415 2410 5451 κα
2441 5395 2692 5466 Σολομῶν
2712 5436 2725 5456 ,
2759 5395 2964 5465 θεόθενξ
2987 5394 3160 5465 δῶρον
3189 5393 3287 5465 τὴν
3317 5391 3515 5460 σοφίαν
3548 5386 3848 5458 κτησάμενοςο

670 5493 889 5565 Moysen
935 5491 1083 5546 omni
1146 5491 1415 5560 sapientia
1480 5489 1860 5559 Egyptiarum
1922 5489 2209 5544 institutuu

2340 5488 2522 5556 Ψόγον
2543 5488 2602 5541 δὲ
2630 5490 2743 5550 τοῖς
2769 5487 3013 5549 ἐπαίνοις
3037 5484 3356 5550 συνέζευξεν
3378 5484 3412 5552 ή
3432 5481 3641 5552 Γραφή,
3667 5475 3848 5530 Γυναῖκα

669 5602 794 5640 esse
815 5585 881 5639 “.
922 5584 1074 5652 Quos
1106 5583 1392 5645 Solomon,
1428 5582 1692 5638 divinitus
1717 5581 2002 5651 sapientia:
2031 5581 2209 5636 douuu

2341 5581 2448 5652 γάρ
2486 5579 2784 5649 ἀλλόφυλον
2823 5579 3158 5650 παρανόμως
3193 5577 3454 5648 ἠγάγετο·
3726 5654 3753 5662 __
3814 5651 3822 5662 ,

675 5674 909 5744 adeptus
939 5673 1237 5741 superavit.
1287 5672 1759 5741 Vituperationem
1786 5686 1917 5727 vero
1981 5671 2239 5728 laudibus
2284 5671 2458 5744 ipsius
2508 5670 2792 5744 Scriptura
2850 5668 3162 5742 conjunxit,
3208 5667 3356 5741 quod
3425 5679 3642 5720 uxorem
3697 5654 3848 5711 alieni-

673 5781 865 5839 genam
895 5773 1087 5818 contra
1117 5765 1306 5830 legem
1328 5763 1563 5817 duxerit.

691 5841 694 5843 ’
750 5861 794 5890 ao'
841 5857 1096 5922 [ib-31,1”,
1125 5857 1178 5915 θ,
1257 5854 1301 5886 ³⁸⁸
1333 5855 1458 5910 Act.
1504 5870 1602 5920 1111,
1632 5854 1730 5910 2'2.
