4034 6506
618 375 754 444 1155

1945 377 2298 439 PROCOPII
2329 377 2572 437 GAZIEI

3725 384 3831 452 1155

619 492 811 561 prelati
859 500 1004 546 sunt.
1057 490 1150 545 Est
1204 498 1385 546 autem
1446 506 1704 546 mensura
1745 491 2185 556 Palmstinorum,

2295 495 2488 555 στῖνον,
2515 493 2864 563 πεντήκοντα
2894 493 3108 560 ξέστας,
3144 496 3238 550 καὶ
3265 500 3408 566 χοεῖς
3441 497 3632 568 χωρῶν
3664 502 3828 555 τέσσα-

619 585 962 654 septuaginta
1014 583 1307 645 sextarios.
1343 591 1396 637 et
1456 584 1650 647 ehoas,
1687 583 1768 638 vel
1799 583 2024 653 congios
2060 599 2195 652 qua-

618 687 741 730 tuor
767 675 1017 745 capiens,
1060 683 1118 729 ut
1158 675 1352 730 scribit
1385 673 1674 742 Josephus.

1277 763 1431 818 CAP.
1464 761 1556 817 VI.

689 854 851 910 Vens.
887 855 937 908 7.
975 853 1200 922 Lapidis
1256 853 1493 908 edolatas
1552 863 1602 907 et
1636 853 1853 923 politos.
1892 851 1969 906 Ex
2006 851 2196 919 hujus-

615 946 827 1000 cemodi
865 945 1137 1014 lapidibus
1163 946 1422 1012 templum
1473 945 1802 1007 construxit,
1849 959 1973 998 cum
2013 944 2193 997 divina

618 1035 1034 1106 dispensatione
1067 1035 1204 1089 tales
1239 1035 1564 1097 invenisset,
1610 1049 1677 1088 ne
1709 1033 1856 1088 ferro
1890 1049 2028 1102 opus
2048 1042 2195 1088 esset

615 1130 681 1184 ad
710 1127 1187 1183 accuratissimam
1222 1128 1541 1198 juncturam
1610 1133 1668 1180 et
1715 1125 2191 1194 compositionem.

617 1223 793 1278 Sectis
822 1237 948 1277 vero
980 1221 1248 1291 lapidibut
1311 1221 1698 1275 ambulacrum
1742 1219 1934 1289 templi
1959 1219 2194 1274 aediﬁca-

618 1315 733 1368 vit:
795 1314 1003 1382 regiam
1053 1312 1209 1376 item,
1245 1320 1300 1366 tt
1341 1311 1540 1366 mmnia
1571 1309 1917 1379 metropolis,
1948 1317 2004 1364 et
2055 1309 2192 1365 alias

616 1406 801 1469 urbes,
839 1421 976 1476 quas
1009 1405 1337 1459 munitiores
1370 1403 1626 1458 reddidit.

685 1495 841 1565 531
877 1495 1040 1550 Vens.
1075 1497 1162 1551 17.
1208 1495 1582 1565 Quadraginta
1612 1494 1905 1548 cubitorum
1930 1493 2190 1565 longitudo

613 1583 744 1654 ejus.
771 1585 942 1640 Paulo
969 1595 1090 1656 post
1127 1586 1358 1640 aliorum
1403 1601 1625 1655 quoque
1651 1586 1962 1638 cubitorum
1994 1587 2188 1638 domus

617 1675 804 1732 Sancti
848 1688 1164 1732 sanctorum
1228 1678 1502 1742 meminit,
1565 1678 1731 1730 itaut
1785 1675 1836 1728 iu
1869 1675 2188 1730 universum

614 1770 723 1824 sint
743 1772 1044 1839 sexaginta.
1086 1771 1369 1842 Templum
1433 1787 1565 1825 vero
1602 1771 1668 1824 ad
1702 1783 1886 1825 ortum
1922 1772 2188 1840 respicie-

2300 602 2397 653 ρας
2417 594 2463 650 ι,
2505 586 2578 649 ὡς
2631 583 2933 657 Ἰώσηππος
2972 586 3193 658 ἔφησεν.

2895 768 3147 821 utrem.
3184 766 3274 834 cr.

2367 858 2586 923 Λίθους
2613 858 3049 925 ἀπελεκήτους.
3091 859 3185 910 Ἐκ
3212 857 3474 912 τοιούτων
3521 858 3679 913 λίθων
3719 861 3833 932 dixit.

2295 949 2496 1018 δόμησε
2525 948 2615 1001 τὸν
2644 947 2799 1011 νεὼν,
2833 948 2976 1001 κατὰ
3005 948 3157 1002 θείαν
3186 949 3447 1016 πρόνοιαν
3481 950 3741 1014 τοιούτους
3765 958 3834 1007 εὐ-

2297 1041 2426 1111 ρὼν,
2466 1041 2541 1102 ὡς
2569 1040 2643 1111 μὴ
2675 1039 2883 1093 δεῖσθαι
2911 1041 3130 1110 σιδήρου
3179 1041 3312 1112 πρὸς
3359 1041 3628 1111 ἁρμονίαν
3654 1043 3838 1113 ἀκριϐε-

2297 1133 2500 1202 στάτην
2525 1147 2539 1164 ο
2577 1135 2805 1202 τμητοῖς
2835 1131 2892 1184 δὲ
2920 1132 3088 1194 λίθοις
3132 1132 3222 1184 τὸν
3270 1131 3365 1184 τοῦ
3399 1131 3554 1200 ἱεροῦ
3589 1134 3838 1202 περίϐοὶον

2294 1225 2629 1295 ᾠκοδόμησε,
2663 1226 2756 1277 καὶ
2805 1223 2873 1275 τὰ
2927 1223 3171 1292 βασίλεια
3194 1265 3208 1288 ,
3251 1223 3345 1276 καὶ
3375 1223 3436 1276 τὸ
3465 1224 3568 1291 τῆς
3605 1228 3839 1293 μητροπό-

2292 1314 2428 1376 λεως
2467 1316 2662 1383 τεῖχος,
2695 1313 2785 1365 καί
2829 1312 2928 1375 τὰς
2978 1311 3145 1375 ἄλλας
3187 1313 3392 1376 πόλεις,
3430 1312 3499 1375 ἃς
3546 1315 3838 1383 ὀχυροτὲρις

2294 1409 2596 1477 ἀπέφηνεν.

2369 1498 2830 1566 Τεσσαράκοντα
2865 1495 3080 1567 πήχεις
3120 1498 3186 1551 τὸ
3233 1496 3434 1566 μῆκος
3485 1497 3691 1553 αὐτοῦ.
3728 1501 3844 1552 Μετ’

2291 1589 2481 1658 ὀλίγα,
2514 1591 2608 1644 καὶ⁸
2655 1591 2829 1645 ἄλλων
2875 1590 3052 1663 εἴκοσι
3105 1592 3328 1662 πήχεων
3379 1591 3745 1661 ἐπιμέμνηται
3772 1594 3844 1646 τοῦ

2291 1680 2441 1733 οἴκου
2484 1681 2576 1734 τοῦ
2611 1681 2798 1749 Ἀγίου
2830 1681 2940 1734 τῶν
2969 1681 3159 1750 ἁγίων,
3187 1681 3264 1744 ὡς
3310 1675 3454 1734 εἶναι
3504 1683 3634 1752 τοὺς
3673 1686 3846 1749 πάντας

2293 1773 2485 1840 πήχεις
2515 1771 2878 1842 ἐξήκοντα.⁰0
2909 1771 2966 1824 δέ
2993 1770 3128 1834 νεὼς
3159 1771 3466 1842 ἐτέτραπτο
3497 1773 3638 1842 πρὸς
3673 1773 3765 1837 ἕω,
3789 1775 3848 1838 ὡς

613 1861 724 1926 bat,
767 1871 828 1916 ut
875 1864 1154 1918 adoraturi
1182 1880 1290 1918 non
1342 1863 1521 1918 solum
1557 1865 1852 1928 orientem,
1887 1863 1980 1919 sed
2009 1862 2185 1917 Domi-

2295 1835 2441 1915 ad}:
2473 1835 2903 1934 προσευχόμενοι
2935 1863 3010 1934 μὴ
3045 1864 3136 1916 τὸν
3182 1835 3330 1934 ἥλιον
3371 1835 3668 1934 ἀνίσχοντα

613 1966 741 2004 num
796 1953 928 2009 solis
983 1952 1296 2008 adorarent.
1357 1953 1507 2006 Elam
1563 1967 1696 2008 vero
1727 1953 2067 2008 vestibulum
2095 1967 2193 2023 ap—

608 2041 795 2112 pellat.

688 2134 843 2191 Vens.
869 2135 952 2190 18.
986 2133 1272 2190 Fenestras
1300 2136 1612 2191 reticulatus
1639 2135 2190 2206 secretamTemplum

611 2224 884 2280 fenestras
915 2226 1107 2280 habuit
1135 2227 1286 2281 intus
1322 2227 1485 2289 latas,
1555 2226 1693 2280 foris
1716 2226 1876 2280 valde
1903 2234 2188 2293 angustas,

612 2314 905 2384 perforatis
937 2316 1212 2385 lapidibus
1237 2325 1542 2380 contectas,
1608 2316 1714 2370 hoc
1739 2317 1883 2370 enim
1923 2317 2193 2386 significat

610 2407 686 2470 id,
741 2407 893 2477 quod
956 2407 1110 2473 dicit,
1141 2407 1276 2463 foris
1297 2409 1444 2462 enim
1511 2422 1620 2461 non
1651 2407 1995 2462 videbantur.
2029 2406 2192 2462 Mela-

616 2503 736 2554 thra
803 2515 933 2555 vero
985 2499 1250 2554 aediculas
1305 2508 1483 2566 vocat,
1515 2516 1637 2570 quae
1674 2500 2032 2556 circumcirca
2058 2512 2192 2556 tem-

614 2592 764 2662 plum
794 2592 1307 2663 conplectebantur,
1338 2601 1397 2646 ut
1432 2594 1693 2663 templum
1721 2593 2190 2664 fulcirent;utque

613 2698 774 2737 nemo
833 2697 896 2736 ex
954 2681 1162 2737 Levitis
1227 2664 1479 2750 parietes
1533 2685 1720 2753 templi
1788 2694 2188 2752 contreetaret;

611 2775 763 2837 item,
800 2781 857 2825 nt
880 2772 1049 2827 divini
1088 2773 1379 2827 ministerii
1447 2789 1573 2828 vasa
1621 2775 1726 2828 huc
1762 2785 2186 2842 reponerentur.

609 2863 785 2916 [labri
815 2871 1025 2928 autem,
1061 2863 1322 2916 Sanctum
1349 2873 1662 2928 sanctorum
1694 2866 1948 2933 appellat.

682 2953 856 3011 Vens.
890 2955 986 3010 ει.
1023 2954 1190 3008 Latus
1221 2955 1359 3024 quod
1385 2955 1550 3024 infra,
1611 2956 1836 3025 quinque
1893 2956 2190 3011 cubitorum

610 3046 841 3102 latitudo
876 3047 1014 3116 ejus.
1039 3046 1212 3101 Nemo
1248 3047 1498 3111 miretur,
1537 3047 1582 3102 si
1619 3047 1971 3112 domusima,
2024 3059 2076 3102 et
2135 3048 2188 3102 in

607 3137 727 3191 solo
784 3138 986 3206 posita,
1046 3137 1290 3207 quinque
1337 3137 1647 3190 cubitorum
1691 3134 1827 3201 fuit;
1887 3138 2185 3192 secundum

2292 3144 2429 3202 οἶκοι
2455 3165 2466 3177 ⁶
2502 3149 2794 3218 ἑξαπήχεις
2817 3150 2896 3214 δὲ,
2927 3151 2976 3202 oi
3003 3149 3258 3218 διώροφοι
3279 3167 3293 3180 ο
3333 3151 3678 3220 ἑπταπήχεις
3704 3149 3755 3200 δὲ
3773 3190 3785 3211 ,
3807 3149 3845 3200 οἱ

610 3236 788 3281 autem
819 3227 1118 3281 tabulatum
1149 3265 1163 3287 ,
1211 3241 1302 3280 sex
1344 3227 1652 3280 cubitorum
1679 3243 1691 3278 :
1727 3224 1946 3278 tertium
1978 3226 2188 3279 tabula-

610 3326 749 3380 tum,
773 3327 979 3384 septem
1007 3317 1354 3382 cubitorum;
1392 3316 1530 3367 muri
1572 3316 1715 3368 enim
1775 3314 1988 3368 inferne
2020 3315 2185 3367 latio-

610 3420 700 3458 res
727 3413 902 3468 erant,
934 3414 991 3456 ut
1025 3403 1239 3457 aedificii
1260 3404 1454 3457 molem
1483 3411 1701 3473 portare
1721 3411 1970 3472 possent.
1990 3403 2184 3457 Ablata

612 3504 816 3560 autem,
857 3507 909 3550 et
934 3496 1203 3550 diminuta
1233 3511 1297 3549 ex
1332 3503 1484 3562 parte
1529 3495 1644 3565 ipsa
1687 3497 1998 3562 latitudine,
2037 3497 2184 3566 adje-

609 3595 734 3642 ctus
785 3595 870 3641 est
922 3587 1142 3641 cubitus
1197 3586 1438 3640 secundo
1489 3589 1750 3654 tabulato,
1787 3589 1946 3643 tertio
2000 3597 2180 3643 autem

609 3679 721 3735 duo
759 3679 949 3733 cubiti.
1013 3678 1282 3748 Josephus
1341 3678 1483 3730 enim
1539 3677 1672 3732 dicit
1728 3679 1905 3748 ipsum
1957 3681 2180 3749 quidem

609 3769 868 3839 templum
900 3770 1010 3823 duo
1049 3770 1287 3823 tabulala
1316 3768 1598 3832 habuisse,
1636 3777 1688 3824 et
1721 3777 1891 3823 totum
1924 3771 2176 3825 altitudi-

612 3876 733 3914 nem
762 3860 930 3914 fuisse
963 3876 1061 3913 cxx
1089 3859 1423 3924 cubitorum,
1475 3859 1527 3913 id
1553 3859 1698 3928 quod
1739 3861 1877 3914 liber
1937 3860 2178 3933 Paralip.

609 3966 830 4020 quoque
857 3952 1138 4022 exprimit.

687 4043 750 4096 Et
774 4045 975 4098 nullum
1004 4045 1407 4098 instrumentum
1462 4043 1688 4113 ferreum
1749 4045 1992 4100 auditum
2053 4047 2175 4116 fuit.

611 4134 846 4206 Lapides
876 4136 1018 4190 enim
1060 4135 1243 4202 templi
1278 4143 1473 4187 natura
1505 4135 1617 4203 apti
1668 4143 1828 4189 erant
1878 4137 1946 4190 ad
1998 4137 2178 4192 aedifi-

608 4229 780 4284 cium.
820 4228 1056 4298 Lapides
1094 4236 1274 4281 autem
1306 4227 1554 4298 'periboli
1589 4229 1645 4282 in
1684 4238 1869 4285 monte
1899 4233 2097 4298 secari,
2124 4241 2179 4287 et

609 4318 847 4375 invicem
876 4319 1250 4389 coagmentari
1278 4318 1468 4387 jussit.

685 4410 753 4463 Et
782 4409 952 4478 ﬂexus
978 4424 1230 4462 ascensus
1265 4409 1318 4462 in
1347 4407 1600 4464 medium.
1647 4407 1783 4462 Cum
1808 4425 1998 4466 murus
2019 4412 2176 4468 latis-

2297 1957 2622 2025 κυνήσωσιν,
2659 1955 2794 2009 ἀλλὰ
2821 1956 2913 2008 τὸν
2948 1953 3042 2008 τοῦ
3076 1954 3226 2026 ἡλίου
3274 1957 3760 2026 Δεσπότην.Ἐλὰμ
3786 1960 3846 2020 δὲ,

2295 2047 2430 2116 φησὶ
2466 2046 2527 2098 τὸ
2565 2047 2922 2117 προπύλαιον.

2367 2139 2622 2207 Θυριδας
2659 2140 3134 2211 δεδικτυωμένας
3173 2141 3466 2210 κρυπτάς.
3507 2143 3846 2208 Φωτατωγοῦς

2293 2232 2322 2284 ὁ
2357 2229 2492 2294 νεὼς
2521 2225 2686 2302 εῖχεν,
2720 2231 2932 2286 ἔνδοθεν
2981 2233 3082 2304 μὲν
3119 2234 3337 2303 εὐρείας
3361 2273 3376 2297 ,
3407 2233 3614 2298 ἔξωθεν
3661 2233 3716 2286 δὲ
3755 2233 3848 2287 λίαν

2296 2323 2509 2387 στενὰς,
2545 2323 2854 2394 διατρήτοις
2883 2323 3054 2388 λίθοις
3084 2324 3530 2396 κεκαλυμμένας.
3564 2323 3732 2377 Τοῦτο
3764 2327 3847 2392 γὰρ

2293 2415 2444 2485 δηλοῖ
2476 2415 2535 2468 τὸ
2568 2416 2732 2486 ῥητὸν
2757 2455 2770 2478 ,
2805 2417 2903 2485 οὐχ
2950 2416 3172 2487 ὠρῶντο
3211 2417 3320 2488 γὰρ
3354 2417 3584 2482 ἔξωθεν.
3621 2416 3846 2483 Μέλαθρα

2291 2505 2348 2558 δέ
2381 2506 2508 2568 τοὺς
2538 2506 2815 2570 οίκίσκους
2846 2506 3020 2570 καλεῖ,
3052 2509 3177 2571 τοὺς
3219 2509 3404 2578 κύκλῳ
3434 2508 3756 2576 συνέχοντας
3776 2507 3846 2558 τὸν

2292 2597 2447 2662 νεὼν,
2470 2597 2544 2660 ὡς
2573 2598 2669 2651 καὶ
2697 2597 3129 2668 διακρατεῖσθαι,
3159 2600 3254 2652 καὶ
3278 2600 3481 2670 μηδένα
3501 2599 3619 2652 τῶν
3641 2598 3846 2652 Λευῖτῶν

2291 2687 2385 2742 τοῦ
2414 2687 2520 2743 νεὼ
2551 2688 2888 2760 προσψαύειν
2921 2691 3032 2752 τοῖς
3059 2690 3279 2759 τοίχοις,
3311 2690 3408 2742 καὶ
3457 2691 3528 2744 τὰ
3581 2690 3683 2759 τῆς
3727 2689 3846 2751 θείας

2291 2781 2630 2850 λειτουργίας
2667 2780 3019 2834 ἀποτίθεσθαι
3046 2781 3238 2850 σκεύη.
3277 2780 3472 2852 Δαὸεὶρ
3499 2781 3589 2846 δὲ,
3607 2781 3669 2833 τὸ
3689 2780 3846 2849 ’Δγιον

2289 2874 2399 2926 τῶν
2436 2874 2604 2942 ἁγίων
2645 2873 2816 2927 καλεῖ.

2375 2965 2441 3020 Ἠ
2462 2965 2714 3033 πλευρὰ,
2744 2966 2781 3034 ἡ
2814 2963 3090 3020 ὑποκάτω
3120 2964 3300 3018 πέντε
3334 2965 3609 3032 πήχεων.
3650 2964 3846 3034 Θαυμα·
3984 2965 3985 3024 1

2293 3055 2430 3121 ζέτω
2461 3057 2669 3128 μηδεὶς,
2715 3059 2763 3110 εί
2807 3059 3180 3128 πενταπήχεις
3216 3057 3338 3128 μέν,
3369 3058 3420 3110 οί
3454 3057 3704 3110 ἐπίπεδοι
3731 3053 3846 3126 ἦσαν

2288 3239 2603 3310 τριώροφοι.
2641 3241 2704 3292 Οἱ
2747 3242 2917 3309 τοῖχοι
2962 3240 3068 3309 γὰρ
3098 3235 3238 3309 ἦσαν
3273 3239 3563 3310 εὐρύτεροι
3609 3238 3843 3296 κάτωθεν.

2287 3331 2426 3385 ὥστε
2454 3332 2639 3403 φέρειν
2663 3332 2762 3402 τῆς
2801 3331 3112 3401 οἰκοδομίας
3141 3332 3201 3384 τὸ
3231 3331 3414 3402 βάρος.
3434 3332 3844 3403 ’Λςραιρουμένου

2286 3423 2341 3476 δὲ
2373 3425 2513 3477 κατὰ
2543 3423 2708 3494 μέρος
2733 3422 2828 3476 τοῦ
2858 3421 3071 3493 εὖρους,
3096 3424 3400 3491 προσετέθη
3426 3426 3537 3486 τοῖς
3571 3424 3669 3492 μὲν
3691 3421 3846 3490 διωρύ-

2285 3533 2405 3584 φοις
2434 3518 2460 3568 ὁ
2498 3516 2674 3585 πῆχυς
2695 3554 2709 3577 ,
2741 3517 2855 3579 τοῖς
2898 3516 2955 3568 δὲ
2996 3517 3323 3587 τριωρόφοις
3353 3517 3402 3568 oi
3437 3515 3552 3572 δύο.
3572 3516 3844 3585 Ἰώσηππος

2289 3608 2471 3678 μέντοι
2499 3607 2654 3675 φησὶ,
2685 3606 2781 3660 καὶ
2815 3606 2976 3659 αὑτὸν
3007 3605 3100 3659 τδν
3139 3605 3274 3659 νεὼν
3303 3606 3570 3677 διώροςρον
3597 3604 3840 3675 γενέσθαι.

2283 3699 2377 3752 καὶ
2400 3699 2507 3751 πᾶν
2528 3697 2587 3750 τὸ
2611 3696 2742 3767 ὕψος
2765 3697 2959 3750 ἐκατὸν
2983 3698 3079 3751 καὶ
3108 3699 3280 3750 εἴκοσι
3305 3699 3624 3768 πήχεων.⁹υ
3653 3695 3841 3751 καὶτῶν

2283 3788 2792 3860 Παραλειπομένων
2822 3788 2856 3858 ἡ
2889 3786 3070 3858 βίὸλος
3102 3788 3272 3860 δηλοῖ.

2353 4047 2461 4101 Καὶ
2487 4046 2610 4103 πᾶν
2635 4047 2860 4114 σκεῦος
2882 4047 3176 4116 σιδηροῦν
3194 4050 3307 4102 οὐκ
3330 4049 3626 4115 ἠκούσθη.
3667 4046 3727 4100 Oi
3755 4041 3837 4114 μὲν

2279 4139 2390 4208 γὰρ
2421 4138 2515 4191 τοῦ
2546 4137 2653 4191 νεὼ
2687 4139 2846 4205 λίθοι,
2883 4135 3024 4209 ἦσαν
3052 4140 3380 4208 αὑτοφυείςο
3409 4140 3538 4202 τοὺς
3569 4138 3625 4190 δέ
3653 4135 3740 4190 τοῦ
3759 4151 3838 4186 πε-

2282 4229 2521 4301 ριϐόλου,
2552 4231 2608 4283 ἐν
2630 4230 2708 4300 τῷ
2737 4230 2856 4301 ὄρει
2886 4230 3165 4301 ξεσθῆναι,
3195 4231 3290 4283 καὶ
3315 4229 3570 4301 ἀλλήλοις
3601 4242 3840 4299 συναρμο·

2281 4322 2500 4391 σθῆναι,
2544 4321 2882 4393 προσέταξεν

2353 4413 2464 4466 Καὶ
2494 4413 2705 4481 ἑλικτὴ
2744 4413 3019 4478 διάϐασις
3053 4414 3141 4478 εις
3163 4411 3280 4480 τὴν
3299 4411 3521 4481 μέσην.
3564 4408 3837 4480 Εὐρύτατος

606 4500 784 4553 simus
829 4505 1000 4560 esset,
1057 4497 1314 4552 cochleas
1371 4496 1426 4550 in
1495 4499 1792 4552 secundam
1861 4507 1914 4553 et
1970 4501 2184 4557 tertiam

2291 4505 2400 4574 γὰρ
2428 4503 2502 4558 ὢν
2531 4505 2560 4556 ὁ
2586 4507 2784 4574 τοῖχος.
2819 4503 3120 4574 κοχλιοειδῆ
3153 4503 3254 4572 τὴν
3283 4502 3548 4556 ἀνάϐασιν
3589 4497 3726 4569 εἶχεν
3762 4498 3836 4548 ἐπὶ

611 4591 804 4660 (θέσιν)
837 4589 1298 4658 contignationem
1335 4589 1546 4652 habuit,
1587 4602 1986 4662 quaelanquam
2021 4597 2181 4651 tabu-

607 4685 740 4746 lata,
769 4681 852 4735 vel
871 4681 1156 4735 caanacula
1187 4681 1238 4733 in
1278 4681 1480 4751 templo
1511 4681 1751 4738 fuerunt.
1775 4683 1885 4738 Hoc
1941 4701 2071 4741 vero
2099 4695 2182 4742 ta-

611 4773 752 4824 bulis
778 4771 1018 4827 eedrinis
1056 4771 1318 4836 contexit,
1347 4783 1402 4825 et
1458 4773 1671 4828 tabulas
1699 4790 1831 4829 auro
1864 4793 1878 4840 ;
1929 4777 2177 4846 ίμαντρί-

607 4857 700 4920 δας
727 4876 877 4921 vero,
920 4860 973 4914 id
1012 4867 1130 4925 est,
1197 4860 1461 4922 tabulata,
1515 4862 1808 4932 ἐνδεσμους
1863 4866 2173 4932 appellavit.

605 4945 712 5001 Per
732 4950 972 5019 quinque
1007 4960 1186 5005 autem
1213 4950 1428 5006 cubitos
1478 4951 1740 5021 lapidum,
1773 4952 1971 5022 inquit,
2044 4969 2176 5008 con-

606 5036 921 5106 iunctiones
949 5040 1098 5093 fecit.

680 5130 844 5186 Vens.
892 5130 982 5184 20.
1036 5130 1104 5184 Et
1149 5129 1269 5198 fecit
1324 5129 1496 5183 altare
1563 5132 1618 5184 in
1669 5142 1947 5199 conspectu
1992 5133 2178 5191 Dabir.

605 5221 792 5277 Altare
830 5223 973 5276 enim
1005 5221 1376 5293 thymiamatis
1410 5230 1535 5274 ante
1570 5223 1744 5275 velum
1781 5225 2014 5292 positum
2042 5236 2180 5291 erat,

608 5313 752 5380 quod
781 5329 846 5366 ex
879 5329 984 5366 una
1015 5322 1168 5382 parte
1192 5325 1460 5376 mensam,
1495 5326 1560 5366 ex
1597 5312 1768 5365 altera
1787 5314 2175 5370 candelabrnrn

607 5406 864 5460 habebat.

676 5499 870 5551 Aulum
915 5498 1234 5552 interiorem.
1292 5495 1764 5562 Quemadmodum
1811 5500 2069 5568 templum
2117 5500 2170 5554 in

2281 4598 2381 4666 τὴν
2418 4595 2678 4666 δευτέραν
2714 4595 2862 4648 θέσιν
2909 4595 3005 4646 καὶ
3045 4595 3260 4664 τρίτην,
3289 4594 3366 4656 ὡς
3397 4591 3662 4661 ὑπερῴων
3691 4589 3832 4643 ὄντων

2281 4690 2339 4742 ἐν
2363 4688 2439 4758 τῷ
2477 4687 2605 4758 νεῷ.
2637 4688 2855 4740 Σανίσιν
2887 4687 2943 4740 δέ
2978 4687 3142 4738 αὑτὸν
3179 4686 3455 4756 κεδρίναις
3484 4683 3731 4751 ἐκάλυψε,
3755 4679 3830 4731 καὶ

2279 4781 2464 4850 χρυσῴ
2488 4780 2544 4832 δὲ
2567 4779 2662 4842 τὰς
2688 4778 2906 4841 σανίδας
2925 4793 2940 4808 ο
2969 4776 3260 4847 ἐνδέσμους
3289 4775 3366 4839 δέ,
3395 4774 3493 4837 τὰς
3521 4769 3827 4843 ἱμαντρίδσς

2279 4871 2560 4925 ἐκάλεσεν.
2609 4869 2767 4923 Κατὰ
2801 4869 2961 4922 πέντε
3013 4868 3093 4934 δέ,
3130 4867 3288 4939 φησὶ,
3323 4867 3485 4921 λίθων
3524 4869 3709 4938 πήχεις
3749 4864 3828 4921 τὰς

2291 4963 2618 5034 ίμαντώσεις
2660 4963 2936 5033 παρεῖχεν.

2363 5137 2468 5192 Καὶ
2503 5138 2754 5205 ἐποίησε
2785 5135 3387 5206 θυσιαστήριονκατὰ
3413 5136 3722 5203 πρόσωπον
3739 5126 3822 5182 τοῦ

2291 5233 2520 5298 Δασείρ.
2554 5231 2628 5283 Τὸ
2651 5231 2760 5302 γὰρ
2809 5230 3196 5300 θυσιαστήριον
3230 5226 3324 5279 τοῦ
3374 5226 3704 5296 θυμιάματος
3740 5219 3822 5286 πρ)

2284 5320 2377 5372 τοῦ
2403 5323 2896 5391 καταπετάσματος
2929 5320 3106 5373 ἔκειτο
3128 5335 3142 5349 ·
3204 5317 3356 5372 ἔνθεν
3429 5315 3529 5387 μὲν
3584 5315 3708 5386 ἔχων
3743 5311 3822 5380 τὴν

2281 5411 2590 5482 τράπεζαν,
2629 5411 2780 5466 ἐνθεν
2807 5412 2863 5466 δὲ
2909 5412 3006 5482 τὴν
3043 5409 3286 5481 λυχνίαν.

2356 5501 2474 5566 Τὴν
2513 5499 2714 5571 αὐλὴν
2738 5500 2854 5571 τὴν
2871 5501 3187 5571 ἐσωτέραν.
3214 5500 3422 5573 Ὥσπερ
3455 5499 3486 5552 ὁ
3513 5496 3629 5560 ναὸς
3650 5495 3720 5556 εἰς
3752 5487 3821 5543 Ξύο

1915 5668 2150 5726 ινιιιιιΑι
2177 5670 2579 5730 LECTiONES.

687 5770 714 5799 ι
742 5762 796 5816 tu
821 5761 1006 5818 codice
1039 5761 1286 5816 Lavaleri
1321 5761 1535 5816 videtur
1559 5761 1751 5828 fuisse,
1781 5759 1964 5814 πέντε.
