4034 6502
130 367 259 434 1137

1079 358 1616 419 COMMENTARII
1650 357 1731 417 IN
1774 356 1921 415 LIB.
1967 354 2059 413 III
2114 353 2408 413 REGUM.

3259 354 3395 416 1158

125 484 356 552 διῄρητο,
388 474 539 527 οὕτω
573 471 661 525 καὶ
687 471 753 523 τά
782 468 1042 539 ὕπαιθρα.
1070 466 1289 518 Τούτων
1319 466 1427 533 γὰρ
1485 463 1555 515 τά
1613 462 1711 532 μὲν

1821 460 1955 513 duas
1978 466 2162 527 partes
2194 458 2518 511 distinctum
2555 455 2675 518 fuit,
2704 456 2775 510 ita
2802 456 2964 509 etiam
2998 452 3258 527 ὕπαιθρα,
3294 464 3396 515 hoc

126 572 187 641 ἦν
228 569 361 639 βατά
401 567 568 618 παντὶ
595 563 669 633 τῷ
704 562 817 631 λαῷ
836 576 848 587 ’
883 560 951 613 τά
979 560 1057 622 δὲ,
1083 561 1194 619 τοῖς
1221 555 1425 625 ἱερεῦσι
1474 554 1567 605 καὶ
1593 554 1705 613 τοῖς

128 664 393 722 Λευῖταις.
436 659 656 726 Διεῖργε
689 654 745 706 δὲ
774 652 996 714 τούτους
1028 650 1121 703 ἀπ’
1174 648 1396 699 ἐκείνων
1461 642 1705 714 θριγγίον

126 758 213 823 οὐχ
241 750 467 822 ὑψηλὸν,
503 749 643 801 ὥστε
700 745 794 798 καὶ
839 744 966 806 τοὺς
1020 737 1535 809 ἀπεσχοινισμένους
1598 733 1705 787 τῶν
1742 804 1757 815 .

129 850 287 909 ἔνδον,
318 843 525 908 ἔξωθεν
560 841 787 909 θεωρεῖν
818 837 914 907 τὴν
949 834 1055 888 τῶν
1097 832 1297 885 θυσιῶν
1363 827 1703 898 ἱερουργίαν.

128 941 216 993 Διὰ
239 935 408 1005 τριῶν
438 933 522 996 δὲ,
557 932 712 1000 φησὶ,
737 928 919 997 δόμων
952 925 1243 995 ίμάντωμα
1287 918 1542 972 διέτεινον
1608 916 1705 968 κέο

127 1034 315 1101 δρινον.

720 1213 973 1265 ΚΙΞΦᾹᾹ.
1009 1212 1084 1265 Ζ’.

194 1311 299 1367 Καὶ
329 1311 441 1363 δύο
462 1306 809 1374 ἐπιθέματα.
852 1300 1000 1355 Ἀντὶ
1033 1298 1147 1360 τοῦ,
1181 1295 1467 1349 ὲπίστυλα.

199 1496 299 1550 Καὶ
328 1491 639 1562 μέλαθρον
686 1486 780 1540 ἐπ’
807 1480 1158 1553 ἀμφοτέρων
1185 1477 1301 1531 τῶν
1333 1474 1596 1527 στύλων.
1633 1468 1709 1523 Τὸ

136 1586 428 1643 ὲπίστυλον.

206 1678 323 1744 Τὴν
348 1674 697 1729 θάλασσαν.
734 1667 985 1735 Λουτῆρα
1012 1660 1270 1732 χαλκοῦν,
1310 1660 1366 1711 ὃν
1397 1659 1484 1711 διὰ
1515 1657 1575 1709 τὸ
1612 1654 1710 1724 μὲ-

138 1771 284 1841 γεθος
315 1768 543 1819 ἐκάλεσε
564 1762 861 1821 θάλασσαν,
896 1759 971 1819 εἰς
1004 1752 1363 1807 τὺνίπτεσθαι
1396 1752 1519 1811 τοὺς
1546 1748 1710 1817 ἱερεῖς

142 1838 192 1917 iv
225 1860 385 1929 αύτῷ.
429 1854 591 1917 Είδος
617 1854 673 1907 δὲ
722 1854 755 1920 ἡ
820 1850 1064 1903 Θάλασσα
1128 1841 1270 1913 εἶχεν
1325 1838 1706 1912 ἡμισφαιρίου,

143 1956 345 2023 πήχεων
374 1949 508 2001 δέκα
540 1949 640 2014 τὴν
668 1943 977 2010 διάμετρον·
1007 1938 1065 1989 τὸ
1096 1937 1154 1990 δὲ
1200 1932 1534 1993 κυκλοειδὲς,
1563 1930 1712 2023 τριάς

146 2062 292 2099 κοντα
321 2040 489 2111 τριῶν
516 2042 735 2107 πήχεων
766 2051 781 2066 ·
822 2034 885 2085 τὸ
918 2032 973 2084 δὲ
1002 2032 1194 2099 πάχος,
1252 2026 1554 2094 σπιθαμῆς.
1590 2020 1712 2074 ἰ’ῶν

144 2139 191 2190 δὲ
218 2136 303 2189 δύο
332 2129 648 2199 σπιθαμῶν,
662 2130 757 2198 τῆς
776 2123 1044 2188 ἐντεῦθεν,
1078 2122 1240 2190 φημὶ,
1260 2119 1351 2171 καὶ
1366 2118 1462 2187 τῆς
1481 2114 1710 2179 ἐκεῖθεν,

146 2232 204 2299 τῇ
232 2225 504 2294 διαμέτρῳ
539 2219 1058 2289 συμμετρουμὲνων.
1091 2214 1283 2267 ἕνδεκα
1307 2211 1504 2281 πήχεις
1557 2207 1712 2276 εὑρί-

149 2333 371 2371 σκονται.
406 2310 945 2382 Τριπλασιαζόμενοι
977 2306 1034 2359 δὲ
1068 2300 1236 2368 οῧτοι,
1287 2301 1502 2356 ποιοῦσι
1563 2301 1714 2371 τρεῖς

148 2410 229 2461 καὶ
254 2407 572 2476 τριάκοντα.

208 2500 479 2553 Βλαστὸν
515 2497 744 2565 κρίνου.
768 2492 875 2545 Τοῦ
901 2488 1167 2559 λουτῆρος
1196 2486 1255 2540 τὸ
1282 2484 1458 2554 χεῖλος
1506 2479 1716 2534 ἐπικλι-

148 2592 227 2655 νὲς
269 2586 335 2661 ἦν
371 2592 450 2652 είς
486 2592 560 2642 τὰ
600 2587 724 2652 ἔξω,
778 2585 846 2638 τά
904 2581 1075 2652 φύλλα
1128 2578 1221 2631 τοῦ
1276 2576 1462 2646 κρίνου
1521 2571 1715 2643 μιμού-

154 2701 313 2753 μενον.

212 2774 351 2826 Δέκα
373 2771 697 2840 Μηχανώθ.
736 2767 857 2820 Τῶν
920 2760 1414 2834 ΙΙαραλειπομένων
1465 2758 1499 2827 ἡ
1535 2755 1712 2824 βίϐλος

155 2866 398 2935 λουτῆρας
423 2867 527 2927 τὰς
548 2865 826 2933 μηχανὰς
859 2858 1158 2927 ὠνόμασεν.
1194 2855 1252 2906 ’0
1282 2853 1335 2904 δὲ
1387 2850 1710 2917 Ἰώσηππος,

159 2961 343 3029 βάσεις.
376 2958 770 3029 Τετραγώνους
833 2954 890 3005 δὲ
936 2950 1103 3013 astat;
1161 2946 1314 3015 λέγει
1364 2941 1710 3013 γεγενῆσθαι,

158 3053 360 3121 τροχοὺς
397 3050 631 3119 ἐχούσας
660 3046 1071 3115 ὑποκειμένους,
1104 3043 1215 3104 τοῖς
1271 3038 1378 3091 τῶν
1434 3036 1703 3105 ἁρμάτων

1808 560 1913 608 est,
1974 548 2089 600 loca
2136 546 2429 607 subdjalia.
2484 545 2541 598 In
2592 562 2828 615 quorum
2883 545 3116 598 alterum
3174 548 3395 616 quidem

1807 640 1991 695 omnis
2023 640 2262 709 pOpulus
2305 638 2518 709 ingredi
2570 640 2753 709 pouiit
2787 642 2900 706 ;'1'u
2936 641 3166 694 alterum
3212 652 3394 694 autem

1810 730 2015 785 Levita:
2041 731 2333 794 duntaxat,
2362 737 2417 783 et
2453 731 2793 784 sacerdotes.
2833 730 2946 784 llos
2974 740 3156 783 autem
3180 730 3393 799 paries,

1808 823 1891 874 vel
1924 832 2138 891 septum
2166 836 2275 875 non
2297 822 2466 873 altum
2499 821 2568 874 ab
2598 820 2707 874 illis
2725 824 2964 884 arcebat,
2990 821 3063 873 ita
3094 829 3151 874 ut
3198 820 3395 890 sejun-

1810 910 1882 962 cti
1913 908 2045 963 foris
2066 908 2466 964 sacriﬁciorum
2496 907 2831 962 oblationem
2874 917 3125 974 spectare
3154 920 3397 976 poSsent.

1810 998 1911 1052 Per
1953 1010 2065 1053 tres
2131 1009 2308 1052 autem
2359 1006 2669 1053 structuras
2718 999 2943 1063 trabes,
2988 1013 3109 1068 quae
3157 998 3397 1067 parietis

1813 1092 2123 1153 continent,
2155 1087 2342 1142 cedris
2375 1087 2589 1141 intexit.

2445 1223 2599 1278 CAP.
2653 1221 2763 1277 VII.

1890 1314 2054 1372 \‘ens.
2093 1316 2180 1370 16.
2234 1314 2300 1369 Et
2326 1316 2432 1370 duo
2454 1318 2793 1385 epilltemata.
2824 1313 2929 1369 Pro
2958 1315 3249 1385 epistyliis,
3282 1315 3388 1370 hoc

1810 1417 1914 1469 est,
1950 1408 2220 1471 trabibus,
2253 1424 2373 1476 qua:
2407 1424 2573 1473 snper
2611 1408 2895 1461 columnas
2928 1416 3227 1475 ponuntur.

1885 1499 1949 1553 Et
1985 1500 2205 1569 laquear
2256 1502 2312 1553 in
2345 1500 2597 1553 ambabus
2651 1499 2935 1552 columnis.
2980 1498 3262 1569 lipistylou
3305 1499 3393 1552 in-

1813 1591 2029 1660 telligit.

1887 1679 2054 1736 Vens.
2094 1680 2185 1735 ‘23.
2235 1679 2411 1733 Mare.
2448 1679 2685 1735 Labrqu
2722 1696 2958 1745 :eneum,
2997 1680 3144 1750 quod
3172 1688 3397 1750 propter

1743 1804 1784 1859 Β
1817 1773 2254 1841 magnitudinem
2299 1788 2448 1825 mare
2482 1773 2811 1841 appellavit,
2860 1774 3004 1826 hunc
3040 1787 3197 1827 usum
3232 1772 3401 1825 habu-

1814 1862 1928 1923 bat,
1976 1875 2031 1915 ut
2073 1863 2125 1914 in
2164 1878 2229 1915 eo
2256 1862 2572 1915 sacerdotes
2622 1868 2954 1915 lavarentur.
2990 1860 3189 1915 Habuit
3217 1868 3398 1915 autem

1813 1951 1921 2005 hoc
1956 1967 2106 2005 mare
2140 1952 2365 2020 ﬁguram
2398 1952 2847 2021 hemispherii,et
2871 1953 3056 2006 decem
3089 1954 3398 2006 cubitorum

1817 2047 2181 2111 diametrum;
2224 2044 2343 2113 ipse
2389 2044 2563 2108 orbis,
2600 2044 2683 2096 vel
2726 2045 2968 2099 circulus
2998 2044 3216 2113 triginta
3247 2044 3403 2098 cubi-

1817 2149 1996 2192 torum
2040 2136 2178 2203 fuit;
2226 2135 2543 2191 crassitudo
2570 2135 2691 2205 ejus
2729 2137 2943 2205 palmus
2988 2135 3111 2190 fuit.
3150 2137 3247 2191 Sin
3298 2151 3399 2189 au-

1816 2238 1926 2283 tem
1963 2228 2071 2280 duo
2096 2227 2285 2297 palmi,
2320 2227 2413 2297 qui
2449 2227 2579 2281 hinc
2649 2237 2703 2281 et
2736 2228 2884 2282 illinc
2914 2228 3254 2283 indiametro
3273 2236 3404 2283 sunt

1815 2327 2309 2380 connumerentur,
2361 2316 2720 2372 inveniuntur
2770 2316 3023 2371 undecim
3064 2318 3269 2383 cubiti;
3326 2319 3402 2372 illi

1816 2423 1946 2463 vero
1988 2407 2095 2476 trip
2121 2407 2250 2461 icati
2279 2404 2491 2459 faciunt
2523 2406 2749 2475 triginta
2783 2415 2894 2460 tres
2919 2408 3160 2460 cubitos.

1892 2497 2059 2552 Vens.
2095 2496 2185 2549 26.
2218 2493 2439 2550 Germen
2476 2496 2603 2549 lilii.
2641 2495 2804 2548 Labri
2848 2495 3049 2549 lahium
3082 2497 3401 2552 inclinatum

1818 2601 1935 2645 erat
1976 2593 2029 2646 in
2070 2600 2254 2659 partes
2286 2588 2610 2654 exteriores,
2660 2588 2728 2643 ad
2775 2588 3195 2643 similitudinem
3242 2588 3402 2643 folio-

1822 2698 1941 2735 rum
1976 2682 2097 2736 lilii.

1903 2778 2073 2831 Vens.
2108 2777 2201 2831 9.7.
2239 2775 2427 2829 Decem
2464 2772 2805 2827 Mechanoth.
2836 2771 3000 2826 Liber
3029 2771 3407 2841 Paralipome-

1823 2885 1930 2923 non
1959 2871 2115 2922 labra
2156 2868 2403 2938 μηχανὰς
2425 2867 2657 2919 rocaiit.
2690 2864 2966 2934 Josephus
2989 2877 3168 2917 autem
3195 2866 3401 2933 βάσεις.

1822 2958 2328 3029 Quadrangularem
2376 2964 2556 3009 autem
2603 2955 2828 3024 ﬁguram
2871 2970 2966 3008 eas
3018 2954 3275 3008 habuisse
3319 2956 3405 3006 di-

1827 3052 1922 3113 cit,
1977 3058 2031 3102 et
2067 3049 2347 3117 subjectas
2378 3055 2526 3100 rotas
2560 3046 2771 3100 similes
2802 3047 2939 3099 rotis
2970 3060 3255 3098 curruum.
3296 3045 3407 3098 lla-

158 3144 398 3205 ἐοικότας.
431 3138 595 3211 Εἶχον
628 3140 685 3193 δὲ
707 3132 867 3191 αὗται
893 3136 1005 3189 ἄνω
1058 3133 1255 3203 χειρῶν
1318 3126 1711 3197 ὲκτυπώμοτα,

1823 3142 2024 3194 bebant
2055 3151 2236 3192 autem
2267 3138 2371 3191 illa:
2407 3138 2460 3191 in
2493 3138 2766 3205 superiori
2798 3146 2954 3206 parte
2988 3151 3246 3190 manuum
3286 3139 3400 3190 elli-

164 3233 500 3302 στεφανοειδῆ
538 3232 772 3301 φέροντα
792 3227 1012 3281 κύκλον.

220 3328 359 3379 Δέιια
393 3324 864 3395 χυτρογαύλους.
896 3318 1177 3387 Λουτῆρας
1206 3313 1585 3383 ἐπικειμένους
1602 3313 1718 3367 ταῖς

165 3416 382 3487 βάσεσιν,
425 3421 485 3469 ἐν
520 3416 574 3468 δὲ
609 3413 820 3475 τούτοις
853 3412 1081 3463 ἔπλυνον
1139 3406 1208 3461 τὰ
1249 3408 1442 3475 ἱερεῖα,
1498 3404 1591 3455 καὶ⁸
1651 3401 1720 3453 τὰ

162 3510 348 3563 τούτων
373 3510 549 3571 ἐντὸς,
582 3508 677 3560 καὶ
703 3506 826 3568 τοὺς
858 3504 1047 3565 πόδας,
1075 3500 1150 3563 ὡς
1180 3502 1237 3553 ὲν
1278 3500 1400 3560 ταῖς
1453 3494 1722 3567 Παραλει-

171 3606 410 3673 πομέναις
438 3602 630 3673 φησίν.

228 3696 321 3748 Kal
347 3698 449 3761 τὰς
483 3692 700 3762 θερμὰς
729 3689 908 3759 τρεῖς.
945 3686 1166 3758 Θερμάς
1216 3682 1374 3737 καλεῖ
1429 3681 1553 3743 τοὺς
1600 3678 1724 3748 θερς

174 3788 443 3858 μαίτῆρας,
482 3790 541 3839 ἐν
562 3780 641 3849 οἷς
672 3785 731 3837 τὸ
764 3782 907 3851 ὕδωρ
935 3779 1253 3852 θερμαίνειν
1280 3775 1579 3843 εἰώθαμεν.

156 4020 159 4023 .
235 3963 302 4017 Τὰ
338 3963 472 4033 ἅγια
508 3960 703 4015 Δαϐίδ,
737 3962 914 4029 Ἀπερ
944 3960 1007 4011 ὲκ
1038 3956 1146 4009 τῶν
1168 3953 1419 4023 πολέμων
1464 3949 1725 4020 ἀνέθηκεν

173 4051 453 4120 ἀκροθίνια.

238 4144 337 4196 Τὸν
361 4140 531 4198 οἷκον
551 4142 778 4210 δρυμοῦ
812 4136 1222 4192 τοῦΛιόάνου.
1263 4132 1463 4186 Τοῦτον
1511 4131 1604 4183 τοῦ
1652 4130 1728 4182 δι-

176 4238 450 4307 καστηρίου
485 4235 755 4303 πεποίηκε
784 4232 1083 4304 πρόδομον.
1112 4226 1236 4299 Εἶχε
1291 4228 1345 4279 δὲ
1386 4224 1607 4285 στύλους
1638 4240 1727 4274 κε-

176 4327 364 4395 δρίνους
396 4332 528 4399 ρλε’.
561 4327 726 4379 Ὅθεν
766 4324 913 4387 εἰκὸς
942 4324 1103 4377 αὑτὸν
1130 4318 1277 4373 οἷκον
1305 4319 1571 4387 κληθῆναι
1603 4318 1728 4386 δρυ-

152 4484 156 4488 Α
182 4419 269 4488 μοῦ
295 4421 380 4474 τοῦ
408 4421 668 4482 Διὸάνου,
697 4419 785 4471 διὰ
813 4417 872 4469 τὸ
899 4416 1102 4486 πλῆθος
1129 4413 1237 4466 τῶν
1301 4412 1562 4483 κεδρίνων
1618 4410 1728 4463 κιό-

181 4530 271 4566 νων
302 4516 649 4586 μιμουμένων
686 4511 779 4565 τοῦ
814 4510 1045 4563 Λιϐάνου
1072 4508 1134 4561 τὸ
1156 4508 1337 4568 ἄλσος.

241 4606 409 4660 Πέντε
432 4607 533 4661 καὶ
559 4602 1013 4671 τεσσαράκοντα
1042 4603 1073 4654 ὀ
1102 4601 1312 4667 στίχος
1362 4600 1395 4651 ὀ
1438 4596 1545 4663 εἷς.
1601 4595 1729 4665 Τρί-

184 4709 331 4747 στωον
352 4693 436 4767 ἦν,
469 4696 700 4767 ἐχούσης
742 4693 977 4763 ἑκάστης
1009 4691 1172 4753 στοᾶς
1196 4691 1355 4744 πέντε
1387 4690 1479 4743 καὶ
1528 4704 1729 4740 τεσσα-

186 4787 393 4854 ράκοντα
419 4790 625 4851 κίονας.
674 4786 785 4857 Τὴν
822 4783 931 4853 γάρ
954 4783 1223 4854 τετάρτην
1251 4782 1412 4835 στοὰν
1476 4780 1730 4833 ἀπετέλει

182 4879 265 4933 τοῦ
285 4881 631 4955 δικαστηρίου
662 4886 730 4935 τά
752 4880 1085 4952 προπύλαια,
1126 4874 1270 4945 ἆπερ
1307 4877 1472 4944 φησιν
1524 4872 1726 4943 Αίλάμ.

184 4972 238 5025 Δί
265 4974 316 5026 δὶ
347 4978 494 5031 στοαὶ
525 4976 783 5046 ἀλλήλαις
798 4973 939 5027 κατά
958 4975 1022 5025 τὰ
1040 4971 1186 5042 ἄκρα
1200 4968 1535 5038 συνήπτοντο
1563 4965 1723 5019 διά...

184 5082 313 5138 χωρα
341 5070 584 5141 ὲπίχωρα
615 5068 875 5139 τρισσῶς.
915 5065 1025 5129 Τάς
1063 5064 1119 5117 δὲ
1154 5061 1313 5125 στοάς
1346 5060 1575 5114 ἐκάλεσε
1633 5060 1729 5129 μὲ-

185 5155 358 5230 λάθρα.

754 5252 1006 5305 ΚΕΦᾹΛ.
1059 5250 1142 5303 H'.

250 5342 304 5394 Ἀ
322 5343 623 5413 ὲλάἁησας
654 5344 724 5398 ἐν
747 5342 828 5409 τῷ
856 5341 1110 5411 στόματι
1150 5355 1288 5402 σου,
1322 5338 1420 5392 καὶ
1476 5338 1545 5391 ἐν
1604 5337 1733 5402 ταῖς

190 5434 342 5497 χερσί
369 5453 481 5490 σου
502 5436 884 5503 ἐπλήρωσας.
956 5431 1335 5502 ’Δνθρωπίνως
1390 5430 1578 5501 φησὶν,
1624 5430 1727 5492 ὅτι,

190 5513 258 5583 οἷς
287 5518 454 5592 εἶπας,
487 5527 548 5579 τὸ
576 5529 751 5598 πέρας
803 5526 1104 5595 ἐπέθηκας.

253 5612 367 5669 Ὅτι
386 5620 435 5671 ei
459 5616 697 5685 ἀληθῶς
725 5614 1070 5683 κατοικήσει
1100 5616 1132 5668 ό
1157 5611 1303 5676 Θεὸς
1326 5610 1478 5681 μετὰ
1506 5608 1729 5677 ἀνθρώ·
1795 5642 1799 5647 ι

191 5716 303 5756 πων
331 5707 419 5762 ἐπὶ
448 5709 556 5778 τῆς
592 5708 725 5779 γῆς.
757 5707 924 5761 Φύσιν
949 5707 1107 5778 ἔχων,
1143 5705 1330 5777 φησὶν,
1356 5702 1749 5774 ἀπερίληπτον.

190 5800 536 5873 χειροποίητον
562 5800 688 5857 ναὸν
723 5798 1157 5867 κατεσκεύασας,
1180 5798 1281 5852 ούκ
1320 5798 1378 5852 ὲν
1409 5796 1585 5864 τούτῳ
1625 5811 1727 5847 πε-

1822 3233 1957 3303 gies,
1990 3247 2111 3300 qua:
2142 3232 2407 3285 circulum
2462 3244 2680 3283 corona:
2726 3229 2970 3283 similem
3018 3228 3402 3299 pra2l‘erebam.

1892 3322 2057 3377 Vens.
2103 3322 2191 3376 '58.
2250 3321 2434 3375 Decem
2476 3336 2697 3392 magna:
2742 3321 2903 3373 ollas.
2963 3319 3133 3373 Labra
3182 3320 3405 3375 basibns

1824 3418 2102 3485 apposita.
2141 3414 2198 3467 In
2233 3415 2343 3468 illis
2386 3423 2568 3467 autem
2616 3414 2871 3467 victimas
2913 3414 3189 3475 lavabant,
3222 3420 3276 3465 et
3313 3430 3406 3479 pe-

1822 3510 1941 3574 des,
1977 3504 2438 3576 quemadmodum
2465 3506 2601 3559 liber
2632 3504 3093 3575 Paralipomenon
3124 3504 3282 3559 dicit.

1900 3684 1966 3737 Et
2017 3684 2231 3737 lavacra
2266 3686 2444 3737 calida
2492 3685 2615 3738 tria.
2668 3683 2937 3739 Thermas
2980 3691 3137 3737 vocat
3177 3684 3402 3742 lebetes,

1824 3786 1879 3831 et
1920 3778 2117 3840 ahena,
2168 3777 2220 3828 in
2259 3778 2460 3845 quibus
2512 3791 2711 3846 aquam
2766 3775 3067 3830 calefacere
3112 3775 3409 3828 consueri-

1824 3885 1968 3924 mus.

1896 3960 2057 4031 532
2109 3962 2312 4015 Sancta
2354 3959 2543 4014 David.
2598 3959 2805 4031 Spolia,
2853 3975 2973 4030 qua:
3013 3959 3260 4014 hostibus
3312 3958 3407 4012 de—

1828 4062 2001 4106 tracta
2032 4055 2338 4123 suspendit.

1899 4144 2122 4199 Domum
2153 4145 2322 4199 saltus
2351 4144 2558 4198 Libani.
2585 4144 2737 4199 Hanc
2777 4144 2905 4199 fecit
2940 4144 3267 4200 vestibulum
3302 4143 3406 4197 fori

1823 4241 2105 4310 judicialis
2142 4240 2327 4295 habuit
2366 4252 2548 4294 autem
2592 4238 2880 4294 columnas
2920 4238 3175 4293 cedrinas
3207 4252 3408 4292 cxxxv.

1833 4336 1986 4389 Unde
2020 4334 2297 4401 probabile
2344 4347 2428 4389 est
2468 4334 2689 4387 domum
2722 4336 2903 4389 saltus
2936 4333 3127 4386 Libani
3169 4335 3408 4403 appella-

1834 4437 1939 4479 tam
1977 4441 2119 4479 esse.
2156 4425 2290 4478 Nam
2320 4437 2539 4496 propter
2584 4425 2994 4479 multitudinem
3028 4426 3409 4479 columnarum

1836 4516 2183 4570 cedrinarum
2213 4517 2407 4569 saltum
2447 4516 2643 4569 Libani
2692 4516 2987 4570 referebat.

1910 4605 2280 4675 Quadraginta
2308 4610 2535 4675 quinque
2564 4606 2694 4660 ordo
2728 4623 2885 4660 unus.
2911 4605 3129 4676 Triplex
3162 4607 3412 4677 porticus

1832 4703 1987 4759 erat;
2018 4696 2253 4749 habebat
2282 4702 2462 4748 autem
2492 4696 2748 4765 quaelibet
2777 4696 3141 4766 quadraginta
3171 4698 3414 4767 quinque

1834 4792 2160 4857 columnas;
2196 4803 2440 4861 quartam
2490 4791 2635 4845 enim
2670 4796 2941 4861 porticum
2989 4789 3091 4844 l‘ori
3132 4791 3414 4861 judicialis

1833 4882 2101 4935 vestibula
2143 4883 2284 4953 (qua:
2324 4882 2561 4951 appellat
2597 4880 2773 4952 Elam)
2809 4882 3203 4949 constituunt;
3234 4881 3410 4953 porti-

1833 4988 1932 5027 cus
1961 4982 2141 5027 autem
2182 4975 2409 5027 invicem
2450 4973 2503 5026 in
2554 4974 2869 5028 summitate
2910 4974 3404 5046 conjungebautur.

1832 5062 2090 5123 Porticus
2121 5073 2299 5120 autem
2324 5063 2589 5119 Melathra
2623 5065 2861 5121 vocavit.

2468 5246 2623 5303 CAP.
2674 5246 2810 5305 VIII.

1907 5334 2074 5391 Vens.
2108 5336 2196 5393 15.
2239 5338 2372 5403 Qua:
2420 5340 2628 5395 locutus
2666 5358 2719 5396 es
2752 5342 2804 5395 in
2838 5357 2928 5395 ore
2964 5350 3074 5407 tuo,
3112 5350 3161 5395 et
3198 5342 3255 5396 in
3286 5360 3406 5396 ma-

1835 5427 1990 5482 nibus
2027 5431 2132 5484 tuis
2163 5432 2445 5501 perfeciati.
2468 5432 2722 5488 Humano
2746 5448 2897 5489 more
2917 5433 3071 5499 dicit,
3095 5434 3221 5504 quia
3250 5436 3415 5489 ﬁnem

1842 5518 1973 5582 illis,
2011 5535 2133 5589 qua;
2157 5520 2370 5585 dixisti,
2406 5524 2735 5593 imposuisti.

1906 5611 2075 5667 Vens.
2116 5612 2206 5667 27.
2243 5613 2508 5680 Quoniam
2557 5616 2602 5669 si
2656 5631 2769 5670 vere
2807 5614 3068 5671 habitabit
3114 5613 3253 5669 Deus
3294 5631 3414 5668 cum

1835 5707 2133 5761 hominibus
2188 5724 2342 5776 super
2386 5720 2604 5765 terram.
2664 5710 2801 5766 Cum
2855 5711 3000 5768 Deus
3050 5711 3163 5774 sis,
3216 5712 3413 5780 inquit,

1836 5805 2048 5854 natura:
2093 5798 2691 5873 incomprehensibilis,
2718 5803 2811 5876 qui
2850 5804 3005 5860 nullo
3034 5815 3302 5875 tempore,
3330 5803 3418 5859 vei
