4034 6506
652 365 674 428 1
693 368 790 432 159
1975 363 2325 423 PROCOPII
2366 362 2610 423 GAZ/EI
3749 373 3866 441 1150

645 480 772 532 loco
827 454 1212 528 circumscribi
1267 481 1456 543 potes,
1523 472 1791 543 templum
1853 471 2228 526 manufactum

2341 475 2772 544 ριγραφόμενος,
2803 475 2918 529 ἀλλ’
2973 477 3032 530 ὲν
3056 477 3203 549 αὐτῷ
3232 477 3328 550 τὴν
3351 481 3561 534 οίκείαν
3579 487 3869 556 ποιούμενος

649 564 1099 632 militio-astime
1137 578 1243 616 non
1278 563 1782 624 circumscriberis.
1834 562 1929 616 sed
1965 570 2022 616 te
2051 561 2106 614 in
2133 561 2227 614 illo

2341 566 2675 634 ἐπιφάνειαν.
2717 568 2808 631 Ὠς
2836 569 2986 638 δηλοῖ
3014 571 3074 622 τὸ
3099 568 3238 625 εἶναι
3266 575 3393 637 τοὺς
3444 575 3750 644 ὀφθαλμούς
3794 598 3869 632 σου

2329 657 2707 728 ἀνεῳγμένους
2763 660 2844 723 είς
2899 662 2992 713 τὸν
3047 658 3194 716 οἶκον
3261 665 3453 718 τοῦτον
3525 668 3736 738 ἡμέρας
3796 675 3873 724 καὶ

2329 750 2541 812 νυκτός.

2400 839 2510 893 Καὶ
2536 841 2872 909 είσακούσῃ
2900 842 2966 896 ἐκ
2991 844 3096 898 τοῦ
3127 846 3408 913 οὐρανοῦ.
3439 846 3638 916 Σαφῶς
3663 848 3748 903 διὰ
3771 855 3874 905 τού-

2330 947 2440 984 των
2479 932 2737 986 ἁπάντων
2770 935 2854 1002 ἐφ’
2885 937 3100 1005 ἑκάστῳ
3130 938 3223 990 τὸν
3254 938 3390 991 Θεὸν
3439 941 3542 993 οὐκ
3582 941 3647 993 ὲκ
3675 942 3764 994 τοῦ
3807 947 3873 996 oi-

2331 1039 2429 1074 κου
2466 1023 2562 1076 τοῦ
2597 1023 2691 1076 ἐπὶ
2717 1024 2820 1094 τῆς
2857 1029 2981 1096 γῆς,
3004 1027 3119 1080 ἀλλ’
3142 1030 3208 1080 ἐκ
3233 1032 3326 1082 τοῦ
3347 1016 3586 1100 ούρανοῦ
3603 1034 3876 1087 εἰσακούειν

2332 1112 2518 1182 φησίν.
2569 1115 2680 1168 Καὶ
2706 1117 2960 1186 ὁμολογεί
2989 1119 3092 1171 οὐκ
3121 1119 3268 1188 αὐτῷ
3309 1121 3453 1192 Θεῷ,
3487 1122 3634 1175 ἀλλὰ
3672 1124 3745 1193 τῷ
3783 1126 3876 1178 ὀνό-

649 657 880 713 exhibes
935 661 989 709 et
1022 653 1292 709 ostendis.
1327 653 1486 720 Quod
1513 655 1758 708 declarat
1790 655 1983 707 oculos
2003 661 2133 708 tuos
2162 653 2228 706 ad

647 750 871 803 domum
901 745 1046 800 hanc
1074 753 1295 814 apertos
1319 759 1441 800 esse
1472 753 1639 799 noctu
1675 751 1727 799 et
1773 743 2033 799 interdiu.

718 838 887 894 Vens.
929 837 1020 892 '52.
1078 837 1147 892 Et
1199 839 1453 892 exaudies
1507 837 1562 892 in
1605 838 1755 891 caelo.
1798 837 2083 893 Manifestc
2133 838 2221 893 his

649 933 908 986 omnibus
945 929 1186 986 ostendit
1223 927 1392 984 Deum
1438 929 1491 982 in
1542 929 1775 999 singulis
1824 929 1988 984 rebus
2028 945 2231 982 unum-

648 1039 921 1095 quemque
953 1037 1058 1076 uou
1096 1037 1161 1075 ex
1191 1021 1376 1083 modo,
1417 1035 1539 1089 qua:
1570 1035 1737 1089 super
1753 1027 1960 1072 terram
1991 1027 2096 1083 est,
2134 1019 2227 1074 sed

649 1133 717 1171 ex
755 1116 898 1169 cmlo
924 1113 1214 1180 exaudire;
1235 1123 1287 1166 et
1309 1113 1596 1166 confitetur
1624 1126 1682 1166 se
1707 1127 1812 1165 non
1845 1110 1948 1180 ipsi
1971 1109 2105 1177 Deo,
2135 1110 2254 1164 sed.

652 1208 862 1261 nomini
907 1205 1086 1275 ipsius
1137 1204 1396 1273 templum
1442 1202 1768 1256 aediﬁcasse.
1806 1200 2044 1255 Noverat
2083 1201 2228 1254 enim

653 1300 834 1368 ipsum
868 1297 1200 1351 immensum
1241 1310 1384 1360 esse,
1443 1303 1497 1350 et
1544 1295 1732 1348 omnia
1768 1293 2014 1363 implere.
2061 1293 2231 1348 Isaias

649 1389 817 1441 etiam
843 1387 1010 1442 dicit:
1039 1404 1056 1438 ι
1086 1386 1177 1439 Sic
1194 1385 1328 1438 dicit
1351 1384 1616 1438 Dominus
1643 1400 1656 1436 :
1681 1382 1891 1440 Caelum
1917 1382 2048 1436 mihi
2080 1385 2233 1436 thro-

651 1497 758 1535 nus
791 1489 896 1545 est,
935 1488 1082 1534 terra
1122 1487 1304 1533 autem
1349 1477 1648 1531 scabellum
1688 1475 1892 1545 pedum
1937 1490 2228 1540 meorum;

652 1573 811 1641 quale
852 1570 1112 1639 templum
1150 1567 1517 1622 aedificabitur
1560 1566 1723 1630 mihi,
1773 1566 1910 1620 dicit
1943 1563 2228 1629 Dominus.

654 1676 747 1718 aut
775 1664 901 1732 quis
925 1663 1079 1716 locus
1109 1661 1312 1731 quietis
1334 1661 1541 1715 mete'"
1561 1661 1583 1714 ?
1606 1679 1624 1711 ι

2341 1671 2431 1736 τῆς
2461 1667 2862 1732 καταπαύσεώς
2905 1686 3042 1739 μους
3076 1689 3092 1721 ι

725 1756 897 1819 Dixit,
934 1765 988 1808 ut
1020 1753 1282 1808 habitaret
1313 1754 1368 1806 in
1399 1753 1647 1820 caligine.
1683 1771 1701 1804 ι
1733 1751 1918 1808 Nubes
1968 1760 2022 1807 et
2055 1752 2232 1821 caligo

2403 1759 2512 1814 Καὶ
2551 1755 2684 1813 εἷπε
2730 1759 2838 1814 τοῦ
2885 1761 3185 1816 κατοικεῖν
3225 1763 3294 1816 ἐν
3347 1765 3578 1835 γνόφῳ.
3648 1785 3671 1817 ο
3696 1767 3882 1841 Νεφέλη

652 1850 803 1903 circa
849 1864 974 1902 eum
1012 1847 1078 1910 ³³,
1113 1865 1132 1896 δ
1183 1845 1318 1900 dicit
1361 1819 1553 1900 David.
1597 1843 1663 1898 Et
1703 1845 1944 1900 iterum:
1980 1864 1998 1896 ι
2041 1819 2231 1914 Caligo

2341 1849 2426 1902 καὶ
2447 1850 2646 1916 γνόφος
2667 1849 2851 1921 κύκλῳ
2879 1851 3067 1916 αὐτοῦ,
3094 1872 3111 1904 ι
3138 1854 3303 1922 φησὶν
3322 1819 3573 1910 δ’Δαέίδ.
3592 1819 3712 1911 Καὶ.
3729 1819 3881 1912 πόλινῖ

660 1942 766 1994 sub
805 1939 1037 2009 pcdibus
1067 1938 1186 2007 ejus
1225 1937 1292 1990 ”.
1332 1955 1351 1988 ι
1391 1938 1520 1990 Item
1557 1953 1572 1991 :
1610 1953 1628 1986 ι
1667 1936 1731 1989 Et
1763 1938 2016 1992 tenebras
2048 1938 2232 2006 posuit

2341 1957 2357 1989 ι
2382 1938 2492 1990 Καὶ
2525 1939 2723 2006 γνόφος
2777 1939 2883 1992 ὑπὸ
2914 1941 3042 2003 τοὺς
3067 1942 3245 2004 πόδας
3278 1943 3466 1997 αὑτοῦ.
3509 1965 3529 1994 ρ
3570 1947 3680 1997 Καὶ
3711 1948 3883 1998 πάλιν

653 2033 947 2087 latibulum
1006 2045 1162 2085 suum
1199 2028 1268 2092 ⁸ο,
1327 2047 1346 2079 ›
1389 2027 1653 2083 Tenebrae
1693 2039 1872 2083 autem
1938 2038 1993 2084 et
2051 2030 2232 2100 caligo

2341 2047 2358 2080 ι
2384 2028 2495 2083 Καὶ
2516 2028 2668 2082 ἔθετο
2689 2031 2876 2094 σκότος
2911 2031 3234 2103 ἀποκρυφὴν
3257 2035 3441 2089 αὑτοῦ.
3475 2036 3588 2088 ’Τὸ
3621 2037 3678 2090 δὲ
3709 2041 3884 2101 σκότος,

652 2133 908 2178 naturam
941 2121 1184 2176 divinam
1217 2119 1552 2174 invisibilem
1584 2120 1920 2190 signi-ticam.
1957 2120 2100 2176 Dicit
2129 2123 2232 2192 igi-

2341 2120 2428 2172 καὶ
2459 2119 2682 2189 γνόφος,
2712 2124 2812 2191 τῆς
2836 2120 2985 2184 θείας
3015 2121 3230 2192 φύσεως
3253 2127 3552 2180 αἰνίττεται
3577 2128 3641 2180 τὸ
3667 2128 3884 2198 ἀόρατον.

655 2226 746 2271 tur
814 2215 961 2286 quod
987 2215 1096 2279 ille,
1137 2213 1228 2282 qui
1266 2214 1437 2268 solem
1470 2213 1524 2286 in
1543 2213 1685 2268 coelo
1729 2213 1930 2282 posuit.
1963 2222 2022 2267 ut
2053 2213 2233 2270 homie

2341 2212 2470 2283 Φησὶ
2487 2210 2687 2276 τοίνυν,
2715 2213 2794 2265 ὅτι
2821 2211 2911 2265 τὸν
2947 2213 3100 2284 ἥλιον
3130 2217 3186 2270 ὲν
3215 2217 3427 2288 οὐρανῷ
3457 2219 3749 2284 τεθεικὼς,
3771 2220 3884 2275 ὥστε

653 2325 754 2364 nes
805 2309 928 2362 luce
969 2305 1248 2372 fruantur,
1302 2305 1448 2374 quod
1486 2304 1624 2374 ipse,
1673 2305 1920 2374 inquam,
1965 2305 2136 2372 dicat,
2173 2314 2234 2360 ut

2341 2304 2456 2366 τοὺς
2493 2302 2814 2373 ἀνθρώπους
2838 2305 3137 2359 ἀπολαύειν
3170 2307 3264 2360 τοῦ
3301 2311 3499 2378 φωτός.
3549 2313 3726 2375 Αὐτὸς
3783 2310 3881 2366 εἴτε

657 2397 930 2450 habitaret
958 2395 1009 2447 in
1043 2392 1302 2460 caligine,
1333 2391 1760 2461 intelligibiliter
1781 2392 2001 2462 quidem
2033 2392 2236 2447 incom-

2341 2395 2430 2448 τοῦ
2471 2399 2744 2449 κατοικεῖν
2777 2398 2833 2449 ὲν
2866 2399 3072 2468 γνόφῳ,
3114 2399 3320 2470 νοητῶς
3347 2403 3467 2470 μὲν,
3499 2403 3566 2456 τὺ
3644 2407 3883 2475 ἀκαταλη-

656 2486 1086 2558 prehensibilem
1159 2492 1213 2538 et
1254 2483 1584 2536 immensum
1617 2483 1961 2552 significans,
2002 2482 2237 2538 sensibi-

2341 2505 2468 2542 πτον
2490 2489 2684 2556 δηλῶν,
2704 2489 2978 2562 αἰσθητῶς
3009 2491 3086 2556 δὲ,
3105 2492 3195 2544 τὸν
3221 2493 3348 2546 ναὸν
3365 2496 3882 2563 αίνιττόμενοςέδωτο

656 2580 783 2635 liter
805 2592 936 2632 vero
977 2574 1242 2644 templum
1271 2575 1542 2638 innuens;
1582 2571 1856 2627 fenestras
1888 2573 2034 2627 enim
2075 2573 2237 2626 mini-

2341 2581 2585 2648 αγωγοὺς
2611 2581 2719 2650 γὰρ
2765 2581 2905 2648 ἄγαν
2933 2577 3046 2652 εἶχε
3071 2585 3492 2654 σμικροτάτους.
3538 2586 3763 2655 Ἐπειδὴ
3810 2591 3884 2640 tu".

655 2689 776 2728 mas
800 2669 1010 2747 habuit,
1033 2668 1294 2738 quoniam
1325 2666 1462 2719 alias
1488 2664 1657 2718 etiam
1687 2663 1956 2718 aediculas
1993 2664 2236 2719 circum-

2341 2671 2555 2742 ἑτέρους
2583 2673 2862 2735 οίκίσκους
2899 2667 3013 2742 εἶχε
3065 2672 3273 2744 κύκλῳ.
3327 2675 3418 2728 Διό
3461 2693 3656 2744 φησιν,

655 2778 876 2834 quaque
894 2761 1107 2825 habuit,
1129 2759 1250 2812 ideo
1277 2756 1446 2811 dicit:
1474 2755 1674 2810 Dixisti
1697 2752 1958 2809 :Edilica
1985 2755 2116 2812 mihi
2141 2755 2238 2809 do-

2341 2763 2710 2833 Οίκοδόμησον
2739 2759 2889 2818 οἶκόν
2921 2781 3035 2835 μοι,
3070 2761 3220 2819 οἷκον
3255 2766 3509 2838 εὐπρεπῆ
3554 2769 3784 2837 σεαυτῷ,
3809 2769 3883 2822 τοῦ

657 2872 833 2919 mum,
866 2855 1096 2909 domum
1128 2851 1386 2905 decoram
1423 2847 1528 2902 sibi
1554 2846 1659 2916 ipsi
1692 2847 1760 2898 ad
1799 2846 2150 2900 habitandum
2183 2846 2238 2900 in

2341 2857 2613 2908 κατοικεῖν
2633 2855 2726 2907 ἐπὶ
2758 2857 3097 2927 καινότητος.
3128 2857 3264 2910 Οὐδὲ
3296 2856 3403 2928 γὰρ
3430 2859 3600 2921 αὐτὸς
3631 2859 3884 2928 ἐδεῖτοτῇ

659 2949 928 3003 novitate.
964 2944 1100 2998 Nam
1133 2944 1250 3013 ipse
1287 2941 1381 2994 tali
1405 2939 1642 2994 editio-io
1676 2954 1783 2992 non
1814 2937 2116 3009 indigebat,
2143 2937 2239 2993 sed

2341 2945 2598 3015 τοιαύτης
2631 2946 2965 3017 οἰκοδομίας,
2993 2947 3131 3000 ἀλλὰ
3160 2948 3248 3001 διὰ
3299 2951 3398 3020 τὴν
3447 2949 3558 3003 τῶν
3609 2949 3884 3021 ἀνθρώπων

659 3049 885 3110 propter
949 3035 1232 3092 hominum
1303 3032 1595 3086 utilitatem
1641 3028 1901 3084 aedificari
1957 3029 2235 3099 praecepit.

2341 3037 2530 3107 χρείαν
2561 3038 2979 3108 οἰκοδομηθῆναι
3007 3041 3358 3110 προσέταξεν.
3408 3041 3515 3094 Τοῦ
3557 3042 3619 3095 δὲ
3663 3043 3764 3095 νεὼ
3802 3042 3884 3113 τὴν

659 3128 872 3198 Templi
898 3140 1031 3180 vero
1062 3123 1316 3185 formam,
1344 3135 1559 3182 aurum,
1580 3127 1864 3188 argentum
1890 3128 1944 3172 et
1983 3133 2236 3174 vasorum

2341 3128 2706 3198 κατασκευὴν,
2732 3131 2826 3182 καὶ
2845 3130 2936 3183 τὸν
2967 3132 3188 3200 χρυσὸν,
3232 3135 3324 3184 καὶ
3358 3133 3448 3185 τὸν
3483 3135 3750 3203 ἄργυρον,
3801 3135 3882 3186 καὶ

658 3234 952 3277 numerum
985 3215 1158 3270 David
1190 3214 1476 3269 Solomoni
1503 3212 1673 3276 dedit,
1700 3211 2158 3280 quemadmodum
2183 3210 2238 3264 in

2344 3221 2451 3273 τῶν
2483 3221 2694 3274 σκευῶν
2732 3221 2824 3275 τὸν
2861 3224 3291 3294 ἁριθμὸν,Δα6“ιδ
3329 3225 3406 3295 τῷ
3438 3225 3746 3292 Σολομῶντι
3777 3243 3891 3296 παρ-

658 3319 807 3372 libro
845 3314 1304 3382 Paralipomenon
1352 3309 1608 3364 habetur.
1649 3305 1822 3361 David
1871 3307 2020 3362 enim
2058 3305 2240 3360 omnia

2347 3313 2571 3377 έδωκεν,
2629 3313 2763 3384 ὼςὴ
2818 3315 2927 3368 τῶν
2979 3316 3480 3386 Παραλειπομένων
3532 3317 3720 3388 βίϐλος
3761 3318 3889 3386 φησί.

661 3411 718 3464 in
749 3408 980 3476 scripto,
1017 3403 1096 3458 vel
1127 3403 1347 3472 pictura
1385 3415 1452 3454 ex
1489 3415 1655 3453 manu
1696 3397 1914 3452 Domini
1959 3395 2242 3450 Solomoni

2347 3403 2549 3468 ΙῘόιντα¹
2581 3403 2690 3475 γὰρ
2719 3406 2776 3457 ἐν
2803 3409 2987 3476 γραφῇ
3021 3408 3086 3460 ὲκ
3117 3409 3300 3478 χειρὸς
3326 3408 3532 3477 Κυρίου
3557 3410 3727 3462 ἔδωκε
3755 3409 3892 3462 Δαθιδ

665 3495 834 3549 dedit.
869 3493 1014 3546 Dicit
1045 3492 1239 3553 etiam,
1270 3487 1417 3558 quod
1452 3487 1712 3556 templum
1751 3487 2125 3541 marmoribus
2156 3502 2242 3538 va-

2347 3493 2426 3564 τῷ
2455 3495 2777 3566 Σολομῶντι.
2817 3499 2956 3569 Φησὶ
2987 3499 3066 3563 δὲ,
3118 3501 3213 3553 καὶ
3239 3501 3316 3562 ὡς,
3346 3501 3669 3573 μαρμάροις
3702 3501 3732 3553 ό
3783 3501 3892 3562 νεὼς

663 3589 746 3643 ric
774 3586 936 3640 fuerit
969 3583 1327 3638 distinctum.
1352 3580 1582 3649 Lapides
1603 3580 1744 3635 enim
1769 3579 2023 3649 onychis,
2054 3589 2108 3634 et
2133 3580 2242 3647 ple-

2350 3587 2724 3640 ὲπεποίκιλτο.
2765 3589 2963 3652 Λίθους
3020 3592 3128 3660 γὰρ
3184 3593 3395 3660 ὄνυχος,
3453 3597 3551 3646 καὶ
3591 3592 3891 3663 πληρώσεως

666 3679 944 3735 nitudines
994 3676 1205 3746 lapides
1240 3671 1397 3728 multi
1449 3671 1612 3741 pretii
1657 3670 1872 3725 habuit.
1913 3669 1979 3723 Et
2020 3670 2242 3735 iterum,

2350 3675 2533 3740 λίθους
2573 3677 2907 3742 πολυτελεῖς.
2947 3681 3058 3732 Καὶ
3084 3681 3269 3746 πάλιν,
3297 3682 3440 3734 λίθον
3477 3685 3687 3754 τίμιον,
3726 3683 3812 3735 καὶ
3829 3681 3891 3731 λίς

2334 1223 2466 1274 ματι
2507 1207 2673 1260 αὐτοῦ
2705 1204 3116 1278 ᾠκοδομηκέναι
3141 1210 3233 1262 τὸν
3269 1212 3419 1265 ναόν.
3459 1213 3623 1284 ’ῌδει
3650 1215 3754 1286 γὰρ
3795 1220 3874 1270 αὖα

2329 1297 2422 1348 τὸν
2477 1297 2763 1369 ἀχὼρητον
2792 1338 2807 1363 ,
2863 1301 2957 1353 καὶ
3017 1302 3089 1353 τὰ
3139 1303 3319 1356 πάντα
3391 1304 3732 1374 πληροῦντα.
3792 1311 3880 1362 Καὶ

2348 1391 2575 1455 Ἡσαΐας
2599 1393 2656 1445 δέ
2687 1410 2852 1462 φησιν
2873 1410 2887 1425 ο
2928 1413 2946 1444 ι
2969 1395 3125 1449 Οὗτω
3152 1395 3300 1464 λέγει
3329 1399 3556 1468 Κύριος·
3599 1399 3660 1453 Ὀ
3687 1402 3881 1473 οὐρανός

2336 1501 2426 1555 μοι
2457 1483 2665 1554 θρόνος,
2693 1487 2726 1555 ἠ
2761 1485 2817 1538 δὲ
2851 1485 2924 1554 γῆ
2946 1486 3237 1540 ὑποπόδιον
3266 1488 3375 1542 τῶν
3405 1490 3589 1543 ποδῶν
3613 1509 3732 1559 μου.
3751 1495 3883 1546 Ποῖον

2331 1572 2480 1628 οἷκον
2509 1576 2893 1646 οἰκοδομήσετέ
2919 1595 3044 1648 μοι;
3086 1577 3234 1632 λέγει
3263 1581 3487 1653 Κύριος.
3522 1583 3599 1635 Ἦ
3635 1583 3719 1646 τίς
3748 1585 3885 1650 τόπος

667 3772 902 3842 lapidem
934 3767 1256 3838 pretiosum,
1293 3775 1348 3818 et
1386 3762 1579 3817 Parios
1607 3777 1801 3832 magno
1833 3775 2086 3815 numero.

744 3884 806 3937 lu
845 3883 980 3936 libro
1012 3880 1294 3934 carminis.
1329 3876 1488 3940 Nam,
1526 3885 1584 3929 ut
1612 3875 1820 3929 dictum
1862 3883 1969 3940 est,
2001 3874 2156 3929 multi
2184 3874 2250 3928 li-

2353 3771 2479 3835 θους
2523 3772 2760 3844 Παρίους
2789 3774 2870 3835 εἰς
2894 3772 3117 3844 πλῆθος.

2439 3885 2571 3939 Ἐπὶ
2595 3887 2842 3949 βιϐλίου
2872 3884 2980 3952 τῆς
3006 3885 3184 3956 ᾠδῆς.
3219 3887 3392 3940 Πολλὰ
3431 3889 3541 3959 γὰρ
3571 3886 3660 3956 ἢν,
3716 3889 3785 3950 ὡς
3832 3888 3891 3940 εί-

667 3975 755 4030 bri
786 3973 1090 4044 prophetici
1125 3971 1442 4035 exstabant,
1473 3977 1528 4023 et
1559 3968 1662 4021 hoc
1685 3966 1981 4022 manifeste
1995 3967 2061 4020 in
2094 3965 2242 4022 libris

2358 3995 2540 4049 ρηται,
2576 3977 2757 4048 βιϐλία
2787 3979 3124 4048 προφητικὰ,
3159 3981 3253 4032 καὶ
3276 3980 3437 4032 τοῦτο
3458 3982 3642 4050 σαφῶς
3666 3982 3720 4033 ὲν
3743 3981 3884 4050 Παρα-

670 4065 1125 4132 Paralipomeuon
1149 4060 1496 4115 ostendetur.

742 4155 913 4210 Vsus.
961 4153 1050 4207 65.
1106 4151 1319 4220 Septem
1349 4151 1486 4216 dies,
1532 4159 1582 4203 et
1614 4158 1811 4218 septem
1850 4147 1982 4203 dies.
2012 4148 2073 4202 in
2107 4148 2252 4202 festo

677 4245 1188 4300 Tabernaculorum
1215 4228 1542 4297 convocavit
1570 4243 1831 4312 populum
1867 4258 1880 4293 :
1915 4240 2110 4296 festum
2153 4241 2253 4312 igi-

672 4348 766 4391 tur
791 4337 1138 4391 celebrarunt
1183 4335 1380 4389 diehus
1417 4334 1854 4399 quatuordecim.
1890 4332 2107 4402 Septem
2133 4333 2256 4403 qui-

672 4431 795 4483 dem
819 4428 1016 4483 diebus
1055 4426 1257 4480 festum
1311 4425 1709 4491 encaeniorum,
1742 4432 1796 4490 et
1833 4434 2038 4494 septem
2071 4426 2253 4479 taber-

2356 4070 2708 4139 λειπομέναις
2740 4070 3111 4141 δειχθήσεται.

2441 4161 2618 4214 Ἑπτὰ
2645 4161 2890 4230 ἡμέρας,
2921 4160 3020 4214 καί
3073 4161 3220 4214 ἑπτὰ
3270 4163 3516 4231 ἡμέρας.
3583 4165 3672 4216 Ἕν
3724 4165 3785 4233 τῇ
3815 4161 3891 4230 τῆς

2357 4253 2744 4323 Σκηνοπηγίας
2772 4254 2934 4324 ἑορτῇ
2963 4252 3285 4306 συνεκάλεσε
3315 4254 3406 4306 τὸν
3439 4252 3589 4311 λαόν.
3627 4254 3882 4322 Ἐπανητύ-

2363 4360 2518 4414 ρισαν
2549 4344 2657 4414 γὰρ
2689 4342 2748 4395 ιδ’
2775 4343 3010 4412 ἡμέρας.
3064 4341 3235 4394 Ἑπτὰ
3272 4344 3389 4410 μὲν,
3442 4343 3553 4396 τῶν
3611 4344 3889 4411 ὲγκαινίων·

2362 4436 2501 4489 ἑπτὰ
2527 4435 2606 4499 δὲ,
2653 4435 2750 4503 τῆς
2785 4433 3177 4503 σκηνοπηγίας.
3244 4434 3468 4504 Ὀγδόην
3528 4436 3702 4488 τοίνυν
3749 4435 3891 4497 καλεῖ,

673 4521 1024 4576 liaculorum.
1046 4517 1311 4572 Octavum
1343 4517 1513 4588 igitur
1538 4525 1698 4572 vocat
1727 4516 1877 4571 illum
1903 4516 2000 4588 qui
2025 4524 2110 4572 est
2139 4532 2236 4588 pos

2363 4529 2460 4601 τὴν
2505 4527 2644 4598 μετὰ
2675 4528 2773 4589 τὰς
2808 4527 2948 4579 ἑπτὰ
2973 4525 3072 4590 τὰς
3100 4526 3420 4590 τελευταίας
3453 4527 3690 4597 ἡμέρας.

672 4621 882 4683 septem
915 4611 1142 4665 ultimos
1167 4609 1314 4665 dies.

1305 4721 1467 4777 CAP.
1525 4721 1620 4778 l'X.

744 4837 918 4892 Vens.
942 4835 1034 4891 9.6.
1073 4833 1348 4905 Engasion
1377 4832 1570 4887 Gaber.
1611 4830 1764 4887 Hanc
1792 4831 2113 4886 Beronicem
2173 4831 2260 4886 di-

673 4941 822 4987 ctam
857 4946 998 4993 esse,
1034 4929 1224 4984 scribit
1257 4925 1550 4995 Josephus.
1572 4923 1669 4979 Est
1703 4934 1882 4977 autem
1912 4923 2106 4976 civitas
2136 4937 2253 4974 rua-

687 5021 870 5074 ritima
930 5018 1269 5086 Aithiopum,
1311 5031 1374 5070 ex
1413 5015 1547 5080 illis,
1577 5029 1699 5083 quae
1737 5013 2031 5085 Egyptum
2081 5010 2255 5081 respi-

677 5116 852 5166 ciunt.

756 5202 921 5256 Vens.
952 5199 1042 5254 28.
1071 5198 1137 5252 In
1173 5196 1433 5266 Sophara.
1465 5196 1640 5267 Regio
1669 5196 1916 5266 quaedam
1959 5205 2043 5251 est
2073 5193 2254 5258 Indian,

677 5312 845 5368 quam
879 5291 1172 5366 geographi
1195 5291 1443 5363 Chrysen
1477 5289 1778 5360 appellant.

1342 5403 1497 5460 CAP.
1534 5402 1602 5457 Χ.

645 5494 654 5500 ⁸
758 5519 921 5576 Vrsas.
960 5520 1007 5575 Ι.
1049 5519 1246 5591 Regina
1291 5516 1453 5572 Saba.
1517 5513 1666 5568 Gens
1721 5521 1808 5566 est
1892 5510 2256 5580 Etltidpica;

2950 4727 3200 4782 ΚΕΦΑΛ.
3229 4727 3307 4782 Θ’.

2446 4845 2550 4900 Ἐν
2577 4845 2848 4900 Γαισιὼγ
2883 4842 3095 4911 Γαόἐρ.
3129 4844 3347 4914 Ταύτην
3386 4842 3688 4914 Ἰώσηππος
3705 4843 3792 4915 τὴν
3812 4858 3888 4894 και

2359 4937 2627 5008 λουμένην
2662 4936 2955 5006 Βερονίκην
2989 4935 3176 5005 φησίν.
3219 4936 3374 4989 Ἐστι
3418 4935 3476 4988 δὲ
3505 4936 3733 5007 παραλία
3763 4933 3885 4986 πόλις

2354 5030 2636 5083 Αἰθιόπων
2677 5028 2786 5082 τῶν
2813 5029 2952 5100 πρὸς
2985 5027 3268 5100 Αἰγύπτῳ.

2436 5205 2540 5268 Εἰς
2567 5202 2835 5271 Σώφορα.
2868 5203 3038 5275 Χώρα
3058 5205 3142 5269 τίς
3163 5205 3280 5259 ἐστι
3318 5206 3530 5274 Ἰνδίας,
3576 5208 3643 5279 ἢν
3701 5207 3741 5260 oi
3778 5220 3872 5273 γεω-

2362 5294 2564 5364 γράφοι
2588 5293 2813 5383 ξρυσῆν
2836 5293 3220 5365 ὀνομάζουσιν.

2983 5407 3232 5467 ΚΕΦᾹΔ.
3263 5411 3321 5466 ι’.

2438 5519 2785 5574 Bac/Accan
2809 5521 2990 5578 Σαϐὰ.
3019 5522 3213 5588 Ἐθνος
3259 5524 3408 5578 ἐστὶν
3436 5523 3750 5580 “ﬁmum.
3793 5521 3880 5573 Ἑν·

683 5616 848 5669 sitam
875 5628 1000 5670 esse
1027 5614 1183 5668 aiunt
1212 5613 1283 5666 ad
1320 5625 1471 5664 mare
1513 5607 1784 5661 iudicum.
1838 5603 2049 5660 Vocant
2077 5614 2242 5659 auten

2363 5607 2554 5662 τεῦθεν
2583 5609 2642 5663 δὲ
2697 5611 2912 5667 κεῖσθαί
2972 5632 3138 5685 φασιν
3164 5618 3366 5682 αὐτοὺς
3391 5619 3494 5690 τῆς
3540 5618 3782 5689 θαλάττης
3804 5615 3880 5681 τῆς

754 5790 820 5824 δ”
867 5791 972 5848 lsa.
1007 5805 1154 5856 Lm,
1206 5792 1253 5846 Ι.
1333 5789 1376 5820 ³⁸
1405 5787 1552 5843 Psal.
1611 5799 1754 5851 ml,
1781 5784 1838 5839 2.
1919 5783 1964 5818 ³⁹
2005 5781 2154 5841 Psal.
2183 5724 2318 5854 nu:
2359 5784 2444 5840 16.
2523 5785 2568 5820 ⁸⁸
2597 5786 2730 5844 ibid.
2761 5787 2846 5846 l2.
