4034 6498
220 325 363 393 1161

1197 327 1733 390 COMMENTARII
1812 326 1897 389 IN
1936 328 2083 389 LIB.
2118 329 2209 389 III
2252 331 2541 393 REGUM.

3356 333 3509 400 .1162

213 438 478 501 Ἰνδικῆς.
525 435 885 507 Ὀνομάξουσι
913 435 970 490 δὲ
992 434 1192 498 αὐτοὺς
1242 434 1565 507 Ὀμηρίτας,
1608 450 1812 487 καταν-

1941 432 2229 491 lomeritas
2271 456 2286 503 ;
2328 446 2458 493 sunt
2505 454 2572 493 ex
2632 438 2866 496 adverso
2918 442 3297 498 Axomitarum
3331 484 3347 512 ,
3393 462 3509 503 me-

214 530 387 601 τικρὺ
417 529 474 583 δέ
510 530 616 583 εἱσι
640 528 751 584 τῶν
816 527 1159 599 Λύξωμιτῶν
1181 568 1195 595 ,
1231 526 1370 599 μέση
1399 527 1456 581 δὲ
1492 527 1700 581 τούτων
1721 530 1823 582 κά-

217 623 424 679 κείνων
448 623 482 694 ἡ
513 622 776 679 θάλαττα.

300 714 467 771 Ξύλα
503 717 708 770 πολλὰ
752 715 991 784 σφόδρα
1025 713 1351 783 πελεκητὰ.
1393 714 1556 776 Ἴσως
1578 712 1648 766 τὰ
1680 711 1818 775 λεῖα,

216 807 323 860 καὶ
348 806 491 872 ὄζων
510 806 931 880 ἀπηλλαγμένα.
960 806 1269 879 Ἴὼσηππος
1284 806 1341 861 δὲ
1360 804 1596 860 πεύκινα
1623 803 1820 868 ταῦτα,

216 918 389 971 φησι,
428 901 597 971 μηδὲν
620 903 735 965 τοῖς
765 899 899 973 παρ’
926 902 1063 971 ἡμῖν
1110 900 1331 954 ἐοικότα
1379 901 1688 963 πευκίνοις.
1713 897 1821 951 Τοῦ

219 993 451 1048 συκίνου
477 1002 503 1029 ⁸
530 992 639 1064 γὰρ
673 992 834 1058 ξύλου
884 993 977 1047 καὶ
1004 991 1308 1063 λευκότερα
1363 986 1526 1057 εἶναι,
1552 988 1648 1044 καὶ
1684 988 1825 1041 λειό-

214 1101 385 1156 τερα,
410 1086 507 1140 καὶ
533 1085 936 1157 στρυφνότερα.

299 1178 415 1232 It’ai
452 1176 704 1244 νάϐλας,
736 1177 837 1231 καὶ
866 1176 1137 1246 κινύρας.
1184 1176 1318 1230 ’Λνὰ
1342 1174 1480 1229 δέκα
1530 1174 1627 1246 μὲν
1664 1174 1825 1243 φθόγ-

218 1287 363 1335 γους
410 1268 527 1339 ἔχει
569 1268 778 1321 τούτων
816 1268 1105 1338 ἑκάτερον.
1161 1267 1303 1321 Φασὶ
1344 1265 1401 1320 δὲ
1445 1266 1545 1334 τὴν
1588 1264 1686 1335 μὲν
1726 1265 1821 1318 νά-

219 1360 366 1413 ϐλαν
398 1357 701 1423 δακτύλοις,
735 1357 833 1429 τὴν
862 1357 921 1412 δὲ.
945 1355 1175 1430 κινύραν
1222 1353 1625 1426 ἀνακρούεσθαι
1685 1353 1824 1425 πλή-

228 1469 411 1522 ⁴κτρρκ

300 1543 413 1598 Καὶ
454 1541 607 1610 ναῦς
627 1538 696 1596 ἐκ
724 1539 947 1610 Θαρσις
976 1540 1278 1610 χρυσίου.ι
1293 1538 1562 1594 Ἐνταῦθα
1600 1537 1823 1607 Ἰνδικήν

222 1652 355 1689 τινα
386 1633 570 1706 χώραν
596 1632 740 1687 οὔτω
782 1633 1093 1702 ὠνόμασεν.
1123 1633 1189 1685 ΟΞ
1211 1631 1268 1685 δὲ
1308 1632 1401 1685 τὸν
1440 1629 1705 1701 Ίεξεχιὴλ
1727 1632 1820 1701 ἐρσ-

230 1728 608 1798 μηνεύσαντες
637 1726 737 1797 τὴν
764 1726 1087 1797 Καρχηδόνα
1112 1725 1211 1792 τὴν
1236 1725 1335 1795 τῆς
1381 1724 1590 1795 Λιϐύης
1608 1740 1823 1794 προκα-

224 1821 303 1891 θη
311 1822 481 1893 μένην
519 1818 692 1881 οὕτως
725 1818 1041 1889 ὠνόμασαν.

825 1911 1079 1967 ΚΕΦΑΑ.
1130 1913 1237 1966 IA'.

323 2006 589 2076 Ὲθυμία,
619 2004 720 2059 καὶ
750 2004 931 2060 ἔθυεν
962 2004 1085 2070 τοῖς
1113 2004 1385 2070 εἰδώλοις
1404 2002 1622 2058 αὐτῶν.
1656 2002 1828 2074 Δῆλος

220 2101 258 2153 ὁ
280 2100 460 2169 λόγος,
482 2101 564 2154 ὅτι
588 2099 751 2163 αὐτὸς
770 2099 890 2169 μὲν,
911 2098 1266 2170 ᾠκοδόμησεν
1289 2098 1481 2160 αὑταῖς
1505 2097 1575 2149 τὰ
1596 2095 1823 2167 τεμένη·

222 2195 247 2245 ἐ
261 2195 440 2246 κεῖναι
462 2192 541 2258 δὲ,
574 2193 686 2255 τοῖς
706 2189 949 2256 εἰδώλοις
972 2190 1286 2261 ἐλάτρευον.

315 2285 418 2340 Ἐκ
487 2282 690 2353 χειρὸς
746 2283 854 2339 τοῦ
884 2283 1018 2339 υἱοῦ
1048 2298 1170 2337 σου
1195 2282 1471 2351 λήψομαι
1508 2280 1722 2347 αὑτήν.
1752 2280 1825 2333 Σὺ

225 2378 335 2449 μὲν
367 2379 498 2448 γὰρ,
548 2377 742 2447 φησὶν,
796 2375 941 2447 ἔχεις
983 2374 1380 2446 ἐπικουροῦντα
1428 2373 1520 2426 τὸν
1577 2372 1822 2444 πατέρα’

224 2473 441 2533 ἐκεῖνος
480 2469 559 2534 δὲ,
592 2469 869 2539 πατρικῆς
900 2467 1155 2539 βοηθείας
1195 2465 1571 2536 γεγύμνωται.

302 2561 621 2631 Σκῆπτρον
638 2561 708 2615 ἓν
730 2558 907 2615 δώσω
920 2558 1002 2625 τῷ
1018 2557 1125 2625 vlg?)
1150 2575 1288 2613 σου.
1317 2557 1642 2629 ΙΙροσθήσω,
1670 2557 1824 2627 φησὶ,

224 2655 326 2708 τὸν
361 2656 623 2725 Βενιαμὶν
664 2657 731 2726 τῇ
791 2653 887 2707 τοῦ
925 2652 1099 2706 Ἰούδα
1134 2651 1296 2723 φυλῇ.
1327 2649 1491 2705 Μάλα
1519 2649 1575 2701 δὲ
1602 2653 1826 2712 εἰκότως

229 2744 444 2816 συνῆψε
495 2745 595 2807 τὰς
646 2742 741 2798 δύο
788 2742 987 2812 φυλάς.
1049 2742 1124 2795 Τὸ
1186 2742 1287 2812 μὲν
1346 2740 1458 2811 γὰρ
1509 2739 1824 2810 βασιλικὸν,

224 2830 381 2908 εἶχεν
409 2835 471 2889 τὸ
503 2833 786 2889 τοῦΊούδα
832 2836 1010 2905 γένος.
1076 2833 1181 2886 Τὸν
1216 2833 1274 2887 δὲ
1306 2833 1451 2885 θεῖον
1484 2830 1642 2893 νεὼν,
1672 2833 1708 2901 ἡ
1730 2830 1825 2884 τοῦ

227 2927 516 2997 Βενιαμίν.

304 3022 508 3086 Ὅπως
540 3018 578 3086 τ)
612 3019 880 3087 θέλησις,
907 3018 946 3085 ἠ
970 3017 1049 3083 τῷ
1073 3016 1274 3081 δούλῳ
1301 3031 1422 3084 μου
1445 3014 1827 3068 Δαϐίδ.”Λνω-

1926 527 2081 582 dium
2117 536 2299 585 autem
2328 531 2473 587 inter
2506 530 2632 588 illos
2662 548 2815 589 mare
2837 544 2941 591 est.

1998 710 2164 767 Vens.
2214 713 2298 767 12.
2350 712 2523 786 Ligna
2578 721 2751 773 multa
2774 754 2790 782 ,
2824 718 2977 773 valde
3004 718 3244 773 edolata.
3281 718 3507 776 Fortas-

1928 807 2008 862 sis
2071 807 2240 878 polita
2271 847 2287 873 ,
2339 824 2369 863 a
2401 812 2606 882 quibus
2650 812 2790 867 rami
2820 812 3019 868 resecti
3070 811 3312 868 fuerunt.
3347 811 3511 869 lose-

1926 896 2071 989 phus
2099 907 2282 955 autem
2306 900 2540 974 abiegna
2577 903 2713 968 haec,
2751 910 2913 959 vocat
2967 918 3093 974 quae
3127 903 3266 959 nihil
3328 904 3540 989 simile;

1928 988 2168 1047 habeant
2212 1006 2336 1049 cum
2371 995 2581 1052 nostris
2630 996 2906 1053 abietibus
2934 1034 2951 1061 ,
2984 994 3144 1068 533
3181 996 3276 1052 sed
3307 996 3509 1053 licuan

1927 1079 2101 1151 magis
2132 1082 2276 1150 alba,
2306 1085 2578 1154 planiora,
2606 1096 2663 1143 et
2697 1086 2927 1142 duriora
2979 1086 3116 1143 sint.

2004 1172 2215 1230 Nablas
2259 1186 2310 1231 et
2351 1177 2615 1233 citharas.
2674 1177 3119 1249 Unumquodque
3153 1178 3373 1234 illorum
3422 1177 3511 1234 in—

1925 1276 2364 1325 strumentorum
2408 1271 2595 1329 decem
2638 1287 2805 1329 sonos
2838 1272 3051 1328 habuit.
3094 1272 3296 1328 Dicunt
3325 1281 3508 1328 autem

1927 1362 2152 1420 nablum
2196 1364 2410 1436 digitis,
2441 1367 2713 1423 citharam
2780 1374 2962 1422 autem
3039 1365 3249 1438 plectro
3306 1374 3510 1423 tactam

1926 1472 2070 1513 esse.

1997 1548 2063 1604 Et
2099 1550 2250 1604 navis
2302 1552 2423 1604 auri
2468 1565 2534 1605 ea:
2574 1550 2810 1608 Tharsis.
2862 1550 3165 1623 [legionem
3214 1551 3508 1623 quamdam

1928 1643 2096 1699 Indiae
2161 1644 2326 1699 isthic
2366 1647 2447 1698 sic
2502 1646 2764 1714 appellat.
2818 1645 3154 1717 lntcrprctes
3207 1644 3510 1700 Ezechielis

1924 1734 2333 1808 Carthaginem,
2368 1752 2488 1807 quze
2517 1736 2701 1809 Libyae
2732 1737 2968 1809 adjacet,
3005 1736 3085 1793 sic
3130 1737 3508 1793 nominarunt.

2582 1914 2736 1971 CAP.
2770 1915 2865 1972 XI.

2002 2004 2168 2064 Vens.
2197 2005 2254 2062 8.
2280 2006 2570 2074 Adolebat,
2596 2019 2645 2064 et
2675 2011 3021 2079 sacriﬁcabat
3056 2010 3215 2066 idolis
3250 2013 3511 2081 ipsorum.

1931 2094 2121 2152 Oratio
2153 2099 2312 2169 plana
2344 2108 2473 2167 est,
2528 2098 2884 2157 Salomonem
2943 2105 3168 2173 quidem
3208 2103 3515 2160 aediﬁcasse

1932 2189 2068 2259 ipsis
2106 2189 2335 2245 delubra
2367 2234 2381 2257 ,
2413 2193 2564 2262 ipsas
2603 2207 2737 2248 vero
2770 2193 2933 2249 idolis
2964 2193 3335 2249 sacriﬁcasse.

2002 2281 2168 2339 Vens.
2208 2282 2296 2337 12.
2348 2286 2432 2337 Ea:
2464 2300 2626 2338 manu
2657 2286 2759 2353 ﬁlii
2784 2285 2861 2339 tui
2893 2285 3153 2350 accipiam
3200 2284 3359 2339 illud.
3408 2283 3512 2348 Tn.

1930 2376 2098 2442 dicit,
2127 2375 2294 2432 habes
2332 2385 2564 2445 patrem.
2597 2380 2690 2448 qui
2718 2378 2814 2433 tibi
2869 2378 3190 2448 adiumento
3245 2378 3385 2444 fuit,
3425 2379 3517 2434 ilte

1931 2477 2114 2524 autem
2159 2470 2334 2540 patris
2364 2470 2577 2526 auxilio
2626 2470 2929 2527 destitutus
2958 2477 3064 2525 est.

2001 2557 2164 2614 Vens.
2203 2559 2292 2613 l3.
2317 2556 2600 2630 Sceptrum
2632 2573 2796 2614 unum
2818 2558 2959 2613 dabo
2983 2560 3099 2628 ﬁlio
3127 2569 3239 2615 tuo.
3276 2559 3513 2624 Addant,

1928 2651 2132 2721 inquit,
2168 2652 2373 2706 tribum
2404 2650 2692 2722 Benjamin
2762 2651 2930 2706 tribui
2980 2649 3136 2707 Iuda:
3169 2669 3185 2719 ;
3230 2660 3382 2708 recte
3415 2667 3517 2707 an-

1929 2752 2039 2798 tem
2070 2743 2211 2799 duas
2264 2745 2389 2799 illas
2421 2744 2603 2800 tribus
2646 2743 2955 2813 conjunxit.
3005 2742 3147 2799 Juda
3194 2744 3342 2799 enim
3387 2758 3517 2815 pro-

1930 2837 2139 2907 sapiam
2186 2835 2391 2906 regiam
2446 2835 2674 2899 habuit;
2736 2834 2913 2890 tribus
2974 2845 3156 2890 autem
3229 2833 3517 2905 Beniamin

1951 2930 2213 2998 templum
2248 2926 2364 2983 Dei.

2010 3019 2078 3075 Ut
2110 3022 2353 3076 voluntas
2376 3022 2513 3076 servi
2545 3019 2646 3073 mei
2675 3017 3024 3074 Darid.Cum
3040 3019 3155 3090 jam
3182 3026 3364 3075 autem
3384 3033 3516 3092 pro-

228 3115 351 3180 θεν,
389 3114 547 3183 φησι,
580 3112 820 3184 προϊδὼν
849 3112 949 3184 τὴν
982 3110 1079 3165 τοῦ
1110 3110 1274 3163 Δαϐὶδ
1310 3108 1536 3180 ἀρετὴν,
1574 3108 1819 3175 ἐξελεξά-

1940 3113 2191 3168 vidissem
2230 3110 2457 3168 Davidis
2502 3110 2791 3176 virtutem,
2823 3108 2998 3181 delegi
3055 3123 3219 3175 eum,
3269 3115 3326 3164 et
3365 3124 3518 3165 com-

227 3224 346 3278 μην
379 3204 564 3267 αὑτὸν,
586 3204 684 3258 καὶ
720 3203 992 3273 εὐδόκησα
1028 3203 1085 3255 ὲν
1125 3199 1295 3270 αύτῷ.
1330 3197 1504 3253 Τοῦτο
1533 3200 1643 3270 γὰρ
1673 3198 1821 3268 λέγει

228 3296 475 3367 θέλησιν.
512 3295 623 3350 Καὶ
650 3293 829 3367 ὥρισα
858 3292 1040 3358 αὑτὸν,
1074 3293 1172 3345 καὶ
1207 3292 1271 3345 τὸ
1298 3290 1456 3360 γένος
1499 3291 1687 3356 αὑτοῦ,
1727 3292 1824 3362 βα-

226 3388 472 3445 σιλεύειν
500 3389 600 3460 τῆς
639 3385 1025 3459 Ἰερουσαλὴμ,
1084 3386 1143 3439 ὲν
1264 3383 1566 3455 ἐδουλήθην
1596 3384 1656 3438 τὺ
1692 3386 1822 3456 ἐμὸν

223 3484 406 3554 ὄνομα
440 3481 719 3536 σὲὃεσθαι.

304 3573 776 3643 Τεσσαράκοντα
826 3570 960 3639 ἔτη.
1013 3568 1073 3621 '0
1125 3568 1184 3622 δὲ
1247 3567 1575 3638 Ἰώσηππος,
1629 3565 1823 3637 ὀγδοή-

225 3684 402 3721 κοντα
423 3666 541 3736 ἔτη,
571 3667 761 3736 φησὶν,
812 3662 1135 3717 ἐϐασίλευσε
1184 3659 1456 3731 Σολομῶν,
1489 3661 1583 3713 καὶ
1612 3659 1825 3713 ἐτελεύ-

223 3775 399 3827 τησεν
424 3757 565 3811 ἑτῶν
589 3758 920 3828 ἐνενήκοντα
946 3752 1259 3823 τεσσάρων.

839 3842 1092 3899 ΚΕΦΑΛ.
1113 3838 1216 3895 ΙΒ’.

311 3943 379 3999 Ἠ
403 3943 696 4013 μικρότης
724 3956 845 4009 μου
896 3933 1204 4005 παχυτέρα
1250 3932 1425 3986 ἐστὶν
1454 3930 1565 4000 τῆς
1591 3930 1823 4000 ὀσφύος

225 4033 342 4091 τοῦ
367 4032 592 4100 πατρός
614 4048 758 4101 μου.
794 4030 885 4083 Ἐν
919 4023 1432 4097 Παραλειπομέναις
1461 4021 1819 4094 σαφέστερον·

234 4129 307 4183 '0
340 4125 726 4197 ,ϐραχύτατός
776 4138 897 4193 μου
947 4119 1254 4185 δάκτυλος
1308 4116 1648 4185 παχύτερος
1711 4113 1824 4183 τῆς

226 4221 469 4290 ὀσφύος
488 4215 597 4272 τοῦ
626 4214 852 4284 πατρός
866 4213 985 4282 μού
1003 4212 1198 4265 ἐστιν.
1222 4207 1381 4262 Οὕτω
1401 4208 1456 4260 δὲ
1495 4207 1591 4261 καὶ
1611 4210 1639 4260 ὁ
1656 4204 1822 4277 Σύρος

226 4313 564 4384 ὲρμήνευσε,
596 4309 692 4363 καὶ
730 4304 1062 4374 Ἰὠσηππος.

304 4405 438 4459 ’ὅτι
470 4402 634 4472 παρὰ
666 4401 888 4471 Κυρίου
916 4395 997 4471 ἦν
1030 4398 1069 4467 ἡ
1112 4392 1525 4467 μεταστροφὴ.
1581 4392 1673 4457 Ὠς
1725 4391 1820 4457 τὸ,

1938 3202 2197 3272 placitum
2238 3209 2323 3256 cst
2368 3200 2499 3255 tnihi
2534 3200 2588 3254 iu
2635 3215 2736 3267 eo;
2771 3200 2874 3255 hoc
2936 3199 3080 3255 enim
3148 3199 3387 3269 appellat
3423 3213 3519 3256 vo-

1928 3294 2228 3358 luntatem;
2261 3300 2316 3345 ct
2360 3292 2670 3357 constitui,
2725 3299 2783 3345 ut
2832 3290 2951 3360 ipse
3014 3299 3072 3346 ct
3122 3305 3297 3362 genus
3342 3290 3517 3362 ipsius

1926 3395 2220 3457 regnarent
2248 3385 2670 3457 Hierosolymis,
2697 3383 2787 3439 ubi
2814 3384 2980 3449 volui,
3009 3393 3068 3438 ut
3102 3398 3304 3439 nomen
3331 3399 3514 3441 meum

1930 3477 2188 3547 religiose
2223 3476 2520 3532 coleretur.

1998 3572 2159 3627 Vens:
2202 3569 2292 3627 42.
2330 3568 2701 3640 Quadraginta
2751 3568 2930 3623 annis.
2987 3567 3262 3638 Josephus
3288 3577 3473 3624 autem
3500 3610 3515 3634 ,

1926 3663 2218 3735 Octoginta
2255 3700 2273 3727 ,
2324 3661 2525 3731 inquit,
2585 3660 2747 3716 annis
2791 3661 3048 3730 regnavit
3104 3659 3404 3726 Salomon,
3463 3669 3518 3716 et

1925 3755 2104 3821 obiit,
2155 3763 2317 3809 natus
2346 3767 2524 3810 annos
2553 3752 2852 3822 nonaginta
2896 3761 3159 3824 quatuor.

2561 3843 2717 3901 CAP.
2759 3844 2878 3899 XII.

1999 3937 2162 3994 Vens.
2206 3938 2292 3992 10.
2324 3937 2572 3993 Parvitas
2601 3954 2720 3993 mea
2744 3937 2981 3992 crassior
3025 3945 3106 3991 est
3150 3935 3328 3992 lumbo
3347 3938 3518 4007 patris

1929 4031 2053 4086 mei.
2082 4030 2142 4085 In
2172 4030 2311 4085 libro
2343 4028 2807 4100 Paralipomenon
2864 4028 3083 4099 planius
3128 4027 3335 4083 dicitur
3369 4044 3384 4083 :
3413 4027 3522 4082 Mi-

1927 4123 2101 4176 nimus
2132 4137 2277 4177 meus
2311 4121 2510 4189 digitus
2540 4120 2775 4174 crassior
2800 4128 2875 4174 est
2927 4118 3106 4174 lumbo
3173 4120 3345 4190 patris
3396 4120 3521 4175 mei.

1929 4211 2023 4269 Sic
2048 4213 2212 4269 etiam
2247 4212 2422 4284 Syrus
2450 4220 2505 4265 et
2537 4210 2810 4281 Josephus
2840 4211 3193 4282 interpretati
3227 4220 3381 4268 sunt.

1991 4392 2155 4451 Vens.
2174 4394 2262 4451 15.
2290 4392 2430 4461 Quia
2450 4401 2565 4447 erat
2591 4393 2801 4448 aversio
2829 4408 2861 4446 a
2884 4390 3133 4446 Domino.
3155 4389 3524 4457 Quemadmo-

231 4518 256 4554 ι
303 4497 641 4569 Ἐσκλήρυνε
689 4494 897 4566 Κύριος
927 4490 1026 4564 τὴν
1057 4489 1289 4561 καρδίαν
1330 4486 1553 4559 Φαραώ.
1594 4504 1614 4540 ι
1650 4486 1822 4541 Ὅταν

1940 4488 2055 4546 ium
2086 4488 2221 4545 illud
2250 4506 2265 4543 ε
2289 4507 2307 4542 ι
2333 4488 2617 4544 Induravit
2656 4486 2923 4542 Dominus
2944 4500 3042 4541 cor
3064 4484 3426 4541 Pharaonis.»
3462 4482 3521 4539 Si

224 4590 345 4663 γὰρ
370 4592 399 4644 ό
427 4589 561 4654 Θεὸς
600 4585 909 4657 καταλείπῃ
950 4583 1099 4647 τινὰ,
1149 4580 1406 4652 καθάπερ
1440 4578 1651 4649 σκάφος
1693 4578 1831 4633 ἀκυ-

225 4685 499 4757 ϐέρνητον
530 4682 776 4754 φέρεται.
825 4678 951 4741 Τοῖς
974 4676 1021 4731 δ’
1051 4670 1148 4730 οὖν
1195 4673 1451 4743 ἀνοήτοις
1479 4670 1828 4743 χρησάμενος

225 4781 436 4850 λόγοις,
466 4777 822 4849 πληρωθῆναι
858 4768 1246 4845 παρεσκεύασε
1272 4766 1366 4820 τοῦ
1389 4765 1528 4820 Θεοῦ
1556 4766 1657 4838 τὴν
1692 4766 1828 4821 ἁπό-

224 4890 421 4945 φασιν.

304 4963 581 5036 θυγάτηρ
625 4961 820 5025 ‘Arar,
879 4958 1017 5015 υἱοῦ
1076 4956 1275 5023 Νάας,
1326 4951 1639 5021 ,ϐασιλέως
1678 4951 1827 5008 υἱῶν

239 5058 501 5130 Ἀμμών.
548 5054 759 5111 Ἱκανὸν
783 5051 944 5107 τοῦτο
976 5052 1076 5122 τὴν
1115 5047 1385 5102 Ἰουδαίων
1417 5044 1698 5117 βασιλείαν
1735 5048 1825 5099 ὲν-

221 5158 452 5230 τρέψαι,
479 5156 563 5210 ὅτι
611 5153 700 5208 ἐπ’
753 5150 1006 5222 εὐγενείᾳ
1055 5146 1432 5219 βρενθύονται.
1466 5144 1578 5199 Καὶ
1603 5144 1732 5207 τοὺς
1764 5140 1823 5207 ἐξ

223 5249 399 5307 ἐθνῶν
429 5248 507 5319 τῷ
539 5246 756 5317 Σωτῆρι
786 5240 1238 5301 πεπιστευκότας
1274 5236 1586 5305 ἀλλογενείς
1616 5233 1817 5305 ὀνομά-

221 5343 437 5409 ζουσιν.
462 5340 791 5413 Εὑρίσκεται
822 5339 932 5410 γὰρ
980 5336 1162 5390 αὐτῶν
1193 5335 1290 5388 καὶ
1317 5333 1379 5387 τὸ
1410 5330 1692 5404 βασιλικὸν
1725 5330 1815 5398 γέ-

220 5454 315 5499 νος
340 5434 664 5504 ἀλλόφυλον.

269 5529 387 5585 Καὶ
412 5526 676 5597 ἐξῆλθεν
692 5523 991 5596 Ἰεροϐοάμ
1008 5522 1080 5588 ἐξ
1115 5522 1443 5592 Αἰγύπτου.
1476 5520 1567 5584 Δὶς
1581 5519 1650 5573 τὰ
1681 5517 1818 5572 αὐτὰ

1937 4583 2082 4641 enim
2115 4582 2376 4639 Dominus
2409 4583 2646 4654 aliquem
2680 4580 3028 4645 deseruerit,
3057 4576 3521 4650 quemadmodum

1936 4677 2093 4733 navis
2119 4677 2485 4749 gubernatore
2518 4676 2787 4732 destituta
2845 4671 3262 4729 circumfertur.
3324 4672 3523 4727 Stultis

1934 4773 2104 4845 igitur
2150 4770 2505 4827 sermonibus
2558 4784 2734 4834 usus,
2781 4767 2963 4825 ciiecit
2994 4775 3054 4822 ut
3089 4765 3186 4822 Dei
3241 4763 3524 4838 przedictio

1934 4862 2281 4931 impleretur.

2004 4951 2155 5008 Filia
2198 4951 2413 5019 Annan,
2446 4952 2549 5022 ﬁlii
2587 4949 2780 5017 Naas,
2822 4951 2959 5023 regis
2994 4949 3233 5019 ﬁliorum
3274 4950 3520 5004 Ammon.

1931 5048 2152 5105 iustum
2180 5056 2365 5102 autem
2417 5052 2536 5102 crat
2559 5052 2621 5098 ut
2652 5058 2748 5115 per
2780 5041 2889 5099 hoc
2941 5055 3170 5115 regnum
3207 5038 3524 5098 Iudaeorum

1930 5139 2410 5205 confunderetur;
2474 5153 2599 5193 nam
2660 5145 2890 5209 propter
2944 5136 3291 5191 nobilitatem
3336 5150 3527 5205 super-

1931 5234 2115 5303 biunt,
2154 5240 2212 5290 ct
2254 5232 2381 5289 illos
2403 5232 2497 5302 qui
2541 5247 2604 5287 ex
2638 5228 2895 5302 gentibus
2938 5227 3221 5282 Servatori
3273 5224 3526 5283 credide-

1920 5336 2073 5395 runt,
2101 5326 2447 5398 alienigenas
2473 5324 2773 5396 appellant.
2839 5319 3114 5377 Videmus
3166 5316 3313 5375 enim
3353 5331 3528 5388 genus

1924 5422 2139 5494 regium
2174 5419 2514 5491 alienigenas
2544 5416 2710 5474 etiam
2743 5413 3034 5471 habuisse.

2004 5514 2170 5570 Vens.
2213 5513 2299 5568 l9.
2347 5511 2416 5566 Et
2446 5526 2692 5583 egressus
2740 5518 2819 5565 est
2854 5507 3149 5564 Jeroboam
3172 5517 3240 5561 ex
3265 5501 3523 5575 JEgypto.

1509 5674 1748 5731 VARI/Ii
1775 5670 2185 5730 LECTIONES.

322 5815 347 5841 ⁸
382 5802 458 5855 Ita
492 5811 545 5854 et
582 5800 634 5853 in
674 5796 923 5850 Lavateri
962 5793 1151 5849 coalice
1178 5790 1303 5845 fuit.
1346 5791 1458 5862 Ego
1488 5799 1669 5846 tamen
1703 5787 1994 5859 legendum
2022 5797 2274 5841 censeam
2308 5777 2590 5833 πευκίνου.

515 5895 790 5952 Parnm.
834 5890 948 5950 Gn.
1000 5887 1169 5946 LXX
1185 5883 1370 5948 XVII.

3042 5868 3121 5929 37
