4034 6504
647 315 782 380 1163

1967 324 2323 386 PROCOPII
2349 325 2592 387 GAZfEl

3732 341 3843 411 1164

643 427 734 483 Bis
750 426 891 482 idem
914 440 1290 499 saepenumero
1310 429 1528 500 cogitur
1552 441 1819 504 repetere,
1841 449 1967 490 cum
1990 436 2057 491 de
2085 437 2212 493 duo-

2327 440 2589 505 πολλάκις
2612 438 2983 509 ἀναγκάζεται
3016 439 3217 511 λέγειν,
3250 443 3438 517 ἐπειδὴ
3462 446 3586 518 περὶ
3604 448 3686 505 δύο
3715 452 3843 524 βασι.

644 520 747 573 bus
765 519 948 589 regnis
969 518 1160 574 divisis
1180 519 1405 575 scribat.
1432 520 1624 594 Fitque
1646 541 2023 596 saepenumero
2036 542 2213 597 quan-

645 609 717 664 do
744 611 811 664 de
845 611 1017 666 altero
1086 612 1457 667 narrationem
1497 617 1764 680 contexit,
1803 627 1857 671 et
1886 618 1953 671 ad
1978 618 2213 672 alterum

642 701 1018 756 transitionem
1063 700 1238 767 facit,
1270 713 1328 756 ut
1381 717 1464 770 ea,
1500 720 1622 775 quae
1643 706 1804 761 modo
1834 708 1994 772 dixit,
2034 708 2214 764 denuo

644 801 893 859 repetere
912 797 992 855 ,et
1022 800 1347 861 perpetuum
1372 793 1617 849 ordinem
1643 809 1861 853 servare
1892 805 2143 867 cogatur.

720 879 880 935 Vens.
916 881 1009 934 22.
1068 880 1153 935 Ad
1220 882 1471 937 Sameam
1520 884 1862 941 Salamitem.
1929 888 2215 953 Quomodo

641 988 808 1043 supra
840 973 1051 1028 Achian
1095 974 1366 1030 Siloniten
1424 975 1566 1031 dixit
1594 976 1888 1035 discidisse
1947 980 2211 1050 pallium,

640 1073 693 1118 et
723 1064 913 1119 decem
950 1065 1225 1121 scissuras
1262 1066 1481 1123 dedisse
1504 1066 1870 1136 Jeroboamo,
1902 1071 2005 1128 hoc
2031 1081 2214 1126 autem

644 1158 769 1211 loco
836 1155 1088 1211 Samcam
1157 1158 1550 1218 Salamitem?
1618 1160 1924 1231 Utrumque
2008 1165 2213 1220 factum

641 1256 723 1303 est
753 1266 768 1303 :
799 1248 933 1303 illud
962 1249 1188 1319 quidem
1248 1251 1467 1307 vivente
1503 1250 1819 1320 Salomone,
1847 1270 2021 1325 quare
2072 1257 2216 1312 bona

640 1356 737 1411 spe
768 1342 958 1411 plenus
984 1341 1271 1398 Jeroboam
1319 1343 1372 1397 in
1419 1343 1724 1417 Egyptum
1774 1346 2048 1419 profugit;
2112 1348 2217 1403 hoc

640 1448 773 1487 vero
805 1442 1095 1505 postquam
1153 1435 1279 1490 inde
1342 1452 1599 1494 reversus
1630 1445 1751 1504 est,
1808 1454 2074 1494 revocans
2111 1439 2212 1510 ipsi

643 1527 697 1580 in
732 1529 1053 1583 memoriam
1083 1528 1324 1584 divinam
1362 1531 1813 1600 praedictionem;
1856 1538 1933 1597 ut,
1967 1546 2093 1587 cum
2120 1547 2215 1587 co-

640 1628 928 1690 gnosceret
957 1635 1184 1692 regnum
1218 1622 1324 1677 sibi
1357 1622 1628 1679 divinitus
1662 1623 1923 1679 collatum
1956 1638 2102 1692 esse,
2129 1624 2215 1679 di-

644 1710 785 1765 vinis
834 1710 1044 1780 legibus
1080 1718 1402 1780 potestatem
1430 1712 1577 1767 illam
1606 1721 1852 1769 ornaret.

712 1798 871 1853 Vens.
911 1800 998 1854 ΞΕ).
1039 1800 1106 1853 Et
1134 1804 1307 1868 posuit
1341 1819 1501 1855 unam
1536 1804 1590 1857 in
1625 1803 1805 1859 Betltel
1830 1844 1846 1870 ,
1883 1816 1932 1860 et
1962 1822 2125 1860 unam
2160 1806 2216 1861 in

645 1898 779 1949 Dan.
825 1897 1006 1950 Limes
1036 1897 1186 1966 regni
1219 1897 1711 1952 decemztribuuln.
1740 1899 1820 1951 Ab
1853 1911 2039 1955 austro
2069 1901 2214 1955 enim

640 1991 826 2047 Belhcl
866 1991 1021 2045 limes
1054 2000 1194 2053 erat,
1235 1990 1305 2044 ab
1364 2004 1572 2045 occasu
1604 1989 1744 2045 Dan.
1770 1991 1851 2046 .Ut
1882 1992 1935 2047 bi
1984 1994 2215 2064 quidem

640 2082 709 2133 ad
734 2082 908 2144 hanc,
944 2079 1021 2134 illi
1074 2094 1205 2135 vero
1258 2080 1325 2133 ad
1359 2080 1507 2133 illam
1539 2094 1952 2149 concurrerent,
1998 2088 2063 2140 et'
2088 2087 2216 2155 quia

643 2172 765 2225 loca
816 2170 1127 2240 propinqua
1174 2178 1355 2233 erant,
1392 2184 1504 2223 non
1541 2185 1689 2240 aegre
1709 2170 1937 2237 ferrent,
1966 2174 2060 2229 sed
2090 2175 2216 2229 boui

640 2261 1033 2326 consulerent,
1058 2259 1201 2331 quod
1236 2258 1292 2313 in
1331 2261 1679 2331 metropolim
1713 2276 1824 2316 non
1880 2271 2029 2319 esset
2080 2280 2217 2320 eun-

642 2353 797 2407 dum.

716 2466 874 2524 Vens.
917 2467 1007 2523 52.
1059 2466 1234 2522 Juxta
1297 2468 1528 2538 festum,
1568 2467 1707 2538 quod
1768 2468 1826 2522 in
1867 2476 2011 2522 terra
2044 2466 2213 2523 Iuda.

641 2559 862 2615 Decima
890 2562 1080 2630 quinta
1118 2561 1206 2617 die
1268 2561 1487 2631 septimi
1539 2559 1744 2616 mensis
1787 2560 1983 2615 festum
2011 2560 2217 2617 Taber-

2316 531 2477 585 λειῶν
2502 531 2848 604 διῃρημένων
2870 534 3195 604 συγγράφει.
3216 535 3324 589 Καὶ
3348 537 3498 591 ἔστιν
3515 540 3602 593 ὅτε
3627 545 3844 615 πολλάκις

2316 620 2447 692 περὶ
2475 621 2574 692 τῆς
2604 623 2798 693 ἑτέρας
2829 624 2999 689 τιθεὶς
3045 624 3305 697 διήγημα,
3341 629 3442 682 καὶ
3489 632 3619 701 πρὸς
3643 636 3731 705 τὴν
3755 640 3847 693 ἑτέ.

2317 730 2418 783 ραν
2479 714 2840 784 μεταϐαίνων,
2900 716 3276 785 ἀναγκάζεται
3320 719 3614 774 ἀναλαϐεῖν
3655 727 3716 779 τὰ
3765 730 3843 800 ήδη

2316 807 2712 877 προειρημένα,
2743 809 2840 861 καὶ
2861 808 2960 879 τὴν
2987 809 3309 864 ἀκολουθίαν
3354 812 3609 881 φυλάξαι.

2387 900 2543 967 Πρὸς
2596 900 2835 968 Σαμέαν
2892 902 3000 955 τὸν
3052 904 3419 973 Σαλαμίτην.
3487 905 3611 968 Πῶς
3654 909 3849 981 ἀνωμὲν

2327 990 2513 1059 Ἀχίαν
2541 991 2632 1044 τὸν
2655 990 2946 1062 Σιλωνίτην
2968 989 3088 1045 εἷπε
3113 994 3273 1063 ῥῆξαι
3308 994 3370 1047 τὸ
3396 996 3753 1067 περιϐόλαιον,
3774 1006 3849 1055 καὶ

2315 1081 2499 1135 δοῦναι
2529 1082 2659 1135 δέκα
2722 1084 2982 1153 ῥήγματα
3042 1083 3123 1155 τῷ
3163 1085 3454 1157 ἰεροϐοάμ
3478 1103 3495 1119 ⁸
3552 1089 3761 1147 ἐνταῦθα
3789 1096 3845 1159 δὲ,

2318 1172 2536 1243 Σαμέαν
2574 1172 2663 1225 τὸν
2700 1173 3039 1245 Σαλαμίτην;
3095 1175 3391 1246 Ἑκάτερον
3425 1178 3641 1246 γέγονε,
3682 1182 3845 1252 τὸμὲν,

2317 1266 2551 1329 ζῶντος·
2585 1265 2706 1319 ὅθεν
2761 1267 2899 1335 μετά
2949 1265 3193 1338 χρηστῆς
3238 1266 3463 1330 ἐλπίδος
3500 1268 3849 1341 Ἱεροϐοάμ,εἰς

2315 1355 2416 1426 τὴν
2434 1356 2708 1424 Αἴγυπτον
2734 1354 2936 1423 ἔφυγεν
2962 1370 2977 1385 '
3024 1356 3084 1409 τὸ
3112 1357 3169 1408 δὲ
3194 1399 3207 1421 ,
3242 1358 3380 1427 μετά
3403 1358 3503 1428 τὴν
3542 1360 3735 1413 ἐκεῖθεν
3779 1366 3847 1416 tn-

2324 1445 2531 1507 ἀνοδον,
2555 1446 2969 1516 ἀναμιμνῆσκον
3016 1445 3179 1499 αὐτὸν
3201 1447 3301 1517 τῆς
3330 1446 3484 1512 θείας
3516 1453 3844 1522 προρρήσεως.

2318 1537 2481 1590 ’Ὥστε
2552 1538 2788 1609 μαθόντα
2816 1538 3095 1593 θεόσδοτον
3122 1533 3261 1593 εῖναι
3299 1540 3399 1612 τὴν
3436 1540 3729 1611 βασιλείαν,
3761 1549 3848 1610 τοῖς

2314 1628 2483 1693 θείοις
2502 1630 2685 1701 νόμοις
2717 1630 2995 1701 κοσμῆσαι
3023 1629 3121 1701 τὴν
3149 1630 3425 1698 ἐξουσίαν.

2248 1789 2291 1843 Β
2396 1807 2671 1878 Τὴνμίαν
2698 1808 2767 1862 ἐν
2786 1809 3006 1876 Βεθὴλ,
3024 1810 3121 1863 καὶ
3144 1809 3258 1878 τὴν
3270 1811 3424 1880 μίαν
3462 1810 3645 1865 ἔδωκε
3669 1815 3847 1870 ἀνΔάν.

2320 1899 2507 1970 Ὅριον
2544 1899 2641 1968 τῆς
2670 1898 2775 1950 τῶν
2802 1898 2934 1951 δέκα
2987 1899 3173 1968 φυλῶν
3226 1898 3529 1966 βασιλείας.
3582 1899 3709 1954 Ἀπὸ
3730 1902 3849 1953 νότου

2310 1990 2445 2062 μὲν,
2502 1992 2535 2061 ἡ
2582 1990 2773 2061 Βεθήλ.
2812 1992 2943 2044 Ἀπὸ
2993 1990 3167 2062 βορῤᾶ
3222 1990 3297 2054 δὲ,
3334 1993 3369 2061 ή
3400 1992 3529 2044 Δάν.
3564 1991 3674 2043 Ἵνα
3698 1993 3740 2043 οἱ
3774 1986 3850 2061 μὲν

2320 2080 2455 2151 πρὸς
2479 2080 2703 2151 ταύτην,
2728 2081 2777 2134 οἱ
2808 2080 2865 2133 δὲ
2920 2080 3055 2150 πρὸς
3101 2080 3318 2151 ἐκείνην
3353 2080 3746 2151 συντρέχοντες,
3777 2083 3849 2133 καὶ

2317 2173 2404 2227 διὰ
2428 2174 2489 2227 τὸ
2504 2174 2759 2237 πελάζειν
2790 2172 2866 2243 μὴ
2897 2170 3615 2244 δυσχεραίνοντες,ἀσμενοι
3636 2171 3846 2239 δέξωνται

2318 2264 2379 2319 τὸ
2412 2265 2488 2337 μὴ
2517 2264 2733 2336 τρέχειν
2759 2265 2839 2327 είς
2866 2264 2966 2335 τὴν
3010 2262 3363 2335 μητρόπολιν.

2387 2470 2548 2524 Κατὰ
2581 2467 2695 2537 τὴν
2716 2467 2953 2536 ἑορτὴν,
2972 2465 3087 2535 τὴν
3114 2465 3185 2520 ἐν
3219 2463 3300 2530 τῷ
3338 2462 3559 2532 Ἰούδᾳ.
3600 2463 3673 2533 Τῇ
3696 2479 3844 2516 πεντε-

2319 2560 2617 2632 καιδεκάτῃ
2663 2559 2757 2613 τοῦ
2814 2558 3043 2628 ἑϐδόμου
3099 2556 3270 2627 μηνὸς
3312 2556 3584 2609 ἐπιτελεῖν
3612 2556 3843 2608 εἱώθεισαν

642 2652 963 2707 liaculorum
988 2652 1147 2723 juxta
1168 2653 1337 2723 legem
1368 2650 1648 2708 celebrare
1677 2660 2095 2708 consueverant.
2125 2652 2212 2710 llle

2312 2652 2459 2705 κατά
2489 2651 2582 2704 τὸν
2611 2651 2775 2721 νόμον
2804 2650 2903 2720 τῆς
2928 2650 3316 2720 Σκηνοπηγίας
3334 2649 3439 2719 τὴν
3461 2649 3667 2719 ἑορτήν.
3700 2648 3842 2709 Οὕτως

640 2757 772 2799 vero
798 2744 1010 2799 decimo
1052 2743 1246 2814 quinto
1288 2742 1393 2800 die
1444 2744 1624 2801 octavi
1679 2744 1885 2800 mensis
1916 2744 2216 2801 vitulorum

643 2834 960 2906 pauegyrim
988 2834 1313 2892 celebravit.

1252 2987 1407 3045 CAP.
1453 2989 1591 3046 Xlll.

2316 2743 2374 2797 δὲ
2399 2746 2465 2811 τῇ
2496 2742 2961 2815 πεντεκαιδεκάτῃ
3004 2740 3115 2794 τοῦι
3142 2740 3329 2809 ὀγδόου
3380 2740 3555 2811 μηνὸς
3584 2740 3686 2792 τῶν
3704 2739 3843 2808 δαμά-

2302 2834 2453 2888 .λεων
2476 2832 2761 2887 ἐπετέλεσε
2790 2834 2889 2903 τὴν
2923 2831 3251 2902 πανήγυριν.

2913 2988 3165 3043 ΚΕΦΑΛ.
3186 2988 3291 3043 II".

710 3123 873 3179 Vens.
916 3124 1005 3179 il.
1048 3123 1117 3178 Et
1137 3125 1391 3193 propheta
1432 3125 1575 3179 alius
1610 3123 1953 3182 senexJiunc
1990 3126 2208 3197 quidam

2384 3126 2493 3182 Καὶ
2517 3124 2829 3196 προφήτης
2873 3126 3065 3191 ἄλλος
3112 3126 3482 3194 πρεσϐύτης.
3518 3126 3707 3181 Τοῦτόν
3728 3143 3837 3189 τινες

643 3219 1179 3290 pseudoprophetam
1264 3219 1436 3274 fuisse
1503 3218 1841 3274 existimant.
1896 3218 2055 3273 Certe
2120 3232 2215 3271 ue-

641 3326 917 3382 quaquam
959 3310 1053 3366 Dei
1101 3311 1368 3381 propheta
1433 3321 1574 3365 crat.
1631 3309 1801 3366 Vanis
1853 3319 2035 3365 autem
2096 3324 2214 3366 ser-

641 3404 897 3458 monibus
948 3417 1083 3458 usus
1124 3394 1210 3457 est
1257 3403 1322 3456 ad
1380 3402 1555 3456 virum
1592 3400 1683 3456 Dei
1716 3419 1732 3467 ;
1768 3402 1943 3455 noluit
1970 3415 2169 3455 nocere
2197 3440 2212 3465 ,

640 3494 738 3549 sed
770 3494 1174 3549 benedictionis
1204 3494 1479 3563 particeps
1532 3508 1674 3548 esse.
1709 3492 1885 3563 lgitur
1936 3492 2078 3547 Deus
2120 3507 2216 3561 per

641 3585 793 3640 illum
817 3584 979 3656 534
1003 3586 1183 3656 ipsum
1214 3586 1330 3639 viro
1360 3586 1449 3639 Dei
1472 3583 1862 3655 praedixitquid
1890 3592 2212 3639 eventurum

638 3686 803 3732 esset.
846 3676 948 3741 Qui
994 3676 1270 3731 vaticiniis
1306 3675 1373 3730 de
1403 3671 1550 3730 Josia
1610 3675 1770 3729 ﬁdem
1820 3675 2108 3741 adhibuit,
2160 3684 2214 3732 et

640 3775 697 3820 ut
737 3782 860 3821 cum
899 3767 993 3823 illo
1020 3764 1744 3838 sepelireturymandavit.

713 3878 877 3934 Vens.
920 3879 1007 3934 18.
1053 3878 1120 3933 Et
1154 3882 1405 3934 mentitus
1452 3888 1533 3934 est
1561 3880 1633 3932 ei.
1663 3877 1843 3949 l‘lujus
1910 3878 1991 3934 rei
2040 3880 2210 3950 gratia

640 3973 892 4027 fortassis
925 3972 1402 4041 pseudoproplieta
1425 4012 1441 4037 ,
1478 3970 1799 4041 conﬁngens
1846 3969 2066 4026 divinas
2117 3986 2207 4025 vo-

640 4078 734 4117 ces
756 4061 942 4117 studio
988 4061 1413 4116 benedictionis.

711 4171 875 4227 Vens.
915 4171 1008 4225 24.
1046 4169 1114 4225 Et
1139 4172 1333 4225 occidit
1362 4187 1501 4225 eum.
1551 4171 1723 4226 Docet
1768 4173 1870 4226 hac
1900 4170 2214 4227 narratione

639 4270 886 4333 potentes
914 4269 1165 4332 p0tenter
1213 4260 1444 4330 inquiri.
1483 4258 1603 4314 Non
1639 4261 1784 4315 enim
1825 4260 1980 4315 illum
2008 4259 2103 4329 qui
2133 4260 2215 4313 di-

640 4354 823 4408 vinam
844 4366 1030 4407 vocem
1048 4350 1355 4414 audiverat,
1373 4351 1459 4405 vel
1477 4350 1749 4404 tantillum
1768 4350 1835 4405 ab
1858 4350 2078 4406 bomine
2094 4365 2212 4405 mo-

2315 3218 2769 3289 ψευδοπροφήτην
2794 3218 3096 3286 νομίξουσι.
3136 3217 3361 3286 Μήποτε
3402 3216 3463 3270 δὲ
3494 3216 3588 3270 τοῦ
3616 3216 3734 3270 Θεοῦ
3761 3216 3835 3285 μὲν

2314 3305 2382 3381 ἦν
2421 3309 2725 3380 προφήτης,
2770 3307 2991 3377 ψευδέσι
3015 3306 3075 3359 δὲ
3127 3306 3308 3375 λόγοις
3335 3308 3610 3379 ἐχρήσατο
3632 3308 3745 3376 περὶ
3766 3308 3834 3359 τὸν

2304 3401 2599 3472 ’ἄνθρωπον
2643 3399 2737 3453 τοῦ
2805 3399 2962 3453 Θεοῦο
2996 3400 3058 3452 οὐ
3082 3399 3283 3470 βλάψαι
3328 3400 3523 3468 θέλων,
3564 3400 3832 3470 μεταλαϐεὶν

2313 3493 2369 3547 δὲ
2400 3494 2499 3561 τῆς
2537 3491 2807 3560 εὐλογίας.
2838 3491 3139 3562 Τοιγαροῦν
3166 3490 3196 3543 ὁ
3227 3492 3360 3555 Θεὸς
3387 3492 3461 3545 δι’
3474 3491 3632 3546 αὐτοῦ
3650 3494 3830 3561 προεῖπε

2313 3584 2390 3655 τῷ
2422 3583 2696 3655 ἀνθρώπῳ
2712 3582 2807 3637 τοῦ
2828 3583 2966 3637 Θεοῦ
2984 3583 3059 3635 ττὸ
3080 3582 3370 3653 «ἐσόμενον.
3396 3585 3513 3637 Καὶ
3534 3585 3643 3645 τοῖς
3663 3582 3712 3635 δὲ
3735 3582 3829 3648 περὶ

2312 3673 2407 3729 τοῦ
2442 3676 2648 3729 Ἰωσίου
2675 3674 3066 3746 προρρηθεῖσιν
3096 3674 3412 3741 ἐπίστευσε,
3446 3674 3543 3729 καὶ
3572 3677 3661 3729 σὺν
3680 3674 3830 3740 ἐκείνῳ

2312 3767 2546 3838 ταφῆναι
2576 3768 2930 3839 προσέταξεν.

2384 3878 2493 3933 Καὶ
2519 3878 2829 3948 ἐψεύσατο
2884 3877 3259 3944 αὐτῷ.’Κατά
3310 3877 3474 3932 τοῦτο
3524 3877 3646 3940 ἴσως
3677 3874 3827 3943 ψευδο·

2314 3970 2624 4040 προφήτης,
2674 3969 2976 4034 διαπλάσας
3000 3970 3153 4035 θείας
3182 3968 3368 4040 φωνάς
3404 3971 3477 4041 τῇ
3507 3969 3603 4039 τῆς
3627 3966 3827 4033 εὐλογίας

2312 4059 2597 4131 ἐπιθυμίᾳ.

2380 4174 2493 4228 Καὶ
2521 4173 2899 4228 ἐθανάτωσεν
2925 4172 3133 4227 αὐτόν.
3168 4170 3421 4225 Διδάσκει
3466 4169 3552 4224 διὰ
3580 4165 3665 4221 τοῦ
3686 4163 3827 4235 διηγή-

2316 4282 2501 4336 ματος,
2526 4246 2602 4327 ὠς
2638 4264 2855 4318 δυνατοὶ
2896 4263 3141 4326 δυνατῶς
3186 4262 3593 4331 ἐτασθήσονται.
3637 4256 3704 4311 θύ
3745 4256 3825 4321 γὰρ

2313 4357 2420 4411 ἔδει
2449 4358 2540 4411 τὸν
2565 4356 2717 4418 θείας
2738 4356 3014 4425 ἀκηκοότα
3043 4354 3251 4424 φωνῆς,
3307 4353 3453 4407 κατά
3485 4351 3641 4422 μηδὲν
3662 4347 3825 4401 ὑπ’άν-

638 4444 751 4499 veri
783 4453 837 4500 et
865 4445 917 4498 in
944 4459 1184 4500 errorem
1210 4442 1414 4513 impelli
1446 4442 1753 4514 oportebat,
1774 4442 1867 4498 sed
1900 4441 1994 4497 Dei
2022 4456 2209 4498 vocem

2319 4448 2538 4522 θρώπου
2596 4447 3042 4519 παρατραπῆναι,
3091 4445 3229 4499 Θεοῦ
3282 4445 3343 4498 δὲ
3390 4445 3556 4496 πάλιν
3594 4440 3824 4506 ἀναμεῖναι

642 4536 835 4590 iterum
867 4542 1207 4605 exspectare,
1236 4532 1616 4604 infringentem
1642 4532 1752 4596 illa,
1784 4547 1902 4600 quae
1932 4540 2055 4586 ante
2083 4546 2221 4601 prae—

635 4634 878 4697 ceperat.
912 4625 1217 4681 Verisimile
1259 4632 1441 4679 autem
1496 4630 1582 4680 est
1631 4623 1699 4679 ad
1746 4621 2216 4678 conﬁrmationem

2322 4542 2526 4613 φωνὴν,
2574 4540 2610 4595 ἃ
2655 4539 2954 4612 προσέταξε
3006 4538 3260 4592 λύουσαν.
3314 4536 3477 4600 Εἰκὸς
3513 4535 3566 4588 δὲ
3608 4532 3689 4586 καὶ
3722 4530 3824 4599 «pi;

2304 4633 2609 4704 ⁵βεϐαίωσιν
2631 4632 2729 4701 τῆς
2755 4631 2880 4701 περί
2906 4628 2997 4682 τοῦ
3032 4629 3175 4682 θείου
3203 4626 3583 4697 θυσιαστηρίου
3627 4621 3820 4693 προρῤή·

635 4718 886 4774 vaticinii
919 4719 987 4774 de
1020 4718 1192 4773 .altari
1222 4716 1343 4782 Dei,
1375 4716 1697 4788 prophetam
1722 4722 1828 4770 ttae
1882 4728 2039 4785 poena
2095 4729 2212 4769 esse

2319 4741 2456 4787 σεως
2486 4724 2642 4795 τήνδε
2668 4722 2924 4791 γενέσθαι
2970 4720 3070 4792 τὴν
3122 4720 3411 4791 τιμωρίαν.
3444 4720 3505 4771 Ei
3537 4718 3637 4786 γὰρ
3662 4712 3820 4785 τροφῆς

636 4808 917 4864 allectum.
970 4809 1028 4864 Si
1056 4810 1204 4865 enim
1250 4816 1363 4863 tam
1417 4811 1684 4865 severiter
1724 4806 2114 4862 animadvertit
2156 4806 2210 4859 in

636 4901 792 4955 illum
836 4902 929 4971 qui
978 4908 1174 4956 contra
1225 4900 1547 4957 mandatum
1599 4902 1785 4958 cibum
1844 4908 2159 4970 sumpserat
2193 4938 2209 4965 ,

602 4990 605 4993 ’
634 5002 843 5059 quanto
877 4993 1053 5064 magis
1084 4992 1230 5046 idola
1278 4993 1603 5047 animalium
1639 4993 1874 5048 rationis
1904 4995 2208 5062 expertiqu

636 5084 738 5154 ipsi
776 5083 961 5155 opiﬁci
984 5085 1254 5155 praeferre
1302 5099 1531 5155 pinnam
1575 5092 1817 5140 meretur
1847 5084 1874 5139 ἲ
1927 5082 2210 5153 Signiﬁcat

636 5186 820 5232 autem
850 5177 1028 5231 tristis
1061 5176 1149 5231 hic
1202 5191 1366 5231 casus
1410 5177 1712 5246 prophetae,
1746 5176 2206 5231 resurrectionem

635 5286 703 5325 ex
738 5270 992 5323 mortuis.
1029 5267 1377 5323 Manifestum
1438 5268 1587 5323 enim
1638 5277 1722 5323 est
1754 5266 1939 5333 illum,
1993 5266 2085 5335 qui
2129 5267 2209 5319 vi-

636 5362 854 5411 ventem
887 5346 1067 5411 adhuc
1094 5354 1297 5425 obiecit
1330 5356 1517 5410 bestia:
1548 5394 1565 5421 ,
1620 5365 1897 5410 mortuum
1944 5369 2073 5411 vero
2108 5356 2205 5409 Ιιο-

639 5459 778 5500 nore
821 5445 1078 5516 dignatus
1105 5453 1189 5501 est
1217 5486 1234 5513 ,
1266 5460 1376 5501 non
1406 5446 1593 5501 animo
1635 5445 1892 5515 quidem,
1926 5445 2024 5502 sed
2078 5461 2202 5502 cor-

638 5556 769 5610 pore
800 5550 1033 5607 tantum,
1065 5554 1179 5595 non
1230 5540 1610 5610 neglecturum
1632 5539 1720 5604 id,
1764 5542 1910 5610 quod
1962 5540 2204 5595 solutum

637 5641 691 5687 et
716 5640 1038 5702 corruptum
1068 5643 1173 5688 est.
1220 5631 1429 5687 Reddet
1464 5642 1645 5688 autem
1695 5632 1893 5688 animae
1937 5646 2204 5703 organum

634 5737 734 5793 per
781 5724 928 5794 quod
980 5722 1321 5779 conditorem
1378 5722 1565 5779 coluit.
1610 5719 1729 5778 Non
1790 5731 1970 5780 autem
2026 5723 2208 5794 quivis

2318 4814 2619 4886 μετάληψις
2643 4813 2815 4877 οὕτως
2845 4813 3049 4865 ἐκδικεί
3077 4811 3174 4881 τὴν
3206 4810 3539 4881 παράϐασιν,
3566 4808 3700 4875 πόσῳ
3718 4802 3817 4873 pil-

2312 4907 2403 4960 λον
2431 4906 2490 4959 τὺ
2519 4904 2611 4959 τοῦ
2634 4902 2978 4976 Δημιουργοῦ
3014 4903 3351 4975 προτιμῆσαι
3380 4902 3450 4955 τὰ
3484 4900 3678 4962 εἴδωλα,
3704 4894 3816 4960 ζώων

2311 4998 2524 5066 ἀλόγων
2566 4997 2858 5067 ἰνδάλματα
2878 5014 2895 5062 ;
2920 4996 3132 5065 Μηνύει
3160 4994 3216 5047 δὲ
3261 4992 3355 5045 τοῦ
3385 4993 3649 5064 προεφήτου
3673 4988 3721 5042 τὸ
3740 4986 3813 5038 πᾶ-

2311 5089 2425 5153 θος,
2444 5088 2552 5141 τῶν
2578 5088 2787 5159 νεκρῶν
2809 5087 2907 5158 τὴν
2942 5085 3336 5140 ἀνάστασιν.⁴0
3362 5084 3469 5155 γὰρ
3496 5082 3723 5153 περιόντα
3744 5077 3813 5148 μὲν

2303 5178 2622 5242 ἐκδεδωκὼς
2643 5179 2721 5249 τῷ
2758 5179 2950 5249 θηρίῳ,
2984 5178 3408 5247 τελευτήσαντος
3437 5176 3499 5229 δὲ
3523 5174 3725 5240 ἀξιώσας
3754 5186 3809 5220 tt-

2311 5270 2441 5341 μῆς,
2465 5271 2525 5324 οὗ
2558 5271 2657 5342 τὴν
2676 5271 2875 5341 ψυχὴν,
2930 5268 3069 5323 ἀλλὰ
3112 5269 3273 5339 μόνον
3302 5269 3364 5322 τὸ
3406 5270 3591 5340 σῶμα·
3618 5259 3809 5334 δῆλονὼς

2305 5362 2365 5414 οὐ
2392 5360 2712 5432 περιόψεται
2761 5359 3029 5423 διαλυθὲν,
3080 5360 3179 5411 καὶ
3228 5359 3455 5431 φθαρέν.
3493 5350 3803 5412 ’Δποδώσειδὲ

2308 5452 2374 5521 τῇ
2408 5450 2555 5522 ψυχῇ
2588 5450 2650 5503 τὸ
2677 5451 2930 5521 ὄργανον,
2960 5447 3027 5501 δι’
3058 5442 3121 5501 οὗ
3153 5448 3244 5501 τὸν
3282 5449 3513 5521 ποιητὴν
3536 5445 3802 5515 τεθεράπευ-

2310 5556 2426 5592 κεν.
2462 5538 2777 5608 ΙἌνθρωπος
2800 5537 2981 5609 μέντοι
3009 5536 3146 5591 Θεοῦ
3185 5537 3248 5591 οὐ
3288 5538 3396 5598 πᾶς
3428 5538 3683 5609 προφήτης
3703 5529 3799 5584 ὠνό-

2318 5647 2536 5701 μασται,
2593 5629 2708 5684 ἀλλ’
2759 5631 2807 5683 oi
2861 5629 3071 5685 τελείαν
3116 5628 3215 5701 τὴν
3256 5630 3456 5701 ἀρετὴν
3510 5626 3798 5697 κεκτημένοι.

2316 5722 2573 5793 Μωῧσῆςν
2609 5723 2702 5777 καὶ
2741 5723 2945 5788 Ἠλίας,
2976 5724 3069 5779 καὶ
3092 5725 3144 5776 εἴ
3172 5742 3255 5789 τις
3286 5726 3540 5789 τοιοῦτος.
3564 5719 3700 5793 Δηλοῐ
3723 5713 3799 5767 τοί·
