4034 6510
68 420 73 423 ν
126 345 288 411 1165
1144 344 1661 407 (ΙΟΜΜΕΝΤΛΗῘῙ

1844 344 1992 405 LIB.
2030 345 2123 404 III
2164 344 2457 407 REGUM.
3279 342 3411 407 1166

118 479 235 514 νυν
264 464 301 533 ἠ
332 460 699 533 προσηγορία,
734 460 809 524 ὡς
839 457 934 513 τοῦ
958 459 1264 531 πρεσϐύτου
1285 461 1565 533 προφήτου
1594 460 1711 514 πολί

1837 460 2104 531 propheta
2166 461 2251 515 vir
2282 460 2376 515 Dei
2414 468 2642 517 vocatus
2677 469 2782 525 est.
2826 460 2920 517 sed
2965 460 3057 533 qui
3115 461 3409 532 perfectam

117 552 478 625 τιμιώτερος
510 548 601 624 ἦν.

1842 552 2099 607 virtutem
2126 552 2272 606 nacti
2301 560 2451 618 sunt,
2490 552 2726 624 Moyses,
2776 552 2946 617 Elias,
2978 558 3033 607 ct
3065 552 3113 608 si
3140 552 3234 622 qui
3279 555 3414 608 tales

125 644 401 699 fuerunt.
470 643 760 717 Signiﬁcat
832 644 1001 712 igitur
1062 643 1181 700 haec
1241 645 1574 717 appellatio,
1624 644 1771 703 lmnc
1804 646 1981 702 virum
2036 660 2170 704 sene
2223 646 2319 701 illo
2369 648 2636 718 pr0plleta
2687 648 2860 703 multo
2920 646 3095 705 fuisse
3141 656 3415 719 praestan-

131 732 381 789 tiorem.

747 825 1001 880 ΚΕΦΑΛ.
1060 826 1159 879 ΙΔ’.

2482 820 2636 877 CAP.
2674 820 2815 878 XIV.

200 914 329 969 Kal
358 915 711 985 σύνδεσμος
744 915 1078 985 γέγονενὲν
1105 913 1183 985 τῇ
1197 913 1296 985 γῇ.
1318 916 1476 971 Οὕτω
1510 916 1605 969 καὶ
1640 916 1737 969 Ἰε-

1908 910 2074 969 Vsns.
2108 911 2198 967 10.
2240 910 2308 969 Et
2338 913 2641 982 conjuratio
2675 913 2779 983 fuit
2812 913 2869 967 in
2898 922 3066 970 terra.
3110 914 3203 971 Sic
3250 918 3415 972 etiam

112 1003 332 1071 ζάὄελ,
362 1006 457 1060 τοῦ
506 1006 712 1078 Ἰωρὰμ
776 1005 1023 1077 μαθοῦσα
1052 1005 1152 1078 την
1201 1006 1482 1077 τελευτὴν,
1519 1006 1614 1059 καὶ
1634 1006 1700 1077 τὴ

1834 1000 2085 1069 Jezabel,
2151 1017 2275 1058 cum
2326 1003 2708 1071 intellexisset,
2755 1004 2901 1075 quod
2952 1005 3273 1062 interfectus
3326 1023 3419 1064 es-

110 1092 279 1147 Ἰόου
299 1096 603 1166 βασίλειαν,
629 1097 846 1167 ἐϐόησε,
872 1096 1199 1167 Σύνδεσμος,
1224 1095 1540 1167 σύνδεσμος
1570 1112 1703 1150 τουτ

1834 1102 1919 1150 set
1971 1092 2201 1158 Joram,‘
2229 1101 2284 1150 et
2329 1091 2460 1150 Joas
2506 1102 2806 1164 regnaret,
2859 1096 3188 1153 exclamavit
3220 1114 3235 1152 :
3266 1098 3413 1155 Con-

106 1184 311 1248 ἐστιν,
374 1186 702 1249 ὑποστασία,
730 1186 824 1239 καὶ
855 1184 1131 1255 τυραννίς.

1841 1184 2075 1254 spiratio
2101 1225 2116 1248 ,
2158 1184 2264 1239 hoc
2302 1192 2387 1241 est
2409 1224 2424 1249 ,
2458 1184 2695 1241 defectio
2737 1194 2793 1241 et
2825 1187 3116 1243 violentia.

190 1276 312 1341 Εις
335 1277 405 1330 τὸ
440 1276 679 1330 Θεκουέ.
718 1276 811 1330 Ἐν
867 1274 946 1347 τῷ
1006 1273 1220 1345 Δεξικῷ
1268 1273 1377 1327 τῶν
1418 1270 1726 1342 Ἑϐραϊκῶν

1894 1275 1958 1331 In
1990 1275 2286 1331 Thecoe.ln
2318 1276 2657 1332 Dictionario
2681 1276 2952 1335 Hebraico
2981 1282 3277 1350 exponitur
3296 1287 3418 1353 pul-

106 1365 426 1437 ὀνομάτων
454 1368 819 1438 ἑρμηνεύεται
843 1369 962 1433 καὶ,
990 1367 1360 1436 σαλπισμός.
1405 1365 1494 1431 Ἐξ
1530 1357 1605 1418 ὧν
1639 1365 1695 1418 δὲ

1824 1367 1983 1431 satio,
2017 1377 2071 1422 et
2100 1367 2318 1439 clangor
2366 1369 2637 1422 tubarum.
2668 1366 2751 1423 Ex
2786 1368 2898 1425 illis
2926 1384 3057 1426 vero
3078 1412 3093 1436 ,
3124 1388 3246 1442 qua:
3284 1373 3417 1428 liber

109 1462 329 1528 φησὶν,
352 1461 410 1512 ἐν
436 1460 951 1531 Παραλειπομέναις
981 1458 1124 1512 ἔοικε
1159 1459 1373 1530 δηλοῦν,
1405 1459 1480 1522 ὡς
1514 1459 1702 1512 ἐδίδοτι

1822 1453 2281 1526 Paralipomenon
2310 1458 2493 1524 habet,
2516 1458 2734 1514 videtur
2758 1459 3072 1532 signiﬁcare
3091 1502 3106 1526 ,
3128 1463 3274 1533 quod
3302 1466 3415 1520 haec

104 1548 311 1603 ταῦτα
340 1554 456 1613 τοῖς
499 1550 601 1614 τὰς
635 1549 805 1621 θύρας
836 1549 945 1604 τῶν
996 1549 1286 1619 βασιλείων
1308 1549 1697 1618 φυλάττουσινε

1823 1546 1943 1601 data
1965 1548 2076 1603 sint
2107 1548 2238 1615 illis,
2272 1550 2365 1621 qui
2414 1549 2562 1606 fores
2610 1550 2747 1622 regii
2801 1552 2988 1623 palatii
3030 1554 3416 1612 custodiebant

105 1641 424 1710 προῖόντος
455 1640 511 1694 δὲ
538 1640 634 1693 τοῦ
668 1640 956 1711 βασιλέως,
986 1640 1038 1692 οἱ
1072 1639 1172 1708 μὲν
1195 1638 1426 1702 τούτων,
1454 1638 1698 1710 ἡγοῦντο⁴

1820 1640 1958 1695 Cum
1999 1656 2130 1697 vero
2164 1658 2261 1697 rex
2296 1643 2559 1712 prodiret,
2589 1643 2786 1699 borum
2819 1645 2986 1717 aliqui
3017 1649 3395 1717 praecedebant

106 1732 167 1783 οἱ
210 1730 302 1797 δὲ,
338 1731 700 1803 παρέτρεχον.
767 1731 962 1784 Ἦνίκα
988 1731 1044 1785 δὲ
1068 1732 1149 1794 είς
1176 1730 1270 1783 τὸν
1314 1718 1456 1783 νεὼν
1488 1729 1699 1802 παρεγί·

1819 1744 1966 1797 eum,
2001 1732 2170 1803 aliqui
2204 1748 2336 1789 vero
2376 1734 2538 1804 juxta
2561 1740 2883 1793 currebant.
2930 1738 3163 1805 Quando
3196 1757 3325 1797 vero
3357 1743 3411 1799 in

107 1840 314 1888 νοντο,
342 1825 603 1894 ἀπήντων
640 1824 689 1877 οἱ
722 1824 1164 1895 ἀποστρέφοντες
1191 1822 1300 1876 ἀπὸ
1330 1821 1424 1876 τοῦ
1460 1824 1592 1876 ναοῦ
1619 1821 1690 1891 φύ

1821 1824 2087 1893 templum
2121 1826 2436 1892 veniebant,
2467 1829 2836 1883 occurrebant
2865 1829 2949 1885 eis
2983 1833 3272 1899 custodes,
3318 1837 3412 1906 qui

104 1914 321 1980 λακες,
352 1918 450 1969 καὶ
492 1916 737 1985 ἐδέχοντο
783 1914 956 1969 ταῦτα
1007 1915 1138 1984 παρ’
1172 1913 1374 1969 αὐτῶν.
1404 1913 1517 1968 Καὶ
1543 1913 1697 1967 ταῦτε

1823 1927 1853 1966 a
1886 1915 2092 1985 templo
2124 1918 2492 1983 revertebant,
2524 1926 2579 1975 et
2628 1921 2974 1991 accipiebant
3003 1925 3120 1982 haec
3150 1927 3218 1982 ab
3256 1928 3410 1998 ipsis.

110 2008 489 2077 κατέχοντες,
526 2007 633 2079 πρὸ
680 2008 780 2078 τῆς
839 2006 1017 2076 πύλης
1072 2007 1395 2076 ἐστήκεισαν
1428 2003 1526 2058 τοῦ
1562 2003 1694 2057 ναοῦ

1823 2010 1879 2057 et
1900 2001 2167 2060 habentes
2220 2013 2350 2062 ante
2406 2014 2623 2076 portam
2674 2011 2861 2079 templi
2908 2013 3151 2079 stabant,
3196 2025 3257 2070 ut
3300 2018 3413 2073 haec

110 2095 249 2150 Ἵνα
267 2098 342 2149 τὰ
367 2097 467 2167 μὲν
488 2098 628 2150 ὅπλα
661 2096 820 2169 μείνῃ
860 2096 966 2166 πρὸ
998 2095 1107 2148 τῶν
1138 2094 1343 2166 θυρῶν,
1382 2094 1432 2147 οἱ
1457 2094 1512 2147 δὲ
1542 2094 1703 2148 ταῦτα

1823 2106 1975 2146 arma
2009 2103 2137 2150 ante
2170 2094 2318 2151 fores
2342 2110 2653 2155 manerent.
2673 2101 2777 2167 Qui
2808 2113 2989 2158 autem
3020 2105 3112 2159 illa
3146 2105 3409 2174 ferebant,

108 2188 481 2257 κομίζοντες,
504 2188 599 2240 σὺν
620 2188 701 2259 τῷ
724 2185 940 2256 βασιλεῖ
958 2186 1050 2239 τὸν
1080 2185 1212 2239 Θεὸν
1244 2186 1699 2257 προσκυνήσωσιν

1826 2196 1955 2236 eum
1980 2199 2108 2254 rege
2143 2186 2313 2241 Deum
2389 2188 2726 2245 adorabunt.
2774 2191 3069 2252 Probabile
3113 2197 3275 2253 etiam
3329 2207 3413 2254 cst

109 2277 296 2342 Εἰκὸς
313 2278 377 2331 δὲ
410 2279 503 2334 καὶ
531 2274 678 2333 οἷκον
716 2278 1054 2348 γεγενῆσθαι
1084 2277 1193 2349 πρὸ
1220 2277 1329 2330 τῶν
1364 2275 1566 2349 θυρῶν,
1611 2275 1702 2330 ὥσ·

1828 2269 2053 2326 domum
2081 2282 2211 2329 ante
2250 2275 2400 2333 fores
2435 2277 2632 2345 fuisse,
2665 2290 2725 2336 ut
2767 2295 2919 2337 arma
2949 2283 3212 2355 ferentes,
3257 2304 3410 2343 arma

105 2388 174 2424 τε
212 2371 359 2435 τοὺς
387 2371 727 2441 ὁπλοφόρους
756 2372 874 2423 ἐκεῖ
892 2369 963 2423 τὰ
980 2370 1120 2423 ὅπλα
1144 2367 1560 2422 κατατίθεσθαι.
1586 2406 1600 2421 .
1626 2404 1643 2421 .
1664 2406 1678 2421 .

1831 2365 1909 2420 ibi
1942 2374 2275 2436 reponerent
2303 2383 2318 2432 ;
2343 2368 2566 2438 quidam
2593 2371 2935 2428 hastatorum
2957 2378 3258 2434 satellitum
3288 2392 3412 2437 ante

107 2460 386 2532 ἐῴκεσαν
419 2500 434 2516 .
472 2502 486 2516 .
518 2501 533 2516 .
566 2462 675 2514 τῶν
702 2461 1024 2532 δορυφόρων
1056 2460 1203 2524 τινὲς
1237 2458 1700 2533 προλαμϐάνοντε.

1833 2455 2089 2520 orabant,
2121 2466 2175 2511 et
2193 2465 2321 2513 ante
2346 2460 2607 2530 templum
2642 2464 2939 2520 adventum
2991 2469 3137 2538 regis
3166 2473 3414 2540 praztnla-

110 2555 495 2623 προσκυνεῖν,
546 2556 642 2606 καὶ
676 2551 996 2622 περιμένειν
1049 2551 1158 2622 πρὸ
1185 2549 1280 2604 τοῦ
1314 2549 1440 2614 νεὼ,
1479 2566 1703 2620 rapam

1836 2552 2060 2607 bantur.
2122 2551 2227 2618 Qui
2274 2554 2441 2609 etiam
2490 2556 2889 2615 deducentibus
2965 2575 3147 2632 regem
3218 2578 3415 2619 occur-

114 2645 364 2711 ροῦντες
395 2647 495 2716 τὴν
518 2645 706 2715 ἄφιξιν
752 2644 845 2698 τοῦ
898 2643 1187 2713 βασιλέως.
1224 2642 1286 2696 Οἳ
1313 2642 1409 2695 καὶ
1447 2643 1558 2704 τοῖς
1594 2658 1707 2711 προ

1834 2652 2047 2710 rentes,
2084 2652 2138 2699 et
2166 2660 2363 2702 manus
2398 2647 2733 2718 injicientes,
2772 2666 2923 2706 arma
2962 2654 3045 2709 eis
3083 2655 3410 2726 eripiebant.

110 2739 451 2809 πέμπουσιν
485 2739 647 2792 αὑτὸν
681 2736 1164 2808 προαπαντῶντες,
1190 2734 1284 2788 καὶ
1313 2736 1501 2807 χεῖρας
1531 2732 1892 2801 ἐπιτιθέντες,
1921 2734 2243 2808 ἀφώπλιζον
2284 2738 2506 2807 αὐτοὺς,
2562 2739 2638 2806 ὡς
2702 2744 3071 2811 συνεισιόντας
3120 2748 3201 2820 τῷ
3262 2748 3415 2820 βασι-

109 2832 228 2905 λετ,
258 2835 364 2888 καὶ
395 2834 719 2888 ἀπετίθεντο
758 2833 923 2904 μέχρι
952 2832 1117 2887 πάλιν
1150 2832 1305 2899 ἐξίοι.

730 2926 982 2980 ΚΕΦΑΛ.
1018 2924 1119 2981 ΙΕ’.

2462 2926 2615 2983 CAP.
2652 2927 2772 2983 XV.

198 3016 337 3071 Ὀτι
360 3017 441 3083 τῷ
467 3016 645 3071 Δαὸἳδ
662 3015 922 3071 δέδωκεν
942 3015 1103 3083 αὑτῷ
1122 3017 1337 3085 Κύριος
1351 3017 1720 3086 κατάλειμμα

1900 3014 2069 3073 Vens.
2094 3018 2149 3073 4.
2200 3017 2342 3084 Quia
2374 3030 2590 3090 propter
2620 3020 2791 3077 David
2814 3022 2957 3077 dedit
2975 3023 3025 3079 ei
3043 3022 3301 3082 Dominus
3327 3045 3413 3085 re-

111 3108 191 3163 ἰν
238 3106 664 3178 Ἰερουσαλήμ.
730 3108 924 3161 Αίτίαν
985 3107 1272 3172 ἀπέδωκε,
1323 3107 1390 3160 δι’
1437 3108 1505 3179 ἢν
1570 3105 1704 3159 ὄντα

1832 3106 2025 3175 liquias
2052 3109 2107 3162 in
2131 3108 2456 3165 Jerusalem.
2478 3111 2713 3167 Causam
2731 3114 2992 3182 ostendit,
3011 3126 3233 3187 propter
3252 3136 3413 3190 quam

111 3199 357 3263 ἀσεϐεῖς
388 3198 771 3262 ἐϐασίλευσαν,
809 3198 886 3262 ὡς
920 3197 989 3251 ἂν
1022 3196 1112 3251 διὰ
1142 3198 1234 3251 τὸν
1262 3198 1530 3269 πρόγονον
1573 3196 1704 3267 διαρ

1833 3199 2000 3255 etiam
2020 3199 2171 3271 impii
2192 3216 2350 3273 reges
2384 3217 2616 3273 regnum
2648 3203 3032 3273 obtinuerunt,
3064 3219 3289 3279 propter
3320 3229 3416 3283 pa-

112 3293 425 3355 κέσαντες.
454 3291 563 3347 Τοῦ
589 3292 775 3363 μέντοι
815 3289 971 3345 Ἀϐία
1017 3289 1087 3348 τὰ
1142 3289 1357 3362 πρῶτα,
1392 3290 1502 3344 τῶν
1548 3291 1705 3360 Παρα

1838 3297 2001 3356 trem,
2026 3300 2082 3346 et
2118 3296 2587 3363 prmdecessorem
2630 3297 3025 3366 perdurarunt.
3073 3298 3294 3357 Initium
3326 3321 3416 3360 rc-

821 3343 1101 3453 enﬁvecev'
1137 3343 1249 3434 τῶν
1291 3343 1357 3434 δὲ,
1387 3343 1707 3434 τελευταίῶν

1843 3381 1938 3451 gni
1993 3343 2148 3437 Abiar:
2211 3382 2351 3439 liber
2390 3343 2853 3457 Paralipormenon
2905 3387 3255 3461 celebravit;
3293 3394 3418 3452 ﬁnis

114 3477 454 3549 συμφώνως
498 3478 609 3541 τοῖς
641 3474 736 3529 νῦν
784 3473 1185 3547 κατηγόρησεν.

1838 3472 2143 3540 similiter,
2206 3474 2671 3546 quemadmodum
2732 3479 2835 3537 hoc
2906 3478 3077 3549 loco,
3130 3483 3415 3556 vitupera-

1838 3571 1951 3617 tur.
2294 3616 2297 3617 ,

202 3656 298 3713 Τὰ
324 3655 397 3710 δὲ
425 3654 641 3724 ὑψηλὰ
664 3654 777 3709 οὐκ
798 3650 1038 3721 ἐξῆρεν.
1070 3648 1154 3703 Τὰ
1169 3647 1247 3720 τῷ
1260 3648 1382 3722 Θεῷ
1412 3648 1471 3702 ἐν
1504 3647 1733 3720 ὑψηλοῖς

1903 3651 2074 3708 Vens.
2113 3653 2202 3709 M.
2238 3620 2466 3712 Excelsa
2521 3667 2700 3714 autem
2749 3676 2854 3716 non
2895 3661 3151 3719 sustulit.
3201 3665 3410 3724 Altaria

118 3750 483 3819 ἀνακείμενα
513 3747 899 3818 θυσιαστήρια.

1834 3742 1891 3797 in
1927 3744 2166 3801 excelsis
2190 3756 2543 3804 constructa.

198 3843 399 3912 Δεῦρο
422 3882 437 3907 ,
474 3839 890 3894 διασκέδιιοόνΔ
913 3835 1031 3905 τὴν
1062 3833 1359 3903 διαθήκην
1382 3848 1521 3887 σου.
1543 3831 1732 3884 Κατα-

1905 3832 2076 3892 Vens.
2108 3836 2196 3891 19.
2225 3837 2357 3908 Age,
2390 3839 2597 3909 dissipa
2653 3843 2950 3913 pactionem
2984 3855 3151 3903 tuam.
3201 3849 3414 3907 Relicto

119 3934 318 3991 λιπὼν
376 3933 467 3987 τὸν
496 3933 651 3998 Θεὸν,
684 3930 783 4002 τὴν
808 3929 918 3982 τῶν
957 3926 1145 3999 Σύρων
1173 3923 1462 3996 ἠσπάσατο
1505 3940 1712 3993 συμμα

1836 3924 1966 3990 Deo,
1987 3929 2305 3985 societatem
2330 3931 2583 3987 bellicam
2608 3932 2872 4004 Syrorum
2908 3939 3108 4009 cupide
3128 3944 3414 4013 amplexus

284 4062 300 4079 ο
1830 4024 1937 4073 est.

126 4027 747 4183 χίῖἘποίησενἈαιγὰ
795 4112 861 4166 τὸ
883 4107 1155 4177 πονηρὸν
1174 4107 1431 4162 ἐνώπιον
1472 4105 1719 4172 Κυρίου.

1830 4027 1937 4073 est.

1907 4108 2056 4164 Fecit
2078 4113 2191 4166 Asa
2224 4114 2423 4168 malum
2449 4132 2631 4170 curam
2673 4118 2806 4175 Deo.
2841 4119 2899 4177 Id
2926 4121 3145 4192 planius
3188 4126 3244 4182 in
3275 4127 3415 4183 libro

121 4207 490 4277 Σαφέστερον
513 4208 571 4259 ἐν
596 4203 1128 4275 Παραλειπομέναις.
1170 4201 1257 4253 Ἐν
1290 4200 1400 4270 γὰρ
1443 4199 1512 4267 τῇ
1547 4198 1714 4267 ἀρῤω-

1832 4203 2295 4276 Paralipomenon
2325 4208 2579 4267 habetur.
2615 4209 2751 4267 Nam
2775 4213 2829 4269 in
2852 4216 3047 4272 morbo
3077 4233 3203 4285 suo,
3252 4221 3409 4287 dicit,

125 4297 294 4367 στίᾳ,
320 4296 507 4364 φησιν’
553 4314 570 4346 ι
594 4294 769 4347 Αὐτοῦ
800 4293 904 4346 οὐκ
933 4292 1163 4361 ἐζήτησε
1190 4289 1281 4343 τὸν
1313 4288 1547 4356 Κύριον.
1567 4287 1718 4340 Ἀλλὰ

1836 4296 1984 4353 «Non
2021 4300 2279 4366 quaesivit
2296 4300 2611 4369 Dominum,
2636 4304 2733 4361 sed
2752 4307 2997 4364 medicos
3020 4308 3117 4365 υ.»
3148 4310 3412 4369 Caeterum

123 4392 273 4454 τοὺς
309 4388 546 4459 ἰατρούς.
579 4407 597 4440 ι
631 4388 741 4441 Kal.
771 4387 899 4449 τοὺς
925 4385 1162 4453 ἐπῳδαῖς
1218 4382 1313 4436 καὶ
1366 4379 1716 4453 μαγγανείαις

1832 4390 1979 4457 illos,
2015 4391 2107 4462 qui
2139 4393 2571 4452 incantamentis
2613 4406 2670 4452 et
2718 4400 3006 4457 veneﬁciis
3040 4403 3126 4457 usi
3152 4414 3302 4474 sunt,
3334 4408 3411 4462 sic

128 4483 527 4553 κεχρημένους
568 4480 714 4533 οὕτω
772 4478 952 4533 καλεῖ.
995 4479 1064 4530 ’Ἡ
1093 4477 1174 4529 ὃτι
1202 4475 1262 4527 τὸ
1294 4476 1400 4528 πᾶν
1435 4474 1721 4527 ἐπίστευσε

1829 4480 2090 4550 appellat.
2124 4480 2225 4537 Vel
2252 4485 2515 4550 ostendit,
2536 4485 2683 4555 quod
2708 4502 2770 4542 se
2790 4496 2963 4543 totum
2992 4491 3222 4548 medicis
3255 4508 3414 4549 com-

127 4580 260 4637 τοῖς
320 4577 548 4646 ἰατροῖς.
584 4573 681 4644 τὴν
735 4573 818 4636 εἰς
864 4571 997 4624 Θεὸν
1032 4570 1132 4622 οὐκ
1166 4569 1305 4638 ἔχων
1331 4566 1521 4620 ἐλπίδα
1551 4567 1720 4635 δηλοῖ.

1827 4573 2062 4639 miserit,
2089 4588 2190 4629 nec
2224 4590 2376 4645 spem
2407 4575 2461 4629 in
2492 4576 2602 4632 Deo
2629 4579 3005 4636 collocaverit.
3025 4580 3157 4637 Nam
3188 4600 3256 4640 ex
3306 4586 3413 4641 Deo

140 4670 253 4722 Ἐκ
287 4666 423 4720 Θεοῦ
455 4667 565 4737 γὰρ
614 4666 712 4719 καὶ
739 4665 948 4734 τέχναι,
995 4664 1090 4715 καὶ
1147 4660 1388 4732 βοτάναι.
1428 4660 1536 4711 Καὶ
1587 4660 1725 4727 μετὰ

1833 4675 1965 4719 sunt
1994 4672 2140 4722 artes
2192 4676 2245 4722 et
2275 4667 2457 4722 herbae
2490 4686 2505 4736 ;
2550 4678 2628 4731 et,
2687 4670 2736 4725 si
2775 4671 2881 4727 ﬁde
2923 4672 2977 4727 in
3012 4674 3190 4744 ipsum
3234 4680 3413 4747 appli-

128 4764 243 4833 τῆς
296 4761 379 4824 εἰς
423 4761 587 4815 αὐτὸν
644 4759 886 4821 πίστεως
933 4756 1110 4812 ταῦτα
1160 4752 1303 4807 καλὰ
1344 4750 1721 4819 ὑπουργοῦντα

1835 4759 2053 4820 centur,
2079 4754 2146 4809 ad
2170 4754 2377 4809 bonum
2410 4755 2725 4812 inserviunt
2748 4758 2877 4828 illis,
2905 4761 3003 4831 qui
3034 4765 3198 4819 amici
3238 4767 3412 4837 ipsius

130 4856 262 4917 τοῖς
320 4856 689 4925 προσήκουσιν
732 4849 879 4921 αὐτῷ
908 4866 923 4881 ο
987 4847 1158 4919 χωρὶς
1207 4846 1265 4899 δέ
1307 4842 1550 4915 ταύτης,
1607 4842 1723 4896 ἁνόι-

1838 4855 1969 4901 sunt
2011 4864 2027 4914 ;
2077 4849 2285 4919 absque
2335 4849 2426 4903 illa
2480 4850 2586 4906 ﬁde
2624 4851 2851 4910 inutiles
2894 4864 3024 4911 sunt
3072 4866 3128 4913 et
3157 4875 3416 4932 superva-

132 4961 309 5015 νητα.

1837 4952 1900 4992 ca
1909 4953 2044 4993 neze.

744 5029 999 5083 ΚΕΦΔΛ.
1029 5030 1145 5095 ις’.

2436 5037 2591 5093 CAP.
2628 5039 2767 5096 XVI.

214 5122 329 5177 Kal
357 5121 607 5189 εἰσῆλθε
634 5120 877 5190 Ζαμόρὶ,
906 5119 1004 5173 καὶ
1026 5115 1325 5181 ἐπάταξεν
1352 5116 1559 5205 αὐτόν.
1589 5115 1729 5205 τοὺς

1912 5119 2079 5178 νειιε.
2106 5123 2481 5197 iOJngressus
2500 5140 2581 5185 est
2608 5130 2846 5198 Sambri,
2876 5144 2925 5190 et
2956 5139 3218 5205 percussit
3273 5156 3413 5195 eum.

136 5210 425 5277 πονηροὺς
461 5208 569 5277 γὰρ
592 5207 659 5260 δι’
676 5207 924 5277 ἀλλήλων
952 5207 980 5258 ὁ
1010 5205 1285 5272 Δεσπότης
1316 5200 1535 5266 κολάζει
1573 5204 1726 5294 Gtc-233:.

1842 5214 1926 5269 Ad
1958 5216 2136 5273 malos
2177 5220 2322 5273 enim
2375 5224 2685 5290 puniendos
2730 5228 2893 5283 malis
2921 5200 3095 5285 utitur
3129 5230 3413 5294 Dominus.

138 5302 240 5353 ml.
266 5297 347 5369 τῷ
386 5298 737 5369 πονηροτέρῳ
767 5299 858 5353 τὸν
893 5297 1134 5368 πονηρὸν
1192 5292 1581 5364 παραδίδωσιν,
1619 5289 1729 5348 οἶόν

1832 5312 1885 5396 et
1914 5306 2117 5361 malum
2148 5309 2318 5379 pejori
2350 5289 2553 5379 tradit,
2595 5325 2650 5372 et
2679 5318 2848 5373 veluti
2900 5322 3259 5379 carniﬁcibus
3304 5326 3419 5396 qui_

137 5408 254 5443 τισι
282 5389 500 5459 δημίοις
526 5388 865 5459 κεχρημένος
883 5389 1084 5451 αὐτοῖς.

853 5389 1084 5452 ταύτοῖς.
1828 5395 2058 5452 busdam
2086 5398 2222 5468 ipsis
2250 5402 2446 5459 utitur.

219 5481 336 5535 Τοῦ
361 5482 582 5549 Κυρίου
604 5481 711 5535 τοῦ
739 5480 917 5549 ὅρους
932 5479 1228 5549 Σομόρων.
1262 5475 1395 5530 Ἀπὸ
1416 5474 1510 5528 τοῦ
1544 5475 1728 5547 Σεμὴρ

1895 5481 2056 5554 535
2090 5484 2304 5541 Domini
2354 5495 2549 5548 montis
2610 5495 2891 5553 Somoron.
2929 5500 2973 5554 A
3024 5501 3214 5560 Semer
3263 5521 3418 5561 mons

136 5574 201 5626 τὸ
238 5573 371 5641 ὅρος
404 5571 608 5644 ἐκλήθη
645 5571 926 5644 Σομόρων.
944 5569 1076 5626 Ἀπὸ
1097 5570 1155 5625 δὲ
1171 5569 1266 5624 τοῦ
1300 5567 1541 5640 δρους,ή
1573 5566 1729 5632 πόλις

1827 5572 2097 5630 Somoron
2137 5580 2443 5648 appellatus
2474 5594 2581 5641 est.
2614 5587 2656 5640 A
2701 5597 2885 5644 monte
2950 5607 3077 5647 vero
3131 5596 3262 5653 urbs
3322 5596 3420 5653 Sa-

173 5755 221 5787 “
257 5752 296 5806 ll
338 5752 514 5806 Parui.
563 5768 667 5815 uit,
713 5751 793 5806 12.
