4034 6498
614 369 743 437 1167

1896 372 2184 435 PROCOP
2197 372 2249 432 ll
2291 373 2532 436 GAZJSI

3720 370 3858 434 1168

608 490 804 552 maria,
829 504 946 558 quze
972 502 1118 541 nunc
1153 487 1381 542 Sebaste
1430 487 1756 558 appellatur,
1779 488 1831 541 in
1857 503 1963 558 qua
1996 487 2181 542 decem

2303 488 2662 563 Ξαμάρεια,ή
2723 490 2818 545 νῦν
2861 491 3111 562 Σεϐάστη
3177 487 3718 562 προσαγορευομένη.
3773 487 3864 538 Ἐν

607 583 848 638 tribuum
885 581 1032 648 regia
1065 589 1218 646 erat;
1263 596 1386 634 cunt
1412 590 1593 635 autem
1637 579 1739 649 ipsi
1764 581 1818 634 in
1853 583 2177 635 servitutem

609 676 820 743 abrepti
853 679 1065 737 essent,
1097 681 1151 727 ct
1191 681 1339 727 terra
1389 672 1478 727 illa
1517 679 1664 728 esset
1725 678 1962 736 vastata,
2022 683 2178 739 reges

607 767 956 836 Assyriorum
988 767 1127 820 alios
1164 765 1375 820 incolas
1435 766 1487 819 in
1546 765 1644 819 has
1688 771 1870 833 partes
1917 762 2182 815 traduxe-

608 865 735 910 runt
768 872 906 928 quos
941 872 969 911 a
1001 856 1248 913 Samaria
1288 857 1672 913 Samaritauos
1708 856 1994 948 vocabant.

676 1034 845 1092 Vens.
869 1037 958 1092 14.
985 1035 1047 1091 In
1083 1037 1215 1092 libro
1243 1038 1515 1092 verborum
1551 1037 1755 1092 dierum
1781 1053 1959 1108 regum
1989 1035 2179 1092 Israel.

610 1129 862 1187 Praesens
910 1133 1235 1199 historicus,
1279 1143 1326 1187 et
1360 1134 1452 1204 qui
1505 1133 1675 1189 libros
1720 1131 2183 1201 Paralipomenon

609 1223 961 1293 conscripsit,
1017 1241 1081 1277 ex
1129 1224 1242 1280 illis
1300 1225 1460 1279 libris
1507 1223 1784 1279 scribendi
1832 1223 2181 1276 occasionem

610 1311 921 1367 habuerunt
953 1331 968 1378 ;
1001 1315 1188 1368 omnia
1219 1315 1368 1369 enim
1397 1314 1898 1383 consignabantur.

684 1405 752 1459 Et
794 1417 982 1474 pactus
1032 1417 1108 1461 est
1159 1405 1443 1474 Iosophat.
1514 1405 1800 1460 Contraxit
1864 1403 2182 1458 aﬂinitatem

610 1495 896 1565 .losaphat,
943 1497 1404 1566 quemadmodum
1459 1496 1512 1550 in
1552 1495 1690 1549 libro
1729 1493 2183 1564 Paralipomenon

614 1595 812 1640 (ξτδιιιι.

683 1678 848 1732 Vens.
901 1678 990 1731 5:2.
1050 1676 1296 1732 Serviunt
1341 1677 1497 1731 Baal.
1531 1675 1825 1747 Tyriorum
1883 1675 1987 1731 iste
2042 1674 2185 1729 Deus

615 1771 734 1833 fuit,
775 1781 832 1824 ut
876 1770 1009 1823 dicit
1061 1769 1382 1840 Joscphus;
1423 1770 1643 1823 Astarte
1686 1775 1866 1820 autem
1923 1764 2183 1821 Sidonio-

614 1883 756 1920 rmn.
815 1864 952 1919 lluic
1015 1867 1180 1918 etiam
1220 1864 1374 1920 lucos
1438 1864 1781 1934 plantarunt.
1834 1861 1926 1916 Est
1997 1873 2180 1916 autem

612 1959 828 2009 Astarte
885 1955 1096 2018 eadem,
1138 1968 1260 2024 qum
1303 1951 1444 2022 apud
1477 1952 1706 2006 'Gratcos
1731 1951 1934 2006 Venus.

1251 2041 1413 2095 CAP.
1448 2042 1606 2096 XVII.

684 2133 848 2189 Vens.
885 2135 933 2188 l.
971 2133 1068 2189 Cui
1098 2134 1248 2187 astili
1288 2151 1555 2189 commeo
1585 2133 1762 2189 hodie.
1798 2134 1918 2189 Non
1958 2134 2185 2187 metitur

615 2236 829 2296 tempus
877 2242 1143 2296 prtesens,
1197 2229 1290 2282 sed
1349 2228 1509 2297 quasi
1554 2227 1797 2297 quotidie
1845 2227 2186 2282 constituens

614 2320 851 2386 initium,
895 2319 1044 2374 dedit
1079 2335 1302 2390 operam
1338 2329 1397 2374 ut
1432 2320 1541 2374 Deo
1595 2322 1856 2391 placeret,
1893 2328 1971 2384 et,
2008 2329 2067 2374 ut
2108 2320 2184 2374 illi

617 2411 860 2480 seipsum
895 2412 1157 2465 mundum
1199 2411 1366 2466 corde
1388 2411 1681 2481 praeberet,
1707 2418 1762 2466 et
1785 2418 2096 2481 promptum
2117 2407 2182 2463 ad

619 2504 979 2557 obedieudum
1019 2504 1284 2556 voluntati
1320 2505 1515 2574 ips-ius.

691 2593 816 2648 Nisi
845 2611 935 2663 per
965 2611 1021 2648 os
1049 2595 1306 2648 sermonis
1331 2595 1450 2659 mei,
1483 2603 1592 2649 etc.
1619 2593 1722 2662 Qui
1755 2594 1937 2648 omnia
1961 2593 2184 2655 audent,

619 2687 766 2741 illam
817 2702 1005 2741 vocem
1044 2687 1176 2741 Elia:
1233 2686 1498 2742 audacem
1546 2696 1600 2741 et
1656 2687 2007 2741 temerariam
2060 2702 2187 2742 esse

621 2779 901 2834 dixerunt.
919 2778 1193 2849 Propheta
1211 2779 1356 2832 enim
1380 2790 1520 2842 erat,
1538 2786 1592 2834 et
1613 2795 1864 2834 summus
1893 2781 2186 2850 interpre-

621 2875 834 2942 phetas,
858 2881 909 2926 et
933 2873 1122 2928 divino
1140 2873 1257 2928 zelo
1293 2889 1588 2931 accensus.
1615 2877 1793 2944 Atque
1814 2878 1930 2930 btee
1948 2875 2186 2944 impulsu

625 2963 864 3033 Spiritus
903 2964 1075 3020 sancti
1124 2963 1374 3034 protulit,
1412 2967 1558 3021 unde
1591 2980 1752 3020 suum
1806 2967 1972 3021 ctiam
2021 2982 2188 3020 even-

625 3061 740 3107 tum
772 3054 1108 3109 habuerunt.

2283 576 2429 654 ᾗπερ
2463 578 2532 654 ἦν
2556 583 2664 637 τῶν
2718 583 2849 636 δέκα
2882 581 3066 653 φυλῶν
3095 581 3162 635 τὰ
3190 581 3458 652 βασίλεια.
3503 579 3866 649 Ἐξανδραπορ

2282 675 2566 730 δισθεισῶν
2590 675 2645 729 δὲ
2674 674 2904 742 τούτων,
2947 674 3043 730 καὶ
3085 674 3186 745 τῆς
3235 675 3338 744 γῆς
3380 671 3597 741 ἐκείνης
3649 671 3864 741 ἐρήμου

2283 769 2682 840 γεγενημένης,
2717 770 2765 822 oi
2796 769 2906 822 τῶν
2955 765 3259 837 Ἀσσυρίων
3315 763 3559 834 βασιλεῖς
3603 761 3866 822 ἐποίκους

2283 861 2362 922 είς
2389 859 2592 923 ταύτας
2619 859 2954 930 ἐξέπεμψαν,
2979 857 3072 922 οὒς
3101 859 3167 911 ἐκ
3193 859 3294 927 τῆς
3319 854 3636 926 Σαμαρείας
3667 854 3865 922 Σαμα-

2286 949 2471 1023 ρείτας
2509 949 2821 1021 ὠνόμασαν.

2357 1040 2488 1097 Ἐπί
2503 1043 2750 1108 βιϐλίου
2770 1043 2970 1112 λόγων
2987 1037 3104 1094 τῶν
3137 1038 3378 1108 ἡμερῶν
3405 1036 3524 1090 τῶν
3545 1033 3868 1101 ,ϐασιλέοιν

2298 1135 2566 1204 Ἰσραήλ.
2616 1133 2716 1188 Ἐκ
2743 1133 2852 1187 τῶν
2877 1132 3155 1195 τοιούτων,
3189 1131 3286 1184 καὶ
3313 1130 3342 1182 ὁ
3366 1127 3560 1198 παρὼν
3611 1143 3868 1196 συγγρα-

2287 1229 2442 1300 φεὺς,
2477 1227 2576 1283 καὶ
2602 1229 2631 1281 ὁ
2656 1229 2766 1281 τῶν
2791 1224 3314 1298 Παραλειπομένων,
3355 1222 3515 1294 ἔσχον
3547 1222 3647 1283 τὰς
3679 1223 3868 1289 ἁφὴν

2289 1321 2397 1392 μάς
2416 1335 2433 1353 ⁸
2454 1320 2634 1374 πάντα
2659 1319 2768 1388 γὰρ
2796 1317 3188 1388 συνεγρᾶκρετο.

2355 1414 2466 1470 Καὶ
2519 1413 2810 1468 συνέθετο
2870 1407 3178 1479 Ἰωσαφάτ.
3240 1405 3557 1461 ’Βσπάσατο
3619 1401 3730 1458 τοῦ
3782 1401 3874 1455 Ἀ-

2287 1505 2432 1577 χαὰὸ
2464 1505 2562 1578 τὴν
2618 1491 3069 1573 συγγένειανξὼς
3095 1500 3155 1554 ἐν
3207 1497 3730 1569 Παραλειπομέναις
3762 1513 3871 1564 φη-

2288 1599 2393 1656 σίν.

2355 1689 2464 1745 Καὶ
2495 1689 2825 1743 ἐδούλευσε
2845 1685 2925 1752 τῷ
2945 1685 3132 1738 Βαάλ.
3154 1681 3368 1753 Τυρίων
3404 1672 3558 1746 οὗτος
3603 1681 3764 1744 θεὸς,
3807 1677 3877 1741 ὡς

2289 1777 2444 1836 εἶπεν
2487 1780 2825 1850 Ἰώσηππος·
2861 1780 2896 1847 ἡ
2930 1777 2986 1830 δὲ
3007 1775 3318 1844 Ἀστάρτη,
3349 1773 3614 1826 Σιδωνίων
3638 1789 3654 1803 ·
3692 1772 3880 1839 ταύτῃ

2291 1872 2383 1925 καὶ
2410 1869 2480 1923 τὰ
2513 1869 2652 1939 ἄλση
2687 1865 3056 1920 συνετίθεσαν.
3088 1861 3363 1932 ’Δστάρτη
3395 1859 3450 1912 δέ
3474 1861 3623 1913 ἐστιν
3673 1860 3720 1930 ἡ
3748 1857 3880 1926 παρ’

2289 1963 2549 2032 Ἕλλησιν
2583 1959 2894 2031 Ἀφροδίτη.

2881 2051 3136 2107 ΚΕΦΑΛ.
3165 2050 3265 2105 lZ'.

2358 2142 2434 2218 τ,ῼ
2453 2144 2805 2215 παρέστηκα
2822 2141 3083 2196 ἐνώπιον
3117 2142 3306 2198 αὑτοῦ
3337 2140 3624 2210 σήμερον.
3661 2139 3756 2192 Οὐ
3785 2155 3878 2208 με⁹

2287 2242 2407 2311 τρεῖ
2427 2240 2520 2292 τὸν
2546 2237 2810 2308 παρόντα,
2842 2234 2959 2289 ἀλλ’
2977 2235 3053 2298 ὡς
3078 2235 3166 2290 ἀεὶ
3193 2233 3669 2303 καταϐαλλόμενος
3690 2230 3880 2301 ἀρχὴν

2290 2329 2412 2385 καθ’
2445 2330 2663 2398 ἡμέραν
2715 2325 3048 2396 ἐσπούδασεν
3102 2325 3416 2395 εὐαρεστεῖν
3442 2322 3518 2393 τῷ
3573 2320 3728 2390 Θεῷ,
3793 2318 3883 2372 καὶ

2293 2421 2564 2493 παριστᾷν
2589 2418 2777 2471 ἐαυτὸν
2827 2415 3073 2487 καθαρὸν
3091 2415 3188 2483 τὴν
3211 2415 3466 2485 καρδίαν,
3509 2415 3754 2483 ἕτοιμον
3783 2411 3881 2463 ὐπ-

2289 2512 2512 2568 ακούειν
2542 2509 2620 2580 τῷ
2653 2509 2953 2580 βουλήματι
2986 2508 3081 2561 τοῦ
3105 2506 3262 2560 Θεοῦ.

2359 2606 2504 2662 Ἐὰν
2531 2604 2611 2672 μὴ
2631 2603 2729 2656 διὰ
2749 2603 2938 2683 λόγου
2962 2600 3258 2669 στόματός
3283 2615 3426 2669 μου.
3451 2597 3513 2650 Οἱ
3541 2595 3730 2648 πάντα
3769 2592 3886 2646 τολ-

2295 2701 2523 2772 μῶντες,
2571 2696 2670 2766 τὴν
2701 2693 2883 2746 Ἦλιοῦ
2941 2690 3124 2762 φωνὴν
3152 2688 3430 2760 τολμηρὰν
3491 2687 3878 2757 ἀπεφήναντοι

2292 2792 2582 2864 προφήτης
2606 2788 2715 2860 γὰρ
2743 2783 2836 2859 ἦν,
2857 2785 2953 2839 καὶ
2979 2782 3276 2857 προφητῶν
3294 2782 3502 2852 ἄκρως,
3527 2780 3622 2833 καὶ
3638 2780 3721 2851 τῷ
3753 2778 3886 2849 θείῳ

2294 2880 2741 2954 πυρπολούμενος
2791 2876 2958 2949 ζήλῳ.
3009 2875 3122 2928 Καὶ
3170 2872 3343 2926 ταῦτα
3373 2872 3471 2926 τοῦ
3516 2871 3664 2925 θείου
3693 2870 3882 2923 Πνεύ-

2296 2989 2464 3043 ματος
2497 2968 2866 3040 ,ἐνεργοῦντος
2913 2966 3158 3039 εἴρηκεν,
3222 2964 3346 3019 ὅθεν
3402 2964 3497 3016 καί
3546 2962 3736 3032 πέρας
3775 2959 3886 3014 ἐδέ-

2295 3063 2442 3128 ξατο.

693 3146 859 3200 Vens.
898 3147 950 3202 6.
992 3145 1055 3200 Et
1085 3150 1229 3202 corvi
1251 3149 1488 3219 ferebant
1519 3149 1566 3204 ei
1601 3166 1786 3218 panes.
1827 3149 2191 3221 thuomodo

2366 3147 2474 3204 Kal
2493 3149 2548 3201 οἱ
2587 3148 2840 3214 κάμακες
2871 3146 3091 3214 ἔφερον
3150 3144 3312 3210 αὑτῷ
3335 3143 3571 3212 ἄρτους.
3610 3142 3730 3196 Καὶ
3771 3141 3885 3204 πῶς

625 3238 796 3306 legem
840 3253 947 3291 non
983 3247 1371 3310 transgressus
1418 3249 1503 3295 est
1524 3255 1624 3310 per
1662 3255 1818 3294 avem
1852 3242 2190 3294 immundam

628 3327 912 3382 miti-itus?
949 3328 1087 3393 Quia
1138 3329 1254 3399 ipse
1303 3330 1587 3400 legislator
1634 3345 1732 3400 per
1763 3344 1965 3384 corvos
2005 3330 2191 3384 cibum

628 3417 730 3485 ipsi
763 3417 973 3480 attulit,
1010 3419 1480 3487 quemadmodum
1513 3420 1606 3474 ille
1638 3419 1925 3489 pollicitus
1955 3428 2064 3485 est,
2096 3422 2192 3491 qui

625 3509 784 3563 docet
821 3507 994 3579 legem
1027 3519 1249 3578 propter
1283 3509 1598 3566 Iudaeorum
1631 3511 2010 3566 inﬁrmitatem
2034 3513 2194 3582 posi-

627 3609 738 3653 tam
770 3616 914 3656 esse.
944 3600 1131 3668 Quare
1170 3604 1287 3671 ipse
1319 3603 1616 3674 aliquando
1645 3613 1839 3658 contra
1894 3605 2066 3676 legem
2101 3606 2194 3658 l‘a-

625 3706 752 3746 cere
809 3693 1089 3762 praecepit.
1127 3691 1306 3747 Veluti
1353 3694 1408 3748 in
1456 3693 1744 3750 obsidione
1775 3693 2018 3760 Jericho,
2073 3712 2196 3767 qua:

629 3782 876 3840 Sabbato
907 3785 1065 3873 facta.
1095 3794 1203 3850 est,
1235 3793 1291 3840 et
1323 3801 1472 3841 nunc
1499 3802 1822 3856 per-corvos
1862 3789 2037 3844 Ellam
2067 3805 2193 3862 pas-

627 3886 802 3940 cens;
837 3874 1133 3944 aliquando
1152 3889 1288 3929 vero
1307 3875 1454 3941 illos,
1490 3878 1585 3946 qui
1630 3876 2010 3946 hujuscemodi
2058 3895 2198 3950 prac-

628 3976 789 4035 cepta
821 3965 1153 4036 transgressi
1189 3975 1342 4032 sunt,
1375 3983 1484 4022 non
1533 3970 1908 4038 reprehendit.
1954 3971 2194 4026 Samson

627 4057 773 4110 enim
825 4064 1052 4126 propter
1109 4057 1433 4112 ebrietatem
1493 4068 1548 4113 et
1593 4060 1944 4116 immodicam
2009 4063 2196 4119 libidi-

629 4160 753 4200 nem
788 4147 1040 4215 privatus
1069 4155 1154 4201 est
1193 4149 1369 4213 gratia
1411 4147 1506 4204 Dei
1537 4167 1559 4218 ς
1619 4149 1738 4213 sed,
1772 4166 1897 4205 cum
1945 4169 2010 4208 ex
2045 4171 2195 4210 mor-

629 4244 726 4291 tuo
783 4237 939 4291 leone
983 4238 1087 4292 mel
1127 4238 1382 4294 silvestre
1425 4243 1780 4309 comedisset,
1813 4248 2197 4316 reprehensio-

629 4343 753 4382 nem
796 4342 903 4381 non
959 4327 1219 4393 incurrit,
1265 4339 1320 4383 et
1372 4330 1697 4388 accedentes
1753 4335 1818 4388 ad
1870 4347 2092 4395 sanctos
2143 4342 2199 4396 in

629 4423 832 4475 luctain
849 4421 1150 4488 dremones,
1168 4420 1534 4493 intelligibilis
1552 4423 1827 4482 alimonia:
1842 4443 2015 4484 causa
2040 4432 2196 4501 fiunt,

2296 3239 2355 3290 οὐ
2391 3237 2694 3308 παρενόμει
2723 3235 2792 3288 δι’
2822 3235 3133 3306 ἀκαθάρτου
3153 3234 3295 3298 {mou
3325 3235 3693 3304 τρεφόμενος;
3733 3233 3888 3284 "Utt-

2298 3328 2773 3399 περὸνομοθέτης
2826 3327 2914 3379 διὰ
2952 3327 3160 3379 τούτων
3217 3325 3366 3397 αὐτῷ
3411 3325 3726 3397 προσέφερε
3788 3325 3887 3395 τὴν

2295 3420 2521 3491 τροφὴν,
2551 3419 2740 3490 ὥσπερ
2766 3419 3058 3489 ὑπέσχετο,
3094 3417 3361 3472 διδάσκων
3381 3417 3458 3481 ὡς
3486 3419 3515 3470 ὁ
3538 3417 3705 3486 νόμος
3739 3417 3883 3487 πρὸς

2295 3511 2395 3582 τὴν
2450 3511 2560 3564 τῶν
2612 3510 2889 3563 Ἰουδαίων
2929 3509 3218 3562 ἀσθένειαν
3254 3507 3434 3561 ἔκειτο
3457 3524 3472 3539 ·
3501 3508 3581 3560 διὸ
3609 3507 3750 3561 ποτὲ
3787 3509 3882 3576 μὲν

2299 3599 2462 3662 αὐτὸς
2517 3599 2832 3668 παραϐῆναι
2891 3599 3280 3668 προσέταττεν,
3311 3597 3386 3660 ὡς
3416 3599 3508 3650 ἐπὶ
3529 3598 3626 3666 τῆς
3651 3600 3710 3650 ἐν
3732 3599 3881 3650 Σαδ-

2297 3693 2444 3763 6ἆτῳ
2468 3691 2782 3763 πολιορκίας
2804 3689 3092 3762 Ἶεριχοΰς,
3125 3691 3218 3744 καὶ
3239 3690 3334 3743 νῦν
3363 3689 3453 3742 διὰ
3480 3691 3733 3761 κοράκων
3759 3694 3880 3761 τρέ·

2298 3803 2413 3854 φων
2433 3784 2622 3838 Ἢλίαν
2641 3800 2656 3815 ·
2724 3783 2853 3836 ποτὲ
2876 3783 2932 3836 δέ
2956 3787 3068 3846 τοῖς
3095 3782 3162 3836 τὰ
3200 3781 3427 3836 τοιαῦτα
3473 3782 3878 3853 παραϐαίνουσι

2303 3879 2377 3949 μὴ
2403 3865 2776 3948 μεμφόμενος.
2842 3875 3081 3947 Σαμψὼν
3132 3875 3242 3946 γὰρ
3282 3875 3372 3928 διὰ
3423 3875 3521 3946 μὲν
3570 3877 3673 3945 τὴν
3706 3878 3878 3946 μέθην

2299 3972 2394 4023 καὶ
2444 3970 2542 4040 τὴν
2573 3969 2826 4038 λαγνείαν
2862 3966 3154 4038 ἐγυμνώθη
3186 3967 3285 4037 τῆς
3315 3966 3558 4038 χάριτος.
3583 3968 3788 4035 Φαγὼν
3812 3969 3877 4038 δὴ

2299 4063 2361 4115 τὺ
2389 4066 2453 4116 ἐκ
2481 4061 2577 4115 τοῦ
2602 4060 2797 4133 νεκροῦ
2818 4060 3032 4124 λέοντος
3082 4061 3226 4131 μέλι,
3253 4060 3590 4131 κατηγορίας
3615 4060 3721 4113 οὐκ
3754 4061 3879 4114 ἔτυ-

2300 4174 2412 4228 χεν.
2451 4156 2562 4209 Καὶ
2591 4157 2704 4217 τοῖς
2732 4153 2907 4222 ἁγίοις
2932 4153 2989 4205 δέ
3023 4152 3341 4223 προσῖόντες
3371 4152 3451 4214 είς
3481 4151 3661 4222 πάλην
3693 4152 3878 4207 οίδαίο

2303 4266 2485 4319 μονες,
2514 4247 2708 4317 νοητῆς
2729 4246 2940 4316 τροφῆς
2967 4245 3128 4298 αἴτιοι
3166 4244 3431 4313 γίνονται,
3462 4245 3879 4316 στηριζομένοις

2303 4344 2490 4404 αὐτοῖς
2525 4341 2626 4409 τὴν
2673 4340 2922 4409 καρδίαν,
2973 4339 3070 4393 καὶ
3131 4336 3563 4409 γυμναζομένοις
3613 4338 3716 4409 τὴν
3740 4339 3873 4402 ἕξιν.

2302 4430 2403 4488 Ὧν
2433 4437 2582 4488 ἐστιν
2612 4435 2646 4504 η
2675 4433 2872 4502 στερεά
2915 4431 3090 4504 τροφὴ
3131 4431 3228 4485 καὶ
3253 4430 3545 4502 ἀθλητική.
3575 4432 3736 4496 Ἰἰτις
3762 4431 3877 4496 ἕξις

628 4513 758 4566 dum
800 4511 904 4583 ipsi
941 4512 1109 4567 corde
1143 4513 1453 4579 lirmantur,
1496 4521 1553 4570 et
1599 4514 1793 4570 habitu
1826 4529 2193 4595 exercentur;

2305 4527 2434 4595 ἡμῖν
2465 4521 2603 4593 μετὰ
2629 4521 2828 4584 πολλὰς
2861 4523 3163 4589 ἐπιγίνεται
3194 4521 3372 4585 πάλας
3395 4522 3459 4575 τδ
3489 4521 3734 4576 δειλινόν.

627 4622 864 4678 quorum
906 4616 993 4662 est
1026 4609 1181 4662 tirma
1210 4608 1493 4676 alimonia,
1521 4616 1578 4664 et
1606 4610 1890 4678 athletica,
1921 4615 2014 4686 qui
2051 4617 2270 4678 habitus
2318 4627 2508 4690 postea
2545 4616 2604 4671 ﬁt
2647 4621 2702 4672 in
2744 4617 2908 4672 nobis
2975 4625 3099 4686 post
3169 4619 3348 4676 luctas
3420 4617 3630 4675 multas
3692 4633 3876 4685 pome-

630 4700 853 4754 ridiano
884 4707 1152 4769 tempore.

699 4791 866 4848 Vens.
901 4793 955 4848 9.
987 4792 1053 4847 In
1078 4793 1374 4863 Sarephtlta
1394 4792 1650 4853 Sidoniae.
1681 4796 1748 4852 Et
1777 4813 1949 4870 quare
1982 4802 2047 4859 ad
2077 4805 2204 4863 alie-

631 4885 884 4953 nigeuam
918 4886 942 4939 ?
976 4885 1223 4954 ejusdem
1260 4887 1409 4941 enim
1451 4889 1632 4959 culpa;
1687 4892 1850 4946 etiam
1910 4895 2018 4950 hoc
2075 4895 2201 4954 fuit.

634 4975 782 5032 Deus
816 4979 962 5032 enim
991 4978 1469 5032 conversationem
1502 4994 1626 5033 cum
1663 4982 1996 5053 alienigenis
2014 4988 2204 5055 prohi-

634 5068 832 5123 buerat
851 5073 1077 5136 propter
1099 5063 1412 5121 Judaeorum
1446 5067 1904 5138 imbecillitatem,
1929 5089 2093 5144 quam
2123 5076 2206 5132 eis

634 5159 1004 5229 permisisset,
1041 5158 1087 5213 si
1118 5157 1258 5212 ﬁrmi
1297 5159 1628 5238 exsistentes
1657 5161 1791 5232 ipsis
1820 5165 2082 5233 prodesse
2113 5183 2208 5237 po-

633 5251 896 5315 tuissent,
922 5248 1382 5318 quemadmodum
1410 5249 1557 5304 Elias
1579 5251 1864 5320 propheta.
1883 5253 2032 5310 llanc
2061 5258 2207 5313 enim

637 5342 693 5396 in
717 5341 836 5411 lege
896 5339 1110 5393 vitandi
1158 5339 1478 5393 commercii
1517 5329 1946 5410 alienigenarum
1981 5357 2204 5396 causam

639 5431 819 5498 affert,
854 5447 923 5486 ne
950 5431 1298 5485 fornicentur
1329 5445 1453 5484 cum
1515 5431 1623 5486 diis
1659 5431 1926 5501 ipsorum,
1979 5445 2074 5488 aut
2119 5435 2208 5490 ﬁlii

639 5524 808 5580 Israel
870 5524 955 5578 vel
990 5523 1119 5576 tiliae
1150 5521 1363 5590 nuptiis
1396 5537 1521 5576 cum
1552 5523 1735 5592 impiis
1775 5527 2078 5579 contractis
2119 5542 2208 5583 sev

637 5619 936 5673 ducantur.
975 5615 1248 5670 Caeterum
1304 5615 1484 5684 reipsa
1529 5614 1692 5669 etiam
1747 5613 1878 5670 Eliae
1917 5617 2212 5672 ostendere

639 5711 836 5777 voluit,
867 5727 1032 5782 quam
1080 5710 1264 5780 indiga
1322 5711 1393 5764 sit
1443 5725 1627 5764 rerum
1670 5710 1916 5766 omnium
1973 5712 2210 5767 humana

643 5813 862 5873 natura,
890 5806 1127 5877 primum
1149 5804 1362 5876 quidem
1399 5803 1465 5859 ad
1496 5811 1794 5861 torrentem
1824 5805 2003 5877 ipsum
2038 5805 2207 5861 dedu-

2370 4802 2474 4866 Εἲς
2502 4797 2814 4868 Σαρεςοθὰν
2863 4796 2978 4865 τῆς
3022 4797 3330 4866 Σιδωνίας.
3375 4799 3488 4853 Καὶ
3543 4799 3630 4853 διὰ
3659 4799 3712 4851 τί
3736 4797 3870 4868 πρὸς

2306 4887 2635 4958 ἀλλόφυλον;
2671 4887 2769 4957 τῆς
2799 4886 2972 4956 αὐτῆς
3027 4887 3208 4951 αἰτίας
3239 4891 3334 4942 καὶ
3361 4888 3545 4942 τοῦτο.
3586 4888 3866 4943 Κεκώλυκε

2305 4979 2413 5050 γὰρ
2460 4978 2562 5048 τὴν
2609 4977 2749 5049 πρὸς
2807 4977 3143 5046 ἀλλοφύλους
3174 4980 3481 5050 ἐπιμιξίαν,
3536 4981 3624 5034 διὰ
3645 4981 3736 5050 τὴν
3757 4979 3867 5032 τῶν

2319 5072 2591 5128 Ἰουδαίων
2647 5071 2935 5124 ἀσθένειαν
2962 5111 2976 5134 ,
3021 5072 3092 5142 ἦν
3134 5071 3201 5126 ἂν
3250 5074 3568 5142 ἐπέτρεψεν,
3603 5075 3651 5126 εί
3676 5073 3865 5144 ἑδραῖοι

2307 5164 2459 5226 ὅντες
2511 5161 2742 5229 ὠφελεῖν
2770 5163 3013 5226 ἐκείνους
3037 5162 3305 5232 ἠδύναντο
3324 5201 3342 5228 ,
3398 5164 3648 5237 καθάπερ
3681 5167 3706 5218 ὁ
3731 5182 3863 5236 προ-

2311 5255 2490 5325 φήτης
2513 5254 2724 5318 Ἠλίας.
2781 5255 3000 5324 Ταύτην
3031 5254 3142 5326 γὰρ
3165 5257 3225 5308 ἐν
3251 5256 3329 5326 τῷ
3357 5258 3507 5329 νόμῳ
3531 5259 3630 5329 τῆς
3655 5257 3864 5327 ἀμιξίας

2312 5346 2492 5400 αἰτίαν
2550 5346 2712 5415 φησὶ,
2741 5344 2800 5398 τὸ
2832 5346 2908 5416 μὴ
2943 5346 3311 5417 ἐκπορνεῦσαι
3361 5349 3502 5421 πρὸς
3543 5351 3667 5413 τοὺς
3715 5348 3865 5409 Osci»;

2313 5439 2515 5505 αὐτῶν,
2543 5439 2576 5510 ἢ
2611 5440 2737 5504 τοὺς
2775 5439 2924 5501 υἱοὺς
2956 5441 3082 5502 τοὺς
3106 5439 3164 5505 ἐξ
3191 5439 3434 5513 Ἰσραὴλ,
3471 5442 3506 5511 ἣ
3530 5441 3624 5503 τὰς
3654 5439 3865 5507 Θυγατέ-

2317 5548 2438 5601 ρας,
2474 5531 2767 5601 γινομένης
2793 5531 3116 5600 ἐπιγαμίας.
3150 5531 3314 5586 Ἀλλὰ
3341 5533 3436 5586 καὶ
3456 5533 3546 5588 διὰ
3571 5531 3670 5587 τῶν
3695 5532 3866 5601 ἔργων

2311 5622 2539 5691 ἠθέλησε
2597 5622 2754 5674 Ἰἰλία
2791 5621 2961 5687 δεῖξαι
3010 5623 3408 5693 δαπανωμένην
3455 5626 3554 5693 τὴν
3602 5623 3863 5694 ἀνθρωπό-

2311 5730 2482 5782 τητα·
2507 5712 2728 5782 πρῶτον
2780 5714 2880 5783 μὲν
2929 5715 3009 5777 είς
3042 5717 3381 5786 χειμάρρουν
3419 5716 3582 5770 αὐτὸν
3623 5711 3856 5781 ἀγαγὼν.

2313 5802 2408 5856 καὶ
2442 5804 2680 5874 ποιήσας
2735 5801 2918 5876 ξηρόν.
2957 5801 3083 5858 Εἶτα
3137 5806 3272 5876 πρὸς
3299 5806 3478 5877 χήραν
3510 5807 3630 5875 μιᾶς
3659 5803 3855 5874 ἡμέρας
