4034 6496
173 361 337 428 1169
1198 371 1729 432 COMMENTARII
1796 370 1875 430 IN
1920 370 2064 430 LIB.
2110 371 2197 430 Ill
2244 372 2532 435 REGUM.
3335 365 3468 431 H70

171 476 436 542 ἔλουσαν
460 489 473 501 ·
509 472 623 543 βίον
678 472 794 528 ἔστι
826 474 883 529 δέ
904 475 997 528 καὶ
1048 475 1217 541 τύπος
1237 478 1336 547 τῆς
1365 478 1425 543 ἐξ
1458 477 1626 530 ἐθνῶν
1657 477 1779 528 Ἐκ-

1891 489 2034 539 cens,
2074 482 2130 529 ct
2166 476 2459 531 exsiccans
2490 490 2652 541 eum;
2686 474 2881 530 deinde
2912 473 2976 527 ad
3022 471 3239 527 viduam
3303 488 3465 528 unius

174 566 468 634 κλησίας,
530 566 801 638 δεξαμένη
860 567 1069 632 πιστῶς
1124 569 1215 622 τὸν
1252 569 1356 622 ὑπὸ
1426 569 1781 639 Ἰσραηλιτῶν

1891 562 1997 619 ιΙίεἱ
2016 565 2216 619 victum
2236 565 2550 621 habentem.
2576 565 2672 621 Est
2696 566 2861 621 etiam
2888 572 3048 635 typus
3081 562 3338 618 Ecclesize
3352 566 3464 618 col-

175 654 557 726 διωκόμενον,
592 656 781 729 ὥσπερ
813 658 1001 729 ἐκείνη
1028 660 1151 723 τοὺς
1177 661 1527 726 ἀποστόλους.

1891 660 2041 711 lecta:
2075 672 2140 713 ex
2174 658 2453 727 gentibus,
2502 673 2629 713 vera
2682 657 2784 712 ﬁde
2822 657 2972 711 illum
3002 656 3309 726 excipiens,
3358 657 3456 725 qui

1888 748 2339 816 persecutionem
2377 747 2447 803 ab
2490 746 2758 804 lsraelitis
2792 746 3167 812 substinebat,
3202 744 3468 815 quemad-

1889 838 2110 892 modum
2144 837 2235 893 illa
2269 837 2575 906 apostolos.

274 926 371 996 Ζῇ
389 927 606 996 Κύριος
628 929 661 981 δ
683 929 828 994 Θεός
848 942 987 983 σου.
1022 922 1164 997 Εὖγε
1185 928 1287 998 τῆς
1312 929 1644 999 πραότητος.
1672 930 1787 983 Ούκ

188 1023 593 1093 ἐδυσχέραινεν
616 1024 674 1076 ἐν
694 1022 983 1087 τοσαύταις
1016 1026 1328 1094 συμφοραῖς
1355 1024 1640 1093 αἰτηθεῖσα
1670 1041 1788 1093 τρο-

191 1116 341 1183 φήν.
372 1113 538 1167 Ἀλλά
590 1114 749 1185 μόνον
806 1114 976 1180 ἔδειξε
1022 1114 1123 1186 τὴν
1152 1115 1390 1185 ἐσχάτην
1440 1115 1654 1177 πενίαν,
1692 1114 1787 1168 καὶ

191 1205 307 1275 τὴν
360 1206 699 1274 ἐπαγγελίαν
731 1206 938 1269 πιστῶς
990 1204 1256 1276 δεξαμένη
1320 1206 1659 1276 προσήνεγκε
1691 1206 1789 1275 τὴν

194 1297 443 1370 τροφὴν,
478 1298 572 1352 καὶ
599 1298 772 1351 ταῦτα
805 1298 905 1351 οὐκ
933 1298 1107 1352 εἰδυῖα
1140 1300 1229 1352 τὸν
1258 1297 1565 1370 ἄνθρωπον.
1601 1298 1787 1351 Ἀλλό-

197 1386 384 1452 φυλος
438 1386 549 1457 γὰρ
577 1382 666 1458 ἦν,
691 1388 1033 1459 προφητικῆς
1074 1388 1357 1459 δυνάμεως
1393 1391 1586 1461 πεῖραν
1618 1389 1678 1443 οὐ
1704 1391 1791 1445 δε-

197 1472 477 1545 δετμένηο

1962 926 2125 984 Vens.
2154 928 2243 983 12.
2280 927 2417 983 Vivit
2460 928 2719 983 Dominus
2770 928 2911 983 Deus
2961 939 3103 982 tuus.
3165 926 3315 997 Euge
3353 941 3466 979 ma-

1891 1032 2009 1088 gnte
2038 1017 2328 1073 bonitatis!
2356 1034 2465 1074 non
2498 1031 2642 1090 tegre
2672 1019 2820 1085 tulit,
2855 1018 3002 1090 quod
3037 1020 3090 1072 in
3117 1016 3288 1072 tantis
3311 1018 3461 1070 cala-

1894 1110 2178 1166 mitatibus
2203 1112 2360 1166 cibus
2382 1112 2451 1167 ab
2479 1112 2594 1182 ipsa
2621 1119 2915 1181 peteretur.
2930 1110 3035 1165 Sed
3063 1117 3267 1164 tantum
3288 1115 3467 1164 extre-

1893 1216 2035 1254 mam
2071 1212 2443 1271 paupertatem
2471 1201 2735 1267 ostendit,
2760 1209 2815 1255 et
2852 1200 3276 1271 promissionem
3310 1199 3465 1253 ﬁrma

1894 1293 1999 1348 [ide
2021 1294 2299 1365 accipiens
2352 1294 2540 1351 cibum
2591 1294 2796 1361 attulit,
2821 1302 2985 1365 atque
3018 1294 3122 1349 hoc
3164 1294 3311 1358 fecit,
3343 1308 3465 1347 cum

1895 1384 2171 1440 hominem
2208 1401 2318 1441 non
2354 1386 2601 1441 novisset
2634 1403 2652 1452 ;
2680 1385 2985 1455 alienigena
3037 1384 3183 1439 enim
3227 1391 3363 1449 erat,
3415 1391 3467 1436 et

1895 1474 2124 1530 virtutis
2169 1474 2508 1547 prophetica:
2535 1475 2743 1530 nullam
2775 1474 3177 1545 experientiam
3212 1486 3466 1541 sumpse-

1896 1572 2005 1618 rat.

292 1654 359 1708 Tt
386 1655 516 1726 ἐμοὶ
549 1655 645 1710 καί
666 1656 789 1722 σοί,
811 1657 1081 1729 ἄνθρωπε
1116 1658 1223 1714 τοῦ
1263 1660 1451 1723 Θεοῦ;
1524 1658 1789 1727 ’Λφθόνως

1963 1652 2107 1717 Quid
2136 1652 2285 1719 mihi,
2313 1662 2362 1707 et
2395 1654 2683 1720 tibi,ltomo
2711 1655 2842 1709 Dei?
2867 1653 3029 1724 536
3051 1652 3318 1721 Propheta
3342 1663 3466 1703 cum

202 1751 236 1800 6
268 1752 559 1821 προφήτης
590 1751 885 1806 ἀπολαύων
914 1754 1013 1823 τῆς
1033 1751 1267 1822 τροφῆς,
1295 1753 1393 1822 τῆς
1448 1753 1556 1807 τῶν
1616 1750 1789 1807 ἄλλων

1898 1742 2101 1799 affatim
2156 1745 2279 1801 cibo
2323 1745 2564 1804 refectus
2606 1756 2780 1812 esset,
2810 1747 3176 1801 calamitatem
3230 1743 3467 1797 aliorum

206 1841 525 1911 ἀνθρώπων
554 1842 854 1897 ἐπελάθετο
909 1845 1200 1916 συμφορᾶς
1224 1861 1237 1875 ·
1272 1838 1336 1899 οὗ
1354 1845 1420 1917 δὴ
1442 1846 1603 1917 χάριν
1631 1846 1659 1898 6
1688 1846 1787 1896 Δε-

1896 1835 2183 1890 hominum
2215 1836 2582 1893 obliviscitur.
2608 1836 2981 1905 Quamobrem
3009 1836 3155 1892 Deus
3179 1834 3359 1890 viduae
3382 1833 3471 1887 tle-

209 1934 428 2005 σπότης
455 1934 603 2006 αὐτῷ
631 1936 729 1998 τὰς
754 1938 852 2006 τῆς
870 1938 1046 2009 χήρας
1062 1938 1495 2009 ἐπεστράτευσεν
1518 1937 1786 2009 οἰμωγάς.

222 2026 477 2095 Ἐπέγνω
498 2027 553 2080 δὲ
577 2028 671 2081 καὶ
686 2028 848 2093 αὐτὸς
874 2028 973 2099 τὴν
999 2029 1198 2084 αἰτίαν.
1232 2048 1252 2082 ι
1276 2030 1344 2084 Ol’
1368 2048 1460 2101 μοι
1480 2029 1787 2101 γὰρ,φησὶ,

206 2115 418 2187 Κύριε,
444 2118 473 2169 ό
504 2118 714 2189 μάρτυς
750 2120 849 2189 τῆς
895 2120 1092 2189 χήρας,
1124 2141 1143 2174 ι
1174 2121 1267 2175 καὶ
1304 2120 1373 2175 τὰ
1416 2120 1566 2190 ἐξῆς.
1605 2120 1789 2186 ’Δξιά-

209 2226 397 2273 γαστα
417 2210 473 2263 δὲ
502 2210 600 2279 τῆς
626 2210 880 2281 χήραςτά
912 2213 1153 2282 ῥήματα.
1184 2212 1274 2281 Τῷ
1303 2211 1381 2283 σῷ
1401 2212 1563 2282 φωτὶ,
1596 2214 1787 2284 φησὶν,

207 2298 509 2369 ἐγυμνώθη
536 2302 603 2353 τὰ
636 2304 993 2373 κεκρυμμένα
1065 2321 1167 2373 μου
1197 2304 1666 2374 πλημμελήματα,
1698 2306 1791 2357 καὶ

207 2393 317 2462 οὐχ
337 2391 414 2455 ὡς
434 2392 729 2461 ἀλλόφυλος
774 2393 874 2464 τὴν
909 2394 1116 2448 εἴσοδον
1145 2395 1432 2449 οἰωνίσατο
1474 2396 1572 2467 τὴν
1599 2395 1787 2460 minui,

206 2478 361 2533 ἀλλὰ·
386 2480 503 2543 ταῖς
531 2479 689 2543 ίδίαις
711 2481 1022 2553 ἐπέγραψεν
1048 2483 1365 2555 ἁμαρτίαις.
1389 2484 1547 2539 Οὕτω
1570 2487 1669 2557 τὴν
1694 2487 1791 2539 τοῦ

208 2572 501 2641 προφήτου
528 2571 875 2628 asumma
901 2575 1171 2645 ώφέλητο.
1212 2579 1372 2642 Ἴσως
1404 2579 1497 2633 καὶ
1525 2578 1592 2632 δι’
1622 2578 1790 2652 αὐτὴν

209 2660 251 2729 ἠ
279 2658 380 2713 τοῦ
414 2661 599 2725 παιδὸς
635 2663 827 2731 γέγονε
881 2665 1131 2735 τελευτὴ,
1185 2666 1271 2719 ἵνα
1328 2666 1643 2738 θεασαμένη
1693 2669 1791 2732 τὴν

211 2751 372 2821 παρά
420 2754 581 2822 φύσιν
632 2755 951 2822 ἀνάστασιν,
1004 2756 1227 2828 βεϐαίαν
1275 2757 1496 2830 δέξηται
1518 2759 1615 2830 τὴν
1638 2758 1793 2813 εὐσέ-

209 2842 249 2894 6
256 2860 394 2899 ειαν.

288 2932 401 2990 Καὶ
432 2935 777 3006 ἐνεφύσησε
814 2936 894 3004 τῷ
932 2943 1215 3011 μειρακίῳ
1244 2942 1460 3011 τρίτον.
1510 2942 1664 2997 Μετὰ
1692 2943 1792 3013 τήν

212 3025 555 3097 προσευχὴν,
588 3028 712 3097 τρὶς
739 3030 1086 3100 ἐμφυσήσεις,
1120 3035 1200 3097 είς
1229 3033 1374 3104 ζωήν
1400 3036 1715 3104 ἐπανήγαγε
1731 3035 1792 3087 τὸ

216 3115 531 3184 μειράκιον.
574 3115 737 3185 Δηλοῖ
756 3118 815 3171 δὲ
848 3120 876 3173 ὁ
929 3121 1029 3188 μὲν
1063 3123 1297 3194 ἀριθμὸς
1322 3125 1421 3195 τὴν
1455 3143 1791 3198 προσκυνου-
1817 3156 1861 3216 c

216 3206 392 3277 μένην
435 3206 660 3278 Τριόιδα.
717 3209 791 3262 Τὸ
829 3211 884 3265 δὲ
932 3212 1240 3285 ἐμφύσημα
1277 3216 1377 3284 τήν
1425 3218 1484 3270 ἐν
1516 3218 1658 3288 ἀρχῇ
1692 3220 1790 3289 τῆς

211 3297 397 3366 ψυχῆς
429 3299 806 3371 γεγενημένην
830 3302 1219 3374 δημιουργίαν.
1253 3306 1396 3360 Ἀλλ’
1434 3309 1464 3361 6
1503 3311 1790 3381 προφήτης

215 3389 547 3459 ἐμφυσήσας
580 3391 681 3443 οὐκ
709 3391 879 3463 ἀλλην
924 3393 1105 3466 ψυχὴν
1148 3398 1608 3469 ἐδημιούργησεν,
1654 3401 1791 3456 ἀλλὰ

212 3479 317 3545 τήν
351 3476 713 3547 χωρισθεῖσαν
747 3480 845 3532 τοῦ
880 3481 1134 3549 σώματος
1171 3485 1541 3556 ἐπανήγαγεν.

820 3576 1065 3629 ΚΕΦΛΛ.
1105 3577 1209 3630 IH'.

289 3665 633 3733 Πορεύθητι,
688 3666 783 3720 καὶ
830 3668 1039 3737 ὄφθητι
1101 3668 1445 3739 τῴἋχαὰϐ.
1498 3670 1556 3725 '0
1598 3672 1790 3741 φιλάν-

215 3757 437 3827 θρωπος
475 3757 610 3821 Θεὸς
636 3758 745 3811 τῶν
791 3760 1095 3830 ἀνθρώπων
1130 3762 1190 3815 τὸ
1220 3762 1374 3831 γένος
1405 3763 1547 3835 όρῶν
1581 3763 1790 3817 διολλύ-

222 3867 406 3917 μενον,
440 3853 647 3907 καὶτὸν
674 3854 960 3923 προφήτην
989 3854 1212 3921 αίτῆσαι
1247 3853 1339 3905 τὸν
1368 3853 1516 3907 ἔλεον
1544 3856 1644 3907 οὐκ
1671 3856 1789 3908 ἐθέ-

214 3939 399 4005 λοντα,
432 3943 675 4007 καὶτοὺς
713 3943 811 4013 μὲν
846 3945 1109 4015 οἰκτεῖραι
1140 3944 1329 4010 θέλων,
1381 3946 1509 4008 τοὺς
1541 3946 1599 4000 δὲ
1638 3950 1790 4017 παρὰ

215 4032 446 4103 γνώμην
486 4031 650 4087 λῦσαι
694 4034 790 4104 τὴν
818 4033 1000 4104 ψῆφον
1031 4035 1132 4088 οὐκ
1166 4035 1511 4105 ἀνεχόμενος,
1568 4036 1788 4106 ἔρχεται

218 4121 559 4192 πρεσὸευτὴς
594 4121 730 4193 πρὸς
758 4122 848 4177 τὸν
873 4122 1093 4193 οἰκέτην
1122 4125 1150 4176 ό
1174 4124 1479 4196 Δεσπότης,
1520 4127 1658 4197 πρὸς
1697 4129 1788 4179 τὸν

219 4210 389 4279 πηλὸν
434 4212 462 4265 6
500 4212 984 4284 Δημιουργὸς,καὶ
1031 4214 1209 4268 πείθει
1257 4215 1416 4269 λύσαι
1446 4215 1555 4270 τῶν
1606 4218 1788 4288 νεφῶν

213 4303 316 4364 τὰς
349 4302 543 4367 ὠδῖνας
575 4304 674 4373 τήν
705 4305 1022 4375 πεδήσασαν
1052 4305 1320 4373 γλῶτταν.

290 4395 357 4447 El
382 4392 553 4447 ἔστιν
588 4396 784 4461 ἔθνος,
822 4396 859 4463 ἢ
903 4398 1210 4461 βασιλεία.
1241 4399 1460 4472 Ἐπειδὴ
1498 4403 1527 4453 6
1566 4405 1784 4475 προφή-

1889 1925 2039 1981 tibus
2108 1942 2232 1983 eum
2264 1927 2539 1985 adoritur.
2577 1929 2816 2000 Agnovit
2854 1928 3021 1984 etiam
3043 1928 3160 1997 ipse
3190 1940 3411 1980 causam
3443 1940 3459 1986 ;

1889 2016 2025 2072 dicit
2056 2018 2205 2073 enim
2235 2035 2249 2073 :
2274 2036 2293 2071 ι
2339 2019 2454 2074 lleu
2492 2020 2649 2087 mihi,
2670 2018 2916 2085 Domine,
2949 2018 3109 2073 testis
3129 2016 3325 2080 viduas,
3354 2032 3373 2066 ι
3412 2016 3466 2065 et

1890 2116 2110 2165 etetera.
2129 2109 2302 2166 Porro
2321 2112 2484 2167 verba
2516 2112 2692 2168 vidua:
2721 2111 2890 2182 digna
2916 2116 3045 2166 sunt
3076 2107 3462 2163 admiratione.

1892 2202 2011 2259 Tua
2040 2204 2183 2271 luce,
2205 2206 2408 2275 inquit,
2437 2213 2645 2262 retecta
2678 2216 2810 2262 sunt
2830 2207 3047 2263 occulta
3075 2220 3193 2259 mea
3216 2209 3462 2273 peccata,

1890 2303 2102 2359 etnon,
2139 2305 2197 2350 ut
2226 2297 2555 2369 alienigena,
2586 2298 2899 2367 ingressum
2936 2296 3216 2368 propheta:
3262 2292 3465 2348 malum

1891 2399 2053 2440 omen
2084 2385 2622 2456 fuisseintcrpretata
2656 2385 2874 2451 est,sed
2895 2387 3009 2442 suis
3038 2383 3273 2456 peccatis
3297 2396 3464 2435 .mor-

1897 2485 2003 2529 tem
2039 2476 2197 2545 pueri
2253 2479 2538 2547 ascripsit.
2572 2477 2752 2546 Atque
2800 2476 2878 2531 sic
2934 2492 2997 2530 ex
3054 2476 3330 2545 propheta:
3364 2472 3465 2526 do-

1892 2567 2071 2621 ctrina
2112 2566 2347 2622 fructum
2386 2569 2649 2638 percepit.
2684 2566 2964 2623 Fortassis
2985 2568 3148 2621 etiam
3176 2566 3228 2619 in
3262 2564 3464 2619 bonum

1892 2656 2074 2711 vidua:
2131 2674 2268 2728 puer
2303 2669 2560 2714 mortuus
2593 2668 2699 2723 est,
2742 2665 2801 2712 ut
2833 2658 2881 2712 si
2914 2657 3121 2711 videret
3175 2654 3329 2725 pueri
3372 2668 3463 2707 re-

1892 2750 2294 2805 surrectionem
2342 2768 2466 2822 quae
2519 2760 2713 2807 contra
2758 2760 3014 2807 naturam
3060 2759 3164 2811 est,
3232 2748 3463 2805 solidam

1894 2843 2151 2913 pietatem
2190 2851 2245 2897 et
2283 2843 2440 2899 [idem
2470 2846 2761 2915 reciperet.

1968 2934 2133 2989 Vens.
2166 2935 2257 2989 21.
2298 2935 2367 2988 Et
2406 2937 2613 3004 inﬂavit
2644 2954 2806 3006 puero
2845 2946 2942 2990 ter.
2990 2936 3124 2991 Cum
3171 2945 3291 3005 post
3337 2953 3462 2991 ora-

1893 3025 2095 3079 tionem
2140 3041 2309 3093 puero
2353 3026 2617 3092 inflasset,
2655 3028 2709 3082 in
2760 3030 2923 3082 vitam
2968 3045 3091 3085 eum
3167 3031 3459 3085 revocavit.

1902 3115 2385 3185 Signiﬁcatautem
2419 3118 2509 3172 hic
2556 3135 2817 3173 numerus
2842 3121 3179 3178 adorandam
3215 3122 3460 3177 Trinita-

1896 3215 2041 3271 tem;
2069 3206 2279 3262 inllatio
2311 3217 2489 3262 autem
2524 3209 2639 3274 illa,
2669 3209 2866 3263 animm
2886 3212 3224 3268 creationem
3256 3212 3324 3266 ab
3359 3213 3465 3267 ini-

1894 3296 1971 3351 tio
1999 3296 2219 3351 factam.
2256 3298 2523 3353 Caeterum
2565 3314 2688 3352 cum
2754 3301 3017 3371 propheta
3062 3318 3235 3374 puero
3277 3302 3464 3358 inﬂas-

1894 3395 1998 3452 sct,
2029 3404 2139 3443 non
2166 3390 2327 3443 aliam
2354 3390 2593 3444 animam
2613 3392 2897 3460 produxit,
2929 3394 3024 3449 sed
3058 3396 3229 3462 illam,
3256 3413 3375 3467 qure
3394 3397 3463 3452 ab

1894 3496 2123 3551 corpore
2157 3492 2486 3544 recesserat.
2518 3483 2583 3537 ad
2619 3498 2822 3554 corpus
2849 3487 3144 3542 revocavit.

2480 3574 2634 3635 CAP.
2658 3637 2661 3640 ,
2684 3576 2875 3636 ΧΥΕΙ.

1963 3663 2127 3721 Vens.
2162 3668 2213 3721 1.
2250 3667 2370 3732 Abi,
2400 3678 2448 3722 et
2476 3671 2688 3725 ostende
2721 3680 2769 3725 te
2800 3672 3255 3727 Achabo.Amaus
3287 3674 3464 3728 homi-

1894 3770 2023 3809 num
2070 3755 2214 3812 Deus
2254 3772 2377 3812 cum
2441 3758 2649 3815 videret
2698 3762 2879 3828 perire
2929 3778 3100 3832 genus
3139 3764 3458 3827 humanum,

1893 3862 2070 3917 neque
2115 3848 2435 3918 prophetam
2486 3851 2783 3920 implorare
2827 3854 3261 3908 miscricordiam
3300 3857 3456 3918 velle,

1891 3954 2014 3993 cum
2051 3940 2299 3995 misereri
2374 3942 2491 4010 ipse
2545 3954 2791 4012 cuperet,
2836 3961 3011 4014 neque
3043 3956 3223 4001 tamen
3265 3957 3462 4017 pr:cter

1894 4030 2059 4085 animi
2113 4032 2437 4087 sententiam
2486 4034 2766 4090 decretum
2830 4046 3022 4092 contra
3066 4039 3213 4107 ipsos
3252 4041 3463 4095 solvere

1894 4117 2212 4181 sustineret,
2245 4122 2392 4173 venit
2437 4122 2647 4191 legatus
2678 4124 2743 4179 ad
2792 4142 3009 4180 servum
3061 4126 3327 4183 Dominus
3350 4171 3364 4193 ,
3395 4129 3465 4183 ad

1894 4209 2064 4262 lutum
2105 4207 2304 4278 opifex,
2344 4218 2397 4264 et
2432 4212 2679 4281 linguam
2729 4216 2941 4273 solvere
2990 4220 3308 4288 persuadet,
3339 4237 3461 4290 qua:

1892 4298 2118 4354 nubium
2141 4300 2359 4356 dolores
2390 4303 2688 4360 vinciebat.

1960 4389 2125 4449 Vens.
2173 4392 2261 4449 Η.
2313 4392 2373 4448 Si
2414 4405 2492 4449 est
2556 4414 2702 4467 gens,
2745 4410 2839 4453 aut
2886 4417 3119 4471 regnum.
3190 4404 3458 4468 Quoniam

215 4502 312 4553 της
336 4486 550 4557 εἰρήκει
583 4487 662 4557 τῷ
691 4487 895 4557 ’Λχαάὁ
922 4508 935 4522 -
968 4507 986 4541 ι
1019 4492 1093 4562 Ζῇ
1131 4490 1333 4562 Κύριος
1356 4494 1382 4545 ό
1409 4493 1541 4557 Θεός
1577 4512 1702 4564 μου,
1733 4498 1782 4549 εί

1891 4484 2145 4554 propheta
2173 4483 2387 4541 dixerat
2420 4488 2486 4541 ad
2520 4489 2706 4544 Achab
2745 4508 2759 4543 :
2799 4510 2817 4543 ι
2860 4492 3009 4547 Vivit
3033 4494 3296 4549 Dominus
3315 4496 3454 4550 Deus

216 4577 370 4629 ἔσται
394 4577 462 4630 τά
494 4577 590 4648 ἔτη
622 4577 793 4631 ταῦτα
825 4580 999 4644 ὑετὸς,
1030 4583 1079 4633 εί
1112 4582 1185 4653 μὴ
1211 4582 1298 4636 διὰ
1330 4582 1491 4652 λόγου
1515 4586 1784 4655 στόματός

220 4684 375 4735 μου·›
399 4667 580 4722 λαϐὼν
604 4670 703 4740 τῆς
729 4670 837 4724 τῶν
863 4671 1040 4741 λόγων
1072 4673 1331 4744 ἀληθείας
1385 4675 1485 4745 τὴν
1530 4678 1725 4748 πεῖραν
1758 4679 1788 4731 6

229 4758 455 4829 ’Ᾱχαά6,
487 4760 802 4829 ἀναγκαίως
824 4762 1009 4834 ἐζήτει
1039 4763 1131 4818 τόν
1159 4765 1403 4836 δήσαντα
1436 4768 1573 4837 πρὸς
1606 4769 1782 4835 λύσιν,

217 4848 250 4919 ἦ
285 4848 415 4919 πρὸς
440 4850 742 4923 ἀναίρεσιν,
779 4854 829 4907 εί
868 4854 942 4926 μὴ
972 4855 1202 4910 πίθοιτο.

285 5027 395 5080 Καὶ
423 5028 665 5097 Πνεῦμα
688 5031 907 5099 Κυρίου
934 5030 1071 5097 ἀρεῖ
1093 5047 1185 5085 σε.
1223 5033 1439 5105 Ἀνδρὸς
1474 5034 1649 5089 ταῦτα
1684 5054 1783 5107 με·

213 5118 473 5183 λετῶντος
508 5121 578 5172 τὰ
611 5119 757 5187 θεῖα,
792 5122 889 5175 καὶ
918 5123 1014 5177 τοῦ
1042 5124 1186 5178 θείου
1211 5126 1527 5198 Πνεύματος
1553 5129 1783 5183 ἐπιστα-

218 5211 377 5278 μένου
410 5208 508 5280 τήν
543 5210 797 5281 δύναμιν.

283 5300 410 5353 Ἐπ’
438 5299 796 5371 ἀμφοτέραις
825 5304 953 5371 ταῖς
979 5307 1229 5374 ἰγνύαις.
1262 5307 1372 5361 Καὶ
1396 5309 1488 5362 τὸν
1510 5310 1644 5365 Θεὸν
1673 5314 1779 5385 γάρ

215 5388 600 5458 προσεκύνουν,
662 5393 758 5445 καὶ
800 5396 913 5457 τοῖς
964 5395 1203 5460 εἰδώλοις
1254 5397 1569 5468 ἐλάτρευον.
1635 5404 1691 5458 '0
1723 5405 1780 5458 δὲ

212 5480 359 5543 Θεὸς,
390 5482 575 5551 φησὶν,
630 5482 691 5535 ού
728 5482 977 5553 βούλεται
1008 5489 1133 5551 τοὺς
1177 5488 1569 5560 ψευδωνύμους
1608 5497 1771 5564 τιμᾶ-

216 5569 328 5621 σθαι
359 5569 536 5635 θεοὺς,
568 5572 692 5625 οὔτε
731 5576 1013 5631 αὑτολέτὸν
1049 5580 1303 5651 ἀληθινὸν
1332 5582 1597 5651 τιμᾶσθαι
1624 5585 1775 5641 Θεόν.

227 5659 414 5726 Ὑμεῖς
456 5659 512 5713 δὲ
543 5661 639 5715 καὶ
685 5664 853 5719 ταῦτα
904 5668 1129 5723 κάκεῖνα
1182 5668 1469 5737 ποιοῦντες
1509 5672 1777 5745 οὐδετέρῳ

218 5748 509 5819 φυλάττετε
544 5754 751 5811 πίστιν.

1890 4591 2065 4641 meus,
2100 4576 2145 4631 si
2181 4578 2287 4632 erit
2312 4580 2471 4635 annis
2508 4582 2591 4636 his
2631 4582 2834 4651 pluvia,
2869 4585 2974 4639 nisi
3011 4600 3105 4655 per
3144 4602 3452 4642 sermonem

1887 4670 2001 4725 oris
2068 4672 2194 4725 mei.
2238 4690 2258 4723 ι
2302 4671 2369 4726 Et
2414 4672 2603 4727 Achab
2656 4674 2835 4743 reipsa
2907 4686 3162 4747 expertus
3225 4681 3457 4750 prephe-

1890 4773 1998 4814 tam
2030 4776 2218 4816 verum
2248 4763 2477 4827 dixisse,
2502 4766 2838 4821 necessitate
2876 4768 3145 4838 impulsus
3172 4773 3453 4840 quazrehat

1886 4850 2064 4915 illum,
2105 4853 2197 4922 qui
2248 4854 2445 4909 casiam
2481 4856 2853 4924 obstruxerat,
2882 4867 2939 4912 ut
2963 4861 3222 4928 solveret,
3250 4864 3334 4919 vel
3395 4874 3454 4919 ut

1887 4956 2011 4997 cum
2040 4944 2340 5010 occideret,
2376 4946 2481 5001 nisi
2510 4948 2938 5017 obtemperaret.

1956 5033 2125 5091 Vens.
2170 5037 2255 5091 l2.
2284 5035 2519 5106 Spiritus
2548 5037 2762 5094 Domini
2808 5042 2942 5110 feret
2988 5052 3054 5097 te.
3103 5044 3279 5100 Verba
3325 5058 3454 5102 sunt

1885 5126 1988 5181 viri
2034 5127 2351 5184 meditantis
2388 5129 2569 5184 divina
2603 5172 2618 5197 ,
2669 5139 2724 5187 et
2774 5135 3000 5189 scientis
3050 5138 3349 5205 pmentiam
3398 5148 3453 5193 ct

1884 5219 2137 5273 virtutem
2163 5219 2332 5275 divini
2360 5220 2619 5290 Spiritus.

1953 5309 2118 5375 Vens,
2155 5311 2245 5367 2|.
2283 5311 2558 5383 Usquequo
2579 5314 2949 5371 claudicabitis
2981 5318 3035 5370 in
3070 5318 3321 5373 ambobus
3361 5334 3454 5387 po-

1881 5401 2126 5467 plitibus?
2153 5401 2284 5457 Nam
2302 5412 2357 5459 et
2371 5404 2539 5460 Deum
2568 5406 2896 5473 adorabant,
2930 5417 2983 5463 et
3014 5409 3154 5464 idola
3177 5412 3449 5467 colebant:

1882 5492 2028 5548 Deus
2059 5502 2239 5548 autem
2274 5511 2380 5550 non
2424 5497 2556 5562 vult,
2594 5497 2747 5566 dicit,
2802 5510 2861 5554 ut
2894 5498 3015 5556 falsi
3051 5501 3127 5555 dii
3180 5502 3449 5567 colantur,

1883 5601 2059 5653 neque
2092 5587 2171 5640 illi
2219 5589 2432 5655 volunt,
2473 5600 2530 5646 ut
2561 5606 2722 5647 verus
2756 5593 2899 5647 Deus
2927 5592 3160 5647 colatur.
3210 5593 3316 5648 Vos
3349 5609 3450 5646 au-

1882 5684 1988 5729 tem
2043 5686 2097 5730 et
2144 5678 2280 5742 haec,
2330 5688 2385 5734 et
2422 5681 2512 5736 illa
2543 5683 2828 5753 facientes,
2874 5699 3053 5756 neque
3086 5684 3236 5751 huic,
3273 5700 3452 5756 neque

1885 5768 1961 5821 illi
1997 5770 2225 5825 servatis
2251 5771 2427 5827 ﬁdem.
