4034 6508
624 394 753 459 ll'Il

1960 395 2313 462 PROCOPII
2347 397 2591 460 GAZ/EI

3735 388 3844 456 1172

692 516 860 572 Vens.
902 514 994 569 23.
1028 514 1097 568 Et
1125 513 1323 585 eligant
1355 511 1458 570 sibi
1488 513 1618 586 ipsis
1652 533 1835 571 unum.
1864 516 2048 584 Quare
2075 532 2201 587 per-

2378 516 2488 570 Καὶ
2538 512 3011 579 ἐκλεξάσθωσαγ
3068 501 3307 570 ἑαυτοῖς
3356 501 3461 557 τὸν
3512 500 3692 553 τόπον
3735 501 3840 555 ἕνα.

624 610 798 673 misit,
851 616 911 662 ut
955 606 1273 663 sacerdotes
1302 604 1432 663 Baal
1468 609 1727 679 pinguem
1772 609 1964 664 bovem
2001 608 2204 678 delige-

625 707 781 764 rent,
820 707 876 753 et
898 699 1060 767 primi
1111 698 1446 755 sacrificium
1491 698 1792 756 offerrent?
1844 698 2202 755 Manifestum

624 801 711 848 est
754 793 933 857 illum,
974 791 1070 861 qui
1116 808 1310 849 revera
1337 790 1483 849 Deus
1521 800 1628 858 est,
1657 793 1868 848 nullius
1891 793 2088 848 borum
2121 793 2207 848 in-
2245 776 2251 783 ’

627 886 834 956 digere.
868 884 948 939 Illi
982 895 1166 940 autem
1191 885 1397 941 dicturi
1425 895 1582 941 erant
1616 886 1747 941 Daal
1784 902 1895 942 non
1923 888 2209 958 accepisse

629 975 992 1043 sacriﬁcium,
1036 987 1326 1046 propterea
1358 979 1508 1049 quod
1535 993 1679 1048 atgre
1703 979 1914 1044 tulerit,
1945 994 2006 1036 se
2045 979 2209 1035 alteri

629 1085 743 1124 non
802 1072 1088 1140 praelatum
1124 1071 1317 1126 fuisse.

703 1161 871 1217 Vens.
900 1162 990 1217 52.
1023 1160 1093 1215 Et
1110 1164 1396 1233 wdiﬁcavit
1418 1161 1613 1218 altare.
1640 1162 1954 1230 Quomodo,
1974 1178 2100 1218 cum
2123 1163 2210 1218 lex

634 1254 919 1325 praecipiat
968 1263 1028 1310 ιιι
1074 1256 1239 1310 unico
1286 1256 1341 1309 in
1408 1258 1533 1311 loco
1569 1256 1843 1313 sacriﬁcia
1887 1252 2210 1320 oﬁ‘erantur,

634 1344 786 1402 Elias
826 1346 881 1400 in
920 1346 1174 1403 Carmelo
1191 1349 1366 1404 altare
1390 1343 1713 1404 exstruxit?
1749 1367 1768 1400 ι
1806 1341 1962 1403 Justo
1989 1349 2074 1403 lex
2101 1363 2212 1403 non

635 1449 725 1494 est
754 1439 958 1508 posita,
981 1439 1143 1509 juxta
1180 1440 1365 1495 divum
1397 1442 1720 1511 Apostolutn
1747 1442 1815 1505 “,
1872 1442 1969 1496 sed
2006 1441 2214 1512 iniquis

638 1539 693 1584 et
735 1532 1129 1603 immorigeris.
1171 1552 1189 1585 ι
1233 1532 1436 1599 Quales
1482 1534 1761 1589 Israclitas
1807 1550 1932 1590 esse
1964 1536 2213 1606 contigit.

640 1625 734 1693 qui
768 1625 973 1695 ubique
995 1627 1364 1681 sacriﬁcaturi
1385 1635 1563 1692 erant,
1587 1628 2033 1697 siimpunitatem
2087 1629 2217 1683 ade-

641 1717 719 1785 pti
763 1716 1000 1773 fuissent
1024 1726 1111 1782 ,et
1143 1720 1310 1773 etiam
1346 1719 1624 1774 daemones
1672 1719 1899 1774 culturi.
1940 1718 2216 1789 Propheta

643 1817 827 1863 autem
867 1809 1059 1864 volens
1077 1809 1368 1866 ostendere
1401 1827 1509 1866 non
1534 1812 1713 1867 solum
1742 1811 1836 1866 Dei
1858 1812 2113 1866 virtutem
2160 1823 2215 1867 et

641 1900 971 1967 potentiam,
1021 1902 1115 1956 sed
1164 1902 1326 1956 etiam
1378 1902 1691 1956 daemonum
1760 1900 2215 1963 imbecillitatem,

644 2005 808 2052 cum,
851 1988 1031 2045 diviso
1081 2007 1268 2061 regno,
1301 1991 1449 2056 illos,
1488 1992 1582 2062 qui
1627 2000 1927 2061 praesentes
1968 1999 2127 2048 erant
2164 1993 2220 2047 in

645 2080 912 2150 templum
940 2080 1504 2154 Ilierosolymitanum
1540 2084 1813 2140 deducere
1854 2099 1964 2139 non
2023 2085 2221 2155 potuit,

646 2170 978 2228 necessitate
1000 2172 1251 2239 adactus,
1278 2174 1427 2227 venit
1456 2174 1511 2227 in
1545 2172 1892 2241 Carmeluut;
1928 2174 2001 2230 ibi
2036 2176 2225 2245 plures

647 2262 1059 2331 disputationes
1083 2265 1345 2319 habebat.

720 2351 890 2408 Vens.
945 2353 1037 2409 32.
1081 2353 1232 2409 Fecit
1279 2355 1508 2411 Tltaala.
1555 2352 1852 2428 Iosephus,
1903 2356 2222 2431 δεξαμενήν,

648 2445 919 2500 canalem.

721 2537 887 2593 Vens.
929 2536 1019 2593 34.
1051 2538 1227 2595 Tertio
1265 2541 1344 2595 sic
1374 2540 1559 2610 facite.
1602 2540 1807 2597 lterum
1848 2541 2091 2598 ostendit
2127 2557 2228 2596 nu-

651 2645 863 2686 merum
896 2631 1191 2688 adoranda
1224 2632 1542 2690 Trinitatis.

727 2723 892 2780 Vens.
938 2726 1027 2781 38.
1068 2724 1136 2780 Et
1186 2726 1414 2795 lapides,
1456 2736 1507 2782 et
1544 2728 1810 2798 pulverem
1839 2728 2028 2783 elinxit
2067 2727 2227 2798 ignis.

651 2814 730 2870 Ne
760 2818 935 2871 altare
974 2816 1071 2871 Dei
1107 2818 1380 2873 dedecore
1412 2820 1747 2884 aﬁiceretur,
1792 2835 1917 2874 cum
1948 2818 2101 2890 impii
2138 2832 2232 2874 sa-

654 2906 862 2963 criﬁcia
893 2908 1237 2967 daemonibus
1260 2910 1547 2967 oﬁerrcnt.

1283 3089 1437 3145 CAP.
1468 3088 1614 3145 XIX.

728 3180 893 3237 Vens.
931 3179 985 3239 5.
1022 3186 1089 3237 Ει
1119 3183 1296 3237 timuit
1328 3182 1504 3238 Elias.
1544 3182 1833 3249 Quomodo
1860 3197 1986 3237 eum
2017 3190 2228 3238 tantam

656 3275 888 3331 haberet
925 3277 1223 3346 potentiam
1260 3284 1315 3331 et
1360 3277 1669 3331 virtutem?
1712 3276 1848 3343 Quia
1903 3293 2011 3332 non
2054 3277 2232 3332 solum

658 3371 929 3441 propheta
982 3380 1128 3436 erat,
1183 3370 1280 3426 sed
1329 3371 1494 3425 etiam
1529 3370 1712 3424 homo.
1752 3368 2025 3424 Praeterea
2059 3376 2236 3423 metus

661 3462 752 3517 hic
774 3461 980 3516 divinae
1011 3460 1448 3530 dispensationis
1487 3459 1612 3515 fuit.
1652 3458 1870 3514 Etenim
1901 3474 1969 3513 ne
1999 3468 2106 3511 tam
2136 3456 2239 3512 mi-

662 3552 903 3609 raculosi
946 3552 1133 3621 opetis
1164 3552 1495 3620 magnitudo
1533 3566 1658 3605 eum
1693 3549 2021 3604 insolentem
2046 3547 2239 3603 redde-

662 3653 771 3709 ret,
801 3645 978 3715 gratia
1014 3643 1109 3698 Dei
1148 3652 1353 3697 metum
1379 3642 1429 3698 ei
1462 3642 1683 3706 indidit,
1719 3647 1779 3695 ut
1811 3655 1967 3696 suam
1988 3638 2238 3694 imbecil-

662 3736 869 3791 litatem
901 3742 1290 3804 cognosceret.

732 3827 904 3883 Vens.
942 3828 1029 3881 II.
1057 3825 1194 3880 Ecce
1218 3825 1475 3879 Dominus
1526 3820 1798 3877 transibit.
1840 3820 2037 3875 Docuit
2063 3818 2239 3874 Eliam

664 3920 1095 3974 mansuetudine
1143 3926 1198 3972 et
1269 3916 1688 3986 longanimitate
1748 3913 1908 3985 537
1948 3913 2239 3977 excellere,

665 4024 717 4066 et
743 4011 998 4081 probavit
1020 4026 1195 4079 genus
1237 4010 1543 4063 hominum.
1584 4008 1738 4072 Item,
1771 4007 1917 4078 quod
1950 4004 2111 4060 facile
2136 4003 2240 4058 sibi

666 4104 739 4157 sit
779 4111 835 4156 et
880 4101 1116 4155 fulmina
1167 4099 1500 4166 demittere,
1548 4107 1603 4154 et
1652 4110 1855 4153 terram
1905 4107 2241 4161 concutere,

668 4207 906 4260 eamque
964 4190 1152 4260 impiis
1192 4196 1419 4259 repente
1465 4188 1785 4258 sepulcrum
1832 4185 2143 4251 ostendere,
2190 4192 2245 4239 et

669 4284 965 4354 spirituum
985 4281 1037 4336 vi
1067 4280 1255 4336 omnia
1291 4278 1540 4350 perdere.
1562 4278 1670 4334 Sed
1692 4277 2082 4349 longanimitas
2110 4277 2245 4332 mihi

672 4378 871 4449 placet,
904 4375 1105 4446 inquit.
1148 4372 1609 4443 Unumquemque
1640 4385 1774 4426 vero
1809 4369 2045 4425 aliorum
2064 4370 2245 4424 homi-

674 4486 804 4524 num
836 4469 1040 4523 tnalitia
1074 4467 1260 4521 trahit.
1294 4464 1450 4531 Quod
1483 4479 1614 4520 vero
1637 4463 1784 4518 Deus
1819 4463 2021 4517 veteris
2047 4462 2246 4516 Testa-

2312 607 2470 671 Τίνος
2498 608 2663 662 ἓνεκα
2690 607 2804 668 τοῖς
2841 602 3049 674 ἱερεῦσι
3096 599 3189 653 τοῦ
3220 596 3368 650 Βαάλ
3410 595 3505 647 τὸν
3547 592 3699 645 πίονα
3742 591 3845 663 βοῦν

2312 698 2640 765 ἐκλέξασθαι
2690 697 2788 751 καὶ
2822 694 3063 766 πρώτοις
3090 689 3400 745 ἐπιτελέσαι
3431 684 3532 756 τὴν
3565 685 3743 738 θυσίαν
3771 688 3847 737 t1:-

2314 791 2544 860 έτρεψεν
2563 791 2669 856 ;,Ἣ
2691 788 2849 859 δῆλον
2874 787 2952 848 ὡς
2978 787 3007 839 6
3034 782 3134 854 μὲν
3168 782 3337 843 ὅντως
3354 778 3489 841 Θεὸς
3522 778 3727 853 οὐδενὸς
3747 777 3850 829 τοὺ-

2314 900 2424 938 των
2456 883 2609 935 ἐστὶν
2642 881 2847 950 ἐνδεής.
2884 879 2948 932 Οἱ
2994 877 3052 930 δέ
3104 873 3286 941 λέγειν
3324 870 3587 942 ἤμελλον,
3620 869 3690 931 ὡς
3719 869 3849 938 χαλεο

2315 975 2527 1029 παίνων
2548 976 2576 1028 6
2598 970 2770 1041 Βαάλ,
2792 971 2869 1036 ὡς
2899 969 2977 1043 μὴ
3000 964 3385 1039 προτιμηθεὶς,
3408 963 3511 1016 οὐκ
3542 961 3749 1027 ἐδέξατο
3774 963 3851 1032 τὴν

2318 1066 2536 1120 θυσίαν.
3801 1093 3817 1109 .

2388 1157 2501 1213 Καὶ
2529 1152 2884 1226 ᾠκοδόμησε
2908 1152 3053 1220 τοὺς
3074 1154 3306 1218 λίθους.
3329 1149 3440 1204 Καὶ
3468 1147 3591 1210 πῶς
3609 1140 3698 1199 τοῦ
3722 1146 3853 1214 νόμου

2318 1247 2737 1320 διαγορεύοντος
2782 1248 2840 1300 ἐν
2874 1246 2956 1299 ἐνὶ
2988 1246 3180 1317 τρόπῳ
3212 1242 3526 1312 λατρεύειν,
3561 1241 3590 1293 6
3622 1237 3789 1299 Ἠλίας
3811 1240 3855 1289 tv

2318 1341 2396 1414 τῷ
2428 1337 2714 1412 Καρμήλῳ
2770 1337 3162 1409 θυσιαστήριον
3209 1337 3578 1407 ᾠκοδόμησες
3638 1351 3657 1383 ι
3692 1332 3857 1400 Aluit?

2319 1441 2486 1512 νόμος
2517 1439 2579 1493 οὐ
2621 1440 2824 1505 κεῖται,
2861 1437 3005 1491 κατά
3040 1436 3131 1490 τὸν
3194 1435 3337 1489 θεῖον
3373 1430 3724 1488 Ἀπόστολον,
3762 1429 3860 1481 6V6-

2324 1549 2448 1604 μοις
2482 1531 2541 1584 δέ
2591 1530 2689 1584 καὶ
2714 1529 3136 1590 ἀνυποτάκτοις.
3178 1544 3197 1578 ι
3234 1525 3395 1586 Οἶους
3430 1517 3579 1575 εἶναι
3620 1518 3861 1571 συνέϐαινε

2320 1624 2448 1687 τοὺς
2478 1622 2539 1687 ἐξ
2565 1621 2807 1693 Ἰσραήλ.
2837 1620 2949 1674 Καὶ
2971 1618 3066 1672 τοῦ
3096 1616 3374 1687 πανταχοῦ
3408 1613 3561 1667 θύειν
3592 1611 3741 1680 εἴπερ
3765 1608 3862 1661 ἐλα-

2324 1714 2418 1766 ϐον
2442 1714 2648 1776 ἄδειαν,
2681 1708 2921 1781 ἤμελλον
2966 1706 3254 1778 λατρεύειν
3296 1707 3389 1758 καὶ
3430 1700 3707 1771 δαίμοσιν.
3750 1698 3864 1751 Ὀδέ

2324 1807 2611 1877 προφήτης
2652 1802 2975 1875 βουλόμενος
3005 1797 3177 1866 δεῖξαι
3210 1798 3306 1851 καὶ
3334 1794 3429 1850 τοῦ
3467 1792 3614 1847 Θεοῦ
3652 1791 3711 1844 τὸ
3734 1791 3865 1843 δυνα-

2253 1878 2293 1933 B
2320 1898 2434 1961 τὸν,
2461 1893 2694 1948 καὶτῶν
2743 1890 3019 1961 δαιμόνων
3073 1888 3132 1942 τὸ
3163 1885 3407 1952 ἀσθενὲς,
3459 1882 3662 1952 ἐπειδὴ
3711 1881 3864 1953 διῃρηο

2327 1986 2494 2057 μένης
2519 1984 2620 2055 τῆς
2650 1983 2931 2053 βασιλείας
2955 1981 3054 2050 οὐχ
3083 1974 3197 2043 οἶός
3226 1995 3286 2031 τε
3315 1974 3384 2049 ἦν
3410 1974 3572 2045 ἄγειν
3598 1975 3721 2036 τοὺς
3757 1988 3866 2042 περς

2324 2079 2485 2140 όντας
2534 2077 2614 2139 είς
2665 2076 2757 2128 τὸν
2807 2075 2866 2127 ἐν
2905 2070 3302 2143 Ἱεροσολύμοις
3357 2066 3494 2121 νεὼν
3520 2107 3537 2131 ,
3592 2064 3866 2133 ἀναγκαίως

2323 2167 2491 2244 ἦλθεν
2526 2168 2622 2223 ἐπὶ
2654 2166 2747 2221 τὸν
2773 2162 3097 2235 Κάρμηλον,
3118 2161 3248 2216 ἔνθα
3270 2162 3370 2226 τὰς
3387 2160 3651 2223 πλείονας
3675 2160 3868 2212 ἐποιεῖτε

2326 2261 2638 2335 διατριϐάς.

2398 2355 2687 2427 Ἐποίησε
2720 2352 2944 2409 Baetici.
2974 2351 3306 2423 ’1ὡσηππος,
3332 2343 3695 2415 δεξαμενήν.

2406 2536 2836 2607 Τρισσεύσατε.
2884 2531 2999 2603 Τῆς
3028 2527 3416 2603 πῳσκυνητῆς
3460 2523 3697 2597 Τριάδος
3742 2520 3868 2575 πάλιν

2330 2632 2590 2703 ἐμφαίνει
2622 2628 2714 2683 τὸν
2738 2625 2994 2698 ἀριθμόν.

2395 2722 2507 2778 Καὶ
2534 2720 2679 2789 τοὺς
2703 2721 2940 2785 λίθους,
2962 2717 3059 2773 καί
3083 2716 3194 2770 τὸν
3220 2712 3374 2783 χοῦν
3397 2710 3672 2777 ἐξέλειξε
3694 2710 3746 2763 ’ὸ
3757 2709 3865 2775 πῦρ.

2332 2816 2500 2870 Ὥστε
2532 2815 2607 2884 μὴ
2636 2810 3075 2880 καθυϐρισθῆναι
3104 2807 3168 2861 τὸ
3198 2806 3338 2860 θεῖον
3361 2802 3765 2873 θυσιαστήριον,
3787 2800 3871 2851 τῶν

2331 2905 2613 2964 δυσσεϐὦν
2657 2905 2886 2958 ἐκείνων
2935 2898 3358 2973 προσφερόντων
3398 2894 3599 2959 θυσίας
3640 2894 3745 2956 τοῖς
3771 2891 3872 2945 δαί·-

2337 3015 2518 3072 μοσιν.

2921 3082 3178 3140 ΚΕΦΑΛ.
3216 3082 3319 3137 ῙΘ¹.

2410 3184 2519 3238 Καὶ
2548 3179 2814 3251 ἐφοϐήθη
2854 3177 3079 3242 Ἠλίας.
3111 3172 3224 3228 Καὶ
3276 3172 3416 3236 πῶς,
3466 3168 3735 3238 τοσαύτην
3765 3166 3872 3235 ἔχων

2334 3275 2435 3347 τὴν
2482 3273 2751 3344 δύναμιν;
2794 3270 2921 3324 Ὀτι
2979 3268 3042 3321 οὐ
3068 3268 3227 3338 μόνον
3254 3267 3584 3338 προφήτης,
3635 3260 3762 3316 ἀλλά
3798 3259 3875 3311 καὶ

2338 3369 2624 3441 ἄνθρωπος
2660 3361 2751 3436 ἦν.
2788 3362 3000 3425 Ἄλλως
3036 3378 3097 3414 τε
3131 3360 3229 3414 καὶ
3272 3361 3375 3427 τῆς
3410 3356 3567 3419 θείας
3603 3349 3671 3424 ἦν
3705 3353 3875 3405 οἰκονο-

2341 3463 2471 3534 μίας
2515 3462 2578 3514 τὸ
2626 3459 2765 3523 δέος.
2800 3456 2919 3512 Ἵνα
2961 3454 3074 3529 γὰρ
3121 3453 3198 3525 μὴ
3242 3452 3341 3522 τῆς
3380 3442 3874 3520 θαυματουργίαςτδ

2343 3552 2578 3626 μέγεθος
2613 3549 2801 3621 ἐπάρῃ
2831 3548 2893 3601 τὸ
2916 3547 3194 3618 φρόνημα,
3238 3543 3534 3599 ἐνδέδωκεν
3587 3542 3623 3609 ἡ
3664 3538 3805 3608 χάρις

2339 3625 2503 3715 φύσει
2544 3644 2643 3715 τὴν
2690 3640 2894 3696 δειλίαν
2948 3636 3316 3704 εἰσδέξασθαι,
3342 3635 3418 3698 ὡς
3447 3634 3512 3687 ἂν
3563 3626 3762 3698 ἐπιγνῷ
3799 3625 3873 3694 τὴν

2340 3736 2550 3792 οἰκείαν
2582 3734 2894 3790 ἀσθένειαν.

2416 3826 2575 3883 Ἰδοὺ
2602 3827 2816 3896 Κύριος
2845 3813 3561 3893 παρελεύσεται.Ἐδίδαξε
3592 3814 3681 3867 τὸν
3703 3810 3871 3874 Ἠλίαν,

2342 3917 2419 3984 ὡς
2443 3917 2750 3988 ήμερότητι
2784 3914 2879 3969 καὶ
2912 3910 3269 3985 μακροθυμίᾳ
3331 3904 3695 3977 πρυτανεύειν
3737 3897 3872 3988 ἐδοκί-

2348 3984 2500 4082 μασιε⁷
2529 3984 2639 4063 τιῦν
2681 3984 2991 4078 ἀνθρώπων
3034 3984 3100 4057 τὸ
3144 4002 3323 4071 γένος.
3374 3998 3484 4053 Καὶ
3522 3998 3609 4050 ὅτι
3647 3993 3804 4067 ῥᾴδιον
3826 3984 3876 4082 ἦν

2344 4080 2517 4171 αὐτῷ,
2544 4099 2642 4154 καὶ
2675 4093 2974 4169 κεραυνοὺς
3011 4092 3346 4165 ἐπιπέμψαι,
3381 4092 3478 4144 καὶ
3521 4080 3877 4171 κλονῆσαιᾷτξῑν

2345 4165 2625 4260 γῆνξνκαὶ
2675 4165 2788 4251 tot;
2851 4182 3109 4238 ἀσεϐέσιν
3164 4179 3444 4245 ἀποδεῖξαι
3502 4178 3675 4244 τάφον
3746 4165 3877 4260 αὐτὴν

2346 4279 2730 4352 αὐτοσχέδιον,
2808 4277 2905 4332 καὶ
2970 4276 3064 4347 βία
3127 4272 3459 4343 πνευμάτων
3526 4265 3781 4322 ἀπολέσαι

2350 4375 2480 4427 πᾶν.
2517 4348 2710 4425 Π¹Αλλ’
2787 4370 2821 4438 ἡ
2904 4364 3260 4437 μακροθυμία
3343 4378 3437 4431 μοι
3522 4356 3674 4427 φίλη,
3731 4348 3877 4423 φησίν.

2351 4465 2627 4518 ’Ἐκαστον
2681 4459 2739 4514 δὲ
2760 4458 2867 4512 τῶν
2898 4457 3075 4513 ἄλλων
3117 4458 3152 4525 ἡ
3185 4452 3424 4523 πονηρία
3474 4449 3587 4503 τῶν
3627 4443 3882 4516 ἀνθρώπων

681 4560 853 4619 menti
896 4576 1001 4615 non
1052 4560 1124 4616 sit
1158 4558 1326 4628 ignis,
1356 4557 1503 4612 Elias
1533 4557 1782 4620 docetur,
1823 4563 1880 4609 et
1920 4568 2016 4622 per
2065 4554 2226 4622 ipsun

2350 4555 2661 4624 ἐφέλκεται.
2697 4552 2822 4605 Ὀτι
2879 4548 2939 4603 δὲ
2997 4548 3057 4602 οὒ
3116 4545 3232 4617 πῦρ
3266 4546 3293 4598 6
3334 4545 3433 4614 τῆς
3466 4541 3708 4602 Haloti;
3749 4534 3878 4628 Θεὸς.

680 4670 782 4711 nos
824 4668 1043 4718 omnes,
1092 4651 1190 4706 sed
1240 4666 1421 4720 neque
1461 4664 1597 4704 aura
1636 4647 1844 4704 tenuis.
1880 4644 1981 4701 Per
2036 4655 2226 4701 tenuen

2364 4647 2551 4711 Ἠλίας
2579 4644 2917 4708 διδάσκεται,
2942 4640 3039 4695 καὶ
3066 4639 3135 4693 δι’
3166 4636 3333 4692 αὑτοῦ
3360 4636 3565 4697 πάντες
3583 4634 3754 4704 ἡμεῖς.
3773 4624 3880 4680 Ἀλλ’

677 4761 807 4799 vero
839 4760 1030 4799 auram
1058 4743 1265 4798 dicitur
1288 4719 1504 4796 adesse.
1531 4738 1668 4795 Cum
1696 4740 1840 4793 enim
1868 4737 1923 4791 iu
1956 4735 2221 4807 caligines

2352 4735 2479 4792 ούδέ
2527 4734 2673 4807 αὖρα
2720 4734 2923 4803 λεπτή.
2974 4732 3052 4785 Δι’
3082 4728 3259 4802 αῦρας
3309 4727 3368 4780 δέ
3420 4723 3639 4794 λέγεται
3672 4719 3877 4789 παρεῖναι

682 4838 834 4892 nube
881 4846 937 4892 et
1000 4837 1126 4906 igne
1176 4835 1302 4889 ﬁliis
1356 4832 1529 4887 Israel
1577 4828 1921 4902 apparuerit,
1967 4827 2225 4883 invenien

2355 4829 2582 4899 λεπτῆς.
2628 4823 2787 4880 Ἐπεὶ
2818 4825 2928 4895 γὰρ
2975 4825 3035 4877 ἐν
3090 4822 3279 4891 γνόφῳ
3318 4818 3411 4872 καὶ
3469 4815 3607 4886 πυρὶ
3635 4815 3753 4906 τοῖς
3777 4810 3877 4906 υἱοῖς

681 4929 855 4983 Ellam
899 4928 1290 4984 sublimiorum
1329 4939 1620 4995 capacem,
1651 4938 1775 4978 eum
1801 4923 1855 4976 in
1881 4920 2136 4976 notitiam
2170 4919 2225 4973 in

2370 4919 2590 4991 Ἰσραὴλ
2610 4917 2883 4988 ἐπεφάνη,
2908 4916 3001 4969 τὸν
3042 4913 3233 4968 Ἠλίαν
3259 4906 3437 4981 εὑρὼν
3454 4907 3566 4963 τῶν
3585 4902 3875 4977 ὑψηλοτέρων

678 5022 934 5093 corporei
972 5019 1259 5085 subduxit,
1298 5034 1328 5073 a
1369 5024 1708 5081 terrmmotu,
1761 5031 1791 5068 a
1844 5014 2066 5084 spiritu,
2100 5020 2156 5067 et
2194 5028 2223 5065 a

2367 5010 2694 5082 χωρητικὸν,
2727 5008 2822 5061 ἐπὶ
2856 5007 2957 5077 τὴν
2987 5003 3083 5059 τοῦ
3107 5002 3402 5073 ἀσωμάτου
3439 4998 3632 5052 τοῦτον
3657 4995 3876 5093 tim-yart?

682 5076 807 5183 igne
842 5113 911 5168 ad
964 5121 1185 5168 tenuem
1219 5126 1438 5165 auram.
1497 5110 1554 5164 Id
1607 5108 1752 5179 quod
1808 5106 1969 5161 aliine
2012 5117 2096 5161 est
2143 5121 2226 5160 νο(

2368 5076 2601 5166 ἔννοιαν,
2628 5097 2739 5153 ἀπὸ
2771 5076 3020 5167 σεισμοῦ,
3055 5094 3152 5148 καὶ
3166 5091 3501 5161 πνεύματος,
3528 5088 3621 5142 καὶ
3641 5076 3877 5183 mpm-ixi

683 5206 997 5263 Servatoris
1030 5223 1044 5260 :
1075 5222 1093 5256 ι
1140 5202 1287 5259 Deus
1318 5203 1552 5273 spiritus
1582 5209 1670 5257 est
1691 5202 1762 5256 ⁸³.
1813 5219 1832 5251 ι

2367 5190 2572 5261 λεπτὴν
2602 5188 2797 5261 αὔραν.
2824 5189 3004 5259 Ὅπερ
3033 5186 3201 5255 ἐγγὺς
3234 5182 3300 5239 ἂν
3323 5181 3410 5253 εἴη
3436 5178 3539 5248 τῆς
3562 5178 3653 5233 τοῦ
3679 5177 3875 5241 Σωτῆρος

2371 5280 2561 5351 φωνῆς
2593 5280 2714 5350 τῆς,
2740 5296 2759 5330 t
2781 5276 3019 5349 Πνεῦμα
3055 5277 3084 5329 6
3114 5273 3300 5336 Θεός.»

754 5382 923 5438 Vens.
959 5381 1047 5437 I9.
1079 5379 1275 5451 Injecit
1313 5381 1543 5448 pallium
1589 5396 1744 5433 suum
1776 5392 1933 5447 super
1976 5395 2117 5433 eum.
2148 5378 2226 5433 Cu

2386 5350 2393 5351 ί
2438 5371 2549 5426 Καὶ
2592 5371 2839 5441 ἐρῤιψεν
2879 5368 2972 5423 ἐπ’
3005 5366 3197 5422 αὐτὸν
3237 5362 3353 5431 τὴν
3397 5357 3685 5451 μηλωτὴκ
3716 5350 3873 5451 αύτοῦ.

683 5472 1006 5539 Asahelem,
1042 5470 1206 5537 .Iehu,
1236 5482 1293 5528 et
1322 5470 1581 5527 Eliswum
1609 5470 1804 5540 jussus
1833 5485 2038 5541 ungere
2076 5470 2226 5526 solut:

2367 5466 2431 5521 Τί
2458 5466 2660 5537 δήποτε
2692 5465 2785 5519 τὸν
2809 5461 3033 5535 Ἀζαὴλ,
3051 5459 3145 5515 καὶ
3169 5458 3260 5513 τὸν
3289 5453 3490 5526 Ἰησοῦ,
3516 5452 3612 5507 καὶ
3636 5450 3717 5504 τὸν
3753 5445 3877 5499 Ἕλισ·

689 5566 1009 5635 prophetam
1042 5564 1248 5619 unxit?
1278 5562 1467 5619 Gratia
1503 5563 1672 5634 igitur
1701 5563 1998 5634 spirituali,
2038 5580 2146 5633 qua
2172 5564 2226 5635 ip

2368 5563 2522 5615 σαῖον
2550 5558 2740 5631 χρίσαι
2792 5554 3183 5628 προσταχθεὶς,
3242 5549 3404 5623 μόνον
3446 5547 3629 5620 ἔχρισε
3674 5544 3750 5596 τὸν
3778 5552 3874 5637 πρίν

688 5675 809 5712 sunt
840 5657 1020 5722 unxit,
1049 5670 1325 5726 quamque
1349 5655 1402 5710 in
1435 5655 1612 5726 ipsum
1643 5655 1897 5721 contulit,
1937 5654 2072 5712 alios
2095 5656 2222 5713 etiat

2373 5653 2582 5724 φήτην;
2674 5651 2853 5706 τοίνυν
2878 5649 3096 5721 ἔχρισεν
3124 5644 3307 5711 αὑτὸν,
3326 5642 3423 5697 καὶ
3443 5640 3544 5712 τῆς
3566 5642 3875 5707 πνευματικης

760 5832 804 5866 ⁸³
841 5830 859 5884 I
892 5831 1030 5887 'I‘im.
1062 5848 1097 5898 t,
1128 5832 1179 5887 9.
1260 5833 1303 5864 ³³
1336 5831 1491 5887 Joan.
1540 5848 1609 5898 tv,
1638 5832 1728 5886 21.
