4034 6498
268 385 416 461 1173

1231 392 1761 454 COMMENTARII
1830 393 1911 453 IN
1944 395 2096 457 LIB.
2138 398 2232 457 ΙΙΙ
2262 401 2549 465 REGUM.

3384 396 3517 469 1171i

260 510 422 581 αὑτῷ
444 508 720 580 μετέδωκε
743 506 968 578 χάριτος
994 506 1174 580 ταύτῃ
1193 506 1290 559 καὶ
1318 506 1448 568 τοὺς
1481 504 1674 568 ἀλλους
1702 504 1823 575 ἓχρι
1842 533 1854 545 ο

1970 510 2139 564 unxit.
2162 509 2544 582 PrOphetiCam
2566 514 2713 569 enim
2736 514 2807 570 ab
2830 514 2952 585 ipso
2977 516 3210 586 gratiam
3243 520 3519 587 accipiens

262 618 354 656 σε.
384 600 499 672 Τὴν
524 598 877 671 προφητικὴν
915 597 1034 668 γὰρ
1066 596 1198 666 παρ’
1227 594 1395 650 αὐτοῦ
1434 595 1724 664 δεξάμενος
1750 596 1848 665 χά-

266 711 381 765 ριν,
412 692 793 763 προσήνεγκεν
825 690 1059 754 ἐκείνοις
1087 689 1150 743 τὸ
1179 688 1409 760 χρίσμα,
1436 688 1532 743 καὶ
1563 688 1665 759 τῆς
1700 688 1852 759 βασι-

263 786 431 858 λικῆς
464 785 649 849 αὐτοῖς
686 782 965 852 μετέδωκε
999 782 1244 853 χάριτος.

872 871 1116 927 ΚΕΦΑΛ.
1159 868 1250 924 K'.

342 968 657 1037 Εὐλόγηκε
678 965 974 1021 Ναϐουθαὶ
1007 964 1174 1018 Θεόν.
1202 962 1477 1032 Εὐφήμως
1524 956 1677 1014 εἷπεν
1731 961 1853 1014 ἀντὶ

244 1062 402 1128 ⁶σιςοῦ,
460 1058 969 1128 ἐϐλασφήμησεν.
1019 1056 1133 1125 Τὴν
1182 1056 1241 1109 δὲ
1290 1055 1547 1126 νηστείαν
1594 1053 1852 1123 γενέσθαι

270 1152 634 1225 προσέταξεν,
672 1151 813 1204 ὥστε
862 1148 1038 1219 ταύτῃ
1079 1147 1251 1213 δεῖξαι
1300 1148 1397 1201 τοῦ
1442 1147 1607 1217 φόνου
1660 1146 1722 1198 τὺ
1774 1145 1854 1199 δί-

269 1262 455 1298 καιον.
511 1242 621 1296 Καὶ
679 1240 770 1295 διὰ
822 1239 1017 1293 τούτου
1072 1240 1163 1293 καὶ
1222 1238 1325 1307 τῆς
1367 1237 1632 1309 συνήθους
1688 1235 1853 1290 αὑτὸν

272 1335 563 1389 ἐκέλευσεν
614 1332 915 1403 ἀξιωθῆναι
959 1333 1154 1403 τιμῆς,
1210 1333 1307 1386 καὶ
1361 1330 1716 1404 προεδρεύειν
1743 1331 1854 1387 τῶν

270 1427 473 1487 ἄλλων.
503 1420 605 1479 εἶθ’
634 1423 783 1478 οὓτω
806 1424 909 1494 τὴν
954 1424 1179 1493 γραφὴν
1209 1424 1539 1493 ὑποστῆναι.

347 1515 626 1585 Διέρῤηεε
654 1517 728 1571 τὰ
755 1516 952 1585 ιμάτια
987 1511 1198 1572 αὑτοῦ.
1239 1514 1457 1584 Κοῦφος
1498 1514 1575 1570 ὢν
1620 1512 1853 1586 Ἀχαά6,

276 1608 478 1680 ῥᾳδίως
526 1608 617 1663 ἀεὶ
661 1608 1061 1679 μετετρέπετο·
1114 1607 1238 1661 ὅθεν
1295 1607 1459 1661 αὐτὸν
1506 1607 1746 1673 Ἰεζάσελ
1774 1610 1856 1674 είς

272 1700 438 1754 τοῦτο
458 1700 791 1770 κατέστησεν
819 1699 1097 1761 ἀσεϐείας.
1128 1700 1205 1753 Δι’
1221 1699 1359 1771 ὅπερ
1388 1701 1422 1770 ή
1455 1701 1666 1773 ἱστορία
1688 1716 1704 1732 ο
1744 1703 1857 1755 Aen-

280 1792 434 1863 ρεάν,
452 1792 638 1861 φησὶν,
660 1792 875 1863 ἐπράθη
901 1792 1127 1862 amo,
1150 1792 1243 1847 τοῦ
1282 1792 1507 1863 ποιῆσαι
1525 1794 1587 1847 τὸ
1618 1795 1857 1865 πονηρὸν

1951 603 2134 656 attulit
2169 604 2276 660 illis
2305 608 2649 673 unctionem,
2675 615 2730 664 et
2757 608 3017 680 gratiam,
3042 625 3163 681 qua:
3190 611 3243 666 in
3274 628 3400 682 rcge
3433 628 3520 669 re-

1952 693 2216 762 quiritur,
2243 693 2382 765 ipsis
2418 699 2677 755 contulit.

2466 877 2621 933 CAP.
2672 878 2767 934 XX
2808 880 2995 954 [XXI].

2025 963 2189 1020 Vens.
2225 966 2279 1022 5.
2320 966 2587 1024 Laudavit
2629 970 2878 1028 Nabuthe
2928 974 3240 1031 Dominum.
3285 974 3524 1031 Honeste

1952 1053 2093 1108 dixit
2134 1071 2233 1126 pro
2262 1057 2664 1129 blasphemavit.
2710 1063 2992 1134 Jejunium
3014 1080 3145 1122 vero
3188 1066 3354 1122 indici
3386 1082 3524 1136 pra:-

1954 1147 2125 1214 ccpit,
2173 1154 2233 1203 ut
2274 1164 2371 1218 per
2423 1150 2527 1207 hoc
2560 1153 2761 1207 eadem
2792 1155 2997 1224 justam
3028 1171 3152 1212 esse
3185 1156 3521 1211 ostenderet.

1957 1238 2199 1307 Eamque
2231 1240 2307 1295 ob
2336 1254 2562 1297 causam
2586 1258 2747 1312 pinna
2778 1249 3081 1302 constituta
3104 1261 3228 1300 eum
3251 1247 3417 1315 jussit
3444 1245 3527 1299 af-

1958 1331 2063 1393 tici,
2104 1331 2393 1403 magisque
2434 1335 2644 1404 puniri,
2674 1352 2839 1407 quam
2871 1338 3030 1403 alios,
3082 1339 3278 1395 deinde
3306 1354 3523 1408 pomum

1957 1423 2060 1477 hoc
2097 1423 2260 1479 modo
2284 1425 2582 1483 sustinere.

2034 1515 2196 1574 Vens.
2235 1519 2327 1573 27.
2370 1519 2543 1576 Scidit
2580 1525 2889 1578 vestimenta
2933 1540 3055 1580 sua.
3096 1524 3236 1591 Quia
3292 1524 3428 1579 levis
3473 1534 3528 1579 ct

1958 1610 2283 1667 inconstans
2329 1621 2451 1668 erat
2481 1614 2688 1679 Achab,
2734 1614 2894 1671 facile
2935 1630 3152 1685 semper
3187 1615 3527 1669 mutabatur.

1959 1700 2099 1755 Hinc
2120 1699 2340 1759 Jezabel
2372 1719 2501 1759 eum
2540 1704 2596 1758 in
2630 1714 2837 1760 tantam
2890 1704 3117 1760 deduxit
3173 1705 3528 1774 impietatem,

1960 1805 2015 1849 ut
2068 1796 2298 1852 historia
2347 1795 2494 1852 dicat
2549 1801 2720 1869 gratis
2747 1798 3126 1853 venundatum
3174 1811 3319 1853 esse.
3360 1803 3419 1848 ut
3450 1794 3533 1847 fa-

280 1886 515 1940 ὲνώπιον
548 1887 777 1957 Κυρίου,
806 1886 882 1951 ὠς
914 1889 1248 1958 μετέστησεν
1272 1890 1435 1943 αὐτὸν
1462 1889 1723 1954 Ἰεζάϐελ.
1757 1893 1853 1946 καὶ

1970 1894 2111 1943 :eret
2159 1888 2603 1944 malum‘coram
2664 1889 2920 1954 Domino,
2976 1900 3035 1943 ut
3096 1888 3379 1943 transtulit
3402 1900 3528 1939 eum

278 1977 352 2031 τά
380 1978 527 2048 ἑξῆς.
546 1977 707 2032 Ὅθεν
728 1978 976 2049 ὀρεχθεὶς
996 1978 1090 2034 τοῦ
1125 1980 1468 2050 ἀμπελῶνος,
1500 1980 1737 2052 ήλγησεν
1760 1984 1854 2037 ἐπὶ

278 2066 360 2138 τῷ
382 2068 476 2121 τοῦ
501 2067 778 2123 Ναϐουθαὶ
804 2068 1040 2141 θανάτῳ.

348 2161 460 2215 Καὶ
490 2160 689 2215 πάντα
716 2161 836 2215 ὅσα
856 2161 1149 2230 ἐποίησεν
1179 2164 1214 2217 ό
1258 2164 1623 2235 Ἀμορραῖος.
1653 2165 1767 2219 Νῦν
1791 2167 1851 2220 οὐ

272 2252 339 2305 τὸ
354 2251 572 2307 Ἰνδικὸν
587 2252 739 2317 ἔθνος
761 2254 947 2323 φησὶν.
962 2253 1103 2308 ἀλλά
1118 2254 1326 2319 πάντας
1346 2255 1474 2320 τοὺς
1492 2256 1853 2320 Χαναναίους.

291 2343 620 2415 Ἀμορραῖος
649 2344 760 2415 γάρ
781 2347 848 2416 τῇ
882 2344 1149 2416 Ἐὕραίων
1181 2350 1334 2418 φωνῇ
1370 2347 1469 2401 καὶ
1508 2350 1537 2403 ὁ
1584 2347 1857 2403 κατοικῶν

274 2435 627 2506 ὀνομάζεται.
658 2435 719 2490 '0
743 2436 801 2490 δὲ
848 2436 1231 2508 φιλάνθρωπος
1286 2439 1440 2503 Θεὸς,
1474 2439 1561 2493 διὰ
1617 2440 1720 2511 μὲν
1757 2440 1857 2512 τὴν

280 2527 605 2596 μιαιφονίαν
637 2528 737 2599 τὴν
778 2530 1158 2601 πανωλεθρίαν
1196 2532 1516 2603 ἠπείλησεν.
1539 2532 1639 2587 Διὰ
1669 2533 1728 2587 δὲ
1766 2534 1858 2587 τὸν

278 2620 375 2671 ἐπὶ
418 2618 497 2689 τῷ
545 2619 692 2692 φόνῳ
739 2619 936 2692 θρῆνον
974 2621 1073 2693 τὴν
1120 2622 1222 2693 τῆς
1269 2624 1546 2695 τιμωρίας
1580 2624 1859 2695 ἀναλασὴν

278 2711 600 2784 ἐχαρίσατο.

861 2808 1113 2863 ΚΕΦΑΛ.
1149 2810 1283 2864 KA'.

358 2898 427 2952 ει
474 2897 786 2965 ἐκποιήσει
841 2902 896 2955 d‘
923 2901 1072 2971 χοῆς
1114 2901 1449 2969 Σαμαρείας
1498 2900 1629 2968 ταῖς
1665 2902 1860 2971 ὄραξί.

278 2988 472 3043 Ταῦτα
514 2989 703 3060 ελεγον
756 2991 1109 3057 ἀπειλοῦντες
1146 2993 1247 3063 τῆς
1282 2992 1601 3063 πολιορκίας
1650 2994 1721 3048 τὰ
1754 2993 1863 3065 χώ-

283 3097 457 3151 ματα.

368 3172 667 3243 Ἑώρακας
704 3174 902 3229 πάντα
933 3176 1041 3231 τόν
1067 3173 1241 3247 ἦχον.
1283 3177 1515 3241 Οίκείως
1558 3178 1669 3231 τῶν
1709 3180 1872 3233 ἀπει-

279 3264 524 3335 λητικῶν
553 3268 817 3338 ῥημάτων
862 3268 954 3322 τὸν
987 3268 1202 3339 κόμπον
1243 3269 1416 3334 οὕτως
1445 3270 1727 3326 ἐκάλεσεν.
1782 3273 1871 3324 Δι-

279 3358 453 3430 ελύθη
477 3359 587 3433 γάρ
614 3362 897 3430 συντόμως
924 3364 993 3433 τῇ
1024 3362 1144 3432 θείᾳ
1177 3365 1343 3435 ῥοπῇ.

370 3453 479 3505 Ἔν
520 3451 647 3519 τοῖς
696 3452 1033 3521 παιδαρίοις
1079 3452 1199 3507 τῶν
1250 3456 1565 3523 ἀρχόντων
1599 3456 1719 3512 τῶν
1761 3476 1873 3527 χω-

271 3541 427 3613 ρῶν.
470 3542 546 3597 Οὐ
597 3543 808 3615 χρῄζω,
857 3545 1013 3615 φησὶ,
1064 3544 1306 3617 πλήθους
1346 3546 1478 3615 ἐγώ.
1538 3547 1627 3600 Ἐν
1668 3548 1873 3617 ὀλίγοις

284 3638 406 3706 γὰρ
455 3637 785 3708 μειρακίοις,
817 3638 913 3690 καὶ
957 3636 1212 3707 πολέμων
1260 3640 1533 3709 ἀπείροις,
1575 3639 1673 3710 τὴν
1719 3658 1874 3711 παμο

283 3728 495 3796 πόλλην
543 3728 753 3796 ταύτην
804 3726 1070 3797 στρατιὰν
1114 3728 1360 3784 διολέσω.
1404 3727 1587 3784 Ἦσαν
1624 3731 1711 3794 δὲ,
1764 3750 1872 3803 φη-

284 3822 366 3887 σὶ,
391 3820 659 3874 διακόσιοι
702 3820 737 3860 δι
775 3821 1074 3892 τριάκοντα
1121 3820 1217 3874 δύο
1242 3861 1257 3885 ,
1302 3821 1369 3875 δι’
1416 3815 1493 3876 ὧν
1531 3825 1560 3877 ὁ
1610 3825 1877 3879 παντοδύ·

282 3929 461 3984 ναμος
499 3911 706 3985 Κύριος
731 3912 815 3983 λβν
848 3912 1111 3982 βασιλέων
1136 3913 1402 3967 κατέλυσε
1432 3916 1723 3986 στρατιάν.

364 4089 509 4156 Θεὸς
531 4088 736 4158 ὀρέων,
768 4089 915 4155 Θεὸς
950 4087 1221 4156 Ἰσραήλ.
1238 4086 1462 4157 Ἐπειδὴ
1487 4086 1765 4152 τοιούτους
1794 4082 1873 4141 εἷ·-

286 4199 383 4235 ναι
408 4182 537 4244 τοὺς
563 4182 802 4245 οἰκείους
838 4180 994 4243 θεοὺς
1017 4178 1407 4249 ὑπελάμϐανον
1425 4219 1440 4243 ,
1471 4178 1731 4250 ᾠήθησαν
1781 4181 1877 4232 καὶ

285 4269 387 4324 τὸν
414 4269 666 4341 ἀληθινὸν
692 4269 786 4323 καὶ
824 4269 935 4321 τῶν
977 4268 1117 4322 ὅλων
1163 4268 1501 4339 δημιουργὸν
1538 4268 1765 4339 μερικδν
1798 4263 1878 4321 εῖ-

288 4379 384 4417 ναι
410 4363 562 4417 Θεόν.
605 4360 749 4415 Ἀλλ’
788 4360 958 4426 ἔδειξε
986 4361 1082 4414 καὶ
1112 4364 1225 4424 τοῖς
1253 4359 1477 4424 οἰκείοις
1500 4361 1597 4414 καὶ
1628 4361 1742 4423 τοῖς
1782 4358 1880 4415 ἀλ-

286 4454 531 4525 λοτρίοις
560 4453 661 4526 τὴν
698 4453 909 4507 οίκείαν
946 4452 1127 4522 ίσχύν.
1157 4453 1270 4524 τῆς
1306 4452 1769 4525 γὰρ-συμπλοκῆς
1818 4453 1880 4508 ὲν

1955 1977 2196 2043 Jezabel,
2227 1986 2336 2034 etc.
2380 1980 2519 2037 Hinc
2546 1995 2670 2036 cum
2707 1988 2985 2052 appeteret
3016 1981 3254 2045 vineam,
3280 1977 3527 2032 dolorem

1956 2077 2132 2125 morte
2160 2067 2429 2125 Nabuthm
2462 2073 2696 2142 accepit.

2024 2160 2299 2217 Vsas.26.
2328 2161 2630 2217 Secundum
2653 2165 2857 2231 omnia,
2884 2181 3000 2234 qua:
3017 2163 3140 2227 fecit
3166 2161 3532 2215 Amorrhwus.

1954 2255 2073 2311 Jam
2109 2271 2217 2311 non
2255 2258 2593 2327 peculiarem
2625 2266 2842 2328 gentem
2881 2257 3037 2321 dicit,
3067 2255 3163 2311 sed
3184 2268 3372 2309 omnes
3392 2251 3535 2306 Cha-

1958 2365 2205 2406 nanazos.
2250 2350 2611 2405 Amorrhazus
2648 2352 2794 2405 enim
2848 2348 3119 2404 Hebraica
3180 2362 3314 2402 voce
3371 2346 3533 2400 etiam

1958 2445 2135 2500 incola
2170 2444 2517 2499 nominatur.
2564 2442 2852 2498 Beneﬁcus
2899 2448 3081 2495 autem
3131 2438 3275 2494 Deus
3314 2446 3536 2507 propter

1960 2536 2320 2591 homicidium
2357 2536 2588 2591 exitium
2630 2534 2856 2589 Achabo
2884 2533 3257 2589 comminatus
3288 2537 3394 2595 est,
3439 2526 3537 2583 sed

1959 2629 2089 2695 quia
2125 2628 2328 2703 caedem
2364 2628 2695 2684 lamentatus
2739 2634 2847 2693 est,
2884 2640 2953 2681 ex
2998 2624 3171 2695 gratia
3203 2636 3422 2693 poenam
3449 2634 3541 2674 re-

1962 2718 2139 2773 misit.

2487 2808 2643 2865 CAP.
2685 2806 2807 2862 XXI
2842 2806 3009 2881 [XX].

2032 2900 2198 2957 Vens.
2242 2900 2334 2955 10.
2364 2899 2424 2956 Si
2452 2901 2719 2969 suﬂ‘ecerit
2778 2900 2951 2969 pulvis
3013 2898 3276 2954 Samaria
3304 2895 3542 2966 pugillis.

1966 2990 2092 3046 limo
2144 2992 2429 3060 dicebant,
2478 2992 2885 3048 comminantes
2932 3006 2993 3046 se
3032 3005 3259 3061 aggeres
3296 2989 3543 3042 facturos

1967 3085 2022 3138 in
2056 3083 2363 3139 obsidione.

2043 3174 2213 3232 Vnus.
2251 3176 2339 3231 15.
2382 3174 2572 3230 Vidini
2597 3191 2800 3231 omnem
2835 3192 3045 3231 sonum.
3090 3173 3317 3243 Pmprie
3347 3171 3545 3226 verbo-

1976 3288 2095 3326 rum
2120 3272 2448 3326 minantium
2481 3271 2680 3328 fastum
2738 3270 2820 3327 sic
2860 3269 3106 3335 vocavit;
3164 3268 3350 3324 statim
3396 3268 3543 3321 enim

1976 3362 2069 3418 Dei
2097 3370 2232 3417 nutu
2256 3364 2561 3418 dissolutus
2606 3372 2659 3417 et
2693 3362 2903 3417 fractus
2941 3369 3045 3417 est.

2046 3454 2213 3510 Vens.
2242 3454 2331 3509 14.
2366 3452 2432 3508 1η
2453 3454 2629 3523 pueris
2657 3453 2953 3521 principum
2990 3451 3403 3519 provinciarum.
3427 3446 3543 3500 Non

1976 3549 2229 3620 pluribus
2285 3562 2387 3618 ego
2444 3546 2688 3616 indigeo,
2748 3545 2947 3614 inquit,
3003 3558 3128 3599 nam
3173 3557 3296 3596 cum
3359 3539 3549 3610 paucis

1977 3642 2181 3711 pueris,
2203 3648 2257 3695 et
2310 3639 2585 3694 bellorum
2632 3638 2952 3707 expertibus
2998 3645 3052 3691 et
3114 3635 3347 3706 ignaris,
3370 3632 3545 3685 maxio

1978 3746 2128 3785 mum
2166 3729 2319 3784 illum
2339 3729 2643 3783 exercitum
2691 3727 2937 3782 fundam.
2980 3725 3143 3779 Erant
3170 3732 3378 3786 autem,
3414 3721 3550 3777 dicit

1976 3819 2287 3890 Scriptura,
2320 3818 2556 3874 trecenti
2584 3819 2812 3889 triginta
2865 3817 2995 3881 duo,
3031 3831 3128 3886 per
3176 3829 3314 3883 quos
3369 3812 3549 3866 omni-

1979 3921 2172 3981 potens
2220 3910 2363 3965 Deus
2421 3909 2728 3965 exercitum
2784 3908 3009 3978 triginta
3065 3906 3301 3959 duorum
3360 3916 3550 3969 regum

1979 3998 2309 4069 profligavit.

2050 4089 2217 4144 Vens.
2249 4087 2341 4144 28.
2380 4088 2520 4143 Deus
2552 4088 2831 4150 montium,
2870 4085 3008 4140 Deus
3038 4083 3230 4138 Israel.
3257 4081 3392 4137 Cum
3418 4095 3553 4135 suos

1980 4182 2112 4235 deos
2162 4180 2300 4235 tales
2353 4194 2478 4234 esse
2508 4186 2801 4249 putarent,
2848 4177 3309 4231 existimaverunt
3358 4186 3551 4225 verum

1981 4270 2174 4338 Deum,
2200 4282 2256 4327 et
2321 4272 2490 4327 totius
2546 4270 2733 4325 mundi
2780 4269 3060 4339 opiﬁcem,
3112 4267 3283 4337 partis
3317 4263 3554 4328 alicujus

1983 4370 2195 4418 tantum
2252 4360 2422 4416 Deum
2459 4374 2613 4426 esse;
2656 4358 2759 4414 sed:
2796 4356 3116 4412 domesticis
3143 4363 3197 4410 et
3248 4351 3554 4424 peregrinis

1981 4468 2137 4509 suam
2172 4452 2286 4506 vim
2340 4458 2395 4506 et
2425 4449 2730 4521 potentiam
2779 4445 3202 4502 demonstravit.
3237 4444 3374 4497 Cum
3403 4439 3554 4496 enim

291 4546 469 4618 πεδίῳ
530 4546 907 4615 γεγενημένης
931 4584 946 4608 ,
1012 4544 1344 4599 δυοκαίδεκα
1407 4543 1519 4597 τῶν
1562 4544 1866 4598 ἀντιπάλων

1982 4547 2037 4602 in
2064 4558 2259 4614 campo
2284 4541 2576 4597 conﬂictus
2606 4538 2786 4603 ﬁeret,
2815 4537 3085 4593 Israelita:
3111 4543 3341 4590 centena
3362 4530 3553 4603 viginti

298 4638 571 4711 μυριάδας
632 4635 851 4707 Ἰσραὴλ
892 4636 1305 4705 κατηκόντισεν.
1352 4636 1472 4688 ἰνα
1523 4634 1582 4687 δὲ
1636 4636 1881 4688 κάκεῖνοι

299 4730 556 4802 μάθωσιν
609 4729 685 4792 ὡς
742 4728 1003 4799 θεήλατος
1064 4728 1099 4799 ή
1154 4726 1373 4797 πληγὴ,
1436 4726 1545 4779 τῶν
1596 4726 1884 4796 διαφυγόν-

291 4840 411 4876 των
442 4823 523 4885 είς
549 4825 651 4891 τὴν
693 4820 901 4889 Ἀφεκά
951 4818 1109 4872 πόλιν
1149 4818 1672 4889 καταπεφευγότων,
1708 4836 1878 4874 κατα-

293 4913 468 4969 πεσὺν
491 4913 554 4967 τὸ
576 4916 780 4984 τεῖχος,
823 4910 967 4965 ὲπτά
996 4912 1093 4967 καὶ
1112 4912 1285 4966 εἴκοσι
1320 4911 1591 4983 μυριάδας
1636 4913 1882 4983 κατέχω-

295 5024 418 5061 σεν.

382 5184 486 5237 Ἕν
505 5182 669 5250 λόγῳ
694 5180 919 5250 Κυρίου
947 5180 1231 5247 πάταξον
1256 5182 1332 5253 δή
1360 5199 1457 5251 με.
1486 5182 1601 5236 Οὐκ
1630 5181 1743 5250 ἐγώ
1772 5198 1879 5246 σοι,

296 5276 489 5346 φησὶν,
534 5275 830 5341 ὲπιτάττω,
872 5275 1011 5329 ἀλλὰ
1050 5276 1109 5327 τὸ
1137 5277 1196 5327 ὲν
1244 5275 1370 5346 ἐμοὶ
1415 5276 1656 5345 πνεῦμα,
1693 5276 1786 5329 Διὸ
1815 5275 1880 5347 δὴ

294 5367 380 5435 τῷ
408 5367 724 5420 ἀντειπόντι
768 5366 863 5420 τὸν
894 5366 987 5421 διὰ
1029 5366 1125 5420 τοῦ
1170 5366 1389 5432 λέοντος
1436 5368 1741 5440 ἐπήνεγκεν
1764 5366 1882 5419 δλε-

299 5458 454 5509 θοον.
1618 5476 1621 5477 ν

405 5474 454 5509 ν.
1618 5476 1621 5477 ⁷

338 5473 485 5604 ρῖἰσί
513 5546 901 5617 συνέτριψεν.
934 5548 1246 5616 Τουτέστιν,
1278 5550 1700 5623 ἐτραυμάτισεν.

1984 4635 2156 4691 millia
2187 4634 2430 4688 hostium
2492 4628 2857 4700 profligarunt
2906 4635 2961 4682 et
3004 4626 3348 4680 occiderunt.
3381 4623 3556 4678 Caete-

1985 4743 2131 4790 rum,
2167 4732 2228 4779 ut
2279 4723 2423 4777 hanc
2472 4720 2683 4775 cladem
2741 4718 3014 4773 divinitus
3077 4717 3212 4786 ipsis
3246 4717 3551 4770 immissam

1981 4833 2109 4874 esse
2154 4821 2575 4885 cognoscerent,
2617 4826 2744 4866 cum
2791 4810 2894 4875 illi,
2942 4810 3036 4880 qui
3085 4824 3182 4878 per
3230 4808 3412 4877 fugam
3442 4807 3554 4877 jam

1983 4916 2294 4972 evaserant,
2344 4904 2736 4977 Aphecapolim
2806 4919 2866 4960 se
2934 4904 3293 4973 recepissent,
3364 4917 3556 4956 murus

1987 5001 2241 5065 corruit,
2290 5008 2344 5054 et
2386 4997 2579 5068 viginti
2633 5002 2846 5066 septem
2924 4994 3101 5049 millia
3155 4993 3400 5048 virorum
3459 5007 3559 5062 op-

1990 5093 2216 5163 pressit.

2062 5182 2226 5238 νεεδ.
2270 5180 2361 5235 '55.
2422 5178 2492 5234 1η
2521 5193 2764 5234 sermone
2821 5175 3043 5231 Domini
3080 5182 3293 5244 percute
3312 5189 3413 5228 me.
3437 5170 3557 5227 Non

1987 5288 2089 5344 ego
2105 5270 2222 5325 tibi.
2244 5271 2479 5341 impero,
2517 5269 2679 5334 dicit,
2705 5266 2813 5324 sed
2850 5267 2945 5338 qui
2979 5267 3033 5321 in
3067 5281 3155 5321 me
3186 5275 3272 5320 est
3305 5263 3557 5335 spiritus.

1988 5368 2338 5438 Quapropter
2377 5363 2785 5422 aontradicenti
2839 5378 2938 5434 per
2967 5362 3183 5419 leonem
3207 5361 3433 5418 exitium
3471 5359 3561 5415 ia-

1989 5460 2229 5605 mllltens.
2266 5549 2358 5604 37.
2391 5547 2459 5602 Et
2487 5546 2755 5603 contrivit.
2780 5545 2895 5602 iloc
2921 5554 3029 5612 est,
3051 5543 3382 5599 vulneravit.

1592 5668 1820 5724 VAltle
1854 5667 2262 5728 LECTIONES.

398 5766 428 5806 ιι
468 5765 523 5819 1η
558 5764 747 5821 codice
776 5763 1021 5826 Lavateri
1048 5765 1173 5835 fuit,
1202 5768 1467 5841 χιλιάδας.
1506 5768 1569 5824 Et
1603 5767 1655 5823 id
1728 5768 1949 5824 rectius.

304 5838 403 5896 sed
434 5842 595 5896 male.

2041 5778 2063 5806 ο
2097 5764 2155 5821 In
2188 5764 2445 5823 Lavateri
2480 5762 2668 5821 codice
2724 5760 2941 5819 videtur
2994 5759 3167 5817 fuisse
3192 5798 3209 5826 ,
3234 5757 3561 5829 τριακόσιοι,
