4034 6516
608 374 742 441 1175

1898 392 2249 454 PROCOPII
2283 394 2524 457 GAZ/EI

3723 402 3831 467 117i-

682 487 849 545 γης.
873 490 964 546 58.
990 491 1060 546 Et
1087 494 1274 564 ligavit
1304 496 1357 551 in
1378 498 1511 553 vitta
1530 502 1714 556 oculos
1744 520 1889 559 suos.
1908 503 2172 560 Paraboli:

2365 504 2477 556 Kal
2508 504 2885 570 κατεδήσατο
2915 505 2987 558 ἐν
3014 504 3304 574 τελαμῶνι
3348 506 3495 572 τοὺς
3521 508 3831 579 ὀφθαλμοὺς

603 584 690 637 usi
720 581 1004 652 prophetze
1035 623 1054 651 ,
1105 584 1293 642 divina
1349 589 1610 647 vaticinia
1668 590 1975 662 proferunt,
2001 580 2185 663 utilIi,

602 671 697 741 qui
730 672 856 727 iIIos
872 686 1160 730 sermones
1203 675 1461 745 audiunt,
1505 682 1846 751 nescientes,
1878 687 2029 755 quod
2056 702 2189 743 con-

604 770 688 815 tra
741 762 956 831 seipsos
1007 762 1194 821 ferant
1248 770 1619 835 sententiam,
1645 771 1796 842 juste
1856 778 2187 834 sententiam

605 852 813 908 dicant.
848 853 1028 909 Aliter
1076 855 1225 912 enim
1267 857 1324 913 in
1381 860 1542 916 nobis
1604 863 1766 933 ipsis,
1828 877 1883 921 et
1936 868 2099 925 aliter
2127 870 2184 925 tn

604 944 731 1001 aliis
769 954 996 1016 peccata
1042 946 1210 1019 538
1250 951 1553 1010 cernimus.
1598 954 1715 1012 Hoc
1759 958 1928 1014 etiam
1970 958 2186 1019 Nathan

602 1033 755 1100 fecit,
784 1050 911 1093 cum
942 1037 1151 1095 Davide
1179 1054 1383 1110 agens;
1437 1043 1581 1101 idem
1628 1063 1778 1104 nunc
1812 1064 2031 1121 quoque
2059 1067 2187 1123 pro-

605 1127 769 1195 pheta
802 1127 954 1185 facit.

668 1215 837 1274 Vens.
861 1220 951 1277 42.
989 1221 1279 1292 Propterea
1319 1228 1459 1298 quod
1492 1228 1749 1284 dimisisti
1784 1232 1956 1286 virum
2007 1235 2187 1301 perni-

604 1309 832 1368 ciosum.
866 1311 1235 1383 Humanitatis
1282 1317 1504 1389 iujustae
1539 1329 1595 1374 et
1622 1330 1974 1392 prmposterze
1992 1339 2184 1394 pa-nas

600 1401 792 1458 Achab
857 1407 1167 1475 persolvit;
1212 1423 1338 1463 nam
1370 1410 1426 1464 in
1472 1412 1789 1480 pmstanda
1843 1413 2185 1472 humanitate

596 1492 873 1562 justitiam
895 1509 1120 1555 servare
1141 1510 1381 1571 oportet.
1413 1501 1534 1574 Ipse
1555 1518 1689 1559 vero
1727 1520 1944 1561 summa
1977 1509 2180 1563 crude-

601 1584 759 1641 litate
789 1601 920 1658 erga
983 1590 1282 1661 prophetas
1336 1607 1471 1650 usus
1496 1603 1603 1660 est,
1632 1611 1937 1667 omnesque
1959 1600 2181 1669 penitus

2290 597 2501 651 αὐτοῦ.
2554 596 2902 669 Παραδολαῖς
2952 599 3003 650 οί
3051 599 3327 669 προφῆται
3383 602 3708 671 κεχρημένοι
3751 605 3831 671 τὰς

2290 684 2445 749 θείας
2475 688 2811 758 προρρήσεις
2841 687 3269 757 προσφέρουσιν.
3312 688 3399 753 Ὦς
3436 689 3504 743 ἂν
3548 692 3833 758 ἀγνοοῦντες

2289 778 2340 830 οἱ
2370 778 2540 832 τῶνδε
2564 778 2676 832 τῶν
2703 779 2880 848 λόγων
2912 779 3223 843 ἀκούοντες,
3242 779 3319 845 ὡς
3354 781 3480 834 καθ’
3530 781 3730 835 ἑαυτῶν
3753 785 3831 855 τὴν

2287 870 2470 941 ψῆφον
2493 872 2841 943 ἐκφέρουσιν,
2862 872 3092 937 δικαίως
3119 872 3485 944 ψηφίζωνται.
3522 874 3722 939 Ἄλλως
3747 878 3832 948 γὰρ

2288 962 2349 1015 ὲν
2381 963 2619 1029 ἑαυτοῖς,
2650 964 2747 1018 καὶ
2771 964 2949 1029 ἄλλως
2978 965 3038 1019 ὲν
3067 965 3279 1035 ἑτέροις
3312 965 3411 1037 τὴν
3432 966 3705 1036 ἁμαρτίαν
3724 969 3835 1037 δρῶ-

2291 1071 2411 1125 μεν.
2441 1054 2615 1109 Τοῦτο
2641 1057 2733 1109 καὶ
2761 1058 2790 1110 6
2822 1055 3011 1112 Νάθαν
3050 1057 3320 1128 πεποίηκε
3366 1057 3443 1127 τῷ
3470 1057 3665 1124 Δαδὶδ,
3705 1059 3834 1116 τοῦτο

2288 1145 2383 1198 καὶ
2414 1143 2511 1199 νῦν
2536 1145 2567 1198 6
2602 1146 2911 1216 προφήτης.

2357 1240 2514 1293 Διότι
2537 1238 2977 1305 ἐξαπέστειλας
3007 1240 3092 1294 σὺ
3140 1240 3331 1310 ἄνδρα
3350 1240 3646 1310 ὀλέθριον.
3675 1241 3836 1295 inluv-

2285 1332 2536 1402 θρωπίας
2581 1332 2768 1387 ἀδίκου
2799 1332 2959 1403 δίκην
2996 1334 3203 1404 ’Δχαὰϐ
3246 1332 3615 1404 εἰσεπράχθη.
3646 1336 3730 1386 Δεῖ
3752 1337 3835 1405 γὰρ

2284 1421 2490 1493 ταύτην
2511 1422 2657 1493 ἔχειν
2700 1423 2763 1476 τὸ
2798 1423 3029 1479 δίκαιον.
3082 1422 3255 1487 Αὐτὸς
3276 1423 3336 1479 δὲ
3385 1423 3640 1493 ὠμότητι
3665 1428 3838 1495 χρησά-

2288 1532 2449 1585 μενος
2472 1515 2615 1569 κατὰ
2657 1515 2770 1569 τῶν
2813 1516 3133 1587 προφητῶν,
3160 1517 3257 1571 καὶ
3293 1517 3513 1580 πάντας
3573 1516 3733 1587 ἄρδην
3757 1519 3835 1571 ἀν-

2284 1609 2427 1660 ελεῖν
2481 1605 2767 1678 βουληθεὶς
2787 1645 2803 1671 ,
2850 1609 2947 1661 xui.
2973 1608 3100 1672 τοὺς
3129 1607 3351 1672 ἑλόντας
3392 1607 3612 1664 ἀνελὼν
3640 1609 3838 1673 πάντας,

598 1674 785 1733 delere
805 1676 1001 1745 voluit,
1027 1687 1081 1736 et
1121 1695 1262 1750 quos
1292 1683 1464 1753 cepit,
1496 1700 1690 1743 omnes
1716 1689 1962 1745 sustulit.
2024 1691 2172 1747 Nunc

2287 1700 2412 1771 περὶ
2439 1674 2530 1753 τδν
2562 1674 2655 1753 rei:
2693 1694 2917 1772 Ἰσραὴλ
2942 1700 3208 1771 πολέμιον
3244 1700 3307 1753 τὸ
3351 1701 3573 1771 ἥμερον
3621 1688 3803 1763 ἔδειξεν
3826 1744 3838 1764 ,

601 1782 733 1823 vero
754 1784 815 1825 se
842 1771 1164 1840 placabilem
1215 1782 1271 1829 et
1302 1776 1487 1831 mitem
1544 1792 1673 1849 erga
1731 1780 1919 1837 hostes
1962 1784 2182 1839 Israeli-

599 1866 777 1913 tarutn
808 1862 1066 1931 praebuit.
1097 1862 1253 1929 Quod
1279 1872 1462 1923 autem
1495 1878 1719 1938 propter
1758 1869 2086 1928 facilitatem
2114 1875 2181 1929 il-

600 1946 709 2001 lam
751 1958 806 2004 et
859 1953 1352 2022 promptitudinem
1395 1956 1563 2011 animi
1617 1972 1762 2029 saepe
1792 1964 2055 2031 peccarit,
2086 1980 2176 2021 se-

600 2041 828 2109 quentia
868 2052 1163 2099 testantur.

670 2127 739 2183 la
769 2129 987 2186 domum
1040 2150 1195 2189 suam
1249 2141 1623 2195 contristatas.
1677 2141 1812 2197 Cum
1852 2147 1999 2199 enim
2032 2147 2174 2202 veri-

597 2227 764 2276 tatem
792 2223 1181 2282 vaticiniorum
1217 2227 1309 2284 Dei
1329 2232 1510 2300 reipsa
1560 2241 1825 2303 expertus
1856 2246 2005 2292 esset
2067 2239 2176 2307 (his

594 2312 741 2368 enim
780 2314 912 2370 vicit
936 2316 1095 2386 juxta
1126 2321 1354 2375 oracula
1388 2320 1506 2391 Dei)
1536 2324 2021 2383 comminationem
2047 2344 2174 2394 pro-

596 2403 833 2473 positam
869 2422 899 2460 a
951 2408 1217 2478 propheta
1252 2412 1460 2477 timuit,
1503 2415 1599 2470 sed
1635 2416 1822 2471 statim
1854 2417 1921 2473 ad
1951 2418 2171 2474 solitam

596 2495 935 2566 impietatem
969 2502 1151 2557 rediit.

1188 2604 1344 2663 CAP.
1404 2608 1573 2664 XXII.

668 2686 834 2745 Vens.
856 2690 907 2745 5.
939 2690 1085 2747 Sicut
1115 2705 1191 2758 tu,
1222 2697 1298 2750 ita
1320 2700 1483 2753 etiam
1542 2718 1657 2770 ego.
1717 2703 1915 2760 Eadem
1951 2707 2169 2773 faciam,

595 2794 719 2847 qua:
749 2788 830 2847 tu,
866 2782 1000 2838 dicit
1029 2800 1045 2846 ;
1083 2786 1227 2842 sicut
1260 2792 1435 2845 aciem
1464 2792 1844 2861 instruxeris.
1872 2799 1943 2851 ita
1984 2810 2040 2855 et
2072 2819 2172 2871 ego

596 2870 771 2926 aciem
802 2872 1102 2942 instruant;
1156 2888 1284 2934 tuus
1336 2883 1571 2952 populus
1620 2895 1849 2955 pugnat,
1905 2898 1959 2943 et
1991 2870 2166 2948 meus.

592 2959 850 3019 Ostendit
883 2962 1169 3037 Scriptura
1202 2971 1457 3039 pietatem
1506 2973 1702 3044 ipsius,
1744 2983 1996 3048 quamvis
2035 2986 2171 3039 ami-

592 3052 723 3107 citia
786 3061 842 3109 et
882 3055 1119 3114 alliuitas
1185 3063 1889 3134 Achab,quemadmodum
1919 3074 1974 3128 in
2030 3075 2170 3131 libro

2282 1791 2366 1846 δτι
2387 1793 2447 1848 δὲ
2476 1793 2700 1848 πλεῖστα
2728 1794 3009 1865 ἐξήμαρτε
3041 1793 3131 1850 διὰ
3168 1795 3270 1866 τὴν
3304 1793 3567 1849 εὐκολίαν
3596 1793 3693 1864 τῆς
3725 1793 3840 1863 γνώα

2286 1902 2415 1956 μης,
2442 1887 2513 1940 τὰ
2539 1885 2669 1957 ἑξῆς
2702 1888 2993 1959 μαρτυρεῖ.

2352 2162 2509 2229 Πρὸς
2537 2155 2708 2214 οἷκον
2754 2157 2944 2213 αὐτοῦ
2993 2155 3476 2227 συγκεχυμένος.
3526 2153 3728 2221 Πεῖραν
3753 2153 3841 2222 γὰρ

2276 2253 2415 2324 ἔχων
2454 2252 2564 2305 τῶν
2595 2250 2755 2305 θείων
2779 2250 3141 2322 προρρήσεων
3201 2248 3324 2314 (δὶς
3368 2247 3483 2317 γὰρ
3524 2244 3738 2314 ἐνίκησε
3763 2261 3839 2296 κα-

2275 2348 2344 2400 τὰ
2388 2347 2514 2409 τοὺς
2564 2342 2929 2415 χρησμοὺς),
2981 2342 3081 2412 τὴν
3139 2338 3610 2411 προσενεχθεῖσαν
3665 2337 3837 2389 ἔδεισεν

2276 2437 2527 2509 ἀπειλήν.
2570 2438 2710 2491 Ἀλλ’
2743 2436 2905 2501 εὐθὺς
2928 2434 3091 2490 πάλιν
3138 2434 3220 2497 είς
3240 2433 3342 2504 τὴν
3365 2430 3585 2485 οἰκείαν
3631 2426 3837 2496 ἐπανῆλ-

2276 2529 2368 2584 θεν
2401 2530 2679 2585 ἀσέϐειαν.

2868 2619 3120 2674 ΚΕΦΑΑ.
3149 2618 3278 2672 KB’.

2345 2710 2552 2777 Καθὼς
2595 2709 2701 2773 σὺ,
2751 2708 2941 2775 οὕτως
2984 2706 3087 2761 καὶ
3137 2706 3273 2775 ἐγώ.
3318 2706 3399 2758 Τὰ
3429 2704 3580 2758 αὐτὰ
3632 2702 3711 2755 σοὶ
3734 2701 3838 2769 δρά-

2276 2824 2374 2871 σω,
2430 2805 2617 2876 φησίν.
2665 2804 2753 2868 Ὠς
2806 2803 3177 2875 παρατάττῃ,
3235 2800 3622 2870 παράττομαι.
3676 2797 3837 2847 Καὶὸ

2272 2897 2403 2960 λαός
2434 2912 2530 2950 σου
2558 2894 2807 2964 πολεμεῖ,
2849 2895 2946 2947 καὶ
2971 2895 3000 2946 6
3034 2893 3188 2963 ἐμός.
3219 2889 3435 2955 Ἐδειξε
3463 2888 3529 2942 δὲ
3571 2885 3734 2941 αὐτοῦ
3756 2887 3837 2953 τὴν

2271 2986 2613 3057 εὐσέϐειανή
2652 2984 2865 3056 Γραφὴ,
2899 2984 2951 3036 εί
2982 2983 3076 3037 καὶ
3103 2981 3311 3051 ταύτην
3336 2981 3658 3049 ἐλυμήνατο
3687 2976 3834 3045 φιλία,

2273 3079 2370 3132 καὶ
2404 3078 2696 3147 συγγένεια
2718 3075 2815 3129 τοῦ
2852 3074 3076 3145 Ἀχαὰδ,
3128 3073 3205 3138 ὡς
3248 3077 3306 3127 ὲν
3344 3071 3837 3143 Παραλειπομὲνιιις

594 3139 1055 3213 Paralipomenon
1113 3148 1317 3219 legitur
1342 3188 1356 3214 ,
1402 3166 1525 3206 eam
1552 3153 1828 3213 vitiaverit
1883 3169 1937 3214 et
1980 3177 2170 3217 corru-
2199 3174 2240 3230 α
2277 3170 2461 3240 φησίν.

592 3235 755 3302 perit.

668 3328 832 3384 Vens.
868 3329 955 3385 15.
991 3333 1248 3401 Ascende,
1279 3347 1328 3389 et
1362 3354 1663 3393 successum
1704 3342 1854 3397 dabit
1892 3344 2166 3403 Dominus.

589 3412 950 3485 Exspectavit
980 3420 1156 3478 donec
1194 3423 1513 3492 juramento
1559 3428 1891 3499 adigeretur,
1937 3445 1994 3489 ut
2039 3444 2170 3493 lltth

590 3508 1117 3566 detnumveritatcm
1176 3514 1466 3582 proferret.
1530 3517 1665 3573 Nam
1721 3525 2167 3594 quandoquidem

590 3596 779 3652 Achab
821 3601 1173 3657 existimabat
1223 3608 1544 3676 pmphetant
1577 3625 1642 3664 ex
1697 3612 1823 3667 odio
1875 3616 2052 3670 tristia
2117 3626 2172 3672 et

589 3686 829 3744 infeliCia
858 3692 1182 3762 praedicere,
1203 3698 1440 3767 primum
1495 3700 1629 3757 dicit
1658 3718 1781 3773 quae
1812 3714 1963 3775 grata
1988 3720 2165 3776 erant,

591 3792 779 3850 postea
797 3783 1029 3842 adactus
1055 3786 1441 3859 jurejurando,
1470 3809 1592 3864 quae
1650 3795 1923 3855 divinitus
1939 3801 1988 3856 ei
2019 3817 2172 3858 reve-

591 3862 699 3924 lata
729 3883 910 3940 erant,
938 3877 1180 3946 aperuit,

664 3961 828 4019 Vens.
863 3966 949 4032 17,
998 3968 1456 4036 Quemadmodum
1513 3994 1629 4033 oves
1678 3998 1795 4052 qua:
1846 4000 1951 4039 non
1977 3984 2169 4041 habent

589 4066 879 4121 pastorem.
911 4060 1011 4119 His
1063 4066 1246 4122 verbis
1274 4072 1540 4137 ostendit,
1587 4076 1733 4144 quod
1765 4088 1989 4149 propter
2023 4083 2168 4152 regis

592 4149 860 4204 uialittam
908 4152 1122 4209 cladem
1178 4160 1460 4227 accepturi
1513 4162 1648 4218 sint.
1710 4165 1767 4220 Si
1818 4171 1964 4223 enim
2014 4149 2165 4227 nacti

591 4242 829 4297 t'uissent
871 4245 1023 4315 pium
1080 4255 1136 4303 et
1195 4250 1520 4322 religiosum
1580 4270 1874 4327 pastorem,
1918 4273 2168 4332 potenter

588 4335 781 4390 hostes
812 4335 1082 4393 vicissent
1105 4347 1160 4395 et
1204 4341 1612 4414 proﬂigassent,

650 4425 927 4491 Vsns,i8,
973 4427 1100 4484 Non
1158 4432 1485 4488 vaticinatur
1541 4437 1627 4491 hic
1693 4439 1822 4493 mihi
1877 4443 2035 4509 bona,
2073 4444 2163 4500 sed

2356 3349 2685 3413 'Ard6atrs,
2737 3350 2835 3404 καὶ
2889 3348 3178 3404 εὐοδώσει
3244 3349 3487 3417 Κύριος.
3548 3348 3836 3415 ’Ᾱνέμεινεν

2273 3443 2607 3513 ὁρκωθῆναι,
2640 3438 2739 3497 εἶθ’
2767 3441 2912 3496 οὕτω
2941 3441 3108 3511 φάναι
3149 3441 3211 3494 τὸ
3238 3438 3463 3510 ἀληθές.
3511 3436 3727 3508 Ἐπειδὴ
3749 3437 3838 3504 γὰρ

2274 3534 2658 3604 ὑπελάμϐανεν
2702 3533 2909 3605 ’Δχαὰδ
2956 3533 3046 3586 διὰ
3091 3533 3251 3603 μίσος
3279 3531 3371 3586 τὸν
3402 3532 3697 3602 προφήτην
3721 3546 3835 3599 προ-

2272 3627 2451 3696 λέγειν
2480 3625 2547 3680 τὰ
2575 3625 2815 3696 λυπηρὰ,
2855 3625 3072 3697 πρῶτον
3110 3620 3233 3678 εἷπε
3272 3624 3343 3679 τὰ
3366 3624 3707 3694 καταθύμια,
3738 3618 3837 3676 εἶτα

2272 3716 2544 3790 ὁρκωθεὶς
2563 3717 2634 3773 τὰ
2661 3717 2785 3773 θεῖα
2810 3719 3149 3789 μεμήνυκεν.

2352 3987 2448 4053 Ὠς
2491 3987 2778 4054 πρόϐατα,
2813 3978 2906 4052 οἷς
2934 3985 3047 4039 οὐκ
3091 3985 3227 4037 ἐστι
3264 3980 3515 4052 ποιμήν.
3562 3979 3722 4049 Δηλοῖ
3760 3975 3834 4029 διὰ

2271 4078 2500 4141 τούτων,
2532 4078 2611 4141 ὼς
2638 4079 2673 4148 ἡ
2698 4078 2914 4131 ἐκείνου
2941 4075 3178 4147 πονηρία
3204 4074 3307 4146 τὴν
3331 4075 3502 4145 ἧτταν
3540 4070 3831 4143 ἐργάζεται.

2269 4172 2334 4225 EI
2370 4169 2481 4241 γὰρ
2521 4168 2781 4239 ποιμένος
2821 4167 3012 4238 ἔτυχον
3037 4166 3321 4230 εὐσεϐοῦς,
3359 4164 3503 4218 κατὰ
3535 4158 3734 4234 κράτος
3779 4160 3833 4213 ἂν

2269 4263 2397 4327 τοὺς
2436 4259 2736 4333 πολεμίους
2766 4260 3049 4330 ἐνίκησαν.

2337 4441 2420 4495 Οὐ
2449 4438 2811 4508 προφητεύει
2851 4432 3031 4503 οὗτός
3056 4452 3161 4506 μοι
3195 4438 3376 4499 καλὰ,
3422 4438 3563 4490 αλλ’
3605 4439 3643 4503 ἢ
3674 4432 3830 4487 κακά.

583 4517 753 4575 mala.
796 4518 1069 4589 Iosephus
1101 4522 1296 4577 scribit
1347 4523 1627 4582 Micbmam
1667 4528 1820 4583 illum
1853 4531 2043 4598 fuisse,
2068 4537 2165 4605 qui

2289 4532 2348 4587 Ὀ
2382 4531 2696 4601 Ίὼσηππος
2725 4530 2819 4585 τὸν
2858 4529 3099 4600 Μιχαίαν
3132 4529 3337 4599 ἔφησεν
3384 4525 3525 4582 εῖναι
3548 4568 3561 4591 ,
3618 4528 3707 4580 τὸν
3747 4524 3830 4595 ἠδη

577 4608 692 4679 jam
740 4622 868 4668 ante
919 4614 1053 4668 vitta
1112 4631 1248 4672 usus
1281 4628 1391 4682 est,
1450 4626 1506 4673 et
1550 4620 1777 4677 Achabo
1824 4625 2000 4680 tristia
2027 4643 2165 4696 prae-

582 4702 762 4761 dixit:
802 4705 969 4774 idque
1021 4706 1152 4763 hinc
1202 4708 1532 4778 conjiciens,
1564 4714 1729 4782 jquod
1772 4716 1958 4772 Achab
1993 4719 2158 4786 dicit;

592 4816 610 4849 ι
660 4794 765 4853 Odi
820 4813 947 4854 eum
977 4797 1138 4869 {quia
1192 4814 1301 4856 non
1362 4802 1609 4871 loquitur
1661 4805 1729 4860 de
1760 4821 1846 4863 me
1876 4808 2038 4877 bona,
2066 4812 2161 4867 sed

584 4890 752 4943 mala.
801 4907 820 4941 ι

660 4979 821 5045 Vens,
852 4980 946 5039 20.
988 4981 1052 5036 Et
1075 4984 1209 5039 dixit
1252 4985 1691 5055 Dominus:Quis
1706 4987 2114 5057 decipietAchab
2138 4991 2165 5041 ?

581 5070 978 5141 ProsopOpteia
1009 5083 1115 5137 est,
1152 5075 1361 5131 docens
1416 5084 1473 5131 et
1513 5079 1812 5134 ostendens
1836 5080 2162 5148 permissio-

582 5177 707 5216 nem
771 5162 1057 5229 divinam;
1117 5164 1386 5221 Dominus
1437 5168 1608 5234 enim,
1641 5171 1737 5240 qui
1777 5186 1945 5227 verax
1971 5181 2078 5239 est,
2108 5183 2163 5228 et

582 5256 833 5312 veritatis
889 5257 1134 5323 doctor,
1194 5274 1300 5313 non
1378 5260 1672 5331 imperavit
1732 5272 1793 5318 ut
1859 5264 2169 5336 decipiatur

576 5350 790 5416 Achab,
824 5352 919 5423 qui
954 5367 1048 5422 per
1102 5353 1421 5423 prophetam
1457 5355 1637 5412 dixit:
1680 5376 1698 5409 ι
1736 5358 1933 5413 Annon
1981 5359 2169 5413 Domi-

581 5456 685 5497 nus
716 5441 802 5498 his
838 5442 893 5497 in
946 5442 1157 5499 Deum?
1203 5455 1512 5503 revertatur
1566 5449 1804 5519 quisque
1850 5451 1905 5503 in
1938 5450 2163 5506 domum

579 5548 737 5589 suam
764 5533 816 5588 in
870 5548 1032 5604 pace,
1062 5553 1082 5587 ι
1115 5534 1214 5592 llis
1264 5536 1435 5609 igitur
1480 5537 1673 5594 docuit
1696 5540 1986 5610 propheta,
2020 5541 2167 5611 quod

579 5630 810 5701 spiritus
848 5627 1214 5698 deceptionis,
1258 5632 1350 5701 qui
1378 5633 1563 5702 impiis
1594 5632 1915 5689 hominibus
1944 5650 2043 5703 pro
2074 5651 2169 5690 or-

579 5721 739 5790 ganis
796 5729 851 5777 et
912 5722 1300 5779 instrumentis
1346 5724 1553 5790 utitur,
1623 5725 1959 5780 mendaciter
1991 5725 2165 5781 victo-

578 5815 717 5872 riam
750 5817 1054 5884 promittat.
1119 5815 1435 5889 Hoc‘autem
1471 5818 1527 5872 ﬁt
1559 5857 1571 5883 ,
1616 5815 1723 5872 llco
1765 5818 2113 5888 permittente
2149 5835 2162 5886 ;

2273 4625 2541 4696 πρότερον
2568 4623 2649 4694 τῷ
2685 4620 2959 4693 τελαμῶνι
2998 4620 3369 4693 χρησάμενον,
3396 4621 3491 4673 καὶ
3534 4620 3606 4673 τὰ
3637 4618 3831 4687 λυπηρὰ

2270 4716 2347 4787 τῷ
2381 4713 2589 4785 Ἀχαάὸ
2621 4713 3078 4785 προαγγείλαντα,
3103 4710 3542 4782 τεκμαιρόμενος
3581 4710 3660 4781 τῷ
3686 4708 3828 4777 φάναι

2269 4808 2360 4861 τὸν
2399 4805 2626 4878 Ἀχαὰϐ,
2648 4806 2731 4860 ὃτι
2766 4803 3098 4874 «Μεμίσηκα
3118 4801 3305 4869 αὐτὸν,
3334 4803 3417 4857 ὅτι
3443 4802 3506 4855 οὗ
3532 4801 3678 4870 λέγει
3720 4797 3827 4870 περὶ

2268 4902 2407 4973 ἐμοῦ
2436 4899 2677 4969 τάγαθὰ,
2709 4898 2828 4955 ἀλλ’
2860 4898 2895 4968 ἢ
2928 4896 3096 4952 κακά..
3129 4913 3150 4949 ι

2337 4992 2445 5047 Καὶ
2477 4988 2650 5047 εἶπεν
2690 4992 2926 5059 Κύριος.
2996 4989 3095 5057 Τίς
3123 4986 3427 5057 ἀπατήσει
3456 4987 3565 5041 τὸν
3595 4983 3825 5054 Ἀχαὰ6;

2267 5087 2712 5160 Προσωποποιία,
2761 5085 3089 5139 διδάσκουσα
3137 5084 3239 5155 τὴν
3274 5083 3427 5138 θείαν
3480 5081 3823 5153 συγχώρησιν.

2271 5180 2344 5234 οὐ
2372 5178 2482 5249 γὰρ
2532 5179 2561 5231 6
2591 5176 2801 5249 ἀληθὴς
2828 5176 2995 5242 Θεὸς,
3026 5175 3125 5229 καὶ
3175 5176 3276 5267 τῆς
3309 5174 3569 5267 άληθείας
3602 5173 3824 5267 6t66m:

2269 5270 2384 5334 λος,
2417 5268 2785 5340 προσέταττεν
2817 5266 3170 5337 ἀπατηθῆναι
3199 5265 3293 5319 τὸν
3330 5264 3557 5335 Ἀχαὰ6,
3597 5267 3623 5317 6
3643 5264 3725 5316 διὰ
3747 5264 3822 5313 τοῦ

2270 5361 2556 5432 προφήτου
2611 5356 2823 5412 εἰπών’
2861 5376 2880 5409 ι
2928 5357 2994 5410 Ei
3051 5356 3258 5426 κυρίως
3309 5355 3465 5409 αὐτοὶ
3515 5356 3643 5425 πρὸς
3677 5351 3820 5410 Θεόνς

2282 5450 2718 5519 Ἀποστραφήτω
2752 5447 2809 5501 δὲ
2847 5447 3078 5510 ἕκαστος
3119 5448 3201 5508 είς
3247 5445 3342 5499 τὸν
3381 5442 3550 5499 αὐτοῦ
3600 5438 3732 5495 οἶκον
3776 5438 3823 5489 ἐν

2272 5543 2487 5613 εἰρήνῃ.
2525 5560 2543 5592 ι
2608 5540 2707 5593 Διά
2754 5539 2961 5594 τούτων
2987 5538 3170 5593 τοίνυν
3212 5539 3242 5590 6
3274 5538 3564 5607 προφήτης
3592 5529 3818 5595 ἐδίδαξεν.

2274 5636 2351 5699 ὡς
2378 5634 2441 5687 τὸ
2468 5632 2689 5703 πνεῦμα
2716 5632 2818 5700 τῆς
2859 5630 3096 5700 ἀπάτης,
3132 5629 3384 5700 ὀργάνοις
3428 5628 3699 5699 χρώμενον
3727 5624 3819 5682 τοῖς

2276 5725 2593 5783 δυσσεϐέσιν
2625 5723 2933 5794 ἀνθρώποις
2957 5764 2972 5790 ,
3016 5722 3229 5793 ψευδῶς
3269 5722 3609 5792 ὑπισχνεῖται
3634 5717 3723 5786 τὴν
3750 5713 3817 5767 νί-

2280 5837 2401 5892 κην.
2453 5817 2625 5874 Τοῦτο
2674 5818 2729 5872 δὲ
2776 5818 2986 5886 γίνεται
3038 5815 3130 5869 τοῦ
3181 5812 3813 5890 Θεοῦ-συγχωρήσαντος.
