4034 6498
163 377 309 442 1177

1148 381 1685 445 COMMENTARII
1713 384 1795 445 ΙΝ
1836 386 1983 447 LIB.
2018 387 2112 447 III
2148 388 2445 449 REGUM.

3338 384 3457 449 117?

148 490 445 545 κωλύσαι
476 490 586 563 γάρ
617 489 920 563 δυνάμενος
952 490 1056 545 ούκ
1097 491 1393 548 ἐκώλυσεν.
1441 495 1773 565 Ἐπειδήπερ

1884 512 2006 551 cum
2031 501 2179 552 enim
2208 500 2508 567 prohibere
2539 500 2950 570 potuisset,nou
2972 500 3460 571 prohibuit.Achal

149 584 185 634 ὁ
225 581 448 653 Ἀχαάϐ
487 582 589 653 τῆς
620 580 773 645 θείας
809 576 879 652 ἦν
928 581 1257 653 κηδεμονίας
1304 585 1543 649 ἀνάξιος.
1586 585 1775 654 Τούτῳ

148 675 217 727 δὲ
246 675 448 744 ὅμοιον
489 673 552 728 τὸ
582 674 689 728 ὑπὸ
716 672 930 727 Παύλου
952 673 1268 744 λεγόμενον·
1304 696 1321 728 ι
1352 678 1567 748 Πέμψει
1594 681 1622 731 ὁ
1644 678 1775 741 Θεὸς

150 767 471 837 ἐνέργειαν
503 765 714 834 πλάνης
755 766 868 830 τοῖς
900 765 1003 837 τὴν
1043 766 1309 838 ἀλήθειαν
1351 768 1413 821 ού
1461 769 1774 839 παραδεξα-

159 856 392 927 μένοις.
426 876 444 910 ι
484 856 625 909 Ἀλλ’
669 856 960 927 ἑρμηνεῖαι
1002 856 1103 926 τῆς
1142 857 1235 911 τοῦ
1271 858 1408 911 Θεοῦ
1465 858 1773 929 βουλήσεως

146 950 545 1019 τυγχάνουσιν
575 950 631 1001 αί
665 949 946 1013 ὁπτασίαι,
989 950 1090 1020 ούχ
1117 951 1256 1022 ὅπερ
1293 950 1445 1005 ἐστὶν
1472 952 1637 1005 αὑτὸν
1666 952 1773 1006 δει-

154 1041 466 1105 κνύουσαι,
498 1043 832 1110 σωματικοῖς
864 1041 922 1095 δὲ
969 1043 1239 1112 σχήμασι,
1286 1042 1384 1097 καὶ
1411 1042 1773 1114 ἀνθρωπίνοις

153 1132 386 1199 λόγοις,
428 1129 789 1187 διατυποῦσαι
841 1130 943 1195 τάς
1001 1130 1099 1185 τοῦ
1147 1131 1285 1185 Θεοῦ
1329 1131 1666 1201 οίκονομίας,
1698 1130 1773 1194 ὡς

160 1225 349 1289 αὐτὸς
391 1228 420 1279 ὁ
448 1224 581 1289 Θεός
615 1241 781 1295 φησιν
814 1240 829 1256 ο
867 1241 886 1275 ι
918 1222 1063 1291 Ἐγὼ
1090 1224 1312 1293 δράσεις
1344 1223 1646 1294 ὲπλήθυνα,
1682 1223 1775 1275 καὶ

159 1319 231 1370 ὲν
262 1317 429 1387 χερσὶ
476 1314 773 1387 προφητῶν
823 1313 1139 1384 ὼμοιώθην.
1178 1332 1195 1363 ι
1237 1313 1353 1367 υύκ
1396 1312 1561 1375 αὐτὸς
1592 1310 1774 1380 φαίνε-

161 1427 291 1472 ται,
322 1408 424 1463 ἀλλ
473 1407 694 1478 ὁράσεις
742 1405 1031 1477 πληθύνει.
1082 1406 1189 1459 Καὶ
1236 1406 1489 1476 ὁμοίωμα
1533 1404 1773 1458 δείκνυσι

161 1503 292 1565 τοῖς
324 1502 655 1573 προφήταις,
682 1498 962 1569 βασιλείας
998 1497 1120 1568 μὲν,
1150 1498 1280 1551 ὅταν
1312 1498 1405 1551 ἐπὶ
1421 1495 1610 1568 θρόνου
1640 1496 1775 1549 καθ’

164 1595 441 1667 εζομένον
468 1595 662 1667 δρῶσι,
689 1595 785 1648 καὶ
818 1593 947 1663 περὶ
976 1591 1141 1645 αύτδν
1164 1593 1264 1660 τὴν
1286 1591 1543 1662 οὐράνιον
1604 1606 1775 1660 στρα-

164 1689 302 1744 τιάν
326 1705 343 1720 ·
377 1688 615 1759 κρίσεως
648 1688 727 1753 δὲ,
745 1688 875 1741 ὅταν
910 1684 1097 1741 πολιόν
1123 1683 1383 1753 βλέπωσι,
1411 1683 1626 1747 λευκοῖς
1656 1683 1774 1753 ίμα-

166 1780 319 1842 τίοις
346 1777 745 1850 κοσμούμενον,
773 1778 865 1833 διά
897 1778 959 1831 τὸ
988 1776 1087 1847 τῆς
1117 1775 1357 1843 κρίσεως
1379 1775 1543 1843 σοφόν
1566 1791 1625 1828 τε
1654 1773 1773 1844 ἀμα

1885 586 2033 641 enim
2063 588 2326 659 indignus
2357 596 2499 655 erat,
2534 590 2698 660 cujus
2730 606 2920 647 curam
2973 593 3118 647 Deus
3144 591 3470 671 susciperet.

1884 678 2000 733 lloc
2033 687 2218 733 autem
2258 679 2443 735 simile
2474 688 2558 735 est
2603 681 2731 737 huic
2760 682 2908 752 quod
2958 697 2987 736 a
3023 682 3196 737 Paulo
3213 681 3424 736 dicitur
3452 698 3465 729 :

1890 790 1907 819 ι
1957 769 2132 823 Mittet
2198 770 2311 826 illis
2366 770 2511 827 Deus
2539 771 2840 828 edicaciam
2870 774 3104 839 erroris,
3137 774 3230 844 qui
3263 773 3469 829 verita-

1881 870 1987 915 tem
2015 876 2124 915 non
2176 862 2591 931 receperunt“,
2628 881 2645 915 ι
2714 863 2986 919 Caeterum
3029 866 3273 921 visiones
3293 863 3466 935 explio

1879 952 2130 1009 cationes
2161 961 2293 1007 sunt
2321 953 2544 1008 consilii
2576 951 2691 1009 Dei.
2724 953 2841 1009 Non
2877 956 3022 1025 quod
3051 958 3171 1026 ipse
3210 940 3285 1021 id,
3321 954 3474 1026 quod

1876 1050 1984 1107 est,
2033 1043 2326 1097 ostendat:
2390 1043 2643 1113 corporis
2673 1053 2858 1100 autem
2899 1046 3111 1113 liguris,
3145 1054 3201 1101 et
3225 1045 3474 1101 humano

1878 1151 2034 1192 more
2057 1135 2253 1191 efﬁctis
2276 1138 2627 1195 sermonibus
2656 1140 2933 1209 exprimit,
2969 1146 3025 1194 et
3058 1140 3329 1195 describit
3369 1137 3464 1193 Dei

1876 1227 2376 1297 dispensationem.
2415 1228 2891 1294 Quemadmodum
2960 1230 3105 1286 Deus
3152 1231 3271 1302 ipse
3301 1231 3464 1287 dicit:

1883 1337 1900 1370 ι
1942 1318 2055 1389 Ego
2088 1317 2332 1373 visiones
2362 1319 2753 1389 multiplicavi,
2816 1328 2871 1375 et
2935 1336 3033 1389 per
3070 1336 3293 1375 manum
3337 1334 3469 1391 pro-

1877 1409 2167 1478 phetarum
2225 1409 2569 1465 assimilatus
2603 1426 2725 1465 sum
2750 1411 2816 1465 ".
2850 1429 2869 1462 ι
2923 1410 3040 1465 Non
3076 1412 3192 1481 ipse
3216 1420 3465 1482 apparet,

1877 1502 1975 1558 sed
2007 1501 2251 1557 visiones
2280 1501 2648 1572 multiplicat,
2674 1513 2728 1557 et
2774 1502 3195 1558 similitudinem
3222 1502 3465 1557 ostendit

1877 1592 2186 1665 prophetis,
2243 1591 2397 1662 regni
2459 1592 2707 1661 quidem,
2762 1592 2808 1648 si
2847 1594 2903 1646 in
2952 1593 3153 1647 throno
3186 1591 3465 1647 sedentem

1876 1684 2086 1749 vident,
2111 1692 2167 1739 et
2197 1683 2345 1738 circa
2381 1697 2506 1737 eum
2539 1683 2822 1738 caelestem
2859 1684 3215 1748 exercitum;
3270 1681 3466 1752 judicii

1877 1775 2273 1843 vero,quando
2311 1790 2512 1830 canum
2551 1775 2758 1838 vident,
2824 1775 2968 1830 albis
3023 1774 3272 1830 vestibus
3302 1786 3469 1827 orna-

172 1873 276 1925 καὶ
303 1871 564 1939 καθαρόν.
617 1871 759 1941 Ὀρᾷ
801 1870 896 1924 καὶ
946 1867 1220 1938 Ζαχαρίας
1265 1866 1501 1936 ἀνέμους
1564 1865 1777 1934 ἀνθρω-

1884 1875 2017 1931 tum,
2048 1874 2270 1936 propter
2330 1865 2525 1934 judicii
2584 1881 2691 1919 non
2759 1866 3110 1936 prudentiam
3149 1866 3334 1929 modo,
3370 1862 3469 1919 sed

173 1963 319 2036 πίνῃ
334 1964 489 2033 φωνῇ
515 1962 854 2034 χρωμένους
879 1981 897 2014 ι
930 1961 1039 2014 Καὶ
1059 1957 1505 2029 περιοδεύσωμεν
1531 1957 1630 2029 τὴν
1651 1957 1776 2027 γῆν,

174 2052 469 2122 λέγοντας,
502 2054 599 2107 καὶ
626 2052 736 2107 ίδοὺ
764 2054 917 2107 πᾶσα
942 2054 975 2121 ὴ
1010 2050 1085 2121 γῆ
1133 2052 1496 2103 κατοικεῖται.
1531 2067 1550 2102 ι
1588 2048 1776 2103 Καθά·

175 2162 294 2215 περ
318 2146 430 2217 γάρ
456 2147 515 2200 ὲν
537 2145 716 2199 εἰκόσι
740 2149 978 2223 γραφεῖς
1005 2145 1242 2215 πόλεμόν
1288 2161 1349 2197 τε
1392 2143 1489 2197 καὶ
1526 2142 1773 2213 εἰρήνην,

174 2238 349 2309 νίκην
379 2240 475 2293 καὶ
498 2238 706 2309 φιλίαν,
738 2240 834 2292 καὶ
882 2238 983 2291 ὅσα
1026 2236 1184 2301 ἀλλα,
1220 2234 1657 2307 σχηματίζουσιν
1697 2235 1776 2297 είς

174 2329 543 2400 ἀνθρωπείων
574 2330 849 2401 σωμάτων
873 2330 1112 2394 εἰκόνας,
1142 2329 1256 2391 τοῖς
1284 2326 1549 2390 τοιούτοις
1585 2326 1779 2397 ὁμοιώ-

180 2440 324 2492 μασι
352 2424 413 2477 τὸ
442 2422 691 2495 βούλημα
717 2422 1027 2486 δεικνύντες
1052 2422 1449 2495 ἐναργέστερον
1468 2438 1482 2453 ο
1522 2419 1666 2474 κατὰ
1708 2419 1779 2473 τά

178 2516 331 2569 αὖτά
383 2517 478 2569 καὶ
522 2516 584 2570 τὸ
634 2515 863 2586 Πνεῦμα
909 2515 970 2569 τὸ
1014 2514 1171 2584 ἅγιον
1223 2516 1533 2586 προφήταις
1570 2530 1630 2566 τε
1681 2512 1779 2567 καὶ

178 2609 510 2672 ἀποστόλοις
543 2608 605 2662 τὸ
643 2608 859 2679 θέλημα
889 2608 984 2662 τοῦ
1019 2609 1176 2674 Θεοῦ,
1211 2610 1306 2662 καὶ⁸
1337 2609 1438 2678 τὴν
1472 2608 1649 2672 δόξαν,
1682 2608 1777 2660 καὶ

178 2700 288 2767 τὴν
312 2698 654 2770 οἰκονομίαν,
682 2700 778 2753 καὶ
821 2698 922 2769 τὴν
950 2699 1089 2769 ἀρὰν
1121 2698 1219 2770 τὴν
1250 2700 1396 2753 κατά
1434 2699 1544 2753 τῶν
1593 2701 1778 2770 ἐπιόρ-

183 2808 326 2857 κων,
354 2790 445 2844 καὶ
468 2790 671 2863 ἐτέρων
693 2791 878 2857 τινῶν,
907 2791 1169 2862 ἐμψύχων
1190 2792 1221 2863 ἦ
1248 2791 1494 2861 ἀψύχων,
1523 2793 1617 2845 καὶ
1639 2792 1778 2862 ὅπερ

185 2882 443 2953 βούλεται
474 2884 573 2953 μὶν
597 2885 626 2936 ὁ
654 2882 788 2946 Θεὸς
831 2881 1143 2953 πληρῶσαι,
1187 2884 1243 2936 αί
1273 2882 1329 2936 δὲ
1360 2882 1485 2953 έξῆς
1520 2882 1779 2953 δυνάμεις

186 2974 513 3044 πληροῦσιν,
536 2973 569 3045 ἢ
596 2975 696 3029 ὃσα
724 2973 899 3045 τολμᾷ
933 2974 1033 3045 μὲν
1059 2976 1088 3028 ὁ
1108 2973 1356 3037 διάϐολος
1381 2973 1775 3037 ἐπιϐουλεύειν,

188 3068 471 3137 συγχωρεῖ
494 3066 554 3120 δὲ
588 3067 617 3119 ὁ
638 3066 793 3132 Θεὸς,
820 3066 996 3122 ταῦτα
1024 3068 1190 3120 τυποῖ
1218 3066 1306 3121 διὰ
1332 3067 1445 3121 τῶν
1474 3067 1777 3128 ὁπτασιῶν,

186 3156 267 3219 ὼς
307 3155 403 3208 ἐπὶ
425 3156 517 3209 τοῦ
552 3155 690 3210 Ἰὼϐ.
725 3157 793 3210 Δί
836 3157 944 3226 γάρ
981 3155 1263 3219 ὀπτασίαι,
1313 3156 1408 3209 καὶ
1455 3155 1523 3208 τὰ
1570 3156 1629 3207 ὲν
1658 3156 1777 3218 ταῖς

186 3247 488 3311 ὀπτασίαις
525 3249 769 3319 ῥήματα,
809 3248 972 3319 μέρος
1005 3247 1124 3300 ἐστὶ
1149 3250 1251 3318 τῆς
1279 3245 1374 3300 τοῦ
1404 3246 1540 3300 Θεοῦ
1572 3263 1780 3313 συγκα-

189 3340 501 3403 ταϐάσεως.
529 3340 666 3394 Οῦτε
692 3341 800 3411 γάρ
827 3341 1130 3413 περιστερά
1157 3339 1218 3393 τὸ
1249 3338 1480 3410 Πνεῦμα
1505 3338 1566 3392 τὸ
1599 3340 1779 3407 ἆγιονυ

191 3430 321 3484 οὔτε
354 3433 411 3486 δὲ
441 3431 502 3485 τό
524 3447 539 3462 ο
574 3448 593 3483 ι
620 3432 719 3494 Ὄς
750 3434 897 3485 ἐστιν
935 3434 995 3486 ἐν
1040 3432 1190 3502 δεξιᾷ
1235 3429 1329 3485 τοῦ
1373 3429 1508 3484 Θεοῦ
1530 3471 1544 3495 ,
1585 3430 1645 3493 ὃς
1694 3431 1790 3484 καὶ

192 3523 521 3593 ἐντυγχάνει
550 3522 691 3593 ὑπὲρ
720 3522 900 3593 ήμῶν,
936 3541 954 3575 ι
992 3522 1189 3586 οὕτως,
1221 3522 1297 3585 ὡς
1329 3522 1565 3592 εἴρηται,
1598 3521 1788 3591 νοήσο-

199 3634 325 3687 μεν,
359 3616 437 3680 ὡς
481 3616 541 3669 ἐν
569 3616 717 3687 τόπῳ
775 3616 873 3686 μὲν
899 3616 1054 3681 ὄντος
1090 3615 1189 3668 τοῦ
1230 3614 1402 3679 Θεοῦ,
1436 3615 1693 3684 δεομένου
1730 3612 1791 3675 δὲ

195 3709 296 3779 τῆς
326 3708 468 3779 ὑπὲρ
495 3706 655 3779 ἡμῶν
685 3707 782 3762 τοῦ
832 3708 1173 3778 Μονογενοῦς
1205 3706 1487 3779 ἐντυχίας.
1512 3704 1672 3758 Κατά
1698 3704 1787 3756 τὸν

198 3802 363 3853 αὑτὸν
394 3800 554 3868 λόγον
576 3801 698 3855 οὐδὲ
724 3802 781 3854 αί
818 3800 928 3853 τῶν
962 3800 1263 3871 προφητῶν
1289 3798 1570 3859 ὀπτασίαι,
1606 3798 1700 3851 καὶ
1731 3796 1788 3848 αί

198 3894 400 3961 φωναὶ,
427 3892 570 3946 τοῦτ’
598 3890 765 3965 ἦσαν,
789 3893 925 3966 ὅπερ
956 3893 1279 3948 ἐδείκνυντο.
1315 3890 1421 3944 Τοῦ
1445 3891 1502 3945 δὲ
1528 3889 1664 3943 Θεοῦ
1690 3892 1788 3957 τὴν

200 3987 458 4058 βούλησιν
510 3986 826 4056 ἐσήμαινον,
875 3984 909 4052 ἦ
961 3984 1061 4056 τὴν
1120 3982 1495 4055 συγχώρησιν,
1548 3982 1641 4035 κα)⁵
1689 3980 1788 4051 τὴν

200 4062 453 4149 ὑπακοὴν
498 4078 609 4130 τῶν
658 4077 1067 4131 ὑπακουόντων.
1126 4077 1233 4130 Καὶ
1283 4077 1382 4145 τὴν
1442 4073 1787 4145 ἐπιχείρησιν

200 4172 313 4224 τῶν
345 4169 692 4241 τολμώντων.
729 4169 827 4233 Ὣς
859 4186 963 4223 που
987 4169 1082 4223 καὶ
1109 4168 1169 4221 τὸ
1198 4165 1437 4236 πνεῦμα,
1486 4166 1547 4219 τὸ
1575 4165 1784 4236 ψευσά-

205 4281 368 4336 μενον
393 4263 481 4317 διὰ
519 4264 785 4332 στόματος
829 4263 939 4317 τῶν
964 4260 1447 4332 ψευδοπροφητῶν,
1490 4259 1624 4311 Θεοῦ
1655 4276 1787 4327 συγ-

204 4358 557 4429 χωρήσαντος
576 4373 593 4389 ο
633 4358 728 4411 καὶ
763 4358 792 4409 ὁ
823 4356 1090 4427 πειράσας
1134 4354 1192 4408 δὲ
1232 4354 1325 4407 τὸν
1353 4350 1475 4407 Ἰὼϐ
1504 4352 1752 4415 διάϐολος
1771 4390 1786 4414 ,

202 4444 342 4498 Θεοῦ
375 4445 453 4516 μὴ
496 4444 863 4508 κωλύσαντος.
921 4445 999 4498 Δι’
1049 4437 1220 4514 οὗπερ
1267 4443 1509 4508 ἐδίδαξεν
1552 4444 1701 4513 ἡμᾶς
1751 4444 1783 4512 ὴ

1878 1966 1936 2012 et
1990 1958 2308 2027 puritatem.
2365 1954 2666 2010 Zacharias
2726 1956 2892 2009 etiam
2924 1955 3073 2011 videt
3122 1964 3340 2019 ventos,
3363 1955 3468 2007 liu-

1881 2061 2041 2101 «uana
2076 2061 2212 2102 voce
2267 2054 2509 2110 utentes,
2564 2054 2620 2100 et
2653 2046 2945 2103 dicentes:
2984 2064 3003 2098 ι
3047 2046 3467 2101 Circumcamus

1881 2147 2107 2202 terram,
2135 2145 2191 2193 et
2218 2152 2346 2192 ecce
2386 2137 2645 2192 universa
2672 2147 2819 2191 terra
2858 2137 3121 2191 incolitur
3142 2137 3238 2188 ⁸⁵.»
3265 2136 3467 2201 Quem-

1878 2229 2175 2285 admodum
2248 2229 2395 2284 enim
2465 2229 2705 2299 pictores
2756 2230 2811 2284 in
2874 2230 3210 2300 imaginibus
3265 2229 3466 2283 bellum

1877 2329 1931 2374 et
1955 2334 2164 2389 pacem,
2224 2318 2512 2374 victoriam
2568 2327 2624 2373 et
2653 2319 2983 2385 amicitiam,
3033 2328 3088 2375 et
3119 2335 3468 2391 quaecunque

1878 2410 1986 2465 alia
2021 2411 2288 2482 elIlngunt
2323 2411 2375 2464 in
2415 2410 2685 2481 imagines
2732 2411 3105 2466 humanorum
3148 2426 3465 2480 corporum,

1881 2503 2261 2572 hujuscemodi
2296 2503 2765 2559 similitudinibus
2838 2504 3134 2559 consilium
3174 2512 3227 2559 et
3266 2518 3467 2575 propo-

1880 2594 2048 2648 situm
2109 2610 2268 2649 suum
2338 2594 2654 2651 evidentius
2712 2594 3120 2662 ostendentes;
3180 2596 3254 2649 ita
3303 2597 3467 2653 etiam

1881 2683 2125 2754 Spiritus
2163 2692 2389 2740 sanctus
2458 2684 2746 2755 prophetis
2782 2693 2834 2740 ct
2890 2684 3161 2756 apostolis
3216 2686 3471 2739 volunta-

1882 2787 1992 2832 tem
2031 2777 2149 2840 Dei,
2185 2785 2237 2832 et
2294 2776 2549 2847 gloriam,
2605 2788 2660 2832 et
2695 2776 3189 2847 dispensationem,
3225 2787 3277 2831 et
3305 2778 3473 2832 male-

1880 2867 2184 2923 dictiouem
2219 2875 2414 2923 contra
2449 2868 2728 2938 periuros,
2784 2877 2841 2924 et
2871 2876 3065 2922 contra
3086 2868 3192 2922 alia
3223 2868 3470 2939 quaedam

1880 2960 2119 3013 animata
2152 2967 2206 3014 et
2266 2958 2596 3024 inanimata,
2622 2958 2839 3029 etquod
2883 2958 3028 3015 Deus
3059 2960 3175 3014 vult
3219 2960 3468 3029 implere,

1879 3052 2142 3123 quodque
2195 3060 2384 3122 postea
2439 3050 2723 3106 exercitus
2785 3051 2876 3107 Dei
2934 3051 3143 3122 implet,
3182 3051 3346 3122 539
3371 3059 3467 3105 aut

1884 3162 2224 3219 quaecunque
2279 3145 2449 3202 Satan
2511 3161 2610 3215 per
2656 3146 2891 3203 insidias
2934 3154 3147 3201 tentare
3200 3147 3473 3211 andet,et

1894 3236 2039 3303 Deus
2069 3235 2359 3307 permittit,
2394 3238 2676 3306 proponit,
2705 3244 2759 3291 et
2795 3250 2888 3306 per
2916 3235 3164 3292 visiones
3192 3234 3471 3303 exprimit,

1892 3327 2355 3398 quemadmodum
2383 3326 2437 3381 in
2467 3325 2592 3382 Job.
2627 3325 2889 3384 Visiones
2936 3328 3107 3396 enim,
3130 3336 3186 3382 et
3214 3327 3376 3383 verba
3416 3326 3474 3381 in

1891 3419 2207 3475 visionibus
2236 3426 2369 3474 sunt
2401 3433 2533 3489 pars
2562 3418 2809 3490 quaedam
2834 3418 3323 3476 condescensionis
3355 3417 3472 3481 Dei,

1890 3526 1998 3580 qua
2019 3527 2079 3566 se
2102 3510 2169 3564 ad
2203 3516 2425 3580 captmn
2466 3518 2724 3567 nostrum
2773 3511 3033 3567 demittit.
3087 3510 3274 3581 Neque
3327 3512 3471 3565 enim

1890 3600 2147 3656 columba
2206 3608 2290 3655 est
2346 3598 2587 3669 Spiritus
2643 3608 2890 3656 sanctus.
2927 3601 3113 3671 Neque
3147 3601 3259 3656 haec
3286 3600 3473 3669 verba,

1898 3712 1916 3745 ‹
1945 3694 2049 3759 Qui
2078 3702 2161 3749 est
2188 3694 2241 3747 in
2274 3692 2467 3749 dextra
2496 3692 2609 3758 Dei,
2638 3691 2729 3762 qui
2748 3702 2803 3748 et
2827 3693 3123 3749 intercedit
3146 3693 3469 3762 pronobis,»

1892 3787 1989 3851 ita,
2011 3794 2067 3839 ut
2086 3785 2235 3841 dicta
2254 3796 2411 3849 sunt.
2433 3786 2743 3856 intelligere
2778 3785 3063 3847 debemus,
3088 3788 3246 3855 quasi
3273 3785 3328 3840 in
3353 3785 3476 3840 loco

1892 3879 2037 3935 Deus
2064 3880 2157 3944 sit,
2188 3887 2244 3933 ct
2272 3878 2540 3947 unigeniti
2578 3876 2699 3931 Filii
2745 3893 2845 3947 pro
2880 3877 3040 3932 nobis
3076 3878 3477 3933 intercessione

1893 3968 2154 4039 indigeat.
2190 3966 2367 4022 Simili
2399 3968 2631 4033 ratione,
2682 3983 2861 4038 neque
2890 3968 3281 4038 prophetarum
3313 3968 3477 4023 visio~

1890 4074 1989 4113 nes
2018 4067 2073 4113 et
2121 4072 2310 4121 voces,
2374 4057 2477 4112 hoc
2541 4066 2719 4123 erant,
2778 4059 2925 4128 quod
2971 4059 3475 4129 repraesentabant;

1892 4150 1987 4205 sed
2018 4146 2357 4204 voluntatem
2427 4147 2519 4204 Dei
2576 4148 2988 4217 signiﬁcabant,
3032 4150 3112 4204 vel
3158 4148 3479 4219 permissio-

1892 4260 2042 4304 nem,
2069 4251 2124 4297 et
2154 4241 2528 4298 obedientiam
2573 4239 2945 4297 obedientium
2967 4282 2981 4306 ,
3011 4248 3066 4297 et
3086 4252 3342 4296 conatum
3375 4257 3475 4296 au-

1890 4333 2162 4389 dentium.
2221 4333 2697 4400 Quemadmodum
2743 4336 2909 4390 etiam
2969 4336 3199 4405 spiritus
3240 4335 3476 4389 mendax

1892 4444 1989 4499 per
2051 4444 2117 4484 os
2170 4428 2807 4500 pseudopmphetarum,
2875 4427 2985 4483 Deo
3008 4428 3387 4499 permittente,
3421 4434 3478 4483 et

204 4539 419 4609 Γραφὴ,
455 4538 531 4602 ὡς
579 4538 684 4608 τῆς
731 4536 828 4591 τοῦ
878 4535 1013 4592 Θεοῦ
1073 4536 1305 4600 κτίσεώς
1353 4538 1491 4602 ἔστι,
1553 4535 1646 4588 καὶ
1681 4533 1780 4603 τῆς

1890 4518 2165 4583 diabolus,
2197 4520 2291 4588 qui
2351 4518 2575 4582 Jobum,
2614 4518 2723 4573 Deo
2768 4532 2877 4573 non
2933 4527 3171 4582 ostante,
3217 4518 3472 4573 tentavit.

203 4629 546 4693 δεσποτείας,
597 4626 885 4698 παρεστὼς
925 4626 1004 4697 τῷ
1038 4626 1260 4680 πάντων
1314 4625 1581 4696 Δεσπότῃ,
1630 4624 1691 4678 οὐ
1716 4626 1783 4694 τῇ

204 4720 307 4788 τῆς
338 4718 647 4789 προθέσεως
678 4719 917 4787 ὑπακοῇ.
942 4717 1078 4770 ἀλλά
1094 4718 1159 4788 τῇ
1188 4716 1289 4786 τῆς
1316 4716 1540 4786 γενετῆς
1572 4714 1786 4785 φύσεως

206 4810 520 4879 ἀκολουθίᾳ,
567 4810 669 4879 τὴν
729 4808 827 4879 μὲν
874 4808 1101 4879 γνώμην
1156 4807 1560 4880 άλλοτριωθεῖς.
1602 4807 1701 4878 τὴν
1730 4805 1786 4859 δὲ

202 4904 395 4957 ούσίαν
417 4902 510 4956 τοῦ
548 4900 684 4955 Θεοῦ
708 4901 992 4972 τυγχάνων
1019 4911 1040 4941 (⁸
1056 4939 1069 4954 .

280 5078 386 5132 Kal
425 5078 713 5148 Ἰωσαφὰτ
728 5077 1027 5143 ,βασιλεὺς
1059 5074 1257 5130 Ἰούδα
1268 5074 1394 5143 μετ’
1417 5073 1624 5127 αὑτοῦ.
1654 5074 1783 5125 Συν-
1826 5080 1835 5091 ’

278 5210 318 5239 ⁸⁵
361 5208 517 5265 Rom.
552 5209 705 5275 1,24.
763 5210 808 5241 "
833 5206 972 5265 Osee
1015 5226 1110 5273 χιι,
1150 5209 1237 5263 l0.
1292 5208 1337 5238 “
1387 5205 1779 5269 Zaclmr.t,ll.

1895 4610 1998 4665 Per
2023 4609 2169 4679 quod
2199 4609 2389 4664 docuit
2441 4624 2542 4664 nos
2578 4608 2886 4677 Scriptura,
2916 4608 3064 4678 quod
3089 4624 3118 4661 a
3150 4607 3266 4664 Deo
3285 4608 3477 4662 condi-

1893 4712 2006 4767 tus,
2059 4708 2114 4756 et
2174 4700 2279 4755 sub
2310 4700 2436 4770 ejus
2465 4699 2714 4755 dominio
2746 4699 2843 4763 sit,
2893 4699 2987 4765 qui
3014 4700 3197 4755 adstat
3225 4700 3473 4753 omnium

1895 4793 2132 4850 creatori
2185 4790 2443 4857 Domino,
2500 4806 2611 4846 non
2674 4790 2968 4847 obediendi
3018 4791 3326 4863 proposito,
3378 4791 3473 4846 sed

1894 4894 2108 4942 natura;
2158 4883 2398 4954 quodam
2464 4883 2654 4949 ductu,
2688 4884 2875 4937 animo
2898 4883 3120 4952 quidem
3142 4883 3475 4946 abalienato,

1895 4976 1991 5033 sed
2023 4976 2279 5031 essentiae
2310 4973 2403 5028 Dei
2435 4974 2843 5043 quodammodo
2866 4975 3164 5045 particeps.

1968 5065 2312 5123 Etlosanhat
2343 5081 2435 5119 rex
2455 5063 2601 5118 Iuda
2629 5080 2748 5118 cum
2778 5082 2861 5121 eo.
2894 5064 3184 5122 Profectus
3222 5075 3307 5120 est
3365 5082 3470 5119 una

1465 5297 1691 5351 \‘ARIIE
1738 5295 2143 5353 LECTIONES.

318 5403 341 5432 ε
371 5392 425 5446 In
462 5391 669 5447 Catena
738 5393 963 5457 Veneta,
1038 5394 1135 5445 l‘ol.
1167 5392 1275 5447 205
1303 5393 1369 5447 ad
1400 5392 1466 5446 lll
1496 5391 1626 5460 Reg.
1675 5409 1812 5457 χχιι,
1874 5394 1974 5453 19,
2014 5392 2105 5445 ubi
2162 5391 2229 5445 de
2276 5388 2516 5444 Michara:
2552 5390 2766 5444 visione
2813 5389 2976 5443 verba
3010 5389 3164 5446 llum.
3190 5388 3465 5460 prolixum

211 5462 577 5534 fragmentum
603 5462 865 5534 scribitur
890 5464 991 5518 sui)
1014 5463 1173 5534 titulo
1207 5462 1567 5534 λΘεοδωρήτου
1608 5466 1671 5515 ὲκ
1702 5464 1797 5515 τοῦ
1823 5459 1871 5530 γ’
1898 5462 2056 5529 λόγου
2081 5460 2173 5534 τοῦ
2204 5462 2343 5534 κατὰ
2374 5460 2710 5530 Μανιχαίων.
2758 5460 3079 5534 Theodoreti
3109 5476 3184 5534 ex
3218 5460 3370 5513 tertio
3402 5459 3468 5511 li-

211 5531 317 5587 bro'
356 5543 545 5586 contra
604 5531 957 5595 Manichwos,
996 5533 1144 5603 quod
1190 5542 1343 5603 certe
1385 5531 1531 5586 esset
1555 5531 1898 5603 incognitum
1922 5533 2255 5603 Theodoreti
2307 5547 2484 5599 opus;
2516 5539 2893 5603 verumtamen
2936 5532 3040 5585 hoc
3069 5531 3208 5603 idem
3237 5541 3465 5603 pro_rsus

212 5603 575 5673 fragmentum
603 5603 712 5657 vidi
745 5603 954 5657 editum
994 5599 1049 5659 in
1074 5604 1279 5659 Catena
1308 5599 2035 5673 Lipsiensiad'prmdictum
2072 5602 2375 5656 Bibliorum
2400 5603 2583 5658 locum
2626 5602 2730 5657 sub
2760 5602 3011 5673 Procopii
3039 5599 3282 5656 nomine.
3318 5599 3465 5652 Sane

213 5672 539 5741 Procopium
576 5673 895 5743 confecisse
912 5685 1139 5743 catenas
1167 5675 1398 5733 scimus,
1423 5680 1475 5725 et
1505 5672 1726 5743 quidem
1761 5674 1978 5743 aliquas
2012 5672 2340 5743 continuato
2386 5687 2640 5743 sermone
2682 5672 3109 5743 suppressisque
3168 5678 3459 5725 auctorum

213 5745 483 5798 variorum
513 5743 848 5815 nominibus.
880 5741 1026 5797 Nihil
1065 5760 1192 5815 ergo
1222 5745 1403 5815 obstat
1434 5741 2059 5815 qdominusProcopius
2080 5760 2107 5795 a
2133 5741 2859 5815 TILCUdOI'etohltun‘clocum
2898 5741 3192 5815 sumpserit
3226 5760 3239 5797 :
3284 5754 3466 5813 quan-

216 5828 373 5882 quam
400 5829 500 5883 ego
537 5813 593 5868 in
628 5812 727 5867 hoc
760 5814 927 5869 dubio
968 5786 1345 5870 uihildeﬁnio.
1376 5786 1509 5869 Axio.
1548 5811 1678 5882 MM,
1710 5786 1970 5869 Biblioth
2016 5828 2149 5866 nova
2192 5811 2440 5879 Patrum,
2471 5811 2557 5879 ill,
2597 5811 2723 5867 H8.
