4034 6500
257 391 391 457 1181

1223 403 1760 466 COMMENTARII
1816 407 1895 469 ΙΝ
1936 410 2085 472 LIB.
2123 411 2199 473 IV
2238 413 2533 475 REGUM.

3387 407 3527 474 1182

246 518 449 572 μενος*
487 504 688 573 μᾶλλον
732 503 789 559 δὲ
836 506 975 579 γυνὴ
1037 508 1240 565 παλαιά
1289 528 1392 576 τις,
1438 514 1504 583 ἣν
1563 514 1839 585 ὲθεοποίη-

1949 522 2028 574 nis
2062 520 2282 576 adducit
2324 521 2584 591 colligere
2615 519 2743 574 licet
2771 560 2786 587 ,
2822 518 3120 574 daemonem
3169 517 3272 572 hoc
3305 519 3526 575 nomine

242 610 375 648 σαν.

324 768 736 835 Καταῶξσεται
764 770 886 840 πῦρ
917 772 987 827 ἐκ
1030 773 1137 827 τοῦ
1166 776 1450 844 οὐρανοῦ.
1482 777 1546 832 Οἱ
1576 778 1667 831 τὸν
1694 795 1833 849 προ-

240 857 434 927 φήτην
470 859 564 910 ἐπὶ
585 862 699 922 τοῖς
734 866 1225 935 πντηκοντάρχοις
1254 866 1540 937 ὠμότητος
1567 868 1830 939 αἰτιώμε-

229 960 354 1013 ννοι,
387 949 530 1002 κατά
562 950 696 1004 Θεοῦ
741 953 1065 1009 λανθάνουσι
1102 955 1554 1027 βλασφημοῦντες
1578 999 1593 1022 ,
1628 958 1723 1012 τοῦ
1766 960 1830 1013 τὸ

248 1040 369 1111 πῦρ
401 1042 846 1109 ἀποστείλαντος.
884 1046 1004 1118 Χρὴ
1055 1049 1163 1117 γὰρ
1202 1049 1402 1103 εἰδέναι
1437 1050 1540 1119 τῆς
1570 1050 1723 1114 θείας
1754 1054 1833 1105 οί-

240 1133 518 1202 κονομίας
552 1135 613 1187 τὸ
640 1135 873 1201 δίκαιον,
906 1140 1003 1192 καὶ
1028 1140 1105 1202 ὡς
1135 1142 1193 1192 ὲν
1221 1141 1344 1213 δίκῃ
1371 1141 1592 1205 κολάζει
1622 1159 1704 1207 τε,
1736 1145 1832 1196 καὶ

249 1225 421 1281 πάλιν
449 1227 749 1297 εὐεργετεῖ.
791 1230 952 1300 Δῆλοι
999 1231 1056 1284 δὲ
1102 1228 1243 1302 ἦσαν
1274 1236 1323 1286 οἱ
1372 1234 1830 1306 πεντηκόνταρχοι

252 1316 400 1386 μετά
427 1318 537 1370 τῶν
565 1319 850 1389 ἑπομένων
873 1321 951 1392 τῷ
996 1323 1184 1393 σκοπῷ
1212 1325 1568 1395 πεπομφότος
1593 1326 1831 1395 συμὸαί-

249 1424 457 1471 νοντες.
506 1410 564 1462 Ὀ
612 1410 719 1481 γάρ
737 1412 941 1482 τρίτος,
999 1415 1273 1486 ἐπιεικείᾳ
1315 1417 1410 1469 καὶ
1454 1417 1636 1470 πίστει
1664 1434 1833 1488 προσ-

251 1498 528 1568 ενεχθεὶς,
551 1504 619 1572 τῇ
672 1504 841 1574 πείρᾳ
882 1504 981 1574 τὴν
1008 1505 1243 1576 δύναμιν
1283 1505 1381 1559 τοῦ
1412 1509 1693 1579 προφήτου
1725 1526 1832 1578 μαι

252 1590 388 1658 θὼν,
433 1592 779 1658 διασώζεται.
829 1597 988 1660 Τινὲς
1026 1598 1083 1651 δέ
1132 1616 1316 1667 φασιν,
1352 1599 1428 1663 ὡς
1463 1601 1601 1670 μετὰ
1634 1600 1836 1672 πολλῆς

249 1684 545 1754 εἰρωνείας
566 1687 960 1758 προσελθόντες
1001 1691 1231 1746 ἐκάλουν
1256 1692 1349 1746 τὸν
1395 1693 1626 1760 δίκαιον,
1667 1711 1835 1747 καταο

1934 614 2261 685 appellatum
2310 612 2516 677 fuisse;
2545 610 2630 665 vel
2662 610 2842 680 potius
2881 609 3150 665 aniculam
3206 609 3520 679 quamdam,

1933 722 2097 779 quam
2133 706 2188 761 in
2211 707 2432 760 dearum
2460 718 2747 758 numerum
2772 703 3097 758 retulerunt.

2005 800 2174 853 Vsus.
2214 796 2300 851 10.
2336 796 2631 851 Descendat
2666 795 2802 865 ignis
2834 811 2861 847 ε
2891 794 3043 849 caelo.
3071 793 3171 859 Qui
3201 793 3516 863 prophetam

1932 888 2271 943 crudelitatis
2316 889 2369 943 in
2417 886 2916 957 quinquagenarius
2950 892 3234 948 accusant,
3288 899 3395 937 non
3441 889 3525 937 at-

1931 980 2163 1035 tendunt
2214 994 2275 1034 se
2342 978 2450 1033 Deo
2482 976 2811 1032 maledicere
2838 1014 2854 1040 ,
2884 976 2980 1046 qui
3029 976 3175 1029 hunc
3218 975 3397 1043 ignem
3456 973 3523 1027 de

1932 1072 2075 1128 cmlo
2138 1072 2307 1127 misit.
2347 1068 2650 1125 Observare
2696 1069 2841 1123 enim
2897 1072 3114 1138 oportet
3158 1065 3374 1119 ordinis
3404 1106 3419 1129 ,
3467 1077 3524 1120 et

1933 1162 2365 1233 dispensationis
2418 1161 2617 1216 divina:
2663 1159 2964 1230 justitiam,
3018 1157 3165 1228 quod
3225 1163 3522 1223 sequentes

1932 1252 2078 1323 juste
2133 1251 2299 1308 etiam
2350 1251 2575 1322 puniat,
2631 1257 2685 1304 et
2736 1266 2958 1306 rursum
3021 1250 3160 1305 bene
3192 1249 3300 1303 illis
3337 1246 3524 1301 faciat.

1934 1343 2071 1400 Nam
2111 1344 2385 1398 manifesti
2432 1350 2589 1397 erant
2629 1340 3101 1410 pentecontarchi,
3141 1347 3194 1394 et
3242 1339 3335 1408 qui
3394 1337 3520 1391 illos

1935 1436 2337 1506 sequebantur,
2367 1432 2512 1502 quod
2544 1432 2683 1501 ejus,
2715 1431 2805 1500 qui
2845 1430 3103 1491 misisset,
3132 1444 3357 1498 scOpum
3422 1426 3525 1482 sibi

1936 1543 2152 1598 quoque
2202 1524 2633 1596 proposuissent.
2662 1521 2882 1578 Tertius
2934 1522 3075 1575 enim
3099 1562 3113 1585 ,
3171 1520 3443 1588 aequitate
3471 1520 3527 1571 el

1938 1620 2043 1673 lide
2070 1618 2341 1672 adductus
2362 1656 2377 1681 ,
2400 1629 2524 1668 cum
2590 1613 2704 1682 ipsa
2737 1612 3071 1681 experientia
3108 1611 3387 1679 pr0phetae
3410 1607 3526 1661 vir-

1938 1715 2107 1761 tutem
2134 1716 2188 1762 et
2240 1704 2535 1776 potentiam
2568 1701 2875 1763 didicisset,
2911 1710 3167 1755 servatur
3198 1697 3517 1753 incolumis.

252 1779 462 1881 ϐαίνειν
502 1783 754 1837 ἐκέλευον
807 1786 946 1855 πρὸς
991 1786 1209 1848 αὐτούς.
1247 1787 1412 1841 Ὅθεν
1463 1789 1581 1842 ἀντ’
1622 1789 1830 1842 ἐκείνου

1949 1795 2173 1862 Quidam
2197 1802 2377 1849 autem
2402 1792 2611 1855 dicunt,
2639 1790 2808 1861 quod,
2841 1805 3038 1860 magna
3064 1788 3421 1844 insultatione
3449 1784 3520 1839 ad

253 1869 372 1941 πῦρ
430 1873 714 1942 κατελθὸν,
763 1877 891 1941 τοὺς
956 1877 1292 1944 ἀσεϐοῦντας
1345 1880 1718 1950 κατέφλεξεν,
1757 1883 1839 1945 είς

1949 1904 2067 1944 eum
2092 1885 2428 1946 accedentes.
2456 1882 2701 1937 vocarint
2728 1881 2961 1951 justum,
2990 1888 3044 1936 et
3075 1880 3141 1935 ad
3176 1895 3236 1934 se
3289 1878 3520 1932 descen-

254 1962 512 2107 παέδείαν
554 1963 652 2019 τοῦ
709 1967 785 2039 μὴ
840 1967 952 2022 δεῖν
1005 1969 1286 2044 διασύρειν
1329 1974 1423 2027 καλ⁸
1485 1973 1705 2039 παίζειν
1756 1974 1837 2029 δι-

256 2069 337 2106 κα
361 2069 476 2107 ους.

256 2069 476 2119 καιους.

860 2246 1113 2304 ΚΕΦΑΔ.
1161 2248 1240 2304 B'.

336 2328 466 2388 Ὀτι
498 2335 612 2389 οὐκ
648 2334 729 2405 ἦν
772 2336 933 2404 αὐτῷ
963 2339 1115 2406 υἱός.
1137 2342 1276 2405 Παῖς
1302 2341 1416 2411 γὰρ
1446 2342 1533 2397 ἀεὶ
1565 2343 1703 2414 μετά
1729 2361 1840 2399 πα-

254 2425 395 2496 τέρα
422 2427 567 2480 κατά
598 2428 765 2498 νόμον
786 2429 888 2501 τὴν
916 2430 1194 2500 βασιλείαν
1221 2434 1453 2505 ἐδέχετο.
1488 2436 1751 2500 Ἀπαιδος
1782 2436 1841 2489 δὲ

255 2516 413 2580 ὄντος
439 2518 533 2571 τοῦ
556 2518 999 2591 τελευτήσαντος,
1032 2523 1140 2578 τῶν
1191 2524 1437 2594 ἀδελφῶν
1466 2527 1495 2580 6
1529 2527 1842 2595 πρεσϐύτα-

256 2609 573 2693 τοςκὌθεν
601 2613 633 2682 ἡ
660 2612 754 2665 τοῦ
788 2613 954 2668 Δαϐὶδ
985 2615 1253 2684 βασιλεία,
1288 2618 1450 2688 μέχρι
1492 2619 1593 2689 τῆς
1669 2622 1842 2691 αίχμ-

257 2703 524 2767 αλωσίας,
560 2703 647 2767 διὰ
678 2705 886 2758 παίδων
920 2707 1178 2776 κατῆλθε.
1219 2707 1326 2762 Τοῦ
1353 2709 1410 2762 δὲ
1454 2710 1706 2781 Ἰεχονίου
1735 2713 1844 2783 πρὸ

256 2793 362 2863 τῆς
388 2794 754 2859 παιδοποιίας,
774 2797 1368 2870 ἀ).όντος,ίΜατθανίας,
1394 2802 1422 2854 6
1451 2804 1543 2855 καὶ
1567 2803 1840 2871 Σεδεκίας,

259 2884 498 2957 κατέσχε
554 2886 655 2959 τὴν
707 2888 1003 2959 βασιλείαν,
1053 2889 1198 2956 θεῖος
1249 2890 1326 2945 ῶν
1382 2894 1545 2947 αὐτοῦ
1570 2895 1710 2967 πρὸς
1739 2914 1845 2950 πα-

258 2978 418 3049 τρός.
1460 2986 1463 2991 ’

336 3072 443 3125 Καὶ
474 3072 855 3139 πεντήκοντα
878 3074 1095 3143 ἄνδρες
1120 3077 1238 3131 ἀπὸ
1263 3078 1383 3131 τῶν
1399 3078 1544 3133 υἱῶν
1563 3079 1684 3133 τῶν
1702 3096 1845 3147 προ-

260 3163 493 3233 φητῶν.
532 3163 748 3235 Ἰδίωμα
806 3165 908 3236 τῆς
945 3167 1244 3238 Ἑϐραῖδος,
1276 3170 1393 3239 ἅμα
1419 3170 1476 3223 δὲ
1506 3172 1603 3224 καὶ
1625 3172 1841 3243 Σύρων,

264 3256 419 3319 υἱοὺς
444 3257 764 3327 προφητῶν,
785 3258 879 3310 καὶ
901 3259 1051 3322 υἱοὺς
1070 3260 1393 3332 ἀνθρώπων,
1418 3263 1723 3334 προφήτας,
1747 3263 1843 3316 καὶ

263 3345 588 3419 ἀνθρώπους
630 3350 833 3418 λέγειν.
878 3352 965 3415 Ὠς
1015 3352 1107 3405 τό”
1147 3370 1166 3404 ι
1201 3353 1323 3406 Υίοὶ
1363 3352 1692 3424 ἀνθρώπων,
1738 3354 1843 3418 ἕως

265 3440 401 3492 πότε
432 3441 789 3512 βαρυκάρδιοι
816 3458 830 3507 ;
870 3460 889 3493 ›
922 3444 1054 3497 Καί·
1093 3461 1113 3495 ι
1139 3444 1296 3498 Κατά
1337 3446 1396 3498 τὸ
1426 3444 1559 3516 ὕψος
1593 3464 1686 3499 σου
1714 3448 1844 3499 ἐπο-

266 3529 563 3600 λυώρησας
616 3532 744 3595 τοὺς
789 3532 939 3596 υἱοὺς
983 3534 1095 3586 τῶν
1141 3535 1464 3606 ἀνθρώπων.
1505 3557 1523 3590 ι
1556 3539 1751 3594 Πολλοὶ⁸
1789 3540 1848 3593 δὲ

265 3616 414 3693 ἦσαν
437 3624 735 3694 προφῆται,
767 3623 842 3687 ὡς
870 3625 897 3677 6
918 3623 1075 3693 λόγος
1096 3625 1385 3696 ἐδήλωσεν.

354 3796 771 3866 Ἐσκλήρυνας
811 3801 919 3855 τοῦ
958 3801 1222 3871 αἰτῆσαι.
1262 3806 1338 3858 Οὐ
1383 3804 1598 3876 φθονῶν
1624 3810 1724 3881 τῆς
1754 3812 1852 3882 χά-

276 3901 430 3956 ριτος
456 3885 534 3957 τῷ
559 3887 775 3960 μαθητῇ
822 3890 980 3945 τοῦτό
1033 3910 1220 3963 φησιν,
1248 3894 1385 3949 ἀλλά
1418 3897 1526 3950 τῶν
1554 3898 1728 3953 ἄλλων
1757 3902 1853 3955 ἀν-

274 3975 514 4048 θρώπων
537 3979 856 4051 κηδόμενος.
900 3983 1055 4036 Ἐπεὶ
1086 3984 1193 4056 γὰρ
1229 3988 1406 4057 τρισὶν
1432 3988 1596 4054 ἔτεσι,
1626 3996 1720 4046 καὶ
1744 4011 1849 4063 μη-

276 4067 366 4119 σὶν
392 4065 485 4134 ἓξ.
514 4067 915 4135 δυσσεϐοῦντας
958 4073 1087 4136 τοὺς
1132 4074 1453 4146 ἀνθρώπους
1493 4080 1812 4135 ἐπαίδευσεν
1834 4097 1850 4113 ⁸

277 4157 497 4229 ἀνάγκη
531 4158 589 4212 δὲ
620 4155 711 4230 ἦν,
741 4161 834 4213 τὸν
866 4161 1065 4233 διπλῆς
1109 4165 1553 4238 κληρονομοῦντα
1577 4172 1675 4242 τῆς
1703 4172 1856 4244 χάρι-

279 4265 372 4312 τος
397 4249 655 4304 διπλάσια
682 4251 1024 4322 ἐργάσασθαι
1069 4257 1392 4326 πράγματα.
1431 4260 1526 4313 Ἐν
1548 4262 1603 4314 δὲ
1624 4263 1852 4330 τούτων,

279 4341 317 4410 ἡ
338 4340 429 4394 διά
452 4340 547 4394 τοῦ
574 4342 737 4413 λιμοῦ
761 4344 1026 4416 τιμωρία.
1060 4348 1239 4400 Φειδοῖ
1283 4352 1620 4421 κεχρημένος
1675 4348 1852 4421 εἶπεν,

295 4433 711 4502 Ἐσαωιήρυνας
760 4435 870 4489 τοῦ
928 4435 1191 4505 αἰτῆσαι.
1250 4439 1421 4491 Τοῦτο
1450 4440 1505 4492 δὲ
1539 4443 1629 4493 καὶ
1653 4444 1717 4495 ὲκ
1755 4443 1855 4512 τῆς

1940 1983 2071 2037 dere
2121 1976 2407 2049 iusserint.
2458 1974 2799 2045 Quapropter
2842 1989 2941 2042 pro
2987 1972 3095 2028 illis
3145 1969 3524 2031 descendens,

1943 2073 2138 2141 impios
2162 2070 2285 2123 illos
2335 2065 2636 2135 assumpsit
2672 2065 2729 2118 in
2782 2063 3087 2131 exemplum
3111 2069 3164 2114 et
3197 2059 3523 2113 doctrinam.

1942 2180 2009 2220 ne
2031 2164 2211 2234 justos
2238 2159 2500 2215 conviciis
2529 2170 2938 2229 persequamur,
2955 2168 3090 2209 neve
3103 2151 3395 2207 illudamus
3422 2149 3529 2205 eis.

2609 2246 2760 2303 CAP.
2812 2246 2875 2301 ll.

2013 2348 2175 2403 Vsus.
2214 2345 2266 2400 1.
2308 2342 2452 2410 Quia
2480 2342 2655 2411 ﬁlium
2700 2354 2805 2399 non
2847 2336 3093 2391 habebat.
3126 2333 3354 2403 Semper
3378 2331 3522 2385 enim

1942 2441 2086 2496 ﬁlius
2123 2439 2279 2509 juxta
2328 2435 2498 2505 legem
2549 2431 2689 2503 patri
2732 2431 2787 2485 in
2834 2426 3306 2484 administratione
3376 2424 3526 2491 regni

1943 2532 2311 2591 succedebat.
2367 2533 2584 2583 mortuo
2635 2539 2797 2591 vero,
2832 2521 3012 2576 nullos
3044 2526 3167 2590 post
3215 2533 3273 2572 se
3323 2515 3525 2569 liberos

1942 2623 2296 2696 relinquenti,
2326 2621 2553 2676 fratrum
2589 2617 2863 2673 maximus
2914 2621 3068 2669 natu.
3109 2610 3261 2666 Unde
3311 2606 3530 2662 Davidis

1943 2732 2170 2789 regnum
2212 2729 2385 2785 usque
2419 2712 2486 2766 ad
2514 2709 2886 2780 captivitatem
2921 2720 3019 2776 per
3046 2703 3185 2785 filios
3227 2698 3529 2757 descendit.

1941 2782 2203 2867 JeEhonia
2254 2782 2382 2863 vero
2415 2811 2575 2874 capto
2630 2810 2917 2871 antequam
2966 2782 3105 2852 ﬁlios
3153 2800 3529 2865 procreasset,

1942 2903 2247 2959 Mathanias
2282 2900 2373 2971 qui
2396 2909 2448 2953 et
2472 2895 2792 2960 Sedechias,
2811 2892 3100 2962 imperium
3126 2887 3336 2953 tenuit;
3365 2899 3534 2939 avun-

1944 2997 2104 3053 culus
2146 2994 2291 3049 enim
2327 2997 2446 3047 erat
2481 3004 2544 3043 ex
2584 2994 2761 3056 patre.

2016 3086 2189 3140 Vens.
2221 3082 2277 3136 7.
2316 3080 2383 3135 Et
2412 3077 2799 3150 quinquaginta
2851 3072 2951 3127 viri
2982 3085 3049 3124 ea:
3078 3068 3207 3139 ﬁliis
3244 3065 3532 3137 prop/teta-

1873 3198 1917 3261 ρ
1948 3196 2087 3233 rum.
2119 3174 2287 3230 Filios
2314 3172 2696 3243 prophetarum
2732 3172 2786 3221 et
2825 3165 2965 3219 ﬁlios
3006 3160 3331 3261 hominum,
3362 3154 3536 3257 homi—

1947 3284 2046 3326 nes
2101 3274 2157 3322 et
2188 3264 2483 3335 pr0phetas
2529 3257 2821 3328 appellare,
2854 3254 3057 3308 idioma
3088 3258 3174 3306 est
3204 3247 3531 3302 llebraicum

1943 3371 1999 3419 et
2037 3347 2839 3431 Syriacum.Quemadmodum
2872 3342 3010 3400 illud
3044 3363 3056 3398 :
3113 3361 3130 3394 ι
3173 3337 3303 3394 Filii
3351 3337 3536 3392 homi-

1948 3426 2404 3518 num,quousque
2437 3439 2588 3513 gravi
2625 3438 2791 3494 corde
2819 3436 2953 3493 estis
2981 3434 3069 3485 ⁸⁷⁸1
3108 3452 3127 3485 ι
3170 3431 3234 3485 Ει
3265 3447 3279 3483 :
3317 3448 3334 3480 ι
3373 3426 3537 3481 Juxta

1950 3540 2292 3598 altitudinem
2325 3544 2471 3589 tuam
2508 3528 2881 3600 multiplicasti
2917 3526 3057 3580 ﬁlios
3103 3522 3414 3584 hominum,
3446 3532 3540 3573 eo-

1950 3646 2185 3701 rumque
2231 3641 2422 3683 curam
2467 3621 2706 3677 habuisti
2756 3618 2826 3677 ⁸⁸.
2877 3637 2896 3671 ι
2960 3616 3115 3672 Multi
3159 3622 3339 3669 autem
3384 3615 3542 3667 erant

1947 3723 2251 3797 prophetae,
2287 3724 2346 3772 ut
2382 3716 2469 3769 hic
2502 3714 2657 3768 locus
2688 3711 2956 3767 ostendit.

2020 3814 2186 3870 Vsus.
2218 3812 2306 3866 10.
2342 3808 2471 3863 Rem
2502 3808 2691 3861 duram
2724 3816 2772 3859 et
2832 3801 3092 3873 difﬁcilem
3145 3798 3395 3868 petivisti.
3424 3793 3541 3849 Non

1952 3911 2096 3982 quod
2128 3903 2397 3974 discipulo
2461 3899 2717 3969 gratiam!
2739 3905 2792 3951 et
2822 3897 2965 3950 dona
2992 3893 3233 3948 invideat
3257 3930 3273 3952 ,
3314 3890 3429 3944 haec
3464 3888 3544 3942 lo-

1953 3979 2139 4072 quitur
2163 4037 2180 4064 ,
2214 3994 2307 4050 sed
2336 3992 2568 4045 aliorum
2598 3988 2880 4042 hominum
2916 3999 3103 4041 curam
3135 3998 3353 4053 gerens,
3384 3979 3543 4047 Nam,

1954 4070 2078 4145 cum
2122 4088 2236 4157 ipse
2282 4083 2456 4138 tribus
2515 4078 2675 4133 annis
2729 4086 2781 4132 et
2831 4091 2929 4130 sex
2986 4073 3265 4127 mensibus
3297 4070 3547 4124 homines

1955 4177 2279 4247 castigarit,
2333 4184 2387 4229 et
2441 4169 2740 4232 aﬂlixerit,
2792 4178 3016 4221 necesse
3075 4162 3179 4216 fuit
3230 4161 3405 4225 illum,
3453 4160 3544 4229 qui

1956 4268 2229 4339 duplicem
2264 4260 2571 4334 partionem
2603 4258 2671 4313 de
2704 4257 2879 4328 gratia
2911 4251 3153 4324 Spiritus
3206 4249 3544 4318 accepisset,

1958 4358 2200 4431 duplicia
2242 4356 2407 4410 etiam
2456 4366 2623 4421 opera
2665 4350 2831 4405 edere
2873 4362 2941 4401 ex
2989 4344 3190 4414 quibus
3230 4356 3401 4395 unum
3433 4349 3551 4394 erat

1958 4427 2119 4524 poena
2153 4446 2332 4502 famis.
2360 4438 2737 4497 Misericordia
2768 4437 2932 4506 igitur
2968 4440 3144 4486 motus
3169 4469 3184 4494 ,
3216 4432 3372 4494 Rem,
3394 4427 3546 4488 dicit,

282 4525 532 4596 ἱστορίας
552 4526 918 4598 μανθάνομεν.
939 4527 1111 4581 Ἑπτά
1124 4529 1232 4601 γὰρ
1256 4530 1434 4585 ἐτεσιν
1450 4532 1727 4607 ὲπηνέχθη
1744 4539 1843 4601 τοῖς

1960 4515 2217 4612 magnam
2267 4541 2321 4589 et
2372 4532 2565 4586 duram
2614 4525 2876 4597 petivisti.
2918 4520 2975 4576 ld
3011 4518 3153 4589 quod
3216 4532 3282 4571 ex
3321 4515 3547 4569 historia

282 4614 597 4688 ἀνθρώποις
616 4620 652 4687 ἡ
672 4618 770 4672 τοῦ
796 4618 956 4690 λιμοῦ
987 4620 1251 4693 τιμωρία.

367 4796 562 4865 Ἅρμα
594 4795 868 4864 Ἰσραὴλ,
909 4795 1008 4850 καί
1055 4799 1273 4865 ἱππεὺς
1300 4799 1514 4872 αὐτοῦ.
1543 4800 1607 4853 Οἱ
1628 4800 1739 4855 τῶν
1766 4801 1861 4857 ἀλ-

282 4887 399 4941 λων
422 4886 593 4941 ὲθνῶν
626 4886 866 4958 βασιλεῖς
897 4889 1086 4953 ἵπποις
1119 4892 1473 4963 κεχρημένοι,
1503 4891 1599 4947 καὶ
1628 4894 1862 4965 ἅρμασι,

285 4975 711 5044 παρετάττοντο.
742 4976 945 5030 Τούτου
966 4978 1127 5049 χάριν
1146 4980 1240 5033 τὸν
1267 4981 1440 5051 μέγαν
1470 4982 1656 5037 Ἠλίαν
1687 4984 1862 5054 ἆρμα,

285 5066 388 5119 καὶ
420 5066 615 5131 ἱππέα,
648 5064 743 5121 τοῦ
777 5068 993 5139 Ἰσραὴλ
1012 5072 1457 5145 προσηγόρευσεν
1476 5073 1553 5137 ὡς
1579 5075 1868 5146 ἀποχρῶν-

1972 4611 2318 4703 perspectum
2362 4622 2668 4683 habemus;
2725 4615 2896 4669 fames
2930 4611 3078 4668 enim
3120 4616 3327 4678 septem
3375 4620 3546 4659 anno-

1972 4736 2093 4777 rum
2126 4732 2292 4789 super
2321 4712 2572 4768 homines
2601 4706 2841 4761 atlducta
2867 4710 2971 4758 est.

2034 4784 2214 4864 Vsus:
2257 4803 2346 4858 12.
2399 4798 2603 4855 Currus
2656 4792 2855 4854 Israel,
2906 4800 2957 4845 et
3000 4805 3152 4860 eques
3193 4787 3329 4858 ejus.
3370 4784 3547 4856 Reges

1966 4899 2196 4955 aliarum
2239 4893 2481 4966 gentium
2534 4889 2690 4959 equis
2735 4894 2789 4942 et
2834 4884 3083 4939 curribus
3114 4881 3270 4953 54],
3298 4878 3549 4936 instructi

1970 4992 2025 5046 in
2055 4989 2175 5043 acie
2207 4983 2545 5057 pugnabant.
2565 4982 2721 5034 Hanc
2750 4977 2821 5033 ob
2849 4990 3071 5031 causam
3105 4986 3361 5044 magnum
3397 4971 3549 5025 illum

1971 5082 2143 5138 Elium
2193 5089 2414 5134 currum
2468 5082 2524 5129 et
2569 5071 2807 5143 equitem
2845 5068 3063 5124 lsraelis
3115 5065 3436 5136 appellavit,
3492 5075 3552 5117 ut

287 5174 381 5222 τα,
412 5158 510 5211 καὶ
547 5158 709 5229 μόνον
735 5161 864 5225 τοὺς
907 5163 1205 5234 πολεμίους
1241 5166 1747 5236 καταγωνίσασθαι,
1778 5186 1843 5223 κα

1974 5175 2070 5245 qui
2128 5172 2283 5228 solus
2344 5169 2530 5223 hostes
2581 5178 2867 5234 superare,
2902 5160 3099 5217 etsuis
3148 5154 3550 5213 contribulibus

290 5253 602 5320 παρασχεῖν
632 5254 747 5315 τοῖς
783 5252 1083 5323 ὁμοφύλοις
1118 5256 1221 5327 τὴν
1249 5256 1435 5327 χάριν.

364 5340 491 5395 Ποῦ
520 5340 595 5409 δή
633 5343 806 5399 ἐστιν
824 5347 857 5398 ό
888 5344 1033 5411 Θεὸς
1070 5345 1269 5401 Ἠλίου
1296 5347 1491 5416 dumb;
1520 5348 1875 5422 Μιμούμενος

1979 5279 2167 5338 pacem
2194 5269 2250 5319 et
2278 5260 2508 5332 gratiam
2551 5263 2736 5328 posset
2770 5263 3055 5325 praestare.

2050 5356 2218 5411 Vens.
2251 5352 2338 5408 H.
2385 5349 2486 5405 Ubi
2507 5358 2585 5404 est
2603 5348 2747 5402 Deus
2782 5344 2919 5401 Elia:
2937 5342 3152 5414 ampho.
3182 5339 3264 5396 Ad
3289 5338 3551 5395 imitatio.

286 5431 391 5486 τὸν
417 5432 760 5500 διδάσκαλον,
813 5438 879 5507 τῇ
908 5437 1130 5509 μηλωτῇ
1173 5438 1269 5492 τοῦ
1300 5440 1569 5510 Ἰορδάνου
1621 5443 1683 5495 τὸ
1730 5442 1838 5496 ὖδω

1984 5461 2106 5503 nem
2126 5445 2212 5501 sui
2244 5441 2599 5515 praeceptoris
2630 5438 2769 5493 nihil
2787 5437 3001 5500 dicens,
3019 5433 3186 5504 pallio
3207 5446 3407 5502 aquam
3427 5428 3551 5485 Jor-

289 5523 590 5591 ὲπάταξεν,
642 5526 793 5581 οὐδὲν
845 5528 1106 5599 εἰρηκώς.
1152 5529 1367 5602 Ἰκανὴν
1419 5530 1477 5585 δὲ
1530 5532 1762 5603 νομίσας
1795 5536 1843 5587 εί

1984 5536 2146 5592 danis
2188 5533 2487 5606 percussit,
2516 5530 2741 5601 pallium
2782 5530 2848 5583 ad
2899 5524 3173 5582 edendum
3217 5521 3548 5577 miraculum

296 5613 754 5686 θαυματουργίας
796 5615 897 5688 τὴν
948 5618 1225 5690 μηλωτὴν,
1286 5619 1381 5674 τοῦ
1439 5621 1497 5676 δὲ
1545 5622 1739 5689 ὕδατος
1775 5625 1843 5694 ού

1983 5624 2234 5683 sutlicere
2255 5620 2602 5687 existimans,
2633 5632 2774 5690 aqua
2812 5630 2944 5673 vero
2970 5628 3080 5671 non
3111 5610 3362 5679 cedente,
3382 5609 3550 5667 Deum

376 5789 418 5820 ⁸⁷
458 5788 602 5846 Psal.
637 5808 711 5859 tv,
740 5795 793 5848 3.
872 5794 918 5827 ⁵⁸
947 5794 1092 5851 Psal.
1129 5812 1203 5864 ιι,
1241 5798 1298 5852 9.
