4034 6502
205 354 348 420 11-ςὸ

1197 349 1732 416 COMMENTARII
1768 346 1850 407 ΙΝ
1891 344 2039 405 LIB.
2081 343 2156 404 IV
2197 338 2492 403 REGUM.

3360 325 3496 402 1186

277 475 439 532 Κατὰ
463 475 571 533 τὸν
590 475 800 547 καιρὸν
834 477 1070 543 τοῦτον,
1103 475 1183 543 ὡς
1201 473 1397 546 μωρὰά
1417 473 1623 539 ταύτῃ.
1641 467 1813 522 Τοῦτο

1988 461 2155 516 Vens.
2213 460 2298 514 l6.
2326 458 2393 513 In
2447 468 2670 526 tempus,
2726 464 2782 511 ut
2825 455 2957 509 hora
2991 450 3123 504 haec.
3161 445 3310 503 Idem
3356 447 3490 500 dixt

201 570 342 644 πρὸς
375 572 470 625 τδν
516 568 864 642 πατριάρχην
893 566 923 618 ὁ
953 566 1064 621 τῶν
1093 567 1234 620 ὅλων
1263 565 1367 636 ἔφη
1398 563 1564 626 Θεός·
1604 579 1623 613 ι
1649 558 1808 614 Κατὰ

199 663 297 716 τὸν
345 661 544 735 καιρὸν
575 659 767 715 τοῦτον
822 657 1142 729 ἐλεύσομαι,
1189 658 1289 713 καὶ
1338 656 1490 711 ἔσται
1523 656 1590 727 τῇ
1621 653 1808 726 Σάρρᾳ

205 756 348 820 υἱός.
379 776 401 810 r
427 755 592 825 Δηλοῖ
633 753 819 827 τοίνυν
847 750 916 806 δι’
949 745 1027 808 ὧν
1051 753 1278 823 εἴρηκεν
1311 751 1340 803 ὁ
1375 748 1685 821 προφήτης,
1733 747 1808 809 ὼς

206 850 378 914 αὐτὸς
409 848 708 920 ἐφθέγγετο
737 847 805 901 δι’
858 843 1028 900 αὑτοῦ
1060 847 1089 900 ὁ
1134 843 1244 898 τῶν
1293 842 1432 896 ὅλων
1475 838 1702 911 Κύριος.
1733 830 1808 892 Ob

206 942 277 1014 δὴ
305 942 469 1013 χάριν
489 941 586 994 καὶ
615 937 974 1008 ἁποφατικῶς
995 935 1197 990 δέδωκε
1222 935 1323 1006 τὴν
1345 931 1666 1002 ὑπόσχεσιν.

287 1034 404 1089 Καὶ
447 1033 737 1103 ἐκόμισεν
777 1028 967 1085 αὑτὸν
990 1027 1088 1082 ἐπὶ
1118 1028 1341 1094 κλίνην
1365 1023 1472 1079 τοῦ
1495 1019 1811 1091 ἀνθρώπου

209 1125 324 1180 τοῦ
356 1124 525 1178 Θεοῦ.
556 1121 821 1178 Μαθοῦσα
841 1119 950 1191 γὰρ
980 1121 1077 1173 τοῦ
1119 1118 1404 1190 προφήτου
1433 1117 1534 1185 τὴν
1555 1113 1811 1184 δύναμιν,

211 1218 315 1273 καὶ
340 1215 672 1287 τελευτῆσαν
704 1214 768 1268 τὸ
809 1211 1020 1266 παιδίον
1050 1210 1278 1282 ἧλπιζεν
1313 1205 1741 1281 ἀναστήσεσθαι.

298 1398 374 1452 ’11
397 1395 466 1450 δὲ
498 1390 669 1449 εἶπεν
701 1407 718 1422 ’
748 1388 1002 1459 Είρήνη.
1033 1386 1362 1458 Προσειπεῖν
1411 1383 1575 1437 αὑτὸν
1626 1377 1816 1453 βούλο-

263 1507 347 1543 αι.

263 1507 347 1543 αι.

217 1505 258 1559 μ
297 1579 522 1649 Εἰρήνη
563 1594 685 1632 σοι.
733 1575 886 1632 Ἀντί
929 1573 1048 1638 τοῦ,
1102 1571 1300 1636 Καλῶς
1349 1569 1586 1640 διάγετε,
1642 1565 1819 1636 ὑγιαίο

217 1691 365 1727 νετε.

297 1765 404 1820 h‘tti
441 1764 655 1833 Κύριος
683 1756 1037 1828 ἀπέκρυψεν
1071 1755 1174 1812 ἀπ’
1201 1754 1370 1826 ἐμοῦ.
1398 1753 1472 1807 Οὐ
1505 1753 1614 1824 γὰρ
1641 1751 1825 1806 πάντα

1915 552 2060 609 Deus
2123 547 2646 606 conditoruniversi
2679 547 2746 602 ad
2799 541 3169 618 patriarcliam
3205 558 3216 592 :
3253 559 3269 587 ‹
3330 536 3494 592 Juxta

1913 643 2017 699 hoc
2074 652 2292 713 tempus
2321 641 2558 703 veniam,
2598 649 2654 694 ct
2707 637 2859 693 Sara:
2911 635 3058 690 ﬁlius
3085 633 3191 688 erit
3217 631 3286 683 ⁸ο.
3320 647 3340 680 ι
3404 628 3498 681 llis

1913 737 2084 806 igitur
2109 735 2316 800 verbis,
2350 749 2476 805 qua:
2504 731 2768 803 prepbeta
2820 729 2983 792 dixit,
3014 725 3259 781 declarat
3314 722 3496 793 ipsum

1913 827 2263 883 conditorem
2330 823 2575 878 universi
2623 835 2717 892 per
2745 836 2810 877 os
2860 820 3034 890 ipsius
3065 819 3310 871 locutum
3351 828 3495 868 esse.

1914 919 2178 990 Hancque
2225 915 2296 971 ob
2324 930 2546 970 causam
2599 920 2806 968 certam
2870 909 3303 982 promissionem
3345 904 3494 960 fecit.

1987 1009 2160 1066 Vens.
2217 1008 2310 1063 21.
2366 1005 2436 1060 Ει
2482 1005 2764 1060 collocavit
2815 1021 2932 1060 eum
2984 1001 3351 1072 superiectum
3398 999 3500 1052 viri

1917 1104 2036 1160 Dei.
2092 1101 2385 1172 Pcrspecta
2407 1099 2609 1152 virtute
2634 1107 2688 1152 et
2741 1095 2986 1167 potentia
3033 1094 3335 1164 prophetae,
3368 1108 3501 1162 pun--

1919 1211 2037 1250 rum
2065 1195 2230 1250 etiam
2260 1191 2367 1247 vita
2394 1189 2714 1246 defunctum
2743 1187 2986 1259 speravit
3053 1195 3500 1240 resurrecturum

1916 1303 2061 1344 €888.

1991 1377 2161 1432 Vsus.
2221 1373 2312 1431 26.
2343 1371 2467 1441 Ipsa
2522 1381 2699 1427 autem
2734 1369 2873 1424 dixit
2904 1386 2921 1424 :
2957 1368 3099 1422 Pax.
3158 1368 3342 1438 Ipsum
3379 1372 3503 1425 volo

1922 1469 2150 1539 alloqui.

1994 1562 2114 1616 Pax
2138 1561 2256 1614 tibi.
2300 1559 2405 1614 Pro
2430 1557 2612 1623 καλῶς
2643 1556 2893 1624 διάγετε,
2928 1551 3201 1622 ὑγιαίνετε
3223 1590 3238 1616 ,
3295 1549 3348 1604 id
3397 1563 3504 1616 est,

1925 1655 2050 1709 bene
2069 1655 2230 1724 agite,
2255 1653 2442 1707 valete.

2002 1746 2165 1801 Vens.
2221 1745 2312 1800 27.
2351 1744 2608 1798 Dominus
2663 1737 2944 1794 abscondit
2971 1754 3002 1789 a
3035 1751 3134 1788 me.
3173 1731 3291 1787 Non
3359 1733 3506 1787 enim

219 1855 448 1927 ᾔδεισαν
469 1826 850 1922 οἰτπροφῆται,
881 1826 997 1903 ἀλλ’
1034 1847 1181 1916 ἆπερ
1219 1849 1252 1919 ἡ
1283 1844 1402 1899 θεία
1447 1845 1603 1915 χάρις
1636 1843 1819 1904 αὐτοῖς

1950 1840 2112 1893 unnia
2166 1846 2442 1893 noverunt
2502 1833 2803 1905 propheta,
2848 1827 2945 1885 scd
2979 1842 3041 1882 ea
3069 1826 3360 1888 duntaxat,
3387 1841 3510 1894 que

220 1948 330 2000 ἀπε
340 1945 635 1999 κάλυπτεν.

296 2039 428 2091 Ὅτι
454 2037 531 2091 ἂν
566 2034 837 2106 εῠρήσῃς
890 2029 1046 2096 τινὰ,
1092 2028 1178 2100 μὴ
1227 2025 1575 2097 εὐλογήσῃς
1613 2022 1818 2079 αὐτόν.

226 2131 387 2204 ’ᾙδει
410 2128 577 2182 αὑτοῦ
603 2128 666 2182 τδ
702 2127 1005 2196 φιλότιμον.
1053 2123 1118 2177 Ἦ
1145 2121 1202 2177 δὲ
1248 2117 1546 2186 κενοδοξία,
1571 2114 1671 2188 τὴν
1694 2114 1825 2168 θαυ-

228 2222 574 2296 ματουργία-θ
599 2219 823 2275 κωλύει.

303 2401 414 2457 Kal
431 2400 687 2467 ἐπέθηκε
717 2397 780 2452 τὸ
805 2396 1131 2466 πρόσωπον
1159 2389 1345 2446 αὐτοῦ
1391 2388 1489 2443 ἐπὶ
1511 2389 1576 2442 τὸ
1631 2387 1825 2457 πρόσ-

227 2511 402 2548 ωπον
421 2491 634 2547 αὑτοῦ.
660 2485 789 2564 Ἵνα
834 2488 937 2558 τῆς
968 2485 1074 2554 τοῦῖ
1098 2483 1298 2549 ζῶντος
1332 2481 1360 2533 ὁ
1392 2477 1622 2541 τεθνεὼς
1658 2493 1825 2548 μετα-

227 2579 378 2651 λάϐῃ
406 2579 550 2648 ζωῆς
573 2594 588 2608 ·
619 2575 721 2648 τῆς
749 2573 1133 2646 πνευματικῆς
1167 2571 1328 2642 δῆλον
1358 2572 1443 2625 ὅτι
1471 2569 1696 2640 χάριτος
1727 2565 1829 2638 τὴν

229 2672 386 2743 ζωὴν
415 2669 780 2742 χορηγούσης.

307 2762 510 2816 Εὶδάδ.
551 2761 993 2830 Ἐνεφύσησεν,
1023 2757 1401 2828 ὲρμήνευσαν.

310 2852 421 2909 Καὶ
447 2853 822 2908 ἐνέπνευσεν
871 2851 966 2904 ἐπ’
997 2851 1206 2907 αὐτόν.
1239 2847 1302 2900 Οἱ
1332 2843 1532 2908 λοιποὶ,
1563 2840 1828 2898 συνεκά-

230 2951 273 3002 .1
283 2950 465 3017 υψεν.

315 3041 538 3111 Ἀριὼθ.
573 3041 636 3094 0i
664 3037 866 3104 λοιποὶ,
903 3033 1336 3107 ἀγριολάχανα.

318 3220 538 3276 Λάϐετε
553 3219 834 3288 ἄλευρον,
867 3215 967 3270 καὶ
996 3211 1323 3284 ἐμϐάλλετε
1347 3209 1432 3275 εἰς
1456 3207 1564 3262 τὸν
1590 3205 1834 3274 λέϐητα.
1863 3175 1906 3232 c

241 3313 358 3368 Τοῦ
396 3311 727 3384 δηλητηρίου
753 3312 855 3379 τὴν
905 3307 1194 3378 ἐνέργειαν
1239 3300 1514 3373 ἡμὸλυνεν
1555 3299 1654 3368 οὐχ
1683 3299 1718 3368 ἡ
1747 3294 1842 3349 τοῦ

237 3407 480 3478 ἀλεύρου
506 3405 690 3476 φύσις,
737 3401 855 3457 ἀλλ’
891 3403 926 3471 ἡ
950 3397 1044 3452 τοῦ
1075 3396 1360 3466 προφήτου
1395 3393 1582 3463 χάρις.
1627 3390 1714 3453 Ὠς
1751 3387 1846 3443 καὶ

241 3501 349 3572 τῆς
384 3501 568 3572 πηγῆς
590 3498 784 3566 ἄγονον
808 3495 910 3566 οὐχ
938 3493 1068 3557 ἆλες
1101 3487 1420 3562 μετέϐαλον.

859 3670 1111 3726 ΚΕΦΑΛ.
1147 3669 1226 3724 E’.

330 3767 562 3824 Λοῦσαι
591 3767 661 3820 ἐν
687 3763 768 3830 τῷ
817 3761 1079 3831 Ἰορδάνῃ
1110 3758 1387 3828 ἕϐδομον.
1425 3753 1577 3808 Ἰδεῖν
1622 3751 1722 3822 μὲν
1747 3749 1852 3804 αὐ·-

251 3861 373 3928 τδν,
397 3861 471 3924 ὠς
501 3857 705 3930 λεπρδν
748 3855 1011 3928 ⁴ηνέσχετο
1031 3870 1046 3884 ·
1081 3853 1158 3916 ὼς
1203 3849 1310 3904 ὑπὸ
1335 3846 1445 3901 τῶν
1491 3845 1673 3917 νόμων
1701 3842 1853 3896 πολι-

252 3953 574 4024 τευόμενος.
611 3949 949 4022 Προστάττει
979 3945 1037 4000 δὲ
1070 3944 1134 3999 τὸ
1172 3939 1560 4014 προκείμενον.
1593 3936 1854 4007 Σὼματος

256 4047 374 4118 γὰρ
400 4041 468 4120 ἦν
501 4047 536 4118 ἡ
563 4044 766 4114 λέπρα,
811 4042 952 4110 ὅπερ
981 4041 1046 4093 ὲκ
1081 4037 1194 4091 τῶν
1240 4034 1529 4106 τεσσάρων
1570 4029 1854 4101 στοιχείων

263 4139 621 4209 συνέστηκεν.
666 4133 838 4189 Ἑπτὰ
871 4133 927 4186 δὲ
959 4130 1197 4204 ἡμέραις
1222 4129 1251 4181 δ
1283 4125 1479 4198 παρὼν
1507 4124 1622 4196 βίος
1651 4123 1856 4176 ἀνακυ-

262 4231 501 4285 κλεῖται.
534 4227 650 4299 Τῆς
681 4227 737 4280 δὲ
761 4223 944 4296 ψυχῆς
976 4225 1012 4295 η
1035 4221 1300 4293 κάθαρσις
1322 4219 1462 4275 κατὰ
1498 4218 1591 4271 τὸν
1619 4213 1856 4287 ἀριθμὸν

261 4323 366 4394 τῆς
407 4320 570 4390 ἁγίας
601 4319 956 4373 ἀποτελεῖται
988 4313 1242 4387 Τριὰδος.

339 4418 449 4471 Καὶ
476 4413 747 4485 ἐθυμώθη
793 4407 1090 4479 Νεεμμὰν.
1120 4407 1194 4461 Οὐ
1234 4405 1391 4474 νοῶν,
1425 4405 1508 4459 ὅτι
1550 4403 1801 4473 Ἰωάννης
1830 4411 1854 4440 ⁸

1922 1936 2110 1991 divina
2139 1933 2314 2006 gratia
2349 1933 2488 2003 ipsis
2513 1929 2799 1986 revelavit.

1997 2027 2168 2084 Vens.
2194 2027 2287 2083 29.
2330 2024 2389 2080 Si
2408 2022 2668 2080 inveneris
2699 2021 2951 2090 aliquem,
3003 2033 3110 2071 non
3143 2015 3422 2070 benedicas
3438 2015 3508 2068 ei.

1926 2115 2172 2182 Sciebat,
2233 2130 2399 2186 quam
2452 2111 2631 2168 laudis
2680 2107 2918 2180 cupidus
2963 2103 3322 2161 csset.Vanze
3382 2119 3514 2156 vero

1924 2210 2115 2282 gloriae
2136 2207 2413 2265 atiectatio
2469 2203 2700 2277 impedit
2754 2201 3076 2259 facultatem
3109 2197 3308 2256 edendi
3343 2195 3511 2252 mira-

1925 2303 2074 2358 cula.

2001 2394 2166 2448 Visus.
2208 2391 2297 2446 54.
2333 2388 2494 2460 542
2525 2387 2710 2443 Posuit
2745 2384 2937 2456 {aciem
2978 2397 3132 2436 suam
3154 2396 3309 2449 super
3327 2377 3517 2449 [aciem

1927 2489 2065 2556 ejus.
2107 2485 2453 2541 Utmortuus
2484 2484 2608 2536 vita:
2656 2479 2894 2533 viventis
2945 2473 3224 2546 particeps
3262 2469 3519 2526 reddere-

1931 2589 2056 2644 tur;
2088 2576 2363 2648 spirituali
2409 2568 2606 2643 nempe
2630 2570 2808 2643 gratia
2839 2568 3006 2622 vitam
3047 2565 3235 2618 dante.
3313 2607 3316 2610 .

2001 2746 2197 2802 Eidad.
2236 2745 2620 2815 Exposuerunt
2657 2739 2981 2811 ἐνεφύσησε,
3011 2736 3243 2805 inﬂavit.

2002 2838 2300 2907 Inspirarit
2332 2838 2388 2890 in
2430 2851 2571 2892 eum.
2612 2832 2834 2903 Reliqui
2893 2830 3131 2886 reddunt
3163 2823 3524 2896 συνεκάλυψε,

1933 2934 2189 2990 contexit.

2006 3023 2171 3080 Vens.
2206 3021 2296 3077 39.
2331 3018 2542 3074 Ariotlt.
2577 3015 2797 3088 Reliqui
2832 3013 3069 3070 reddunt
3123 3010 3526 3082 ἀγριολάχανα,

1939 3117 2086 3173 olera
2133 3113 2417 3169 silvestria.

2016 3210 2188 3265 Vens.
2242 3207 2329 3263 4|.
2385 3205 2617 3274 Accipite
2646 3201 2904 3267 farinam,
2945 3208 2992 3253 et
3040 3197 3236 3250 mittite
3258 3196 3312 3249 in
3342 3195 3525 3252 Iebete.

1945 3301 2068 3358 Non
2098 3301 2290 3355 farina:
2325 3298 2409 3354 vis
2459 3305 2516 3352 et
2548 3301 2767 3357 natura,
2798 3292 2894 3346 sed
2930 3290 3130 3360 gratia,
3153 3303 3265 3358 qua
3293 3290 3530 3358 prophe-

1949 3405 2002 3452 ta
2029 3391 2296 3464 praeditus
2327 3389 2452 3457 fuit,
2486 3386 2673 3442 herba:
2698 3381 2997 3438 mortifera:
3023 3379 3133 3432 vim
3187 3385 3243 3431 et
3268 3375 3526 3432 eﬂ‘ectnm

1948 3490 2248 3550 hebetavit.
2278 3485 2748 3556 Quemadmodum
2781 3479 2949 3534 fontis
2981 3476 3147 3533 etiam
3179 3473 3529 3529 sterilitatem

1950 3583 2030 3640 sal
2071 3596 2180 3636 non
2219 3578 2473 3635 mutavit.

2610 3665 2765 3722 CAP.
2789 3661 2856 3716 ν.

2026 3770 2194 3828 Vens.
2249 3767 2336 3823 10.
2377 3764 2581 3818 Lavare
2627 3759 2867 3813 Iordane
2915 3753 3123 3823 septies.
3162 3749 3344 3821 Ipsum
3412 3747 3538 3818 qui-

1953 3866 2102 3930 dem,
2143 3876 2202 3919 ut
2223 3867 2503 3933 leprosum
2531 3856 2720 3912 videre
2781 3849 3044 3908 sustinuit
3067 3886 3085 3914 ,
3115 3843 3288 3913 utqui
3323 3842 3538 3912 legibus

1956 3959 2243 4027 subjectus
2276 3965 2444 4010 esset.
2470 3949 2707 4019 Imperat
2741 3951 2923 3998 autem
2951 3939 3000 3994 ei
3030 3952 3144 3992 rem
3171 3933 3535 4007 pr0positam.

1955 4048 2219 4120 Corporis
2251 4045 2399 4103 enim
2431 4043 2586 4113 lepra
2611 4046 2754 4104 erat,
2780 4033 2926 4106 quod
2964 4038 3174 4101 corpus
3207 4043 3272 4082 ex
3301 4033 3542 4097 quatuor

1963 4119 2256 4197 elementis
2316 4141 2555 4192 constat.
2607 4129 2831 4200 Septem
2880 4137 3012 4178 vero
3053 4119 3254 4176 diebus
3293 4129 3542 4188 praesens

1964 4231 2078 4286 vita
2110 4227 2437 4285 revolvitur.
2473 4221 2646 4277 Porro
2668 4218 2867 4273 anima:
2889 4209 3147 4284 purgatio
3166 4210 3327 4280 juxta
3349 4221 3545 4262 nume-

1958 4335 2082 4377 rum
2116 4326 2322 4375 sancta:
2345 4311 2641 4370 Trinitatis
2669 4305 2977 4379 perﬁcitur.

2035 4413 2208 4469 Vsus.
2235 4410 2328 4466 il.
2354 4405 2424 4462 Et
2445 4407 2620 4461 iratus
2640 4411 2719 4458 est
2747 4398 2994 4455 Naeman.
3046 4391 3166 4447 Non
3224 4388 3546 4460 intelligens

265 4509 428 4582 ἡμῶν
457 4478 608 4563 ἔστιν
643 4507 674 4560 ὁ
721 4478 1006 4560 ἀπολουων
1039 4502 1166 4563 τοὺς
1195 4498 1286 4552 διὰ
1316 4498 1417 4570 τὴν
1461 4497 1673 4570 λέπραν
1715 4497 1836 4551 ἁκα·

1964 4505 2235 4563 Joannem
2297 4507 2548 4557 nostrum
2609 4496 2765 4551 illum
2819 4503 2968 4553 esse,
3005 4485 3101 4556 qui
3133 4485 3281 4554 lepra
3308 4478 3545 4536 infectus

2524 4589 2562 4597 “
2676 4586 2687 4597 ¹
2747 4592 2759 4597 -
2909 4595 2985 4597 w—
3056 4573 3289 4597 -ηειιέ---υι
3345 4580 3426 4597 ιιι-ι
3493 4578 3542 4597 ..ι

266 4602 528 4673 θὰρτους,
570 4598 666 4652 καὶ
698 4596 949 4667 ἰώμενος.
985 4592 1276 4664 Προφήτου
1326 4590 1382 4644 δὲ
1410 4589 1598 4662 ἔργον,
1647 4587 1862 4659 πέμψαι

266 4695 364 4748 ἐπὶ
397 4692 490 4746 τὸν
517 4689 912 4761 θεραπεύοντα.
943 4687 1017 4741 Τὸ
1047 4686 1104 4740 δὲ
1138 4685 1411 4739 ἐπιθεῖναι
1430 4683 1533 4753 τὴν
1561 4683 1740 4754 χεῖρα,
1768 4680 1865 4735 καὶ

268 4785 594 4857 καθαρίσαι,
622 4785 787 4856 μόνου
815 4780 912 4836 τοῦ
949 4778 1156 4850 Κυρίου
1188 4795 1292 4849 μου
1352 4774 1533 4847 Ἰησοῦ
1565 4774 1728 4846 ἔργον
1771 4768 1864 4843 ἦν,

264 4878 433 4934 τοῦτο
485 4877 646 4948 μόνον
672 4873 918 4938 εἰπόντος
938 4871 1018 4944 τῷ
1042 4869 1429 4924 πιστεύσαντι·
1461 4865 1662 4931 «Θέλω,
1697 4863 1870 4919 καθα-

1969 4598 2144 4654 abluit
2192 4601 2249 4651 et
2295 4598 2476 4649 sanat.
2524 4586 2814 4656 Propheta:
2861 4595 2996 4636 vero
3051 4573 3292 4631 oliiciutn
3343 4580 3432 4627 est
3491 4578 3548 4624 et

1969 4702 2174 4744 munus
2201 4685 2487 4740 remittere
2516 4679 2583 4734 ad
2618 4678 2770 4732 illum
2827 4670 2920 4742 qui
2953 4675 3134 4724 sanat.
3173 4661 3392 4718 Manum
3418 4675 3547 4716 vero

1969 4783 2254 4851 imponere
2300 4785 2356 4832 et
2383 4773 2670 4833 mundare,
2699 4765 2874 4821 solius
2918 4756 3135 4814 Domini
3186 4754 3358 4811 nostri
3413 4749 3546 4807 Jesu

1969 4841 2176 4928 Christi
2211 4871 2354 4926 erat.
2389 4863 2482 4934 qui
2506 4856 2757 4916 credenti
2790 4855 2893 4908 hoc
2920 4852 3099 4907 solum
3129 4845 3272 4902 dixit
3303 4860 3360 4897 ει
3385 4841 3547 4911 Volo,

271 4933 515 5044 ρίσθητι.
555 4988 574 5023 ι
603 4969 749 5041 Πρδς
787 4933 1004 5039 γὰρ-τῴ
1039 4963 1187 5035 λόγῳ
1219 4961 1316 5016 καὶ
1342 4959 1522 5032 ἥψατο
1558 4956 1748 5023 αὑτοῦ,
1775 4974 1836 5010 κα

1972 4964 2050 5020 sis
2081 4958 2326 5016 mundus
2350 4933 2423 5010 ⁸³.
2453 4974 2472 5006 ι
2503 4951 2568 5006 Ει
2597 4965 2663 5005 ac
2695 4949 2841 5002 lmnc
2875 4954 3187 4999 sermonem
3236 4952 3363 4993 eum
3421 4933 3550 4989 atti-

269 5061 614 5133 ἐκαθαρίσθη
637 5059 749 5114 ἀπὸ
781 5058 882 5126 τῆς
911 5055 1121 5126 λέπρας
1145 5051 1336 5108 αὐτοῦ.

348 5156 462 5211 Καὶ
490 5156 603 5210 οὐκ
627 5153 895 5223 ἠθέλησε
918 5148 1146 5205 λαϐεῖν.
1187 5148 1246 5201 '(l
1273 5147 1382 5216 γὰρ
1443 5143 1729 5215 προφήτης
1772 5140 1874 5211 τὴν

272 5248 658 5321 πολυπόθητον
707 5247 900 5301 πενίαν
927 5242 1130 5307 παντὸς
1181 5237 1554 5312 προτετίμηκε
1609 5236 1868 5298 πλούτου,

1972 5057 2074 5127 git,
2097 5063 2152 5110 et
2183 5069 2213 5107 a
2255 5064 2358 5107 sua
2392 5047 2541 5118 lepra
2577 5042 2876 5098 mundatus
2901 5043 3010 5093 est.

2047 5119 2219 5200 Vens.
2249 5141 2336 5196 16.
2373 5139 2439 5194 Et
2465 5136 2635 5193 uoluit
2661 5133 2916 5195 accipere.
2949 5125 3222 5197 Propheta
3252 5119 3399 5179 enim
3421 5131 3553 5190 pau-

1978 5245 2246 5310 pertatem
2290 5243 2646 5299 summopere
2675 5219 3036 5294 expetendam
3068 5213 3327 5272 omnibus
3345 5207 3554 5264 divitiis

859 5298 1150 5411 προλαϐων
1198 5298 1519 5404 νομοθεσίαν
1543 5345 1558 5361 ο
1593 5347 1612 5382 ι
1650 5327 1836 5400 Δωρεὰ

1978 5298 2316 5399 anteposuit,
2339 5298 2568 5380 secutus
2585 5313 2965 5386 evangelicum
2982 5315 3317 5381 praeceptum
3337 5317 3355 5357 :
3375 5321 3393 5352 ι
3418 5298 3558 5352 Gra-

277 5436 528 5500 ἐλάϐετε,
564 5434 768 5504 δωρεὰν
801 5431 944 5485 δότε.
981 5449 1004 5482 ι

336 5579 387 5610 ³⁸
411 5577 546 5631 Gen.
579 5591 712 5636 xvtt.
757 5577 840 5628 l0.
922 5572 963 5602 ⁵¹
1001 5569 1195 5622 Matth.
1227 5581 1346 5624 vm,
1377 5562 1430 5614 5.

1981 5421 2054 5477 tis
2083 5416 2403 5490 accepistis,
2434 5412 2609 5487 gratis
2650 5409 2778 5468 date
2805 5407 2871 5459 ⁵⁸.
2908 5419 2928 5455 ι

1517 5558 1562 5587 ’δ’
1604 5554 1791 5609 Matth.
1823 5567 1880 5619 κ,
1908 5550 1964 5606 8.

1598 5645 1838 5702 γΑῐιιίΕ
1873 5635 2294 5700 LECTIONES.

359 5767 388 5808 τι
418 5767 474 5822 In
500 5765 689 5819 codice
717 5758 966 5814 Lavateri
1018 5756 1123 5810 fuit
1154 5753 1296 5821 ὥρα,
1331 5749 1539 5822 Recte“:
1569 5758 1692 5822 nam
1727 5743 1801 5822 ita
1830 5725 2715 5822 habentnquoqueﬂbxx;Melita
2736 5726 2904 5780 etiam
2966 5725 3020 5780 in
3072 5721 3323 5777 Lavateri
3369 5717 3561 5774 codice

287 5799 1123 5904 [ιιιι.’’ἑιῖὶῖἳὶῗέὲιῖἱῖιὶἰῖἰῖὶὶιιιὶτῖἱ’
1155 5799 1459 5894 Ῑίξρδάινης.
1495 5814 1631 5869 Nam
1661 5812 1727 5867 de
1763 5809 2006 5883 Jordane
2030 5799 2212 5862 ﬂuvio'
2251 5807 2433 5874 agitur
2457 5801 2561 5854 hoc
2599 5799 2738 5852 loco.
