4034 6512
132 322 295 390 1189
1094 328 1630 392 COMMENTARII
1700 331 1781 393 IN
1816 331 1964 394 LIB.
1999 332 2077 394 ιν
2119 334 2414 395 REGUM.
3269 327 3405 396 1190

124 438 403 504 Θάνατον,
438 439 634 510 φησὶν,
666 439 752 494 ἵνα
796 439 872 512 μὴ
903 442 1021 512 μετ’
1040 442 1281 513 ἀθυμίας
1317 443 1603 508 ὑπεξέλθοι
1633 444 1725 498 τὸν

1842 446 1956 500 ices
1987 462 2112 500 eum
2161 449 2519 515 moriturum,
2580 445 2783 519 inquit,
2808 461 2876 503 ne
2916 459 3042 502 cum
3091 457 3332 500 mmrorc
3351 437 3407 498 et

127 526 290 597 βίον.

1842 536 1940 591 vita
1966 536 2219 592 decedat.

210 621 333 675 Kal
386 620 682 675 ἐπέϐαλεν
726 621 824 675 ἐπὶ
868 622 936 676 τὸ
989 623 1322 690 πρόσωπον
1368 624 1558 678 αὐτοῦ
1578 662 1594 687 ,
1631 622 1733 677 καὶ

126 712 473 769 ἀπέθανεν.
500 709 610 766 Ἦν
658 712 789 786 γὰρ,
832 715 1001 785 φησιν
1034 715 1376 786 Ἰώσηππος,
1423 715 1629 787 ἀσεϐής
1673 734 1731 769 τε

126 805 243 856 καὶ
280 805 590 874 μιαιφόνος.
624 806 795 869 Αὐτὸς
842 807 950 878 γὰρ
1002 809 1217 878 εἰρήκει
1242 826 1256 839 ·
1294 826 1313 860 ι
1345 808 1477 871 Θεὸς
1505 808 1674 880 ὀρέων
1705 808 1733 860 ὁ

124 895 282 960 Θεὸς
318 896 557 970 Ἰσραήλ.
588 916 607 948 ι
654 898 767 951 Καὶ
811 898 1005 963 σωθεὶς
1034 900 1141 953 ὑπὸ
1174 899 1380 970 Ἀχαὰσ
1401 942 1416 967 ,
1443 900 1735 970 ἀχάριστος

126 990 281 1059 περὶ
307 989 403 1042 τὸν
433 990 734 1061 εὐεργέτην
768 991 1157 1062 ὲγένετο.”ορα
1186 993 1243 1045 δὲ
1270 993 1369 1064 τῆς
1395 993 1578 1063 κακῆς
1608 1009 1735 1061 συγ-

124 1081 369 1147 γενείας
396 1081 459 1134 τὸ
489 1081 660 1145 τέλος.
700 1082 828 1146 Υἱὸς
860 1083 967 1155 γὰρ
997 1082 1074 1136 ὢν
1108 1085 1379 1153 Ἰωσαφὰτ
1421 1085 1611 1157 ἀνδρὸς
1639 1086 1733 1137 εὐο

128 1170 345 1234 σεὸοὖς
378 1171 603 1242 Ἰωρὰμ,
630 1173 736 1226 ὑπὸ
762 1174 861 1245 τῆς
888 1173 1186 1245 ὁμοζύγου,
1213 1175 1487 1248 θυγατρὸς
1504 1176 1732 1248 Ἀχαὰ6,

128 1263 288 1333 πρὸς
328 1264 590 1320 ἀσέϐειαν
620 1264 856 1321 ἔκλινεν.

1905 623 2071 680 Vens.
2130 625 2219 681 15.
2292 625 2479 681 Posuit
2516 626 2708 696 faciem
2755 627 2890 698 ejus,
2913 635 2965 682 et
3016 636 3259 681 mortuus
3302 635 3401 681 est.

1834 713 1965 769 Erat
1991 716 2165 781 enim,
2199 726 2260 771 ut
2283 715 2559 789 Josepbus
2585 718 2739 785 dicit,
2775 718 2981 789 impius
3008 727 3062 773 ct
3103 716 3402 771 homicida.

1835 808 1958 877 Ipse
2005 810 2153 863 enim
2211 811 2427 866 dixerat
2492 829 2507 867 :
2571 830 2589 864 ι
2646 810 2793 866 Deus
2844 811 3114 865 montium
3146 817 3232 866 est
3258 809 3403 863 Deus

1834 898 2079 956 lsraelis.
2105 921 2125 955 ι
2155 901 2222 956 Ει
2246 902 2292 934 ⁸⁸
2321 904 2389 956 ab
2416 903 2641 958 Achabo
2690 912 2966 967 servatus,
3021 902 3272 972 ingratus
3301 898 3406 953 iuit

1836 994 1890 1049 in
1913 993 2341 1050 bcnefactorem.
2374 996 2511 1049 Vide
2559 1004 2737 1050 autem
2764 1037 2780 1061 ,
2822 994 3034 1065 qualem
3081 994 3287 1049 exitum
3331 991 3407 1045 af-

1840 1084 2024 1141 ﬁnitas
2057 1101 2182 1140 cum
2216 1086 2374 1140 malis
2402 1095 2683 1142 contracta
2739 1068 3022 1141 sortiatur.
3048 1082 3209 1151 Nam,
3276 1083 3406 1137 licet

1834 1176 2043 1251 loram,
2104 1178 2177 1247 pii
2230 1186 2283 1233 et
2315 1178 2560 1249 religiosi
2607 1179 2733 1243 viri,
2760 1178 3025 1249 Josaphat
3063 1178 3209 1232 illius
3236 1182 3402 1238 esset,

1836 1275 2019 1322 tamen
2051 1277 2274 1338 propter
2297 1284 2524 1324 uxorem
2550 1285 2706 1325 suam
2733 1270 2898 1324 tiliam
2929 1267 3138 1324 Achabi
3194 1267 3249 1322 in
3304 1266 3407 1320 im-

1838 1356 2093 1426 pietatem
2126 1356 2442 1412 declinavit.

211 1445 332 1500 Kal
359 1446 663 1502 ἐπέπεσεν
687 1447 789 1503 ἐπὶ
828 1448 936 1505 τὸν
969 1449 1181 1521 Ἐδώμ.
1205 1446 1387 1523 *Ηρχε
1431 1450 1541 1505 τῶν
1573 1451 1737 1504 Ἰδου-

1909 1445 2081 1503 Vens.
2109 1446 2201 1501 20.
2244 1447 2312 1500 Et
2346 1447 2504 1501 irruit
2526 1448 2581 1501 in
2638 1446 2826 1500 Edam.
2870 1446 2983 1501 Rex
3024 1446 3201 1500 tribus
3262 1441 3403 1498 .luda

134 1538 335 1607 μαίων
382 1540 411 1593 ὁ
460 1539 562 1611 τῆς
606 1541 778 1595 Ἰούδα
826 1542 1000 1613 φυλῆς
1049 1542 1323 1614 βασιλεύς.
1359 1542 1500 1596 Ἀλλ’
1550 1543 1737 1597 Ἰσαὰκ

1842 1535 2096 1592 Ιάιιιηεείε
2127 1538 2437 1607 imperavit.
2465 1536 2614 1593 Isaac
2661 1552 2790 1592 vero
2814 1526 2891 1591 'de
2944 1536 3113 1589 Edom
3146 1534 3410 1605 praedixe-

132 1632 480 1702 προειρήκει
530 1634 659 1706 περὶ¹
720 1633 920 1705 Ἑδὼμ.
953 1637 1147 1690 Ἔσται
1200 1635 1397 1707 καιρὸς
1462 1636 1626 1708 ήνίκα
1672 1636 1737 1691 ἂν

1842 1635 1923 1680 rat
1963 1646 1978 1684 :
2013 1628 2251 1698 Ten‘pus
2274 1629 2477 1694 veniet,
2513 1636 2571 1681 ut
2601 1628 2790 1698 jugum
2822 1627 2995 1697 ipsius
3032 1633 3305 1684 conteras,
3352 1629 3409 1675 et

133 1722 411 1795 καθέλῃς,
440 1723 535 1779 καὶ
562 1724 798 1798 ὲκλύσῃς
846 1727 939 1780 τὸν
965 1727 1130 1795 ζυγὸν
1153 1727 1320 1781 αὐτοῦ
1352 1727 1462 1782 ἀπὸ
1487 1707 1581 1780 τοῦ
1604 1744 1737 1796 τρα-

1842 1711 2088 1767 excutias
2122 1712 2191 1796 de
2220 1712 2359 1766 collo
2384 1722 2498 1766 tuo.
2541 1711 2698 1765 Nunc
2717 1711 2862 1765 enim
2893 1710 3207 1763 obtinentes
3240 1707 3411 1760 victo-

132 1815 318 1884 χήλου
333 1791 468 1869 ⁷σου.
499 1817 638 1871 Νυνὶ
656 1791 766 1890 γὰρ
789 1819 885 1873 καὶ
906 1791 1237 1891 νικηθέντες,
1263 1820 1527 1893 ἄρχεσθαι
1545 1791 1729 1875 λοιπὸν

1842 1803 2001 1870 riam,
2041 1791 2303 1875 deinceps
2334 1803 2627 1874 imperium
2662 1802 2775 1873 pati
2804 1807 3150 1857 recusarunt.

134 1907 247 1960 οὐκ
287 1908 607 1979 ἠνέσχοντο.

752 2003 1001 2058 ΚΕΦᾹΛ.
1044 2002 1126 2058 H'.

213 2091 332 2145 Kal
363 2092 508 2146 λάϐε
531 2091 640 2147 τὸν
673 2094 871 2165 φακὸν
899 2095 1007 2149 τοῦ
1032 2096 1265 2153 ἐλαίου.
1306 2100 1384 2152 Δι’
1403 2099 1566 2155 ἄλλου
1597 2116 1734 2170 προ⁸

137 2184 328 2254 φήτου
364 2188 587 2258 κέχρικε
616 2186 710 2240 τὸν
752 2185 914 2258 Ἰηοῦ.
951 2188 1143 2260 Λάθρα
1173 2192 1281 2264 γὰρ
1308 2192 1466 2246 τοῦτο
1485 2192 1737 2261 γενέσθαι

140 2274 652 2345 συνέφερεν.”Ωστε
687 2277 780 2329 καὶ
812 2277 1093 2348 συντόμως
1119 2278 1471 2351 ἀναιρεθῆναι
1505 2281 1597 2333 τὸν
1626 2281 1736 2333 Ἰω-

141 2363 289 2434 ράμ.
327 2365 391 2417 El
425 2365 533 2436 γὰρ
568 2365 874 2437 προῄσθετο
897 2405 914 2433 ,
961 2366 1053 2420 διὰ
1099 2369 1465 2439 παρατάξεως
1510 2369 1740 2432 πολλοὺς

137 2448 216 2522 ἦν
255 2453 476 2524 ἀνάγκη
517 2457 727 2509 πεσεῖν.

221 2545 339 2597 Καὶ
367 2545 585 2614 φεύξῃ,
621 2546 721 2599 καὶ
768 2547 883 2615 οὐχ
915 2547 1258 2617 ὑπομενεῖς.
1286 2549 1405 2602 Ἵνα
1436 2548 1511 2620 μὴ
1544 2548 1737 2617 συλλη-

141 2634 314 2703 φθεὶς
343 2636 684 2710 κινδυνεύσῃ.
721 2636 981 2691 Βούλεται
1025 2639 1135 2710 γὰρ
1187 2642 1337 2711 ἡμᾶς
1386 2642 1414 2693 ὁ
1462 2640 1593 2702 Θεὸς
1641 2644 1737 2693 καὶ

140 2728 529 2800 ἀνθρωπίναις
556 2729 895 2799 οἰκονομίαις
932 2731 1256 2802 κεχρῆσθαι.
1290 2732 1430 2794 Τοὺς
1461 2731 1571 2802 γὰρ
1594 2731 1738 2802 λόγῳ

141 2819 509 2891 τιμηθέντας,
534 2820 622 2884 εἰς
654 2820 776 2874 δέον
807 2825 1079 2895 προσήκει
1112 2822 1417 2894 κεχρῆσθαι
1441 2823 1517 2895 τῷ
1542 2825 1704 2894 λόγῳ.

2392 2000 2545 2056 CAP.
2587 2000 2705 2055 Vill
2736 1998 2877 2072 [IX].

1909 2090 2077 2146 Vens.
2106 2091 2157 2146 1.
2196 2090 2336 2160 Cape
2368 2092 2676 2146 lenticulam
2702 2093 2826 2145 olei.
2852 2092 2957 2145 Per
2979 2091 3145 2145 alium
3180 2091 3412 2161 prophe-

1839 2190 1951 2238 tam
1984 2183 2142 2237 unxit
2168 2181 2330 2238 Jebu.
2358 2181 2503 2238 Utile
2525 2183 2671 2237 enim
2697 2190 2837 2246 erat,
2870 2190 2927 2235 ut
2987 2182 3089 2235 hoc
3114 2181 3254 2235 clam
3288 2197 3411 2250 per-

1842 2271 2116 2334 liceretur.
2156 2279 2214 2324 ut
2230 2270 2415 2324 Joram
2446 2269 2609 2323 etiam
2626 2268 2776 2323 brevi
2804 2268 3225 2323 interﬁceretur.
3247 2267 3408 2329 Nam,

1840 2359 1887 2415 si
1921 2359 2307 2426 praescivisset,
2326 2358 2598 2413 instructa
2626 2357 2744 2411 acie
2763 2355 2963 2411 multos
2982 2357 3181 2411 cadere
3202 2355 3406 2410 fuisset

1842 2460 2086 2500 necesse.

1912 2533 2080 2590 Vens.
2107 2535 2161 2589 '5.
2194 2533 2260 2589 Et
2285 2536 2475 2606 fugies,
2503 2543 2551 2589 et
2581 2551 2688 2590 non
2714 2534 2970 2587 manebis.
3028 2531 3106 2587 Ne
3158 2547 3414 2602 compre-

1841 2623 2048 2679 bensus
2105 2625 2408 2695 periculum
2455 2626 2729 2679 incurras.
2766 2622 2897 2677 Vult
2926 2622 3073 2678 enim
3113 2622 3280 2688 Deus,
3354 2632 3414 2677 ut

1844 2714 2086 2769 humano
2143 2716 2359 2782 ordine,
2411 2722 2466 2770 et
2521 2714 2717 2769 mediis
2776 2725 3019 2769 utamur.
3081 2713 3207 2769 Illos
3240 2715 3411 2776 enim,

1843 2823 1981 2878 quos
2013 2808 2224 2863 ratione
2256 2809 2395 2863 Deus
2423 2809 2663 2871 ornavit,
2698 2816 2963 2877 quantum
3010 2823 3239 2863 necesse
3305 2820 3411 2875 est,

1844 2902 1921 2956 uti
1956 2900 2171 2955 ratione
2209 2901 2485 2955 convenit.

226 3002 294 3056 Τι’
331 3000 423 3054 ὅτι
466 2998 757 3068 εἰσῆλθεν
789 3003 823 3055 ὀ
846 3000 1181 3069 ἐπίληπτος
1223 2995 1401 3067 οὗτος
1438 3001 1591 3069 πρὸς
1621 2998 1695 3054 σέ
1722 3015 1737 3062 ;

1914 2992 2082 3050 Vens.
2117 2994 2205 3048 11.
2236 2993 2412 3059 Quare
2437 2993 2702 3062 ingressus
2740 2999 2817 3046 est
2845 2991 3067 3045 insanus
3095 2991 3195 3045 iste
3217 2991 3286 3044 ad
3314 3001 3361 3047 te
3387 2992 3414 3046 7

158 3094 254 3158 Ὧς
288 3092 575 3156 δυσσεϐεῖς
606 3092 830 3165 ὕϐριζον
866 3093 961 3147 τοῦ
1008 3093 1146 3146 Θεοῦ
1195 3094 1324 3156 τοὺς
1377 3092 1737 3163 θεράποντας,

1846 3086 2044 3142 Servos
2076 3084 2191 3150 Dei,
2220 3094 2477 3153 tanquam
2525 3082 2723 3152 impios
2750 3121 2765 3147 ,
2832 3082 3165 3135 contumelia
3219 3080 3418 3137 allicie-

148 3187 253 3239 καὶ
283 3186 386 3256 τὴν
416 3184 599 3238 αὐτῶν
628 3185 945 3257 παρρησίαν
991 3185 1190 3256 μανίαν
1229 3184 1481 3239 ἐκάλουν.
1502 3184 1639 3255 Ἰηοῦ
1685 3184 1737 3236 δὲ

1845 3178 2003 3245 bant;
2028 3184 2083 3231 et
2114 3178 2418 3231 libertatem
2448 3174 2726 3246 loquendi,
2761 3189 2867 3246 qua
2917 3174 3236 3233 utebantur.
3266 3174 3419 3229 insao

148 3277 255 3347 οὐχ
285 3275 363 3338 ὼς
397 3275 673 3342 παροινῶν
712 3276 1010 3347 ἀδολέσχην
1044 3275 1305 3330 ἐκάλεσεν
1325 3315 1341 3341 ,
1371 3275 1656 3329 λανθάνειν
1685 3275 1737 3328 δὲ

1844 3274 1990 3330 niam
2014 3272 2376 3343 appellabant.
2416 3268 2558 3326 Jehu
2586 3284 2717 3324 vero
2775 3276 3099 3339 nugatorem
3121 3277 3176 3322 et
3222 3284 3415 3337 garru-

151 3368 470 3440 πειραθείς.

1845 3366 1955 3420 lum
1974 3364 2190 3420 vocavit
2226 3362 2577 3433 prophetam;
2614 3375 2723 3414 non
2772 3360 2919 3431 quod
2967 3359 3406 3414 contumeliosus

1844 3456 1898 3512 in
1950 3471 2074 3511 eum
2106 3466 2272 3519 esset,
2299 3452 2392 3508 sed
2412 3462 2470 3507 ut
2503 3452 2717 3507 occulte
2760 3451 2975 3505 lateret.

1914 3548 2205 3603 Arameim.
2260 3545 2429 3617 Syros
2471 3544 2580 3599 hoc
2619 3543 2782 3598 modo
2853 3540 3171 3611 appellavit.
3209 3542 3413 3598 Aram:

1844 3640 1989 3695 enim
2016 3637 2169 3711 Syri;
2200 3639 2279 3694 sic
2303 3638 2466 3692 etiam
2508 3635 2599 3689 alii
2624 3641 3029 3705 exposuerunt.

1916 3732 2083 3789 Vens.
2113 3733 2197 3786 15.
2239 3729 2459 3803 Incessit
2496 3727 2653 3781 Jehu.
2683 3727 3006 3796 Speculator
3028 3725 3174 3781 enim
3200 3724 3422 3796 conspi-

1845 3834 2021 3889 catus,
2046 3823 2188 3893 quod
2223 3822 2406 3877 emissi
2439 3835 2545 3873 non
2572 3826 3001 3882 reverterentur,
3026 3832 3261 3887 cumque
3307 3817 3419 3873 dux

1846 3913 2202 3979 turbaz,.lehti
2238 3913 2435 3968 similis
2460 3924 2582 3965 esse
2628 3908 2913 3963 videretur
2968 3907 3210 3979 (habitus
3270 3910 3417 3964 enim

1847 4005 1899 4060 id
1920 4006 2250 4074 declarabat)
2282 4002 2612 4073 signiﬁcavit
2666 3999 2930 4071 quidnam
2961 4000 3212 4055 vidisset.
3247 3998 3412 4066 Quae-

1845 4097 1969 4151 dam
2005 4096 2151 4151 enim
2201 4094 2534 4166 exemplaria
2601 4092 2855 4148 habent:
2899 4091 3045 4146 Deus
3095 4093 3208 4145 dua;
3265 4092 3422 4146 duxit

1847 4193 2016 4260 ipsum
2032 4190 2191 4246 Jehu.

240 3544 534 3615 Ἀραμείν.
574 3544 715 3608 Τοὺς
760 3544 971 3616 Σύρους
1011 3544 1186 3609 οὕτως
1228 3544 1744 3617 ὲκάλεσεν.Ἀραμὰ

151 3638 287 3706 γὰρ,
321 3637 369 3689 οι
402 3635 585 3705 Σύροι.
616 3634 773 3689 Οὕτω
805 3636 862 3689 δὲ
890 3637 987 3690 καὶ
1016 3637 1066 3689 οἱ
1094 3636 1247 3692 ἄλλοι
1280 3637 1651 3707 ἑρμήνευσαν.

226 3728 341 3783 Καὶ
374 3727 413 3792 ἠ
438 3726 661 3796 ἀγωγὴ,
685 3727 885 3797 ἀγωγὴ
917 3727 1100 3794 Ἰηοῦ.
1142 3726 1433 3798 Πόρρωθεν
1460 3728 1488 3779 ὁ
1521 3725 1741 3792 σκοπὸς,

154 3820 497 3890 θεασάμενος
525 3819 600 3882 ὡς
627 3819 677 3872 οἱ
710 3820 808 3889 μὲν
830 3820 1230 3883 ἀποσταλέντες
1253 3820 1355 3873 ὀὐκ
1381 3818 1741 3890 ἀνέστρεψαν,

153 3915 183 3966 δ
208 3912 272 3965 δὲ
301 3910 399 3965 τοῦ
420 3909 660 3979 πλήθους
690 3910 995 3981 ἡγούμενος
1023 3910 1203 3965 ἔοικεν
1231 3906 1373 3964 εἶναι
1397 3908 1745 3980 Ἰηοῦ.Τοῦτο

156 4004 273 4073 γὰρ
319 4001 384 4055 τὸ
431 4000 619 4071 σχῆμα
667 4001 882 4072 ἐδήλου.
915 4001 1240 4072 Ἐμήνυσεν,
1290 4002 1426 4072 ὅπερ
1477 3998 1741 4071 ἑώρακεν.

158 4094 325 4147 Ἐνια
362 4092 546 4162 μέντοι
606 4092 717 4146 τῶν
742 4093 1093 4164 ἀντιγράφων
1119 4092 1252 4164 ἔχει·
1273 4092 1382 4149 Kal
1405 4095 1438 4149 ὁ
1457 4092 1618 4164 ἄγων
1639 4087 1747 4163 ἦγε

154 4186 272 4241 τὸν
299 4183 459 4252 Ἰηοῦ
479 4186 510 4238 ό
533 4183 700 4250 Θεός.

770 4278 1025 4334 ΚΕΦΑΛ.
1065 4275 1145 4332 Θ’.

2435 4278 2589 4333 CAP.
2623 4277 2690 4333 1x
2719 4276 2836 4350 [ιη.

248 4372 404 4427 Ἰδοὺ
427 4371 543 4443 ἐγὼ
562 4369 1013 4439 συνεστράφην.
1055 4366 1218 4437 Ἐγὼ,
1248 4365 1434 4439 φησιν,
1450 4365 1524 4431 ὡς
1545 4384 1737 4438 τυραν·

1917 4373 2085 4428 Vens.
2114 4373 2171 4427 2.
2225 4370 2360 4426 Ecce
2406 4387 2499 4440 ego
2562 4386 2842 4424 conversus
2866 4384 3005 4422 sum.
3041 4366 3172 4436 Ego,
3223 4368 3422 4438 inquit,

159 4466 333 4535 νῆσαι
368 4465 714 4535 βουλόμενος,
745 4461 957 4516 ἀνεῖλον
987 4460 1077 4513 τὸν
1098 4461 1325 4531 Ἰωράμ.
1362 4461 1501 4523 Τοὺς
1523 4460 1579 4513 δὲ
1600 4460 1737 4513 ἀδελ·

1856 4472 1917 4520 ιιι
1941 4479 2165 4534 regnum
2198 4476 2461 4530 occupem
2488 4502 2502 4526 ,
2538 4460 2740 4515 sustuli
2770 4457 2955 4511 Joram
2986 4473 3001 4522 ;
3054 4455 3248 4511 fratres
3291 4473 3422 4510 vero

160 4560 300 4627 φοὺς
331 4558 524 4623 αὐτοῦ,
556 4556 930 4626 ἐϐδομήκοντα
962 4553 1122 4615 ὄντας
1149 4552 1241 4605 τὸν
1271 4551 1523 4623 ἀριθμὸν,
1555 4552 1638 4614 τίς
1660 4552 1737 4604 άν-

1854 4557 2026 4623 ipsius
2063 4570 2292 4608 numero
2346 4552 2693 4622 septuaginta
2722 4590 2738 4615 ,
2763 4550 2886 4619 quis
2936 4548 3200 4602 sustulit?
3241 4563 3422 4601 nonne

159 4650 343 4716 εἶλεν;
397 4649 509 4721 Οὐχ
557 4650 591 4720 ή
638 4649 949 4718 θελήματος
999 4644 1178 4715 ὀργὴ,
1242 4646 1356 4707 τοῖς
1401 4643 1737 4705 οἰκειοτάτοις

1851 4648 2164 4703 voluntaria
2210 4646 2311 4712 ira,
2364 4660 2485 4714 quae
2541 4643 2856 4698 domesticis
2903 4640 2969 4694 ad
3006 4639 3111 4693 hoc
3151 4638 3424 4693 ministris

162 4740 469 4810 ὺπουργοίς
490 4739 812 4811 χρησαμένη
834 4755 849 4805 ;
881 4736 1161 4806 Ἀψευδεῖς
1185 4735 1294 4806 ἄρα
1318 4734 1426 4788 τῶν
1454 4735 1737 4806 προφητῶι

1848 4753 1946 4792 usa
1983 4735 2247 4792 eStYNon
2285 4735 2456 4805 igitur
2486 4749 2621 4787 vana
2665 4740 2794 4787 sunt
2836 4731 3222 4801 prophetarum
3280 4729 3420 4782 vati-

160 4834 221 4885 αἱ
266 4834 621 4902 προρρήσεις.

1846 4833 2010 4886 cinia.

237 4924 352 4978 Kal
387 4921 620 4987 πάντας
662 4918 806 4985 τοὺς
844 4916 1158 4988 γνωστοὺς
1193 4916 1400 4971 αὑτοῦ.
1441 4916 1580 4979 Τοὺς
1612 4916 1737 4986 μάν·

1922 4918 2091 4976 Vens.
2115 4919 2165 4974 5.
2212 4917 2403 4972 Omnes
2441 4915 2662 4969 scientia
2703 4922 2752 4967 et
2790 4913 3085 4983 cognitione
3146 4909 3421 4979 prmditos.

160 5034 301 5081 τεις,
330 5014 456 5077 τοὺς
484 5013 767 5083 οἰομένους
801 5010 998 5063 εἰδέναι
1022 5009 1092 5061 τά
1122 5006 1626 5077 μέλλοντα.”Ωσπερ
1647 5007 1737 5077 γὰρ

1850 5009 1955 5065 Per
1981 5008 2230 5079 γνὼστας
2264 5007 2520 5077 intelligit
2574 5020 2832 5076 augures,
2890 5015 2945 5060 et
2973 5004 3276 5074 aruspices,
3331 5006 3422 5074 qui

162 5106 435 5175 ὁρῶντας
464 5104 563 5158 καὶ
592 5102 944 5169 βλέποντας
967 5140 984 5166 ,
1019 5101 1147 5163 τοὺς
1185 5099 1473 5170 προφήτας
1502 5098 1752 5160 ἐκάλουν,

164 5199 313 5253 οὕτω
342 5199 438 5251 καὶ
464 5196 711 5258 τούτους,
739 5195 816 5257 ὡς
845 5193 913 5247 τὰ
941 5192 1208 5265 μέλλοντα
1254 5190 1418 5261 δῆθεν
1447 5192 1542 5245 καὶ
1568 5193 1635 5245 τὰ
1666 5208 1756 5244 κε-

166 5289 464 5363 κρυμμένα
518 5288 910 5357 γινώσκοντας.

242 5469 355 5525 Kal
402 5462 541 5536 εὗρε
581 5466 691 5520 τὸν
723 5462 1027 5519 Ἰωναδὰὅ.
1070 5461 1315 5533 Εὐσεϐὴς
1345 5462 1483 5533 ἀνὴρ
1517 5462 1607 5515 καὶ
1654 5463 1752 5515 αὑ-

167 5565 259 5629 τὸς
284 5604 298 5629 ,
339 5559 433 5616 καὶ
465 5558 526 5613 τὸ
561 5557 738 5628 γένος.
764 5555 855 5610 Ἐν
888 5557 1112 5628 σκηναῖς
1143 5555 1252 5628 γὰρ
1280 5555 1583 5610 διετέλεσαν
1617 5572 1748 5607 κατα

207 5740 257 5775 ³⁸
326 5737 388 5791 Ill
442 5738 575 5807 Reg.
612 5753 704 5805 xx,
742 5735 828 5791 28.

1854 5101 2038 5155 futura
2070 5101 2364 5171 providere
2392 5099 2749 5170 putabantur.
2782 5095 2916 5151 Nam
2955 5097 3419 5165 quemadmodum

1854 5193 2147 5265 prophetas
2176 5192 2425 5249 videntes
2462 5191 2727 5263 (ὁρῶντας
2754 5190 2849 5245 καὶ
2880 5189 3204 5261 βλέποντας)
3238 5192 3420 5258 appel-

1855 5286 2078 5351 labant,
2110 5285 2191 5339 sic
2222 5285 2345 5339 illos
2378 5299 2619 5356 quoque,
2658 5292 2716 5338 ut
2746 5281 2840 5353 qui
2900 5280 3085 5335 futura
3115 5288 3169 5334 et
3223 5294 3421 5334 arcana

1857 5381 2275 5445 cognoscerent.

1931 5463 2097 5521 Vens.
2141 5465 2230 5521 15.
2262 5464 2328 5519 Et
2356 5464 2551 5519 invenit
2573 5462 2842 5517 Ionadab.
2895 5460 3015 5518 Non
3044 5464 3160 5531 ipse
3211 5467 3421 5513 tantum

1857 5556 1940 5611 vir
1970 5558 2089 5627 pius
2123 5564 2176 5612 et
2210 5556 2498 5628 religiosus
2514 5564 2631 5613 erat
2650 5596 2664 5622 ,
2690 5555 2782 5611 sed
2807 5570 2872 5611 ex
2901 5554 2993 5626 pio
3013 5553 3176 5611 etiam
3191 5566 3419 5625 geneie;
