4034 6516
603 313 735 383 1191

1956 311 2310 372 PROCOPII
2343 312 2589 374 ΟΑΖᾸΕΙ

3738 326 3845 393 ῙΙθΞ

602 434 657 488 in
685 429 937 488 tentoriis
967 429 1112 485 enim
1181 433 1446 499 perpetuo
1503 426 1806 497 degebant,
1858 436 1911 481 et
1964 428 2032 479 ab
2092 427 2180 478 vin

2308 424 2623 494 οικοῦντες,
2651 428 2746 482 καὶ
2795 427 2895 497 τῆς
2942 427 3037 480 τοῦ
3086 425 3233 481 οἴνου
3283 427 3489 493 πόσεως
3540 434 3842 505 ἀπεχόμενοι,

601 540 705 580 usu
730 521 1098 577 abstinebant.
1159 518 1425 574 Jeremias
1468 518 1734 590 propheta
1809 517 2029 573 illorum
2068 530 2196 570 cum

602 613 767 669 laude
797 610 1135 666 mentionem
1174 609 1321 665 fecit.
1381 607 1497 664 Hoc
1552 624 1713 677 vero,
1746 608 2025 666 benedixit
2045 621 2196 674 eum,

600 706 747 762 idem
794 714 878 760 est
923 702 1101 774 quod,
1130 702 1408 758 allocutus
1443 712 1530 757 est
1559 717 1707 757 eum.

673 797 787 869 Ego
812 797 1040 852 serviam
1068 797 1116 850 ei
1150 795 1403 850 multum.
1428 794 1732 851 Consilium
1759 802 1814 852 ef.
1841 810 2069 866 sc0pnm
2098 792 2199 848 ob.

601 907 824 948 servare
848 900 1100 961 oportet;
1157 889 1290 945 fecit
1316 890 1464 945 enim
1499 890 1629 953 hoc,
1663 904 1735 944 ne
1767 890 2041 959 quispiam
2099 902 2199 958 per

602 986 790 1056 fugam
816 985 1167 1049 elaberetur;
1218 983 1539 1039 sacerdotes
1584 998 1714 1038 vero
1770 982 1861 1039 Dei
1934 992 2194 1052 tanquam

602 1078 860 1148 indignos
890 1077 1106 1149 abegit;
1144 1092 1350 1132 cavens
1391 1077 1653 1131 nimirum
1686 1092 1757 1130 ne
1803 1075 1938 1146 quid
1975 1076 2194 1133 adversi

601 1176 923 1239 paterentur

674 1256 845 1313 Vens.
879 1258 971 1312 9.1.
1004 1257 1042 1311 A
1078 1259 1319 1313 sinislris
1350 1258 1588 1313 Baalim.
1620 1258 1713 1325 Ἐξ
1768 1259 2075 1329 ἀριστερῶν
2098 1258 2194 1312 τοῦ

601 1350 839 1421 Βααλίμ.
877 1350 1165 1421 Templum
1204 1351 1331 1405 Baal
1358 1350 1461 1405 hoc
1490 1349 1654 1405 modo
1685 1350 2001 1420 appellavit.

1115 1442 1271 1497 CAP.
1315 1442 1358 1497 Χ
1391 1441 1533 1513 [κη.

672 1534 837 1590 Vens.
876 1535 929 1590 1.
967 1534 1033 1588 Et
1073 1536 1340 1589 Ocliozias
1377 1534 1444 1587 ad
1480 1534 1763 1589 Asahelem
1805 1532 2074 1602 profectus
2092 1542 2192 1587 est.

600 1630 811 1683 Acbabi
840 1628 986 1684 enim
1018 1644 1192 1700 gener
1231 1636 1371 1684 erat.

672 1721 881 1777 Delevit
911 1737 1067 1776 omne
1097 1738 1273 1777 semen
1297 1722 1523 1793 regium.
1574 1721 1747 1792 Impia
1771 1720 1921 1778 enim
1954 1736 2079 1777 cum
2105 1735 2194 1777 es-

599 1822 706 1881 set,
728 1821 784 1870 et
813 1813 1049 1870 subditis
1101 1814 1438 1885 impietatem
1492 1815 1795 1871 obtrudere
1839 1820 1894 1869 et
1927 1814 2198 1883 imperare

599 1905 981 1971 decrevisset;
1048 1920 1222 1976 genus
1290 1904 1501 1975 regale,
1566 1903 1774 1975 quippe
1834 1903 2190 1974 religiosum,

598 1995 851 2051 funditus
887 1995 1072 2051 delere
1121 2003 1177 2050 et
1206 1996 1519 2066 exstirpare
1574 1995 1772 2051 voluit.
1814 1994 1961 2050 Deus
1986 2001 2192 2058 autem,

596 2086 692 2155 qui
721 2085 908 2141 omnia
939 2086 1225 2157 sapienter
1251 2086 1530 2158 gubernat
1589 2094 1645 2143 et
1675 2086 1886 2158 dirigit,
1916 2083 2193 2140 ordinavit

594 2177 818 2240 iterum.
848 2184 909 2231 ut
935 2177 1082 2248 regia
1135 2177 1349 2232 familia
1407 2178 1743 2235 sacerdotali
1824 2178 2187 2242 misceretur;

594 2266 966 2338 utqueJoiada
993 2268 1238 2339 pontifex
1266 2269 1715 2341 sapientissimus
1740 2268 1989 2325 Josabeze
2021 2266 2189 2321 filiam

593 2357 781 2414 Joram
815 2373 1048 2414 uxorem
1085 2358 1340 2425 duceret,
1374 2370 1435 2415 ut
1458 2360 1764 2416 scintillula
1808 2360 1941 2431 regii
1968 2358 2189 2431 generis

592 2457 1043 2506 conservaretur.
1088 2451 1215 2523 Ipsa
1254 2452 1403 2508 enim
1439 2454 1581 2509 clam
1623 2453 1903 2509 subtraxit
1930 2462 2187 2523 nepotem

592 2558 660 2597 ex
688 2542 861 2597 fratre
887 2539 1066 2607 Joam,
1106 2559 1269 2614 quem
1316 2542 1562 2614 prudens
1615 2544 1709 2599 ille
1741 2542 2006 2600 sacerdos
2062 2553 2187 2613 post

593 2643 808 2691 sextum
842 2636 1062 2691 tandem
1092 2650 1295 2690 annum
1333 2650 1501 2708 regno
1527 2637 1793 2692 restituit.

664 2726 834 2783 Vens.
877 2725 932 2782 ι.
973 2726 1192 2792 Chom’,
1236 2737 1285 2782 et
1322 2726 1527 2782 Rasim.
1559 2727 1833 2784 Cursores
1876 2732 1931 2781 et
1976 2725 2185 2781 satelli-

592 2831 719 2891 tes;
754 2822 846 2878 alii
915 2820 1216 2879 scutil‘erus
1291 2830 1346 2877 et
1392 2820 1661 2877 satellites
1691 2827 1991 2889 exponunt.
2021 2816 2183 2872 Juxta

590 2927 880 2973 currentes
926 2930 1059 2971 vero
1095 2922 1256 2970 vocat
1298 2916 1696 2984 praecedentes,
1749 2919 1803 2967 et
1848 2911 2182 2966 deducentes

506 3066 511 3075 ,
588 3025 796 3082 regem.
847 3008 975 3064 lllos
1004 3007 1058 3062 in
1104 3016 1217 3063 tres
1264 3007 1489 3062 ordines
1517 3005 1834 3071 distribuit;
1868 3005 2005 3059 alios
2035 3004 2180 3059 enim

589 3102 793 3173 regiam
827 3098 1112 3155 custodire
1152 3097 1355 3168 jussit;
1403 3098 1544 3155 alios
1572 3097 1766 3167 templi
1796 3096 2131 3152 vestibulum
2162 3113 2177 3163 ;
2213 3125 2261 3192 ο

591 3192 729 3248 alios
759 3200 973 3263 portam
1018 3191 1276 3245 alteram.

664 3284 892 3339 Messae.
944 3282 1062 3339 lloc
1096 3282 1425 3339 vocabulum
1477 3282 1674 3353 reliqui
1717 3281 1825 3335 ἀπὸ
1856 3279 2180 3351 διαεθορᾶς,

590 3375 646 3430 id
690 3382 797 3441 est,
834 3374 904 3430 ab
935 3374 1158 3431 interitu
1202 3384 1605 3445 exposuerunt.
1659 3372 1944 3444 Significat
1974 3380 2180 3435 autem,

590 3467 800 3522 nullum
831 3467 1095 3522 damnum
1130 3466 1321 3522 domui
1352 3465 1449 3522 Dei
1488 3466 1700 3521 illatum
1727 3480 1871 3520 esse.
1909 3462 2024 3517 lloc
2047 3477 2181 3517 vero

588 3561 712 3616 dua:
778 3575 977 3615 manus
1038 3561 1095 3615 in
1129 3560 1306 3627 vobis,
1360 3575 1462 3629 pro
1495 3574 1559 3616 eo
1594 3560 1741 3631 quod
1809 3568 1916 3624 est,
1976 3555 2179 3627 integri

588 3655 746 3721 estis,
772 3662 827 3709 et
861 3653 1007 3721 sani,
1043 3661 1099 3710 et
1154 3652 1337 3710 idonei
1387 3653 1457 3709 ad
1508 3651 1928 3711 custodiendam
1954 3650 2179 3704 domum

592 3746 711 3812 Dei,
743 3754 797 3801 et
825 3745 1049 3801 domum
1096 3744 1264 3817 regis.

662 3835 833 3892 Vens.
867 3837 921 3892 8.
959 3835 1276 3908 Ingrediens
1311 3838 1367 3891 in
1414 3835 1660 3892 Siderotlt
1697 3836 1973 3890 morietur.
2019 3833 2183 3906 5M

588 3924 649 3985 1n
698 3930 840 3985 libro
864 3932 1327 4001 Paralipomenon
1360 3932 1442 3985 sic
1471 3929 1712 3985 dicitur:
1746 3926 2066 3999 Ingrediens
2120 3929 2177 3982 in

587 4023 812 4080 domum
868 4026 1159 4081 morietur.
1224 4025 1493 4081 Similiter
1532 4024 1698 4080 etiam
1749 4022 2024 4095 Josepbus
2080 4023 2179 4078 lia-

587 4117 700 4169 bet.

660 4204 832 4261 Vens.
883 4207 971 4260 11.
1017 4207 1092 4260 Ab
1133 4207 1353 4263 humero
1392 4208 1580 4263 domus
1611 4207 2175 4282 dextero.Significat,

583 4296 734 4367 quod
790 4295 993 4351 Levita:
1049 4296 1195 4353 lunae
1260 4298 1315 4353 in
1384 4298 1624 4369 speciem
1690 4299 1918 4369 figuram
1966 4301 2179 4356 consti-

586 4399 823 4458 tuentes,
864 4404 1075 4445 cornua
1132 4390 1324 4447 domui
1380 4391 1680 4462 conjuncta
1739 4392 2073 4459 liabuerunt,
2123 4401 2178 4449 et

2304 517 2526 572 Τούτων
2551 521 2647 577 καὶ
2673 523 2701 573 ὁ
2735 521 3027 591 προφήτης
3062 519 3332 592 Ἱερεμίας
3363 522 3419 575 έν
3448 524 3677 591 ἐπαίνοις
3706 530 3843 605 ἐμνή-

2302 609 2426 682 σθη.
2459 610 2533 665 Τὸ
2553 611 2633 676 δὲ,
2669 612 2779 665 Καὶ
2806 611 3106 684 εὐλόγησεν
3132 612 3326 678 αὐτὸν,
3359 613 3481 668 ἀντὶ
3511 616 3602 670 τοῦ
3621 656 3635 680 .
3664 630 3829 691 προσεῖ

2307 720 2411 757 πεν
2453 704 2637 759 αὐτόν.

2371 796 2479 851 Kal
2538 796 2656 866 ἐγὼ
2708 796 3046 869 δουλεύσω,
3080 798 3243 864 αὐτῷ
3292 799 3513 854 πολλά.
3551 802 3648 855 Τὸν
3683 809 3847 861 σκοπὸν

2298 888 2545 958 όρατέον.
2578 889 2627 940 εἰ
2670 889 2764 941 καὶ
2808 889 2860 942 οἱ
2902 889 3054 958 λόγοι
3081 888 3296 960 ψεκτοί.
3329 889 3501 944 Τοῦτο
3527 891 3631 962 γὰρ
3652 895 3771 965 πρὸς
3795 902 3845 951 τι

2303 980 2510 1049 μηδένα
2530 979 2835 1050 διαφυγεῖν.
2855 981 2994 1045 Τοὺς,
3018 982 3076 1035 δὲ
3106 983 3287 1046 θείους
3321 983 3521 1053 ἱερέας,
3542 984 3614 1048 ὡς
3633 987 3845 1055 ἀναξίους

2299 1068 2489 1141 δῆθεν,
2524 1070 2802 1141 ἀπήλασε,
2830 1070 2895 1124 τὸ
2932 1069 3007 1141 μὴ
3043 1069 3241 1124 παθεῖν
3271 1071 3683 1142 φυλαττόμενος.

2384 1252 2485 1317 Ἐξ
2514 1252 2847 1324 ἀριστερῶν
2868 1253 2971 1309 τοῦ
2998 1254 3253 1325 Bauli”.
3296 1252 3399 1307 Τὸν
3429 1252 3523 1307 τοῦ
3556 1253 3692 1307 Bai).
3712 1260 3845 1327 σηκὸν

2298 1345 2475 1410 οὕτως
2505 1347 2787 1404 ἐκάλεσεν.

2924 1444 3178 1498 ΚΕΦᾹΛ.
3218 1445 3276 1499 l'.

2372 1535 2481 1589 Kal
2530 1536 2823 1604 ἐπορεύθη
2860 1536 3119 1606 Ὀχοζῗας
3155 1537 3256 1591 ἐπὶ
3292 1535 3536 1603 Ἀζαήλ.
3582 1537 3698 1590 Ὅτι
3734 1555 3849 1607 γαμ-

2299 1626 2430 1698 ϐρὸς
2464 1623 2534 1697 ἦν
2569 1628 2666 1681 τοῦ
2704 1628 2899 1699 Ἀχάὄ.

2371 1719 2482 1774 Kal
2526 1720 2806 1775 ἀπώλεσε
2837 1720 2961 1777 πᾶν
3002 1721 3070 1776 τὸ
3112 1721 3352 1791 σπέρμα
3392 1719 3508 1788 τῆς
3547 1719 3848 1785 βασιλείας.

2313 1810 2400 1876 Ὠς
2435 1812 2659 1883 ἀσεϐὴς,
2690 1814 2785 1868 καὶ
2814 1813 3086 1886 κρατῦναι
3114 1813 3344 1867 θέλουσα
3366 1816 3482 1876 τοῖς
3512 1812 3756 1882 ὑπηκόοις
3772 1813 3850 1879 τὴν

2295 1904 2583 1968 ἀσέϐειαν,
2617 1906 2693 1970 ὡς
2728 1907 2953 1969 εὐσεϐὲς
2991 1907 3052 1960 τδ
3089 1906 3374 1976 βασιλικὸν
3412 1905 3585 1977 ἄρδην
3628 1905 3850 1975 ἀφανίσαι

2294 1997 2451 2065 γένος
2506 1998 2959 2069 ὴθέλησεν.Ἀλλ⁹
2988 2001 3016 2054 ό
3064 2001 3245 2055 πάντα
3292 1998 3477 2067 σοφῶς
3525 1996 3709 2050 ἰθύνων
3747 1996 3851 2059 θεὸς

2292 2092 2711 2162 παρεσκεύασεν
2744 2090 2902 2158 αὖθις
2946 2096 3012 2164 τῇ
3061 2093 3318 2165 βασιλικῇ
3349 2094 3451 2164 τὴν
3481 2090 3757 2161 ἱερατικὴν
3785 2108 3851 2160 μισ

2290 2183 2458 2253 γῆναι
2492 2185 2665 2255 φυλὴν
2684 2229 2700 2253 ,
2732 2186 2829 2241 καὶ
2866 2187 2957 2240 τδν
2984 2187 3173 2241 Ἰωδαὲ
3194 2228 3209 2251 ,
3242 2186 3334 2240 τὸν
3369 2184 3686 2255 σοφώτατον
3713 2184 3847 2252 ἱερέα,

2290 2276 2465 2346 γῆμαι
2508 2278 2606 2350 τὴν
2634 2279 2919 2333 Ίωσαὸεαὶ
2961 2279 3058 2333 τοῦ
3085 2279 3296 2351 Ἰωρὰμ
3326 2279 3632 2349 θυγατέρα,
3664 2276 3749 2332 ἶνα
3774 2293 3849 2343 φο.

2287 2368 2461 2440 λαχθῇ
2494 2370 2590 2423 τοῦ
2621 2370 2907 2439 βασιλικοῦ
2947 2371 3141 2439 γένους
3170 2372 3198 2423 ὁ
3227 2368 3729 2442 σπινθήρ.Ἔκλεψε
3767 2370 3849 2436 γὰρ

2289 2461 2428 2532 αὕτη
2456 2462 2547 2517 τὸν
2577 2464 2892 2534 ἀδελφιδοῦν
2912 2464 3092 2528 Ίωὰς,
3122 2465 3182 2517 ὃν
3210 2465 3239 2517 ὁ
3274 2463 3440 2532 σοφὸς
3478 2464 3659 2533 ἱερεὺς
3681 2464 3741 2532 τῇ
3772 2460 3847 2530 $1-

2290 2556 2467 2627 σιλείᾳ
2498 2555 2618 2624 μεθ’
2646 2555 2806 2610 ἕκτον
2840 2556 2959 2619 ἔτος
2989 2556 3293 2611 ἀπέδωκεν.

2363 2732 2477 2787 Τὸν
2504 2730 2702 2801 Χοῤῥὶ,
2742 2731 2840 2786 καὶ
2867 2732 2975 2786 τὸν
3016 2731 3253 2801 Ῥασίμ.
3299 2732 3445 2795 Τοὺς
3496 2730 3732 2803 δρομεῖς.
3776 2729 3850 2781 καὶ

2284 2823 2411 2887 τοὺς
2449 2821 2805 2893 δορυφόρους.
2832 2821 2992 2885 Τινὲς
3019 2822 3099 2887 δὲ,
3133 2821 3576 2893 ἀσπιδηφόρους,
3608 2820 3699 2873 καὶ
3721 2818 3850 2888 δορυ.

2284 2915 2507 2985 φόρους.
2548 2914 3003 2986 ΙΙαρατρέχοντας
3044 2912 3102 2967 δὲ
3147 2913 3321 2981 λέγει,
3366 2914 3503 2975 τοὺς
3555 2910 3851 2982 ἡγουμένους

2283 3007 2377 3062 τοῦ
2412 3007 2704 3080 βασιλέως,
2737 3007 2963 3070 τούτους
2995 3007 3161 3079 τριχῆ
3181 3004 3392 3060 διελών.
3420 3005 3569 3068 Τοὺς
3619 3004 3728 3074 μὲν,
3753 3003 3851 3055 ἐκέ-

2290 3102 2447 3154 λευσε
2502 3101 2792 3170 φυλάττειν
2840 3100 2936 3154 τοῦ
2969 3099 3239 3171 βασιλέως
3287 3100 3380 3153 τὸν
3431 3094 3618 3151 οἷκοψ
3648 3098 3764 3159 τοὺς
3786 3096 3849 3161 δὲ,

2290 3193 2389 3261 τὴν
2413 3195 2619 3248 εἴσοδον
2640 3195 2735 3248 τοῦ
2764 3193 2871 3247 νεώ
2896 3210 2911 3225 ·
2944 3194 3073 3258 τοὺς
3099 3194 3176 3257 δὲ,
3204 3192 3306 3265 τὴν
3334 3191 3518 3263 πύλην
3543 3191 3641 3261 τὴν
3665 3190 3847 3259 ἑτέραν.

2360 3285 2629 3340 Μεσσαέ.
2658 3284 2732 3339 Τὸ
2766 3286 3048 3339 ιΜεσσαὲ»
3078 3285 3129 3338 οἱ
3151 3284 3350 3350 λοιποὶ,
3374 3283 3499 3338 ἀπὸ
3531 3279 3849 3352 διαφθορᾶς,

2289 3378 2656 3451 έρμήνευσαν.
2686 3378 2850 3448 Δηλοῖ
2872 3377 2950 3442 δὲ,
2977 3376 3117 3430 ὥστε
3145 3376 3424 3448 μηδεμίαν
3454 3373 3711 3443 γενέσθαι
3737 3371 3849 3441 βλά-

2287 3471 2389 3543 ϐην
2422 3474 2479 3526 ἐν
2505 3471 2582 3543 τῷ
2610 3472 2745 3542 οἴκῳ
2764 3470 2840 3540 τῷ
2874 3470 3025 3541 θείῳ.
3054 3470 3128 3523 Τὸ
3157 3468 3238 3537 δὲ,
3268 3468 3362 3522 δύο
3415 3470 3606 3539 χεῖρες
3633 3470 3690 3520 ὲν
3721 3466 3846 3535 ὑμῖν,

2286 3564 2408 3619 ἀντὶ
2432 3563 2550 3631 τοῦ,
2584 3563 2916 3637 ἀρτιοιὲστε,
2940 3564 3033 3617 καὶ
3056 3564 3251 3632 ὑγιεῖς,
3284 3564 3377 3617 καὶ
3412 3562 3596 3616 ἱκανοὶ
3623 3558 3844 3629 φυλάξαι,

2286 3660 2382 3715 καὶ
2396 3660 2487 3714 τὸν
2521 3656 2672 3713 οἷκον
2702 3657 2796 3713 τοῦ
2822 3657 2983 3729 Θεοῦ,
3026 3657 3122 3713 καὶ
3150 3658 3240 3711 τὸν
3263 3651 3413 3711 οἶκον
3446 3654 3545 3710 τοῦ
3591 3654 3846 3725 βασιλέως.

2372 3835 2433 3888 Ὀ
2455 3836 2881 3904 εἰσερχόμενος
2907 3835 2996 3900 εις
3017 3833 3090 3887 τὰ
3120 3830 3405 3900 Σιδηρὼθ,
3432 3829 3539 3883 καὶ
3562 3825 3847 3884 ἀποθαγεῖ-

2282 3943 2398 3982 ται.
2449 3926 2637 3990 Οὕτως
2663 3929 2721 3980 ἐν
2750 3923 3268 3998 Παραλειπομέναις
3309 3920 3495 3992 φησίνο
3535 3920 3677 3974 «Καὶ
3705 3920 3733 3970 ό
3758 3919 3846 3970 εἰσ-

2284 4021 2652 4091 πορευόμενος
2682 4019 2760 4083 εἰς
2778 4019 2869 4072 τὸν
2895 4013 3045 4070 οἷκον
3067 4015 3440 4070 ἀποθανεῖται,
3457 4032 3476 4065 ι
3514 4011 3844 4079 ΚαὶἾώσηπ-

2284 4133 2386 4180 πος
2424 4116 2649 4187 ὁμοίως.

2355 4207 2493 4262 Ἀπὸ
2517 4207 2629 4275 τῆς
2660 4206 2845 4277 ὠμίας
2871 4206 2979 4261 τοῦ
3003 4205 3176 4260 οἴκου
3200 4202 3313 4271 τῆς
3343 4200 3574 4268 δεξιᾶς.
3615 4198 3768 4267 Δηλοί
3784 4196 3844 4258 ὡς

2286 4300 2567 4372 μηνοειδὲς
2604 4300 2655 4352 οἱ
2702 4296 2926 4353 Λευῖται
2974 4297 3164 4368 σχῆμα
3206 4296 3539 4366 ποιήσαντες
3564 4292 3634 4346 τὰ
3662 4293 3846 4361 κέρατα

2284 4391 2430 4464 εῐχον
2454 4389 2779 4463 συνημμένα
2810 4389 2890 4460 τῷ
2916 4389 3070 4460 οἴκῳ.
3116 4390 3207 4443 Ἐν
3242 4388 3390 4461 μέσῳ
3410 4386 3468 4440 δὲ
3490 4386 3622 4440 ὄντα
3655 4383 3741 4437 τὸν
3768 4382 3848 4452 βα-

582 4498 791 4554 regem,
822 4483 918 4553 qui
963 4483 1019 4538 in
1052 4483 1237 4539 medio
1265 4492 1406 4551 erat,
1443 4484 1851 4539 custodiebant.
1886 4483 2177 4542 Exercitus

2287 4483 2439 4537 σιλέα
2467 4483 2791 4555 ἐφρούρουν.
2834 4480 2893 4536 Ὀ
2931 4481 2987 4535 δὲ
3026 4480 3257 4552 στρατὸς
3284 4478 3613 4549 δπλοφορῶν
3663 4477 3761 4543 ἔξω
3784 4476 3846 4525 εἰ·

581 4591 716 4633 vero
740 4585 989 4631 armatus
1021 4574 1159 4631 foris
1192 4576 1400 4642 stabat,
1434 4587 1789 4655 exspectans,
1819 4588 1873 4633 et
1906 4578 2175 4635 cohibens

579 4668 729 4733 illos,
764 4670 855 4739 qui
900 4667 1113 4737 ingredi
1166 4670 1476 4724 tentabant.

651 4758 818 4815 Vens.
856 4760 944 4814 12.
984 4759 1169 4815 Posuit
1204 4776 1363 4829 super
1404 4776 1523 4815 eum
1576 4762 2063 4831 sanctiﬁcationem
2123 4773 2173 4817 et

581 4852 967 4907 testimonium.
1008 4853 1173 4908 Liber
1202 4852 1661 4924 Paralipomenon
1692 4854 1874 4920 habet,
1909 4855 1970 4908 τὸ
2016 4856 2172 4927 βασί-

577 4944 721 4998 λειον
753 4984 768 5010 ,
837 4945 1055 5016 signum
1116 4947 1296 5013 regale
1352 4955 1408 5001 et
1460 4946 1852 5001 testimonium.
1896 4946 2175 5020 Ἀγίασμα

576 5033 803 5089 quidem
839 5033 1157 5088 unctionem
1205 5034 1519 5104 significat;
1566 5034 1870 5106 μαρτύριον
1913 5052 2045 5092 vero
2074 5051 2171 5091 co-

575 5137 767 5177 rouam
798 5122 1028 5193 regiam;
1058 5121 1355 5196 σύνδεσμον
1377 5132 1561 5179 autem
1587 5124 1956 5195 tyrannidem,
1982 5141 2173 5197 quem-

575 5214 873 5269 admodum
920 5222 1050 5268 ante
1080 5214 1216 5280 dixi,
1268 5215 1651 5271 nominabant.
1682 5215 1823 5271 Dicit
1856 5228 2038 5272 autem
2073 5232 2171 5273 ex-

574 5313 659 5358 tra
716 5300 975 5358 Sideroth
1013 5304 1277 5359 Attaliam
1322 5305 1555 5361 interfici
1594 5308 1920 5376 imperasse.
1980 5305 2040 5362 1n
2096 5307 2163 5362 Ii-

572 5398 674 5452 bm
708 5396 1167 5467 Paralipomenon
1211 5417 1230 5450 ι
1282 5410 1439 5454 extra
1487 5398 1709 5453 domum
1765 5420 1783 5451 ι
1821 5400 2014 5469 inquit.

646 5488 809 5546 Vens.
887 5490 973 5545 17.
1012 5486 1209 5544 Μαίης
1271 5490 1578 5563 (διαθήκην)
1645 5491 1782 5545 inter
1850 5491 2156 5547 Dominum.

2274 4575 2487 4647 στήκει,
2514 4575 2642 4639 τοὺς
2667 4573 2891 4628 εἰσιέναι
2924 4574 3302 4645 πειρωμένους
3334 4571 3572 4642 ἐπέχων.

2343 4756 2455 4812 Kal
2486 4757 2713 4811 ἔδωκεν
2734 4757 2830 4810 ἐπ’
2864 4756 3053 4811 αὐτὸν
3082 4760 3150 4809 το
3177 4758 3463 4825 αγιασμα,
3496 4750 3599 4804 καὶ
3634 4748 3695 4801 τὸ
3712 4760 3840 4816 μαρ-

2270 4851 2498 4919 τύριον.
2524 4850 2617 4902 Ἐν
2644 4848 3163 4919 Παραλειπομέναις
3194 4847 3309 4918 ἔχει
3333 4846 3397 4898 τὸ
3439 4843 3728 4914 βασίλειον,
3764 4836 3840 4890 καὶ

2270 4942 2333 4997 τὺ
2360 4941 2680 5013 μαρτύριον.
2705 4942 2869 5012 Δηλοί
2904 4940 2960 4994 δὲ
2992 4941 3052 4993 τὸ
3090 4940 3189 5010 μὲν
3207 4940 3496 5008 ἀτίαο-μα,
3533 4936 3596 4989 τὺ
3621 4934 3833 5004 χρίσμα·

2276 5035 2576 5107 μαρτύριον
2605 5035 2685 5101 δὲ,
2718 5034 2811 5087 τὸν
2847 5032 3127 5105 βασιλικὸν
3172 5031 3461 5101 στέφανον.
3509 5027 3839 5094 Σύνδεσμω·

2270 5126 2328 5179 δὲ
2353 5126 2451 5197 τὴν
2482 5125 2803 5197 τυραννίδα,
2838 5124 2983 5180 καθά
3022 5125 3305 5197 προεῖπον,
3340 5120 3645 5192 ὠνόμαζον.
3682 5117 3834 5181 Ἐξωο

2274 5219 2366 5272 θεν
2395 5219 2473 5282 δὲ,
2508 5220 2642 5289 φησὶ
2666 5260 2681 5282 ,
2720 5218 2831 5271 τῶν
2876 5215 3121 5289 Σιδηρὼθ
3173 5215 3529 5286 ἀναιρεθῆναι
3565 5213 3668 5282 τὴν
3698 5208 3838 5262 Γοθο-

2272 5310 2391 5364 λίαν
2440 5311 2457 5348 ί
2516 5310 2876 5383 προσέταξεν.
2928 5310 3015 5362 Ἐν
3048 5310 3104 5363 δὲ
3157 5311 3273 5373 ταῖς
3323 5302 3836 5379 Παραλειπομέναις,

2277 5423 2296 5457 ι
2335 5405 2492 5468 ὲκτὺς
2521 5404 2616 5458 τοῦ
2642 5406 2790 5458 οἴκου
2828 5422 2848 5457 ›
2874 5404 3058 5477 φησίν.

2342 5498 2645 5568 Διαθήκην
2675 5497 2791 5555 ἀνὰ
2815 5498 3011 5569 μέσον
3036 5501 3280 5567 Κιιιρίου.
3320 5494 3666 5566 Συνθήκην,
3705 5488 3773 5550 ὡς
3794 5486 3835 5537 ὑί

1866 5670 2105 5729 νΑιιιτΕ
2159 5673 2567 5733 LECTlONES.

631 5779 645 5817 ί
687 5777 744 5834 ln
780 5779 1027 5836 Lavatcri
1060 5781 1250 5838 codice
1294 5781 1512 5837 videtur
1546 5781 1714 5838 fuisse
1740 5782 2017 5838 Ἀθαλίαν.
