3902 6504
45 350 171 412 1193

38 469 201 522 λοιποὶ
229 468 345 521 τῶν
401 468 780 552 Ἐρμηνευτῶν
816 471 1083 538 ἐξέδωκαν
1119 478 1612 570 ἀλλαχοῦηὊρους
1645 487 1688 542 Α
1716 499 1966 570 Συνθήκη

37 564 133 631 γὰρ
166 555 386 627 αὖτοῖς,
406 562 501 614 καὶ
527 563 746 633 νὸμους,
773 566 1057 637 παρέδωκε
1075 568 1357 623 δουλεύειν
1389 566 1609 641 Κυρίῳ.

36 652 141 715 Φῶς
162 651 243 715 δὲ,
276 651 361 714 ὡς
395 650 628 721 ἀληθῶς,
653 648 975 720 διδάσκαλος
1005 658 1230 727 ἀγαθός.
1280 656 1353 715 Ob
1388 658 1608 726 ζῶντος,

37 744 320 814 ἐλάτρευον
348 745 430 815 τῷ
447 745 591 817 θεῷ.
636 748 785 818 Πλὴν
826 751 921 801 καὶ
967 750 1139 814 οὕτως
1190 748 1330 822 ἦσαν
1379 753 1608 818 ἀτελεῖς,

35 835 246 899 θύοντες
293 837 396 888 ἐπὶ
420 836 527 890 τῶν
561 837 781 907 ὑψηλῶν
831 839 908 911 τῷ
944 841 1085 912 Θεῷ,
1112 843 1208 897 καὶ
1240 844 1339 896 οὑκ
1364 845 1425 897 ἐν
1461 844 1613 915 νόμῳ

36 927 103 997 τῷ
129 927 271 999 Θεῷ,
306 928 458 983 καθὰ
482 924 724 995 διέταξεν
742 931 776 983 δ
805 932 987 1003 νόμος.

617 1129 867 1185 ΚΕΦΑΛ.
927 1132 1030 1183 1Α’.

94 1218 409 1289 Ἀργύριον
444 1220 867 1289 συντιμήσεως
916 1222 1157 1292 ἀνδρός.
1212 1225 1355 1296 Ἔφη
1395 1226 1502 1297 γὰρ
1553 1229 1611 1279 ἐν

37 1310 463 1380 Δευτερονομίῳ,
494 1310 621 1373 τοὺς
649 1311 789 1382 ὑπὲρ
820 1312 1029 1366 ἐαῡτῶν
1075 1313 1418 1385 παρέχοντας
1446 1316 1610 1388 τιμὴν

38 1399 106 1470 τῷ
126 1396 261 1468 Θεῷ,
293 1399 502 1462 πόσους
530 1399 747 1464 σίκλους
772 1404 1036 1473 προσήκει
1058 1404 1282 1459 διδόναι.
1310 1407 1489 1479 Ὅπερ
1516 1408 1611 1461 νῦν

40 1491 294 1561 ἀργύριον
337 1490 497 1554 Ἰωὰς
546 1493 846 1563 προσέταξε
875 1496 1003 1557 τοὺς
1040 1497 1223 1567 ἱερέας
1256 1499 1607 1569 κομίσασθαι,

41 1585 123 1636 καὶ
148 1582 483 1654 θεραπεύειν
511 1583 578 1637 τὰ
619 1585 897 1655 πάσχοντα
930 1586 1026 1640 τοῦ
1058 1588 1208 1653 ναοῦ,
1240 1588 1611 1662 φθειρομένων

44 1674 217 1740 ξύλων,
240 1674 273 1744 ἢ
300 1674 492 1729 λίθων.
530 1672 702 1729 Τοῦτο
724 1676 832 1747 γὰρ
858 1675 1010 1748 δηλοῖ
1067 1679 1183 1733 τόδε
1230 1681 1357 1744 Βὲκ,
1382 1684 1520 1754 ὅπερ
1553 1685 1611 1737 ὲν

44 1765 547 1835 Παραλειπομέναις
569 1765 932 1819 ἐπισκευάσαι
979 1768 1071 1820 τὸν
1101 1766 1248 1821 οἷκον
1290 1770 1491 1841 Κυρίου
1522 1771 1609 1824 λέ-

46 1875 139 1924 γει,
174 1855 267 1909 καὶ
298 1854 490 1922 πάλιν,
526 1854 621 1908 τοῦ
654 1854 990 1927 θεραπεῦσαι
1014 1859 1105 1911 τὸν
1131 1856 1280 1913 οἶκον
1310 1862 1537 1932 Κυρίου.

619 1948 871 2005 ΚΕΦΑΛ.
907 1949 1006 2003 ΙΒ¹.

107 2034 209 2087 Kal
244 2031 628 2105 μετεμελήθη
657 2037 889 2105 Κύριος,
920 2039 1018 2091 καὶ
1046 2040 1337 2110 οικτειρεν
1368 2044 1609 2111 αὐτούς.

47 2123 421 2193 Μεταμέλειαν
445 2122 601 2176 καλεῖ
628 2122 724 2195 τὴν
760 2126 868 2178 ἀπὸ
909 2127 1007 2196 τῆς
1033 2126 1363 2199 δυσκληρίας
1399 2133 1476 2195 εἰς
1521 2133 1614 2185 εὑ-

49 2216 165 2287 κληρ
178 2216 259 2268 ίαν
294 2214 631 2286 μεταϐολήν.

108 2309 256 2363 Λάϐε
310 2309 499 2373 τόξον
542 2309 641 2361 καὶ
677 2302 962 2377 βολίδας.
1009 2313 1119 2383 Οὐχ
1150 2312 1291 2366 οὕτω
1340 2315 1448 2386 γὰρ
1496 2317 1613 2369 ἐπί-

52 2414 219 2451 στευον
260 2403 379 2463 τοῖς
412 2399 614 2468 λόγοις,
658 2401 732 2464 ὡς
754 2404 873 2465 ταῖς
918 2402 983 2455 δι’
1009 2402 1185 2475 ἔργων
1220 2407 1609 2477 προρρήσεσιν.

58 2490 362 2544 Ύπολαὸὼν
387 2491 464 2556 δὲ,
489 2491 563 2556 ὡς
593 2492 897 2559 αὐτόματος
918 2496 1119 2566 ἀφήσει
1151 2497 1277 2569 βέλη
1303 2498 1493 2565 πολλὰ,
1520 2498 1613 2552 τοῦ

51 2582 250 2653 πρώτου
285 2584 654 2654 πεμφθέντος,
689 2585 815 2656 ἔφη,
854 2586 1005 2657 βέλος
1038 2590 1309 2660 σωτηρίας
1335 2630 1351 2656 ,
1402 2591 1499 2645 καὶ
1545 2591 1614 2645 τὰ

54 2675 182 2746 ἑξῆς.
218 2674 311 2739 Ὦς
333 2674 394 2730 δὲ
420 2675 549 2746 τρία
576 2676 712 2746 μόνα
734 2673 1065 2749 ἐξέπεμψεν,
1095 2681 1358 2754 ἠχθέσθη,
1394 2683 1471 2747 ὼς
1516 2686 1614 2754 τῆς

54 2768 234 2838 Συρίας
265 2770 454 2841 τρίτον
480 2768 811 2841 ἡττημένης,
838 2770 955 2824 ἀλλ’
976 2771 1035 2824 οὐ
1063 2773 1440 2847 πανωλεθρίαν
1466 2774 1614 2847 δεχοο

58 2859 225 2929 μένης-

624 3146 877 3203 ΚΕΦΑΛ.
926 3146 1026 3204 ll".

122 3231 179 3285 Ὀ
207 3230 407 3303 uexant-
432 3236 471 3289 μό
503 3234 572 3289 ἐν
601 3235 682 3303 τῷ
706 3236 955 3304 Λιϐάνῳ.
987 3240 1301 3311 ’Δμεσσίας,
1328 3240 1439 3294 τῶν
1478 3240 1612 3295 ’1ου-

56 3323 196 3379 δαῐων
223 3329 376 3399 νόμῳ
404 3328 641 3398 πολέμου
672 3333 973 3402 κρατήσας,
1002 3334 1201 3405 ἧλπισε
1224 3332 1320 3388 καὶ
1352 3334 1451 3398 τὰς
1478 3330 1610 3388 δέκα

60 3422 271 3491 νικήσειν
298 3422 500 3492 φυλὰς.
557 3422 667 3477 Καὶ
722 3426 1076 3495 προεκαλεῖτο
1116 3428 1253 3501 πρὸς
1305 3429 1483 3501 μάχην
1518 3426 1612 3484 τὸν

60 3510 258 3578 βασιλέα
272 3514 379 3568 ’τοῦ
414 3513 657 3587 Ἰσραήλ.
700 3516 756 3570 '0
783 3516 958 3590 δὲτὴν
977 3520 1282 3591 παροιμίαν
1312 3522 1609 3593 ἐδήλωσεν,

62 3602 198 3658 αὑτὸν
224 3607 535 3674 ἀπεικάσας
566 3614 632 3684 τῇ
662 3612 861 3685 κέδρῳ,
892 3614 1101 3671 ἐκεῖνον
1131 3614 1189 3668 δὲ
1214 3615 1290 3687 τῷ
1312 3617 1512 3687 ἀκχάν.

120 3784 215 3838 Kal
244 3785 393 3854 τοὺς
427 3788 598 3855 υἱοὺς
630 3789 749 3843 τῶν
770 3790 1121 3860 συμμίξεων
1134 3792 1253 3847 τῶν
1265 3792 1613 3865 βδελυγμά-

63 3889 177 3930 των.
198 3878 477 3945 Τουτέττι,
515 3882 641 3945 τοὺς
667 3874 775 3935 τῶν
803 3882 1171 3953 ψευδωνύμων
1221 3884 1358 3938 θεῶν
1408 3886 1611 3957 ἱερέας,

64 3966 112 4017 τὸ
128 3969 348 4025 ἄτακτον
377 3972 560 4028 αὐτῶν
592 3974 795 4045 πλῆθος
831 3972 1026 4043 δηλῶν.

125 4058 231 4125 Τὴν
248 4060 465 4131 Αὶνὶὠμ.
498 4062 609 4133 Τὴν
632 4060 729 4118 νῦν
758 4062 1168 4138 ὀνομαζομένην
1191 4066 1396 4130 ’Δῖλὰν.
1425 4067 1517 4121 ἐπὶ
1533 4061 1613 4138 τῷ

67 4146 264 4217 στόματι
289 4149 385 4204 τοῦ
421 4152 713 4224 Ἀραϐικοῦ
742 4154 943 4208 κόλπου
970 4156 1249 4227 κειμένην,
1269 4156 1611 4229 ὃνἘρυθρὰν

68 4241 505 4314 προσαγορεύουσι
535 4243 827 4299 θάλατταν.

634 4336 888 4393 ΚΕΦΑΛ.
924 4336 1021 4395 ῘΔ⁹.

124 4425 215 4478 Kal
242 4427 440 4497 ἥψατο
474 4430 690 4499 Κύριος
736 4431 845 4485 τοῦ
880 4433 1213 4500 βασιλέως.
1267 4436 1610 4508 Σαφέστερον

66 4512 114 4564 τὺ
140 4520 265 4573 κατὰ
300 4520 490 4575 τοῦτον
516 4524 574 4575 ὲν
613 4518 1127 4597 Παραλειπομέναις
1158 4529 1342 4598 φησίν.

133 4606 216 4661 ἐν
232 4610 374 4678 olm
415 4613 781 4683 Ἆπφουσώθ.
810 4612 871 4669 Ol
892 4616 1069 4670 λοιποὶ
1096 4620 1397 4688 κρυφαίως
1417 4618 1608 4687 ἐξέδω-

72 4710 171 4751 καν.

616 4800 870 4855 ΚΕΦΑΛ.
928 4802 1028 4857 lli’.

125 4888 219 4941 Kal
250 4889 391 4957 τοὺς
443 4891 613 4959 υἱοὺς
637 4893 826 4948 αὑτοῦ
860 4893 1070 4965 διῆγεν
1096 4896 1165 4949 ἐν
1210 4900 1374 4968 πιφί.
1422 4898 1606 4955 "Eone:

71 4970 229 5040 δηλοῦν
249 4978 304 5030 τὸ
328 4978 520 5049 μέχρις
543 4976 576 5050 ἡ
585 4980 702 5050 μῶν
730 4981 941 5051 φθάσαν
963 4983 1061 5053 τῆς
1088 4985 1297 5056 πλάνης
1324 4982 1480 5051 εἶδος.
1512 4989 1611 5041 Ἔν

69 5074 157 5117 τισι
176 5067 272 5138 γὰρ
304 5071 525 5125 πόλεσιν
554 5070 703 5138 ἅπαξ
732 5072 826 5126 τοῦ
863 5074 1016 5139 ἔτους
1070 5078 1129 5131 ὲν
1163 5080 1284 5143 ταῖς
1322 5080 1607 5147 πλατείαις

74 5155 342 5229 ἁπτομένας
368 5164 550 5235 πνρας
580 5164 873 5219 ἐθεάσαντο
902 5166 1069 5232 τινες,
1094 5170 1187 5223 καὶ
1212 5170 1416 5235 ταύτας
1437 5172 1609 5245 ὑπερ-

74 5245 356 5321 αλλομένους
390 5258 564 5321 τινας,
594 5257 690 5311 καὶ
739 5258 1043 5328 πηδῶντας,
1084 5262 1146 5314 οὐ
1181 5262 1342 5332 μόνον
1392 5264 1608 5331 παῖδας,

77 5337 187 5393 ἀλλὰ
233 5348 320 5398 καὶ
351 5349 567 5420 ἄνδρας·
596 5347 665 5401 τὰ
695 5346 751 5402 δὲ
789 5350 965 5422 βρέφη
1009 5353 1160 5423 παρά
1200 5354 1309 5408 τῶν
1359 5357 1610 5427 μητέρων

78 5438 461 5508 παραφερόμενοι
485 5438 575 5494 διὰ
602 5442 704 5513 τῆς
732 5441 947 5511 φλογὸς,
980 5442 1118 5514 πρὸς
1162 5445 1609 5519 ἀποτροπιασμὸν

78 5516 225 5587 δῆθεν,
252 5531 342 5582 καὶ
370 5530 660 5603 κάθαρσιν.
700 5533 1004 5604 Ἰώσηππος
1029 5535 1086 5588 δὲ
1117 5537 1212 5590 καὶ
1244 5516 1336 5591 τὸν
1370 5538 1466 5592 ἕνα
1501 5516 1611 5596 τῶν

82 5612 186 5667 υἱῶν
217 5620 576 5678 ὁλοκαυτῶσαι
607 5642 762 5696 φησι,
789 5626 881 5680 τὸν
916 5625 1083 5698 Ἀχὰζ
1110 5627 1187 5700 τῷ
1217 5628 1385 5686 Βαάλ.

137 5812 229 5870 Kal
260 5815 373 5875 εἶδε
407 5822 476 5874 τὸ
522 5824 975 5893 θυσιαστήριον.
1029 5826 1244 5883 Ἔοικεν
1273 5830 1334 5885 οὗ
1388 5831 1464 5905 τῷ
1496 5833 1604 5889 τῶν

354 5918 628 5980 Panos.
676 5920 795 5981 Gn.
835 5922 1219 5984 LXXXVII.

1034 363 1572 427 COMMENTARII
1624 364 1703 424 IN
1750 365 1896 424 LIB.
1926 364 2002 425 IV
2030 366 2321 426 REGUM.

3164 369 3297 433 1194

1972 520 2020 566 ν,
2051 501 2153 555 hoc
2190 510 2274 556 est
2306 501 2510 565 fmdus,
2538 511 2592 557 et
2625 513 2867 574 pactum,
2901 515 2959 560 ut
2991 504 3186 577 reliqui
3214 510 3297 563 in-

1719 598 1986 659 terpretes
2033 589 2235 660 ubique
2278 591 2659 649 reddiderunt.
2717 594 2980 664 Regulam
3046 603 3194 654 enim
3242 609 3297 656 et

1720 681 1864 750 leges
1903 682 2257 752 praescripsit,
2318 694 2377 737 ut
2428 683 2535 739 Deo
2578 688 2873 742 servirent.
2927 688 3066 745 Vere
3112 700 3295 746 autem

1720 773 1895 828 bonus
1948 775 2209 845 magister
2266 776 2354 828 lux
2409 785 2527 844 est;
2585 794 2694 849 quo
2742 780 2956 835 vivente
3005 781 3296 838 Dominum

1720 866 2031 921 coluerunt.
2080 867 2232 922 Adeo
2297 876 2479 923 tamen
2532 883 2689 926 erant
2748 872 3074 942 imperfecti.
3122 886 3180 929 ut
3240 877 3295 930 in

1718 959 1954 1014 excelsis
1990 958 2101 1014 Deo
2131 960 2530 1026 sacriﬁcarent,
2559 972 2614 1018 et
2656 981 2764 1020 non
2799 967 2852 1020 in
2894 970 3119 1038 templo,
3157 973 3297 1027 sicut

1723 1048 1775 1103 in
1805 1050 1921 1121 lege
1951 1058 2067 1105 erat
2094 1053 2499 1122 praescriptum.

2261 1141 2414 1197 CAP.
2457 1142 2549 1200 x1.
2589 1144 2753 1219 [χιι]

1792 1230 1956 1286 Vens.
1996 1231 2051 1286 4.
2088 1232 2379 1303 Argentum
2411 1236 2782 1293 aestimationis
2825 1240 2946 1297 viri.
2983 1241 3126 1298 Dicit
3149 1245 3295 1299 enim

1721 1322 1774 1377 in
1811 1322 2235 1378 Deuteronomio
2275 1325 2347 1380 de
2389 1328 2519 1393 illis,
2564 1330 2657 1399 qui
2686 1346 2784 1384 sua
2812 1346 3006 1403 sponte
3065 1336 3296 1394 Domino

1720 1427 1920 1467 munus
1961 1412 2273 1480 conferunt,
2304 1426 2439 1485 quot
2474 1419 2643 1475 siclus
2673 1436 2769 1477 eos
2793 1423 2924 1478 dare
2959 1429 3293 1495 conveniat;

1720 1519 1883 1573 (piam
1933 1507 2224 1575 pecuniam
2279 1506 2411 1564 Joas
2465 1528 2613 1568 nunc
2673 1518 2989 1574 sacerdotes
3039 1522 3298 1592 colligere

1719 1598 1997 1665 prlecepit,
2046 1606 2099 1652 et
2152 1598 2381 1655 reﬁcere
2421 1604 2590 1673 ligna,
2626 1614 2679 1659 et
2716 1608 2927 1678 lapides
2967 1613 3020 1666 in
3067 1616 3295 1685 templo.

1720 1685 1834 1742 Hoc
1868 1688 2012 1742 enim
2060 1690 2338 1760 signiﬁcat
2380 1693 2512 1749 illud
2571 1696 2697 1764 Bek,
2744 1702 2893 1769 quod
2934 1703 2988 1757 in
3045 1704 3293 1779 Paralip.

1720 1783 1849 1837 dicit
1876 1800 2182 1855 praeparare
2207 1790 2469 1860 templum
2521 1792 2760 1864 Domini,
2786 1807 2841 1853 et
2872 1801 3070 1858 iterum
3098 1818 3297 1862 curare

1643 1850 1686 1904 Β
1715 1850 1934 1927 domum
1967 1850 2207 1930 Ilomini.

2207 1969 2361 2027 CAP.
2422 1972 2539 2029 xu.
2600 1976 2794 2051 [XIII-.J

1782 2054 1947 2112 Vens.
1991 2058 2045 2112 4.
2088 2059 2157 2114 Ει
2205 2066 2515 2132 ρωηίιεηιὶα
2564 2072 2755 2128 ductus
2801 2085 2880 2129 est
2925 2075 3204 2144 Dominus,
3237 2091 3288 2136 et

1714 2149 1958 2203 misertus
1999 2163 2078 2205 est
2130 2172 2332 2212 eorum.
2382 2158 2767 2220 Paenitentiam
2826 2178 2982 2224 vocat
3032 2174 3291 2230 mutatio-

1716 2256 1835 2292 nem
1880 2242 2219 2300 infelicitatis
2262 2250 2312 2302 in
2348 2248 2685 2310 felicitatem.

1785 2330 1950 2389 Vens.
2008 2338 2093 2393 15.
2136 2340 2324 2410 Accipe
2385 2362 2570 2399 arcum
2600 2358 2649 2401 et
2675 2352 2925 2421 sagittas.
2982 2355 3096 2410 Non
3141 2359 3289 2412 enim

1715 2431 1924 2481 tantum
1982 2431 2279 2487 credebant
2348 2439 2511 2494 nudis
2571 2445 2964 2511 sermonibus,
3016 2459 3286 2517 quantum

1714 2518 2166 2587 praedictionibus
2232 2544 2357 2598 quae
2403 2546 2499 2600 per
2531 2548 2697 2603 opera
2728 2536 3054 2593 edebantur.
3087 2540 3293 2597 Existi-

1714 2625 1869 2665 mans
1901 2624 2081 2669 autem
2124 2634 2223 2672 sua
2267 2633 2462 2691 sponte
2500 2628 2816 2697 complures
2852 2634 3081 2702 sagittas
3125 2637 3294 2692 emis-

1712 2714 1922 2770 surum,
1957 2707 2135 2776 prima
2172 2712 2373 2767 emissa
2400 2752 2416 2776 ,
2455 2714 2612 2784 dixit,
2671 2723 2868 2791 sagitta
2919 2726 3135 2791 salutis,
3179 2739 3290 2787 etc.

1712 2790 2008 2865 Postquam
2046 2814 2174 2853 vero
2232 2813 2342 2857 tres
2383 2806 2561 2861 solum
2609 2790 2813 2877 emisit,
2843 2814 3029 2871 dolore
3067 2817 3294 2876 allectus

1711 2893 1814 2948 est,
1842 2901 1905 2939 eo
1941 2890 2083 2957 quod
2117 2894 2277 2948 tertio
2310 2895 2472 2967 Syria
2503 2902 2722 2969 quidem
2774 2909 3088 2976 superanda
3120 2920 3289 2979 esset,

1714 2992 1821 3031 non
1859 2988 2038 3036 tamen
2091 2988 2314 3043 omnino
2364 2993 2759 3053 exscindenda.

2218 3169 2372 3225 CAP.
2414 3171 2547 3229 xm.
2604 3174 2798 3252 [χιιι]

1791 3253 1954 3311 Vens.
2024 3260 2080 3312 9.
2152 3260 2399 3319 Carduus
2457 3268 2512 3320 in
2561 3268 2789 3327 Libano.
2846 3273 3119 3347 Amesias,
3174 3280 3293 3352 lege

1716 3345 1841 3401 belli
1876 3348 1929 3402 in
1961 3347 2183 3409 Iudaeos
2234 3354 2524 3425 imperium
2563 3368 2777 3429 tenens,
2823 3373 3064 3437 speravit
3208 3345 3297 3428 de-

1716 3451 1832 3492 cem
1880 3456 2102 3512 quoque
2152 3445 2333 3501 tribus
2367 3448 2727 3520 domitnrum,
2759 3465 2813 3509 et
2854 3472 3035 3530 regem
3075 3461 3294 3520 lsraelis

1715 3528 1783 3581 ad
1841 3546 2074 3600 pugnam
2115 3539 2470 3604 provocabat.
2521 3542 2615 3598 Ille
2680 3561 2809 3600 vero
2866 3528 3181 3617 parabolam
3238 3557 3289 3610 ei
3336 3598 3337 3601 η

1716 3625 2023 3691 proposuit,
2058 3627 2304 3697 seipsum
2357 3633 2523 3689 cedro
2555 3651 2904 3704 comparans,
2958 3643 3107 3698 illum
3164 3662 3293 3702 vero

1715 3715 1943 3772 carduo.

1789 3804 1951 3861 Vsus.
1998 3808 2085 3864 H.
2142 3808 2213 3863 Et
2260 3811 2403 3877 ﬁlios
2454 3818 2881 3876 commistiomtm
2934 3826 3292 3883 abominatio-

1716 3911 1861 3952 nunt.
1899 3896 2010 3952 lluc
2050 3909 2156 3965 est,
2207 3900 2471 3958 falsorum
2507 3908 2734 3964 deorum
2782 3917 3120 3983 sacerdotes,
3168 3937 3294 3990 pro-

1716 3991 1982 4045 miscuam
2026 3993 2267 4061 ipsorum
2305 3999 2710 4058 multitudinem
2738 4006 3079 4077 signiﬁcans.

1784 4082 1950 4139 Vsus.
1997 4084 2087 4139 22.
2131 4086 2338 4145 Αῖιοιη.
2389 4091 2519 4158 Quae
2570 4095 2731 4152 hodie
2778 4100 2896 4154 Aila
2952 4106 3291 4175 nominatur,

1714 4175 1817 4230 sita
1876 4175 2031 4246 juxta
2065 4180 2268 4234 ostium
2319 4184 2474 4241 sinus
2517 4187 2755 4255 Arabici,
2792 4208 2955 4263 quem
2999 4211 3148 4252 mare
3176 4198 3290 4252 ltu-

1714 4264 1875 4321 brum
1912 4270 2209 4338 appellant.

2203 4364 2357 4419 CAP.
2420 4367 2560 4423 xw.
2628 4370 2792 4445 [xm

1784 4448 1953 4505 Vens.
1996 4452 2050 4508 5.
2090 4452 2161 4507 Et
2218 4457 2384 4527 tetigit
2432 4459 2686 4516 Dominus
2736 4482 2925 4535 regem.
2963 4468 3187 4527 Planius
3223 4473 3290 4528 de

1639 4574 1682 4630 ο
1711 4546 1874 4602 rebus
1903 4549 2070 4618 hujus
2105 4553 2247 4621 regis
2277 4554 2520 4625 loquitur
2552 4560 2645 4615 lib.
2690 4560 2931 4634 Paralip.

1780 4637 1847 4693 In
1873 4640 2028 4695 domo
2070 4644 2396 4713 Apphusotlt.
2438 4649 2651 4720 Reliqui
2697 4658 2999 4725 κρυφαίως,
3043 4662 3286 4731 latenter,

1708 4742 2103 4804 exposuerunt.

2214 4830 2366 4887 CAP.
2404 4833 2524 4890 xv.
2556 4835 2755 4911 {xu}

1785 4913 1949 4972 Vsus.
1992 4920 2045 4973 5.
2087 4919 2155 4974 Et
2190 4922 2334 4991 ﬁlios
2368 4944 2489 4982 suos
2521 4930 2761 4986 traduxit
2783 4951 2876 5003 per
2899 4936 3090 5008 ignem.
3131 4943 3291 4997 Vide-

1710 5015 1797 5062 tur
1819 5010 2133 5080 signiﬁcare
2160 5017 2403 5083 speciem
2435 5024 2775 5095 erroris,qui
2796 5028 2862 5082 ad
2891 5040 3081 5086 nostra
3114 5051 3290 5105 usque

1709 5108 1955 5171 tempora
1985 5110 2249 5174 pervenit.
2290 5109 2343 5164 In
2386 5114 2720 5182 quibusdam
2756 5121 2901 5176 enim
2944 5126 3171 5183 urbibus
3201 5145 3288 5183 se—

1710 5194 1813 5249 mel
1870 5194 1922 5248 in
1980 5212 2124 5253 anno
2156 5214 2419 5258 accensas
2458 5221 2621 5277 pyras
2674 5226 2770 5279 per
2803 5214 3014 5282 plateas
3063 5218 3284 5287 quidam

1709 5285 2090 5356 inspexerunt,
2121 5300 2176 5346 et
2209 5308 2306 5363 per
2332 5295 2455 5353 illas
2485 5301 2885 5371 transilientes,
2919 5316 2973 5361 et
2997 5285 3283 5376 saltantes,

1710 5394 1819 5433 non
1847 5396 2047 5451 pueros
2089 5385 2273 5451 modo,
2307 5388 2404 5443 sed
2452 5393 2615 5445 etiam
2665 5395 2849 5463 viros;
2907 5400 3152 5458 infantes
3182 5419 3285 5458 au-

1710 5479 1818 5527 tem
1872 5488 1901 5527 a
1934 5478 2207 5533 matribus
2255 5488 2502 5549 gestatus
2549 5501 2646 5551 per
2677 5488 2973 5557 ﬂammam,
3027 5495 3285 5549 nimirum

1710 5572 1934 5633 propter
1974 5567 2350 5637 depulsionem
2410 5575 2707 5644 malorum,
2761 5588 2814 5633 et
2875 5583 3283 5644 lustrationem.

1710 5654 1985 5726 Josephns
2020 5670 2198 5715 autem
2241 5664 2393 5729 dicit,
2422 5668 2603 5723 Acbaz
2640 5688 2807 5726 unum
2840 5689 2903 5730 ex
2952 5677 3078 5733 ﬁliis
3112 5686 3285 5735 totum

1712 5747 1813 5818 ipsi
1851 5749 1977 5802 Baal
2006 5753 2403 5812 combussisse.

1788 5836 1951 5896 Vens.
1997 5842 2081 5899 12.
2126 5843 2195 5898 Et
2226 5846 2353 5901 vidit
2415 5849 2608 5909 altare.
2671 5853 2791 5911 Non
2845 5856 2980 5921 Deo,
3042 5860 3287 5917 universi

2896 5950 2975 6013 38
