4034 6506
584 299 719 365 1195

1891 307 2245 367 PROCOPII
2285 309 2529 369 GAZAEI

3708 312 3825 378 1196

576 412 878 479 conditori,
910 413 1126 469 videtur
1181 420 1560 470 constructum
1620 414 1813 481 fuisse,
1867 416 1962 469 sed
2016 416 2163 470 idolo

2271 418 2405 472 ὅλων
2424 416 2545 489 Θεῷ
2562 416 2722 472 τοῦτο
2747 415 3134 486 πεποιηκέναι,
3163 414 3279 469 ἀλλ’
3298 416 3503 489 εἰδώλῳ
3533 419 3657 474 τινί.
3678 419 3828 475 Τουτο

579 506 823 562 cuidam.
855 505 972 561 Hoc
1003 506 1153 560 enim
1184 505 1239 560 in
1266 506 1414 562 libro
1459 506 1921 577 Paralipomenon
1972 506 2157 561 innui-

583 611 693 666 tur,
729 600 1025 670 inquiens;
1072 618 1089 651 ι
1143 598 1209 654 Et
1243 599 1457 655 addidit
1499 601 1707 663 Acbaz,
1744 606 1858 653 uta
1892 597 2001 654 Deo
2026 599 2160 654 deﬁ-

580 702 753 759 ceret,
787 712 807 746 ι
848 702 904 748 et
940 690 1081 748 dixit
1112 708 1125 745 :
1166 708 1186 743 ι
1218 690 1473 757 Quaeram
1500 691 1635 747 deos
1673 688 1926 745 Damasci
1961 703 2163 759 percu-

581 785 783 841 tientes
806 799 915 851 me,
951 802 972 837 ι
1005 792 1114 839 etc.

651 877 817 932 Vens.
860 876 947 930 12.
989 874 1224 933 Αῐηεαηι
1256 877 1450 931 altare.
1494 872 1650 941 Quod
1677 872 1969 929 aediﬁcavit
2003 869 2160 927 Solo-

580 985 731 1025 mon.

653 1061 822 1117 Vens.
863 1060 953 1117 18.
986 1061 1273 1119 ϐαῑήεάτω
1300 1060 1681 1117 Sabbatorum.
1722 1056 1865 1112 Ante
1901 1056 2160 1126 templum

579 1152 759 1206 locum
793 1152 1051 1217 habebat,
1084 1152 1177 1207 ubi
1205 1162 1332 1206 ante
1360 1159 1577 1220 tempus
1606 1147 2028 1212 sacriﬁciorum,
2070 1156 2164 1201 aut

578 1246 665 1300 his
696 1247 861 1301 etiam
900 1244 1145 1316 peractis
1186 1245 1413 1300 sedebat
1445 1262 1459 1310 ;
1486 1244 1639 1297 illum
1672 1240 1729 1295 in
1758 1239 1964 1309 templo
1988 1238 2162 1293 collo-

578 1336 745 1400 cavit,
780 1345 832 1390 et
882 1351 1072 1405 regum
1105 1335 1311 1390 ostium
1367 1333 1674 1398 transtulit,
1732 1330 2022 1385 introitum
2069 1344 2165 1400 per

580 1427 928 1483 sacerdotum
962 1426 1227 1481 ambitum
1283 1424 1534 1480 faciens:
1567 1423 1810 1493 idipsum
1856 1423 2021 1477 etiam
2060 1420 2163 1477 im-

580 1521 729 1590 pium
761 1528 900 1574 erat.
933 1519 1148 1574 Idcirco
1193 1529 1377 1573 autem
1409 1517 1516 1572 hoc
1551 1515 1704 1582 fecit,
1749 1522 1829 1582 ut,
1864 1514 1910 1569 si
1942 1513 2165 1584 quando

580 1612 726 1682 regia
768 1612 1055 1667 obsidione
1103 1611 1440 1682 cingeretur,
1502 1617 1691 1679 posset
1743 1608 1952 1676 absque
2014 1612 2165 1660 metu

578 1712 633 1757 et
682 1705 928 1774 periculo
978 1703 1240 1773 templum
1288 1701 1525 1772 ingredi,
1578 1699 1905 1769 adjunctum
1958 1698 2166 1754 habens

2263 510 2371 581 γὰρ
2411 513 2470 564 ὲν
2518 509 3026 582 Παραλειπομέναις
3064 508 3396 576 αἰνίττεται,
3430 510 3638 579 λέγων*
3683 530 3702 564 ι
3735 514 3830 569 Καὶ

2265 602 2609 675 προσέθηκεν
2643 600 2813 673 Ἀχὰζ
2868 600 2963 654 τοῦ
3016 601 3327 673 ἀποστῆναι
3378 602 3609 673 Κυρίου.
3668 622 3685 655 ι
3736 607 3832 659 Καὶ

2265 693 2450 749 εἶπενο
2482 714 2509 747 1
2563 695 2795 767 Ζητήσω
2840 695 2967 757 τοὺς
3021 692 3179 758 θεοὺς
3214 694 3539 766 Δαμασκοῦ,
3598 698 3717 761 τοὺς
3750 697 3827 751 τύ-

2265 787 2503 851 πτοντάς
2545 805 2637 858 με,
2680 806 2698 839 ι
2730 786 2918 842 καὶτὰ
2947 784 3097 857 ἑξῆς.

2342 879 2411 933 Τό
2438 878 2507 933 δὲ
2539 880 2814 949 χαλκοῦν
2859 877 3324 948 θυσιαστήριον.
3367 881 3434 934 Ὃ
3477 880 3827 937 κατεσκεύασε

2266 968 2541 1041 Σολομῶν.

2341 1061 2459 1131 Τῆς
2495 1060 2787 1129 καθέδρας
2810 1061 2931 1115 τῶν
2949 1062 3287 1117 Σαϐϐἀτων.
3315 1062 3431 1134 [Iph
3451 1062 3551 1117 τοῦ
3571 1061 3674 1117 νεὼ
3696 1063 3837 1121 τόπον

2265 1147 2435 1223 εἶχεν,
2460 1150 2589 1205 ἔνθα
2617 1152 2726 1222 πρὸ
2754 1152 2849 1206 τοῦ
2889 1152 3087 1224 καιροῦ
3120 1153 3229 1206 τῶν
3254 1152 3479 1218 θυσιῶν,
3526 1153 3560 1224 ἢ
3596 1153 3685 1206 καὶ
3718 1156 3836 1222 μετὰ

2265 1244 2490 1309 ταύτας,
2517 1243 2827 1308 ἐκαθέζετο.
2881 1244 3084 1298 Τοῦτον
3130 1245 3228 1299 νῦν
3277 1244 3427 1298 ἔνδον
3467 1245 3720 1314 ἐποίησεν
3759 1245 3837 1298 τοῦ

2266 1336 2420 1400 ναοῦ,
2453 1336 2681 1391 καὶτῶν
2731 1336 3026 1407 βασιλείων
3067 1338 3168 1409 τὴν
3200 1337 3373 1409 θύραν
3406 1338 3730 1409 μετέστησε,
3756 1340 3839 1406 τὴν

2264 1425 2438 1479 δίοδον
2473 1426 2561 1480 διὰ
2594 1426 2703 1480 τῶν
2741 1428 2905 1499 ἱερῶν
2962 1429 3269 1500 περιϐόλων
3314 1429 3683 1499 ποιούμενος·
3724 1430 3841 1501 ὅπερ

2265 1513 2333 1589 ἦν
2360 1518 2454 1573 καὶ
2475 1518 2609 1573 αὐτὸ
2632 1520 2850 1584 ἀσεϐές.
2883 1522 3059 1574 Τοῦτο
3094 1522 3151 1575 δὲ
3183 1523 3458 1593 πεποίηκε
3497 1521 3678 1591 δῆθεν,
3709 1522 3770 1574 ἵν’
3803 1529 3839 1576 εἰ

2269 1610 2613 1682 πολιορκοῖτο
2643 1612 2711 1665 τὰ
2742 1613 3010 1683 βασίλεια,
3035 1614 3252 1669 δύναιτο
3304 1615 3392 1668 ἐπ’
3433 1613 3625 1676 ἀδείας
3661 1616 3735 1676 είς
3766 1618 3845 1667 τὸν

2270 1700 2408 1753 νεὼν
2436 1701 2689 1765 εἰσιέναι,
2713 1704 3068 1774 συνημμένην
3097 1703 3235 1774 ἔχων
3257 1703 3355 1775 τὴν
3381 1703 3596 1756 εἴσοδον
3615 1720 3629 1735 ο
3666 1701 3693 1755 δ
3715 1702 3845 1772 δηλοί

580 1794 894 1848 introitum.
938 1792 1053 1848 Hoc
1106 1791 1251 1847 enim
1288 1791 1424 1847 illud
1459 1789 1755 1860 signiﬁcat,
1806 1788 1955 1861 quod
2012 1788 2164 1855 dicit,

2271 1791 2351 1845 τό’
2394 1792 2530 1845 Ἀπὸ
2561 1793 2859 1866 προσώπου
2887 1793 2983 1847 τοῦ
3019 1794 3288 1866 βασιλέως
3319 1794 3656 1866 Ἀσσυρίων.

578 1886 622 1940 Α
656 1886 795 1942 facie
825 1886 971 1957 regis
998 1884 1377 1955 Assyriorum.

1037 1977 1191 2032 CAP.
1273 1976 1411 2032 xvr
1488 1974 1705 2050 [xvnq

648 2066 819 2123 Vens.
868 2065 958 2120 10.
1000 2064 1246 2133 Statuas,
1285 2077 1334 2121 et
1369 2067 1541 2121 lucos.
1576 2066 1795 2137 Reliqui
1838 2066 2046 2137 ubique
2081 2067 2167 2121 lu-

577 2176 704 2219 cum
723 2160 984 2215 Astaroth
1009 2159 1468 2230 interpretantur.
1497 2159 1612 2215 Hoc
1644 2176 1773 2216 vero
1790 2159 1951 2232 545
1978 2161 2169 2216 Astar-

580 2265 668 2308 ten
716 2252 1010 2323 signiﬁeat,
1045 2252 1261 2307 scilicet
1312 2252 1605 2307 Venerem.
1666 2252 1810 2307 Dicit
1882 2263 2063 2308 autem
2110 2255 2165 2308 in

578 2345 728 2399 omni
814 2344 935 2399 loco
1026 2342 1223 2397 altaria
1337 2343 1680 2399 dmmonibus
1764 2352 1946 2399 erecta
2021 2358 2165 2411 esse,

581 2452 689 2491 non
725 2436 886 2490 modo
941 2435 998 2489 in
1064 2436 1295 2490 urbibus
1342 2443 1397 2490 et
1446 2436 1625 2498 vicis,
1664 2435 1759 2490 sed
1814 2436 1870 2489 in
1921 2434 2168 2491 turribus

581 2530 744 2584 etiam
774 2529 930 2598 juxta
961 2528 1105 2582 viam
1134 2529 1333 2599 positis
1357 2570 1370 2594 ,
1405 2529 1458 2583 in
1502 2529 1705 2599 quibus
1738 2528 1895 2599 pauci
1942 2528 2166 2599 quidam

580 2619 891 2677 custodiam
921 2628 1250 2674 nocturnam
1277 2634 1457 2690 agere,
1492 2629 1547 2674 et
1582 2619 1795 2674 facibus
1830 2619 2058 2675 elevatis
2089 2618 2168 2673 si-

578 2729 746 2786 gnum
787 2712 923 2768 dare
965 2724 1390 2767 consueverant.
1446 2711 1560 2768 lloc
1608 2721 1789 2767 autem
1848 2712 1968 2765 loco
2013 2710 2168 2767 lucos

579 2807 887 2862 daemonum
926 2806 1143 2861 excelsa
1177 2806 1493 2877 appellavit.

651 2895 813 2951 Vens.
852 2896 937 2949 ll.
987 2895 1344 2965 Etffecerunt
1400 2898 1705 2966 participes.
1731 2894 2167 2952 Consensionem

580 3005 706 3044 cum
738 2988 996 3059 gentibus
1029 2988 1135 3043 hoc
1178 2990 1339 3044 modo
1378 2990 1602 3045 videtur
1632 2991 1932 3062 appellare,
1967 3000 2021 3045 et
2050 3006 2169 3045 om-

580 3098 682 3139 nes
732 3081 881 3146 illos,
914 3089 1189 3151 quotquot
1221 3097 1317 3137 eos
1366 3082 1707 3151 impietatem
1740 3081 2073 3146 docuerunt,
2109 3088 2169 3135 ut

581 3176 639 3229 in
707 3174 1069 3243 sequentibus
1136 3173 1370 3227 latenter
1442 3173 1713 3228 innuitur.
1787 3172 1855 3226 Et
1916 3174 2168 3228 fecerunt

581 3264 771 3336 Ephod
812 3272 999 3334 aptum
1042 3262 1496 3331 praedictionibus
1529 3277 1822 3334 augurum,
1850 3263 2015 3316 etiam
2049 3262 2170 3332 ipse

580 3357 793 3423 Judas;
852 3371 962 3412 non
1040 3357 1262 3427 quidem
1311 3364 1541 3426 pr0pter
1609 3357 1763 3427 regni
1816 3356 2165 3423 divisionem,

587 3449 1053 3523 quemadmodum
1081 3450 1267 3506 dicere
1307 3451 1511 3521 aliquis
1544 3459 1767 3521 posset;
1804 3460 1879 3513 et,
1916 3450 2064 3521 quod
2089 3449 2170 3506 Je-

589 3544 834 3600 rusalem
884 3545 1079 3616 procul
1131 3545 1375 3608 abesset,
1428 3544 1630 3615 impius
1662 3543 1768 3599 fuit
1818 3545 2012 3610 Israel,
2043 3558 2168 3600 cum

591 3637 709 3708 ipse
747 3636 914 3691 etiam
944 3633 1118 3691 Judas
1145 3636 1273 3691 talis
1305 3634 1491 3691 fuerit.

648 3728 813 3787 Vens.
848 3729 938 3785 25.
975 3727 1044 3782 Ει
1092 3730 1384 3783 translatus
1437 3736 1515 3783 est
1561 3726 1739 3784 Israel
1789 3728 1855 3783 de
1902 3736 2050 3782 terra
2070 3742 2172 3782 sua

587 3825 643 3877 in
678 3822 930 3892 Assyrios
963 3836 1128 3891 usque
1160 3820 1229 3873 ad
1281 3818 1418 3873 hunc
1451 3820 1614 3874 diem.
1650 3820 1767 3875 [loc
1800 3820 1970 3874 etiam
2001 3818 2174 3889 signi-

589 3916 738 3977 ﬁcat,
778 3912 1108 3983 scriptorem
1171 3910 1533 3981 posteriorem
1595 3925 1659 3965 ex
1718 3911 2023 3981 prOpbetis,
2074 3907 2172 3979 qui

589 4004 1067 4074 conscripserunt,
1117 4017 1240 4072 quae
1270 4002 1387 4056 suis
1432 4002 1777 4071 temporibus
1823 4001 2169 4067 acciderunt,

590 4095 877 4149 historiam
948 4094 1397 4163 transcripsisse.
1463 4093 1767 4148 Evidenter
1843 4104 2026 4148 autem
2084 4107 2173 4147 res

592 4186 1089 4252 Samaritanorum,
1145 4186 1241 4256 qui
1271 4201 1419 4239 nunc
1464 4194 1615 4250 sunt,
1668 4185 1989 4256 descripsit,
2025 4184 2174 4241 unde

593 4282 727 4337 sint.
763 4290 819 4336 et
847 4280 1130 4352 quomodo
1183 4295 1250 4335 ex
1290 4280 1628 4335 necessitate
1661 4279 1833 4351 legem
1868 4279 2039 4353 Moysi
2070 4294 2171 4334 cu-

592 4377 943 4433 stodiverint.

2856 1972 3268 2040 necAA.1qh

2341 2061 2600 2129 Στήλας,
2642 2060 2741 2115 καὶ
2773 2061 2959 2131 ἄλση.
2990 2064 3279 2134 Πανταχοῦ
3310 2064 3372 2117 τὸ
3403 2065 3575 2128 ἄλσος
3616 2066 3666 2119 οἱ
3692 2066 3841 2122 λοιποὶ

2283 2151 2564 2224 ’Δσταρὼθ
2590 2152 3006 2223 ἑρμηνεύουσιν.
3034 2153 3198 2223 Δηλοί
3233 2154 3290 2207 δὲ
3320 2154 3482 2208 τοῦτο
3506 2155 3607 2227 τὴν
3632 2155 3839 2228 ’Δστάρ-

2270 2262 2391 2317 την,
2446 2246 2613 2316 ἤγουν
2670 2244 3024 2316 ’Δφροδίτηψ
3086 2248 3146 2299 ἐν
3195 2249 3359 2300 παντὶ
3412 2246 3471 2300 δὲ
3524 2248 3677 2319 τόπῳ
3733 2256 3844 2322 φησι

2274 2336 2494 2408 βωμοὺς
2519 2336 2908 2409 ᾠκοδομῆσθαι
2945 2338 3060 2400 τοῖς
3090 2336 3336 2408 δαίμοσι,
3373 2339 3477 2392 καλ⁵
3510 2340 3575 2393 οὐ
3622 2343 3769 2411 μόνον
3797 2345 3844 2397 ὲν

2270 2431 2480 2496 πόλεσι,
2518 2430 2613 2485 καὶ
2650 2430 2888 2501 κώμαις,
2917 2429 3053 2483 ἀλλὰ
3078 2431 3173 2484 καὶ
3198 2432 3255 2483 έν
3298 2434 3415 2496 τοῖς
3446 2433 3597 2487 κατὰ
3624 2433 3721 2505 τὴν
3746 2435 3843 2490 ὁδὸν

2272 2524 2526 2595 πύργοις,
2556 2526 2614 2577 ὲν
2640 2521 2723 2587 οἷς
2774 2523 2947 2592 ὀλίγοι
2992 2523 3140 2587 τινὲς
3178 2522 3445 2578 εἰώθεσαν
3493 2530 3840 2597 φρυκτωρεῖν.

2284 2616 2552 2671 Ἐνταῦθα
2588 2617 2646 2671 δὲ
2687 2615 2871 2686 ὑψηλὰ
2912 2615 2981 2670 τὰ
3019 2616 3227 2687 τεμένη
3273 2617 3384 2671 τῶν
3429 2617 3706 2690 δαιμόνων
3732 2620 3841 2673 ἑκά-

2271 2711 2447 2767 λεσεν.

2343 2920 2454 2973 Καὶ
2499 2921 2803 2989 ἐποίησαν
2850 2927 3197 2993 κοινωνούς.
3253 2931 3413 2983 Δοκεῖ
3463 2931 3571 3002 τὴν
3619 2931 3749 3004 πρὸς
3789 2933 3845 2985 τὰ

2274 3010 2404 3082 ἔθνη
2440 3015 2761 3084 συμφωνίαν
2786 3015 2931 3071 οὕτω
2968 3018 3175 3084 καλεῖν,
3201 3022 3294 3075 καὶ
3324 3023 3453 3088 τοὺς
3491 3024 3615 3077 ὅσοι
3647 3023 3846 3088 τούτους

2199 3119 2241 3179 C
2274 3103 2521 3169 ἐδίδαξαν
2553 3106 2796 3172 ἀσεϐεῖν,
2832 3107 2907 3171 ὡς
2933 3109 3065 3180 ἑξῆς
3093 3111 3491 3169 ὑπαινίττεται.
3533 3116 3648 3169 Καὶ
3681 3117 3847 3186 ἐποίη-

2274 3213 2373 3249 σαν
2409 3196 2625 3267 Ἐφοὺδ,
2650 3199 2711 3252 τὸ
2750 3202 2870 3263 ταῖς
2915 3206 3204 3270 μαντικαῖς
3252 3205 3525 3276 ἁρμόττον
3559 3208 3845 3280 προρρήσε-

2274 3308 2377 3344 σιν.
2414 3291 2524 3346 Καί
2557 3308 2619 3360 γε
2653 3293 2750 3345 καὶ
2792 3294 2991 3358 Ἰούδας
3026 3297 3210 3360 αὐτὸς.
3243 3298 3359 3351 Οὐκ
3391 3299 3501 3368 ἄρα
3524 3300 3621 3353 διὰ
3647 3300 3736 3371 τὴν
3762 3301 3847 3368 τῆς

2274 3383 2573 3455 βασιλείας,
2614 3385 2689 3450 ὼς
2720 3386 2785 3440 ἄν
2822 3404 2907 3451 τις
2945 3389 3109 3455 εἴποι,
3144 3390 3434 3461 διαίρεσιν,
3464 3392 3565 3445 καὶ
3591 3394 3651 3446 τὸ
3679 3395 3845 3465 πόρῤω

2271 3476 2526 3544 γενέσθαι
2556 3476 2653 3546 τῆς
2695 3477 3074 3549 Ἰερουσαλὴμ,
3114 3479 3389 3551 ἠσέϐησεν
3433 3482 3683 3555 Ἰσραὴλ,
3728 3484 3842 3537 ὅπου

2272 3568 2370 3622 καὶ
2410 3569 2612 3633 Ἰούδας
2644 3569 2829 3633 αὐτός.

2340 3743 2455 3798 Kal
2481 3744 2796 3813 ἀπῳκίσθη
2832 3746 3072 3813 Ἰσραὴλ
3111 3747 3232 3803 ἀπὸ
3258 3744 3368 3816 τῆς
3397 3747 3512 3819 γῆς
3557 3749 3742 3805 αὐτοῦ
3770 3752 3842 3816 εις

2286 3835 2650 3907 Ἀσσυρίους
2696 3838 2807 3906 ἓως
2853 3838 2967 3907 τῆς
2999 3839 3226 3909 ἡμέρας
3274 3842 3519 3910 ταύτης.
3572 3843 3731 3912 Δηλοῖ
3766 3845 3843 3897 καὶ

2272 3932 2452 4000 τοῦτο,
2486 3931 2598 3985 ’τὸν
2641 3934 2965 4006 συγγραφέα
3005 3935 3468 4007 μεταγενέστερον
3500 3939 3568 3991 ἐκ
3608 3938 3714 3990 τῶν
3739 3954 3843 4007 προ-

2275 4024 2486 4096 φητῶν,
2520 4025 2631 4081 τῶν
2665 4027 3107 4099 συγγραψάντων
3128 4028 3196 4082 τὰ
3225 4029 3351 4083 καθ’
3378 4030 3612 4084 ἕκαστον
3653 4031 3840 4101 καιρὸν,

2278 4116 2657 4188 μεταλαϐόντα
2689 4119 2791 4189 τὴν
2828 4119 3090 4191 ἱστορίαν.
3144 4120 3343 4191 Σαφῶς
3388 4122 3446 4175 δὲ
3488 4123 3588 4176 καὶ
3618 4123 3685 4176 τὰ
3724 4121 3844 4175 κατὰ

2273 4210 2404 4273 τοὺς
2434 4209 2530 4263 νῧν
2569 4210 2918 4282 Σαμαρείτας
2961 4212 3255 4283 ἐδήλωσεν,
3293 4213 3417 4267 ὃθεν
3446 4216 3577 4281 εἰσὶ,
3625 4217 3717 4270 καὶ
3746 4214 3843 4277 πῶς

2274 4302 2367 4355 τὸν
2400 4302 2565 4372 νόμον
2605 4304 2698 4357 τὸν
2731 4304 3011 4369 Μωῦσέως
3052 4304 3113 4370 ἐξ
3144 4304 3396 4378 ἀνάγκης
3425 4306 3721 4375 ἐφύλαξαν.

653 4466 819 4524 Vens.
879 4468 972 4523 26.
1026 4465 1151 4521 Non
1215 4477 1568 4539 cognoverunt
1620 4465 1782 4537 legem
1834 4465 1932 4520 Dei
1991 4475 2169 4524 terrae.

2354 4485 2477 4539 Οὐκ
2526 4485 2806 4555 ἔγνωσαν
2858 4485 2964 4541 τὸν
3013 4486 3204 4557 νόμον
3239 4488 3349 4542 τοῦ
3403 4488 3552 4543 Θεοῦ
3589 4486 3695 4557 τῆς
3729 4486 3841 4557 γῆς.

592 4560 1032 4631 Suspicabantut‘
1089 4559 1237 4614 enim
1299 4560 1545 4614 universi
1614 4558 1957 4612 conditorem
2021 4575 2175 4630 μερι-

590 4655 707 4721 κὸν,
768 4653 1196 4725 particularem;
1253 4653 1307 4708 id
1368 4660 1472 4718 est,
1532 4660 1687 4706 certo
1760 4651 1880 4706 loco
1933 4650 2175 4705 adﬁxum

591 4742 734 4802 esse.

1052 4832 1681 4908 CAP.XVH.[XVHL]

662 4928 834 4986 Vens.
878 4928 933 4983 4.
962 4927 1263 4999 Serpentem
1318 4947 1546 4996 teneam,
1571 4945 1722 4999 quem
1784 4929 1907 4999 fecit
1939 4927 2173 5000 Moyses.

593 5023 710 5078 Non
778 5028 836 5075 ut
884 5021 1249 5087 adoraretur;
1329 5023 1448 5089 sed,
1509 5031 1568 5076 ut
1638 5023 1836 5077 salutis
1899 5023 2176 5092 negotium

593 5115 987 5181 admnbraret;
1021 5113 1176 5181 huic,
1228 5114 1431 5184 inquit,
1481 5114 1720 5185 populus
1753 5122 2017 5185 perpetuo
2046 5115 2177 5168 odo-

594 5225 681 5265 rcs
720 5207 986 5263 incendit.

648 5300 721 5357 Et
755 5301 1041 5371 appellavit
1084 5317 1202 5355 eum
1238 5299 1463 5353 Euhan.
1494 5298 1554 5353 In
1596 5298 2046 5367 interpretatione
2080 5311 2180 5351 no-

594 5397 803 5452 minum
839 5395 1235 5452 Hebraicorum
1280 5394 1505 5464 ponitur
1548 5408 1644 5447 aes.
1677 5390 1815 5446 llinc
1848 5401 1978 5462 puto
2008 5389 2179 5463 Ophi-

597 5497 681 5541 tas
713 5493 821 5557 (est
858 5497 1039 5543 autem
1094 5486 1422 5556 impiissima
1461 5485 1575 5540 hazc
1620 5484 1871 5555 bteresis)
1906 5483 2178 5541 Esthenos

597 5579 804 5634 vocari.

661 5670 830 5726 Vens.
882 5668 965 5723 10.
1016 5668 1098 5722 Ad
1136 5669 1294 5737 ﬁnem
1336 5668 1500 5721 trium
1552 5683 1836 5723 annorum.
1873 5667 2010 5726 Tres
2045 5683 2179 5725 con-

599 5764 780 5819 tinuos
806 5774 985 5817 annos
1021 5758 1246 5817 obsidio
1283 5758 1548 5815 Samaria:
1573 5758 1814 5816 duravit.

2294 4575 2594 4642 Ἐτόπαζον
2621 4577 2753 4650 γὰρ,
2782 4578 3017 4652 μερικδν
3043 4575 3185 4635 εἶναι
3203 4580 3314 4634 τῶν
3332 4579 3471 4636 ὅλων
3496 4580 3590 4635 τὸν
3616 4582 3841 4654 ποιητήν.

2874 4848 3125 4905 ΚΕΦΔΔ.
3176 4850 3275 4906 IZ'.

2359 4934 2471 4988 Τὸν
2496 4934 2638 5006 ὅφιν
2683 4937 2792 4991 τὸν
2825 4939 3123 5009 χαλκοῦν,
3173 4940 3247 4995 δν
3295 4941 3547 5010 ἐποίησε
3594 4940 3837 5007 Μωῦσῆς.

2282 5026 2393 5097 Οὐχ
2433 5027 2520 5080 ἵνα
2571 5031 2973 5101 προσκυνῆται,
3010 5034 3127 5087 ἀλλ’
3155 5033 3246 5088 ἵνα
3284 5036 3633 5111 προτυπώσῃ
3662 5037 3715 5089 τὸ
3751 5053 3836 5087 σω-

2280 5116 2470 5188 τήριον
2500 5119 2933 5193 πάθος.,Τούτῳ,
2969 5124 3158 5195 φησιν,
3188 5126 3217 5177 ὁ
3244 5123 3372 5187 λαὸς
3401 5125 3616 5197 θυμιῶν
3637 5123 3836 5180 διετέλε-

2283 5224 2393 5260 σεν-

2353 5300 2462 5354 Kal
2508 5301 2807 5359 ἐκάλεσεν
2839 5306 3028 5361 αὐτὸν
3056 5308 3299 5365 Ἐσθάν.
3360 5310 3449 5365 Ἐν
3508 5314 3574 5383 τῇ
3608 5308 3837 5381 ἑρμηνείᾳ

2282 5390 2389 5443 τῶν
2434 5391 2739 5463 Ἑϐραϊκῶν
2772 5396 3053 5468 ὀνομάτων
3104 5403 3308 5467 κεῖται,
3332 5403 3554 5473 χαλκός.
3592 5400 3835 5456 Ἐντεῦθεν

2282 5479 2437 5554 οἴμαι
2469 5486 2595 5551 τοὺς
2628 5488 2849 5557 Ὀφίτας
2886 5492 3120 5564 (αἵρεσις
3153 5493 3210 5547 δὲ
3238 5496 3377 5567 αῦτη
3416 5492 3833 5564 δυσσεϐεστάτη).

2282 5578 2574 5648 Ἐσθηνοῦς
2601 5580 2991 5653 ὀνομάζεσθαι.

2353 5673 2459 5737 Εἰς
2490 5672 2664 5739 τέλος
2696 5675 2874 5744 τριῶν
2903 5677 3075 5734 ἐτῶν.
3115 5681 3251 5754 Ἔτη
3291 5682 3418 5756 τρία
3441 5682 3620 5739 τέλεια
3650 5681 3735 5752 τῆς
3752 5679 3833 5732 54°

2285 5761 2518 5836 μαρείας
2542 5764 2575 5839 ἡ
2598 5765 2887 5840 πολιορκία
2924 5772 3204 5841 κατέσχεν.
