3902 6530
56 368 174 432 1197

957 354 1491 420 COMMENTARII
1534 352 1609 412 IN
1642 350 1785 411 LIB.
1835 344 1913 405 IV
1950 335 2243 401 REGUM.

3164 315 3300 381 1198

121 474 479 547 Ὴμάρτηκα,
528 469 950 541 ἀποστράερηθι
999 469 1104 523 ἀπ’
1144 466 1311 537 ἐμοῦ.
1348 461 1551 535 Ἀχάς,
1596 461 1623 512 6

1798 452 1966 506 Vens.
2002 449 2088 502 H.
2140 442 2386 503 Peccavi,
2413 446 2646 492 avertere
2686 451 2718 488 a
2761 450 2861 488 me.
2896 430 3106 495 Achaz,
3142 436 3299 498 pater

1760 544 1765 547 ·
1871 542 1922 547 ··
2032 535 2091 547 η’·
2153 534 2163 547 ·
2223 533 2235 547 ι
2282 531 2295 547 ι
2326 530 2368 547 ς·
2415 542 2503 547 ---
2550 527 2601 547 ε..
2655 524 2921 547 --...:|:_.._.
2976 530 3159 547 mu“...
3198 518 3299 547 un;

50 574 220 643 πατὴρ
248 567 519 633 Ἐζεκίου,
565 565 657 618 τὸν
698 562 1099 633 Θαλλαφαλσὰρ
1127 563 1152 600 ³
1196 562 1275 623 είς
1304 556 1622 629 συμμαχίαν

50 665 177 719 κατὰ
196 665 310 715 τῶν
353 659 542 731 Σύρων
575 658 833 723 καλέσας,
868 658 1034 727 φόρον
1061 652 1303 706 τελέσειν
1335 648 1621 717 ὑπέσχετο,

50 757 131 807 καὶ
154 753 347 807 τοῦτον
376 753 585 813 ἐκεῖνος
614 748 887 803 διετέλεσε
916 746 1197 815 παρέχων,
1221 744 1249 796 6
1269 742 1325 794 δέ
1349 739 1619 814 Ἐζεκίας,

48 848 127 900 τὸν
162 844 514 916 ἐπικείμενον
547 840 757 911 δασμὸν
806 840 906 892 οὐκ
953 837 1162 902 ἐξέτισε
1185 851 1199 864 ·
1236 833 1335 905 τὴν
1367 833 1423 885 δέ
1460 848 1627 902 στρα-

57 939 159 990 nos
187 935 335 1002 ίδὼν,
371 935 565 989 δώσειν
598 932 891 1003 ὑπέσχετο.

113 1031 223 1095 Τὰς
252 1030 437 1097 θύρας
462 1027 569 1081 τοῦ
603 1025 757 1081 ναοῦ
802 1025 1045 1091 Κυρίου.
1079 1022 1153 1074 Οὐ
1187 1020 1297 1092 γὰρ
1337 1019 1543 1090 ἤρκουν
1574 1016 1625 1069 οἱ

55 1122 311 1196 βασιλικοὶ
365 1120 651 1191 θησαυροὶ,
700 1117 823 1171 ὅθεν
873 1116 966 1168 ἐπὶ
1006 1115 1135 1177 τοὺς
1179 1113 1358 1184 ίεροὺς
1400 1110 1543 1164 κατά
1575 1125 1627 1161 τι

55 1217 159 1278 ἕδος
187 1211 253 1267 δι’
281 1211 533 1280 ἀνάγκην
560 1209 850 1280 ἐτράπετο,
886 1207 975 1260 ἵνα
1010 1204 1085 1277 μὴ
1110 1205 1203 1258 καὶ
1231 1204 1322 1256 τὸν
1346 1201 1476 1256 ναὸν
1533 1201 1629 1253 καὶ

61 1308 141 1376 τὴν
188 1304 349 1356 πόλιν
406 1302 778 1372 ἐμπρήσωσιν
815 1300 865 1351 οί
917 1297 1191 1366 πολέμιοι.
1239 1294 1397 1349 Μετὰ
1445 1293 1501 1346 δὲ
1530 1292 1629 1363 τὴν

59 1398 252 1468 χρείαν,
285 1392 639 1464 ἀναπληροῦν
669 1392 867 1454 αὐτοὺς
902 1391 965 1442 ἐκ
1009 1389 1119 1442 τῶν
1160 1388 1413 1458 πολέμων
1444 1384 1631 1439 εἱώθε-

61 1507 164 1542 σαν.
204 1488 344 1540 Νυνὶ
385 1486 444 1539 δὲ
476 1486 574 1539 καὶ
620 1484 721 1547 τὰς
763 1482 934 1554 θύρας
966 1481 1235 1552 ἐχώνευσε
1269 1481 1367 1545 τὰς
1400 1480 1627 1550 χρυσᾶς,

58 1580 113 1642 ἃς
138 1578 381 1647 ἐποίησε,
416 1576 511 1628 καὶ
546 1574 675 1638 τοὺς
704 1573 908 1626 τούτων
939 1571 1237 1641 σταθμούς.

123 1671 236 1722 Οὐκ
262 1666 615 1733 ἀπέστησεν
642 1666 716 1719 τὰ
740 1663 949 1734 ὑψηλὰ
977 1662 1164 1717 αὐτοῦ
1186 1679 1205 1726 ;
1227 1662 1390 1732 Δηλοῖ
1415 1661 1574 1715 πάλιν
1604 1660 1632 1712 6

61 1760 422 1833 συγγραψεὺς,
468 1759 550 1811 ὅτι
579 1757 640 1810 οὐ
677 1756 837 1827 μόνον
880 1757 949 1810 τὰ
980 1755 1187 1826 τεμένη
1217 1754 1328 1807 τῶν
1363 1754 1632 1824 δαιμόνων

64 1851 412 1922 ὀνομάζουσιν
449 1848 651 1919 ὑψηλὰ,
686 1846 823 1901 ἀλλὰ
863 1848 957 1900 καὶ
986 1845 1057 1900 τὰ
1097 1845 1175 1915 τῷ
1205 1844 1324 1915 Θεῷ
1355 1844 1464 1897 τῶν
1498 1843 1633 1897 ὅλων

64 1946 236 2007 ἐντοῖς
273 1942 504 2013 ὑψηλοῖς
536 1942 722 2003 τόποις
757 1939 1109 2009 δεδηλωμένα
1143 1938 1525 2007 θυσιαστήρια.

123 2037 223 2091 Kal
251 2031 386 2088 εἷπε
414 2032 497 2099 τῷ
536 2033 742 2101 Ἰούδᾳ,
771 2031 869 2085 καὶ
891 2029 965 2099 τῇ
1006 2028 1419 2097 Ἰερουσαλήμ.
1451 2025 1636 2079 Ταῦτα

68 2128 231 2194 ελεγεν
262 2128 290 2179 ὁ
331 2123 634 2194 Ῥαψάκης,
675 2121 926 2192 Ἐσραῖος
953 2119 1049 2187 ὢν,
1073 2120 1148 2183 ὡς
1174 2120 1342 2185 εἰκὸς,
1376 2118 1469 2174 καὶ
1502 2117 1637 2188 πρὸς

69 2219 290 2280 ἐκείνους
326 2216 732 2285 αὐτομολήσας,
777 2214 895 2284 ἦτοι
940 2211 1473 2283 ἐξανδραποδισθεὶς,
1517 2210 1637 2276 καὶ,

70 2313 133 2375 ὡς
182 2308 397 2364 εὔνοιαν
451 2308 633 2374 δείξας
686 2309 797 2371 τοῖς
848 2306 1178 2377 Ἀσσυρίοις,
1232 2305 1332 2376 τὴν
1382 2304 1639 2376 στρατιὰν

72 2402 368 2474 θαῤῥηθείς.
399 2402 478 2471 Τῇ
504 2400 614 2471 γὰρ
654 2398 896 2470 Ἒδραῖδι
924 2398 1226 2469 χρώμενος,
1257 2398 1493 2451 ἐποιεῖτο
1512 2397 1642 2459 τοὺς

74 2497 266 2565 λόγους.

644 2582 894 2636 ΚΕΦΛΛ.
944 2583 1049 2636 ιη’.

134 2674 252 2727 Ὀτι
283 2670 480 2746 ἦλθον
532 2676 584 2727 oi
634 2672 751 2726 υἱοὶ
830 2672 940 2738 ἓως
993 2672 1241 2726 ὠδίνων.
1304 2671 1642 2744 Φλεγόμεθα,

77 2768 214 2836 φησι,
246 2767 322 2838 τῷ
366 2765 552 2837 θυμῷ,
581 2764 692 2817 τῶν
728 2764 988 2836 ἀρρήτων
1025 2764 1249 2818 ἐκείνων
1288 2764 1644 2834 βλασφημιῶν

80 2858 488 2921 ἐπακούσαντες.
549 2856 793 2910 Κολάσαι
849 2856 907 2909 δὲ
957 2857 1083 2920 τοὺς
1140 2855 1340 2925 ἄνδρας
1379 2858 1643 2919 ἐκείνους,

79 2952 187 3013 τοὺς
214 2950 524 3013 δυσσεϐεῖς,
561 2948 623 3003 οὐ
668 2948 969 3020 δυνάμεθα.
1015 2948 1181 3005 Ὅθεν
1211 2950 1527 3021 ἱκετεύομεν
1556 2949 1645 3001 τὸν

82 3043 174 3095 τῶν
227 3040 590 3112 βλασφημιῶν
638 3040 861 3096 ἐκείνων
917 3042 1192 3112 ἀκηκοότα
1237 3041 1389 3105 Θεὸν,
1442 3040 1647 3105 διδάξαι

83 3136 191 3198 τοὺς
242 3135 515 3201 ἀνοσίους,
560 3133 636 3199 ὡς
666 3134 767 3188 οὐκ
800 3132 946 3189 ἐστιν
995 3129 1076 3198 εἷς
1138 3133 1248 3188 τῶν
1298 3136 1647 3206 καλουμένων

85 3226 221 3281 θεῶν.

154 3322 301 3378 Ἰδοὺ
327 3323 448 3392 ἐγὼ
483 3321 689 3392 δίδωμι
713 3320 953 3391 πνεῦμα
990 3321 1062 3376 ἐν
1093 3320 1274 3389 αὐτῷ.
1330 3322 1545 3378 Δειλίαν
1575 3319 1654 3376 οϊ-

91 3432 173 3484 μαι
196 3416 411 3488 δηλοῦν.
444 3415 555 3468 Καὶ
585 3415 695 3486 γὰρ
727 3417 755 3470 6
779 3414 920 3479 θεῖος
966 3415 1296 3480 Ἀπόστολος
1320 3416 1492 3480 οὕτως
1526 3416 1651 3487 ἔφη,

96 3525 112 3557 ι
140 3509 204 3560 Οὐ
234 3509 343 3580 γὰρ
374 3507 575 3561 ἔδωκεν
603 3508 734 3577 ἡμῖν
759 3505 975 3577 πνεῦμα
998 3507 1222 3570 δειλίας.
1254 3526 1275 3561 ι

151 3600 249 3653 Kal
277 3598 478 3669 ἀπῆρε
509 3601 911 3669 Σενναχειρίμ.
956 3600 1014 3654 ’0
1052 3602 1411 3673 Σενναχειρὶμ
1440 3601 1530 3656 τὸν
1560 3600 1656 3655 Θά-

91 3707 227 3745 νατον
253 3690 562 3764 τηνικαῦτα
582 3690 855 3761 διέφυγεν,
885 3690 972 3743 ἵνα
1000 3693 1136 3745 πᾶσι
1170 3694 1409 3764 μηνύσῃ,
1435 3693 1534 3765 ὅση
1560 3692 1653 3746 τοῦ

93 3781 208 3837 Θεοῦ
228 3783 503 3837 Ἰουδαίων
526 3786 559 3854 ἡ
582 3782 832 3853 δύναμις.
853 3782 1029 3848 Εὐθὺς
1061 3783 1119 3838 δέ
1141 3784 1291 3854 παρὰ
1312 3785 1422 3839 τῶν
1448 3785 1654 3839 παίδων

94 3875 289 3943 ἐδέξατο
314 3876 416 3949 τὴν
449 3875 660 3931 δικαίαν
689 3874 929 3946 σφαγήν.

158 4052 268 4121 Τὴν
305 4050 580 4120 Ἀραρότ.
612 4049 724 4121 Τὴν
748 4049 1061 4119 Ἀρμενίαν.

658 4144 906 4196 ΚΕΦΑΛ.
964 4142 1064 4198 te.
1500 4203 1512 4209 ,

154 4236 250 4289 Kal
308 4234 684 4303 ἁρθήσοντιιι
736 4234 928 4288 πάντα
983 4233 1054 4287 τὰ
1102 4234 1171 4288 ἐν
1203 4235 1284 4303 τῷ
1320 4238 1465 4306 οἴκῳ
1512 4253 1650 4293 σου.

99 4324 203 4378 Ὀτι
227 4326 345 4380 δέον
384 4327 480 4379 τοῦ
504 4326 638 4379 Θεοῦ
663 4325 871 4392 διδάξαι
904 4326 1004 4395 τὴν
1030 4325 1280 4397 δύναμιν,
1305 4331 1400 4383 καὶ
1425 4331 1527 4402 τὴν
1548 4349 1651 4403 κη-

96 4416 347 4485 δεμονίαν,
387 4413 454 4490 ἧς
484 4418 659 4489 ἔτυχε,
689 4418 782 4471 τὸν
813 4418 1044 4473 πλοῦτον
1074 4420 1345 4487 ὑπέδειξε,
1376 4424 1468 4477 τὸν
1502 4424 1653 4480 οὐδὲν

97 4508 264 4579 ἔχοντα
290 4511 537 4584 μόνιμον.

681 4610 930 4665 ΚΕΦΑΛ.
967 4613 1053 4668 Κ’.

157 4702 255 4755 Kal
288 4698 544 4770 ἐποίησε
591 4703 934 4772 Μανασσῆς
977 4704 1043 4758 τὸ
1100 4705 1385 4773 πονηρόν.
1419 4706 1541 4759 Ὅτι
1589 4706 1649 4759 οὐ

101 4790 238 4855 φύσις
262 4795 318 4846 ἐν
352 4795 463 4855 τοῖς
492 4794 764 4863 ψυχικοῖς,
802 4794 936 4848 ἀλλὰ
970 4794 1159 4867 γνώμη
1196 4799 1411 4867 κρατεῖ,
1438 4815 1651 4867 μαρτυ-

102 4885 173 4967 ρετ
210 4886 529 4956 Μανασσῆς,
572 4887 670 4957 τὴν
714 4887 914 4958 εὐσεϐῆ
962 4887 1057 4941 τοῦ
1106 4890 1340 4960 πατέρος
1372 4890 1648 4944 πολιτείαν

102 4976 415 5043 καταλιπὼν,
443 4978 537 5031 καὶ
555 4976 653 5051 τὴν
682 4979 931 5034 ἐναντίαν
961 4979 1205 5045 ὁδεύσας.

160 5254 321 5323 [Idan
354 5253 430 5322 τῇ
459 5254 709 5324 στρατιᾷ
744 5256 851 5313 τοῦ
876 5259 1158 5325 οὐρανοῦ.
1200 5259 1389 5332 Ἡλίῳ,
1437 5264 1531 5317 καὶ
1571 5281 1659 5318 σε-

101 5341 235 5415 λήνῃ,
265 5347 360 5398 καὶ
390 5347 673 5416 ἁστράσιν.

172 5437 407 5505 Ἠχῆσαι
446 5438 749 5508 ἀμφότερα
778 5443 848 5495 τὰ
887 5436 1028 5498 ὦτα.
1061 5442 1466 5517 Ἐκπληκτικὴν
1500 5448 1651 5516 ἡγεῖ·

106 5524 210 5579 σθαι
235 5529 326 5600 τὴν
364 5530 552 5596 ἀκοήν.

195 5643 234 5674 ιε
259 5642 276 5696 ι
298 5642 443 5698 Tim.
478 5659 516 5712 ι,
548 5642 599 5697 7.

1727 542 1997 603 Ezechiae,
2032 530 2504 602 Theladpbalasar
2549 527 2605 580 in
2653 524 2923 579 auxilium
2972 530 3162 575 contra
3198 518 3302 587 Sy-

1728 649 1822 689 ros
1852 643 2082 693 vocans,
2113 640 2172 679 se
2203 622 2282 677 illi
2322 618 2591 674 tributum
2639 616 2898 670 daturum
2938 611 3218 682 promisit,
3250 617 3307 664 et

1728 731 1997 797 perpetuo
2035 717 2210 774 dedit.
2250 711 2516 768 Ezechias
2549 714 2728 763 autem
2775 705 3093 776 impositum
3126 703 3307 757 tribu-

1729 794 1843 871 tum
1872 827 1991 883 non
2027 807 2332 882 persolvit:
2374 818 2500 858 cum
2535 808 2721 855 autem
2770 804 3099 868 apparatum
3149 794 3309 850 belli-

1729 923 1854 963 cum
1884 903 2121 965 videret,
2158 915 2218 956 se
2260 895 2676 968 persoluturum
2710 889 2985 961 promisit.

1794 995 1964 1051 Vsus.
1996 992 2081 1048 16.
2102 990 2311 1044 Januas
2354 985 2539 1055 templi
2567 982 2801 1036 Domini.
2835 978 2954 1036 Non
2988 977 3133 1033 enim
3159 975 3309 1031 suill-

1730 1091 1950 1145 ciebant
2000 1082 2247 1141 thesauri
2306 1078 2440 1149 regii
2476 1093 2491 1143 ;
2526 1089 2701 1145 quare
2762 1087 2862 1144 pro
2911 1085 3083 1135 more,
3127 1068 3309 1138 aliqua

1732 1181 2045 1253 impellente
2078 1173 2431 1236 necessitate,
2482 1168 2550 1223 ad
2598 1181 2690 1221 res
2732 1179 2923 1221 sacras
2954 1160 3312 1218 converteba-

1732 1286 1845 1339 tur,
1898 1287 1966 1327 ne
2014 1271 2203 1326 hostes
2247 1265 2435 1319 urbem
2503 1270 2559 1315 ct
2600 1260 2871 1328 templum
2926 1256 3309 1311 incenderent.

1733 1370 2029 1437 Postquam
2087 1374 2220 1415 vero
2258 1358 2344 1413 usi
2397 1362 2608 1419 essent,
2667 1360 2859 1423 postea
2907 1351 3198 1405 restituere
3245 1362 3312 1401 ex

1734 1460 1890 1516 bellis
1948 1455 2221 1511 solebant.
2285 1446 2443 1502 Nunc
2495 1446 2661 1500 etiam
2689 1442 2894 1513 januas
2925 1453 3143 1505 aureas,
3174 1454 3313 1509 quas

1734 1548 1884 1611 fecit,
1918 1554 1972 1600 et
2003 1541 2262 1597 cardines
2293 1536 2513 1591 illarum
2541 1530 2825 1588 conllavil.

1799 1637 1966 1691 Vens.
1999 1633 2090 1687 Ἦ.
2124 1629 2315 1683 Nonne
2339 1625 2606 1679 destruxit
2645 1620 2857 1676 excelsa
2884 1618 3046 1688 ejus?
3079 1616 3316 1671 Histori-

1735 1745 1837 1786 cus
1872 1728 2069 1782 iterum
2111 1719 2408 1791 signiﬁcat,
2442 1715 2588 1786 quod
2631 1729 2743 1769 non
2773 1713 2953 1767 solum
2997 1712 3153 1764 lucos
3209 1709 3318 1762 da:-

1667 1809 1706 1863 Β
1739 1831 1962 1873 mouum
1994 1812 2212 1868 excelsa
2252 1807 2513 1878 appellet,
2551 1804 2650 1859 sed
2689 1803 2856 1859 etiam
2890 1800 3087 1855 altaria
3130 1802 3182 1853 in
3218 1814 3315 1853 ex-

1736 1912 1899 1967 celsis
1934 1906 2072 1963 locis
2128 1904 2261 1967 Deo,
2316 1898 2563 1957 universi
2620 1894 2914 1958 conditori,
2963 1899 3315 1947 consecrata.

1800 1998 1951 2053 Dixit
2007 1993 2076 2049 ad
2130 1991 2300 2058 Iuda,
2371 1999 2421 2045 et
2486 1986 2810 2041 Jerusalem.
2858 1983 2985 2037 Haec
3036 1981 3317 2051 Bapsaces

1738 2092 1904 2156 dixit,
1935 2102 2098 2160 quem
2124 2082 2424 2140 verisimile
2456 2088 2542 2135 est
2575 2077 2864 2132 Hebraeum
2898 2074 3093 2139 fuisse,
3129 2080 3205 2135 et,
3232 2070 3318 2125 vcl

1739 2192 1939 2258 sponte
1972 2182 2038 2236 ad
2075 2178 2333 2250 Assyrios
2378 2172 2713 2245 profugisse,
2771 2169 2854 2223 vel
2904 2167 3051 2222 bello
3097 2174 3316 2233 captum

1738 2294 1902 2343 esse;
1956 2284 2032 2341 et,
2067 2284 2124 2329 ut
2152 2269 2398 2342 Assyriis
2432 2281 2591 2322 suam
2634 2261 3076 2321 benevolentiam
3128 2268 3320 2312 osten-

1739 2370 1914 2434 deret,
1948 2366 2250 2423 exercitum
2301 2359 2683 2415 conﬁrmasse.
2736 2353 3003 2409 Hebraica
3036 2350 3183 2406 enim
3217 2348 3322 2401 lin-

1741 2479 1845 2537 gua
1878 2475 2014 2517 usus
2044 2456 2351 2513 oratlouem
2382 2450 2597 2506 habuit.

2233 2543 2387 2598 CAP.
2413 2538 2603 2595 xvul.
2628 2535 2822 2611 [xum

1812 2644 1977 2700 Vsus.
2010 2643 2063 2697 5.
2122 2638 2389 2693 Venerunt
2422 2634 2526 2699 lilii
2560 2648 2720 2703 usque
2770 2629 2838 2684 ad
2871 2627 3080 2683 dolores
3112 2634 3320 2696 partus.

1747 2735 1996 2799 Urimur,
2043 2730 2243 2800 inquit,
2287 2727 2473 2780 animo
2541 2725 2833 2779 audientes
2881 2719 3147 2775 nelandas
3202 2718 3326 2771 illas

1746 2826 2162 2898 blasphemias;
2212 2828 2471 2877 caeterum
2520 2832 2711 2887 plenas
2762 2816 2982 2884 exigere
3027 2813 3096 2867 ab
3142 2811 3327 2879 impiis

1748 2920 1856 2973 illis
1906 2915 2224 2971 hominibus
2273 2926 2381 2966 non
2435 2922 2753 2979 possumus.
2786 2906 2969 2974 Quare
3004 2903 3198 2969 Deum,
3230 2901 3328 2972 qui

1748 3013 1957 3070 audivit
2004 2996 2392 3079 blasphemias'
2431 3003 2578 3067 illas,
2645 3014 2890 3064 oramus,
2942 3007 3000 3053 ut
3064 3000 3328 3067 prolanos

1754 3106 1878 3159 illos
1914 3101 2147 3164 doceat,
2198 3112 2267 3151 ne
2306 3108 2477 3149 unum
2501 3092 2720 3163 quidem
2744 3104 2869 3147 esse
2914 3087 3137 3144 illorum
3185 3098 3327 3156 quos

1754 3200 1887 3255 deos
1919 3192 2217 3267 appellant.

1818 3290 1987 3344 Vens.
2022 3288 2074 3343 7.
2112 3284 2250 3340 Ecca
2281 3298 2375 3353 ego
2405 3280 2473 3336 do
2502 3280 2753 3349 spiritum
2783 3278 2837 3331 in
2869 3292 2952 3331 eo.
2979 3273 3327 3345 Siguilicans.

1755 3392 1908 3458 puto,
1941 3382 2215 3437 timorem.
2250 3375 2420 3430 Divus
2481 3374 2631 3429 enim
2680 3371 2979 3441 Apostolus
3036 3367 3215 3437 inquit
3238 3367 3288 3400 ⁵⁸
3312 3389 3329 3424 ;

1760 3499 1778 3532 ι
1812 3476 1933 3532 Non
1967 3474 2118 3530 dedit
2147 3470 2309 3526 nobis
2344 3468 2597 3537 spiritum
2640 3462 2881 3519 timoris.
2913 3479 2932 3513 ι

1827 3564 2123 3637 “35.146.
2150 3563 2217 3618 Et
2254 3558 2614 3618 Sennacherib
2654 3554 2918 3610 discessit.
2952 3549 3334 3608 Sennacberib

1756 3672 1887 3719 tunc
1919 3660 2139 3731 quidem
2190 3664 2423 3711 mortem
2473 3650 2686 3720 effugit,
2724 3658 2781 3703 ut
2829 3646 3090 3702 omnibus
3141 3652 3335 3701 notum

1755 3758 1962 3813 iaceret
2020 3756 2229 3821 quanta
2281 3748 2460 3801 virtus
2511 3750 2661 3798 esset
2708 3750 2762 3795 et
2793 3738 3038 3809 potentia
3090 3735 3183 3792 Dei
3233 3732 3335 3788 Ju-

1754 3848 2021 3904 daeorum.
2087 3839 2212 3896 Mox
2270 3852 2402 3893 vero
2438 3850 2468 3889 a
2500 3834 2626 3889 (iliis
2673 3832 2980 3902 iugulatus,
3008 3829 3187 3901 justas
3213 3840 3336 3899 pte.

1754 3953 1853 3993 nas
1892 3934 2065 3990 dedit.

1828 4027 1997 4082 Vens.
2031 4022 2121 4078 '57.
2156 4022 2379 4075 Ararat.
2412 4014 2749 4072 Armeniam.

2283 4146 2415 4204 CAP
2456 4144 2601 4200 Xlx.
2641 4142 2809 4217 [xx.]

1826 4248 1994 4303 Vens.
2040 4243 2448 4313 ‘17.Capientur
2506 4240 2687 4295 omnia
2718 4252 2835 4309 quae
2884 4244 3009 4290 sunt
3060 4236 3113 4287 in
3174 4232 3333 4285 domo

1759 4349 1870 4394 tua.
1905 4337 2048 4404 Quia
2102 4334 2197 4389 Dei
2248 4334 2543 4405 potentiam
2572 4337 2626 4384 et
2657 4344 2843 4383 curam
2882 4328 3081 4381 dooere
3112 4333 3330 4393 oporte-

1756 4432 1873 4495 bat,
1918 4426 2163 4485 osteudit
2225 4439 2380 4494 opes,
2434 4436 2575 4492 quas
2626 4426 2962 4475 consecutus
3011 4424 3149 4472 erat.
3199 4412 3333 4465 nihil

1690 4515 1731 4568 D
1760 4525 1979 4579 ﬁrmum
2038 4519 2243 4574 habere
2274 4524 2328 4571 et
2360 4514 2582 4569 stabile.

2262 4604 2416 4659 CAP.
2449 4602 2567 4657 xx.
2611 4599 2781 4673 [χχι]

1826 4703 1997 4760 Vatis.
2047 4701 2102 4755 2.
2144 4699 2212 4753 Et
2263 4698 2385 4761 fecit
2438 4695 2718 4748 Manasses
2776 4691 3000 4745 malum.
3051 4687 3336 4742 Manasses

1752 4804 1988 4854 testatur
2041 4800 2292 4847 naturam
2350 4789 2407 4842 in
2458 4786 2722 4839 animatis
2781 4798 2887 4837 non
2943 4781 3185 4843 vincere,
3233 4781 3333 4832 sed

1751 4889 2089 4944 voluntatem
2141 4892 2197 4937 et
2240 4879 2537 4951 judicium.
2577 4875 2713 4929 Nam
2770 4875 3112 4936 institutum,
3163 4880 3217 4925 et
3242 4886 3330 4923 ra-

1755 4986 1963 5040 tionem
1992 4979 2143 5042 vitae,
2194 4976 2433 5044 itemque
2456 4969 2885 5026 administrandi
2911 4964 3333 5035 rempublicam,

1754 5088 1862 5145 qua
1894 5077 2046 5143 pater
2096 5082 2233 5122 usus
2283 5074 2424 5131 erat,
2480 5063 2829 5133 relinquens,
2872 5059 3210 5115 contrariam
3244 5072 3333 5109 se-

1755 5174 1919 5221 cutus
1950 5171 2054 5216 est.

1820 5255 1986 5308 Vens.
2040 5251 2093 5305 5.
2154 5246 2313 5303 Omni
2362 5246 2624 5301 exercitui
2679 5247 2820 5301 caeli.
2876 5243 3014 5309 Soli,
3068 5242 3230 5304 lunae,
3280 5248 3333 5293 et

1756 5344 1953 5401 stellis.

1820 5434 1987 5490 Vens.
2046 5433 2135 5486 ιε.
2189 5430 2260 5485 Ut
2313 5440 2497 5486 sonent
2530 5429 2700 5485 amba:
2738 5444 2915 5482 aures.
2969 5426 3212 5496 Intelligo
3252 5425 3330 5478 I'a-

1762 5545 1928 5594 mam,
1961 5543 2082 5599 qua}
2131 5535 2400 5582 terrorem
2440 5534 2494 5581 et
2525 5525 2806 5579 horrorem
2869 5522 3083 5576 aderat.

1350 5711 1580 5769 VARIAS
1624 5712 2027 5770 LECTIONES.

168 5804 189 5841 ε
216 5803 268 5859 in
314 5806 500 5864 coi'ice
530 5805 781 5863 Lavateri
812 5804 1261 5874 Θελαδφαλασάρ.
