4034 6504
568 328 704 394 1199

1914 320 2277 387 PROCOPII
2310 317 2557 380 GAZ/El

3709 320 3826 388 12(οο

624 441 791 497 Vens.
831 442 912 496 l5.
950 438 1259 495 Mansuram
1310 436 1595 501 Samariw,
1631 447 1680 490 et
1726 435 1932 505 pondus
1962 437 2150 489 domus

2331 431 2402 485 Τὸ
2421 428 2645 499 μέτρον
2682 429 3037 496 Σαμαρείας,
3083 428 3183 482 καί
3219 430 3325 484 τὸν
3369 431 3638 500 σταθμὸν
3675 436 3826 487 οἴκου

562 537 785 593 Achabi.
841 533 1038 588 Iisdem
1086 532 1212 586 illos
1244 534 1410 588 etlam
1462 530 1625 585 malis
1683 529 2145 585 circumveniam:

562 639 625 685 ut
655 630 874 684 illorum
932 626 1073 680 alios
1127 624 1330 689 fames,
1386 623 1524 677 alios
1554 622 1760 676 bellum
1798 620 2147 691 assumpsit,

563 717 761 787 reliqui
812 730 942 769 vero
979 714 1035 767 in
1069 711 1451 782 captivitatem
1508 708 1673 780 546
1710 709 1938 763 abducti
1991 716 2148 772 sunt,

560 816 616 861 et
670 803 1135 875 quemadmodum
1188 801 1415 856 domum
1463 796 1675 864 Acliab,
1728 797 1987 854 funditus
2052 813 2149 854 eos

561 896 764 951 delevi.

631 987 795 1042 Vens.
848 985 935 1041 16.
991 987 1323 1057 Sanguinem
1373 985 1518 1039 enim
1581 984 1917 1038 innocentem
1955 984 2148 1053 effudit

562 1075 862 1131 Manasses.
899 1076 1026 1130 lllos
1056 1076 1204 1128 enim
1234 1073 1476 1127 maxime
1503 1086 1533 1127 e
1559 1073 1741 1127 medio
1770 1074 2025 1138 tollebat,
2053 1073 2149 1143 qui

561 1180 683 1220 sese
718 1164 991 1234 impietati
1023 1168 1392 1232 opponerent,
1435 1170 1489 1214 et
1520 1159 1660 1214 iram
1699 1160 1942 1214 divinam
1976 1162 2024 1216 ei
2054 1162 2150 1215 de-

562 1260 908 1312 nuntiarent.
970 1254 1131 1310 Hunc
1181 1255 1349 1321 aiunt)
1389 1253 1612 1309 Esaiam
1659 1268 1879 1323 quoque
1910 1253 2148 1323 prophe-

560 1361 670 1405 tam
724 1366 876 1407 serra
931 1350 1203 1405 secuisse.
1265 1347 1580 1404 Manassem
1639 1362 1770 1403 vero
1818 1347 1954 1402 dicit
2012 1348 2152 1401 liber

562 1443 1051 1514 Paralipomenon,
1098 1459 1120 1493 ι
1159 1456 1286 1495 cum
1318 1424 1701 1511 pretii-tentiam
1736 1448 1945 1510 ageret,
1980 1441 2148 1494 resti-

562 1544 742 1590 tutum
777 1550 921 1591 esse.
954 1553 974 1587 ι

1070 1624 1226 1681 CAP.
1259 1622 1405 1679 XXI.
1443 1621 1667 1695 [xxu]

622 1720 789 1776 Vens.
827 1720 880 1774 8.
920 1718 1143 1772 Librum
1175 1719 1368 1772 inveni.
1418 1716 1929 1771 Deuteronomium.

1044 1806 1199 1863 CAP.
1234 1805 1400 1861 xxu.
1438 1804 1677 1878 [xan]

613 1899 784 1955 Vens.
825 1899 877 1953 5.
917 1897 1227 1952 Masurotlt.
1298 1897 1481 1951 Stellae
1512 1910 1712 1950 nomen
1735 1902 1847 1958 est,
1884 1894 2144 1950 nimirum

562 1996 830 2052 Luciferi.

622 2088 789 2144 Vens.
825 2089 876 2142 7.
911 2087 1142 2141 Domum
1191 2084 1464 2142 Cadesim.
1513 2083 1819 2155 Equivece
1863 2084 2147 2139 daemonas

560 2188 786 2235 sanctos
830 2177 1145 2249 appellavit.
1193 2174 1372 2230 Gades
1412 2174 1560 2229 enim
1616 2184 1871 2229 sanctum
1936 2172 2150 2243 signiﬁ—

560 2281 682 2335 rat;
736 2269 921 2322 lucum
950 2280 1105 2331 vero,
1138 2273 1200 2318 ut
1242 2264 1454 2318 dictum
1507 2271 1614 2329 est,
1658 2264 1859 2333 reliqui
1889 2262 2146 2328 Aserotb,

562 2362 661 2415 vel
706 2360 964 2416 Astaroth
1022 2365 1331 2427 exponunt,
1371 2355 1518 2425 quod
1555 2358 1816 2410 Astarten
1851 2353 2149 2425 signiﬁcat.
2180 2411 2185 2415 _

560 2452 794 2507 Veneris
851 2459 1036 2505 autem
1085 2458 1327 2505 statuam
1360 2450 1514 2502 intus
1556 2446 1613 2501 in
1651 2446 1747 2501 Dei
1778 2447 1984 2516 templo
2015 2462 2152 2502 con-

559 2546 883 2599 stituerunt.
938 2539 1082 2596 Illud
1131 2553 1287 2604 vero,
1349 2538 1406 2592 in
1450 2553 1555 2607 quo
1579 2538 1827 2591 mulieres
1882 2536 2150 2601 texebant,

559 2636 762 2707 Aquila
818 2636 899 2689 sic
933 2634 1337 2702 interpretatus
1386 2640 1508 2685 est:
1547 2628 1650 2684 Ubi
1694 2628 2018 2684 indumenta
2072 2627 2153 2683 [ιι-

560 2729 782 2783 ciebant
814 2726 949 2789 illis,
994 2724 1089 2794 qui
1124 2738 1155 2776 a
1196 2722 1431 2777 Domino
1463 2719 1725 2775 fornicati
1763 2728 1973 2776 essent.

625 2820 792 2875 Vens.
824 2819 877 2874 9.
915 2817 1019 2873 Sed
1050 2815 1349 2871 sacerdotes
1374 2813 1707 2869 excelsorum
1736 2812 1805 2868 ad
1845 2815 2022 2868 altare
2057 2813 2153 2868 Dei

561 2931 666 2969 non
724 2910 1095 2967 ascenderunt.
1144 2909 1378 2965 Excelsa
1430 2909 1634 2964 iterum
1691 2923 1804 2961 non
1855 2908 2155 2978 appellavit

561 3008 760 3064 altaria
809 3006 1107 3070 idolorum,
1166 3003 1262 3059 sed
1299 3002 1417 3065 Dei,
1462 3016 1585 3071 quae
1618 3000 1674 3054 in
1709 3000 1947 3055 excelsis
1995 3008 2154 3054 erant

2266 521 2509 592 Ἀχαὰϐ.
2549 521 2684 583 Ταῖς
2707 521 2901 584 αὑταῖς
2938 521 3033 573 καὶ
3069 522 3293 585 τούτους
3319 522 3606 594 περιὸαλῶ
3632 542 3826 595 συμφο-

2234 617 2400 684 ραῖς,
2449 613 2526 676 ώς
2574 611 2803 666 ἐκείνων
2841 614 2963 673 τοῦς
3002 614 3099 682 μὲν
3128 612 3307 682 λιμὸς,
3352 615 3481 677 τοὺς
3514 614 3572 668 δὲ
3619 617 3828 687 πόλεμος

2251 706 2619 775 ἐδαπάνησεν,
2673 706 2722 756 ol
2754 704 2831 769 δὲ,
2872 703 3179 773 ληφθέντες
3213 704 3544 776 ἀπήχθησαν
3567 744 3582 770 ,
3616 710 3726 777 καὶ,
3764 710 3828 774 ὡς

2251 798 2345 853 τὸν
2375 793 2529 851 οἷκον
2562 796 2793 867 Ἀχαά6,
2820 794 3172 867 πανωλεθρίᾳ
3198 798 3512 868 παρέδωκα.

2323 981 2436 1035 Καί
2459 996 2527 1050 γε
2571 978 2716 1049 αἷμα
2763 978 2962 1034 ἀθῶον
3016 979 3221 1048 ἐξέχεε
3264 972 3635 1048 Μανασσῆς.
3664 984 3830 1050 Amoe-

2254 1072 2457 1143 ρόντως
2485 1073 2595 1143 γὰρ
2620 1073 2811 1145 ἀνῄρει
2842 1073 2966 1136 τοὺς
2988 1074 3085 1143 τῆς
3117 1072 3400 1135 εὐσεϐείας
3427 1074 3830 1144 ἀντεχομένους,

2253 1170 2348 1222 καὶ
2381 1170 2510 1233 τοὺς
2536 1168 2635 1240 τὴν
2673 1168 2824 1221 Θείαν
2860 1168 3031 1238 ὀργὴν
3058 1167 3206 1237 αὐτῷ
3237 1167 3680 1238 προμηνύοντας.
3708 1168 3827 1220 Τοῦ-

2250 1261 2341 1313 τόν
2377 1278 2509 1328 φασι
2569 1260 2663 1314 καὶ
2697 1260 2787 1313 τὸν
2821 1260 3109 1331 προφήτην
3145 1259 3374 1314 Ἡσαΐαν
3409 1260 3598 1331 πρίονι
3635 1259 3828 1315 διελεῖν.

2252 1352 2454 1406 Τοῦτον
2479 1353 2537 1405 δέ
2574 1370 2760 1422 φησιν,
2786 1354 2842 1404 ὲν
2871 1351 3385 1423 Παραλειπομέναις
3410 1393 3426 1417 ,
3460 1370 3479 1403 ε
3518 1354 3833 1425 μεταμελείᾳ

2253 1447 2626 1517 χρησάμενον,
2659 1447 2842 1516 τυχεῖν
2866 1443 2965 1515 τῆς
2996 1445 3372 1517 ἀνακλήσεως.
3408 1464 3429 1498 ι

2821 1616 3055 1671 ΚΕΦΑΛ
3069 1660 3080 1672 .
3132 1618 3266 1675 KA'.

2321 1711 2570 1765 Βιϐλίον
2594 1704 2801 1779 εὗρον.
2839 1711 2945 1764 Τοῦ
2983 1714 3427 1783 Δευτερονομίου.

2841 1805 3096 1861 ΚΕΦΑΛ.
3152 1804 3279 1857 KB’.

2322 1897 2432 1951 Καὶ
2470 1897 2594 1963 τοῖς
2628 1897 2964 1966 Μαζουρώθ.
3000 1897 3260 1967 ’Δστέρος
3303 1895 3500 1968 ὄνομα,
3551 1900 3633 1961 ὡς
3688 1898 3837 1963 εἰκὸς,

2246 1987 2345 2042 τοῦ
2385 1988 2719 2063 Ἑωσφόρου.

2328 2081 2440 2136 Τὸν
2480 2077 2652 2135 οἷκον
2698 2081 2807 2134 τὸν
2856 2080 3151 2150 Καδησίν.
3197 2080 3542 2152 Ὀμωνύμως
3592 2082 3839 2135 ἐκάλεσεν

2253 2173 2442 2243 ἁγίους
2469 2175 2598 2238 τοὺς
2633 2174 2921 2244 δαίμονας.
2962 2175 3151 2245 Κάδης
3194 2175 3325 2245 γὰρ,
3368 2175 3430 2228 τὸ
3474 2175 3655 2243 ἅγιον.
3691 2176 3758 2228 Τὸ
3789 2176 3838 2229 δι

2253 2266 2439 2333 ἄλσος,
2479 2267 2555 2329 ώς
2606 2268 2849 2340 εἴρηται,
2892 2267 2942 2319 οί
2986 2268 3164 2319 λοιποὶ
3195 2266 3444 2337 Ἀσηρὼθ
3493 2267 3526 2337 ἢ
3560 2267 3835 2338 Ἀσταρὼθ

2254 2359 2678 2431 ἑρμηνεύουσιν,
2701 2360 2729 2413 ὃ
2753 2361 2852 2431 τὴν
2881 2360 3190 2430 Ἀστάρτην
3219 2358 3389 2431 δηλοῖ.
3424 2360 3536 2429 Τῆς
3566 2361 3625 2412 δὲ
3653 2360 3834 2430 ’Δφροο

2254 2453 2408 2522 δίτης
2444 2452 2505 2504 τὸ
2538 2452 2727 2516 ξόανον
2769 2451 2918 2504 ἔνδον
2968 2451 3207 2522 ἔστησαν
3246 2454 3305 2505 ὲν
3345 2451 3425 2523 τῷ
3459 2451 3590 2523 θείῳ
3618 2453 3748 2523 νεῷ.
3776 2453 3836 2505 Τὸ

2254 2543 2333 2608 δὲ,
2362 2544 2434 2598 ἐν
2458 2537 2506 2611 ᾧ
2535 2545 2594 2596 al
2626 2543 2909 2612 γυναῖκες
2946 2542 3229 2611 ὕφαινον,
3274 2542 3506 2605 Ἀκύλας
3546 2542 3725 2604 οὕτως
3756 2544 3834 2611 ἐρα

2258 2638 2549 2708 μήνευσεν,
2579 2629 2655 2690 Οῦ
2701 2636 2920 2690 ὲποίουν
2966 2635 3241 2703 ἐνδύματα
3271 2639 3383 2701 τοῖς
3427 2636 3835 2707 ὲκπορνεύουσιν

2255 2731 2365 2785 ἀπὸ
2398 2731 2634 2803 Κυρίου.

2324 2822 2500 2890 Πλὴν
2518 2825 2629 2876 οὐκ
2650 2822 2965 2887 ἀνέϐησαν
2996 2824 3052 2875 ol
3073 2821 3245 2890 ἱερεῖς
3266 2820 3384 2879 τῶν
3412 2821 3675 2892 ὑψηλῶν
3703 2821 3836 2888 πρὸς

2257 2914 2325 2968 τὸ
2342 2915 2785 2985 θυσιαστήριον
2816 2916 2924 2969 τοῦ
2954 2916 3201 2985 Κυρίου,
3250 2915 3462 2986 Ὑψηλά
3494 2916 3658 2971 πάλιν
3684 2917 3744 2968 οὐ
3775 2917 3834 2971 τὰ

2258 3005 2368 3059 τῶν
2407 3005 2667 3068 εἰδώλων,
2731 3006 2868 3061 ἀλλά
2934 3008 3005 3061 τὰ
3049 3007 3145 3061 τοῦ
3196 3007 3333 3061 Θεοῦ
3367 3007 3733 3079 θυσιαστήρια
3754 3008 3833 3059 κέ-

561 3107 908 3158 constructa.
944 3097 1073 3152 Illos
1097 3110 1249 3159 vero,
1276 3094 1369 3164 qui
1421 3108 1487 3148 ex
1523 3092 1786 3164 prosapia
1815 3092 2148 3148 sacerdmali

2260 3096 2456 3168 κληκε,
2479 3097 2547 3151 τὰ
2572 3099 2630 3151 ὲν
2651 3098 2762 3162 τοῖς
2802 3098 3051 3171 ὑψηλοῖς.
3082 3100 3223 3165 Τοὺς
3271 3099 3333 3165 ἐξ
3367 3100 3646 3169 ἱερατικοῦ
3678 3100 3735 3152 δὲ
3753 3101 3835 3168 7i-

559 3202 740 3260 erant,
783 3192 849 3248 ad
883 3192 1056 3246 altare
1102 3188 1343 3253 Domini,
1383 3185 1531 3257 quod
1573 3185 1976 3256 Hierosolymis
2003 3193 2147 3252 erat,

560 3282 861 3340 ascendere
892 3296 1000 3335 non
1041 3278 1314 3350 permisit,
1370 3278 1479 3333 nisi
1513 3290 1708 3348 azyma
1742 3275 2149 3333 comedissent.

560 3377 721 3446 Quod
754 3379 798 3433 si
832 3374 997 3430 idolis
1032 3372 1470 3438 saerilicassent,
1509 3385 1623 3426 non
1666 3370 1863 3442 utique
1896 3370 2021 3440 pius
2055 3386 2149 3426 rex

561 3470 866 3543 ignovisset
899 3467 1058 3540 ipsis.

624 3563 790 3619 Vens.
844 3563 932 3616 10.
987 3559 1059 3615 Et
1102 3557 1490 3614 contaminavit
1542 3556 1768 3625 Aphetlt.
1829 3555 2149 3613 Secundum

564 3655 889 3713 llebraicam
931 3652 1447 3723 interpretationem
1481 3663 1675 3705 casum
1710 3650 2011 3720 signiﬁcat.
2046 3648 2154 3703 Lo-

562 3767 662 3807 cus
695 3766 825 3806 vero
857 3757 998 3811 erat,
1032 3746 1126 3802 ubi
1170 3758 1382 3816 pueros
1426 3758 1527 3814 per
1557 3742 1739 3813 ignem
1776 3742 2152 3797 traducebant

562 3841 796 3898 Melchol
847 3840 995 3897 idolo
1048 3837 1516 3893 Ammonitarum.
1576 3833 1818 3889 Pltaruri
1864 3849 2019 3901 vero,
2052 3851 2149 3887 cu-

562 3937 731 3992 stodis
788 3934 902 4004 (τοῦ
928 3931 1193 4002 φρουροῦ)
1225 3930 1470 3985 reddidit
1504 3926 1898 4000 Symmachus.

626 4026 959 4081 Amessaoth.
1000 4022 1287 4078 Interitus.

627 4120 793 4174 Vens.
848 4119 934 4172 18.
976 4116 1040 4170 Et
1072 4124 1283 4170 servata
1325 4122 1449 4168 sunt
1492 4128 1617 4167 ossa
1664 4112 1936 4182 propheta:
1968 4111 2150 4166 senio-

564 4215 659 4268 ris.
696 4213 814 4265 Non
856 4210 1048 4279 utique
1082 4204 1569 4279 pscudopropheta
1621 4202 1747 4268 fuit,
1792 4218 1971 4273 neque
2000 4204 2148 4257 enim

565 4306 705 4361 alias
740 4317 861 4358 ossa
891 4300 1068 4372 ipsius
1104 4307 1434 4355 conservata
1464 4304 1677 4353 essent.

638 4397 806 4452 Vens.
836 4393 927 4449 25.
972 4393 1183 4450 Similis
1214 4392 1266 4446 ei
1295 4407 1390 4445 rex
1421 4389 1675 4459 nonfuit.
1716 4391 1845 4445 Hinc
1876 4390 2043 4446 etiam
2080 4388 2149 4444 de

2256 3209 2383 3255 νους
2413 3193 2515 3246 οὐκ
2545 3194 2759 3263 ἀφῆκεν
2790 3195 2870 3257 είς
2912 3195 2972 3248 τὸ
3009 3195 3400 3267 θυσιαστήριον
3452 3196 3696 3250 ἀνελθεῖν
3749 3196 3833 3251 τοῦ

2253 3285 2486 3356 Κυρίου,
2534 3286 2594 3338 τὸ
2640 3287 2697 3341 ὲν
2749 3286 3127 3358 Ἰερουσαλὴμ,
3192 3291 3243 3342 εί
3292 3290 3370 3360 μὴ
3402 3289 3607 3358 ἔφαγον
3637 3288 3831 3358 ἄζυμα.

2255 3380 2317 3432 El
2356 3380 2415 3433 δὲ
2452 3383 2567 3445 τοῖς
2621 3380 2868 3449 εἰδώλοις
2924 3381 3287 3451 ἐλάτρευσαν,
3337 3382 3438 3435 οὐκ
3477 3382 3544 3436 ἂν
3582 3383 3775 3446 αὐτοὺς
3808 3385 3833 3434 ὁ

2254 3472 2485 3542 εὐσεϐὴς
2507 3472 2766 3542 βασιλεὺς
2793 3473 3129 3546 συγγνώμης
3160 3473 3418 3543 ἠξίωσεν.

2324 3564 2435 3620 Καὶ
2464 3565 2671 3634 ἐμίανε
2694 3566 2760 3620 τὸ
2801 3566 2998 3634 Ἀφέθ.
3035 3566 3194 3621 Κατά
3210 3568 3308 3638 τὴν
3334 3566 3634 3637 Ἐϐραῐκὴν
3668 3570 3832 3638 ἑρμη-

2254 3657 2428 3721 νείαν,
2466 3658 2674 3712 πτῶσιν
2742 3659 3020 3728 σημαίνει.
3053 3660 3232 3723 Τόπος
3267 3660 3324 3715 δὲ
3362 3654 3452 3731 ἦν,
3492 3663 3552 3714 ὲν
3590 3656 3635 3729 ᾧ
3660 3662 3830 3731 διῆγον

2253 3750 2313 3805 ὲν
2342 3748 2417 3818 τῷ
2440 3765 2511 3802 πυ
2523 3751 2577 3820 pi
2609 3748 2677 3802 τὰ
2697 3749 2883 3803 παιδία
2913 3749 2991 3821 τῷ
3012 3750 3247 3820 Μελχὸλ,
3280 3750 3593 3821 ’Δμανιτῶν
3619 3751 3826 3820 εἰδώλῳ.

2254 3843 2297 3894 Τ
2302 3842 2329 3893 ὸ
2379 3842 2436 3894 δὲ
2468 3843 2730 3914 Φαρουρὶ,
2780 3842 2885 3897 τοῦ
2936 3844 3222 3917 φρουροῦ,
3271 3844 3601 3916 παρέδωκαν
3634 3847 3681 3899 οξ
3715 3847 3829 3915 περὶ

2259 3933 2332 3987 Σύ
2343 3950 2586 4004 μμαχον.

2338 4024 2697 4094 Ἀμεσσοάθ.
2757 4025 3119 4095 Ἀφανισμοῦ.

2324 4114 2433 4168 Καὶ
2464 4114 2718 4182 διεσώθη
2744 4114 2817 4168 τὰ
2851 4115 3001 4170 ὀστᾶ
3026 4116 3142 4183 ,τοῦ
3183 4119 3498 4188 προφήτου
3545 4120 3651 4175 τοῦ
3701 4136 3826 4188 πρε-

2254 4207 2573 4275 σϐυτέρου.
2606 4207 2720 4261 Οὐκ
2749 4208 2856 4277 ἄρα
2880 4208 3340 4282 ψευδοπροφήτης
3358 4212 3624 4284 ὑπῆρχεν.
3646 4213 3713 4266 Οὐ
3734 4214 3826 4282 τὰρ

2252 4301 2319 4356 ἂν
2348 4299 2517 4354 αὑτοῦ
2555 4299 2625 4354 τά
2656 4302 2795 4355 ὀστᾶ
2815 4301 3071 4371 διεσώθη.

2324 4393 2571 4463 Ὀμοιος
2630 4392 2791 4459 αὐτῷ
2833 4396 2943 4449 οὐκ
2989 4395 3227 4465 ἐγένετο
3281 4396 3606 4464 βασιλεύς.
3658 4395 3825 4452 Ταῦτα

564 4490 798 4545 Ezechia
846 4503 1012 4557 supra
1064 4485 1225 4551 dixit,
1273 4484 1420 4555 quod
1466 4494 1590 4553 post
1632 4484 1815 4553 ipsum
1861 4483 1986 4538 talis
2036 4498 2145 4537 non

2256 4487 2347 4539 καὶ
2379 4486 2509 4557 περὶ
2554 4485 2799 4544 Ἐζεκίου
2828 4490 3110 4558 προεῖπεν,
3142 4488 3239 4542 καὶ
3271 4490 3354 4543 ὅτι
3408 4490 3528 4560 μετ’
3560 4492 3716 4544 αὑτὸν
3735 4491 3825 4543 οὐκ

564 4581 830 4639 surrexit.
865 4579 1000 4632 (lum
1028 4593 1160 4634 vero
1204 4591 1353 4632 nunc
1415 4573 1630 4630 Josiam
1675 4575 1755 4629 illi
1807 4572 2064 4644 przeferat
2100 4583 2155 4628 et

565 4680 884 4744 anteponat,
946 4670 1303 4726 manifestum
1351 4678 1457 4738 est,
1512 4683 1638 4725 eum
1671 4670 1864 4738 utique
1911 4676 1965 4723 et
2015 4667 2152 4722 Eze-

564 4767 724 4829 chiae,
759 4773 813 4818 et
846 4761 1043 4821 Davidi
1072 4764 1341 4833 praeponi.
1393 4762 1515 4817 Non
1547 4761 1719 4831 igitur
1752 4761 1879 4817 illos
1912 4760 2058 4815 inter
2093 4775 2153 4815 se

566 4873 713 4912 nunc
764 4857 1023 4922 contulit,
1080 4857 1173 4915 scd
1201 4872 1328 4911 cum
1377 4857 1524 4923 aliis,
1563 4860 1655 4927 qui
1692 4872 1790 4923 pro
1829 4856 1937 4926 piis
1981 4856 2150 4911 habiti

567 4957 716 5012 sunt,
751 4948 918 5002 veluti
943 4963 1065 5003 cum
1099 4948 1231 5013 Asa,
1263 4946 1553 5019 Josaphat,
1588 4958 1641 5004 et
1664 4947 1969 5003 Jonathan.

628 5041 792 5097 Vens.
857 5041 946 5097 30.
987 5040 1169 5096 Achaz
1210 5042 1383 5111 ﬁlium
1421 5041 1610 5105 Josiaz.
1652 5040 1757 5096 lies
1798 5040 2005 5107 Acbaz,
2033 5039 2154 5094 Jon-

568 5136 735 5201 cbim,
806 5133 1108 5200 Jechoniaz,
1152 5142 1207 5189 et
1246 5134 1529 5190 Sedet-him
1596 5135 1827 5190 uberius
1878 5132 2152 5190 Jeremias

570 5227 887 5297 descripsit.
937 5225 1188 5282 Joachim
1241 5241 1375 5280 vero
1413 5225 1683 5281 Joachimi
1715 5228 1909 5291 lilium,
1942 5223 2149 5280 Jecino-

469 5330 477 5336 '
576 5318 721 5372 niam
746 5319 1002 5389 appellat,
1036 5318 1177 5372 liber
1224 5333 1357 5372 vero
1417 5315 1823 5386 Paralipomen.
1870 5314 2147 5370 Joaeltim.

574 5411 729 5466 Hunc
781 5407 1044 5479 Assyrius
1093 5423 1123 5462 e
1154 5391 1379 5463 carcere
1426 5406 1743 5472 liberatum,
1796 5417 2146 5458 commensa-

572 5500 679 5554 lem
728 5500 942 5565 habuit,
970 5498 1227 5564 Domino,
1274 5513 1303 5550 a
1337 5514 1447 5571 quo
1493 5510 1795 5569 percussus
1841 5501 1985 5561 erat,
2025 5509 2152 5550 eum

570 5594 897 5650 restituente
928 5595 982 5649 in
1012 5592 1311 5664 integrum.

2257 4577 2457 4647 ἀνέστη
2512 4576 2774 4640 τοιοῦτος.
2834 4578 2896 4631 El
2961 4578 3019 4630 δὲ
3062 4578 3158 4633 νῦν
3208 4580 3317 4652 πρὸ
3349 4581 3515 4634 αὑτοῦ
3551 4584 3822 4654 προτάττει

2257 4665 2346 4720 τὸν
2389 4665 2797 4736 Ἰωσίαν,δῆλον
2814 4668 2897 4720 ὅτι
2927 4669 3023 4722 καὶ
3067 4668 3333 4736 Ἐζεκίου,
3369 4672 3465 4725 καὶ
3516 4674 3611 4726 τοῦ
3656 4671 3819 4735 Δαδιδ,

2257 4758 2627 4830 ἀμφοτέρους.
2677 4759 2792 4813 Νῦν
2849 4755 2941 4814 οῦν
2996 4762 3097 4815 οὐκ
3140 4763 3391 4833 ἀλλήλοις
3444 4765 3665 4826 τούτους
3710 4782 3819 4818 συν·

2261 4851 2498 4921 ἐκρινεν,
2523 4850 2659 4905 ἁλλά
2695 4854 2807 4916 τοῖς
2831 4852 3031 4921 ἄλλοις,
3062 4857 3174 4920 τοῖς
3204 4856 3426 4922 δόξασιν
3468 4859 3725 4921 εῦσεὸείν,
3748 4856 3817 4926 τῷ

2272 4944 2426 5005 ’Λσὰ,
2459 4945 2552 4997 καὶ
2583 4945 2660 5015 τῷ
2703 4945 2990 5015 Ἰωσαφὰτ,
3028 4949 3122 5001 καὶ
3152 4949 3230 5019 τῷ
3266 4951 3531 5021 Ἰωαθάμ.

2340 5034 2522 5104 Ἆχὰζ,
2543 5037 2649 5090 τὸν
2684 5039 2819 5090 υἱὸν
2848 5040 3100 5095 Ἰωσίου.
3120 5042 3199 5094 Τὰ
3234 5043 3377 5096 κατὰ
3411 5043 3504 5097 τὸν
3542 5042 3813 5114 magna

2256 5130 2347 5181 τὸν
2377 5130 2628 5200 Ἱωακὶμ,
2651 5133 2743 5184 καὶ
2770 5132 2859 5185 τὸν
2890 5133 3169 5204 Ἰεχονίαν,
3205 5138 3299 5188 καὶ
3329 5137 3606 5203 Σεδεκίαν,
3642 5136 3809 5190 πλατύ-

2249 5240 2405 5293 τερον
2454 5223 2723 5295 Ἱερεμίας
2782 5227 3145 5298 συνέγραψεν.
3202 5231 3308 5282 Τὸν
3361 5231 3418 5283 δὲ
3458 5231 3699 5301 Ἰωακὶμ,
3731 5230 3809 5281 τὸν

2250 5314 2341 5366 τοῦ
2382 5312 2607 5385 Ἰωακὶμ
2643 5318 2778 5381 υἱὸν,
2819 5318 3077 5387 Ἰεχονίαν
3104 5319 3284 5373 καλεῖ.
3331 5322 3398 5379 Ἡ
3428 5321 3487 5375 δὲ
3516 5323 3621 5376 τῶν
3652 5324 3809 5390 Παρα-

2251 5403 2592 5473 λειπομένων
2642 5406 2825 5477 βίϐλος
2869 5409 3121 5480 Ἱωακίμ.
3171 5411 3391 5467 Τούτων
3453 5416 3482 5468 ὁ
3535 5414 3806 5484 Ἀσσύριος,

2252 5496 2353 5565 τῆς
2384 5497 2611 5568 εἱρκτῆς
2642 5499 2979 5567 ἀπαλλάξας,
3014 5504 3324 5570 ὁμοδίαιτον
3352 5502 3519 5577 εἶχεν,
3568 5505 3655 5559 τοῦ
3690 5502 3807 5573 πλή-

2260 5588 2449 5653 ξαντος
2484 5590 2647 5644 αὐτὸν
2682 5593 2980 5664 ίασαμένου
3021 5593 3181 5647 Θεοῦ.
