4034 6532
204 398 334 468 1201

1188 414 1727 478 COMMENTARII
1763 419 1845 478 IN
1879 419 2025 481 LIB.
2066 419 2097 478 Ι
2151 421 2499 485 PARALIP.

3349 409 3485 488 1202

209 696 452 811 ΕΙΣ
529 700 847 815 ΤΗΝ
910 700 1537 821 ΠΡΩΤΗΝ
1596 707 1898 822 ΤΩΝ
1976 701 3479 829 ΠΑΡΑΛΕΙΠΟΜΕΝΩΝ.

344 1090 511 1215 ΙΝ
573 1091 1202 1224 PRIMUM
1261 1072 1873 1229 LIBRUM
1946 1102 3351 1237 PARALIPOMENON.

1230 1331 1498 1388 Ludovico
1528 1332 1790 1390 Lavutero
1848 1335 2103 1408 Tiguriua
2157 1341 2462 1411 interprete.

803 1639 1212 1697 ΠΡΟΟΙΜΙΟΝ.

284 1728 431 1782 Ὅσα
486 1727 791 1798 παρέλιπεν
827 1731 856 1784 6
884 1729 987 1794 τὰς
1038 1730 1327 1795 Βασιλείας
1362 1734 1789 1805 συγγεγραφὼςν

208 1820 388 1873 ταῦτα
417 1821 761 1874 συντέθεικεν
789 1822 817 1874 6
847 1822 946 1891 τὴν
1002 1822 1286 1892 παροῦσαν
1319 1825 1577 1878 ὑπόθεσιν
1604 1828 1798 1896 ὲνστη-

212 1912 474 1981 σάμενος.
518 1914 609 1974 Ὦς
656 1914 751 1966 καὶ
786 1912 1027 1983 τοῦνομα
1076 1913 1171 1966 τοῦ
1203 1914 1412 1985 βιϐλίου
1440 1917 1617 1988 δηλοῖ,
1649 1919 1795 1990 ἆπερ

212 2004 277 2057 lx
317 2004 589 2058 πλείστων
610 2004 977 2075 προφητικῶν
1020 2006 1361 2072 συνελέξατο.
1411 2009 1592 2063 Πολλὰ
1619 2010 1677 2064 δὲ
1703 2011 1801 2065 καὶ

210 2094 323 2149 τῶν
386 2097 444 2149 ὲν
493 2099 614 2157 ταῖς
669 2096 983 2162 Βασιλείαις
1038 2096 1255 2163 τούτοις
1296 2101 1634 2172 συνήρμοσε,
1668 2103 1803 2174 μίαν

216 2188 517 2258 συνέχειαν
536 2188 822 2257 φυλάττειν
848 2189 1481 2254 ὲσπουδακώς.”Ανωθεν
1519 2193 1577 2247 δὲ
1603 2210 1801 2262 γενεα-

215 2279 374 2345 λογεί
433 2280 536 2349 τὴν
586 2281 770 2333 πᾶσαν
814 2280 877 2345 ἐξ
925 2280 1046 2344 ἐνὸς
1093 2280 1317 2346 δεικνὺς
1368 2283 1799 2357 ἀνθρωπότητα.

230 2371 455 2443 Ἐπειδὴ
483 2372 539 2424 δὲ
574 2372 743 2442 μόνης
771 2375 872 2443 τῆς
896 2372 1073 2427 Ἰούδα
1110 2373 1393 2444 βασιλείας
1434 2378 1673 2431 ποιεῖται
1698 2378 1803 2448 τὴν

222 2465 469 2534 μνήμην.
501 2463 767 2527 διδάσκει,
799 2465 945 2528 τίνες
975 2465 1186 2519 τούτων
1237 2468 1294 2519 αἱ
1320 2466 1527 2534 κῶμαι,
1568 2467 1666 2522 καὶ
1701 2469 1803 2522 πό-

218 2557 355 2619 λεις,
398 2558 492 2609 καὶ
521 2556 689 2611 πόθεν
727 2557 1060 2629 ἐκλήθησαν.
1100 2557 1384 2612 Ἐντεῦθεν
1433 2560 1802 2631 μανθάνομεν,
1840 2608 1846 2614 .

219 2648 295 2711 ὡς
326 2647 541 2709 Ναθὰν,
565 2648 628 2715 ἐξ
681 2642 745 2703 οὗ
789 2649 884 2703 τὸν
938 2649 1180 2722 Χριστὸν
1213 2651 1428 2716 Λουκᾶς
1464 2652 1804 2721 γενεαλογεῖ,

222 2743 446 2811 γνήσιος
468 2736 537 2811 ἦν
572 2742 802 2811 ἀδελφὸς
857 2742 1229 2812 Σολομῶντος,
1261 2744 1325 2797 ὲκ
1351 2744 1517 2797 Δαϐὶδ
1545 2745 1808 2815 καὶΒηρ-

203 2834 439 2889 ’σαϐαιέ.
482 2836 593 2887 Καὶ
619 2835 714 2888 τὸν
750 2835 957 2906 Ῥηχὰϐ
987 2836 1067 2900 δὲ,
1108 2837 1203 2889 τὸν
1230 2836 1503 2906 πολλαχοῦ
1533 2838 1631 2906 τῆς
1659 2837 1809 2907 Γρα-

220 2926 329 2995 φῆς
352 2926 785 2997 ἐπαινούμενον,-
817 2920 921 2980 ὧδε
950 2927 1227 2981 δείκνυσιν
1267 2929 1332 2981 ἐκ
1378 2928 1480 2997 τῆς
1510 2928 1689 2981 Ἰούδα
1710 2914 1809 2997 φά-

2473 1648 2899 1705 PROOEMIUM.

1967 1742 2176 1796 Auctor
2253 1743 2347 1813 qui
2402 1756 2646 1813 prmseus
2691 1750 3079 1813 argumentum
3138 1744 3489 1798 tractandum

1897 1835 2164 1903 suscepit,
2196 1849 2284 1896 ea,
2309 1849 2431 1904 qua:
2467 1850 2496 1887 a
2535 1834 2809 1904 scriptore
2838 1833 3087 1889 historia:
3111 1835 3324 1906 Regum
3354 1850 3493 1904 prce-

1902 1927 2158 1982 termissa
2210 1935 2363 1993 sunt,
2395 1928 2483 1981 his
2533 1925 2692 1981 libris
2743 1926 3114 1997 persequitur.
3150 1926 3205 1981 ld
3245 1926 3392 1997 quod
3424 1926 3491 1979 ti-

1901 2021 2049 2073 tulus
2074 2019 2205 2073 libri
2237 2021 2405 2074 etiam
2460 2020 2726 2075 ostendit.
2770 2019 3042 2075 Craterum
3081 2020 3199 2075 haec
3238 2035 3301 2074 ex
3357 2020 3491 2074 mul-

1903 2110 1977 2165 tis
2007 2110 2405 2180 prophetarum
2446 2111 2674 2181 scriptis
2724 2112 2970 2182 collegit.
3016 2111 3184 2165 Multa
3242 2124 3489 2182 qusque,

1902 2215 2027 2271 qua;
2057 2201 2111 2254 in
2144 2197 2303 2255 libris
2335 2199 2546 2272 Regum
2594 2202 2880 2272 leguntur,
2915 2202 3003 2257 his
3036 2202 3353 2272 conjunxit.
3390 2202 3493 2255 De-

1904 2292 1988 2346 dit
2044 2291 2194 2346 enim
2247 2306 2473 2361 operam
2511 2333 2524 2356 ,
2582 2301 2641 2347 ut
2691 2293 3012 2348 continuam
3067 2301 3119 2348 et
3172 2299 3489 2362 perpetuam

1904 2383 2152 2439 historiae
2181 2383 2381 2439 seriem
2415 2393 2793 2441 conservaret.
2831 2385 3006 2441 Porro
3034 2401 3203 2456 supra
3231 2393 3490 2454 repetens

1906 2459 2311 2546 genealogiam,
2344 2491 2411 2529 ex
2447 2491 2560 2530 uno
2591 2476 2817 2533 homine
2861 2485 3037 2532 totum
3082 2492 3258 2547 genus
3290 2477 3491 2530 huma-

1907 2578 2039 2618 num
2070 2563 2313 2619 deducit.
2349 2562 2436 2631 Et,
2471 2580 2598 2620 cum
2644 2567 2797 2637 regni
2822 2565 2962 2621 Juda
3004 2576 3216 2621 tantum
3259 2566 3495 2621 mentio-

1910 2672 2034 2712 nem
2069 2656 2259 2720 faciat,
2293 2658 2478 2723 docet,
2507 2673 2648 2727 quos
2706 2674 2898 2730 pagos,
2933 2667 2987 2713 et
3028 2674 3168 2729 quas
3201 2659 3367 2713 urbes
3399 2658 3495 2711 ha-

1909 2747 2056 2811 beat,
2111 2754 2168 2801 et
2195 2747 2341 2802 unde
2393 2763 2595 2803 nomen
2642 2751 2985 2820 acceperint.
3038 2748 3315 2805 Discimus
3367 2749 3495 2804 hinc

1911 2835 2152 2900 Nathan,
2191 2852 2261 2891 ex
2298 2851 2410 2907 quo
2454 2836 2635 2892 Lucas
2663 2840 3040 2908 genealogiam
3066 2839 3276 2893 Christi
3316 2838 3493 2891 dedu-

1915 2929 2014 2993 cit,
2059 2928 2233 2984 fuisse
2271 2945 2591 3000 germanum
2642 2930 2865 2985 fratrem
2917 2930 3249 2997 Salomonis,
3300 2946 3363 2986 ex
3398 2929 3497 2983 Da-

218 3018 337 3087 λῆς.
373 3017 539 3086 Λέγει
592 3017 651 3070 δὲ
699 3018 794 3072 καὶ
834 3016 1064 3089 Ῥουϐὴν
1121 3017 1231 3071 τῶν
1264 3015 1680 3087 πρωτοτοκειων
1710 3018 1805 3069 ὲκ-

1913 3020 2036 3074 vide
2090 3028 2147 3075 et
2201 2997 2529 3075 Bethsabea.
2588 3019 2652 3073 Et
2679 3020 2927 3085 Rechab,
2986 3036 3150 3091 quem
3204 3020 3493 3089 Scriptura

221 3109 596 3175 πεπτωκέναι,
645 3110 740 3164 τοῦ
796 3109 1006 3180 πατρὸς
1062 3110 1162 3181 τὴν
1222 3110 1415 3178 κοίτην
1494 3108 1764 3175 μιάναντα
1790 3126 1804 3140 ·

219 3202 397 3256 ταῦτα
422 3202 479 3256 δὲ
511 3201 605 3255 τὸν
647 3202 844 3274 Ἰωσὴφ
876 3203 1180 3272 εἰληφέναι.
1216 3202 1321 3255 Τὸν
1370 3202 1427 3255 δὲ
1473 3201 1685 3254 Ἰούδαν
1726 3204 1817 3263 εἰς

221 3295 524 3364 ήγεμονίαν
584 3294 1020 3366 προτιμηθῆναι,
1069 3294 1157 3348 διὰ
1212 3294 1313 3365 τὴν
1345 3292 1801 3362 ὑπερϐάλλουσαν

222 3384 392 3439 αὑτοῦ
441 3384 693 3454 δύναμιν.
728 3386 990 3439 Μάλιστα
1010 3386 1093 3449 δὲ,
1127 3386 1221 3439 διὰ
1242 3385 1333 3438 τὸν
1369 3382 1431 3449 ἐξ
1469 3383 1640 3437 αὐτοῦ
1666 3384 1817 3438 κατὰ

222 3477 404 3548 σάρκα
461 3476 1105 3548 βλαστήσανταΚύριον.
1164 3477 1340 3530 Τοῦτο
1371 3478 1482 3547 γὰρ
1537 3476 1691 3546 δηλοῖ
1722 3477 1805 3540 τὸ,

218 3571 305 3634 εὶς
341 3568 683 3637 ἡγούμενον
714 3568 782 3633 ἐξ
813 3568 1022 3624 αὐτοῦ.
1055 3568 1118 3621 Ol
1154 3567 1253 3638 μὲν
1281 3568 1390 3639 γὰρ
1422 3568 1593 3631 ἄλλοι,
1635 3566 1809 3637 πρόσ-

218 3676 445 3729 καιροι·
513 3653 671 3718 οὗτος
723 3659 802 3724 δὲ,
840 3659 1004 3728 μόνος
1050 3659 1111 3726 ἐξ
1144 3657 1312 3715 αὑτοῦ
1352 3658 1809 3729 προῆλθεν,λαῑώ-

217 3769 333 3815 νιος
360 3751 437 3803 ὣν
473 3750 747 3821 βασιλεύς.
777 3750 1031 3804 Διδάσκει
1069 3750 1126 3804 δὲ
1163 3751 1255 3803 καὶ
1281 3750 1356 3814 ὡς
1385 3751 1441 3803 αἱ
1471 3750 1646 3821 πέραν
1674 3751 1811 3820 Ἰορ-

217 3846 384 3897 δάνου
416 3843 579 3912 φυλαὶ
600 3844 727 3906 τοὺς
760 3842 1095 3912 ἀλλοφύλους
1129 3843 1413 3910 ἐνίκησαν,
1446 3843 1527 3904 εἰς
1558 3841 1690 3895 Θεὸν
1717 3841 1814 3895 καὶ

224 3936 390 4005 μόνον
423 3935 733 3990 έλπίσασαι.
764 3934 1083 4004 Γενεαλογεῖ
1104 3934 1158 3988 δὲ
1192 3934 1288 3987 καὶ
1315 3935 1440 3997 τοὺς
1478 3934 1678 4004 ἱερέας,
1714 3931 1813 3986 καὶ

220 4030 352 4087 τοὺς
383 4028 643 4091 Λευῖτας.
673 4026 785 4081 Καὶ
835 4027 1098 4091 Σαδδοὺκ,
1132 4026 1224 4080 τὸν
1258 4027 1354 4081 ἐπὶ
1398 4026 1501 4080 τοῦ
1523 4025 1688 4079 Δαϐὶδ
1713 4026 1814 4095 ἀρ-

220 4119 673 4193 χιερατεύσαντα,
727 4119 1002 4175 δείκνυσιν
1065 4120 1350 4173 ἑνδέκατον
1390 4118 1498 4173 ἀπὸ
1545 4116 1797 4188 Ἀαρών·

221 4216 321 4269 καὶ
359 4214 451 4266 τὸν
471 4213 711 4267 Σαδδοὺκ
735 4212 960 4280 ἔκγονον
1012 4211 1272 4283 Ἀζαρίαν
1307 4211 1526 4282 πρῶτον
1558 4209 1814 4282 ἱερατεῦ-

1909 3113 2116 3183 passim
2147 3113 2415 3178 celebrat,
2441 3127 2507 3167 ex
2543 3113 2691 3167 tribu
2738 3111 2880 3167 Juda
2916 3111 3089 3168 fuisse
3114 3111 3377 3167 ostendit.
3410 3112 3492 3164 Ad

1911 3204 2028 3260 haec
2064 3204 2280 3271 Ruben,
2317 3220 2383 3261 eo
2422 3214 2567 3275 quod
2609 3205 2785 3276 patris
2814 3206 3023 3261 lectum
3057 3204 3273 3261 incestu
3307 3213 3495 3259 conta-

1912 3296 2200 3360 minasset,
2255 3298 2348 3366 jus
2417 3299 2872 3368 primogenitum
2935 3298 3227 3364 amisisse,
3289 3296 3499 3365 Josephs

1912 3386 2073 3457 547
2105 3402 2234 3441 vero
2266 3387 2441 3458 ipsius
2468 3387 2589 3442 loco
2622 3388 2908 3457 accepisse
2937 3386 3191 3443 docetur.
3236 3385 3367 3439 Item
3407 3383 3499 3438 Ju-

1913 3478 1995 3533 da:
2050 3480 2318 3535 honorem
2403 3481 2779 3551 principatus,
2845 3487 3071 3550 propter
3130 3479 3503 3533 excellentem

1914 3585 2069 3624 suam
2116 3571 2375 3625 virtutem
2422 3572 2671 3625 habitum
2720 3587 2865 3639 esse,
2912 3570 3150 3625 maxime
3196 3584 3327 3624 vero
3372 3584 3502 3638 pro—

1916 3670 2041 3731 pter
2073 3661 2450 3729 Servatorem,
2482 3662 2578 3732 qui
2604 3678 2669 3718 ex
2697 3678 2777 3718 eo-
2798 3663 3107 3718 secundum
3144 3676 3366 3715 carnem
3399 3661 3498 3713 de-

1915 3752 2155 3808 scendit.
2214 3751 2272 3807 ld
2319 3753 2406 3809 his
2452 3754 2637 3809 verbis
2714 3755 3050 3817 declaratur,
3102 3754 3161 3806 in
3214 3751 3398 3805 ducem
3436 3767 3507 3803 ea:

1914 3846 2048 3913 ipso.
2106 3844 2317 3916 Reliqui
2361 3846 2508 3901 enim
2562 3845 2886 3916 temporarii
2914 3845 3175 3912 fuerunt;
3228 3845 3320 3899 hic
3367 3859 3505 3899 vero

1915 3955 1983 3993 ex
2039 3939 2164 4010 ipso
2216 3938 2526 4002 descendit,
2572 3939 2667 4009 qui
2719 3939 2872 3995 solus
2904 3938 3231 3994 saeculorum
3272 3952 3366 3991 rex
3393 3944 3498 3991 est.

1918 4030 2089 4087 Docet
2112 4031 2300 4095 etiam,
2335 4030 2619 4101 quomodo
2642 4031 2842 4095 tribus,
2876 4046 3000 4100 quae
3033 4029 3175 4083 ult-ra
3200 4028 3500 4083 Iordanem

1916 4133 2066 4187 Sunt,
2098 4128 2155 4179 in
2207 4125 2327 4181 solo
2365 4125 2479 4179 Deo
2524 4123 2641 4193 spei
2672 4123 2933 4193 praesidio
2970 4124 3188 4191 posito,
3234 4121 3500 4191 alienige-

1915 4231 2016 4270 nas
2044 4216 2303 4271 vicerint.
2366 4212 2691 4283 Catalogum
2746 4220 3002 4268 recenset
3047 4210 3268 4282 generis
3318 4226 3504 4266 sacer-

224 4323 339 4365 σαι,
382 4303 520 4373 μετά
545 4303 644 4373 τὴν
678 4304 783 4356 ὑπὸ
797 4303 1143 4374 Σολομῶντος
1162 4305 1508 4373 κατασκευὴν
1536 4302 1631 4356 τοῦ
1656 4303 1810 4360 ναοῦ.

1919 4309 2109 4364 (lotum
2164 4316 2219 4361 et
2275 4304 2621 4361 Levitarum.
2693 4303 3016 4367 Sadocum,
3079 4300 3174 4371 qui
3237 4310 3501 4369 regnante

236 4395 328 4459 Ἐξ
355 4389 431 4448 ῶν
452 4390 520 4464 ἦν
564 4394 835 4462 Ἰωσεδὲκ,
862 4396 889 4448 6
922 4394 1059 4465 μετὰ
1092 4396 1190 4466 τὴν
1214 4394 1417 4449 ἅλωσιν
1437 4395 1705 4466 ἀπαχθεὶς
1734 4396 1810 4459 εἰς

1923 4397 2125 4453 Davide
2159 4412 2432 4453 summum
2464 4395 2848 4465 pontificatum
2879 4393 3079 4464 gessit,
3114 4390 3358 4446 ostendit
3395 4405 3498 4443 un-

224 4486 540 4541 Βαϐυλῶνα.
560 4477 748 4557 Οῦπερ
769 4482 835 4557 ἦν
871 4488 987 4550 υἱὸς
1031 4487 1260 4558 Ἰησοῦς.
1283 4490 1309 4540 ὁ
1342 4487 1520 4558 ἱερεὺς
1548 4490 1575 4541 6
1617 4487 1815 4557 μέγας,

222 4584 251 4633 6
279 4580 409 4643 τοὺς
436 4578 818 4649 αἰχμαλώτους
879 4581 978 4633 σὺν
1029 4579 1107 4649 τῷ
1159 4578 1470 4651 Ζοροϐάϐελ
1497 4578 1814 4647 ἀναγαγών.

236 4672 523 4725 Ἐντεῦθεν
583 4670 955 4742 μανθάνομεν,
987 4670 1063 4734 ὡς
1110 4671 1139 4722 6
1190 4669 1505 4733 ἐπαναστὰς
1564 4670 1817 4741 Κορὲτῷ

224 4764 459 4817 Μωῠσεῖ
485 4761 812 4832 ἀνεψιαδοῦς
858 4763 1107 4834 ὑπῆρχεν
1150 4761 1319 4832 αὐτῷ,
1363 4760 1460 4814 τοῦ
1509 4760 1693 4832 Ἰσαὰρ
1722 4760 1817 4815 ἔκ-

224 4872 407 4923 γονος,
465 4853 585 4907 υῑοῦ
642 4852 742 4924 μὲν
801 4852 984 4917 Καὰθ,
1048 4854 1277 4922 ἀδελφοῦ
1321 4854 1379 4908 δὲ
1414 4855 1663 4926 Ἀμρὰμ,
1720 4855 1818 4908 τοῦ

221 4945 512 5008 Μωῦσέως
545 4945 777 5014 πατρός.
803 4944 913 4997 Καὶ
942 4944 1018 5008 ὡς
1061 4945 1110 4997 οἱ
1136 4946 1329 4998 τούτου
1369 4947 1562 5008 παῖδες
1594 4946 1693 5015 τῆς
1721 4944 1817 4998 τοῦ

223 5037 439 5107 πατρὸς
470 5036 531 5088 οὐ
583 5036 958 5106 μετεσχήκασι
995 5035 1174 5106 δίκης.
1224 5036 1481 5106 Σαμουὴλ
1511 5036 1643 5104 γοῦν
1667 5039 1694 5090 6
1725 5036 1819 5106 μὲ-

220 5150 327 5200 γας
357 5131 423 5195 ἐξ
446 5131 610 5184 αὑτοῦ
636 5131 869 5199 κατάγει
893 5130 955 5184 τδ
980 5132 1157 5199 γένος,
1177 5134 1272 5185 καὶ
1298 5131 1521 5201 Δίμὰνὸ
1537 5131 1818 5203 ψαλτῳδδς

222 5223 459 5289 ἔκγονος
507 5216 579 5291 ἦν
628 5221 908 5292 Σαμουήλ.
961 5221 1090 5282 Υἱὸς
1138 5221 1249 5290 γὰρ
1279 5216 1349 5291 ἦν
1392 5220 1546 5291 Ἰωὴλ
1566 5222 1662 5275 τοῦ
1700 5223 1817 5276 υἱοῦ

222 5313 511 5385 Σαμουὴλ.
562 5313 735 5382 Ἀζὰφ
796 5312 854 5366 δὲ
913 5316 942 5366 6
993 5312 1272 5383 ψαλτῳδὸς
1299 5315 1366 5366 ὲκ
1401 5311 1495 5365 τοῦ
1532 5314 1759 5383 Γεδσὼμ
1788 5317 1816 5355 h

223 5406 443 5474 κατῆγε
503 5404 564 5458 τὸ
620 5404 797 5472 γένος,
829 5403 946 5457 υἱοῦ
998 5403 1151 5467 Λευῖ,
1187 5402 1420 5472 ἀδελφοῦ
1472 5404 1664 5461 Καάθ.
1708 5406 1818 5460 Καὶ

236 5496 429 5566 Ἐθὰμ
473 5496 569 5561 δὲ,
599 5496 710 5550 τῶν
766 5496 1003 5567 ᾀδόντων
1033 5490 1136 5558 εἷς,
1200 5496 1265 5549 ὲκ
1314 5494 1409 5548 τοῦ
1443 5497 1683 5567 Μεραρὶ,
1720 5497 1816 5551 τοῦ

224 5580 405 5651 Λευῖ,
434 5586 646 5657 κατῆγε
678 5586 740 5639 τὸ
786 5586 964 5655 γένος.
1005 5584 1173 5655 Λέγει
1222 5585 1292 5645 δὲ
1333 5587 1427 5640 καὶ
1476 5587 1689 5657 ἱερέων,
1723 5590 1817 5642 καὶ

1920 4489 2193 4546 decimum
2252 4488 2321 4545 ab
2366 4488 2585 4542 Aarone
2637 4484 2830 4550 fuisse,
2878 4493 2934 4538 et
2992 4480 3189 4537 Sadoci
3244 4488 3504 4549 nepotem

1914 4582 2172 4639 Azariam
2255 4582 2494 4651 primum
2565 4576 2873 4631 sacerdotis
2957 4587 3161 4627 munus
3233 4568 3501 4630 obivisse,

1917 4677 2207 4744 postquam
2242 4668 2506 4737 templum
2525 4681 2555 4719 a
2582 4664 2873 4719 Salomone
2898 4662 3095 4717 fuisset
3120 4667 3459 4715 exstructum
3484 4674 3499 4722 ;

1916 4780 1987 4819 ex
2034 4763 2237 4833 quibus
2289 4761 2457 4815 etiam
2510 4756 2750 4812 Iosedek
2802 4763 2946 4822 erat,
2984 4754 3075 4825 qui
3131 4761 3291 4822 capta
3342 4751 3499 4817 urbe,

1915 4852 2250 4923 Babylonem
2300 4849 2578 4904 abductus
2617 4854 2723 4902 est.
2777 4845 2959 4916 Hujus
2993 4844 3142 4898 filius
3179 4840 3285 4895 fuit
3316 4837 3501 4902 Jesus,

1919 4958 2170 5000 summus
2202 4940 2473 5012 pontifex,
2506 4939 2603 5009 qui
2657 4937 2907 5007 captivos
2933 4949 3041 4989 una
3090 4948 3214 4989 cum
3256 4930 3498 4985 Zoroba-

1919 5037 2040 5090 bele
2082 5032 2323 5088 reduxit.
2376 5029 2520 5083 Hinc
2577 5028 2914 5098 colligimus,
2970 5023 3300 5081 seditiosum
3359 5021 3501 5074 Core

1920 5127 2226 5197 patruelem
2254 5123 2461 5196 Moysis
2508 5122 2705 5185 fuisse,
2738 5120 2908 5175 (ilium
2950 5117 3143 5182 lsaari,
3180 5114 3274 5168 filii
3305 5112 3497 5173 Caath,

1922 5219 2111 5273 fratris
2174 5230 2317 5271 vero.
2357 5216 2606 5278 Amram,
2654 5211 2829 5282 patris
2878 5209 3107 5280 Moysis.
3166 5204 3300 5260 Item
3360 5201 3517 5256 filios.

1920 5310 2098 5380 ipsius
2127 5317 2373 5378 paternae
2412 5319 2589 5375 pmuae
2640 5318 2753 5357 non
2799 5301 2975 5356 fuisse
3006 5298 3329 5369 participes.
3390 5292 3502 5347 Ma-

1918 5417 2061 5475 gnus
2097 5401 2242 5456 enim
2272 5400 2364 5453 ille
2388 5403 2653 5468 propheta
2695 5394 2920 5449 Samuel
2951 5393 3020 5446 ab
3062 5390 3164 5444 hoc
3197 5402 3372 5460 genus
3402 5385 3503 5439 du-

1919 5498 2018 5561 cit,
2051 5504 2106 5551 et
2137 5493 2366 5548 llemam
2414 5491 2617 5563 psaltes
2648 5503 2821 5559 nepos
2872 5486 2975 5540 fuit
3014 5482 3309 5547 Samuelis,
3346 5479 3493 5560 filius

1918 5587 2111 5651 Joelis,
2146 5585 2239 5640 filii
2288 5582 2584 5638 Samuelis.
2631 5578 2813 5649 Asaph
2856 5591 2988 5632 vero
3036 5584 3228 5629 cantor
3253 5587 3320 5627 ex
3358 5568 3502 5625 Ger-—

228 5678 589 5747 Λευῐτῶν,τὸ
613 5679 893 5751 διάφορον.
947 5679 1114 5748 Λέγει
1165 5678 1224 5733 δὲ
1274 5680 1370 5733 καὶ
1405 5680 1502 5749 τῆς
1528 5680 1810 5750 αἰχμαλω-

1927 5698 2025 5737 sou
2071 5680 2204 5735 ﬁilio
2253 5678 2403 5743 Levi,
2457 5676 2623 5731 fratre
2665 5672 2859 5738 Caath,
2886 5684 3067 5741 genus
3099 5666 3275 5723 duxit.
3307 5662 3509 5719 Etham

1532 5792 1771 5849 VARIAS
1812 5791 2215 5850 LECTIONES.

312 5883 339 5923 ιι
379 5882 628 5955 Γεδσὼμ.
667 5882 924 5941 Lavateri
968 5883 1149 5942 Codex
1189 5882 1406 5950 habuit,
1440 5878 1727 5953 Fepstbp.‘
