4034 6498
594 398 729 461 1203

1886 409 2242 471 PROCOPII
2268 409 2513 471 GAZ/EI

3704 410 3829 475 1204

581 515 749 573 etiam
781 533 928 572 unus
982 533 1046 571 ex
1080 518 1426 585 cantoribus,
1478 537 1544 577 ex
1593 523 1792 580 hierari
1832 525 1962 583 Levi
2024 528 2157 590 filio,

2269 526 2391 590 σίας
2435 525 2537 599 τὴν
2564 525 2743 579 αῖτίαν
2782 527 2811 579 6
2854 526 3226 597 συγγραφεὺς,
3277 524 3353 589 ὡς
3378 526 3445 580 ἂν
3488 525 3608 596 μετ’
3637 526 3832 599 ἐκείνην

584 611 893 668 descendit.
939 610 1102 666 Ponit
1138 612 1303 666 etiam
1360 618 1712 671 sacerdotum
1749 626 1803 673 et
1846 618 2163 675 Levitarum

582 703 902 759 discrimen.
950 704 1226 761 Praeterea
1298 706 1598 765 historicus
1657 710 1999 781 captivitatis
2032 728 2165 767 cau-

584 810 678 849 sas
733 794 1023 857 describit,
1074 812 1199 850 nam
1243 807 1366 867 post
1416 800 1797 869 captivitatem
1850 800 2060 855 floruit.
2106 802 2163 857 In

583 885 837 940 historiis
869 886 1011 940 enim
1046 903 1230 941 rerum
1278 888 1590 943 futurarum
1630 891 1872 945 narratio
1922 906 2031 945 non
2081 906 2166 945 re-

583 976 816 1046 peritur.
854 976 1018 1032 Docet
1064 979 1252 1045 etiam,
1285 982 1565 1050 quomodo
1611 982 1710 1046 illi,
1742 984 1835 1053 qui
1873 998 1998 1038 cum
2029 984 2165 1053 ipsis

581 1068 968 1135 versabantur,
1013 1068 1433 1127 Palaestinorum
1467 1075 1668 1144 captivi
1710 1074 1940 1129 fuerint.
1974 1075 2162 1142 Docet,

583 1159 859 1226 quomodo
912 1162 1252 1231 alienigenae,
1313 1163 1576 1220 Israelitis
1621 1164 2039 1232 cohabitantes,
2074 1182 2165 1221 ar-

584 1254 688 1308 mis
719 1268 909 1309 eorum
967 1257 1217 1326 oppressi
1264 1256 1395 1312 sint.
1445 1255 1657 1312 Pariter
1728 1267 1916 1313 autem
1988 1274 2166 1315 sacer-

583 1346 762 1411 dotes,
817 1347 1058 1415 Levitas,
1109 1359 1163 1405 et
1213 1350 1558 1416 Natbinaeos,
1613 1361 1673 1406 ut
1723 1367 1823 1421 par
1874 1361 2013 1419 erat,
2053 1352 2164 1409 Deo

584 1438 938 1495 ministrasse
979 1441 1194 1496 scribit.
1239 1440 1393 1496 Multi
1420 1442 1565 1497 enim
1596 1456 1664 1497 ex
1692 1443 1817 1498 aliis
1863 1446 2027 1499 etiam
2062 1444 2165 1498 tri-

583 1523 765 1579 butus
796 1530 1011 1596 seipsos
1060 1530 1407 1585 sacerdotum
1456 1540 1511 1586 et
1552 1528 1863 1585 Levitarum
1911 1533 2165 1589 ministeo

504 1616 509 1623 '
584 1616 667 1668 rio
726 1618 1085 1685 addixerunt,
1153 1629 1433 1691 gestantes
1483 1636 1702 1691 aquam,
1775 1630 1831 1677 et
1886 1624 2164 1681 caedentes

584 1707 755 1775 ligna.
822 1708 877 1763 Si
931 1711 1077 1766 enim
1132 1711 1470 1778 Gabaonitaa,
1526 1723 1739 1783 quanto
1783 1716 1962 1786 magis
2015 1717 2165 1787 ipsi?

584 1794 701 1849 Vox
749 1813 929 1853 autem
990 1802 1082 1855 illa
1133 1801 1403 1859 Nathinmi
1435 1806 1577 1874 apud
1622 1805 1886 1862 Hebraeos
1924 1807 2018 1862 Dei
2064 1809 2163 1863 do-

2268 617 2584 685 γενόμενος.
2634 617 2723 671 Ἐν
2765 616 3031 687 ἱστορίαις
3061 616 3172 687 γὰρ
3213 616 3315 670 οὐκ
3348 617 3495 670 ἐστιν
3534 618 3710 685 εὑρεῖν
3737 621 3831 673 τῶν

2271 707 2578 777 μελλόντων
2627 707 2930 778 ἀφήγησιν.
2988 706 3240 759 Διδάσκει
3274 705 3331 758 δὲ
3380 707 3496 772 καὶ,
3544 706 3620 770 ὡς
3648 709 3694 760 οἱ
3728 724 3831 760 συιδ

2268 801 2593 871 οικήσαντες
2630 800 2816 863 αὐτοῖς
2873 797 2986 852 τῶν
3039 798 3359 869 ἀλλοφύλων
3406 798 3660 867 γεγόνασι
3699 800 3832 869 δορυ-

2266 889 2483 946 ἀλωτοι.
2533 890 2767 960 Ὁμοίως
2802 888 2860 943 δὲ
2898 889 2993 944 καὶ
3016 890 3202 963 ἱερεῖς,
3257 888 3502 954 Λευῖται,
3543 890 3637 942 καὶ
3682 891 3830 945 Ναθι-

2267 985 2431 1045 ναῖοι,
2461 980 2555 1045 οὓς
2617 983 2766 1045 είκὸς
2822 981 3162 1053 ἱεροδούλους
3197 981 3487 1052 ὑπάρχειν.
3526 980 3716 1033 Πολλοὶ
3737 983 3828 1053 γὰρ

2266 1077 2465 1139 αὐτοὺς
2499 1076 2728 1129 καὶτῶν
2751 1074 2931 1128 ἄλλων
2981 1073 3166 1144 φυλῶν
3220 1073 3485 1143 ἁφιὲρουν
3535 1074 3618 1134 εἰς
3652 1073 3746 1137 τὰς
3770 1074 3831 1126 Ia-

2268 1169 2407 1240 ρέων
2440 1168 2535 1221 καὶ
2586 1166 2827 1221 Λευῖτῶν
2882 1167 3185 1237 ὑπουργίας
3212 1181 3227 1195 ·
3277 1165 3591 1236 ὑδροφόροι,
3640 1166 3728 1218 καὶ
3755 1165 3831 1229 ξυ-

2266 1260 2511 1322 λοκόποι,
2571 1258 2874 1328 γενόμενοι.
2925 1258 2989 1311 Εί
3046 1258 3153 1328 γὰρ
3198 1258 3247 1311 οἱ
3291 1256 3660 1317 Γαϐαωνῖται,
3700 1252 3831 1325 νόσῳ

2269 1352 2470 1422 μᾶλλον
2498 1350 2655 1405 αὐτοί
2677 1368 2691 1416 ;
2729 1351 2791 1404 τὸ
2818 1350 3099 1404 Ναθιναῖοι
3128 1350 3206 1413 δὲ,
3240 1349 3370 1419 παρ’
3394 1349 3672 1416 Ἑϐραίοις
3700 1350 3829 1404 Θεοῦ

2265 1444 2439 1508 δόσις
2464 1444 2847 1513 ἑρμηνεύεται.
2871 1442 3039 1510 Λέγει
3060 1441 3116 1494 δὲ
3145 1443 3239 1494 καὶ
3271 1442 3396 1504 τοὺς
3427 1442 3719 1510 οἰκήτορας
3746 1440 3830 1493 ἰεο

2269 1532 2553 1604 ρουσαλὴμ
2607 1532 2669 1597 ἐξ
2722 1532 2917 1593 Ἰούδα.
2982 1531 3078 1585 καὶ
3116 1532 3398 1599 Βενιαμὶν,
3450 1529 3549 1583 καὶ
3585 1529 3829 1598 Ἐφραῖμ,

2264 1624 2557 1695 Μανασσῆ,
2586 1623 2680 1677 καὶ
2736 1624 2885 1677 Λευῖ.
2956 1623 3238 1694 Κορηνοὺς
3280 1622 3368 1686 δὲ,
3411 1621 3506 1675 τοῦ
3543 1621 3690 1691 Κορὲ
3725 1623 3834 1686 τοὺς

2264 1716 2569 1784 ἀπογόνους
2618 1713 2794 1768 καλεῖ.
2825 1713 2918 1778 Ἐξ
2968 1707 3045 1767 ὧν
3107 1730 3241 1782 φησι
3282 1713 3573 1783 πυλωροὺς
3612 1712 3717 1764 ὑπὸ
3744 1715 3832 1764 Δα-

2265 1808 2353 1861 ϐῖδ
2378 1807 2683 1877 γεγονέναι,
2723 1807 2817 1859 καὶ
2854 1806 2949 1858 τοῦ
2983 1807 3261 1877 Σαμουὴλ.
3308 1805 3401 1859 Ἐν
3453 1806 3565 1867 τοῖς
3614 1802 3654 1855 δ’
3685 1805 3835 1874 ἐμνή-

583 1906 711 1943 num
744 1894 1062 1960 exponitur.
1110 1894 1251 1949 Dicit
1301 1906 1484 1952 autem
1518 1900 1728 1955 incolas
1765 1902 1929 1955 etiam
1986 1902 2157 1960 fuisse

2265 1900 2365 1969 σθη
2390 1871 2496 1969 *της
2527 1898 2751 1969 σκηνῆς.
2787 1898 2956 1951 Οὔπω
2982 1871 3092 1970 γὰρ
3124 1871 3205 1970 ἦν’
3222 1896 3601 1967 οἰκοδομηθεὶς
3627 1899 3656 1951 6

581 1977 856 2036 IIierosol.
891 1999 957 2038 ex
990 1982 1152 2050 Juda,
1200 1986 1509 2057 Beniamin,
1565 1991 1846 2060 Ephraim,
1886 1993 2159 2062 Manasse,

581 2081 637 2126 et
683 2072 836 2129 Levi.
863 2074 1106 2131 Coronos
1147 2094 1297 2142 vero,
1333 2081 1473 2136 Core
1510 2083 1654 2139 filios
1704 2093 1759 2139 et
1810 2096 2034 2156 nepotes
2067 2104 2161 2158 ap-

580 2167 785 2235 pellat;
819 2183 883 2222 ex
917 2170 1120 2239 quibus
1162 2187 1192 2225 a
1227 2172 1452 2240 Davide,
1484 2183 1539 2230 et
1567 2175 1844 2242 Samuele,
1887 2180 2161 2249 janitores

579 2258 717 2313 dicit
751 2276 871 2315 esse
904 2263 1263 2321 constitutos.
1301 2266 1360 2320 In
1394 2278 1593 2336 quarto
1636 2270 1981 2326 tabernaculi
2016 2288 2162 2328 men-

579 2347 660 2401 tio
690 2347 834 2403 facta
867 2360 972 2412 est,
1008 2368 1074 2407 eo
1106 2355 1251 2423 quod
1284 2358 1547 2426 templum
1580 2359 1828 2413 nondum
1855 2368 2003 2418 esset
2027 2377 2161 2417 con-

579 2446 873 2492 structum.
909 2438 1163 2496 Ostendit
1194 2445 1359 2499 etiam
1395 2463 1489 2515 per
1522 2448 1902 2506 hebdomadas
1940 2451 2156 2507 dierum

576 2527 730 2583 vices
764 2528 936 2587 factas
976 2548 1120 2589 esse.
1155 2533 1300 2590 Vasa
1327 2550 1510 2592 autem
1546 2540 1845 2596 ministerii
1874 2544 1997 2599 aliis
2022 2558 2158 2598 con-

577 2621 788 2674 credita
833 2632 1013 2687 erant.
1061 2626 1193 2680 item
1237 2630 1423 2683 omnia
1460 2630 1763 2686 inanimata
1814 2649 2160 2705 quaecunque

578 2711 953 2769 alferebautur
994 2717 1059 2771 ad
1127 2719 1318 2773 altare.
1363 2719 1656 2790 Sepultura
1701 2739 1919 2794 quoque
1972 2724 2158 2784 Saulis

579 2801 797 2869 planius
856 2804 944 2858 bic
996 2806 1273 2878 descripta
1338 2819 1443 2875 est,
1511 2821 1570 2866 ut
1644 2815 1862 2882 positus
1920 2816 1994 2871 sit
2052 2819 2158 2873 sub

577 2908 785 2960 quercu
823 2891 1009 2951 Jabes.
1058 2896 1192 2952 Nam
1235 2900 1337 2955 sub
1372 2916 1504 2956 arvo
1538 2903 1596 2958 in
1639 2902 1826 2971 Jabes,
1880 2906 2076 2978 legitur
2103 2908 2156 2963 in

579 2986 737 3051 libris
789 2986 1023 3059 Regum.
1083 2991 1218 3046 Item
1284 2994 1352 3049 de
1412 2997 1784 3068 ventriloqua.
1856 2998 2161 3069 Respondit

578 3079 727 3131 enim
780 3080 853 3147 ei,
915 3082 1113 3153 inquit,
1170 3084 1391 3142 Samuel
1451 3089 1742 3160 propheta.
1800 3089 2156 3148 Manifestum

2262 1993 2427 2062 Δηλοῖ
2455 1993 2511 2046 δὲ
2542 1992 2762 2055 καὶτὰς
2803 1991 3133 2063 ἐφημερίας,
3174 1990 3242 2044 δι’
3282 1990 3581 2060 ἑϐδομάδος
3624 1989 3832 2062 ἡμερῶν

2262 2084 2581 2155 γενομένας.
2644 2082 2726 2137 Τὰ
2790 2083 2847 2136 δὲ
2904 2083 3076 2153 σκεύη
3138 2084 3239 2152 τῆς
3277 2082 3627 2153 λειτουργίας
3659 2082 3829 2143 ἄλλοι,

2263 2175 2450 2248 φησὶν,
2473 2177 2850 2229 ἐπιστεύοντο·
2887 2174 2981 2227 καὶ
3008 2174 3108 2227 ὅσα
3134 2174 3246 2226 τῶν
3290 2172 3514 2243 ἀψύχων
3556 2172 3637 2242 τῷ
3680 2172 3831 2243 βωμῷ

2264 2269 2670 2341 προσεφέρετο·
2709 2267 2807 2321 καὶ
2857 2265 2932 2329 ὡς
2977 2269 3145 2337 ἱερεῖς
3194 2266 3602 2330 κατεσκεύαζον
3654 2263 3830 2318 1600-

2266 2365 2468 2433 μίαμα.
2501 2362 2616 2416 Καὶ
2677 2362 2746 2416 τὰ
2777 2361 2909 2433 περὶ
2942 2360 3036 2413 τοῦ
3066 2362 3240 2430 τάφου
3288 2360 3462 2414 Σαοὺλ
3508 2359 3830 2428 σαφέστερον

2262 2453 2494 2508 ἐνταῦθα
2555 2454 2994 2524 συγγέγραπται.
3038 2451 3127 2512 Ὠς
3188 2450 3349 2520 ὲτέοη
3404 2449 3509 2502 ὑπὸ
3569 2448 3669 2519 τὴν
3716 2446 3831 2517 δρῦν

2262 2546 2477 2609 ’Ῐαϐείς.
2507 2546 2645 2599 Ὑπὸ
2668 2544 2765 2616 τὴν
2799 2545 3038 2616 ἄρουραν
3064 2546 3175 2615 γὰρ
3199 2542 3420 2605 Ἰαϐεὶς,
3445 2542 3505 2593 ὲν
3528 2538 3828 2598 Βασιλείαις

2262 2638 2447 2707 φησίν.
2473 2638 2581 2690 Καὶ
2613 2636 2680 2689 τὰ
2710 2637 2811 2707 τῆς
2838 2634 3306 2705 ὲγγαστριμύθου.
3335 2633 3705 2704 Ἀπεκρίνατο
3731 2630 3828 2700 γὰρ

2261 2727 2432 2797 αὐτῷ,
2464 2727 2620 2799 φησί,
2656 2725 2909 2797 Σαμουὴλ
2936 2728 2964 2779 6
3014 2728 3325 2796 προφήτης.
3381 2723 3491 2777 Τοῦ
3522 2721 3664 2776 Θεοῦ
3695 2721 3827 2789 γενέ-

2264 2820 2389 2873 σθαι
2416 2819 2576 2891 δῆλον
2599 2820 2681 2873 ὅτι
2734 2819 3082 2889 ποιήσαντος,
3112 2817 3141 2870 ὃ
3169 2818 3313 2871 κατὰ
3348 2815 3610 2885 γοητείαν
3635 2816 3826 2876 ἐκεῖνος

2261 2914 2541 2984 ἐζήτησεν.
2567 2912 2679 2983 Τὴν
2704 2907 2798 2965 οῦν
2826 2911 3082 2981 τοιαύτην
3116 2910 3261 2980 ὄψιν,
3294 2909 3551 2979 Σαμουὴλ
3586 2907 3826 2961 ἐκάλεσεν

2260 3007 2293 3075 ἡ
2318 3004 2509 3075 Γραφή
2537 3020 2550 3032 ·
2583 3003 2715 3076 παρ’
2738 2998 2798 3057 οῦ
2824 3005 2919 3057 καὶ
2953 3003 3144 3073 μαθεῖν
3174 3002 3442 3072 ἐζήτησεν
3474 3002 3503 3053 6
3535 2999 3730 3062 Σαοὺλ,
3758 2997 3823 3049 ei"

2260 3111 2319 3146 τε
2344 3094 2488 3156 τινὸς
2518 3092 2757 3161 ἀγγέλου
2786 3092 3093 3153 δεικνύντος
3114 3091 3176 3144 τὸ
3201 3090 3405 3161 σχῆμα,
3449 3089 3563 3142 εἴτε
3611 3088 3711 3156 τῆς
3740 3084 3824 3138 τοῦ

578 3179 664 3223 est
692 3168 806 3225 Deo
843 3171 918 3225 ita
946 3188 1281 3243 procurante
1325 3177 1378 3231 id
1414 3178 1618 3235 factum
1663 3197 1812 3249 esse,
1844 3184 1991 3250 quod
2025 3182 2157 3240 Saul

2262 3187 2545 3257 προφήτου
2610 3183 2825 3255 ψυχῆςο
2877 3184 2971 3237 τοῦ
3019 3181 3156 3237 Θεοῦ
3202 3184 3267 3252 τῇ
3315 3177 3745 3278 ἐγγαστριμύθω
3769 3175 3825 3227 τὸ

578 3276 680 3330 per
737 3263 1013 3335 przestigia
1071 3268 1348 3336 qu:esivit.
1399 3271 1588 3326 Talem
1640 3272 1810 3342 igitur
1858 3274 2157 3339 visionem,

582 3352 892 3410 Samuelem
951 3360 1245 3428 appellavit
1294 3361 1616 3431 Scriptura;
1674 3380 1739 3419 ex
1795 3381 1906 3435 quo
1956 3382 2161 3437 cogno-

579 3462 735 3503 scere
783 3449 965 3505 futura
1017 3453 1226 3522 cupivit
1282 3452 1447 3522 Saul;
1492 3456 1609 3511 sive
1638 3458 1866 3527 quidam
1928 3461 2159 3530 angelus

2269 3278 2461 3350 μέλλον
2503 3276 2849 3349 δηλώσαντος
2874 3316 2890 3343 ,
2931 3276 3010 3339 ὡς
3054 3275 3135 3346 τῷ
3184 3272 3383 3346 Φαραὼ
3436 3272 3535 3342 τὴν
3562 3268 3823 3339 εὐθηνίαν,

2266 3371 2360 3425 καὶ
2390 3370 2480 3423 τὸν
2511 3369 2672 3440 λιμόν
2695 3387 2708 3401 ο
2732 3370 2829 3422 καὶ
2853 3367 2931 3439 τῷ
2962 3366 3452 3438 Ναϐουχοδονόσορ,
3484 3364 3586 3425 τὰς
3618 3361 3823 3431 γενικὰς

2269 3460 2543 3531 βασιλείας
2566 3459 2669 3530 τῆς
2699 3458 2825 3528 γῆς.

581 3541 813 3597 formam
857 3544 1003 3598 illam
1044 3547 1371 3613 ostenderit,
1431 3549 1549 3603 sive
1576 3549 1724 3606 Deus
1759 3566 1857 3621 per
1909 3553 2148 3607 animam
2189 3552 2474 3623 prophetae
2501 3552 2863 3620 ventriloqua:
2894 3564 2982 3605 res
3021 3547 3238 3603 futuras
3308 3545 3614 3618 aperuerit,
3656 3562 3827 3617 quem-

579 3635 875 3693 admodum
942 3638 1214 3696 Pbaraoni
1306 3641 1649 3700 fertilitatem
1726 3655 1781 3701 et
1858 3646 2094 3713 famem;

577 3729 791 3786 mundi.

1213 3829 1366 3885 CAP.
1420 3830 1511 3887 XI.

654 3913 821 3971 VERS.
858 3915 910 3971 9.
948 3917 1207 3975 Dominus
1234 3925 1564 3995 omnipotens
1609 3936 1729 3982 erat
1760 3945 1881 3983 cum
1910 3945 1993 3984 eo.
2019 3928 2159 3984 San-

583 4018 735 4061 ctum
772 4008 1039 4078 Spiritum
1066 4014 1362 4083 appellavit
1394 4017 1562 4073 Deum
1594 4021 2049 4091 omnipotentem.

652 4099 820 4156 Vens.
853 4101 944 4155 25.
986 4103 1228 4175 Quinque
1265 4108 1582 4163 cubitorum.
1634 4111 1867 4177 Quidam
1909 4111 2161 4169 homines

581 4192 786 4262 ingenti
806 4204 954 4249 certe
992 4198 1244 4266 corporis
1284 4202 1661 4270 magnitudine
1692 4203 1936 4258 fuerunt.

1213 4311 1369 4366 CAP.
1415 4312 1527 4367 XII.

650 4422 799 4476 Λάαν
829 4421 1296 4481 Amelechitarum.
1334 4424 1434 4482 Ubi
1472 4427 1523 4480 iu
1561 4427 1717 4483 libris
1742 4430 1947 4499 Regum
1973 4432 2159 4500 posuit

580 4513 926 4587 σύστρεμμα,
966 4531 1114 4570 nunc
1148 4517 1302 4588 ponit
1345 4517 1619 4589 σύστημα,
1676 4520 1836 4586 idest,
1876 4530 2080 4577 turma.

647 4606 819 4662 Vens.
848 4609 938 4662 32.
994 4610 1099 4675 Qui
1140 4621 1464 4680 cognoscunt
1518 4613 1884 4678 prudentiam.
1923 4614 2159 4687 Propter

575 4701 902 4769 sapientiam
937 4701 1063 4756 illos
1090 4700 1397 4758 admiratus
1429 4711 1537 4770 est,
1565 4713 1618 4758 et
1651 4721 1716 4759 eo
1754 4708 1903 4775 quod
1946 4706 2152 4772 futura,

578 4806 685 4844 non
709 4791 929 4859 quidem
988 4807 1089 4862 per
1143 4794 1515 4862 prophetiam,
1566 4795 1661 4849 sed
1694 4798 2066 4867 prudentiam,
2102 4809 2157 4853 et

579 4898 739 4938 usum
766 4898 950 4938 rerum
984 4884 1377 4955 intelligerent.
1850 4880 1853 4885 ’

1210 5001 1364 5056 CAP.
1400 5003 1539 5059 XIII.

648 5111 791 5166 Vsus
830 5112 918 5166 I0.
948 5110 1013 5164 Et
1050 5110 1304 5167 Dominus
1342 5116 1424 5168 ira
1477 5128 1768 5172 commotus
1819 5129 1919 5173 est.
1956 5119 2157 5175 Levitze

575 5208 719 5262 enim
779 5222 887 5259 non
954 5206 1151 5260 licebat
1207 5224 1390 5262 arcam
1442 5210 1841 5280 attingere;id
1905 5224 2153 5266 metuens

576 5297 770 5362 David,
808 5315 914 5352 non
936 5299 990 5352 iu
1026 5300 1231 5369 regiam
1263 5301 1509 5365 domum,
1549 5304 1645 5357 sed
1677 5304 1730 5357 in
1758 5307 1979 5357 domum
2007 5303 2153 5359 Obe-

575 5392 796 5454 dedom,
856 5391 1183 5447 introduxit.
1242 5391 1508 5448 Douninus
1578 5410 1706 5448 vero
1761 5396 2062 5451 ostendens
2094 5411 2155 5451 se

576 5484 794 5539 nescire
825 5483 1128 5539 discrimen
1171 5485 1315 5538 inter
1346 5486 1710 5555 alienigenam
1738 5495 1792 5541 et
1817 5488 2150 5552 Israelitam,

575 5577 670 5630 sed
704 5578 872 5630 solam
923 5577 1092 5630 animi
1150 5577 1405 5645 pietatem
1471 5593 1741 5646 querere,
1795 5580 1965 5634 variis
2025 5596 2149 5634 eum

579 5668 820 5737 praemiis
844 5669 1043 5722 affecit.
1106 5667 1266 5733 Quod
1325 5684 1447 5721 cum
1481 5669 1708 5723 vidisset
1748 5670 1936 5737 David,
1968 5686 2148 5726 arcam

578 5763 631 5815 in
661 5760 890 5831 regiam,
921 5776 1028 5814 non
1064 5761 1327 5831 plaustro,
1361 5761 1457 5816 sed
1499 5761 1654 5831 juxta
1708 5763 1841 5834 legis
1901 5767 2148 5834 pra‘scri-

581 5864 754 5913 Hum,
792 5850 1142 5906 sacerdotum
1177 5864 1342 5920 Opera
1377 5852 1680 5907 transtulit.

2178 3656 2233 3704 et
2314 3646 2857 3704 Nabuchodonosori
2901 3688 2918 3712 ,

2990 3644 3404 3701 successionem
3483 3643 3825 3714 imperiorum

2842 3849 3096 3904 ΚΕΦΔΛ.
3128 3850 3237 3903 1Α’.

2323 3946 2433 4003 Καὶ
2458 3946 2674 4015 Κύριος
2701 3940 3123 4010 παντοκράτωρ
3142 3940 3269 4009 μετ’
3295 3938 3504 3993 αὑτοῦ.
3531 3935 3663 3991 Θεὸν
3688 3951 3815 3989 παν-

2251 4038 2559 4109 τοκράτορα
2585 4036 2647 4089 τὸ
2677 4034 2943 4103 πανάγιον
2973 4033 3201 4086 ἐκάλεσε
3234 4030 3482 4100 Πνεῦμα.

2326 4126 2718 4197 Πενταπήχη.
2756 4123 3195 4195 ’Υπερμεγὲθεις
3229 4124 3338 4195 ἄρα
3359 4121 3510 4185 τινὲς
3550 4119 3821 4191 γεγόνασιν

2252 4218 2349 4273 ἄνθ
2358 4234 2552 4289 ρωποι.

2852 4328 3102 4382 ΚΕΦΑΛ.
3136 4325 3238 4380 ΙΒ’.

2331 4444 2413 4499 Τὰ
2452 4441 2663 4512 Ἀδοὺρ
2726 4439 2845 4494 τῶν
2918 4437 3346 4509 Ἀμαληκιτῶν.
3403 4437 3477 4491 Τὸ
3528 4437 3817 4505 σύστημα,

2260 4537 2397 4607 ὅπερ
2428 4537 2485 4589 ἐν
2518 4533 2827 4597 Βασιλείαις
2851 4533 3070 4603 εἴρηται
3104 4533 3483 4600 σύστρεμμα.

2332 4626 2747 4691 Γινώσκοντες
2783 4625 3043 4679 σύνεσιν
3072 4624 3159 4689 είς
3208 4622 3353 4689 τοὺς
3425 4618 3667 4689 καιροὺς
3717 4618 3815 4671 αὑ-

2259 4720 2395 4775 τῶν.
2432 4720 2560 4774 Ἐπὶ
2593 4717 2757 4789 σοφίᾳ
2779 4717 3003 4779 τούτους
3034 4714 3341 4785 ἐθαύμασε,
3413 4714 3510 4766 καὶ
3559 4710 3637 4782 τῷ
3690 4727 3810 4779 προ-

2259 4813 2503 4876 ϐλέπειν,
2534 4812 2593 4864 ού
2624 4809 2999 4882 προφητικῶς,
3036 4806 3173 4861 ἀλλά
3209 4805 3447 4869 συνετῶς

2840 5008 3095 5061 ΚΕΦΑΛ.
3140 5005 3237 5059 ΙΓ’.

2328 5125 2435 5181 Καὶ
2466 5126 2734 5194 ἐθυμώθη
2773 5124 2920 5193 ὀργῇ
2942 5125 3160 5192 Κύριος
3176 5122 3277 5177 ἐπὶ
3307 5121 3463 5182 Ὀζὰ.
3492 5121 3691 5192 Aeeten
3706 5116 3801 5186 γὰρ

2255 5219 2354 5271 οὐκ
2388 5216 2517 5289 ἐξῆν
2546 5217 2793 5287 ἅψασθαι
2820 5218 2919 5287 τῆς
2945 5215 3202 5270 κιϐωτοῦ.
3245 5216 3311 5268 Ὃ
3341 5214 3531 5277 δείσας
3560 5215 3588 5266 ὁ
3637 5208 3798 5270 Δαϐὶδ,

2255 5315 2335 5377 είς
2367 5312 2457 5365 τὸν
2493 5311 2764 5381 βασίλειον
2802 5309 2973 5377 αὐτὴν
3001 5309 3100 5361 οὐκ
3136 5307 3437 5377 εἰσήγαγεν
3471 5300 3638 5369 οἷκον,
3699 5300 3799 5355 ἀλλ⁹

2255 5408 2334 5469 είς
2368 5405 2461 5458 τὸν
2484 5403 2578 5457 τοῦ
2614 5401 2922 5456 Ἀϐεδδαδά,
2955 5401 3088 5463 Θεὸς
3109 5400 3189 5464 δὲ,
3218 5399 3460 5465 δεικνὺς,
3491 5399 3568 5461 ὡς
3595 5399 3686 5451 οὐκ
3704 5388 3797 5447 οἶδε

2252 5496 2513 5566 διαφορὰν
2556 5493 2904 5564 Ἰσραηλιτῶν
2924 5493 3018 5547 καὶ
3036 5492 3545 5562 ἀλλοφύλουηζητεῖ
3573 5492 3625 5545 δὲ
3652 5489 3796 5561 μόνην

2254 5587 2554 5651 εὐσέϐειαν,
2590 5587 2889 5639 ἐπέκλυσεν
2947 5585 3110 5638 αὐτὸν
3148 5584 3520 5647 παντοδαπαῖς
3573 5581 3791 5653 δωρεαῖς.

2257 5680 2323 5728 '0
2352 5675 2687 5744 θεασάμενος
2721 5677 2749 5728 6
2774 5674 2958 5738 Δαϐὶδ,
2990 5676 3071 5738 εἰς
3096 5674 3165 5729 τὰ
3200 5674 3453 5745 βασίλεια
3483 5673 3677 5743 ταύτην
3698 5671 3793 5723 eia-

2252 5767 2481 5833 ήγαγεν,
2537 5764 2598 5818 οὐ
2642 5764 2709 5818 δι’
2742 5764 2957 5836 ἁμάξης
2981 5806 2993 5829 ,
3022 5763 3179 5832 ἀλλὰ,
3210 5765 3355 5820 κατὰ
3383 5764 3476 5820 τὸν
3513 5764 3686 5835 νόμον,
3720 5756 3791 5813 διὰ

2253 5854 2360 5910 τῶν
2391 5853 2601 5924 ἱερέων.
