3902 6530
102 343 250 408 1205

709 458 960 513 ΚΕΦΛΛ.
989 460 1090 514 ιε’.

182 550 297 606 Καὶ
323 551 424 604 ἐπὶ
462 551 644 605 Δαϐὶδ
675 549 864 620 ἐφοὺδ
896 551 1110 619 μόνον.
1158 552 1270 615 Καὶ
1339 550 1445 621 μὴν
1492 548 1594 602 οὐκ
1631 542 1699 619 ἦν

96 644 315 714 ἱερεύς.
357 644 415 697 '0
452 643 551 712 μὲν
578 638 672 695 οῦν
720 642 953 705 Ἀκύλας
976 644 1346 712 ἡρμήνευσεν,
1369 643 1697 713 ἐπένδυμα.

102 731 412 800 Σύμμαχος
438 729 517 794 δὲ,
549 729 834 799 ἐπωμίδα.
880 730 1043 784 Ἀλλὰ
1065 731 1241 785 ταῦτα
1296 733 1394 787 καὶ
1451 732 1702 803 ἱερατικά

96 816 203 892 ἦν,
230 822 329 874 καὶ
368 822 541 875 κοινά.
583 821 850 890 Θεοσεϐὴς
877 816 970 875 οῦν
997 820 1075 875 ὢν
1147 825 1176 877 6
1234 823 1417 888 Δαϐὶδ,
1480 823 1703 894 ἐχόρευε

100 914 219 983 πρὸ
259 915 363 982 τῆς
387 913 651 967 κιϐωτοῦ.
669 914 742 967 Τὸ
769 914 827 967 δὲ
858 914 1141 985 βασιλικὸν
1173 916 1511 987 ἀποθέμενος
1571 916 1703 987 σχῆ⁶

109 1022 213 1073 μα,
244 1004 428 1075 ’μόνην
454 1005 510 1059 δὲ
541 1004 723 1076 φορῶν
761 1005 1010 1077 ἐπωμίδα
1038 1006 1250 1077 κοινὴν,
1280 1007 1349 1078 ἢν
1379 1007 1477 1061 νῦν
1510 1005 1704 1060 καλοῦ-

108 1110 199 1146 σιν
245 1095 596 1165 Ἀρκαδικὴν.
624 1094 750 1159 Πῶς
784 1094 895 1167 γὰρ
949 1096 1038 1161 ἂν,
1106 1096 1362 1167 θεοσεϐὴς
1414 1098 1699 1168 ὑπάρχων,

104 1186 337 1256 παρέϐη
373 1186 467 1239 τὸν
492 1186 656 1256 νόμον
683 1202 699 1253 ;

720 1279 973 1333 arma.
1008 1277 1126 1348 tq'.

179 1369 430 1438 Χελχάλ
470 1369 677 1439 ἄρτου.
746 1371 833 1425 Ἐν
870 1374 994 1437 ταῖς
1049 1371 1362 1438 Βασιλείαις
1411 1374 1703 1447 κολλυρίδα

108 1462 276 1532 φησί.

185 1556 330 1609 Τότε
354 1556 529 1620 ἔταξε
549 1556 728 1611 Δαϐὶδ
753 1557 825 1612 ἐν
847 1558 1007 1628 ἀρχῇ
1038 1559 1143 1613 τοῦ
1181 1559 1380 1613 αίνεῖν
1420 1560 1530 1614 τὸν
1579 1561 1696 1614 Κύ-

96 1646 344 1712 ριοι-ἐν
393 1647 541 1714 χειρί
586 1646 782 1717 Ἀζὰφ.
841 1651 941 1704 καὶ
1005 1649 1125 1703 τῶν
1160 1650 1443 1720 ἀδελφῶν
1489 1652 1699 1706 αὑτοῦ.

105 1738 403 1799 Τουτέστι,
422 1738 628 1792 τούτων
656 1740 998 1810 ἡγουμένων.
1034 1743 1339 1796 Αίνίττεται
1366 1742 1448 1807 δὲ,
1466 1742 1542 1805 ὡς
1574 1742 1702 1796 πάνυ

1072 349 1609 412 COMMENTARII
1648 347 1732 408 IN
1797 349 1944 410 LIB.
2018 350 2046 408 Ι
2100 352 2447 413 PARALIP.

1729 459 1777 515 Δ

3246 350 3379 417 1206

2438 461 2591 518 CAP.
2626 461 2743 517 XV.

1872 548 2042 606 Vens.
2096 552 2147 606 l.
2203 552 2378 607 David
2422 554 2535 608 solo
2579 554 2749 622 ephod
2802 553 3019 609 indutus
3045 563 3181 609 erat.
3218 554 3383 625 Atqui

1803 641 2068 697 sacerdos
2106 655 2371 699 nouerat.
2406 646 2607 716 Aquila
2664 645 2942 716 ὲπένδυμα
2989 646 3385 717 interpretatus

1802 741 1915 801 est;
1956 733 2328 807 Symmachus
2360 753 2494 793 vero
2552 739 2829 809 ἐπωμίδα.
2861 738 3135 794 Caeterum
3170 738 3306 805 haec,
3331 748 3386 794 et

1802 822 2189 889 sacerdotalia,
2251 835 2307 881 et
2358 829 2677 882 communia
2738 838 2918 884 erant.
2958 826 3129 882 David
3176 827 3384 898 itaque,

1803 920 1864 969 ut
1891 915 1986 984 qui
2019 914 2314 985 religiosus
2361 925 2502 982 erat,
2546 918 2769 973 saltavit
2821 925 2950 973 ante
2988 931 3195 982 arcam,
3235 917 3387 987 regio

1803 1002 1995 1060 habitu
2064 1004 2357 1076 deposito,
2419 1007 2597 1062 solam
2660 1007 2970 1078 epomidem
3034 1022 3385 1062 communem

1803 1102 2050 1164 gestans,
2107 1110 2274 1165 quam
2331 1112 2479 1152 nunc
2546 1098 2879 1153 Arcadicam
2937 1097 3239 1167 appellant.
3271 1097 3384 1151 Cur

1803 1184 1974 1249 enim,
2002 1184 2127 1255 pius
2148 1200 2272 1241 cum
2300 1185 2678 1258 fuerit,legem
2712 1194 3101 1258 transgressus
3128 1186 3315 1242 esset?

2436 1278 2589 1334 CAP.
2626 1278 2769 1335 XVI.

1875 1367 2041 1441 5&8
2083 1369 2245 1427 Vens.
2275 1374 2328 1428 '5.
2360 1371 2632 1437 Chelchal,
2688 1382 2886 1429 tortam
2932 1371 3193 1443 panian
3241 1372 3386 1428 libro

1808 1461 2014 1530 Regum
2044 1462 2337 1533 κολλυρίδα
2372 1463 2527 1518 dicit.

1876 1551 2045 1607 Vens.
2077 1554 2130 1608 7.
2191 1554 2339 1609 Tunc
2386 1556 2623 1610 instituit
2673 1556 2845 1612 David
2890 1558 2946 1612 in
2985 1558 3388 1628 principiotau-

1805 1646 1975 1701 dandi
2030 1647 2321 1702 Dominum
2368 1650 2421 1702 in
2444 1666 2605 1703 manu
2663 1651 2866 1719 Asaph,
2898 1661 2947 1705 et
2980 1652 3210 1721 fratrum
3247 1651 3385 1721 ejus.

1810 1738 1923 1794 lloc
1943 1747 2052 1807 est,
2085 1740 2193 1796 illis
2232 1742 2834 1811 prmeuntihuannuit
2858 1754 3063 1809 autem,
3101 1752 3161 1797 ut
3196 1759 3389 1798 omnes

104 1847 202 1893 τες
233 1830 330 1883 τοῦ
356 1830 522 1885 Δαϐὶδ
552 1832 603 1884 οί
632 1807 1001 1900 Ψαλμοί.Καὶ
1032 1835 1245 1898 τούτοις
1271 1835 1466 1899 αὐτοὺς
1494 1835 1696 1905 ἐνεχεί-

1819 1830 2056 1887 Psalmos
2104 1829 2329 1887 Davidis
2353 1835 2603 1903 aggressi
2653 1834 2797 1901 sint;
2863 1834 2916 1888 id
2950 1834 3095 1888 enim
3120 1834 3386 1896 declarat,

108 1941 267 1995 ρισεν
291 1966 307 1989 ,
341 1923 416 1985 ὡς
446 1925 596 1994 δηλοῖ
621 1925 702 1989 τὸ,
733 1926 804 1978 ἐν
834 1928 1017 1996 χειρί·
1054 1926 1152 1998 τὴν
1184 1926 1503 1997 ψαλμῳδίαν
1530 1928 1585 1980 δὲ
1612 1928 1699 1982 διὰ

109 2017 320 2080 παντὸς
349 2018 658 2079 ἐπετέλουν,
692 2020 757 2087 τῇ
784 2017 999 2089 διαδοχῇ
1047 2021 1175 2083 τοὺς
1237 2020 1434 2084 πόνους
1486 2022 1703 2073 ἐπικου-

108 2111 389 2177 φίζοντες.
433 2111 524 2162 Ἐν
557 2110 783 2164 Γαϐαὼν
811 2111 869 2165 δὲ
892 2107 1016 2183 ἦνή
1074 2113 1269 2183 σκηνή.
1323 2112 1416 2165 Διὸ
1465 2113 1701 2167 Σαδδοὺκ

108 2204 233 2254 ἐκεῖ
254 2204 357 2265 τὰς
387 2201 578 2265 θυσίας
608 2204 969 2274 προσέφερεν.
1021 2204 1144 2267 Πῶς
1173 2205 1267 2258 οῦν
1316 2205 1702 2276 θυσιαστήριον

104 2296 137 2345 6
168 2294 342 2346 Δαϐὶδ
378 2296 436 2347 ὲν
463 2297 529 2364 τῇ
562 2295 675 2365 άλῳ
706 2296 973 2367 πεποίηκε
997 2295 1092 2349 τοῦ
1130 2297 1313 2365 ὐρνᾶ,
1337 2298 1435 2367 τῆς
1464 2297 1700 2351 κιϐωτοῦ

112 2386 193 2457 μὴ
219 2387 391 2454 οὔσης
418 2388 562 2451 ἐκεῖς
632 2388 795 2441 Ἀλλὰ
826 2388 915 2442 διὰ
962 2390 1060 2460 τὴν
1098 2389 1194 2443 τοῦ
1250 2390 1381 2446 λαοῦ
1429 2390 1702 2461 τιμωρίαν

107 2478 349 2549 ἐπείχθη
383 2479 474 2532 τὸν
495 2480 627 2533 Θεὸν
658 2479 1021 2536 ίλεώσασθαι.
1043 2484 1120 2535 Δι’
1147 2482 1175 2536 ὅ
1204 2500 1372 2553 φησιν
1396 2485 1428 2554 ἡ
1465 2484 1699 2555 ἱστορία,

107 2572 227 2626 Καὶ
238 2573 340 2625 οὐκ
365 2573 607 2644 ἠδυνήθη
626 2575 791 2628 Δαϐὶδ
812 2577 1142 2647 πορευθῆναι
1166 2576 1477 2648 ἔμπροσθεν
1508 2576 1698 2644 αὑτοῦ,

108 2661 211 2715 τοῦ
252 2664 552 2734 ἐπιζητῆσαι
568 2664 658 2718 τὸν
682 2665 909 2736 Κύριον,
930 2668 1012 2720 ὅτι
1029 2668 1401 2721 κατέσπευσεν
1419 2667 1525 2721 ἀπὸ
1541 2684 1703 2739 προσ·
1737 2711 1745 2724 .

108 2755 267 2807 ώπου
294 2755 391 2824 τῆς
410 2758 685 2827 ῥομφαίας
705 2758 943 2827 ἀγγέλου
963 2760 1193 2829 Κυρίου.
1218 2759 1310 2812 Διδ
1326 2759 1521 2813 καὶτὸν
1543 2760 1703 2813 τόπον

108 2845 216 2915 τῆς
235 2847 425 2909 Θυσίας
439 2850 518 2912 είς
537 2849 672 2903 νεὼν
693 2850 1018 2922 άφιέρωσεν.
1034 2851 1107 2903 Τδ
1118 2851 1172 2903 δὲ
1187 2850 1387 2922 ταύτης
1404 2849 1719 2921 εὐπρόσδεο,

111 2954 245 2990 κτον
262 2937 429 3002 ἔδειξε
450 2939 510 2991 τὺ
527 2939 583 3007 ἐξ
600 2940 829 3010 ούρανοῦ
847 2940 979 3013 πῦρ,
1002 2941 1030 2995 ὃ
1052 2942 1151 3012 τὴν
1170 2941 1362 2994 θυσίαν
1378 2942 1703 2996 κατέκαυσε.

702 3032 955 3086 ΚΕΦΑΛ.
992 3033 1123 3086 KB'.

1803 1923 1948 1994 quod
2010 1924 2165 1988 dicit,
2196 1925 2251 1977 in
2306 1941 2488 1979 manu.
2555 1925 2807 1981 Psalmos
2868 1934 3055 1979 autem
3124 1935 3389 1995 perpetuo
3456 1908 3463 1989 η,

1803 2015 2117 2069 tractabant
2142 2016 2496 2071 successione
2519 2016 2764 2070 laborem
2792 2016 3056 2071 levantes.
3082 2017 3138 2070 ln
3162 2016 3386 2070 Gabaon
3460 1999 3463 2007 ’

1805 2114 1988 2161 autem
2044 2115 2165 2160 erat
2194 2105 2634 2172 tabernaculum,
2680 2107 3227 2177 quaproptchadok
3283 2108 3387 2163 ibi-

1804 2198 1927 2251 dem
1984 2195 2256 2252 sacriﬁcia
2306 2198 2528 2251 obtulit.
2578 2197 2868 2264 Quomodo
2930 2199 3097 2270 igitur
3135 2197 3300 2253 David
3333 2200 3387 2253 in

1804 2308 1932 2349 area
1962 2290 2166 2348 Ornam
2210 2294 2385 2347 altare
2437 2293 2777 2360 construxit,
2822 2309 2947 2349 cum
2983 2295 3246 2349 arcaillic
3279 2309 3387 2350 non

1804 2385 1994 2441 esset?
2022 2385 2414 2439 Verumtamen
2453 2394 2683 2455 prepter
2704 2400 2921 2457 poenam
2953 2385 3140 2457 populi
3179 2387 3243 2439 ad
3271 2385 3388 2453 pla-

1805 2475 2041 2529 candum
2076 2474 2243 2529 Demn
2287 2475 2559 2544 impulsus
2615 2483 2720 2529 est.
2757 2474 2895 2531 llinc
2946 2475 3111 2531 habet
3138 2473 3387 2529 historia:

1804 2568 1869 2623 Et
1893 2584 2001 2624 non
2030 2568 2207 2638 potuit
2250 2568 2419 2624 David
2452 2570 2532 2625 ire
2561 2578 2688 2624 ante
2738 2585 2861 2624 cum
2895 2568 2963 2624 ad
2987 2566 3389 2624 consulendum

1809 2661 2004 2728 Deum,
2038 2662 2166 2731 quia
2197 2660 2479 2716 festinavit
2506 2678 2535 2715 a
2572 2662 2709 2717 facie
2742 2662 2903 2731 gladii
2937 2662 3114 2732 angeli
3148 2659 3384 2715 Domini.

1806 2756 2173 2823 Quamobrem
2221 2757 2385 2809 etiam
2445 2757 2626 2811 locum
2684 2757 2946 2813 sacriﬁcii
3006 2756 3268 2825 templum
3296 2755 3390 2809 de-

1807 2848 2066 2919 signavit.
2103 2846 2260 2913 Quod
2310 2847 2362 2902 ei
2397 2857 2615 2918 gratum
2646 2858 3051 2919 acceptumque
3075 2863 3220 2911 esse,
3248 2847 3389 2916 ignis

1806 2953 1837 2993 e
1861 2938 2002 2993 uelo
2030 2938 2363 2993 sacriﬁcium
2387 2939 2684 2997 absumens
2728 2946 2781 2993 et
2806 2939 3101 3002 devorans,
3124 2938 3384 2994 ostendit.

2410 3028 2565 3084 CAP.
2620 3022 2787 3083 XXII.

189 3120 315 3174 Ὀτι
382 3122 601 3190 αἵματα
662 3123 866 3178 πολλὰ
936 3122 1205 3193 ἐξέχεας.
1280 3124 1706 3195 Ἀποτρεπτικὸν

1882 3121 2047 3177 Vens.
2066 3122 2116 3175 l.
2141 3121 2282 3187 Quia
2312 3122 2537 3175 multum
2567 3121 2841 3191 sanguinis
2864 3121 3122 3189 eﬂ‘udisti.
3144 3120 3395 3176 Deterret

118 3211 459 3281 μιαιφονίας.
491 3213 564 3266 Οὐ
600 3212 709 3285 γὰρ
745 3214 815 3267 ἂν
849 3214 1011 3283 φόνον
1042 3214 1331 3285 ἐμέμψατο
1364 3214 1599 3279 δίκαιον,
1647 3215 1706 3279 ὃς

116 3305 213 3357 ἐπὶ
242 3302 339 3355 τοῦ
384 3303 573 3367 Φινεὲς
606 3304 799 3357 θυσίαν
824 3305 1014 3359 τοῦτον
1039 3307 1319 3360 ἐκάλεσεν.
1354 3306 1491 3377 Περὶ
1520 3298 1581 3360 οῦ
1607 3324 1707 3376 φη-

118 3412 206 3447 σιν
235 3397 265 3448 6
295 3395 461 3448 Δαϐίδ
480 3411 495 3424 ·
526 3396 637 3449 Καὶ
665 3395 795 3468 ἔστη
827 3397 1036 3462 Φινεὲς,
1072 3398 1168 3451 καὶ
1226 3397 1536 3463 ὲξιλάσατο.
1596 3398 1707 3452 Καὶ

119 3488 364 3555 Μωῦσῆς
394 3488 474 3550 δὲ,
510 3489 604 3540 καὶ
633 3490 679 3540 οἱ
714 3486 937 3542 Λευῖται
970 3530 984 3553 ,
1027 3489 1163 3559 μετὰ
1191 3491 1292 3560 τὴν
1350 3489 1707 3561 μοσχοποιίαν

119 3579 459 3650 τρισχιλίους
487 3580 806 3634 ἀπέκτεινον
827 3598 839 3611 ’
878 3582 972 3635 καὶ
1011 3581 1265 3653 Σαμουὴλ
1299 3582 1590 3637 ἀπέκτεινε
1614 3582 1706 3637 τὸν

131 3671 343 3740 ’Λγάγο
379 3672 475 3725 καὶ
515 3672 700 3735 Ἠλίας
744 3673 836 3726 ων¹
876 3676 891 3714 ί
933 3674 1025 3727 τοῦ
1062 3673 1208 3727 Βαὰλ
1238 3675 1364 3738 τοὺς
1402 3676 1706 3746 προφήτας.

124 3764 277 3817 Ἔδει
306 3759 399 3817 οῦν
430 3764 523 3818 τὸν
560 3766 836 3837 εἰρηνικὸν
889 3766 1213 3837 Σολομῶντα
1275 3766 1445 3821 τύπον
1475 3768 1709 3837 φέροντα

121 3854 214 3908 τοῦ
244 3853 507 3925 Χριστοῦ,
542 3854 600 3919 ὃς
630 3855 832 3926 ήμελλε
863 3856 961 3920 τὰς
995 3855 1136 3909 κατὰ
1165 3858 1344 3909 πᾶσαν
1398 3858 1498 3924 τὴν
1530 3857 1712 3909 οἰκου-

125 3946 299 4015 μένην
333 3944 629 4016 ἐκκλησίας
648 3947 976 4018 οἰκοδομεῖν,
1012 3948 1105 4001 καὶ
1134 3948 1224 4002 τὸν
1267 3948 1555 4001 Ἰουδαϊκὸν
1571 3949 1712 4001 οίκο-

122 4039 365 4107 δομῆσαι
397 4039 543 4092 ναόν.
579 4039 735 4093 Κατὰ
764 4038 875 4112 γὰρ
908 4039 1120 4094 Παῦλον
1148 4039 1310 4103 αὐτός
1336 4040 1487 4093 ἔστιν
1540 4041 1575 4111 ἡ
1630 4042 1710 4093 εί-

132 4131 269 4202 ρήνη
304 4131 336 4202 η
347 4130 485 4201 μῶν,
511 4129 540 4182 6
564 4131 796 4203 ποιήσας
822 4134 892 4188 τὰ
925 4133 1210 4204 ἀμφότερα
1238 4133 1316 4188 ἓν.

705 4316 963 4371 ΚΕΦΑΛ.
1021 4316 1148 4371 Kl".

200 4410 312 4464 Kal
339 4408 763 4479 ἠριθμήθησαν
789 4412 844 4464 οἱ
877 4408 1138 4464 Λευῖται.
1173 4409 1335 4480 Δηλοϊ
1361 4409 1568 4465 τούτων
1621 4410 1714 4463 τὸν

1810 3229 1912 3268 nos
1969 3230 2000 3268 a
2046 3213 2213 3268 caede.
2240 3212 2358 3267 Non
2397 3220 2580 3267 autem
2603 3214 2809 3283 justam
2839 3212 3040 3269 caedem
3088 3213 3178 3268 ille
3207 3228 3393 3282 repre-

1812 3307 2022 3374 hendit,
2065 3308 2159 3376 qui
2200 3305 2401 3361 factam
2436 3322 2464 3359 a
2505 3306 2709 3362 Phinec
2746 3306 3079 3362 sacriﬁcium
3130 3307 3392 3377 appellat.

1812 3398 1885 3454 De
1916 3416 2025 3469 quo
2074 3399 2243 3454 David
2298 3400 2375 3453 ita
2422 3399 2698 3470 loquitur:
2732 3400 2799 3454 Et
2843 3399 3032 3455 stabat
3060 3398 3316 3463 Phinees,
3342 3405 3397 3453 et

1811 3490 2046 3561 placavit
2081 3490 2277 3545 Deum.
2332 3489 2552 3563 Moyses
2636 3490 2803 3545 etiam
2859 3499 2915 3546 et
2987 3490 3215 3556 Levitm,
3267 3504 3396 3544 cum

1810 3584 2075 3639 Israelitze
2122 3583 2359 3637 vitulum
2415 3583 2770 3648 erexissent,
2805 3599 2873 3639 ex
2920 3584 3003 3638 eis
3060 3584 3163 3639 tria
3226 3583 3397 3637 millia

1812 3672 2258 3738 interfecerunt,
2291 3673 2514 3729 Samuel
2545 3673 2825 3730 interfecit
2872 3674 3044 3746 Agag,
3079 3675 3227 3729 Elias
3258 3689 3396 3744 qua-

1813 3766 2137 3836 dringentos
2164 3766 2563 3836 quinquaginta
2587 3765 2910 3822 sacerdotes
2933 3766 3081 3820 Baal.
3097 3765 3401 3835 Oportebat

1813 3856 1983 3926 igitur
2014 3855 2367 3910 Solomonem
2400 3854 2691 3925 pacificum
2726 3863 2914 3926 typum
2935 3871 3124 3925 gerere
3154 3855 3354 3911 Christi
3381 3895 3397 3919 ,

1814 3954 1909 4021 qui
1942 3967 2133 4007 omnes
2160 3966 2257 4022 per
2299 3951 2620 4005 universum
2652 3958 2929 4004 terrarum
2970 3949 3161 4005 orbem
3222 3949 3401 4004 eccle-

1816 4043 1951 4105 sias,
1970 4050 2025 4096 et
2073 4043 2337 4112 templum
2362 4040 2651 4097 Iudaicum
2681 4043 3053 4097 aedificaturus
3077 4051 3214 4097 erat.
3241 4040 3398 4105 Nam,

1816 4136 2121 4191 secundum
2153 4135 2410 4202 Paulum,
2440 4136 2559 4206 ipse
2590 4143 2676 4192 est
2708 4150 2811 4205 pax
2847 4142 3141 4201 nostra,ex
3170 4142 3403 4206 utroque

1817 4249 1988 4287 unum
2037 4233 2264 4288 faciens.

2408 4324 2567 4379 CAP.
2615 4324 2806 4379 XXIII.
2846 4352 2849 4353 ν

1893 4415 2061 4473 Vens.
2098 4417 2152 4471 '5.
2186 4414 2255 4469 Et
2278 4417 2546 4470 numerati
2576 4425 2697 4469 sunt
2728 4414 2944 4469 Levitw.
2970 4414 3280 4468 Levitarum
3304 4429 3406 4468 nn-

133 4504 391 4575 dptfluby,
430 4504 524 4557 καὶ
554 4503 674 4567 πῶς
708 4502 910 4567 αὐτοὺς
940 4504 1020 4567 εἰς
1044 4504 1337 4575 διαφόρους
1365 4503 1706 4574 λειτουργίας

1822 4523 2036 4564 merum
2084 4508 2261 4578 ponit,
2327 4517 2495 4577 utque
2536 4507 2688 4560 varia
2754 4521 2983 4560 munera
3037 4504 3296 4559 aD‘avide
3323 4505 3405 4560 eis

130 4596 428 4661 κατέταξεν
456 4597 485 4649 ὁ
516 4595 679 4648 Δαϐίδ
697 4612 713 4626 ⁸
739 4595 839 4649 καὶ⁹
864 4595 940 4659 ὡς
967 4596 1016 4648 oi
1037 4596 1132 4649 τοῦ
1156 4596 1433 4655 Μωῦσέως
1463 4595 1724 4663 ἀπόγονοι

129 4688 342 4752 τούτοις
372 4687 815 4758 ἱγκατελέγησαν
849 4702 863 4717 ⁶
905 4688 999 4741 καλ⁵
1023 4688 1099 4751 ὡς
1132 4686 1392 4752 Σαδδοὺκ,
1443 4688 1472 4739 6
1537 4687 1726 4757 ἀρχιε-

136 4780 285 4851 ρεὺς,
314 4780 409 4833 τοῦ
451 4779 716 4850 Ἐλεάζαρ
750 4778 1021 4849 ἀπόγονος
1050 4774 1120 4851 ἦν
1146 4820 1160 4845 ,
1210 4780 1239 4832 ὁ
1296 4779 1354 4832 δὲ
1404 4778 1716 4848 Ἀϐιμέλεχ,

130 4872 226 4925 τοῦ
253 4872 513 4943 Ἰθάμαρο
542 4873 637 4926 καὶ
658 4872 739 4926 ὅτι
762 4874 872 4937 τοῖς
903 4871 1012 4925 ἀπὸ
1040 4870 1253 4935 τούτου,
1278 4871 1522 4925 πλείοσιν
1538 4871 1711 4936 οὖσιν,

135 4965 229 5019 δύο
280 4965 471 5035 μοίρας
498 4964 557 5018 ὲν
583 4967 704 5029 ταῖς
733 4965 1065 5037 ἐφημερίαις
1127 4965 1392 5035 ἀπένειμε
1424 5003 1439 5029 ,
1492 4966 1604 5027 τοῖς
1654 4964 1710 5017 δὲ

135 5054 232 5109 τοῦ
273 5056 525 5126 Ἰθάμαρ,
564 5054 714 5125 μίαν.
776 5055 898 5109 Τῶν
944 5056 1001 5109 δὲ
1057 5055 1377 5126 ὲφημεριῶν
1441 5055 1707 5126 μέμνηται

141 5149 234 5202 κού⁵
262 5148 477 5210 Λουκᾶς
512 5148 571 5201 ὲν
597 5147 935 5216 Εὐαγγελίῳ,
963 5147 1055 5201 τὸν
1098 5146 1372 5218 Ζαχαρίαν
1431 5146 1608 5214 λέγων
1662 5145 1723 5210 ἐξ

142 5241 446 5313 ἐφημερίας
484 5239 661 5296 Ἀϐιά.
700 5240 903 5294 Τοῦτον
939 5240 997 5294 δὲ
1043 5241 1135 5293 τὸν
1210 5240 1370 5294 Ἀϐιά
1425 5240 1658 5312 ἕϐδομον
1697 5251 1710 5288 l

140 5334 415 5407 εἰληφέναι
442 5333 644 5405 κλῆρον
670 5335 704 5404 ἡ
740 5332 1078 5405 προκειμένη
1113 5332 1290 5403 βίϐλος
1324 5332 1497 5403 δηλοῖ.

708 5426 960 5480 ΚΕΦΑΛ.
1018 5426 1147 5480 KE’.

210 5518 325 5576 Τὸν
367 5519 586 5589 Ἀσάφ,
612 5518 712 5573 καὶ
729 5517 937 5590 Αιμὰν,
953 5517 1055 5573 καὶ
1082 5517 1360 5588 Ἰδιθοὺμ,
1380 5516 1500 5571 τῶν
1521 5520 1716 5585 ψαλτ-

1824 4599 2030 4655 fuerint
2055 4599 2361 4667 assignata;
2392 4597 2674 4667 quomodo
2698 4596 2903 4665 posteri
2950 4594 3157 4667 M'oysis
3192 4596 3256 4649 ad
3291 4596 3405 4651 haec

1825 4692 2025 4746 delecti
2084 4692 2311 4753 fuerint,
2392 4687 2670 4759 quomodo
2716 4689 2854 4743 item
2881 4688 3133 4742 Sadocus
3155 4701 3405 4742 summus

1826 4781 2094 4854 pontifex,
2155 4780 2403 4835 Eleazari
2456 4796 2627 4850 nepos
2692 4780 2878 4849 fuerit,
2928 4780 3245 4836 A’bimclech
3280 4797 3407 4837 vero

1828 4870 2141 4939 lthamari;
2202 4872 2480 4942 quomodo
2520 4873 2632 4929 illis
2663 4914 2678 4939 ,
2727 4872 2821 4944 qui
2889 4888 2956 4930 ex
3018 4874 3119 4929 hoc
3177 4873 3406 4929 descen-

1834 4965 1991 5029 dunt,
2017 4975 2075 5020 ut
2112 4965 2204 5034 qui
2250 4966 2434 5035 plures
2487 4973 2670 5031 erant,
2705 4967 2846 5023 duas
2892 4967 3039 5023 vices
3062 4967 3356 5037 assignarit
3392 4984 3407 5033 ;

1823 5057 2078 5111 lthamari
2142 5066 2323 5112 autem
2365 5057 2608 5126 posteris
2653 5073 2818 5113 unam
2886 5059 3173 5113 duntaxat.
3234 5058 3407 5126 llujus

1824 5148 2039 5205 ordinis
2069 5148 2322 5202 meminit
2348 5151 2514 5202 etiam
2536 5147 2719 5204 Lucas
2764 5151 2820 5204 in
2852 5149 3175 5220 Evangelia,
3199 5148 3409 5205 Zacha-

1829 5243 1965 5296 riam
2002 5240 2289 5309 appellans
2318 5238 2387 5293 de
2411 5241 2529 5295 vice
2584 5241 2746 5308 Abia,
2803 5257 2968 5311 quem
3016 5242 3210 5294 Ahiatn
3238 5240 3409 5312 septi-

1826 5348 1969 5387 mam
2010 5331 2298 5402 accepisse
2329 5339 2538 5386 sortem
2568 5348 2811 5401 praesens
2838 5334 2975 5389 liber
3002 5332 3264 5388 ostendit.

2436 5423 2591 5480 CAP.
2636 5424 2804 5481 XXV.

1903 5517 2071 5574 νεεδ.
2111 5519 2385 5588 LAsuph,
2446 5516 2671 5584 (Eman,
2703 5526 2752 5573 et
2804 5517 3065 5582 Idithum,
3132 5527 3407 5571 cantorum

1410 5633 1643 5690 VARI/[‘3
1684 5633 2084 5690 LECTIONES.

214 5731 228 5772 ί
264 5728 319 5782 In
356 5728 613 5800 Lavateri
660 5730 849 5786 codice
887 5730 1108 5786 videtur
1141 5728 1311 5786 fuisse
1364 5726 1607 5800 υνήΝῑά.
1670 5726 1811 5784 llist.
1848 5726 2055 5800 Regum
2088 5727 2184 5785 lib.
2235 5726 2322 5796 lll,
2364 5742 2485 5798 cap.
2518 5743 2650 5783 xvu.
2735 5724 2747 5777 i
2801 5727 2883 5782 lta
2914 5726 3079 5783 etiam
3104 5725 3157 5779 in
3180 5721 3406 5780 Lavate~

149 5803 194 5857 ri
224 5803 413 5857 codice
438 5798 579 5868 fuit;
610 5802 706 5857 sed
723 5802 949 5857 omnino
981 5800 1334 5857 scribendum
1361 5798 1572 5868 ὄγδοον.
