4034 6534
198 351 334 415 1200

212 463 1336 485 WW—

1132 361 1675 429 COMMENTARII
1701 368 1782 427 ΙΝ
1824 369 1970 431 LIB.
2004 370 2063 432 ΙΙ
2106 374 2454 442 PARALIP.

3314 384 3457 454 121i}

192 623 437 736 ΕΙΣ
474 624 791 737 ΤΗΝ
850 623 1618 744 ΔΕΥΤΕΡΑΝ
1655 634 1958 748 ΤΩΝ
1998 635 3450 768 ΠΑΡΑΛΕΙΠΟΜΕΝΩΝ

263 1042 427 1167 IN
477 1036 1325 1168 SECUNDUM
1368 1039 1983 1173 LIBRUM
2029 1048 3360 1188 PARALIPOMENON

1300 1284 1638 1339 Hartmanno
1675 1283 2041 1358 Ilambergero
2068 1287 2120 1343 in
2131 1298 2375 1361 terprete.

1781 1474 1851 1486 —

801 1596 1054 1654 ΚΕΦΑΔ.
1101 1599 1177 1652 B‘.

270 1682 380 1737 Καὶ
419 1684 512 1750 τις
544 1686 743 1755 ἰσχύει
769 1688 1162 1757 οἰκοδομῆσαι
1189 1688 1351 1755 αὐτῷ
1379 1691 1582 1756 οἷκον;
1616 1692 1775 1761 Δηλοῖ

193 1772 278 1842 τῷ
316 1774 515 1844 Χιρὰμν
543 1775 643 1845 τὴν
664 1776 874 1831 οἰκείαν
898 1776 1248 1838 θεογνωσίαν.
1281 1779 1378 1842 Τίς
1416 1778 1546 1850 γὰρ,
1584 1782 1774 1851 φησὶν,

196 1863 352 1927 ἄξιον
383 1860 536 1919 οἶκον
573 1868 829 1940 ἁνεγερεῖ
863 1869 939 1940 τῷ
968 1869 1108 1939 Θεῷ,
1136 1870 1196 1924 6v
1235 1872 1339 1925 οὐκ
1373 1872 1487 1943 ἔχει
1521 1875 1720 1944 χωρεῖν
1750 1875 1779 1926 6

194 1954 432 2024 οὐρανὸς
490 1957 521 2010 6
555 1958 888 2032 ὑπέρτερος;
959 1962 1109 2034 Πλὴν
1155 1965 1297 2017 κατὰ
1349 1963 1581 2035 δύναμιν
1629 1965 1780 2036 αὐτῷ

196 2048 469 2116 προσάγω
505 2049 693 2118 σέϐας,
737 2054 832 2106 καὶ
883 2055 1073 2125 τιμήν.
1105 2058 1268 2133 Ὅσον
1307 2056 1369 2111 δὲ
1396 2056 1506 2111 τῶν
1537 2058 1781 2110 εὐσεϐῶν

196 2134 448 2206 ὀνίνησιν
482 2140 514 2209 ὴ
546 2140 719 2207 φιλία,
747 2142 1051 2213 δεδήλωκεν
1082 2145 1111 2197 6
1133 2145 1345 2217 Χιρὰμ,
1386 2148 1587 2215 λέγων’
1631 2166 1649 2198 ι
1679 2148 1782 2200 Εὑ-

197 2223 433 2297 λογητὸς
475 2229 702 2302 Κύριος,
755 2234 783 2285 ὁ
833 2232 967 2296 Θεὸς
997 2233 1254 2307 Ἰσραὴλ,
1302 2236 1360 2299 ὃς
1406 2238 1635 2305 ἐποίησε
1689 2238 1782 2292 τὸν

194 2318 470 2387 οὐρανὸν,
538 2322 631 2375 xui.
700 2324 801 2394 τὴν
856 2326 961 2396 γῆν
997 2342 1012 2357 ·
1062 2347 1081 2380 ι
1135 2328 1213 2391 ὡς
1269 2328 1332 2400 δὴ
1388 2330 1661 2401 προγνοὺς
1718 2331 1783 2384 ὲκ

196 2409 389 2473 Δασὶδ,
428 2410 503 2475 ὡς
534 2414 563 2465 6
596 2414 727 2477 Θεὸς
759 2415 979 2488 Ἰσραήλ
1022 2419 1141 2471 ἐστι
1176 2420 1407 2490 ποιητής
1446 2420 1679 2491 οὐρανοῦ
1720 2437 1787 2475 τε

197 2502 300 2556 καὶ
334 2504 460 2573 γῆς.
495 2505 555 2558 ’0
586 2506 643 2561 δὲ
679 2507 789 2562 τῶν
825 2510 1047 2580 μέτρων
1080 2511 1318 2583 ἀριθμὸς
1354 2511 1449 2565 τοῦ
1481 2513 1611 2566 ναοῦ
1652 2514 1782 2567 61a,-

198 2594 416 2663 φωνίαν
445 2596 547 2650 οὐκ
582 2597 697 2669 ἔχει
735 2600 876 2671 πρὸς
919 2602 1011 2655 τὸν
1045 2604 1107 2661 ὲν
1140 2606 1260 2667 ταῖς
1304 2604 1615 2667 Βασιλειαις
1637 2622 1651 2636 ·
1686 2606 1783 2660 ὲάν

196 2702 287 2748 τις
320 2687 437 2750 τοῖς
500 2687 601 2758 μὲν
644 2691 1062 2760 τεσσαράκοντα
1112 2694 1345 2764 πήχεσιν
1400 2695 1493 2748 τοῦ
1546 2697 1778 2767 μήκους,

198 2778 418 2848 προσθῇ
445 2781 571 2843 τοὺς
618 2781 791 2836 εἴκοσι
825 2783 919 2837 τοῦ
952 2784 1152 2856 Δα6είρ
1172 2798 1186 2815 ⁸
1218 2788 1332 2850 τοῖς
1389 2786 1446 2840 δὲ
1475 2787 1638 2840 πέντε
1686 2788 1783 2841 καὶ

197 2867 380 2923 ιτκοσι
430 2868 635 2940 ὕψους,
682 2871 794 2928 τῶν
824 2873 1143 2946 διωρόφιιη,
1195 2878 1297 2932 καὶ
1343 2878 1670 2952 τριωρόφων
1712 2879 1781 2933 τὰ

200 2957 405 3033 μέτρα.

288 3222 403 3279 Ἐκ
431 3226 680 3294 πόλεως·
703 3228 913 3291 Auditi,
945 3231 1056 3303 τὴν
1100 3232 1249 3288 Σιὼν
1278 3233 1423 3289 οὕτω
1477 3236 1655 3304 καλεῖ,
1717 3236 1784 3309 ἢν

198 3312 497 3385 ὠχύρωσε,
525 3317 768 3387 τειχίσας
793 3321 863 3379 ἔνι
884 3322 1022 3395 αὐτῇ
1048 3323 1118 3378 τὰ
1149 3323 1413 3394 βασίλεια.

276 3406 385 3461 Ἐν
417 3408 491 3477 τῇ
537 3410 734 3479 ἑορτῇ.
770 3413 943 3483 Δῆλον
985 3415 1070 3469 ὅτι
1102 3416 1215 3471 τῶν
1266 3419 1685 3490 σκηνοπηγιῶν.
1723 3418 1793 3474 ’0

204 3493 319 3564 μὴν
347 3498 476 3567 γὰρ,
513 3500 704 3568 φησὶν,
739 3500 1002 3571 ἓόδομος..

807 3596 1056 3653 ΚΕΦΑΛ.
1110 3599 1191 3657 1.".

276 3679 510 3748 Δαόετρ.
567 3681 642 3734 Τὸ
695 3683 886 3738 ἄδυτον
937 3689 1032 3740 καὶ
1091 3689 1370 3759 ἄψαυστον
1413 3688 1559 3750 οὕτω
1602 3693 1782 3759 καλεῖ,

201 3765 345 3839 ὅπερ
387 3768 557 3839 ’Δγια
612 3770 784 3841 ἁγίων
839 3774 961 3840 ἔθος
1016 3777 1304 3851 ὀνομάζειν
1355 3783 1423 3853 τῇ
1478 3781 1597 3854 θείᾳ
1640 3782 1783 3855 Γρα-

204 3863 306 3932 φῇς

808 3959 1059 4015 ΚΕΦΑΛ.
1102 3963 1175 4017 Z'.

281 4045 471 4118 ’ῼδῶν
512 4049 764 4118 Κυρίου,
812 4044 900 4104 ὧν
948 4051 1239 4119 ἐποίησεν
1280 4057 1314 4110 ὁ
1362 4059 1561 4115 Δαϐίδ.
1616 4061 1783 4115 Πάλιν

205 4139 474 4207 ἐδίδαξεν,
512 4140 587 4205 ὡς
625 4142 789 4195 Δαΰίδ
843 4145 982 4196 εἰσιν
1007 4147 1056 4198 οἱ
1112 4148 1358 4217 Ψαλμοί.
1414 4152 1670 4206 Εὐσεὸὦν
1724 4154 1785 4207 δὲ

205 4229 496 4300 Σαλομὼν,
531 4231 631 4285 οὐκ
661 4233 872 4302 ἀφῆκεν
897 4236 1066 4288 οἰκεῖν
1098 4237 1156 4289 ὲν
1187 4237 1321 4305 οἴκῳ
1364 4241 1526 4295 Δαὸὶδ
1554 4244 1654 4321 τὴν
1688 4244 1785 4297 θυ-

205 4321 422 4391 γατέρα
462 4323 555 4375 τοῦ
594 4323 812 4394 Φαραώ.
863 4325 1016 4394 Ἅγια
1072 4328 1201 4399 γὰρ,
1242 4323 1396 4396 οὗτός
1446 4351 1602 4405 φησι,
1647 4337 1784 4391 Θεοῦ

202 4412 462 4483 εἰσῆλθεν
505 4416 622 4468 ἐκεῖ
658 4418 689 4485 ή
739 4415 970 4482 κιϐωτὸς
997 4420 1228 4489 Κυρίου.
1290 4422 1373 4477 Τὰ
1421 4426 1477 4478 δὲ
1520 4427 1789 4499 ἀγώγιμα

206 4506 344 4572 ξύλα
374 4505 607 4560 πεύκινα
640 4508 907 4578 κέκληκεν
939 4510 968 4562 ὁ
1013 4509 1337 4580 Ἰώσηππος,
1381 4515 1525 4587 ἆπερ
1570 4520 1628 4571 ὲν
1676 4521 1785 4573 Βα-

207 4597 449 4661 σιλείαις
484 4599 940 4672 ὑποστηρίγματα
969 4603 1063 4655 τοῦ
1118 4605 1271 4659 οἴκου
1326 4608 1539 4676 Κυρίου
1592 4612 1782 4680 φησὶν,

203 4690 303 4742 καὶ
331 4689 429 4742 τοῦ
474 4690 625 4743 οἴκου
657 4691 751 4745 τοῦ
789 4692 1082 4759 Βασιλέως.
1121 4698 1231 4753 Καὶ
1263 4696 1320 4751 ὃν
1351 4699 1637 4772 ἄνθρωπον
1669 4706 1788 4758 ἐκεῖ

200 4797 346 4850 φησι
373 4779 471 4833 τοῦ
530 4780 664 4835 Θεοῦ
720 4781 1001 4854 βρωθέντα
1033 4786 1137 4840 ὑπὸ
1190 4788 1285 4842 τοῦ
1338 4790 1587 4861 λέοντος,
1631 4794 1788 4867 Ἰωήλ

202 4870 476 4928 ἐνταῦθα.

832 4969 1086 5025 ΚΕΦᾹΛ.
1126 4973 1183 5025 l'.

283 5056 397 5111 Kal
435 5057 547 5111 οὐκ
572 5056 842 5126 ἤκουσεν
870 5062 903 5113 ό
920 5060 1223 5128 ,ϐασιλεὺς
1249 5065 1357 5119 τοῦ
1386 5066 1561 5131 λαοῦ,
1593 5066 1682 5121 ὅτι
1711 5064 1790 5137 ἦν

200 5149 600 5219 μεταστροφὴ
635 5151 753 5205 ἀπὸ
780 5152 886 5208 τοῦ
910 5153 1077 5213 Θεοῦ.
1111 5148 1213 5209 Ὧν
1246 5156 1354 5228 γὰρ
1382 5159 1608 5228 κήδεται
1636 5161 1788 5227 Θεὸς,

207 5242 441 5304 τούτους
468 5243 537 5295 τὰ
574 5244 825 5314 πρακτέα
864 5243 1097 5315 σοφίζει.
1132 5247 1341 5307 Τούτου¹
1374 5249 1445 5305 δέ
1474 5268 1562 5315 τις
1598 5269 1793 5324 στερη-

212 5332 433 5404 ρηθεὶς,
473 5333 549 5397 ὡς
610 5333 819 5405 ἔτυχεν,
871 5336 1118 5406 φέρεται.
1193 5339 1380 5404 Ἔδοξε
1440 5342 1497 5395 δὲ
1548 5343 1626 5412 τῷ
1672 5345 1792 5417 Θεῷ

208 5426 412 5479 διελεῖν
442 5426 543 5495 τὴν
596 5426 893 5497 βασιλείαν,
933 5427 1051 5481 ἀνθ’
1098 5420 1173 5482 ὧν
1224 5430 1478 5500 Σολομὼν
1510 5434 1795 5507 ἐπλημμέ-

210 5517 372 5586 λησε.
412 5516 610 5572 Τοῦδὲ
652 5516 788 5573 Θεοῦ
818 5517 915 5572 τὸν.
950 5516 1076 5577 λαὸν
1123 5518 1441 5591 ἀποστήσας
1487 5520 1790 5598 Ἰεροὸοὰμ,

214 5609 317 5661 καὶ
339 5610 468 5670 τοὺς
496 5609 870 5679 ἱερεῐςναὼοῦ,
899 5609 1271 5679 καὶνΛιευῖτας,
1295 5612 1598 5685 ἀπήλασεν,
1627 5619 1792 5685 ἰδίους

254 5783 304 5816 ³⁸
338 5783 488 5841 l’sal.
507 5798 666 5854 chv,
687 5784 741 5842 6.

1804 1601 1851 1655 Λ

2437 1606 2601 1679 549
2651 1608 2800 1664 cap.
2836 1609 2897 1665 η.

1955 1695 2115 1751 Vens.
2140 1697 2193 1763 6,
2218 1698 2350 1765 Quis
2380 1716 2498 1755 vero
2534 1711 2685 1755 tanta
2718 1703 2973 1772 prwditus
3014 1704 3205 1759 virtute
3233 1749 3243 1767 ,
3282 1716 3337 1757 ut
3373 1704 3459 1758 illi

1879 1788 2097 1843 domum
2127 1790 2383 1859 cedi/iret?
2403 1791 2568 1849 Suam
2605 1795 2671 1849 de
2704 1797 2811 1851 Deo
2852 1797 3105 1851 notitiam
3141 1796 3243 1867 ipsi
3272 1795 3456 1851 lliram

1882 1876 2171 1947 patefacit.
2233 1879 2370 1946 Quis
2419 1883 2587 1947 enim,
2642 1884 2837 1955 inquit,
2896 1885 3225 1956 condignam
3285 1884 3458 1941 aedem

1879 1977 2197 2026 exstrueret
2214 1972 2344 2036 Deo,
2373 1989 2535 2043 quem
2566 1984 2847 2031 extremus
2899 1978 3023 2033 coeli
3049 1978 3319 2032 circuitus
3349 1991 3455 2030 non

1882 2069 2061 2129 potest
2086 2063 2601 2131 comprehendere?
2637 2067 3029 2122 Verumtamen
3057 2083 3156 2137 pro
3171 2082 3289 2123 mea
3312 2066 3457 2121 virili

1884 2152 2242 2207 reverentiam
2272 2162 2327 2208 et
2360 2154 2624 2210 honorem
2678 2156 2757 2211 illi
2807 2156 3037 2212 deferre
3063 2173 3253 2212 conor.
3286 2157 3460 2213 Cate-

1884 2256 2005 2294 rnm
2024 2248 2296 2310 quantum
2334 2244 2593 2299 utilitatis
2623 2260 2685 2299 ex
2736 2246 2947 2314 piorum
2992 2245 3276 2299 hominum
3322 2260 3458 2300 con-

1886 2331 2187 2386 suetudine
2243 2332 2454 2400 redeat,
2518 2334 2734 2387 clarum
2774 2333 2859 2387 his
2917 2333 3100 2387 verbis
3144 2333 3299 2396 fecit,
3331 2348 3457 2387 cum

1884 2424 2103 2493 inquit:
2134 2444 2153 2477 ι
2209 2425 2537 2481 Benedictus
2603 2424 2870 2481 Dominus
2924 2426 3082 2479 Deus:
3126 2424 3316 2488 Israel,
3362 2425 3457 2492 qui

1884 2515 2017 2573 (coit
2047 2515 2248 2573 caelum
2296 2526 2352 2570 et
2384 2523 2608 2571 terram.
2645 2534 2663 2567 ›
2704 2514 2858 2569 Unde
2891 2516 3036 2570 enim
3061 2515 3188 2568 huic
3226 2514 3343 2567 haec
3365 2513 3460 2567 Dei

1884 2606 2105 2666 notitia.
2147 2606 2258 2663 nisi
2304 2606 2457 2676 quod
2489 2606 2609 2676 ipso
2661 2606 2867 2660 Davide
2908 2622 3042 2663 usus
3072 2617 3157 2661 est
3177 2603 3462 2659 familiari-

1884 2701 2011 2755 ter?
2047 2699 2227 2756 Porro
2283 2715 2553 2755 numerus
2611 2715 2675 2755 ac
2721 2701 3009 2771 proportio
3052 2699 3464 2755 dimensionum

1885 2792 2070 2859 templi
2130 2791 2294 2858 hujus
2336 2791 2476 2845 nihil
2537 2791 2813 2860 discrepat
2873 2790 2941 2845 ab
2964 2791 3107 2861 ejus,
3158 2791 3226 2845 de
3260 2804 3372 2859 quo
3404 2788 3465 2842 in

1885 2878 2094 2950 Regum
2151 2880 2310 2937 libris
2343 2880 2623 2934 memoriae
2656 2880 2935 2949 proditum
2957 2889 3078 2945 est;
3112 2880 3304 2949 siquis
3328 2894 3465 2948 qua-

1811 2946 1855 3001 B
1884 2946 2136 3043 draginta
2196 2972 2415 3040 quidem
2472 2946 2677 3028 cubitis
2708 2971 3097 3041 longitudinis,
3142 2946 3466 3039 viginticu-

1887 3063 2030 3118 bitos
2054 3061 2251 3123 Sancti
2301 3069 2621 3117 sanctorum
2668 3060 2870 3125 addat;
2903 3061 3100 3131 viginti
3140 3074 3271 3115 vero
3303 3058 3464 3129 quin-

1883 3168 1992 3224 que
2019 3151 2324 3207 altitudinis
2362 3151 2568 3206 cubitis
2598 3166 2892 3207 mensuras
2914 3150 3291 3221 fastigiorum,

1952 3246 2036 3301 Ex
2060 3246 2274 3300 civitate
2296 3244 2494 3301 David.
2518 3243 2661 3301 Sion
2682 3244 2886 3311 innuit,
2913 3259 3078 3315 quam
3110 3243 3460 3299 munitiorem

1883 3337 2044 3398 fecit.
2079 3345 2132 3392 et
2164 3338 2313 3405 regia
2344 3335 2679 3391 nobilitavit.

1952 3429 2200 3498 Infesta.
2231 3428 2500 3483 Nimirum
2556 3427 3079 3495 tabernaculorum;
3107 3424 3158 3482 id
3191 3424 3341 3482 enim
3355 3419 3477 3482 sibi:

1888 3525 2005 3579 vult
2036 3526 2240 3580 mensis
2275 3523 2572 3593 septimus.

2540 3611 2698 3668 CAP.
2721 3612 2817 3670 Ill.

1948 3702 2140 3758 Dabir.
2163 3702 2402 3775 Adytum
2435 3703 2540 3759 hoc
2567 3710 2728 3761 vocat
2753 3702 3005 3766 nomine,
3030 3702 3175 3773 quod
3201 3701 3461 3758 Sanctum

1885 3802 2208 3849 sanctorum
2260 3792 2551 3864 Scriptura
2606 3794 2793 3849 divina
2837 3792 3131 3850 consuevit
3164 3792 3461 3863 appellare.

2527 3962 2681 4018 CAP.
2707 3960 2823 4017 VII.

1954 4051 2122 4109 Vsus.
2149 4053 2202 4109 6.
2239 4052 2482 4111 Laudant
2516 4053 2880 4123 Dominiquas
2917 4052 3153 4107 carmine
3180 4050 3462 4106 celebravit

1886 4142 2080 4199 David.
2118 4144 2235 4200 Hoc
2268 4146 2412 4201 aliud
2455 4146 2831 4201 testimonium
2868 4152 2983 4210 est,
3020 4144 3271 4199 Psalmos
3299 4145 3466 4199 David

1887 4237 2089 4291 habere
2110 4243 2416 4290 auctorem.
2436 4235 2705 4291 Caeterum
2730 4232 3254 4305 Solomon,pietatis
3285 4234 3466 4291 adhuc

1893 4329 2200 4393 studiosus,
2236 4329 2363 4383 ﬁliae
2386 4327 2693 4383 Pharaonis
2747 4326 2956 4381 nullum
2996 4327 3175 4381 locum
3219 4326 3272 4380 in
3301 4326 3466 4381 domo

1893 4418 2119 4474 Davidis
2149 4419 2407 4489 reliquit;
2459 4426 2822 4474 sacrosancta
2868 4418 3043 4480 enim,
3111 4415 3309 4484 inquit,
3371 4414 3465 4469 Dei

1894 4526 2023 4565 arca
2056 4511 2109 4565 in
2140 4527 2261 4567 eam
2288 4520 2373 4566 est
2397 4512 2669 4581 ingressa.
2695 4509 2866 4564 Porro
2888 4509 3060 4579 ligna,
3088 4523 3211 4576 qua:
3236 4505 3464 4561 advecta

1894 4608 2044 4667 sunt,
2071 4601 2301 4671 abiegna
2340 4600 2558 4654 vocavit
2591 4596 2889 4668 Josephus,
2924 4613 2991 4652 ex
3021 4597 3226 4667 quibus
3242 4594 3466 4666 quidem

1894 4692 2205 4762 pavimenta
2226 4692 2422 4745 domus
2473 4689 2685 4744 Domini
2714 4700 2879 4759 atque
2908 4690 3076 4759 regiae
3122 4687 3264 4743 facta
3298 4694 3479 4752 sunt,

1895 4791 2058 4839 utest
2088 4783 2143 4836 in
2177 4782 2332 4837 libris
2351 4781 2584 4851 Regum.
2621 4782 2867 4851 Denique
2890 4782 3192 4843 hominem,
3219 4781 3316 4851 qui
3354 4780 3467 4836 illic

1894 4892 1924 4932 a
1959 4874 2117 4931 leone
2145 4872 2443 4929 devoratus
2478 4871 2706 4935 dicitur,
2734 4870 3181 4928 Joel.hicvocat—.

2552 4960 2709 5019 CAP.
2744 4960 2827 5019 X...

1962 5079 2129 5135 Vens.
2162 5079 2251 5135 lii.
2284 5078 2394 5133 Nec
2420 5075 2627 5132 audivit
2656 5092 2750 5131 rex
2772 5075 3048 5144 populum.
3074 5075 3326 5145 quoniam
3354 5083 3470 5128 erat

1899 5170 2151 5224 revelatio
2182 5186 2216 5223 a
2273 5168 2401 5223 Deo.
2458 5167 2705 5233 Quorum
2728 5166 2872 5222 enim
2930 5181 3120 5220 curam
3158 5166 3304 5220 Deus
3335 5165 3470 5235 agit,

1899 5258 2121 5317 eosdem
2151 5259 2327 5315 etiam
2373 5257 2443 5314 de
2488 5258 2661 5315 rebus
2688 5256 2947 5328 gerendis
2978 5256 3240 5322 instruit;
3268 5256 3472 5326 quibus

1898 5362 2031 5402 vero
2054 5346 2303 5402 eamdem
2328 5345 2629 5411 subtrahit,
2693 5359 2796 5400 suo
2826 5343 3090 5415 relinquit
3126 5341 3305 5412 genio.
3345 5340 3472 5394 Sta-

1898 5438 2006 5492 tuit
2038 5453 2167 5493 vero
2214 5437 2360 5493 Deus
2414 5449 2643 5507 regnum
2697 5433 2959 5489 dirimere
3018 5439 3244 5502 propter
3275 5429 3474 5485 delicta

1903 5530 2239 5587 Solomonis.
2270 5530 2547 5587 (Steterunt
2589 5544 2715 5586 cum
2757 5526 3018 5599 populum
3060 5524 3173 5595 jam
3200 5523 3265 5577 ad
3291 5521 3473 5577 deiec-

1902 5622 2107 5679 tionem
2149 5621 2242 5679 Dei
2299 5620 2593 5679 Jeroboam
2644 5616 3076 5682 commovisset,
3143 5612 3472 5670 sacerdotes
