4034 6506
599 368 733 434 1211
1926 371 2185 434 PROCO]

2350 372 2596 433 GAZ/EI
3733 367 3843 432 1212

593 499 814 554 quoque
850 492 903 537 et
944 482 1166 536 Levitas
1222 483 1346 552 ejus
1408 484 1635 549 amovit,
1696 485 1954 555 aliosque
1989 498 2182 539 eorum

2289 484 2455 549 αὐτὸς
2502 485 2936 558 προϐαλόμενος.
2993 481 3260 535 Ἐνταῦθα
3313 499 3408 536 ουν
3452 481 3620 548 δηλοῖ,
3651 482 3721 542 ὡς
3765 486 3843 549 οὐχ

597 577 718 629 loco
752 574 869 643 ipse
900 572 1164 626 instituit.
1200 570 1357 629 Unde
1380 588 1515 628 sane
1548 575 1904 629 manifestum
1927 574 2004 634 lit.
2033 572 2181 643 quod

2292 576 2517 639 ἑκόντες
2545 575 2788 648 ἀπῆλθον
2818 575 2871 628 οἰ
2906 572 3003 627 τοῦ
3045 570 3183 625 Θεοῦ
3216 571 3550 641 λειτουργοὶ,
3590 572 3710 624 ἔνθα
3742 567 3841 638 inid

599 668 696 724 Dei
728 667 965 722 ministri
1016 681 1128 722 non
1189 684 1291 724 sua
1350 679 1573 738 sponte,
1634 685 1823 725 verum
1849 668 2035 724 coacti
2058 668 2187 723 abs-

599 767 919 815 cesserunt.

1234 849 1389 908 CAP.
1422 851 1540 908 XII.

665 943 834 1000 VERS.
864 943 917 998 1.
966 944 1211 999 Suchiim
1257 954 1307 999 et
1364 943 1634 1000 Chusiim.
1666 944 2019 1016 Troglodyue
2053 953 2185 1001 sunt

596 1046 652 1093 et
679 1037 989 1107 Etliiopes.

668 1128 832 1185 Vens.
869 1129 922 1185 6.
966 1128 1033 1182 Et
1095 1129 1336 1183 conversi
1388 1137 1511 1182 sunt
1567 1128 1862 1197 principes.
1926 1126 2182 1198 Symma-

597 1219 761 1285 CIiUS,
811 1220 865 1273 in
904 1237 959 1274 se
1006 1217 1416 1273 descenderunt.
1455 1218 1727 1283 Quocirca
1783 1217 1932 1273 Deus
1963 1235 2183 1288 quoque

598 1324 755 1363 suam
812 1309 1044 1363 mutavit
1098 1309 1428 1364 sententiam
1466 1311 1766 1377 quominus
1796 1307 2045 1365 funditus
2085 1326 2182 1364 ex-

598 1401 896 1457 scinderet.
950 1400 1150 1457 Verum
1186 1409 1466 1470 utcunque
1505 1416 1601 1457 eos
1642 1401 1885 1455 servabo
1912 1441 1926 1465 ,
1958 1401 2177 1471 inquit;

599 1495 756 1563 quasi
783 1493 1011 1562 diceret,
1059 1496 1314 1564 Aliquam
1349 1495 1541 1548 saltem
1574 1493 1871 1549 scintillam
1908 1493 2029 1563 ejus
2066 1493 2185 1548 feli-

599 1587 783 1641 citatis
810 1602 971 1657 quam
1008 1587 1191 1641 adhuc
1215 1588 1446 1649 obtinet,
1476 1586 1700 1651 fovebo,
1736 1600 1802 1639 ne
1843 1585 1999 1639 l'nror
2026 1602 2182 1642 meus

601 1679 770 1733 stillet
806 1694 971 1749 super
998 1678 1302 1735 Jerusalem
1337 1695 1431 1749 per
1467 1693 1689 1733 manum
1754 1676 2038 1742 Suzakim,
2077 1682 2182 1734 boc

598 1780 707 1837 est,
742 1769 1083 1841 Supplicium
1123 1772 1363 1841 posteris
1396 1771 1738 1841 temporibus
1764 1773 2083 1836 reservabo,
2114 1786 2180 1826 ac

2292 664 2451 730 νεώς.

2888 841 3143 895 ΚΕΦᾹΛ.
3179 839 3282 893 IB'.

2366 936 2673 1007 Σουχιείμ,
2694 934 2791 990 καὶ
2812 934 3120 1003 Χουσιείμ.
3142 928 3549 1003 Τρωγλοδύται,
3570 926 3665 982 καὶ
3691 928 3844 983 Αἰθίο-

2296 1046 2416 1092 πες.

2359 1121 2468 1178 Kai
2500 1119 2920 1188 ἐνετράπησαν
2961 1117 3273 1186 ἄρχοντες.
3328 1115 3646 1186 Σύμμαχος,
3694 1113 3843 1184 ἐγνω-

2293 1213 2673 1283 σιμάχησαν.
2705 1211 2799 1264 Διὸ
2830 1210 2928 1265 καὶ
2961 1209 3096 1273 Θεὸς
3135 1207 3404 1280 μετέϐαλε
3440 1206 3539 1276 τὴν
3557 1206 3737 1275 ὀργὴν,
3766 1208 3841 1261 τοῦ

2294 1308 2368 1379 μὴ
2400 1304 2647 1359 πανωλεθ
2657 1305 2776 1376 ρίαν
2809 1305 3130 1372 ἐπενεγκεῖν
3154 1302 3358 1365 αὐτοῖς.
3383 1299 3552 1352 Δώσω
3576 1298 3633 1351 δὲ
3654 1299 3841 1365 αὐτοὺς,

2290 1399 2478 1467 φησὶν,
2537 1396 2613 1461 ὡς
2632 1395 2863 1467 σμικρὸν
2913 1397 2995 1459 εἰς
3051 1393 3351 1465 σωτηρίαν.
3386 1392 3536 1444 Ἀντὶ
3590 1390 3702 1453 τοῦ,
3756 1389 3844 1443 Τὸν

2290 1488 2563 1560 σπινθῆρα
2587 1490 2687 1559 τῆς
2709 1487 2965 1555 εὐλογίας
2992 1486 3092 1557 τῆς
3118 1487 3270 1539 οἰκον
3281 1484 3453 1556 μένης
3473 1485 3532 1536 έν
3554 1484 3736 1546 αὐτοῖς
3750 1483 3845 1537 δια-

2290 1578 2535 1649 φυλάξω.
2566 1578 2638 1631 Οὐ
2670 1578 2779 1648 γὰρ
2830 1577 2906 1648 μὴ
2939 1576 3109 1647 στάξῃ
3130 1578 3157 1629 ὁ
3178 1575 3353 1646 θυμός
3412 1591 3517 1645 μου
3547 1574 3639 1627 ἐπὶ
3676 1574 3849 1642 Ἰερου-

2290 1671 2473 1743 σαλὴμ
2501 1674 2558 1724 ἐν
2578 1672 2727 1743 χειρὶ
2767 1670 3059 1724 Σουσακίν.
3096 1669 3164 1722 Ὃ
3187 1668 3357 1732 ἐστιν,
3397 1668 3492 1731 Εἰς
3518 1666 3741 1737 ὕστερον
3768 1684 3852 1734 9a-

2288 1763 2437 1829 λάξω
2459 1764 2560 1835 τὴν
2588 1763 2882 1833 τιμωρίαν,
2916 1762 3009 1814 ἐπὶ
3058 1759 3153 1813 τοῦ
3189 1759 3459 1831 παρόντος
3506 1758 3673 1826 ζυγὸν
3710 1757 3852 1826 μόνον

600 1864 653 1917 in
689 1865 941 1933 praesenti
980 1864 1173 1934 jugum
1200 1864 1486 1918 servitutis
1538 1865 1649 1917 illis
1676 1864 1946 1919 duntaxat
2004 1865 2184 1936 impo-

2289 1857 2532 1921 δουλείας
2561 1858 2743 1920 αὐτοῖς
2775 1856 3007 1918 ἐπιθεὶς,
3037 1854 3115 1917 ὼς
3154 1853 3220 1906 ἂν
3246 1853 3452 1922 γνῶσιν
3479 1851 3591 1905 ἀπὸ
3643 1852 3851 1921 συγκρί-

598 1973 748 2021 nam,
784 1965 843 2010 ut
877 1958 946 2011 ab
987 1958 1109 2027 ipso
1134 1966 1397 2026 tanquam
1429 1956 1681 2026 exemplo
1710 1957 1961 2021 discant,
2016 1974 2181 2027 quam

599 2051 716 2104 levo.
754 2059 808 2103 et
838 2051 1037 2103 bonum
1077 2051 1150 2105 sit
1200 2066 1379 2105 meum
1434 2050 1651 2123 iugum,
1699 2066 1773 2119 aci
1803 2059 1996 2107 contra
2018 2065 2183 2122 quam

596 2141 796 2195 durum
828 2155 892 2194 ac
920 2156 1083 2210 grave
1114 2141 1187 2196 sit
1232 2142 1545 2195 hominum.

1201 2233 1357 2289 CAP.
1409 2234 1550 2291 XIII.

669 2325 835 2382 Vens.
877 2327 931 2382 5.
973 2328 1054 2382 Αη
1089 2345 1194 2381 non
1240 2338 1473 2382 vestrum
1523 2336 1642 2382 erat
1700 2328 1858 2384 scire.
1884 2327 2052 2395 Quasi
2103 2329 2188 2387 di-

598 2430 782 2475 ceret:
831 2420 941 2476 Vos
973 2421 1119 2476 haud
1160 2423 1377 2477 nescire
1410 2423 1727 2491 oportebat,
1760 2422 1912 2491 quod
1954 2438 2183 2493 regnum

600 2512 770 2567 David
802 2514 1010 2569 divinis
1041 2514 1307 2584 auspiciis
1334 2526 1479 2569 esset
1508 2516 1898 2582 constitutum,
1933 2531 1998 2569 ac
2027 2516 2186 2585 juxta

600 2605 842 2658 divinam
878 2605 1303 2674 promissionem
1332 2607 1496 2660 tinem
1523 2623 1629 2660 non
1663 2616 1810 2661 esset
1843 2607 2186 2661 habiturum.

600 2694 733 2761 Quae
762 2695 929 2764 igitur
958 2705 1043 2750 est
1075 2694 1322 2759 vesania,
1344 2697 1413 2752 ab
1442 2696 1536 2751 illo
1581 2695 1650 2751 ad
1684 2696 2033 2768 tyrannidem
2088 2698 2186 2754 de-

601 2788 866 2842 sciscere?

673 2877 836 2949 550
890 2878 1064 2935 Porro
1122 2881 1344 2936 nomine
1381 2882 1513 2936 satis
1564 2882 1714 2952 regni
1744 2881 1866 2953 ejus
1908 2883 2189 2939 aeternita-

600 2978 735 3034 tem,
773 2988 873 3027 nec
904 2988 1010 3028 non
1045 2973 1375 3028 soliditatem
1419 2974 1691 3040 denotat,
1722 2975 2185 3045 quemadmodum

599 3062 973 3119 Barbarorum
1022 3066 1115 3136 qui
1160 3066 1295 3121 salis
1363 3067 1624 3120 convivio
1676 3064 1885 3122 fmdera
1946 3081 2190 3123 commu-

600 3155 781 3217 niunt,
813 3158 1216 3212 consuetudine
1245 3166 1417 3228 patet.

2290 1965 2450 2011 σεως,
2505 1948 2655 2011 ὅπως
2706 1948 2947 2019 χρηστὸς
2969 1950 2997 2001 ὁ
3019 1948 3155 2019 ἐμὸς
3194 1946 3382 2015 ζυγὸς,
3418 1945 3515 1998 καὶ
3550 1944 3626 2007 ὡς
3657 1943 3851 2013 βαρὺςό

2286 2041 2397 2095 τῶν
2436 2042 2534 2095 ἀνθ
2545 2039 2765 2111 ρώπων.

2886 2222 3139 2275 ΚΕΦΔΛ.
3170 2220 3268 2275 II".

2362 2312 2487 2380 Οὐχ
2520 2311 2662 2381 ὑμῖν
2679 2311 2937 2382 τνῶναι;
2982 2313 3181 2384 Ἐχρῆν
3235 2314 3402 2383 ὑμᾶς,
3458 2311 3622 2383 φησὶ.
3669 2311 3846 2379 γνῶναι

2286 2401 2361 2471 ὡς
2385 2401 2683 2467 θεόσδοτος,
2722 2403 2872 2474 ἡτοῦ
2923 2404 3087 2457 Δαϐὶδ
3131 2403 3404 2474 βασιλεία,
3449 2405 3547 2456 καὶ
3597 2403 3748 2465 τέλος
3764 2402 3844 2454 οὐκ

2288 2494 2511 2565 ἔχουσα,
2555 2495 2697 2549 κατὰ
2756 2495 2854 2567 τὴν
2888 2496 3042 2549 θείαν
3094 2496 3412 2567 ὑπόσχεσιν.
3452 2496 3578 2559 Πῶς
3613 2494 3705 2549 οὖν
3730 2496 3845 2548 ἀτω-

2290 2588 2517 2651 στάντες
2551 2587 2657 2641 ὑπὸ
2677 2587 2930 2659 τυράννῳ
2955 2587 3299 2660 γεγένησθε;

2361 2860 2639 2932 Διαθήκην
2668 2859 2728 2915 δὲ
2760 2860 2911 2927 ἁλὸς
2981 2861 3213 2915 αἰωνίαν
3241 2860 3303 2914 τὸ
3336 2858 3559 2930 βέϐαιον
3585 2857 3682 2928 τῆς
3712 2856 3837 2926 βασι-

2288 2952 2439 3017 λείας
2472 2953 2722 3009 ὲκάλεσε.
2784 2955 2898 3007 Καὶ
2958 2953 3230 3024 βάρϐαροι
3273 2954 3385 3023 γὰρ
3430 2952 3562 3022 περί
3596 2951 3839 3021 συνθήκας

2291 3041 2522 3113 βέϐαιοι,
2556 3043 2703 3099 ἀλῶν
2728 3044 3012 3117 τραπέζης
3040 3045 3066 3084 ¹ί
3098 3044 3635 3117 μεταλαμϐάνοντες.

674 3204 836 3302 Vens.
878 3248 932 3302 9.
975 3204 1435 3313 Quemadmodum
1479 3249 1662 3317 populi
1712 3251 2023 3305 nationum.
2060 3253 2180 3306 Hoc

2367 3222 2574 3290 Καθὼς
2587 3226 2642 3278 οἱ
2662 3225 2799 3279 ,1αοί
2830 3225 2949 3278 τῶν
2976 3224 3181 3294 fauor.
3207 3223 3297 3289 Ὠς
3320 3224 3417 3279 καὶ
3441 3225 3510 3278 τὰ
3526 3225 3688 3279 λοιπὰ
3712 3223 3838 3294 ἔθνη.

607 3350 715 3406 est,
775 3342 1238 3409 quemadmodum
1287 3344 1510 3412 reliquae
1550 3352 1763 3413 gentes.
1815 3343 1950 3399 Nam
2035 3345 2188 3405 falsis

599 3429 709 3487 diis
738 3430 907 3487 falsos
940 3432 1252 3488 sacerdotes
1281 3433 1582 3489 decernere
1618 3451 1834 3506 aequum
1861 3445 1970 3492 est.

1205 3525 1359 3580 CAP.
1395 3525 1559 3583 XIIV.

668 3615 834 3673 Vens.
873 3617 926 3671 5.
969 3615 1041 3670 Et
1063 3617 1294 3683 excelsa,
1336 3627 1445 3673 etc.
1493 3619 1590 3683 Ea,
1642 3619 1890 3690 inquam,
1918 3636 2039 3691 quae
2065 3637 2191 3678 con-

602 3722 687 3767 tra
712 3710 805 3766 Dei
869 3710 1044 3781 legem
1078 3708 1132 3764 in
1190 3712 1465 3766 montium
1531 3713 1768 3769 collibus
1844 3723 1975 3770 Sunt
2031 3714 2186 3771 exci-

602 3814 736 3861 tata.

675 3894 834 3949 Vens.
878 3893 966 3948 14.
1010 3891 1077 3946 Et
1110 3902 1409 3948 everterunt
1455 3910 1636 3950 omnes
1688 3896 1928 3951 civitates
1982 3899 2188 3953 circum

603 3987 790 4041 Gerar.
831 3986 1041 4041 Civitas
1070 3994 1155 4040 est
1182 3986 1510 4051 Palmstinaz,
1548 3990 1693 4044 unde
1750 3991 1926 4046 saltus
1962 3990 2188 4047 Gerari-

601 4080 746 4133 tiens
806 4080 953 4132 circa
1005 4078 1474 4149 Eleutheropolim
1552 4096 1754 4135 nomen
1825 4081 2031 4147 habet,
2096 4083 2189 4138 ubi

602 4168 827 4223 advena:
856 4168 1176 4239 Ethiopum
1212 4169 1487 4235 habitant,
1524 4181 1578 4226 et
1624 4173 1719 4227 alii
1753 4174 1975 4243 quidem
2006 4177 2189 4230 Ama-

602 4260 782 4316 zonim
815 4260 987 4327 dicti,
1043 4276 1182 4329 quos
1238 4261 1385 4317 infra
1460 4267 1515 4318 in
1565 4266 1914 4322 sermonibus
1961 4268 2191 4324 Ananiae

603 4352 884 4425 propheta:
915 4352 1118 4426 Libyas
1149 4354 1487 4411 nominabit.

1244 4532 1397 4589 CAP.
1430 4532 1551 4589 XV.

673 4621 839 4681 Vens.
862 4623 917 4680 5.
944 4626 1014 4679 Et
1037 4624 1089 4679 in
1112 4633 1341 4696 tempore
1362 4625 1461 4679 illo
1495 4643 1599 4681 non
1616 4630 1716 4684 erit
1732 4643 1842 4697 pax
1871 4630 2188 4698 egredienti.

602 4717 955 4789 Assyriorum
981 4718 1274 4773 adventum
1306 4718 1571 4789 praedicit.

674 4893 837 4950 Vens.
880 4896 968 4951 I7.
1000 4893 1371 4953 Verumtamen
1412 4897 1621 4953 excelsa
1682 4916 1787 4952 non
1818 4899 2057 4953 abstulit.
2093 4899 2187 4966 Ea,

604 4986 851 5055 inquam,
890 4986 958 5041 de
988 4988 1195 5057 quibus
1228 4998 1385 5045 antea
1419 5032 1434 5058 ,
1478 5006 1601 5060 quin
1640 4998 1836 5046 contra
1879 4991 1973 5047 Dei
2013 4992 2187 5063 legem

603 5078 844 5132 excitata
868 5075 1109 5133 fuerant.

1246 5171 1402 5226 CAP.
1443 5172 1582 5228 XVI.

676 5259 840 5318 Vens.
860 5262 914 5319 7.
941 5263 1210 5331 Quocirca
1240 5264 1522 5319 incolumis
1554 5266 1726 5321 evasit
1749 5266 2017 5321 exercitus
2048 5267 2189 5337 regis

2290 3313 2430 3377 Τοὺς
2481 3315 2590 3384 γὰρ
2638 3315 2739 3368 οὐκ
2766 3315 2924 3379 ὄντας
2965 3315 3364 3387 χειροτονοῦσιν
3417 3316 3601 3387 ἱερέας
3632 3317 3734 3379 τοῖς
3759 3315 3841 3367 οὐκ

2287 3402 2349 3460 οὗ
2359 3424 2410 3460 σι
2444 3406 2610 3470 θεοῖς.

2869 3502 3122 3556 ΚΕΦΑΛ.
3152 3503 3254 3555 ΙΔ’.

2360 3595 2470 3650 Καὶ
2498 3594 2571 3649 τὰ
2587 3594 2822 3665 ὑψηλά.
2867 3594 2949 3648 Τὰ
2978 3594 3319 3667 παρανόμως
3373 3593 3453 3666 τῷ
3509 3591 3629 3665 Θεῷ
3652 3595 3708 3647 έν
3749 3594 3845 3657 τοίς

2290 3689 2499 3761 βουνοῖς
2529 3689 2887 3759 ἀνακείμενα.
3194 3700 3197 3701 ⁷

2358 3891 2467 3947 Καὶ
2507 3890 2815 3961 ἐξέκοψαν
2846 3891 2954 3958 τὰς
2997 3890 3200 3960 κώμας
3228 3888 3428 3946 αὐτῶν
3448 3888 3653 3953 κύκλῳ
3687 3884 3847 3955 Γερά-

2282 4000 2426 4052 ρων.
2483 3982 2649 4046 Πόλις
2705 3982 3077 4053 Παλαιστίνης
3096 3983 3166 4036 τὰ
3187 3982 3423 4054 Γέραρα,
3460 3980 3541 4034 διὸ
3560 3981 3654 4033 καὶ
3679 3978 3846 4033 σάλτον

2289 4074 2608 4143 ὠνόμασται
2675 4073 3029 4144 Γεραριτικὸν
3073 4074 3205 4143 περὶ
3258 4073 3359 4144 τὴν
3392 4069 3846 4143 Ἐλευθερόπολιν,

2290 4166 2381 4219 ένθ
2417 4207 2432 4221 .
2460 4207 2475 4223 .
2504 4205 2519 4220 .
2572 4163 2881 4229 ἀποίκουςι
2924 4165 3203 4219 Αἰθιόπων
3256 4167 3467 4228 οἰκεῖν,
3530 4163 3625 4216 καὶ
3681 4162 3849 4224 ἄλλους

2289 4257 2463 4323 τινας,
2531 4256 2869 4327 Ἀμαζονεὶμ
2926 4256 3339 4327 καλουμένους·
3369 4254 3462 4320 οὓς
3510 4252 3712 4326 προῖὼν
3748 4255 3846 4305 ὀνο-

2294 4349 2459 4420 μάσει
2508 4348 2737 4415 Λίϐυας,
2766 4350 2827 4404 ἐν
2862 4353 2976 4414 τοῖς
3017 4350 3270 4404 Ἀνανίου
3327 4348 3421 4402 τοῦ
3474 4348 3746 4419 προφήτου
3773 4345 3846 4399 λόο

2292 4459 2433 4512 γοις.

2882 4536 3134 4589 ΚΕΦΑΛ.
3164 4533 3262 4590 IE'.

2365 4627 2473 4681 Καὶ
2496 4628 2566 4679 ἐν
2593 4625 2673 4692 τῷ
2704 4625 2885 4697 καιρῷ
2932 4627 3141 4694 ἐκείνῳ
3178 4627 3290 4680 οὐκ
3331 4624 3508 4678 ἔσται
3542 4622 3736 4692 εἰρήνη
3775 4617 3844 4682 τῷ

2289 4717 2762 4787 ἐκπορευομένῳ.
2814 4718 3076 4790 Προλέγει
3112 4718 3220 4771 τῶν
3268 4716 3580 4787 Ἀσσυρίων
3622 4713 3714 4785 τὴν
3744 4712 3839 4779 ἐφ-

2289 4811 2429 4864 οδον.

2365 4900 2541 4969 Πλὴν
2560 4901 2632 4954 τὰ
2652 4900 2864 4969 ὑψηλὰ
2902 4902 3015 4955 οὐκ
3052 4900 3295 4971 ἐξῆρεν.
3333 4902 3505 4956 Πάλιν
3538 4899 3606 4955 τὰ
3633 4892 3840 4966 παρανό-

2295 5013 2413 5066 μως
2439 4995 2776 5066 ἀνακείμενα
2813 4996 2890 5067 τῷ
2920 4995 3062 5067 Θεῷ.

2879 5176 3134 5230 ΚΕΦΑΛ.
3175 5177 3293 5230 IC’.

2879 5178 3134 5230 ΚΕΦΑΛ.
3175 5178 3195 5230 Ι
3260 5181 3293 5230 '.

2362 5265 2467 5321 Διὰ
2498 5266 2677 5323 τοῦτο
2709 5266 2968 5337 διεσώθη
2991 5178 3578 5340 δύναμῗῖβασιλέως
3603 5260 3833 5334 Ἰσραήλ·

1882 5427 2114 5482 νΑΒΙΑἳ
2144 5427 2562 5486 LECTIONES.

675 5516 918 5592 ξᾋλῶν
976 5516 1282 5592 τραλπέζῃς.
1349 5516 1713 5574 Scribendum
1778 5534 2014 5592 censeo,
2074 5518 2221 5592 ἁλῶν
2268 5522 2366 5575 καὶ
2429 5521 2733 5592 τραπέζης.
2800 5522 3097 5579 Festinans
3159 5522 3428 5578 librarius
3488 5518 3724 5592 Voculam
3762 5525 3836 5565 ro-

607 5587 901 5658 pulativam
933 5588 1140 5641 amisit.
1182 5587 1323 5642 Olim
1381 5598 1587 5649 autem.
1650 5589 1795 5658 quod
1834 5590 1924 5645 hic
1966 5590 2065 5654 ait,
2106 5591 2221 5646 sale
2250 5600 2305 5645 et
2339 5587 2530 5647 inien'sa
2599 5587 2848 5655 faidera,
2888 5603 2941 5649 et
2978 5594 3257 5656 amicitim.
3323 5592 3530 5649 sanciri
3598 5587 3830 5658 solebant-

604 5656 986 5733 Plutarchus;
1028 5657 1359 5728 Ἑλληνικοῖς
1416 5655 1687 5733 μεταδοὺς
1718 5659 1869 5733 ἀλῶν
1906 5678 1965 5714 τε
2019 5660 2112 5714 καὶ
2170 5662 2451 5733 τραπέζης
2480 5704 2495 5727 ,
2545 5663 2879 5733 ἀπέπεμπεν
2925 5664 3129 5719 οἶκαδε.
3184 5655 3322 5720 Vide
3383 5680 3503 5733 quae
3549 5663 3693 5731 plura
3754 5655 3831 5733 11ξο

605 5728 675 5806 de
708 5743 767 5806 re
806 5729 1118 5785 notavimus
1151 5721 1288 5801 pene
1353 5721 1507 5801 pueri
1557 5731 1624 5787 ad
1664 5721 2111 5803 Lycoplironcm.
2196 5721 2215 5771 ί
2258 5721 2449 5788 Ἐνθ...
2476 5721 2763 5798 ἀποίκους.
2832 5732 3195 5791 Scribendum
3261 5721 3482 5806 putem,
3514 5721 3638 5787 ἔνθα
3698 5721 3832 5797 φασὶν

608 5797 889 5864 ἀποίκους.
