3902 6528
11 355 189 423 1213

1038 369 1575 432 COMMENTARII
1618 372 1699 433 IN
1744 372 1891 432 LIB.
1932 373 1993 433 II
2033 372 2383 435 PARALIP.

3217 362 3348 430 12H

18 472 99 527 ΕΞ
144 474 297 546 γὰρ
331 476 682 547 ἐπίστευσας,
737 481 930 551 φησιν,
981 480 1154 555 ἄρδην
1199 484 1267 540 ἂν
1300 484 1512 550 πάντας
1566 486 1661 541 άπ-

1787 484 1974 541 Israel.
2011 488 2104 553 At,
2151 488 2200 543 si
2233 488 2289 543 in
2342 485 2456 543 Deo
2491 484 2851 550 confidisses,
2903 481 3083 554 inquit
3110 523 3126 549 ,
3159 498 3350 539 omnes

14 567 357 633 ἑκτεινας.

683 662 939 717 ΚΕΦΑΛ.
968 665 1066 720 ΙΖ’.

112 749 293 804 Ὀτι
318 750 613 820 ἐπορεύθη
640 753 710 808 ἐν
746 755 914 819 ὁδοῖς
958 756 1136 811 Δαϐίδ
1165 757 1274 813 τοῦ
1297 759 1522 829 πατρὸς
1562 761 1668 815 αὐ·-

16 840 151 896 τοῦ
200 844 359 910 ταῖς
395 844 673 912 πρώταις.
723 848 1008 915 Τουτέστι,
1030 853 1152 905 κατ’
1171 851 1351 923 ἀρχὰς
1377 851 1475 906 τοῦ
1500 852 1667 907 Δαϐὶδ

18 933 271 1005 ἐζήλου
299 935 399 1004 τὴν
418 937 646 1008 ἀρετήν.

103 1024 247 1087 Kal
306 1023 519 1093 ὑψώθη
558 1028 597 1095 ἠ
628 1027 843 1096 καρδία
885 1030 1095 1086 αὐτοῦ.
1131 1031 1223 1086 Ἐν
1245 1033 1458 1105 ἐπαίνῳ
1503 1032 1666 1090 τοῦτο

23 1133 265 1187 φησιν.
306 1117 621 1187 Ἐπήγαγεν
643 1119 751 1190 γὰρ
769 1119 839 1174 ἐν
866 1121 1031 1189 ὁδοῖς
1058 1126 1301 1193 Κυρίου.

125 1207 658 1279 Ἐκουσιαζόμενον
685 1211 739 1264 δὲ
768 1212 916 1280 λέγει
934 1212 1014 1283 τῷ
1034 1216 1248 1286 Κυρίῳ,
1273 1217 1367 1271 τὸν
1394 1218 1494 1289 οὐχ
1523 1217 1665 1290 ὑπὲρ

26 1296 167 1367 ἁμα
181 1315 304 1367 ρτη
314 1298 503 1369 μάτων
533 1300 941 1373 προσφέροντα,
975 1303 1127 1376 δῶρα
1144 1304 1203 1358 δὲ
1222 1306 1666 1380 προσκομίζοντα

30 1390 125 1461 τῷ
164 1390 335 1463 Θεῷ.

679 1578 933 1634 ΚΕΦᾹΛ.
955 1578 1060 1634 ΙΘ’.

140 1670 336 1726 Ἀλλ’
370 1673 409 1742 ἢ
434 1672 605 1743 λόγοι
674 1673 883 1743 ἀγαθοὶ
937 1673 1280 1743 εὑρέθησαν
1305 1675 1389 1730 ,ἐν
1417 1676 1541 1732 σοί.
1574 1678 1667 1731 Δι-

37 1763 286 1825 δάσκει,
330 1765 407 1828 ὡς
447 1764 663 1819 ἐλαττοί
688 1764 789 1828 τὰς
834 1765 926 1818 ἐπὶ
944 1766 1057 1828 τοῖς
1089 1764 1457 1837 ἁμαρτήμασι
1484 1784 1661 1836 τιμω-

1766 580 2096 637 occidisses.

2366 670 2520 729 CAP.
2563 669 2730 727 XVII.

1838 763 2005 821 Vens.
2046 766 2101 821 3.
2145 763 2415 829 Quoniam
2443 765 2662 819 incessit
2692 766 2749 819 in
2772 765 3012 835 vestigiis
3051 762 3220 817 David
3255 777 3349 830 pa-

1768 857 1866 913 tris
1892 860 1977 912 sui
2001 859 2285 927 prioribus.
2313 858 2431 915 Hoc
2459 869 2566 927 est,
2603 859 2762 915 initio
2803 859 3063 914 virtutem
3128 855 3355 911 Davidis

1765 961 1849 1007 est
1876 951 2192 1005 aemulatus.

1836 1041 2003 1099 Vens.
2040 1042 2094 1098 6.
2140 1041 2454 1097 Exaitatum
2483 1051 2563 1098 est
2595 1059 2688 1098 eor
2717 1043 2832 1111 ejus
2856 1083 2869 1098 .
2907 1041 3082 1098 Laudi
3122 1040 3229 1097 hoc
3266 1038 3349 1117 illi

1765 1136 1995 1201 tribuit,
2043 1137 2331 1208 subiunxit
2359 1137 2505 1193 enim
2537 1137 2592 1190 in
2623 1137 2722 1192 viis
2753 1136 2993 1191 Domini.

1839 1225 2011 1282 Porro
2065 1242 2191 1281 cum
2230 1235 2431 1298 sponte
2492 1242 2589 1282 sua
2647 1241 2876 1282 munera
2928 1224 3199 1280 obtulisse
3236 1221 3348 1277 Deo

1766 1316 2032 1372 dicuntur
2078 1317 2356 1381 homines,
2390 1333 2499 1373 non
2537 1318 2875 1373 sacrificium
2923 1332 3025 1388 pro
3069 1316 3345 1387 peccatis,

1764 1422 1957 1462 verum
2006 1423 2240 1465 munera
2312 1419 2618 1479 spontanea
2666 1407 2779 1465 Deo
2833 1407 3103 1464 obtulisse
3145 1405 3350 1462 intelli-

1766 1498 2004 1568 gendum
2032 1505 2140 1554 est.

2390 1587 2542 1643 CAP.
2580 1586 2721 1642 XIX.

1838 1679 2002 1735 Vens.
2039 1680 2095 1735 5.
2146 1679 2513 1735 Verumtamen
2550 1699 2633 1737 res
2666 1682 2817 1737 bona
2869 1682 3095 1736 iuventte
3142 1685 3265 1732 sunt
3292 1677 3351 1731 in

1769 1778 1835 1825 te.
1878 1769 2088 1826 Iudicat
2109 1771 2200 1825 hic
2263 1772 2441 1837 locus,
2473 1773 2621 1842 quod
2653 1774 2886 1828 virtutes
2920 1778 3186 1825 anteactae
3215 1782 3349 1838 pec-

47 1857 186 1927 ρίας
218 1857 301 1910 τά
333 1857 618 1926 φθάσαντα
663 1856 1067 1928 κατορθώματα
1098 1874 1113 1889 ·
1145 1835 1329 1912 ταῧτα
1373 1857 1483 1928 γάρ
1515 1857 1659 1910 ὲκεί-

1787 1870 2013 1917 -atorum
2096 1861 2321 1917 meritas
2406 1863 2571 1918 etiam
2628 1876 2821 1933 pmnas
2891 1863 3194 1925 minuunt;
3250 1872 3349 1913 ens

40 1967 171 2010 νοις
230 1950 597 2021 ἀντιμετρεῦ
624 1951 720 2003 καὶ
746 1950 822 2014 ὠς
845 1951 926 2004 δεῖ
954 1951 1178 2020 φεύγειν
1211 1954 1394 2007 πᾶσαν
1442 1950 1657 2007 ἀσεϐῶν

47 2037 258 2106 φιλίαν
282 2057 345 2093 τε
378 2039 473 2094 καὶ
528 2040 871 2109 συγγένειαν.
905 2043 1212 2113 Δεξάμενος
1240 2043 1297 2097 δὲ
1318 2044 1409 2098 τὸν
1436 2044 1658 2114 ἔλεγχον

44 2133 77 2184 ὁ
109 2131 415 2201 βασιλεὺς,
451 2132 513 2185 οὐ
556 2135 717 2203 μόνον
775 2136 1082 2202 εὐσεϐείας,
1123 2137 1262 2193 ἀλλὰ
1330 2140 1427 2193 καὶ⁴
1474 2140 1657 2210 πάσης

52 2226 343 2294 εὐνομίας
396 2227 705 2298 ἐφρόντισε,
752 2231 1106 2301 καταστήσας
1140 2230 1334 2301 κριτάς
1366 2234 1425 2285 ὲν
1452 2233 1658 2298 πάσαις

48 2317 182 2377 ταῖς
210 2315 435 2379 πόλεσι,
469 2318 563 2369 καὶ
586 2318 944 2388 παραινέσεις
969 2320 1151 2383 αὐτοῖς
1177 2320 1500 2385 δικαστικὰς
1527 2322 1660 2375 imo-

48 2404 329 2475 θέμενος,
363 2406 460 2460 καὶ
489 2408 791 2478 ἐπιστήσας
814 2408 996 2472 αὐτοῖς
1041 2409 1312 2481 Ἀμαρίαν
1339 2410 1435 2463 τὸν
1483 2411 1658 2481 ἱερέα,

51 2497 123 2550 δι’
166 2492 239 2552 οὗ
268 2498 382 2551 τῶν
402 2499 787 2569 ἀγνοουμένων
823 2500 1126 2570 γνώσονται
1161 2502 1260 2573 τὴν
1288 2503 1473 2574 ψῆφον
1508 2505 1660 2575 παρὰ

52 2590 202 2643 θεοῦ
227 2607 243 2621 ο
306 2592 403 2645 καὶ
464 2592 761 2658 Ζαϐαδίαν,
799 2595 880 2656 είς
908 2594 969 2647 τὸ
1001 2595 1132 2666 περὶ⁸
1180 2595 1290 2648 τῶν
1350 2596 1659 2652 δοκούντων

56 2684 260 2746 αὐτοῖς
295 2684 670 2754 ἔπαναφέρειν
701 2684 781 2754 τῷ
810 2685 1023 2755 βασιλεῖ
1050 2704 1065 2718 ⁸
1096 2686 1191 2741 καὶ
1231 2689 1358 2751 τοὺς
1398 2689 1654 2755 Λευῖτας,

58 2777 142 2839 είς
172 2771 540 2831 διδασκαλίαν
586 2776 681 2830 τοῦ
723 2778 913 2851 νόμου.
947 2781 1087 2843 Τοὺς
1127 2780 1239 2853 γὰρ
1280 2781 1655 2847 διδάσκοντας,

62 2870 446 2941 γραμματέας
471 2870 631 2924 ὲκάλε
640 2887 760 2927 σαν.

1754 1956 1906 2009 enim
1946 1954 2051 2010 sibi
2098 1956 2323 2024 opponit
2358 1953 2618 2009 invicem.
2662 1954 2935 2011 Praeterea
2966 1953 3125 2008 docet
3159 1994 3174 2019 ,
3224 1965 3349 2007 om-

1754 2064 1824 2103 ne
1854 2048 2150 2119 impiorum
2215 2046 2555 2103 consortium
2591 2058 2645 2103 et
2703 2047 3005 2103 affinitates
3036 2046 3229 2117 procul
3260 2059 3348 2100 re-

1756 2137 2053 2208 fugiendas
2085 2154 2230 2194 esse.
2263 2138 2539 2194 Caeterum
2567 2181 2582 2204 ,
2614 2148 2908 2209 postquam
2951 2145 3106 2194 esset
3156 2151 3346 2206 repre-

1755 2232 1983 2297 hcnsus,
2015 2246 2079 2285 ac
2115 2232 2182 2286 de
2210 2246 2397 2286 errore
2423 2233 2561 2287 satis
2591 2231 2922 2302 redargutus
2952 2246 3071 2295 rex,
3096 2228 3345 2285 sedulam

1757 2337 1984 2394 operam
2018 2323 2239 2378 navavit
2266 2366 2281 2389 ,
2311 2323 2444 2377 etin
2496 2324 2702 2394 pietate
2726 2322 3104 2393 promovenda
3133 2359 3149 2383 ,
3181 2327 3236 2373 et
3288 2317 3346 2373 in

1758 2417 1926 2471 rebus
1959 2416 2221 2471 omnibus
2250 2415 2303 2469 in
2335 2416 2585 2471 ordinem
2623 2432 2786 2470 suum
2821 2413 3161 2486 redigendis.
3199 2411 3348 2468 Con-

1758 2508 1941 2564 stituit
1973 2509 2163 2579 itaque
2189 2509 2244 2563 in
2290 2509 2551 2564 omnibus
2589 2508 2824 2564 urbibus
2874 2506 3112 2577 judices,
3143 2505 3351 2576 quibus

1757 2604 1923 2657 etiam
1960 2602 2129 2669 officii
2163 2603 2389 2658 crebras
2418 2602 2757 2657 monitiones
2817 2600 3109 2664 adhibuit,
3152 2600 3351 2668 eisque

1767 2693 2049 2747 Amariam
2082 2695 2432 2749 sacerdotem
2480 2693 2725 2765 praefecit
2766 2707 2867 2763 per
2894 2706 3057 2764 quem
3093 2691 3150 2746 in
3184 2689 3350 2744 rebus

1765 2785 1951 2841 dubiis
1984 2800 2048 2841 ac
2093 2786 2341 2849 incertis,
2372 2786 2441 2841 de
2498 2785 2771 2857 suflragio
2800 2785 3016 2840 Domini
3065 2782 3352 2839 erudiren-

1767 2886 1889 2943 tur;
1920 2892 2021 2933 nec
2054 2893 2164 2931 non
2196 2876 2629 2947 Sabadiam,qui
2656 2891 2851 2932 eorum
2876 2874 3132 2944 suffragia
3158 2871 3226 2926 ad
3258 2886 3350 2926 re-

61 2978 188 3033 gem
234 2963 498 3020 referret:
535 2964 771 3037 denique
808 2965 975 3020 etiam
1005 2965 1244 3032 Levites,
1278 2981 1346 3022 ne
1409 2965 1546 3038 legis
1602 2966 1898 3037 disciplina
1946 2977 2204 3026 carerent
2272 2984 2339 3025 ac
2388 2968 2646 3024 doctores
2710 2967 2831 3038 ejus
2871 2965 3085 3023 scribas
3144 2978 3352 3019 nuncu-

66 3055 245 3125 pavit.

135 3149 249 3202 Καὶ
278 3148 453 3202 ἔσται
483 3148 693 3217 Κύριος
712 3147 864 3218 μετὰ
892 3147 999 3204 τοῦ
1019 3148 1272 3220 ἀγαθοῦ.
1306 3149 1419 3220 Οὐχ
1456 3148 1654 3213 ἁπλῶς

71 3236 201 3311 εφη,
235 3239 359 3309 μεθ’
381 3240 411 3292 ὑ
419 3237 559 3311 μῶν.

716 3334 970 3388 ΚΕΦΑΛ.
997 3335 1083 3389 κ’.

157 3422 278 3477 Καὶ
335 3422 569 3490 ἔδωκας
628 3424 826 3491 αὐτὴν
885 3424 965 3489 τῷ
1032 3423 1329 3495 σπέρματι
1404 3427 1661 3496 Ἀϐραὰμ

73 3513 180 3568 τοῦ
216 3516 407 3584 φίλου
459 3531 596 3569 σου.
655 3516 951 3587 ’Δνέμνησε
998 3515 1095 3569 τοῦ
1144 3518 1514 3588 προπάτορος,
1574 3518 1662 3571 ἵνα

77 3606 164 3660 διὰ
220 3608 326 3678 τῆς
368 3606 509 3679 πρὸς
554 3609 767 3662 ἐκεῖνον
825 3607 1162 3677 ἐπαγγελίας
1206 3607 1345 3681 τύχῃ
1387 3610 1484 3681 τῆς
1536 3609 1663 3681 βοη-

80 3697 249 3763 θείας.

148 3792 234 3846 Οὐ
267 3789 571 3860 κρινεῖς-ἐν
593 3789 833 3856 αὑτοῖς;
862 3790 1356 3863 Ἐρωτηματικῶς.
1375 3791 1663 3863 Ὁμολογεῖ

80 3882 133 3935 δὲ
164 3883 262 3937 καὶ
286 3882 387 3953 τὴν
432 3883 573 3937 ἰδίαν
603 3883 910 3937 ἀσθένειαν.

160 4054 502 4121 Ἀκούσατε,
553 4053 673 4121 πᾶς
698 4056 921 4122 Ἰούδα,
978 4056 1078 4110 καὶ
1132 4059 1187 4111 οι
1237 4056 1664 4123 κατοικοῦντες

96 4144 506 4216 Ἰερουσαλὴμ,
570 4148 1046 4215 καὶόβασιλεὺς
1096 4148 1413 4219 Ἰωσαφάτ.
1472 4149 1663 4220 Τιμῶν

90 4236 273 4290 διεῖλεν
337 4238 447 4292 άπὸ
491 4238 601 4293 τῶν
644 4239 821 4294 ἄλλων
847 4278 863 4304 ,
911 4239 1190 4310 ἐξαίρετον
1235 4241 1519 4312 ὀνομάζων
1562 4242 1660 4295 αὑ·

86 4329 195 4383 τόν.
236 4330 645 4396 Κατοικοῦντας
678 4332 736 4386 δὲ
764 4332 936 4403 λέγει,
992 4333 1121 4397 τοὺς
1166 4334 1276 4388 ἀπὸ
1332 4334 1443 4389 τῶν
1482 4334 1661 4390 ἄλλων

90 4423 285 4489 φυλῶν.

519 4517 902 4589 ψαλτιικεούς.
935 4516 1170 4580 Λευῖτας
1193 4516 1501 4588 ὑμνοῦντας
1523 4559 1539 4588 ,
1562 4519 1663 4589 οὐχ

91 4613 439 4686 ὁπλοφόρους,
469 4612 762 4685 προτάττει
782 4611 882 4681 τῆς
910 4611 1194 4681 στρατιᾶς.

162 4799 256 4853 Ἐν
290 4795 530 4851 Γεσιὼν
560 4795 771 4863 Γαϐέρ.
799 4792 893 4864 Τῷ
924 4788 1136 4862 Ἰνδικῷ
1195 4788 1424 4861 πελάγει
1483 4790 1667 4863 παρά-

94 4906 283 4955 κειται,
316 4889 583 4960 Βερονίκη
606 4888 773 4942 καλου
783 4887 940 4958 μένη.

164 4983 260 5049 Ὠς
283 4981 606 5052 ἐφιλίασας
635 4978 715 5046 τῷ
752 4980 1025 5050 Ὀχοσίᾳ.
1049 4979 1194 5052 Ὅρα
1222 4978 1333 5052 γάρ
1363 4977 1464 5049 τῆς
1485 4975 1667 5047 κακῆς

96 5071 408 5142 συγγενείας
438 5071 502 5123 τὸ
529 5069 702 5134 τέλος.
739 5070 949 5141 Ἰωράμ
974 5069 1104 5142 γὰρ,
1123 5074 1151 5124 ὀ
1181 5070 1373 5124 τούτου
1393 5072 1543 5134 παῖς,
1567 5067 1662 5121 τοῦ

100 5164 349 5236 κηδεστοῦ
398 5162 607 5234 Ἀχαάϐ
648 5164 894 5234 ἐζήλωσε
920 5163 1019 5235 τὴν
1054 5162 1332 5228 ἀσέϐειαν,
1382 5163 1480 5216 καὶ
1536 5162 1664 5223 τοὺς

98 5258 348 5327 ἀδελφοὺς
379 5256 588 5320 πάντας
615 5257 911 5311 ἀπέκτεινε
936 5272 950 5288 ·
984 5256 1079 5310 καὶ
1104 5254 1173 5309 τὰ
1198 5255 1361 5309 λοιπά
1384 5297 1399 5322 ,
1431 5254 1597 5326 φησὶν
1627 5256 1661 5325 ἡ

100 5348 303 5423 Γραφή.

654 5438 908 5494 ΚΕΦΑΛ.
931 5440 1069 5496 KA’.

161 5535 259 5589 Διὰ
293 5533 411 5602 τὴν
436 5532 757 5602 διαθήκην,
802 5530 883 5599 ἢν
905 5529 1130 5588 διέθετο
1153 5528 1232 5596 τῷ
1248 5529 1447 5585 Δαϐίδ.
1479 5528 1666 5594 Οὕτως

104 5626 284 5700 ὠφελεῖ
305 5628 588 5700 προγόνων
616 5626 893 5681 εὐσέϐεια.

1834 3144 1997 3200 Vens.
2040 3143 2129 3200 il.
2164 3143 2386 3214 Eritque
2415 3141 2677 3198 Dominus
2707 3156 2828 3195 cum
2853 3157 2914 3195 eo
2942 3142 3033 3211 qui
3068 3141 3196 3195 bene
3232 3155 3348 3211 ege-

1681 3258 1726 3314 ο
1760 3236 1849 3289 rit.
1878 3235 1998 3290 Non
2019 3235 2360 3306 simpliciter,
2392 3233 2703 3298 vobiscum,
2732 3232 2931 3303 inquit.

2393 3325 2546 3380 CAP.
2586 3323 2704 3380 XX.

1830 3418 1996 3474 Vens.
2040 3419 2095 3472 7.
2136 3417 2452 3488 Dedistique
2484 3433 2601 3471 eam
2661 3416 2855 3472 semini
2906 3415 3138 3471 Abrahae
3191 3413 3350 3468 amici

1762 3513 1842 3567 tui
1872 3520 2141 3582 perpetuo.
2187 3510 2517 3566 Meutionem
2582 3510 2859 3580 majorum
2908 3507 3042 3563 facit
3084 3514 3143 3563 ut
3187 3522 3351 3578 prop-

1762 3614 1847 3659 ter
1908 3602 2339 3674 promissionem
2398 3602 2512 3658 illis
2576 3601 2779 3657 factam
2845 3600 3119 3655 auxilium
3175 3600 3351 3669 impe-

1764 3703 1893 3751 tret.

1838 3787 2000 3843 Vens.
2044 3788 2134 3843 I2.
2176 3786 2319 3842 Deus
2367 3796 2565 3853 noster,
2603 3803 2671 3840 an
2722 3802 2827 3840 non
2922 3784 3166 3839 udicabis
3228 3785 3353 3838 eos?

1762 3876 1878 3933 Hac
1933 3877 2308 3949 interrogandi
2358 3876 2534 3932 forma
2584 3890 2741 3931 suam
2796 3873 3168 3929 infirmitatem
3218 3884 3355 3926 con-

1762 3972 1974 4026 litetur.

1836 4066 2000 4121 Vens.
2043 4063 2355 4129 IS.Audite,
2383 4063 2554 4117 omnis
2571 4059 2741 4125 Iuda,
2768 4068 2818 4115 et
2844 4058 3169 4113 habitatores
3188 4054 3353 4110 Jeru-

1762 4158 2030 4223 salem,et
2076 4166 2130 4210 tu
2174 4172 2270 4211 rex
2338 4154 2625 4223 Josaphat.
2666 4152 2901 4207 Honoris
2944 4154 3119 4222 gratia
3171 4163 3352 4219 regem

1764 4264 2017 4306 seorsum
2058 4250 2329 4304 nominat.
2377 4246 2480 4303 Per
2521 4248 2861 4303 habitatores
2927 4260 3061 4301 vero
3095 4239 3353 4311 intelligit

1764 4359 1860 4400 eos
1911 4343 2005 4415 qui
2034 4358 2099 4399 ex
2144 4343 2274 4399 aliis
2322 4342 2588 4398 tribubus
2627 4351 2810 4397 erant.

1836 4517 2000 4579 Vens.
2038 4519 2129 4575 21.
2172 4516 2467 4573 Collocavit
2512 4517 2847 4587 psalmistas.
2915 4512 3143 4579 Levitis,
3183 4524 3247 4566 ac
3282 4510 3351 4567 iis

1693 4606 1743 4664 D
1767 4610 1861 4681 qui
1890 4611 2201 4676 laudarent,
2232 4626 2346 4665 non
2379 4612 2638 4675 armatis,
2694 4609 2910 4679 primos
2958 4606 3182 4663 ordines
3211 4618 3351 4660 con-

1765 4701 1933 4757 cedit.

1836 4792 2004 4848 Vens.
2048 4792 2136 4847 56.
2182 4790 2247 4846 In
2279 4791 2476 4846 (ἱεκὶοη
2515 4790 2712 4846 Gaber.
2760 4790 3051 4863 Contingit
3074 4790 3168 4863 :ad
3201 4804 3353 4847 mare

1765 4885 2040 4949 Indicum,
2075 4894 2131 4939 et
2164 4894 2403 4939 vocatur
2431 4882 2715 4939 Beronice.

1834 4976 2003 5033 Vens.
2044 4977 2134 5034 57.
2180 4978 2260 5030 Eo
2285 4975 2425 5047 quod
2467 4977 2777 5031 societatem
2811 4977 2982 5032 iniisti
3009 4993 3129 5030 cum
3181 4974 3353 5031 Ocho-

1764 5071 1868 5126 δὶα.
1897 5068 1976 5123 En
2005 5085 2135 5125 vero
2166 5069 2427 5139 improba:
2489 5069 2637 5125 illius
2703 5070 2995 5125 affinitatis
3068 5080 3349 5123 eventum.

1766 5164 1943 5217 Ioram
1974 5162 2122 5217 enim
2179 5160 2345 5231 hujus
2387 5161 2554 5224 filius,
2590 5163 2769 5217 soceri
2819 5164 2903 5217 sui
2940 5161 3129 5215 Achab
3158 5161 3351 5230 impie-

1768 5262 1934 5307 tatem
1965 5261 2049 5308 est
2079 5261 2346 5315 sectatus,
2391 5260 2446 5309 et
2483 5253 2683 5309 fratres
2720 5269 2854 5309 suos
2892 5254 3110 5308 necavit
3133 5253 3352 5323 aliaque

1768 5344 2090 5416 hujusmodi
2127 5344 2369 5407 admisit.
2408 5353 2466 5399 ut
2507 5346 2663 5401 testis
2685 5355 2770 5399 est
2798 5345 3109 5415 Scriptura.

2385 5436 2542 5493 CAP.
2587 5435 2726 5492 XXI.

1842 5530 2007 5587 Vens.
2049 5531 2102 5586 7.
2144 5530 2372 5601 Propter
2421 5528 2475 5598 fu
2493 5527 2615 5592 dus,
2648 5526 2786 5597 quod
2830 5527 3023 5579 inierat
3079 5541 3198 5579 eum
3238 5521 3350 5578 Da-

1772 5624 1909 5680 vide.
1952 5624 2265 5696 Tantopere
2294 5621 2558 5678 conducit
2582 5622 2758 5689 pietas
2808 5619 3099 5688 majorum.

1361 5714 1595 5771 VARUE
1617 5715 2023 5771 LECTIONES.

1361 5716 1595 5771 VARUE
1617 5716 1818 5772 LECTI
1870 5716 2023 5772 NES.
2654 5720 2655 5723 “

167 5823 201 5853 ω
222 5817 480 5884 Ἔστησε
499 5810 880 5883 ψαλτφδούς.
898 5807 1201 5869 Confundit
1222 5806 1311 5865 hic
1333 5806 1586 5881 Procopii
1618 5810 1783 5868 verba
1804 5716 1928 5867 eam
1959 5817 2111 5867 textu
2145 5808 2315 5866 codex
2346 5806 2619 5865 Lavatcri.
2644 5804 2841 5863 Noster
2867 5811 3015 5861 recte
3035 5803 3343 5878 distinguit-
