4034 6528
202 324 335 390 121'!

1153 304 1688 370 COMMENTARII
1732 303 1816 363 IN
1879 300 2027 361 LIB.
2073 299 2137 358 ῙΙ
2186 296 2533 358 PARALIP.

3332 288 3467 352 1218

270 436 379 492 Kal
415 431 817 490 απελὰϐογτο
864 423 1065 481 αὐτῶν
1111 426 1165 477 οὶ
1211 420 1464 489 ἀδελφοὶ
1508 415 1711 473 αὐτῶν·
1728 418 1781 468 οἱ

1961 408 2130 464 Vens.
2160 407 2250 461 54.
2290 408 2355 460 At
2390 407 2587 473 fratres
2616 419 2805 459 eorum
2829 402 3028 458 Levita:
3056 417 3201 472 apem
3232 401 3467 455 tulerunt

198 528 463 585 Awh'at.
483 524 682 591 ὐλίγοι
708 516 847 591 ἦσαν
868 516 979 570 τῶν
999 514 1192 586 ἱερέων
1217 509 1629 581 ἁγνοὶέκαὶοὺκ
1657 507 1783 560 ἀντ-

197 623 348 691 εῖχον
382 618 523 689 πρὸς
555 616 655 686 τὴν
680 608 961 684 ἱερατικὴν
975 604 1344 676 λειτουργίαν.
1372 601 1536 656 Ὅθεν
1556 600 1606 652 oi
1624 594 1783 652 Λευῖ-

322 705 797 783 (προηγνίσθησαν
838 699 974 771 γὰρ)
1026 694 1385 750 ἀντελὰϐοντο
1435 691 1544 745 τῶν
1600 688 1783 761 ἱερῶν.

198 801 376 858 Τοῦτο
396 801 454 855 δὲ
477 800 573 854 καὶ
600 797 718 862 νῦν,
750 793 905 863 φασὶ,
936 791 1258 860 γιγνόμενον
1283 786 1432 839 ἔστιν
1464 785 1612 838 ίδεῖν.
1641 785 1786 855 Πρε-

202 894 471 965 σϐυτέρου
497 890 606 961 γὰρ
631 889 691 942 οὑ
716 885 1007 957 παρόντος,
1040 882 1136 935 καὶ
1175 880 1276 949 τῆς
1305 877 1497 950 χρείας
1528 892 1788 965 κατεπειέ

198 964 431 1053 γούσης,
478 978 849 1048 ἀναγκάζεται
900 973 994 1027 καὶ
1037 971 1287 1033 διάκονος
1325 965 1661 1039 προσφέρειν
1707 964 1788 1035 τῷ

199 1073 447 1145 δεομένῳ
486 1072 547 1123 τὸ
580 1069 888 1140 βάπτισμα.

279 1188 393 1242 Καὶ
413 1182 618 1256 προῖὼν
635 1183 692 1236 65
716 1181 883 1245 λέξει,
908 1177 1047 1244 πῶς,
1070 1174 1268 1230 πολλοῦ
1282 1172 1625 1232 συνελθόντος
1646 1168 1787 1240 πλή-

206 1283 356 1344 θους.
387 1279 535 1332 θύειν
565 1272 993 1346 ἠναγκάσθησαν
1030 1270 1078 1323 οἱ
1114 1265 1359 1331 Λευῖται,
1399 1261 1665 1335 μηδαμῶς
1690 1262 1790 1331 ἁρ-

205 1370 452 1422 κούντων
490 1365 600 1419 τῶν
633 1362 846 1433 ἱερέων.
896 1359 996 1412 Διὰ
1043 1357 1101 1412 δὲ
1140 1357 1202 1409 τὸ
1229 1353 1488 1423 ἐξαπίνης
1522 1350 1789 1422 κληθῆναι

203 1462 337 1521 τοὺς
370 1459 431 1526 ἐξ
477 1455 715 1529 Ἰσραὴλ,
744 1455 795 1507 οἱ
829 1451 1052 1513 πλείους
1084 1448 1194 1503 τῶν
1223 1446 1605 1508 συνελθόντων,
1638 1444 1790 1512 ἁγνι-

207 1552 405 1621 σθῆναι
443 1549 518 1621 μὴ
546 1548 853 1617 φθάσαντες
874 1585 890 1611 ,
922 1543 1125 1614 ἔφαγον
1172 1540 1234 1593 τὸ
1279 1539 1495 1609 πάσχα,
1525 1536 1620 1589 καὶ
1656 1549 1791 1602 συγ-

206 1644 436 1714 γνώμης
456 1642 667 1711 έτυχον,
694 1639 786 1693 διὰ
800 1639 900 1711 τὴν
926 1637 1020 1691 τοῦ
1045 1633 1316 1707 βασιλέως
1338 1630 1645 1697 εὐσέϐειαν,
1668 1627 1793 1682 καί-

206 1756 319 1811 περ
352 1734 867 1808 παρανομήσαντες.
936 1788 941 1793 ,

799 1866 1054 1922 ΚΕΦΑΛ.
1085 1863 1210 1919 ΛΒ’.

277 2004 444 2059 Μετὰ
476 2003 549 2058 δὲ
575 2001 717 2070 τοὺς
751 2002 977 2069 λόγους
1031 1998 1317 2062 τούτους,
1350 1994 1452 2049 καί
1497 1992 1612 2061 τὴν
1646 1991 1798 2059 ἀλή-

211 2099 381 2151 θειαν
420 2096 675 2162 ταύτην,
719 2088 871 2163 ἦλθε
913 2090 1335 2159 Σενναχερρίμ.
1380 2088 1634 2141 Διδάσκει
1674 2084 1792 2151 νῦν,

210 2188 296 2240 ὃτι
322 2186 417 2239 καὶ
438 2187 564 2249 τοὺς
583 2184 859 2247 θεοσεϐεῖς
879 2183 1078 2253 ἄνδρας
1105 2180 1418 2249 δοκιμάζων
1451 2181 1479 2233 ό
1501 2179 1631 2243 Θεὸς
1653 2196 1795 2248 συμ-

211 2279 407 2347 φοραῖς
436 2276 756 2347 περιπεσεῖν
778 2275 1075 2343 συγχωρεῖ,
1100 2270 1193 2326 καὶ
1218 2269 1422 2325 διαλύει
1444 2270 1512 2325 τὰ
1533 2269 1791 2340 δυσχερῆ·

211 2368 311 2421 καὶ
366 2369 447 2421 ὃτι
476 2369 554 2420 δεῖ
587 2365 706 2437 Θεῷ
756 2364 1096 2436 θαρροῦντας
1138 2364 1211 2434 μὴ
1230 2363 1499 2433 καθῆσθαι
1519 2363 1794 2433 διακενῆς,

214 2459 597 2530 συνεισφέρειν
627 2457 684 2510 δὲ
716 2457 812 2511 καὶ
841 2456 910 2509 τὰ
949 2456 1081 2526 παρ’
1116 2454 1345 2509 ἑαυτῶν.
1379 2455 1595 2523 ’Ὠσπερ
1645 2455 1797 2517 Ἐζε-

213 2550 342 2614 κίας
397 2551 536 2621 πρὸς
584 2549 677 2603 τὸν
726 2548 964 2619 πόλεμον
1014 2547 1402 2618 ηὑτρεπίσατο,
1434 2548 1528 2601 καὶ
1578 2546 1714 2618 μετὰ
1736 2544 1799 2600 τὸ

214 2644 399 2697 πάντα
432 2643 677 2711 ποιῆσαι,
710 2640 865 2710 φησὶ,
895 2638 1031 2693 Μετ’
1054 2638 1222 2693 αὑτοῦ
1282 2638 1571 2710 βραχίονες
1603 2638 1798 2708 σάρκι-

217 2754 330 2799 νοι,
362 2736 481 2806 μεθ’
512 2734 670 2805 ἡμῶν
696 2734 774 2799 δὲ,
803 2731 1010 2803 Κύριος
1035 2733 1064 2784 ό
1089 2731 1222 2795 Θεὸς
1247 2732 1404 2801 ἡμῶν
1424 2747 1437 2761 ο
1466 2730 1527 2783 τὸ
1585 2730 1800 2800 ἄμαχον

213 2828 435 2891 δεικνὺς
483 2826 577 2879 τοῦ
615 2824 773 2890 Θεοῦ,
808 2825 904 2878 καὶ
946 2824 1056 2877 τῶν
1100 2822 1405 2893 ἀνθρώπων
1431 2822 1493 2877 τὸ
1521 2822 1719 2895 σαθρόν
1738 2840 1799 2878 τε

215 2920 315 2973 καὶ
368 2918 725 2990 πρόσκαιρον.
754 2917 1009 2987 Νικήσας
1037 2916 1116 2979 δὲ,
1155 2915 1250 2968 καὶ
1283 2914 1543 2984 ὑψωθεὶς,
1576 2916 1800 2969 ἐταπει-

215 3011 386 3081 νώθη,
452 3010 595 3065 κατὰ
644 3010 725 3077 τὸ,
773 3010 830 3063 '0
857 3009 1008 3079 ὑψῶν
1049 3008 1271 3073 ἑαυτὸν,
1304 3008 1798 3079 ταπεινωθήσεται.

219 3105 433 3175 Ὅμως,
473 3102 564 3157 διὰ
614 3105 715 3171 τὴν
754 3101 1071 3164 εὐσέϐειαν,
1106 3101 1387 3171 αὐτόπτης
1438 3101 1538 3154 οὐκ
1586 3100 1806 3169 ἐγένετο
1832 3106 1875 3165 c

215 3195 331 3248 τῶν
359 3193 641 3264 λυπηρῶν,
673 3190 1007 3262 τελευτήσας
1051 3189 1187 3260 πρὶν
1228 3190 1356 3251 τοὺς
1391 3178 1681 3258 πολεμίους
1721 3188 1807 3239 ἐλ-

218 3288 358 3342 θεῖν.
379 3286 628 3339 Διδάσκει
648 3284 705 3338 δὲ
738 3284 771 3355 ἡ
830 3282 1048 3354 Γραφὴ,
1079 3281 1155 3344 ὡς
1205 3279 1295 3333 διὰ
1320 3279 1411 3332 τὸν
1439 3277 1808 3349 ἁναποδισμδν

224 3379 326 3432 τοῦ
349 3377 505 3448 ἡλίου
554 3374 847 3430 ἀπέστειλε
900 3374 1037 3445 πρὸς
1067 3371 1229 3425 αὑτὸν
1254 3370 1364 3424 τῶν
1389 3369 1747 3423 Βαϐυλωνίων
1779 3372 1808 3423 ὁ

223 3467 503 3538 βασιλεὺς,
532 3463 627 3520 τοῦ
666 3463 934 3520 πυθέσθαι
973 3463 1106 3534 παρ’
1133 3461 1301 3516 αὑτοῦ
1320 3462 1381 3516 τὸ
1410 3460 1596 3533 τέρας,
1626 3459 1654 3513 δ
1682 3460 1807 3528 ἐγέ-

223 3578 349 3614 νετο
384 3560 482 3614 ἐπὶ
508 3560 610 3630 τῆς
639 3558 765 3629 γῆς.

308 3763 494 3831 ’1ηών.
530 3761 635 3817 Τὸν
665 3759 870 3830 meam
902 3758 1048 3814 οὕτω
1084 3760 1257 3816 καλεῖ.

214 3910 224 3921 ο
297 3875 407 3931 Καὶ
466 3875 862 3945 ἐγκατέλιπεν
902 3874 1092 3929 αὐτὸν
1121 3878 1153 3929 ό
1195 3876 1411 3943 Κύριος
1466 3876 1572 3931 τοῦ
1607 3876 1809 3946 πειρά-

227 3982 333 4020 σαι
387 3968 595 4021 αὐτόν.
652 3965 815 4037 Δηλοῖ
841 3966 871 4017 ὁ
901 3964 1082 4033 λόγος,
1117 3965 1199 4017 ὅτι
1253 3964 1479 4035 ἄμεινον
1532 3967 1590 4019 ἐν
1617 3966 1808 4039 Κυρίῳ

227 4056 563 4127 καυχᾶσθαι.
595 4057 723 4111 Δέον
745 4056 855 4128 γὰρ
884 4056 1048 4109 αὑτὸν
1078 4055 1206 4125 περὶ
1232 4056 1333 4127 τῆς
1354 4056 1503 4119 θείας
1526 4057 1808 4130 δυνάμεως

227 4151 634 4220 διηγήσασθαι,
665 4151 757 4203 τδν
782 4148 1015 4203 πλοῦτον
1076 4149 1418 4203 ὑποδεικνύει
1483 4151 1576 4205 τὸν
1636 4152 1808 4224 πρόσ-

230 4256 445 4308 καιρον.
469 4239 541 4291 Τὸ
566 4238 645 4302 δὲ,
704 4238 992 4307 Πειράσαι
1046 4238 1235 4292 αὑτὸν
1272 4238 1494 4293 εἰδέναι
1531 4245 1602 4295 τὰ
1633 4242 1702 4295 ὲν
1733 4242 1809 4312 τῇ

228 4331 442 4397 καρδίᾳ
493 4328 703 4395 αὐτοῦ,
737 4330 858 4383 ἀντὶ
887 4328 1005 4391 τοῦ,
1054 4329 1317 4400 Ἠθέλησε
1350 4331 1637 4401 γυμνῶσαι
1681 4335 1808 4397 τοὺς

1886 501 2022 554 illis.
2058 498 2387 553 Sacerdotes
2419 496 2711 567 pauciores
2742 503 2904 550 erant
2937 494 3265 559 consecrati,
3301 509 3467 562 quam

1889 599 1948 642 ut
1994 586 2304 641 ministerio
2355 584 2687 640 sacerdotali
2735 584 2989 640 sudicere
3035 590 3281 654 possent.
3314 581 3470 636 Unde

1890 680 2093 735 Levita:
2115 720 2132 744 ,
2176 678 2332 747 prius
2369 675 2705 731 sanctiﬁcati
2726 715 2744 741 ,
2776 674 3161 730 sacerdotibus
3189 674 3471 743 suppetias

1887 773 2157 835 tulerunt,
2188 769 2337 839 quod
2367 769 2668 823 etiamnum
2708 766 2823 822 ﬁeri
2851 766 3119 821 videmus.
3153 764 3286 820 Cum
3323 766 3469 819 enim

1890 864 2183 934 presbyter
2204 876 2311 915 non
2337 869 2538 929 praesto
2557 869 2662 922 est,
2678 874 2741 913 ac
2763 874 2899 914 usus
2921 856 3473 929 postulal,diaconns

1890 956 2235 1028 baptismum
2260 953 2655 1008 administrare
2680 952 2924 1023 cogit-ur.

1962 1156 2136 1210 Porro
2170 1169 2336 1214 vero,
2374 1152 2592 1218 inquit,
2645 1165 2770 1205 cum
2807 1150 3068 1221 frequens
3110 1148 3303 1204 concio
3338 1162 3474 1202 con-

1890 1249 2156 1309 venisset,
2186 1245 2385 1299 Levita:
2407 1241 2726 1298 sacriﬁcare
2751 1244 2927 1296 coacti
2957 1252 3107 1307 sunt,
3137 1257 3264 1295 cum
3292 1240 3475 1308 inania

1890 1355 2147 1396 verorum
2183 1336 2574 1393 sacriﬁcorum
2608 1342 2777 1389 esset.
2819 1334 3091 1399 Quoniam
3128 1347 3256 1388 vero
3287 1331 3474 1385 multi-

1890 1435 2082 1489 tudine
2136 1430 2446 1488 Israelitica:
2492 1427 2778 1482 concionis
2818 1427 2985 1481 citius
3022 1435 3207 1480 essent
3257 1424 3474 1487 obruti,

1893 1537 2058 1594 quam
2091 1530 2153 1575 ut
2193 1535 2255 1576 se
2296 1518 2364 1572 ad
2400 1531 2558 1572 sacra
2608 1525 2830 1594 possent
2872 1515 3165 1583 accingere
3195 1553 3209 1574 ,
3262 1513 3469 1581 pascha

1892 1592 2188 1670 comedere
2218 1626 2326 1664 non
2357 1616 2486 1664 sunt
2536 1592 2727 1672 veriti,
2778 1621 2843 1659 ac
2876 1604 3060 1659 delicti
3114 1604 3325 1657 veniam
3361 1619 3471 1658 meo

1894 1711 2147 1770 ruerunt,
2181 1712 2412 1774 propter
2441 1698 2590 1771 regis
2618 1704 2918 1769 spectatam
2951 1696 3233 1767 pietatem.

2474 1829 2634 1888 CAP.
2669 1826 2899 1898 χχχιι.

1968 1961 2133 2019 Vens.
2172 1963 2227 2017 7.
2265 1961 2397 2017 Post
2447 1960 2546 2015 illa
2581 1968 2731 2030 gesta
2756 1997 2772 2024 ,
2819 1968 2870 2011 et
2918 1955 3077 2026 ﬁdem
3107 1956 3301 2018 illaut,
3341 1955 3478 2009 tem‘t

1899 2053 2288 2110 Sennacherib.
2345 2053 2516 2108 Docet
2542 2066 2694 2106 nunc
2755 2064 2920 2119 quam
2975 2050 3145 2104 variis
3177 2048 3335 2103 malis
3372 2048 3481 2101 cir-
3560 2072 3573 2079 ι

1899 2156 2228 2202 cumventos
2259 2160 2395 2199 suos
2421 2144 2663 2198 cultores
2690 2141 2831 2196 Deus
2864 2140 3083 2210 probet,
3108 2154 3173 2193 ac
3213 2140 3474 2208 probatos

1897 2239 2117 2295 demum
2169 2244 2424 2302 asserat;
2476 2235 2607 2289 item
2683 2232 2960 2303 quomodo
3011 2232 3269 2287 omnibus
3317 2231 3482 2286 rebus

1899 2324 2234 2397 posthabitis
2259 2365 2275 2390 ,
2331 2323 2535 2377 ﬁducia
2570 2320 2744 2376 solida
2773 2320 2827 2372 in
2865 2317 2975 2372 Deo
3007 2317 3361 2383 collocanda,
3413 2331 3479 2369 ac

1899 2418 2120 2475 interim
2152 2424 2331 2471 tamen
2365 2429 2557 2468 omnes
2587 2419 2822 2467 conatus
2890 2417 3054 2479 atque
3079 2410 3225 2463 vires
3254 2408 3485 2463 atl‘erenr

1898 2508 2002 2564 dte.
2048 2505 2520 2575 Quemadmodum
2571 2502 2839 2558 Ezechias
2889 2501 3089 2556 bellum
3147 2499 3433 2553 adornavit
3464 2538 3480 2563 ,

1899 2602 2182 2672 rebusque
2210 2598 2471 2654 omnibus
2516 2597 2618 2651 rite
2645 2595 2832 2659 obitis,
2883 2594 3092 2663 inquit,
3132 2591 3347 2645 Carnea
3376 2592 3485 2645 illis

1901 2699 2106 2755 adsunt
2143 2697 2389 2760 brachia,
2429 2697 2587 2751 nobis
2616 2710 2749 2750 vero
2782 2694 3047 2750 Dominus
3079 2692 3225 2749 Deus
3272 2703 3481 2747 noster.

1901 2790 2117 2858 Quibus
2154 2789 2337 2845 verbis
2380 2788 2634 2852 indicat,
2696 2787 2843 2857 quod
2898 2786 2993 2841 Dei
3043 2786 3193 2841 vires
3235 2784 3488 2841 infractae

1902 2883 2036 2948 sint,
2088 2881 2373 2936 hominum
2445 2892 2576 2934 vero
2619 2877 2780 2932 ﬂuxa:
2843 2892 2906 2932 ac
2960 2877 3265 2933 instabiles.
3316 2875 3490 2931 Porro

1903 2988 2026 3028 cum
2062 2988 2129 3028 ex
2176 2971 2407 3026 victoria
2452 2970 2761 3034 eﬂerretur,
2813 2969 3135 3024 humiliatus
3166 2968 3487 3037 est,'juxta

1909 3065 2064 3131 illud,
2088 3064 2190 3131 Qui
2218 3079 2339 3119 sese
2367 3062 2544 3128 eﬂ'ert,
2578 3061 2986 3116 humiliabitur.
3017 3059 3346 3130 Quanquam
3399 3060 3488 3113 in-

1914 3159 2074 3214 terim
2104 3158 2390 3228 prtemium
2420 3171 2533 3212 sua:
2558 3155 2780 3226 pietatis
2814 3154 2949 3209 illud
2977 3155 3121 3220 tulit,
3152 3163 3212 3209 ut
3240 3153 3491 3208 miseria-

1930 3267 2051 3306 rum
2096 3265 2224 3321 quae
2270 3259 2584 3304 consecutae
2632 3256 2762 3303 sunt
2792 3285 2809 3312 ,
2863 3261 2971 3301 non
3024 3247 3187 3300 fuerit
3234 3246 3490 3300 oculatus

1910 3342 2251 3411 speculator;
2306 3354 2494 3394 verum
2551 3346 2728 3393 morte
2778 3337 3181 3409 grassationem
3251 3338 3488 3393 hostium

1909 3432 2291 3487 anteverterit.
2325 3429 2538 3484 [ndicat
2563 3443 2692 3484 vero
2719 3427 3030 3499 Scriptura,
3059 3428 3206 3500 quod
3236 3428 3489 3500 diligenti

1909 3525 2042 3581 solis
2069 3524 2445 3593 recognitione
2466 3523 2677 3590 habita,
2705 3537 2797 3578 ne:
2822 3522 3250 3593 Babyloniorum
3282 3522 3493 3592 legatus

1909 3618 1979 3673 ad
2011 3631 2137 3672 eum
2176 3616 2416 3680 miserit,
2451 3629 2515 3669 ac
2548 3615 2617 3669 de
2651 3622 2907 3685 portento
2934 3613 3083 3668 edito
3127 3614 3491 3669 consuluerit.

1980 3731 2173 3787 Gihon.
2219 3730 2312 3786 Sic
2338 3739 2499 3785 vocat
2530 3729 2759 3784 Siloam.

1974 3841 2141 3899 Vens.
2170 3843 2259 3899 51.
2301 3842 2598 3913 Dereliquit
2628 3860 2749 3898 eum
2790 3842 2930 3898 Deus
2952 3884 2966 3910 ,
3001 3854 3058 3897 ut
3096 3855 3319 3899 tentaret
3348 3861 3493 3901 eum.

1912 3934 2189 3991 Docemur
2216 3936 2320 3991 hoc
2345 3937 2621 4006 exemplo,
2662 3937 3002 3992 tutissimum
3028 3952 3148 3993 esse
3179 3938 3231 3991 in
3267 3938 3496 3995 Domino

1913 4028 2163 4101 gloriari.
2214 4028 2451 4084 Decebat
2491 4027 2637 4083 enim
2676 4029 2854 4099 ipsum
2883 4069 2898 4093 ,
2943 4027 3145 4083 divinae
3194 4029 3499 4099 majestatis

1916 4122 2147 4194 gloriam
2178 4122 2380 4190 potius,
2410 4136 2574 4192 quam
2608 4136 2742 4192 opes
2766 4119 2941 4176 ﬂuxas
2996 4130 3049 4176 et
3080 4121 3319 4176 incertas
3349 4136 3499 4176 com-
3602 4154 3607 4159 -

1913 4211 2411 4282 memorarc.552
2472 4208 2777 4281 Notumque
2832 4212 2980 4280 ﬁeret
3049 4211 3303 4282 quidquid
3366 4220 3499 4266 esset

1910 4307 1965 4359 in
2003 4305 2353 4372 cordeipsius.
2411 4303 2524 4358 Hoc
2555 4313 2665 4368 est,
2702 4304 2826 4359 aliis
2870 4304 3114 4359 revelare
3171 4305 3336 4359 voluit
3406 4320 3500 4358 co-

230 4395 529 4492 λογισμοὺς
556 4421 725 4475 αὐτοῦ
758 4423 873 4484 τοῖς
904 4421 1107 4486 ἄλλοις.
1177 4395 1372 4486 Δὺτδςν
1396 4395 1505 4495 γὰρ
1550 4395 1801 4493 γινώσκεῖ

1914 4399 2205 4469 gitationes
2237 4397 2432 4467 ipsius.
2465 4396 2597 4468 glpse
2633 4395 2777 4451 enim
2824 4397 2976 4452 solus
3017 4395 3183 4452 corda
3218 4397 3498 4451 hominum

228 4510 329 4575 τὰς
361 4511 593 4581 καρδίας
622 4509 732 4565 τῶν
769 4508 1075 4583 ἀνθρώπων
1101 4509 1429 4581 μονώτατος.

834 4644 1086 4699 ΚΕΦΑΛ.
1130 4643 1255 4699 AI".

304 4764 418 4819 Kal
445 4763 600 4834 ἔγνω
637 4760 1003 4829 Μανασσῆς,
1042 4761 1131 4817 ὅτι
1166 4759 1383 4826 Κύριος
1434 4759 1617 4825 αὑτός
1645 4758 1818 4812 ἐστιν

230 4861 264 4912 ό
306 4858 473 4925 Θεός.
531 4855 718 4920 Οὕτως
764 4856 798 4925 ἡ
853 4854 1071 4909 παιδεία
1119 4852 1247 4917 τοὺς
1301 4851 1665 4923 βουλομένους
1707 4851 1817 4904 ὀνί-

231 4967 414 5021 νησιν.

308 5237 485 5304 Πλὴν
524 5238 614 5295 ἔτι
644 5238 849 5301 όλαὸς
872 5234 971 5288 ἐπὶ
1011 5233 1130 5288 τῶν
1172 5234 1433 5303 ὑψηλῶν
1478 5234 1815 5297 ὲθυσίαζεν.

235 5332 365 5384 Ὀτι
396 5348 461 5383 πε
473 5332 525 5400 pl.
550 5329 657 5382 τῶν
686 5328 923 5381 θυόντων
956 5330 1014 5381 5v
1045 5327 1268 5398 ὑψηλοῖς
1295 5327 1373 5397 τῷ
1400 5329 1590 5400 Κυρίῳ
1627 5330 1815 5399 φησὶν,

239 5422 424 5491 δῆλον.
465 5423 742 5491 Ἐπήγαγε
773 5422 901 5491 γὰρ,
938 5420 1089 5491 Πλὴν
1137 5420 1218 5483 είς
1272 5419 1430 5472 κενὸν
1461 5419 1540 5490 τῷ
1567 5419 1686 5491 Θεῴ
1720 5421 1815 5473 αὑ-

238 5532 371 5567 των.

834 5624 1091 5678 ΚΕΦΑΛ.
1125 5624 1246 5677 ΛΔ⁹.

254 5740 357 5795 ἐν
386 5738 664 5794 Μοσανά.
689 5739 1012 5811 Σύμμαχος,
1041 5739 1112 5794 ἐν
1150 5738 1224 5809 τῇ
1262 5737 1637 5808 δευτερὼσει.

1916 4490 2322 4560 cognitahabet.

2494 4617 2647 4675 CAP.
2689 4618 2931 4674 XXXIII.

1992 4731 2165 4788 Vens.
2198 4733 2289 4787 15.
2332 4731 2466 4786 Tum
2491 4732 2729 4800 cognovit
2759 4731 3056 4794 Manasses,
3079 4729 3217 4800 quod
3243 4729 3502 4784 Dominus

1919 4836 2056 4882 esset
2099 4826 2260 4881 Deus.
2310 4823 2443 4878 Tam
2476 4825 2746 4895 frugifera
2773 4831 2859 4878 est
2889 4823 3203 4892 disciplina,
3254 4838 3378 4878 sese
3423 4825 3502 4878 illi

1924 4916 2512 4984 accommodantibus;
2556 4916 2809 4986 nihilque
2836 4915 2971 4970 adeo
3005 4914 3179 4969 ferum
3210 4924 3325 4979 est,
3353 4917 3503 4984 quod

1922 5026 2034 5066 non
2069 5010 2360 5063 mitescere
2410 5008 2614 5078 possit,
2666 5008 2714 5063 si
2745 5008 2910 5063 modo
2954 5007 3173 5063 cultura
3205 5008 3501 5077 patientem

1920 5101 2229 5161 commodet
2261 5115 2472 5155 aurem.

1995 5220 2163 5277 Vens.
2192 5221 2281 5276 17.
2329 5218 2702 5274 Verumtamen
2727 5218 2951 5288 populus
2986 5218 3159 5272 adhuc
3189 5220 3242 5273 in
3281 5220 3504 5274 excelsis

1922 5315 2196 5371 adolebat.
2227 5314 2339 5371 Deo
2372 5313 2680 5368 adolevisse
2702 5352 2719 5377 ,
2747 5328 2989 5382 sequens
3035 5311 3246 5367 indicat
3284 5314 3464 5367 oratio
3490 5330 3504 5368 :

1925 5407 2158 5469 Frustra
2194 5418 2378 5462 tamen
2414 5404 2650 5461 Domino
2678 5403 2790 5459 Deo
2819 5419 2940 5460 suo.

2226 5702 2227 5705 γ
2508 5627 2661 5685 CAP.
2705 5624 2946 5681 xxxw.

1999 5742 2064 5799 In
2095 5742 2348 5801 Mosana.
2384 5741 2785 5814 Symmachus,
2818 5741 2872 5795 in
2906 5739 3196 5795 traditione
3224 5738 3488 5809 majorum
