4034 6544
580 325 712 390 1219

1156 432 1313 489 CAP.
1352 431 1573 487 XXXV.

644 524 716 583 Ut
746 536 997 598 ponerent
1037 543 1224 580 arcam
1260 538 1502 581 sanctam
1537 528 1591 580 in
1632 525 1797 581 Domo
1832 527 1949 583 Dei.
1990 526 2162 582 Nimi-

572 636 695 677 rum
733 618 946 691 jamdiu
1014 619 1395 679 exsulaverat,
1448 618 1534 672 vel
1583 619 1651 673 ab
1699 619 1929 689 Assyrio
2001 628 2161 688 capta

574 715 711 770 urbe
766 714 872 769 sub
902 712 1159 769 Manasse
1204 721 1476 779 extracta,
1514 714 1597 768 vel
1643 715 1711 769 ah
1758 714 1928 785 impio
1974 714 2164 785 aliquo

576 823 728 877 rege.

648 986 935 1041 Clteresim.
978 986 1250 1052 Quoniam
1278 1001 1402 1041 cum
1450 986 1821 1057 ventriloquis
1851 986 2045 1043 sciolis
2102 1000 2167 1041 ac

577 1078 909 1148 Theraphim
938 1079 1301 1143 conjunetum
1342 1087 1474 1144 stat,
1512 1095 1685 1151 genus
1716 1078 1992 1147 quoddam
2026 1078 2166 1133 divi-

579 1171 823 1225 nationis
861 1187 983 1225 esse
1010 1170 1249 1225 videtur.

648 1261 815 1319 Vens.
864 1262 933 1316 25
985 1261 1296 1332 Composuit
1369 1272 1547 1318 autem
1607 1261 1875 1318 Jeremias
1950 1263 2169 1333 lugubre

576 1372 791 1409 carmen
826 1355 889 1409 de
919 1354 1097 1411 Josia.
1141 1354 1317 1419 Tanta
1347 1370 1476 1409 vero
1511 1355 1754 1410 hominis
1800 1355 1975 1409 virtus
2006 1364 2124 1409 erat
2150 1394 2165 1419 ,

580 1458 640 1503 ut
670 1449 996 1503 cantoribus
1058 1458 1114 1503 et
1155 1448 1557 1504 cantatricibus
1603 1448 1940 1502 lamentandi
1989 1448 2166 1518 ipsum

579 1556 813 1611 perstma
839 1541 913 1595 sit
952 1541 1236 1609 imposita,
1280 1556 1343 1595 ac
1375 1539 1618 1611 singulis
1649 1540 1811 1595 annis
1845 1540 2017 1610 ipsius
2052 1554 2168 1594 me-

580 1633 757 1686 moria
783 1632 855 1686 sit
876 1629 1180 1686 celebrata.
1216 1633 1390 1687 Porro
1421 1632 1759 1701 reliquorum
1796 1646 1986 1700 regum
2016 1638 2170 1700 gesta

1874 322 2236 388 PROCOPII
2314 319 2563 383 GAZ/EI

3713 312 3835 379 12Ξο

2878 430 3129 485 ΚΕΦΔΛ.
3155 427 3281 484 ΛΕ¹.

2342 526 2454 581 Τοῦ
2487 525 2701 581 δοῦναι
2740 522 2856 593 τὴν
2892 521 3145 577 κιϐωτὸν
3169 519 3284 588 τὴν
3300 518 3478 589 ἁγίαν
3498 517 3575 571 ἐν
3611 516 3693 584 τῷ
3712 519 3843 584 οἷαν

2267 619 2518 687 Κυρίου.
2586 617 2699 672 Καὶ
2749 616 2853 688 μὴν
2913 617 2978 668 ὲκ
3014 612 3265 675 πλείονος
3298 612 3413 664 ἐκεῖ
3456 610 3838 680 προαπέκειτο.

2269 714 2488 766 Ἔοικεν
2513 708 2608 766 οὖν
2641 711 2676 782 ἢ
2705 712 2734 764 ὁ
2768 708 3078 778 Ἀσσύριος,
3124 704 3226 776 τὴν
3257 704 3411 757 πόλιν
3436 703 3584 758 ἑλὼν
3612 705 3705 757 ἐπὶ
3734 705 3834 757 Μα-

2266 804 2464 875 νασσῆ,
2494 803 2590 873 τὴν
2651 801 2885 855 κιϐωτὸν
2938 796 3231 866 ἐξαγαγεῖν
3283 795 3519 862 ἔνδοθεν,
3552 797 3589 866 ἦ
3627 812 3711 858 τις
3746 795 3840 849 τῶν

2265 896 2546 952 δυσσεσῶν
2587 894 2875 964 βασιλέων.

2339 990 2618 1058 Χερεσίμ.
2650 984 2805 1050 Εἶδος
2833 985 3008 1038 ἔοικεν
3055 976 3198 1034 εἶναι
3242 980 3530 1051 μαντείας.
3582 981 3843 1050 Συνῆπται

2267 1081 2378 1153 γὰρ
2403 1082 2513 1143 τοῖς
2539 1074 3030 1148 ὲγγαστριμύθοις,
3055 1072 3280 1134 καὶτοῖς
3302 1071 3606 1140 γνὼσταις,
3630 1074 3722 1124 καὶ
3746 1077 3841 1137 τοῖς

2269 1175 2337 1228 Θε
2347 1173 2561 1245 ραφείν.

2342 1266 2452 1321 Καὶ
2477 1265 2818 1334 ἐθρήνησεν
2851 1263 3136 1333 Ἱερεμίας
3173 1264 3271 1318 ἐπὶ
3313 1259 3576 1315 Ἰωσίαν.
3613 1256 3842 1328 Τοσαύτη

2267 1354 2337 1429 ἦν
2365 1359 2398 1428 ἡ
2421 1356 2515 1411 τοῦ
2550 1357 2743 1429 ἀνδρὸς
2773 1357 2965 1428 ἀρετὴ,
2995 1359 3078 1411 ὅτι
3103 1358 3197 1410 xui.
3228 1356 3318 1410 τὸν
3345 1354 3547 1426 θρῆνον
3564 1355 3684 1414 τοῖς
3703 1352 3846 1421 ᾠδοῖς

2268 1451 2489 1516 δέδωκε,
2522 1451 2618 1503 καὶ
2662 1452 2784 1513 ταῖς
2822 1449 3102 1521 ᾀδούσαις,
3138 1449 3281 1503 ὥστε
3313 1447 3508 1502 τοῦτον
3556 1446 3709 1517 ᾄδειν
3740 1444 3845 1498 καθ’

2270 1542 2502 1596 ἕκαστον
2536 1542 2785 1596 ἐνιαυτὸν
2805 1581 2821 1606 ,
2859 1541 3247 1605 ἐπιτελοῦντας
3276 1542 3377 1612 τὴν
3415 1541 3669 1609 μνήμην.
3701 1538 3779 1589 τὰ
3798 1538 3847 1589 δὲ

2271 1634 2414 1689 κατὰ
2462 1635 2590 1698 τοὺς
2624 1635 2849 1698 λοιποὺς
2891 1634 3147 1705 βασιλέας
3180 1638 3208 1689 ὁ
3253 1635 3543 1705 προφήτης
3593 1629 3849 1700 Ἱερεμίας

579 1722 851 1779 Jeremias
886 1724 1154 1794 pr0pheta
1197 1724 1452 1793 pluribus
1486 1723 1790 1778 recensuit.
1840 1722 1999 1777 Hanc
2038 1738 2166 1777 vero

2272 1727 2362 1781 διὰ
2383 1726 2648 1780 πλειόνων
2682 1726 2944 1791 ἐδίδαξεν.
2978 1729 3102 1781 Ὅτι
3124 1726 3180 1780 δὲ
3211 1728 3245 1797 ἡ
3276 1724 3536 1797 παροῦσα
3570 1722 3849 1793 συγγραφὴ

583 1821 905 1882 praesentem
940 1814 1231 1868 historiam
1256 1853 1274 1879 ,
1326 1813 1509 1884 longis
1552 1822 1679 1882 post
1720 1813 2068 1882 temporibus
2099 1829 2163 1867 ex

2272 1819 2414 1891 μετὰ
2470 1819 2724 1873 πλεῖστον
2777 1821 2970 1891 χρόνον
3008 1821 3072 1874 ὲκ
3115 1819 3226 1872 τῶν
3269 1817 3637 1889 προφητικῶν
3670 1814 3850 1884 βίϐλων

584 1910 920 1980 propheticis
971 1910 1196 1980 scriptis
1248 1924 1371 1965 esse
1417 1909 1745 1973 collectam,
1799 1908 1930 1962 hinc
1978 1916 2168 1979 patet,

582 2002 732 2071 quod
762 2001 911 2074 Cyri,
941 2012 995 2057 et
1021 2003 1238 2059 reditus
1265 2002 1637 2072 captivorum,
1672 2001 1768 2072 qui
1812 2000 1992 2072 longis
2020 2010 2166 2057 retro

584 2097 801 2151 saeculis
832 2096 1072 2162 fuerunt,
1106 2098 1441 2151 mentionem
1474 2094 1629 2150 facit.

2275 1911 2635 1978 συνείλεκται,
2662 1912 2820 1983 δῆλον
2854 1912 2913 1978 ἐξ
2933 1908 3006 1965 ὧν
3051 1913 3328 1985 μέμνηται
3378 1913 3594 1981 Κύρου,
3648 1911 3739 1962 καὶ
3765 1909 3848 1972 τῆς

2273 2005 2538 2059 ἐπανόδου
2586 2006 2693 2059 τῶν
2730 2006 3121 2078 αἰχμαλώτων,
3153 2008 3290 2078 μετὰ
3335 2005 3528 2077 χρόνον
3561 2002 3849 2073 γεγενημέ-

2271 2113 2379 2150 νων
2386 2136 2401 2152 .

1926 2481 2511 2575 MONITUM

1322 2692 1398 2753 IN
1437 2688 2038 2753 COMMENTARIOS
2070 2687 2169 2748 AD
2205 2686 2645 2749 PROVERBIA
2683 2687 2779 2747 ET
2803 2685 3150 2750 CANTICA.

1673 2840 1837 2910 (Aug.
1861 2836 2017 2901 ΜΑι..
2046 2833 2226 2894 Class.
2275 2835 2436 2892 Auct.
2488 2844 2532 2892 t.
2560 2832 2654 2900 IX,
2683 2836 2764 2900 v.)

656 3172 920 3245 ProcOpii
949 3171 1129 3229 Gaztei
1172 3170 1441 3236 rhetoris,
1465 3170 1784 3228 Justiuiano
1820 3171 2132 3242 imperante
2163 3169 2320 3237 clari,
2355 3170 2533 3242 stylus
2572 3169 2823 3239 elegans,
2857 3166 3178 3223 Christiana
3227 3168 3426 3239 pietas,
3469 3168 3557 3224 vis
3588 3167 3843 3239 exegetica

589 3286 700 3330 non
731 3271 1000 3343 vulgaris,
1035 3269 1119 3337 sic
1142 3284 1229 3324 me
1260 3267 1477 3338 jamdiu
1512 3267 1892 3332 delectarunt,
1924 3276 1985 3321 ut
2025 3266 2299 3337 quidquid
2333 3266 2401 3321 ab
2429 3281 2496 3321 eo
2529 3266 2801 3337 scriptum
2842 3263 2899 3318 in
2941 3265 3355 3335 exemplaribus
3404 3267 3615 3336 priscis
3663 3277 3842 3322 nactus

588 3379 739 3429 sum,
763 3362 815 3417 id
842 3362 1237 3434 dignissimum
1284 3360 1498 3415 honore
1531 3370 1787 3431 typorum
1830 3374 2050 3429 semper
2077 3358 2474 3427 indicaverim.
2511 3356 2702 3429 Itaque
2738 3368 2937 3428 praeter
2978 3371 3042 3412 ea
3104 3373 3224 3425 quae
3278 3358 3334 3411 in
3367 3359 3744 3429 superioribus
3772 3368 3845 3414 to-

588 3459 697 3516 mis
727 3458 901 3525 edidi,
933 3472 1083 3514 nunc
1108 3460 1236 3526 ejus
1271 3456 1713 3527 pulcherrimum
1736 3463 1798 3511 et
1829 3453 2378 3527 Χριστιανικὼτατον
2416 3455 2483 3510 ad
2515 3454 2832 3511 Salomonis
2858 3454 3163 3511 Proverbia
3199 3457 3664 3513 commentarium
3687 3458 3843 3513 divul-

587 3572 723 3629 gare
749 3571 862 3612 non
887 3554 1163 3620 dubitavi,
1190 3569 1354 3624 quem
1379 3554 1435 3609 in
1465 3552 1662 3609 codice
1694 3551 1962 3610 Vaticano
1992 3560 2297 3617 servatum,
2330 3560 2386 3608 et
2427 3568 2595 3607 manu
2630 3550 2869 3607 Matthaai
2902 3552 3121 3607 Devarii
3170 3550 3347 3607 Graeci
3399 3551 3840 3623 hominisjemen-

589 3650 807 3715 datum,
842 3648 1051 3705 vidisse
1078 3664 1164 3705 me
1206 3656 1355 3704 recte
1388 3647 1777 3715 memineram,
1803 3658 1861 3703 et
1883 3647 2015 3702 huic
2045 3646 2368 3702 collectioni
2406 3648 2815 3715 locupletandae
2844 3646 3193 3702 addixeram.
3229 3645 3636 3717 Interpretandi
3670 3662 3836 3718 genus.

590 3741 740 3813 quod
778 3741 1085 3813 Procopius
1115 3742 1390 3813 sequitur,
1420 3739 1632 3797 morale
1658 3749 1745 3796 est
1783 3750 1839 3796 et
1881 3741 2207 3812 mysticum,
2241 3741 2406 3810 quale
2437 3740 2655 3796 scilicet
2697 3740 2960 3795 Ecclesia:
2996 3740 3190 3797 Patres
3224 3740 3295 3796 ab
3323 3741 3654 3812 apostolicis
3692 3755 3841 3809 usque

592 3838 940 3909 temporibus
962 3852 1185 3908 semper
1203 3837 1539 3893 adamaram
1576 3855 1590 3892 :
1622 3850 1737 3908 quo
1764 3851 1934 3907 super
1964 3836 2055 3908 pio
2085 3844 2415 3905 argumento
2452 3837 2718 3905 praeclare
2747 3851 2860 3906 pra:
2881 3837 3101 3891 caeteris
3129 3835 3435 3908 disputavit
3458 3834 3721 3891 Nicolaus
3746 3838 3840 3887 An-

592 3932 836 3986 tonellus
865 3930 926 3985 in
968 3930 1298 4000 prmfatione
1334 3929 1405 3985 ad
1441 3928 1905 3986 commentarium
1941 3930 2001 3984 S.
2034 3932 2325 3986 Athanasii
2362 3932 2418 3984 in
2444 3928 2719 3986 Psalmos.
2751 3928 2969 4001 Rcapse
3001 3930 3093 3985 hic
3126 3939 3212 3985 est
3235 3931 3551 4003 praecipuus
3584 3944 3840 3987 sacrorum

593 4022 900 4078 Bibliorum
936 4022 1181 4087 fructus,
1213 4039 1374 4095 quem
1403 4027 1521 4078 sola
1554 4022 1711 4077 rudis
1745 4025 2111 4094 grammatica
2143 4039 2427 4096 nunquam
2472 4024 2642 4095 parit.

664 4118 729 4172 Et
774 4120 828 4174 in
863 4120 967 4175 hoc
999 4119 1224 4191 quidem
1258 4119 1327 4174 ad
1358 4118 1664 4175 Proverbia
1703 4120 2134 4185 commentario,
2177 4136 2274 4177 ore
2308 4122 2649 4190 ingenioque
2676 4119 2901 4191 proprio
2936 4118 3247 4190 Procopius
3293 4120 3567 4191 loquitur.
3605 4118 3838 4176 Sedenim

592 4216 650 4266 et
673 4211 847 4268 altera
880 4213 1015 4267 mihi
1053 4212 1300 4268 occurrit
1341 4212 1398 4266 in
1432 4211 1727 4268 Vaticanis
1761 4212 2053 4270 codicibus
2081 4215 2337 4285 Procopii
2377 4213 2628 4284 ejusdem
2674 4215 2901 4270 nomine
2946 4215 3217 4284 inscripta
3261 4215 3605 4280 lucubratio,
3657 4204 3838 4269 scilicr‘

595 4305 911 4378 priscorum
947 4304 1174 4360 Patrum
1206 4304 1259 4358 in
1290 4303 1592 4359 Canticum
1634 4304 1950 4362 Salomonis
1991 4306 2220 4373 Catena,
2259 4323 2423 4378 quam
2462 4308 2581 4377 ipse
2630 4314 2846 4362 retento
2886 4307 3234 4376 singulorum
3283 4317 3574 4363 auctorum
3612 4320 3839 4363 sermone

595 4410 763 4472 atque
792 4400 1137 4465 nominibus,
1173 4400 1427 4471 sapiente
1460 4398 1678 4454 delectu
1711 4400 2024 4456 contexuit.
2070 4401 2279 4457 llorum
2312 4402 2416 4458 etsi
2463 4402 2687 4472 aliquos
2721 4403 2774 4455 iu
2804 4402 3049 4470 propriis
3100 4416 3329 4470 operum
3355 4401 3713 4467 editionitms,
3747 4413 3837 4453 non

596 4497 717 4552 sine
745 4495 918 4550 multa
955 4496 1250 4562 varietate,
1293 4495 1563 4569 legimus;
1596 4497 1693 4553 alii
1725 4505 1931 4560 tamen,
1974 4506 2030 4551 et
2061 4498 2284 4567 quidem
2312 4498 2567 4569 praeclari
2599 4507 2653 4552 et
2691 4499 2908 4559 uberes.
2933 4499 2989 4553 in
3023 4498 3313 4567 impressis
3353 4496 3514 4553 libris
3549 4496 3837 4552 desideran-

597 4576 711 4639 tur.
740 4585 808 4639 Et
847 4585 1074 4655 quidem
1105 4600 1133 4639 a
1164 4587 1347 4658 magni
1374 4587 1636 4659 Origenis
1669 4587 1957 4659 hexaplari
1984 4597 2139 4643 textu
2169 4589 2471 4645 varietates
2518 4605 2693 4645 novas
2728 4591 3087 4660 antiquarum
3126 4591 3432 4647 editionum
3470 4590 3834 4645 nanciscimur.

598 4673 746 4747 Ergo
780 4677 912 4731 utile
936 4676 1254 4731 existimavi
1281 4680 1562 4749 pretiosas
1592 4680 1694 4737 has
1721 4678 1947 4735 Patrum
1974 4681 2239 4762 reliquias
2268 4682 2321 4735 in
2350 4681 2612 4738 Ecclesiae
2638 4692 2946 4753 conspectu
2975 4700 3277 4755 exponere,
3304 4700 3615 4755 gravesque
3639 4694 3691 4738 et
3715 4682 3835 4752 opti-

599 4781 722 4822 mos
760 4766 951 4821 divino
986 4766 1218 4822 Cantico
1252 4768 1587 4839 interpretes
1616 4771 1896 4826 suscitare
1928 4789 1943 4826 :
1970 4771 2133 4839 cujus
2170 4771 2393 4841 quidem
2442 4772 2722 4840 genuinus
2753 4783 2808 4828 et
2851 4775 3050 4830 unicus
3075 4791 3279 4831 sensus
3312 4777 3398 4831 his
3443 4774 3689 4847 Gregorii
3714 4774 3830 4845 Nys-

598 4863 718 4920 seui
744 4862 930 4919 verbis
961 4872 1111 4919 totus
1143 4865 1481 4935 exprimitur
1523 4885 1538 4923 :
1576 4866 1665 4921 ’Ev
1711 4866 2076 4938 ὲπιθαλαμῑου
2124 4884 2166 4937 τ,

2271 4885 2316 4936 ῳ
2339 4867 2440 4938 τὴν
2471 4868 2610 4938 πρδς
2635 4870 2697 4921 τὸ
2738 4870 2895 4924 Θεῖον
2926 4872 3230 4943 ἀνάκρασιν
3258 4874 3357 4943 τῆς
3386 4874 3727 4947 ἀνθρωπίνης
3758 4870 3828 4933 ἐξ·

598 4960 819 5029 ηγεῖται
851 4957 1053 5029 ψυχῆς*
1080 4958 1195 5015 Sub
1236 4962 1576 5030 epithalamii
1602 4963 1772 5031 specie
1795 4961 2221 5031 conjunctionem
2245 4960 2490 5016 humana:
2525 4965 2723 5018 animw
2739 4981 2857 5018 cum
2895 4965 3003 5020 Deo
3035 4980 3222 5023 auctor
3256 4969 3530 5024 describit.
3553 4968 3698 5024 Nilus
3715 4982 3829 5037 quo‘

599 5068 708 5124 que
744 5053 1033 5125 eleganter
1080 5066 1137 5112 et
1183 5072 1310 5112 vere
1345 5057 1663 5114 Salomonis
1706 5059 1976 5113 Canticon
2032 5057 2406 5112 ornatissima:
2437 5069 2705 5114 matronae
2738 5061 3036 5124 assimilat.
3091 5064 3254 5135 cujus
3308 5066 3533 5135 quidem
3580 5063 3828 5121 nmliebris

601 5146 842 5204 mundus
875 5148 1257 5220 imprudentes
1283 5162 1627 5221 spectatores
1661 5154 1900 5209 fortasse
1926 5154 2203 5224 percellit,
2233 5169 2354 5208 mos
2381 5163 2564 5209 tamen
2588 5156 2839 5225 ejusdem
2875 5158 3135 5215 familiari
3165 5161 3573 5217 consuetudine
3590 5161 3823 5233 cognitus.

599 5250 655 5297 et
682 5241 861 5296 latens
893 5241 948 5295 in
991 5242 1178 5297 animo
1209 5243 1502 5313 pudicitia,
1530 5246 1694 5316 longe
1727 5249 1890 5302 aliam
1924 5249 2007 5303 rei
2050 5255 2309 5302 naturam
2339 5262 2465 5303 esse
2489 5249 2869 5307 demonstrat.
2907 5252 3005 5309 llic
3033 5264 3120 5312 est
3152 5255 3513 5313 Christianus
3536 5257 3697 5312 divini
3728 5254 3824 5308 libri

600 5349 841 5402 sensus;
876 5351 1045 5407 quem
1078 5334 1401 5395 Judtcorum
1443 5356 1668 5412 quoque
1705 5343 1983 5413 sapientes
2020 5342 2397 5400 indubitanter
2418 5345 2683 5414 fatentur,
2718 5347 2862 5405 duce
2894 5353 3202 5421 praesertim
3223 5354 3823 5424 Eben-Esra.Quivero.

600 5431 913 5503 praesertim
937 5446 1002 5486 ex
1037 5432 1474 5501 recentioribus,
1523 5434 1687 5490 aliter
1727 5437 1997 5506 sentiunt,
2029 5436 2083 5492 bi
2114 5437 2313 5509 partim
2352 5436 2503 5493 inani
2528 5438 2743 5511 abrepti
2795 5443 3125 5502 curiositate
3163 5460 3459 5520 vagantur,
3497 5452 3686 5521 partim
3721 5458 3825 5501 vero

601 5525 885 5601 impietate
916 5527 1171 5583 subversi
1205 5528 1261 5584 in
1292 5543 1535 5601 praeceps
1564 5535 1760 5585 ruunt.
