3902 6534
59 287 189 355 1221

1093 280 1630 344 COMMENTARII
1670 278 1753 341 IN
1792 278 2251 342 PROVERBIA.

3183 280 3321 344 1222

55 406 3297 442 _________________________———-—-————__—_.___

698 566 1647 694 ΠΡΟΚΟΠΙΟΥ

1755 562 2685 682 ΧΡΙΣΤΙΑΝΟΥ

1398 789 1962 878 ΕΡΜΗΝΕΙΑ

1296 973 1407 1028 ΕΙΣ
1484 972 1619 1026 ΤΑΣ
1680 972 2085 1030 ΠΑΡΟΙΜῙΔΣ.

876 1308 1550 1426 PROCOPII
1630 1307 2475 1425 CHRISTIANI

781 1547 1635 1648 COMMENTARII
1718 1546 1843 1638 IN
1899 1543 2587 1641 PROVERBIA

480 2056 880 2115 ΚΕΦΑΛΑΙΟΝ
910 2053 1209 2110 ΠΡΩΤΟΝ.
1678 2054 1731 2113 Α

132 2153 353 2208 Σκοπὸν
396 2151 538 2222 ἔχων
571 2146 858 2219 Σαλομὼν,
914 2148 1011 2199 τὸν
1042 2144 1208 2198 πόθον
1247 2142 1409 2213 ἡμῶν
1436 2141 1658 2213 κινῆσαι

74 2247 203 2318 πρὸς
236 2245 305 2299 τὸ
332 2245 615 2314 ἄφραστον
649 2241 844 2303 κάλλος
876 2237 971 2291 τοῦ
1023 2236 1170 2289 θείου
1200 2232 1570 2305 χαρακτῆρος,
1602 2233 1659 2295 ὃς

73 2342 215 2393 ἐστιν
265 2339 298 2390 ὁ
342 2335 437 2391 τοῦ
484 2333 620 2388 Θεοῦ
673 2333 770 2389 καὶ
817 2329 1031 2401 Πατρός
1090 2326 1384 2399 μονογενὴς
1412 2326 1538 2388 Υἱὸς
1567 2324 1661 2378 καὶ

72 2432 265 2499 Λόγος,
319 2430 353 2501 ἡ
396 2428 763 2490 ὲνυπόστατος
787 2422 953 2477 αὐτοῦ
998 2420 1230 2491 δύναμις
1270 2417 1369 2473 καὶ
1413 2417 1660 2488 σοφία.ή

73 2524 157 2577 διὰ
178 2521 297 2575 τῶν
331 2520 676 2590 φαινομένων
699 2516 775 2581 ὡς
811 2514 900 2569 διὰ
950 2511 1238 2585 συμϐόλων
1261 2509 1661 2581 κηρυττομένη,

76 2613 391 2684 ὑπογράφει
413 2627 473 2663 τε
500 2602 888 2680 παροιμιωδῶς
924 2603 1023 2665 τὰς
1053 2600 1279 2672 χάριτας
1314 2597 1508 2667 αὐτῆς,
1538 2597 1662 2649 ὲπι-

80 2704 367 2777 σπώμενος
393 2698 774 2771 είσαγωγικῶς
808 2697 949 2769 πρὸς
977 2693 1069 2747 τὸν
1105 2694 1274 2755 ὅντως
1307 2688 1541 2761 ἐραστὴν
1565 2687 1665 2759 τὴν

77 2794 265 2867 ἔφεσιν
290 2792 387 2848 τοῦ
421 2791 501 2846 ἔτι
526 2791 625 2863 τὴν
664 2786 808 2844 κατά
832 2785 1010 2857 ψυχὴν
1038 2783 1255 2856 ἠλικίαν
1282 2778 1663 2853 νηπιάζοντος,

79 2888 163 2942 διὰ
208 2886 326 2940 τῶν
372 2885 508 2954 ἡμῖν
551 2879 815 2935 ποθεινῶν
857 2881 916 2932 ἑν
965 2876 1214 2946 αἰσθήσει
1258 2872 1541 2946 τερπνῶν,.
1570 2869 1668 2925 καὶ

79 2980 287 3052 ἠθικῶς
334 2976 606 3042 παιδεύει,
664 2971 854 3027 παθῶν
900 2965 1398 3040 ἐπανορθούμενος,
1455 2964 1553 3017 καὶ
1598 2961 1669 3015 τὰ

83 3072 333 3144 πρακτέα
360 3068 660 3133 ὑποτιθεὶς,
690 3064 785 3119 καί
825 3078 991 3134 φησιν
1015 3060 1091 3124 ὡς
1131 3062 1189 3113 ἒν
1217 3058 1524 3129 ἐπιγραφῇ’

151 3249 219 3307 α’.
254 3246 568 3318 Παροιμίαι
612 3239 1003 3312 Σολομῶντος
1042 3236 1178 3293 υίοῦ
1204 3235 1404 3302 Δαϐὶδ,
1435 3233 1503 3300 ὃς
1535 3232 1671 3287 ἐϐα-

86 3343 378 3397 σίλευσεν
410 3339 484 3394 ἐν
521 3331 933 3408 Ἰερουσαλήμ.
975 3332 1140 3400 Λόγοι
1172 3328 1325 3401 παρά
1363 3329 1546 3381 πᾶσαν
1570 3327 1669 3396 τὴν

87 3438 198 3492 ὁδὸν
224 3436 324 3506 τῆς
361 3402 647 3504 παρούσης
694 3427 844 3498 ζωῆς
894 3423 1344 3498 χρησιμεύοντες,
1400 3421 1463 3475 ού
1510 3420 1670 3493 μόνον
1705 3402 1743 3458 Β

88 3528 158 3592 ὡς
188 3529 251 3582 se
285 3523 420 3599 ἦθος
450 3523 608 3596 ἡμῶν
638 3522 773 3593 πρὸς
799 3520 859 3574 τὸ
888 3518 1092 3586 ἀγαθὸν
1124 3515 1499 3589 ρυθμίζοντες,
1535 3512 1673 3567 ἀλλά

91 3621 180 3676 καὶ
206 3619 283 3683 ὡς
320 3618 607 3686 ἐνάγοντες
640 3615 788 3685 ἡμᾶς
831 3612 970 3683 πρὸς
1000 3611 1101 3681 τὴν
1130 3611 1187 3662 ὲν
1212 3609 1482 3678 πνεύματι
1514 3623 1675 3677 φυσι-

92 3714 187 3784 κὴν
213 3711 454 3781 Θεωρίαν
487 3709 596 3762 τῶν
635 3708 804 3761 όντων
826 3722 840 3736 ’
866 3699 941 3759 ὧν
970 3706 1090 3767 ταῖς
1120 3700 1485 3771 ἐπιφανείαις,
1512 3698 1587 3761 ὡς
1617 3698 1674 3750 ὲν

94 3808 381 3879 ἐσόπτροις
418 3804 514 3858 καὶ
563 3802 872 3872 αἰνίγμασι,
927 3798 996 3852 τά
1027 3796 1122 3851 τοῦ
1167 3794 1301 3849 Θεοῦ
1337 3789 1676 3864 ἱστοροῦνται

96 3899 399 3971 θελήματα,
433 3897 509 3960 ὡς
541 3895 692 3963 λόγοι
720 3892 828 3946 τῶν
865 3890 1058 3953 ὄντων,
1100 3887 1221 3941 καθ’
1262 3884 1354 3948 οὒς
1384 3886 1454 3938 τὰ
1499 3884 1677 3937 πάντα

96 3991 387 4060 γεγόνασιν
419 4002 437 4019 ο
491 4006 509 4039 ι
536 3986 616 4039 Τὰ
659 3983 770 4055 γὰρ
816 3982 1028 4053 ἀόρατα
1076 3977 1240 4032 αὑτοῦ
1290 3975 1399 4029 ἀπὸ
1446 3974 1677 4035 κτίσεως

100 4084 323 4153 κόσμου,
376 4082 492 4143 τοῖς
526 4079 796 4149 ποιήμασι
828 4074 1118 4145 νοούμενα,
1167 4070 1541 4141 καθορᾶταιο»
1587 4062 1678 4121 οἷα

100 4175 202 4229 τῶν
234 4172 498 4228 τοιούτων
529 4171 727 4239 λόγων,
761 4169 949 4240 ἕτερον
1001 4167 1101 4237 μὲν
1139 4164 1281 4219 κατά
1315 4163 1374 4218 τὸ
1414 4161 1679 4233 φαινόμε-

103 4286 207 4332 νον,
248 4269 343 4322 ἒτε
355 4284 444 4339 ρον
499 4265 557 4319 δὲ
586 4264 731 4319 κατὰ
775 4262 837 4316 τὸ
867 4260 1155 4332 νοούμενον
1186 4256 1641 4328 ἀπαγγελλόντων
1663 4271 1676 4285 ·

105 4361 207 4415 εἰσὶ
231 4361 288 4415 δὲ
339 4352 483 4414 οὗτοι
522 4359 572 4411 oi
597 4357 747 4426 λόγοι
792 4353 886 4409 τοῦ
927 4353 994 4407 δι’
1050 4351 1229 4406 αὐτῶν
1278 4347 1683 4422 ἐπιχειροῦντος

106 4449 406 4523 εἰρηνεύειν
435 4450 582 4520 ἡμᾶς
615 4445 753 4517 πρός
777 4461 836 4498 τε
870 4443 1096 4504 ἑαυτοὺς
1144 4440 1237 4495 καὶ
1273 4439 1541 4509 ἀγγέλους
1590 4436 1683 4491 καὶ

107 4544 192 4599 τὸν
236 4544 401 4608 Θεὸν,
446 4540 795 4611 Σολομῶντος
828 4534 1174 4608 (είρηνικὸς
1208 4533 1315 4602 γὰρ
1362 4534 1390 4586 ὁ
1430 4528 1683 4601 Σολομὼν

108 4633 787 4710 ἑρμηνεύεται),λα6όντος
811 4629 964 4701 παρὰ
986 4626 1122 4681 Θεοῦ
1147 4626 1339 4694 σοφίαν
1358 4623 1451 4677 καὶ
1477 4622 1682 4694 φρόνη-

112 4748 209 4794 σιν,
244 4730 345 4785 καὶ
374 4729 524 4791 ὄντος
552 4723 672 4780 υἱοῦ
706 4722 890 4787 Δαὸὶδ,
935 4719 1030 4775 τοῦ
1084 4721 1141 4774 ἐν
1177 4715 1538 4786 Ἰερουσαλὴμ
1589 4714 1684 4785 βα-

114 4822 454 4884 σιλεύσαντος
478 4836 493 4851 ο
533 4817 860 4887 ὲξετέθησαν
884 4813 929 4868 δ’
975 4806 1119 4867 οὗτοι
1162 4810 1295 4881 παρ’
1326 4806 1517 4871 αὑτοῦ,
1545 4805 1686 4861 ὥστε

111 4915 199 4969 τδν
223 4913 448 4975 τούτους
486 4910 847 4982 μανθάνοντα,

181 5008 247 5078 β’.
302 5004 539 5061 Γνῶναι
581 5001 831 5071 σοφίαν,
886 4995 987 5051 καί
1027 4991 1325 5054 παιδείαν,
1368 4985 1592 5057 νοῆσαί
1636 5004 1697 5041 τε

116 5105 334 5171 ,λόγους
378 5096 752 5169 φρονήσεως.
810 5088 1139 5158 Ἐπιγνῶναι
1203 5082 1398 5153 σοφίαν
1442 5099 1523 5145 τε,
1579 5080 1699 5149 ἥτις

119 5193 261 5245 ἐστὶν
290 5190 570 5259 ἐπιστήμη
622 5184 784 5238 θείων
814 5198 874 5234 τε
913 5180 1007 5234 καὶ
1054 5174 1412 5247 ἀνθρωπίνων
1438 5172 1699 5243 πραγμά⁴

118 5300 260 5339 τωνο
305 5284 402 5338 καὶ
428 5279 703 5342 παιδείαν,
756 5277 882 5347 ἣτις
915 5272 1061 5325 ἐστὶν
1122 5268 1397 5338 ὠφέλιμος
1442 5267 1508 5336 τῇ
1552 5264 1698 5333 ψυχῇ

122 5374 328 5445 ἀγωγὴ,
365 5371 639 5431 ἐπιπόνως
669 5364 932 5426 πολλάκις
958 5361 1067 5414 τῶν
1100 5360 1208 5413 ἀπὸ
1234 5358 1436 5419 κακίας
1465 5353 1701 5424 κηλίδων

125 5469 288 5539 ship:
312 5462 737 5533 ὲκκαθαίρουσαο
773 5456 870 5511 καὶ
903 5452 1235 5510 καταλαϐεῖν
1266 5450 1460 5519 λόγους
1492 5447 1553 5500 τὸ
1580 5464 1702 5499 συν-

124 5562 262 5612 οῖσον
289 5554 735 5623 ὑποτιθεμένους.

190 5658 258 5721 γ’.
286 5647 580 5714 Δέξασθαί
603 5661 667 5698 τε
687 5641 954 5712 στροφὰς
980 5638 1178 5709 λόγων
1226 5634 1324 5689 καί
1385 5632 1599 5698 λύσεις
1632 5633 1724 5685 al-

199 5794 213 5825 ⁸
248 5792 404 5846 liont.
442 5806 481 5853 ι,
513 5787 605 5842 ἳυ.

2247 2042 2477 2099 CAPUT
2510 2040 2807 2097 PRIMUM.

1831 2136 1969 2192 Cum
2002 2135 2059 2190 in
2101 2134 2287 2190 animo
2323 2145 2470 2191 esset
2498 2133 2805 2199 Salomoni,
2840 2141 3091 2189 nostrum
3123 2133 3341 2189 deside—

1762 2228 1907 2282 rium
1938 2240 2163 2281 movere
2192 2225 2258 2279 ad
2286 2224 2712 2279 ineuarrabilem
2748 2224 3221 2293 pulchritudinem
3258 2226 3343 2277 di-

1763 2320 1875 2373 vini
1911 2317 2049 2390 typi,
2092 2317 2185 2388 qui
2228 2323 2315 2371 est
2342 2314 2438 2370 Dei
2472 2330 2534 2369 ac
2574 2314 2759 2370 Patris
2814 2317 3132 2386 unigenitus
3172 2315 3343 2369 Filius

1763 2417 1821 2463 et
1847 2404 2120 2470 Verbum,
2153 2405 2308 2458 illius
2351 2418 2451 2474 per
2481 2418 2540 2457 se
2562 2402 2856 2458 esistentis
2884 2403 3154 2456 fortitudo
3172 2410 3226 2456 et
3263 2416 3347 2455 sa-

1762 2498 1993 2569 pientia,
2035 2511 2161 2567 quae
2212 2495 2383 2550 rebus
2422 2493 2736 2549 visibilibus
2776 2502 3039 2563 tanquam
3081 2492 3347 2564 symbolis

1765 2590 2157 2654 annuntiatur,
2186 2597 2483 2643 enumerat
2514 2586 2678 2641 modo
2714 2586 3049 2656 preverbiali
3079 2594 3347 2647 venusta—

1766 2693 1852 2738 tes
1910 2682 2057 2753 ejus,
2115 2695 2211 2751 per
2259 2680 2481 2735 modum
2520 2679 2973 2745 introductinnis,
3014 2677 3347 2733 desiderium

1765 2774 1892 2845 ejus
1920 2774 2015 2845 qui
2049 2773 2233 2828 adhuc
2272 2770 2579 2827 secundum
2617 2771 2929 2825 animamin
2955 2770 3190 2839 pueritia
3221 2784 3350 2823 ver-

1768 2873 1952 2930 satur,
1996 2863 2065 2918 ad
2095 2878 2283 2917 verum
2309 2871 2617 2915 amatorem
2645 2860 2897 2927 trahens,
2920 2861 3221 2931 propositis
3254 2876 3353 2915 no-

1766 2955 1854 3011 bis
1880 2954 2260 3025 intelligentia:
2286 2950 2544 3021 aptandis
2572 2949 2821 3019 gaudiis;
2854 2951 3142 3005 alIluenter
3168 2949 3352 3013 docet,

1769 3047 1947 3101 malos
1996 3044 2288 3116 corrigens
2346 3056 2553 3107 mores,
2593 3049 2647 3096 et
2689 3039 2900 3111 agenda
2950 3054 3256 3110 exponens,
3295 3048 3353 3094 et

1771 3137 2020 3206 loquitur
2037 3135 2168 3189 utin
2198 3133 2561 3202 inscriptione
2595 3148 2608 3185 :

1842 3226 2010 3283 Vens.
2038 3227 2090 3281 1.
2120 3224 2404 3278 Parabolw
2438 3223 2747 3279 Salomonis
2784 3222 2892 3291 ﬁlii
2924 3220 3114 3285 David,
3151 3220 3243 3289 qui
3266 3237 3353 3273 re-

1772 3321 1951 3392 gnavit
2004 3319 2058 3372 in
2112 3315 2437 3371 Jerusalem.
2492 3312 2695 3375 Verba.
2739 3328 2838 3383 pro
2894 3319 3012 3365 toto
3068 3310 3355 3380 prmseutis

1775 3415 1896 3466 vitae
1921 3410 2200 3464 curriculo
2229 3408 2407 3471 utilia,
2439 3421 2547 3461 non
2581 3406 2760 3459 solum
2797 3404 2921 3473 quia
2949 3412 3205 3456 naturam
3256 3417 3349 3454 nor

1776 3513 1950 3559 stram
1973 3501 2042 3556 ad
2068 3502 2275 3555 bonum
2309 3508 2499 3569 agunt,
2531 3496 2627 3552 scd
2656 3497 2821 3552 etiam
2863 3496 2992 3565 quia
3031 3509 3134 3548 nos
3166 3493 3232 3547 ad
3260 3508 3349 3547 na-

1775 3593 2013 3648 turalem
2076 3591 2375 3647 veritatum
2443 3589 2499 3643 in
2543 3588 2743 3658 spiritu
2836 3584 3356 3654 contemplationem

1777 3690 2106 3747 conducunt
2139 3705 2154 3743 :
2186 3702 2424 3759 quarum
2471 3683 3044 3745 manifestatiouibus,
3091 3688 3354 3749 tanquam

1780 3782 1835 3837 in
1880 3781 2127 3851 speculis
2165 3787 2221 3834 et
2269 3775 2681 3846 :enigmatibus,
2733 3772 2827 3827 Dei
2865 3771 3224 3826 innotescunt
3260 3784 3357 3824 vo-

1778 3873 2028 3928 luntates
2067 3878 2127 3926 ut
2166 3869 2415 3924 rationes
2445 3882 2656 3932 rerum,
2709 3864 3018 3921 secundum
3056 3878 3194 3935 quas
3240 3878 3362 3917 om-

1779 3966 1871 4020 nia
1903 3963 2051 4018 facta
2083 3970 2213 4017 sunt
2247 3977 2261 4015 :
2300 3979 2319 4012 ι
2360 3957 2667 4014 lnvisibilia
2691 3956 2840 4012 enim
2879 3954 2971 4011 Dei
3006 3970 3037 4009 a
3078 3956 3362 4010 creatione

1780 4053 1997 4118 mundi,
2048 4052 2316 4123 operibus
2368 4051 2654 4106 intellecta
2703 4048 3153 4103 declarantur‘:
3198 4066 3217 4099 ι
3265 4062 3363 4118 per

1782 4150 1899 4204 haec
1935 4146 2129 4209 verba,
2161 4159 2311 4199 nunc
2344 4144 2492 4198 aliud
2533 4158 2603 4197 ex
2646 4157 2712 4197 eo
2755 4139 2904 4211 quod
2944 4138 3082 4215 foris
3110 4148 3361 4210 apparet,

1782 4256 1929 4296 nunc
1957 4240 2108 4293 aliud
2140 4254 2206 4293 ex
2241 4252 2306 4293 eo
2331 4236 2475 4307 quod
2507 4233 2877 4305 intelligentia
2917 4234 3155 4304 capitur.
3184 4233 3363 4288 deter-

1784 4334 2049 4387 niinatur.
2087 4329 2226 4385 Ecce
2255 4344 2386 4400 ergo
2424 4327 2617 4391 verba,
2667 4325 2873 4396 quibus
2902 4333 3137 4379 conatur
3170 4339 3269 4378 nos
3298 4323 3365 4377 ad

1784 4437 1973 4493 pacem
2006 4430 2061 4476 et
2104 4436 2230 4475 cum
2272 4416 2692 4487 nobismetipsis
2720 4456 2737 4483 ,
2791 4422 2846 4470 et
2890 4430 3016 4469 cum
3045 4413 3281 4484 angelis.
3312 4426 3369 4471 et

1786 4530 1912 4569 cum
1964 4511 2073 4567 Deo
2124 4510 2419 4575 adducere,
2451 4508 2709 4563 Salomon
2748 4504 3040 4576 (Paciﬁcas
3084 4504 3230 4559 enim
3265 4502 3369 4561 Sa-

1788 4607 1972 4661 lomon
1998 4601 2447 4675 interpretatur),
2478 4600 2571 4671 qui
2598 4598 2813 4667 accepit
2841 4611 2869 4649 a
2898 4595 3007 4652 Deo
3042 4595 3366 4666 sapientiam

1790 4708 1844 4754 et
1870 4697 2242 4770 prudentiam,
2292 4690 2694 4763 fuitque-ﬁlius
2754 4687 3077 4758 David,qui
3122 4694 3373 4758 regnavit

1792 4792 1847 4847 in
1872 4790 2180 4847 Jerusalem
2212 4805 2226 4843 :
2259 4804 2382 4859 qua:
2412 4785 2684 4857 explicata
2718 4782 2875 4838 luere
2896 4782 2965 4838 ab
2986 4797 3076 4847 eo,
3109 4790 3371 4854 tanquam

1792 4902 1888 4941 eos
1923 4885 2181 4948 docente,

1865 4980 2038 5036 Vens.
2059 4977 2116 5031 2.
2148 4974 2229 5028 Ad
2273 4973 2544 5028 sciendum
2574 4971 2900 5041 sapientiam
2930 4978 2981 5024 et
3006 4969 3375 5038 disciplinam,

1799 5073 1867 5127 ad
1911 5067 2258 5141 intelligenda
2287 5065 2443 5121 verba
2470 5062 2795 5135 prudentiw.
2828 5062 2909 5116 Ad
2935 5062 3376 5131 cognoscendam

1800 5162 2152 5234 sapientiam,
2208 5174 2332 5229 qua:
2396 5164 2481 5214 est
2528 5156 2845 5210 divinarum
2902 5154 3380 5221 humanarumque

1801 5270 1989 5312 rerum
2044 5250 2423 5308 scientia:—-
2475 5246 2854 5316 disciplinam,
2910 5258 3036 5312 qua:
3089 5253 3170 5298 est
3227 5243 3381 5297 utilis

1803 5352 2002 5406 anima:
2039 5346 2342 5413 institutio,
2379 5344 2530 5401 illam
2576 5358 2700 5397 cum
2730 5340 2905 5395 multo
2932 5354 3077 5409 saepe
3120 5338 3307 5394 labore
3350 5354 3381 5393 a

1802 5442 2040 5497 maculis
2077 5439 2341 5494 vitiorum
2405 5435 2744 5507 puriticans;
2791 5461 2863 5472 —
2905 5431 2975 5487 ad
3028 5431 3381 5503 intelligenda

1807 5533 1995 5600 verba,
2030 5547 2154 5604 qua:
2190 5528 2581 5587 convenientia
2618 5528 2877 5581 doceant.

1901 5629 2071 5689 Vens.
2117 5630 2171 5685 5.
2233 5629 2316 5685 Διί
2358 5626 2750 5698 suscipiendum
2782 5626 3080 5689 uerborum
3132 5625 3387 5688 rationes,
