4034 6558
552 337 689 405 1223

1878 334 2235 394 PROCOPII
2270 332 2515 394 GAZrEI

3688 328 3816 391 ηει

562 404 567 405 ⁷
1590 404 1603 425 \

548 463 598 508 et
647 451 994 522 tertigmatum
1039 448 1332 502 solutiones
1363 487 1378 512 ,
1443 444 1512 499 ad
1572 444 1977 515 intelligendam
2043 461 2165 510 ve-,

2265 450 2553 517 inicitur,
2622 445 2846 514 νοῆσαι
2895 460 2960 498 τε
3012 444 3411 513 δικαιοσύνην
3450 444 3670 512 ἀληθῆ,
3726 446 3819 497 καὶ

553 563 669 600 ram
716 544 1019 614 justitiam,
1064 552 1114 595 et
1152 537 1529 610 corrigendum
1578 538 1869 607 judicium.
1905 536 2137 592 Utcon-

555 640 795 712 cipiatur
827 647 882 693 et
931 636 1143 692 sciatur
1172 634 1377 705 quibus
1419 630 1602 685 modis
1632 631 1746 684 hac
1774 629 1950 684 verba
1981 644 2009 681 a
2044 643 2139 682 vo-

559 734 777 787 luntate
818 727 1125 783 secundum
1160 724 1540 794 Operationem
1571 719 1914 776 descendant
1945 719 2013 774 ad
2055 720 2142 774 in—

560 824 947 894 telltgentiam,
980 829 1035 877 et
1062 820 1308 874 vicissim
1336 818 1407 872 ab
1430 815 1792 885 intelligentia
1832 812 2139 869 secundum

559 914 847 970 scientiam
885 917 1115 982 surgant
1142 909 1208 963 ad
1237 909 1615 962 voluntatem:
1670 913 1731 960 ut
1754 904 1904 959 falsae
1930 903 2146 960 Judaeu-

561 1018 680 1058 rum
728 1001 983 1072 iustitiae,
1015 1014 1138 1069 quae
1180 996 1563 1068 singularibus
1591 995 1931 1050 describitur
1949 994 2143 1065 signis,

561 1113 671 1151 non
705 1093 1111 1165 acquiescant;
1153 1090 1244 1145 sed
1289 1098 1348 1144 ut
1380 1088 1691 1154 addiscant,
1738 1088 1825 1143 bis
1864 1087 2146 1157 parabolis

560 1188 975 1243 manifestatam
1014 1182 1517 1252 veramjustitiam,
1551 1196 1695 1250 quae,
1720 1179 1937 1247 judicio
1973 1192 2146 1242 reeto,

565 1278 869 1347 unicuique
894 1277 1062 1329 trium
1092 1276 1287 1328 aninue
1315 1272 1715 1343 potentiarum,
1736 1269 1885 1341 quod
1921 1270 1998 1323 illi
2020 1285 2151 1324 con-

562 1371 735 1434 venit,
764 1369 958 1424 reddat
1026 1367 1195 1438 (quod
1237 1376 1323 1420 est
1357 1364 1551 1418 modus
1596 1363 1877 1418 tribuendi
1947 1378 2150 1417 secun-

562 1462 692 1516 dum
747 1460 1139 1532 dignitatem),
1196 1468 1257 1511 ut
1298 1458 1406 1511 tale
1454 1456 1725 1525 judicium
1773 1457 1841 1509 ad
1890 1457 2151 1509 virtutem

565 1556 860 1624 dirigatur,
897 1554 961 1606 ad
996 1551 1331 1621 cupiditates
1371 1565 1496 1619 quae
1548 1549 1633 1603 Vel
1696 1564 1764 1603 ex
1802 1548 2020 1604 deiectu
2069 1549 2154 1604 vel

566 1663 632 1701 cx
674 1662 907 1702 excessu
954 1644 1176 1699 virtutis
1223 1642 1504 1707 oriuntur,
1545 1639 1601 1693 in
1635 1640 1794 1709 praxi
1842 1655 1957 1694 non
1982 1640 2154 1695 decli-

568 1737 778 1791 nando.

2238 540 2415 609 κρῖμα
2445 540 2857 593 κατευθύνειν.
2901 537 3295 604 Ὑποδὲξασθαί
3344 554 3404 590 τε
3456 538 3548 592 καὶ
3575 536 3823 607 χωρῆσαι

2239 616 2339 697 τὰς
2365 632 2578 686 τούτων
2602 630 2712 684 ἀπὸ
2740 631 2862 694 νοὸς
2904 628 3033 684 κατ’
3074 631 3357 702 ἐκέργειαν
3394 629 3826 696 συγκαταόάσεις

2242 727 2323 788 εἰς
2371 723 2664 795 αἴσθησινο
2724 724 2819 777 καὶ
2874 722 3033 786 αὖθις
3075 722 3172 784 τὰς
3218 722 3326 775 ἀπὸ
3366 720 3674 791 αἰσθήσεως
3710 720 3825 773 κατ’

2244 819 2559 889 ἐπιστήμην
2595 815 2890 885 άναγωγὰς
2941 816 3081 886 πρὸς
3114 814 3262 880 νοῦν,
3303 816 3397 868 καὶ
3431 815 3505 885 μὴ
3548 817 3611 884 τῇ
3646 814 3829 882 ψευδεῖ

2244 909 2561 981 δικαιοσύνῃ
2596 907 2906 971 Ἰουδαϊκῶς
2934 906 3241 977 ἀρκεῖσθαι,
3273 908 3307 977 ἢ
3347 907 3531 976 μόνοις
3563 905 3829 974 περιγρά-

2248 1020 2409 1072 φεται
2434 1004 2546 1065 τοῖς
2588 1002 2900 1072 συμϐόλοις,
2959 1001 3094 1054 ἀλλὰ
3144 1000 3333 1071 μαθεῖν
3362 999 3465 1068 τὴν
3502 999 3591 1051 διὰ
3625 1000 3827 1050 τούτων

2247 1094 2585 1165 δηλουμένην
2636 1093 2814 1164 ἀληθῆ
2859 1093 3227 1162 δικαιοσύνην,
3263 1092 3362 1163 τὴν
3400 1091 3467 1143 δι’
3515 1089 3686 1160 ὀρθῆς
3719 1090 3831 1161 κρί-

2252 1202 2392 1249 σεως
2435 1184 2855 1256 ἀποκληροῦσαν
2897 1185 3105 1257 ἑκάστῃ
3142 1185 3251 1236 τῶν
3302 1182 3475 1252 τριῶν
3514 1184 3613 1250 τῆς
3659 1180 3834 1249 dtuli;

2251 1276 2555 1347 δυνάμεων,
2583 1277 2641 1331 τὸ
2674 1278 2986 1348 πρόσφορον
3010 1290 3024 1305 ·
3086 1277 3208 1346 ἥτις
3240 1276 3388 1329 ἐστὶν
3414 1274 3527 1338 ἕξις
3557 1275 3835 1342 ἀπονεμη-

2260 1371 2389 1442 τικὴ
2423 1370 2518 1425 τοῦ
2543 1373 2664 1425 κατ’
2689 1370 2855 1436 ἀξίαν
2882 1389 2901 1403 ·
2934 1371 3029 1424 καὶ
3057 1370 3157 1441 τὴν
3181 1368 3440 1438 τοιαύτην
3467 1368 3649 1435 κρίσιν
3675 1368 3838 1419 ἀπευ-

2256 1464 2435 1517 θύνειν
2485 1464 2622 1535 πρὸς
2675 1464 2896 1536 ἀρετὴν,
2948 1463 3038 1518 διὰ
3094 1462 3353 1533 πράξεως
3415 1458 3839 1531 ἀπαρεγκλήτου

2255 1559 2394 1629 πρὸς
2427 1557 2495 1611 τά
2544 1558 2668 1610 κατ’
2717 1554 2954 1627 ἐλλειψιν
3002 1555 3104 1627 τῆς
3146 1553 3350 1625 ἀρετῆς
3389 1551 3487 1606 καὶ
3537 1548 3841 1621 ὑπερϐολὴν

2257 1650 2431 1720 πάθη.

643 1828 806 1884 Vens.
850 1828 903 1882 4.
935 1825 999 1881 Ut
1034 1826 1154 1880 dem
1202 1824 1573 1878 innocentibus
1608 1823 1915 1886 astutiam;
1967 1822 2155 1874 adole-

2330 1827 2394 1883 δ’.
2425 1827 2561 1882 Ἵνα
2593 1824 2677 1881 δῶ
2719 1824 2969 1891 ἀκάκως
3010 1823 3405 1893 πανουργίαν,
3445 1818 3615 1874 παιδί
3646 1817 3717 1871 δὲ
3738 1815 3845 1881 νέῳ

565 1923 734 1976 scenti
757 1918 1167 1989 intelligentiam
1199 1927 1247 1970 et
1274 1915 1671 1985 cogitationem.
1709 1912 1837 1968 Haec
1865 1911 2155 1983 proverbia

567 2027 702 2067 vero
734 2025 1017 2081 exponens
1050 2007 1337 2072 Salomon,
1386 2020 1484 2075 per
1511 2019 1575 2060 ea
1605 2002 1851 2059 ostendit
1882 2003 1952 2057 iis
1973 2002 2066 2073 qui
2100 2017 2160 2057 se

566 2104 824 2157 omnibus
862 2101 1010 2155 vitiis
1053 2096 1620 2161 exuerunt,omnium
1649 2096 1918 2150 bonorqu
1944 2094 2158 2148 metho-

558 2197 747 2249 dicam
777 2194 1189 2262 operationem;
1226 2190 1338 2245 illis
1371 2197 1556 2243 autem
1588 2188 1695 2257 qui'
1717 2184 1950 2240 infantia
1991 2185 2160 2240 intel-

568 2286 797 2341 lectuali
835 2285 1114 2344 laborant,
1140 2280 1536 2335 discretionem
1571 2279 1698 2333 boni
1732 2290 1786 2333 et
1830 2279 1995 2346 mali;
2032 2287 2160 2331 tan-

567 2380 691 2434 dem
732 2378 1095 2448 prauniorum
1137 2374 1384 2439 virtutis,
1416 2382 1471 2428 et
1501 2371 1730 2427 malitiae
1754 2387 2069 2442 poenarum,
2103 2372 2159 2425 in

571 2473 779 2532 lutum,
818 2465 1265 2522 meditationem.

641 2646 811 2704 Vsus.
859 2646 913 2703 5.
970 2644 1104 2699 Hice
1145 2644 1374 2700 audiens
1419 2642 1652 2714 sapiens,
1710 2644 2007 2715 sapientior
2036 2644 2159 2698 erit.

568 2741 675 2807 Qui
721 2742 918 2795 borum
965 2751 1289 2793 sermonum
1338 2736 1779 2806 proverbialium
1825 2736 2052 2790 auditor
2094 2736 2161 2790 ad

572 2830 910 2902 sapientiam
947 2828 1283 2888 cucurrerit,
1316 2824 1386 2879 ad
1430 2825 1579 2879 illius
1622 2824 1908 2893 perveniet
1947 2822 2164 2894 perlec-

569 2923 848 2977 tissimum
904 2919 1175 2990 gradum;
1230 2917 1403 2971 multa
1451 2915 1506 2969 in
1566 2915 1773 2971 divinis
1816 2916 2164 2986 dogmatibus

574 3011 937 3083 intelligentia
979 3010 1251 3080 gaudens,
1282 3021 1383 3062 nec
1426 3022 1534 3061 non
1566 3006 1622 3060 in
1649 3005 1934 3073 humanis,
1964 3005 2164 3062 barum

572 3121 681 3177 ope
712 3102 1104 3175 parabolarum
1142 3100 1332 3155 multis
1378 3098 1560 3154 modis
1589 3110 1644 3154 et
1674 3098 1809 3153 vitia
1839 3097 2073 3171 iugabit,
2110 3106 2165 3155 et

575 3199 811 3255 virtutes
850 3195 1126 3267 acquiret.

652 3396 723 3452 Et
766 3396 1093 3467 intelligens,
1127 3392 1489 3465 gubernacula
1529 3391 1845 3462 possidebit.
1886 3390 2040 3456 Inde,
2076 3392 2171 3464 qui

578 3500 788 3549 rectam
822 3492 1118 3545 veritatqu
1153 3488 1445 3543 scientiam
1479 3485 1742 3555 acquirit,
1778 3494 1831 3541 et
1857 3486 2013 3541 novit
2034 3501 2174 3557 quo«

581 3586 750 3641 modo
813 3582 1224 3637 inconstantem
1280 3595 1463 3633 rerum
1533 3579 1902 3633 humanarum
1948 3595 2174 3634 cursum

579 3682 847 3746 oporteat
885 3671 1253 3743 pertransire.
1283 3685 1433 3735 nam,
1470 3685 1574 3725 nec
1604 3669 1772 3733 bona,
1799 3668 2177 3741 inquisitaque

579 3780 614 3819 a
638 3764 849 3818 multis:
886 3776 990 3816 nec
1021 3760 1165 3814 mala
1210 3772 1313 3814 nec
1340 3758 1525 3813 tristia
1569 3758 1933 3814 stabilitatem
1990 3767 2040 3815 et
2075 3759 2176 3814 du-

581 3854 861 3909 rationem
919 3849 1146 3906 habent:
1185 3848 1277 3904 ille
1320 3856 1375 3903 et
1414 3848 1468 3902 in
1517 3848 1636 3919 ipsa
1681 3848 1809 3904 vitae
1842 3864 1999 3920 pace,
2049 3865 2173 3904 cum

582 3956 853 4013 prospere
902 3940 951 3995 ei
1026 3938 1212 3993 omnia
1266 3936 1546 4002 accidant,
1598 3939 1933 3992 mutationes
1981 3953 2178 4008 exspe-

578 4037 743 4096 ctat;
797 4042 901 4083 nec
932 4027 994 4081 in
1042 4025 1416 4096 praesentibus
1466 4024 1636 4079 rebus
1678 4034 1737 4078 ut
1771 4024 2177 4081 immortalibus

579 4121 833 4189 conlidit,
870 4135 972 4176 nec
1013 4118 1070 4173 in
1110 4117 1273 4173 malis
1314 4116 1608 4173 eventibus
1638 4119 1709 4173 de
1755 4119 1942 4189 seipso
1976 4120 2178 4191 despe-

584 4221 707 4280 rat;
739 4226 842 4267 nec
871 4211 925 4264 in
953 4210 1173 4280 magnis
1194 4208 1484 4264 doloribus
1512 4210 1699 4265 animo
1748 4210 2009 4279 dejicitur
2037 4229 2049 4266 :
2078 4213 2174 4269 sed

587 4304 881 4378 possidens
928 4301 1383 4371 intelligentiam,
1421 4309 1649 4366 quant
1686 4304 1984 4358 nauclerus
2020 4306 2178 4359 navi-

580 4400 724 4455 cula
753 4396 940 4452 carnis
987 4394 1249 4465 imperet,
1281 4402 1337 4447 et
1364 4394 1662 4449 sententiis
1691 4394 1852 4463 quasi
1897 4394 2177 4465 guberna-

2258 1920 2554 1987 αἴσθησίν
2598 1935 2659 1973 τε
2695 1918 2795 1972 καὶ
2837 1920 3100 1973 ἔννοιαν.
3143 1918 3332 1980 Ὅπως
3381 1917 3410 1968 δ
3448 1912 3681 1974 τούτους
3728 1909 3842 1971 τοὺς

2257 2012 2452 2081 λόγους
2508 2009 2839 2076 ὲκτεθεικὼς
2896 2007 3151 2081 Σολομὼν
3218 2008 3479 2079 παράσχῃ
3522 2005 3593 2057 δι’
3646 2000 3840 2064 αὐτῶν,

2258 2108 2371 2170 τοῖς
2426 2105 2526 2175 μὲν
2585 2101 3051 2173 ἀποϐαλλομένοις
3111 2101 3293 2154 πᾶσαν
3353 2098 3581 2161 κακίαν,
3632 2094 3840 2147 πάντων

2258 2198 2367 2251 τῶν
2402 2195 2585 2250 καλῶν
2628 2194 2927 2265 ὲμμέθοδον
2972 2192 3292 2265 ἐνέργειαν·
3330 2191 3409 2262 τῷ
3443 2190 3502 2244 δὲ
3550 2203 3840 2255 πνευματι-

2260 2289 2365 2359 κὴν
2395 2287 2614 2359 ἡλικίαν
2660 2287 2942 2358 ἀρτιγενεῖ
2986 2282 3084 2339 καὶ
3126 2283 3390 2347 νεάζοντι,
3422 2281 3703 2350 διάκρισιν
3752 2277 3841 2345 μὲν

2259 2381 2461 2452 ἀρετῆς
2496 2380 2591 2433 καὶ
2615 2378 2817 2442 κακίας
2838 2420 2853 2444 ,
2898 2377 3198 2448 ἐνθύμησιν
3229 2376 3283 2427 δὲ
3315 2374 3425 2428 τῶν
3470 2374 3517 2425 τ’
3551 2370 3643 2424 ἐπ’
3683 2370 3838 2438 ἀρετῇ

2261 2471 2403 2525 κατὰ
2431 2469 2491 2524 τὸ
2523 2470 2719 2539 μέλλον
2745 2468 2993 2524 ἐπάθλων
3039 2469 3136 2523 καὶ
3168 2465 3279 2521 τῶν
3321 2465 3417 2520 ἐπὶ
3450 2464 3653 2527 κακίας
3683 2480 3842 2532 τιμω-

2264 2560 2420 2632 ριῶν.

2333 2660 2392 2708 ε’.
2423 2652 2615 2709 Τῶνδε
2636 2654 2743 2725 γὰρ
2771 2655 3043 2721 ἀκούσας
3064 2652 3277 2723 σοφὸς,
3304 2653 3648 2723 σοφώτερος
3665 2651 3837 2707 ἔσται.

2258 2745 2484 2800 Τούτων
2530 2746 2636 2818 γὰρ
2690 2746 2801 2799 τῶν
2856 2745 3253 2817 Παροιμιακῶν
3295 2745 3471 2814 λόγων
3503 2744 3843 2806 άκούσαςτις

2265 2838 2344 2901 είς
2371 2836 2562 2908 σοφίαν
2590 2836 2939 2910 προκόπτων,
2969 2840 3049 2902 εἰς
3077 2837 3175 2909 τὴν
3203 2836 3411 2908 ταύτης
3444 2836 3646 2907 φθάσει
3666 2834 3845 2888 τελεισ

2264 2932 2433 3003 τέραν
2467 2931 2612 2996 ἕξινο
2657 2928 2831 2983 πολλὰ
2878 2930 2980 3001 μὲν
3031 2930 3295 3002 περὶτῶν
3330 2930 3493 2983 θείων
3543 2928 3844 2991 παιδευθεὶς

2266 3022 2556 3093 δογμάτων
2580 3039 2595 3056 ο
2624 3024 2800 3079 πολλὰ
2825 3024 2882 3078 δὲ
2909 3024 3003 3078 καὶ
3024 3026 3152 3097 περὶ
3181 3024 3290 3078 τῶν
3320 3023 3683 3094 ἀνθρωπίνων
3715 3022 3846 3075 ἐκδι-

2195 3140 2238 3199 C
2270 3114 2598 3182 δασκόμενος
2632 3115 2765 3185 παρ’
2801 3114 2966 3168 αὐτοῦ
3017 3114 3428 3186 Παροιμιῶδους
3462 3113 3650 3181 λόγου,
3679 3112 3844 3165 maxi-

2272 3206 2381 3271 λως
2416 3208 2513 3278 μὲν
2542 3208 2879 3279 ὲξορίζοντος
2910 3209 3006 3279 τὴν
3034 3208 3254 3275 κακίαν,
3290 3208 3649 3279 πολυτρόπως
3673 3206 3730 3259 δὲ
3754 3206 3845 3258 πάο

2272 3298 2355 3352 λιν
2388 3299 2488 3369 τὴν
2523 3299 2725 3370 ἀρετὴν
2750 3300 3188 3369 ἁντεισάγοντος.

2354 3389 2419 3442 '0
2451 3388 2520 3442 δὲ
2550 3390 2814 3459 νοήμων,
2854 3391 3226 3460 κυϐέρνησιν
3267 3390 3575 3459 κτήσεται.
3624 3391 3682 3443 Ὀ
3708 3388 3751 3443 δ’
3772 3391 3846 3442 ἐν

2272 3478 2461 3531 τεῦθεν
2492 3479 2590 3549 τὴν
2631 3480 2809 3550 ἁληοῆ
2849 3481 2957 3535 τῶν
2999 3482 3167 3535 όντων
3194 3482 3505 3551 ἐπιστήμην
3536 3479 3737 3544 λαϐὼν,
3766 3481 3845 3533 καὶ

2274 3570 2429 3636 εἰδὼς
2487 3572 2636 3635 ὅπως
2685 3573 2784 3643 τὴν
2834 3573 3066 3626 ἄστατον
3122 3572 3297 3643 φορὰν
3348 3574 3457 3626 τῶν
3508 3572 3844 3643 ἀνθρωπίνων

2275 3665 2622 3734 πραγμάτων
2647 3663 3009 3735 περαιοῦσθαι
3041 3668 3309 3736 προσήκει
3347 3664 3493 3736 (οὔτε
3524 3665 3637 3736 γὰρ
3675 3666 3743 3718 τὰ
3771 3666 3843 3718 δε-

2278 3754 2366 3820 ξιὰ
2392 3755 2482 3809 καὶ
2508 3756 2953 3826 περισπούδαστα
2970 3760 3080 3820 τοῖς
3107 3758 3339 3821 πολλοῖς,
3362 3756 3485 3811 οὔτε
3518 3758 3587 3810 τὰ
3610 3774 3845 3830 περιστα-

2278 3850 2409 3899 τικὰ
2441 3848 2535 3901 καὶ
2563 3849 2781 3919 κατηφῆ
2814 3849 2924 3902 τῶν
2972 3850 3315 3921 πραγμάτων
3345 3849 3406 3902 τὸ
3440 3849 3614 3914 ἑστὼς
3645 3852 3733 3905 καὶ
3761 3849 3843 3919 μό-

2280 3957 2435 4008 νιμον
2460 3940 2617 4011 ἔχει),
2648 3942 2741 3995 καὶ
2766 3942 2823 3993 ὲν
2849 3943 2985 4013 αὐτῇ
3016 3960 3076 3996 τε
3116 3946 3182 4014 τῇ
3213 3943 3422 4015 γαλήνῃ
3448 3942 3544 3997 τοῦ
3562 3944 3703 4016 βίου,
3727 3944 3843 3996 πάν-

2277 4050 2385 4086 των
2439 4033 2590 4104 αὐτῷ
2644 4034 2787 4087 κατὰ
2834 4032 2962 4104 ῥοῦν
3007 4036 3346 4107 προϊόντων,
3402 4035 3503 4099 τὰς
3556 4036 3840 4106 μεταδολάς

2278 4124 2557 4192 ἐκδέξεται
2601 4142 2616 4156 ο
2667 4125 2761 4178 καὶ
2802 4125 2901 4197 οὑχ
2942 4124 3017 4190 ὼς
3071 4125 3363 4191 ἀθανάτοις
3410 4127 3841 4181 ὲπαναπαύσεται

2276 4220 2390 4281 τοῖς
2421 4218 2686 4289 παροῦσιο
2739 4221 2833 4274 καὶ
2864 4222 2921 4272 ὲν
2952 4223 3026 4291 τῇ
3075 4222 3508 4293 σκυθρωποτέρᾳ
3534 4221 3839 4275 καταστάσει

2278 4310 2380 4363 οὐκ
2409 4310 2701 4364 ἀπελπίσει
2752 4312 2965 4377 ἑαυτὸν,
3011 4313 3107 4366 καὶ
3139 4317 3206 4384 τῇ
3250 4314 3418 4384 πολλῇ
3447 4313 3596 4384 λύπῃ
3628 4330 3842 4367 καταπο-

2280 4402 2386 4474 θῇ·
2430 4402 2569 4456 ἀλλὰ
2616 4404 2706 4457 τὸν
2750 4405 2878 4458 νοῦν
2923 4404 3061 4475 ἔχων
3108 4404 3298 4477 ὥσπερ
3326 4406 3450 4459 τινὰ
3501 4407 3836 4479 κυϐερνήτην,

581 4492 725 4548 culis
759 4489 921 4545 docte
957 4495 1178 4552 utatur,
1226 4484 1473 4540 carnalis
1519 4483 1785 4541 desiderii
1838 4485 2165 4556 cupiditates

2279 4495 2442 4547 οἱονεὶ
2475 4493 2661 4547 πλοίου
2700 4497 2796 4566 τῆς
2826 4496 3028 4566 σαρκὸς
3066 4493 3495 4566 κυριαρχοῦντα,
3550 4496 3643 4549 καὶ
3672 4493 3839 4565 ἐμπεί-

581 4593 849 4652 tanquam
884 4593 915 4632 a
947 4577 1131 4632 valida
1178 4582 1509 4645 tempestate
1543 4577 1839 4642 excitatas,
1878 4577 2177 4633 sustinebit

581 4686 879 4744 generose;
918 4668 1121 4739 quibus
1154 4667 1413 4737 superior
1449 4667 1577 4732 erit,
1615 4666 1766 4721 nullo
1796 4667 1959 4722 modo
1986 4682 2176 4722 earum

586 4763 848 4818 ﬂuctibus
888 4760 1224 4816 demersus:
1264 4767 1320 4813 et
1361 4772 1587 4829 seraper
1624 4758 1734 4814 sibi
1761 4769 2030 4814 constans
2064 4769 2179 4814 Sta-

588 4855 691 4919 bit,
717 4866 821 4908 nee
844 4853 898 4906 in
933 4851 1224 4922 prosperis
1261 4849 1509 4916 inﬂatus,
1552 4864 1652 4905 nec
1684 4850 2039 4907 demissusin
2081 4853 2182 4906 ad-

588 4960 786 5001 VCI'SIS.

589 5038 687 5093 καὶ
742 5037 929 5107 ὅμοιος
986 5035 1085 5105 μὲν
1142 5034 1234 5088 ἀεὶ
1282 5034 1446 5099 αὐτὸς
1498 5033 1677 5104 ἑαυτῷ
1729 5034 1999 5105 διαμένει,
2059 5038 2184 5108 μήτ’
2224 5041 2588 5114 ἐπαιρόμενος
2642 5045 2699 5098 ὲν
2742 5046 2863 5107 ταῖς
2912 5043 3220 5117 εὐθυμίαις,

589 5136 648 5188 ὲν
675 5134 794 5196 ταῖς
822 5130 1157 5201 συμφοραῖς.

659 5225 827 5282 Vens.
868 5224 921 5279 6.
959 5222 1362 5277 Animadverte:
1414 5221 1745 5293 parabolam
1777 5265 1791 5289 ,
1820 5234 1870 5277 et
1902 5224 2185 5280 obscurum

590 5330 909 5383 sermonem,
934 5323 983 5369 et
1012 5314 1172 5369 verba
1208 5316 1509 5383 sapientum
1541 5323 1593 5369 et
1641 5317 1933 5386 (enigmata
1975 5335 2181 5373 eorum.

589 5410 905 5481 Cognoscet
932 5409 1122 5463 varios
1161 5423 1448 5464 sermones
1488 5425 1501 5461 :
1543 5409 1861 5479 parabolas,
1903 5427 2027 5481 quae
2083 5428 2187 5483 ape

2281 4603 2387 4659 ρως
2434 4586 2561 4650 τοὺς
2606 4588 2922 4658 λογισμοὺς,
2976 4584 3088 4640 οἷον
3139 4588 3332 4652 οἴακας
3386 4588 3837 4659 περιστρέφοντα.

2275 4677 2346 4731 τά
2370 4694 2429 4728 τε
2455 4676 2530 4740 ῶς
2561 4676 2623 4729 ἔκ
2656 4694 2799 4739 τινος
2835 4676 3003 4746 ζάλης
3039 4675 3221 4747 βιαίας
3245 4677 3338 4730 τοῦ
3378 4675 3639 4747 σαρκικοῦ
3671 4674 3839 4742 φρονή-

2282 4785 2458 4839 ματος
2516 4769 2915 4839 ἐπεγειρόμενα
2974 4770 3082 4823 τῶν
3134 4769 3326 4823 παθῶν
3378 4770 3685 4841 κυματήσει
3733 4782 3837 4835 γεν-

2279 4859 2447 4922 ναίως
2470 4876 2484 4889 ·
2512 4860 2608 4911 καὶ
2655 4858 2859 4928 ὑψηλὸς
2900 4859 3111 4924 τούτοις
3142 4861 3236 4913 καὶ
3276 4860 3637 4932 δυσπρόσιτος
3664 4858 3834 4915 ἔσεται,

2282 4952 2546 5022 μηδαμῶς
2587 4952 2685 5019 τῆς
2711 4953 2820 5005 ἀπδ
2864 4952 3069 5005 τούτων
3104 4953 3286 5024 ἆλμης
3334 4953 3834 5024 ἀναπιμπλάμενος’

3306 5048 3446 5117 μήτε
3514 5042 3835 5101 καταπίπτων

2355 5234 2430 5294 ς’.
2468 5227 2695 5293 Νοήσει
2752 5245 2813 5283 τε
2842 5231 3218 5297 παραϐολην,
3277 5232 3378 5284 καὶ
3427 5231 3831 5286 σκοτεινὸνλό-

2285 5339 2416 5391 Ter,
2456 5320 2676 5390 ῥήσεις
2705 5339 2770 5374 τε
2817 5321 3047 5391 σοφῶν,
3090 5322 3187 5375 καὶ
3229 5323 3570 5391 αἰνίγματα.
3604 5323 3831 5377 Γνὼσεται

2284 5414 2340 5468 δὲ
2375 5413 2569 5481 λόγους
2621 5414 3034 5478 παντοδαποὺς,
3096 5415 3469 5487 παραϐολικόν
3516 5433 3576 5469 τε
3615 5414 3833 5485 δηλοῦντα

593 5502 794 5559 similis
828 5502 1062 5573 cogniti,
1084 5502 1432 5573 incognitum
1459 5502 1644 5557 simile
1679 5512 2028 5571 monstrant;
2063 5522 2165 5560 ver-

2283 5508 2372 5563 διὰ
2427 5508 2521 5561 τοῦ
2596 5506 3009 5579 γινωσκομένου
3080 5510 3308 5578 ὁμοίου,
3372 5509 3435 5561 τὸ
3514 5508 3832 5577 ἀγνοούμενοι

592 5600 662 5655 ba
693 5598 957 5661 obscura,
1000 5613 1123 5668 quae
1171 5596 1481 5653 sententias
1522 5604 1578 5649 et
1633 5596 2049 5667 intelligentiam
2097 5613 2189 5653 os-

595 5693 829 5748 tendunt
866 5691 1076 5746 :verba
1110 5694 1421 5760 sapientum
1457 5688 1894 5760 profunditatem
1940 5691 2185 5746 scientia:

591 5788 875 5858 habentia,
915 5787 1022 5846 etsi
1064 5787 1220 5843 multi
1280 5787 1560 5844 aestiment
1609 5802 1668 5844 se
1713 5786 1932 5844 illorum
1974 5786 2181 5843 intelli-

2286 5602 2471 5671 ὅμοιον
2498 5616 2511 5630 ·
2539 5600 2635 5651 καὶ
2666 5601 2879 5669 ἀσαφῆ,
2913 5602 3011 5669 τήν
3042 5617 3099 5652 τε
3133 5600 3293 5671 ῥῆσιν
3332 5604 3426 5656 καὶ
3461 5602 3559 5673 τὴν
3595 5602 3829 5654 διάνοιαν⁸

2295 5692 2519 5766 ῥήματά
2547 5710 2605 5746 τε
2635 5692 2813 5761 σοφῶν
2846 5692 3009 5763 βάθος
3038 5692 3232 5763 ἔχοντα
3276 5694 3551 5762 γνώσεως,
3587 5694 3683 5747 κᾶν
3710 5689 3832 5758 νομί-

2291 5786 2493 5849 ζωνται
2538 5788 2651 5849 τοῖς
2696 5784 2913 5850 πολλοῖς
2962 5785 3106 5857 ἔχειν
3154 5788 3449 5859 πρόχειρον
3491 5788 3588 5859 τὴν
3629 5782 3827 5851 κατάλη-
