4034 6540
179 339 320 406 1225

1226 321 1762 387 COMMENTARII
1805 315 1888 377 ΙΝ
1928 318 2382 380 PROVERBIA.

3306 312 3437 379 1296

172 458 309 525 ψιν⁸
364 456 457 511 καὶ
506 455 838 525 αἰνίγματα,
894 448 1011 520 μετ’
1063 444 1411 517 ἐπικρύψεως
1464 440 1757 511 σημαίνον-

1874 435 2103 506 gentiam
2155 434 2442 504 possidere
2476 450 2487 486 :
2522 443 2573 488 et
2617 434 2905 503 mnigmata
2946 431 3237 500 allegorice
3283 422 3430 486 veri-

174 564 247 601 τα
273 548 375 620 τὴν
407 547 697 619 ἀλήθειαν·
748 537 822 596 ὧν
873 535 1258 609 παροιμιωδῶν
1308 535 1483 605 λόγων
1528 533 1757 605 ἀρκτέον

174 639 388 693 λοιπόν.

248 729 317 793 ζ’.
353 728 535 798 Ἀρχὴ
569 726 811 795 σοφίας,
841 723 1025 793 φόϐος
1058 720 1299 789 Κυρίου.
1338 716 1505 787 Ἀρχὴ
1551 716 1651 785 τῆς
1692 715 1757 769 δι’

176 821 330 890 ἡμᾶς
358 820 439 882 είς
480 816 622 871 ἐπτά
647 813 990 882 πνευματικά
1020 811 1336 884 χαρίσματα
1378 806 1763 878 διαιρουμένης

178 908 400 978 σοφίας,
448 905 736 960 τελευταία
768 906 867 974 μὲν
915 904 980 956 ἐκ
1026 899 1183 962 Θεοῦ,
1213 896 1490 969 προσεχὴς
1521 893 1578 947 δὲ
1606 894 1759 963 ἡμῖν,

177 1002 207 1053 ό
239 998 334 1053 τοῦ
361 997 567 1069 Κυρίου
601 996 765 1065 φόϐος
816 992 992 1045 ἐστίν’
1028 990 1085 1053 ὃς
1125 988 1213 1041 διὰ
1246 986 1344 1051 τὰς
1390 984 1499 1038 τῶν
1530 982 1762 1037 αἰωνίων

177 1089 460 1142 κολάσεων
507 1082 758 1147 ἀπειλὰς,
799 1082 1016 1137 πάντων
1065 1096 1125 1132 τε
1158 1079 1393 1131 ποιεῖται
1442 1072 1551 1126 τῶν
1578 1070 1763 1125 κακῶν

178 1180 418 1251 ἀποχὴν,
451 1178 545 1232 καί⁵
572 1178 675 1247 τῆς
704 1173 1166 1245 καταφρονήσεως
1199 1166 1495 1222 ἀπελαύνει
1525 1164 1623 1234 τὴν
1650 1162 1763 1214 πώο

184 1287 379 1341 ρωσιν.
420 1266 539 1337 Ἀφ’
566 1261 630 1320 οὗ
661 1265 989 1335 κινούμενοι,
1023 1260 1127 1331 ὁδῷ
1176 1277 1283 1313 τινι
1330 1258 1424 1311 καὶ
1449 1254 1598 1319 τάξει
1631 1268 1764 1321 προ-

182 1360 487 1425 ϐαίνοντες,
520 1357 610 1411 διά
655 1373 717 1409 τε
775 1354 978 1425 ἰσχύος,
1017 1353 1139 1421 ἥτις
1170 1350 1258 1404 διὰ
1290 1349 1388 1419 τὴν
1425 1346 1616 1400 ἐλπίδα
1658 1342 1766 1396 τῶν

184 1450 551 1519 ἐπαγγελιῶν,
580 1446 861 1518 πρόθυμός
892 1448 1040 1499 ἐστιν
1081 1442 1226 1513 ὁρμὴ
1254 1442 1349 1494 καὶ
1381 1439 1595 1508 κίνησις
1632 1434 1767 1505 πρὸς

185 1543 473 1611 ἐνέργειαν
496 1538 606 1592 τῶν
633 1536 885 1600 ἐντολῶν,
920 1535 1017 1587 κα¹ι
1040 1534 1140 1602 τῆς
1172 1530 1458 1594 ἀσθενείας
1484 1528 1725 1596 ἐξέλασις
1750 1542 1762 1611 ᾖ

187 1610 295 1685 καῖ
339 1630 551 1701 βουλῆς,
577 1629 702 1697 ἥτις
733 1626 971 1696 ὑπάρχει
996 1623 1109 1689 ἕξις
1132 1623 1229 1691 τῆς
1253 1620 1577 1692 διακρίσεως
1599 1633 1614 1648 '
1646 1610 1765 1671 καθ’

186 1725 255 1791 ἦν
286 1722 384 1775 σὺν
412 1720 554 1789 λόγῳ
579 1719 678 1781 τὰς
725 1716 875 1779 Θείας
904 1715 1218 1784 πράττομεν
1244 1711 1483 1776 ἐντολὰς,
1524 1710 1618 1763 κα¹ι
1658 1710 1767 1762 τῶν

188 1786 537 1882 κρειττόνων
562 1808 881 1878 διαιροῦμεν
915 1808 984 1862 τὰ
1012 1806 1230 1877 χείρονα
1257 1823 1269 1835 ο
1318 1804 1414 1857 καὶ
1437 1803 1767 1873 ἐπιστήμης,
1801 1786 1844 1841 Β

188 1908 315 1977 ἣτις
350 1906 469 1959 ἐστὶ
492 1905 593 1974 τῆς
631 1904 729 1974 μὲν
767 1900 1043 1965 ἀσεϐείας,
1072 1899 1165 1952 καὶ
1193 1897 1291 1968 τῆς
1333 1896 1419 1949 ἐπ’
1448 1895 1618 1965 αὐτῆς
1662 1895 1769 1947 τῶν

134 2042 142 2047 .
191 2002 371 2070 ἔργων
405 1996 761 2067 φαυλότητος,
807 1993 1084 2060 διωγμόςο
1135 1989 1243 2043 τῶν
1290 1989 1347 2042 δὲ
1400 1988 1523 2041 κατ’
1569 1985 1770 2056 ἀρετὴν

188 2091 292 2161 τῆς
355 2090 604 2161 πράξεως
652 2088 869 2155 τρόπων
926 2084 1171 2143 ἄπτωτος
1222 2080 1448 2149 είδησις,
1500 2077 1621 2131 καθ’
1679 2076 1772 2140 οὓς

190 2183 546 2254 πράττοντες,
587 2180 685 2248 τῆς
717 2176 883 2248 ὀρθῆς
916 2175 1007 2228 τοῦ
1040 2173 1201 2241 λόγου
1257 2172 1491 2242 κρίσεως
1521 2169 1772 2240 οὐδαμῶς

190 2274 557 2342 διαπίπτομεν
582 2286 598 2304 σ
645 2270 741 2323 καὶ
772 2266 1049 2335 γνώσεως,
1095 2265 1216 2333 ἥτις
1248 2262 1365 2314 ἐστὶ
1407 2260 1517 2313 τῶν
1558 2261 1615 2312 ἐν
1653 2261 1772 2321 ταῖς

190 2364 434 2426 ἐντολαῖς
478 2361 650 2429 λόγων
694 2356 1002 2428 περίληψις,
1046 2354 1169 2407 καθ’
1212 2352 1305 2416 οὓς
1350 2353 1401 2405 οἰ
1442 2350 1629 2422 τρόποι
1662 2348 1773 2402 τῶν

190 2453 404 2525 ἀρετῶν
436 2451 851 2520 συνεστήκασιν,
879 2446 1244 2516 ἀναϐαίνομεν
1279 2446 1414 2514 πρὸς
1458 2444 1558 2512 τῆς
1582 2442 1773 2512 σοφίας

190 2548 253 2599 τὸ
293 2545 471 2608 τέλος,
502 2543 601 2614 τὴν
637 2542 874 2609 σύνεσιν,
914 2540 1039 2610 ήτις
1068 2538 1217 2591 ἐστὶν
1241 2535 1526 2608 ἀφαίρεσις
1566 2550 1625 2587 τε
1672 2534 1775 2600 τῆς

191 2631 733 2703 ἀνεπιγνωμοσύνης,
771 2630 866 2683 καὶ
898 2625 1302 2696 συγκατάθεσις
1334 2626 1469 2694 πρὸς
1500 2626 1625 2687 τούς
1644 2622 1772 2694 τρό-

192 2744 332 2789 πους
363 2726 461 2779 καί.
501 2724 629 2788 τούς
670 2723 867 2791 λόγους
905 2721 1018 2775 τῶν
1072 2720 1282 2793 ἀρετῶν
1306 2735 1319 2747 ·
1374 2719 1406 2787 ἢ
1444 2716 1776 2787 κυριώτερον

192 2819 391 2881 εἰπεῖν,
426 2815 789 2886 μεταποίησις
823 2813 945 2867 καθ’
976 2814 1043 2885 ἢν
1074 2812 1211 2884 πρὸς
1244 2813 1370 2873 τούς
1410 2810 1643 2878 τρόπους
1682 2808 1775 2860 καὶ

191 2903 321 2967 τοὺς
361 2904 553 2971 λόγους
597 2902 708 2955 τῶν
765 2902 1017 2968 ἐντολῶν,
1069 2900 1367 2971 σύγκρασις
1413 2900 1622 2967 γίνεται
1666 2895 1776 2949 τῶν

195 2996 442 3064 φυσικῶν
486 2995 792 3063 δυνάμεων,
841 2992 1125 3064 τηρουσῶν
1172 2990 1271 3053 τὰς
1312 2988 1530 3051 ἐντολὰς
1576 2988 1638 3041 οὐ
1686 2986 1778 3040 διὰ

193 3088 295 3150 τὰς
356 3086 611 3151 ἁπειλάς,
676 3087 709 3155 ἢ
741 3085 848 3139 ’διὰ
899 3086 997 3148 τάς
1061 3082 1426 3150 ἐπαγγελίας,
1486 3080 1622 3134 ἀλλά
1685 3079 1774 3133 διὰ

195 3177 256 3234 τὸ
285 3179 617 3234 οἰκειοῦσθαι
657 3151 883 3243 ταύτας,
919 3178 995 3241 ὡς
1040 3176 1385 3245 παναγάθους
1416 3174 1558 3227 κατά
1589 3173 1771 3225 διάθε-
1800 3151 1842 3209 C

197 3286 305 3327 σιν.

266 3362 522 3429 Σύνεσις
552 3362 621 3416 δὲ
661 3363 855 3431 ἀγαθὴ
897 3360 1049 3416 πᾶσι
1092 3362 1217 3427 τοῖς
1255 3361 1538 3415 ποιοῦσιν
1560 3359 1771 3425 αὐτήν.

196 3454 368 3518 Ἤτις
400 3454 616 3519 σύνεσις
650 3456 791 3524 καλὴ
815 3455 1031 3519 πάντως
1053 3455 1198 3508 ἐστὶν
1232 3455 1404 3507 ἀπασι
1434 3453 1543 3516 τοῖς
1573 3452 1776 3515 ταύτην

196 3546 611 3615 ἐργαζομένοις,
660 3549 717 3599 ἐν
756 3547 832 3616 τῷ
882 3546 1146 3617 πράττειν
1192 3544 1570 3613 ἐπιστημόνως
1602 3542 1777 3596 πάντα

194 3636 264 3688 τὰ
290 3634 411 3688 θεῖα
446 3635 748 3707 θελήματα,
782 3632 899 3706 μεθ’
930 3636 997 3707 ἦν
1023 3636 1316 3707 προσεχεῖς
1346 3632 1494 3702 αὐτῷ
1515 3632 1779 3702 γινόμεθα

195 3727 275 3794 τῷ
311 3724 466 3796 θεῷε·
505 3727 602 3796 τῆς
636 3727 773 3796 πρὸς
795 3728 958 3781 αὐτὸν
989 3725 1235 3791 ἐνὼσεως
1269 3725 1437 3796 μόνην
1467 3723 1780 3794 μεσιτεύον-

200 3833 300 3869 σαν
328 3817 544 3885 ἔχοντες
586 3821 683 3887 τήν
706 3817 862 3887 ἡμῶν
901 3818 1000 3887 μὲν
1039 3817 1255 3888 πόρῤω,
1297 3816 1415 3887 Θεῷ
1442 3816 1501 3869 δὲ
1538 3816 1778 3885 προσεχῆ

199 3909 428 3977 σοφίαν,
475 3910 598 3979 ἥτις
648 3909 883 3980 ὑπάρχει
933 3909 1034 3979 τῆς
1087 3909 1188 3978 μὲν
1221 3907 1409 3971 ἀνοίας
1460 3907 1774 3977 ἀναίρεσις,

196 4002 308 4054 τῶν
351 4001 409 4054 δὲ
464 4003 521 4053 ἐν
568 4005 689 4065 ταῖς
730 4001 975 4066 ἐντολαῖς
1028 4000 1559 4072 πνευματικωτέρων
1606 3998 1780 4067 λόγων

196 4094 456 4158 ἀνάλυσις
493 4094 631 4165 πρὸς
666 4096 767 4165 τὴν
793 4096 974 4149 αἰτίαν
1018 4094 1113 4149 καὶ
1145 4094 1339 4156 ἐνωσις
1363 4108 1375 4121 °
1404 4092 1780 4154 ἀναδαίνοντες

197 4183 309 4252 γὰρ
347 4183 437 4237 διὰ
486 4184 595 4237 τῶν
645 4184 959 4256 εἰρημένων
1010 4183 1214 4253 ἐτέρων
1265 4181 1650 4251 πνευματικῶν
1684 4198 1777 4250 χαι

200 4276 506 4349 ρισμάτωνη,
567 4276 913 4348 συναγόμεθα
974 4276 1110 4347 πρός
1139 4275 1234 4345 τὴν
1269 4274 1419 4328 θείαν
1457 4274 1558 4342 τῆς
1590 4274 1779 4342 σοφίας

202 4369 445 4440 μονάδαο
490 4370 590 4439 τὴν
623 4368 1003 4439 γεγενημένην
1041 4366 1108 4420 δι’
1157 4368 1304 4437 ἡμᾶς
1341 4366 1448 4419 τῶν
1498 4366 1780 4436 χαρισμά-

1862 534 2030 582 tatem
2073 525 2483 590 monstrantia;
2520 535 2575 580 et
2618 525 2719 579 hoc
2759 523 3151 593 parabolartuu
3186 522 3430 576 initium.

1934 706 2101 764 Vens.
2145 706 2195 763 7.
2245 707 2581 777 Principium
2623 705 2897 773 sapientiae
2924 743 2939 766 ,
2998 704 3157 757 timor
3204 703 3433 757 Domini.

1866 798 2203 868 Principium
2240 798 2411 861 illius,
2438 812 2559 869 qua:
2585 812 2615 851 a
2655 796 2815 851 nobis
2848 800 2902 850 in
2930 804 3142 864 septem
3177 796 3437 865 spiritua-

1866 892 1935 946 lia
1974 892 2307 947 charismata
2366 890 2675 956 dividitur,
2718 889 3032 960 sapientiae,
3075 886 3327 941 ultimum
3371 902 3436 941 ex

1866 995 2021 1054 parte
2058 984 2174 1049 Dei,
2220 984 2462 1053 primum
2505 997 2637 1038 vero
2662 995 2763 1053 pro
2798 981 2981 1044 nobis,
3021 989 3106 1035 est
3139 979 3304 1033 timor
3334 976 3439 1033 Do—

1868 1075 2041 1139 mini;
2082 1074 2175 1144 qui
2225 1089 2349 1139 nos,
2391 1090 2486 1145 per
2524 1082 2857 1129 mternorum
2902 1072 3302 1143 suppliciOrum
3340 1074 3441 1124 mi-

1868 1178 1994 1227 nas,
2028 1165 2099 1219 ab
2125 1163 2389 1217 oninibus
2433 1172 2677 1217 avertere
2705 1161 2843 1216 facit
2876 1161 3050 1226 vitiis,
3083 1167 3141 1213 et
3192 1167 3441 1214 contem-

1867 1265 1995 1326 plus
2025 1255 2180 1327 fugat
2204 1255 2484 1309 duritiam.
2521 1255 2625 1319 Qui
2647 1268 2779 1309 vero
2809 1253 2913 1308 hoc
2934 1254 3132 1308 timore
3153 1265 3443 1308 moventur

1868 1345 2105 1414 quadam
2136 1344 2228 1400 via
2261 1351 2317 1399 et
2342 1344 2541 1399 ordine
2582 1344 2892 1407 ambulant,
2926 1358 3030 1413 ope
3072 1342 3440 1407 fortitudinis,

1870 1453 1990 1508 quae
2022 1447 2109 1493 est
2146 1451 2476 1508 generosum
2528 1438 2865 1492 desiderium
2907 1444 2960 1491 et
2988 1444 3170 1492 motus
3195 1437 3261 1490 ad
3300 1451 3441 1505 pran-

1870 1536 2150 1601 ceptorum
2172 1528 2566 1598 implelionem,
2582 1536 2808 1597 propter
2825 1541 2975 1597 spem
2992 1525 3443 1596 promissionum,

1870 1631 1926 1677 et
1957 1621 2133 1677 morbi
2167 1619 2415 1689 iugatio:
2460 1634 2563 1689 ope
2604 1620 2854 1680 consilii,
2898 1618 3043 1686 quod
3097 1627 3183 1672 est
3224 1617 3444 1671 habitus

1873 1712 2228 1767 discretionis
2268 1727 2282 1765 :
2330 1726 2426 1780 per
2474 1726 2636 1780 quam
2685 1725 2811 1765 cum
2854 1709 3067 1779 judicio
3116 1708 3305 1763 divina
3343 1707 3446 1761 im-

1872 1805 2085 1875 plemus
2115 1813 2409 1874 praecepta,
2460 1811 2515 1857 et
2556 1801 2761 1857 bonum
2803 1817 2832 1854 a
2874 1801 3024 1857 ma’lo
3055 1799 3442 1856 secernimus:

1871 1911 1977 1968 ope
2024 1898 2291 1961 scientiae,
2340 1900 2462 1965 gnte
2516 1901 2602 1949 est
2648 1893 2970 1963 impietatis,
3016 1900 3071 1947 et
3112 1905 3345 1961 operum
3376 1889 3444 1943 ab

1873 1987 1966 2042 illa
2008 1986 2280 2042 factorum
2308 2025 2324 2053 ,
2365 1984 2660 2055 expulsio;
2707 1990 2764 2038 et
2810 1996 3001 2037 eorum
3038 1996 3161 2052 quae
3206 1978 3442 2034 solidam

1872 2079 2093 2133 virtutis
2142 2083 2394 2147 spectant
2470 2073 2959 2137 exercitationem,
3008 2070 3254 2142 cognitio
3303 2088 3315 2123 :
3354 2084 3447 2138 per

1873 2183 1969 2222 eas
2013 2177 2263 2239 agentes,
2309 2182 2339 2221 a
2394 2175 2545 2221 recto
2572 2164 2793 2221 consilii
2825 2162 3067 2234 judicio,
3100 2163 3254 2217 nullo
3281 2161 3446 2216 modo

1873 2260 2161 2316 delicimus
2188 2280 2201 2315 :
2233 2275 2336 2330 ope
2366 2258 2768 2329 intelligentiae,
2797 2272 2919 2327 qua:
2936 2267 3025 2314 est
3050 2264 3445 2327 praeceptorum

1873 2350 2352 2422 interpretationis
2399 2351 2617 2416 nclitia,
2653 2363 2750 2418 per
2784 2363 2948 2418 quam
2994 2347 3133 2401 varii
3166 2346 3311 2401 modi
3336 2346 3449 2399 vir-

1874 2450 2051 2497 tutum
2089 2441 2403 2507 ﬁrmantur,
2434 2440 2784 2495 ambulamus
2810 2438 2877 2493 ad
2914 2438 3197 2508 sapientiae
3232 2436 3450 2508 perfec-

1876 2532 2105 2597 tionem,
2141 2531 2194 2586 id
2234 2541 2339 2597 est,
2377 2530 2727 2601 prudentiam
2757 2546 2771 2596 ;
2801 2544 2925 2601 quae
2950 2540 3034 2583 cst
3065 2527 3451 2599 imprudentia-

1874 2624 2099 2687 ablatio,
2131 2634 2186 2678 et
2221 2624 2509 2679 modorum
2584 2623 2970 2694 rationumque
3015 2624 3277 2677 virtutum
3327 2636 3449 2675 sus-

1874 2712 2078 2783 ceptio.
2106 2710 2191 2774 Et,
2222 2720 2281 2766 ut
2315 2726 2414 2783 pro
2455 2726 2675 2781 semper
2706 2710 2910 2775 dicam,
2956 2710 3215 2778 mutatio,
3248 2724 3357 2780 qua
3385 2712 3451 2764 ad

1875 2804 2071 2861 modus
2126 2806 2481 2874 rationesque
2520 2805 2814 2867 virtutum,
2866 2802 2959 2857 [lat
2995 2803 3193 2857 mixtio
3227 2812 3450 2857 natura-

1876 2897 2009 2949 lium
2043 2896 2437 2967 potentiarum,
2466 2910 2589 2965 quae
2618 2897 2916 2950 observent
2946 2905 3220 2964 praecepta
3248 2910 3359 2949 non
3384 2900 3455 2948 ob

1877 2986 2069 3043 minas
2098 2996 2195 3041 aut
2244 2988 2665 3057 promissiones,
2715 2987 2813 3043 sed
2858 2985 2975 3041 ham
3022 2986 3154 3051 duo,
3192 2998 3450 3057 tanquam

1877 3082 2085 3152 optima
2131 3080 2441 3136 secundum
2478 3080 2860 3144 dilectionem,
2895 3078 3302 3146 amplectende.

1948 3363 2315 3435 Intelligentia
2366 3364 2504 3418 bona
2540 3363 2783 3417 omnibus
2820 3363 3149 3432 facientibus
3198 3377 3340 3417 eam.
3377 3360 3453 3415 Ex

1877 3455 2266 3510 observatione
2310 3453 2475 3509 docta
2515 3454 2827 3509 divinarum
2870 3453 3241 3515 voluntatum,
3286 3452 3456 3507 datur

1880 3549 2023 3603 bona
2070 3547 2462 3619 intelligentia,
2497 3548 2757 3603 omnibus
2804 3548 2953 3602 illam
2991 3546 3324 3616 sapientiam
3356 3560 3455 3600 co-

1879 3640 2143 3701 lentibus.
2187 3654 2299 3711 qua
2336 3641 2574 3711 proximi
2625 3641 2737 3697 Deo
2780 3642 2883 3712 ipsi
2920 3642 3235 3697 eilicimur:
3280 3648 3334 3695 et
3376 3641 3452 3694 illi

1879 3730 2299 3800 conjungimur,
2346 3732 2462 3786 sola
2504 3731 2755 3801 juvante,
2793 3748 2916 3803 qua:
2944 3748 2975 3786 a
3014 3732 3179 3787 nobis
3218 3739 3451 3795 remota,

1882 3820 1994 3877 Deo
2051 3832 2237 3877 autem
2286 3826 2539 3894 proxima
2591 3834 2695 3889 est,
2728 3828 2997 3896 sapientia
3035 3846 3047 3881 :
3081 3842 3225 3896 quae,
3268 3826 3455 3881 stulti-

1880 3914 1969 3967 tite
2012 3915 2269 3978 remotio,
2311 3922 2365 3967 et
2412 3913 2786 3982 spiritualium
2832 3915 2887 3969 in
2929 3922 3201 3985 praecepta
3245 3928 3454 3969 sermo-

1880 4015 2036 4065 num,
2066 4009 2152 4056 est
2180 4000 2449 4056 resolutio
2486 4010 2541 4056 et
2569 4002 2871 4073 synthesis.
2905 4004 3041 4058 Cum
3074 4004 3221 4057 enim
3259 4004 3453 4058 ambu-

1882 4095 2064 4150 lamus
2095 4097 2405 4150 secundum
2438 4094 2587 4151 dicta
2616 4096 2724 4151 alia
2760 4096 3099 4151 charismata
3118 4096 3454 4167 spiritualin,

1877 4185 2161 4256 jungimur
2192 4185 2406 4241 Divina:
2446 4187 2668 4243 monadi
2697 4187 3003 4259 sapientiae,
3030 4196 3084 4242 et
3125 4202 3220 4256 per
3253 4186 3457 4240 distin-

1882 4277 2121 4331 ctionem
2155 4292 2184 4330 a
2214 4279 2372 4334 nobis
2398 4278 2598 4333 factam
2643 4280 3066 4345 charismatum,
3098 4279 3457 4350 intelligimus

1884 4368 2129 4424 rationes
2177 4385 2367 4424 eorum
2413 4386 2583 4425 :nam
2625 4372 2899 4441 sapientia
2939 4386 3135 4426 monas
3174 4380 3279 4434 cst,
3331 4386 3456 4425 cum

199 4479 309 4515 των
340 4460 628 4532 διαίρεσιν,
665 4460 805 4533 πρὸς
830 4459 930 4530 τήν
958 4458 1162 4512 τούτων
1194 4457 1375 4511 αἰτίαν
1416 4456 1739 4525 συνάγοντες
1764 4472 1776 4484 ·

1886 4459 2058 4515 variis
2088 4459 2158 4514 ab
2198 4475 2263 4514 ea
2297 4462 2594 4516 virtutibus
2625 4470 2799 4518 totum
2829 4462 3165 4518 indivisibile
3190 4460 3455 4525 eﬂiciens;

199 4553 394 4619 ἐπειδὴ
416 4553 450 4623 ὴ
488 4552 651 4622 σοφία
686 4552 854 4623 μονάς
887 4551 1026 4614 ἐστι,
1062 4549 1161 4612 τὰς
1207 4547 1268 4612 ἐξ
1304 4548 1470 4617 αὐτῆς
1502 4547 1781 4617 διαφόροις

199 4643 424 4713 ἀρεταῖς
456 4642 720 4713 ἀτμήτως
747 4638 1156 4712 ἐνθεωρουμένη
1178 4654 1192 4668 ο
1218 4636 1315 4690 καὶ
1350 4635 1637 4707 μονοειδῶς
1668 4636 1789 4694 ταῖς

199 4736 312 4787 τῶν
334 4734 476 4788 ὅλων
501 4734 714 4805 ἀρετῶν
740 4732 1045 4803 ἐνεργείαις
1079 4729 1463 4799 ἐπινοουμένη,
1496 4730 1617 4790 ταῖς
1650 4727 1787 4797 πρὸς

198 4825 376 4897 αὐτὴν
405 4824 515 4878 τῶν
547 4825 607 4891 ἐξ
634 4824 809 4893 αὐτῆς
833 4821 1044 4893 ἀρετῶν
1083 4819 1613 4881 ἀποκαταστάσεσιν,
1656 4817 1787 4869 ὃταν

1885 4561 1941 4603 et
1968 4550 2323 4605 uniformiter
2359 4553 2411 4605 in
2448 4553 2698 4607 omnium
2735 4554 3000 4607 virtutum
3040 4551 3259 4605 actibus
3300 4565 3455 4605 com-

1884 4642 2246 4709 prehenditur
2296 4644 2410 4706 illa,
2463 4642 2809 4699 restituendo
2858 4643 2964 4712 ipsi
3008 4642 3245 4696 virtutes
3280 4639 3351 4695 ab
3395 4658 3456 4694 ea

1884 4734 2154 4799 oriundw,
2186 4734 2430 4804 quando,
2465 4748 2569 4789 nos
2595 4735 2745 4789 varie
2768 4733 3071 4790 secundum
3096 4747 3461 4804 unamquam-

1884 4837 1992 4891 que
2046 4823 2303 4877 virtutem
2361 4822 2802 4893 progredientcs,
2855 4836 2948 4891 per
2998 4821 3250 4892 singulas
3293 4820 3345 4874 vi
3386 4821 3456 4874 ad

196 4918 369 4986 ἡμεῖς
425 4914 494 4967 δι’
548 4914 643 4977 οὓς
691 4912 835 4966 κατὰ
886 4911 984 4983 τὴν
1036 4912 1272 4981 ἑκάστης
1324 4908 1526 4978 ἀρετῆς
1566 4908 1776 4975 γένεσιν

1882 4928 2004 4967 eam
2052 4914 2413 4969 accessimus.
2455 4914 2560 4969 Per
2609 4914 2754 4969 hanc
2804 4916 3164 4986 sapientiam,
3213 4912 3455 4983 sapient.

197 5010 442 5062 ποιεῖται
474 5007 575 5077 τὴν
602 5006 851 5076 πρόοδον,
882 5002 1220 5065 ἀνατατικῶς
1255 5002 1322 5055 δι’
1358 5002 1600 5071 ἐκάστης
1637 5000 1775 5069 πρὸς

1875 5006 2252 5075 corporalium
2286 5015 2339 5061 et
2372 5006 2834 5063 intellectualium
2864 5022 3048 5063 rerum
3076 5005 3458 5060 meditatione.

198 5101 377 5169 αὐτὴν
408 5097 757 5167 συναγόμεθα
782 5115 796 5129 ·
832 5096 955 5152 καθ’
988 5098 1054 5167 ἣν
1084 5096 1294 5161 σοφίαν,
1330 5094 1627 5163 ἀγνώστως
1654 5094 1776 5157 τοὺς

1877 5105 1938 5151 ιιι
1983 5097 2303 5154 hominibus
2334 5099 2619 5163 convenit,
2671 5098 2960 5154 initiamur
3020 5098 3248 5160 indocti,
3290 5096 3463 5150 multa

198 5194 259 5244 ἐν
288 5190 415 5259 Θεῷ
445 5189 586 5243 κατά
630 5188 692 5241 τὸ
731 5189 952 5259 θεμιτὸν
987 5186 1295 5258 ἀνθρώποις
1322 5186 1513 5249 ἁπλῶς
1536 5186 1776 5255 μυούμε-

1877 5187 2143 5258 variaque
2206 5204 2391 5244 rerum
2440 5189 2495 5244 in
2530 5188 2644 5245 Deo
2685 5190 3068 5261 intelligentia,
3097 5195 3152 5244 et
3183 5188 3263 5243 sic
3295 5186 3462 5257 piam,

195 5298 307 5345 νοι,
337 5283 450 5336 τῶν
482 5282 652 5337 δντων
682 5282 871 5351 λόγους
895 5280 1124 5343 πολλοὺς
1160 5280 1252 5333 καὶ
1300 5277 1575 5340 ποικίλους
1602 5279 1665 5329 ἐκ
1684 5276 1776 5347 τῆς

1880 5278 2029 5333 circa
2075 5293 2294 5334 omnem
2346 5280 2634 5336 veritatem
2674 5279 3039 5335 ostendemus
3068 5292 3098 5333 ρ
3126 5276 3465 5340 σηίιίοιιυιιι

198 5374 314 5429 τῶν
345 5374 626 5444 αἰσθητῶν
657 5388 718 5428 τε
749 5374 843 5428 καὶ
870 5373 1077 5442 νοητῶν
1101 5371 1301 5424 οὐσιῶν
1331 5369 1503 5439 σοφῆς
1529 5368 1776 5438 θεωρίας,

1892 5382 2058 5439 quam
2106 5370 2364 5426 omnibus
2409 5369 2730 5426 hominibus
2779 5369 2943 5425 modo
2988 5368 3164 5435 vario,
3197 5383 3261 5423 ex
3300 5367 3467 5421 corde

202 5464 452 5529 εὐσεϐεῖς
526 5467 655 5535 περί
714 5467 815 5536 τῆς
879 5464 1007 5534 ὅλης
1091 5461 1349 5531 ἀληθείας
1419 5457 1776 5526 ἀποδώσωμει

1897 5470 2159 5530 tanquam
2196 5465 2470 5519 crescenti
2508 5462 2679 5527 fonto,
2708 5463 3026 5518 oﬂ‘eremtts.

200 5556 398 5625 λόγους
423 5572 437 5586 ⁶
468 5555 732 5622 ποικίλως
773 5556 976 5627 ταύτης
1008 5554 1081 5618 ὡς
1129 5553 1194 5607 ἐκ
1219 5570 1363 5615 τινος
1394 5550 1799 5621 βλαστανούσης
1840 5558 2021 5623 πηγῆς
2050 5554 2151 5625 τῆς
2182 5556 2431 5625 καρδίας,
2477 5558 2589 5619 τοῖς
2618 5556 2796 5619 ἀλλοις
2861 5552 3171 5625 ἀνθρώποις
3230 5560 3470 5623 προσφι·

208 5666 417 5719 ροντες.

273 5742 571 5796 Εὐσέϐεια
598 5741 665 5795 δὲ
708 5744 795 5805 εἰς
826 5741 996 5801 Θεὸν,
1027 5736 1184 5808 ἀρχὴ
1230 5737 1588 5801 αἰσθήσεως.
1617 5734 1776 5789 Εὐσέ-

1970 5733 2152 5788 Pietas
2184 5735 2237 5788 in
2283 5733 2471 5805 Deum,
2501 5734 2818 5803 principium
2849 5732 3233 5804 intelligantur.
3295 5726 3471 5782 Pietas

498 5834 767 5898 Ριτιιυι..
800 5838 912 5897 Gn.
949 5838 1093 5897 LXX
1110 5834 1292 5895 XVII.

2970 5828 3047 5886 39
