4034 6500
633 294 766 359 1227

1948 298 2299 359 PROCOPII
2336 298 2575 358 ΟΑΖίΕΙ

3738 300 3846 369 1223

632 410 687 465 in
717 410 904 472 Deum,
936 424 1041 480 qua
1075 409 1226 463 illum
1261 410 1489 479 justitim
1533 410 1791 480 operibus
1837 412 2196 478 lmnoramus,

2305 411 2425 463 ϐεια
2457 411 2513 463 δὲ
2549 412 2627 473 εἰς
2651 410 2804 473 Θεὸν,
2832 412 2864 480 ἦ
2897 412 3013 463 ἐστι
3046 410 3101 463 τὸ
3128 410 3316 464 τοῦτον
3336 411 3513 481 ἔργοις
3542 413 3849 487 δικαιοσύνης

631 510 716 557 est
746 502 1077 573 principium
1116 502 1515 574 intelligentiae,
1542 504 1685 573 quod
1719 514 1824 569 est,
1863 504 2101 575 Optimas
2134 505 2202 558 il-

628 599 736 653 lius
758 598 1071 653 voluntates
1104 601 1385 669 Operando
1422 616 1782 671 cognoscere.
1816 600 2013 656 Praxis
2051 603 2199 655 enim

626 690 1009 744 mandatorum
1034 690 1151 756 Dei,
1184 690 1600 748 fundamentum
1616 704 1701 748 est
1730 693 1956 748 theoriae
1983 707 2200 758 eorum,

625 795 883 836 sermone
912 780 1186 838 didactico
1218 799 1316 853 pro
1337 785 1493 855 praxi
1517 786 1927 855 expositorum,
1962 784 2059 839 sed
2076 793 2202 855 post

624 875 861 945 praxim,
895 876 1110 933 visione
1137 876 1540 949 perfectissima
1577 878 1951 949 cognitorum.

694 1060 1026 1129 Sapientiam
1072 1067 1121 1113 et
1168 1058 1471 1113 doctrinam
1511 1058 1667 1112 stulti
1716 1057 2037 1128 despiciunt.
2096 1056 2199 1112 Sa-

623 1152 886 1223 pientiam
933 1161 1143 1217 autem,
1190 1166 1311 1220 quae
1353 1150 1537 1205 lumen
1566 1150 1765 1205 anima:
1806 1158 1861 1205 et
1892 1148 2198 1205 secundum

628 1247 795 1300 Deum
843 1245 1127 1313 perfectio,
1167 1256 1220 1299 et
1266 1244 1594 1309 doctrinam,
1639 1258 1779 1313 qua»
1808 1243 2006 1297 animas
2047 1240 2199 1296 utilis

626 1341 922 1402 institutio,
966 1339 1112 1392 illam
1143 1338 1422 1392 laboriose
1456 1352 1483 1388 a
1518 1336 1748 1390 maculis
1771 1334 2073 1405 impietatis
2094 1348 2198 1403 pu-

622 1436 869 1497 rificans,
902 1434 1129 1488 omnino
1161 1432 1502 1501 despiciunt,
1534 1430 1629 1499 qui
1667 1429 1931 1499 operibus
1962 1426 2198 1497 justitiaa

623 1528 791 1583 Deum
824 1542 932 1581 non
957 1526 1181 1589 colunt;
1208 1525 1282 1577 ita
1315 1533 1371 1578 ut
1400 1538 1501 1577 nec
1536 1523 1626 1577 Dei
1665 1523 1941 1576 minarum
1972 1520 2195 1584 timore,

620 1637 724 1677 nec
768 1619 1045 1675 desiderio
1083 1616 1513 1688 promissionum
1572 1615 1741 1680 illius,
1798 1629 1903 1668 nec
1960 1612 2016 1666 in
2068 1626 2194 1666 eum

621 1710 920 1766 dilectione
968 1717 1229 1779 tanquam
1272 1706 1522 1761 beneﬁcii
1572 1712 1810 1774 patrem,
1852 1717 1915 1757 ea
1947 1717 2071 1773 qua:
2102 1710 2197 1755 aut

2314 506 2499 573 τιμᾷν,
2529 503 2672 573 ἀρχὴ
2705 504 2939 574 ὑπάρχει
2965 505 3297 573 αἰσθήσεως,
3326 505 3359 573 ἦ
3394 507 3505 557 ἐστι
3530 508 3667 559 κατὰ
3690 513 3850 579 αἴραν

2313 594 2512 661 γνῶσις
2560 594 2670 647 τῶν
2718 596 3050 663 παναγάθων
3105 596 3427 665 θελημάτων
3476 598 3728 669 αὺτοῦ-ἡ
3766 602 3851 673 γὰρ

2315 687 2511 757 πρᾶξις
2568 688 2675 741 τῶν
2715 688 2810 741 τοῦ
2852 688 2988 741 Θεοῦ
3038 688 3291 751 ἐντολῶν,
3328 688 3580 751 ὲπίϐασις
3623 690 3713 759 τῆς
3742 692 3850 747 θεωο

2316 778 2433 847 ρίας
2465 780 2672 833 τούτων
2704 782 2873 844 ἐστὶν,
2908 779 3302 851 ἱστορηθέντων
3332 780 3432 849 μὲν
3472 780 3613 850 λόγῳ
3636 782 3853 837 διδασκα-

2311 870 2446 939 λικῷ
2493 871 2598 940 πρὸ
2648 871 2747 941 τῆς
2795 869 3068 941 πράξεως,
3118 871 3473 939 γνωσθέντων
3522 872 3578 924 δὲ
3626 873 3751 941 μετὰ
3774 877 3851 946 τὴν

2312 961 2511 1032 πρᾶξιν
2534 963 2652 1016 κατ’
2680 963 2943 1032 αὐτοψίαν
2974 964 3325 1033 τελεώτερον.

2380 1055 2609 1121 Σοφίαν
2635 1052 2703 1105 δὲ
2736 1054 2834 1107 καὶ
2872 1054 3149 1108 παιδείαν
3180 1054 3419 1121 ἀσεϐεῖς
3449 1054 3850 1122 ἐξουθενήσας.

2308 1160 2433 1200 σιν.
2492 1147 2690 1215 Σοφίαν
2736 1147 2812 1211 δὲ,
2851 1149 2884 1219 ἢ
2929 1148 3211 1218 φωτισμός
3258 1148 3376 1200 ἐστι
3418 1151 3519 1217 τῆς
3571 1147 3854 1217 ψυχῆς,κιιὶ

2309 1238 2449 1291 κατὰ
2496 1238 2628 1293 Θεὸν
2676 1239 2987 1303 τελείωσις·
3038 1241 3133 1293 καὶ
3192 1239 3481 1307 παιδείαν,
3527 1241 3563 1308 ἣ
3618 1240 3854 1310 ὠφέλιμος

2307 1330 2480 1402 ταύτῃ
2505 1332 2652 1384 ἐστὶν
2677 1332 2891 1402 ἀγωγὴ,
2922 1330 3194 1395 ἐπιπόνως
3234 1332 3343 1384 τῶν
3372 1334 3480 1385 ἀπὸ
3510 1333 3707 1395 κακίας
3738 1335 3856 1403 κηλὲ-

2305 1419 2410 1472 δων
2455 1420 2626 1490 αὐτὴν
2657 1421 3082 1491 ὲκκαθαίρουσα,
3111 1423 3158 1473 οἱ
3210 1422 3391 1491 ἔργοις
3420 1421 3764 1493 δικαιοσύνης
3797 1426 3854 1495 μὴ

2306 1509 2571 1580 τιμῶντες
2612 1509 2766 1575 Θεὸν,
2816 1511 2931 1564 ἀντ’
2992 1509 3204 1572 οὐδενὸς
3247 1508 3581 1574 λογίσονται,
3630 1507 3701 1571 ὡς
3746 1512 3856 1579 μήτε

2307 1601 2456 1672 φόϐῳ
2491 1602 2601 1654 τῶν
2632 1601 2823 1655 τούτου
2867 1600 3127 1663 ἀπειλῶν,
3164 1602 3299 1671 μήτε
3345 1600 3497 1670 πόθῳ
3541 1600 3654 1653 τῶν
3696 1601 3856 1653 τούτου

2306 1692 2667 1762 ἐπαγγελιῶν,
2718 1694 2854 1764 μήτε
2896 1692 3083 1763 ἀγάπῃ
3130 1696 3197 1761 τῇ
3228 1691 3363 1762 πρὸς
3412 1692 3601 1754 αὐτὸν,
3643 1691 3713 1755 ώς
3742 1695 3857 1748 κατὰ

622 1801 821 1866 servis,
853 1806 946 1853 aut
982 1794 1361 1861 mercenariis,
1393 1806 1481 1851 aut
1504 1794 1639 1849 filiis
1679 1794 2042 1859 conveniunt,
2077 1792 2189 1846 ullo

2305 1784 2452 1855 (aput
2508 1783 2742 1854 πατέρα,
2801 1782 2867 1835 τὰ
2915 1785 3028 1845 τοῖς
3075 1782 3370 1852 δούλοις,ῆ
3416 1784 3526 1845 τοῖς
3566 1782 3855 1853 [ambioth

624 1894 791 1947 modo
825 1892 1049 1947 faciant.

693 1982 859 2039 Vens.
899 1984 951 2046 8,
985 1983 1037 2037 9.
1074 1982 1238 2045 Audi,
1276 1982 1472 2051 ﬁlimi,
1512 1982 1647 2049 leges
1692 1981 1862 2041 patris
1911 1980 2010 2043 tui,
2046 1989 2094 2032 et
2141 1994 2201 2031 ne

622 2076 864 2129 dimittas
914 2074 1141 2128 consilia
1199 2074 1388 2126 matris
1443 2082 1547 2125 tua:
1573 2088 1590 2125 :
1625 2088 1749 2125 nam
1778 2086 1975 2123 corona
2010 2069 2201 2137 gratim

623 2168 847 2222 addetur
875 2167 1035 2236 capiti
1061 2176 1148 2219 tuo
1172 2176 1221 2219 et
1252 2175 1457 2235 torques
1487 2180 1647 2218 aurea
1671 2162 1806 2217 collo
1837 2172 1945 2215 tuo.
1975 2160 2057 2214 Tu
2076 2175 2200 2213 vero

623 2262 716 2332 qui
793 2261 973 2314 adhuc
1048 2258 1243 2328 Spiritu
1311 2254 1597 2311 infantiam
1660 2255 1799 2324 agis,
1834 2267 2012 2315 serva,
2079 2250 2199 2319 ejus

623 2351 717 2422 qui
764 2358 819 2405 te
872 2349 1041 2422 gratis
1112 2348 1410 2418 adoptavit,
1481 2347 1573 2401 Dei
1640 2345 1913 2409 mandata,
1956 2357 2057 2412 ope
2107 2343 2201 2396 do-

621 2443 923 2500 ctrinarum
956 2439 1023 2493 ad
1054 2440 1317 2493 auxilium
1352 2446 1546 2491 natura
1591 2449 1977 2490 concessurum
2012 2449 2025 2485 :
2069 2432 2197 2485 etin

623 2534 866 2591 omnium
938 2538 1135 2584 natura
1202 2527 1461 2581 fundatas
1513 2540 1542 2578 a
1609 2523 1879 2594 sapientia
1950 2522 2195 2575 omnium

621 2637 810 2677 rerum
847 2632 1012 2673 causa
1055 2629 1361 2678 sermones,
1394 2614 1487 2682 qui
1520 2620 1648 2666 sunt
1693 2612 1826 2681 ipsa:
1872 2608 1965 2662 Dei
2004 2609 2197 2662 volun-

622 2718 782 2773 tates,
823 2722 920 2777 per
945 2719 1082 2775 quas
1112 2703 1294 2757 omnia
1324 2700 1469 2755 facta
1519 2707 1668 2765 sunt,
1700 2713 1769 2753 ne
1798 2697 2039 2766 rejicias,
2071 2709 2194 2748 cum

621 2803 723 2868 sis,
766 2796 1120 2853 facultatibus
1148 2792 1217 2848 ad
1256 2793 1462 2848 bonum
1505 2789 1819 2845 faciendum
1846 2787 1945 2840 tibi
1978 2800 2198 2840 conces-

621 2893 722 2955 sis,
763 2890 1076 2945 decoratus.
1118 2884 1404 2941 Annuntio
1442 2882 1588 2938 enim
1641 2881 1740 2935 tibi
1788 2895 1852 2934 ex
1900 2877 2196 2932 mandato-

621 3000 743 3038 rum
774 2984 1087 3039 divinorum
1124 2981 1512 3037 observatione
1550 2984 1607 3033 et
1634 2975 1913 3038 custodia,
1946 2970 2191 3042 spiritui,

622 3075 801 3145 quite
838 3073 975 3144 regit
1035 3072 1419 3133 adventuram,
1479 3076 1742 3138 tanquam
1808 3078 2069 3119 coronam
2126 3077 2192 3117 ex

621 3174 853 3231 diversis
913 3174 1260 3227 intertextam
1307 3169 1553 3233 ﬂoribus,
1593 3182 1663 3221 ex
1721 3163 1965 3218 omnium
2008 3175 2190 3217 rerum

622 3276 819 3320 natura
844 3272 1231 3334 congregatam
1260 3259 1508 3314 veritatis
1542 3255 1819 3317 notitiam;
1849 3260 1903 3308 et
1936 3250 2194 3322 potentia:

624 3358 705 3411 tui
754 3356 982 3426 spiritus
1024 3350 1303 3414 rationali,
1346 3364 1468 3419 quae
1506 3346 1752 3402 scientia:
1792 3342 2063 3403 adhaeret,
2119 3338 2193 3393 si-

632 3460 724 3505 cut
762 3464 860 3519 per
890 3446 1091 3500 collum
1127 3441 1309 3526 ‘capiti
1358 3440 1633 3507 reliquum
1677 3434 1920 3489 adhaeret
1963 3446 2191 3499 corpus,

624 3540 843 3606 nuntio,
878 3546 938 3593 ut
978 3523 1254 3606 quoddam
1305 3536 1695 3588 ornamentum
1742 3525 1974 3592 collare,
2027 3523 2193 3578 vitam

624 3634 828 3686 virtute
859 3629 1178 3699 fulgentem.

698 3724 862 3779 Vens.
900 3724 1111 3779 10-14.
1146 3719 1257 3775 Fili
1282 3721 1374 3784 mi,
1405 3718 1517 3774 site
1540 3716 1853 3772 tactaverint
1873 3720 2192 3782 peccatores,

624 3832 687 3870 ne
718 3816 1019 3886 acquiescas
1050 3814 1148 3877 eis;
1173 3828 1291 3865 eum
1317 3822 1364 3865 te
1392 3807 1712 3872 vocaverint,
1744 3805 1973 3859 dicentes
2005 3818 2024 3856 :
2077 3799 2198 3854 Veni

626 3906 921 3969 nobiscum,
980 3904 1361 3972 participemus
1418 3899 1668 3970 sanguini
1725 3912 1742 3950 :
1810 3892 2198 3948 abscondamus

626 4001 681 4052 in
717 4008 915 4051 terram
945 3998 1114 4049 virum
1132 3994 1363 4063 justum,
1404 3992 1599 4061 injuste
1628 3986 2031 4058 :‘deglutiamus
2056 3998 2195 4045 eum,

625 4092 761 4142 sicut
786 4089 1021 4157 infernus
1049 4088 1316 4150 viventem,
1343 4093 1391 4137 et
1422 4082 1671 4137 tollamus
1723 4077 2031 4132 memoriam
2087 4075 2199 4142 ejus

627 4200 658 4234 a
683 4190 848 4241 terra;
873 4177 1223 4231 substantiam
1241 4175 1353 4243 ejus
1376 4171 1817 4243 pretiosissimam
1844 4166 2156 4235 reperiemus
2180 4180 2199 4217 :

628 4270 956 4339 implebimus
1001 4268 1183 4321 domos
1205 4274 1414 4320 nostras
1433 4262 1634 4331 spoliis.
1662 4259 1815 4314 Mitte
1837 4266 2033 4311 sortem
2055 4265 2201 4309 tuam

628 4365 920 4424 nobiscum,
952 4374 1222 4415 commune
1240 4355 1567 4424 marsupium
1588 4349 1970 4421 possidebimus
1996 4362 2200 4411 omnes,

2303 1878 2416 1938 τοῖς
2447 1876 2586 1937 υἱοῖς
2616 1873 2925 1944 ἁρμόζοντα
2959 1872 3337 1944 ἐργαζόμενοι.

2372 1973 2443 2037 η’,
2475 1966 2538 2018 θ’.
2565 1967 2806 2028 Ἀκουε,
2825 1965 2935 2027 υἱὲ,
2966 1966 3183 2033 νόμους
3226 1966 3601 2035 πατρός-,σου
3632 1980 3646 1993 ·
3680 1962 3854 2029 καὶμὴ
3888 2014 3889 2017 η

2301 2056 2515 2125 ἁπώσῃ
2563 2057 2827 2125 θεσμοὺς
2855 2058 3082 2124 μητρός
3108 2070 3224 2110 σου
3250 2072 3263 2085 ·
3312 2056 3624 2125 στέφανον
3648 2054 3748 2123 γὰρ
3775 2072 3855 2123 χαι

2303 2148 2489 2215 ρίτων
2519 2146 2668 2214 δέξῃ
2693 2145 2765 2212 τῇ
2792 2145 3047 2213 κορυφῇ,
3079 2145 3176 2199 καὶ
3210 2145 3417 2199 κλοιὸν
3444 2147 3712 2213 χρύσεον
3748 2146 3853 2212 περὶ

2300 2237 2391 2302 σῷ
2418 2236 2721 2306 τραχήλῳ.
2752 2236 2824 2289 Σὺ
2853 2237 2909 2289 δὲ
2934 2237 2962 2287 ὁ
2992 2236 3072 2290 ἔτι
3103 2237 3385 2306 νηπιάζων
3404 2236 3504 2305 τὴν
3536 2234 3681 2287 κατὰ
3708 2233 3853 2304 ψυχὴν

2300 2326 2538 2396 ἡλικίαν,
2590 2325 2826 2395 μάνθανε
2872 2324 2971 2387 τὰς
3027 2325 3247 2387 ἐντολὰς
3285 2322 3383 2376 τοῦ
3434 2324 3583 2376 κατὰ
3621 2322 3770 2391 χάριν
3806 2339 3851 2373 σε

2300 2417 2665 2480 υίοθετοῦντος
2707 2415 2865 2481 Θεοῦ,
2900 2416 2987 2469 διὰ
3018 2416 3117 2486 τῆς
3170 2415 3306 2486 πρὸς
3346 2416 3690 2487 βοήθειανῦτῇ
3722 2413 3852 2480 φύσει

2298 2509 2541 2579 δοθείσης
2566 2508 2783 2579 γραφῆς
2802 2524 2816 2538 ’
2854 2506 3098 2569 καὶτοὺς
3127 2506 3384 2569 τεθέντας
3418 2507 3475 2557 ὲν
3513 2508 3580 2575 τῇ
3616 2504 3718 2556 τῶν
3743 2504 3850 2556 ὅλων

2299 2600 2479 2667 φύσει,
2522 2599 2671 2670 παρὰ
2698 2599 2799 2668 τῆς
2839 2599 3056 2653 πάντων
3103 2599 3283 2660 αἰτίας
3341 2597 3534 2665 σοφίας
3593 2596 3850 2662 λόγους,οἰ

2296 2691 2437 2745 αὑτά
2461 2693 2566 2744 εἱσι
2604 2690 2672 2747 τὰ
2698 2691 2816 2744 θεῖα
2852 2690 3151 2761 θελήματα,
3196 2689 3319 2742 καθ’
3348 2688 3383 2742 ἃ
3417 2688 3484 2740 τὰ
3511 2688 3695 2740 πάντα
3720 2688 3852 2753 γεγὸ-

2296 2799 2440 2847 νασι,
2473 2783 2549 2852 μὴ
2580 2780 2904 2854 ἀποπέμψῃ,
2940 2778 3372 2850 παραχρώμενος
3410 2780 3530 2841 ταῖς
3566 2777 3703 2847 πρὸς
3734 2778 3852 2844 ἐνέρ-

2295 2889 2451 2941 γειαν
2477 2874 2567 2927 τοῦ
2598 2872 2764 2925 καλοῦ
2804 2870 3073 2935 δοθείσαις
3118 2888 3200 2924 σοι
3227 2871 3525 2940 δυνάμεσιν
3545 2884 3560 2899 ’
3616 2866 3852 2935 ἐπαγγέλ-

2295 2966 2456 3036 λομαι
2491 2967 2603 3035 γάρ
2643 2982 2746 3030 σοι,
2800 2966 2864 3017 ὲκ
2892 2964 2986 3018 τοῦ
3018 2964 3307 3035 μανθάνειν
3342 2980 3400 3016 σε
3445 2964 3543 3015 καὶ
3566 2962 3754 3032 τηρεῖν
3774 2959 3852 3021 τὰς

2296 3056 2446 3119 θείας
2474 3056 2714 3120 ἐντολὰς,
2747 3057 3221 3125 προσγενήσεσθαι
3264 3056 3340 3126 τῷ
3370 3056 3470 3124 μὲν
3495 3055 3729 3125 ἡγεμόνι
3775 3071 3851 3107 σου

2295 3149 2392 3218 νῷ,
2423 3141 2511 3202 οἷά
2539 3164 2660 3201 τινα
2693 3147 2957 3216 στέφανον
2990 3149 3052 3199 ἐκ
3084 3145 3360 3217 διαφόρων
3383 3146 3753 3215 πεπλεγμένον
3774 3146 3852 3197 ἀνα

2296 3241 2457 3306 θέων,
2507 3240 2604 3310 τὴν
2647 3242 2709 3292 ἐκ
2737 3241 2835 3309 τῆς
2879 3240 2988 3291 τῶν
3030 3239 3165 3292 ὅλων
3216 3237 3432 3306 φύσεως
3480 3236 3851 3307 συλλεγομένην

2295 3334 2498 3403 γνῶσιν
2546 3333 2645 3403 τῆς
2675 3332 2934 3404 ἀληθείας
2954 3348 2968 3363 ·
2994 3331 3071 3401 τῷ
3100 3331 3157 3384 δὲ
3185 3331 3509 3385 συνάπτοντι
3557 3330 3659 3400 τὴν
3682 3328 3850 3397 αἴσθη-

2299 3442 2383 3477 σιν
2408 3423 2487 3494 τῷ
2508 3422 2609 3485 νοῒ,
2634 3424 2710 3486 ὡς
2747 3424 2775 3476 ό
2812 3423 3087 3493 τράχηλος
3124 3424 3189 3493 τῇ
3222 3421 3432 3491 κεφαλῇ
3462 3421 3524 3474 τὸ
3552 3421 3737 3474 λοιπὸν
3763 3420 3851 3471 σῶ-

2300 3532 2377 3585 μα
2407 3512 2702 3583 λογιστικῷ
2734 3530 2851 3577 σου,
2898 3510 2987 3566 οἷά
3030 3530 3153 3566 τινα
3209 3512 3411 3582 κόσμον
3460 3512 3851 3584 περιτραχήλιον

2295 3606 2387 3660 τὸν
2412 3606 2665 3676 λαμπρὸν
2698 3607 2816 3658 κατ’
2849 3604 3050 3675 ἀρετὴν
3092 3604 3222 3673 βίον.

2369 3697 2514 3751 ι’-ιδ’.
2545 3697 2657 3762 Υἱὲ,
2684 3694 2767 3764 μή
2799 3711 2872 3750 σε
2930 3695 3332 3761 πλανήσωο-ιν
3360 3693 3577 3761 ἄνδρες
3610 3692 3845 3757 ἀσεϐεῒς’

2294 3788 2447 3859 μηδὲ
2477 3786 2818 3855 βουληθῇς,
2845 3786 2955 3841 ἐὰν
2978 3786 3450 3855 παρακαλέσωσι
3481 3800 3556 3838 σε
3576 3785 3846 3854 λέγοντες·

2313 3879 2485 3934 Ἑλθὲ
2499 3881 2627 3949 μεθ’
2656 3877 2842 3947 ἡμῶν,
2864 3877 3238 3945 κοινώνησον
3261 3878 3510 3947 αἵματος
3528 3893 3541 3907 ·
3559 3878 3850 3945 κρύψωμεν

2300 3972 2368 4026 δὲ
2390 3974 2477 4036 είς
2519 3971 2637 4041 γῆν
2678 3971 2869 4039 ἄνδρα
2900 3970 3152 4032 δίκαιον,
3196 3969 3414 4035 ἀδίκως
3438 3986 3453 4002 ·
3503 3968 3849 4036 καταπίωμεν

2301 4064 2369 4118 δὲ
2397 4065 2583 4119 αὐτὸν
2609 4062 2812 4131 ὥσπερ
2856 4062 3009 4129 ᾅδης
3037 4060 3242 4125 ζῶντα,
3274 4060 3373 4113 καὶ
3422 4058 3654 4129 tiqu
3691 4058 3849 4114 αὐτοῦ

2302 4155 2417 4224 τὴν
2448 4154 2696 4224 μνήμην
2716 4154 2836 4209 ἀπὸ
2858 4152 2967 4221 τῆς
2989 4152 3098 4221 γῆς
3118 4168 3130 4181 ·
3165 4150 3280 4217 τὴν
3308 4150 3531 4217 κτῆσιν
3553 4151 3733 4204 αὑτοῦ
3756 4152 3851 4214 τὴν

2303 4246 2613 4315 πολυτελῆ
2662 4243 3120 4313 καταλαϐώμεθα
3143 4259 3156 4273 ·
3192 4241 3525 4310 πλήσωμεν
3569 4241 3638 4294 δὲ
3670 4242 3849 4303 οἶκοι-ς

2304 4339 2629 4410 ’ἡμετέρους
2671 4338 2948 4393 σκύλων·
2981 4335 3086 4389 τὸν
3115 4334 3185 4388 δὲ
3220 4337 3339 4388 σὸν
3368 4333 3599 4401 κλῆρον
3624 4334 3772 4397 ,βάλε
3794 4333 3850 4383 ἐν

626 4467 675 4512 et
702 4468 863 4509 unum
883 4449 1289 4521 marsupiumsit
1308 4446 1476 4500 nobis.
1496 4443 1572 4499 Ne
1594 4439 1855 4509 subjicias
1872 4446 1946 4503 te,
1974 4437 2049 4491 ﬁli
2066 4436 2197 4493 cha-

2310 4435 2473 4503 ἡμῖν,
2520 4431 2726 4485 κοινὸν
2778 4429 2845 4482 δὲ
2879 4427 3215 4493 βαλάντιον
3257 4425 3607 4495 κτησώμεθα
3632 4425 3845 4489 πάντες,

628 4546 1197 4617 τίεεὶιιιε,ζιιοιῐιίηἱι)υε
1221 4558 1315 4613 per
1350 4542 1491 4596 bona
1510 4553 1674 4610 opera
1699 4538 1866 4592 Deum
1888 4551 1994 4590 non
2031 4534 2196 4588 hono-

628 4643 1048 4707 rantibus,nec
1110 4638 1165 4692 in
1216 4635 1303 4689 via
1355 4632 1751 4688 homicidarum
1814 4630 2078 4685 ambules.
2118 4624 2199 4679 Ne

630 4734 953 4805 acquiescas
973 4727 1215 4789 omnino,
1247 4726 1293 4781 si
1323 4724 1419 4778 tibi
1447 4738 1571 4777 cum
1592 4717 2196 4777 bortatiouedixerint:

630 4824 1091 4884 Veninobiscum,
1120 4817 1383 4874 insidiare
1419 4814 1670 4885 sanguini
1696 4812 1860 4868 caedis
1893 4830 1908 4866 :
1936 4810 2199 4868 subterra

630 4916 1033 4973 abscondamus
1065 4913 1365 4971 hominem.
1389 4908 1459 4964 ob
1490 4907 1698 4976 justum
1732 4919 2060 4968 sermonem,
2084 4901 2203 4956 sine

528 5022 535 5082 ς
630 5008 851 5081 querela
873 5006 1541 5070 viventem;etantequam
1586 5012 1736 5053 mors
1767 4995 1843 5051 illi
1876 4993 2203 5049 naturaliter

526 5098 531 5103 ’
629 5098 867 5160 eveniat,
890 5109 993 5149 nos
1010 5103 1069 5147 ut
1101 5091 1298 5161 aliquis
1322 5087 1757 5153 infernus,illum
1796 5086 2200 5157 deglutiamus:

630 5189 925 5245 oblivionis
956 5186 1168 5256 abyssis
1199 5180 1483 5237 tradamus
1510 5180 1630 5249 ejus
1680 5177 2002 5232 memoriam
2049 5189 2205 5244 :pre-

631 5284 942 5348 tiosamque
1009 5276 1160 5329 illius
1224 5272 1589 5329 substantiam
1615 5270 1970 5339 arripiamus,
2031 5274 2085 5321 et
2109 5263 2205 5319 do-

632 5390 753 5429 mos
785 5379 1003 5427 nostras
1039 5367 1231 5438 spoliis
1277 5364 1668 5432 implebimus;
1703 5362 2036 5430 portionem,
2084 5372 2206 5426 quae

633 5480 697 5517 ex
722 5454 953 5518 ististibi
975 5457 1261 5527 contingit,
1282 5467 1624 5509 communem
1649 5449 1811 5505 nobis
1828 5448 1934 5515 fac,
1959 5461 2010 5503 et
2040 5461 2204 5501 unum

637 5554 975 5624 marsupium
1010 5550 1288 5605 faciemus
1324 5560 1541 5613 omnes,
1572 5551 1625 5601 et
1656 5542 1977 5598 divitiarum
2038 5538 2199 5592 loculi

622 5649 802 5706 .iidcm
834 5646 946 5703 sint
981 5642 1163 5699 nobis.

2300 4524 2395 4577 καὶ
2432 4522 2778 4591 μαρσὺπιον
2812 4519 2883 4573 ἒν
2928 4518 3234 4588 γενηθήτω
3270 4515 3434 4585 ἡμῖν.
3482 4516 3573 4586 Μὴ
3618 4509 3705 4568 οῦν
3730 4515 3847 4566 ἁπα-

2300 4615 2497 4686 τηθῇς,
2522 4612 2757 4679 τεκνίον,
2782 4611 2877 4664 ὑπ’
2902 4610 2997 4664 ἀνθ
3009 4608 3207 4680 ρώπων
3226 4608 3291 4661 δι’
3312 4608 3487 4678 ἔργων
3506 4606 3717 4675 ἀγαθῶν
3735 4603 3846 4657 Θεὸν

2305 4708 2380 4779 μὴ
2411 4705 2721 4777 τιμώντων,
2761 4704 2856 4756 καὶ⁹
2909 4701 3185 4773 πορευθῇς
3219 4704 3277 4763 ὲς
3332 4699 3635 4770 μιαιφόνων
3672 4696 3841 4767 χορόν·

2306 4796 2440 4868 μηδὲ
2475 4793 2815 4864 κατανεύσῃς
2836 4791 2995 4855 ὅλως,
3040 4791 3135 4843 ὲάν
3183 4806 3266 4841 σοι
3309 4788 3450 4858 μετὰ
3482 4785 3843 4857 παρακλήσεως

2304 4889 2520 4942 εἴπωσιο
2540 4886 2711 4956 Δεῦρο
2736 4883 2854 4956 μεθ’
2889 4882 3065 4953 ἡμῶν,
3097 4878 3486 4951 συμμετάλαῦε
3519 4879 3735 4949 αἵματος
3761 4891 3843 4943 φυ-

2305 4980 2455 5036 νικοῦ
2475 4997 2488 5012 °
2517 4978 2846 5048 καλύψωμεν
2875 4977 2979 5031 ὑπὸ
3008 4976 3131 5046 γῆν,
3165 4972 3317 5045 παρὰ
3360 4972 3538 5026 πάντα
3562 4971 3753 5024 δίκαιον
3770 4966 3841 5017 λό-

2305 5091 2420 5143 γον,
2468 5072 2753 5143 ἄνθρωπον
2800 5070 3107 5140 ἀμέμπτως
3154 5065 3593 5134 πολιτευόμενον,
3636 5061 3717 5114 καὶ
3755 5054 3842 5125 πρὸ

2306 5165 2399 5219 τοῦ
2434 5163 2681 5216 ἐπελθεῖν
2714 5160 2890 5232 τούτῳ
2925 5159 3016 5212 τδν
3049 5158 3278 5212 θάνατον
3296 5154 3561 5225 φυσικῶς,
3592 5154 3733 5223 ἡμεῖς
3754 5149 3842 5201 ὡσ-

2308 5274 2413 5326 περ
2438 5271 2523 5317 τις
2550 5253 2684 5325 ᾅδης
2713 5251 2873 5308 αὐτὸν
2909 5250 3267 5321 ἀφανίσωμεν
3289 5265 3303 5281 ο
3344 5246 3439 5302 καὶ
3489 5245 3658 5315 λήθης
3688 5240 3840 5312 βυθοῖς

2308 5352 2366 5402 τὸ
2388 5348 2578 5401 τούτου
2610 5344 2944 5417 παραδῶμεν
2984 5343 3361 5415 μνημόσυνον·
3403 5340 3502 5409 τήν
3555 5356 3614 5390 τε
3657 5332 3841 5387 πολύτι-

2314 5458 2411 5511 μον
2437 5438 2600 5493 αὐτοῦ
2647 5435 2963 5509 περιουσίαν
3005 5433 3390 5502 κατάσχωμεν,
3436 5430 3531 5481 καὶ
3565 5428 3659 5489 τὰς
3695 5421 3840 5478 οἰκίας

2310 5508 2467 5603 ημῶν
2500 5508 2754 5600 λαφύρων
2779 5526 3159 5597 πληρώσωμεν
3181 5542 3194 5554 ⁸
3242 5525 3339 5594 τὴν
3373 5522 3417 5576 δ’
3454 5524 3518 5574 ἐκ
3556 5518 3660 5571 τῶν
3695 5508 3842 5603 ⁷³³φῷ

2449 5599 2786 5690 μερίδαγσου,
2824 5617 3010 5685 κοινὴν
3061 5615 3192 5684 ἡμῖν
3221 5612 3471 5681 ποίησον,
3498 5608 3593 5662 καὶ
3629 5604 3679 5656 ἓν
3702 5599 3841 5655 κιὸὠο
3920 5660 3925 5669 ν

2313 5730 2425 5765 τιον
2470 5712 2666 5781 ἕξομεν
2696 5710 2931 5771 ἅπαντες
2951 5724 2964 5737 ·
2995 5706 3088 5760 καὶ
3117 5703 3416 5776 χρημάτων
3460 5700 3656 5768 δοχεῖον
3683 5694 3734 5747 Et
3771 5704 3843 5758 γε·

2317 5806 2485 5860 νέσθω
2509 5805 2660 5874 ἡμῖν.
