3902 6502
90 316 244 383 1229

1158 314 1687 384 COMMENTARII
1750 320 1826 380 IN
1872 319 2329 381 PROVERBIA.

3258 309 3393 372 1230

170 432 361 491 ιε’-ιϐ’.
433 437 525 490 Υἱέ
555 452 697 506 μου,
731 438 816 505 μὴ
847 440 1143 507 πορευθῇς
1172 442 1241 495 ἐν
1267 440 1385 505 ὀδῷ
1411 443 1538 510 μετ’
1578 457 1685 494 av-

1859 437 2026 492 Vtans.
2079 436 2263 491 15-19.
2303 432 2403 486 Fili
2458 432 2548 497 mi,
2581 446 2642 484 ne
2688 446 2775 483 eas
2807 432 2859 482 in
2892 428 2973 483 via
3002 442 3120 479 cum
3144 429 3219 480 eis
3249 442 3265 479 :
3315 443 3397 480 re-

85 529 223 582 τῶν
246 547 262 561 ·
294 530 581 585 ἐκκλίνον
629 528 698 582 δὲ
746 530 853 583 τὸν
878 531 1031 583 πόδα
1055 547 1171 585 σου
1218 534 1287 587 ἐκ
1314 534 1433 587 τῶν
1460 534 1677 601 τρίϐων

83 619 334 672 αὐτῶν
365 622 420 673 οἱ
452 618 563 689 τὰρ
603 619 784 684 πόδες
831 619 1029 674 αὐτῶν
1059 624 1143 687 εἰς
1184 624 1405 677 κακίαν
1436 624 1685 693 τρέχου-

82 726 187 777 σι,
219 711 324 765 καί
353 712 589 779 ταχινοί
615 714 733 764 εισι
764 711 870 765 τοῦ
891 713 1095 780 ἐκχέαι
1120 709 1262 783 αἷμα
1281 732 1294 745 ·
1319 715 1391 768 οὐ
1415 716 1525 783 γὰρ
1563 714 1687 769 ἀδί-

85 822 221 870 κως
261 805 583 858 ἐκτείνεται
630 803 841 857 δίκτυα
879 806 1196 873 πτερωτοῖς
1220 824 1233 837 ·
1277 807 1447 860 αὐτοὶ
1488 806 1599 875 γὰρ
1635 812 1686 861 οἱ

88 897 302 964 φόνου
323 894 705 965 μετέχοντες,
732 895 1201 962 θησαυρίζουσιν
1221 896 1455 965 ἑαυτοῖς
1492 898 1647 951 κακά
1671 913 1683 926 ·

88 988 134 1053 ἡ
185 986 265 1039 δὲ
307 986 694 1055 καταστροφὴ
744 985 981 1055 ἀνδρῶν
1036 991 1429 1058 παρανόμων,
1490 991 1647 1059 κακή
1672 1008 1685 1020 ·

88 1076 286 1135 αὗται
316 1082 377 1134 ai
404 1079 532 1133 ὁδοί
551 1082 671 1132 εισι
700 1079 942 1131 πάντων
972 1083 1433 1136 συντελούντων
1452 1083 1523 1136 τὰ
1548 1084 1689 1137 ἄνο-

85 1188 186 1239 μα
212 1186 226 1199 ·
277 1169 353 1237 τῇ
400 1170 512 1239 γὰρ
546 1169 787 1235 ἀσεϐείᾳ
838 1168 953 1237 τὴν
1000 1168 1233 1223 ἑαυτῶν
1270 1171 1482 1241 ψυχὴν
1515 1172 1689 1241 ἀει-αι-

86 1279 377 1332 ρουνται.
634 1330 639 1335 ν

171 1354 383 1407 Τέκνον
428 1367 528 1423 μου
580 1351 951 1421 πνευματικὸν
977 1393 993 1416 ,
1047 1352 1121 1423 μὴ
1176 1353 1529 1424 συνυπαχθῇς
1584 1356 1694 1417 τοῖς

90 1443 374 1506 τοιούτοις
402 1442 686 1513 ἀνδράσιν,
724 1444 780 1494 ὲν
816 1445 882 1513 τῇ
935 1443 1027 1513 οἵα
1054 1461 1159 1495 τινι
1193 1443 1297 1513 ὀδῷ
1325 1444 1570 1518 φερούσῃ
1599 1445 1697 1497 ἐπ’

92 1536 409 1597 ἀπώλειαν,
442 1535 655 1605 πονηρᾷ
685 1533 987 1606 συμϐουλίᾳ
1019 1534 1199 1589 αὐτῶν
1220 1550 1234 1564 ⁸
1272 1535 1507 1605 μετάθες
1529 1553 1621 1590 σου
1642 1536 1697 1589 δὲ

92 1628 203 1696 τὴν
268 1625 570 1695 ἐπιθυμίαν
620 1623 728 1677 ἀπὸ
781 1626 893 1678 τῶν
947 1627 1420 1697 προοδοποιουσῶν
1471 1644 1552 1680 σοι
1601 1626 1699 1697 τὴν

94 1716 387 1787 ἁμαρτίαν
421 1715 677 1786 πονηρῶν
714 1715 1055 1786 συμϐουλιῶν
1097 1716 1310 1769 αὐτῶν·
1344 1717 1404 1771 τὸ
1438 1718 1547 1789 γὰρ
1580 1721 1697 1770 ἐπι⁸

1788 547 1930 584 move
1972 529 2153 598 pedem
2209 538 2355 580 tuum
2388 542 2418 579 a
2447 524 2647 578 semitis
2679 537 2882 575 eorum.
2919 517 3085 573 Pedes
3112 518 3251 572 enim
3284 517 3398 570 illo-

1787 630 1904 674 rum
1931 619 1999 672 ad
2059 617 2259 671 malum
2281 623 2522 681 currunt,
2541 622 2591 668 et
2649 621 2771 666 sunt
2803 611 2999 664 veloces
3021 609 3089 662 ad
3126 608 3398 677 e/Iunden—

1790 711 1915 763 dum
1940 710 2248 779 sanguinem
2276 724 2292 761 :
2322 723 2426 760 non
2458 706 2597 759 enim
2627 704 2824 772 injuste
2838 702 3046 771 jacitur
3069 710 3176 753 rete
3204 715 3396 767 penna-

1816 804 1914 857 is:
1953 801 2078 870 ipsi,
2131 798 2365 854 caedibus
2400 798 2805 865 participantes,
2861 791 3225 846 thesaurizant
3294 786 3398 843 sibi

1793 892 1938 946 ntala
1970 908 1988 946 :
2016 892 2142 961 ﬁnis
2171 890 2474 959 iniquorum
2532 886 2707 939 malus
2738 886 2862 938 :Iue
2916 890 3039 936 sunt
3094 882 3213 943 viae,
3279 894 3396 932 em-

1794 987 1940 1040 nium
1961 983 2149 1053 iniqua
2167 980 2435 1050 agentium
2465 994 2481 1032 :
2518 994 2641 1031 nam
2675 974 2953 1045 iniquitate
2978 973 3211 1025 animam
3240 987 3396 1025 suam

1794 1077 2061 1131 occidunt.
2121 1072 2225 1127 Fili
2280 1070 2608 1142 spiritualis,
2672 1083 2742 1122 ne
2803 1064 3126 1135 acquiescas
3190 1062 3397 1117 talibus

1793 1169 1947 1229 viris,
1984 1167 2037 1219 in
2072 1166 2265 1235 iniquo
2292 1176 2477 1216 eorum
2498 1158 2758 1223 consilio,
2811 1165 2872 1211 ut
2904 1157 3065 1210 invia
3096 1169 3220 1224 quae
3245 1154 3397 1209 ducit

1796 1258 1864 1311 ad
1897 1265 2128 1312 mortem
2158 1273 2170 1309 :
2207 1268 2428 1309 remove
2478 1250 2814 1307 desiderium
2850 1256 3006 1302 tuum
3036 1261 3066 1300 a
3114 1246 3271 1301 malis
3302 1259 3394 1299 eo-

1800 1362 1920 1402 rum
1971 1346 2223 1401 consiliis
2272 1346 2416 1398 viam
2477 1342 2547 1397 ad
2586 1341 2818 1397 exitium
2874 1338 3227 1393 facientibus.
3259 1335 3393 1390 Nam

1800 1441 1995 1494 anima:
2046 1453 2237 1494 eorum
2296 1438 2587 1507 potentiae,
2615 1442 2672 1489 et
2711 1432 3169 1502 concupiscibilis
3218 1438 3272 1485 et
3310 1430 3393 1484 ira

1800 1530 2011 1585 scibilis
2032 1540 2291 1600 tauquam
2324 1528 2433 1581 duo
2462 1526 2652 1596 pedes,
2690 1523 2852 1578 facile
2877 1521 3391 1590 admalumimpetu

1804 1621 2053 1676 feruntur
2124 1639 2138 1675 :
2196 1619 2406 1675 idcirco
2457 1618 2566 1689 ipsi
2630 1615 2873 1687 prompti
2923 1615 2991 1670 ad
3052 1611 3392 1684 operandam

1802 1714 2006 1769 eaedem
2064 1712 2290 1768 adsunt.
2369 1710 2645 1765 Exhortor
2703 1724 2855 1778 ergo,
2918 1716 2979 1761 ut
3053 1704 3391 1759 desiderium

93 1808 411 1879 θυμητικδν
443 1806 643 1869 αὐτῶν,
673 1807 767 1859 καὶ
807 1805 869 1859 τὸ
919 1806 1166 1877 θυμικὸν,
1195 1804 1286 1861 οἷά
1329 1825 1471 1871 τινες
1513 1807 1692 1871 πόδες,

1805 1817 1953 1860 tuum
1984 1820 2015 1859 a
2046 1804 2204 1858 malis
2228 1818 2423 1859 eorum
2454 1801 2708 1857 consiliis
2739 1812 3024 1853 removeas
3056 1815 3069 1863 ;
3095 1797 3242 1866 quia,
3280 1795 3388 1849 illis

94 1901 412 1972 ὀξύρροπον
442 1900 579 1970 πρὸς
604 1899 804 1953 κακίαν
837 1899 1118 1953 ποιοῦνται
1160 1900 1259 1970 τὴν
1289 1901 1533 1971 κίνησινσ
1566 1900 1691 1953 ὅθεν

94 1987 253 2046 οὗτοι
278 1991 374 2044 καὶ
398 1991 587 2060 ταχεῖς
615 1992 695 2053 είς
719 1992 781 2043 τὸ
809 1991 1146 2061 ἐργάσασθαι
1170 1994 1330 2059 φόνον
1352 1992 1658 2061 ὑπάρχουσι
1675 2009 1688 2022 ’

102 2082 431 2152 μεταθεῖναι
461 2081 519 2135 δέ
556 2098 648 2135 σου
684 2081 782 2152 τὴν
811 2082 1108 2152 ἐπιθυμίαν
1136 2083 1245 2135 ἀπὸ
1284 2083 1394 2135 τῶν
1436 2084 1692 2154 πονηρῶν

100 2172 455 2244 συμϐουλιῶν
516 2174 796 2244 παραινῶο
833 2174 1023 2245 ὅτιπερ
1067 2176 1180 2237 τοῖς
1224 2174 1542 2243 δυναμένοις
1592 2175 1692 2244 μὲν

98 2267 195 2319 διὰ
223 2266 345 2329 νοὸς
368 2265 462 2318 καὶ
484 2264 665 2333 λόγου,
699 2264 773 2322 ὡς
806 2264 895 2318 διά
913 2282 1075 2317 τινων
1098 2263 1407 2334 πτερύγων,
1439 2263 1506 2316 τὰ
1530 2264 1690 2332 γήϊνα

100 2358 255 2411 κατὰ
287 2357 490 2432 γνῶσιν
517 2359 609 2410 καὶ
641 2356 842 2427 ἀρετὴν
867 2356 1289 2427 ὑπερίπτασθαι,
1325 2358 1420 2410 καὶ
1458 2357 1597 2427 πρὸς
1624 2358 1693 2410 τὰ

99 2450 343 2519 οὐράνια
378 2448 677 2518 φέρεσθαι,
705 2448 970 2511 ἑκουσίως
1000 2449 1057 2501 δὲ
1082 2448 1150 2501 δι’
1172 2449 1465 2519 ἐπιθυμίας
1495 2449 1691 2517 ἀλόγου

101 2544 209 2595 καὶ
237 2539 437 2611 θυμοῦ,
472 2540 548 2604 ὠς
584 2540 671 2595 διά
713 2558 875 2594 τινων
923 2539 1098 2594 ποδῶν
1130 2540 1521 2611 στρεφομένοις
1564 2544 1694 2612 περὶ

101 2635 213 2705 τὴν
240 2634 350 2688 τῶν
378 2633 581 2705 γηΐνων
614 2633 818 2703 σχέσιν,
853 2632 1080 2696 δικαίως
1113 2632 1489 2701 ὑφαπλοῦνται
1517 2632 1693 2703 ψυχῆς

103 2728 345 2795 παγίδος
367 2730 447 2791 είς
472 2727 695 2798 ὄλεθρον
718 2742 734 2757 ⁸
759 2726 914 2779 αὐτοὶ
947 2725 1056 2794 γὰρ
1085 2726 1134 2777 οἱ
1163 2725 1274 2787 τοῖς
1306 2724 1527 2794 φονεῦσι
1554 2741 1691 2794 συμ-

103 2820 326 2883 ϐούλοις
342 2819 634 2892 χρώμενοι,
647 2819 713 2872 τὰ
730 2822 846 2881 ταῖς
864 2818 1069 2871 ἑαυτῶν
1086 2817 1691 2888 ψυχαῖςξλυμαινόμενα,

104 2913 331 2975 ἑαυτοῖς
375 2911 834 2979 ἀποταμιεύονται
860 2926 874 2941 ο
907 2910 965 2963 τὸ
993 2909 1051 2961 δὲ
1088 2908 1237 2971 τέλος
1283 2908 1390 2960 τῶν
1421 2908 1695 2979 παραϐαι-

104 3005 315 3059 νόντων
346 3004 448 3067 τὰς
474 3002 568 3057 τοῦ
600 3003 737 3056 Θεοῦ
770 3002 1012 3066 ἐντολὰς,
1033 3003 1112 3065 είς
1142 3000 1313 3053 κακὸν
1345 3000 1530 3063 αὐτοῖς
1562 3017 1696 3053 κατ·

107 3100 270 3169 αντᾷ,
301 3095 787 3168 είσπραττομένοις
815 3094 973 3156 δίκας
1003 3086 1079 3146 ὧν
1109 3093 1499 3163 ἡμαρτήκασιν
1523 3108 1536 3123 ·
1598 3087 1695 3146 αῦ-

1800 1898 1895 1966 qui
1945 1904 2201 1966 possunt,
2233 1909 2358 1949 cum
2400 1891 2635 1947 scientia
2668 1901 2721 1945 et
2752 1903 3029 1951 sermone,
3071 1894 3127 1940 ut
3160 1886 3393 1957 quibus-

1793 1992 1919 2043 dam
1954 1990 2081 2055 alis,
2113 1996 2357 2051 terrena,
2414 1985 2671 2040 doctrina
2703 1991 2758 2037 et
2800 1983 3004 2036 virtute
3029 1994 3307 2049 superare,
3340 1988 3394 2032 et

1792 2082 1858 2135 ad
1890 2082 2136 2137 cmlestia
2166 2079 2321 2144 ferri,
2353 2078 2448 2133 sed
2480 2077 2576 2145 qui
2610 2076 2851 2130 libenter
2912 2071 3195 2127 desiderio
3221 2079 3275 2124 et
3304 2077 3394 2123 tu-

1795 2189 1946 2229 more
1977 2171 2301 2242 iniquitatis,
2340 2178 2396 2223 ut
2426 2168 2643 2223 duobus
2678 2166 2930 2236 pedibus,
2965 2162 3390 2217 adterrestrium

1788 2268 2133 2337 adeptionem
2203 2271 2537 2325 vertuntur,
2592 2260 2743 2327 justc
2800 2257 3167 2313 extenduntur
3222 2252 3386 2323 spiri-

1795 2370 1884 2414 tus
1940 2357 2076 2414 retia
2135 2356 2189 2410 in
2246 2362 2503 2409 mortem.
2568 2352 2635 2406 lli
2698 2360 2879 2405 autem
2935 2348 3031 2418 qui
3093 2342 3385 2399 homicidis

1795 2458 2028 2506 utuntur
2050 2447 2322 2512 consiliis,
2344 2446 2461 2502 suis
2489 2444 2781 2499 animabus
2807 2440 3045 2496 infausta
3074 2445 3353 2491 reservant
3379 2452 3389 2485 :

1796 2544 1904 2597 illis
1935 2554 2065 2595 vero
2107 2540 2199 2609 qui
2236 2537 2332 2593 Dei
2369 2536 2623 2591 mandata
2659 2533 3003 2604 despiciunt,
3036 2531 3163 2585 ﬁnis
3217 2526 3394 2581 verti-

1797 2640 1886 2686 tur
1924 2632 1979 2686 in
2018 2632 2246 2695 malum,
2273 2628 2412 2699 ipsis
2457 2626 2804 2698 exigentibus
2851 2637 3045 2695 pinnas
3073 2635 3213 2691 quas
3250 2632 3385 2688 pec—

1797 2723 1978 2779 cando
2028 2729 2370 2778 meruerunt.
2413 2719 2507 2774 Ha:
2562 2726 2689 2775 sunt
2754 2716 2879 2771 vitae
2929 2711 3215 2785 praesentis
3265 2709 3391 2763 vite:

1800 2816 2083 2871 hominum
2121 2795 2327 2883 iniusta
2385 2809 2737 2880 operantium
2776 2826 2790 2861 :
2830 2806 2999 2860 Deum
3055 2819 3164 2858 non
3215 2801 3393 2855 hono-

1800 2906 1976 2963 rando
2001 2890 2279 2975 operibus,
2311 2902 2542 2971 seipsos,
2579 2899 2687 2953 vita
2718 2895 3015 2968 Spirituali,
3043 2909 3164 2963 qua:
3194 2890 3305 2946 illis
3332 2896 3394 2945 ut

1801 2996 2019 3054 ratione
2077 2992 2345 3065 praeditis,
2399 2988 2683 3053 convenit,
2752 2986 3045 3040 l'rustrant.
3103 2980 3211 3035 Sed
3259 2977 3390 3034 audi

1804 3091 1973 3148 verba
2014 3088 2302 3145 doctrinae.

108 3165 338 3265 fatui};
368 3165 652 3265 παρούσης
688 3190 833 3261 ζωῆς
872 3192 926 3243 αἱ
961 3189 1210 3255 διέξοδοι,
1243 3175 1602 3242 πάντων’τῶν
1633 3189 1703 3243 τά
1740 3186 2031 3259 παράλογα
2064 3182 2584 3256 συνεργαζομένωνο
2620 3179 2677 3233 ὲν
2708 3176 2816 3247 γὰρ
2846 3174 2924 3245 τῷ
2958 3174 3033 3244 μὴ
3096 3169 3265 3240 τιμᾷν
3324 3165 3392 3217 δι’

109 3258 305 3358 ἔργων
325 3258 548 3354 ἀγαθῶν
575 3258 666 3337 risv
712 3258 867 3346 Θεδν,
900 3280 1300 3351 ἀποστεροῦσιν
1364 3281 1590 3345 ἑαυτοὺς
1636 3280 1736 3351 τῆς
1808 3258 2016 3343 οἰκείας
2045 3277 2253 3340 τούτοις
2283 3275 2359 3339 ὡς
2388 3274 2629 3343 λογικοῖς
2660 3264 2802 3328 κατά
2836 3265 3051 3334 πνεῦμα
3084 3262 3259 3330 ζωῆς·
3295 3258 3392 3313 καὶ

116 3380 201 3433 τὰ
234 3378 337 3449 μὲν
371 3379 473 3447 τῆς
508 3375 779 3441 παιδείας,
819 3373 1064 3429 τοιαῦτα.

183 3500 254 3546 κ’.
294 3491 483 3560 Σοφία
532 3490 601 3544 ἐν
648 3488 881 3555 ἐξόδοις
927 3490 1217 3556 ὑμνεῖται.
1255 3490 1315 3541 '0
1341 3487 1400 3540 δὲ
1427 3488 1557 3559 περὶ
1596 3486 1694 3556 τῆς

1870 3481 2040 3535 Vens.
2076 3476 2167 3534 20.
2205 3473 2482 3543 Sapientia
2512 3472 2565 3525 in
2608 3471 2705 3524 viis
2758 3463 3038 3533 prwdicat.
3097 3456 3391 3528 Sapientia:

116 3582 314 3653 σοφίας
347 3582 527 3650 λόγος,
559 3580 726 3643 πολύς
758 3580 876 3632 ἐστι
908 3576 1216 3648 πανταχοῦ
1255 3577 1313 3631 ἔν
1346 3594 1405 3631 τε
1432 3578 1541 3647 γὰρ
1587 3579 1705 3639 ταῖς

114 3672 225 3726 ἀπὸ
254 3666 355 3741 τῆς
386 3669 527 3723 κατὰ
560 3668 682 3722 νοῦν
710 3667 993 3739 ὲνδότητος
1027 3666 1116 3719 διὰ
1159 3667 1422 3736 ῥημάτων
1474 3667 1569 3721 καὶ
1619 3664 1706 3735 ἔρ-

115 3783 231 3833 γων
259 3761 569 3827 ὲξελεύσεσι
603 3759 810 3831 ταύτης
845 3760 981 3831 πρὸς
1008 3758 1296 3826 ἕκφανσιν,
1338 3758 1705 3828 μεγαλύνεται

118 3854 278 3927 παρά
304 3855 438 3909 πᾶσι
465 3855 577 3915 τοῖς
603 3852 862 3906 ἀκούουσι
893 3851 987 3904 καὶ
1022 3850 1220 3923 ὁρῶσιν
1259 3849 1417 3916 αὐτὰ,
1447 3850 1508 3902 τὸ
1537 3849 1705 3913 ὅντως

119 3946 546 4001 ῦποδεικνύοντα
584 3944 811 4013 ἀγαθόν.

198 4052 299 4114 Ἐν
334 4060 403 4113 δὲ
441 4061 751 4125 πλατείαις
787 4060 1131 4128 παρῤησίαν
1167 4058 1314 4129 ἄγει.
1364 4057 1474 4111 Καὶ
1523 4056 1581 4108 ἐν
1622 4056 1701 4128 τῷ

120 4151 313 4206 πλάτει
342 4151 440 4221 τῆς
466 4151 523 4203 ὲν
552 4150 824 4219 πνεύματι
858 4149 1092 4218 φυσικῆς
1124 4147 1356 4218 θεωρίας
1392 4144 1490 4217 τὴν
1524 4147 1622 4216 τῆς
1642 4146 1699 4200 ὲν

120 4241 263 4307 ὅλοις
295 4242 556 4313 ἀληθείας
587 4241 903 4314 παρρησίαν
939 4240 1118 4312 φέρει,
1152 4240 1249 4311 τὴν
1297 4238 1501 4309 ταύτης
1553 4238 1706 4307 ὲνερ-

120 4335 293 4403 γοῦσα
320 4333 523 4403 γνῶσιν
556 4333 645 4387 διὰ
673 4333 782 4390 τῶν
804 4335 862 4388 ὲν
890 4332 1039 4405 πάσῃ
1072 4336 1138 4403 τῇ
1164 4332 1356 4402 κτήσει
1385 4329 1704 4400 συμϐούλων

121 4426 313 4497 αὐτῆς.

189 4545 299 4592 κα’.
339 4537 461 4589 Ἐπ’
485 4535 685 4604 ἄκρων
724 4534 792 4589 δὲ
829 4534 1069 4603 τειχέων
1096 4535 1487 4602 κηρύσσεται.
1528 4534 1615 4587 Ἐν
1644 4533 1702 4585 δὲ

120 4634 185 4702 τῇ
212 4631 359 4700 ἀρχῇ
392 4630 486 4683 καὶ
509 4626 588 4697 τῷ
616 4627 759 4681 τέλει
780 4626 889 4681 τῶν
910 4626 1068 4697 δίκην
1094 4625 1323 4695 τειχέων
1350 4623 1701 4695 φυλακτικῶν

119 4724 215 4793 τῆς
233 4723 412 4793 ψυχῆς
433 4722 644 4793 ἀρετῶν
665 4718 1086 4788 διαγινώσκεται
1102 4734 1117 4748 ·
1138 4716 1696 4789 προκαταδαλλομένη

122 4815 224 4884 μὲν
244 4814 351 4884 τῆς
374 4815 627 4885 πράξεως
659 4813 739 4883 τῷ
771 4810 922 4880 φόϐῳ
950 4809 1060 4862 τῶν
1094 4807 1328 4879 ἀρετῶν,
1343 4807 1699 4877 καταλαμϐα-

120 4908 324 4977 νομένη
369 4908 429 4961 δὲ
473 4908 611 4977 μετὰ
642 4905 739 4976 τὴν
781 4902 980 4971 πρᾶξιν
1000 4942 1015 4966 ,
1047 4902 1267 4955 πάντων
1304 4900 1559 4953 ἐπέκεινα
1588 4898 1700 4952 τῶν

123 4999 265 5068 μετά
299 4998 455 5062 Θεὸν,
491 5001 556 5069 τῇ
584 4998 713 5067 περὶ¹
745 4994 952 5049 τούτων
978 4991 1072 5046 τοῦ
1103 4991 1223 5054 νοὸς
1250 4990 1596 5061 προσεδρείᾳ.

204 5112 339 5165 Ἐπὶ
370 5109 440 5163 δὲ
472 5111 697 5175 πύλαις
723 5104 1046 5162 δυναστῶν
1065 5103 1436 5173 παρεδρεύει.
1477 5103 1588 5155 Kal.
1613 5102 1705 5155 ἐπὶ

119 5206 254 5268 τοῖς,
288 5200 453 5255 οἱονεί
488 5218 599 5254 τισι
631 5200 828 5262 πύλαις
856 5195 1390 5266 ἀναπεταννυμένοις
1420 5194 1702 5264 στόμασιν,

124 5299 203 5358 είς
235 5294 468 5358 διέξοδον
492 5293 587 5346 τοῦ
614 5295 757 5346 κατά
789 5289 1075 5361 προφορὰν
1099 5289 1260 5356 λόγου
1298 5286 1406 5340 τῶν
1436 5286 1703 5356 ἀνδρικῶς

124 5388 193 5441 τὰ
223 5386 369 5457 πάθη
400 5384 959 5453 καταγωνισαμένων,
996 5382 1090 5436 καὶ
1120 5379 1436 5449 δυναμένων
1469 5378 1562 5431 καὶ
1590 5378 1705 5430 ἑτέ-

132 5498 255 5551 ρους
303 5479 363 5544 ἐξ
404 5478 585 5533 αὐτῶν
620 5477 885 5550 ῥύεσθαι,
930 5471 1329 5535 διδασκαλικῶς
1373 5468 1702 5540 παρακάθη-

130 5588 234 5625 ται.

194 5660 319 5714 Ἐπὶ
344 5659 399 5711 δὲ
424 5659 547 5721 ταῖς
577 5656 712 5728 πρὸς
740 5654 1070 5717 κατανόησιν
1100 5652 1207 5706 τῶν
1239 5653 1295 5705 ὲν
1322 5652 1434 5713 τοῖς
1463 5647 1584 5704 οὖσι
1610 5650 1700 5703 λό-

134 5770 239 5821 γων
262 5795 276 5820 ,
309 5751 641 5820 εἰσαγωγοϊς
673 5748 773 5818 τῆς
804 5747 911 5801 τῶν
940 5744 1155 5818 ὁρατῶν
1191 5744 1496 5816 φαντασίας
1524 5744 1726 5815 αἰσθή,

1810 3584 2010 3634 sermo,
2052 3567 2259 3621 multus
2310 3571 2393 3619 est
2426 3561 2575 3616 onini
2610 3561 2729 3615 loco
2780 3577 2791 3611 :
2831 3552 3054 3626 quando
3110 3549 3254 3605 enim
3321 3561 3388 3601 ex

1810 3677 2032 3719 recessu
2060 3658 2289 3728 spiritus
2321 3670 2417 3726 per
2442 3654 2611 3708 verba
2665 3660 2719 3706 et
2747 3661 2918 3719 opera
2952 3644 3018 3698 ad
3059 3640 3385 3696 manifesta-

1811 3756 2013 3811 tionem
2057 3749 2364 3821 egreditur,
2399 3744 2679 3801 hominem
2710 3753 2904 3797 verum
2938 3737 3143 3791 bonum
3200 3740 3388 3785 osten-

1809 3846 2055 3908 dentem,
2100 3820 2425 3911 imagnilicat
2454 3835 2597 3905 apud
2650 3845 2843 3888 omnes
2871 3827 2964 3900 qui
2998 3826 3114 3880 haac
3157 3820 3387 3876 audiunt

1808 3942 1862 3991 ct
1908 3933 2119 3988 vident.

1879 4049 1947 4103 In
1975 4046 2164 4116 plateis
2188 4047 2280 4099 dat
2314 4059 2493 4098 vocem
2526 4056 2702 4095 suam.
2750 4037 2815 4091 Et
2848 4036 2903 4090 in
2928 4034 3105 4105 platea
3147 4026 3382 4084 medita-

1809 4142 1978 4197 tionis
2004 4139 2200 4194 animae
2228 4135 2523 4201 naturalis,
2557 4134 2652 4188 dat
2681 4142 2876 4186 vocem
2910 4127 2967 4182 in
2995 4125 3254 4180 omnibus
3294 4136 3383 4173 vr-

1806 4233 2012 4297 ritatis,
2065 4230 2233 4301 hujus
2284 4226 2655 4297 cognitionem
2717 4234 2974 4292 operans,
3029 4218 3271 4288 seipsum
3326 4215 3385 4272 in

1806 4323 1954 4379 omni
1987 4322 2133 4378 bono
2163 4313 2576 4374 constituendo.

1880 4526 1945 4581 In
1980 4528 2151 4595 capite
2179 4524 2459 4577 turbarum
2493 4518 2763 4572 clamitat.
2821 4512 2880 4565 In
2912 4507 3183 4581 principio
3212 4516 3267 4561 et
3324 4503 3380 4559 in

1805 4620 1912 4673 ﬁne
1961 4618 2229 4671 virtutum
2265 4627 2387 4683 qua:
2420 4610 2680 4670 animam,
2722 4612 2780 4659 ut
2810 4601 2976 4664 muri,
3042 4597 3380 4661 custodiunt,

1805 4708 2148 4779 agnoscitur,
2185 4713 2312 4759 ante
2352 4702 2651 4763 actionem,
2705 4696 2971 4749 virtutum
3037 4688 3223 4743 timori
3276 4685 3381 4741 ob-

1801 4801 1971 4870 jecta,
2006 4805 2132 4867 post
2166 4807 2297 4850 vero
2357 4790 2651 4850 actionem,
2686 4786 2740 4840 in
2796 4783 2960 4839 rebus
2982 4779 3184 4835 divinis
3216 4790 3383 4833 occu-

1806 4903 1949 4966 pata,
1980 4891 2179 4947 mentis
2205 4890 2351 4944 circa
2378 4900 2473 4942 eas
2504 4883 2843 4940 assiduitate.

1874 5114 1941 5169 In
1996 5112 2199 5183 toribus
2255 5108 2547 5179 potentium
2589 5106 2751 5159 sedet.
2812 5103 2878 5157 Et
2908 5100 2961 5153 in
2995 5096 3221 5166 apertis,
3259 5100 3379 5183 tan-

1802 5177 2353 5277 quam-quibusdam
2418 5196 2609 5267 portis,
2644 5190 2809 5245 utvia
2877 5190 3056 5257 pateat
3112 5177 3374 5239 sermoni,

1802 5298 1992 5353 oribus
2013 5308 2205 5352 eorum
2237 5292 2329 5363 qui
2366 5289 2602 5345 viriliter
2664 5283 2990 5355 cupiditates
3020 5279 3291 5335 vicerunt.
3322 5280 3377 5325 et

1804 5393 2033 5457 possunt
2065 5384 2203 5440 alios
2230 5399 2296 5439 ex
2333 5381 2441 5437 illis
2474 5380 2734 5443 liberare,
2781 5387 2933 5429 more
2984 5366 3377 5440 magistrorum

1803 5481 1974 5536 sedet.
2032 5484 2038 5491 '

1944 5653 2027 5707 All
2089 5650 2511 5719 intelligentiam
2595 5659 2913 5701 sermonum
3003 5641 3070 5698 de
3139 5639 3358 5696 cutibus

1834 5744 1888 5800 in
1962 5741 2440 5800 introducentibus
2516 5737 2820 5796 visibilium
2876 5733 3376 5792 maniiestationem

3438 4357 3448 4405 l
