3902 6510
542 288 671 353 1231

1738 297 1747 307 ⁵
1836 290 2187 352 PROCOPII
2226 295 2468 355 GAZ/EI

3674 306 3789 371 1212

536 403 891 461 facultatibus
959 403 1175 465 animae,
1199 400 1254 455 in
1296 412 1404 471 qua
1441 400 1668 457 verbum
1696 401 1962 473 regimine
1986 416 2101 473 gauv

2226 423 2342 460 σεσι
2369 410 2465 479 τῆς
2488 410 2689 482 ψυχῆς,
2723 413 2779 467 ἐν
2892 414 2921 467 ὁ
2945 414 3115 484 ,λόγος
3161 416 3221 469 τὸ
3270 418 3583 489 πολίτευμα
3612 424 3783 491 κεκτη

538 497 649 560 det,
688 493 923 550 libenter
943 491 1161 547 edocet.

606 588 770 641 Vens.
816 585 908 639 2?...
934 584 1219 653 Quousque
1236 583 1447 651 parvuli
1469 583 1833 654 repugnabunt
1855 583 2112 654 justitiw,

536 698 640 735 non
672 678 963 750 pudebunt.
1015 676 1153 741 Quia
1211 675 1424 745 parvuli
1452 676 1598 730 circa
1620 690 1684 730 ea
1716 691 1837 746 quae
1867 676 2115 731 doctrina

535 773 755 828 virtutis
786 778 1190 836 monstrantur,
1216 768 1547 839 usquedum,
1585 768 1857 823 maiorum
1887 785 2114 840 operum

538 866 762 937 pudore,
779 862 1114 919 transitoriis
1131 862 1437 926 stabilia,ut
1447 860 1659 931 justum
1676 870 1782 928 est,
1800 862 2114 937 przcl‘erant,

535 970 643 1009 non
680 952 1058 1023 acquiescant.
1870 936 1876 941 ’

600 1130 1174 1187 Vr:ns.25.luseusati
1232 1147 1376 1195 vero,
1418 1130 1701 1200 infamiam
1726 1132 2113 1193 desiderantes,

531 1236 579 1279 et
610 1226 759 1295 impii
787 1226 943 1294 facti,
968 1224 1192 1279 oderunt
1223 1223 1548 1287 doctrinam,
1572 1235 1621 1279 et
1658 1226 2113 1295 increpationibus

532 1318 748 1372 obnoxii
813 1318 944 1386 [acti
1005 1326 1152 1372 sunt.
1212 1315 1313 1382 Qui
1339 1331 1468 1370 vero
1506 1316 1675 1372 Deum
1724 1318 1779 1372 in
1811 1316 1974 1373 corde
2004 1334 2111 1372 non

533 1409 738 1473 ierunt,
766 1409 1077 1478 iniquarum
1135 1406 1496 1477 cupiditatum
1539 1407 1937 1477 turpitudinem
1969 1407 2113 1464 desi-

530 1507 740 1564 rantes,
760 1499 1085 1553 rationalem
1106 1497 1235 1553 boni
1265 1497 1504 1567 malique
1530 1496 1919 1553 discretionem
1956 1499 2112 1568 abje-

529 1601 744 1659 cerunt,
771 1593 1020 1647 nolentes
1042 1590 1208 1646 Deum
1234 1590 1394 1646 bonis
1439 1591 1699 1659 operibus
1726 1590 2037 1657 honorare;
2060 1599 2113 1647 ct

2218 517 2327 566 ται,
2369 504 2953 576 πεπαρρησιασμένως
2990 508 3257 563 διδάσκει.

2291 590 2393 661 κβκ
2424 592 2616 646 Ὅσον
2653 594 2731 648 ἂν
2770 597 2995 663 χρόνον
3039 596 3250 651 ἄκακοι
3296 599 3543 668 ἔχονται
3590 601 3689 669 τῆς
3711 604 3782 658 δι-

2219 684 2585 751 καιοσύνης,
2617 689 2727 739 οὐκ
2774 688 3317 755 αἱσχυνθήσονται.
3349 692 3474 744 Ὅτι
3516 692 3620 756 ἕως
3659 696 3718 747 ἂν
3744 699 3787 749 ci

2218 774 2347 845 περὶ
2388 775 2458 827 τὰ
2509 776 2742 848 αἰσθητά
2794 778 2917 832 κατ’
2940 779 3197 847 αἴσθησιν
3249 781 3560 851 ἐνεργείας,
3611 788 3787 849 κακίας

2216 862 2539 933 ἀμέοεκτοι,
2569 867 2929 937 προκρίνουσι
2955 867 3184 933 δικαίως
3214 869 3324 924 τῶν
3348 873 3697 943 προσκαξρων
3730 880 3783 928 τὰ

2216 954 2424 1024 μόνιμα
2456 957 2525 1025 τῇ
2560 956 2654 1008 ἐπὶ
2678 960 2792 1020 τοῖς
2826 956 3015 1027 ἔργοις
3037 958 3138 1029 τῆς
3172 960 3400 1030 ἀτιμίας
3432 962 3679 1033 αἰσχύνη,
3701 966 3785 1033 all

2218 1060 2648 1098 υποπεσουνται.

2286 1134 2393 1203 κγ’.
2434 1138 2500 1189 Οἱ
2534 1136 2603 1189 δὲ
2632 1137 2910 1206 ἄφρονες,
2935 1137 3047 1207 τῆς
3076 1138 3301 1208 ὕϐρεως
3324 1139 3503 1209 ὄντες
3526 1142 3786 1213 ἐπιθυμη-

2215 1226 2331 1292 ταὶ,
2366 1227 2604 1295 ἀσεϐεῖς
2646 1231 2980 1299 γενόμενοι,
3009 1231 3327 1300 ἐμίσησαν
3368 1235 3676 1301 αἴσθησιν,
3698 1243 3781 1290 καὶ

2214 1318 2544 1374 ὑπεύθυνοι
2580 1320 2863 1389 ἐγένοντο
2899 1322 3197 1392 ἐλέγχοις.
3238 1326 3303 1377 Oi
3334 1324 3394 1377 δέ
3423 1326 3557 1379 Θεὸν
3582 1330 3639 1380 ὲν
3664 1347 3786 1397 iugo

2213 1409 2301 1480 δίᾳ
2359 1410 2435 1481 μὴ
2488 1413 2905 1483 περιφέροντες,
2935 1415 3034 1483 τῆς
3088 1416 3154 1469 ἐκ
3201 1417 3313 1470 τῶν
3361 1417 3789 1489 διαϐεϐλημένων

2214 1500 2404 1553 παθῶν
2435 1500 2645 1574 ὕϐρεως
2681 1504 3043 1575 ὀρεγόμενοι”,
3075 1505 3177 1577 τὴν
3207 1508 3352 1560 κατά
3394 1508 3556 1576 λόγον
3580 1511 3672 1563 τού
3706 1530 3789 1563 κα·

2214 1590 2307 1644 λοῦ
2343 1594 2436 1646 κοιλ⁵
2472 1594 2565 1648 τοῦ
2595 1595 2768 1649 κακοῦ
2799 1597 3074 1668 διάκρισιν
3118 1598 3555 1671 ἀπεστράφησαν
3577 1619 3593 1633 ·
3634 1606 3785 1672 signa}:

528 1686 626 1753 ita,
659 1685 777 1741 suis
806 1684 1008 1755 iniquis
1028 1685 1341 1739 actionibus
1364 1682 1586 1739 obnoxii
1608 1682 2101 1740 ﬁuntconscicntia

2219 1683 2306 1737 τὸν
2330 1684 2465 1741 Θεὸν
2496 1686 2565 1740 δι’
2588 1688 2810 1757 ἀγαθῶν
2845 1689 3025 1763 ἔργων
3059 1690 3134 1762 μὴ
3165 1691 3495 1763 θελήσαντες
3516 1712 3531 1725 θ
3565 1696 3782 1750 κάντεῦ-

529 1868 767 1923 animam
802 1866 884 1924 sic
937 1865 1199 1936 loquitur.

630 2062 767 2118 Ecce
797 2079 1073 2118 occurram
1108 2062 1250 2117 vobis
1276 2063 1496 2131 spiritus
1513 2063 1615 2117 mei
1638 2063 1828 2117 verbis.

629 2138 714 2188 Eu
754 2135 1025 2203 proferam
1059 2134 1356 2203 doctrinam
1387 2134 1613 2201 spiritus
1648 2136 1773 2186 mei.

628 2204 837 2258 Docebo
857 2202 959 2259 θυοδ
987 2220 1157 2257 meum
1191 2202 1423 2257 verbum.

592 2318 698 2376 Per
723 2320 837 2375 haec
863 2319 1133 2375 nuntiabo
1170 2319 1328 2373 vobis
1385 2319 1732 2373 manifestam
1762 2319 2105 2389 spiritualcm

524 2411 658 2484 legis
688 2426 825 2466 mea:
873 2410 1203 2473 doctrinam,
1264 2426 1431 2482 quam
1481 2422 1675 2466 natura
1708 2420 1762 2467 et
1822 2412 2107 2485 Scriptura

522 2503 818 2575 symbolice
852 2502 1155 2573 intelligere
1173 2500 1402 2557 faciunt.

598 2594 762 2649 Vens.
798 2593 888 2649 ει.
920 2594 1063 2660 Quia
1121 2595 1300 2648 vocavi
1329 2603 1379 2647 et
1400 2594 1675 2648 reuuistis.
1709 2593 1845 2650 Cum
1867 2610 1981 2660 vos,
2014 2611 2108 2665 per

522 2687 695 2758 legem
731 2686 1036 2740 naturalem
1085 2692 1141 2739 et
1198 2699 1353 2739 meas
1429 2685 1760 2747 voluntates,
1808 2701 1906 2756 per
1965 2702 2106 2758 quas

520 2781 701 2836 omnia
734 2777 879 2835 facta
911 2786 1065 2843 sunt,
1095 2793 1374 2843 vocarem,
1412 2793 1519 2833 non
1566 2778 1821 2835 audistis.

592 2962 660 3017 Et
689 2960 1203 3023 cxtendisermoues,
1236 2967 1416 3015 etnon
1457 2959 1762 3027 aspexistis.
1796 2958 1921 3014 Ilrec
1975 2974 2104 3014 vero

520 3069 617 3125 per
641 3054 811 3125 legem
841 3053 1101 3123 scriptam
1131 3052 1287 3107 vobis
1311 3052 1591 3114 nuntians,
1618 3051 1881 3121 majorem
1908 3051 2100 3106 horum
2130 3089 2171 3144 ϐ

518 3146 829 3201 doctrinam
862 3145 1018 3201 vobis
1053 3144 1360 3207 tradebant,
1387 3158 1486 3199 vos
1550 3153 1732 3199 autem
1771 3144 1907 3199 nihil
1937 3144 2103 3214 hujus

519 3238 654 3309 legis
692 3236 885 3292 audire
913 3234 1185 3291 voluistis.
1216 3270 1219 3271 ν

590 3414 757 3471 Vens.
793 3413 884 3469 9.5.
917 3410 1020 3467 Sed
1067 3410 1281 3465 inutiles
1328 3410 1609 3481 faciebatis
1636 3427 1777 3465 meos
1811 3427 2099 3477 sermones,

516 3518 568 3564 et
597 3522 739 3561 meas
767 3504 1153 3572 increpationes
1197 3502 1523 3572 neglexistis.
1562 3500 1668 3555 Sed
1697 3514 1814 3554 mea
1846 3501 2100 3556 mandata

521 3596 860 3669 neglexistis,
888 3605 941 3649 et
969 3592 1190 3664 quando
1214 3606 1309 3647 vos
1368 3606 1463 3662 per
1508 3590 1812 3663 prophetas
1848 3589 2102 3661 increpa-

519 3691 664 3755 bam,
700 3687 794 3761 qui
829 3686 984 3741 vobis
1036 3683 1340 3739 adventura
1400 3691 1621 3753 propter
1665 3680 2098 3737 iuobedientiam

520 3781 660 3835 mala
722 3777 1130 3851 prtedicebant,
1187 3773 1327 3829 nihil
1388 3773 1584 3829 horum
1642 3772 1697 3828 in
1761 3771 2099 3829 conscientia

518 3869 839 3925 admisistis.

590 3956 758 4013 Vens.
785 3958 877 4011 26.
907 3956 1247 4026 Quapropter
1276 3972 1371 4027 ego
1401 3971 1608 4027 quoque
1638 3956 1696 4010 in
1729 3955 1953 4011 interitu
2012 3972 2098 4011 ve-

519 4060 631 4105 stro
646 4049 877 4104 ridebor.
898 4047 1113 4103 Idcirco
1135 4055 1189 4103 et
1208 4064 1310 4119 ego
1351 4049 1405 4105 in
1425 4059 1689 4105 eventura
1738 4048 1894 4104 vobis
1920 4057 2099 4105 morte

518 4151 784 4213 tanquam
812 4141 866 4194 in
903 4140 1013 4194 line
1075 4139 1348 4195 scelerum
1382 4146 1726 4195 vestrorum.

589 4313 757 4369 Vnus.
787 4311 879 4365 Ἥ.
912 4309 1185 4378 Gaudebo,
1239 4309 1453 4383 quando
1500 4309 1695 4365 venerit
1732 4307 1879 4363 vobis
1917 4309 2094 4377 ruina,

515 4416 566 4463 et
595 4406 856 4461 advenerit
909 4404 1164 4469 turbatio,
1196 4414 1245 4458 et
1273 4403 1435 4457 simul
1470 4402 1754 4456 calamitas
1795 4403 2093 4471 tempestati

519 4497 712 4564 aderit,
748 4512 837 4551 seu
864 4512 983 4550 cum
1014 4496 1157 4550 vobis
1184 4495 1385 4549 uenerit
1412 4494 1691 4548 tribulatio
1734 4500 1782 4547 et
1814 4494 2088 4563 angustia.

517 4586 843 4650 Exsultabo,
884 4584 1110 4655 quando
1145 4594 1327 4639 vester
1361 4582 1528 4637 homo
1561 4581 2094 4638 exteriorinterierit

517 4694 616 4750 per
651 4677 1065 4734 renovationem
1094 4675 1385 4731 interioris
1419 4673 1701 4740 hominis;
1738 4673 1964 4744 quando
1996 4688 2092 4729 su-

516 4770 634 4826 bito
667 4768 823 4825 vobis
850 4767 1064 4823 venerit
1106 4767 1402 4837 improvisa
1438 4764 1668 4820 mutatio
1709 4771 1765 4818 ct
1810 4765 2088 4834 prosperi-

518 4863 650 4917 tatis
683 4860 1001 4931 temporalis
1035 4859 1344 4925 calamitas,
1377 4865 1639 4928 tanquam
1674 4855 1903 4927 quidam
1934 4855 2096 4911 dolor

516 4963 572 5011 et
613 4953 858 5010 hostium
893 4952 1168 5023 angustia,
1205 4966 1410 5023 cogens
1443 4965 1540 5005 eos
1576 4948 1667 5019 qui
1716 4948 1953 5004 libenter
1988 4946 2093 5005 boc

521 5060 683 5116 agere
712 5045 928 5109 nolunt,
962 5050 1019 5099 et
1054 5042 1305 5099 nolentes
1332 5040 1659 5098 meminisse
1677 5038 1809 5095 mei.

590 5360 760 5419 Vens.
809 5361 903 5417 28.
947 5360 1066 5414 Erit
1102 5361 1241 5414 enim
1285 5359 1499 5429 quando
1539 5376 1621 5414 me
1672 5358 1950 5423 vocabitis,
2001 5372 2094 5428 ego

517 5469 720 5527 quoque
748 5469 850 5507 non
877 5444 1168 5506 exaudiam
1197 5468 1308 5506 vos.
1330 5449 1527 5506 Veniet
1561 5450 1709 5506 enim
1754 5458 2004 5520 tempus,
2038 5449 2093 5503 in

519 5563 653 5618 quo,
680 5547 748 5602 ad
772 5547 1149 5603 liberationem
1168 5560 1234 5601 ex
1257 5546 1669 5602 calamitatibus
1696 5546 1753 5601 in
1769 5559 1867 5600 vos
1886 5545 2095 5599 irruen-

523 5639 691 5705 tibus,
711 5637 943 5693 orabitis
966 5650 1094 5702 me;
1130 5645 1371 5692 vestram
1398 5646 1578 5695 autem
1611 5637 1934 5710 petitionem
1967 5643 2087 5692 tau-

510 5745 684 5803 quam
725 5744 919 5787 vanam
959 5743 1069 5786 non
1112 5728 1417 5786 admittam.

416 1835 420 1839 _
527 1775 1001 1847 increpationibus
1031 1773 1171 1844 apud
1227 1773 1551 1843 sapientiam
1580 1812 1596 1838 ,
1643 1787 1764 1843 quae
1816 1772 1885 1828 ad
1920 1788 2101 1830 eorum

2219 1776 2308 1829 θεν
2351 1776 2527 1849 ἔνοχοι
2571 1783 2687 1845 τοῖς
2720 1759 2887 1852 παρετ⁷
2914 1759 3250 1850 σοφίαςγέπὶ
3281 1759 3424 1848 *ταῖς
3470 1787 3783 1855 παραλόγοις

2214 1868 2480 1940 πράξεσιν
2518 1872 2768 1942 ἐλέγχοις
2810 1874 2905 1927 τοῦ
2961 1875 3268 1939 συνειδότος
3319 1879 3587 1945 ἐγένοντο,
3618 1883 3780 1935 τοιάδε

2213 1960 2351 2031 πρὸς
2379 1963 2581 2027 αὐτοὺς
2607 1965 2750 2019 κατὰ
2777 1965 2904 2020 νοῦν
2929 1966 3236 2038 διεξιούσης
3254 1988 3272 2005 ο

2488 2075 2830 2149 προήσομαι
2863 2077 3015 2147 ἐμῆς
3054 2079 3248 2147 πνοῆς
3281 2082 3494 2149 ῥῆσιν.

2294 2142 2459 2226 ςῙξοίί
2474 2142 3020 2226 πρρϐαέλοῇμαι-’τοῖξ
3050 2142 3207 2226 epod:
3225 2142 3748 2226 ανεῦματοςρῆμα.

2280 2212 2519 2280 Διδάξω
2541 2215 2611 2268 δὲ
2645 2212 2801 2286 ὐμᾶξ
2841 2218 2949 2272 τὸν
2984 2212 3132 2289 ἐμόν
3170 2212 3380 2291 λόγον.

2280 2325 2378 2378 Διὰ
2424 2327 2616 2383 τούτου
2664 2328 2721 2383 δὲ
2764 2332 3096 2400 καταγγελῶ
3146 2334 3277 2405 ὑμῖν
3326 2336 3671 2408 ἐκδηλότερον
3698 2342 3775 2391 τὸν

2212 2417 2693 2488 πνευματικδντῇ
2720 2421 2863 2489 ἐμῆς
2886 2422 3245 2489 διδασκαλίας
3272 2425 3463 2497 νόμον,
3487 2429 3549 2481 ὃν
3573 2432 3604 2500 ἠ
3627 2432 3774 2498 φύσις

2211 2506 2307 2557 καὶ
2334 2506 2366 2574 ἡ
2392 2505 2584 2578 Γραφὴ
2614 2509 2964 2579 συμϐολικῶς
2999 2513 3406 2570 ύπαινίττεται.

2280 2600 2377 2655 κδ’.
2415 2601 2650 2672 Ἐπειδὴ
2707 2605 3008 2673 ἐκάλουν,
3055 2609 3155 2662 και
3208 2611 3324 2677 οὐχ
3385 2613 3765 2679 ὑπηκούσατε.

2221 2688 2437 2759 Ἐπειδὴ
2473 2692 2811 2761 προσεκαλού
2819 2711 2927 2766 μην
2959 2696 3105 2767 ὑμᾶς
3131 2698 3221 2752 διὰ
3242 2698 3341 2752 τοῦ
3367 2701 3597 2769 φυσικοῦ
3619 2704 3766 2772 νόμον

2210 2780 2301 2832 καὶ
2330 2782 2444 2845 τοῖς
2470 2782 2623 2850 ἐμοῖς
2649 2783 2937 2855 θελήμασι,
2974 2787 3099 2841 καθ’
3119 2788 3155 2843 ἀ
3184 2789 3253 2843 τὰ
3275 2790 3458 2845 πάντα
3479 2792 3765 2861 γεγόνασιν,

2206 2870 2307 2942 οὐχ
2340 2871 2622 2938 ὑπείξατε.

2275 2964 2382 3018 Kal
2403 2965 2705 3029 ἐξέτεινον
2732 2970 2975 3038 λόγους,
2996 2970 3092 3025 καὶ
3116 2974 3582 3044 οὑ,προσείχετε.
3603 2976 3766 3029 Ταῦτα

2205 3054 2262 3108 δέ
2292 3056 2388 3110 καὶ
2434 3056 2524 3113 διά
2562 3058 2658 3113 τοῦ
2694 3063 2942 3131 γραπτοῦ
2974 3064 3142 3134 νόμου
3171 3065 3301 3135 ὑμῖν
3340 3067 3763 3135 ἀπαγγέλλουσα,

2209 3150 2560 3222 μακροτέραν
2595 3153 2901 3226 ἐποιούμην
2936 3157 3073 3228 πρὸς
3105 3158 3251 3227 ὑμᾶς
3277 3160 3379 3231 τὴν
3406 3162 3608 3215 τούτων
3633 3164 3765 3216 διδα-

2208 3240 2466 3295 σκαλίαν·
2501 3243 2661 3314 ὑμεῖς
2710 3245 2767 3299 δὲ
2816 3246 2939 3300 οὐδὲ
2984 3248 3229 3301 τοιούτου
3283 3250 3455 3320 νόμου
3489 3255 3761 3307 ἐπακούσαι

2204 3331 2530 3403 ἠθελήσατε.

2275 3432 2372 3480 κε’.
2412 3426 2597 3480 Ἀλλὰ
2617 3428 2883 3496 ἀκύρους
2912 3430 3165 3484 ἐποιεῖτε
3186 3432 3337 3501 ἐμὰς
3364 3434 3601 3501 ,ϐουλάς
3618 3452 3631 3466 ·
3658 3436 3760 3502 τοῖς

2202 3515 2271 3569 δὲ
2297 3516 2461 3586 ἐμοῖς
2487 3519 2761 3590 ἐλέγχοις
2797 3524 2869 3576 οὺ
2905 3524 3278 3593 προσείχετε.
3314 3528 3458 3579 Ἀλλ’
3477 3530 3758 3598 ἀπράκτους

2203 3608 2441 3662 ἐποιεῖτε
2468 3610 2568 3674 τὰς
2597 3612 2739 3681 ἐμὰς
2772 3613 2996 3679 ἐντολάς
3014 3630 3029 3644 ο
3057 3614 3195 3685 ἐμοῦ
3230 3617 3276 3670 δ’
3299 3617 3622 3691 ἐλεγχούσης
3638 3622 3756 3690 ὑμεῖς

2200 3697 2289 3752 διὰ
2336 3702 2634 3772 προφητῶν
2664 3741 2680 3767 ,
2730 3707 3220 3776 προαγορευόντων
3270 3710 3342 3762 τά
3396 3712 3456 3777 ἐξ
3506 3713 3754 3775 ἀπειθείας

2200 3790 2625 3863 ἐπαχθησόμενα
2654 3795 2783 3865 ὑμῖν
2813 3795 3075 3868 βλαϐερὰ,
3110 3797 3234 3852 ούδέ
3271 3800 3485 3855 τούτων
3514 3806 3570 3857 ἐν
3598 3822 3751 3857 συναι-

2202 3879 2392 3952 σθήσει
2426 3885 2718 3952 γεγόνατε.

2271 3981 2383 4038 κς’.
2430 3979 2750 4047 Τοιγαροῦν
2775 3980 2939 4050 κάγὼ
2964 3980 3036 4049 τῇ
3062 3981 3318 4052 ὑμετέρῃ
3345 3985 3608 4056 ἀπωλείᾳ
3645 3988 3748 4041 ἐπι-

2200 4066 2549 4139 γελάσομαι.
2590 4073 2688 4125 Διά
2737 4072 2896 4125 τοῦτο
2943 4074 3138 4141 κάγὼ,
3174 4076 3253 4146 τῷ
3300 4076 3748 4151 ἐπενεχθησομένψ

2200 4159 2328 4229 ὑμῖν
2354 4160 2647 4232 ἀφανισμῷ
2674 4163 3173 4235 ἐπαγαλλιάσομαι,
3196 4165 3273 4230 ὡς
3305 4167 3534 4222 παύοντι
3562 4170 3651 4240 τὴν
3672 4189 3747 4222 καί

2199 4267 2295 4303 κου
2303 4252 2463 4321 ργίαν
2503 4253 2682 4323 ὑμῶν.

2271 4344 2372 4407 κζ’.
2411 4343 2830 4414 Ἐπιχαροῦμαι
2868 4345 2938 4400 δὲ
2984 4346 3164 4415 ἡνίκα
3205 4347 3316 4402 ἐὰν
3368 4350 3603 4421 ἔρχηται
3634 4352 3746 4421 ὑμῖν

2123 4443 2168 4499 ι)
2196 4432 2462 4501 ὄλεθρος,
2495 4437 2590 4489 καὶ
2615 4437 2695 4503 ὡς
2726 4437 2803 4492 ἂν
2837 4438 3123 4507 ἀφίκηται
3156 4440 3300 4509 ὑμῖν
3325 4444 3606 4510 θόρυϐοςο
3634 4447 3666 4511 ἡ
3694 4446 3744 4496 ιθὲ

2195 4527 2582 4596 καταστροφὴ
2615 4530 2830 4597 ὁμοίως
2868 4528 3165 4601 καταιγίδι
3194 4532 3361 4602 παρῇ
3390 4550 3407 4566 ο
3446 4534 3487 4604 ἣ
3520 4536 3653 4589 ὅταν
3669 4538 3741 4604 ἔρ-

2195 4636 2369 4689 χηται
2395 4620 2539 4689 ὑμῖν
2564 4622 2775 4690 θλίψις
2806 4622 2905 4675 καί
2927 4624 3265 4691 πολιορκία.
3301 4625 3741 4699 Ἐπευφρανθήςοι

2199 4728 2295 4782 μαι
2323 4711 2379 4766 δὲ
2410 4713 2541 4767 ὅταν
2568 4714 2597 4767 ὁ
2625 4713 2730 4779 ἔξω
2750 4714 3039 4785 ἄνθρωπος
3064 4715 3242 4786 ὑμῶν,
3261 4717 3574 4790 φθείρηται,
3601 4721 3675 4775 διὰ
3695 4718 3739 4771 τὺ

2195 4803 2622 4859 ἀνακαινοῦσθαι
2649 4806 2742 4860 τὸν
2771 4806 3011 4861 ἔσωθενο
3045 4809 3143 4862 καὶ
3175 4808 3269 4863 ὅτε
3310 4812 3609 4883 πειρασμὸς
3636 4814 3737 4883 ὑμῖν

2197 4893 2605 4964 ἀπροσδόκητος
2653 4894 2750 4948 καὶ
2797 4895 3151 4966 καταστροφὴ
3180 4896 3283 4966 τῆς
3313 4898 3624 4968 σωματικῆς
3666 4898 3733 4949 εὑ-

2197 4982 2439 5053 πραγίας
2466 4984 2642 5055 ὑμῶν,
2675 4985 2938 5055 αἰφνίδιος
2982 4987 3338 5060 ἐπιγίνηται,
3377 4988 3469 5043 οἷά
3508 5008 3585 5051 τις
3619 4988 3731 5056 λύπη

2197 5075 2327 5146 ὑμῖν
2372 5076 2697 5148 ἐπέρχηται,
2726 5078 2823 5132 καὶ
2858 5078 3141 5151 πολεμίων
3189 5081 3356 5135 τινῶν
3408 5081 3730 5153 προσεδρειαο

2200 5167 2562 5247 μνημονεύειν
2612 5186 2716 5240 μου
2742 5169 2841 5224 καὶ
2869 5169 3104 5235 ἄκοντας
3136 5172 3406 5227 πείθουσα
3449 5174 3568 5237 τοὺς
3604 5173 3730 5224 ἑκουο

2199 5261 2329 5326 σίως
2361 5260 2521 5315 τοῦτο
2554 5263 2730 5315 ποιεῖν
2760 5262 2834 5333 μὴ
2865 5262 3221 5333 θελήσαντας.

2269 5362 2375 5426 κη’.
2407 5356 2620 5410 Ἔσται
2646 5354 2756 5425 γὰρ
2786 5356 2933 5412 ὅταν
2954 5357 3404 5425 ἐπικωέσησθέ
3425 5374 3532 5428 με,
3561 5354 3659 5426 ἐγὼ
3676 5352 3730 5406 δὲ

2195 5451 2307 5504 οὐκ
2329 5450 2761 5519 εὶσακούσομαι
2785 5450 2973 5520 ὑμῶν.
2998 5450 3263 5522 ’Υπὰρξει
3287 5452 3395 5520 γὰρ
3415 5448 3607 5520 καιρὸς,
3624 5444 3728 5499 καθ’

2194 5541 2253 5595 ὃν
2286 5539 2620 5613 δεηθήσεσθέ
2654 5560 2780 5612 μου,
2813 5544 2893 5606 είς
2923 5542 3246 5613 ἀπαλλαγὴν
3268 5543 3379 5597 τῶν
3408 5542 3725 5611 ἐπικειμένων

2196 5637 2325 5707 ὑμῖν
2350 5635 2615 5707 θλιϐερῶν
2637 5653 2649 5664 ·
2683 5636 2855 5707 αὐτὴν
2872 5636 2929 5691 δὲ
2953 5637 3051 5707 τὴν
3074 5638 3290 5709 αἴτησιν
3318 5638 3467 5711 ὑμῶν
3491 5637 3558 5700 ὡς
3581 5633 3722 5699 acup-

2197 5746 2362 5801 φορον
2400 5728 2530 5799 ύμῖν
2567 5728 2629 5781 οὐ
2670 5728 3047 5802 παραδέξομαι
