4034 6548
236 440 354 507 1233

1220 428 1756 491 COMMENTARII
1797 427 1873 487 IN
1910 430 2365 492 PROVERBIA.

3322 430 3459 500 1234

284 544 611 618 Ζητήσουσί
635 560 707 613 με
737 542 932 606 κακοὶ,
955 541 1053 596 καί
1080 540 1192 609 οὐχ
1211 540 1608 625 εὑρήσουσιν.
1637 542 1777 610 Δεη-

1955 540 2203 605 Quwrent
2234 555 2313 594 me
2338 539 2507 607 impii,
2540 547 2590 594 et
2616 556 2721 596 non
2760 542 3044 597 invenient.
3078 542 3461 600 Precabuntur

224 646 451 714 θήσονται
478 638 581 709 γάρ
618 653 721 707 μου
752 633 1043 687 κακοποιοὶ
1062 673 1078 699 ,
1109 633 1238 687 ὅταν
1266 632 1333 687 τὰ
1361 632 1565 703 ἀνιαρὰ
1608 648 1777 685 κατα-

222 735 345 806 λάϐῃ
366 731 573 794 αὐτοὺς,
608 727 747 799 πρὸς
776 724 1105 796 ἀπαλλαγὴν
1129 722 1240 778 τῶν
1258 723 1542 789 τοιούτων,
1565 722 1661 778 καὶ
1680 723 1779 777 οὐκ

150 860 154 869 -
223 824 474 893 ἐπιτυχεῖς
513 836 615 889 μου
656 818 1004 888 γενήσονται.

278 917 374 983 μοι,
403 912 465 969 λ’.
500 911 835 981 Ἔμίσησαν
870 907 981 979 γὰρ
1022 906 1251 976 σοφίαν
1273 922 1286 936 ο
1318 906 1427 961 τὸν
1478 905 1546 959 δὲ
1593 905 1781 976 φόϐον

222 1008 419 1077 Κυρίου
447 1005 518 1059 οὐ
556 1001 910 1071 προείχοντο
931 1016 946 1032 υ
976 998 1120 1053 οὐδὲ
1148 997 1374 1067 ἤθελον
1391 997 1560 1069 ἐμαῖς
1590 1010 1781 1066 προσ-

217 1103 368 1169 έχειν
380 1095 635 1164 βουλαῖς
657 1112 671 1126 ·
715 1093 1130 1165 ἑμυκτήρισαν
1159 1091 1228 1145 δὲ
1264 1090 1448 1161 ἐμοὺς
1467 1090 1777 1160 ἐλέγχους.

222 1194 435 1260 Ὂτιπερ
462 1188 558 1260 ἐμὲ
586 1188 685 1258 τὴν
710 1186 903 1254 σοφίαν
932 1184 1003 1239 τὰ
1033 1184 1227 1239 δέοντα
1257 1182 1659 1253 ὑποτιθεμένην
1684 1182 1782 1235 αὺ-

219 1283 319 1342 τοῖς
347 1276 799 1349 ἀπεστράφησαψ
839 1275 935 1328 καὶ
964 1275 1055 1327 τὸν
1091 1273 1235 1327 οεῖον
1263 1272 1427 1343 φόϐον
1447 1312 1462 1337 ,
1492 1273 1551 1326 ὃν
1587 1274 1614 1327 ὁ
1647 1288 1782 1341 κτη-

224 1371 439 1441 σάμενος
465 1368 565 1438 τῆς
610 1367 746 1439 πρός
787 1384 856 1438 με
893 1364 1170 1438 φερούσης
1212 1364 1333 1418 ὁδοῦ
1366 1364 1690 1435 ἀπέρχεται,
1721 1364 1783 1416 οὐ

220 1462 317 1519 τῶν
343 1462 509 1517 ἄλλων
539 1460 759 1516 πάντων
792 1459 1157 1533 προέκριναν·
1188 1457 1312 1512 οὐδὲ
1346 1456 1594 1513 ὑπείκειν
1616 1456 1784 1528 ἠϐού-

223 1555 358 1607 λοντο
401 1556 519 1616 ταῖς
567 1555 733 1622 ἐμαῖς
786 1552 1168 1624 παραινέσεσι,
1205 1550 1302 1604 καὶ
1351 1550 1481 1614 τοὺς
1531 1550 1627 1603 ἐπὶ
1672 1550 1786 1612 τοῖς

223 1647 595 1719 ἁμαρτήμασιν
633 1645 817 1700 αὐτῶν
853 1644 1023 1715 ἐμοὺς
1064 1643 1323 1713 ἐλέγχους
1358 1642 1665 1710 διέπαιξαν.

284 1738 374 1791 λα’.
418 1737 756 1807 Τοιγαροῦν,
790 1735 1028 1789 ἔδονται
1058 1732 1166 1803 τῆς
1197 1731 1427 1788 ἑαυτῶν
1464 1732 1607 1788 ὀδοῦ
1645 1732 1788 1797 τοὺς

223 1828 497 1898 καρπούς·
522 1828 622 1882 καί
651 1827 762 1896 τῆς
787 1826 1019 1881 ἑαυτῶν
1047 1826 1367 1897 ἐπιθυμίας
1391 1823 1786 1895 πλησθήσον-

1888 645 1974 686 me
2009 631 2151 685 mala
2180 631 2470 695 facientes,
2501 645 2625 686 cum
2650 633 2828 687 tristia
2858 635 3122 689 irruerint
3152 651 3318 705 super
3342 651 3459 702 eos,

1887 730 1945 775 ut
1980 721 2049 777 ab
2081 721 2170 777 his
2204 721 2534 788 liberentur,
2572 732 2781 780 etame
2814 724 2953 779 nihil
2984 724 3335 781 obtinebunt.

1958 916 2125 973 Vens.
2146 917 2238 984 29,
2257 918 2344 974 50.
2369 918 2511 973 Nam
2543 934 2761 974 exosum
2774 920 3067 975 habuerunt
3095 922 3458 991 disciplinam,

1884 1022 1931 1065 et
1963 1013 2208 1066 timorem
2240 1010 2467 1092 Domini.
2495 1028 2598 1065 non
2619 1021 2985 1081 susceperunt,
3023 1022 3075 1068 et
3107 1030 3211 1068 non
3247 1015 3461 1082 acquie-

1887 1116 2068 1158 verunt
2096 1119 2212 1158 meo
2242 1103 2485 1169 consilio,
2516 1114 2566 1159 et
2595 1105 2857 1160 universa:
2876 1106 3195 1173 correptioni
3227 1122 3354 1159 mea:
3375 1104 3463 1159 de—

1887 1205 2193 1251 traxerunt.
2250 1195 2389 1262 Quia
2437 1211 2524 1250 me
2561 1197 2887 1266 sapientiam
2932 1196 3317 1251 convenientia
3367 1198 3463 1249 do-

1887 1293 2125 1351 centem,
2173 1284 2530 1355 abiecerunt;
2561 1296 2617 1341 et
2654 1284 2745 1340 Dei
2779 1286 3055 1347 timorem,
3091 1300 3256 1356 quem
3290 1286 3465 1353 possi-

1885 1379 2050 1446 dens,
2116 1378 2202 1434 via
2249 1379 2317 1433 ad
2360 1393 2447 1434 me
2499 1378 2736 1434 ducente
2782 1392 2891 1432 non
2935 1376 3166 1442 recedit,
3206 1377 3466 1431 omnibus

1889 1470 2016 1525 aliis
2054 1472 2223 1525 rebus
2260 1483 2371 1524 non
2424 1470 2821 1540 praetulerunt;
2854 1478 2910 1523 et
2949 1469 3087 1522 meis
3122 1468 3468 1522 exhortatio-

1892 1563 2053 1619 nibus
2084 1564 2443 1635 acquiescere
2462 1564 2785 1629 noluerunt,
2821 1572 2876 1618 ct
2902 1575 3053 1617 meas
3088 1562 3141 1616 in
3170 1575 3324 1617 suam
3350 1575 3466 1613 ma-

1892 1653 2063 1708 litiam
2104 1655 2515 1725 increpationes
2549 1654 2831 1726 fugerunt.

1962 1745 2129 1802 VEns.
2158 1747 2247 1801 51.
2287 1746 2568 1802 Comedent
2597 1748 2760 1817 igitur
2780 1748 2984 1815 {ructus
3017 1747 3134 1801 vim
3161 1760 3300 1807 sum;
3326 1745 3468 1799 suis—

1892 1855 1990 1909 que
2027 1838 2269 1893 consiliis
2317 1837 2732 1893 saturabuntur.
2781 1837 2995 1892 Idcirco
3032 1835 3325 1891 comedent
3354 1834 3469 1887 l‘ru-

222 1940 322 1980 ται.
358 1922 555 1992 Διόπερ
580 1921 849 1991 φάγονται
880 1922 978 1992 τῆς
1007 1918 1219 1974 ἑαυτῶν
1247 1917 1516 1988 ἐργασίας
1547 1917 1644 1979 τὰς
1667 1918 1787 1969 sm-

1902 1938 2017 1983 etus
2061 1929 2311 1984 laborum
2351 1944 2603 1994 suorum,
2639 1937 2693 1983 et
2732 1928 2894 1983 malis
2934 1927 3329 1983 saturabuntur
3372 1940 3469 1979 cu-

225 2012 442 2082 καρπίας
462 2027 474 2041 ·
512 2012 611 2065 καὶ
643 2012 745 2082 τῆς
777 2012 955 2082 κακῆς
985 2010 1221 2082 ὀρέξεως
1252 2008 1466 2062 ἑαυτῶν
1506 2008 1667 2078 κόρον
1694 2007 1789 2077 Ml“

221 2106 417 2174 ψονται,
449 2104 582 2157 ὅταν
606 2102 678 2157 τὰ
704 2102 911 2158 τούτων
942 2103 1197 2173 ἐπίχειρα
1225 2100 1508 2172 καταλάϐῃ
1531 2100 1749 2164 αὐτούς.

284 2196 376 2267 λβ’.
399 2196 546 2252 Ἁνθ’
574 2189 664 2250 ὧν
702 2198 815 2265 γὰρ
859 2194 1117 2264 ἠδίκουν
1156 2193 1449 2260 νηπίους,
1493 2193 1788 2264 φονευθή-

220 2306 414 2345 σονται
436 2305 451 2321 ’
488 2290 589 2345 καί
618 2288 958 2358 ἐξετασμὸν
985 2288 1190 2344 ὀλέσει
1227 2287 1486 2354 ἀσεϐεῖς.
1525 2286 1696 2358 Ὑπὲρ
1728 2282 1789 2340 οὗ

222 2383 317 2453 γὰρ
354 2382 463 2444 τοῖς
509 2380 744 2444 τελείοις
791 2381 888 2451 μὲν
917 2379 996 2452 τῷ
1028 2383 1373 2453 φρονήματι,
1400 2382 1468 2451 τῇ
1517 2380 1591 2434 δὲη
1623 2379 1791 2450 κακίᾳ

223 2471 563 2544 νηπιάζουσιν
608 2471 829 2534 ἀδίκους
874 2474 1065 2542 χεῖρας
1110 2471 1404 2537 ἐπέϐαλον,
1454 2471 1634 2541 ἄωρον
1682 2469 1789 2522 δώ-

225 2582 372 2620 σουσι
395 2564 661 2620 θάνατον·
704 2564 801 2619 καὶ
845 2565 879 2635 ὴ
931 2565 1074 2618 κατά
1104 2563 1166 2617 τὸ
1200 2562 1376 2633 παρὸν
1401 2563 1651 2628 ἐξέτασις
1683 2562 1791 2616 τῶν

222 2660 383 2729 ἔργων
407 2656 507 2728 τῆς
538 2656 779 2721 ἀδικίας,
807 2658 935 2722 τοὺς
967 2657 1042 2727 μὴ
1064 2656 1132 2710 δι’
1149 2655 1526 2728 ἁγαθοεργίας
1544 2656 1636 2709 τὸν
1658 2655 1792 2709 Θεὸν

221 2749 480 2819 τιμῶντας
529 2749 815 2815 ἀπολέσει,
849 2749 1163 2819 στερήσασα
1208 2748 1311 2818 τῆς
1354 2746 1502 2818 ζωῆς
1535 2747 1642 2819 πρὸ
1674 2765 1793 2802 και-

224 2841 336 2912 ροῦο
360 2842 553 2914 ἄνδρες
578 2842 688 2912 γὰρ
715 2841 967 2910 αἱμάτων
990 2841 1088 2895 καὶ
1116 2840 1446 2911 δολιότητος,
1468 2839 1529 2894 οὐ
1561 2839 1636 2911 μὴ
1660 2842 1792 2911 ἡμι-

223 2933 457 2988 σεύσουσι
492 2934 594 2997 τὰς
634 2935 847 3005 ἡμέρας
886 2934 1087 2990 αὐτῶν.

283 3025 378 3093 λγ’.
420 3026 471 3078 '0
511 3025 585 3079 δὲ
620 3024 768 3095 ἐμοῦ
794 3026 1053 3091 ἀκούων,
1077 3023 1535 3092 κατασκηνώσει
1573 3023 1667 3077 ἐπ’
1696 3023 1794 3077 ἐλ-

1895 2019 2246 2089 piditatibus,
2283 2034 2412 2076 cum
2445 2020 2642 2074 barum
2682 2020 2904 2090 praemia
2941 2017 3267 2073 advenerint
3300 2016 3432 2071 illis.

1965 2198 2133 2255 Vens.
2165 2200 2256 2256 32.
2288 2198 2518 2269 Propter
2539 2201 2844 2269 injustitias
2875 2199 3047 2269 factas
3078 2198 3342 2268 parvulis,
3378 2213 3468 2251 oc-

1892 2290 2159 2357 cidentur,
2195 2302 2246 2346 et
2286 2292 2557 2347 discussio
2590 2302 2765 2361 perget
2813 2291 3027 2359 impios.
3071 2289 3179 2343 Pro
3222 2306 3288 2344 eo
3324 2288 3471 2358 quod

1895 2384 1949 2438 in
1975 2384 2192 2438 adultos
2224 2383 2611 2453 intelligentia,
2638 2383 2960 2453 malitiaque
3015 2382 3272 2452 parvulos
3298 2381 3474 2451 injus-

1894 2484 1978 2529 tas
2006 2476 2352 2544 conjecerint
2380 2490 2602 2534 manus.
2625 2476 2919 2529 immatura
2944 2475 3253 2544 plet-tentur
3274 2479 3470 2526 morte:

1891 2578 1948 2622 et
1972 2567 2252 2623 dlscussio
2274 2566 2343 2623 de
2369 2567 2709 2637 supradictis
2741 2564 3007 2636 operibus
3030 2564 3258 2631 iniquis,
3280 2563 3473 2632 perdet

1892 2675 1990 2716 eos
2010 2659 2104 2730 qui
2135 2659 2304 2715 Deum
2348 2659 2613 2731 operibus
2656 2674 2767 2715 non
2794 2659 3002 2723 colunt,
3054 2659 3167 2712 vita
3221 2671 3316 2711 eos
3350 2663 3476 2710 ante

1897 2762 2111 2824 tempus
2157 2755 2405 2824 spoliatis
2438 2771 2453 2808 :
2496 2770 2621 2809 nam
2651 2755 2757 2811 viri
2793 2754 3126 2825 sanguinem
3169 2759 3224 2806 et
3259 2750 3477 2807 astutiae

1895 2848 2066 2903 vitam
2094 2848 2246 2903 nullo
2280 2848 2444 2904 modo
2481 2859 2831 2904 aversantur.

1966 3027 2136 3086 Vens.
2172 3031 2262 3086 55.
2298 3031 2404 3098 Qui
2433 3042 2609 3088 autem
2660 3050 2739 3087 me
2788 3032 3039 3094 audierit,
3081 3031 3367 3101 requiescet
3423 3035 3478 3081 in

221 3118 365 3172 πίδι’
389 3118 484 3173 καὶ
508 3118 817 3187 ήσυχάσει
842 3120 1081 3189 ἀφόϐως
1106 3119 1223 3173 ἀπὸ
1248 3117 1473 3184 παντὸς
1507 3117 1714 3172 κακοῦ.
1733 3117 1794 3172 Ὀ

1902 3131 2004 3184 spe,
2038 3120 2165 3175 etin
2201 3122 2373 3191 quiete
2413 3125 2670 3188 manebit,
2704 3125 2893 3177 timore
2929 3122 3199 3176 malorum
3240 3120 3475 3173 sublato.

221 3209 392 3281 δ’ὲμοὶ
422 3212 775 3282 πειθόμενος,
800 3209 1020 3272 καὶτὰς
1052 3209 1201 3273 Θείας
1234 3208 1456 3272 ἐντολὰς
1486 3208 1789 3279 ἐργαζόμε-

1902 3205 2000 3273 Qui
2026 3224 2113 3263 me
2152 3210 2327 3278 audit,
2359 3219 2419 3266 et
2463 3213 2555 3267 Dei
2602 3214 2858 3268 mandata
2889 3212 3157 3277 custodit,
3189 3211 3350 3265 bouis
3396 3210 3479 3264 l'u-

223 3318 324 3365 νος,
360 3302 427 3356 τὰ
458 3302 729 3374 μέλλοντα
754 3301 941 3371 ἀγαθὰ
970 3304 1092 3364 ταῖς
1121 3301 1336 3355 ἐλπίσιν
1368 3302 1468 3372 ἤδη
1498 3299 1793 3372 καρπώσε-

1904 3299 2046 3355 turis
2073 3299 2186 3370 jam
2240 3316 2336 3372 spe
2367 3302 2604 3369 fruetur,
2632 3320 2755 3359 cum
2790 3305 2848 3359 in
2885 3305 2975 3359 liis
3019 3305 3253 3358 libenter
3292 3301 3481 3357 sedem

223 3402 303 3443 ται
329 3392 384 3444 ἐν
410 3391 627 3456 τούτοις
657 3390 800 3446 κατὰ
833 3389 1153 3462 προαίρεσιν
1182 3389 1280 3461 τὴν
1310 3388 1596 3444 κατοικίαν
1619 3389 1795 3460 πηξά-

1903 3405 2058 3445 suam
2090 3392 2476 3461 coltocaverit;
2508 3398 2653 3451 etab
2684 3397 2835 3451 omni
2863 3396 3067 3452 malitia
3105 3393 3346 3457 recedet,
3372 3408 3481 3445 non

225 3499 404 3550 μενος·
454 3484 555 3538 καὶ
596 3484 709 3539 ἀπὸ
751 3483 933 3554 πάσης
974 3482 1174 3545 κακίας
1208 3482 1640 3554 συσταλήσεταιο
1676 3482 1795 3553 οὐχὶ

1904 3487 1963 3533 ut
1988 3494 2207 3547 servus,
2241 3484 2443 3539 timore
2472 3486 2894 3556 suppliciorum,
2933 3485 3029 3543 sed
3062 3499 3119 3539 ut
3144 3484 3285 3540 ﬁlius
3333 3497 3484 3536 amo-

222 3571 467 3640 δουλικῶς
479 3573 567 3645 τῷ
588 3574 700 3631 τῶν
718 3574 995 3635 κολάσεων
1017 3573 1188 3645 φόῦῳ,
1203 3574 1338 3628 ἀλλὰ
1360 3574 1548 3637 υίικῶς
1567 3576 1639 3646 τῇ
1662 3573 1798 3644 πρὸς

223 3663 277 3719 τὸ
311 3668 563 3738 κρεῖττον
599 3670 840 3740 στοργῇο
880 3665 1034 3725 ἐνθεν
1072 3680 1196 3719 τοι·

816 3802 1041 3857 ΚΕΦΑΔ
1053 3842 1067 3859 .
1116 3802 1193 3858 B'.

289 3942 358 3991 α’.
407 3936 525 4003 rte,
575 3939 685 3993 ἐὰν
727 3938 1059 4008 δεξάμενος
1100 3937 1294 4007 ,ὀῆσιν
1327 3935 1480 4006 ἐμῆς
1519 3936 1796 4007 ἐντολῆς,

224 4028 451 4097 κρύψῃς
472 4030 637 4098 παρὰ
659 4030 916 4095 σεαυτῷ.
953 4030 1013 4083 '0
1042 4027 1287 4083 υἱοοετού
1297 4029 1455 4099 μενός
1480 4046 1571 4100 μοι
1591 4029 1678 4083 διὰ
1700 4030 1801 4100 τῆς

227 4118 281 4173 ἑν
310 4121 586 4189 πνεύματι
614 4120 986 4187 διδασκαλίας,
1017 4121 1113 4175 ἐὰν
1159 4119 1605 4192 παραδεξάμενος
1644 4121 1801 4191 λόγον

227 4211 559 4267 ἀπαιτοῦντά
586 4231 645 4267 σε
672 4214 732 4267 τὸ
762 4215 893 4285 ἐμὸν
922 4212 1199 4283 βουλητὸν,
1230 4214 1471 4286 φυλάξῃς
1501 4214 1691 4268 τοῦτον
1738 4214 1803 4269 ὲν

228 4302 298 4372 τῷ
332 4304 428 4374 τῆς
464 4306 649 4377 ψυχῆς
689 4322 784 4358 σου
825 4305 1245 4377 μνημονευτικῴ
1283 4306 1667 4377 ἀνεπίληστον.

293 4395 358 4465 β’.
397 4397 834 4453 Ἐπακούσεται
882 4399 1105 4468 σοφίας
1130 4397 1199 4451 τὸ
1241 4392 1351 4462 οὖς
1394 4411 1535 4451 σου.
1560 4392 1803 4460 ’Υπείξει

228 4488 362 4544 κατὰ
403 4488 609 4561 πρᾶξιν
652 4489 732 4562 τῷ
762 4491 864 4563 τῆς
905 4491 1089 4555 αἰτίας
1129 4489 1521 4559 ἀπαγγελτικῷ
1568 4488 1803 4559 ἔμφρονι

1905 3587 1964 3627 re
1996 3573 2244 3631 melioris
2271 3576 2422 3633 boni.
2453 3576 2585 3633 lude
2615 3577 2751 3633 haec.

2478 3805 2633 3861 CAP.
2667 3806 2730 3861 ll.

1977 3934 2142 3991 Vsus.
2176 3940 2224 3993 l.
2254 3938 2390 4005 Fili,
2418 3941 2464 3995 si
2492 3942 2789 4011 suscipiens
2808 3955 3077 3995 sermones
3101 3938 3345 3991 mandati
3361 3936 3485 4002 mei,

1909 4025 2207 4082 abscondas
2239 4032 2382 4098 apud
2435 4041 2503 4084 te.
2547 4032 2858 4102 Adeptalus
2913 4046 2943 4084 a
2980 4044 3067 4084 me
3108 4043 3208 4099 pro
3251 4028 3360 4081 lilio
3393 4042 3489 4097 per

1909 4119 2253 4189 spiritualem
2303 4121 2638 4190 doctrinam,
2704 4123 2751 4178 si
2784 4123 3096 4194 suscipiens
3150 4136 3487 4183 sermonem,

1910 4209 2002 4278 qui
2033 4225 2210 4265 meam
2244 4211 2587 4269 voluntatem
2622 4224 2677 4269 te
2704 4214 2886 4279 docet,
2919 4212 3203 4270 custodias
3233 4212 3409 4275 illum,
3433 4211 3488 4265 in

1910 4301 2175 4355 memoria
2200 4302 2386 4359 cordis
2419 4304 2499 4358 tui
2528 4304 2894 4360 reconditum.

1982 4393 2151 4450 Vens.
2176 4395 2231 4449 2.
2264 4395 2458 4451 Audiet
2485 4398 2805 4467 sapientiam
2841 4399 2989 4452 auris
3043 4407 3154 4451 tua.
3182 4394 3412 4450 Obediet
3436 4395 3489 4447 iu

1914 4484 2094 4553 praxi,
2131 4486 2391 4555 prudenti
2418 4489 2687 4543 rationem
2725 4488 3001 4542 nuntianti
3050 4486 3485 4554 sermoni,quod

228 4579 386 4650 λόγῳ,
418 4582 479 4634 τὸ
512 4580 691 4653 τούτῳ
718 4584 800 4647 είς
829 4583 1181 4652 δικαιοσύνην
1212 4581 1493 4645 ὲπιπειϐές
1518 4598 1633 4645 σου,
1661 4580 1795 4651 φημῒ

1912 4577 2042 4632 inte
2078 4593 2175 4648 per
2218 4577 2371 4633 illum
2400 4579 2468 4634 ad
2494 4578 2770 4647 justitiam
2797 4581 2994 4644 fertur,
3033 4576 3087 4633 id
3111 4584 3215 4642 est,
3244 4577 3487 4647 potentia

227 4668 282 4723 δὲ
312 4672 373 4725 τὸ
398 4673 827 4746 ἐπιθυμητικὸν,
857 4675 956 4728 καὶ
972 4674 1035 4728 τὸ
1068 4675 1302 4744 θυμικόν
1321 4690 1335 4705 ο
1368 4674 1430 4727 τὸ
1461 4673 1560 4745 μὲν
1594 4673 1807 4744 σωφρό-

229 4780 330 4828 νως
364 4766 475 4821 ἀπὸ
508 4766 619 4821 τῶν
648 4768 772 4821 κατ’
803 4766 1059 4839 αἴσθησιν
1096 4767 1267 4839 ἡδέων
1299 4766 1769 4837 ὲγκρατευόμενον
1791 4782 1804 4797 ·

228 4856 285 4909 τὸ
316 4857 374 4911 δὲ
412 4858 681 4930 ἀνδρείως
719 4859 788 4913 τὰ
833 4860 977 4914 κατὰ
1016 4859 1177 4930 σῶμα
1214 4858 1441 4929 anceps
1479 4858 1770 4929 ὑπομένον.

298 4949 407 5003 Kal
442 4951 812 5018 παραϐαλεῖς
839 4951 1094 5021 καρδίαν
1117 4966 1234 5006 σου
1268 4954 1354 5018 είς
1382 4951 1672 5006 σύνεσινο
1700 4965 1811 5003 πα-

220 5038 509 5107 ραόαλεῖς
540 5040 609 5096 δὲ
654 5042 853 5112 αὐτὴν
880 5047 969 5111 εἰς
993 5044 1356 5112 νουθέτησιν
1396 5042 1476 5109 τῷ
1513 5042 1624 5108 Υίῷ
1671 5057 1809 5097 σου.

230 5131 338 5185 Καὶ
366 5133 688 5203 ἀπαλλαγὲν
721 5137 821 5207 τῆς
862 5138 1149 5207 ὲμπαθοῦς
1190 5137 1340 5205 ζωῆς
1377 5135 1439 5193 τὸ
1468 5135 1625 5205 δίκην
1673 5152 1813 5207 καρ-

228 5223 363 5291 δίας,
389 5229 494 5298 τῆς
544 5230 603 5283 ἐν
648 5228 920 5299 πνεύματι
954 5230 1100 5300 ζωῆς
1122 5268 1138 5295 ,
1191 5228 1543 5299 μεταδοτικδν
1572 5230 1685 5292 τοῖς
1712 5227 1817 5281 λοι-

230 5318 354 5380 ποίς
389 5318 495 5389 τῆς
537 5318 720 5391 ψυχῆς
757 5319 950 5392 μέρεσι
990 5322 1177 5392 νοερόν
1218 5339 1344 5386 σου,
1376 5320 1634 5391 ἐμϐαλεῖς
1674 5320 1818 5374 κατὰ

230 5407 472 5481 θεωρίαν
499 5412 579 5475 εἰς
598 5413 698 5483 τὴν
722 5414 822 5484 τῆς
848 5413 1106 5483 ἀληθείας
1125 5414 1421 5483 ἐπίγνωσιν
1444 5430 1456 5443 ⁸
1482 5414 1740 5483 ἐμϐαλεῖς
1759 5413 1817 5469 δὲ

232 5501 394 5556 τοῦτο
423 5503 563 5576 πρὸς
590 5505 942 5561 διδασκαλίαν
974 5507 1356 5578 πνευματικὴν
1407 5506 1501 5559 τοῦ
1551 5507 1617 5561 δι’
1646 5506 1818 5576 αὐτῆς

235 5592 482 5648 υἷοθετου
491 5595 648 5665 μένου
688 5614 791 5656 σοι.

304 5684 377 5752 γ’.
414 5686 559 5741 Ἐὰν
604 5688 715 5759 γὰρ
768 5690 884 5757 τὴν
929 5692 1153 5761 σοφίαν
1197 5691 1553 5759 eximam,
1602 5690 1698 5745 καί
1749 5692 1819 5760 τῇ

235 5779 492 5832 συνέσει
532 5780 647 5848 δῷς
676 5783 887 5851 φωνήν
926 5798 1041 5837 σου
1060 5824 1072 5845 ,
1098 5783 1212 5851 τὴν
1238 5782 1306 5836 δὲ
1332 5782 1621 5850 αἴσθησιν
1645 5781 1816 5850 (nni-

228 5882 355 5938 ,σῃς
384 5872 620 5944 μεγάλῃ
650 5873 718 5942 τῇ
746 5874 934 5943 φωνῇ.
981 5876 1040 5931 Εἰ
1069 5875 1175 5947 γὰρ
1211 5876 1452 5945 αίτήσεις
1482 5874 1631 5944 παρὰ
1657 5874 1815 5937 θεοῦ,

1911 4668 2367 4738 concupiscibilis
2408 4670 2608 4726 animae
2632 4680 2689 4726 ct
2716 4669 3014 4726 iraseibilis
3033 4710 3049 4738 ,
3071 4668 3179 4724 alia
3212 4670 3489 4739 sapienter

1915 4774 1942 4811 a
1967 4774 2234 4814 sensuum
2257 4759 2539 4829 voluptate
2563 4761 2875 4825 abstinens,
2916 4760 3025 4816 alia
3077 4760 3314 4816 viriliter
3348 4761 3490 4815 mala

1915 4849 2167 4918 corporis
2195 4851 2500 4907 sustinens.

1984 4941 2283 4998 Inclinabis
2320 4962 2413 4999 cor
2464 4956 2614 4999 tuum
2672 4946 2738 4998 ad
2782 4944 3162 5015 prudentiam;
3211 4944 3493 4999 inclinabis

1916 5038 2067 5092 illam
2095 5040 2152 5093 in
2179 5040 2595 5095 admonitionem
2638 5040 2753 5109 ﬁlio
2795 5050 2908 5095 tuo.
2944 5039 3009 5093 Et
3034 5047 3353 5095 remotama
3376 5048 3493 5093 tur-

1917 5128 2042 5183 bata
2070 5128 2205 5183 vita.
2227 5144 2351 5199 qua:
2367 5129 2551 5185 cordis
2571 5129 2724 5199 juste
2744 5137 2997 5195 vocatur,
3023 5129 3331 5199 spiritualis
3355 5129 3491 5194 vita,

1916 5238 2047 5293 erga
2076 5223 2215 5279 alias
2248 5224 2448 5278 animae
2491 5224 2768 5293 potentias
2828 5223 3147 5287 liberalem,
3200 5220 3494 5276 inclinabis

1919 5314 2274 5371 meditatione
2323 5314 2756 5371 intellectualem
2814 5313 3114 5386 potentiam
3148 5314 3216 5367 ad
3244 5312 3494 5368 veritatis

1921 5406 2383 5477 recognitionem:
2435 5406 2730 5461 inclinabis
2762 5414 2946 5459 autem
2993 5420 3114 5460 eam
3142 5404 3208 5459 ad
3237 5402 3495 5472 spiritua-

1919 5500 2026 5556 lcm
2060 5498 2373 5554 doctrinam
2397 5496 2538 5568 ejus,
2580 5500 2671 5568 qui
2697 5512 2791 5567 per
2830 5497 2971 5551 hanc
3004 5496 3148 5554 [ilius
3184 5495 3495 5566 adoptionis

1922 5594 2024 5651 crit
2051 5594 2170 5648 tibi.

1992 5685 2154 5740 Vens.
2193 5686 2244 5739 5.
2285 5685 2344 5739 Si
2369 5685 2508 5739 enim
2532 5683 2854 5753 sapientiam
2890 5680 3251 5742 invocaveris,
3298 5687 3347 5731 et
3414 5678 3499 5730 in—

1924 5775 2201 5829 clinaveris
2266 5789 2357 5829 cor
2409 5784 2553 5827 tuum
2600 5770 2913 5839 prudentiae,
2979 5779 3027 5821 ct
3100 5765 3497 5834 intelligentiam

1925 5868 2195 5940 quorsirris
2234 5883 2421 5935 magna
2486 5881 2619 5919 voco.
2662 5864 2718 5918 Si
2765 5864 2908 5918 cnim
2961 5860 3141 5927 alleo,
3188 5858 3501 5925 illam,qu:c
