4034 6526
598 401 733 469 1235

1929 410 2279 472 PROCOPII
2313 411 2558 471 GAZ‘IEI

3703 416 3820 484 1236

592 517 879 573 stultitiam
925 516 1192 583 destruit,
1240 518 1561 589 spirituales
1612 537 1743 579 vero
1806 523 1863 578 in
1910 524 2160 579 mandata

2271 525 2369 596 τὴν
2395 525 2585 588 ἀνοίας
2621 524 2721 595 μὲν
2753 523 3131 596 ἀναιρετικὴν,
3155 523 3261 578 τῶν
3286 524 3343 578 δὲ
3374 525 3431 578 ἐν
3464 527 3581 591 ταῖς
3606 526 3819 597 ἐντολαῖς

581 626 868 669 sermones
900 626 995 681 per
1029 611 1295 682 analysim
1337 611 1580 679 resolvit,
1618 623 1672 669 et
1692 614 1817 670 dein
1842 615 1909 670 ad
1933 629 2156 669 causam

583 706 823 768 reducit,
857 704 1142 773 qumsieris
1203 704 1555 773 sapientiam,
1603 720 1702 775 per
1767 720 1956 774 quam,
2011 706 2159 760 circa

586 812 745 853 veros
776 796 829 851 in
850 796 962 851 Deo
1005 811 1290 852 sermones
1322 812 1506 851 rerum
1540 798 1607 853 de
1647 813 1712 854 eo
1743 800 1890 869 quod
1916 800 2045 855 licet
2067 801 2161 855 ho-

586 888 850 954 minibus,
912 888 1119 942 indocti
1169 888 1532 943 instruimur:
1582 905 1631 946 St
1687 890 2160 960 prudentiaqua:

586 987 671 1033 est
733 978 983 1032 naturale
1040 977 1325 1047 sapientiae
1383 979 1728 1040 exercitium.
1774 980 1991 1036 dederis
2027 980 2159 1035 alle-

587 1082 734 1126 ctum
761 1071 957 1125 anima:
1000 1085 1184 1140 quem,
1210 1080 1269 1125 ut
1290 1084 1511 1136 vocem,
1544 1071 1695 1127 audit
1719 1072 1903 1128 Deus:
1932 1072 2160 1143 spiritus

588 1163 711 1220 forti
761 1163 1129 1234 applicatione
1172 1163 1462 1234 acquirere
1523 1162 1817 1220 festinabis
1869 1163 2162 1219 discretio-

587 1273 733 1323 nem,
770 1273 865 1328 per
899 1272 1093 1326 quam,
1124 1270 1247 1311 cum
1271 1255 1507 1325 judicio,
1552 1255 1643 1310 Dei
1664 1254 1925 1309 mandata
1967 1270 2161 1325 opera-

586 1363 732 1413 mus,
759 1354 815 1402 et
861 1346 1066 1400 malum
1125 1361 1160 1403 a
1211 1346 1379 1411 bono,
1412 1354 1473 1399 ut
1529 1352 1741 1400 rectum
1774 1358 1805 1403 a
1829 1357 1936 1399 non
1970 1351 2157 1405 recto:

586 1437 734 1509 quod
758 1437 918 1494 decet
977 1451 1208 1493 noscere
1263 1436 1335 1495 ab
1356 1450 1422 1491 eo
1471 1435 1618 1505 quod
1654 1449 1761 1494 non
1796 1432 1982 1491 decet:
2013 1435 2159 1505 quod

588 1529 724 1585 libet
772 1528 879 1583 dici
938 1528 1095 1585 abeo
1153 1525 1307 1598 quod
1352 1541 1462 1583 non
1519 1526 1654 1581 libet
1689 1543 1704 1580 :
1737 1525 1881 1595 quod
1910 1526 2162 1596 amplecti

587 1627 828 1691 oportet,
856 1619 924 1674 ab
972 1634 1038 1674 eo
1095 1618 1244 1689 quod
1279 1632 1389 1672 non
1438 1624 1655 1688 oportet
1673 1634 1697 1671 :-
1720 1616 2076 1687 corruptibile
2094 1616 2166 1675 ab

589 1708 1004 1779 incorruptibili
1027 1707 1389 1765 secernimus.

2264 616 2806 686 πνευματ-ικωτέρων
2835 616 3011 684 λόγων
3043 616 3425 685 ἀναληπτικήν
3454 635 3511 670 τε
3540 620 3633 673 καὶ
3656 622 3819 679 Evom-

2262 708 2364 778 κήν
2393 709 2531 779 πρὸς
2572 709 2671 777 τὴν
2701 708 2880 762 αἰτίαν
2914 708 3130 776 σοφίαν,
3160 709 3283 761 καθ’
3306 714 3371 781 ἣν
3402 711 3686 779 ἀγηνώστως
3712 718 3818 782 τοὺς

2262 803 2318 855 ὲν
2349 799 2469 870 Θεῷ
2509 800 2716 862 ἁπλοῦς
2746 801 2854 854 τῶν
2883 801 3052 854 ὄντων
3080 800 3273 870 λόγους
3326 803 3467 856 κατά
3522 805 3582 857 τὸ
3628 807 3817 875 θεμιτὸν

2262 889 2593 960 ἀνθρώποις,
2619 890 2901 961 μυούμεθα
2921 908 2937 925 ο
2966 892 3061 946 καί
3090 895 3155 963 τῇ
3183 894 3418 957 συνέσει,
3440 895 3474 964 ἦ
3509 897 3624 949 ἐστι
3655 900 3819 967 σοφίας

2262 978 2569 1041 ἐνδιάθετος
2604 978 2801 1049 μελέτη
2825 1021 2839 1042 ,
2878 980 3052 1051 αὐτὴν
3082 983 3372 1053 παράσχῃς
3402 985 3502 1055 τὴν
3549 987 3645 1055 τῆς
3668 988 3818 1059 ψυχῆς

2264 1088 2356 1123 σου
2385 1070 2646 1134 διάθεσιν,
2673 1063 2741 1141 ἦς
2769 1065 2860 1126 οἷα
2894 1073 3077 1144 φωνῆς
3106 1074 3295 1128 ἀκούει
3323 1076 3456 1139 Θεός
3482 1093 3495 1109 ·
3528 1078 3627 1148 τὴν
3648 1078 3699 1131 δὲ
3721 1080 3819 1135 διά-

2262 1177 2463 1231 κρισιν,
2498 1162 2623 1215 καθ’
2646 1162 2714 1233 ἢν
2746 1162 3034 1233 σὺν·λόγῳ
3087 1162 3186 1227 τὰς
3231 1164 3384 1227 θείας
3427 1166 3729 1236 πράττομεν
3752 1170 3821 1222 ὲν-

2260 1251 2442 1318 τολάς,
2474 1252 2691 1306 καὶτοῦ
2737 1251 2944 1321 ἀγαθοῦ
2977 1254 3316 1319 πενταδικῶς
3342 1256 3403 1309 τὸ
3446 1257 3617 1310 κακον
3643 1258 3824 1331 διακρί-

2261 1358 2445 1413 νομεν,
2476 1342 2551 1405 ὡς
2581 1342 2688 1395 ἀπὸ
2720 1343 2795 1413 μὴ
2827 1342 3107 1414 ἠργμένον
3138 1345 3415 1415 ἠργμένον
3435 1360 3451 1375 °
3487 1347 3587 1400 καὶ
3614 1347 3822 1415 ὀφείλονο

2263 1450 2354 1496 τος
2397 1433 2655 1498 νοεῖσθαι,
2693 1433 2769 1505 μὴ
2819 1433 3033 1503 ὀφεῖλον
3081 1435 3357 1489 νοεῖσθαι·
3393 1436 3491 1489 καὶ
3545 1436 3823 1506 ὀφείλοντος

2263 1523 2537 1579 λαλεῖσθαι
2557 1567 2575 1592 ,
2609 1525 2683 1596 μὴ
2722 1525 2937 1595 ὀφεῖλον
2964 1526 3275 1581 λαλεῖσθαι·
3309 1528 3406 1582 καὶ
3428 1528 3732 1598 ὀφείλοντος
3755 1532 3824 1599 γί-

2263 1618 2474 1682 νεσθαι,
2499 1619 2573 1690 μὴ
2599 1619 2813 1687 ἀφεῖλον
2840 1618 3087 1687 γίνεσθαι
3107 1635 3124 1651 ο
3158 1620 3255 1673 καὶ
3279 1619 3568 1691 ἀφθάρτου
3592 1619 3823 1690 φθαρτὸν,

2244 1712 2670 1793 ,ἐπικτήσασθαι
2734 1714 2994 1776 σπεύσεις
3041 1712 3225 1784 ψυχῆς
3270 1712 3429 1777 αὖθις
3479 1714 3827 1793 ὲπιτεταμένη

2265 1803 2523 1860 διαθέσει.

658 1906 824 1962 Vens.
849 1906 905 1962 4.
941 1905 1001 1960 Si
1033 1905 1437 1976 quasieriseam
1461 1903 1617 1975 quasi
1635 1904 2001 1973 pecuniam,et
2026 1903 2160 1959 sicut

2335 1895 2399 1949 δ’.
2441 1894 2549 1949 Kal
2591 1894 2700 1949 ἐὰν
2742 1893 3003 1963 ζητήσῃς
3041 1894 3241 1964 αὐτὴν
3282 1896 3363 1962 ὡς
3402 1897 3708 1967 ἀργύριον,
3746 1896 3827 1950 καί

589 1999 865 2052 thesauros
912 1998 1162 2067 e/j‘oderis
1213 2016 1352 2053 eam.
1404 1998 1461 2053 Si
1506 2013 1638 2053 vero
1686 1998 1742 2052 in
1796 1996 2162 2067 praxi,hujus

588 2089 945 2144 discretionis
978 2090 1276 2160 puritatem
1303 2099 1356 2143 et
1401 2089 1735 2153 castitatem,
1776 2098 1835 2141 ut
1876 2094 2161 2157 argentum

587 2180 895 2250 quaesieris,
923 2189 977 2236 et
1015 2180 1367 2236 meditatione
1387 2179 1703 2250 inquisieris
1733 2176 2161 2249 profunditatem

586 2273 738 2328 illius
786 2273 1129 2337 divitiarum,
1185 2283 1246 2328 ut
1293 2271 1563 2343 quosdam
1617 2272 1906 2327 thesauros
1929 2270 2164 2325 abscon-

587 2365 755 2420 ditos.

658 2454 829 2511 Vens.
889 2456 943 2511 5.
997 2455 1146 2510 Tunc
1201 2456 1465 2525 intelliges
1523 2455 1768 2508 timorem
1819 2450 2056 2513 Domini,
2113 2458 2162 2503 et

585 2546 871 2600 scientiam
907 2545 1001 2600 Dei
1032 2547 1290 2601 invenies.
1328 2545 1481 2600 Tunc
1528 2544 1804 2614 intelliges
1839 2556 1869 2596 a
1912 2549 2165 2611 peccato-

590 2652 710 2690 rum
737 2637 902 2692 sorde
930 2637 1317 2707 purilicantem.
1350 2636 1446 2691 Dei
1481 2636 1758 2696 timorem,
1790 2641 1844 2688 et
1865 2631 2163 2687 abscondi-

589 2737 675 2783 tas
698 2728 898 2783 divina:
950 2729 1200 2785 scientiae
1253 2727 1479 2784 divitias
1520 2726 1809 2782 invenies:
1841 2740 1905 2780 ex
1937 2724 2159 2795 quibus,

588 2820 643 2873 in
675 2820 855 2873 anima
892 2821 1075 2875 omnia
1099 2821 1240 2877 bona
1278 2818 1753 2889 superabundant.

661 2908 831 2964 Vens.
893 2907 949 2963 6.
1002 2908 1142 2975 Quia
1201 2908 1461 2963 Dominus
1512 2907 1605 2961 dat
1638 2907 1975 2976 sapientiam.
2024 2905 2163 2971 Quia

2261 1988 2342 2054 ὡς
2376 1988 2687 2056 θησαυρὸν
2710 1988 3123 2058 ἐξερευνήσῃς
3148 1989 3364 2058 αὑτήν.
3404 1990 3520 2042 Καὶ
3554 1989 3648 2041 ἐὰν
3685 1988 3827 2057 ποθή-

2264 2095 2365 2149 σῃς
2390 2079 2450 2131 τὸ
2476 2078 2616 2131 κατὰ
2650 2078 2851 2151 πρᾶξιν
2880 2080 2979 2149 τῆς
3013 2079 3271 2150 τοιαύτης
3299 2079 3634 2150 διακρίσεως
3655 2078 3826 2148 ἀμίαν-

2261 2186 2353 2223 τον
2388 2170 2485 2222 καὶ
2511 2170 2751 2243 καθαρὸν
2782 2170 2857 2234 ὼς
2883 2172 3169 2243 ἀργύριον,
3203 2171 3295 2227 καὶ
3324 2170 3593 2241 ὲξετάσῃς
3618 2170 3678 2223 τδ
3706 2170 3825 2223 κατὰ

2264 2263 2497 2336 θεωρίαν
2529 2263 2691 2335 βάθος
2726 2264 2820 2318 τοῦ
2856 2264 3234 2337 πνευματικοῦ
3263 2264 3501 2318 πλούτου
3536 2264 3725 2334 αὐτῆς,
3753 2258 3825 2318 ora

2261 2372 2415 2419 τινας
2445 2355 2754 2427 θησαυροὺς
2782 2357 3229 2428 κεκρυμμένους.

2282 2474 2285 2477 ι
2333 2453 2395 2500 ε’.
2445 2447 2582 2500 Τότε
2611 2447 2909 2514 συνήσεις
2951 2450 3144 2517 φόϐον
3180 2450 3423 2517 Κυρίου,
3455 2449 3561 2503 καὶ
3598 2450 3825 2518 ἐπίγνω-

2263 2552 2367 2593 σιν
2391 2538 2537 2594 Θεοῦ
2561 2539 2863 2607 εὑρήσεις.
2904 2540 3041 2594 Τότε
3072 2541 3294 2613 μαθήσῃ
3328 2542 3421 2594 τὸν
3445 2541 3827 2612 ὲκκαθαίροντα

2265 2630 2467 2694 παντὸς
2498 2631 2672 2701 ῥύπου
2706 2633 2991 2703 ἁμαρτιῶν
3023 2633 3167 2688 θεῖον
3188 2634 3373 2702 φόϐον,
3404 2634 3500 2687 καὶ
3534 2633 3826 2703 κατώάὸῃς

2263 2721 2352 2773 τὸν
2392 2723 2777 2791 κεκρυμμένον
2800 2723 2904 2793 τῆς.
2927 2722 3078 2787 θείας
3108 2722 3461 2791 ἐπιγνώσεως
3499 2722 3751 2775 πλοῦτον
3779 2723 3827 2787 ἐξ

2263 2808 2323 2867 οὗ
2360 2812 2477 2866 ἐστι
2515 2816 2580 2885 τῇ
2619 2814 2764 2885 ψυχῇ
2800 2816 2833 2885 ἡ
2876 2815 2986 2868 τῶν
3025 2815 3247 2884 ἀγαθῶν
3285 2814 3519 2885 ἄφθονος
3554 2814 3795 2885 χορηγία.

2336 2902 2410 2967 ς’.
2438 2904 2554 2956 Ὅτι
2586 2906 2799 2971 Κύριος
2828 2904 3037 2960 δίδωσι
3064 2908 3309 2976 σοφίαν.
3349 2907 3495 2959 Διότι
3522 2907 3552 2958 ό
3575 2906 3827 2976 Δεσπότης

587 3000 760 3067 Deus,
796 3003 1042 3057 omnium
1088 3001 1376 3069 Dominus,
1430 3001 1601 3056 donat
1677 3000 2028 3070 sapientiam,
2079 2997 2160 3052 his

2262 2994 2371 3048 τῶν
2400 2996 2537 3049 ὅλων
2565 2996 2717 3062 Θεὸς,
2748 2997 3002 3067 δωρεῖται
3035 2999 3094 3051 τδ
3120 2998 3450 3052 τελειοποιὺν
3483 2998 3727 3069 χάρισμα
3748 2998 3827 3050 τοῦ

589 3092 686 3162 qui
715 3092 928 3147 ardenti
988 3092 1267 3148 desiderio
1318 3091 1371 3146 in
1436 3092 1583 3146 illam
1624 3090 1897 3155 feruntur,
1931 3105 2054 3160 quae
2080 3096 2160 3144 est

2265 3087 2537 3157 παναγίου
2574 3088 2916 3160 Πνεύματος,
2943 3090 3041 3162 τὴν
3073 3092 3288 3161 σοφίαν,
3320 3094 3429 3154 τοῖς
3474 3092 3630 3162 πόθῳ
3668 3094 3828 3145 im?»

588 3184 928 3240 sanctissimi
944 3183 1185 3254 Spiritus
1208 3184 1537 3240 charismata
1561 3185 1743 3239 omnia
1767 3182 2074 3252 perﬁciens.

2266 3181 2486 3253 ταμένῳ
2525 3180 2782 3250 ζητοῦσιν
2818 3182 3016 3255 αὐτήν.

661 3275 735 3328 Et
764 3292 829 3333 ea;
864 3294 953 3331 ore
981 3278 1093 3345 ejus
1130 3277 1351 3331 scientia
1401 3285 1451 3333 et
1482 3277 1784 3345 prudentia.
1832 3274 1905 3330 lis
1951 3281 2155 3337 autem,

588 3370 682 3441 qui
707 3368 826 3439 ejus
853 3370 1292 3436 similitudinem,
1337 3377 1596 3440 tanquam
1629 3370 1696 3424 ab
1743 3368 1839 3422 illo
1862 3366 2157 3438 adaptatis,

588 3460 795 3524 ferunt,
827 3449 962 3531 qtiia
1005 3461 1152 3515 illam
1208 3460 1550 3527 custodiunt,
1576 3460 1740 3515 datur
1774 3460 2026 3522 scientia,
2053 3473 2158 3531 qua

588 3552 899 3623 spiritualis
929 3552 1103 3607 nostri
1141 3552 1348 3609 inimici
1371 3564 1564 3607 contra
1592 3567 1695 3606 nos
1746 3550 1980 3605 consilia
2006 3552 2162 3605 novi-

589 3661 734 3710 mus,
760 3659 865 3715 qua
915 3645 1300 3698 mandatorum
1348 3658 1655 3707 sermones,
1719 3658 1811 3712 per
1841 3656 1983 3713 quos
2012 3640 2161 3696 modi

589 3739 857 3793 virtutum
882 3738 1321 3802 constituuntur,
1371 3736 1751 3810 intelligimus.
1781 3734 1857 3789 Ex
1899 3735 2163 3789 observa-

590 3830 736 3884 tione
770 3844 901 3883 vero
944 3828 1329 3882 mandatorum
1380 3826 1499 3897 ejus
1544 3826 1901 3896 optimorum,
1939 3833 2165 3895 propter

590 3920 1014 3975 similitudinem
1046 3920 1191 3988 ejus,
1235 3920 1455 3974 advenit
1511 3918 1826 3989 prudentia,
1870 3932 1976 3988 qua
2009 3917 2164 3987 igno-

592 4011 766 4063 rantia
790 4011 1022 4075 tollitur,
1046 4010 1274 4081 ejusque
1297 4012 1435 4074 loco,
1458 4026 1771 4066 sermonum
1794 4020 1848 4065 et
1876 4011 2161 4067 modorum

594 4105 850 4157 virtutem
889 4102 1211 4159 conceditur
1254 4102 1640 4173 intelligentia.

664 4284 829 4341 Vens.
868 4287 920 4342 7.
976 4283 1250 4340 Custodiet
1298 4286 1456 4340 rectis
1502 4286 1753 4341 salutent.
1811 4284 1878 4339 Et
1930 4284 2027 4353 ita,
2063 4300 2165 4356 ope

595 4374 1190 4445 sanctissimispiritus
1210 4376 1631 4442 charismatum,
1676 4376 1983 4447 sapientia,
2029 4391 2162 4447 pru-

594 4466 810 4531 dentiae,
841 4478 895 4521 et
924 4466 1189 4531 scientize,
1223 4466 1293 4522 iis
1321 4468 1413 4537 qui
1471 4482 1573 4523 nec
1606 4466 1673 4522 ad
1720 4469 2028 4533 dexteram,
2060 4482 2163 4523 nec

2338 3273 2445 3326 Kal
2476 3274 2593 3328 ἀπὸ
2623 3276 2950 3341 προσώπου
2972 3275 3159 3330 αὐτοῦ
3186 3275 3406 3347 γνῶσις
3434 3277 3541 3331 καί
3568 3278 3826 3343 σύνεσις.

2260 3367 2371 3420 Καὶ
2398 3368 2512 3429 τοῖς
2541 3365 2792 3420 ἐντεῦθεν
2824 3366 2922 3438 τὴν
2951 3367 3143 3422 τούτου
3177 3369 3383 3429 εἰκόνα.
3411 3368 3485 3433 ὡς
3522 3370 3829 3442 υἱοθετηθεί-

2263 3479 2355 3514 σιν,
2384 3461 2553 3531 αὐτῷ,
2584 3464 2907 3535 φορέσασιν,
2944 3465 3182 3537 ὑπάρχει
3214 3468 3279 3519 ὲκ
3309 3467 3407 3536 μὲν
3438 3465 3535 3519 τοῦ
3571 3467 3752 3536 τηρεῖν
3777 3463 3831 3516 τὸ

2261 3554 2384 3607 κατ’
2408 3555 2611 3620 εἰκόνα,
2636 3556 2837 3624 γνῶσις
2857 3573 2872 3589 ⁸
2905 3557 3007 3628 τῆς
3039 3559 3139 3628 μὲν
3164 3560 3386 3629 ἀγνοίας
3407 3559 3517 3613 τῶν
3540 3558 3664 3613 καθ’
3684 3561 3716 3628 ἡ
3726 3556 3827 3628 μῶν

2263 3646 2553 3715 νοημάτων
2576 3646 2671 3701 τοῦ
2700 3647 2898 3719 νοητοῦ
2924 3648 3082 3719 ἡμῶν
3111 3650 3306 3721 ὲχθροῦ
3336 3651 3660 3722 ἀναιρετικὴ
3682 3668 3695 3681 ·
3734 3648 3829 3702 τῶν

2261 3735 2304 3787 δ’
2329 3738 2386 3788 ὲν
2428 3738 2550 3802 ταῖς
2595 3737 2841 3801 ἐντολαῖς
2885 3739 3082 3809 λόγων,
3114 3741 3237 3793 καθ’
3264 3740 3357 3804 οὒς
3401 3743 3450 3794 οἱ
3498 3741 3693 3812 τρόποι
3734 3740 3829 3799 τῶν

2263 3830 2473 3901 ἀρετῶν
2515 3831 2900 3902 συνεστήκασι,
2934 3830 3345 3901 περιληπτικὴ*
3376 3837 3440 3886 ἐκ
3470 3834 3528 3887 δὲ
3558 3832 3653 3887 τοῦ
3680 3832 3827 3904 ἐργά-

2265 3919 2454 3983 ζεσθαι
2483 3920 2607 3973 καθ’
2629 3921 2889 3991 ὁμοίωσιν
2918 3922 3083 3976 αὐτοῦ
3112 3922 3183 3976 τὰ
3212 3923 3505 3992 πανάγαθα
3532 3922 3723 3977 τούτου
3749 3922 3829 3975 θε-

2263 4007 2500 4079 λήματα,
2533 4010 2746 4073 σύνεσις
2765 4028 2780 4042 ο
2815 4012 2916 4080 τῆς
2951 4011 3050 4082 μὲν
3078 4013 3603 4083 ἀνεπιγνωμοσύνης
3626 4015 3826 4082 ἀναιρεο

2265 4100 2412 4171 τικὴ,
2440 4102 2579 4170 πρὸς
2601 4102 2657 4155 δὲ
2682 4104 2809 4167 τοὺς
2838 4102 3029 4172 λόγους
3057 4104 3153 4158 καὶ
3177 4106 3304 4168 τοὺς
3329 4104 3563 4177 τρόπους
3587 4105 3690 4158 τῶν
3713 4106 3827 4174 ἀρε-

2263 4192 2375 4247 τῶν
2402 4196 2823 4266 μεταποιητική.

2339 4286 2404 4349 ξ’.
2445 4287 2555 4341 Kal
2600 4286 2942 4355 θησαυρίζει
2979 4287 3104 4355 τοῖς
3134 4287 3493 4356 κατορθοῦσι
3524 4288 3824 4353 σωτηρίας.

2266 4377 2376 4434 Καὶ
2402 4376 2831 4448 τοιουτοτρόπως
2854 4376 3281 4447 ἀποταμιεύεται
3308 4377 3339 4429 ὁ
3367 4377 3594 4446 Κύριος,
3622 4375 3705 4428 διὰ
3731 4373 3827 4426 τῶν

2267 4466 2362 4520 τοῦ
2398 4469 2662 4537 παναγίου
2696 4468 3013 4540 Πνεύματος
3050 4469 3407 4541 χαρισμάτων
3432 4511 3447 4533 ,
3477 4470 3583 4537 τῆς
3628 4467 3824 4536 σοφίας,

592 4556 657 4610 ad
699 4556 1007 4618 sinistram,
1038 4564 1162 4627 post
1189 4556 1517 4627 cupiditates
1563 4572 1685 4627 qua:
1714 4572 1780 4613 ex
1815 4555 2036 4613 defectu
2073 4556 2157 4611 vel

2265 4558 2363 4629 τῆς
2389 4559 2677 4621 συνέσεως,
2704 4559 2799 4613 καὶ
2824 4560 2925 4628 τῆς
2948 4561 3222 4628 γνώσεως,
3244 4562 3356 4623 τοῖς
3379 4559 3511 4630 μήτ’⁴
3528 4560 3699 4621 είςητὰ
3718 4560 3825 4625 ἀρε·

587 4664 654 4701 ex
688 4663 920 4704 excessu
950 4649 1168 4706 virtutis
1222 4650 1501 4713 oriuntur,
1531 4649 1893 4713 declinavere,
1917 4650 2160 4705 servabit

2268 4649 2434 4719 οτερὰ
2472 4648 2596 4719 μήτ’
2620 4650 2699 4711 εἰς
2748 4648 2935 4716 δεξιὰ,
2963 4651 3031 4704 τὰ
3079 4649 3200 4704 κατ’
3222 4649 3456 4718 ἔλλειψιν
3493 4647 3690 4718 δηλαδὴ
3735 4646 3822 4715 τῆς

590 4738 860 4797 Dominus
898 4748 1156 4797 aeternam
1217 4743 1551 4809 custodiam,
1606 4758 1797 4799 eorum
1832 4752 1888 4799 et
1917 4743 2155 4798 animam

2264 4741 2495 4811 ἀρετῆς,
2530 4741 2626 4793 καὶ
2659 4740 2728 4793 τὰ
2781 4742 2902 4795 καθ’
2927 4741 3235 4813 ὑπερῦολὴν
3282 4742 3429 4813 πάθη
3477 4742 3819 4800 ἐκκλίνουσιν,

590 4841 646 4887 ct
678 4833 930 4901 spiritum
965 4842 1018 4889 et
1047 4850 1271 4891 carnem
1313 4835 1381 4891 ab
1432 4835 1733 4906 impietate,
1764 4843 1820 4891 et
1849 4835 2158 4906 ignorantia

590 4928 645 4975 ct
676 4922 884 4976 malitia
919 4923 1179 4986 liberans.

663 5013 830 5069 Vens.
894 5016 947 5070 8.
986 5014 1231 5086 Proteget
1282 5019 1420 5072 viam
1470 5034 1653 5072 eorum
1704 5034 1794 5088 qut
1850 5016 2157 5072 custodiunt

584 5112 803 5163 semitas
835 5106 1232 5173 mandatorum,
1272 5119 1321 5163 et
1369 5111 1508 5164 viam
1540 5111 1841 5166 timentium
1876 5110 2031 5164 illum
2048 5126 2158 5164 ser-

586 5201 742 5255 vabit.
777 5198 844 5253 Et
874 5200 1226 5255 auxiliabitur
1264 5216 1452 5256 eorum
1486 5202 1585 5257 via:
1616 5211 1797 5269 rectae,
1822 5202 1949 5272 quia
1992 5202 2159 5255 tirmi-

585 5301 670 5347 ter
731 5292 1072 5346 voluntatum
1133 5306 1359 5347 suarum
1418 5306 1584 5362 opera
1636 5301 1955 5362 gesserunt,
1988 5301 2041 5347 ct
2073 5292 2157 5346 Itis

583 5378 676 5448 qui
720 5378 870 5432 illum
900 5378 1117 5442 timent,
1174 5378 1340 5445 viam,
1408 5380 1473 5433 ad
1512 5394 1571 5435 se
1605 5379 1914 5445 ducentem,
1957 5380 2027 5435 ab
2058 5380 2156 5434 ini-

585 5468 729 5523 mico
753 5468 1029 5538 spirituali
1066 5478 1238 5523 tutam
1268 5469 1480 5526 reddet.

649 5644 821 5701 νιιιιε.
863 5647 914 5702 9.
955 5646 1098 5701 Tunc
1135 5649 1399 5719 intelliges
1430 5652 1726 5719 justitiam,
1765 5658 1813 5705 et
1860 5650 2148 5718 judicium,

580 5750 626 5791 et
658 5747 825 5791 rectas
858 5739 1019 5806 facies
1072 5742 1287 5795 semitas
1355 5743 1538 5797 bonas.
1576 5744 1825 5810 Quando,
1872 5758 2019 5799 meas
2048 5760 2157 5799 ex—

582 5826 920 5882 hortationes
945 5829 1235 5898 audiendo,
1273 5832 1339 5886 ad
1404 5834 1595 5888 horum
1654 5835 1921 5889 honorum
1964 5849 2153 5903 pervc-

2261 4830 2523 4902 ἀνελλιπῆ
2564 4832 2843 4903 φυλακὴν,
2886 4833 3127 4905 δηλονότι
3159 4833 3302 4887 κατὰ
3342 4834 3470 4888 νοῦν
3520 4836 3618 4887 καὶ
3658 4831 3818 4902 ψυχὴν

2262 4923 2355 4975 καὶ
2395 4921 2576 4994 σάρκα
2613 4924 2722 4977 ἀπό
2760 4942 2820 4978 τε
2857 4926 3048 4989 ἀθεϊας
3082 4926 3309 4994 ἀγνοίας
3343 4926 3440 4979 καὶ
3477 4926 3688 4988 κακίας.

2330 5021 2399 5085 η’.
2446 5015 2839 5083 ’Υπερασ-πιεῖ
2862 5016 2931 5069 δὲ
2980 5017 3096 5085 τὴν
3150 5019 3398 5087 πορείαν
3438 5015 3667 5080 αὐτῶν,
3723 5012 3819 5068 τοῦ

2262 5102 2526 5171 φυλάξαι
2560 5103 2739 5170 ὁδοὺς
2769 5104 3195 5175 δικαιωμάτων,
3234 5107 3331 5160 καί
3367 5106 3514 5160 ὀδόν
3545 5105 3815 5160 εὐλαϐου-

2256 5192 2455 5262 μένων
2490 5195 2676 5249 αὐτὸν
2725 5195 3099 5264 διαφυλάξει.
3141 5197 3251 5251 Καὶ
3305 5197 3565 5269 βοηθήσει
3593 5196 3664 5266 τῷ
3706 5192 3815 5248 κατ’

2260 5286 2461 5356 ἀρετὴν
2491 5287 2677 5358 δρόμῳ
2704 5288 2904 5353 αὐτῶν,
2970 5288 3111 5342 ὥστε
3137 5289 3375 5360 τηρῆσαι
3418 5288 3815 5361 ἀπαρεγκλίτως

2259 5378 2358 5439 τάς
2387 5379 2647 5447 ἐργασίας
2662 5378 2771 5431 τῶν
2804 5380 2974 5447 ἁγίων
2991 5380 3157 5437 αὑτοῦ
3184 5381 3441 5435 ὲντολῶνσ
3467 5385 3560 5436 καὶ
3579 5383 3669 5454 τὴν
3688 5378 3814 5449 πρὸς

2240 5468 2422 5525 »αὑτὸν
2470 5468 2741 5540 φέρουσαν
2778 5470 2897 5523 όδὶν
2942 5471 3050 5523 τῶν
3086 5471 3437 5541 φοϐουμένων
3482 5473 3657 5534 αὐτὸν,
3703 5470 3811 5521 δια-

2259 5562 2489 5632 τηρήσει
2545 5561 2995 5615 ἀνεπιϐούλευτον
3031 5568 3109 5632 τλρ
3143 5563 3319 5635 νοητῷ
3347 5563 3546 5635 ἐχθρῷ.

2331 5651 2396 5707 θ’.
2436 5652 2573 5711 Τότε
2595 5655 2890 5721 συνήσεις
2935 5654 3334 5724 δικαιοσύνην
3366 5657 3464 5711 καὶ
3493 5656 3677 5725 κρῖμα,
3716 5652 3807 5705 καὶ

2260 5744 2652 5809 κατορθώσεις
2676 5743 2904 5811 πάντας
2918 5746 3141 5811 ἄξονας
3151 5747 3433 5817 ἀγαθούς.
3455 5747 3615 5800 Ὅταν
3627 5746 3677 5798 δὲ
3690 5741 3779 5795 τού

2262 5852 2365 5888 των
2392 5834 2651 5907 ἐπιτυχὴς
2673 5834 2807 5907 γένῃ
2835 5837 2939 5889 τῶν
2968 5838 3211 5907 ἀγαθῶν,
3242 5840 3268 5891 ὀ
3296 5839 3529 5902 ἀνύσας
3566 5838 3656 5909 τῆς
3680 5834 3807 5905 ἐμῆς
