3902 6500
40 335 183 399 1231
1090 340 1635 405 COMMENTARII
1674 346 2252 414 IN’PROVERBIA.
3176 358 3310 425 1:233

33 460 465 531 παραινέσεως,
498 460 616 514 τότε
647 460 925 532 ὲπιγνώσῃ
954 461 1055 534 τὴν
1085 462 1495 532 ἀπονεμητικὴν
1518 463 1644 517 ἑκά·

1778 467 1901 522 ieris
1933 471 2364 541 possessionem,
2389 482 2517 530 tunc
2553 474 2825 546 intelliges
2872 478 3039 544 illam,
3077 496 3196 550 quze
3226 482 3315 535 cui

35 566 150 620 στῳ
196 550 310 604 τοῦ
345 554 462 606 κατ’
509 553 667 618 ἀξίαν
689 552 1062 623 δικαιοσύνην,
1102 555 1197 608 καὶ
1232 554 1332 625 τὴν
1352 553 1448 607 τοῦ
1476 553 1645 607 καλοῦ

1778 571 1860 624 [ue
1930 562 2232 615 secundum
2291 566 2543 620 meritum
2583 568 2798 633 tribuit,
2848 569 3139 640 justitiam,
3188 580 3241 627 et
3282 587 3311 624 a

33 640 475 712 ἁπαρέγκλιτον
500 643 703 717 κρίσιν,
734 644 1048 715 πληρώσεις
1076 646 1173 708 τὰς
1225 646 1305 710 είς
1340 646 1487 700 ἀπαν
1516 647 1651 716 ἀγα-

1778 661 1897 701 ιοιιο
1925 664 2030 704 non
2054 650 2313 708 deﬁciens
2343 654 2639 724 judicium,
2682 666 2736 713 et
2764 658 2855 714 Dei
2881 661 3133 716 mandata
3152 702 3166 727 ,
3214 677 3331 732 quae

33 730 130 783 Θὸν
163 732 431 801 ἀγούσας
468 734 690 797 smn;
711 734 807 788 τοῦ
838 734 997 789 Θεοῦ.

114 917 169 963 ι’.
231 911 389 965 Ἐὰν
417 913 528 981 γὰρ
568 914 715 981 ἔλθῃ
744 914 782 980 ὴ
823 915 1009 984 σοφία
1055 917 1139 980 εὶς
1187 915 1312 983 σὴν
1357 914 1649 969 διάνοιαν.

49 999 187 1055 Ἐὰν
217 1004 345 1073 γὰρ
377 1004 757 1074 παραγένηται
792 1005 936 1058 κατὰ
966 1004 1201 1075 Θεωρίαν
1227 1008 1261 1076 ἠ
1290 1005 1495 1076 ἀληθὴς
1524 1006 1653 1077 περὶ

37 1094 185 1148 Θεοῦ
237 1095 431 1150 ἔννοια
456 1097 537 1160 είς
565 1096 627 1149 τὸ
652 1095 991 1167 διανοητικόν
1027 1114 1144 1150 σου.

122 1187 199 1241 Ἠ
250 1187 331 1241 δὲ
357 1189 644 1257 αῑσθησις
682 1187 757 1257 τῇ
784 1189 870 1259 σῇ
907 1189 1069 1261 ψυχῇ
1100 1192 1259 1260 καλὴ
1304 1186 1458 1244 εἶναι
1506 1190 1656 1262 δόξῃ

126 1277 200 1331 Ἦ
245 1278 313 1333 δὲ
344 1281 640 1351 πενταδικὴ
664 1281 758 1339 τοῦ
789 1281 962 1336 κακοῦ
1014 1282 1307 1353 διάκρισις,
1354 1282 1523 1352 ἀρετή
1573 1298 1655 1335 σοι

44 1370 194 1425 κατά
224 1372 417 1444 ψυχὴν
445 1374 768 1444 φανήσεται,
807 1374 884 1445 μὴ
912 1374 981 1427 δι’
1014 1375 1421 1444 ἀπερίσκεπτον
1451 1390 1655 1443 φανταη

48 1464 174 1516 σίαν
206 1463 434 1531 ἀλόγως
458 1464 814 1534 ἐπιθυμοῦντι
842 1482 1008 1530 τινος.
1080 1462 1083 1465 ’

119 1551 223 1605 ια’.
274 1553 485 1621 Bauli;
529 1553 686 1623 καλὴ
722 1555 979 1625 φυλάξει
1027 1571 1121 1611 σε.
1168 1554 1317 1627 Αὕτη
1352 1556 1451 1627 μὲν
1484 1557 1519 1624 ἡ
1548 1556 1658 1611 τῶν

46 1642 646 1716 πραγμάτωννάρίστη
682 1645 1025 1715 περίσκεψις,
1062 1646 1169 1700 ἀπὸ
1201 1646 1387 1718 πάσης
1421 1645 1659 1717 παραλὸ·

43 1749 147 1800 γον
180 1734 553 1804 περιφυλάξει
582 1753 641 1788 σε
673 1736 947 1805 πράξεως.

1756 737 1821 791 ad
1850 752 2013 794 omne
2038 741 2243 797 bonum
2276 744 2503 812 ducunt,
2527 747 2805 818 implebis.

1762 992 1769 997 ι
1843 916 2124 973 νειιε.10.
2181 919 2245 976 Si
2268 922 2550 978 intraverit
2596 926 2857 994 sapientia
2919 944 3009 981 cor
3065 938 3231 983 tuum.
3274 929 3331 985 Si

1759 1007 1905 1061 enim
1942 1010 2326 1076 meditatione,
2364 1014 2655 1070 intraverit
2698 1016 2751 1069 in
2800 1016 3164 1088 intelligentia
3215 1028 3331 1089 tua,

1759 1112 1888 1154 vera
1926 1099 2019 1155 Dei
2055 1103 2306 1158 scientia.

1831 1192 2067 1249 Scientia
2122 1197 2273 1251 cordi
2320 1207 2409 1254 tuo
2432 1202 2654 1268 pulchra
2701 1204 3111 1261 essevidebitur.
3146 1204 3331 1260 Multi-

1760 1287 1881 1357 pch
1912 1288 2039 1341 mali
2067 1289 2347 1358 discretio,
2382 1293 2557 1348 virtus
2618 1294 2844 1363 spiritus
2905 1296 3183 1351 videbitur
3211 1297 3330 1360 tibi,

1759 1376 1851 1445 qui
1886 1391 1984 1445 per
2016 1378 2422 1448 imprudentem
2458 1384 2957 1440 considerationem
2993 1426 3007 1449 ,
3039 1385 3333 1440 irrationa-

1759 1466 1944 1522 biliter
1979 1470 2114 1523 nulli
2145 1470 2379 1526 invides.

1829 1557 1999 1615 Vsus.
2027 1560 2115 1614 Η.
2162 1559 2459 1616 Consilium
2488 1562 2679 1618 bonum
2713 1566 2969 1620 custodiet
3000 1575 3067 1619 te.
3097 1566 3216 1636 Ipsa
3250 1582 3331 1621 rc-

1762 1666 1881 1705 rum
1909 1652 2115 1721 optima
2146 1653 2364 1720 notitia,
2408 1654 2476 1709 ab
2508 1656 2677 1711 omni:
2697 1664 2821 1713 actu
2867 1671 3126 1728 perverso
3146 1666 3331 1713 custo-

1762 1742 1872 1797 diet
1893 1752 1967 1797 te.

119 1826 392 1879 Ἓννοια
417 1826 485 1879 δὲ
513 1827 655 1881 ὀσια
684 1827 935 1896 τηρήσει
964 1843 1059 1883 σε.
1098 1829 1163 1884 Ἡ
1189 1828 1246 1883 δὲ
1274 1828 1455 1902 πάσης
1483 1832 1649 1903 ἄλλης

1830 1832 2029 1887 Sancta
2087 1836 2309 1889 scientia
2362 1837 2588 1892 servabit
2636 1847 2703 1892 te.
2762 1837 2901 1895 Vera
2953 1840 3049 1896 Dei
3074 1842 3329 1905 scientia,

46 1914 273 1979 ἐννοίας
311 1916 676 1989 ὑπερκειμένη
711 1918 915 1990 ἀληθὴς
961 1920 1091 1991 περὶ
1128 1920 1264 1975 Θεοῦ
1305 1920 1505 1989 ἔννοια,
1538 1923 1650 1978 δια-

47 2008 301 2081 τηρήσει
327 2026 387 2062 σε
410 2009 519 2064 ἀπὸ
538 2011 721 2083 πάσης
743 2012 953 2077 ἐννοίας
980 2014 1267 2085 ἀπατηλῆς
1288 2015 1383 2070 καὶ
1408 2016 1648 2071 διασπώ-

50 2118 151 2171 σης
186 2101 314 2154 ἀπὸ
339 2101 498 2157 Θεοῦ.

121 2211 138 2245 ι
148 2193 219 2263 β’.
265 2195 395 2249 Ἵνα
415 2196 683 2265 ῥύσηταί
702 2211 777 2251 σε
803 2196 923 2252 ἀπὸ
952 2197 1099 2253 ὁδοῦ
1122 2199 1333 2268 κακῆς.
1359 2200 1546 2265 Ὅπως
1563 2200 1651 2267 EE-

50 2285 266 2343 ελείταί
307 2304 367 2340 σε
395 2290 428 2359 ἡ
459 2288 557 2359 μὲν
586 2291 783 2362 ἀρίστη
811 2289 921 2345 τῶν
954 2293 1296 2362 πραγμάτων
1330 2294 1653 2365 περίσκεψις

50 2378 160 2431 ἀπὸ
200 2380 315 2450 τῆς
343 2381 623 2451 ὲμπαθοῦς
656 2382 864 2455 βιοτῆς.

122 2473 238 2526 Kal
284 2473 408 2529 ἀπὸ
434 2473 652 2544 ἀνδρὸς
682 2476 1022 2545 λαλοῦντος
1062 2477 1259 2549 μηδὲν
1286 2480 1526 2533 πιστόν.
1588 2479 1653 2533 Ἦ

52 2563 107 2615 δὲ
137 2563 361 2635 ἀληθὴς
409 2566 537 2637 περὶ
573 2565 708 2620 Θεοῦ
741 2566 942 2633 ἔννοια,
999 2568 1108 2623 ἀπὸ
1134 2567 1227 2622 τοῦ
1273 2568 1654 2633 διαϐάλλοντος

54 2654 152 2723 τὴν
190 2653 481 2725 ἀλήθειαν,
529 2657 624 2710 καί
650 2656 887 2729 διασπᾷν
918 2657 1327 2730 ἐπιχειροῦντος
1353 2658 1451 2730 τὴν
1474 2658 1653 2730 ψυχήν

59 2762 154 2797 σου
187 2746 307 2799 ἀπὸ
332 2745 429 2799 τοῦ
476 2748 710 2818 νυμφίου
749 2748 920 2819 αὐτῆς
964 2748 1098 2802 Θεοῦ
1129 2749 1326 2818 Λόγου,
1360 2749 1453 2803 καὶ
1475 2748 1653 2819 ἑαυτῷ

60 2837 441 2909 προσκολλᾷν,
489 2837 735 2911 φθορέως
766 2838 874 2893 τῶν
911 2838 1199 2906 ἠιιετέοων
1242 2839 1428 2910 ψυχῶν
1461 2839 1652 2911 δαίμο-

60 2947 176 2994 νος.

132 3029 231 3091 ιγ’.
269 3023 339 3078 Ὦ
388 3025 444 3079 ol
491 3022 1025 3093 ἐγκαταλείποντες
1058 3025 1237 3094 ὁδοὺς
1275 3028 1523 3093 εὐθείας,
1548 3027 1655 3082 τοῦ

64 3114 437 3184 πορευθῆναι
464 3114 534 3169 ἐν
559 3114 721 3182 ὁδοῖς
753 3116 1050 3183 σκότους]
1077 3118 1299 3186 Λοιπὸν,
1318 3116 1450 3187 φεῦῑ
1479 3118 1529 3171 οἱ
1556 3135 1654 3171 κα-

68 3205 502 3275 ταλιμπάνοντες
527 3205 627 3269 τὰς
658 3205 795 3276 πρὸς
827 3206 1027 3260 κακίαν
1058 3208 1155 3276 μὲν
1198 3207 1658 3279 ἀπαρεγκλίτους,

71 3298 203 3367 πρὸς
237 3297 373 3351 Θεὸν
400 3298 457 3351 δὲ
488 3299 610 3352 κατ’
637 3299 840 3371 ἀρετὴν
860 3297 1133 3370 φερούσας
1161 3300 1333 3366 ὁδοὺς,
1356 3300 1497 3353 ὥστε
1518 3298 1659 3353 ὁδεῦο

72 3406 156 3442 σαι
194 3392 259 3443 ὲν
281 3391 407 3454 ταῖς
430 3390 691 3458 ἀγούσαις
722 3391 802 3453 είς
850 3392 1131 3461 κρημνοὺς
1164 3390 1378 3456 κακίας,
1430 3391 1523 3445 καὶ
1564 3392 1659 3461 βά-

73 3477 250 3546 ραθρα
280 3476 379 3531 τοῦ
415 3480 639 3542 σκότους
668 3480 768 3549 τῆς
796 3479 1018 3547 ἀγνοίας
1039 3480 1201 3544 ὁδοῖς.

138 3570 222 3623 ιδ’.
249 3570 312 3622 Ὢ
336 3571 391 3623 οι
422 3570 875 3639 εὐφραινόμενοι
902 3570 1001 3624 ἐπὶ
1023 3571 1252 3639 κακοῖς,
1284 3574 1383 3628 καί
1415 3574 1660 3643 χαίρον-

73 3676 165 3727 τες
188 3660 294 3715 ἐπὶ
314 3660 650 3731 διαστροφῇ
672 3661 854 3731 κακῇ]
870 3662 998 3715 Φεῦί
1022 3664 1071 3716 ot
1094 3663 1530 3735 ὲπαγαλλόμενοι
1545 3667 1657 3729 τοῖς

73 3752 276 3822 ἑτέρων
338 3755 552 3817 κακοῖς,
586 3754 680 3807 καὶ
722 3754 1210 3826 ὲπευφραινόμενοι
1242 3756 1307 3826 τῇ
1362 3754 1566 3809 τούτων
1592 3756 1658 3809 ἐκ

72 3842 166 3895 τοῦ
206 3840 421 3911 ἀγαθοῦ
447 3842 528 3906 είς
558 3843 621 3895 τὸ
647 3843 891 3897 ἐναντίον
926 3847 1255 3916 περιτροπῇ.

139 3940 228 3997 ιε’,
265 3932 367 3998 ις’.
399 3927 516 3989 Ὦν
543 3937 601 3988 αἱ
630 3935 814 4004 τρίϐοι
847 3936 1116 3999 σκολιαὶ,
1151 3937 1247 3990 καὶ
1268 3938 1571 4006 καμπύλαι
1597 3940 1656 3991 αἱ

74 4024 302 4093 spoliat
333 4023 551 4091 αὐτῶν,
583 4026 690 4080 τοῦ
707 4026 942 4096 μακράν
984 4043 1059 4082 σε
1090 4027 1340 4097 ποιῆσαι
1366 4029 1483 4083 ἀπὸ
1511 4028 1655 4083 ὀδοῦ

75 4115 331 4180 εὐθείας,
360 4116 459 4169 καὶ
483 4117 804 4185 ἀλλότριον
837 4118 947 4187 τῆς
1000 4119 1237 4185 δικαίας
1268 4118 1524 4189 γνώμης.
1556 4113 1655 4172 Ὧν

79 4206 141 4259 τά
163 4224 225 4259 τε
259 4208 671 4280 ὶπιτηδεύματα
706 4211 801 4262 καὶ
841 4211 899 4264 αἱ
957 4211 1115 4282 δίκην
1159 4211 1410 4282 τροχιῶν,
1467 4212 1530 4264 τὸ
1557 4212 1655 4281 μὲν

80 4296 384 4370 ἀνάρῤοπον
414 4300 508 4353 τοῦ
538 4300 746 4370 ἀγαθοῦ
781 4301 1101 4370 φεύγουσαι,
1141 4303 1203 4355 τὸ
1238 4302 1297 4354 δὲ
1337 4304 1655 4373 κατωφερὲς

79 4387 173 4458 τῆς
218 4390 427 4453 κακίας
451 4389 743 4446 διώκουσαι
770 4392 1062 4458 διαθέσεις,
1114 4394 1545 4465 διεστραμμέναι
1579 4396 1651 4445 είς

1758 1940 1975 1982 omnem
2030 1928 2191 1981 aliam
2228 1930 2513 1983 scientiam
2548 1931 2979 1998 transeendens,
3014 1934 3252 1989 servabit
3280 1942 3331 1988 te

1761 2026 1829 2080 ab
1856 2028 2004 2082 omni
2037 2027 2270 2083 scientia
2303 2026 2482 2083 fallaci
2507 2044 2628 2099 quae
2659 2044 2688 2083 a
2720 2028 2830 2085 Deo
2864 2031 3079 2086 avertit.

1837 2208 2001 2265 Vens.
2034 2210 2123 2264 i2.
2187 2208 2254 2263 Ut
2294 2211 2506 2264 eruaris
2550 2227 2581 2263 a
2629 2211 2710 2265 via
2741 2212 2907 2265 mala.
2937 2210 3007 2265 Ut
3039 2225 3069 2264 a
3099 2211 3185 2265 via
3216 2218 3343 2264 tur»

1760 2299 1885 2354 bata
1928 2308 2087 2355 eruat
2123 2308 2193 2364 te,
2224 2301 2429 2371 optima
2455 2314 2639 2356 rerum
2684 2301 2899 2355 notitia.

1836 2477 1905 2532 Et
1934 2478 2001 2532 ab
2063 2480 2270 2533 homine
2318 2480 2409 2549 qui
2449 2496 2694 2550 perversa
2752 2479 3003 2551 loquitur.
3042 2477 3181 2535 Vera
3238 2478 3339 2532 Dei

1766 2568 2017 2631 scientia,
2038 2583 2067 2621 a
2084 2568 2303 2623 diabolo
2326 2569 2628 2623 animarum
2655 2578 2969 2625 nostrarum
2989 2575 3331 2637 corruptore,

1762 2658 1856 2728 qui
1913 2659 2125 2712 veritati
2164 2658 2391 2723 invidet,
2420 2666 2473 2714 et
2517 2660 2756 2714 animam
2812 2668 3027 2714 tuam'a
3078 2673 3333 2715 sermone

1764 2752 1860 2807 Dei
1891 2752 2010 2819 ejus
2040 2754 2225 2822 sponsi
2251 2754 2483 2809 avellere
2517 2764 2748 2809 conatur
2778 2763 2829 2811 et
2850 2755 2953 2811 sibi
2980 2754 3080 2825 ipsi
3112 2754 3337 2825 alligare

1763 2843 1840 2914 (te
1873 2844 2167 2914 liberabit).

1834 3018 2000 3075 Vens.
2036 3019 2125 3073 15.
2160 3018 2266 3086 Qui
2330 3021 2631 3090 relinquunt
2686 3022 3025 3085 iterrectum,
3080 3018 3340 3073 etambu-

1768 3112 1881 3165 lant
1908 3126 2001 3179 per
2031 3116 2143 3166 vias
2175 3112 2502 3168 tenebrosus.
2544 3113 2771 3179 Deinde,
2812 3114 2938 3179 licu,
2958 3114 3051 3182 qui
3082 3114 3201 3168 vias
3227 3127 3345 3165 non

1768 3205 1834 3261 ad
1864 3207 2150 3272 malitiam,
2214 3206 2309 3262 sed
2345 3207 2413 3262 ad
2452 3207 2620 3263 Deum
2648 3223 2741 3277 per
2786 3208 3044 3261 virtutem
3080 3205 3336 3268 ferentes,

1769 3297 2106 3366 relinquunt,
2146 3305 2208 3353 ut
2237 3298 2366 3365 viis,
2396 3312 2519 3369 quae
2551 3299 2605 3353 in
2639 3298 2997 3367 praecipitium
3033 3296 3253 3350 malitiae
3285 3304 3339 3349 et

1767 3390 2027 3462 abyssum
2080 3392 2431 3448 tenebrarum
2464 3392 2783 3464 ignorantia:
2877 3390 3099 3461 pellant,
3152 3387 3341 3441 ambu-

1768 3484 1901 3538 lent.

1840 3575 2004 3632 Vana.
2066 3577 2152 3631 M.
2216 3576 2323 3643 Qui
2362 3578 2617 3632 laetantur
2671 3593 2791 3630 eum
2834 3576 2971 3629 male
2999 3575 3236 3643 fecerint,
3289 3584 3345 3626 et

1764 3667 2034 3722 exsultant
2062 3670 2117 3722 in
2158 3669 2311 3723 rebus
2334 3670 2601 3737 pessimis.
2650 3670 2777 3735 Qui,
2808 3670 2965 3723 eheu!
2999 3668 3253 3721 lmtantur
3282 3665 3339 3720 in

1765 3761 1927 3816 malis
1948 3760 2182 3814 aliorum
2217 3801 2233 3826 ,
2290 3772 2344 3817 et
2374 3762 2655 3818 exsultant
2716 3763 2773 3817 in
2813 3776 3007 3816 eorum
3035 3776 3064 3814 a
3094 3760 3240 3814 bono
3271 3758 3340 3813 ad

1768 3849 1971 3903 malum
2005 3850 2393 3905 conversione.

1836 3938 2094 4004 VansJS,
2115 3940 2199 3997 16.
2222 3942 2459 4007 Quorum
2477 3942 2571 3996 via:
2586 3956 2840 4010 perversw
2861 3951 3006 4005 sunt,
3021 3951 3067 3993 et
3088 3948 3339 3992 tortuosa:

1764 4037 1965 4087 semita:
1994 4050 2199 4100 eorum,
2237 4043 2295 4086 ut
2354 4045 2401 4087 te
2433 4044 2673 4088 avertant
2701 4052 2732 4087 a
2768 4034 2849 4088 uia
2867 4043 3032 4097 recta,
3057 4042 3105 4086 et
3137 4042 3185 4086 te
3216 4031 3338 4085 alie

1762 4142 1889 4179 nunt
1954 4126 2158 4195 faciant
2225 4144 2257 4180 a
2316 4138 2460 4181 recta
2514 4129 2727 4183 notitia.
2787 4127 3033 4193 Quorum
3081 4141 3262 4181 mores
3284 4136 3340 4179 ct

1762 4215 2008 4285 allectus,
2038 4226 2295 4289 tanquam
2322 4219 2552 4285 semitae,
2587 4234 2859 4274 summum
2894 4219 3096 4274 bonum
3122 4218 3339 4287 fugien—

1764 4318 1870 4375 tes,
1909 4317 2331 4381 quaerentesque
2408 4310 2741 4381 profundum
2810 4311 3053 4373 malitiae,
3099 4309 3337 4379 perversi

1769 4396 1902 4452 facti
1927 4406 2091 4454 sunt:
2128 4400 2222 4469 qui
2282 4411 2333 4454 te
2390 4410 2639 4456 avertere
2684 4411 2957 4456 conantur
2990 4402 3127 4454 avia
3166 4408 3337 4465 recta,

82 4480 196 4534 σίνο
228 4483 309 4545 ὡς
346 4483 802 4556 ἐπιτεχνωμένων
844 4484 1097 4556 πόρῤωσε
1121 4486 1344 4557 ποιῆσαι
1390 4488 1489 4556 τῆς
1530 4486 1651 4540 κατ’

1778 4506 1885 4562 ιιιεε
1906 4507 2003 4562 per
2055 4493 2315 4546 virtutem
2376 4494 2441 4547 ad
2480 4492 2647 4548 Deum
2696 4492 2872 4559 ducit,
2921 4498 2977 4547 et
3014 4500 3068 4546 te
3094 4492 3334 4547 alienum

80 4572 277 4644 ἀρετὴν
305 4574 440 4645 πρὸς
469 4575 602 4629 Θεὸν
664 4576 945 4647 φερούσης
973 4576 1190 4640 εὐθείας
1226 4578 1363 4643 ὁδὸν,
1393 4579 1485 4631 καὶ
1506 4576 1655 4641 ξένον

1778 4583 1994 4637 reddere
2015 4582 2085 4637 ab
2121 4584 2214 4638 illo
2249 4582 2459 4652 judicio
2490 4585 2633 4652 quod
2685 4580 2985 4638 secundum
3017 4581 3284 4636 rationem
3308 4596 3336 4633 a

80 4667 429 4720 παντάπασιν
463 4667 891 4738 ἀπεργάσασθαι
945 4669 1047 4739 τῆς
1088 4669 1228 4723 κατὰ
1263 4670 1419 4737 λόγον
1446 4669 1656 4741 διακρι-

80 4756 276 4827 νούσης
315 4758 423 4811 ἀπὸ
458 4758 554 4813 τοῦ
575 4759 885 4830 κρείττονος
909 4761 971 4813 τὸ
1000 4763 1203 4831 χεῖρον,
1234 4762 1325 4814 καὶ
1352 4762 1660 4831 καταψηφι-

80 4847 314 4921 ζομένης
350 4851 538 4906 τούτου
570 4853 766 4923 σχολὴν
788 4853 1027 4924 παντελῆ
1077 4853 1469 4925 προαιρέσεως·
1508 4854 1666 4909 ἔνθενι

80 4958 178 4995 τοι·

147 5034 235 5098 ιζ’.
280 5034 394 5100 Υἱὲ,
414 5037 499 5106 μή
525 5050 599 5091 σε
625 5037 935 5109 καταλάϐῃ
961 5038 1164 5106 ,ϐουλὴ
1214 5039 1389 5107 κακὴ,
1417 5040 1454 5106 ἡ
1507 5041 1656 5093 diro-

80 5127 380 5183 λείπουσα
429 5128 832 5183 διδασκαλίαν
868 5131 1183 5197 νεότητος,
1239 5132 1335 5184 καὶ
1367 5129 1660 5197 διαθήκην

81 5222 247 5274 θείαν
286 5219 755 5290 ἐπιλελησμένη.
789 5218 995 5276 Τέκνον
1044 5224 1433 5291 πνευματικὸν,
1486 5222 1658 5290 φεῦγε

81 5314 176 5384 τὴν
256 5313 502 5385 πονηρὰν
557 5314 654 5368 τοῦ
714 5314 907 5386 νοητοῦ
962 5313 1137 5383 ὄφεως
1192 5314 1534 5386 συμϐουλὴν.
1590 5316 1657 5368 δι’

82 5407 404 5477 ἐγκρατείας
435 5406 543 5460 τῶν
594 5407 788 5477 ἡδέων,
858 5408 949 5461 καὶ
982 5408 1259 5477 ὑπομονῆς
1312 5409 1419 5462 τῶν
1476 5407 1656 5477 enas-

88 5500 212 5569 ρῶν,
277 5501 352 5571 μή
398 5517 457 5554 σε
488 5501 814 5571 καταφθάσῃ
869 5500 1129 5572 ῥᾳθύμως
1193 5502 1323 5571 περὶ
1345 5500 1407 5552 τὸ
1456 5500 1665 5566 ἀγαθὸν

87 5593 450 5664 διακείμενον·
497 5595 619 5663 ἥτις
657 5594 933 5663 συμϐουλὴ
994 5594 1176 5646 ἔπεισε
1210 5594 1299 5646 τὸν
1331 5593 1653 5663 πρωτόπλα·

91 5698 207 5735 στον
241 5682 557 5737 καταλιπεῖν
593 5685 692 5753 τὴν
717 5684 793 5747 ὡς
828 5682 907 5736 ἔτι
944 5684 1182 5749 vagam
1211 5683 1307 5753 τὴν
1350 5701 1653 5753 πνευματι-

91 5774 185 5829 κὴν
214 5774 461 5845 ἡλικίαν,
497 5776 740 5831 δοθεῖσαν
776 5776 922 5845 αὐτῷ
954 5775 1104 5830 θείαν
1150 5776 1386 5846 ἐντολὴν,
1418 5778 1508 5831 καὶ
1537 5779 1655 5832 ἐπι·

1764 4676 1909 4731 bono
1931 4676 2135 4729 malum
2171 4674 2454 4740 discernit,
2512 4682 2566 4729 ct
2623 4675 2789 4744 hujus
2842 4673 3085 4729 studium
3112 4672 3337 4728 omnino

1763 4770 2006 4823 (latnnat.
2043 4766 2202 4823 Unde
2222 4768 2493 4838 sequitur.

1828 5033 1992 5088 Vens.
2029 5034 2117 5087 l7.
2160 5031 2293 5099 Fili,
2330 5050 2392 5088 ne
2434 5043 2483 5087 te
2538 5035 2913 5089 circumveniat
2938 5035 3137 5089 malum
3160 5038 3338 5089 consi-

1762 5127 1913 5192 lium,
1953 5125 2092 5197 quod
2145 5125 2447 5181 doctrinam
2512 5125 2883 5182 adolescentiae
2954 5126 3230 5196 relinquit,
3289 5136 3339 5180 et

1760 5230 1975 5291 pactum
1999 5220 2239 5275 divinum
2296 5219 2645 5275 obliviscitur.
2710 5221 2811 5275 Fili
2847 5219 3177 5291 spiritualis,
3213 5220 3338 5290 fuge

1763 5312 2072 5384 spiritualis
2109 5310 2382 5382 serpentis
2438 5313 2643 5366 malum
2702 5313 3019 5377 consilium,
3056 5312 3336 5367 vincendo

1760 5404 2125 5476 cupiditates,
2190 5404 2684 5476 tribulationesque
2749 5405 3078 5461 sustinendo
3131 5421 3254 5460 :ne
3286 5413 3338 5459 te

1761 5500 2001 5555 molliter
2059 5515 2219 5569 geras
2267 5498 2411 5553 circa
2436 5499 2637 5553 bonum
2691 5498 2835 5568 quod
2875 5506 2982 5552 ate
3012 5500 3332 5569 requirunt:

1762 5591 1907 5660 quod
1948 5593 2243 5648 consilium
2309 5591 2530 5661 irrepsit
2574 5592 2627 5645 in
2681 5591 3098 5661 protOplastum,
3136 5599 3190 5645 nt
3251 5607 3335 5645 re-

1759 5686 2029 5755 linqueret
2068 5684 2304 5739 divinam
2326 5684 2683 5750 voluntatem,
2714 5699 2833 5755 qua:
2872 5685 2919 5739 ci
2953 5694 3010 5738 ut
3046 5684 3190 5739 circa
3222 5686 3335 5752 spi-

1760 5780 1980 5835 ritualia
2008 5779 2236 5847 parvulo
2252 5778 2374 5834 data
2409 5778 2585 5835 fuerat
2622 5787 2673 5834 et
2708 5788 2763 5833 ut
2788 5778 3101 5848 loqueretur
3130 5779 3321 5834 incon-
