4034 6522
580 351 717 416 1239

1872 346 2226 407 PROCOPII
2261 346 2505 406 GAZ/E-l

3695 341 3818 408 ιειυ

571 466 810 522 sidcrate
838 467 906 522 de
931 479 994 522 ea
1027 464 1309 520 voluntate
1339 462 1697 532 disponente,
1757 475 1819 514 ea
1843 475 1965 530 qua:
1995 462 2154 516 nobis

2261 459 2517 515 λαθέσθαι
2541 459 2769 532 ταύτης,
2803 459 3185 533 διατιθεμένης
3205 461 3275 516 τὰ
3306 461 3431 516 καθ’
3461 462 3602 533 ἡμᾶς
3631 463 3817 534 περὶτδ

574 557 720 612 circa
755 556 980 623 bonum,
1033 555 1100 610 ad
1136 554 1554 612 similitudinem
1610 552 1750 618 Dei,
1804 553 2149 608 incumbunt.

647 642 814 700 VERS.
851 644 937 700 18.
990 644 1277 699 Iuctiuavit
1329 644 1398 698 ad
1429 652 1653 698 mortem
1679 642 1892 697 domum
1923 643 2061 712 ejus,
2103 651 2152 696 et

574 733 792 786 semitas
830 735 942 802 ejus
973 733 1042 786 ad
1086 733 1320 803 infernos
1369 733 1680 804 gigantium.
1711 731 1827 788 lloc
1843 731 1991 788 enim
2021 746 2154 786 con-

577 823 782 886 silium,
812 823 1104 895 aprincipe
1134 826 1260 880 mali
1288 824 1614 896 proveniens
1637 824 1880 889 inimico,
1911 831 1964 879 et
1982 823 2151 887 Adam

577 915 666 984 qui
716 915 847 971 illud
890 925 1192 988 receperat,
1221 933 1524 988 omnesque
1576 919 1646 979 ab
1670 932 1736 982 eo
1760 917 2026 988 originem
2055 917 2154 970 du-

577 1015 788 1073 centes,
818 1008 981 1062 morti
1005 1008 1274 1074 obnoxios
1293 1007 1553 1074 reddens,
1592 1007 1780 1064 sedem
1809 1021 1967 1064 suam
2019 1021 2154 1062 cou-

579 1097 832 1153 stituerat
864 1100 917 1153 in
945 1099 1284 1155 mortalitate
1307 1115 1528 1172 eorum,
1573 1108 1834 1170 tanquam
1860 1098 2056 1156 mortis
2085 1099 2154 1153 ti-

579 1201 732 1241 more
761 1195 816 1241 et
857 1188 1157 1256 cupiditate
1183 1188 1403 1245 vivendi
1461 1189 1823 1260 impulsorum
1871 1188 1941 1244 ad
1970 1201 2156 1258 ρει-νεα

580 1285 674 1334 tuo
708 1278 1019 1336 haerendum
1055 1281 1268 1338 deliciis
1295 1292 1348 1340 et
1386 1283 1796 1358 voluptatibus,
1815 1281 1971 1353 quasi
1989 1279 2156 1351 parti-

577 1372 782 1442 cipatio
815 1375 981 1431 rebus
1021 1376 1404 1443 sensibilibus,
1457 1378 1514 1432 in
1561 1393 1671 1449 qua
1713 1376 1967 1434 consistit
1995 1373 2156 1432 volu-

579 1473 722 1533 ptas,
768 1467 1113 1536 corporalem
1136 1478 1191 1522 et
1219 1468 1492 1524 visibilem
1517 1485 1707 1526 eorum
1738 1477 1988 1524 naturam
2023 1481 2156 1524 con-

579 1559 868 1614 stitueret:
900 1559 956 1614 in
991 1562 1188 1616 umbra
1211 1576 1341 1617 vero
1375 1564 1592 1629 mortis,
1621 1577 1745 1617 cum
1773 1563 1839 1618 iis
1865 1560 2035 1630 quies
2064 1560 2162 1622 illa

577 1648 842 1721 originem
873 1649 1107 1720 ducunt,
1139 1669 1326 1708 rerum
1381 1663 1731 1718 externarum
1790 1653 2156 1726 pulchritudi-

2255 551 2480 621 ἀγαθὸν,
2510 551 2634 606 καθ’
2656 551 2916 623 ὁμοίωσιν
2944 552 3103 609 Θεοῦ.

2325 649 2414 715 ιη’.
2442 644 2644 700 Ἔθετο
2689 645 2800 716 γὰρ
2838 647 3000 714 παρὰ
3023 645 3104 712 τῷ
3141 646 3376 714 θανάτῳ
3419 648 3527 704 τὸν
3550 644 3711 705 οἶκον
3728 651 3821 705 αὐ-

2255 734 2394 804 τῆς,
2428 735 2529 791 καὶ
2550 737 2710 807 παρὰ
2737 737 2818 804 τῷ
2845 739 2960 807 ᾄδῃ
2991 737 3113 793 τῶν
3136 739 3428 811 γηγενῶν,
3453 740 3596 809 τοὺς
3615 741 3822 807 ἄξονας

2255 827 2466 897 αὐτῆς.
2511 828 2578 882 Ἠ
2618 829 2727 900 γὰρ
2763 829 3044 900 συμϐουλὴ
3078 829 3240 902 αὕτη,
3295 832 3361 885 ἐκ
3386 829 3481 884 τοῦ
3532 833 3820 904 ἀρχεκάκου

2255 919 2451 991 ἐχθροῦ
2481 921 2910 992 προχωρήσασα,
2946 921 3042 975 καὶ
3061 921 3156 975 τὸν
3177 921 3614 993 παραδεξάμενον
3638 923 3822 994 ταύτης

2254 1010 2451 1082 Ἀδὰμ,
2469 1012 2565 1066 καὶ
2595 1012 2806 1076 πάντας
2828 1013 2957 1078 τοὺς
2981 1009 3042 1078 ἐξ
3069 1012 3236 1067 αὐτοῦ
3265 1014 3696 1085 ἀπεργασαμένη
3721 1015 3824 1087 θνηο

2255 1105 2404 1171 τοὺς,
2455 1105 2755 1175 ἐποιήσατο
2805 1105 2872 1158 ἐν.
2915 1104 3016 1177 μὲν
3058 1108 3127 1177 τῇ
3171 1105 3378 1160 τούτων
3431 1104 3714 1178 θνητύτητι
3740 1107 3824 1176 τὴν

2257 1194 2544 1250 κατοικίαν
2601 1195 2824 1266 ἑαυτῆς,
2860 1195 2937 1260 ὡς
2964 1195 3417 1267 τυραννουμένων
3437 1195 3590 1267 φόϐῳ
3616 1196 3822 1250 θανάτου

2257 1287 2351 1340 καὶ
2380 1287 2534 1359 παρά
2562 1285 2788 1358 γνώμην
2819 1286 2912 1341 διὰ
2941 1289 3004 1340 τὸ
3045 1287 3168 1359 ζῇν,
3192 1286 3517 1358 ἀντέχεσθαι
3560 1287 3672 1341 τῶν
3717 1288 3823 1342 καθ’

2257 1375 2449 1448 ἡδονὴν
2491 1375 2678 1429 παθῶν
2705 1375 2793 1429 διὰ
2831 1373 3056 1438 παντὸς,
3105 1369 3197 1432 οἷα
3223 1372 3566 1444 συνιστώσης
3608 1373 3708 1443 τῆς
3731 1374 3825 1427 τῶν

2258 1466 2532 1538 αἰσθητῶν
2573 1467 2951 1539 μεταλήψεως,
3011 1465 3133 1519 καθ’
3161 1465 3231 1538 ῆν
3276 1465 3338 1519 τὸ
3397 1463 3692 1536 ἡδυπαθές,
3742 1463 3826 1535 τὴν

2258 1560 2594 1632 φαινομένην
2628 1560 2950 1632 σωματικὴν
2997 1560 3159 1629 φύσιν
3188 1561 3376 1633 ἡμῶν·
3409 1564 3468 1615 ἐν
3497 1561 3554 1614 δέ
3601 1564 3668 1632 τῇ
3709 1563 3829 1616 κατὰ

2256 1649 2356 1722 τὴν
2390 1651 2598 1723 φθορὰν
2625 1652 2881 1724 ἀφανείᾳ,
2913 1653 3030 1723 μετ’
3070 1653 3252 1714 αὐτῶν
3286 1655 3397 1708 τῶν
3421 1655 3486 1707 ἐκ
3521 1656 3623 1724 τῆς
3687 1654 3830 1723 ἐσχη-

578 1755 676 1796 nes
699 1751 980 1810 posuerat,
1033 1760 1131 1815 per
1193 1761 1353 1816 quas,
1412 1747 1698 1812 fallaciter,
1738 1747 1804 1802 ad
1840 1747 2041 1802 divinae
2063 1760 2156 1800 vo-

2261 1742 2432 1804 κότων
2462 1743 2562 1814 τὴν
2615 1743 2854 1813 γένεσιν,
2893 1743 2964 1798 τὰ
2990 1744 3100 1798 τῶν
3137 1746 3353 1817 ὁρατῶν
3402 1745 3612 1814 κάλληο
3647 1739 3726 1808 οἷς
3755 1746 3830 1799 διὰ

577 1830 805 1887 luntatis
832 1835 1327 1906 transgressionem
1356 1851 1458 1892 eos
1474 1837 1761 1893 conducit:
1793 1837 2154 1908 posuitlenim,

2261 1834 2323 1889 τὸ
2351 1835 2654 1909 ἀπατηλὸν,
2697 1837 2822 1906 ἄγει
2853 1835 3077 1902 τούτους
3117 1838 3254 1909 πρὸς
3294 1840 3396 1910 τὴν
3432 1837 3536 1907 τῆς
3569 1836 3718 1900 θείας
3761 1838 3829 1890 ἐν-

579 1921 763 1991 utjam
793 1924 999 1980 dictum
1056 1934 1161 1992 est,
1191 1926 1246 1982 in
1303 1929 1497 1986 umbra
1529 1944 1655 1985 cum
1687 1930 2021 2002 gigantibus,
2060 1945 2157 1986 ex-

577 2025 762 2072 ternas
824 2017 1311 2087 pulchritudines:
1360 2036 1502 2092 quas
1573 2038 1670 2094 per
1718 2024 1846 2086 illos
1889 2023 2154 2094 corrupit,

576 2106 776 2162 divinae
801 2108 1105 2167 voluntatis
1137 2111 1208 2166 ab
1239 2111 1397 2168 initio
1422 2113 1742 2173 violatione.

645 2287 816 2344 Vens.
848 2289 936 2347 i9.
971 2290 1166 2349 Omnes
1188 2295 1278 2363 qui
1316 2295 1594 2352 ambulant
1627 2297 1682 2351 in
1718 2313 1803 2362 ea,
1842 2314 1946 2353 non
1985 2313 2156 2356 rever.-

578 2389 774 2447 tentur,
809 2399 901 2436 nec
939 2384 1324 2452 appreheitdent
1363 2387 1578 2441 semitas
1614 2399 1806 2442 rectas.
1837 2387 2042 2445 Omnes
2066 2404 2157 2444 er-

576 2487 667 2540 go,
699 2473 798 2542 qui
827 2489 923 2543 per
949 2489 1114 2546 opera
1145 2491 1245 2535 sua
1296 2477 1401 2533 hoc
1431 2479 1632 2534 malum
1682 2492 1990 2549 sequuntur
2023 2495 2156 2536 con-

578 2565 786 2629 silium,
818 2581 936 2626 non
952 2574 1299 2624 revertentur
1326 2577 1449 2639 post
1500 2578 1732 2626 mortem
1760 2571 1827 2626 ad
1870 2571 2156 2626 mandato-

578 2671 698 2708 rum
731 2655 825 2711 Dei
854 2659 1197 2724 custodiam;
1223 2675 1324 2716 nec
1366 2661 1561 2716 borum
1612 2661 1858 2736 labores,
1881 2661 1948 2716 ad
1982 2662 2154 2718 Deum

579 2747 811 2814 ﬁrmiter
837 2749 1113 2819 ducentes
1132 2764 1562 2828 recognoscent,

652 2927 765 2984 Nec
821 2931 1274 3000 apprehendentur
1307 2935 1371 2988 ab
1391 2937 1548 2991 annis
1593 2937 1737 2993 vitas.
1776 2935 1930 3003 Nam,
1967 2936 2059 3005 qui
2087 2937 2154 2992 de

578 3021 865 3090 temporali
889 3023 1026 3088 vita,
1060 3039 1183 3095 quae
1208 3025 1368 3082 nobis
1415 3025 1491 3081 ad»
1509 3026 1890 3082 mandatorum
1921 3026 2016 3082 Dei
2053 3026 2155 3080 im-

2257 1921 2420 1994 τολῆς
2442 1923 2791 1996 παράϐασιν*
2847 1925 3148 1996 ἐποιήσατο
3169 1924 3250 1991 δὲ,
3288 1923 3364 1988 ῶς
3391 1925 3638 1997 είρηται,
3685 1926 3740 1977 ἐν
3773 1926 3826 1995 τῇ

2257 2013 2495 2087 ἀφανείᾳ
2531 2015 2673 2086 μετά
2712 2014 2823 2071 τῶν
2853 2016 3109 2088 γηγενῶν
3133 2017 3206 2071 τὰ
3250 2016 3362 2070 τῶν
3391 2018 3605 2089 ὁρατῶν
3637 2017 3825 2085 κάλλη·

2260 2106 2672 2180 συμφθείρουσα
2713 2107 2926 2171 τούτοις
2953 2107 3120 2175 αὐτὰ,
3173 2107 3263 2163 διὰ
3314 2109 3415 2180 τὴν
3443 2110 3504 2177 ἐξ
3536 2110 3714 2181 ἀρχῆς
3745 2111 3827 2181 τῆς

2260 2196 2410 2261 θείας
2440 2197 2662 2268 ἐντολῆς
2691 2197 3027 2269 παράϐασιν.

2331 2288 2416 2344 ιθ’.
2447 2289 2678 2355 Πάντες
2714 2291 2771 2344 οι
2816 2290 3207 2360 πορευόμενοι
3251 2291 3324 2345 ἐν
3351 2290 3527 2358 αὐτῇ,
3560 2291 3674 2345 οὐκ
3701 2292 3827 2346 dra-

2257 2380 2637 2450 στρέψουσιν
2665 2380 2792 2434 οὐδ’
2821 2382 2895 2436 οὐ
2941 2379 3024 2452 μὴ
3057 2382 3436 2438 καταλάϐωσι
3480 2381 3716 2449 τρίϐους
3743 2385 3827 2436 εὐ-

2258 2474 2442 2540 θείας.
2484 2473 2760 2536 Ἅπαντες
2781 2467 2874 2540 οὖν
2895 2472 2946 2526 οἰ
2975 2474 3099 2526 κατ’
3128 2473 3416 2544 ἐνέργειαν
3446 2473 3825 2544 διεξερχόμενοι

2256 2563 2358 2635 τὴν
2387 2563 2647 2636 τοιαύτην
2687 2563 2931 2636 πονηρὰν
2961 2563 3296 2635 συμϐουλὴν,
3322 2566 3424 2618 οὐκ
3455 2564 3826 2638 ἐπιστρέφουσι

2260 2656 2400 2726 μετά
2426 2657 2520 2714 τὸν
2541 2657 2772 2713 θάνατον
2795 2659 2878 2722 είς
2898 2657 3148 2729 ὑπακοὴν
3176 2657 3286 2712 τῶν
3310 2657 3404 2711 τοῦ
3415 2656 3552 2711 Θεοῦ
3581 2656 3797 2711 ἐντολῶν
3813 2671 3825 2688 '

2256 2748 2367 2803 οὔτ’
2391 2751 2790 2819 ἐπιγνώσονται
2817 2755 2919 2816 τὰς
2949 2749 3373 2820 ἀπαρεγκλίτως
3395 2753 3479 2813 εἰς
3511 2749 3653 2803 Θεὸν
3681 2749 3826 2817 ἀγού-

2261 2857 2362 2905 σας
2393 2842 2654 2914 ἐργασίας
2686 2842 2889 2898 αὐτῶν.

2333 2935 2416 2988 Οὐ
2467 2936 2577 3003 γὰρ
2611 2933 3128 3004 καταλαμϐάνεται
3178 2934 3302 2989 ὑπὸ
3327 2933 3621 2988 ἐνιαυτῶν
3677 2931 3822 3000 ζωῆς.

2329 3025 2550 3097 Ἐπειδὴ
2587 3025 2957 3096 μεταστάντες
2982 3027 3082 3096 τῆς
3106 3025 3247 3098 πρὸς
3271 3025 3539 3098 ἐργασίαν
3561 3023 3669 3078 τῶν
3693 3024 3824 3078 ἐντο-

577 3114 869 3178 pletionem
927 3117 1051 3173 data
1094 3128 1203 3185 est,
1254 3119 1480 3185 abeunt,
1536 3121 1775 3192 amplius
1831 3135 2007 3176 annos
2029 3120 2155 3174 vitae

2261 3115 2367 3171 λῶν
2391 3114 2482 3169 τοῦ
2510 3115 2646 3173 Θεοῦ
2673 3115 2923 3184 δοθείσης
2949 3117 3081 3186 ἡμῖν
3105 3114 3447 3188 προσκαίρου
3472 3114 3642 3184 ζωῆς,
3661 3112 3827 3167 οὐκέτι

576 3207 828 3264 obtinere
845 3219 1150 3280 nequeunt,
1178 3223 1282 3266 uta
1319 3213 1406 3266 via
1439 3212 1661 3266 malitiae
1687 3212 1808 3267 illos
1831 3212 1898 3267 ad
1927 3212 2152 3268 exitium

2266 3210 2370 3263 ὑπὸ
2408 3209 2517 3262 τῶν
2555 3207 2761 3279 ταύτης
2783 3207 2924 3274 ἐθῶν
2973 3207 3294 3278 φθάνονται,
3324 3205 3466 3266 ὥστε
3519 3206 3708 3276 στῆναι
3741 3205 3827 3273 τῆς

579 3299 806 3362 ferente,
844 3297 1149 3367 desistant;
1193 3301 1323 3372 quia
1373 3300 1486 3372 jam
1537 3301 1611 3374 ad~
1683 3310 1914 3373 inertem
1961 3317 2156 3372 perve—

578 3398 800 3445 nerunt.
1980 3381 1988 3388 ’

645 3479 812 3536 Vens.
846 3481 937 3538 ΞΟ.
973 3483 1034 3538 Si
1063 3484 1204 3538 enim
1244 3483 1630 3542 ambulaverint
1679 3487 1775 3540 viis
1805 3486 1976 3550 bonis,
2010 3485 2154 3540 inve-

578 3574 722 3628 nient
759 3575 871 3628 aias
896 3573 1088 3643 planas
1113 3574 1365 3644 justitia'.
1402 3574 1457 3630 Si
1483 3577 1655 3642 enim,
1677 3575 1732 3629 in
1767 3577 1866 3630 bac
1898 3576 2152 3644 praesenti

577 3664 686 3718 vita
712 3679 809 3735 per
832 3665 1032 3720 divinae
1059 3666 1365 3722 voluntatis
1393 3681 1559 3736 opera
1590 3667 2012 3730 ambulaverint,
2035 3677 2158 3737 post

577 3758 950 3826 operationem
982 3757 1171 3814 faciles
1200 3759 1485 3816 invenient
1528 3759 1760 3831 justitize
1783 3762 1922 3826 vias,
1943 3763 2158 3830 scipsos

577 3864 606 3898 a
668 3864 893 3905 caenosa
939 3851 1387 3907 deordinatarum
1459 3853 1828 3926 cupiditatum
1875 3857 1964 3911 via
2001 3871 2158 3910 aver-

575 3947 772 3996 tentes.

659 4030 824 4090 Vens.
856 4033 947 4089 21.
976 4033 1122 4090 Recti
1164 4047 1317 4091 erunt
1371 4036 1699 4094 habitatores
1748 4047 1923 4102 terra,
1952 4046 2000 4091 et
2029 4039 2159 4092 sim.-

576 4123 737 4189 plices
771 4124 1149 4191 permanebunt
1175 4126 1229 4181 in
1282 4144 1365 4182 ea.
1393 4126 1498 4193 Qui
1532 4127 1589 4182 in
1638 4128 1854 4184 actibus
1883 4128 2011 4183 boni
2043 4127 2162 4183 fue-

580 4220 733 4276 runt,
761 4223 816 4268 et
861 4215 918 4269 in
949 4215 1240 4274 desideriis
1264 4233 1370 4273 non
1399 4219 1467 4274 ad
1500 4220 1742 4275 carnalia
1765 4229 2162 4292 proruperunt,

581 4304 637 4358 in
669 4311 814 4360 statu
850 4306 1007 4362 ﬁrmo
1055 4307 1325 4365 virtutum
1386 4311 1732 4376 habitabant,
1781 4312 1876 4383 qui
1899 4327 2032 4367 vero
2061 4327 2158 4382 pa-

583 4397 783 4452 tienter
807 4397 946 4454 mala
986 4399 1299 4457 sustinuere
1329 4409 1384 4458 et
1413 4401 1645 4459 alIlictos
1674 4419 1784 4460 non
1818 4405 2157 4476 repulerunt,

2264 3301 2403 3372 πρὸς
2425 3299 2705 3354 ἀπώλειαν
2745 3299 3021 3372 φερούσης
3060 3297 3263 3363 αὐτοὺς
3316 3297 3438 3354 ὁδοῦ
3489 3297 3592 3368 τῆς
3629 3298 3827 3365 κακίαις.¹

2263 3392 2351 3445 διὰ
2373 3390 2435 3445 τὸ
2461 3391 2559 3462 ήδη
2593 3390 2672 3455 εἰς
2711 3390 2882 3460 αὐτὴν
2916 3389 3256 3462 καταντῆσαι
3280 3388 3380 3460 τὴν
3413 3388 3708 3445 ἀπώλειαν.

2335 3483 2406 3538 κ’.
2447 3485 2514 3538 Εἰ
2546 3482 2659 3553 γὰρ
2695 3482 3054 3551 ἐπορεύοντο
3113 3482 3352 3552 τρίϐους
3391 3480 3642 3552 ἀγαθὰς.
3682 3479 3826 3547 εὕρο-

2265 3589 2386 3630 σαν
2416 3573 2493 3628 ἂν
2517 3574 2756 3642 τρίϐους
2785 3571 3179 3639 δικαιοσύνης
3214 3571 3405 3638 λείας.
3461 3571 3526 3623 Εἰ
3573 3569 3681 3639 γὰρ
3709 3566 3826 3640 sug-

2266 3668 2497 3740 ήρχοντο
2525 3663 2668 3718 κατά
2691 3664 2788 3735 τὴν
2817 3662 3102 3735 παροῦσαν
3129 3661 3278 3733 ζωὴν
3316 3661 3414 3726 τὰς
3434 3662 3547 3714 τῶν
3575 3660 3730 3715 θείων
3756 3660 3826 3711 ἐν-

2265 3760 2435 3816 τολῶν
2457 3757 2723 3831 ἐργασίας
2744 3798 2758 3822 ,
2804 3751 2964 3828 εὖρον
2995 3756 3062 3811 ἂν
3113 3757 3256 3811 κατὰ
3290 3757 3487 3826 πεῖραν
3545 3753 3712 3812 αὐτὰς
3745 3751 3826 3818 τῆς

2265 3852 2614 3924 δικαιοσύνης
2668 3850 2822 3914 ὁδοὺς
2875 3851 3175 3920 εὐμαρεῖς·
3207 3843 3299 3922 οἷα
3349 3849 3454 3926 τῆς
3495 3846 3608 3902 τῶν
3663 3842 3826 3896 παθῶν

2269 3944 2646 4017 συρφετώδους
2671 3942 2814 4008 ἰλύος
2836 3941 3291 4013 ἀπηλλαγμένας.

2339 4043 2446 4092 κα’.
2479 4035 2737 4105 Χρηστοί
2765 4034 3011 4090 ἔσονται
3031 4033 3339 4103 οἰκήτορες
3362 4030 3505 4100 τῆς·
3537 4030 3739 4086 ἄκακοι
3769 4024 3828 4079 δὲ

2268 4127 2822 4198 ὑπολειφθήσονται
2845 4125 2916 4180 ἐν
2937 4122 3116 4194 αὐτῇ.
3151 4123 3217 4176 Οἰ
3259 4121 3454 4192 ἀγαθοὶ
3480 4119 3658 4175 τοίνυν
3705 4117 3827 4177 κατὰ

2269 4221 2613 4294 προαίρεσιν,
2653 4218 2750 4272 καί¹
2777 4216 2854 4289 μὴ
2877 4215 3013 4289 πρὸς
3035 4208 3105 4268 τὰ
3139 4213 3294 4286 παρά
3313 4213 3480 4285 φύσιν
3515 4212 3638 4266 κατ’
3663 4209 3823 4263 ἐπιθυο

2271 4315 2402 4385 μίαν
2432 4309 2764 4380 κινούμενοι,
2796 4307 3219 4380 κατοικήσουσιν
3266 4306 3347 4369 εἰς
3379 4303 3478 4376 τὴν
3500 4303 3701 4372 παγίαν
3728 4301 3824 4367 ἕξιν

2267 4405 2376 4460 τῶν
2409 4403 2620 4475 ἀρετῶν
2643 4419 2658 4435 ·
2685 4402 2736 4456 οἱ
2765 4401 2823 4454 δὲ
2847 4401 2990 4471 κατὰ
3009 4397 3181 4470 θυμὸν
3204 4395 3275 4451 τὰ
3297 4395 3525 4466 θλιϐερά
3560 4394 3821 4464 ὑπομένον-

582 4502 690 4543 non
717 4489 901 4547 abillo
931 4501 1078 4548 statu
1097 4493 1523 4564 exsulabuntur,
1565 4495 1674 4554 etsi
1695 4496 1852 4552 inviti
1877 4495 1991 4552 haec
2016 4495 2156 4553 ferre

2268 4515 2379 4560 τες.
2403 4497 2498 4550 καὶ
2528 4495 2655 4559 τοὺς
2672 4492 2984 4556 λυποῦντας
3023 4491 3100 4561 μὴ
3126 4488 3480 4560 ἀμυνόμενοι,
3521 4487 3586 4538 οὐ
3616 4500 3820 4555 μετανα-

582 4584 760 4637 coacti
793 4583 926 4640 sint.

671 4758 812 4825 Quia
840 4761 966 4814 recti
993 4762 1308 4818 habitabant
1330 4775 1553 4831 terram,
1577 4775 1628 4821 et
1656 4768 1829 4823 sancti
1861 4768 2160 4838 relinquen-

589 4863 674 4906 tur
701 4855 757 4906 in
786 4871 869 4910 ea.
928 4855 1066 4922 Quia
1122 4859 1175 4912 lii
1200 4862 1292 4928 qui
1347 4875 1539 4915 verum
1572 4861 1776 4916 bonum
1810 4861 2157 4927 iuvcneruut,

586 4947 964 5015 supradictum
1003 4951 1269 5006 virtutum
1324 4961 1556 5017 statum,
1609 4964 1831 5024 pr0pter
1865 4969 2034 5025 opera
2065 4955 2161 5008 ha-

584 5039 870 5095 bitabunt:
904 5040 974 5096 ab
993 5041 1091 5096 illo
1117 5043 1280 5099 alicui
1311 5059 1423 5100 non
1450 5053 1634 5110 eruut,
1659 5047 1752 5115 qui
1786 5054 2040 5101 naturam
2062 5062 2162 5117 pro

589 5133 698 5190 Deo
759 5143 1236 5206 contempserunt,
1265 5151 1390 5193 cum
1456 5137 1511 5192 in
1546 5153 1612 5194 ea
1646 5138 1718 5193 ob
1741 5137 1861 5208 ejus
1893 5139 2161 5210 fragilita-

577 5235 696 5304 tem
748 5227 1096 5297 corporalem
1151 5227 1464 5285 invenirent
1532 5229 1858 5288 occasiones
1907 5240 2162 5302 peccato-

584 5332 729 5371 rum.

656 5405 926 5463 Vans.22.
958 5409 1069 5466 γεω
1090 5411 1373 5480 impiorum
1417 5430 1446 5469 e
1477 5421 1622 5468 terra
1647 5413 1953 5482 perdentur.
1983 5414 2160 5486 Opera

583 5512 764 5556 autem
827 5519 1040 5571 eorum,
1099 5507 1194 5577 qui
1234 5522 1336 5562 nec
1381 5516 1528 5563 metu
1559 5523 1872 5579 pmuarum,
1902 5526 2003 5565 nec
2033 5526 2162 5580 pro-

584 5594 880 5652 missorum
914 5613 1120 5667 amore,
1153 5600 1323 5657 Deum
1381 5599 1748 5666 honorartint,
1799 5617 1829 5656 a
1884 5604 2157 5658 virtutum

586 5687 713 5742 sede
762 5700 1128 5758 evanescent;
1165 5693 1297 5764 quia
1345 5708 1447 5751 nec
1484 5694 1556 5750 ob
1591 5705 1792 5751 αξιοι-ηε
1817 5697 2102 5767 supplicia,
2129 5713 2156 5751 a

587 5776 800 5842 deliciis
851 5783 1255 5850 abstinuerunt,
1308 5803 1407 5843 nec
1437 5788 1508 5844 ob
1571 5788 1894 5857 promissam
1945 5804 2152 5846 mercc-

2267 4586 2554 4640 στεύσουσι
2579 4583 2783 4656 ταύτης
2802 4599 2816 4614 °
2837 4583 2942 4655 κᾶν
2971 4582 3156 4654 πόνοις
3176 4578 3454 4642 ἀκουσίοις
3475 4577 3632 4632 τοῦτο
3658 4575 3821 4629 παθεῖν

2265 4681 2653 4750 ἐκϐιάζωνται..
2753 4668 2760 4677 ’
2937 4732 2948 4741 ,

2338 4776 2470 4829 Ὅτι
2523 4772 2719 4838 εὐθεῖς
2771 4766 3321 4837 κατασκηνώσουσι
3376 4762 3494 4833 γῆν
3517 4779 3534 4796 ·
3575 4763 3667 4817 καὶ
3689 4761 3816 4815 ὅσιοι

2265 4865 2814 4934 ὑπολειφθήσονται
2846 4862 2917 4916 ἐν
2947 4859 3124 4928 αὐτῇ.
3155 4858 3299 4910 Διότι
3339 4857 3388 4908 οἰ
3428 4854 3491 4906 τὸ
3527 4852 3728 4920 ἀληθῶς
3745 4851 3815 4902 αι·

2269 4958 2526 5032 ρούμενοι
2565 4955 2794 5024 ἀγαθὸν,
2829 4953 2928 5024 τὴν
2987 4949 3286 5022 εἰρημένην
3328 4946 3437 5001 τῶν
3475 4945 3679 5016 ἀρετῶν
3722 4941 3814 5006 ἕξιν

2266 5054 2551 5124 οἰκήσουσι
2579 5050 2701 5105 κατ’
2763 5049 3078 5120 ἐνέργειανο
3124 5044 3327 5113 ταύτης
3352 5042 3410 5094 δὲ
3458 5039 3812 5111 ἀμετακίνητοι

2265 5146 2503 5208 ἔσονται,
2536 5144 2586 5197 οἱ
2615 5143 2711 5196 καὶ
2755 5141 2922 5210 αὐτῆς
2969 5138 3058 5193 διὰ
3113 5135 3246 5190 Θεὸν
3299 5129 3812 5201 καταπεφρονηκότες

2265 5238 2364 5308 τῆς
2389 5235 2623 5308 φύσεως,
2653 5235 2742 5289 διὰ
2769 5233 2832 5286 τὸ
2856 5227 2996 5284 εἶναι
3019 5229 3153 5300 παρ’
3187 5228 3327 5299 αὐτῇ
3346 5224 3490 5280 κατὰ
3532 5225 3631 5296 τὴν
3658 5237 3810 5292 σωμα-

2266 5328 2424 5400 τικὴν
2453 5327 2756 5392 ἀσθένειαν,
2797 5324 2896 5388 τὰς
2919 5322 3030 5377 τῶν
3058 5320 3245 5376 κακῶν
3277 5318 3550 5390 ἀφορμάς.

2335 5419 2440 5490 κβ’.
2494 5418 2651 5472 ’0δυί
2675 5416 2932 5480 ἀσεϐῶν,
2963 5416 3032 5468 ἐκ
3069 5412 3183 5483 τῆς
3211 5411 3519 5466 ὀλοῦνται.
3557 5409 3738 5465 Λοιπὸν
3761 5404 3805 5458 ai

2266 5510 2519 5584 ἐργασίαι
2561 5510 2671 5563 τῶν
2700 5510 2835 5580 μήτε
2866 5507 3017 5578 φόϐῳ
3051 5505 3160 5559 τῶν
3199 5503 3463 5569 ἀπειλῶν,
3516 5504 3647 5574 μήτε
3689 5498 3809 5566 πόθῳ

2262 5604 2374 5657 τῶν
2402 5601 2743 5672 ἐπαγγελιῶν
2776 5600 3062 5672 τιμώντων
3083 5597 3235 5659 Θεὸν,
3265 5596 3708 5667 ἀφανισθήσονται
3725 5591 3804 5660 τῆς

2268 5696 2388 5749 κατ’
2414 5692 2615 5766 ἀρετὴν
2643 5693 2810 5759 ἕξεως
2830 5709 2844 5723 ’
2875 5692 2934 5745 ἐν
2958 5689 3036 5760 τῷ
3074 5689 3212 5760 μήτε
3233 5688 3320 5742 διὰ
3345 5689 3444 5752 τὰς
3472 5687 3700 5746 αἰωνίους
3729 5699 3802 5735 xo-

2268 5789 2472 5854 λάσεις,
2502 5786 2608 5842 τῶν
2643 5785 2811 5856 ἡδέων
2845 5784 3040 5848 αὐτοὺς
3074 5781 3524 5852 ἰγκρατεύεσθαι,
3567 5781 3687 5850 μήτε
3728 5775 3799 5829 διὰ
