  <div class='ocr_page' id='page_1' title='image "/cluster/home/n/w/nwhite01/storage/ocr_20150623/87:1/hvd.32044020319117/628.png"; bbox 0 0 4034 6518; ppageno 0'>
   <div class='ocr_carea' id='block_1_1' title="bbox 196 308 337 377">
    <p class='ocr_par' dir='ltr' id='par_1_1' title="bbox 196 308 337 377">
     <span class='ocr_line' id='line_1_1' title="bbox 196 308 337 377; baseline 0.021 -4"><span class='ocrx_word' id='word_1_1' title='bbox 196 308 337 377; x_wconf 73' lang='grc'><strong>1241</strong></span> 
     </span>
    </p>
   </div>
   <div class='ocr_carea' id='block_1_2' title="bbox 1268 311 2420 377">
    <p class='ocr_par' dir='ltr' id='par_1_2' title="bbox 1268 311 2420 377">
     <span class='ocr_line' id='line_1_2' title="bbox 1268 311 2420 377; baseline 0.007 -8"><span class='ocrx_word' id='word_1_2' title='bbox 1268 311 1805 375; x_wconf 79' lang='lat' dir='ltr'><strong>COMMENTARII</strong></span> <span class='ocrx_word' id='word_1_3' title='bbox 1841 311 1926 372; x_wconf 89' lang='lat' dir='ltr'><strong>IN</strong></span> <span class='ocrx_word' id='word_1_4' title='bbox 1967 314 2420 377; x_wconf 78' lang='lat' dir='ltr'><strong>PROVERBIA.</strong></span> 
     </span>
    </p>
   </div>
   <div class='ocr_carea' id='block_1_3' title="bbox 3331 318 3465 381">
    <p class='ocr_par' dir='ltr' id='par_1_3' title="bbox 3331 318 3465 381">
     <span class='ocr_line' id='line_1_3' title="bbox 3331 318 3465 381; baseline 0 -1"><span class='ocrx_word' id='word_1_5' title='bbox 3331 318 3465 381; x_wconf 69' lang='lat' dir='ltr'><strong>me</strong></span> 
     </span>
    </p>
   </div>
   <div class='ocr_carea' id='block_1_4' title="bbox 193 414 1788 499">
    <p class='ocr_par' dir='ltr' id='par_1_4' title="bbox 193 424 1783 499">
     <span class='ocr_line' id='line_1_4' title="bbox 193 424 1783 499; baseline -0.001 -20"><span class='ocrx_word' id='word_1_6' title='bbox 193 428 293 499; x_wconf 75' lang='grc' dir='ltr'>τὴν</span> <span class='ocrx_word' id='word_1_7' title='bbox 331 424 633 496; x_wconf 77' lang='grc' dir='ltr'>μέλλουσαν</span> <span class='ocrx_word' id='word_1_8' title='bbox 683 424 1143 495; x_wconf 75' lang='grc' dir='ltr'><strong>μισθαποδοσίαν,</strong></span> <span class='ocrx_word' id='word_1_9' title='bbox 1176 425 1245 478; x_wconf 82' lang='grc' dir='ltr'>τὰ</span> <span class='ocrx_word' id='word_1_10' title='bbox 1288 424 1525 496; x_wconf 74' lang='grc' dir='ltr'>ὀδυνηρὰ</span> <span class='ocrx_word' id='word_1_11' title='bbox 1577 424 1783 494; x_wconf 84' lang='grc' dir='ltr'>ὑπομέ-</span> 
     </span>
    </p>
   </div>
   <div class='ocr_carea' id='block_1_5' title="bbox 1895 414 3483 499">
    <p class='ocr_par' dir='ltr' id='par_1_5' title="bbox 1895 414 3483 498">
     <span class='ocr_line' id='line_1_5' title="bbox 1895 414 3483 498; baseline 0.004 -17"><span class='ocrx_word' id='word_1_12' title='bbox 1895 428 2009 484; x_wconf 82' lang='lat' dir='ltr'><strong>dem</strong></span> <span class='ocrx_word' id='word_1_13' title='bbox 2046 429 2263 487; x_wconf 78' lang='lat' dir='ltr'><strong>labores</strong></span> <span class='ocrx_word' id='word_1_14' title='bbox 2294 431 2703 498; x_wconf 82' lang='lat' dir='ltr'><strong>sustinuerunt,</strong></span> <span class='ocrx_word' id='word_1_15' title='bbox 2731 433 2827 489; x_wconf 87' lang='lat' dir='ltr'><strong>sed</strong></span> <span class='ocrx_word' id='word_1_16' title='bbox 2858 432 2927 488; x_wconf 92' lang='lat' dir='ltr'><strong>ab</strong></span> <span class='ocrx_word' id='word_1_17' title='bbox 2955 447 3143 488; x_wconf 86' lang='lat' dir='ltr'><strong>amore</strong></span> <span class='ocrx_word' id='word_1_18' title='bbox 3175 438 3229 488; x_wconf 86' lang='lat' dir='ltr'><strong>et</strong></span> <span class='ocrx_word' id='word_1_19' title='bbox 3262 414 3483 488; x_wconf 15' lang='lat' dir='ltr'><strong>auxilio“</strong></span> 
     </span>
    </p>
   </div>
   <div class='ocr_carea' id='block_1_6' title="bbox 192 515 1785 588">
    <p class='ocr_par' dir='ltr' id='par_1_6' title="bbox 192 515 1785 588">
     <span class='ocr_line' id='line_1_6' title="bbox 192 515 1785 588; baseline -0.001 -17"><span class='ocrx_word' id='word_1_20' title='bbox 192 534 306 577; x_wconf 79' lang='grc' dir='ltr'>νειν</span> <span class='ocrx_word' id='word_1_21' title='bbox 330 535 346 550; x_wconf 90' lang='grc'><strong>·</strong></span> <span class='ocrx_word' id='word_1_22' title='bbox 400 517 541 572; x_wconf 81' lang='grc' dir='ltr'>ἀλλὰ</span> <span class='ocrx_word' id='word_1_23' title='bbox 571 517 934 587; x_wconf 78' lang='grc' dir='ltr'><strong>μεταπίπτειν</strong></span> <span class='ocrx_word' id='word_1_24' title='bbox 962 517 1071 571; x_wconf 81' lang='grc' dir='ltr'>ἀπὸ</span> <span class='ocrx_word' id='word_1_25' title='bbox 1096 515 1189 571; x_wconf 80' lang='grc' dir='ltr'><strong>τοῦ</strong></span> <span class='ocrx_word' id='word_1_26' title='bbox 1219 516 1290 571; x_wconf 84' lang='grc' dir='ltr'>δι’</span> <span class='ocrx_word' id='word_1_27' title='bbox 1304 517 1524 588; x_wconf 87' lang='grc' dir='ltr'>ἀγάπην</span> <span class='ocrx_word' id='word_1_28' title='bbox 1547 515 1639 570; x_wconf 86' lang='grc' dir='ltr'><strong>τὸν</strong></span> <span class='ocrx_word' id='word_1_29' title='bbox 1658 515 1785 586; x_wconf 80' lang='grc' dir='ltr'>πλη-</span> 
     </span>
    </p>
   </div>
   <div class='ocr_carea' id='block_1_7' title="bbox 195 607 1787 683">
    <p class='ocr_par' dir='ltr' id='par_1_7' title="bbox 195 607 1787 683">
     <span class='ocr_line' id='line_1_7' title="bbox 195 607 1787 683; baseline 0 -20"><span class='ocrx_word' id='word_1_30' title='bbox 195 611 312 663; x_wconf 72' lang='grc' dir='ltr'>σίον</span> <span class='ocrx_word' id='word_1_31' title='bbox 343 610 689 683; x_wconf 78' lang='grc' dir='ltr'><strong>εὐεργετεῖν,</strong></span> <span class='ocrx_word' id='word_1_32' title='bbox 743 610 879 681; x_wconf 86' lang='grc' dir='ltr'>πρὸς</span> <span class='ocrx_word' id='word_1_33' title='bbox 920 611 980 671; x_wconf 83' lang='grc' dir='ltr'><strong>τὸ</strong></span> <span class='ocrx_word' id='word_1_34' title='bbox 1011 610 1099 665; x_wconf 77' lang='grc' dir='ltr'><strong>διὰ</strong></span> <span class='ocrx_word' id='word_1_35' title='bbox 1132 613 1291 682; x_wconf 88' lang='grc' dir='ltr'>μῖσος</span> <span class='ocrx_word' id='word_1_36' title='bbox 1340 609 1529 665; x_wconf 75' lang='grc' dir='ltr'>τοῦτον</span> <span class='ocrx_word' id='word_1_37' title='bbox 1574 607 1787 665; x_wconf 54' lang='grc' dir='ltr'>ἁντιλψ</span> 
     </span>
    </p>
   </div>
   <div class='ocr_carea' id='block_1_8' title="bbox 196 716 342 755">
    <p class='ocr_par' dir='ltr' id='par_1_8' title="bbox 196 716 342 755">
     <span class='ocr_line' id='line_1_8' title="bbox 196 716 342 755; baseline 0.014 -2"><span class='ocrx_word' id='word_1_38' title='bbox 196 716 342 755; x_wconf 85' lang='grc' dir='ltr'>πειν.</span> 
     </span>
    </p>
   </div>
   <div class='ocr_carea' id='block_1_9' title="bbox 261 791 1784 862">
    <p class='ocr_par' dir='ltr' id='par_1_9' title="bbox 261 791 1784 862">
     <span class='ocr_line' id='line_1_9' title="bbox 261 791 1784 862; baseline 0 -17"><span class='ocrx_word' id='word_1_39' title='bbox 261 795 328 845; x_wconf 76' lang='grc' dir='ltr'><strong>ΟΖ</strong></span> <span class='ocrx_word' id='word_1_40' title='bbox 355 791 425 845; x_wconf 79' lang='grc' dir='ltr'>δὲ</span> <span class='ocrx_word' id='word_1_41' title='bbox 470 791 803 862; x_wconf 80' lang='grc' dir='ltr'><strong>παράνομοι</strong></span> <span class='ocrx_word' id='word_1_42' title='bbox 833 792 1292 860; x_wconf 81' lang='grc' dir='ltr'>ἐξωσθήσονται</span> <span class='ocrx_word' id='word_1_43' title='bbox 1323 792 1424 848; x_wconf 77' lang='grc' dir='ltr'><strong>ἀπ’</strong></span> <span class='ocrx_word' id='word_1_44' title='bbox 1477 791 1687 860; x_wconf 84' lang='grc' dir='ltr'>αὐτῆς.</span> <span class='ocrx_word' id='word_1_45' title='bbox 1720 792 1784 845; x_wconf 79' lang='grc' dir='ltr'>υἱ</span> 
     </span>
    </p>
   </div>
   <div class='ocr_carea' id='block_1_10' title="bbox 196 883 1786 956">
    <p class='ocr_par' dir='ltr' id='par_1_10' title="bbox 196 883 1786 956">
     <span class='ocr_line' id='line_1_10' title="bbox 196 883 1786 956; baseline 0.001 -20"><span class='ocrx_word' id='word_1_46' title='bbox 196 883 452 937; x_wconf 81' lang='grc' dir='ltr'>ἐντεῦθεν</span> <span class='ocrx_word' id='word_1_47' title='bbox 490 884 561 939; x_wconf 77' lang='grc' dir='ltr'>τὰ</span> <span class='ocrx_word' id='word_1_48' title='bbox 608 884 728 939; x_wconf 88' lang='grc' dir='ltr'>θεῖα</span> <span class='ocrx_word' id='word_1_49' title='bbox 752 885 1153 956; x_wconf 82' lang='grc' dir='ltr'><strong>προστάγματα</strong></span> <span class='ocrx_word' id='word_1_50' title='bbox 1174 884 1600 955; x_wconf 79' lang='grc' dir='ltr'>παραϐαίνοντες</span> <span class='ocrx_word' id='word_1_51' title='bbox 1622 924 1636 945; x_wconf 87' lang='grc'><strong>,</strong></span> <span class='ocrx_word' id='word_1_52' title='bbox 1684 883 1786 953; x_wconf 82' lang='grc' dir='ltr'><strong>τῆς</strong></span> 
     </span>
    </p>
   </div>
   <div class='ocr_carea' id='block_1_11' title="bbox 196 974 1785 1049">
    <p class='ocr_par' dir='ltr' id='par_1_11' title="bbox 196 974 1785 1049">
     <span class='ocr_line' id='line_1_11' title="bbox 196 974 1785 1049; baseline -0.001 -18"><span class='ocrx_word' id='word_1_53' title='bbox 196 978 309 1031; x_wconf 75' lang='grc' dir='ltr'>τῶν</span> <span class='ocrx_word' id='word_1_54' title='bbox 358 977 583 1049; x_wconf 81' lang='grc' dir='ltr'>πραέων</span> <span class='ocrx_word' id='word_1_55' title='bbox 608 979 1044 1049; x_wconf 83' lang='grc' dir='ltr'>ἁπελαθήσονται</span> <span class='ocrx_word' id='word_1_56' title='bbox 1073 977 1179 1046; x_wconf 80' lang='grc' dir='ltr'>γῆς</span> <span class='ocrx_word' id='word_1_57' title='bbox 1203 993 1217 1007; x_wconf 92' lang='grc'><strong>·</strong></span> <span class='ocrx_word' id='word_1_58' title='bbox 1250 977 1285 1047; x_wconf 81' lang='grc' dir='ltr'>ἦ</span> <span class='ocrx_word' id='word_1_59' title='bbox 1322 978 1471 1031; x_wconf 82' lang='grc' dir='ltr'>ἐστιν</span> <span class='ocrx_word' id='word_1_60' title='bbox 1492 974 1785 1046; x_wconf 84' lang='grc' dir='ltr'>ἐπιθυμίας</span> 
     </span>
    </p>
   </div>
   <div class='ocr_carea' id='block_1_12' title="bbox 198 1068 1787 1143">
    <p class='ocr_par' dir='ltr' id='par_1_12' title="bbox 198 1068 1787 1143">
     <span class='ocr_line' id='line_1_12' title="bbox 198 1068 1787 1143; baseline -0.001 -20"><span class='ocrx_word' id='word_1_61' title='bbox 198 1070 298 1130; x_wconf 73' lang='grc' dir='ltr'><strong>καὶ</strong></span> <span class='ocrx_word' id='word_1_62' title='bbox 331 1070 503 1141; x_wconf 80' lang='grc' dir='ltr'>θυμοῦ</span> <span class='ocrx_word' id='word_1_63' title='bbox 550 1071 819 1143; x_wconf 76' lang='grc' dir='ltr'>παντελὴς</span> <span class='ocrx_word' id='word_1_64' title='bbox 876 1069 1012 1142; x_wconf 79' lang='grc' dir='ltr'>πρὸς</span> <span class='ocrx_word' id='word_1_65' title='bbox 1046 1069 1117 1124; x_wconf 72' lang='grc' dir='ltr'>τὰ</span> <span class='ocrx_word' id='word_1_66' title='bbox 1172 1069 1328 1142; x_wconf 69' lang='grc' dir='ltr'>παρὰ</span> <span class='ocrx_word' id='word_1_67' title='bbox 1375 1068 1540 1139; x_wconf 80' lang='grc' dir='ltr'>φύσιν</span> <span class='ocrx_word' id='word_1_68' title='bbox 1595 1069 1787 1140; x_wconf 84' lang='grc' dir='ltr'>ἀκινη-</span> 
     </span>
    </p>
   </div>
   <div class='ocr_carea' id='block_1_13' title="bbox 200 1182 318 1222">
    <p class='ocr_par' dir='ltr' id='par_1_13' title="bbox 200 1182 318 1222">
     <span class='ocr_line' id='line_1_13' title="bbox 200 1182 318 1222; baseline 0.042 -5"><span class='ocrx_word' id='word_1_69' title='bbox 200 1182 318 1222; x_wconf 81' lang='grc' dir='ltr'>σια.</span> 
     </span>
    </p>
   </div>
   <div class='ocr_carea' id='block_1_14' title="bbox 820 1258 1184 1314">
    <p class='ocr_par' dir='ltr' id='par_1_14' title="bbox 820 1258 1184 1314">
     <span class='ocr_line' id='line_1_14' title="bbox 820 1258 1184 1314; baseline 0.011 -4"><span class='ocrx_word' id='word_1_70' title='bbox 820 1258 1074 1313; x_wconf 81' lang='grc' dir='ltr'><strong>ΚΕΦᾹΛ.</strong></span> <span class='ocrx_word' id='word_1_71' title='bbox 1108 1258 1184 1314; x_wconf 87' lang='grc' dir='ltr'><strong>Γ’.</strong></span> 
     </span>
    </p>
   </div>
   <div class='ocr_carea' id='block_1_15' title="bbox 272 1348 1785 1421">
    <p class='ocr_par' dir='ltr' id='par_1_15' title="bbox 272 1348 1785 1421">
     <span class='ocr_line' id='line_1_15' title="bbox 272 1348 1785 1421; baseline -0.004 -16"><span class='ocrx_word' id='word_1_72' title='bbox 272 1357 344 1405; x_wconf 86' lang='grc' dir='ltr'>α’.</span> <span class='ocrx_word' id='word_1_73' title='bbox 385 1350 501 1416; x_wconf 76' lang='grc' dir='ltr'><strong>Υἱὲ,</strong></span> <span class='ocrx_word' id='word_1_74' title='bbox 532 1349 692 1421; x_wconf 76' lang='grc' dir='ltr'>ἐμῶν</span> <span class='ocrx_word' id='word_1_75' title='bbox 718 1352 985 1420; x_wconf 80' lang='grc' dir='ltr'>νομίμων</span> <span class='ocrx_word' id='word_1_76' title='bbox 1013 1349 1100 1419; x_wconf 80' lang='grc' dir='ltr'>μὴ</span> <span class='ocrx_word' id='word_1_77' title='bbox 1143 1349 1584 1404; x_wconf 71' lang='grc' dir='ltr'>ὲπιλανθάνου.</span> <span class='ocrx_word' id='word_1_78' title='bbox 1620 1348 1692 1403; x_wconf 79' lang='grc' dir='ltr'><strong>Σὺ</strong></span> <span class='ocrx_word' id='word_1_79' title='bbox 1728 1348 1785 1401; x_wconf 81' lang='grc' dir='ltr'>δὲ</span> 
     </span>
    </p>
   </div>
   <div class='ocr_carea' id='block_1_16' title="bbox 200 1440 1789 1512">
    <p class='ocr_par' dir='ltr' id='par_1_16' title="bbox 200 1440 1789 1512">
     <span class='ocr_line' id='line_1_16' title="bbox 200 1440 1789 1512; baseline -0.001 -16"><span class='ocrx_word' id='word_1_80' title='bbox 200 1441 396 1496; x_wconf 82' lang='grc' dir='ltr'>τέκνον</span> <span class='ocrx_word' id='word_1_81' title='bbox 428 1441 815 1511; x_wconf 84' lang='grc' dir='ltr'>πνευματικὸν,</span> <span class='ocrx_word' id='word_1_82' title='bbox 871 1442 980 1495; x_wconf 85' lang='grc' dir='ltr'><strong>τῶν</strong></span> <span class='ocrx_word' id='word_1_83' title='bbox 1011 1442 1427 1512; x_wconf 86' lang='grc' dir='ltr'>προτρεπόντων</span> <span class='ocrx_word' id='word_1_84' title='bbox 1455 1459 1515 1496; x_wconf 88' lang='grc' dir='ltr'><strong>σε</strong></span> <span class='ocrx_word' id='word_1_85' title='bbox 1544 1442 1628 1510; x_wconf 82' lang='grc' dir='ltr'><strong>ἐφ’</strong></span> <span class='ocrx_word' id='word_1_86' title='bbox 1650 1440 1686 1495; x_wconf 79' lang='grc' dir='ltr'>ἃ</span> <span class='ocrx_word' id='word_1_87' title='bbox 1707 1441 1789 1495; x_wconf 81' lang='grc' dir='ltr'><strong>δεῖ</strong></span> 
     </span>
    </p>
   </div>
   <div class='ocr_carea' id='block_1_17' title="bbox 203 1527 1786 1606">
    <p class='ocr_par' dir='ltr' id='par_1_17' title="bbox 203 1527 1786 1606">
     <span class='ocr_line' id='line_1_17' title="bbox 203 1527 1786 1606; baseline 0 -20"><span class='ocrx_word' id='word_1_88' title='bbox 203 1537 403 1605; x_wconf 79' lang='grc' dir='ltr'>ποιεῖν,</span> <span class='ocrx_word' id='word_1_89' title='bbox 426 1535 521 1588; x_wconf 73' lang='grc' dir='ltr'>καὶ</span> <span class='ocrx_word' id='word_1_90' title='bbox 551 1534 970 1604; x_wconf 78' lang='grc' dir='ltr'>ἀποτρεπόντων</span> <span class='ocrx_word' id='word_1_91' title='bbox 998 1534 1090 1603; x_wconf 81' lang='grc' dir='ltr'><strong>ἀφ’</strong></span> <span class='ocrx_word' id='word_1_92' title='bbox 1114 1527 1189 1587; x_wconf 83' lang='grc' dir='ltr'>ὧν</span> <span class='ocrx_word' id='word_1_93' title='bbox 1215 1535 1296 1587; x_wconf 85' lang='grc' dir='ltr'><strong>δεῖ</strong></span> <span class='ocrx_word' id='word_1_94' title='bbox 1317 1535 1391 1606; x_wconf 82' lang='grc' dir='ltr'><strong>μὴ</strong></span> <span class='ocrx_word' id='word_1_95' title='bbox 1421 1536 1613 1597; x_wconf 82' lang='grc' dir='ltr'>ποιεῖν,</span> <span class='ocrx_word' id='word_1_96' title='bbox 1636 1533 1786 1604; x_wconf 76' lang='grc' dir='ltr'>ἐμῶν</span> 
     </span>
    </p>
   </div>
   <div class='ocr_carea' id='block_1_18' title="bbox 202 1626 1358 1699">
    <p class='ocr_par' dir='ltr' id='par_1_18' title="bbox 202 1626 1358 1699">
     <span class='ocr_line' id='line_1_18' title="bbox 202 1626 1358 1699; baseline 0 -20"><span class='ocrx_word' id='word_1_97' title='bbox 202 1629 704 1699; x_wconf 75' lang='grc' dir='ltr'>παραγγελμάτων,</span> <span class='ocrx_word' id='word_1_98' title='bbox 727 1626 851 1682; x_wconf 87' lang='grc' dir='ltr'>καθ’</span> <span class='ocrx_word' id='word_1_99' title='bbox 889 1628 1001 1692; x_wconf 73' lang='grc' dir='ltr'>ἕξιν</span> <span class='ocrx_word' id='word_1_100' title='bbox 1030 1626 1358 1697; x_wconf 80' lang='grc' dir='ltr'>μνημόνευε.</span> 
     </span>
    </p>
   </div>
   <div class='ocr_carea' id='block_1_19' title="bbox 1888 519 3464 595">
    <p class='ocr_par' dir='ltr' id='par_1_19' title="bbox 1888 519 3464 595">
     <span class='ocr_line' id='line_1_19' title="bbox 1888 519 3464 595; baseline 0.001 -23"><span class='ocrx_word' id='word_1_101' title='bbox 1888 519 2125 588; x_wconf 81' lang='lat' dir='ltr'><strong>proximi</strong></span> <span class='ocrx_word' id='word_1_102' title='bbox 2187 520 2525 590; x_wconf 84' lang='lat' dir='ltr'><strong>defecerunt,</strong></span> <span class='ocrx_word' id='word_1_103' title='bbox 2577 532 2637 579; x_wconf 90' lang='lat' dir='ltr'><strong>ut</strong></span> <span class='ocrx_word' id='word_1_104' title='bbox 2688 540 2812 581; x_wconf 89' lang='lat' dir='ltr'><strong>eum</strong></span> <span class='ocrx_word' id='word_1_105' title='bbox 2857 532 3077 595; x_wconf 78' lang='lat' dir='ltr'><strong>propter</strong></span> <span class='ocrx_word' id='word_1_106' title='bbox 3102 523 3288 581; x_wconf 88' lang='lat' dir='ltr'><strong>odium</strong></span> <span class='ocrx_word' id='word_1_107' title='bbox 3324 522 3464 581; x_wconf 70' lang='lat' dir='ltr'><strong>allii-</strong></span> 
     </span>
    </p>
   </div>
   <div class='ocr_carea' id='block_1_20' title="bbox 1886 618 2096 681">
    <p class='ocr_par' dir='ltr' id='par_1_20' title="bbox 1886 618 2096 681">
     <span class='ocr_line' id='line_1_20' title="bbox 1886 618 2096 681; baseline 0.005 -16"><span class='ocrx_word' id='word_1_108' title='bbox 1886 618 2096 681; x_wconf 78' lang='lat' dir='ltr'><strong>gerent.</strong></span> 
     </span>
    </p>
   </div>
   <div class='ocr_carea' id='block_1_21' title="bbox 1959 793 3461 865">
    <p class='ocr_par' dir='ltr' id='par_1_21' title="bbox 1959 793 3461 865">
     <span class='ocr_line' id='line_1_21' title="bbox 1959 793 3461 865; baseline 0.002 -19"><span class='ocrx_word' id='word_1_109' title='bbox 1959 793 2066 860; x_wconf 84' lang='lat' dir='ltr'><strong>Qui</strong></span> <span class='ocrx_word' id='word_1_110' title='bbox 2100 793 2274 864; x_wconf 83' lang='lat' dir='ltr'><strong>inique</strong></span> <span class='ocrx_word' id='word_1_111' title='bbox 2301 804 2467 864; x_wconf 87' lang='lat' dir='ltr'><strong>agunt</strong></span> <span class='ocrx_word' id='word_1_112' title='bbox 2521 795 2831 865; x_wconf 74' lang='lat' dir='ltr'><strong>auferantur</strong></span> <span class='ocrx_word' id='word_1_113' title='bbox 2878 795 2943 849; x_wconf 90' lang='lat' dir='ltr'><strong>ab</strong></span> <span class='ocrx_word' id='word_1_114' title='bbox 2985 811 3068 850; x_wconf 84' lang='lat' dir='ltr'><strong>ea.</strong></span> <span class='ocrx_word' id='word_1_115' title='bbox 3101 795 3328 855; x_wconf 83' lang='lat' dir='ltr'><strong>Deinde,</strong></span> <span class='ocrx_word' id='word_1_116' title='bbox 3368 797 3461 864; x_wconf 86' lang='lat' dir='ltr'><strong>qui</strong></span> 
     </span>
    </p>
   </div>
   <div class='ocr_carea' id='block_1_22' title="bbox 1888 885 3463 957">
    <p class='ocr_par' dir='ltr' id='par_1_22' title="bbox 1888 885 3463 957">
     <span class='ocr_line' id='line_1_22' title="bbox 1888 885 3463 957; baseline 0.003 -20"><span class='ocrx_word' id='word_1_117' title='bbox 1888 885 2142 940; x_wconf 87' lang='lat' dir='ltr'><strong>mandata</strong></span> <span class='ocrx_word' id='word_1_118' title='bbox 2171 885 2263 940; x_wconf 84' lang='lat' dir='ltr'><strong>Dei</strong></span> <span class='ocrx_word' id='word_1_119' title='bbox 2328 886 2659 957; x_wconf 85' lang='lat' dir='ltr'><strong>despiciunt,</strong></span> <span class='ocrx_word' id='word_1_120' title='bbox 2697 901 2728 941; x_wconf 89' lang='lat' dir='ltr'><strong>a</strong></span> <span class='ocrx_word' id='word_1_121' title='bbox 2775 895 2927 943; x_wconf 87' lang='lat' dir='ltr'><strong>terra</strong></span> <span class='ocrx_word' id='word_1_122' title='bbox 2973 888 3238 943; x_wconf 90' lang='lat' dir='ltr'><strong>bonorum</strong></span> <span class='ocrx_word' id='word_1_123' title='bbox 3271 888 3463 943; x_wconf 75' lang='lat' dir='ltr'><strong>exclu-</strong></span> 
     </span>
    </p>
   </div>
   <div class='ocr_carea' id='block_1_23' title="bbox 1886 976 3465 1052">
    <p class='ocr_par' dir='ltr' id='par_1_23' title="bbox 1886 976 3465 1052">
     <span class='ocr_line' id='line_1_23' title="bbox 1886 976 3465 1052; baseline 0.003 -21"><span class='ocrx_word' id='word_1_124' title='bbox 1886 976 2108 1042; x_wconf 86' lang='lat' dir='ltr'><strong>dentur,</strong></span> <span class='ocrx_word' id='word_1_125' title='bbox 2165 992 2288 1047; x_wconf 62' lang='lat' dir='ltr'><strong>quae</strong></span> <span class='ocrx_word' id='word_1_126' title='bbox 2318 984 2405 1033; x_wconf 85' lang='lat' dir='ltr'><strong>est</strong></span> <span class='ocrx_word' id='word_1_127' title='bbox 2438 979 2900 1048; x_wconf 84' lang='lat' dir='ltr'><strong>concupiscentiae</strong></span> <span class='ocrx_word' id='word_1_128' title='bbox 2945 988 3001 1035; x_wconf 88' lang='lat' dir='ltr'><strong>et</strong></span> <span class='ocrx_word' id='word_1_129' title='bbox 3030 979 3124 1035; x_wconf 72' lang='lat' dir='ltr'><strong>iraa</strong></span> <span class='ocrx_word' id='word_1_130' title='bbox 3151 981 3220 1037; x_wconf 89' lang='lat' dir='ltr'><strong>ab</strong></span> <span class='ocrx_word' id='word_1_131' title='bbox 3256 981 3325 1036; x_wconf 91' lang='lat' dir='ltr'><strong>iis</strong></span> <span class='ocrx_word' id='word_1_132' title='bbox 3341 994 3465 1052; x_wconf 71' lang='lat' dir='ltr'><strong>qua:</strong></span> 
     </span>
    </p>
   </div>
   <div class='ocr_carea' id='block_1_24' title="bbox 1887 1064 2830 1134">
    <p class='ocr_par' dir='ltr' id='par_1_24' title="bbox 1887 1064 2830 1134">
     <span class='ocr_line' id='line_1_24' title="bbox 1887 1064 2830 1134; baseline 0.003 -14"><span class='ocrx_word' id='word_1_133' title='bbox 1887 1071 2016 1123; x_wconf 82' lang='lat' dir='ltr'><strong>sunt</strong></span> <span class='ocrx_word' id='word_1_134' title='bbox 2048 1072 2281 1131; x_wconf 84' lang='lat' dir='ltr'><strong>naturae,</strong></span> <span class='ocrx_word' id='word_1_135' title='bbox 2312 1064 2551 1134; x_wconf 83' lang='lat' dir='ltr'><strong>perfecta</strong></span> <span class='ocrx_word' id='word_1_136' title='bbox 2591 1069 2830 1125; x_wconf 81' lang='lat' dir='ltr'><strong>aversio.</strong></span> 
     </span>
    </p>
   </div>
   <div class='ocr_carea' id='block_1_25' title="bbox 2538 1248 2815 1305">
    <p class='ocr_par' dir='ltr' id='par_1_25' title="bbox 2538 1248 2815 1305">
     <span class='ocr_line' id='line_1_25' title="bbox 2538 1248 2815 1305; baseline -0.004 0"><span class='ocrx_word' id='word_1_137' title='bbox 2538 1248 2692 1305; x_wconf 83' lang='lat' dir='ltr'><strong>CAP.</strong></span> <span class='ocrx_word' id='word_1_138' title='bbox 2728 1249 2815 1304; x_wconf 90' lang='lat' dir='ltr'><strong>Ill.</strong></span> 
     </span>
    </p>
   </div>
   <div class='ocr_carea' id='block_1_26' title="bbox 1963 1337 3461 1408">
    <p class='ocr_par' dir='ltr' id='par_1_26' title="bbox 1963 1337 3461 1408">
     <span class='ocr_line' id='line_1_26' title="bbox 1963 1337 3461 1408; baseline 0 -15"><span class='ocrx_word' id='word_1_139' title='bbox 1963 1337 2123 1395; x_wconf 72' lang='lat' dir='ltr'><strong>Vnus.</strong></span> <span class='ocrx_word' id='word_1_140' title='bbox 2173 1340 2223 1395; x_wconf 72' lang='grc'>1.</span> <span class='ocrx_word' id='word_1_141' title='bbox 2265 1337 2500 1406; x_wconf 68' lang='grc' dir='ltr'><strong>Εἱίὶοηιὶ,</strong></span> <span class='ocrx_word' id='word_1_142' title='bbox 2549 1356 2613 1395; x_wconf 90' lang='lat' dir='ltr'><strong>ne</strong></span> <span class='ocrx_word' id='word_1_143' title='bbox 2645 1340 2979 1394; x_wconf 70' lang='lat' dir='ltr'><strong>obliviscaris</strong></span> <span class='ocrx_word' id='word_1_144' title='bbox 3013 1339 3139 1408; x_wconf 73' lang='lat' dir='ltr'><strong>legis</strong></span> <span class='ocrx_word' id='word_1_145' title='bbox 3200 1355 3347 1394; x_wconf 77' lang='lat' dir='ltr'><strong>mete.</strong></span> <span class='ocrx_word' id='word_1_146' title='bbox 3380 1339 3461 1393; x_wconf 89' lang='lat' dir='ltr'><strong>Tn</strong></span> 
     </span>
    </p>
   </div>
   <div class='ocr_carea' id='block_1_27' title="bbox 1886 1421 3466 1502">
    <p class='ocr_par' dir='ltr' id='par_1_27' title="bbox 1886 1421 3466 1502">
     <span class='ocr_line' id='line_1_27' title="bbox 1886 1421 3466 1502; baseline -0.001 -17"><span class='ocrx_word' id='word_1_147' title='bbox 1886 1445 2038 1497; x_wconf 81' lang='lat' dir='ltr'><strong>vero,</strong></span> <span class='ocrx_word' id='word_1_148' title='bbox 2071 1431 2143 1484; x_wconf 92' lang='lat' dir='ltr'><strong>tili</strong></span> <span class='ocrx_word' id='word_1_149' title='bbox 2175 1431 2505 1501; x_wconf 88' lang='lat' dir='ltr'><strong>spiritualis,</strong></span> <span class='ocrx_word' id='word_1_150' title='bbox 2533 1441 2810 1487; x_wconf 84' lang='lat' dir='ltr'><strong>memento</strong></span> <span class='ocrx_word' id='word_1_151' title='bbox 2836 1432 3136 1486; x_wconf 88' lang='lat' dir='ltr'><strong>secundum</strong></span> <span class='ocrx_word' id='word_1_152' title='bbox 3170 1421 3315 1502; x_wconf 59' lang='lat' dir='ltr'><strong>quod</strong></span> <span class='ocrx_word' id='word_1_153' title='bbox 3353 1442 3466 1486; x_wconf 87' lang='lat' dir='ltr'><strong>sta-</strong></span> 
     </span>
    </p>
   </div>
   <div class='ocr_carea' id='block_1_28' title="bbox 1888 1522 3464 1593">
    <p class='ocr_par' dir='ltr' id='par_1_28' title="bbox 1888 1522 3464 1593">
     <span class='ocr_line' id='line_1_28' title="bbox 1888 1522 3464 1593; baseline 0.001 -18"><span class='ocrx_word' id='word_1_154' title='bbox 1888 1529 2062 1577; x_wconf 90' lang='lat' dir='ltr'><strong>tutum</strong></span> <span class='ocrx_word' id='word_1_155' title='bbox 2087 1531 2193 1586; x_wconf 88' lang='lat' dir='ltr'><strong>est,</strong></span> <span class='ocrx_word' id='word_1_156' title='bbox 2224 1538 2469 1578; x_wconf 88' lang='lat' dir='ltr'><strong>mearum</strong></span> <span class='ocrx_word' id='word_1_157' title='bbox 2496 1523 2968 1588; x_wconf 81' lang='lat' dir='ltr'><strong>exhortationum,</strong></span> <span class='ocrx_word' id='word_1_158' title='bbox 3002 1539 3124 1593; x_wconf 71' lang='lat' dir='ltr'><strong>qum</strong></span> <span class='ocrx_word' id='word_1_159' title='bbox 3172 1532 3221 1578; x_wconf 92' lang='lat' dir='ltr'><strong>te</strong></span> <span class='ocrx_word' id='word_1_160' title='bbox 3278 1522 3345 1576; x_wconf 89' lang='lat' dir='ltr'><strong>ad</strong></span> <span class='ocrx_word' id='word_1_161' title='bbox 3401 1538 3464 1577; x_wconf 89' lang='lat' dir='ltr'><strong>ea</strong></span> 
     </span>
    </p>
   </div>
   <div class='ocr_carea' id='block_1_29' title="bbox 1886 1614 3464 1685">
    <p class='ocr_par' dir='ltr' id='par_1_29' title="bbox 1886 1614 3464 1685">
     <span class='ocr_line' id='line_1_29' title="bbox 1886 1614 3464 1685; baseline -0.001 -18"><span class='ocrx_word' id='word_1_162' title='bbox 1886 1628 2009 1684; x_wconf 63' lang='lat' dir='ltr'><strong>quae</strong></span> <span class='ocrx_word' id='word_1_163' title='bbox 2073 1614 2279 1684; x_wconf 83' lang='lat' dir='ltr'><strong>agenda</strong></span> <span class='ocrx_word' id='word_1_164' title='bbox 2342 1622 2489 1679; x_wconf 87' lang='lat' dir='ltr'><strong>sunt,</strong></span> <span class='ocrx_word' id='word_1_165' title='bbox 2522 1614 2832 1684; x_wconf 88' lang='lat' dir='ltr'><strong>impellunt,</strong></span> <span class='ocrx_word' id='word_1_166' title='bbox 2873 1624 2928 1670; x_wconf 90' lang='lat' dir='ltr'><strong>et</strong></span> <span class='ocrx_word' id='word_1_167' title='bbox 2974 1614 3042 1669; x_wconf 87' lang='lat' dir='ltr'><strong>ab</strong></span> <span class='ocrx_word' id='word_1_168' title='bbox 3090 1614 3176 1669; x_wconf 88' lang='lat' dir='ltr'><strong>bis</strong></span> <span class='ocrx_word' id='word_1_169' title='bbox 3200 1628 3322 1685; x_wconf 67' lang='lat' dir='ltr'><strong>qua:</strong></span> <span class='ocrx_word' id='word_1_170' title='bbox 3353 1626 3464 1667; x_wconf 92' lang='lat' dir='ltr'><strong>non</strong></span> 
     </span>
    </p>
   </div>
   <div class='ocr_carea' id='block_1_30' title="bbox 1890 1705 2502 1771">
    <p class='ocr_par' dir='ltr' id='par_1_30' title="bbox 1890 1705 2502 1771">
     <span class='ocr_line' id='line_1_30' title="bbox 1890 1705 2502 1771; baseline 0 -13"><span class='ocrx_word' id='word_1_171' title='bbox 1890 1705 2165 1771; x_wconf 82' lang='lat' dir='ltr'><strong>facienda,</strong></span> <span class='ocrx_word' id='word_1_172' title='bbox 2193 1705 2502 1759; x_wconf 77' lang='lat' dir='ltr'><strong>retrahunt.</strong></span> 
     </span>
    </p>
   </div>
   <div class='ocr_carea' id='block_1_31' title="bbox 278 1771 1788 1871">
    <p class='ocr_par' dir='ltr' id='par_1_31' title="bbox 278 1797 1783 1871">
     <span class='ocr_line' id='line_1_31' title="bbox 278 1797 1783 1871; baseline -0.002 -17"><span class='ocrx_word' id='word_1_173' title='bbox 278 1800 359 1855; x_wconf 84' lang='grc' dir='ltr'><strong>Τὰ</strong></span> <span class='ocrx_word' id='word_1_174' title='bbox 390 1801 460 1855; x_wconf 77' lang='grc' dir='ltr'>δὲ</span> <span class='ocrx_word' id='word_1_175' title='bbox 475 1801 715 1871; x_wconf 76' lang='grc' dir='ltr'>ῥήματά</span> <span class='ocrx_word' id='word_1_176' title='bbox 735 1819 858 1871; x_wconf 86' lang='grc' dir='ltr'><strong>μου</strong></span> <span class='ocrx_word' id='word_1_177' title='bbox 898 1802 1144 1871; x_wconf 78' lang='grc' dir='ltr'>τηρείτω</span> <span class='ocrx_word' id='word_1_178' title='bbox 1192 1801 1277 1870; x_wconf 73' lang='grc' dir='ltr'><em>σὴ</em></span> <span class='ocrx_word' id='word_1_179' title='bbox 1332 1799 1565 1868; x_wconf 81' lang='grc' dir='ltr'>καρδία.</span> <span class='ocrx_word' id='word_1_180' title='bbox 1600 1799 1681 1853; x_wconf 83' lang='grc' dir='ltr'><strong>Τὰ</strong></span> <span class='ocrx_word' id='word_1_181' title='bbox 1727 1797 1783 1851; x_wconf 83' lang='grc' dir='ltr'>δὲ</span> 
     </span>
    </p>
   </div>
   <div class='ocr_carea' id='block_1_32' title="bbox 1895 1771 3464 1871">
    <p class='ocr_par' dir='ltr' id='par_1_32' title="bbox 1958 1800 3464 1871">
     <span class='ocr_line' id='line_1_32' title="bbox 1958 1800 3464 1871; baseline -0.001 -16"><span class='ocrx_word' id='word_1_182' title='bbox 1958 1801 2027 1855; x_wconf 89' lang='lat' dir='ltr'><strong>Et</strong></span> <span class='ocrx_word' id='word_1_183' title='bbox 2066 1810 2327 1870; x_wconf 66' lang='lat' dir='ltr'><strong>pra&#39;cepm</strong></span> <span class='ocrx_word' id='word_1_184' title='bbox 2356 1817 2496 1856; x_wconf 71' lang='lat' dir='ltr'><strong>mea</strong></span> <span class='ocrx_word' id='word_1_185' title='bbox 2542 1815 2635 1855; x_wconf 85' lang='lat' dir='ltr'><strong>cor</strong></span> <span class='ocrx_word' id='word_1_186' title='bbox 2688 1809 2836 1854; x_wconf 90' lang='lat' dir='ltr'><strong>tuum</strong></span> <span class='ocrx_word' id='word_1_187' title='bbox 2857 1801 3146 1854; x_wconf 73' lang='lat' dir='ltr'><strong>custodiat.</strong></span> <span class='ocrx_word' id='word_1_188' title='bbox 3189 1800 3464 1871; x_wconf 68' lang='lat' dir='ltr'><strong>Prarcepta</strong></span> 
     </span>
    </p>
   </div>
   <div class='ocr_carea' id='block_1_33' title="bbox 205 1876 1783 1966">
    <p class='ocr_par' dir='ltr' id='par_1_33' title="bbox 205 1876 1783 1966">
     <span class='ocr_line' id='line_1_33' title="bbox 205 1876 1783 1966; baseline -0.002 -20"><span class='ocrx_word' id='word_1_189' title='bbox 205 1894 396 1964; x_wconf 84' lang='grc' dir='ltr'>μισθὸν</span> <span class='ocrx_word' id='word_1_190' title='bbox 440 1893 538 1963; x_wconf 76' lang='grc' dir='ltr'>μὲν</span> <span class='ocrx_word' id='word_1_191' title='bbox 572 1876 673 1947; x_wconf 34' lang='grc' dir='ltr'>’ἐπὶ</span> <span class='ocrx_word' id='word_1_192' title='bbox 700 1897 817 1957; x_wconf 87' lang='grc' dir='ltr'>τοῖς</span> <span class='ocrx_word' id='word_1_193' title='bbox 844 1892 1265 1966; x_wconf 83' lang='grc' dir='ltr'>κατορθώμασιν</span> <span class='ocrx_word' id='word_1_194' title='bbox 1314 1891 1783 1961; x_wconf 80' lang='grc' dir='ltr'>ἐπαγγελλόμενα,</span> 
     </span>
    </p>
   </div>
   <div class='ocr_carea' id='block_1_34' title="bbox 200 1982 1784 2057">
    <p class='ocr_par' dir='ltr' id='par_1_34' title="bbox 200 1982 1784 2057">
     <span class='ocr_line' id='line_1_34' title="bbox 200 1982 1784 2057; baseline -0.004 -18"><span class='ocrx_word' id='word_1_195' title='bbox 200 1986 469 2057; x_wconf 83' lang='grc' dir='ltr'>τιμωρίαν</span> <span class='ocrx_word' id='word_1_196' title='bbox 511 1986 567 2039; x_wconf 83' lang='grc' dir='ltr'><strong>δὲ</strong></span> <span class='ocrx_word' id='word_1_197' title='bbox 605 1984 701 2039; x_wconf 79' lang='grc' dir='ltr'>ἐπὶ</span> <span class='ocrx_word' id='word_1_198' title='bbox 732 1987 846 2048; x_wconf 86' lang='grc' dir='ltr'>τοῖς</span> <span class='ocrx_word' id='word_1_199' title='bbox 879 1985 1274 2055; x_wconf 84' lang='grc' dir='ltr'>ἁμαρτήμασιν</span> <span class='ocrx_word' id='word_1_200' title='bbox 1330 1982 1660 2041; x_wconf 78' lang='grc' dir='ltr'>ἀπειλοῦντά</span> <span class='ocrx_word' id='word_1_201' title='bbox 1697 1999 1784 2034; x_wconf 88' lang='grc' dir='ltr'><strong>σοι</strong></span> 
     </span>
    </p>
   </div>
   <div class='ocr_carea' id='block_1_35' title="bbox 200 2076 1723 2151">
    <p class='ocr_par' dir='ltr' id='par_1_35' title="bbox 200 2076 1723 2151">
     <span class='ocr_line' id='line_1_35' title="bbox 200 2076 1723 2151; baseline 0 -20"><span class='ocrx_word' id='word_1_202' title='bbox 200 2080 314 2148; x_wconf 71' lang='grc' dir='ltr'><strong>ἐμὰ</strong></span> <span class='ocrx_word' id='word_1_203' title='bbox 352 2080 591 2150; x_wconf 79' lang='grc' dir='ltr'>λόγια,ή</span> <span class='ocrx_word' id='word_1_204' title='bbox 633 2078 701 2151; x_wconf 85' lang='grc' dir='ltr'>σὴ</span> <span class='ocrx_word' id='word_1_205' title='bbox 729 2080 851 2133; x_wconf 87' lang='grc' dir='ltr'>κατ’</span> <span class='ocrx_word' id='word_1_206' title='bbox 892 2078 1176 2148; x_wconf 79' lang='grc' dir='ltr'>ἐνέργειαν</span> <span class='ocrx_word' id='word_1_207' title='bbox 1200 2076 1518 2146; x_wconf 83' lang='grc' dir='ltr'>φυλαττέτω</span> <span class='ocrx_word' id='word_1_208' title='bbox 1555 2076 1723 2146; x_wconf 74' lang='grc' dir='ltr'>ψυχή.</span> 
     </span>
    </p>
   </div>
   <div class='ocr_carea' id='block_1_36' title="bbox 272 2166 1787 2241">
    <p class='ocr_par' dir='ltr' id='par_1_36' title="bbox 272 2166 1787 2241">
     <span class='ocr_line' id='line_1_36' title="bbox 272 2166 1787 2241; baseline -0.003 -17"><span class='ocrx_word' id='word_1_209' title='bbox 272 2170 343 2241; x_wconf 85' lang='grc' dir='ltr'><strong>β’.</strong></span> <span class='ocrx_word' id='word_1_210' title='bbox 376 2169 582 2238; x_wconf 83' lang='grc' dir='ltr'>Μῆκος</span> <span class='ocrx_word' id='word_1_211' title='bbox 614 2170 722 2239; x_wconf 75' lang='grc' dir='ltr'>γὰρ</span> <span class='ocrx_word' id='word_1_212' title='bbox 752 2169 917 2234; x_wconf 79' lang='grc' dir='ltr'>βίου,</span> <span class='ocrx_word' id='word_1_213' title='bbox 947 2168 1047 2223; x_wconf 80' lang='grc' dir='ltr'>καὶ</span> <span class='ocrx_word' id='word_1_214' title='bbox 1073 2168 1177 2235; x_wconf 80' lang='grc' dir='ltr'>ἔτη</span> <span class='ocrx_word' id='word_1_215' title='bbox 1208 2167 1378 2233; x_wconf 80' lang='grc' dir='ltr'>ζωῆς,</span> <span class='ocrx_word' id='word_1_216' title='bbox 1409 2166 1508 2220; x_wconf 77' lang='grc' dir='ltr'>καὶ</span> <span class='ocrx_word' id='word_1_217' title='bbox 1538 2167 1787 2234; x_wconf 71' lang='grc' dir='ltr'>εΙριξνην</span> 
     </span>
    </p>
   </div>
   <div class='ocr_carea' id='block_1_37' title="bbox 199 2260 1785 2332">
    <p class='ocr_par' dir='ltr' id='par_1_37' title="bbox 199 2260 1785 2332">
     <span class='ocr_line' id='line_1_37' title="bbox 199 2260 1785 2332; baseline -0.001 -19"><span class='ocrx_word' id='word_1_218' title='bbox 199 2261 627 2329; x_wconf 74' lang='grc' dir='ltr'>προσθήσουσι</span> <span class='ocrx_word' id='word_1_219' title='bbox 649 2277 768 2316; x_wconf 86' lang='grc' dir='ltr'>σοι.</span> <span class='ocrx_word' id='word_1_220' title='bbox 799 2261 1016 2315; x_wconf 82' lang='grc' dir='ltr'>Τούτων</span> <span class='ocrx_word' id='word_1_221' title='bbox 1051 2260 1159 2332; x_wconf 82' lang='grc' dir='ltr'><strong>γὰρ</strong></span> <span class='ocrx_word' id='word_1_222' title='bbox 1197 2262 1229 2331; x_wconf 82' lang='grc' dir='ltr'><strong>ἡ</strong></span> <span class='ocrx_word' id='word_1_223' title='bbox 1263 2260 1385 2313; x_wconf 84' lang='grc' dir='ltr'>καθ’</span> <span class='ocrx_word' id='word_1_224' title='bbox 1414 2260 1527 2326; x_wconf 78' lang='grc' dir='ltr'>’ἐξιν</span> <span class='ocrx_word' id='word_1_225' title='bbox 1568 2260 1785 2330; x_wconf 84' lang='grc' dir='ltr'>μνήμη,</span> 
     </span>
    </p>
   </div>
   <div class='ocr_carea' id='block_1_38' title="bbox 200 2353 1785 2426">
    <p class='ocr_par' dir='ltr' id='par_1_38' title="bbox 200 2353 1785 2426">
     <span class='ocr_line' id='line_1_38' title="bbox 200 2353 1785 2426; baseline -0.001 -19"><span class='ocrx_word' id='word_1_226' title='bbox 200 2357 298 2407; x_wconf 78' lang='grc' dir='ltr'><strong>καὶ</strong></span> <span class='ocrx_word' id='word_1_227' title='bbox 334 2356 367 2424; x_wconf 87' lang='grc' dir='ltr'><strong>ή</strong></span> <span class='ocrx_word' id='word_1_228' title='bbox 413 2353 535 2408; x_wconf 81' lang='grc' dir='ltr'>κατ’</span> <span class='ocrx_word' id='word_1_229' title='bbox 568 2354 848 2425; x_wconf 77' lang='grc' dir='ltr'>ἐνέργειαν</span> <span class='ocrx_word' id='word_1_230' title='bbox 906 2353 1144 2425; x_wconf 81' lang='grc' dir='ltr'>φυλακὴ,</span> <span class='ocrx_word' id='word_1_231' title='bbox 1199 2354 1497 2426; x_wconf 76' lang='grc' dir='ltr'>αὐξήσουσι</span> <span class='ocrx_word' id='word_1_232' title='bbox 1550 2353 1649 2422; x_wconf 81' lang='grc' dir='ltr'>μέν</span> <span class='ocrx_word' id='word_1_233' title='bbox 1688 2369 1785 2405; x_wconf 91' lang='grc' dir='ltr'><strong>σου</strong></span> 
     </span>
    </p>
   </div>
   <div class='ocr_carea' id='block_1_39' title="bbox 197 2444 1785 2517">
    <p class='ocr_par' dir='ltr' id='par_1_39' title="bbox 197 2444 1785 2517">
     <span class='ocr_line' id='line_1_39' title="bbox 197 2444 1785 2517; baseline -0.001 -19"><span class='ocrx_word' id='word_1_234' title='bbox 197 2446 300 2517; x_wconf 82' lang='grc' dir='ltr'><strong>τὴν</strong></span> <span class='ocrx_word' id='word_1_235' title='bbox 343 2445 559 2516; x_wconf 84' lang='grc' dir='ltr'>βιοτήν·</span> <span class='ocrx_word' id='word_1_236' title='bbox 595 2445 688 2499; x_wconf 73' lang='grc' dir='ltr'><strong>διὰ</strong></span> <span class='ocrx_word' id='word_1_237' title='bbox 725 2447 824 2516; x_wconf 84' lang='grc' dir='ltr'>τῆς</span> <span class='ocrx_word' id='word_1_238' title='bbox 874 2445 1016 2500; x_wconf 85' lang='grc' dir='ltr'><strong>κατά</strong></span> <span class='ocrx_word' id='word_1_239' title='bbox 1053 2446 1115 2499; x_wconf 85' lang='grc' dir='ltr'><strong>τὸ</strong></span> <span class='ocrx_word' id='word_1_240' title='bbox 1148 2446 1325 2517; x_wconf 87' lang='grc' dir='ltr'>παρὸν</span> <span class='ocrx_word' id='word_1_241' title='bbox 1368 2445 1628 2514; x_wconf 82' lang='grc' dir='ltr'>ἐργασίας</span> <span class='ocrx_word' id='word_1_242' title='bbox 1674 2444 1785 2497; x_wconf 83' lang='grc' dir='ltr'><strong>τῶν</strong></span> 
     </span>
    </p>
   </div>
   <div class='ocr_carea' id='block_1_40' title="bbox 200 2534 1782 2606">
    <p class='ocr_par' dir='ltr' id='par_1_40' title="bbox 200 2534 1782 2606">
     <span class='ocr_line' id='line_1_40' title="bbox 200 2534 1782 2606; baseline 0.001 -20"><span class='ocrx_word' id='word_1_243' title='bbox 200 2538 301 2603; x_wconf 72' lang='grc' dir='ltr'><strong>τὴν</strong></span> <span class='ocrx_word' id='word_1_244' title='bbox 332 2535 508 2606; x_wconf 76' lang='grc' dir='ltr'>ψυχὴν</span> <span class='ocrx_word' id='word_1_245' title='bbox 540 2538 738 2599; x_wconf 78' lang='grc' dir='ltr'>κακίας</span> <span class='ocrx_word' id='word_1_246' title='bbox 798 2536 1256 2590; x_wconf 83' lang='grc' dir='ltr'>ἀπαλλαττουσῶν</span> <span class='ocrx_word' id='word_1_247' title='bbox 1314 2535 1473 2589; x_wconf 81' lang='grc' dir='ltr'>θείων</span> <span class='ocrx_word' id='word_1_248' title='bbox 1531 2534 1782 2598; x_wconf 83' lang='grc' dir='ltr'>ἐντολῶν,</span> 
     </span>
    </p>
   </div>
   <div class='ocr_carea' id='block_1_41' title="bbox 201 2626 1787 2698">
    <p class='ocr_par' dir='ltr' id='par_1_41' title="bbox 201 2626 1787 2698">
     <span class='ocr_line' id='line_1_41' title="bbox 201 2626 1787 2698; baseline 0 -19"><span class='ocrx_word' id='word_1_249' title='bbox 201 2626 342 2698; x_wconf 77' lang='grc' dir='ltr'>πρὸς</span> <span class='ocrx_word' id='word_1_250' title='bbox 369 2626 469 2697; x_wconf 84' lang='grc' dir='ltr'>τὴν</span> <span class='ocrx_word' id='word_1_251' title='bbox 489 2627 904 2691; x_wconf 73' lang='grc' dir='ltr'>διαιωνίζουσαν</span> <span class='ocrx_word' id='word_1_252' title='bbox 933 2627 1271 2698; x_wconf 74' lang='grc' dir='ltr'>εὐφροσύνην</span> <span class='ocrx_word' id='word_1_253' title='bbox 1309 2644 1367 2679; x_wconf 89' lang='grc' dir='ltr'><strong>σε</strong></span> <span class='ocrx_word' id='word_1_254' title='bbox 1390 2627 1787 2697; x_wconf 61' lang='grc' dir='ltr'>περαπέμπουη</span> 
     </span>
    </p>
   </div>
   <div class='ocr_carea' id='block_1_42' title="bbox 205 2717 1786 2791">
    <p class='ocr_par' dir='ltr' id='par_1_42' title="bbox 205 2717 1786 2791">
     <span class='ocr_line' id='line_1_42' title="bbox 205 2717 1786 2791; baseline -0.001 -20"><span class='ocrx_word' id='word_1_255' title='bbox 205 2735 329 2774; x_wconf 85' lang='grc' dir='ltr'>σαι·</span> <span class='ocrx_word' id='word_1_256' title='bbox 355 2719 426 2774; x_wconf 79' lang='grc' dir='ltr'>τὰ</span> <span class='ocrx_word' id='word_1_257' title='bbox 459 2719 518 2774; x_wconf 80' lang='grc' dir='ltr'>δὲ</span> <span class='ocrx_word' id='word_1_258' title='bbox 552 2718 726 2791; x_wconf 80' lang='grc' dir='ltr'>μέτρα</span> <span class='ocrx_word' id='word_1_259' title='bbox 778 2737 860 2774; x_wconf 90' lang='grc' dir='ltr'><strong>σοι</strong></span> <span class='ocrx_word' id='word_1_260' title='bbox 911 2722 1009 2791; x_wconf 79' lang='grc' dir='ltr'><strong>τῆς</strong></span> <span class='ocrx_word' id='word_1_261' title='bbox 1045 2720 1187 2773; x_wconf 79' lang='grc' dir='ltr'>κατὰ</span> <span class='ocrx_word' id='word_1_262' title='bbox 1219 2717 1423 2789; x_wconf 86' lang='grc' dir='ltr'>ταύτην</span> <span class='ocrx_word' id='word_1_263' title='bbox 1456 2719 1554 2787; x_wconf 81' lang='grc' dir='ltr'><strong>τήν</strong></span> <span class='ocrx_word' id='word_1_264' title='bbox 1586 2718 1786 2787; x_wconf 78' lang='grc' dir='ltr'>πρᾶξιν</span> 
     </span>
    </p>
   </div>
   <div class='ocr_carea' id='block_1_43' title="bbox 202 2810 1787 2883">
    <p class='ocr_par' dir='ltr' id='par_1_43' title="bbox 202 2810 1787 2883">
     <span class='ocr_line' id='line_1_43' title="bbox 202 2810 1787 2883; baseline 0 -19"><span class='ocrx_word' id='word_1_265' title='bbox 202 2811 313 2864; x_wconf 86' lang='grc' dir='ltr'>τῶν</span> <span class='ocrx_word' id='word_1_266' title='bbox 337 2811 568 2866; x_wconf 81' lang='grc' dir='ltr'>ἐντολῶν</span> <span class='ocrx_word' id='word_1_267' title='bbox 604 2813 977 2883; x_wconf 79' lang='grc' dir='ltr'>πνευματικῆς</span> <span class='ocrx_word' id='word_1_268' title='bbox 994 2812 1140 2879; x_wconf 76' lang='grc' dir='ltr'>ζωῆς</span> <span class='ocrx_word' id='word_1_269' title='bbox 1172 2811 1553 2873; x_wconf 82' lang='grc' dir='ltr'>ἁποκτενοῦσι,</span> <span class='ocrx_word' id='word_1_270' title='bbox 1584 2810 1787 2880; x_wconf 84' lang='grc' dir='ltr'>διὰτῆς</span> 
     </span>
    </p>
   </div>
   <div class='ocr_carea' id='block_1_44' title="bbox 205 2902 1786 2974">
    <p class='ocr_par' dir='ltr' id='par_1_44' title="bbox 205 2902 1786 2974">
     <span class='ocr_line' id='line_1_44' title="bbox 205 2902 1786 2974; baseline -0.001 -18"><span class='ocrx_word' id='word_1_271' title='bbox 205 2902 620 2974; x_wconf 80' lang='grc' dir='ltr'>καθαρευούσης</span> <span class='ocrx_word' id='word_1_272' title='bbox 646 2904 828 2973; x_wconf 81' lang='grc' dir='ltr'>πάσης</span> <span class='ocrx_word' id='word_1_273' title='bbox 860 2905 1122 2974; x_wconf 81' lang='grc' dir='ltr'>αἰσθητῆς</span> <span class='ocrx_word' id='word_1_274' title='bbox 1155 2903 1455 2972; x_wconf 76' lang='grc' dir='ltr'>φαντασίας</span> <span class='ocrx_word' id='word_1_275' title='bbox 1487 2902 1652 2957; x_wconf 81' lang='grc' dir='ltr'>ἀΰλου</span> <span class='ocrx_word' id='word_1_276' title='bbox 1679 2902 1786 2956; x_wconf 78' lang='grc' dir='ltr'><strong>τῶν</strong></span> 
     </span>
    </p>
   </div>
   <div class='ocr_carea' id='block_1_45' title="bbox 205 2991 1785 3069">
    <p class='ocr_par' dir='ltr' id='par_1_45' title="bbox 205 2991 1785 3069">
     <span class='ocr_line' id='line_1_45' title="bbox 205 2991 1785 3069; baseline -0.002 -19"><span class='ocrx_word' id='word_1_277' title='bbox 205 2995 411 3066; x_wconf 83' lang='grc' dir='ltr'>νοητῶν</span> <span class='ocrx_word' id='word_1_278' title='bbox 461 2995 718 3065; x_wconf 84' lang='grc' dir='ltr'>γνώσεως</span> <span class='ocrx_word' id='word_1_279' title='bbox 778 2996 845 3049; x_wconf 67' lang='grc' dir='ltr'>δι’</span> <span class='ocrx_word' id='word_1_280' title='bbox 878 2991 947 3069; x_wconf 74' lang='grc' dir='ltr'>ἧς</span> <span class='ocrx_word' id='word_1_281' title='bbox 996 2995 1364 3065; x_wconf 78' lang='grc' dir='ltr'>ἐπαυξήσουσί</span> <span class='ocrx_word' id='word_1_282' title='bbox 1424 3012 1505 3048; x_wconf 81' lang='grc' dir='ltr'><strong>σοι</strong></span> <span class='ocrx_word' id='word_1_283' title='bbox 1559 2996 1652 3048; x_wconf 74' lang='grc' dir='ltr'><strong>καὶ</strong></span> <span class='ocrx_word' id='word_1_284' title='bbox 1687 2993 1785 3065; x_wconf 84' lang='grc' dir='ltr'>τὴν</span> 
     </span>
    </p>
   </div>
   <div class='ocr_carea' id='block_1_46' title="bbox 205 3086 1785 3160">
    <p class='ocr_par' dir='ltr' id='par_1_46' title="bbox 205 3086 1785 3160">
     <span class='ocr_line' id='line_1_46' title="bbox 205 3086 1785 3160; baseline -0.003 -16"><span class='ocrx_word' id='word_1_285' title='bbox 205 3090 389 3160; x_wconf 77' lang='grc' dir='ltr'>πάσης</span> <span class='ocrx_word' id='word_1_286' title='bbox 430 3089 629 3152; x_wconf 84' lang='grc' dir='ltr'>κακίας</span> <span class='ocrx_word' id='word_1_287' title='bbox 662 3087 1090 3158; x_wconf 81' lang='grc' dir='ltr'>ἀπηλλαγμένην</span> <span class='ocrx_word' id='word_1_288' title='bbox 1141 3088 1421 3157; x_wconf 78' lang='grc' dir='ltr'>εἰρηναίαν</span> <span class='ocrx_word' id='word_1_289' title='bbox 1472 3088 1570 3158; x_wconf 81' lang='grc' dir='ltr'>τῆς</span> <span class='ocrx_word' id='word_1_290' title='bbox 1606 3086 1785 3157; x_wconf 77' lang='grc' dir='ltr'>ψυχῆς</span> 
     </span>
    </p>
   </div>
   <div class='ocr_carea' id='block_1_47' title="bbox 207 3178 1788 3250">
    <p class='ocr_par' dir='ltr' id='par_1_47' title="bbox 207 3178 1788 3250">
     <span class='ocr_line' id='line_1_47' title="bbox 207 3178 1788 3250; baseline -0.003 -14"><span class='ocrx_word' id='word_1_291' title='bbox 207 3181 567 3247; x_wconf 83' lang='grc' dir='ltr'>κατάστασιν,</span> <span class='ocrx_word' id='word_1_292' title='bbox 601 3182 670 3250; x_wconf 79' lang='grc' dir='ltr'>τῇ</span> <span class='ocrx_word' id='word_1_293' title='bbox 706 3179 801 3233; x_wconf 66' lang='grc' dir='ltr'><strong>καὶ</strong></span> <span class='ocrx_word' id='word_1_294' title='bbox 841 3179 941 3249; x_wconf 82' lang='grc' dir='ltr'>τῆς</span> <span class='ocrx_word' id='word_1_295' title='bbox 995 3179 1214 3247; x_wconf 79' lang='grc' dir='ltr'>ἀγνοίας</span> <span class='ocrx_word' id='word_1_296' title='bbox 1249 3178 1567 3250; x_wconf 80' lang='grc' dir='ltr'>ἀπαλλαγῇο</span> <span class='ocrx_word' id='word_1_297' title='bbox 1600 3178 1788 3233; x_wconf 83' lang='grc' dir='ltr'>λοιπὸν</span> 
     </span>
    </p>
   </div>
   <div class='ocr_carea' id='block_1_48' title="bbox 206 3268 1791 3341">
    <p class='ocr_par' dir='ltr' id='par_1_48' title="bbox 206 3268 1791 3341">
     <span class='ocr_line' id='line_1_48' title="bbox 206 3268 1791 3341; baseline -0.003 -16"><span class='ocrx_word' id='word_1_298' title='bbox 206 3274 302 3325; x_wconf 74' lang='grc' dir='ltr'>καὶ</span> <span class='ocrx_word' id='word_1_299' title='bbox 336 3271 521 3326; x_wconf 83' lang='grc' dir='ltr'>αὐτῶν</span> <span class='ocrx_word' id='word_1_300' title='bbox 560 3287 663 3341; x_wconf 91' lang='grc' dir='ltr'><strong>μου</strong></span> <span class='ocrx_word' id='word_1_301' title='bbox 717 3268 860 3324; x_wconf 82' lang='grc' dir='ltr'><strong>κατά</strong></span> <span class='ocrx_word' id='word_1_302' title='bbox 917 3269 1086 3339; x_wconf 80' lang='grc' dir='ltr'>μέρος</span> <span class='ocrx_word' id='word_1_303' title='bbox 1138 3268 1245 3324; x_wconf 83' lang='grc' dir='ltr'><strong>τῶν</strong></span> <span class='ocrx_word' id='word_1_304' title='bbox 1313 3268 1791 3339; x_wconf 83' lang='grc' dir='ltr'>παραγγελμάτων</span> 
     </span>
    </p>
   </div>
   <div class='ocr_carea' id='block_1_49' title="bbox 204 3366 393 3425">
    <p class='ocr_par' dir='ltr' id='par_1_49' title="bbox 204 3366 393 3425">
     <span class='ocr_line' id='line_1_49' title="bbox 204 3366 393 3425; baseline 0.016 -7"><span class='ocrx_word' id='word_1_305' title='bbox 204 3366 393 3425; x_wconf 79' lang='grc' dir='ltr'>ἄκουε.</span> 
     </span>
    </p>
   </div>
   <div class='ocr_carea' id='block_1_50' title="bbox 275 3451 1793 3527">
    <p class='ocr_par' dir='ltr' id='par_1_50' title="bbox 275 3451 1793 3527">
     <span class='ocr_line' id='line_1_50' title="bbox 275 3451 1793 3527; baseline -0.005 -16"><span class='ocrx_word' id='word_1_306' title='bbox 275 3455 349 3527; x_wconf 88' lang='grc' dir='ltr'><strong>γ’.</strong></span> <span class='ocrx_word' id='word_1_307' title='bbox 392 3454 830 3525; x_wconf 73' lang='grc' dir='ltr'>Ἐλεημοσύναι</span> <span class='ocrx_word' id='word_1_308' title='bbox 858 3453 960 3508; x_wconf 78' lang='grc' dir='ltr'>καὶ</span> <span class='ocrx_word' id='word_1_309' title='bbox 977 3455 1213 3520; x_wconf 80' lang='grc' dir='ltr'>πίστεις</span> <span class='ocrx_word' id='word_1_310' title='bbox 1235 3451 1322 3521; x_wconf 80' lang='grc' dir='ltr'>μὴ</span> <span class='ocrx_word' id='word_1_311' title='bbox 1344 3451 1793 3506; x_wconf 74' lang='grc' dir='ltr'>ἐκλειπέτωσάν</span> 
     </span>
    </p>
   </div>
   <div class='ocr_carea' id='block_1_51' title="bbox 205 3545 1790 3622">
    <p class='ocr_par' dir='ltr' id='par_1_51' title="bbox 205 3545 1790 3622">
     <span class='ocr_line' id='line_1_51' title="bbox 205 3545 1790 3622; baseline -0.007 -16"><span class='ocrx_word' id='word_1_312' title='bbox 205 3568 302 3613; x_wconf 83' lang='grc' dir='ltr'><strong>σε.</strong></span> <span class='ocrx_word' id='word_1_313' title='bbox 341 3550 688 3622; x_wconf 84' lang='grc' dir='ltr'>Συμπάθειαι</span> <span class='ocrx_word' id='word_1_314' title='bbox 725 3549 827 3619; x_wconf 74' lang='grc' dir='ltr'><strong>μὶν</strong></span> <span class='ocrx_word' id='word_1_315' title='bbox 873 3547 1008 3618; x_wconf 83' lang='grc' dir='ltr'>πρὸς</span> <span class='ocrx_word' id='word_1_316' title='bbox 1052 3547 1180 3608; x_wconf 76' lang='grc' dir='ltr'>τοὺς</span> <span class='ocrx_word' id='word_1_317' title='bbox 1227 3546 1483 3615; x_wconf 76' lang='grc' dir='ltr'>ὁμοφυεῖς</span> <span class='ocrx_word' id='word_1_318' title='bbox 1530 3545 1624 3597; x_wconf 76' lang='grc' dir='ltr'><strong>ἐπὶ</strong></span> <span class='ocrx_word' id='word_1_319' title='bbox 1672 3545 1790 3606; x_wconf 84' lang='grc' dir='ltr'>ταῖς</span> 
     </span>
    </p>
   </div>
   <div class='ocr_carea' id='block_1_52' title="bbox 209 3634 1793 3708">
    <p class='ocr_par' dir='ltr' id='par_1_52' title="bbox 209 3634 1793 3708">
     <span class='ocr_line' id='line_1_52' title="bbox 209 3634 1793 3708; baseline -0.009 -9"><span class='ocrx_word' id='word_1_320' title='bbox 209 3645 331 3699; x_wconf 80' lang='grc' dir='ltr'>κατ’</span> <span class='ocrx_word' id='word_1_321' title='bbox 362 3642 542 3696; x_wconf 82' lang='grc' dir='ltr'>αὐτῶν</span> <span class='ocrx_word' id='word_1_322' title='bbox 570 3640 848 3703; x_wconf 87' lang='grc' dir='ltr'>άκουσίοις</span> <span class='ocrx_word' id='word_1_323' title='bbox 876 3639 1164 3708; x_wconf 80' lang='grc' dir='ltr'>ἐπιφοραῖς</span> <span class='ocrx_word' id='word_1_324' title='bbox 1196 3634 1305 3689; x_wconf 87' lang='grc' dir='ltr'>τῶν</span> <span class='ocrx_word' id='word_1_325' title='bbox 1334 3635 1681 3705; x_wconf 84' lang='grc' dir='ltr'>πειρασμῶν,</span> <span class='ocrx_word' id='word_1_326' title='bbox 1705 3634 1793 3687; x_wconf 83' lang='grc' dir='ltr'>εὐ-</span> 
     </span>
    </p>
   </div>
   <div class='ocr_carea' id='block_1_53' title="bbox 206 3725 1792 3805">
    <p class='ocr_par' dir='ltr' id='par_1_53' title="bbox 206 3725 1792 3805">
     <span class='ocr_line' id='line_1_53' title="bbox 206 3725 1792 3805; baseline -0.006 -15"><span class='ocrx_word' id='word_1_327' title='bbox 206 3738 447 3791; x_wconf 79' lang='grc' dir='ltr'>πείθειαι</span> <span class='ocrx_word' id='word_1_328' title='bbox 472 3736 529 3789; x_wconf 82' lang='grc' dir='ltr'>δὲ</span> <span class='ocrx_word' id='word_1_329' title='bbox 568 3734 704 3805; x_wconf 89' lang='grc' dir='ltr'>πρὸς</span> <span class='ocrx_word' id='word_1_330' title='bbox 729 3733 862 3788; x_wconf 77' lang='grc' dir='ltr'>Θεὸν</span> <span class='ocrx_word' id='word_1_331' title='bbox 910 3732 1004 3784; x_wconf 67' lang='grc' dir='ltr'><strong>ἐπὶ</strong></span> <span class='ocrx_word' id='word_1_332' title='bbox 1030 3731 1153 3794; x_wconf 84' lang='grc' dir='ltr'>ταῖς</span> <span class='ocrx_word' id='word_1_333' title='bbox 1206 3727 1373 3782; x_wconf 75' lang='grc' dir='ltr'>αὐτοῦ</span> <span class='ocrx_word' id='word_1_334' title='bbox 1412 3725 1676 3794; x_wconf 74' lang='grc' dir='ltr'>ἐντολαῖς,</span> <span class='ocrx_word' id='word_1_335' title='bbox 1717 3726 1792 3796; x_wconf 80' lang='grc' dir='ltr'>μὴ</span> 
     </span>
    </p>
   </div>
   <div class='ocr_carea' id='block_1_54' title="bbox 204 3827 852 3905">
    <p class='ocr_par' dir='ltr' id='par_1_54' title="bbox 204 3827 852 3905">
     <span class='ocr_line' id='line_1_54' title="bbox 204 3827 852 3905; baseline -0.011 -18"><span class='ocrx_word' id='word_1_336' title='bbox 204 3827 737 3905; x_wconf 79' lang='grc' dir='ltr'>ᾁπολιμπανέτωσάν</span> <span class='ocrx_word' id='word_1_337' title='bbox 774 3844 852 3880; x_wconf 87' lang='grc' dir='ltr'><strong>σε.</strong></span> 
     </span>
    </p>
   </div>
   <div class='ocr_carea' id='block_1_55' title="bbox 278 3911 1793 3994">
    <p class='ocr_par' dir='ltr' id='par_1_55' title="bbox 278 3911 1793 3994">
     <span class='ocr_line' id='line_1_55' title="bbox 278 3911 1793 3994; baseline -0.009 -15"><span class='ocrx_word' id='word_1_338' title='bbox 278 3927 345 3979; x_wconf 83' lang='grc' dir='ltr'><em>Ἀ</em></span> <span class='ocrx_word' id='word_1_339' title='bbox 356 3926 553 3994; x_wconf 72' lang='grc' dir='ltr'>φαψαι</span> <span class='ocrx_word' id='word_1_340' title='bbox 583 3920 652 3975; x_wconf 80' lang='grc' dir='ltr'>δὲ</span> <span class='ocrx_word' id='word_1_341' title='bbox 681 3918 869 3985; x_wconf 85' lang='grc' dir='ltr'>αὐτὰς</span> <span class='ocrx_word' id='word_1_342' title='bbox 893 3916 1025 3985; x_wconf 81' lang='grc' dir='ltr'>περὶ</span> <span class='ocrx_word' id='word_1_343' title='bbox 1047 3914 1137 3981; x_wconf 83' lang='grc' dir='ltr'>σῷ</span> <span class='ocrx_word' id='word_1_344' title='bbox 1165 3912 1465 3983; x_wconf 71' lang='grc' dir='ltr'>τραχήλῳ.</span> <span class='ocrx_word' id='word_1_345' title='bbox 1491 3911 1793 3982; x_wconf 78' lang='grc' dir='ltr'>Ἐκκρέμαο</span> 
     </span>
    </p>
   </div>
   <div class='ocr_carea' id='block_1_56' title="bbox 204 4002 1789 4079">
    <p class='ocr_par' dir='ltr' id='par_1_56' title="bbox 204 4002 1789 4079">
     <span class='ocr_line' id='line_1_56' title="bbox 204 4002 1789 4079; baseline -0.011 -8"><span class='ocrx_word' id='word_1_346' title='bbox 204 4034 300 4072; x_wconf 82' lang='grc' dir='ltr'><strong>σον</strong></span> <span class='ocrx_word' id='word_1_347' title='bbox 325 4014 387 4068; x_wconf 85' lang='grc' dir='ltr'><strong>δὲ</strong></span> <span class='ocrx_word' id='word_1_348' title='bbox 403 4013 607 4076; x_wconf 89' lang='grc' dir='ltr'>ταύτας</span> <span class='ocrx_word' id='word_1_349' title='bbox 630 4009 769 4064; x_wconf 82' lang='grc' dir='ltr'>κατὰ</span> <span class='ocrx_word' id='word_1_350' title='bbox 785 4008 1129 4079; x_wconf 82' lang='grc' dir='ltr'>προαίρεσιν,</span> <span class='ocrx_word' id='word_1_351' title='bbox 1152 4006 1209 4059; x_wconf 90' lang='grc' dir='ltr'><strong>ἐν</strong></span> <span class='ocrx_word' id='word_1_352' title='bbox 1235 4004 1313 4075; x_wconf 83' lang='grc' dir='ltr'>τῷ</span> <span class='ocrx_word' id='word_1_353' title='bbox 1342 4003 1499 4074; x_wconf 85' lang='grc' dir='ltr'>δίκην</span> <span class='ocrx_word' id='word_1_354' title='bbox 1520 4002 1789 4073; x_wconf 86' lang='grc' dir='ltr'>τραχήλου</span> 
     </span>
    </p>
   </div>
   <div class='ocr_carea' id='block_1_57' title="bbox 204 4093 1791 4168">
    <p class='ocr_par' dir='ltr' id='par_1_57' title="bbox 204 4093 1791 4168">
     <span class='ocr_line' id='line_1_57' title="bbox 204 4093 1791 4168; baseline -0.01 -6"><span class='ocrx_word' id='word_1_355' title='bbox 204 4107 568 4163; x_wconf 78' lang='grc' dir='ltr'>ὑποπίπτοντι</span> <span class='ocrx_word' id='word_1_356' title='bbox 603 4102 849 4165; x_wconf 80' lang='grc' dir='ltr'>ταύταις,</span> <span class='ocrx_word' id='word_1_357' title='bbox 894 4099 969 4164; x_wconf 82' lang='grc' dir='ltr'>ὥς</span> <span class='ocrx_word' id='word_1_358' title='bbox 1002 4115 1105 4151; x_wconf 89' lang='grc' dir='ltr'>τινι</span> <span class='ocrx_word' id='word_1_359' title='bbox 1151 4096 1280 4168; x_wconf 86' lang='grc' dir='ltr'>θείῳ</span> <span class='ocrx_word' id='word_1_360' title='bbox 1324 4094 1475 4167; x_wconf 84' lang='grc' dir='ltr'><strong>ζυγῷ</strong></span> <span class='ocrx_word' id='word_1_361' title='bbox 1507 4093 1791 4166; x_wconf 82' lang='grc' dir='ltr'>πρακτικῷ</span> 
     </span>
    </p>
   </div>
   <div class='ocr_carea' id='block_1_58' title="bbox 202 4199 659 4272">
    <p class='ocr_par' dir='ltr' id='par_1_58' title="bbox 202 4199 659 4272">
     <span class='ocr_line' id='line_1_58' title="bbox 202 4199 659 4272; baseline -0.013 1"><span class='ocrx_word' id='word_1_362' title='bbox 202 4201 303 4272; x_wconf 76' lang='grc' dir='ltr'><strong>τῆς</strong></span> <span class='ocrx_word' id='word_1_363' title='bbox 332 4199 514 4271; x_wconf 75' lang='grc' dir='ltr'><strong>ψυχῆς</strong></span> <span class='ocrx_word' id='word_1_364' title='bbox 544 4214 659 4252; x_wconf 79' lang='grc' dir='ltr'>σουο</span> 
     </span>
    </p>
   </div>
   <div class='ocr_carea' id='block_1_59' title="bbox 274 4274 1789 4361">
    <p class='ocr_par' dir='ltr' id='par_1_59' title="bbox 274 4274 1789 4361">
     <span class='ocr_line' id='line_1_59' title="bbox 274 4274 1789 4361; baseline -0.009 -17"><span class='ocrx_word' id='word_1_365' title='bbox 274 4289 495 4361; x_wconf 73' lang='grc' dir='ltr'>Γράψον</span> <span class='ocrx_word' id='word_1_366' title='bbox 546 4289 604 4342; x_wconf 86' lang='grc' dir='ltr'>δὲ</span> <span class='ocrx_word' id='word_1_367' title='bbox 646 4286 817 4351; x_wconf 86' lang='grc' dir='ltr'>αὐτὰς</span> <span class='ocrx_word' id='word_1_368' title='bbox 858 4284 953 4338; x_wconf 74' lang='grc' dir='ltr'>ἐπὶ</span> <span class='ocrx_word' id='word_1_369' title='bbox 996 4279 1204 4344; x_wconf 87' lang='grc' dir='ltr'>πλακὸς</span> <span class='ocrx_word' id='word_1_370' title='bbox 1242 4276 1468 4350; x_wconf 83' lang='grc' dir='ltr'>καρδίας</span> <span class='ocrx_word' id='word_1_371' title='bbox 1509 4293 1601 4334; x_wconf 85' lang='grc' dir='ltr'><strong>σου</strong></span> <span class='ocrx_word' id='word_1_372' title='bbox 1624 4317 1638 4342; x_wconf 89' lang='grc'><strong>,</strong></span> <span class='ocrx_word' id='word_1_373' title='bbox 1696 4274 1789 4332; x_wconf 74' lang='grc' dir='ltr'>καὶ</span> 
     </span>
    </p>
   </div>
   <div class='ocr_carea' id='block_1_60' title="bbox 202 4378 669 4450">
    <p class='ocr_par' dir='ltr' id='par_1_60' title="bbox 202 4378 669 4450">
     <span class='ocr_line' id='line_1_60' title="bbox 202 4378 669 4450; baseline -0.006 -17"><span class='ocrx_word' id='word_1_374' title='bbox 202 4380 462 4450; x_wconf 74' lang='grc' dir='ltr'>εὑρήσεις</span> <span class='ocrx_word' id='word_1_375' title='bbox 490 4378 669 4449; x_wconf 85' lang='grc' dir='ltr'>χάριν.</span> 
     </span>
    </p>
   </div>
   <div class='ocr_carea' id='block_1_61' title="bbox 1887 1892 3467 1963">
    <p class='ocr_par' dir='ltr' id='par_1_61' title="bbox 1887 1892 3467 1963">
     <span class='ocr_line' id='line_1_61' title="bbox 1887 1892 3467 1963; baseline 0 -14"><span class='ocrx_word' id='word_1_376' title='bbox 1887 1908 2030 1960; x_wconf 85' lang='lat' dir='ltr'><strong>mea,</strong></span> <span class='ocrx_word' id='word_1_377' title='bbox 2058 1908 2177 1963; x_wconf 66' lang='lat' dir='ltr'><strong>quae</strong></span> <span class='ocrx_word' id='word_1_378' title='bbox 2203 1893 2365 1953; x_wconf 84' lang='lat' dir='ltr'><strong>bonis</strong></span> <span class='ocrx_word' id='word_1_379' title='bbox 2403 1892 2620 1949; x_wconf 86' lang='lat' dir='ltr'><strong>actibus</strong></span> <span class='ocrx_word' id='word_1_380' title='bbox 2652 1892 2956 1949; x_wconf 84' lang='lat' dir='ltr'><strong>mercedem</strong></span> <span class='ocrx_word' id='word_1_381' title='bbox 2983 1893 3330 1963; x_wconf 85' lang='lat' dir='ltr'><strong>promittunt,</strong></span> <span class='ocrx_word' id='word_1_382' title='bbox 3366 1908 3467 1962; x_wconf 91' lang='lat' dir='ltr'><strong>pro</strong></span> 
     </span>
    </p>
   </div>
   <div class='ocr_carea' id='block_1_62' title="bbox 1887 1985 3461 2057">
    <p class='ocr_par' dir='ltr' id='par_1_62' title="bbox 1887 1985 3461 2057">
     <span class='ocr_line' id='line_1_62' title="bbox 1887 1985 3461 2057; baseline 0.001 -15"><span class='ocrx_word' id='word_1_383' title='bbox 1887 1987 2046 2042; x_wconf 86' lang='lat' dir='ltr'><strong>malis</strong></span> <span class='ocrx_word' id='word_1_384' title='bbox 2076 2001 2205 2041; x_wconf 86' lang='lat' dir='ltr'><strong>vero</strong></span> <span class='ocrx_word' id='word_1_385' title='bbox 2238 1986 2505 2057; x_wconf 88' lang='lat' dir='ltr'><strong>supplicia</strong></span> <span class='ocrx_word' id='word_1_386' title='bbox 2537 1986 2633 2041; x_wconf 86' lang='lat' dir='ltr'><strong>tibi</strong></span> <span class='ocrx_word' id='word_1_387' title='bbox 2690 1986 2993 2052; x_wconf 87' lang='lat' dir='ltr'><strong>minantur,</strong></span> <span class='ocrx_word' id='word_1_388' title='bbox 3021 1985 3251 2039; x_wconf 85' lang='lat' dir='ltr'><strong>viriliter</strong></span> <span class='ocrx_word' id='word_1_389' title='bbox 3276 1994 3461 2043; x_wconf 87' lang='lat' dir='ltr'><strong>custo-</strong></span> 
     </span>
    </p>
   </div>
   <div class='ocr_carea' id='block_1_63' title="bbox 1887 2079 2342 2134">
    <p class='ocr_par' dir='ltr' id='par_1_63' title="bbox 1887 2079 2342 2134">
     <span class='ocr_line' id='line_1_63' title="bbox 1887 2079 2342 2134; baseline 0.002 -1"><span class='ocrx_word' id='word_1_390' title='bbox 1887 2079 2001 2134; x_wconf 89' lang='lat' dir='ltr'><strong>diat</strong></span> <span class='ocrx_word' id='word_1_391' title='bbox 2030 2095 2127 2133; x_wconf 91' lang='lat' dir='ltr'><strong>cor</strong></span> <span class='ocrx_word' id='word_1_392' title='bbox 2164 2086 2342 2134; x_wconf 90' lang='lat' dir='ltr'><strong>tuum.</strong></span> 
     </span>
    </p>
   </div>
   <div class='ocr_carea' id='block_1_64' title="bbox 1957 2168 3466 2239">
    <p class='ocr_par' dir='ltr' id='par_1_64' title="bbox 1957 2168 3466 2239">
     <span class='ocr_line' id='line_1_64' title="bbox 1957 2168 3466 2239; baseline 0.001 -16"><span class='ocrx_word' id='word_1_393' title='bbox 1957 2169 2127 2224; x_wconf 70' lang='lat' dir='ltr'><strong>Vens.</strong></span> <span class='ocrx_word' id='word_1_394' title='bbox 2148 2169 2204 2225; x_wconf 75' lang='grc'>2.</span> <span class='ocrx_word' id='word_1_395' title='bbox 2238 2168 2642 2239; x_wconf 84' lang='lat' dir='ltr'><strong>Longiludinem</strong></span> <span class='ocrx_word' id='word_1_396' title='bbox 2679 2170 2817 2224; x_wconf 80' lang='lat' dir='ltr'><strong>enim</strong></span> <span class='ocrx_word' id='word_1_397' title='bbox 2847 2169 3051 2225; x_wconf 83' lang='lat' dir='ltr'><strong>dierum</strong></span> <span class='ocrx_word' id='word_1_398' title='bbox 3092 2179 3141 2224; x_wconf 91' lang='lat' dir='ltr'><strong>et</strong></span> <span class='ocrx_word' id='word_1_399' title='bbox 3164 2186 3331 2225; x_wconf 74' lang='lat' dir='ltr'><strong>anno:</strong></span> <span class='ocrx_word' id='word_1_400' title='bbox 3389 2170 3466 2225; x_wconf 80' lang='lat' dir='ltr'><strong>oi-</strong></span> 
     </span>
    </p>
   </div>
   <div class='ocr_carea' id='block_1_65' title="bbox 1889 2260 3466 2330">
    <p class='ocr_par' dir='ltr' id='par_1_65' title="bbox 1889 2260 3466 2330">
     <span class='ocr_line' id='line_1_65' title="bbox 1889 2260 3466 2330; baseline 0.001 -17"><span class='ocrx_word' id='word_1_401' title='bbox 1889 2268 1976 2325; x_wconf 71' lang='lat' dir='ltr'><strong>taa,</strong></span> <span class='ocrx_word' id='word_1_402' title='bbox 1999 2271 2047 2315; x_wconf 88' lang='lat' dir='ltr'><strong>et</strong></span> <span class='ocrx_word' id='word_1_403' title='bbox 2085 2276 2264 2328; x_wconf 82' lang='lat' dir='ltr'><strong>pacem</strong></span> <span class='ocrx_word' id='word_1_404' title='bbox 2288 2261 2508 2330; x_wconf 78' lang='lat' dir='ltr'><strong>afferent</strong></span> <span class='ocrx_word' id='word_1_405' title='bbox 2541 2261 2656 2316; x_wconf 88' lang='lat' dir='ltr'><strong>tibi.</strong></span> <span class='ocrx_word' id='word_1_406' title='bbox 2686 2262 2895 2316; x_wconf 81' lang='lat' dir='ltr'><strong>Horum</strong></span> <span class='ocrx_word' id='word_1_407' title='bbox 2943 2260 3203 2316; x_wconf 89' lang='lat' dir='ltr'><strong>continua</strong></span> <span class='ocrx_word' id='word_1_408' title='bbox 3251 2275 3466 2317; x_wconf 88' lang='lat' dir='ltr'><strong>memo-</strong></span> 
     </span>
    </p>
   </div>
   <div class='ocr_carea' id='block_1_66' title="bbox 1887 2350 3463 2424">
    <p class='ocr_par' dir='ltr' id='par_1_66' title="bbox 1887 2350 3463 2424">
     <span class='ocr_line' id='line_1_66' title="bbox 1887 2350 3463 2424; baseline 0.001 -18"><span class='ocrx_word' id='word_1_409' title='bbox 1887 2350 1993 2414; x_wconf 88' lang='lat' dir='ltr'><strong>ria,</strong></span> <span class='ocrx_word' id='word_1_410' title='bbox 2016 2360 2072 2405; x_wconf 87' lang='lat' dir='ltr'><strong>et</strong></span> <span class='ocrx_word' id='word_1_411' title='bbox 2126 2352 2304 2408; x_wconf 83' lang='lat' dir='ltr'><strong>virilis</strong></span> <span class='ocrx_word' id='word_1_412' title='bbox 2344 2352 2679 2420; x_wconf 81' lang='lat' dir='ltr'><strong>observatio,</strong></span> <span class='ocrx_word' id='word_1_413' title='bbox 2734 2363 2883 2408; x_wconf 86' lang='lat' dir='ltr'><strong>tuam</strong></span> <span class='ocrx_word' id='word_1_414' title='bbox 2944 2352 3223 2424; x_wconf 83' lang='lat' dir='ltr'><strong>augebunt</strong></span> <span class='ocrx_word' id='word_1_415' title='bbox 3257 2352 3463 2407; x_wconf 89' lang='lat' dir='ltr'><strong>vitam:</strong></span> 
     </span>
    </p>
   </div>
   <div class='ocr_carea' id='block_1_67' title="bbox 1888 2442 3468 2513">
    <p class='ocr_par' dir='ltr' id='par_1_67' title="bbox 1888 2442 3468 2513">
     <span class='ocr_line' id='line_1_67' title="bbox 1888 2442 3468 2513; baseline -0.001 -16"><span class='ocrx_word' id='word_1_416' title='bbox 1888 2450 1943 2498; x_wconf 79' lang='lat' dir='ltr'><strong>te</strong></span> <span class='ocrx_word' id='word_1_417' title='bbox 1975 2443 2042 2497; x_wconf 90' lang='lat' dir='ltr'><strong>ad</strong></span> <span class='ocrx_word' id='word_1_418' title='bbox 2070 2450 2336 2499; x_wconf 71' lang='lat' dir='ltr'><strong>aeternum</strong></span> <span class='ocrx_word' id='word_1_419' title='bbox 2391 2442 2649 2513; x_wconf 79' lang='lat' dir='ltr'><strong>gaudium</strong></span> <span class='ocrx_word' id='word_1_420' title='bbox 2691 2443 3070 2499; x_wconf 85' lang='lat' dir='ltr'><strong>conducentes</strong></span> <span class='ocrx_word' id='word_1_421' title='bbox 3098 2484 3114 2509; x_wconf 92' lang='lat'><strong>,</strong></span> <span class='ocrx_word' id='word_1_422' title='bbox 3150 2457 3244 2513; x_wconf 86' lang='lat' dir='ltr'><strong>per</strong></span> <span class='ocrx_word' id='word_1_423' title='bbox 3267 2457 3468 2511; x_wconf 84' lang='lat' dir='ltr'><strong>opera-</strong></span> 
     </span>
    </p>
   </div>
   <div class='ocr_carea' id='block_1_68' title="bbox 1892 2534 3467 2606">
    <p class='ocr_par' dir='ltr' id='par_1_68' title="bbox 1892 2534 3467 2606">
     <span class='ocr_line' id='line_1_68' title="bbox 1892 2534 3467 2606; baseline 0 -17"><span class='ocrx_word' id='word_1_424' title='bbox 1892 2535 2092 2590; x_wconf 77' lang='lat' dir='ltr'><strong>tionem</strong></span> <span class='ocrx_word' id='word_1_425' title='bbox 2127 2536 2180 2589; x_wconf 89' lang='lat' dir='ltr'><strong>in</strong></span> <span class='ocrx_word' id='word_1_426' title='bbox 2208 2538 2469 2606; x_wconf 71' lang='lat' dir='ltr'><strong>praesenti</strong></span> <span class='ocrx_word' id='word_1_427' title='bbox 2503 2537 2637 2603; x_wconf 83' lang='lat' dir='ltr'><strong>vita,</strong></span> <span class='ocrx_word' id='word_1_428' title='bbox 2672 2536 3055 2591; x_wconf 77' lang='lat' dir='ltr'><strong>mandatorum</strong></span> <span class='ocrx_word' id='word_1_429' title='bbox 3085 2534 3199 2598; x_wconf 87' lang='lat' dir='ltr'><strong>Dei,</strong></span> <span class='ocrx_word' id='word_1_430' title='bbox 3229 2534 3467 2590; x_wconf 88' lang='lat' dir='ltr'><strong>animam</strong></span> 
     </span>
    </p>
   </div>
   <div class='ocr_carea' id='block_1_69' title="bbox 1889 2626 3470 2696">
    <p class='ocr_par' dir='ltr' id='par_1_69' title="bbox 1889 2626 3470 2696">
     <span class='ocr_line' id='line_1_69' title="bbox 1889 2626 3470 2696; baseline 0 -14"><span class='ocrx_word' id='word_1_431' title='bbox 1889 2642 1918 2682; x_wconf 89' lang='lat' dir='ltr'><strong>a</strong></span> <span class='ocrx_word' id='word_1_432' title='bbox 1959 2628 2167 2681; x_wconf 88' lang='lat' dir='ltr'><strong>malitia</strong></span> <span class='ocrx_word' id='word_1_433' title='bbox 2190 2629 2959 2684; x_wconf 77' lang='lat' dir='ltr'><strong>retrahentiumzmensuram</strong></span> <span class='ocrx_word' id='word_1_434' title='bbox 3001 2642 3130 2683; x_wconf 83' lang='lat' dir='ltr'><strong>vero</strong></span> <span class='ocrx_word' id='word_1_435' title='bbox 3165 2626 3470 2696; x_wconf 86' lang='lat' dir='ltr'><strong>spiritualis</strong></span> 
     </span>
    </p>
   </div>
   <div class='ocr_carea' id='block_1_70' title="bbox 1890 2720 3470 2792">
    <p class='ocr_par' dir='ltr' id='par_1_70' title="bbox 1890 2720 3470 2792">
     <span class='ocr_line' id='line_1_70' title="bbox 1890 2720 3470 2792; baseline 0.001 -18"><span class='ocrx_word' id='word_1_436' title='bbox 1890 2721 2036 2788; x_wconf 63' lang='lat' dir='ltr'><strong>vitae,</strong></span> <span class='ocrx_word' id='word_1_437' title='bbox 2072 2722 2456 2778; x_wconf 82' lang='lat' dir='ltr'><strong>mandatorum</strong></span> <span class='ocrx_word' id='word_1_438' title='bbox 2475 2722 2890 2788; x_wconf 84' lang='lat' dir='ltr'><strong>observatione,</strong></span> <span class='ocrx_word' id='word_1_439' title='bbox 2931 2720 3345 2792; x_wconf 76' lang='lat' dir='ltr'><strong>ampliﬁcabunt</strong></span> <span class='ocrx_word' id='word_1_440' title='bbox 3374 2720 3470 2775; x_wconf 89' lang='lat' dir='ltr'><strong>tibi</strong></span> 
     </span>
    </p>
   </div>
   <div class='ocr_carea' id='block_1_71' title="bbox 1890 2813 3473 2887">
    <p class='ocr_par' dir='ltr' id='par_1_71' title="bbox 1890 2813 3473 2887">
     <span class='ocr_line' id='line_1_71' title="bbox 1890 2813 3473 2887; baseline -0.002 -17"><span class='ocrx_word' id='word_1_441' title='bbox 1890 2815 2301 2886; x_wconf 79' lang='lat' dir='ltr'><strong>perspiritaletn</strong></span> <span class='ocrx_word' id='word_1_442' title='bbox 2362 2815 2729 2887; x_wconf 77' lang='lat' dir='ltr'><strong>cognitionem</strong></span> <span class='ocrx_word' id='word_1_443' title='bbox 2780 2830 2964 2870; x_wconf 89' lang='lat' dir='ltr'><strong>rerum</strong></span> <span class='ocrx_word' id='word_1_444' title='bbox 3016 2813 3473 2870; x_wconf 87' lang='lat' dir='ltr'><strong>intellectualium</strong></span> 
     </span>
    </p>
   </div>
   <div class='ocr_carea' id='block_1_72' title="bbox 1892 2905 3470 2976">
    <p class='ocr_par' dir='ltr' id='par_1_72' title="bbox 1892 2905 3470 2976">
     <span class='ocr_line' id='line_1_72' title="bbox 1892 2905 3470 2976; baseline -0.002 -16"><span class='ocrx_word' id='word_1_445' title='bbox 1892 2907 1961 2963; x_wconf 91' lang='lat' dir='ltr'><strong>ab</strong></span> <span class='ocrx_word' id='word_1_446' title='bbox 1991 2908 2138 2961; x_wconf 92' lang='lat' dir='ltr'><strong>omni</strong></span> <span class='ocrx_word' id='word_1_447' title='bbox 2194 2922 2456 2963; x_wconf 84' lang='lat' dir='ltr'><strong>sensuum</strong></span> <span class='ocrx_word' id='word_1_448' title='bbox 2521 2906 2737 2962; x_wconf 82' lang='lat' dir='ltr'><strong>fallacia</strong></span> <span class='ocrx_word' id='word_1_449' title='bbox 2770 2905 3178 2976; x_wconf 80' lang='lat' dir='ltr'><strong>puriﬁcantem,</strong></span> <span class='ocrx_word' id='word_1_450' title='bbox 3226 2922 3348 2976; x_wconf 69' lang='lat' dir='ltr'><strong>qua:</strong></span> <span class='ocrx_word' id='word_1_451' title='bbox 3372 2905 3470 2958; x_wconf 89' lang='lat' dir='ltr'><strong>tibi</strong></span> 
     </span>
    </p>
   </div>
   <div class='ocr_carea' id='block_1_73' title="bbox 1893 2999 3471 3070">
    <p class='ocr_par' dir='ltr' id='par_1_73' title="bbox 1893 2999 3471 3070">
     <span class='ocr_line' id='line_1_73' title="bbox 1893 2999 3471 3070; baseline -0.004 -15"><span class='ocrx_word' id='word_1_452' title='bbox 1893 3000 2176 3070; x_wconf 78' lang='lat' dir='ltr'><strong>paciﬁcum</strong></span> <span class='ocrx_word' id='word_1_453' title='bbox 2237 3001 2434 3056; x_wconf 62' lang='lat' dir='ltr'><strong>animae</strong></span> <span class='ocrx_word' id='word_1_454' title='bbox 2487 3007 2693 3054; x_wconf 86' lang='lat' dir='ltr'><strong>statum</strong></span> <span class='ocrx_word' id='word_1_455' title='bbox 2755 3008 2971 3069; x_wconf 78' lang='lat' dir='ltr'><strong>augeat,</strong></span> <span class='ocrx_word' id='word_1_456' title='bbox 3028 2999 3101 3052; x_wconf 80' lang='lat' dir='ltr'><strong>ita</strong></span> <span class='ocrx_word' id='word_1_457' title='bbox 3154 3005 3234 3063; x_wconf 87' lang='grc' dir='ltr'>ιιι,</span> <span class='ocrx_word' id='word_1_458' title='bbox 3259 3004 3471 3051; x_wconf 83' lang='lat' dir='ltr'><strong>remota</strong></span> 
     </span>
    </p>
   </div>
   <div class='ocr_carea' id='block_1_74' title="bbox 1813 3088 3471 3178">
    <p class='ocr_par' dir='ltr' id='par_1_74' title="bbox 1813 3088 3471 3178">
     <span class='ocr_line' id='line_1_74' title="bbox 1813 3088 3471 3178; baseline -0.002 -33"><span class='ocrx_word' id='word_1_459' title='bbox 1813 3116 1860 3178; x_wconf 68' lang='grc' dir='ltr'>ο</span> <span class='ocrx_word' id='word_1_460' title='bbox 1892 3091 2221 3162; x_wconf 82' lang='lat' dir='ltr'><strong>ignorantia,</strong></span> <span class='ocrx_word' id='word_1_461' title='bbox 2245 3093 2313 3147; x_wconf 90' lang='lat' dir='ltr'><strong>ab</strong></span> <span class='ocrx_word' id='word_1_462' title='bbox 2340 3092 2489 3147; x_wconf 91' lang='lat' dir='ltr'><strong>omni</strong></span> <span class='ocrx_word' id='word_1_463' title='bbox 2518 3091 2726 3146; x_wconf 88' lang='lat' dir='ltr'><strong>malitia</strong></span> <span class='ocrx_word' id='word_1_464' title='bbox 2763 3090 3059 3145; x_wconf 88' lang='lat' dir='ltr'><strong>abstineat.</strong></span> <span class='ocrx_word' id='word_1_465' title='bbox 3105 3088 3261 3146; x_wconf 88' lang='lat' dir='ltr'><strong>Nunc</strong></span> <span class='ocrx_word' id='word_1_466' title='bbox 3289 3096 3471 3144; x_wconf 85' lang='lat' dir='ltr'><strong>autem</strong></span> 
     </span>
    </p>
   </div>
   <div class='ocr_carea' id='block_1_75' title="bbox 1894 3182 3048 3254">
    <p class='ocr_par' dir='ltr' id='par_1_75' title="bbox 1894 3182 3048 3254">
     <span class='ocr_line' id='line_1_75' title="bbox 1894 3182 3048 3254; baseline -0.003 -17"><span class='ocrx_word' id='word_1_467' title='bbox 1894 3182 2018 3238; x_wconf 87' lang='lat' dir='ltr'><strong>audi</strong></span> <span class='ocrx_word' id='word_1_468' title='bbox 2042 3191 2251 3254; x_wconf 87' lang='lat' dir='ltr'><strong>partem</strong></span> <span class='ocrx_word' id='word_1_469' title='bbox 2278 3182 2727 3237; x_wconf 82' lang='lat' dir='ltr'><strong>exhortationum</strong></span> <span class='ocrx_word' id='word_1_470' title='bbox 2777 3194 3048 3236; x_wconf 87' lang='lat' dir='ltr'><strong>mearum.</strong></span> 
     </span>
    </p>
   </div>
   <div class='ocr_carea' id='block_1_76' title="bbox 1965 3448 3471 3511">
    <p class='ocr_par' dir='ltr' id='par_1_76' title="bbox 1965 3448 3471 3511">
     <span class='ocr_line' id='line_1_76' title="bbox 1965 3448 3471 3511; baseline -0.005 -3"><span class='ocrx_word' id='word_1_471' title='bbox 1965 3452 2131 3508; x_wconf 73' lang='lat' dir='ltr'><strong>Vens.</strong></span> <span class='ocrx_word' id='word_1_472' title='bbox 2166 3452 2221 3506; x_wconf 76' lang='lat'><strong>5.</strong></span> <span class='ocrx_word' id='word_1_473' title='bbox 2257 3450 2633 3506; x_wconf 75' lang='lat' dir='ltr'><strong>Misericordia</strong></span> <span class='ocrx_word' id='word_1_474' title='bbox 2679 3459 2728 3505; x_wconf 87' lang='lat' dir='ltr'><strong>et</strong></span> <span class='ocrx_word' id='word_1_475' title='bbox 2764 3450 2955 3504; x_wconf 79' lang='lat' dir='ltr'><strong>veritas</strong></span> <span class='ocrx_word' id='word_1_476' title='bbox 3007 3465 3109 3503; x_wconf 90' lang='lat' dir='ltr'><strong>non</strong></span> <span class='ocrx_word' id='word_1_477' title='bbox 3140 3457 3189 3511; x_wconf 83' lang='lat' dir='ltr'><strong>te</strong></span> <span class='ocrx_word' id='word_1_478' title='bbox 3209 3448 3471 3503; x_wconf 82' lang='lat' dir='ltr'><strong>deserant.</strong></span> 
     </span>
    </p>
   </div>
   <div class='ocr_carea' id='block_1_77' title="bbox 1895 3541 3474 3615">
    <p class='ocr_par' dir='ltr' id='par_1_77' title="bbox 1895 3541 3474 3615">
     <span class='ocr_line' id='line_1_77' title="bbox 1895 3541 3474 3615; baseline -0.003 -13"><span class='ocrx_word' id='word_1_479' title='bbox 1895 3545 2171 3602; x_wconf 80' lang='lat' dir='ltr'><strong>Miseratio</strong></span> <span class='ocrx_word' id='word_1_480' title='bbox 2195 3545 2454 3615; x_wconf 81' lang='lat' dir='ltr'><strong>proximi,</strong></span> <span class='ocrx_word' id='word_1_481' title='bbox 2512 3545 2566 3599; x_wconf 91' lang='lat' dir='ltr'><strong>in</strong></span> <span class='ocrx_word' id='word_1_482' title='bbox 2594 3544 2707 3598; x_wconf 89' lang='lat' dir='ltr'><strong>illis</strong></span> <span class='ocrx_word' id='word_1_483' title='bbox 2757 3541 3201 3597; x_wconf 81' lang='lat' dir='ltr'><strong>tribulationibus</strong></span> <span class='ocrx_word' id='word_1_484' title='bbox 3223 3582 3238 3607; x_wconf 91' lang='lat'><strong>,</strong></span> <span class='ocrx_word' id='word_1_485' title='bbox 3270 3557 3392 3611; x_wconf 62' lang='lat' dir='ltr'><strong>quae</strong></span> <span class='ocrx_word' id='word_1_486' title='bbox 3421 3542 3474 3597; x_wconf 88' lang='lat' dir='ltr'><strong>ci</strong></span> 
     </span>
    </p>
   </div>
   <div class='ocr_carea' id='block_1_78' title="bbox 1893 3634 3477 3704">
    <p class='ocr_par' dir='ltr' id='par_1_78' title="bbox 1893 3634 3477 3704">
     <span class='ocr_line' id='line_1_78' title="bbox 1893 3634 3477 3704; baseline -0.001 -13"><span class='ocrx_word' id='word_1_487' title='bbox 1893 3637 2062 3691; x_wconf 85' lang='lat' dir='ltr'><strong>invito</strong></span> <span class='ocrx_word' id='word_1_488' title='bbox 2103 3636 2382 3699; x_wconf 86' lang='lat' dir='ltr'><strong>accidunt,</strong></span> <span class='ocrx_word' id='word_1_489' title='bbox 2433 3642 2488 3690; x_wconf 88' lang='lat' dir='ltr'><strong>ct</strong></span> <span class='ocrx_word' id='word_1_490' title='bbox 2537 3634 2872 3690; x_wconf 86' lang='lat' dir='ltr'><strong>docilitatem</strong></span> <span class='ocrx_word' id='word_1_491' title='bbox 2917 3634 2983 3688; x_wconf 87' lang='lat' dir='ltr'><strong>ad</strong></span> <span class='ocrx_word' id='word_1_492' title='bbox 3027 3634 3218 3698; x_wconf 85' lang='lat' dir='ltr'><strong>Deum,</strong></span> <span class='ocrx_word' id='word_1_493' title='bbox 3270 3642 3328 3687; x_wconf 89' lang='lat' dir='ltr'><strong>ut</strong></span> <span class='ocrx_word' id='word_1_494' title='bbox 3356 3634 3477 3704; x_wconf 83' lang='lat' dir='ltr'><strong>ejus</strong></span> 
     </span>
    </p>
   </div>
   <div class='ocr_carea' id='block_1_79' title="bbox 1895 3723 2975 3789">
    <p class='ocr_par' dir='ltr' id='par_1_79' title="bbox 1895 3723 2975 3789">
     <span class='ocr_line' id='line_1_79' title="bbox 1895 3723 2975 3789; baseline -0.003 -9"><span class='ocrx_word' id='word_1_495' title='bbox 1895 3727 2150 3781; x_wconf 87' lang='lat' dir='ltr'><strong>mandata</strong></span> <span class='ocrx_word' id='word_1_496' title='bbox 2172 3725 2453 3789; x_wconf 88' lang='lat' dir='ltr'><strong>observes,</strong></span> <span class='ocrx_word' id='word_1_497' title='bbox 2476 3739 2585 3779; x_wconf 90' lang='lat' dir='ltr'><strong>non</strong></span> <span class='ocrx_word' id='word_1_498' title='bbox 2619 3731 2674 3779; x_wconf 88' lang='lat' dir='ltr'><strong>te</strong></span> <span class='ocrx_word' id='word_1_499' title='bbox 2695 3723 2975 3778; x_wconf 81' lang='lat' dir='ltr'><strong>deserant.</strong></span> 
     </span>
    </p>
   </div>
   <div class='ocr_carea' id='block_1_80' title="bbox 1966 3922 3477 4000">
    <p class='ocr_par' dir='ltr' id='par_1_80' title="bbox 1966 3922 3477 4000">
     <span class='ocr_line' id='line_1_80' title="bbox 1966 3922 3477 4000; baseline -0.007 -15"><span class='ocrx_word' id='word_1_500' title='bbox 1966 3927 2257 3985; x_wconf 83' lang='lat' dir='ltr'><strong>Circumda</strong></span> <span class='ocrx_word' id='word_1_501' title='bbox 2282 3945 2373 3983; x_wconf 81' lang='lat' dir='ltr'><strong>eas</strong></span> <span class='ocrx_word' id='word_1_502' title='bbox 2399 3926 2600 4000; x_wconf 84' lang='lat' dir='ltr'><strong>gutturi</strong></span> <span class='ocrx_word' id='word_1_503' title='bbox 2629 3935 2737 3980; x_wconf 90' lang='lat' dir='ltr'><strong>tuo.</strong></span> <span class='ocrx_word' id='word_1_504' title='bbox 2765 3922 3053 3994; x_wconf 87' lang='lat' dir='ltr'><strong>Suspende</strong></span> <span class='ocrx_word' id='word_1_505' title='bbox 3080 3924 3225 3990; x_wconf 87' lang='lat' dir='ltr'><strong>illas,</strong></span> <span class='ocrx_word' id='word_1_506' title='bbox 3253 3940 3355 3994; x_wconf 88' lang='lat' dir='ltr'><strong>pro</strong></span> <span class='ocrx_word' id='word_1_507' title='bbox 3388 3941 3477 3980; x_wconf 49' lang='lat' dir='ltr'><strong>ra.</strong></span> 
     </span>
    </p>
   </div>
   <div class='ocr_carea' id='block_1_81' title="bbox 1894 4018 3475 4091">
    <p class='ocr_par' dir='ltr' id='par_1_81' title="bbox 1894 4018 3475 4091">
     <span class='ocr_line' id='line_1_81' title="bbox 1894 4018 3475 4091; baseline -0.004 -15"><span class='ocrx_word' id='word_1_508' title='bbox 1894 4022 2046 4077; x_wconf 89' lang='lat' dir='ltr'><strong>tione</strong></span> <span class='ocrx_word' id='word_1_509' title='bbox 2079 4022 2222 4084; x_wconf 79' lang='lat' dir='ltr'><strong>vitae,</strong></span> <span class='ocrx_word' id='word_1_510' title='bbox 2279 4022 2334 4076; x_wconf 81' lang='lat' dir='ltr'><strong>in</strong></span> <span class='ocrx_word' id='word_1_511' title='bbox 2406 4020 2648 4091; x_wconf 84' lang='lat' dir='ltr'><strong>potentia</strong></span> <span class='ocrx_word' id='word_1_512' title='bbox 2678 4018 2919 4091; x_wconf 80' lang='lat' dir='ltr'><strong>practica</strong></span> <span class='ocrx_word' id='word_1_513' title='bbox 2950 4020 3146 4076; x_wconf 68' lang='lat' dir='ltr'><strong>anima:</strong></span> <span class='ocrx_word' id='word_1_514' title='bbox 3174 4027 3299 4083; x_wconf 66' lang='lat' dir='ltr'><strong>tum,</strong></span> <span class='ocrx_word' id='word_1_515' title='bbox 3332 4033 3475 4088; x_wconf 70' lang='lat' dir='ltr'><strong>quae,</strong></span> 
     </span>
    </p>
   </div>
   <div class='ocr_carea' id='block_1_82' title="bbox 1894 4110 3473 4185">
    <p class='ocr_par' dir='ltr' id='par_1_82' title="bbox 1894 4110 3473 4185">
     <span class='ocr_line' id='line_1_82' title="bbox 1894 4110 3473 4185; baseline -0.002 -18"><span class='ocrx_word' id='word_1_516' title='bbox 1894 4123 1953 4167; x_wconf 88' lang='lat' dir='ltr'><strong>ut</strong></span> <span class='ocrx_word' id='word_1_517' title='bbox 1981 4112 2186 4167; x_wconf 90' lang='lat' dir='ltr'><strong>collum</strong></span> <span class='ocrx_word' id='word_1_518' title='bbox 2218 4111 2327 4167; x_wconf 88' lang='lat' dir='ltr'><strong>illis</strong></span> <span class='ocrx_word' id='word_1_519' title='bbox 2357 4112 2645 4180; x_wconf 65' lang='lat' dir='ltr'><strong>subdatur,</strong></span> <span class='ocrx_word' id='word_1_520' title='bbox 2680 4114 2836 4183; x_wconf 82' lang='lat' dir='ltr'><strong>quasi</strong></span> <span class='ocrx_word' id='word_1_521' title='bbox 2887 4114 3051 4169; x_wconf 85' lang='lat' dir='ltr'><strong>alicui</strong></span> <span class='ocrx_word' id='word_1_522' title='bbox 3080 4114 3215 4185; x_wconf 84' lang='lat' dir='ltr'><strong>jugo</strong></span> <span class='ocrx_word' id='word_1_523' title='bbox 3268 4110 3473 4165; x_wconf 85' lang='lat' dir='ltr'><strong>divino.</strong></span> 
     </span>
    </p>
   </div>
   <div class='ocr_carea' id='block_1_83' title="bbox 1961 4286 3477 4357">
    <p class='ocr_par' dir='ltr' id='par_1_83' title="bbox 1961 4286 3477 4357">
     <span class='ocr_line' id='line_1_83' title="bbox 1961 4286 3477 4357; baseline -0.001 -14"><span class='ocrx_word' id='word_1_524' title='bbox 1961 4286 2144 4343; x_wconf 84' lang='lat' dir='ltr'><strong>Scribe</strong></span> <span class='ocrx_word' id='word_1_525' title='bbox 2200 4287 2327 4343; x_wconf 68' lang='lat' dir='ltr'><strong>illa:</strong></span> <span class='ocrx_word' id='word_1_526' title='bbox 2359 4289 2412 4341; x_wconf 88' lang='lat' dir='ltr'><strong>in</strong></span> <span class='ocrx_word' id='word_1_527' title='bbox 2435 4288 2631 4344; x_wconf 81' lang='lat' dir='ltr'><strong>tabulis</strong></span> <span class='ocrx_word' id='word_1_528' title='bbox 2676 4289 2853 4344; x_wconf 79' lang='lat' dir='ltr'><strong>cordis</strong></span> <span class='ocrx_word' id='word_1_529' title='bbox 2889 4293 2989 4354; x_wconf 85' lang='lat' dir='ltr'><strong>tui,</strong></span> <span class='ocrx_word' id='word_1_530' title='bbox 3019 4298 3069 4344; x_wconf 78' lang='lat' dir='ltr'><strong>et</strong></span> <span class='ocrx_word' id='word_1_531' title='bbox 3093 4290 3319 4343; x_wconf 73' lang='lat' dir='ltr'><strong>invenies</strong></span> <span class='ocrx_word' id='word_1_532' title='bbox 3350 4304 3477 4357; x_wconf 80' lang='lat' dir='ltr'><strong>gra-</strong></span> 
     </span>
    </p>
   </div>
   <div class='ocr_carea' id='block_1_84' title="bbox 1891 4378 3479 4452">
    <p class='ocr_par' dir='ltr' id='par_1_84' title="bbox 1891 4378 3479 4452">
     <span class='ocr_line' id='line_1_84' title="bbox 1891 4378 3479 4452; baseline -0.001 -19"><span class='ocrx_word' id='word_1_533' title='bbox 1891 4380 2043 4433; x_wconf 88' lang='lat' dir='ltr'><strong>tiam.</strong></span> <span class='ocrx_word' id='word_1_534' title='bbox 2069 4378 2322 4448; x_wconf 84' lang='lat' dir='ltr'><strong>lnsculpe</strong></span> <span class='ocrx_word' id='word_1_535' title='bbox 2364 4380 2485 4434; x_wconf 89' lang='lat' dir='ltr'><strong>illas</strong></span> <span class='ocrx_word' id='word_1_536' title='bbox 2524 4396 2620 4450; x_wconf 87' lang='lat' dir='ltr'><strong>per</strong></span> <span class='ocrx_word' id='word_1_537' title='bbox 2656 4380 2937 4447; x_wconf 77' lang='lat' dir='ltr'><strong>aﬂ‘cctum,</strong></span> <span class='ocrx_word' id='word_1_538' title='bbox 2992 4382 3044 4435; x_wconf 74' lang='lat' dir='ltr'><strong>in</strong></span> <span class='ocrx_word' id='word_1_539' title='bbox 3081 4380 3321 4452; x_wconf 85' lang='lat' dir='ltr'><strong>potentia</strong></span> <span class='ocrx_word' id='word_1_540' title='bbox 3353 4394 3479 4433; x_wconf 82' lang='lat' dir='ltr'><strong>con-</strong></span> 
     </span>
    </p>
   </div>
   <div class='ocr_carea' id='block_1_85' title="bbox 276 4457 1788 4543">
    <p class='ocr_par' dir='ltr' id='par_1_85' title="bbox 276 4457 1788 4541">
     <span class='ocr_line' id='line_1_85' title="bbox 276 4457 1788 4541; baseline -0.008 -16"><span class='ocrx_word' id='word_1_541' title='bbox 276 4470 612 4541; x_wconf 80' lang='grc' dir='ltr'>Ἐγκόλαψον</span> <span class='ocrx_word' id='word_1_542' title='bbox 636 4469 694 4541; x_wconf 68' lang='grc' dir='ltr'>δὲ</span> <span class='ocrx_word' id='word_1_543' title='bbox 720 4466 923 4530; x_wconf 84' lang='grc' dir='ltr'>ταύτας</span> <span class='ocrx_word' id='word_1_544' title='bbox 950 4462 1088 4520; x_wconf 80' lang='grc' dir='ltr'>κατὰ</span> <span class='ocrx_word' id='word_1_545' title='bbox 1117 4461 1362 4517; x_wconf 88' lang='grc' dir='ltr'>διάθεσιν</span> <span class='ocrx_word' id='word_1_546' title='bbox 1390 4459 1468 4532; x_wconf 83' lang='grc' dir='ltr'>τῷ</span> <span class='ocrx_word' id='word_1_547' title='bbox 1509 4457 1788 4530; x_wconf 82' lang='grc' dir='ltr'>παθητικῷ</span> 
     </span>
    </p>
   </div>
   <div class='ocr_carea' id='block_1_86' title="bbox 1895 4457 3477 4543">
    <p class='ocr_par' dir='ltr' id='par_1_86' title="bbox 1900 4472 3477 4543">
     <span class='ocr_line' id='line_1_86' title="bbox 1900 4472 3477 4543; baseline -0.003 -14"><span class='ocrx_word' id='word_1_548' title='bbox 1900 4472 2224 4543; x_wconf 87' lang='lat' dir='ltr'><strong>cupiscibile</strong></span> <span class='ocrx_word' id='word_1_549' title='bbox 2249 4473 2445 4527; x_wconf 64' lang='lat' dir='ltr'><strong>anima:</strong></span> <span class='ocrx_word' id='word_1_550' title='bbox 2471 4481 2599 4538; x_wconf 73' lang='lat' dir='ltr'><strong>tute,</strong></span> <span class='ocrx_word' id='word_1_551' title='bbox 2624 4481 2681 4529; x_wconf 85' lang='lat' dir='ltr'><strong>et</strong></span> <span class='ocrx_word' id='word_1_552' title='bbox 2711 4474 3051 4529; x_wconf 83' lang='lat' dir='ltr'><strong>sanctissimi</strong></span> <span class='ocrx_word' id='word_1_553' title='bbox 3082 4473 3323 4543; x_wconf 86' lang='lat' dir='ltr'><strong>Spiritus</strong></span> <span class='ocrx_word' id='word_1_554' title='bbox 3357 4484 3477 4542; x_wconf 83' lang='lat' dir='ltr'><strong>gra-</strong></span> 
     </span>
    </p>
   </div>
   <div class='ocr_carea' id='block_1_87' title="bbox 202 4552 1798 4634">
    <p class='ocr_par' dir='ltr' id='par_1_87' title="bbox 202 4552 1798 4634">
     <span class='ocr_line' id='line_1_87' title="bbox 202 4552 1798 4634; baseline -0.007 -15"><span class='ocrx_word' id='word_1_555' title='bbox 202 4565 305 4634; x_wconf 78' lang='grc' dir='ltr'>τῆς</span> <span class='ocrx_word' id='word_1_556' title='bbox 321 4562 500 4633; x_wconf 75' lang='grc' dir='ltr'>ψυχῆς</span> <span class='ocrx_word' id='word_1_557' title='bbox 531 4579 648 4627; x_wconf 89' lang='grc' dir='ltr'>σου,</span> <span class='ocrx_word' id='word_1_558' title='bbox 680 4561 775 4615; x_wconf 70' lang='grc' dir='ltr'><strong>καὶ</strong></span> <span class='ocrx_word' id='word_1_559' title='bbox 798 4558 1064 4629; x_wconf 76' lang='grc' dir='ltr'>ἐπιτύχῃς</span> <span class='ocrx_word' id='word_1_560' title='bbox 1091 4558 1189 4627; x_wconf 77' lang='grc' dir='ltr'>τῆς</span> <span class='ocrx_word' id='word_1_561' title='bbox 1218 4553 1313 4607; x_wconf 81' lang='grc' dir='ltr'><strong>τοῦ</strong></span> <span class='ocrx_word' id='word_1_562' title='bbox 1336 4552 1603 4622; x_wconf 83' lang='grc' dir='ltr'>παναγίου</span> <span class='ocrx_word' id='word_1_563' title='bbox 1627 4553 1798 4608; x_wconf 79' lang='lat' dir='ltr'><strong>Ilvati-</strong></span> 
     </span>
    </p>
   </div>
   <div class='ocr_carea' id='block_1_88' title="bbox 208 4655 664 4729">
    <p class='ocr_par' dir='ltr' id='par_1_88' title="bbox 208 4655 664 4729">
     <span class='ocr_line' id='line_1_88' title="bbox 208 4655 664 4729; baseline -0.007 -19"><span class='ocrx_word' id='word_1_564' title='bbox 208 4672 382 4729; x_wconf 86' lang='grc' dir='ltr'>ματος</span> <span class='ocrx_word' id='word_1_565' title='bbox 418 4655 664 4725; x_wconf 79' lang='grc' dir='ltr'>χάριτος.</span> 
     </span>
    </p>
   </div>
   <div class='ocr_carea' id='block_1_89' title="bbox 278 4740 1794 4816">
    <p class='ocr_par' dir='ltr' id='par_1_89' title="bbox 278 4740 1794 4816">
     <span class='ocr_line' id='line_1_89' title="bbox 278 4740 1794 4816; baseline -0.006 -12"><span class='ocrx_word' id='word_1_566' title='bbox 278 4748 343 4804; x_wconf 76' lang='grc' dir='ltr'>δ’.</span> <span class='ocrx_word' id='word_1_567' title='bbox 371 4747 637 4816; x_wconf 84' lang='grc' dir='ltr'>Προνοοῦ</span> <span class='ocrx_word' id='word_1_568' title='bbox 664 4746 821 4800; x_wconf 67' lang='grc' dir='ltr'>καλὰ</span> <span class='ocrx_word' id='word_1_569' title='bbox 845 4743 1103 4798; x_wconf 72' lang='grc' dir='ltr'>ἐνώπιον</span> <span class='ocrx_word' id='word_1_570' title='bbox 1129 4741 1277 4797; x_wconf 80' lang='grc' dir='ltr'>Θεοῦ</span> <span class='ocrx_word' id='word_1_571' title='bbox 1308 4742 1411 4799; x_wconf 77' lang='grc' dir='ltr'>καὶ</span> <span class='ocrx_word' id='word_1_572' title='bbox 1449 4740 1794 4809; x_wconf 77' lang='grc' dir='ltr'>ἀνθρώπων.</span> 
     </span>
    </p>
   </div>
   <div class='ocr_carea' id='block_1_90' title="bbox 206 4832 1799 4912">
    <p class='ocr_par' dir='ltr' id='par_1_90' title="bbox 206 4832 1799 4912">
     <span class='ocr_line' id='line_1_90' title="bbox 206 4832 1799 4912; baseline -0.006 -18"><span class='ocrx_word' id='word_1_573' title='bbox 206 4840 325 4912; x_wconf 85' lang='grc' dir='ltr'>Πρὸ</span> <span class='ocrx_word' id='word_1_574' title='bbox 358 4840 538 4908; x_wconf 84' lang='grc' dir='ltr'>πάσης</span> <span class='ocrx_word' id='word_1_575' title='bbox 569 4837 736 4907; x_wconf 80' lang='grc' dir='ltr'>ἄλλης</span> <span class='ocrx_word' id='word_1_576' title='bbox 794 4835 1026 4900; x_wconf 77' lang='grc' dir='ltr'>ἐννοίας,</span> <span class='ocrx_word' id='word_1_577' title='bbox 1079 4833 1293 4889; x_wconf 80' lang='grc' dir='ltr'>διανοοῦ</span> <span class='ocrx_word' id='word_1_578' title='bbox 1338 4832 1652 4903; x_wconf 76' lang='grc' dir='ltr'>ἔμπροσθεν</span> <span class='ocrx_word' id='word_1_579' title='bbox 1699 4832 1799 4902; x_wconf 83' lang='grc' dir='ltr'><strong>μὲν</strong></span> 
     </span>
    </p>
   </div>
   <div class='ocr_carea' id='block_1_91' title="bbox 205 4920 1799 5001">
    <p class='ocr_par' dir='ltr' id='par_1_91' title="bbox 205 4920 1799 5001">
     <span class='ocr_line' id='line_1_91' title="bbox 205 4920 1799 5001; baseline -0.003 -18"><span class='ocrx_word' id='word_1_580' title='bbox 205 4930 346 4991; x_wconf 76' lang='grc' dir='ltr'>Θεοῦ</span> <span class='ocrx_word' id='word_1_581' title='bbox 365 4930 425 4982; x_wconf 86' lang='grc' dir='ltr'><strong>τὸ</strong></span> <span class='ocrx_word' id='word_1_582' title='bbox 454 4928 592 5001; x_wconf 81' lang='grc' dir='ltr'>πρὸς</span> <span class='ocrx_word' id='word_1_583' title='bbox 629 4928 790 4982; x_wconf 83' lang='grc' dir='ltr'>αὐτὸν</span> <span class='ocrx_word' id='word_1_584' title='bbox 807 4927 1049 4991; x_wconf 77' lang='grc' dir='ltr'>εὐσεϐὲς,</span> <span class='ocrx_word' id='word_1_585' title='bbox 1077 4925 1383 4996; x_wconf 74' lang='grc' dir='ltr'>ἔμπροσθεν</span> <span class='ocrx_word' id='word_1_586' title='bbox 1409 4924 1464 4981; x_wconf 84' lang='grc' dir='ltr'>δὲ</span> <span class='ocrx_word' id='word_1_587' title='bbox 1496 4920 1799 4994; x_wconf 84' lang='grc' dir='ltr'>ἀνθρώπων</span> 
     </span>
    </p>
   </div>
   <div class='ocr_carea' id='block_1_92' title="bbox 205 5018 1056 5092">
    <p class='ocr_par' dir='ltr' id='par_1_92' title="bbox 205 5018 1056 5092">
     <span class='ocr_line' id='line_1_92' title="bbox 205 5018 1056 5092; baseline -0.007 -15"><span class='ocrx_word' id='word_1_588' title='bbox 205 5024 268 5077; x_wconf 83' lang='grc' dir='ltr'><strong>τὸ</strong></span> <span class='ocrx_word' id='word_1_589' title='bbox 294 5021 434 5092; x_wconf 83' lang='grc' dir='ltr'>πρὸς</span> <span class='ocrx_word' id='word_1_590' title='bbox 462 5020 660 5082; x_wconf 80' lang='grc' dir='ltr'>αὐτοὺς</span> <span class='ocrx_word' id='word_1_591' title='bbox 688 5018 1056 5089; x_wconf 80' lang='grc' dir='ltr'>εὐεργετικόν.</span> 
     </span>
    </p>
   </div>
   <div class='ocr_carea' id='block_1_93' title="bbox 282 5110 1794 5180">
    <p class='ocr_par' dir='ltr' id='par_1_93' title="bbox 282 5110 1794 5180">
     <span class='ocr_line' id='line_1_93' title="bbox 282 5110 1794 5180; baseline -0.003 -11"><span class='ocrx_word' id='word_1_592' title='bbox 282 5120 347 5169; x_wconf 75' lang='grc' dir='ltr'>ε’.</span> <span class='ocrx_word' id='word_1_593' title='bbox 387 5117 544 5170; x_wconf 83' lang='grc' dir='ltr'>Ἵσθι</span> <span class='ocrx_word' id='word_1_594' title='bbox 578 5112 878 5176; x_wconf 78' lang='grc' dir='ltr'>πεποιθὼς</span> <span class='ocrx_word' id='word_1_595' title='bbox 909 5112 978 5165; x_wconf 81' lang='grc' dir='ltr'>ἐν</span> <span class='ocrx_word' id='word_1_596' title='bbox 1020 5111 1133 5179; x_wconf 76' lang='grc' dir='ltr'><strong>ὅλῃ</strong></span> <span class='ocrx_word' id='word_1_597' title='bbox 1162 5110 1376 5179; x_wconf 82' lang='grc' dir='ltr'>καρδίᾳ</span> <span class='ocrx_word' id='word_1_598' title='bbox 1401 5110 1500 5165; x_wconf 74' lang='grc' dir='ltr'>ἐπὶ</span> <span class='ocrx_word' id='word_1_599' title='bbox 1544 5111 1794 5180; x_wconf 65' lang='grc' dir='ltr'>Κύριον*</span> 
     </span>
    </p>
   </div>
   <div class='ocr_carea' id='block_1_94' title="bbox 208 5200 1800 5271">
    <p class='ocr_par' dir='ltr' id='par_1_94' title="bbox 208 5200 1800 5271">
     <span class='ocr_line' id='line_1_94' title="bbox 208 5200 1800 5271; baseline 0 -15"><span class='ocrx_word' id='word_1_600' title='bbox 208 5203 307 5256; x_wconf 73' lang='grc' dir='ltr'>ἐπὶ</span> <span class='ocrx_word' id='word_1_601' title='bbox 338 5202 405 5255; x_wconf 84' lang='grc' dir='ltr'>δὲ</span> <span class='ocrx_word' id='word_1_602' title='bbox 429 5201 615 5271; x_wconf 58' lang='grc' dir='ltr'>σοφίᾳ</span> <span class='ocrx_word' id='word_1_603' title='bbox 645 5201 732 5270; x_wconf 81' lang='grc' dir='ltr'>μὴ</span> <span class='ocrx_word' id='word_1_604' title='bbox 759 5202 1030 5269; x_wconf 81' lang='grc' dir='ltr'>ὲπαίρου.</span> <span class='ocrx_word' id='word_1_605' title='bbox 1050 5200 1274 5265; x_wconf 78' lang='grc' dir='ltr'>Ἕλπιζε</span> <span class='ocrx_word' id='word_1_606' title='bbox 1304 5201 1396 5255; x_wconf 80' lang='grc' dir='ltr'>ἐπὶ</span> <span class='ocrx_word' id='word_1_607' title='bbox 1424 5201 1517 5254; x_wconf 83' lang='grc' dir='ltr'><strong>τὸν</strong></span> <span class='ocrx_word' id='word_1_608' title='bbox 1545 5200 1639 5254; x_wconf 84' lang='grc' dir='ltr'>τοῦ</span> <span class='ocrx_word' id='word_1_609' title='bbox 1664 5218 1800 5257; x_wconf 81' lang='grc' dir='ltr'>παν·</span> 
     </span>
    </p>
   </div>
   <div class='ocr_carea' id='block_1_95' title="bbox 209 5291 1800 5365">
    <p class='ocr_par' dir='ltr' id='par_1_95' title="bbox 209 5291 1800 5365">
     <span class='ocr_line' id='line_1_95' title="bbox 209 5291 1800 5365; baseline -0.003 -17"><span class='ocrx_word' id='word_1_610' title='bbox 209 5296 303 5359; x_wconf 82' lang='grc' dir='ltr'><strong>τὸς</strong></span> <span class='ocrx_word' id='word_1_611' title='bbox 333 5294 615 5365; x_wconf 84' lang='grc' dir='ltr'>Δεσπότην</span> <span class='ocrx_word' id='word_1_612' title='bbox 662 5292 817 5357; x_wconf 81' lang='grc' dir='ltr'>Θεὸν,</span> <span class='ocrx_word' id='word_1_613' title='bbox 851 5292 909 5358; x_wconf 78' lang='grc' dir='ltr'>ἐξ</span> <span class='ocrx_word' id='word_1_614' title='bbox 947 5291 1077 5359; x_wconf 84' lang='grc' dir='ltr'>ὅλης</span> <span class='ocrx_word' id='word_1_615' title='bbox 1105 5291 1316 5363; x_wconf 49' lang='grc' dir='ltr'>ψυχῆς</span> <span class='ocrx_word' id='word_1_616' title='bbox 1358 5292 1453 5345; x_wconf 77' lang='grc' dir='ltr'>ἐπὶ</span> <span class='ocrx_word' id='word_1_617' title='bbox 1481 5292 1537 5345; x_wconf 76' lang='grc' dir='ltr'>δὲ</span> <span class='ocrx_word' id='word_1_618' title='bbox 1566 5294 1631 5363; x_wconf 72' lang='grc' dir='ltr'>τῇ</span> <span class='ocrx_word' id='word_1_619' title='bbox 1670 5291 1800 5362; x_wconf 85' lang='grc' dir='ltr'>παρ’</span> 
     </span>
    </p>
   </div>
   <div class='ocr_carea' id='block_1_96' title="bbox 210 5381 1797 5456">
    <p class='ocr_par' dir='ltr' id='par_1_96' title="bbox 210 5381 1797 5456">
     <span class='ocr_line' id='line_1_96' title="bbox 210 5381 1797 5456; baseline -0.002 -16"><span class='ocrx_word' id='word_1_620' title='bbox 210 5385 379 5447; x_wconf 80' lang='grc' dir='ltr'>αὐτοῦ</span> <span class='ocrx_word' id='word_1_621' title='bbox 401 5385 617 5456; x_wconf 79' lang='grc' dir='ltr'>δοθείσῃ</span> <span class='ocrx_word' id='word_1_622' title='bbox 646 5403 729 5439; x_wconf 87' lang='grc' dir='ltr'><strong>σοι</strong></span> <span class='ocrx_word' id='word_1_623' title='bbox 751 5384 893 5439; x_wconf 74' lang='grc' dir='ltr'>κατὰ</span> <span class='ocrx_word' id='word_1_624' title='bbox 927 5384 1086 5454; x_wconf 82' lang='grc' dir='ltr'>χάριν</span> <span class='ocrx_word' id='word_1_625' title='bbox 1112 5384 1276 5455; x_wconf 73' lang='grc' dir='ltr'>σοφίᾳ</span> <span class='ocrx_word' id='word_1_626' title='bbox 1305 5381 1381 5453; x_wconf 81' lang='grc' dir='ltr'>μὴ</span> <span class='ocrx_word' id='word_1_627' title='bbox 1415 5382 1559 5453; x_wconf 83' lang='grc' dir='ltr'>μέγα</span> <span class='ocrx_word' id='word_1_628' title='bbox 1591 5382 1797 5453; x_wconf 79' lang='grc' dir='ltr'>φρόνει.</span> 
     </span>
    </p>
   </div>
   <div class='ocr_carea' id='block_1_97' title="bbox 284 5474 1809 5550">
    <p class='ocr_par' dir='ltr' id='par_1_97' title="bbox 284 5474 1809 5550">
     <span class='ocr_line' id='line_1_97' title="bbox 284 5474 1809 5550; baseline -0.001 -20"><span class='ocrx_word' id='word_1_629' title='bbox 284 5483 360 5542; x_wconf 83' lang='grc' dir='ltr'>ς’.</span> <span class='ocrx_word' id='word_1_630' title='bbox 402 5479 504 5530; x_wconf 84' lang='grc' dir='ltr'><em>Ἐν</em></span> <span class='ocrx_word' id='word_1_631' title='bbox 530 5477 756 5542; x_wconf 80' lang='grc' dir='ltr'>πάσαις</span> <span class='ocrx_word' id='word_1_632' title='bbox 804 5475 931 5544; x_wconf 83' lang='grc' dir='ltr'>ταῖς</span> <span class='ocrx_word' id='word_1_633' title='bbox 973 5474 1132 5540; x_wconf 81' lang='grc' dir='ltr'>ὁδοῖς</span> <span class='ocrx_word' id='word_1_634' title='bbox 1165 5489 1282 5528; x_wconf 85' lang='grc' dir='ltr'><strong>σου</strong></span> <span class='ocrx_word' id='word_1_635' title='bbox 1310 5474 1547 5549; x_wconf 55' lang='lat' dir='ltr'><strong>Webth</strong></span> <span class='ocrx_word' id='word_1_636' title='bbox 1586 5474 1809 5550; x_wconf 69' lang='grc' dir='ltr'>αὐτὴν,</span> 
     </span>
    </p>
   </div>
   <div class='ocr_carea' id='block_1_98' title="bbox 210 5566 1802 5641">
    <p class='ocr_par' dir='ltr' id='par_1_98' title="bbox 210 5566 1802 5641">
     <span class='ocr_line' id='line_1_98' title="bbox 210 5566 1802 5641; baseline 0.003 -20"><span class='ocrx_word' id='word_1_637' title='bbox 210 5568 315 5621; x_wconf 70' lang='grc' dir='ltr'><strong>ἵνα</strong></span> <span class='ocrx_word' id='word_1_638' title='bbox 335 5566 625 5637; x_wconf 77' lang='grc' dir='ltr'>ὀρθοτομῇ</span> <span class='ocrx_word' id='word_1_639' title='bbox 654 5567 761 5633; x_wconf 81' lang='grc' dir='ltr'>τὰς</span> <span class='ocrx_word' id='word_1_640' title='bbox 789 5568 968 5631; x_wconf 77' lang='grc' dir='ltr'>ὁδούς</span> <span class='ocrx_word' id='word_1_641' title='bbox 993 5583 1130 5629; x_wconf 83' lang='grc' dir='ltr'>σου,</span> <span class='ocrx_word' id='word_1_642' title='bbox 1157 5569 1190 5621; x_wconf 84' lang='grc' dir='ltr'><strong><em>ό</em></strong></span> <span class='ocrx_word' id='word_1_643' title='bbox 1217 5567 1286 5619; x_wconf 80' lang='grc' dir='ltr'>δὲ</span> <span class='ocrx_word' id='word_1_644' title='bbox 1308 5569 1462 5634; x_wconf 84' lang='grc' dir='ltr'>πούς</span> <span class='ocrx_word' id='word_1_645' title='bbox 1486 5584 1603 5622; x_wconf 85' lang='grc' dir='ltr'><strong>σου</strong></span> <span class='ocrx_word' id='word_1_646' title='bbox 1630 5573 1701 5625; x_wconf 84' lang='grc' dir='ltr'>οὺ</span> <span class='ocrx_word' id='word_1_647' title='bbox 1716 5576 1802 5641; x_wconf 77' lang='grc' dir='ltr'>μὴ</span> 
     </span>
    </p>
   </div>
   <div class='ocr_carea' id='block_1_99' title="bbox 214 5659 1795 5732">
    <p class='ocr_par' dir='ltr' id='par_1_99' title="bbox 214 5659 1795 5732">
     <span class='ocr_line' id='line_1_99' title="bbox 214 5659 1795 5732; baseline 0.004 -20"><span class='ocrx_word' id='word_1_648' title='bbox 214 5661 593 5730; x_wconf 73' lang='grc' dir='ltr'>προσκόπτῃ.</span> <span class='ocrx_word' id='word_1_649' title='bbox 627 5660 771 5713; x_wconf 83' lang='grc' dir='ltr'>Ἀλλ’</span> <span class='ocrx_word' id='word_1_650' title='bbox 798 5662 856 5714; x_wconf 87' lang='grc' dir='ltr'><strong>ἐν</strong></span> <span class='ocrx_word' id='word_1_651' title='bbox 887 5662 1023 5713; x_wconf 82' lang='grc' dir='ltr'>πᾶσι</span> <span class='ocrx_word' id='word_1_652' title='bbox 1056 5662 1168 5724; x_wconf 86' lang='grc' dir='ltr'>τοῖς</span> <span class='ocrx_word' id='word_1_653' title='bbox 1198 5659 1381 5732; x_wconf 84' lang='grc' dir='ltr'>ἔργοις</span> <span class='ocrx_word' id='word_1_654' title='bbox 1410 5679 1504 5715; x_wconf 90' lang='grc' dir='ltr'><strong>σου</strong></span> <span class='ocrx_word' id='word_1_655' title='bbox 1544 5665 1795 5731; x_wconf 83' lang='grc' dir='ltr'>ἐπιγίνω-</span> 
     </span>
    </p>
   </div>
   <div class='ocr_carea' id='block_1_100' title="bbox 218 5752 1800 5826">
    <p class='ocr_par' dir='ltr' id='par_1_100' title="bbox 218 5752 1800 5826">
     <span class='ocr_line' id='line_1_100' title="bbox 218 5752 1800 5826; baseline 0.003 -22"><span class='ocrx_word' id='word_1_656' title='bbox 218 5769 312 5807; x_wconf 63' lang='lat' dir='ltr'><strong>an:</strong></span> <span class='ocrx_word' id='word_1_657' title='bbox 367 5754 534 5825; x_wconf 70' lang='grc' dir='ltr'>αὐτὴν</span> <span class='ocrx_word' id='word_1_658' title='bbox 566 5752 778 5823; x_wconf 67' lang='grc' dir='ltr'>ὁδηγὸν,</span> <span class='ocrx_word' id='word_1_659' title='bbox 816 5754 961 5817; x_wconf 74' lang='grc' dir='ltr'>ὅπως</span> <span class='ocrx_word' id='word_1_660' title='bbox 997 5753 1246 5825; x_wconf 78' lang='grc' dir='ltr'>διευθύνῃ</span> <span class='ocrx_word' id='word_1_661' title='bbox 1282 5754 1417 5808; x_wconf 75' lang='grc' dir='ltr'>αὐτὰ</span> <span class='ocrx_word' id='word_1_662' title='bbox 1454 5754 1547 5808; x_wconf 75' lang='grc' dir='ltr'>τοῦ</span> <span class='ocrx_word' id='word_1_663' title='bbox 1594 5756 1800 5826; x_wconf 64' lang='grc' dir='ltr'>ἀγαθοῦ</span> 
     </span>
    </p>
   </div>
   <div class='ocr_carea' id='block_1_101' title="bbox 1901 4564 2323 4621">
    <p class='ocr_par' dir='ltr' id='par_1_101' title="bbox 1901 4564 2323 4621">
     <span class='ocr_line' id='line_1_101' title="bbox 1901 4564 2323 4621; baseline -0.005 -1"><span class='ocrx_word' id='word_1_664' title='bbox 1901 4567 2031 4621; x_wconf 90' lang='lat' dir='ltr'><strong>tiam</strong></span> <span class='ocrx_word' id='word_1_665' title='bbox 2054 4564 2323 4621; x_wconf 87' lang='lat' dir='ltr'><strong>invenies.</strong></span> 
     </span>
    </p>
   </div>
   <div class='ocr_carea' id='block_1_102' title="bbox 1971 4732 3477 4804">
    <p class='ocr_par' dir='ltr' id='par_1_102' title="bbox 1971 4732 3477 4804">
     <span class='ocr_line' id='line_1_102' title="bbox 1971 4732 3477 4804; baseline -0.001 -5"><span class='ocrx_word' id='word_1_666' title='bbox 1971 4732 2136 4800; x_wconf 56' lang='lat' dir='ltr'><strong>Vnius.</strong></span> <span class='ocrx_word' id='word_1_667' title='bbox 2162 4745 2216 4800; x_wconf 72' lang='grc'>4.</span> <span class='ocrx_word' id='word_1_668' title='bbox 2239 4742 2465 4799; x_wconf 82' lang='lat' dir='ltr'><strong>Provide</strong></span> <span class='ocrx_word' id='word_1_669' title='bbox 2495 4742 2632 4798; x_wconf 86' lang='lat' dir='ltr'><strong>bona</strong></span> <span class='ocrx_word' id='word_1_670' title='bbox 2675 4757 2858 4797; x_wconf 79' lang='lat' dir='ltr'><strong>coram</strong></span> <span class='ocrx_word' id='word_1_671' title='bbox 2920 4740 3022 4797; x_wconf 87' lang='lat' dir='ltr'><strong>Deo</strong></span> <span class='ocrx_word' id='word_1_672' title='bbox 3054 4752 3102 4797; x_wconf 91' lang='lat' dir='ltr'><strong>et</strong></span> <span class='ocrx_word' id='word_1_673' title='bbox 3155 4742 3477 4804; x_wconf 69' lang='lat' dir='ltr'><strong>hominibus,</strong></span> 
     </span>
    </p>
   </div>
   <div class='ocr_carea' id='block_1_103' title="bbox 1900 4835 3480 4906">
    <p class='ocr_par' dir='ltr' id='par_1_103' title="bbox 1900 4835 3480 4906">
     <span class='ocr_line' id='line_1_103' title="bbox 1900 4835 3480 4906; baseline 0.001 -12"><span class='ocrx_word' id='word_1_674' title='bbox 1900 4840 2041 4894; x_wconf 78' lang='lat' dir='ltr'><strong>Ante</strong></span> <span class='ocrx_word' id='word_1_675' title='bbox 2079 4853 2297 4893; x_wconf 87' lang='lat' dir='ltr'><strong>omnem</strong></span> <span class='ocrx_word' id='word_1_676' title='bbox 2354 4837 2519 4891; x_wconf 87' lang='lat' dir='ltr'><strong>aliam</strong></span> <span class='ocrx_word' id='word_1_677' title='bbox 2589 4835 3003 4906; x_wconf 84' lang='lat' dir='ltr'><strong>cogitationem,</strong></span> <span class='ocrx_word' id='word_1_678' title='bbox 3032 4837 3259 4906; x_wconf 85' lang='lat' dir='ltr'><strong>provide</strong></span> <span class='ocrx_word' id='word_1_679' title='bbox 3293 4852 3480 4895; x_wconf 82' lang='lat' dir='ltr'><strong>coram</strong></span> 
     </span>
    </p>
   </div>
   <div class='ocr_carea' id='block_1_104' title="bbox 1902 4929 3480 5001">
    <p class='ocr_par' dir='ltr' id='par_1_104' title="bbox 1902 4929 3480 5001">
     <span class='ocr_line' id='line_1_104' title="bbox 1902 4929 3480 5001; baseline -0.003 -13"><span class='ocrx_word' id='word_1_680' title='bbox 1902 4933 2033 4995; x_wconf 86' lang='lat' dir='ltr'><strong>Deo,</strong></span> <span class='ocrx_word' id='word_1_681' title='bbox 2073 4932 2329 5001; x_wconf 86' lang='lat' dir='ltr'><strong>pietatem</strong></span> <span class='ocrx_word' id='word_1_682' title='bbox 2395 4930 2461 4985; x_wconf 87' lang='lat' dir='ltr'><strong>ad</strong></span> <span class='ocrx_word' id='word_1_683' title='bbox 2495 4929 2675 4994; x_wconf 85' lang='lat' dir='ltr'><strong>illum,</strong></span> <span class='ocrx_word' id='word_1_684' title='bbox 2706 4936 2761 4984; x_wconf 90' lang='lat' dir='ltr'><strong>et</strong></span> <span class='ocrx_word' id='word_1_685' title='bbox 2795 4944 2977 4983; x_wconf 85' lang='lat' dir='ltr'><strong>coram</strong></span> <span class='ocrx_word' id='word_1_686' title='bbox 3020 4931 3356 4996; x_wconf 85' lang='lat' dir='ltr'><strong>hominibus,</strong></span> <span class='ocrx_word' id='word_1_687' title='bbox 3384 4932 3480 4987; x_wconf 44' lang='lat' dir='ltr'><strong>ben</strong></span> 
     </span>
    </p>
   </div>
   <div class='ocr_carea' id='block_1_105' title="bbox 1902 5027 2542 5094">
    <p class='ocr_par' dir='ltr' id='par_1_105' title="bbox 1902 5027 2542 5094">
     <span class='ocr_line' id='line_1_105' title="bbox 1902 5027 2542 5094; baseline -0.003 -13"><span class='ocrx_word' id='word_1_688' title='bbox 1902 5027 2244 5081; x_wconf 84' lang='lat' dir='ltr'><strong>nelicentiam</strong></span> <span class='ocrx_word' id='word_1_689' title='bbox 2276 5039 2404 5094; x_wconf 82' lang='lat' dir='ltr'><strong>erga</strong></span> <span class='ocrx_word' id='word_1_690' title='bbox 2427 5038 2542 5079; x_wconf 82' lang='lat' dir='ltr'><strong>eos.</strong></span> 
     </span>
    </p>
   </div>
   <div class='ocr_carea' id='block_1_106' title="bbox 1972 5113 3485 5181">
    <p class='ocr_par' dir='ltr' id='par_1_106' title="bbox 1972 5113 3485 5181">
     <span class='ocr_line' id='line_1_106' title="bbox 1972 5113 3485 5181; baseline -0.001 -12"><span class='ocrx_word' id='word_1_691' title='bbox 1972 5114 2134 5169; x_wconf 73' lang='lat' dir='ltr'><strong>Vens.</strong></span> <span class='ocrx_word' id='word_1_692' title='bbox 2162 5114 2214 5169; x_wconf 82' lang='lat'><strong>5.</strong></span> <span class='ocrx_word' id='word_1_693' title='bbox 2244 5113 2389 5168; x_wconf 83' lang='lat' dir='ltr'><strong>Habe</strong></span> <span class='ocrx_word' id='word_1_694' title='bbox 2436 5113 2687 5181; x_wconf 79' lang='lat' dir='ltr'><strong>ﬁduciam</strong></span> <span class='ocrx_word' id='word_1_695' title='bbox 2732 5116 2786 5168; x_wconf 85' lang='lat' dir='ltr'><strong>in</strong></span> <span class='ocrx_word' id='word_1_696' title='bbox 2836 5114 3063 5169; x_wconf 84' lang='lat' dir='ltr'><strong>Domino</strong></span> <span class='ocrx_word' id='word_1_697' title='bbox 3094 5130 3160 5168; x_wconf 77' lang='lat' dir='ltr'><strong>ea:</strong></span> <span class='ocrx_word' id='word_1_698' title='bbox 3189 5124 3301 5170; x_wconf 89' lang='lat' dir='ltr'><strong>toto</strong></span> <span class='ocrx_word' id='word_1_699' title='bbox 3323 5116 3485 5179; x_wconf 60' lang='lat' dir='ltr'><strong>corde</strong></span> 
     </span>
    </p>
   </div>
   <div class='ocr_carea' id='block_1_107' title="bbox 1903 5202 3484 5274">
    <p class='ocr_par' dir='ltr' id='par_1_107' title="bbox 1903 5202 3484 5274">
     <span class='ocr_line' id='line_1_107' title="bbox 1903 5202 3484 5274; baseline -0.002 -14"><span class='ocrx_word' id='word_1_700' title='bbox 1903 5216 2014 5272; x_wconf 85' lang='lat' dir='ltr'><strong>tuo,</strong></span> <span class='ocrx_word' id='word_1_701' title='bbox 2039 5216 2087 5260; x_wconf 89' lang='lat' dir='ltr'><strong>et</strong></span> <span class='ocrx_word' id='word_1_702' title='bbox 2117 5221 2179 5259; x_wconf 84' lang='lat' dir='ltr'><strong>ne</strong></span> <span class='ocrx_word' id='word_1_703' title='bbox 2221 5203 2469 5258; x_wconf 75' lang='lat' dir='ltr'><strong>innitaris</strong></span> <span class='ocrx_word' id='word_1_704' title='bbox 2512 5204 2807 5273; x_wconf 77' lang='lat' dir='ltr'><strong>prudentia:</strong></span> <span class='ocrx_word' id='word_1_705' title='bbox 2854 5213 2979 5259; x_wconf 74' lang='lat' dir='ltr'><strong>ture.</strong></span> <span class='ocrx_word' id='word_1_706' title='bbox 3055 5202 3225 5274; x_wconf 87' lang='lat' dir='ltr'><strong>Spera</strong></span> <span class='ocrx_word' id='word_1_707' title='bbox 3274 5220 3338 5260; x_wconf 82' lang='lat' dir='ltr'><strong>ex</strong></span> <span class='ocrx_word' id='word_1_708' title='bbox 3368 5215 3484 5258; x_wconf 80' lang='lat' dir='ltr'><strong>tum</strong></span> 
     </span>
    </p>
   </div>
   <div class='ocr_carea' id='block_1_108' title="bbox 1901 5293 3478 5365">
    <p class='ocr_par' dir='ltr' id='par_1_108' title="bbox 1901 5293 3478 5365">
     <span class='ocr_line' id='line_1_108' title="bbox 1901 5293 3478 5365; baseline -0.003 -12"><span class='ocrx_word' id='word_1_709' title='bbox 1901 5298 2070 5353; x_wconf 86' lang='lat' dir='ltr'><strong>corde</strong></span> <span class='ocrx_word' id='word_1_710' title='bbox 2097 5306 2211 5360; x_wconf 89' lang='lat' dir='ltr'><strong>tuo,</strong></span> <span class='ocrx_word' id='word_1_711' title='bbox 2234 5297 2291 5351; x_wconf 92' lang='lat' dir='ltr'><strong>in</strong></span> <span class='ocrx_word' id='word_1_712' title='bbox 2327 5295 2440 5350; x_wconf 82' lang='lat' dir='ltr'><strong>Deo</strong></span> <span class='ocrx_word' id='word_1_713' title='bbox 2464 5295 2705 5349; x_wconf 90' lang='lat' dir='ltr'><strong>omnium</strong></span> <span class='ocrx_word' id='word_1_714' title='bbox 2749 5293 3007 5359; x_wconf 91' lang='lat' dir='ltr'><strong>Domino,</strong></span> <span class='ocrx_word' id='word_1_715' title='bbox 3059 5302 3113 5351; x_wconf 80' lang='lat' dir='ltr'><strong>et</strong></span> <span class='ocrx_word' id='word_1_716' title='bbox 3141 5294 3209 5350; x_wconf 86' lang='lat' dir='ltr'><strong>de</strong></span> <span class='ocrx_word' id='word_1_717' title='bbox 3242 5294 3478 5365; x_wconf 82' lang='lat' dir='ltr'><strong>pruden-</strong></span> 
     </span>
    </p>
   </div>
   <div class='ocr_carea' id='block_1_109' title="bbox 1904 5385 3475 5458">
    <p class='ocr_par' dir='ltr' id='par_1_109' title="bbox 1904 5385 3475 5458">
     <span class='ocr_line' id='line_1_109' title="bbox 1904 5385 3475 5458; baseline -0.001 -16"><span class='ocrx_word' id='word_1_718' title='bbox 1904 5390 1975 5443; x_wconf 88' lang='lat' dir='ltr'><strong>tia</strong></span> <span class='ocrx_word' id='word_1_719' title='bbox 2004 5403 2124 5458; x_wconf 63' lang='lat' dir='ltr'><strong>quai</strong></span> <span class='ocrx_word' id='word_1_720' title='bbox 2153 5386 2220 5441; x_wconf 87' lang='lat' dir='ltr'><strong>ab</strong></span> <span class='ocrx_word' id='word_1_721' title='bbox 2249 5402 2315 5442; x_wconf 92' lang='lat' dir='ltr'><strong>eo</strong></span> <span class='ocrx_word' id='word_1_722' title='bbox 2336 5388 2507 5455; x_wconf 83' lang='lat' dir='ltr'><strong>gratis</strong></span> <span class='ocrx_word' id='word_1_723' title='bbox 2528 5386 2624 5440; x_wconf 90' lang='lat' dir='ltr'><strong>tibi</strong></span> <span class='ocrx_word' id='word_1_724' title='bbox 2650 5385 2775 5440; x_wconf 85' lang='lat' dir='ltr'><strong>data</strong></span> <span class='ocrx_word' id='word_1_725' title='bbox 2802 5393 2908 5452; x_wconf 89' lang='lat' dir='ltr'><strong>est,</strong></span> <span class='ocrx_word' id='word_1_726' title='bbox 2934 5402 3000 5442; x_wconf 89' lang='lat' dir='ltr'><strong>ne</strong></span> <span class='ocrx_word' id='word_1_727' title='bbox 3032 5401 3227 5457; x_wconf 78' lang='lat' dir='ltr'><strong>magna</strong></span> <span class='ocrx_word' id='word_1_728' title='bbox 3249 5388 3475 5449; x_wconf 78' lang='lat' dir='ltr'><strong>sentias.</strong></span> 
     </span>
    </p>
   </div>
   <div class='ocr_carea' id='block_1_110' title="bbox 1974 5478 3479 5547">
    <p class='ocr_par' dir='ltr' id='par_1_110' title="bbox 1974 5478 3479 5547">
     <span class='ocr_line' id='line_1_110' title="bbox 1974 5478 3479 5547; baseline -0.001 -12"><span class='ocrx_word' id='word_1_729' title='bbox 1974 5479 2138 5535; x_wconf 67' lang='lat' dir='ltr'><strong>Vens.</strong></span> <span class='ocrx_word' id='word_1_730' title='bbox 2173 5478 2225 5533; x_wconf 86' lang='lat'><strong>6.</strong></span> <span class='ocrx_word' id='word_1_731' title='bbox 2262 5479 2324 5532; x_wconf 89' lang='lat' dir='ltr'><strong>In</strong></span> <span class='ocrx_word' id='word_1_732' title='bbox 2349 5479 2588 5532; x_wconf 79' lang='lat' dir='ltr'><strong>omnibus</strong></span> <span class='ocrx_word' id='word_1_733' title='bbox 2602 5479 2700 5533; x_wconf 72' lang='lat' dir='ltr'><strong>riis</strong></span> <span class='ocrx_word' id='word_1_734' title='bbox 2729 5479 2833 5532; x_wconf 79' lang='lat' dir='ltr'><strong>tuis</strong></span> <span class='ocrx_word' id='word_1_735' title='bbox 2864 5479 3038 5547; x_wconf 84' lang='lat' dir='ltr'><strong>cogita</strong></span> <span class='ocrx_word' id='word_1_736' title='bbox 3062 5479 3236 5544; x_wconf 80' lang='lat' dir='ltr'><strong>illam,</strong></span> <span class='ocrx_word' id='word_1_737' title='bbox 3263 5490 3321 5533; x_wconf 91' lang='lat' dir='ltr'><strong>ut</strong></span> <span class='ocrx_word' id='word_1_738' title='bbox 3347 5481 3479 5533; x_wconf 63' lang='lat' dir='ltr'><strong>diri-2</strong></span> 
     </span>
    </p>
   </div>
   <div class='ocr_carea' id='block_1_111' title="bbox 1902 5566 3481 5643">
    <p class='ocr_par' dir='ltr' id='par_1_111' title="bbox 1902 5566 3481 5643">
     <span class='ocr_line' id='line_1_111' title="bbox 1902 5566 3481 5643; baseline -0.001 -17"><span class='ocrx_word' id='word_1_739' title='bbox 1902 5584 1992 5643; x_wconf 90' lang='lat' dir='ltr'><strong>gat</strong></span> <span class='ocrx_word' id='word_1_740' title='bbox 2027 5572 2136 5625; x_wconf 77' lang='lat' dir='ltr'><strong>vias</strong></span> <span class='ocrx_word' id='word_1_741' title='bbox 2174 5580 2314 5635; x_wconf 76' lang='lat' dir='ltr'><strong>tuas,</strong></span> <span class='ocrx_word' id='word_1_742' title='bbox 2347 5579 2395 5623; x_wconf 89' lang='lat' dir='ltr'><strong>et</strong></span> <span class='ocrx_word' id='word_1_743' title='bbox 2440 5585 2525 5637; x_wconf 78' lang='lat' dir='ltr'><strong>pes</strong></span> <span class='ocrx_word' id='word_1_744' title='bbox 2557 5580 2677 5622; x_wconf 80' lang='lat' dir='ltr'><strong>tuus</strong></span> <span class='ocrx_word' id='word_1_745' title='bbox 2730 5586 2833 5622; x_wconf 86' lang='lat' dir='ltr'><strong>non</strong></span> <span class='ocrx_word' id='word_1_746' title='bbox 2858 5568 3112 5636; x_wconf 67' lang='lat' dir='ltr'><strong>offendat.</strong></span> <span class='ocrx_word' id='word_1_747' title='bbox 3138 5566 3194 5625; x_wconf 85' lang='lat' dir='ltr'><strong>In</strong></span> <span class='ocrx_word' id='word_1_748' title='bbox 3227 5569 3481 5624; x_wconf 81' lang='lat' dir='ltr'><strong>omnibus</strong></span> 
     </span>
    </p>
   </div>
   <div class='ocr_carea' id='block_1_112' title="bbox 1906 5660 3481 5733">
    <p class='ocr_par' dir='ltr' id='par_1_112' title="bbox 1906 5660 3481 5733">
     <span class='ocr_line' id='line_1_112' title="bbox 1906 5660 3481 5733; baseline -0.002 -14"><span class='ocrx_word' id='word_1_749' title='bbox 1906 5665 2164 5733; x_wconf 85' lang='lat' dir='ltr'><strong>operibus</strong></span> <span class='ocrx_word' id='word_1_750' title='bbox 2200 5663 2308 5716; x_wconf 86' lang='lat' dir='ltr'><strong>tuis</strong></span> <span class='ocrx_word' id='word_1_751' title='bbox 2334 5676 2602 5731; x_wconf 85' lang='lat' dir='ltr'><strong>cognosco</strong></span> <span class='ocrx_word' id='word_1_752' title='bbox 2627 5660 2771 5714; x_wconf 86' lang='lat' dir='ltr'><strong>illam</strong></span> <span class='ocrx_word' id='word_1_753' title='bbox 2808 5669 2866 5715; x_wconf 88' lang='lat' dir='ltr'><strong>ut</strong></span> <span class='ocrx_word' id='word_1_754' title='bbox 2904 5661 3122 5727; x_wconf 76' lang='lat' dir='ltr'><strong>ducem,</strong></span> <span class='ocrx_word' id='word_1_755' title='bbox 3162 5671 3219 5717; x_wconf 88' lang='lat' dir='ltr'><strong>ut</strong></span> <span class='ocrx_word' id='word_1_756' title='bbox 3255 5660 3481 5716; x_wconf 80' lang='lat' dir='ltr'><strong>ﬁrmiter</strong></span> 
     </span>
    </p>
   </div>
   <div class='ocr_carea' id='block_1_113' title="bbox 1909 5752 3470 5824">
    <p class='ocr_par' dir='ltr' id='par_1_113' title="bbox 1909 5752 3470 5824">
     <span class='ocr_line' id='line_1_113' title="bbox 1909 5752 3470 5824; baseline -0.004 -13"><span class='ocrx_word' id='word_1_757' title='bbox 1909 5770 1971 5811; x_wconf 87' lang='lat' dir='ltr'><strong>ca</strong></span> <span class='ocrx_word' id='word_1_758' title='bbox 2008 5756 2058 5810; x_wconf 91' lang='lat' dir='ltr'><strong>in</strong></span> <span class='ocrx_word' id='word_1_759' title='bbox 2087 5755 2228 5815; x_wconf 88' lang='lat' dir='ltr'><strong>bono</strong></span> <span class='ocrx_word' id='word_1_760' title='bbox 2290 5753 2522 5821; x_wconf 71' lang='lat' dir='ltr'><strong>dirigas;</strong></span> <span class='ocrx_word' id='word_1_761' title='bbox 2583 5762 2635 5807; x_wconf 90' lang='lat' dir='ltr'><strong>ct</strong></span> <span class='ocrx_word' id='word_1_762' title='bbox 2689 5752 3043 5823; x_wconf 77' lang='lat' dir='ltr'><strong>intelligentia</strong></span> <span class='ocrx_word' id='word_1_763' title='bbox 3101 5762 3213 5819; x_wconf 86' lang='lat' dir='ltr'><strong>tua,</strong></span> <span class='ocrx_word' id='word_1_764' title='bbox 3255 5754 3470 5824; x_wconf 70' lang='lat' dir='ltr'><strong>quanti</strong></span> 
     </span>
    </p>
   </div>
  </div>
