  <div class='ocr_page' id='page_1' title='image "/cluster/home/n/w/nwhite01/storage/ocr_20150623/87:1/hvd.32044020319117/629.png"; bbox 0 0 4034 6520; ppageno 0'>
   <div class='ocr_carea' id='block_1_1' title="bbox 587 330 724 395">
    <p class='ocr_par' dir='ltr' id='par_1_1' title="bbox 587 330 724 395">
     <span class='ocr_line' id='line_1_1' title="bbox 587 330 724 395; baseline 0.022 -3"><span class='ocrx_word' id='word_1_1' title='bbox 587 330 724 395; x_wconf 74' lang='grc'><strong>1243</strong></span> 
     </span>
    </p>
   </div>
   <div class='ocr_carea' id='block_1_2' title="bbox 1910 340 2550 404">
    <p class='ocr_par' dir='ltr' id='par_1_2' title="bbox 1910 340 2550 404">
     <span class='ocr_line' id='line_1_2' title="bbox 1910 340 2550 404; baseline 0.005 -4"><span class='ocrx_word' id='word_1_2' title='bbox 1910 340 2266 404; x_wconf 85' lang='lat' dir='ltr'><strong>PROCOPII</strong></span> <span class='ocrx_word' id='word_1_3' title='bbox 2307 342 2550 404; x_wconf 60' lang='lat' dir='ltr'><strong>GAZYEI</strong></span> 
     </span>
    </p>
   </div>
   <div class='ocr_carea' id='block_1_3' title="bbox 3717 342 3855 408">
    <p class='ocr_par' dir='ltr' id='par_1_3' title="bbox 3717 342 3855 408">
     <span class='ocr_line' id='line_1_3' title="bbox 3717 342 3855 408; baseline 0 0"><span class='ocrx_word' id='word_1_4' title='bbox 3717 342 3855 408; x_wconf 65' lang='grc' dir='ltr'><strong>1⁸Ξῦ</strong></span> 
     </span>
    </p>
   </div>
   <div class='ocr_carea' id='block_1_4' title="bbox 574 445 2176 527">
    <p class='ocr_par' dir='ltr' id='par_1_4' title="bbox 574 445 2157 517">
     <span class='ocr_line' id='line_1_4' title="bbox 574 445 2157 517; baseline 0.004 -17"><span class='ocrx_word' id='word_1_5' title='bbox 574 446 808 517; x_wconf 77' lang='lat' dir='ltr'><strong>quodam</strong></span> <span class='ocrx_word' id='word_1_6' title='bbox 834 445 991 516; x_wconf 67' lang='lat' dir='ltr'><strong>pede,</strong></span> <span class='ocrx_word' id='word_1_7' title='bbox 1041 446 1097 501; x_wconf 84' lang='lat' dir='ltr'><strong>in</strong></span> <span class='ocrx_word' id='word_1_8' title='bbox 1151 446 1333 501; x_wconf 81' lang='lat' dir='ltr'><strong>anima</strong></span> <span class='ocrx_word' id='word_1_9' title='bbox 1366 445 1556 511; x_wconf 87' lang='lat' dir='ltr'><strong>uteris,</strong></span> <span class='ocrx_word' id='word_1_10' title='bbox 1587 453 1641 501; x_wconf 89' lang='lat' dir='ltr'><strong>et</strong></span> <span class='ocrx_word' id='word_1_11' title='bbox 1669 461 1766 516; x_wconf 85' lang='lat' dir='ltr'><strong>per</strong></span> <span class='ocrx_word' id='word_1_12' title='bbox 1804 447 2157 507; x_wconf 92' lang='lat' dir='ltr'><strong>intervallum</strong></span> 
     </span>
    </p>
   </div>
   <div class='ocr_carea' id='block_1_5' title="bbox 2278 445 3853 527">
    <p class='ocr_par' dir='ltr' id='par_1_5' title="bbox 2278 453 3853 527">
     <span class='ocr_line' id='line_1_5' title="bbox 2278 453 3853 527; baseline 0.006 -21"><span class='ocrx_word' id='word_1_13' title='bbox 2278 454 2649 525; x_wconf 81' lang='grc' dir='ltr'>Ιιπαρέγκλιτα</span> <span class='ocrx_word' id='word_1_14' title='bbox 2672 471 2685 486; x_wconf 82' lang='grc'><em>’</em></span> <span class='ocrx_word' id='word_1_15' title='bbox 2721 453 2815 509; x_wconf 78' lang='grc' dir='ltr'>καὶ</span> <span class='ocrx_word' id='word_1_16' title='bbox 2848 457 2907 509; x_wconf 82' lang='grc' dir='ltr'><strong>τὺ</strong></span> <span class='ocrx_word' id='word_1_17' title='bbox 2958 456 3298 526; x_wconf 77' lang='grc' dir='ltr'><strong>διανοητικόν</strong></span> <span class='ocrx_word' id='word_1_18' title='bbox 3325 475 3446 525; x_wconf 87' lang='grc' dir='ltr'>σου,</span> <span class='ocrx_word' id='word_1_19' title='bbox 3501 453 3654 527; x_wconf 79' lang='grc' dir='ltr'>ᾧτινι</span> <span class='ocrx_word' id='word_1_20' title='bbox 3715 462 3853 515; x_wconf 82' lang='grc' dir='ltr'><strong>κατά</strong></span> 
     </span>
    </p>
   </div>
   <div class='ocr_carea' id='block_1_6' title="bbox 578 537 1913 609">
    <p class='ocr_par' dir='ltr' id='par_1_6' title="bbox 578 537 1913 609">
     <span class='ocr_line' id='line_1_6' title="bbox 578 537 1913 609; baseline 0.001 -17"><span class='ocrx_word' id='word_1_21' title='bbox 578 539 846 609; x_wconf 85' lang='lat' dir='ltr'><strong>operaris,</strong></span> <span class='ocrx_word' id='word_1_22' title='bbox 872 553 940 594; x_wconf 90' lang='lat' dir='ltr'><strong>ne</strong></span> <span class='ocrx_word' id='word_1_23' title='bbox 967 538 1034 592; x_wconf 92' lang='lat' dir='ltr'><strong>ad</strong></span> <span class='ocrx_word' id='word_1_24' title='bbox 1066 539 1393 608; x_wconf 77' lang='lat' dir='ltr'><strong>ignorantiae</strong></span> <span class='ocrx_word' id='word_1_25' title='bbox 1417 537 1629 608; x_wconf 84' lang='lat' dir='ltr'><strong>lapides</strong></span> <span class='ocrx_word' id='word_1_26' title='bbox 1645 537 1913 597; x_wconf 80' lang='lat' dir='ltr'><strong>oll&#39;endas.</strong></span> 
     </span>
    </p>
   </div>
   <div class='ocr_carea' id='block_1_7' title="bbox 650 714 2166 789">
    <p class='ocr_par' dir='ltr' id='par_1_7' title="bbox 650 714 2166 789">
     <span class='ocr_line' id='line_1_7' title="bbox 650 714 2166 789; baseline 0.004 -18"><span class='ocrx_word' id='word_1_27' title='bbox 650 716 815 773; x_wconf 72' lang='lat' dir='ltr'><strong>Vens.</strong></span> <span class='ocrx_word' id='word_1_28' title='bbox 858 719 908 771; x_wconf 89' lang='lat'><strong>7.</strong></span> <span class='ocrx_word' id='word_1_29' title='bbox 947 714 1026 770; x_wconf 88' lang='lat' dir='ltr'><strong>Ne</strong></span> <span class='ocrx_word' id='word_1_30' title='bbox 1048 717 1121 771; x_wconf 85' lang='lat' dir='ltr'><strong>sis</strong></span> <span class='ocrx_word' id='word_1_31' title='bbox 1143 718 1353 787; x_wconf 75' lang='lat' dir='ltr'><strong>sapiens</strong></span> <span class='ocrx_word' id='word_1_32' title='bbox 1386 716 1528 789; x_wconf 84' lang='lat' dir='ltr'><strong>apud</strong></span> <span class='ocrx_word' id='word_1_33' title='bbox 1570 718 1923 788; x_wconf 74' lang='lat' dir='ltr'><strong>temetipsum.</strong></span> <span class='ocrx_word' id='word_1_34' title='bbox 1956 718 2036 776; x_wconf 84' lang='lat' dir='ltr'><strong>Ne</strong></span> <span class='ocrx_word' id='word_1_35' title='bbox 2087 721 2166 777; x_wconf 89' lang='lat' dir='ltr'><strong>sis</strong></span> 
     </span>
    </p>
   </div>
   <div class='ocr_carea' id='block_1_8' title="bbox 581 810 2162 883">
    <p class='ocr_par' dir='ltr' id='par_1_8' title="bbox 581 810 2162 883">
     <span class='ocr_line' id='line_1_8' title="bbox 581 810 2162 883; baseline 0.006 -24"><span class='ocrx_word' id='word_1_36' title='bbox 581 811 779 867; x_wconf 88' lang='lat' dir='ltr'><strong>doctus</strong></span> <span class='ocrx_word' id='word_1_37' title='bbox 813 811 869 865; x_wconf 90' lang='lat' dir='ltr'><strong>in</strong></span> <span class='ocrx_word' id='word_1_38' title='bbox 916 810 1082 866; x_wconf 86' lang='lat' dir='ltr'><strong>rebus</strong></span> <span class='ocrx_word' id='word_1_39' title='bbox 1133 811 1275 880; x_wconf 87' lang='lat' dir='ltr'><strong>apud</strong></span> <span class='ocrx_word' id='word_1_40' title='bbox 1339 812 1730 883; x_wconf 86' lang='lat' dir='ltr'><strong>temetipsum:</strong></span> <span class='ocrx_word' id='word_1_41' title='bbox 1763 828 1833 868; x_wconf 89' lang='lat' dir='ltr'><strong>ne</strong></span> <span class='ocrx_word' id='word_1_42' title='bbox 1861 813 2162 869; x_wconf 85' lang='lat' dir='ltr'><strong>secundum</strong></span> 
     </span>
    </p>
   </div>
   <div class='ocr_carea' id='block_1_9' title="bbox 583 901 2166 972">
    <p class='ocr_par' dir='ltr' id='par_1_9' title="bbox 583 901 2166 972">
     <span class='ocr_line' id='line_1_9' title="bbox 583 901 2166 972; baseline -0.001 -14"><span class='ocrx_word' id='word_1_43' title='bbox 583 904 759 959; x_wconf 80' lang='lat' dir='ltr'><strong>solum</strong></span> <span class='ocrx_word' id='word_1_44' title='bbox 794 911 944 957; x_wconf 84' lang='lat' dir='ltr'><strong>tuum</strong></span> <span class='ocrx_word' id='word_1_45' title='bbox 980 916 1205 957; x_wconf 82' lang='lat' dir='ltr'><strong>sensum</strong></span> <span class='ocrx_word' id='word_1_46' title='bbox 1264 901 1332 957; x_wconf 84' lang='lat' dir='ltr'><strong>de</strong></span> <span class='ocrx_word' id='word_1_47' title='bbox 1362 901 1470 957; x_wconf 89' lang='lat' dir='ltr'><strong>illis</strong></span> <span class='ocrx_word' id='word_1_48' title='bbox 1498 902 1734 972; x_wconf 83' lang='lat' dir='ltr'><strong>judices,</strong></span> <span class='ocrx_word' id='word_1_49' title='bbox 1778 902 1985 957; x_wconf 85' lang='lat' dir='ltr'><strong>bonum</strong></span> <span class='ocrx_word' id='word_1_50' title='bbox 2044 902 2166 957; x_wconf 79' lang='lat' dir='ltr'><strong>exi-</strong></span> 
     </span>
    </p>
   </div>
   <div class='ocr_carea' id='block_1_10' title="bbox 586 995 2168 1066">
    <p class='ocr_par' dir='ltr' id='par_1_10' title="bbox 586 995 2168 1066">
     <span class='ocr_line' id='line_1_10' title="bbox 586 995 2168 1066; baseline -0.001 -16"><span class='ocrx_word' id='word_1_51' title='bbox 586 997 821 1051; x_wconf 88' lang='lat' dir='ltr'><strong>stimans</strong></span> <span class='ocrx_word' id='word_1_52' title='bbox 846 996 991 1066; x_wconf 81' lang='lat' dir='ltr'><strong>quod</strong></span> <span class='ocrx_word' id='word_1_53' title='bbox 1051 996 1129 1050; x_wconf 88' lang='lat' dir='ltr'><strong>illi</strong></span> <span class='ocrx_word' id='word_1_54' title='bbox 1189 995 1392 1066; x_wconf 88' lang='lat' dir='ltr'><strong>placet,</strong></span> <span class='ocrx_word' id='word_1_55' title='bbox 1419 996 1622 1051; x_wconf 88' lang='lat' dir='ltr'><strong>malum</strong></span> <span class='ocrx_word' id='word_1_56' title='bbox 1674 1010 1807 1051; x_wconf 86' lang='lat' dir='ltr'><strong>vero</strong></span> <span class='ocrx_word' id='word_1_57' title='bbox 1872 996 2023 1066; x_wconf 87' lang='lat' dir='ltr'><strong>quod</strong></span> <span class='ocrx_word' id='word_1_58' title='bbox 2087 995 2168 1050; x_wconf 88' lang='lat' dir='ltr'><strong>illi</strong></span> 
     </span>
    </p>
   </div>
   <div class='ocr_carea' id='block_1_11' title="bbox 586 1086 2170 1158">
    <p class='ocr_par' dir='ltr' id='par_1_11' title="bbox 586 1086 2170 1158">
     <span class='ocr_line' id='line_1_11' title="bbox 586 1086 2170 1158; baseline 0 -16"><span class='ocrx_word' id='word_1_59' title='bbox 586 1087 858 1158; x_wconf 75' lang='lat' dir='ltr'><strong>diSplicet,</strong></span> <span class='ocrx_word' id='word_1_60' title='bbox 888 1095 943 1142; x_wconf 91' lang='lat' dir='ltr'><strong>et</strong></span> <span class='ocrx_word' id='word_1_61' title='bbox 965 1086 1093 1142; x_wconf 91' lang='lat' dir='ltr'><strong>inde</strong></span> <span class='ocrx_word' id='word_1_62' title='bbox 1116 1086 1406 1144; x_wconf 78' lang='lat' dir='ltr'><strong>frustraris</strong></span> <span class='ocrx_word' id='word_1_63' title='bbox 1427 1088 1495 1143; x_wconf 92' lang='lat' dir='ltr'><strong>ab</strong></span> <span class='ocrx_word' id='word_1_64' title='bbox 1521 1102 1587 1143; x_wconf 87' lang='lat' dir='ltr'><strong>eo</strong></span> <span class='ocrx_word' id='word_1_65' title='bbox 1619 1086 1767 1157; x_wconf 88' lang='lat' dir='ltr'><strong>quod</strong></span> <span class='ocrx_word' id='word_1_66' title='bbox 1802 1102 1908 1142; x_wconf 89' lang='lat' dir='ltr'><strong>non</strong></span> <span class='ocrx_word' id='word_1_67' title='bbox 1936 1096 2022 1143; x_wconf 90' lang='lat' dir='ltr'><strong>est</strong></span> <span class='ocrx_word' id='word_1_68' title='bbox 2044 1101 2170 1143; x_wconf 82' lang='lat' dir='ltr'><strong>vere</strong></span> 
     </span>
    </p>
   </div>
   <div class='ocr_carea' id='block_1_12' title="bbox 590 1177 1993 1248">
    <p class='ocr_par' dir='ltr' id='par_1_12' title="bbox 590 1177 1993 1248">
     <span class='ocr_line' id='line_1_12' title="bbox 590 1177 1993 1248; baseline 0 -15"><span class='ocrx_word' id='word_1_69' title='bbox 590 1178 820 1244; x_wconf 88' lang='lat' dir='ltr'><strong>bonum,</strong></span> <span class='ocrx_word' id='word_1_70' title='bbox 844 1186 897 1233; x_wconf 91' lang='lat' dir='ltr'><strong>et</strong></span> <span class='ocrx_word' id='word_1_71' title='bbox 919 1178 975 1232; x_wconf 90' lang='lat' dir='ltr'><strong>in</strong></span> <span class='ocrx_word' id='word_1_72' title='bbox 1004 1177 1057 1233; x_wconf 90' lang='lat' dir='ltr'><strong>id</strong></span> <span class='ocrx_word' id='word_1_73' title='bbox 1072 1178 1218 1248; x_wconf 93' lang='lat' dir='ltr'><strong>quod</strong></span> <span class='ocrx_word' id='word_1_74' title='bbox 1242 1193 1372 1234; x_wconf 92' lang='lat' dir='ltr'><strong>vere</strong></span> <span class='ocrx_word' id='word_1_75' title='bbox 1394 1177 1601 1233; x_wconf 91' lang='lat' dir='ltr'><strong>malum</strong></span> <span class='ocrx_word' id='word_1_76' title='bbox 1615 1183 1723 1244; x_wconf 84' lang='lat' dir='ltr'><strong>est,</strong></span> <span class='ocrx_word' id='word_1_77' title='bbox 1757 1177 1993 1233; x_wconf 85' lang='lat' dir='ltr'><strong>incidas.</strong></span> 
     </span>
    </p>
   </div>
   <div class='ocr_carea' id='block_1_13' title="bbox 665 1359 2171 1426">
    <p class='ocr_par' dir='ltr' id='par_1_13' title="bbox 665 1359 2171 1426">
     <span class='ocr_line' id='line_1_13' title="bbox 665 1359 2171 1426; baseline 0 -9"><span class='ocrx_word' id='word_1_78' title='bbox 665 1361 815 1418; x_wconf 83' lang='lat' dir='ltr'><strong>Time</strong></span> <span class='ocrx_word' id='word_1_79' title='bbox 840 1362 1025 1426; x_wconf 85' lang='lat' dir='ltr'><strong>Deum,</strong></span> <span class='ocrx_word' id='word_1_80' title='bbox 1082 1374 1131 1418; x_wconf 78' lang='lat' dir='ltr'><strong>et</strong></span> <span class='ocrx_word' id='word_1_81' title='bbox 1177 1361 1356 1419; x_wconf 81' lang='lat' dir='ltr'><strong>recede</strong></span> <span class='ocrx_word' id='word_1_82' title='bbox 1413 1379 1444 1416; x_wconf 92' lang='lat' dir='ltr'><strong>a</strong></span> <span class='ocrx_word' id='word_1_83' title='bbox 1480 1362 1645 1416; x_wconf 84' lang='lat' dir='ltr'><strong>malo.</strong></span> <span class='ocrx_word' id='word_1_84' title='bbox 1683 1359 1834 1418; x_wconf 80' lang='lat' dir='ltr'><strong>Habe</strong></span> <span class='ocrx_word' id='word_1_85' title='bbox 1866 1369 2050 1417; x_wconf 87' lang='lat' dir='ltr'><strong>autem</strong></span> <span class='ocrx_word' id='word_1_86' title='bbox 2073 1360 2171 1417; x_wconf 86' lang='lat' dir='ltr'><strong>Dei</strong></span> 
     </span>
    </p>
   </div>
   <div class='ocr_carea' id='block_1_14' title="bbox 592 1453 1711 1523">
    <p class='ocr_par' dir='ltr' id='par_1_14' title="bbox 592 1453 1711 1523">
     <span class='ocr_line' id='line_1_14' title="bbox 592 1453 1711 1523; baseline -0.001 -15"><span class='ocrx_word' id='word_1_87' title='bbox 592 1454 869 1520; x_wconf 87' lang='lat' dir='ltr'><strong>timorem,</strong></span> <span class='ocrx_word' id='word_1_88' title='bbox 892 1463 947 1509; x_wconf 87' lang='lat' dir='ltr'><strong>et</strong></span> <span class='ocrx_word' id='word_1_89' title='bbox 970 1454 1040 1509; x_wconf 87' lang='lat' dir='ltr'><strong>ab</strong></span> <span class='ocrx_word' id='word_1_90' title='bbox 1066 1455 1213 1510; x_wconf 89' lang='lat' dir='ltr'><strong>omni</strong></span> <span class='ocrx_word' id='word_1_91' title='bbox 1240 1462 1464 1523; x_wconf 74' lang='lat' dir='ltr'><strong>peccato</strong></span> <span class='ocrx_word' id='word_1_92' title='bbox 1497 1453 1711 1508; x_wconf 85' lang='lat' dir='ltr'><strong>recede.</strong></span> 
     </span>
    </p>
   </div>
   <div class='ocr_carea' id='block_1_15' title="bbox 663 1627 2173 1698">
    <p class='ocr_par' dir='ltr' id='par_1_15' title="bbox 663 1627 2173 1698">
     <span class='ocr_line' id='line_1_15' title="bbox 663 1627 2173 1698; baseline -0.003 -12"><span class='ocrx_word' id='word_1_93' title='bbox 663 1633 825 1689; x_wconf 65' lang='lat' dir='ltr'><strong>Vens.</strong></span> <span class='ocrx_word' id='word_1_94' title='bbox 856 1632 912 1688; x_wconf 90' lang='lat'><strong>8.</strong></span> <span class='ocrx_word' id='word_1_95' title='bbox 953 1633 1100 1688; x_wconf 84' lang='lat' dir='ltr'><strong>Tunc</strong></span> <span class='ocrx_word' id='word_1_96' title='bbox 1132 1633 1230 1687; x_wconf 79' lang='lat' dir='ltr'><strong>erit</strong></span> <span class='ocrx_word' id='word_1_97' title='bbox 1264 1632 1472 1687; x_wconf 79' lang='lat' dir='ltr'><strong>sanitas</strong></span> <span class='ocrx_word' id='word_1_98' title='bbox 1524 1631 1735 1698; x_wconf 80' lang='lat' dir='ltr'><strong>corpori</strong></span> <span class='ocrx_word' id='word_1_99' title='bbox 1769 1639 1882 1695; x_wconf 84' lang='lat' dir='ltr'><strong>tuo,</strong></span> <span class='ocrx_word' id='word_1_100' title='bbox 1923 1637 1974 1684; x_wconf 90' lang='lat' dir='ltr'><strong>et</strong></span> <span class='ocrx_word' id='word_1_101' title='bbox 2003 1627 2173 1683; x_wconf 81' lang='lat' dir='ltr'><strong>stabi-</strong></span> 
     </span>
    </p>
   </div>
   <div class='ocr_carea' id='block_1_16' title="bbox 2264 545 3857 623">
    <p class='ocr_par' dir='ltr' id='par_1_16' title="bbox 2264 545 3857 623">
     <span class='ocr_line' id='line_1_16' title="bbox 2264 545 3857 623; baseline -0.011 -7"><span class='ocrx_word' id='word_1_102' title='bbox 2264 545 2445 616; x_wconf 72' lang='grc' dir='ltr'>ψυχὴν</span> <span class='ocrx_word' id='word_1_103' title='bbox 2481 546 2557 611; x_wconf 75' lang='grc' dir='ltr'>ὡς</span> <span class='ocrx_word' id='word_1_104' title='bbox 2592 546 2710 601; x_wconf 60' lang='grc' dir='ltr'>ποδὶ</span> <span class='ocrx_word' id='word_1_105' title='bbox 2745 548 2973 618; x_wconf 73' lang='grc' dir='ltr'>διήκεις,</span> <span class='ocrx_word' id='word_1_106' title='bbox 3014 552 3107 604; x_wconf 79' lang='grc' dir='ltr'><strong>καί</strong></span> <span class='ocrx_word' id='word_1_107' title='bbox 3131 550 3857 623; x_wconf 61' lang='grc' dir='ltr'><strong>διααττηιατιιιιῦςἐνεραγείς⁹</strong></span> 
     </span>
    </p>
   </div>
   <div class='ocr_carea' id='block_1_17' title="bbox 2264 636 3271 716">
    <p class='ocr_par' dir='ltr' id='par_1_17' title="bbox 2264 636 3271 716">
     <span class='ocr_line' id='line_1_17' title="bbox 2264 636 3271 716; baseline 0.006 -26"><span class='ocrx_word' id='word_1_108' title='bbox 2264 636 2434 701; x_wconf 78' lang='grc' dir='ltr'>λίθοις</span> <span class='ocrx_word' id='word_1_109' title='bbox 2458 638 2682 705; x_wconf 82' lang='grc' dir='ltr'><strong>ἀγνοίας</strong></span> <span class='ocrx_word' id='word_1_110' title='bbox 2697 639 2758 692; x_wconf 87' lang='grc' dir='ltr'><strong>οὑ</strong></span> <span class='ocrx_word' id='word_1_111' title='bbox 2792 639 2867 711; x_wconf 77' lang='grc' dir='ltr'>μὴ</span> <span class='ocrx_word' id='word_1_112' title='bbox 2899 641 3271 716; x_wconf 80' lang='grc' dir='ltr'>προσκρούσῃ.</span> 
     </span>
    </p>
   </div>
   <div class='ocr_carea' id='block_1_18' title="bbox 2340 730 3855 806">
    <p class='ocr_par' dir='ltr' id='par_1_18' title="bbox 2340 730 3855 806">
     <span class='ocr_line' id='line_1_18' title="bbox 2340 730 3855 806; baseline 0.001 -23"><span class='ocrx_word' id='word_1_113' title='bbox 2340 731 2404 795; x_wconf 79' lang='grc' dir='ltr'><strong>ζ’.</strong></span> <span class='ocrx_word' id='word_1_114' title='bbox 2430 730 2525 797; x_wconf 81' lang='grc' dir='ltr'><strong>Μὴ</strong></span> <span class='ocrx_word' id='word_1_115' title='bbox 2553 731 2679 785; x_wconf 80' lang='grc' dir='ltr'>ἴσθι</span> <span class='ocrx_word' id='word_1_116' title='bbox 2714 732 3002 801; x_wconf 73' lang='grc' dir='ltr'>φρόνιμος</span> <span class='ocrx_word' id='word_1_117' title='bbox 3034 732 3193 803; x_wconf 81' lang='grc' dir='ltr'>παρὰ</span> <span class='ocrx_word' id='word_1_118' title='bbox 3229 732 3485 798; x_wconf 81' lang='grc' dir='ltr'>σεαυτῷ.</span> <span class='ocrx_word' id='word_1_119' title='bbox 3506 735 3596 806; x_wconf 77' lang='grc' dir='ltr'><strong>Μὴ</strong></span> <span class='ocrx_word' id='word_1_120' title='bbox 3630 735 3722 789; x_wconf 80' lang='grc' dir='ltr'>ἔσο</span> <span class='ocrx_word' id='word_1_121' title='bbox 3744 735 3855 788; x_wconf 79' lang='grc' dir='ltr'><strong>τῶν</strong></span> 
     </span>
    </p>
   </div>
   <div class='ocr_carea' id='block_1_19' title="bbox 2269 823 3853 899">
    <p class='ocr_par' dir='ltr' id='par_1_19' title="bbox 2269 823 3853 899">
     <span class='ocr_line' id='line_1_19' title="bbox 2269 823 3853 899; baseline 0.004 -24"><span class='ocrx_word' id='word_1_122' title='bbox 2269 825 2613 894; x_wconf 72' lang='grc' dir='ltr'><strong>πραγμάτων</strong></span> <span class='ocrx_word' id='word_1_123' title='bbox 2644 823 2970 895; x_wconf 75' lang='grc' dir='ltr'>ἐπιστήμων</span> <span class='ocrx_word' id='word_1_124' title='bbox 3003 826 3095 894; x_wconf 83' lang='grc' dir='ltr'>ἀφ’</span> <span class='ocrx_word' id='word_1_125' title='bbox 3124 825 3319 880; x_wconf 77' lang='grc' dir='ltr'>ἑαυτοῦ</span> <span class='ocrx_word' id='word_1_126' title='bbox 3343 842 3358 856; x_wconf 92' lang='grc'><strong>·</strong></span> <span class='ocrx_word' id='word_1_127' title='bbox 3399 827 3541 880; x_wconf 86' lang='grc' dir='ltr'><strong>κατά</strong></span> <span class='ocrx_word' id='word_1_128' title='bbox 3572 827 3741 899; x_wconf 81' lang='grc' dir='ltr'>μόνην</span> <span class='ocrx_word' id='word_1_129' title='bbox 3764 828 3853 880; x_wconf 74' lang='grc' dir='ltr'><strong>ατο</strong></span> 
     </span>
    </p>
   </div>
   <div class='ocr_carea' id='block_1_20' title="bbox 2273 914 3850 989">
    <p class='ocr_par' dir='ltr' id='par_1_20' title="bbox 2273 914 3850 989">
     <span class='ocr_line' id='line_1_20' title="bbox 2273 914 3850 989; baseline 0.003 -23"><span class='ocrx_word' id='word_1_130' title='bbox 2273 914 2465 984; x_wconf 81' lang='grc' dir='ltr'>σθησιν</span> <span class='ocrx_word' id='word_1_131' title='bbox 2494 915 2794 983; x_wconf 80' lang='grc' dir='ltr'>ἀλογίστως</span> <span class='ocrx_word' id='word_1_132' title='bbox 2815 917 3018 987; x_wconf 88' lang='grc' dir='ltr'>κρίνων</span> <span class='ocrx_word' id='word_1_133' title='bbox 3038 916 3201 982; x_wconf 83' lang='grc' dir='ltr'>αὑτὰ,</span> <span class='ocrx_word' id='word_1_134' title='bbox 3233 918 3328 971; x_wconf 70' lang='grc' dir='ltr'>καὶ</span> <span class='ocrx_word' id='word_1_135' title='bbox 3351 918 3524 971; x_wconf 84' lang='grc' dir='ltr'>δοκῶν</span> <span class='ocrx_word' id='word_1_136' title='bbox 3541 918 3703 973; x_wconf 74' lang='grc' dir='ltr'>καλὸν</span> <span class='ocrx_word' id='word_1_137' title='bbox 3733 920 3850 989; x_wconf 79' lang='grc' dir='ltr'>μὲν,</span> 
     </span>
    </p>
   </div>
   <div class='ocr_carea' id='block_1_21' title="bbox 2270 1004 3849 1081">
    <p class='ocr_par' dir='ltr' id='par_1_21' title="bbox 2270 1004 3849 1081">
     <span class='ocr_line' id='line_1_21' title="bbox 2270 1004 3849 1081; baseline 0.004 -24"><span class='ocrx_word' id='word_1_138' title='bbox 2270 1006 2381 1058; x_wconf 77' lang='grc' dir='ltr'><strong>πᾶν</strong></span> <span class='ocrx_word' id='word_1_139' title='bbox 2411 1004 2470 1057; x_wconf 85' lang='grc' dir='ltr'>τὸ</span> <span class='ocrx_word' id='word_1_140' title='bbox 2496 1005 2617 1059; x_wconf 87' lang='grc' dir='ltr'>κατ’</span> <span class='ocrx_word' id='word_1_141' title='bbox 2649 1006 2816 1079; x_wconf 82' lang='grc' dir='ltr'>αὑτὴν</span> <span class='ocrx_word' id='word_1_142' title='bbox 2845 1007 2942 1077; x_wconf 84' lang='grc' dir='ltr'>ήδύ</span> <span class='ocrx_word' id='word_1_143' title='bbox 2972 1024 2987 1038; x_wconf 79' lang='grc' dir='ltr'><strong>ο</strong></span> <span class='ocrx_word' id='word_1_144' title='bbox 3023 1007 3189 1062; x_wconf 79' lang='grc' dir='ltr'>κακὸν</span> <span class='ocrx_word' id='word_1_145' title='bbox 3209 1008 3285 1072; x_wconf 78' lang='grc' dir='ltr'>δὲ,</span> <span class='ocrx_word' id='word_1_146' title='bbox 3304 1012 3413 1062; x_wconf 81' lang='grc' dir='ltr'>πᾶν</span> <span class='ocrx_word' id='word_1_147' title='bbox 3446 1012 3507 1063; x_wconf 84' lang='grc' dir='ltr'>τὸ</span> <span class='ocrx_word' id='word_1_148' title='bbox 3538 1010 3659 1063; x_wconf 81' lang='grc' dir='ltr'>κατ’</span> <span class='ocrx_word' id='word_1_149' title='bbox 3688 1011 3849 1081; x_wconf 79' lang='grc' dir='ltr'>αὑτὴν</span> 
     </span>
    </p>
   </div>
   <div class='ocr_carea' id='block_1_22' title="bbox 2270 1097 3853 1172">
    <p class='ocr_par' dir='ltr' id='par_1_22' title="bbox 2270 1097 3853 1172">
     <span class='ocr_line' id='line_1_22' title="bbox 2270 1097 3853 1172; baseline 0.004 -22"><span class='ocrx_word' id='word_1_150' title='bbox 2270 1097 2431 1167; x_wconf 78' lang='grc' dir='ltr'>ἀηδές</span> <span class='ocrx_word' id='word_1_151' title='bbox 2449 1113 2464 1127; x_wconf 89' lang='grc'><strong>·</strong></span> <span class='ocrx_word' id='word_1_152' title='bbox 2483 1097 2777 1152; x_wconf 89' lang='grc' dir='ltr'>κάντεῦθεν</span> <span class='ocrx_word' id='word_1_153' title='bbox 2807 1099 3200 1170; x_wconf 82' lang='grc' dir='ltr'><strong>ἀποτυγχάνων</strong></span> <span class='ocrx_word' id='word_1_154' title='bbox 3229 1101 3330 1172; x_wconf 83' lang='grc' dir='ltr'>μὲν</span> <span class='ocrx_word' id='word_1_155' title='bbox 3350 1100 3447 1155; x_wconf 85' lang='grc' dir='ltr'><strong>τοῦ</strong></span> <span class='ocrx_word' id='word_1_156' title='bbox 3472 1101 3639 1166; x_wconf 79' lang='grc' dir='ltr'>ὅντως</span> <span class='ocrx_word' id='word_1_157' title='bbox 3655 1102 3816 1156; x_wconf 84' lang='grc' dir='ltr'>καλοῦ</span> <span class='ocrx_word' id='word_1_158' title='bbox 3833 1118 3853 1136; x_wconf 75' lang='grc'><strong>“</strong></span> 
     </span>
    </p>
   </div>
   <div class='ocr_carea' id='block_1_23' title="bbox 2271 1190 3357 1263">
    <p class='ocr_par' dir='ltr' id='par_1_23' title="bbox 2271 1190 3357 1263">
     <span class='ocr_line' id='line_1_23' title="bbox 2271 1190 3357 1263; baseline 0.004 -20"><span class='ocrx_word' id='word_1_159' title='bbox 2271 1190 2623 1261; x_wconf 82' lang='grc' dir='ltr'><strong>περιπίπτων</strong></span> <span class='ocrx_word' id='word_1_160' title='bbox 2649 1190 2707 1244; x_wconf 82' lang='grc' dir='ltr'>δὲ</span> <span class='ocrx_word' id='word_1_161' title='bbox 2733 1192 2814 1255; x_wconf 89' lang='grc' dir='ltr'><strong>είς</strong></span> <span class='ocrx_word' id='word_1_162' title='bbox 2836 1190 2896 1244; x_wconf 82' lang='grc' dir='ltr'>τὸ</span> <span class='ocrx_word' id='word_1_163' title='bbox 2925 1190 3141 1263; x_wconf 84' lang='grc' dir='ltr'>ἀληθῶς</span> <span class='ocrx_word' id='word_1_164' title='bbox 3163 1192 3357 1247; x_wconf 88' lang='grc' dir='ltr'>κακόν.</span> 
     </span>
    </p>
   </div>
   <div class='ocr_carea' id='block_1_24' title="bbox 2344 1369 3841 1439">
    <p class='ocr_par' dir='ltr' id='par_1_24' title="bbox 2344 1369 3841 1439">
     <span class='ocr_line' id='line_1_24' title="bbox 2344 1369 3841 1439; baseline 0.001 -16"><span class='ocrx_word' id='word_1_165' title='bbox 2344 1370 2536 1424; x_wconf 78' lang='grc' dir='ltr'>Φοϐοῦ</span> <span class='ocrx_word' id='word_1_166' title='bbox 2561 1369 2635 1423; x_wconf 78' lang='grc' dir='ltr'>δὲ</span> <span class='ocrx_word' id='word_1_167' title='bbox 2649 1371 2760 1424; x_wconf 81' lang='grc' dir='ltr'><strong>τὸν</strong></span> <span class='ocrx_word' id='word_1_168' title='bbox 2785 1371 3025 1439; x_wconf 78' lang='grc' dir='ltr'><strong>Κύριον,</strong></span> <span class='ocrx_word' id='word_1_169' title='bbox 3044 1371 3145 1425; x_wconf 75' lang='grc' dir='ltr'><strong>καί</strong></span> <span class='ocrx_word' id='word_1_170' title='bbox 3172 1370 3464 1426; x_wconf 70' lang='grc' dir='ltr'><strong>ἐκκλῖνον</strong></span> <span class='ocrx_word' id='word_1_171' title='bbox 3486 1371 3602 1427; x_wconf 74' lang='grc' dir='ltr'>ἀπὸ</span> <span class='ocrx_word' id='word_1_172' title='bbox 3631 1375 3841 1439; x_wconf 58' lang='grc' dir='ltr'>παιδὸς</span> 
     </span>
    </p>
   </div>
   <div class='ocr_carea' id='block_1_25' title="bbox 2274 1462 3853 1537">
    <p class='ocr_par' dir='ltr' id='par_1_25' title="bbox 2274 1462 3853 1537">
     <span class='ocr_line' id='line_1_25' title="bbox 2274 1462 3853 1537; baseline 0.001 -19"><span class='ocrx_word' id='word_1_173' title='bbox 2274 1462 2482 1520; x_wconf 80' lang='grc' dir='ltr'>κακοῦ.</span> <span class='ocrx_word' id='word_1_174' title='bbox 2521 1462 2682 1518; x_wconf 78' lang='grc' dir='ltr'>Ἀλλὰ</span> <span class='ocrx_word' id='word_1_175' title='bbox 2711 1462 2879 1534; x_wconf 77' lang='grc' dir='ltr'>φόϐον</span> <span class='ocrx_word' id='word_1_176' title='bbox 2906 1463 2998 1536; x_wconf 76' lang='grc' dir='ltr'>ἔχε</span> <span class='ocrx_word' id='word_1_177' title='bbox 3036 1464 3194 1531; x_wconf 83' lang='grc' dir='ltr'>Θεοῦ,</span> <span class='ocrx_word' id='word_1_178' title='bbox 3239 1465 3334 1519; x_wconf 79' lang='grc' dir='ltr'>καὶ</span> <span class='ocrx_word' id='word_1_179' title='bbox 3380 1465 3559 1535; x_wconf 84' lang='grc' dir='ltr'>πάσης</span> <span class='ocrx_word' id='word_1_180' title='bbox 3582 1467 3853 1537; x_wconf 78' lang='grc' dir='ltr'>ἁμαρτίας</span> 
     </span>
    </p>
   </div>
   <div class='ocr_carea' id='block_1_26' title="bbox 2274 1552 2564 1626">
    <p class='ocr_par' dir='ltr' id='par_1_26' title="bbox 2274 1552 2564 1626">
     <span class='ocr_line' id='line_1_26' title="bbox 2274 1552 2564 1626; baseline 0 -18"><span class='ocrx_word' id='word_1_181' title='bbox 2274 1552 2564 1626; x_wconf 79' lang='grc' dir='ltr'>ἀπόστηθι.</span> 
     </span>
    </p>
   </div>
   <div class='ocr_carea' id='block_1_27' title="bbox 2345 1646 3851 1718">
    <p class='ocr_par' dir='ltr' id='par_1_27' title="bbox 2345 1646 3851 1718">
     <span class='ocr_line' id='line_1_27' title="bbox 2345 1646 3851 1718; baseline 0.003 -19"><span class='ocrx_word' id='word_1_182' title='bbox 2345 1651 2416 1717; x_wconf 86' lang='grc' dir='ltr'><strong>η’.</strong></span> <span class='ocrx_word' id='word_1_183' title='bbox 2462 1647 2602 1699; x_wconf 81' lang='grc' dir='ltr'>Τότε</span> <span class='ocrx_word' id='word_1_184' title='bbox 2639 1646 2801 1713; x_wconf 84' lang='grc' dir='ltr'><em>ἴασις</em></span> <span class='ocrx_word' id='word_1_185' title='bbox 2834 1648 3009 1702; x_wconf 71' lang='grc' dir='ltr'>ἔσται</span> <span class='ocrx_word' id='word_1_186' title='bbox 3041 1646 3122 1714; x_wconf 84' lang='grc' dir='ltr'>τῷ</span> <span class='ocrx_word' id='word_1_187' title='bbox 3154 1646 3384 1718; x_wconf 81' lang='grc' dir='ltr'>σώματί</span> <span class='ocrx_word' id='word_1_188' title='bbox 3426 1662 3567 1715; x_wconf 86' lang='grc' dir='ltr'>σου,</span> <span class='ocrx_word' id='word_1_189' title='bbox 3598 1649 3693 1703; x_wconf 77' lang='grc' dir='ltr'>καὶ</span> <span class='ocrx_word' id='word_1_190' title='bbox 3720 1650 3851 1703; x_wconf 67' lang='grc' dir='ltr'>ἐπι-</span> 
     </span>
    </p>
   </div>
   <div class='ocr_carea' id='block_1_28' title="bbox 589 1724 2176 1813">
    <p class='ocr_par' dir='ltr' id='par_1_28' title="bbox 589 1724 2171 1790">
     <span class='ocr_line' id='line_1_28' title="bbox 589 1724 2171 1790; baseline 0 -12"><span class='ocrx_word' id='word_1_191' title='bbox 589 1726 717 1780; x_wconf 90' lang='lat' dir='ltr'><strong>litas</strong></span> <span class='ocrx_word' id='word_1_192' title='bbox 751 1727 956 1781; x_wconf 83' lang='lat' dir='ltr'><strong>ossibus</strong></span> <span class='ocrx_word' id='word_1_193' title='bbox 986 1727 1115 1782; x_wconf 88' lang='lat' dir='ltr'><strong>tuis.</strong></span> <span class='ocrx_word' id='word_1_194' title='bbox 1165 1725 1323 1781; x_wconf 90' lang='lat' dir='ltr'><strong>Tunc</strong></span> <span class='ocrx_word' id='word_1_195' title='bbox 1369 1726 1475 1781; x_wconf 91' lang='lat' dir='ltr'><strong>erit</strong></span> <span class='ocrx_word' id='word_1_196' title='bbox 1519 1726 1674 1781; x_wconf 88' lang='lat' dir='ltr'><strong>carni</strong></span> <span class='ocrx_word' id='word_1_197' title='bbox 1721 1734 1826 1780; x_wconf 58' lang='lat' dir='ltr'><strong>tua;</strong></span> <span class='ocrx_word' id='word_1_198' title='bbox 1877 1724 2109 1790; x_wconf 88' lang='lat' dir='ltr'><strong>sanitas,</strong></span> <span class='ocrx_word' id='word_1_199' title='bbox 2141 1739 2171 1778; x_wconf 88' lang='lat' dir='ltr'><strong>a</strong></span> 
     </span>
    </p>
   </div>
   <div class='ocr_carea' id='block_1_29' title="bbox 2278 1724 3850 1813">
    <p class='ocr_par' dir='ltr' id='par_1_29' title="bbox 2278 1736 3850 1813">
     <span class='ocr_line' id='line_1_29' title="bbox 2278 1736 3850 1813; baseline 0.003 -22"><span class='ocrx_word' id='word_1_200' title='bbox 2278 1736 2479 1807; x_wconf 74' lang='grc' dir='ltr'>μένεια</span> <span class='ocrx_word' id='word_1_201' title='bbox 2510 1738 2635 1804; x_wconf 85' lang='grc' dir='ltr'>τοῖς</span> <span class='ocrx_word' id='word_1_202' title='bbox 2668 1738 2903 1803; x_wconf 85' lang='grc' dir='ltr'>ὀστέοις</span> <span class='ocrx_word' id='word_1_203' title='bbox 2935 1752 3073 1794; x_wconf 89' lang='grc' dir='ltr'>σου.</span> <span class='ocrx_word' id='word_1_204' title='bbox 3122 1738 3437 1811; x_wconf 81' lang='grc' dir='ltr'>Τηνικαῦτα</span> <span class='ocrx_word' id='word_1_205' title='bbox 3465 1739 3571 1812; x_wconf 83' lang='grc' dir='ltr'>γὰρ</span> <span class='ocrx_word' id='word_1_206' title='bbox 3625 1741 3850 1813; x_wconf 77' lang='grc' dir='ltr'>ὑπάρξει</span> 
     </span>
    </p>
   </div>
   <div class='ocr_carea' id='block_1_30' title="bbox 590 1801 2176 1903">
    <p class='ocr_par' dir='ltr' id='par_1_30' title="bbox 590 1816 2167 1882">
     <span class='ocr_line' id='line_1_30' title="bbox 590 1816 2167 1882; baseline -0.002 -10"><span class='ocrx_word' id='word_1_207' title='bbox 590 1818 821 1873; x_wconf 77' lang='lat' dir='ltr'><strong>ferventi</strong></span> <span class='ocrx_word' id='word_1_208' title='bbox 853 1818 1134 1874; x_wconf 87' lang='lat' dir='ltr'><strong>actionum</strong></span> <span class='ocrx_word' id='word_1_209' title='bbox 1168 1825 1388 1874; x_wconf 90' lang='lat' dir='ltr'><strong>tuarum</strong></span> <span class='ocrx_word' id='word_1_210' title='bbox 1423 1817 1677 1882; x_wconf 85' lang='lat' dir='ltr'><strong>malitia;</strong></span> <span class='ocrx_word' id='word_1_211' title='bbox 1705 1825 1760 1872; x_wconf 88' lang='lat' dir='ltr'><strong>et</strong></span> <span class='ocrx_word' id='word_1_212' title='bbox 1795 1817 2026 1873; x_wconf 86' lang='lat' dir='ltr'><strong>salvatio</strong></span> <span class='ocrx_word' id='word_1_213' title='bbox 2059 1816 2167 1870; x_wconf 88' lang='lat' dir='ltr'><strong>ani-</strong></span> 
     </span>
    </p>
   </div>
   <div class='ocr_carea' id='block_1_31' title="bbox 2278 1801 3849 1903">
    <p class='ocr_par' dir='ltr' id='par_1_31' title="bbox 2278 1801 3849 1903">
     <span class='ocr_line' id='line_1_31' title="bbox 2278 1801 3849 1903; baseline 0.002 -21"><span class='ocrx_word' id='word_1_214' title='bbox 2278 1801 2541 1900; x_wconf 83' lang='grc' dir='ltr'>θεραπεία</span> <span class='ocrx_word' id='word_1_215' title='bbox 2581 1801 2680 1900; x_wconf 72' lang='grc' dir='ltr'>μὲν</span> <span class='ocrx_word' id='word_1_216' title='bbox 2717 1832 2783 1902; x_wconf 81' lang='grc' dir='ltr'>τῇ</span> <span class='ocrx_word' id='word_1_217' title='bbox 2812 1801 2977 1903; x_wconf 81' lang='grc' dir='ltr'>σαρκί</span> <span class='ocrx_word' id='word_1_218' title='bbox 3007 1847 3125 1895; x_wconf 90' lang='grc' dir='ltr'>σου,</span> <span class='ocrx_word' id='word_1_219' title='bbox 3153 1801 3265 1884; x_wconf 72' lang='grc' dir='ltr'>ἀπὸ</span> <span class='ocrx_word' id='word_1_220' title='bbox 3288 1831 3389 1901; x_wconf 76' lang='grc' dir='ltr'>τῆς</span> <span class='ocrx_word' id='word_1_221' title='bbox 3425 1801 3553 1885; x_wconf 46' lang='lat' dir='ltr'><strong>xci?</strong></span> <span class='ocrx_word' id='word_1_222' title='bbox 3574 1801 3849 1903; x_wconf 66' lang='grc' dir='ltr'>ἐνέργειαν</span> 
     </span>
    </p>
   </div>
   <div class='ocr_carea' id='block_1_32' title="bbox 588 1908 2170 1980">
    <p class='ocr_par' dir='ltr' id='par_1_32' title="bbox 588 1908 2170 1980">
     <span class='ocr_line' id='line_1_32' title="bbox 588 1908 2170 1980; baseline -0.001 -16"><span class='ocrx_word' id='word_1_223' title='bbox 588 1924 697 1964; x_wconf 81' lang='lat' dir='ltr'><strong>mae</strong></span> <span class='ocrx_word' id='word_1_224' title='bbox 712 1916 818 1964; x_wconf 66' lang='lat' dir='ltr'><strong>tum</strong></span> <span class='ocrx_word' id='word_1_225' title='bbox 846 1908 1126 1979; x_wconf 88' lang='lat' dir='ltr'><strong>potentiis,</strong></span> <span class='ocrx_word' id='word_1_226' title='bbox 1152 1925 1275 1979; x_wconf 74' lang='lat' dir='ltr'><strong>qua:</strong></span> <span class='ocrx_word' id='word_1_227' title='bbox 1328 1917 1590 1980; x_wconf 87' lang='lat' dir='ltr'><strong>tanquam</strong></span> <span class='ocrx_word' id='word_1_228' title='bbox 1620 1922 1769 1975; x_wconf 88' lang='lat' dir='ltr'><strong>ossa,</strong></span> <span class='ocrx_word' id='word_1_229' title='bbox 1800 1924 1899 1980; x_wconf 90' lang='lat' dir='ltr'><strong>pro</strong></span> <span class='ocrx_word' id='word_1_230' title='bbox 1932 1922 1999 1964; x_wconf 89' lang='lat' dir='ltr'><strong>ea</strong></span> <span class='ocrx_word' id='word_1_231' title='bbox 2039 1915 2170 1963; x_wconf 87' lang='lat' dir='ltr'><strong>sunt</strong></span> 
     </span>
    </p>
   </div>
   <div class='ocr_carea' id='block_1_33' title="bbox 588 1994 1525 2073">
    <p class='ocr_par' dir='ltr' id='par_1_33' title="bbox 588 1994 1525 2073">
     <span class='ocr_line' id='line_1_33' title="bbox 588 1994 1525 2073; baseline 0 -18"><span class='ocrx_word' id='word_1_232' title='bbox 588 2001 929 2067; x_wconf 81' lang='lat' dir='ltr'><strong>fulcimenta,</strong></span> <span class='ocrx_word' id='word_1_233' title='bbox 956 2016 1026 2058; x_wconf 90' lang='lat' dir='ltr'><strong>ne</strong></span> <span class='ocrx_word' id='word_1_234' title='bbox 1048 2000 1395 2073; x_wconf 75' lang='lat' dir='ltr'><strong>frangantur.</strong></span> <span class='ocrx_word' id='word_1_235' title='bbox 1522 1994 1525 1997; x_wconf 65' lang='grc'>’</span> 
     </span>
    </p>
   </div>
   <div class='ocr_carea' id='block_1_34' title="bbox 660 2195 2160 2267">
    <p class='ocr_par' dir='ltr' id='par_1_34' title="bbox 660 2195 2160 2267">
     <span class='ocr_line' id='line_1_34' title="bbox 660 2195 2160 2267; baseline -0.003 -14"><span class='ocrx_word' id='word_1_236' title='bbox 660 2199 825 2255; x_wconf 72' lang='lat' dir='ltr'><strong>Vens.</strong></span> <span class='ocrx_word' id='word_1_237' title='bbox 856 2201 912 2255; x_wconf 90' lang='lat'><strong>9.</strong></span> <span class='ocrx_word' id='word_1_238' title='bbox 972 2198 1191 2254; x_wconf 80' lang='lat' dir='ltr'><strong>Honora</strong></span> <span class='ocrx_word' id='word_1_239' title='bbox 1229 2198 1398 2255; x_wconf 88' lang='lat' dir='ltr'><strong>Deum</strong></span> <span class='ocrx_word' id='word_1_240' title='bbox 1425 2198 1488 2253; x_wconf 90' lang='lat' dir='ltr'><strong>de</strong></span> <span class='ocrx_word' id='word_1_241' title='bbox 1540 2199 1645 2252; x_wconf 89' lang='lat' dir='ltr'><strong>tuis</strong></span> <span class='ocrx_word' id='word_1_242' title='bbox 1663 2196 1829 2267; x_wconf 72' lang='lat' dir='ltr'><strong>justi:</strong></span> <span class='ocrx_word' id='word_1_243' title='bbox 1865 2195 2160 2250; x_wconf 73' lang='lat' dir='ltr'><strong>laboribus.</strong></span> 
     </span>
    </p>
   </div>
   <div class='ocr_carea' id='block_1_35' title="bbox 584 2287 2167 2359">
    <p class='ocr_par' dir='ltr' id='par_1_35' title="bbox 584 2287 2167 2359">
     <span class='ocr_line' id='line_1_35' title="bbox 584 2287 2167 2359; baseline -0.005 -10"><span class='ocrx_word' id='word_1_244' title='bbox 584 2294 733 2349; x_wconf 75' lang='lat' dir='ltr'><strong>Oll‘er</strong></span> <span class='ocrx_word' id='word_1_245' title='bbox 765 2292 899 2359; x_wconf 91' lang='lat' dir='ltr'><strong>Deo,</strong></span> <span class='ocrx_word' id='word_1_246' title='bbox 930 2302 991 2347; x_wconf 92' lang='lat' dir='ltr'><strong>ut</strong></span> <span class='ocrx_word' id='word_1_247' title='bbox 1012 2308 1205 2347; x_wconf 87' lang='lat' dir='ltr'><strong>servus</strong></span> <span class='ocrx_word' id='word_1_248' title='bbox 1244 2290 1492 2354; x_wconf 90' lang='lat' dir='ltr'><strong>domino,</strong></span> <span class='ocrx_word' id='word_1_249' title='bbox 1525 2305 1591 2343; x_wconf 69' lang='lat' dir='ltr'><strong>ex</strong></span> <span class='ocrx_word' id='word_1_250' title='bbox 1641 2289 1723 2344; x_wconf 89' lang='lat' dir='ltr'><strong>eis</strong></span> <span class='ocrx_word' id='word_1_251' title='bbox 1755 2302 1877 2359; x_wconf 66' lang='lat' dir='ltr'><strong>quae</strong></span> <span class='ocrx_word' id='word_1_252' title='bbox 1906 2302 2002 2357; x_wconf 89' lang='lat' dir='ltr'><strong>per</strong></span> <span class='ocrx_word' id='word_1_253' title='bbox 2022 2287 2167 2342; x_wconf 88' lang='lat' dir='ltr'><strong>labo-</strong></span> 
     </span>
    </p>
   </div>
   <div class='ocr_carea' id='block_1_36' title="bbox 586 2381 2162 2453">
    <p class='ocr_par' dir='ltr' id='par_1_36' title="bbox 586 2381 2162 2453">
     <span class='ocr_line' id='line_1_36' title="bbox 586 2381 2162 2453; baseline -0.004 -13"><span class='ocrx_word' id='word_1_254' title='bbox 586 2401 698 2442; x_wconf 85' lang='lat' dir='ltr'><strong>rem</strong></span> <span class='ocrx_word' id='word_1_255' title='bbox 727 2386 921 2440; x_wconf 73' lang='lat' dir='ltr'><strong>animm</strong></span> <span class='ocrx_word' id='word_1_256' title='bbox 967 2393 1023 2440; x_wconf 89' lang='lat' dir='ltr'><strong>et</strong></span> <span class='ocrx_word' id='word_1_257' title='bbox 1086 2384 1336 2453; x_wconf 85' lang='lat' dir='ltr'><strong>corporis</strong></span> <span class='ocrx_word' id='word_1_258' title='bbox 1388 2381 1769 2453; x_wconf 78' lang='lat' dir='ltr'><strong>requisivisti;</strong></span> <span class='ocrx_word' id='word_1_259' title='bbox 1824 2395 1891 2435; x_wconf 85' lang='lat' dir='ltr'><strong>ex</strong></span> <span class='ocrx_word' id='word_1_260' title='bbox 1914 2394 2162 2450; x_wconf 82' lang='lat' dir='ltr'><strong>corpore,</strong></span> 
     </span>
    </p>
   </div>
   <div class='ocr_carea' id='block_1_37' title="bbox 584 2469 2166 2546">
    <p class='ocr_par' dir='ltr' id='par_1_37' title="bbox 584 2469 2166 2546">
     <span class='ocr_line' id='line_1_37' title="bbox 584 2469 2166 2546; baseline -0.004 -17"><span class='ocrx_word' id='word_1_261' title='bbox 584 2492 706 2546; x_wconf 79' lang='lat' dir='ltr'><strong>qua:</strong></span> <span class='ocrx_word' id='word_1_262' title='bbox 734 2476 854 2530; x_wconf 88' lang='lat' dir='ltr'><strong>sine</strong></span> <span class='ocrx_word' id='word_1_263' title='bbox 884 2473 1118 2545; x_wconf 82' lang='lat' dir='ltr'><strong>proximi</strong></span> <span class='ocrx_word' id='word_1_264' title='bbox 1156 2472 1492 2527; x_wconf 85' lang='lat' dir='ltr'><strong>detrimento</strong></span> <span class='ocrx_word' id='word_1_265' title='bbox 1544 2471 1790 2525; x_wconf 88' lang='lat' dir='ltr'><strong>lucratus</strong></span> <span class='ocrx_word' id='word_1_266' title='bbox 1825 2483 1918 2535; x_wconf 85' lang='lat' dir='ltr'><strong>es;</strong></span> <span class='ocrx_word' id='word_1_267' title='bbox 1951 2482 2018 2522; x_wconf 75' lang='lat' dir='ltr'><strong>ex</strong></span> <span class='ocrx_word' id='word_1_268' title='bbox 2046 2469 2166 2523; x_wconf 89' lang='lat' dir='ltr'><strong>ani-</strong></span> 
     </span>
    </p>
   </div>
   <div class='ocr_carea' id='block_1_38' title="bbox 586 2560 2167 2635">
    <p class='ocr_par' dir='ltr' id='par_1_38' title="bbox 586 2560 2167 2635">
     <span class='ocr_line' id='line_1_38' title="bbox 586 2560 2167 2635; baseline -0.005 -14"><span class='ocrx_word' id='word_1_269' title='bbox 586 2582 696 2629; x_wconf 84' lang='lat' dir='ltr'><strong>ma,</strong></span> <span class='ocrx_word' id='word_1_270' title='bbox 730 2567 1064 2629; x_wconf 89' lang='lat' dir='ltr'><strong>castitatem,</strong></span> <span class='ocrx_word' id='word_1_271' title='bbox 1094 2571 1469 2635; x_wconf 86' lang='lat' dir='ltr'><strong>paupertatem</strong></span> <span class='ocrx_word' id='word_1_272' title='bbox 1498 2600 1514 2626; x_wconf 93' lang='lat'><strong>,</strong></span> <span class='ocrx_word' id='word_1_273' title='bbox 1563 2570 1618 2616; x_wconf 90' lang='lat' dir='ltr'><strong>et</strong></span> <span class='ocrx_word' id='word_1_274' title='bbox 1664 2560 1884 2624; x_wconf 85' lang='lat' dir='ltr'><strong>similia,</strong></span> <span class='ocrx_word' id='word_1_275' title='bbox 1917 2574 2060 2629; x_wconf 65' lang='lat' dir='ltr'><strong>quae,</strong></span> <span class='ocrx_word' id='word_1_276' title='bbox 2111 2566 2167 2613; x_wconf 89' lang='lat' dir='ltr'><strong>et</strong></span> 
     </span>
    </p>
   </div>
   <div class='ocr_carea' id='block_1_39' title="bbox 584 2651 2165 2729">
    <p class='ocr_par' dir='ltr' id='par_1_39' title="bbox 584 2651 2165 2729">
     <span class='ocr_line' id='line_1_39' title="bbox 584 2651 2165 2729; baseline -0.005 -17"><span class='ocrx_word' id='word_1_277' title='bbox 584 2657 807 2729; x_wconf 80' lang='lat' dir='ltr'><strong>quidem</strong></span> <span class='ocrx_word' id='word_1_278' title='bbox 846 2657 941 2712; x_wconf 91' lang='lat' dir='ltr'><strong>illo</strong></span> <span class='ocrx_word' id='word_1_279' title='bbox 969 2671 1079 2712; x_wconf 91' lang='lat' dir='ltr'><strong>non</strong></span> <span class='ocrx_word' id='word_1_280' title='bbox 1117 2662 1426 2725; x_wconf 86' lang='lat' dir='ltr'><strong>repetente,</strong></span> <span class='ocrx_word' id='word_1_281' title='bbox 1453 2651 1686 2708; x_wconf 82' lang='lat' dir='ltr'><strong>ﬁdeliter</strong></span> <span class='ocrx_word' id='word_1_282' title='bbox 1710 2652 1965 2713; x_wconf 85' lang='lat' dir='ltr'><strong>servasti,</strong></span> <span class='ocrx_word' id='word_1_283' title='bbox 2001 2659 2060 2706; x_wconf 92' lang='lat' dir='ltr'><strong>ut</strong></span> <span class='ocrx_word' id='word_1_284' title='bbox 2088 2651 2165 2705; x_wconf 88' lang='lat' dir='ltr'><strong>illi</strong></span> 
     </span>
    </p>
   </div>
   <div class='ocr_carea' id='block_1_40' title="bbox 585 2742 2166 2820">
    <p class='ocr_par' dir='ltr' id='par_1_40' title="bbox 585 2742 2166 2820">
     <span class='ocr_line' id='line_1_40' title="bbox 585 2742 2166 2820; baseline -0.003 -17"><span class='ocrx_word' id='word_1_285' title='bbox 585 2765 685 2820; x_wconf 79' lang='lat' dir='ltr'><strong>pro</strong></span> <span class='ocrx_word' id='word_1_286' title='bbox 711 2750 857 2805; x_wconf 90' lang='lat' dir='ltr'><strong>dono</strong></span> <span class='ocrx_word' id='word_1_287' title='bbox 893 2748 1092 2805; x_wconf 82' lang='lat' dir='ltr'><strong>oﬂeras</strong></span> <span class='ocrx_word' id='word_1_288' title='bbox 1123 2747 1259 2814; x_wconf 63' lang='lat' dir='ltr'><strong>haec,</strong></span> <span class='ocrx_word' id='word_1_289' title='bbox 1289 2761 1389 2817; x_wconf 86' lang='lat' dir='ltr'><strong>pro</strong></span> <span class='ocrx_word' id='word_1_290' title='bbox 1424 2745 1632 2817; x_wconf 85' lang='lat' dir='ltr'><strong>quibus</strong></span> <span class='ocrx_word' id='word_1_291' title='bbox 1670 2744 1792 2816; x_wconf 85' lang='lat' dir='ltr'><strong>ejus</strong></span> <span class='ocrx_word' id='word_1_292' title='bbox 1821 2742 2166 2801; x_wconf 88' lang='lat' dir='ltr'><strong>custodivisti</strong></span> 
     </span>
    </p>
   </div>
   <div class='ocr_carea' id='block_1_41' title="bbox 586 2841 867 2898">
    <p class='ocr_par' dir='ltr' id='par_1_41' title="bbox 586 2841 867 2898">
     <span class='ocr_line' id='line_1_41' title="bbox 586 2841 867 2898; baseline -0.011 -1"><span class='ocrx_word' id='word_1_293' title='bbox 586 2841 867 2898; x_wconf 88' lang='lat' dir='ltr'><strong>mandata.</strong></span> 
     </span>
    </p>
   </div>
   <div class='ocr_carea' id='block_1_42' title="bbox 655 3014 2170 3087">
    <p class='ocr_par' dir='ltr' id='par_1_42' title="bbox 655 3014 2170 3087">
     <span class='ocr_line' id='line_1_42' title="bbox 655 3014 2170 3087; baseline -0.001 -15"><span class='ocrx_word' id='word_1_294' title='bbox 655 3018 725 3072; x_wconf 87' lang='lat' dir='ltr'><strong>Et</strong></span> <span class='ocrx_word' id='word_1_295' title='bbox 748 3018 1017 3087; x_wconf 82' lang='lat' dir='ltr'><strong>primitias</strong></span> <span class='ocrx_word' id='word_1_296' title='bbox 1070 3016 1143 3071; x_wconf 85' lang='lat' dir='ltr'><strong>da</strong></span> <span class='ocrx_word' id='word_1_297' title='bbox 1188 3018 1235 3072; x_wconf 92' lang='lat' dir='ltr'><strong>ei</strong></span> <span class='ocrx_word' id='word_1_298' title='bbox 1272 3014 1336 3072; x_wconf 77' lang='lat' dir='ltr'><strong>de</strong></span> <span class='ocrx_word' id='word_1_299' title='bbox 1369 3016 1473 3071; x_wconf 83' lang='lat' dir='ltr'><strong>tuis</strong></span> <span class='ocrx_word' id='word_1_300' title='bbox 1520 3015 1781 3086; x_wconf 72' lang='lat' dir='ltr'><strong>fructibus</strong></span> <span class='ocrx_word' id='word_1_301' title='bbox 1834 3014 2078 3081; x_wconf 64' lang='lat' dir='ltr'><strong>iustitiae.</strong></span> <span class='ocrx_word' id='word_1_302' title='bbox 2106 3014 2170 3070; x_wconf 83' lang='lat' dir='ltr'><strong>Et</strong></span> 
     </span>
    </p>
   </div>
   <div class='ocr_carea' id='block_1_43' title="bbox 2270 1920 3848 1995">
    <p class='ocr_par' dir='ltr' id='par_1_43' title="bbox 2270 1920 3848 1995">
     <span class='ocr_line' id='line_1_43' title="bbox 2270 1920 3848 1995; baseline 0.003 -23"><span class='ocrx_word' id='word_1_303' title='bbox 2270 1920 2565 1991; x_wconf 83' lang='grc' dir='ltr'>φοροποιοῦ</span> <span class='ocrx_word' id='word_1_304' title='bbox 2606 1920 2837 1985; x_wconf 81' lang='grc' dir='ltr'>κακίας’</span> <span class='ocrx_word' id='word_1_305' title='bbox 2871 1923 3223 1994; x_wconf 84' lang='grc' dir='ltr'>περιποίησις</span> <span class='ocrx_word' id='word_1_306' title='bbox 3251 1924 3307 1977; x_wconf 82' lang='grc' dir='ltr'>δὲ</span> <span class='ocrx_word' id='word_1_307' title='bbox 3330 1925 3454 1988; x_wconf 72' lang='grc' dir='ltr'>ταῖς</span> <span class='ocrx_word' id='word_1_308' title='bbox 3480 1925 3633 1995; x_wconf 83' lang='grc' dir='ltr'>δίκην</span> <span class='ocrx_word' id='word_1_309' title='bbox 3652 1926 3848 1979; x_wconf 80' lang='grc' dir='ltr'>ὀστέων</span> 
     </span>
    </p>
   </div>
   <div class='ocr_carea' id='block_1_44' title="bbox 2269 2012 3843 2087">
    <p class='ocr_par' dir='ltr' id='par_1_44' title="bbox 2269 2012 3843 2087">
     <span class='ocr_line' id='line_1_44' title="bbox 2269 2012 3843 2087; baseline 0.005 -24"><span class='ocrx_word' id='word_1_310' title='bbox 2269 2014 2593 2076; x_wconf 82' lang='grc' dir='ltr'>τονωτικαῖς</span> <span class='ocrx_word' id='word_1_311' title='bbox 2620 2013 2720 2083; x_wconf 79' lang='grc' dir='ltr'>τῆς</span> <span class='ocrx_word' id='word_1_312' title='bbox 2767 2012 2947 2084; x_wconf 81' lang='grc' dir='ltr'>ψυχῆς</span> <span class='ocrx_word' id='word_1_313' title='bbox 2982 2031 3078 2068; x_wconf 89' lang='grc' dir='ltr'><strong>σου</strong></span> <span class='ocrx_word' id='word_1_314' title='bbox 3117 2015 3432 2087; x_wconf 87' lang='grc' dir='ltr'>δυνάμεσιν,</span> <span class='ocrx_word' id='word_1_315' title='bbox 3471 2016 3611 2069; x_wconf 79' lang='grc' dir='ltr'>ὥστε</span> <span class='ocrx_word' id='word_1_316' title='bbox 3645 2018 3717 2087; x_wconf 80' lang='grc' dir='ltr'>μὴ</span> <span class='ocrx_word' id='word_1_317' title='bbox 3752 2017 3843 2071; x_wconf 78' lang='grc' dir='ltr'><strong>τοῦ</strong></span> 
     </span>
    </p>
   </div>
   <div class='ocr_carea' id='block_1_45' title="bbox 2268 2100 2993 2175">
    <p class='ocr_par' dir='ltr' id='par_1_45' title="bbox 2268 2100 2993 2175">
     <span class='ocr_line' id='line_1_45' title="bbox 2268 2100 2993 2175; baseline 0.007 -21"><span class='ocrx_word' id='word_1_318' title='bbox 2268 2100 2480 2165; x_wconf 78' lang='grc' dir='ltr'>δέοντος</span> <span class='ocrx_word' id='word_1_319' title='bbox 2513 2103 2993 2175; x_wconf 88' lang='grc' dir='ltr'>παραθραύεσθαι.</span> 
     </span>
    </p>
   </div>
   <div class='ocr_carea' id='block_1_46' title="bbox 2340 2192 3839 2264">
    <p class='ocr_par' dir='ltr' id='par_1_46' title="bbox 2340 2192 3839 2264">
     <span class='ocr_line' id='line_1_46' title="bbox 2340 2192 3839 2264; baseline 0.005 -19"><span class='ocrx_word' id='word_1_320' title='bbox 2340 2192 2405 2248; x_wconf 84' lang='grc' dir='ltr'><strong>θ’.</strong></span> <span class='ocrx_word' id='word_1_321' title='bbox 2444 2195 2587 2264; x_wconf 79' lang='grc' dir='ltr'>Τίμα</span> <span class='ocrx_word' id='word_1_322' title='bbox 2636 2197 2744 2249; x_wconf 78' lang='grc' dir='ltr'><strong>τὸν</strong></span> <span class='ocrx_word' id='word_1_323' title='bbox 2787 2196 3007 2263; x_wconf 77' lang='grc' dir='ltr'><strong>Κύριον</strong></span> <span class='ocrx_word' id='word_1_324' title='bbox 3044 2194 3166 2251; x_wconf 79' lang='grc' dir='ltr'>ἀπὸ</span> <span class='ocrx_word' id='word_1_325' title='bbox 3193 2195 3321 2250; x_wconf 78' lang='grc' dir='ltr'>σῶν</span> <span class='ocrx_word' id='word_1_326' title='bbox 3348 2196 3597 2251; x_wconf 70' lang='grc' dir='ltr'>δικαίων</span> <span class='ocrx_word' id='word_1_327' title='bbox 3628 2200 3839 2254; x_wconf 74' lang='grc' dir='ltr'>πόνων.</span> 
     </span>
    </p>
   </div>
   <div class='ocr_carea' id='block_1_47' title="bbox 2268 2284 3842 2361">
    <p class='ocr_par' dir='ltr' id='par_1_47' title="bbox 2268 2284 3842 2361">
     <span class='ocr_line' id='line_1_47' title="bbox 2268 2284 3842 2361; baseline 0.004 -22"><span class='ocrx_word' id='word_1_328' title='bbox 2268 2287 2551 2358; x_wconf 83' lang='grc' dir='ltr'>Πρόσφερε</span> <span class='ocrx_word' id='word_1_329' title='bbox 2573 2286 2630 2340; x_wconf 84' lang='grc' dir='ltr'>δὲ</span> <span class='ocrx_word' id='word_1_330' title='bbox 2656 2284 2733 2357; x_wconf 84' lang='grc' dir='ltr'><strong>τῷ</strong></span> <span class='ocrx_word' id='word_1_331' title='bbox 2772 2286 2911 2358; x_wconf 81' lang='grc' dir='ltr'>Θεῷ,</span> <span class='ocrx_word' id='word_1_332' title='bbox 2952 2287 3028 2352; x_wconf 88' lang='grc' dir='ltr'>ὡς</span> <span class='ocrx_word' id='word_1_333' title='bbox 3052 2288 3288 2361; x_wconf 77' lang='grc' dir='ltr'>δεσπότῃ</span> <span class='ocrx_word' id='word_1_334' title='bbox 3307 2288 3515 2353; x_wconf 85' lang='grc' dir='ltr'>δοῦλος,</span> <span class='ocrx_word' id='word_1_335' title='bbox 3540 2290 3633 2359; x_wconf 70' lang='grc' dir='ltr'><strong>ἀφ’</strong></span> <span class='ocrx_word' id='word_1_336' title='bbox 3663 2284 3735 2347; x_wconf 80' lang='grc' dir='ltr'>ὧν</span> <span class='ocrx_word' id='word_1_337' title='bbox 3756 2296 3842 2346; x_wconf 75' lang='grc' dir='ltr'><strong>αὖ·</strong></span> 
     </span>
    </p>
   </div>
   <div class='ocr_carea' id='block_1_48' title="bbox 2265 2373 3844 2449">
    <p class='ocr_par' dir='ltr' id='par_1_48' title="bbox 2265 2373 3844 2449">
     <span class='ocr_line' id='line_1_48' title="bbox 2265 2373 3844 2449; baseline 0.003 -21"><span class='ocrx_word' id='word_1_338' title='bbox 2265 2375 2357 2438; x_wconf 74' lang='grc' dir='ltr'>τὸς</span> <span class='ocrx_word' id='word_1_339' title='bbox 2380 2376 2507 2446; x_wconf 80' lang='grc' dir='ltr'><strong>περὶ</strong></span> <span class='ocrx_word' id='word_1_340' title='bbox 2534 2373 2635 2447; x_wconf 84' lang='grc' dir='ltr'>τὴν</span> <span class='ocrx_word' id='word_1_341' title='bbox 2669 2377 2991 2446; x_wconf 79' lang='grc' dir='ltr'>σωματικὴν</span> <span class='ocrx_word' id='word_1_342' title='bbox 3020 2379 3115 2429; x_wconf 74' lang='grc' dir='ltr'><strong>καὶ</strong></span> <span class='ocrx_word' id='word_1_343' title='bbox 3157 2376 3254 2447; x_wconf 81' lang='grc' dir='ltr'><strong>τὴν</strong></span> <span class='ocrx_word' id='word_1_344' title='bbox 3286 2378 3662 2449; x_wconf 77' lang='grc' dir='ltr'>πνευματικὴν</span> <span class='ocrx_word' id='word_1_345' title='bbox 3690 2381 3844 2448; x_wconf 77' lang='grc' dir='ltr'>ἐργα-</span> 
     </span>
    </p>
   </div>
   <div class='ocr_carea' id='block_1_49' title="bbox 2268 2467 3839 2540">
    <p class='ocr_par' dir='ltr' id='par_1_49' title="bbox 2268 2467 3839 2540">
     <span class='ocr_line' id='line_1_49' title="bbox 2268 2467 3839 2540; baseline 0.002 -20"><span class='ocrx_word' id='word_1_346' title='bbox 2268 2468 2390 2521; x_wconf 87' lang='grc' dir='ltr'>σίαν</span> <span class='ocrx_word' id='word_1_347' title='bbox 2421 2467 2740 2539; x_wconf 82' lang='grc' dir='ltr'>πεπόνηκας</span> <span class='ocrx_word' id='word_1_348' title='bbox 2764 2483 2777 2495; x_wconf 88' lang='grc'><strong>·</strong></span> <span class='ocrx_word' id='word_1_349' title='bbox 2816 2468 2881 2520; x_wconf 84' lang='grc' dir='ltr'>ὲκ</span> <span class='ocrx_word' id='word_1_350' title='bbox 2914 2468 3011 2538; x_wconf 78' lang='grc' dir='ltr'>μὲν</span> <span class='ocrx_word' id='word_1_351' title='bbox 3057 2470 3157 2539; x_wconf 87' lang='grc' dir='ltr'>τῆς</span> <span class='ocrx_word' id='word_1_352' title='bbox 3192 2473 3536 2540; x_wconf 79' lang='grc' dir='ltr'>σωματικῆς,</span> <span class='ocrx_word' id='word_1_353' title='bbox 3581 2470 3649 2523; x_wconf 82' lang='grc' dir='ltr'><strong>τά</strong></span> <span class='ocrx_word' id='word_1_354' title='bbox 3682 2474 3749 2540; x_wconf 75' lang='grc' dir='ltr'>μὴ</span> <span class='ocrx_word' id='word_1_355' title='bbox 3784 2473 3839 2525; x_wconf 69' lang='grc' dir='ltr'>ἐκ</span> 
     </span>
    </p>
   </div>
   <div class='ocr_carea' id='block_1_50' title="bbox 2269 2558 3839 2631">
    <p class='ocr_par' dir='ltr' id='par_1_50' title="bbox 2269 2558 3839 2631">
     <span class='ocr_line' id='line_1_50' title="bbox 2269 2558 3839 2631; baseline 0.001 -19"><span class='ocrx_word' id='word_1_356' title='bbox 2269 2558 2475 2630; x_wconf 78' lang='grc' dir='ltr'>βλάϐης</span> <span class='ocrx_word' id='word_1_357' title='bbox 2504 2558 2614 2612; x_wconf 88' lang='grc' dir='ltr'><strong>τῶν</strong></span> <span class='ocrx_word' id='word_1_358' title='bbox 2645 2559 2813 2622; x_wconf 77' lang='grc' dir='ltr'>πέλας</span> <span class='ocrx_word' id='word_1_359' title='bbox 2837 2560 3203 2631; x_wconf 80' lang='grc' dir='ltr'>ὲπικτηθὲντα</span> <span class='ocrx_word' id='word_1_360' title='bbox 3229 2577 3343 2614; x_wconf 89' lang='grc' dir='ltr'>σοι·</span> <span class='ocrx_word' id='word_1_361' title='bbox 3376 2562 3441 2614; x_wconf 74' lang='grc' dir='ltr'>ἐκ</span> <span class='ocrx_word' id='word_1_362' title='bbox 3465 2561 3524 2615; x_wconf 87' lang='grc' dir='ltr'>δὲ</span> <span class='ocrx_word' id='word_1_363' title='bbox 3552 2561 3651 2631; x_wconf 81' lang='grc' dir='ltr'>τῆς</span> <span class='ocrx_word' id='word_1_364' title='bbox 3689 2580 3839 2616; x_wconf 76' lang='grc' dir='ltr'>πνευ-</span> 
     </span>
    </p>
   </div>
   <div class='ocr_carea' id='block_1_51' title="bbox 2270 2648 3843 2724">
    <p class='ocr_par' dir='ltr' id='par_1_51' title="bbox 2270 2648 3843 2724">
     <span class='ocr_line' id='line_1_51' title="bbox 2270 2648 3843 2724; baseline 0.003 -22"><span class='ocrx_word' id='word_1_365' title='bbox 2270 2648 2547 2720; x_wconf 82' lang='grc' dir='ltr'>ματικῆς,</span> <span class='ocrx_word' id='word_1_366' title='bbox 2586 2649 2920 2721; x_wconf 82' lang='grc' dir='ltr'>παρθενίαν,</span> <span class='ocrx_word' id='word_1_367' title='bbox 2961 2652 3385 2722; x_wconf 84' lang='grc' dir='ltr'>ἀκτημοσύνην,</span> <span class='ocrx_word' id='word_1_368' title='bbox 3430 2653 3527 2706; x_wconf 80' lang='grc' dir='ltr'>καὶ</span> <span class='ocrx_word' id='word_1_369' title='bbox 3571 2653 3639 2706; x_wconf 83' lang='grc' dir='ltr'><strong>τά</strong></span> <span class='ocrx_word' id='word_1_370' title='bbox 3658 2655 3843 2724; x_wconf 83' lang='grc' dir='ltr'>ὃμοια⁸</span> 
     </span>
    </p>
   </div>
   <div class='ocr_carea' id='block_1_52' title="bbox 2267 2739 3841 2815">
    <p class='ocr_par' dir='ltr' id='par_1_52' title="bbox 2267 2739 3841 2815">
     <span class='ocr_line' id='line_1_52' title="bbox 2267 2739 3841 2815; baseline 0.003 -22"><span class='ocrx_word' id='word_1_371' title='bbox 2267 2739 2534 2811; x_wconf 74' lang='grc' dir='ltr'>ἂπερκαὶ</span> <span class='ocrx_word' id='word_1_372' title='bbox 2567 2741 2643 2811; x_wconf 85' lang='grc' dir='ltr'>μὴ</span> <span class='ocrx_word' id='word_1_373' title='bbox 2682 2741 3009 2814; x_wconf 74' lang='grc' dir='ltr'>ἀπαιτηθεὶς</span> <span class='ocrx_word' id='word_1_374' title='bbox 3059 2743 3190 2815; x_wconf 85' lang='grc' dir='ltr'>παρ’</span> <span class='ocrx_word' id='word_1_375' title='bbox 3221 2744 3414 2808; x_wconf 86' lang='grc' dir='ltr'>αὑτοῦ,</span> <span class='ocrx_word' id='word_1_376' title='bbox 3455 2743 3679 2809; x_wconf 79' lang='grc' dir='ltr'>δικαίως</span> <span class='ocrx_word' id='word_1_377' title='bbox 3722 2745 3841 2812; x_wconf 74' lang='grc' dir='ltr'>ἐφύ-</span> 
     </span>
    </p>
   </div>
   <div class='ocr_carea' id='block_1_53' title="bbox 2266 2832 3842 2907">
    <p class='ocr_par' dir='ltr' id='par_1_53' title="bbox 2266 2832 3842 2907">
     <span class='ocr_line' id='line_1_53' title="bbox 2266 2832 3842 2907; baseline 0.004 -22"><span class='ocrx_word' id='word_1_378' title='bbox 2266 2832 2434 2899; x_wconf 84' lang='grc' dir='ltr'>λαξας</span> <span class='ocrx_word' id='word_1_379' title='bbox 2453 2865 2481 2897; x_wconf 83' lang='grc'>,.</span> <span class='ocrx_word' id='word_1_380' title='bbox 2496 2832 2640 2886; x_wconf 85' lang='grc' dir='ltr'>ὥστε</span> <span class='ocrx_word' id='word_1_381' title='bbox 2692 2832 2840 2905; x_wconf 85' lang='grc' dir='ltr'>δῶρα</span> <span class='ocrx_word' id='word_1_382' title='bbox 2884 2837 3269 2905; x_wconf 67' lang='grc' dir='ltr'>προσαγαγεῖν»</span> <span class='ocrx_word' id='word_1_383' title='bbox 3302 2835 3457 2907; x_wconf 87' lang='grc' dir='ltr'>αὑτῷ</span> <span class='ocrx_word' id='word_1_384' title='bbox 3480 2834 3649 2889; x_wconf 88' lang='grc' dir='ltr'>ταῦτα</span> <span class='ocrx_word' id='word_1_385' title='bbox 3669 2877 3686 2903; x_wconf 95' lang='grc'><strong>,</strong></span> <span class='ocrx_word' id='word_1_386' title='bbox 3734 2838 3842 2892; x_wconf 77' lang='grc' dir='ltr'>ἀνθ’</span> 
     </span>
    </p>
   </div>
   <div class='ocr_carea' id='block_1_54' title="bbox 2268 2918 3110 2996">
    <p class='ocr_par' dir='ltr' id='par_1_54' title="bbox 2268 2918 3110 2996">
     <span class='ocr_line' id='line_1_54' title="bbox 2268 2918 3110 2996; baseline 0.001 -17"><span class='ocrx_word' id='word_1_387' title='bbox 2268 2918 2343 2979; x_wconf 80' lang='grc' dir='ltr'>ὧν</span> <span class='ocrx_word' id='word_1_388' title='bbox 2368 2925 2642 2996; x_wconf 72' lang='grc' dir='ltr'>ἐτήρησας</span> <span class='ocrx_word' id='word_1_389' title='bbox 2666 2925 2896 2979; x_wconf 74' lang='grc' dir='ltr'>ἐντολῶν</span> <span class='ocrx_word' id='word_1_390' title='bbox 2923 2926 3110 2981; x_wconf 89' lang='grc' dir='ltr'>αὑτοῦ.</span> 
     </span>
    </p>
   </div>
   <div class='ocr_carea' id='block_1_55' title="bbox 2338 3016 3843 3090">
    <p class='ocr_par' dir='ltr' id='par_1_55' title="bbox 2338 3016 3843 3090">
     <span class='ocr_line' id='line_1_55' title="bbox 2338 3016 3843 3090; baseline -0.006 -17"><span class='ocrx_word' id='word_1_391' title='bbox 2338 3018 2451 3073; x_wconf 79' lang='grc' dir='ltr'><strong>Καὶ</strong></span> <span class='ocrx_word' id='word_1_392' title='bbox 2480 3016 2757 3088; x_wconf 80' lang='grc' dir='ltr'>ἀπάρχου</span> <span class='ocrx_word' id='word_1_393' title='bbox 2802 3017 2962 3083; x_wconf 84' lang='grc' dir='ltr'><strong>αὐτῷ</strong></span> <span class='ocrx_word' id='word_1_394' title='bbox 2982 3018 3100 3073; x_wconf 75' lang='grc' dir='ltr'>ἀπὸ</span> <span class='ocrx_word' id='word_1_395' title='bbox 3127 3019 3257 3074; x_wconf 86' lang='grc' dir='ltr'>σῶν</span> <span class='ocrx_word' id='word_1_396' title='bbox 3283 3021 3528 3090; x_wconf 77' lang='grc' dir='ltr'>καρπῶν</span> <span class='ocrx_word' id='word_1_397' title='bbox 3551 3022 3843 3087; x_wconf 58' lang='lat' dir='ltr'><strong>emam-</strong></span> 
     </span>
    </p>
   </div>
   <div class='ocr_carea' id='block_1_56' title="bbox 586 3107 2176 3205">
    <p class='ocr_par' dir='ltr' id='par_1_56' title="bbox 586 3107 2164 3181">
     <span class='ocr_line' id='line_1_56' title="bbox 586 3107 2164 3181; baseline -0.001 -18"><span class='ocrx_word' id='word_1_398' title='bbox 586 3117 649 3163; x_wconf 87' lang='lat' dir='ltr'><strong>nt</strong></span> <span class='ocrx_word' id='word_1_399' title='bbox 687 3110 981 3181; x_wconf 89' lang='lat' dir='ltr'><strong>primitias,</strong></span> <span class='ocrx_word' id='word_1_400' title='bbox 1014 3107 1150 3165; x_wconf 74' lang='lat' dir='ltr'><strong>oﬂ’er</strong></span> <span class='ocrx_word' id='word_1_401' title='bbox 1211 3109 1288 3165; x_wconf 89' lang='lat' dir='ltr'><strong>illi</strong></span> <span class='ocrx_word' id='word_1_402' title='bbox 1344 3108 1412 3164; x_wconf 90' lang='lat' dir='ltr'><strong>de</strong></span> <span class='ocrx_word' id='word_1_403' title='bbox 1457 3108 1730 3163; x_wconf 83' lang='lat' dir='ltr'><strong>fructibus</strong></span> <span class='ocrx_word' id='word_1_404' title='bbox 1780 3123 1892 3163; x_wconf 91' lang='lat' dir='ltr'><strong>non</strong></span> <span class='ocrx_word' id='word_1_405' title='bbox 1936 3108 2164 3179; x_wconf 62' lang='lat' dir='ltr'><strong>rapinae,</strong></span> 
     </span>
    </p>
   </div>
   <div class='ocr_carea' id='block_1_57' title="bbox 2278 3107 3844 3205">
    <p class='ocr_par' dir='ltr' id='par_1_57' title="bbox 2278 3108 3844 3183">
     <span class='ocr_line' id='line_1_57' title="bbox 2278 3108 3844 3183; baseline -0.001 -18"><span class='ocrx_word' id='word_1_406' title='bbox 2278 3128 2405 3179; x_wconf 75' lang='grc' dir='ltr'>νης.</span> <span class='ocrx_word' id='word_1_407' title='bbox 2436 3110 2547 3164; x_wconf 75' lang='grc' dir='ltr'><strong>Καὶ</strong></span> <span class='ocrx_word' id='word_1_408' title='bbox 2573 3108 2650 3174; x_wconf 86' lang='grc' dir='ltr'>ὥς</span> <span class='ocrx_word' id='word_1_409' title='bbox 2673 3126 2828 3173; x_wconf 88' lang='grc' dir='ltr'>τινας</span> <span class='ocrx_word' id='word_1_410' title='bbox 2856 3109 3114 3179; x_wconf 81' lang='grc' dir='ltr'>ἀπαρχάς</span> <span class='ocrx_word' id='word_1_411' title='bbox 3144 3110 3390 3179; x_wconf 85' lang='grc' dir='ltr'>πρόσαγε</span> <span class='ocrx_word' id='word_1_412' title='bbox 3406 3111 3601 3183; x_wconf 87' lang='grc' dir='ltr'>τούτῳ,</span> <span class='ocrx_word' id='word_1_413' title='bbox 3623 3113 3727 3165; x_wconf 89' lang='grc' dir='ltr'><strong>τῶν</strong></span> <span class='ocrx_word' id='word_1_414' title='bbox 3754 3112 3844 3182; x_wconf 77' lang='grc' dir='ltr'><strong>μὲν</strong></span> 
     </span>
    </p>
   </div>
   <div class='ocr_carea' id='block_1_58' title="bbox 588 3198 2176 3274">
    <p class='ocr_par' dir='ltr' id='par_1_58' title="bbox 588 3199 2171 3271">
     <span class='ocr_line' id='line_1_58' title="bbox 588 3199 2171 3271; baseline -0.001 -15"><span class='ocrx_word' id='word_1_415' title='bbox 588 3202 683 3257; x_wconf 88' lang='lat' dir='ltr'><strong>sed</strong></span> <span class='ocrx_word' id='word_1_416' title='bbox 717 3209 987 3257; x_wconf 89' lang='lat' dir='ltr'><strong>terrarum</strong></span> <span class='ocrx_word' id='word_1_417' title='bbox 1016 3211 1259 3269; x_wconf 89' lang='lat' dir='ltr'><strong>tuarum,</strong></span> <span class='ocrx_word' id='word_1_418' title='bbox 1282 3208 1344 3256; x_wconf 91' lang='lat' dir='ltr'><strong>ut</strong></span> <span class='ocrx_word' id='word_1_419' title='bbox 1366 3200 1552 3271; x_wconf 86' lang='lat' dir='ltr'><strong>justus</strong></span> <span class='ocrx_word' id='word_1_420' title='bbox 1603 3199 1761 3265; x_wconf 83' lang='lat' dir='ltr'><strong>Abel,</strong></span> <span class='ocrx_word' id='word_1_421' title='bbox 1797 3201 2042 3257; x_wconf 88' lang='lat' dir='ltr'><strong>omnium</strong></span> <span class='ocrx_word' id='word_1_422' title='bbox 2073 3201 2171 3255; x_wconf 83' lang='lat' dir='ltr'><strong>lto-</strong></span> 
     </span>
    </p>
   </div>
   <div class='ocr_carea' id='block_1_59' title="bbox 2278 3198 3840 3274">
    <p class='ocr_par' dir='ltr' id='par_1_59' title="bbox 2282 3198 3840 3274">
     <span class='ocr_line' id='line_1_59' title="bbox 2282 3198 3840 3274; baseline -0.001 -20"><span class='ocrx_word' id='word_1_423' title='bbox 2282 3203 2355 3274; x_wconf 82' lang='grc' dir='ltr'>μὴ</span> <span class='ocrx_word' id='word_1_424' title='bbox 2383 3201 2491 3255; x_wconf 86' lang='grc' dir='ltr'>ἀπὸ</span> <span class='ocrx_word' id='word_1_425' title='bbox 2514 3201 2773 3272; x_wconf 83' lang='grc' dir='ltr'>ἁρπαγῆς</span> <span class='ocrx_word' id='word_1_426' title='bbox 2794 3198 2911 3254; x_wconf 87' lang='grc' dir='ltr'>ἀλλ’</span> <span class='ocrx_word' id='word_1_427' title='bbox 2944 3200 3053 3254; x_wconf 77' lang='grc' dir='ltr'><strong>ἀπὸ</strong></span> <span class='ocrx_word' id='word_1_428' title='bbox 3076 3200 3178 3269; x_wconf 84' lang='grc' dir='ltr'>τῆς</span> <span class='ocrx_word' id='word_1_429' title='bbox 3214 3201 3311 3271; x_wconf 83' lang='grc' dir='ltr'>σῆς</span> <span class='ocrx_word' id='word_1_430' title='bbox 3341 3202 3581 3273; x_wconf 83' lang='grc' dir='ltr'>ἀρούρης</span> <span class='ocrx_word' id='word_1_431' title='bbox 3609 3202 3840 3272; x_wconf 76' lang='grc' dir='ltr'>καρπῶν,</span> 
     </span>
    </p>
   </div>
   <div class='ocr_carea' id='block_1_60' title="bbox 590 3292 2176 3365">
    <p class='ocr_par' dir='ltr' id='par_1_60' title="bbox 590 3295 2173 3363">
     <span class='ocr_line' id='line_1_60' title="bbox 590 3295 2173 3363; baseline -0.001 -13"><span class='ocrx_word' id='word_1_432' title='bbox 590 3296 954 3351; x_wconf 88' lang='lat' dir='ltr'><strong>norabiliores</strong></span> <span class='ocrx_word' id='word_1_433' title='bbox 989 3304 1043 3351; x_wconf 92' lang='lat' dir='ltr'><strong>et</strong></span> <span class='ocrx_word' id='word_1_434' title='bbox 1078 3295 1360 3361; x_wconf 86' lang='lat' dir='ltr'><strong>meliores,</strong></span> <span class='ocrx_word' id='word_1_435' title='bbox 1393 3309 1622 3363; x_wconf 89' lang='lat' dir='ltr'><strong>operum</strong></span> <span class='ocrx_word' id='word_1_436' title='bbox 1651 3303 1870 3349; x_wconf 91' lang='lat' dir='ltr'><strong>tuorum</strong></span> <span class='ocrx_word' id='word_1_437' title='bbox 1904 3296 2173 3350; x_wconf 88' lang='lat' dir='ltr'><strong>bonorum</strong></span> 
     </span>
    </p>
   </div>
   <div class='ocr_carea' id='block_1_61' title="bbox 2278 3292 3842 3365">
    <p class='ocr_par' dir='ltr' id='par_1_61' title="bbox 2278 3292 3842 3365">
     <span class='ocr_line' id='line_1_61' title="bbox 2278 3292 3842 3365; baseline -0.001 -16"><span class='ocrx_word' id='word_1_438' title='bbox 2278 3293 2418 3349; x_wconf 88' lang='grc' dir='ltr'><strong>κατά</strong></span> <span class='ocrx_word' id='word_1_439' title='bbox 2439 3294 2530 3347; x_wconf 82' lang='grc' dir='ltr'>τὸν</span> <span class='ocrx_word' id='word_1_440' title='bbox 2564 3293 2834 3364; x_wconf 85' lang='grc' dir='ltr'>μακάριον</span> <span class='ocrx_word' id='word_1_441' title='bbox 2863 3292 3062 3357; x_wconf 78' lang='grc' dir='ltr'>Ἀϐελ,</span> <span class='ocrx_word' id='word_1_442' title='bbox 3110 3295 3236 3358; x_wconf 81' lang='grc' dir='ltr'>τοὺς</span> <span class='ocrx_word' id='word_1_443' title='bbox 3261 3293 3370 3348; x_wconf 87' lang='grc' dir='ltr'><strong>τῶν</strong></span> <span class='ocrx_word' id='word_1_444' title='bbox 3396 3295 3573 3351; x_wconf 84' lang='grc' dir='ltr'>ἀλλων</span> <span class='ocrx_word' id='word_1_445' title='bbox 3608 3294 3842 3365; x_wconf 78' lang='grc' dir='ltr'>τιμιωτέ-</span> 
     </span>
    </p>
   </div>
   <div class='ocr_carea' id='block_1_62' title="bbox 592 3384 1928 3457">
    <p class='ocr_par' dir='ltr' id='par_1_62' title="bbox 592 3384 1928 3457">
     <span class='ocr_line' id='line_1_62' title="bbox 592 3384 1928 3457; baseline -0.002 -15"><span class='ocrx_word' id='word_1_446' title='bbox 592 3386 943 3453; x_wconf 81' lang='lat' dir='ltr'><strong>intentiones,</strong></span> <span class='ocrx_word' id='word_1_447' title='bbox 974 3386 1159 3441; x_wconf 90' lang='lat' dir='ltr'><strong>omnia</strong></span> <span class='ocrx_word' id='word_1_448' title='bbox 1200 3389 1593 3457; x_wconf 88' lang='lat' dir='ltr'><strong>propter&#39;eum</strong></span> <span class='ocrx_word' id='word_1_449' title='bbox 1630 3384 1928 3456; x_wconf 90' lang='lat' dir='ltr'><strong>operando.</strong></span> 
     </span>
    </p>
   </div>
   <div class='ocr_carea' id='block_1_63' title="bbox 662 3563 2177 3637">
    <p class='ocr_par' dir='ltr' id='par_1_63' title="bbox 662 3563 2177 3637">
     <span class='ocr_line' id='line_1_63' title="bbox 662 3563 2177 3637; baseline 0.002 -19"><span class='ocrx_word' id='word_1_450' title='bbox 662 3563 827 3621; x_wconf 70' lang='lat' dir='ltr'><strong>Vens.</strong></span> <span class='ocrx_word' id='word_1_451' title='bbox 862 3566 949 3620; x_wconf 83' lang='grc'><strong>10.</strong></span> <span class='ocrx_word' id='word_1_452' title='bbox 985 3564 1054 3620; x_wconf 87' lang='lat' dir='ltr'><strong>Ut</strong></span> <span class='ocrx_word' id='word_1_453' title='bbox 1098 3566 1421 3635; x_wconf 85' lang='lat' dir='ltr'><strong>impleantur</strong></span> <span class='ocrx_word' id='word_1_454' title='bbox 1449 3568 1642 3623; x_wconf 85' lang='lat' dir='ltr'><strong>horrea</strong></span> <span class='ocrx_word' id='word_1_455' title='bbox 1688 3577 1783 3621; x_wconf 89' lang='lat' dir='ltr'><strong>tua</strong></span> <span class='ocrx_word' id='word_1_456' title='bbox 1799 3567 2055 3637; x_wconf 77' lang='lat' dir='ltr'><strong>frumenti</strong></span> <span class='ocrx_word' id='word_1_457' title='bbox 2091 3583 2177 3621; x_wconf 88' lang='lat' dir='ltr'><strong>sa-</strong></span> 
     </span>
    </p>
   </div>
   <div class='ocr_carea' id='block_1_64' title="bbox 591 3657 2181 3728">
    <p class='ocr_par' dir='ltr' id='par_1_64' title="bbox 591 3657 2181 3728">
     <span class='ocr_line' id='line_1_64' title="bbox 591 3657 2181 3728; baseline 0.003 -19"><span class='ocrx_word' id='word_1_458' title='bbox 591 3658 828 3723; x_wconf 68' lang='grc' dir='ltr'><strong>ειη-ἕηκε,</strong></span> <span class='ocrx_word' id='word_1_459' title='bbox 861 3666 911 3711; x_wconf 87' lang='lat' dir='ltr'><strong>et</strong></span> <span class='ocrx_word' id='word_1_460' title='bbox 958 3657 1077 3712; x_wconf 75' lang='lat' dir='ltr'><strong>vino</strong></span> <span class='ocrx_word' id='word_1_461' title='bbox 1130 3660 1426 3714; x_wconf 88' lang='lat' dir='ltr'><strong>torcularia</strong></span> <span class='ocrx_word' id='word_1_462' title='bbox 1463 3670 1554 3714; x_wconf 87' lang='lat' dir='ltr'><strong>tua</strong></span> <span class='ocrx_word' id='word_1_463' title='bbox 1605 3660 1917 3717; x_wconf 79' lang='lat' dir='ltr'><strong>redundent.</strong></span> <span class='ocrx_word' id='word_1_464' title='bbox 1955 3660 2048 3728; x_wconf 90' lang='lat' dir='ltr'><strong>Ut,</strong></span> <span class='ocrx_word' id='word_1_465' title='bbox 2069 3658 2181 3715; x_wconf 91' lang='lat' dir='ltr'><strong>Deo</strong></span> 
     </span>
    </p>
   </div>
   <div class='ocr_carea' id='block_1_65' title="bbox 590 3751 2182 3817">
    <p class='ocr_par' dir='ltr' id='par_1_65' title="bbox 590 3751 2182 3817">
     <span class='ocr_line' id='line_1_65' title="bbox 590 3751 2182 3817; baseline 0.003 -14"><span class='ocrx_word' id='word_1_466' title='bbox 590 3751 687 3805; x_wconf 90' lang='lat' dir='ltr'><strong>tibi</strong></span> <span class='ocrx_word' id='word_1_467' title='bbox 724 3751 1156 3806; x_wconf 88' lang='lat' dir='ltr'><strong>benedictionem</strong></span> <span class='ocrx_word' id='word_1_468' title='bbox 1193 3752 1382 3817; x_wconf 90' lang='lat' dir='ltr'><strong>dante,</strong></span> <span class='ocrx_word' id='word_1_469' title='bbox 1413 3752 1612 3808; x_wconf 90' lang='lat' dir='ltr'><strong>horrea</strong></span> <span class='ocrx_word' id='word_1_470' title='bbox 1668 3761 1723 3809; x_wconf 91' lang='lat' dir='ltr'><strong>et</strong></span> <span class='ocrx_word' id='word_1_471' title='bbox 1775 3753 2073 3808; x_wconf 86' lang='lat' dir='ltr'><strong>toreularia</strong></span> <span class='ocrx_word' id='word_1_472' title='bbox 2098 3767 2182 3807; x_wconf 87' lang='lat' dir='ltr'><strong>re-</strong></span> 
     </span>
    </p>
   </div>
   <div class='ocr_carea' id='block_1_66' title="bbox 593 3844 2182 3917">
    <p class='ocr_par' dir='ltr' id='par_1_66' title="bbox 593 3844 2182 3917">
     <span class='ocr_line' id='line_1_66' title="bbox 593 3844 2182 3917; baseline 0.003 -20"><span class='ocrx_word' id='word_1_473' title='bbox 593 3844 846 3913; x_wconf 85' lang='lat' dir='ltr'><strong>pleantur</strong></span> <span class='ocrx_word' id='word_1_474' title='bbox 891 3845 976 3901; x_wconf 87' lang='lat' dir='ltr'><strong>his</strong></span> <span class='ocrx_word' id='word_1_475' title='bbox 1039 3862 1162 3916; x_wconf 71' lang='lat' dir='ltr'><strong>qua:</strong></span> <span class='ocrx_word' id='word_1_476' title='bbox 1192 3846 1259 3901; x_wconf 80' lang='lat' dir='ltr'><strong>ad</strong></span> <span class='ocrx_word' id='word_1_477' title='bbox 1329 3862 1534 3917; x_wconf 89' lang='lat' dir='ltr'><strong>corpus</strong></span> <span class='ocrx_word' id='word_1_478' title='bbox 1579 3847 1896 3903; x_wconf 89' lang='lat' dir='ltr'><strong>necessaria</strong></span> <span class='ocrx_word' id='word_1_479' title='bbox 1924 3856 2091 3904; x_wconf 89' lang='lat' dir='ltr'><strong>sunt:</strong></span> <span class='ocrx_word' id='word_1_480' title='bbox 2124 3854 2182 3901; x_wconf 88' lang='lat' dir='ltr'><strong>ut</strong></span> 
     </span>
    </p>
   </div>
   <div class='ocr_carea' id='block_1_67' title="bbox 595 3936 2183 4011">
    <p class='ocr_par' dir='ltr' id='par_1_67' title="bbox 595 3936 2183 4011">
     <span class='ocr_line' id='line_1_67' title="bbox 595 3936 2183 4011; baseline 0.004 -20"><span class='ocrx_word' id='word_1_481' title='bbox 595 3936 832 4004; x_wconf 85' lang='lat' dir='ltr'><strong>potentia</strong></span> <span class='ocrx_word' id='word_1_482' title='bbox 887 3937 1085 3993; x_wconf 74' lang='lat' dir='ltr'><strong>anima:</strong></span> <span class='ocrx_word' id='word_1_483' title='bbox 1136 3948 1241 3993; x_wconf 66' lang='lat' dir='ltr'><strong>tute</strong></span> <span class='ocrx_word' id='word_1_484' title='bbox 1274 3941 1515 4009; x_wconf 89' lang='lat' dir='ltr'><strong>practica</strong></span> <span class='ocrx_word' id='word_1_485' title='bbox 1575 3940 1851 4011; x_wconf 87' lang='lat' dir='ltr'><strong>repleatur</strong></span> <span class='ocrx_word' id='word_1_486' title='bbox 1887 3940 2183 3997; x_wconf 84' lang='lat' dir='ltr'><strong>virtutibus</strong></span> 
     </span>
    </p>
   </div>
   <div class='ocr_carea' id='block_1_68' title="bbox 593 4029 2184 4104">
    <p class='ocr_par' dir='ltr' id='par_1_68' title="bbox 593 4029 2184 4104">
     <span class='ocr_line' id='line_1_68' title="bbox 593 4029 2184 4104; baseline 0.003 -23"><span class='ocrx_word' id='word_1_487' title='bbox 593 4036 653 4081; x_wconf 89' lang='lat' dir='ltr'><strong>ut</strong></span> <span class='ocrx_word' id='word_1_488' title='bbox 705 4029 1034 4099; x_wconf 85' lang='lat' dir='ltr'><strong>quibusdam</strong></span> <span class='ocrx_word' id='word_1_489' title='bbox 1066 4029 1365 4095; x_wconf 79' lang='lat' dir='ltr'><strong>fructibus,</strong></span> <span class='ocrx_word' id='word_1_490' title='bbox 1401 4032 1686 4102; x_wconf 90' lang='lat' dir='ltr'><strong>productis</strong></span> <span class='ocrx_word' id='word_1_491' title='bbox 1726 4033 1883 4104; x_wconf 88' lang='lat' dir='ltr'><strong>quasi</strong></span> <span class='ocrx_word' id='word_1_492' title='bbox 1915 4048 1982 4089; x_wconf 84' lang='lat' dir='ltr'><strong>ex</strong></span> <span class='ocrx_word' id='word_1_493' title='bbox 2018 4032 2184 4090; x_wconf 90' lang='lat' dir='ltr'><strong>semi-</strong></span> 
     </span>
    </p>
   </div>
   <div class='ocr_carea' id='block_1_69' title="bbox 593 4119 2182 4193">
    <p class='ocr_par' dir='ltr' id='par_1_69' title="bbox 593 4119 2182 4193">
     <span class='ocr_line' id='line_1_69' title="bbox 593 4119 2182 4193; baseline 0.002 -20"><span class='ocrx_word' id='word_1_494' title='bbox 593 4134 662 4175; x_wconf 92' lang='lat' dir='ltr'><strong>ne</strong></span> <span class='ocrx_word' id='word_1_495' title='bbox 722 4119 1103 4176; x_wconf 87' lang='lat' dir='ltr'><strong>mandatorum</strong></span> <span class='ocrx_word' id='word_1_496' title='bbox 1161 4121 1496 4189; x_wconf 85' lang='lat' dir='ltr'><strong>divinorum,</strong></span> <span class='ocrx_word' id='word_1_497' title='bbox 1561 4132 1616 4177; x_wconf 91' lang='lat' dir='ltr'><strong>et</strong></span> <span class='ocrx_word' id='word_1_498' title='bbox 1664 4124 2026 4193; x_wconf 88' lang='lat' dir='ltr'><strong>intelligentia</strong></span> <span class='ocrx_word' id='word_1_499' title='bbox 2085 4131 2182 4176; x_wconf 85' lang='lat' dir='ltr'><strong>tua</strong></span> 
     </span>
    </p>
   </div>
   <div class='ocr_carea' id='block_1_70' title="bbox 593 4212 2184 4285">
    <p class='ocr_par' dir='ltr' id='par_1_70' title="bbox 593 4212 2184 4285">
     <span class='ocr_line' id='line_1_70' title="bbox 593 4212 2184 4285; baseline 0.002 -18"><span class='ocrx_word' id='word_1_500' title='bbox 593 4212 838 4267; x_wconf 62' lang='lat' dir='ltr'><strong>scientia:</strong></span> <span class='ocrx_word' id='word_1_501' title='bbox 885 4213 1260 4278; x_wconf 86' lang='lat' dir='ltr'><strong>sermonibus,</strong></span> <span class='ocrx_word' id='word_1_502' title='bbox 1323 4216 1395 4268; x_wconf 90' lang='lat' dir='ltr'><strong>ita</strong></span> <span class='ocrx_word' id='word_1_503' title='bbox 1450 4224 1509 4268; x_wconf 89' lang='lat' dir='ltr'><strong>ut</strong></span> <span class='ocrx_word' id='word_1_504' title='bbox 1548 4215 1751 4271; x_wconf 84' lang='lat' dir='ltr'><strong>divinis</strong></span> <span class='ocrx_word' id='word_1_505' title='bbox 1837 4215 2184 4285; x_wconf 81' lang='lat' dir='ltr'><strong>dogmatibus</strong></span> 
     </span>
    </p>
   </div>
   <div class='ocr_carea' id='block_1_71' title="bbox 593 4305 2183 4380">
    <p class='ocr_par' dir='ltr' id='par_1_71' title="bbox 593 4305 2183 4380">
     <span class='ocr_line' id='line_1_71' title="bbox 593 4305 2183 4380; baseline 0.003 -21"><span class='ocrx_word' id='word_1_506' title='bbox 593 4305 911 4373; x_wconf 83' lang='lat' dir='ltr'><strong>liuentibus,</strong></span> <span class='ocrx_word' id='word_1_507' title='bbox 940 4316 1203 4377; x_wconf 88' lang='lat' dir='ltr'><strong>tanquam</strong></span> <span class='ocrx_word' id='word_1_508' title='bbox 1251 4324 1314 4362; x_wconf 76' lang='lat' dir='ltr'><strong>ex</strong></span> <span class='ocrx_word' id='word_1_509' title='bbox 1376 4309 1637 4374; x_wconf 87' lang='lat' dir='ltr'><strong>racemis,</strong></span> <span class='ocrx_word' id='word_1_510' title='bbox 1698 4310 1817 4380; x_wconf 88' lang='lat' dir='ltr'><strong>ipse</strong></span> <span class='ocrx_word' id='word_1_511' title='bbox 1872 4308 2183 4373; x_wconf 89' lang='lat' dir='ltr'><strong>abundans,</strong></span> 
     </span>
    </p>
   </div>
   <div class='ocr_carea' id='block_1_72' title="bbox 593 4398 2185 4469">
    <p class='ocr_par' dir='ltr' id='par_1_72' title="bbox 593 4398 2185 4469">
     <span class='ocr_line' id='line_1_72' title="bbox 593 4398 2185 4469; baseline 0.002 -17"><span class='ocrx_word' id='word_1_512' title='bbox 593 4413 747 4454; x_wconf 89' lang='lat' dir='ltr'><strong>more</strong></span> <span class='ocrx_word' id='word_1_513' title='bbox 778 4398 1169 4469; x_wconf 72' lang='lat' dir='ltr'><strong>magistrorum</strong></span> <span class='ocrx_word' id='word_1_514' title='bbox 1203 4400 1547 4466; x_wconf 88' lang='lat' dir='ltr'><strong>docentium,</strong></span> <span class='ocrx_word' id='word_1_515' title='bbox 1604 4402 1771 4458; x_wconf 88' lang='lat' dir='ltr'><strong>saties</strong></span> <span class='ocrx_word' id='word_1_516' title='bbox 1794 4403 2027 4458; x_wconf 89' lang='lat' dir='ltr'><strong>aliorum</strong></span> <span class='ocrx_word' id='word_1_517' title='bbox 2062 4401 2185 4455; x_wconf 82' lang='lat' dir='ltr'><strong>ani-</strong></span> 
     </span>
    </p>
   </div>
   <div class='ocr_carea' id='block_1_73' title="bbox 592 4492 1656 4565">
    <p class='ocr_par' dir='ltr' id='par_1_73' title="bbox 592 4492 1656 4565">
     <span class='ocr_line' id='line_1_73' title="bbox 592 4492 1656 4565; baseline 0.003 -19"><span class='ocrx_word' id='word_1_518' title='bbox 592 4506 735 4561; x_wconf 88' lang='lat' dir='ltr'><strong>mas,</strong></span> <span class='ocrx_word' id='word_1_519' title='bbox 768 4493 898 4549; x_wconf 88' lang='lat' dir='ltr'><strong>vino</strong></span> <span class='ocrx_word' id='word_1_520' title='bbox 922 4492 1155 4565; x_wconf 86' lang='lat' dir='ltr'><strong>spiritali</strong></span> <span class='ocrx_word' id='word_1_521' title='bbox 1190 4494 1317 4551; x_wconf 90' lang='lat' dir='ltr'><strong>illos</strong></span> <span class='ocrx_word' id='word_1_522' title='bbox 1356 4495 1656 4550; x_wconf 88' lang='lat' dir='ltr'><strong>recreanti.</strong></span> 
     </span>
    </p>
   </div>
   <div class='ocr_carea' id='block_1_74' title="bbox 666 4677 2176 4749">
    <p class='ocr_par' dir='ltr' id='par_1_74' title="bbox 666 4677 2176 4749">
     <span class='ocr_line' id='line_1_74' title="bbox 666 4677 2176 4749; baseline -0.003 -15"><span class='ocrx_word' id='word_1_523' title='bbox 666 4678 830 4735; x_wconf 71' lang='lat' dir='ltr'><strong>Vens.</strong></span> <span class='ocrx_word' id='word_1_524' title='bbox 868 4679 954 4734; x_wconf 78' lang='lat' dir='ltr'><strong>ll.</strong></span> <span class='ocrx_word' id='word_1_525' title='bbox 989 4679 1339 4749; x_wconf 86' lang='lat' dir='ltr'><strong>Disciplinam</strong></span> <span class='ocrx_word' id='word_1_526' title='bbox 1377 4679 1614 4745; x_wconf 86' lang='lat' dir='ltr'><strong>Domini,</strong></span> <span class='ocrx_word' id='word_1_527' title='bbox 1678 4677 1761 4747; x_wconf 81' lang='lat' dir='ltr'><strong>[ili</strong></span> <span class='ocrx_word' id='word_1_528' title='bbox 1816 4680 1910 4744; x_wconf 89' lang='lat' dir='ltr'><strong>mi,</strong></span> <span class='ocrx_word' id='word_1_529' title='bbox 1946 4695 2010 4734; x_wconf 88' lang='lat' dir='ltr'><strong>ne</strong></span> <span class='ocrx_word' id='word_1_530' title='bbox 2040 4677 2176 4747; x_wconf 86' lang='lat' dir='ltr'><strong>abji-</strong></span> 
     </span>
    </p>
   </div>
   <div class='ocr_carea' id='block_1_75' title="bbox 591 4768 2185 4841">
    <p class='ocr_par' dir='ltr' id='par_1_75' title="bbox 591 4768 2185 4841">
     <span class='ocr_line' id='line_1_75' title="bbox 591 4768 2185 4841; baseline -0.001 -16"><span class='ocrx_word' id='word_1_531' title='bbox 591 4772 727 4837; x_wconf 82' lang='lat' dir='ltr'><strong>cias,</strong></span> <span class='ocrx_word' id='word_1_532' title='bbox 769 4788 860 4826; x_wconf 87' lang='lat' dir='ltr'><strong>nec</strong></span> <span class='ocrx_word' id='word_1_533' title='bbox 895 4771 1112 4841; x_wconf 81' lang='lat' dir='ltr'><strong>deﬁcias</strong></span> <span class='ocrx_word' id='word_1_534' title='bbox 1161 4789 1281 4826; x_wconf 89' lang='lat' dir='ltr'><strong>cum</strong></span> <span class='ocrx_word' id='word_1_535' title='bbox 1311 4771 1375 4827; x_wconf 86' lang='lat' dir='ltr'><strong>ab</strong></span> <span class='ocrx_word' id='word_1_536' title='bbox 1407 4788 1466 4826; x_wconf 90' lang='lat' dir='ltr'><strong>eo</strong></span> <span class='ocrx_word' id='word_1_537' title='bbox 1489 4770 1798 4840; x_wconf 86' lang='lat' dir='ltr'><strong>corriperis.</strong></span> <span class='ocrx_word' id='word_1_538' title='bbox 1864 4768 1967 4824; x_wconf 90' lang='lat' dir='ltr'><strong>Fili</strong></span> <span class='ocrx_word' id='word_1_539' title='bbox 2020 4768 2185 4839; x_wconf 87' lang='lat' dir='ltr'><strong>spiri-</strong></span> 
     </span>
    </p>
   </div>
   <div class='ocr_carea' id='block_1_76' title="bbox 595 4857 2182 4929">
    <p class='ocr_par' dir='ltr' id='par_1_76' title="bbox 595 4857 2182 4929">
     <span class='ocr_line' id='line_1_76' title="bbox 595 4857 2182 4929; baseline -0.002 -16"><span class='ocrx_word' id='word_1_540' title='bbox 595 4862 783 4928; x_wconf 89' lang='lat' dir='ltr'><strong>tualis,</strong></span> <span class='ocrx_word' id='word_1_541' title='bbox 810 4862 1044 4917; x_wconf 87' lang='lat' dir='ltr'><strong>viriliter</strong></span> <span class='ocrx_word' id='word_1_542' title='bbox 1098 4864 1310 4917; x_wconf 89' lang='lat' dir='ltr'><strong>sustine</strong></span> <span class='ocrx_word' id='word_1_543' title='bbox 1344 4859 1729 4916; x_wconf 87' lang='lat' dir='ltr'><strong>tribulationes</strong></span> <span class='ocrx_word' id='word_1_544' title='bbox 1759 4873 1882 4929; x_wconf 70' lang='lat' dir='ltr'><strong>quae</strong></span> <span class='ocrx_word' id='word_1_545' title='bbox 1933 4857 2033 4911; x_wconf 88' lang='lat' dir='ltr'><strong>tibi</strong></span> <span class='ocrx_word' id='word_1_546' title='bbox 2092 4857 2182 4911; x_wconf 67' lang='lat' dir='ltr'><strong>in~</strong></span> 
     </span>
    </p>
   </div>
   <div class='ocr_carea' id='block_1_77' title="bbox 596 4946 2185 5021">
    <p class='ocr_par' dir='ltr' id='par_1_77' title="bbox 596 4946 2185 5021">
     <span class='ocr_line' id='line_1_77' title="bbox 596 4946 2185 5021; baseline -0.003 -16"><span class='ocrx_word' id='word_1_547' title='bbox 596 4952 731 5016; x_wconf 88' lang='lat' dir='ltr'><strong>vito,</strong></span> <span class='ocrx_word' id='word_1_548' title='bbox 766 4951 977 5021; x_wconf 88' lang='lat' dir='ltr'><strong>judicio</strong></span> <span class='ocrx_word' id='word_1_549' title='bbox 1013 4950 1109 5006; x_wconf 89' lang='lat' dir='ltr'><strong>Dei</strong></span> <span class='ocrx_word' id='word_1_550' title='bbox 1163 4952 1461 5007; x_wconf 86' lang='lat' dir='ltr'><strong>accidunt:</strong></span> <span class='ocrx_word' id='word_1_551' title='bbox 1521 4958 1578 5006; x_wconf 88' lang='lat' dir='ltr'><strong>et</strong></span> <span class='ocrx_word' id='word_1_552' title='bbox 1611 4965 1680 5006; x_wconf 89' lang='lat' dir='ltr'><strong>nc</strong></span> <span class='ocrx_word' id='word_1_553' title='bbox 1713 4946 1942 5004; x_wconf 83' lang='lat' dir='ltr'><strong>delicias</strong></span> <span class='ocrx_word' id='word_1_554' title='bbox 1971 4961 2096 5002; x_wconf 93' lang='lat' dir='ltr'><strong>cum</strong></span> <span class='ocrx_word' id='word_1_555' title='bbox 2131 4953 2185 5001; x_wconf 92' lang='lat' dir='ltr'><strong>te</strong></span> 
     </span>
    </p>
   </div>
   <div class='ocr_carea' id='block_1_78' title="bbox 596 5036 2185 5113">
    <p class='ocr_par' dir='ltr' id='par_1_78' title="bbox 596 5036 2185 5113">
     <span class='ocr_line' id='line_1_78' title="bbox 596 5036 2185 5113; baseline -0.003 -16"><span class='ocrx_word' id='word_1_556' title='bbox 596 5041 845 5111; x_wconf 87' lang='lat' dir='ltr'><strong>arguerit</strong></span> <span class='ocrx_word' id='word_1_557' title='bbox 872 5042 940 5096; x_wconf 91' lang='lat' dir='ltr'><strong>de</strong></span> <span class='ocrx_word' id='word_1_558' title='bbox 970 5042 1235 5111; x_wconf 84' lang='lat' dir='ltr'><strong>peccatis,</strong></span> <span class='ocrx_word' id='word_1_559' title='bbox 1274 5058 1398 5113; x_wconf 72' lang='lat' dir='ltr'><strong>qum</strong></span> <span class='ocrx_word' id='word_1_560' title='bbox 1414 5041 1513 5098; x_wconf 87' lang='lat' dir='ltr'><strong>tibi</strong></span> <span class='ocrx_word' id='word_1_561' title='bbox 1548 5039 1867 5096; x_wconf 78' lang='lat' dir='ltr'><strong>manifestat</strong></span> <span class='ocrx_word' id='word_1_562' title='bbox 1900 5052 2000 5108; x_wconf 85' lang='lat' dir='ltr'><strong>per</strong></span> <span class='ocrx_word' id='word_1_563' title='bbox 2048 5036 2185 5093; x_wconf 85' lang='lat' dir='ltr'><strong>ami-</strong></span> 
     </span>
    </p>
   </div>
   <div class='ocr_carea' id='block_1_79' title="bbox 596 5133 1241 5191">
    <p class='ocr_par' dir='ltr' id='par_1_79' title="bbox 596 5133 1241 5191">
     <span class='ocr_line' id='line_1_79' title="bbox 596 5133 1241 5191; baseline -0.003 0"><span class='ocrx_word' id='word_1_564' title='bbox 596 5135 841 5191; x_wconf 86' lang='lat' dir='ltr'><strong>ctionum</strong></span> <span class='ocrx_word' id='word_1_565' title='bbox 876 5133 1241 5191; x_wconf 89' lang='lat' dir='ltr'><strong>invasionem.</strong></span> 
     </span>
    </p>
   </div>
   <div class='ocr_carea' id='block_1_80' title="bbox 673 5315 2186 5389">
    <p class='ocr_par' dir='ltr' id='par_1_80' title="bbox 673 5315 2186 5389">
     <span class='ocr_line' id='line_1_80' title="bbox 673 5315 2186 5389; baseline -0.001 -20"><span class='ocrx_word' id='word_1_566' title='bbox 673 5315 840 5371; x_wconf 76' lang='lat' dir='ltr'><strong>Vens.</strong></span> <span class='ocrx_word' id='word_1_567' title='bbox 872 5315 956 5371; x_wconf 73' lang='grc'><strong>12.</strong></span> <span class='ocrx_word' id='word_1_568' title='bbox 989 5316 1154 5383; x_wconf 78' lang='lat' dir='ltr'><strong>Quem</strong></span> <span class='ocrx_word' id='word_1_569' title='bbox 1174 5318 1313 5372; x_wconf 88' lang='lat' dir='ltr'><strong>enim</strong></span> <span class='ocrx_word' id='word_1_570' title='bbox 1334 5316 1507 5389; x_wconf 87' lang='lat' dir='ltr'><strong>diligit</strong></span> <span class='ocrx_word' id='word_1_571' title='bbox 1540 5316 1677 5372; x_wconf 84' lang='lat' dir='ltr'><strong>Deus</strong></span> <span class='ocrx_word' id='word_1_572' title='bbox 1726 5317 1966 5386; x_wconf 87' lang='lat' dir='ltr'><strong>corripit.</strong></span> <span class='ocrx_word' id='word_1_573' title='bbox 2000 5315 2186 5380; x_wconf 82' lang='lat' dir='ltr'><strong>illum,</strong></span> 
     </span>
    </p>
   </div>
   <div class='ocr_carea' id='block_1_81' title="bbox 604 5406 2186 5479">
    <p class='ocr_par' dir='ltr' id='par_1_81' title="bbox 604 5406 2186 5479">
     <span class='ocr_line' id='line_1_81' title="bbox 604 5406 2186 5479; baseline 0.001 -19"><span class='ocrx_word' id='word_1_574' title='bbox 604 5406 697 5476; x_wconf 90' lang='lat' dir='ltr'><strong>qui</strong></span> <span class='ocrx_word' id='word_1_575' title='bbox 732 5406 787 5460; x_wconf 89' lang='lat' dir='ltr'><strong>in</strong></span> <span class='ocrx_word' id='word_1_576' title='bbox 811 5421 871 5462; x_wconf 92' lang='lat' dir='ltr'><strong>se</strong></span> <span class='ocrx_word' id='word_1_577' title='bbox 895 5406 991 5471; x_wconf 87' lang='lat' dir='ltr'><strong>Dei</strong></span> <span class='ocrx_word' id='word_1_578' title='bbox 1033 5422 1276 5464; x_wconf 88' lang='lat' dir='ltr'><strong>amorem</strong></span> <span class='ocrx_word' id='word_1_579' title='bbox 1309 5409 1614 5479; x_wconf 80' lang='lat' dir='ltr'><strong>cognoscit,</strong></span> <span class='ocrx_word' id='word_1_580' title='bbox 1656 5408 1884 5477; x_wconf 89' lang='lat' dir='ltr'><strong>corripit</strong></span> <span class='ocrx_word' id='word_1_581' title='bbox 1926 5406 2186 5461; x_wconf 90' lang='lat' dir='ltr'><strong>Dominus</strong></span> 
     </span>
    </p>
   </div>
   <div class='ocr_carea' id='block_1_82' title="bbox 605 5495 2185 5567">
    <p class='ocr_par' dir='ltr' id='par_1_82' title="bbox 605 5495 2185 5567">
     <span class='ocr_line' id='line_1_82' title="bbox 605 5495 2185 5567; baseline 0.003 -20"><span class='ocrx_word' id='word_1_582' title='bbox 605 5508 698 5565; x_wconf 89' lang='lat' dir='ltr'><strong>per</strong></span> <span class='ocrx_word' id='word_1_583' title='bbox 729 5495 1134 5563; x_wconf 88' lang='lat' dir='ltr'><strong>tribulationes,</strong></span> <span class='ocrx_word' id='word_1_584' title='bbox 1172 5507 1231 5553; x_wconf 92' lang='lat' dir='ltr'><strong>ut</strong></span> <span class='ocrx_word' id='word_1_585' title='bbox 1268 5506 1415 5554; x_wconf 89' lang='lat' dir='ltr'><strong>recte</strong></span> <span class='ocrx_word' id='word_1_586' title='bbox 1464 5497 1724 5562; x_wconf 91' lang='lat' dir='ltr'><strong>ambulet,</strong></span> <span class='ocrx_word' id='word_1_587' title='bbox 1749 5497 1878 5552; x_wconf 89' lang='lat' dir='ltr'><strong>dum</strong></span> <span class='ocrx_word' id='word_1_588' title='bbox 1911 5497 2062 5551; x_wconf 90' lang='lat' dir='ltr'><strong>illum</strong></span> <span class='ocrx_word' id='word_1_589' title='bbox 2091 5497 2185 5567; x_wconf 89' lang='lat' dir='ltr'><strong>qui</strong></span> 
     </span>
    </p>
   </div>
   <div class='ocr_carea' id='block_1_83' title="bbox 606 5586 2188 5660">
    <p class='ocr_par' dir='ltr' id='par_1_83' title="bbox 606 5586 2188 5660">
     <span class='ocr_line' id='line_1_83' title="bbox 606 5586 2188 5660; baseline 0.003 -21"><span class='ocrx_word' id='word_1_590' title='bbox 606 5586 768 5641; x_wconf 81' lang='lat' dir='ltr'><strong>talem</strong></span> <span class='ocrx_word' id='word_1_591' title='bbox 803 5602 912 5643; x_wconf 89' lang='lat' dir='ltr'><strong>non</strong></span> <span class='ocrx_word' id='word_1_592' title='bbox 948 5590 1114 5645; x_wconf 89' lang='lat' dir='ltr'><strong>sentit</strong></span> <span class='ocrx_word' id='word_1_593' title='bbox 1160 5604 1421 5657; x_wconf 89' lang='lat' dir='ltr'><strong>amorem,</strong></span> <span class='ocrx_word' id='word_1_594' title='bbox 1457 5606 1564 5647; x_wconf 90' lang='lat' dir='ltr'><strong>non</strong></span> <span class='ocrx_word' id='word_1_595' title='bbox 1621 5589 1902 5660; x_wconf 85' lang='lat' dir='ltr'><strong>corripiat.</strong></span> <span class='ocrx_word' id='word_1_596' title='bbox 1939 5588 2188 5659; x_wconf 80' lang='lat' dir='ltr'><strong>Castiga-</strong></span> 
     </span>
    </p>
   </div>
   <div class='ocr_carea' id='block_1_84' title="bbox 612 5678 2189 5753">
    <p class='ocr_par' dir='ltr' id='par_1_84' title="bbox 612 5678 2189 5753">
     <span class='ocr_line' id='line_1_84' title="bbox 612 5678 2189 5753; baseline 0.002 -21"><span class='ocrx_word' id='word_1_597' title='bbox 612 5678 690 5733; x_wconf 90' lang='lat' dir='ltr'><strong>tio</strong></span> <span class='ocrx_word' id='word_1_598' title='bbox 715 5679 864 5734; x_wconf 90' lang='lat' dir='ltr'><strong>enim</strong></span> <span class='ocrx_word' id='word_1_599' title='bbox 912 5697 1019 5738; x_wconf 89' lang='lat' dir='ltr'><strong>non</strong></span> <span class='ocrx_word' id='word_1_600' title='bbox 1076 5691 1348 5747; x_wconf 76' lang='lat' dir='ltr'><strong>correcta,</strong></span> <span class='ocrx_word' id='word_1_601' title='bbox 1415 5682 1509 5739; x_wconf 90' lang='lat' dir='ltr'><strong>sed</strong></span> <span class='ocrx_word' id='word_1_602' title='bbox 1571 5682 1975 5753; x_wconf 85' lang='lat' dir='ltr'><strong>blasphemanti</strong></span> <span class='ocrx_word' id='word_1_603' title='bbox 2033 5680 2189 5738; x_wconf 81' lang='lat' dir='ltr'><strong>allcrt</strong></span> 
     </span>
    </p>
   </div>
   <div class='ocr_carea' id='block_1_85' title="bbox 613 5771 997 5832">
    <p class='ocr_par' dir='ltr' id='par_1_85' title="bbox 613 5771 997 5832">
     <span class='ocr_line' id='line_1_85' title="bbox 613 5771 997 5832; baseline 0.013 -5"><span class='ocrx_word' id='word_1_604' title='bbox 613 5771 997 5832; x_wconf 85' lang='lat' dir='ltr'><strong>tribulationcs</strong></span> 
     </span>
    </p>
   </div>
   <div class='ocr_carea' id='block_1_86' title="bbox 2282 3384 3841 3458">
    <p class='ocr_par' dir='ltr' id='par_1_86' title="bbox 2282 3384 3841 3458">
     <span class='ocr_line' id='line_1_86' title="bbox 2282 3384 3841 3458; baseline 0.001 -20"><span class='ocrx_word' id='word_1_605' title='bbox 2282 3403 2410 3457; x_wconf 73' lang='grc' dir='ltr'>ρους</span> <span class='ocrx_word' id='word_1_606' title='bbox 2430 3386 2522 3440; x_wconf 71' lang='grc' dir='ltr'><strong>καὶ</strong></span> <span class='ocrx_word' id='word_1_607' title='bbox 2549 3385 2863 3457; x_wconf 88' lang='grc' dir='ltr'>κρείττονας</span> <span class='ocrx_word' id='word_1_608' title='bbox 2889 3401 2902 3414; x_wconf 70' lang='grc'><strong><em>⁸</em></strong></span> <span class='ocrx_word' id='word_1_609' title='bbox 2930 3384 3039 3439; x_wconf 85' lang='grc' dir='ltr'><strong>τῶν</strong></span> <span class='ocrx_word' id='word_1_610' title='bbox 3060 3385 3117 3439; x_wconf 85' lang='grc' dir='ltr'>δὲ</span> <span class='ocrx_word' id='word_1_611' title='bbox 3151 3385 3274 3439; x_wconf 87' lang='grc' dir='ltr'>κατ’</span> <span class='ocrx_word' id='word_1_612' title='bbox 3298 3386 3500 3458; x_wconf 81' lang='grc' dir='ltr'>ἀρετὴν</span> <span class='ocrx_word' id='word_1_613' title='bbox 3526 3386 3719 3458; x_wconf 72' lang='grc' dir='ltr'>ἔργων</span> <span class='ocrx_word' id='word_1_614' title='bbox 3736 3404 3841 3449; x_wconf 76' lang='grc' dir='ltr'>σου,</span> 
     </span>
    </p>
   </div>
   <div class='ocr_carea' id='block_1_87' title="bbox 2278 3476 3547 3541">
    <p class='ocr_par' dir='ltr' id='par_1_87' title="bbox 2278 3476 3547 3541">
     <span class='ocr_line' id='line_1_87' title="bbox 2278 3476 3547 3541; baseline -0.002 -10"><span class='ocrx_word' id='word_1_615' title='bbox 2278 3478 2378 3539; x_wconf 82' lang='grc' dir='ltr'><strong>τὰς</strong></span> <span class='ocrx_word' id='word_1_616' title='bbox 2409 3478 2617 3541; x_wconf 69' lang='grc' dir='ltr'>αἰτίας*</span> <span class='ocrx_word' id='word_1_617' title='bbox 2649 3479 2817 3531; x_wconf 89' lang='grc' dir='ltr'>ποιῶν</span> <span class='ocrx_word' id='word_1_618' title='bbox 2844 3476 3064 3531; x_wconf 72' lang='grc' dir='ltr'>ἅπαντας</span> <span class='ocrx_word' id='word_1_619' title='bbox 3090 3478 3265 3532; x_wconf 84' lang='grc' dir='ltr'>ταῦτα</span> <span class='ocrx_word' id='word_1_620' title='bbox 3286 3477 3375 3532; x_wconf 84' lang='grc' dir='ltr'><strong>διὰ</strong></span> <span class='ocrx_word' id='word_1_621' title='bbox 3398 3478 3547 3532; x_wconf 83' lang='grc' dir='ltr'>Θεόν.</span> 
     </span>
    </p>
   </div>
   <div class='ocr_carea' id='block_1_88' title="bbox 2356 3568 3844 3640">
    <p class='ocr_par' dir='ltr' id='par_1_88' title="bbox 2356 3568 3844 3640">
     <span class='ocr_line' id='line_1_88' title="bbox 2356 3568 3844 3640; baseline 0.002 -18"><span class='ocrx_word' id='word_1_622' title='bbox 2356 3576 2405 3622; x_wconf 85' lang='grc' dir='ltr'><strong>ι’.</strong></span> <span class='ocrx_word' id='word_1_623' title='bbox 2448 3569 2583 3624; x_wconf 71' lang='grc' dir='ltr'><strong>Ἵνα</strong></span> <span class='ocrx_word' id='word_1_624' title='bbox 2616 3568 2996 3639; x_wconf 75' lang='grc' dir='ltr'>πιμπλῶνται</span> <span class='ocrx_word' id='word_1_625' title='bbox 3016 3571 3097 3624; x_wconf 63' lang='grc' dir='ltr'><strong>τὰν</strong></span> <span class='ocrx_word' id='word_1_626' title='bbox 3111 3569 3345 3640; x_wconf 84' lang='grc' dir='ltr'>ταμιεῖά</span> <span class='ocrx_word' id='word_1_627' title='bbox 3364 3584 3481 3624; x_wconf 92' lang='grc' dir='ltr'><strong>σου</strong></span> <span class='ocrx_word' id='word_1_628' title='bbox 3497 3569 3844 3640; x_wconf 73' lang='grc' dir='ltr'>πλησμονῆς</span> 
     </span>
    </p>
   </div>
   <div class='ocr_carea' id='block_1_89' title="bbox 2282 3662 3843 3733">
    <p class='ocr_par' dir='ltr' id='par_1_89' title="bbox 2282 3662 3843 3733">
     <span class='ocr_line' id='line_1_89' title="bbox 2282 3662 3843 3733; baseline -0.001 -15"><span class='ocrx_word' id='word_1_629' title='bbox 2282 3666 2478 3727; x_wconf 85' lang='grc' dir='ltr'>σίτου,</span> <span class='ocrx_word' id='word_1_630' title='bbox 2513 3663 2661 3731; x_wconf 80' lang='grc' dir='ltr'><strong>οϊνῳ</strong></span> <span class='ocrx_word' id='word_1_631' title='bbox 2687 3662 2756 3716; x_wconf 84' lang='grc' dir='ltr'>δὲ</span> <span class='ocrx_word' id='word_1_632' title='bbox 2789 3665 2849 3716; x_wconf 80' lang='lat' dir='ltr'><strong>al</strong></span> <span class='ocrx_word' id='word_1_633' title='bbox 2883 3664 3063 3731; x_wconf 77' lang='grc' dir='ltr'>ληνοι</span> <span class='ocrx_word' id='word_1_634' title='bbox 3090 3679 3209 3717; x_wconf 91' lang='grc' dir='ltr'><strong>σου</strong></span> <span class='ocrx_word' id='word_1_635' title='bbox 3247 3663 3710 3733; x_wconf 75' lang='grc' dir='ltr'>ὑπερῦλὺζωσιν.</span> <span class='ocrx_word' id='word_1_636' title='bbox 3740 3666 3843 3718; x_wconf 80' lang='grc' dir='ltr'>Ἰνα</span> 
     </span>
    </p>
   </div>
   <div class='ocr_carea' id='block_1_90' title="bbox 2285 3754 3843 3828">
    <p class='ocr_par' dir='ltr' id='par_1_90' title="bbox 2285 3754 3843 3828">
     <span class='ocr_line' id='line_1_90' title="bbox 2285 3754 3843 3828; baseline -0.001 -18"><span class='ocrx_word' id='word_1_637' title='bbox 2285 3755 2381 3811; x_wconf 90' lang='grc' dir='ltr'><strong>σοῦ</strong></span> <span class='ocrx_word' id='word_1_638' title='bbox 2423 3755 2526 3825; x_wconf 80' lang='grc' dir='ltr'>τῆς</span> <span class='ocrx_word' id='word_1_639' title='bbox 2559 3756 2710 3826; x_wconf 87' lang='grc' dir='ltr'><strong>παρά</strong></span> <span class='ocrx_word' id='word_1_640' title='bbox 2750 3754 2888 3808; x_wconf 88' lang='grc' dir='ltr'>Θεοῦ</span> <span class='ocrx_word' id='word_1_641' title='bbox 2927 3756 3297 3827; x_wconf 82' lang='grc' dir='ltr'>τυγχάνοντος</span> <span class='ocrx_word' id='word_1_642' title='bbox 3343 3756 3614 3824; x_wconf 83' lang='grc' dir='ltr'>εὐλογίας,</span> <span class='ocrx_word' id='word_1_643' title='bbox 3670 3758 3724 3812; x_wconf 85' lang='lat' dir='ltr'><strong>al</strong></span> <span class='ocrx_word' id='word_1_644' title='bbox 3758 3759 3843 3828; x_wconf 79' lang='grc' dir='ltr'>μὲν</span> 
     </span>
    </p>
   </div>
   <div class='ocr_carea' id='block_1_91' title="bbox 2283 3848 3844 3920">
    <p class='ocr_par' dir='ltr' id='par_1_91' title="bbox 2283 3848 3844 3920">
     <span class='ocr_line' id='line_1_91' title="bbox 2283 3848 3844 3920; baseline 0 -17"><span class='ocrx_word' id='word_1_645' title='bbox 2283 3848 2561 3919; x_wconf 81' lang='grc' dir='ltr'>ἀποθῆκαι</span> <span class='ocrx_word' id='word_1_646' title='bbox 2592 3848 2689 3902; x_wconf 76' lang='grc' dir='ltr'>καὶ</span> <span class='ocrx_word' id='word_1_647' title='bbox 2739 3848 2797 3901; x_wconf 90' lang='grc' dir='ltr'><strong>αί</strong></span> <span class='ocrx_word' id='word_1_648' title='bbox 2853 3848 3007 3919; x_wconf 78' lang='grc' dir='ltr'>ληνοὶ</span> <span class='ocrx_word' id='word_1_649' title='bbox 3039 3848 3148 3920; x_wconf 81' lang='grc' dir='ltr'>πλή</span> <span class='ocrx_word' id='word_1_650' title='bbox 3162 3865 3276 3920; x_wconf 87' lang='grc' dir='ltr'>ρεις</span> <span class='ocrx_word' id='word_1_651' title='bbox 3313 3848 3604 3919; x_wconf 77' lang='grc' dir='ltr'>ὑπάρχωσι</span> <span class='ocrx_word' id='word_1_652' title='bbox 3643 3850 3745 3903; x_wconf 91' lang='grc' dir='ltr'><strong>τῶν</strong></span> <span class='ocrx_word' id='word_1_653' title='bbox 3776 3849 3844 3920; x_wconf 80' lang='grc' dir='ltr'><strong>τῷ</strong></span> 
     </span>
    </p>
   </div>
   <div class='ocr_carea' id='block_1_92' title="bbox 2286 3938 3843 4011">
    <p class='ocr_par' dir='ltr' id='par_1_92' title="bbox 2286 3938 3843 4011">
     <span class='ocr_line' id='line_1_92' title="bbox 2286 3938 3843 4011; baseline -0.001 -17"><span class='ocrx_word' id='word_1_654' title='bbox 2286 3940 2500 4011; x_wconf 83' lang='grc' dir='ltr'>σώματι</span> <span class='ocrx_word' id='word_1_655' title='bbox 2539 3939 2852 4011; x_wconf 88' lang='grc' dir='ltr'>χρειωδῶν·</span> <span class='ocrx_word' id='word_1_656' title='bbox 2884 3938 3001 4009; x_wconf 78' lang='grc' dir='ltr'><strong>ἡδὲ</strong></span> <span class='ocrx_word' id='word_1_657' title='bbox 3035 3941 3317 4009; x_wconf 84' lang='grc' dir='ltr'>πρακτική</span> <span class='ocrx_word' id='word_1_658' title='bbox 3350 3957 3445 3993; x_wconf 89' lang='grc' dir='ltr'><strong>σου</strong></span> <span class='ocrx_word' id='word_1_659' title='bbox 3498 3939 3615 4005; x_wconf 71' lang='grc' dir='ltr'>ἕξις</span> <span class='ocrx_word' id='word_1_660' title='bbox 3655 3942 3843 4010; x_wconf 77' lang='grc' dir='ltr'>πεπλη-</span> 
     </span>
    </p>
   </div>
   <div class='ocr_carea' id='block_1_93' title="bbox 2288 4031 3844 4105">
    <p class='ocr_par' dir='ltr' id='par_1_93' title="bbox 2288 4031 3844 4105">
     <span class='ocr_line' id='line_1_93' title="bbox 2288 4031 3844 4105; baseline 0.001 -19"><span class='ocrx_word' id='word_1_661' title='bbox 2288 4032 2511 4105; x_wconf 78' lang='grc' dir='ltr'>ρωμένη</span> <span class='ocrx_word' id='word_1_662' title='bbox 2570 4032 2656 4102; x_wconf 84' lang='grc' dir='ltr'><strong>είη</strong></span> <span class='ocrx_word' id='word_1_663' title='bbox 2688 4031 2797 4086; x_wconf 87' lang='grc' dir='ltr'><strong>τῶν</strong></span> <span class='ocrx_word' id='word_1_664' title='bbox 2846 4031 2922 4095; x_wconf 76' lang='grc' dir='ltr'>ὡς</span> <span class='ocrx_word' id='word_1_665' title='bbox 2973 4032 3037 4085; x_wconf 73' lang='grc' dir='ltr'>ἐκ</span> <span class='ocrx_word' id='word_1_666' title='bbox 3089 4048 3239 4096; x_wconf 85' lang='grc' dir='ltr'>τινος</span> <span class='ocrx_word' id='word_1_667' title='bbox 3293 4032 3497 4104; x_wconf 83' lang='grc' dir='ltr'>σπόρου</span> <span class='ocrx_word' id='word_1_668' title='bbox 3543 4032 3653 4085; x_wconf 87' lang='grc' dir='ltr'><strong>τῶν</strong></span> <span class='ocrx_word' id='word_1_669' title='bbox 3704 4032 3844 4087; x_wconf 81' lang='grc' dir='ltr'>θείων</span> 
     </span>
    </p>
   </div>
   <div class='ocr_carea' id='block_1_94' title="bbox 2286 4120 3844 4196">
    <p class='ocr_par' dir='ltr' id='par_1_94' title="bbox 2286 4120 3844 4196">
     <span class='ocr_line' id='line_1_94' title="bbox 2286 4120 3844 4196; baseline 0 -19"><span class='ocrx_word' id='word_1_670' title='bbox 2286 4123 2538 4187; x_wconf 84' lang='grc' dir='ltr'>ὲντολῶν,</span> <span class='ocrx_word' id='word_1_671' title='bbox 2596 4122 3030 4194; x_wconf 80' lang='grc' dir='ltr'>γεωργουμένων</span> <span class='ocrx_word' id='word_1_672' title='bbox 3076 4122 3219 4177; x_wconf 80' lang='grc' dir='ltr'><strong>κατά</strong></span> <span class='ocrx_word' id='word_1_673' title='bbox 3253 4126 3450 4196; x_wconf 77' lang='grc' dir='ltr'>πρᾶξιν</span> <span class='ocrx_word' id='word_1_674' title='bbox 3502 4126 3731 4194; x_wconf 85' lang='grc' dir='ltr'>ἀρετῶν,</span> <span class='ocrx_word' id='word_1_675' title='bbox 3768 4120 3844 4178; x_wconf 73' lang='grc' dir='ltr'>οἷά</span> 
     </span>
    </p>
   </div>
   <div class='ocr_carea' id='block_1_95' title="bbox 2287 4216 3843 4289">
    <p class='ocr_par' dir='ltr' id='par_1_95' title="bbox 2287 4216 3843 4289">
     <span class='ocr_line' id='line_1_95' title="bbox 2287 4216 3843 4289; baseline 0 -20"><span class='ocrx_word' id='word_1_676' title='bbox 2287 4234 2449 4270; x_wconf 87' lang='grc' dir='ltr'>τινων</span> <span class='ocrx_word' id='word_1_677' title='bbox 2502 4216 2769 4287; x_wconf 80' lang='grc' dir='ltr'>καρπῶν·</span> <span class='ocrx_word' id='word_1_678' title='bbox 2812 4217 2906 4269; x_wconf 73' lang='grc' dir='ltr'><strong>καὶ</strong></span> <span class='ocrx_word' id='word_1_679' title='bbox 2942 4218 2975 4286; x_wconf 82' lang='grc' dir='ltr'>ἡ</span> <span class='ocrx_word' id='word_1_680' title='bbox 3022 4216 3335 4289; x_wconf 83' lang='grc' dir='ltr'>θεωρητικὴ</span> <span class='ocrx_word' id='word_1_681' title='bbox 3362 4217 3713 4289; x_wconf 74' lang='grc' dir='ltr'>πληρουμένη</span> <span class='ocrx_word' id='word_1_682' title='bbox 3752 4217 3843 4269; x_wconf 78' lang='grc' dir='ltr'><strong>τῶν</strong></span> 
     </span>
    </p>
   </div>
   <div class='ocr_carea' id='block_1_96' title="bbox 2290 4305 3843 4379">
    <p class='ocr_par' dir='ltr' id='par_1_96' title="bbox 2290 4305 3843 4379">
     <span class='ocr_line' id='line_1_96' title="bbox 2290 4305 3843 4379; baseline -0.001 -18"><span class='ocrx_word' id='word_1_683' title='bbox 2290 4307 2432 4362; x_wconf 83' lang='grc' dir='ltr'><strong>κατά</strong></span> <span class='ocrx_word' id='word_1_684' title='bbox 2478 4306 2684 4375; x_wconf 86' lang='grc' dir='ltr'>γνῶσιν</span> <span class='ocrx_word' id='word_1_685' title='bbox 2737 4305 2947 4373; x_wconf 81' lang='grc' dir='ltr'>λόγων·</span> <span class='ocrx_word' id='word_1_686' title='bbox 3007 4308 3417 4379; x_wconf 79' lang='grc' dir='ltr'>προχεομένων,</span> <span class='ocrx_word' id='word_1_687' title='bbox 3461 4308 3538 4371; x_wconf 85' lang='grc' dir='ltr'>ὡς</span> <span class='ocrx_word' id='word_1_688' title='bbox 3581 4309 3645 4362; x_wconf 68' lang='grc' dir='ltr'>ἐκ</span> <span class='ocrx_word' id='word_1_689' title='bbox 3699 4326 3843 4361; x_wconf 84' lang='grc' dir='ltr'>τινων</span> 
     </span>
    </p>
   </div>
   <div class='ocr_carea' id='block_1_97' title="bbox 2293 4399 3840 4471">
    <p class='ocr_par' dir='ltr' id='par_1_97' title="bbox 2293 4399 3840 4471">
     <span class='ocr_line' id='line_1_97' title="bbox 2293 4399 3840 4471; baseline -0.001 -18"><span class='ocrx_word' id='word_1_690' title='bbox 2293 4399 2557 4470; x_wconf 81' lang='grc' dir='ltr'>βοτρύων,</span> <span class='ocrx_word' id='word_1_691' title='bbox 2581 4400 2689 4453; x_wconf 90' lang='grc' dir='ltr'><strong>τῶν</strong></span> <span class='ocrx_word' id='word_1_692' title='bbox 2718 4399 2881 4454; x_wconf 90' lang='grc' dir='ltr'>θείων</span> <span class='ocrx_word' id='word_1_693' title='bbox 2914 4400 3227 4468; x_wconf 84' lang='grc' dir='ltr'>δογμάτων,</span> <span class='ocrx_word' id='word_1_694' title='bbox 3267 4400 3587 4471; x_wconf 80' lang='grc' dir='ltr'>ὑπερεκχέῃ</span> <span class='ocrx_word' id='word_1_695' title='bbox 3608 4400 3840 4453; x_wconf 75' lang='grc' dir='ltr'>διδασκα-</span> 
     </span>
    </p>
   </div>
   <div class='ocr_carea' id='block_1_98' title="bbox 2217 4478 3838 4563">
    <p class='ocr_par' dir='ltr' id='par_1_98' title="bbox 2217 4478 3838 4563">
     <span class='ocr_line' id='line_1_98' title="bbox 2217 4478 3838 4563; baseline -0.002 -17"><span class='ocrx_word' id='word_1_696' title='bbox 2217 4478 2263 4537; x_wconf 76' lang='grc' dir='ltr'><strong>Ῑ)</strong></span> <span class='ocrx_word' id='word_1_697' title='bbox 2289 4493 2456 4557; x_wconf 88' lang='grc' dir='ltr'>λικῶς</span> <span class='ocrx_word' id='word_1_698' title='bbox 2488 4492 2785 4558; x_wconf 80' lang='grc' dir='ltr'>ποτίζουσα</span> <span class='ocrx_word' id='word_1_699' title='bbox 2820 4493 2920 4555; x_wconf 84' lang='grc' dir='ltr'>τὰς</span> <span class='ocrx_word' id='word_1_700' title='bbox 2950 4491 3061 4544; x_wconf 87' lang='grc' dir='ltr'><strong>τῶν</strong></span> <span class='ocrx_word' id='word_1_701' title='bbox 3090 4492 3269 4547; x_wconf 84' lang='grc' dir='ltr'>ἀλλων</span> <span class='ocrx_word' id='word_1_702' title='bbox 3298 4492 3499 4563; x_wconf 78' lang='grc' dir='ltr'>ψυχὰς,</span> <span class='ocrx_word' id='word_1_703' title='bbox 3536 4493 3630 4547; x_wconf 68' lang='grc' dir='ltr'>τὸν</span> <span class='ocrx_word' id='word_1_704' title='bbox 3662 4491 3838 4552; x_wconf 85' lang='grc' dir='ltr'>ταύτας</span> 
     </span>
    </p>
   </div>
   <div class='ocr_carea' id='block_1_99' title="bbox 2284 4581 3051 4657">
    <p class='ocr_par' dir='ltr' id='par_1_99' title="bbox 2284 4581 3051 4657">
     <span class='ocr_line' id='line_1_99' title="bbox 2284 4581 3051 4657; baseline -0.001 -18"><span class='ocrx_word' id='word_1_705' title='bbox 2284 4586 2646 4657; x_wconf 80' lang='grc' dir='ltr'>εὐφραίνοντα</span> <span class='ocrx_word' id='word_1_706' title='bbox 2667 4584 2858 4655; x_wconf 81' lang='grc' dir='ltr'>νοητὸν</span> <span class='ocrx_word' id='word_1_707' title='bbox 2887 4581 3051 4639; x_wconf 77' lang='grc' dir='ltr'>οἶνον.</span> 
     </span>
    </p>
   </div>
   <div class='ocr_carea' id='block_1_100' title="bbox 2356 4675 3834 4747">
    <p class='ocr_par' dir='ltr' id='par_1_100' title="bbox 2356 4675 3834 4747">
     <span class='ocr_line' id='line_1_100' title="bbox 2356 4675 3834 4747; baseline 0.001 -14"><span class='ocrx_word' id='word_1_708' title='bbox 2356 4676 2443 4733; x_wconf 82' lang='grc' dir='ltr'>ια’.</span> <span class='ocrx_word' id='word_1_709' title='bbox 2509 4676 2626 4743; x_wconf 78' lang='grc' dir='ltr'><strong>Υἱὲ,</strong></span> <span class='ocrx_word' id='word_1_710' title='bbox 2659 4676 2746 4747; x_wconf 81' lang='grc' dir='ltr'><strong>μὴ</strong></span> <span class='ocrx_word' id='word_1_711' title='bbox 2787 4677 3058 4746; x_wconf 72' lang='grc' dir='ltr'>ὀλιγώρει</span> <span class='ocrx_word' id='word_1_712' title='bbox 3108 4675 3380 4744; x_wconf 76' lang='grc' dir='ltr'>παιδείας</span> <span class='ocrx_word' id='word_1_713' title='bbox 3417 4678 3672 4747; x_wconf 80' lang='grc' dir='ltr'>Κυρίου,</span> <span class='ocrx_word' id='word_1_714' title='bbox 3708 4678 3834 4745; x_wconf 74' lang='grc' dir='ltr'>μηδὲ</span> 
     </span>
    </p>
   </div>
   <div class='ocr_carea' id='block_1_101' title="bbox 2280 4768 3830 4841">
    <p class='ocr_par' dir='ltr' id='par_1_101' title="bbox 2280 4768 3830 4841">
     <span class='ocr_line' id='line_1_101' title="bbox 2280 4768 3830 4841; baseline -0.001 -17"><span class='ocrx_word' id='word_1_715' title='bbox 2280 4770 2509 4825; x_wconf 76' lang='grc' dir='ltr'>ἐκλύου</span> <span class='ocrx_word' id='word_1_716' title='bbox 2534 4769 2637 4824; x_wconf 75' lang='grc' dir='ltr'><strong>ὑπ’</strong></span> <span class='ocrx_word' id='word_1_717' title='bbox 2676 4768 2866 4823; x_wconf 85' lang='grc' dir='ltr'>αὑτοῦ</span> <span class='ocrx_word' id='word_1_718' title='bbox 2906 4768 3323 4839; x_wconf 77' lang='grc' dir='ltr'>ἐλεγχόμενος.</span> <span class='ocrx_word' id='word_1_719' title='bbox 3372 4770 3578 4823; x_wconf 81' lang='grc' dir='ltr'>Τέκνον</span> <span class='ocrx_word' id='word_1_720' title='bbox 3615 4787 3830 4841; x_wconf 76' lang='grc' dir='ltr'>πνευμαο</span> 
     </span>
    </p>
   </div>
   <div class='ocr_carea' id='block_1_102' title="bbox 2282 4859 3826 4931">
    <p class='ocr_par' dir='ltr' id='par_1_102' title="bbox 2282 4859 3826 4931">
     <span class='ocr_line' id='line_1_102' title="bbox 2282 4859 3826 4931; baseline -0.001 -16"><span class='ocrx_word' id='word_1_721' title='bbox 2282 4862 2455 4925; x_wconf 78' lang='grc' dir='ltr'>τικὸν,</span> <span class='ocrx_word' id='word_1_722' title='bbox 2486 4859 2751 4930; x_wconf 83' lang='grc' dir='ltr'>γενναίως</span> <span class='ocrx_word' id='word_1_723' title='bbox 2788 4860 2921 4931; x_wconf 81' lang='grc' dir='ltr'>φέρε</span> <span class='ocrx_word' id='word_1_724' title='bbox 2952 4860 3021 4914; x_wconf 85' lang='grc' dir='ltr'><strong>τὰ</strong></span> <span class='ocrx_word' id='word_1_725' title='bbox 3055 4860 3238 4931; x_wconf 88' lang='grc' dir='ltr'>κρίσει</span> <span class='ocrx_word' id='word_1_726' title='bbox 3281 4860 3420 4914; x_wconf 86' lang='grc' dir='ltr'>Θεοῦ</span> <span class='ocrx_word' id='word_1_727' title='bbox 3472 4862 3735 4925; x_wconf 86' lang='grc' dir='ltr'>ἀκουσίως</span> <span class='ocrx_word' id='word_1_728' title='bbox 3763 4877 3826 4913; x_wconf 84' lang='grc' dir='ltr'><strong>σοι</strong></span> 
     </span>
    </p>
   </div>
   <div class='ocr_carea' id='block_1_103' title="bbox 2284 4950 3827 5023">
    <p class='ocr_par' dir='ltr' id='par_1_103' title="bbox 2284 4950 3827 5023">
     <span class='ocr_line' id='line_1_103' title="bbox 2284 4950 3827 5023; baseline -0.001 -16"><span class='ocrx_word' id='word_1_729' title='bbox 2284 4954 2632 5022; x_wconf 77' lang='grc' dir='ltr'>ἐπερχόμενα</span> <span class='ocrx_word' id='word_1_730' title='bbox 2701 4951 2965 5023; x_wconf 73' lang='grc' dir='ltr'>θλιϐεράο</span> <span class='ocrx_word' id='word_1_731' title='bbox 3026 4952 3121 5005; x_wconf 74' lang='grc' dir='ltr'>καὶ</span> <span class='ocrx_word' id='word_1_732' title='bbox 3186 4950 3262 5023; x_wconf 77' lang='grc' dir='ltr'>μὴ</span> <span class='ocrx_word' id='word_1_733' title='bbox 3303 4952 3651 5017; x_wconf 78' lang='grc' dir='ltr'>κατάπιπτε,</span> <span class='ocrx_word' id='word_1_734' title='bbox 3706 4951 3827 5021; x_wconf 77' lang='grc' dir='ltr'>παρὰ</span> 
     </span>
    </p>
   </div>
   <div class='ocr_carea' id='block_1_104' title="bbox 2282 5041 3824 5114">
    <p class='ocr_par' dir='ltr' id='par_1_104' title="bbox 2282 5041 3824 5114">
     <span class='ocr_line' id='line_1_104' title="bbox 2282 5041 3824 5114; baseline -0.003 -16"><span class='ocrx_word' id='word_1_735' title='bbox 2282 5042 2476 5098; x_wconf 87' lang='grc' dir='ltr'>τούτου</span> <span class='ocrx_word' id='word_1_736' title='bbox 2508 5042 3064 5114; x_wconf 82' lang='grc' dir='ltr'>ὑπομιμνησκόμενός</span> <span class='ocrx_word' id='word_1_737' title='bbox 3101 5059 3199 5095; x_wconf 92' lang='grc' dir='ltr'><strong>σου</strong></span> <span class='ocrx_word' id='word_1_738' title='bbox 3230 5041 3302 5095; x_wconf 85' lang='grc' dir='ltr'>τὰ</span> <span class='ocrx_word' id='word_1_739' title='bbox 3339 5041 3725 5113; x_wconf 79' lang='grc' dir='ltr'>ἁμαρτήματα,</span> <span class='ocrx_word' id='word_1_740' title='bbox 3750 5041 3824 5110; x_wconf 79' lang='grc' dir='ltr'>δη-</span> 
     </span>
    </p>
   </div>
   <div class='ocr_carea' id='block_1_105' title="bbox 2284 5131 3824 5207">
    <p class='ocr_par' dir='ltr' id='par_1_105' title="bbox 2284 5131 3824 5207">
     <span class='ocr_line' id='line_1_105' title="bbox 2284 5131 3824 5207; baseline -0.003 -18"><span class='ocrx_word' id='word_1_741' title='bbox 2284 5134 2631 5199; x_wconf 83' lang='grc' dir='ltr'>λοποιοῦντός</span> <span class='ocrx_word' id='word_1_742' title='bbox 2688 5153 2771 5188; x_wconf 90' lang='grc' dir='ltr'><strong>σοι</strong></span> <span class='ocrx_word' id='word_1_743' title='bbox 2804 5134 2983 5190; x_wconf 84' lang='grc' dir='ltr'>ταῦτα</span> <span class='ocrx_word' id='word_1_744' title='bbox 3025 5134 3114 5189; x_wconf 79' lang='grc' dir='ltr'><strong>διὰ</strong></span> <span class='ocrx_word' id='word_1_745' title='bbox 3166 5134 3266 5205; x_wconf 83' lang='grc' dir='ltr'>τῆς</span> <span class='ocrx_word' id='word_1_746' title='bbox 3297 5131 3406 5187; x_wconf 86' lang='grc' dir='ltr'><strong>τῶν</strong></span> <span class='ocrx_word' id='word_1_747' title='bbox 3447 5134 3712 5207; x_wconf 84' lang='grc' dir='ltr'>δυσχερῶν</span> <span class='ocrx_word' id='word_1_748' title='bbox 3749 5134 3824 5186; x_wconf 74' lang='grc' dir='ltr'><strong>ἐπ-</strong></span> 
     </span>
    </p>
   </div>
   <div class='ocr_carea' id='block_1_106' title="bbox 2287 5227 2537 5297">
    <p class='ocr_par' dir='ltr' id='par_1_106' title="bbox 2287 5227 2537 5297">
     <span class='ocr_line' id='line_1_106' title="bbox 2287 5227 2537 5297; baseline -0.02 0"><span class='ocrx_word' id='word_1_749' title='bbox 2287 5227 2537 5297; x_wconf 83' lang='grc' dir='ltr'>αγωγῆς.</span> 
     </span>
    </p>
   </div>
   <div class='ocr_carea' id='block_1_107' title="bbox 2359 5312 3819 5388">
    <p class='ocr_par' dir='ltr' id='par_1_107' title="bbox 2359 5312 3819 5388">
     <span class='ocr_line' id='line_1_107' title="bbox 2359 5312 3819 5388; baseline -0.015 0"><span class='ocrx_word' id='word_1_750' title='bbox 2359 5316 2446 5387; x_wconf 76' lang='grc' dir='ltr'><strong>ιβὀ</strong></span> <span class='ocrx_word' id='word_1_751' title='bbox 2489 5319 2598 5371; x_wconf 80' lang='grc' dir='ltr'><strong>Ὃν</strong></span> <span class='ocrx_word' id='word_1_752' title='bbox 2634 5316 2744 5388; x_wconf 80' lang='grc' dir='ltr'>γὰρ</span> <span class='ocrx_word' id='word_1_753' title='bbox 2781 5315 2983 5387; x_wconf 78' lang='grc' dir='ltr'>ἀγαπᾷ</span> <span class='ocrx_word' id='word_1_754' title='bbox 3020 5320 3256 5388; x_wconf 85' lang='grc' dir='ltr'>Κύριος,</span> <span class='ocrx_word' id='word_1_755' title='bbox 3294 5319 3579 5374; x_wconf 82' lang='grc' dir='ltr'>παιδεύει.</span> <span class='ocrx_word' id='word_1_756' title='bbox 3614 5317 3709 5371; x_wconf 79' lang='grc' dir='ltr'>Τδν</span> <span class='ocrx_word' id='word_1_757' title='bbox 3735 5312 3819 5384; x_wconf 75' lang='grc' dir='ltr'><strong>γὰρ</strong></span> 
     </span>
    </p>
   </div>
   <div class='ocr_carea' id='block_1_108' title="bbox 2287 5407 3817 5481">
    <p class='ocr_par' dir='ltr' id='par_1_108' title="bbox 2287 5407 3817 5481">
     <span class='ocr_line' id='line_1_108' title="bbox 2287 5407 3817 5481; baseline -0.006 -16"><span class='ocrx_word' id='word_1_758' title='bbox 2287 5407 2722 5477; x_wconf 79' lang='grc' dir='ltr'>ὲπιγινώσκοντα</span> <span class='ocrx_word' id='word_1_759' title='bbox 2754 5407 2853 5479; x_wconf 78' lang='grc' dir='ltr'>τὴν</span> <span class='ocrx_word' id='word_1_760' title='bbox 2882 5408 3076 5462; x_wconf 75' lang='grc' dir='ltr'>τούτου</span> <span class='ocrx_word' id='word_1_761' title='bbox 3106 5411 3245 5481; x_wconf 79' lang='grc' dir='ltr'>πρὸς</span> <span class='ocrx_word' id='word_1_762' title='bbox 3273 5411 3439 5465; x_wconf 85' lang='grc' dir='ltr'>αὑτὸν</span> <span class='ocrx_word' id='word_1_763' title='bbox 3462 5410 3695 5479; x_wconf 84' lang='grc' dir='ltr'>ἀγάπην,</span> <span class='ocrx_word' id='word_1_764' title='bbox 3718 5422 3817 5459; x_wconf 79' lang='grc' dir='ltr'>παι-</span> 
     </span>
    </p>
   </div>
   <div class='ocr_carea' id='block_1_109' title="bbox 2287 5494 3813 5569">
    <p class='ocr_par' dir='ltr' id='par_1_109' title="bbox 2287 5494 3813 5569">
     <span class='ocr_line' id='line_1_109' title="bbox 2287 5494 3813 5569; baseline -0.007 -16"><span class='ocrx_word' id='word_1_765' title='bbox 2287 5499 2492 5554; x_wconf 88' lang='grc' dir='ltr'>δεύειὸ</span> <span class='ocrx_word' id='word_1_766' title='bbox 2524 5496 2733 5568; x_wconf 82' lang='grc' dir='ltr'>Κύριος</span> <span class='ocrx_word' id='word_1_767' title='bbox 2773 5496 2863 5551; x_wconf 80' lang='grc' dir='ltr'><strong>διὰ</strong></span> <span class='ocrx_word' id='word_1_768' title='bbox 2893 5496 3004 5551; x_wconf 87' lang='grc' dir='ltr'><strong>τῶν</strong></span> <span class='ocrx_word' id='word_1_769' title='bbox 3042 5497 3322 5569; x_wconf 85' lang='grc' dir='ltr'>ὀδυνηρῶν</span> <span class='ocrx_word' id='word_1_770' title='bbox 3360 5498 3497 5567; x_wconf 85' lang='grc' dir='ltr'>πρὸς</span> <span class='ocrx_word' id='word_1_771' title='bbox 3537 5494 3813 5564; x_wconf 70' lang='grc' dir='ltr'>διόρθωσιν*</span> 
     </span>
    </p>
   </div>
   <div class='ocr_carea' id='block_1_110' title="bbox 2289 5580 3814 5661">
    <p class='ocr_par' dir='ltr' id='par_1_110' title="bbox 2289 5580 3814 5661">
     <span class='ocr_line' id='line_1_110' title="bbox 2289 5580 3814 5661; baseline -0.009 -15"><span class='ocrx_word' id='word_1_772' title='bbox 2289 5590 2480 5660; x_wconf 76' lang='grc' dir='ltr'>ἐπειδὴ</span> <span class='ocrx_word' id='word_1_773' title='bbox 2515 5590 2592 5659; x_wconf 77' lang='grc' dir='ltr'>τῷ</span> <span class='ocrx_word' id='word_1_774' title='bbox 2623 5590 2696 5661; x_wconf 82' lang='grc' dir='ltr'>μὴ</span> <span class='ocrx_word' id='word_1_775' title='bbox 2739 5590 2942 5659; x_wconf 82' lang='grc' dir='ltr'>ταύτην</span> <span class='ocrx_word' id='word_1_776' title='bbox 2995 5588 3446 5656; x_wconf 78' lang='grc' dir='ltr'>ἐπιγινώσκοντι,</span> <span class='ocrx_word' id='word_1_777' title='bbox 3498 5588 3556 5641; x_wconf 79' lang='grc' dir='ltr'>οὐ</span> <span class='ocrx_word' id='word_1_778' title='bbox 3610 5580 3814 5639; x_wconf 80' lang='grc' dir='ltr'>παιδεία·</span> 
     </span>
    </p>
   </div>
   <div class='ocr_carea' id='block_1_111' title="bbox 2290 5673 3813 5754">
    <p class='ocr_par' dir='ltr' id='par_1_111' title="bbox 2290 5673 3813 5754">
     <span class='ocr_line' id='line_1_111' title="bbox 2290 5673 3813 5754; baseline -0.002 -16"><span class='ocrx_word' id='word_1_779' title='bbox 2290 5684 2533 5754; x_wconf 85' lang='grc' dir='ltr'>τιμωρία</span> <span class='ocrx_word' id='word_1_780' title='bbox 2580 5684 2659 5747; x_wconf 79' lang='grc' dir='ltr'>δὲ,</span> <span class='ocrx_word' id='word_1_781' title='bbox 2700 5682 2775 5752; x_wconf 84' lang='grc' dir='ltr'>μὴ</span> <span class='ocrx_word' id='word_1_782' title='bbox 2824 5681 3210 5752; x_wconf 84' lang='grc' dir='ltr'>διορθουμένῳ,</span> <span class='ocrx_word' id='word_1_783' title='bbox 3261 5680 3397 5735; x_wconf 85' lang='grc' dir='ltr'>ἀλλὰ</span> <span class='ocrx_word' id='word_1_784' title='bbox 3430 5673 3813 5750; x_wconf 74' lang='grc' dir='ltr'>βλασφημοῦντιι</span> 
     </span>
    </p>
   </div>
   <div class='ocr_carea' id='block_1_112' title="bbox 2296 5771 2906 5845">
    <p class='ocr_par' dir='ltr' id='par_1_112' title="bbox 2296 5771 2906 5845">
     <span class='ocr_line' id='line_1_112' title="bbox 2296 5771 2906 5845; baseline -0.008 -17"><span class='ocrx_word' id='word_1_785' title='bbox 2296 5775 2531 5845; x_wconf 80' lang='grc' dir='ltr'>ὑπάρχει</span> <span class='ocrx_word' id='word_1_786' title='bbox 2566 5771 2633 5826; x_wconf 76' lang='grc' dir='ltr'><strong>τά</strong></span> <span class='ocrx_word' id='word_1_787' title='bbox 2665 5772 2906 5842; x_wconf 84' lang='grc' dir='ltr'>λυπηρά.</span> 
     </span>
    </p>
   </div>
  </div>
