4034 6496
140 371 283 439 1245

1210 361 1751 427 COMMENTARII
1793 359 1875 421 IN
1914 362 2364 424 PROVERBIA.

3274 353 3413 419 1246
3456 426 3459 430 η

210 489 517 562 Mamurri?
564 487 632 543 δὲ
702 484 901 541 πάντα
945 480 1114 547 υἱὸν,
1169 480 1241 535 ὃν
1308 477 1726 548 παραδέχεται.

1906 476 2175 547 Flagellat
2228 491 2431 531 onmem
2473 473 2644 544 ﬁlium
2702 488 2852 543 quem
2908 469 3113 539 recipit,
3151 466 3411 539 Flagellat

142 587 370 659 Ιιληγάς
397 558 445 638 δί’
473 579 730 651 ἐπιφέρει
753 576 918 630 παντί
945 574 1066 628 κατ’
1088 568 1294 644 ’ἀρετὴν
1330 571 1428 641 μὲν
1457 570 1550 623 καὶ
1579 569 1722 637 γνῶ-

1862 586 2062 637 mncm,
2091 570 2182 640 qui
2214 586 2311 641 per
2333 570 2589 624 virtutem
2625 574 2679 621 ct
2715 563 2997 622 seicntiam
3038 575 3135 631 pro
3175 560 3288 613 lilio
3344 558 3412 613 ab

143 648 669 741 a-tv'uioiisrouuivqi
719 664 890 735 αὐτῷ,
922 659 1359 733 μεγαλαυχοῦντι
1408 657 1467 709 δὲ
1517 655 1600 722 ἐφ’
1641 648 1723 715 οἷς

145 769 408 843 κατορθοῖ
429 782 443 797 ⁶
478 766 626 827 ὅπως
652 759 818 831 πείσῃ
845 754 1007 809 αὑτὸν
1042 749 1457 823 μετριοφρονεῖν
1484 746 1575 800 ἐπὶ
1603 743 1726 797 τού-

146 841 301 929 τοις,
321 862 420 917 καὶ
440 856 738 921 ὁλοτελῶς,
776 850 912 907 ἁλλά
939 849 1014 919 μὴ
1048 848 1113 899 ἐκ
1145 845 1348 916 μέρους
1378 841 1526 910 αὐτῷ
1559 854 1728 909 προσ-

149 954 448 1029 ἔρχεσθαιθ
495 950 554 1003 ὃν
589 947 738 1017 παρά
772 944 937 1015 μέρος
989 935 1208 1007 δέχεταί
1247 952 1307 987 τε
1338 934 1432 986 καὶ
1472 929 1729 999 ἀποπέμ-

152 1020 351 1104 πεται·
380 1045 442 1098 τὸ
479 1042 597 1114 μὲν,
640 1039 729 1093 διά
757 1036 847 1096 τὸν
883 1030 1137 1103 ἐνάρετον
1162 1027 1274 1097 βίον
1295 1042 1308 1055 ο
1339 1024 1400 1077 τὸ
1435 1023 1512 1089 δὲ,
1548 1020 1637 1073 διὰ
1669 1020 1730 1072 τὸ

156 1141 234 1211 μὴ
262 1138 489 1209 φρονεῖν
508 1129 761 1187 ταπεινά.

359 1226 663 1294 Μακάριος
689 1221 1020 1288 ἅνθρωπος,
1062 1213 1130 1280 ὃς
1173 1206 1312 1278 εὗρε
1341 1208 1601 1278 cogntas"
1635 1205 1733 1259 καί

160 1298 409 1391 θνητὸς,
440 1319 508 1386 ὃς
548 1312 672 1371 εἶδε
705 1314 1030 1384 φρόνησιν.
1076 1303 1276 1359 Λοιπὸν
1326 1303 1680 1372 ἀείμνηστος,
1709 1298 1738 1350 ὁ

160 1385 310 1477 κατὰ
346 1385 447 1485 μιν
488 1385 555 1463 ίτδ
589 1407 884 1474 νοούμενον
920 1395 1191 1468 ἀνθρώπῳ
1221 1392 1386 1465 ὁρῶν,
1426 1389 1549 1443 καθ’
1584 1387 1611 1440 δ
1642 1385 1739 1440 και

159 1478 435 1577 κέκληται
487 1499 802 1569 ἄνθρωπος’
851 1485 1150 1547 κάντεῦθεν
1196 1481 1531 1555 ψηλαφήσας
1573 1480 1640 1549 τῇ
1682 1478 1740 1529 ἐν

163 1598 442 1668 πνεύματι
490 1591 698 1663 φυσικῇ
750 1582 956 1655 θεωρίᾳ
983 1579 1093 1634 τῶν
1135 1577 1331 1641 ὄντων,
1385 1572 1479 1627 τὸν
1533 1568 1742 1623 τούτων

165 1693 345 1744 αἴτιον
390 1685 526 1741 Θεὸν
551 1700 565 1715 ·
612 1680 707 1735 καὶ
744 1675 939 1731 τούτου
999 1668 1272 1742 ἐπιτυχὼν
1298 1663 1621 1735 γνωστικῶς
1679 1664 1743 1715 ὲκ

1825 678 1894 717 eo
1923 664 2212 732 adoptatus
2232 669 2338 729 est,
2370 669 2425 718 et
2448 661 2543 731 qui
2575 660 2643 715 de
2678 659 2747 713 iis
2799 658 2855 711 in
2910 656 3111 726 quibus
3134 653 3411 725 dirigitur,

1828 754 2129 824 gloriatur;
2158 761 2210 810 et
2241 755 2316 808 ita
2342 752 2551 808 inducit
2582 752 2762 816 illum,
2796 756 2855 804 ut
2886 748 2958 802 sit
2980 748 3049 801 ile
3081 747 3167 801 his
3227 744 3415 800 mode-

1830 858 1971 911 stus,
2014 853 2068 899 et
2100 844 2343 915 seipsum
2391 844 2469 897 illi
2499 843 2738 898 totaliter
2782 855 2889 894 non
2931 854 2995 893 ex
3030 847 3181 908 parte
3211 836 3411 890 donet:

1834 937 1943 992 Deo
1963 938 2110 994 enim
2173 935 2478 1005 proximata
2535 943 2590 990 et
2641 933 2887 988 vicissim
2936 931 3004 985 ab
3028 946 3093 984 eo
3119 931 3410 994 alienatur,

1835 1046 2025 1093 unum,
2064 1044 2159 1098 per
2216 1028 2386 1081 vitam
2436 1037 2664 1091 rectam,
2718 1026 2952 1079 alterum
2986 1037 3080 1092 per
3103 1020 3415 1091 superbiam

1833 1118 2135 1175 efﬁciendo.

1910 1210 2075 1266 Vens.
2107 1209 2191 1264 15.
2219 1207 2415 1262 Beatus
2447 1207 2601 1261 homo
2637 1207 2726 1276 qui
2753 1206 2950 1260 invenit
3003 1202 3338 1273 sapientiam,
3366 1212 3415 1256 et

1838 1300 2083 1356 mortalis
2114 1300 2205 1369 qui
2233 1297 2364 1353 vidit
2386 1297 2745 1366 prudentiam.
2804 1293 3038 1358 Deinde,
3101 1293 3246 1346 omni
3306 1307 3419 1346 me-

1840 1394 2012 1448 moria
2038 1392 2236 1463 dignus
2263 1400 2368 1455 est,
2404 1392 2498 1462 qui
2529 1390 2596 1446 de
2630 1390 2853 1444 homine
2878 1389 3089 1458 judieat
3117 1385 3418 1442 secundum

1842 1486 2101 1548 animam,
2129 1499 2237 1555 qua
2259 1492 2312 1538 et
2343 1490 2571 1537 vocatur
2595 1481 2792 1536 homo:
2819 1479 2911 1551 qui
2937 1476 3211 1550 spirituali
3239 1491 3421 1532 rerum

1843 1576 2174 1633 naturalium
2193 1575 2677 1645 contemplatione,
2697 1573 2914 1628 illarum
2939 1581 3217 1627 auctorem
3248 1571 3419 1625 Deum

1844 1667 2071 1739 quaerit:
2113 1668 2206 1737 qui
2263 1682 2331 1722 ex
2362 1666 2472 1722 illis
2500 1681 2596 1735 per
2651 1665 2934 1721 scientiam
2964 1665 3029 1717 ad
3062 1664 3211 1717 illum
3235 1676 3425 1733 perve-

159 1784 275 1836 τῶν
306 1776 652 1849 ποιημάτων,
680 1771 756 1834 ὡς
784 1765 1039 1823 ἐντεῦθεν
1058 1763 1158 1833 τῆς
1188 1761 1319 1832 περί⁸
1341 1759 1411 1812 τὰ
1436 1756 1745 1829 πρόσκαιρα

1868 1760 2026 1827 tiens,
2057 1758 2239 1813 fallaci
2279 1758 2346 1814 de
2411 1756 2814 1827 temporalibus
2838 1754 3052 1826 judicio
3083 1763 3142 1809 ut
3166 1755 3311 1808 nube
3335 1769 3426 1809 re-

161 1874 405 1943 ἀπάτης,
422 1837 521 1924 ὀἷά
550 1837 694 1928 τινος
741 1860 941 1933 ἀχλύος
980 1852 1417 1924 σκεδαννυμένης
1464 1849 1742 1918 αὐτόπτης

1864 1864 2012 1917 nota,
2044 1867 2139 1922 per
2168 1865 2324 1906 suam
2352 1850 2654 1920 practicam
2692 1846 3115 1920 experientiam,
3170 1843 3428 1915 cognovit

164 1965 314 2021 κατά
342 1940 558 2031 ⁷πεῖραν
603 1951 915 2029 πρακτικὴν
955 1948 1251 2019 γενόμενος
1293 1943 1396 2013 τῆς
1440 1940 1737 1996 ἀντιπάλου

162 2062 230 2131 τῇ
260 2074 321 2111 τε
343 2053 503 2125 ιὶινοίςι⁸
528 2050 624 2109 καί
652 2051 719 2119 τῇ
746 2043 1008 2114 ὑπερνοίᾳ
1035 2039 1222 2105 ἕξεως,
1246 2038 1281 2108 ἦ
1309 2037 1426 2088 ἐστι
1455 2035 1736 2105 φρόνησις·

165 2125 472 2204 ἀντίκειται
495 2143 605 2213 γὰρ
642 2138 804 2207 αὕτη,
840 2138 905 2205 τῇ
950 2133 1050 2203 μὲν
1092 2133 1250 2202 ἀνοίᾳ
1283 2129 1341 2183 ὲν
1376 2126 1456 2197 τῷ
1489 2125 1741 2195 ἐμποιεῖν

165 2242 304 2308 ἡμῖν
338 2236 449 2291 τῶν
470 2231 823 2305 προσκαίρων
855 2224 1223 2290 κατάγνωσιν,
1250 2220 1343 2274 καὶ
1369 2220 1480 2272 τῶν
1511 2216 1743 2271 αἰωνίων

162 2306 383 2402 ὄρεξιν·
424 2326 576 2399 τῇδὲ
619 2319 886 2402 ὑπερνοίᾳ.
922 2319 980 2370 ὲν
1010 2314 1087 2385 τῷ
1120 2313 1373 2384 ἐμποιεῖν
1409 2306 1564 2373 αὖθις
1610 2309 1743 2378 ἡμῖν

166 2399 268 2493 τῆς
294 2419 503 2481 οἰκείας
525 2399 809 2475 ἀσθενείας
844 2410 1166 2477 ἐπίγνωσιν.

241 2516 328 2568 ιδ’.
358 2510 661 2581 Κρεῖσσον⁹
684 2504 793 2577 γὰρ
825 2501 1021 2569 αὐτὴν
1041 2496 1497 2569 ἐμπορεύεσθαι,
1524 2494 1562 2562 ἢ
1598 2509 1744 2562 χρυ-

168 2606 311 2660 σίου
335 2602 433 2658 κιιὶ
455 2598 741 2669 ἀργυρίου
762 2589 1126 2660 θησαυρούς.
1144 2584 1366 2654 Ἐπειδὴ
1393 2581 1611 2636 κάλλιόν
1630 2581 1748 2632 ἐστι

170 2696 271 2767 τὴν
308 2692 487 2749 αἰτίαν
531 2688 632 2758 τῆς
664 2685 980 2767 φρονήσεως
1017 2677 1233 2748 σοφίας,
1266 2674 1426 2728 ὢνιον
1476 2670 1749 2725 ποιεῖσθαι

173 2759 325 2859 ἡμᾶς
373 2782 460 2837 διὰ
504 2780 725 2836 πάντων
756 2759 862 2835 τῖῦν
894 2772 1017 2827 καθ’
1071 2771 1252 2842 ἡμᾶς’
1308 2769 1369 2820 ὲν
1422 2765 1522 2837 μὲν
1558 2780 1751 2833 πειρα-

178 2848 339 2946 σμοῖς
363 2869 701 2933 ἀνενδότους,
729 2863 871 2919 κατά
898 2862 956 2915 δὲ
989 2859 1104 2931 βίον
1129 2855 1438 2928 λαμπροὺς,
1466 2848 1751 2924 χαρίζεται

177 2943 311 3039 ἡμῖν
345 2965 406 3019 τό
438 2981 496 3018 τε
530 2963 626 3016 τοῦ
654 2955 857 3031 χρυσοῦ
898 2956 957 3009 ἐν
1002 2952 1218 3023 καμίνῳ
1253 2948 1546 3021 ἀμείωτον,
1576 2945 1668 3000 καὶ
1693 2943 1753 2996 τὸ

175 3038 273 3115 τοῦ
293 3055 557 3128 ἀργυρίου
583 3050 843 3124 καθαρὸν,
864 3049 897 3121 ἢ
920 3044 1083 3102 αὐτοῦ
1107 3042 1334 3117 χρυσίου
1367 3040 1462 3095 καὶ
1488 3038 1753 3111 ἀργυρίου

181 3147 415 3213 κτᾶσθαι
443 3144 674 3206 πολλοὺς
705 3136 1036 3210 θησαυρούς.

253 3238 338 3293 ιε’.
378 3233 692 3307 Τιμιωτέρα
718 3231 785 3285 δέ
813 3231 943 3286 ἐστι
972 3228 1158 3282 λίθων
1177 3221 1553 3279 πολυτελῶν.
1586 3220 1756 3276 Πολυ-

181 3331 472 3403 τιμωτέρα
497 3328 543 3382 δ’
571 3327 712 3397 αῦτη
753 3323 873 3378 ἐστί
915 3321 1080 3375 λίοων
1116 3318 1533 3388 πολυτιμήτων
1567 3316 1647 3367 ὅτι
1678 3316 1759 3377 εἰς

187 3424 287 3495 μὲν
338 3422 440 3493 τὴν
481 3417 687 3473 τούτων
743 3413 1099 3486 ὲμπόρευσιν,
1161 3408 1257 3463 ἆτε
1305 3408 1537 3478 ῥευστῆς
1592 3404 1761 3457 ὄντων

186 3518 340 3588 ὕλης,
382 3513 588 3585 ἄψυχος
641 3508 802 3563 πάλιν
840 3507 961 3576 ὕλη,
995 3502 1194 3575 χρυσὸς
1243 3500 1422 3572 ἁδρὸς,
1453 3499 1486 3568 ἢ
1521 3499 1762 3569 ἄργυρος

187 3609 589 3679 καταϐάλλεται
609 3621 625 3637 ⁶
660 3604 739 3666 εἰς
775 3602 831 3655 δέ
864 3617 928 3670 γε
956 3598 1057 3669 τὴν
1090 3596 1189 3666 τῆς
1230 3594 1444 3663 σοφίας,
1473 3593 1636 3663 ἡμεῖς
1664 3589 1763 3644 αύ-

185 3706 268 3759 τοί
292 3703 355 3757 τὸ
384 3697 717 3772 τιμιώτατον
747 3691 884 3749 Θεοῦ
914 3690 1102 3761 κτῆμα
1131 3688 1226 3741 καὶ
1255 3684 1490 3740 οίκειότε
1504 3699 1620 3754 ρον.

262 3881 388 3936 Οὐκ
438 3873 863 3935 ἀντιτάσσεται
907 3866 1063 3937 αὐτῇ
1113 3864 1295 3921 οὐδὲν
1324 3862 1615 3931 πονηρόν.
1655 3860 1768 3914 Οὐκ

189 3970 515 4035 ἀνθίσταται
571 3965 710 4035 αὐτῇ
763 3960 991 4034 οὐδεμία
1025 3957 1229 4011 κακία⁶
1284 3954 1611 4025 ὲνλάμψασα
1659 3952 1768 4021 γὰρ

190 4068 324 4141 ημῖν
356 4062 497 4117 κατά
522 4078 580 4114 τε
610 4058 810 4128 γνῶσιν
829 4055 924 4108 καί
956 4050 1180 4124 ἀρετὴν,
1206 4050 1393 4119 πεῖσαν
1421 4045 1645 4115 ἀγνοίας
1675 4045 1769 4097 καὶ

192 4138 397 4216 διακίας
430 4149 649 4222 μακρὰν
679 4145 834 4217 ἡμῶν
865 4142 1163 4197 ἀπελαύνει
1197 4138 1583 4208 σκοτόμαιναν.

266 4242 625 4320 Εὕγνωστός
660 4240 794 4299 ἐστι
841 4235 993 4297 πᾶσι
1044 4233 1170 4299 τοῖς
1213 4230 1548 4302 ὀργίζοιεσιν
1592 4227 1764 4296 αὐτῇ.

193 4338 487 4408 Εὕληπτος
518 4328 612 4387 οὖν
664 4333 781 4383 ἐστι
815 4330 929 4391 τοῖς
958 4325 1130 4399 ταύτῃ
1174 4323 1316 4378 κατά
1348 4323 1581 4395 μίμησιν
1629 4321 1768 4391 πλην

194 4426 514 4490 σιάζουοιν·
551 4417 639 4476 οἷα
690 4419 770 4491 τῷ
814 4419 937 4471 κατ’
968 4415 1155 4473 εἰκόνα
1201 4414 1368 4485 λόγῳ,
1398 4412 1494 4466 καὶ
1538 4409 1617 4482 τῷ
1648 4408 1771 4464 καο’

191 4519 461 4591 δμοίωσιν
487 4514 672 4587 τρόπῳ
700 4507 1057 4583 Θεωρουμὲνη
1087 4507 1162 4571 ὡς
1194 4505 1523 4581 ἀρχέτυπον.

270 4610 406 4673 Πᾶν
426 4608 495 4664 δὲ
523 4608 740 4685 τίμιον,
790 4604 902 4658 οὐκ
943 4601 1118 4665 ἄξιον
1162 4596 1351 4665 αὐτῆς
1385 4596 1577 4649 ἐστιν.
1609 4592 1775 4647 Οὐδὲν

197 4704 258 4757 δὲ
318 4700 430 4754 τῶν
480 4696 612 4768 παρ’
655 4695 788 4766 ἡμῖν
844 4690 1214 4761 τιμιωτάτων,
1262 4685 1471 4755 ταύτης
1541 4685 1778 4754 ὑπάρχει

198 4794 489 4859 ἀντάξιονο
537 4790 622 4843 ὅτι
646 4788 788 4857 ὑπὲρ
825 4786 1002 4839 πάντα
1028 4782 1147 4836 ἐστὶ
1178 4783 1298 4834 κατ’
1335 4778 1547 4840 οὐσίαν,
1586 4776 1690 4830 κᾶν
1720 4778 1779 4829 ὲν

198 4886 375 4940 πᾶσίν
424 4885 541 4937 ἐστι
597 4880 719 4935 κατ’
768 4878 1087 4946 ἐνέργειανο
1135 4875 1325 4942 διόπερ
1383 4871 1589 4941 ταύτης
1642 4867 1783 4922 κατά

202 4980 371 5052 χάριν
426 4971 939 5047 μεταλαμϐάνομεν,
971 4967 1140 5039 μηδὲν
1193 4966 1343 5033 ἄξιον
1372 4964 1541 5035 αὐτῆς
1570 4964 1784 5017 ἀντεισο

203 5058 492 5145 φέροντες.

282 5171 386 5229 ις’.
425 5160 633 5232 Μῆκιος
662 5158 773 5230 γὰρ
798 5157 966 5223 βίου,
1008 5155 1106 5209 καὶ
1147 5154 1249 5220 ἔτη
1285 5149 1432 5219 ζωῆς
1468 5150 1537 5204 ἐν
1574 5147 1650 5217 τῇ
1690 5147 1786 5201 δε-

210 5255 314 5323 ξ’ιᾷ
341 5252 552 5321 αὐτῆς.
581 5250 740 5321 Παρά
771 5248 829 5301 δὲ
856 5250 922 5318 τῇ
947 5245 1021 5309 ὡς
1050 5244 1220 5315 δεξιᾷ,
1251 5241 1558 5312 τελεωτέρα
1586 5240 1790 5309 ταύτης

210 5345 489 5420 ἐνεργείᾳ,
535 5344 658 5413 ἥτις
696 5342 845 5395 ἐστὶν
880 5340 915 5408 ὴ
943 5338 1051 5391 τῶν
1089 5337 1247 5390 θείων
1278 5335 1581 5404 ἐπιστήμη,
1615 5333 1793 5403 ὑπάρ-

213 5462 299 5514 χει
329 5441 476 5494 τότε
521 5435 751 5509 μέγεθος
784 5437 883 5506 τῆς
914 5432 1056 5486 κατὰ
1085 5430 1176 5482 τὸν
1208 5428 1375 5498 νόμον
1430 5425 1520 5479 τὸν
1549 5440 1796 5495 πνευμα-

213 5535 371 5590 τικὸν
404 5530 667 5601 ἐναρέτου
711 5526 1014 5591 πολιτείας,
1046 5522 1265 5585 πάντως
1302 5521 1336 5590 ἠ
1380 5519 1481 5588 τὴν
1509 5520 1652 5572 κατά
1703 5516 1796 5569 τὸν

218 5624 453 5696 φυσικὸν
484 5624 579 5677 καὶ
632 5621 724 5674 τὸν
753 5618 1001 5690 γραπτὸν
1028 5615 1191 5686 νόμον
1225 5610 1572 5675 δικαιοσύνην
1613 5610 1797 5677 ὑπερ-

218 5723 488 5775 ϐαίνουσα
527 5717 766 5787 ὁσιότης,
822 5715 913 5768 καὶ
969 5712 1141 5783 μέτρα
1178 5710 1279 5780 τῆς
1319 5708 1571 5777 καθαρᾶς
1616 5705 1795 5775 πάσης

219 5812 489 5884 αἰσθητῆς
514 5807 811 5882 φαντασίας
851 5805 1015 5862 ἀΰλου
1036 5805 1107 5877 ,ἐν
1140 5802 1411 5874 πνεύματι
1444 5797 1720 5872 γνώσεως.

1842 1955 2069 2013 statum,
2094 1944 2416 2016 ignorantia:
2438 1950 2492 1998 et
2517 1940 2790 2012 superbia:
2815 1939 3147 2010 Oppositum,
3176 1935 3319 2007 quod
3344 1944 3429 1990 est

1844 2040 2168 2113 prudentia:
2216 2040 2334 2094 hinc
2362 2037 2509 2093 enim
2538 2036 2789 2093 stultitia:
2839 2034 3163 2105 opponitur,
3212 2030 3340 2101 quia
3372 2030 3427 2084 in

1844 2135 2003 2190 nobis
2031 2131 2411 2202 temporalium
2431 2136 2828 2199 contemptum,
2858 2135 2911 2182 et
2937 2134 3261 2181 aeternorum
3286 2120 3429 2175 desi-

1845 2227 2057 2282 derium
2098 2225 2334 2288 excitat;
2400 2222 2695 2292 superbiae,
2754 2218 2880 2291 quia
2915 2217 2984 2273 de
3020 2214 3237 2286 propria
3271 2211 3407 2282 fragi

1846 2321 1999 2376 litate
2031 2333 2136 2374 nos
2164 2318 2405 2373 instruit.

1919 2502 2089 2559 Vsus.
2119 2503 2202 2557 li.
2228 2499 2421 2554 Melior
2445 2504 2521 2552 est
2564 2493 2850 2564 (requisitio
2907 2490 3042 2558 ejus,
3097 2485 3215 2540 auri
3255 2493 3303 2538 et
3342 2499 3433 2537 ar-

1849 2595 1992 2667 genti
2025 2594 2312 2648 thesauris.
2347 2589 2485 2644 Cum
2520 2586 2717 2642 melius
2769 2583 2840 2638 sit
2884 2578 3205 2649 sapientiam
3231 2585 3282 2628 et
3310 2587 3437 2643 pru-

1852 2688 2095 2745 dentiam
2140 2701 2244 2741 nos
2272 2683 2556 2753 emptione
2584 2676 2894 2748 acquirere,
2935 2687 3036 2741 per
3055 2685 3118 2725 ea
3142 2681 3264 2739 quae
3301 2679 3438 2735 pene

1853 2796 1955 2836 nos
1984 2786 2132 2840 sunt,
2177 2773 2436 2846 patientia
2490 2774 2546 2825 in
2607 2763 3023 2824 tentationibus,
3076 2768 3129 2815 et
3201 2754 3440 2828 puritate

1854 2874 1977 2929 vita:
2033 2869 2288 2941 (delectat
2334 2864 2479 2921 enim
2518 2876 2619 2916 nos
2643 2860 2697 2914 in
2722 2857 2940 2912 camino
2978 2867 3168 2907 aurum
3198 2866 3304 2903 non
3334 2847 3439 2902 mi-

1856 2965 1973 3030 nui,
2007 2940 2056 3016 et
2094 2959 2299 3028 fulgere
2330 2948 2664 3024 argentum),
2702 2963 2864 3019 quam
2893 2942 3095 2999 multos
3122 2940 3238 2994 auri
3269 2946 3321 2993 ct
3351 2953 3440 2990 ar-

1859 3056 2010 3129 genti
2051 3055 2344 3109 thesauros
2387 3057 2733 3117 comparare.

1936 3229 2215 3289 Vﬁnsdii.
2246 3225 2545 3281 Pretiosior
2586 3232 2665 3276 est
2720 3212 3114 3289 pretiosissimis
3159 3205 3443 3278 lapidibus.

1867 3326 1958 3380 Illa
1990 3321 2281 3395 pretiosior
2303 3324 2387 3373 est
2414 3313 2686 3385 lapidibus
2700 3302 3114 3381 pretiosissimis
3137 3299 3219 3366 ;iu
3252 3298 3445 3351 horum

1868 3415 2014 3471 enim
2048 3407 2441 3482 negotiatione,
2474 3384 2741 3472 tanquam
2792 3397 3011 3454 caducm
3044 3388 3305 3450 materire,
3337 3384 3449 3438 sol-

1872 3510 2020 3563 vitur
2069 3505 2299 3559 multum
2347 3512 2539 3553 aurum
2598 3494 2682 3549 vel
2756 3497 3064 3561 argentum,
3128 3496 3249 3553 qua
3322 3482 3451 3534 sunt

1872 3599 2153 3673 aequaliter
2176 3578 2302 3650 vilis
2324 3592 2577 3656 materia,
2606 3589 2663 3641 in
2703 3582 3076 3651 negotiatione
3118 3582 3297 3630 autem
3322 3585 3451 3641 pru-

1874 3690 2097 3753 dentiae,
2123 3701 2223 3742 nos
2251 3682 2356 3754 ipsi
2380 3678 2840 3752 pretiosissimam
2901 3679 2957 3727 et
2996 3666 3319 3722 familiarem
3354 3658 3449 3714 Dei

1876 3782 2220 3855 acquirimus
2245 3775 2680 3849 possessionem.

1950 3845 2073 3931 Non
2113 3845 2316 3928 resislit
2364 3870 2412 3923 ei
2455 3866 2625 3920 ullum
2681 3860 2906 3916 malum.
2964 3856 3087 3909 Non
3140 3850 3343 3907 resistit
3374 3845 3454 3901 illi

1877 3973 1985 4027 ulla
2020 3966 2255 4024 malitia:
2286 3978 2409 4018 nam
2441 3958 2655 4029 fulgens
2676 3956 2730 4008 in
2768 3952 2925 4008 nobis
2956 3964 3050 4019 per
3084 3943 3368 4002 scientiam
3400 3947 3455 3995 et

1878 4067 2159 4125 virtutem,
2183 4070 2399 4113 omnem
2468 4047 2793 4122 ignorantiae
2847 4054 2903 4100 ct
2964 4039 3209 4104 malitirc,
3232 4036 3389 4104 longe
3424 4046 3453 4085 a

1880 4155 2038 4211 nobis
2070 4154 2314 4207 removet
2345 4142 2760 4201 obscuritatem.

1952 4242 2242 4313 Manifesta
2280 4245 2357 4293 est
2402 4232 2643 4289 omnibus
2682 4229 2770 4301 qui
2805 4226 3020 4281 irritant
3064 4219 3239 4274 illam.
3276 4211 3461 4269 Facile

1879 4333 2336 4411 apprehenditur,
2369 4328 2437 4382 ab
2491 4325 2558 4379 iis
2594 4322 2687 4393 qui
2739 4333 2859 4374 eam
2909 4313 3111 4369 imitari
3148 4314 3458 4368 conantur;

1881 4399 2317 4495 ult-archetypus
2368 4415 2660 4480 aestimata,
2707 4412 2764 4467 in
2816 4404 3050 4465 diversis
3088 4399 3362 4470 imaginis,
3406 4400 3464 4453 et

1806 4531 1853 4591 D
1881 4516 2261 4577 similitudinis
2293 4509 2493 4568 modis.

1955 4613 2122 4668 Omne
2150 4606 2373 4678 pretium
2403 4618 2508 4657 non
2534 4606 2612 4653 est
2643 4595 2741 4649 illa
2771 4592 3013 4663 dignum.
3040 4584 3186 4640 Nihil
3215 4595 3405 4639 eorum
3430 4592 3463 4635 θ

1881 4706 2042 4762 nobis
2083 4710 2144 4756 ut
2196 4693 2747 4769 pretiosissimorum,
2781 4682 3245 4739 existimaturum,
3280 4680 3462 4745 potem

1882 4799 1958 4855 illi
1991 4790 2330 4862 comparari;
2360 4785 2491 4856 quia
2520 4789 2603 4836 est
2628 4776 2872 4834 essentia
2898 4771 3158 4830 omnibus
3185 4765 3463 4838 superior,

1884 4889 1986 4945 etsi
2033 4858 2215 4941 sit-in
2264 4878 2522 4936 omnibus
2565 4873 2790 4926 virtute.
2843 4865 3053 4922 Idcirco
3094 4878 3189 4934 per
3232 4858 3466 4933 gratiam

1886 4978 1963 5035 illi
1992 4972 2416 5046 participamus,
2444 4964 2580 5021 nihil
2608 4978 2672 5019 ea
2698 4960 2922 5030 dignum
2953 4955 3356 5013 existimantes.

1962 5152 2129 5206 Vens.
2180 5148 2267 5202 lli.
2320 5140 2617 5213 Longitudo
2673 5138 2914 5200 dierum,
2969 5143 3016 5189 et
3068 5130 3195 5185 anni
3245 5129 3369 5183 vita:
3412 5126 3467 5181 in

1890 5246 2109 5300 dextera
2157 5238 2293 5309 ejus.
2348 5233 2622 5290 Perfectio
2669 5230 2792 5300 ejus
2844 5228 2898 5280 in
2942 5224 3165 5289 virtute,
3206 5226 3468 5289 tanquam

1893 5337 1947 5390 in
1984 5308 2233 5395 dextera,
2264 5341 2374 5397 qua
2420 5332 2503 5380 est
2541 5321 2853 5397 divinorum
2898 5313 3151 5377 scientia,
3182 5318 3268 5367 est
3301 5308 3473 5364 subli-

1895 5428 2053 5482 mitas
2088 5424 2214 5477 vita:
2247 5420 2402 5474 bona:
2434 5412 2736 5471 secundum
2791 5410 2963 5477 legem
3015 5404 3378 5476 spiritualem,
3412 5404 3473 5453 ut

1895 5517 2198 5581 sanctitas,
2271 5510 2544 5583 justitiam
2613 5504 2746 5575 legis
2822 5500 3091 5555 naturalis
3142 5504 3198 5553 ct
3255 5494 3473 5564 scripta:

1896 5608 2292 5667 trauscendens
2345 5610 2400 5658 et
2454 5612 2713 5656 mensura
2772 5595 2933 5647 annis
2979 5604 3132 5662 purae
3173 5586 3470 5644 visibilium

1900 5696 2399 5772 contemplationis,
2430 5687 2786 5750 intellectuali
2816 5684 3153 5757 cognitione.
