4034 6554
550 377 686 446 1ἒ47

550 596 675 665 ejus
709 595 763 649 in
793 595 1000 651 virtute
1038 602 1299 665 tanquam
1334 595 1390 648 in
1420 594 1672 660 sinistra,
1704 609 1827 665 quae
1859 595 2129 648 humano-

554 704 679 744 rum
721 687 952 745 scientia
994 689 1340 758 intelligitur,
1374 696 1459 744 est
1494 685 1829 743 abundantia
1860 686 2129 743 virtutum

552 795 853 836 secundum
911 780 1085 850 legem
1142 781 1449 837 naturalem
1505 788 1561 837 et
1610 780 1895 851 scriptam,
1932 788 1988 837 et
2043 779 2130 850 pia

550 870 864 927 divinornm
891 871 1250 941 iudiciorum,
1271 872 1516 927 naturali
1558 872 1914 928 meditatione
1943 870 2132 940 acqui-

552 964 659 1016 sita
710 962 987 1033 cognitio,
1043 962 1259 1020 scilicet
1308 978 1435 1019 vera
1489 965 1545 1019 in
1599 964 1767 1020 rebus
1824 962 2132 1019 visibilibus

551 1051 749 1121 gloria.

625 1142 710 1196 Ea:
741 1161 830 1198 ore
867 1144 982 1213 ejus
1006 1144 1243 1212 procedit
1268 1145 1517 1215 justitia;
1552 1144 1714 1216 legem
1742 1153 1791 1200 et
1827 1144 2130 1201 misericor-

551 1233 700 1288 diam
730 1236 783 1289 in
817 1236 1002 1305 lingua
1030 1245 1232 1305 portat.
1258 1236 1326 1291 Et
1353 1254 1420 1293 ex
1450 1237 1743 1293 verissima
1772 1236 1892 1307 ejus
1925 1236 2135 1292 doctri-

556 1340 647 1385 na,
681 1333 940 1396 tauquam
973 1341 1038 1383 ex
1080 1328 1267 1397 aliquo
1291 1343 1409 1396 ore,
1446 1328 1695 1398 procedit
1731 1330 1920 1399 regula
1957 1328 2131 1382 virtu-

556 1424 709 1482 tum;
751 1432 875 1487 qua}
916 1428 1028 1474 tres
1056 1418 1255 1473 anima:
1294 1418 1568 1487 potentias
1604 1425 1807 1483 servat,
1850 1425 1909 1472 ut
1938 1417 2005 1471 ad
2035 1433 2134 1473 cu-

556 1508 815 1577 piditates
861 1526 983 1581 qua:
1025 1526 1091 1567 ex
1143 1509 1360 1566 delectu
1399 1510 1485 1565 vel
1520 1525 1588 1566 ex
1634 1524 1864 1567 excessu
1910 1511 2136 1567 virtutis

555 1599 832 1667 oriuntur,
883 1616 994 1655 non
1048 1602 1384 1657 inclinentur
1433 1624 1443 1657 :
1486 1618 1704 1657 omnem
1763 1602 1894 1657 mali
1951 1605 2137 1674 operis

558 1693 965 1759 remotionem,
1015 1702 1070 1749 et
1128 1695 1387 1764 pietatem
1444 1710 1575 1766 erga
1636 1711 1827 1751 omnes
1884 1696 2137 1753 homines

558 1783 717 1838 alie-rt
757 1785 1039 1853 sapientia:
1077 1801 1262 1841 sermo
1300 1786 1664 1853 doctrinalis;
1701 1786 1863 1857 quasi
1902 1790 2136 1857 quadam

559 1873 768 1944 lingua,
804 1877 946 1930 vitas
980 1876 1264 1931 hominum
1297 1876 1363 1932 ad
1396 1877 1653 1932 virtutem
1677 1878 1918 1935 ordinat.

632 2049 800 2107 Vens.
837 2053 923 2107 l7.
967 2051 1079 2107 Viw
1119 2053 1259 2122 ejus,
1296 2055 1393 2109 via:
1420 2055 1674 2124 pulchraz.
1710 2056 1942 2127 Optima:
1966 2058 2142 2114 virtu-

560 2141 633 2195 tis
666 2141 1021 2213 scientiaeque
1060 2144 1231 2215 leges,
1260 2156 1313 2201 et
1342 2146 1618 2218 dogmata,
1650 2147 1705 2202 in
1734 2148 1935 2218 quibus
1982 2150 2140 2220 quasi

562 2232 615 2285 in
659 2233 762 2289 viis
794 2234 1157 2292 deambulans
1194 2238 1489 2306 sapientia,
1524 2238 1579 2292 in
1614 2254 1947 2310 unoquoque
1992 2241 2141 2297 salu-

562 2322 633 2380 tis
676 2338 901 2378 cursum
953 2334 1233 2395 operatur,
1287 2330 1445 2384 facile
1484 2330 1553 2385 ab
1590 2329 1659 2385 iis
1697 2330 2012 2400 implentur,
2048 2335 2141 2401 qui

560 2418 643 2472 eis
672 2417 1011 2473 conformem
1043 2430 1213 2491 agunt
1247 2421 1436 2478 vitam.

638 2512 832 2563 Omnes
862 2512 1064 2567 semita:
1095 2511 1207 2581 ejus
1240 2514 1498 2582 paciﬁcw.
1531 2513 1595 2568 Et
1620 2515 1826 2582 gradus
1855 2515 2142 2581 virtutum,

562 2602 767 2673 quibus
814 2604 1023 2673 optime
1074 2605 1145 2661 ad
1206 2607 1439 2662 salutem
1496 2607 1648 2664 ducit
1701 2609 1829 2665 illos
1876 2610 1971 2681 qui
2023 2626 2143 2666 eam

564 2704 899 2762 sequuntur,
950 2710 1075 2749 eum
1137 2697 1288 2761 omni
1350 2698 1712 2768 cupiditatum
1775 2701 2147 2759 destructione

568 2784 954 2855 producuntur
1003 2786 1058 2842 in
1112 2788 1203 2851 iis,
1240 2789 1332 2857 qui
1384 2805 1486 2845 nec
1532 2791 1603 2847 ob
1651 2792 1904 2862 gloriam,
1939 2810 2037 2849 nec
2077 2796 2147 2852 ob

569 2870 697 2928 aliis
749 2872 998 2943 placendi
1046 2874 1379 2931 desiderium
1426 2889 1480 2935 et
1524 2882 1861 2950 superbiam,
1888 2882 2146 2939 virtutem

566 2964 654 3019 vel
715 2965 1031 3020 divinorum
1095 2968 1479 3024 mandatorum
1545 2971 1955 3030 meditationem
2021 2990 2147 3046 pcr-

568 3069 898 3126 sequuntur.

642 3152 813 3208 Vens.
865 3154 949 3208 18.
1006 3153 1234 3225 Lignum
1282 3157 1407 3212 vita:
1443 3158 1685 3214 omnibus
1730 3162 1821 3230 qui
1865 3162 2149 3229 apprelten-
2176 3198 2219 3257 Ο

569 3248 747 3305 derint
782 3268 924 3317 eam,
955 3262 1007 3306 et
1054 3254 1119 3307 iis
1153 3253 1243 3323 qui
1287 3270 1445 3323 super
1493 3271 1632 3320 eam,
1683 3263 1741 3308 ut
1790 3256 1845 3309 in
1891 3255 2061 3311 Deum
2093 3275 2149 3311 se

570 3346 934 3415 ﬁrmaverint,
990 3345 1281 3403 beatitudo.
1333 3347 1567 3418 Lignum
1597 3388 1611 3413 ,
1666 3349 1975 3420 spiritualis
2026 3352 2150 3407 vilte

576 3440 814 3491 l'ructum
869 3436 1078 3498 ferens.
1109 3448 1198 3493 est
1250 3439 1304 3493 in
1351 3439 1610 3495 omnibus
1639 3441 1733 3510 qui
1763 3455 1857 3509 per
1894 3441 2149 3498 allectum

576 3529 646 3584 ad
697 3544 817 3583 eam
867 3529 1137 3598 aspiraut,
1168 3537 1224 3585 et
1272 3529 1398 3585 illos
1448 3530 1543 3599 qui
1594 3530 1649 3584 in
1698 3546 1784 3597 ea,
1817 3547 1915 3602 per
1966 3532 2150 3600 ﬁdem,

577 3629 841 3691 tanquam
896 3621 950 3675 in
1004 3621 1366 3690 omnipotenti
1424 3621 1520 3677 Dei
1569 3636 1825 3679 sermone
1877 3623 2151 3692 nituntur,

575 3716 646 3776 ab
672 3714 818 3769 omni
849 3714 992 3769 malo
1020 3714 1283 3770 custodit.

648 3826 817 3883 Vens.
851 3829 938 3892 l9.
967 3826 1058 3885 ΞΟ.
1093 3829 1349 3884 Dominus
1375 3830 1636 3900 sapientia
1660 3833 1904 3901 [undavit
1928 3844 2154 3902 terram;

576 3922 865 3995 prudentia
897 3923 1156 3976 stabilivit
1191 3924 1378 3978 cmlum
1411 3940 1429 3978 :
1460 3925 1723 3994 sapientia
1771 3928 1920 3983 illius
1967 3946 2155 4000 erupe-

580 4028 703 4071 runt
724 4018 941 4088 abyssi;
991 4027 1041 4072 et
1091 4018 1249 4073 nubes
1295 4019 1507 4074 stillant
1551 4036 1745 4077 rorem.
1781 4022 1917 4077 Cum
1959 4040 2155 4095 supra-

582 4111 749 4165 dictis
788 4111 1070 4180 sapientire
1107 4111 1409 4177 beneﬁciis,
1442 4111 1558 4183 ipse
1592 4112 1733 4168 Deus
1773 4122 1827 4169 et
1854 4113 2039 4184 Pater,
2073 4131 2159 4170 sa-

583 4202 825 4274 pientia,
876 4202 1035 4273 quasi
1083 4218 1182 4258 sua
1237 4219 1333 4274 per
1387 4220 1445 4259 se
1491 4206 1829 4263 subsistente
1889 4216 2160 4277 potestate

585 4292 953 4347 consolidavit
1002 4292 1203 4349 siccam
1250 4303 1451 4350 terram
1496 4312 1664 4366 super
1694 4308 1946 4352 naturam
1979 4298 2156 4356 ﬂuen-

585 4385 719 4437 tium
757 4399 1023 4454 aquarum
1063 4403 1077 4441 ;
1113 4388 1335 4457 praprio
1375 4388 1609 4443 consilio
1643 4390 1815 4443 caelos
1851 4390 2096 4445 extendit
2142 4408 2155 4443 :

584 4490 640 4533 et
676 4479 781 4533 sub
823 4478 1164 4534 firmamento
1188 4486 1241 4533 et
1271 4494 1435 4549 super
1483 4479 1885 4536 firmamentum
1926 4498 2028 4538 suo
2073 4484 2162 4555 ju—

1845 376 2200 441 PROCOPII
2236 376 2483 437 GAZ/EI

619 500 689 556 Et
731 502 787 555 in
824 501 1047 556 sinistra
1081 502 1197 571 ejus
1238 500 1438 556 divitia:
1465 508 1513 556 et
1538 500 1731 571 gloria.
1779 499 2124 569 lmperl‘ectio
2153 502 2202 560 Α

3676 369 3819 434 1248

2315 497 2418 552 Ἐν
2454 496 2523 551 δὲ
2550 496 2623 566 τῇ
2660 494 2945 566 ἀριστερᾷ
2981 495 3174 564 αὐτῆς
3209 494 3473 559 πλοῦτος
3510 493 3605 547 καὶ
3636 492 3813 557 δόξα.

2232 593 2392 665 Παρά
2429 594 2485 647 δὲ
2516 594 2583 664 τῇ
2626 592 2701 657 ὡς
2734 593 3024 663 ἀριστερᾷ,
3059 591 3389 663 ἀτελεστέρα
3414 590 3623 659 ταύτης
3656 586 3817 655 ἐνέρ-

2230 701 2394 753 γεια,
2446 684 2572 755 ἥτις
2634 683 2786 737 ἐστὶν
2840 684 2875 754 ἡ
2930 682 3042 737 τῶν
3093 682 3455 754 ἀνθρωπίνων
3506 682 3816 750 ἐπιστήμη,

2233 779 2469 849 ὑπάρχει
2498 778 2527 831 ὃ
2554 794 2615 832 τε
2647 776 2791 831 κατὰ
2822 776 2915 830 τὸν
2942 776 3175 846 φυσικὸν
3203 776 3297 829 καί⁵
3327 775 3429 853 τὸν⁴
3450 773 3698 845 γραπτὸν
3729 774 3821 826 νό-

2236 886 2335 941 μον
2371 868 2599 933 πλοῦτος
2621 869 2735 923 τῶν
2767 868 3005 939 ἀρετῶν,
3051 870 3148 924 καὶ
3181 870 3215 939 ἡ
3246 867 3391 922 κατά
3434 866 3535 937 τὴν
3572 866 3821 936 φυσικὴν

2234 961 2469 1032 Θεωρίαν
2499 961 2731 1030 εὐσεϐὴς
2760 960 2871 1014 τῶν
2911 960 3074 1014 θείων
3118 960 3408 1030 χριμάτων
3451 957 3744 1028 ἀνάληψις,
3783 959 3819 1027 ἡ

2232 1053 2444 1125 ἀληθὴς
2469 1053 2673 1125 δηλαδὴ
2704 1054 2833 1125 περὶ
2865 1053 3077 1125 όρατῶν
3101 1038 3257 1118 δόξαῖ

2317 1145 2413 1199 Ἕκ
2440 1144 2547 1199 τοῦ
2595 1146 2897 1214 στόματος
2932 1143 3125 1212 αὐτῆς
3163 1145 3551 1212 ἐκπορεύεται
3589 1144 3820 1197 δικαιο-

2234 1237 2395 1303 σύνη
2415 1251 2430 1267 ·
2460 1238 2652 1307 νόμον
2681 1236 2751 1290 δὲ
2799 1236 2923 1295 xal’
2948 1236 3131 1291 ἔλεον
3160 1235 3262 1291 ἐπὶ
3300 1236 3586 1305 γλώσσης
3623 1235 3820 1305 φορεῖ.

2235 1330 2346 1383 Καὶ
2380 1331 2443 1383 ἐκ
2480 1331 2582 1402 τῆς
2618 1329 2996 1401 ἀληθεστάτης
3024 1328 3378 1391 διδασκαλίας
3413 1330 3607 1397 αὐτῆς,
3638 1328 3716 1392 ὡς
3754 1328 3824 1380 ὲκ

2238 1418 2528 1486 στόματος,
2555 1420 2773 1490 πρόεισι
2794 1418 2978 1473 κανὼν
3008 1419 3210 1491 ἀρετῆς
3228 1435 3244 1450 ·
3267 1419 3454 1490 τηρῶν
3478 1418 3826 1488 άπαρέγκλιο

2237 1523 2351 1571 τον,
2380 1508 2522 1578 πρός
2553 1526 2613 1561 τε
2666 1510 2735 1563 τὰ
2772 1509 2898 1565 κατ’
2932 1508 3176 1578 ἔλλειψιν
3212 1509 3421 1579 ταύτης
3449 1509 3542 1563 καὶ
3581 1509 3651 1563 τά
3693 1507 3825 1562 καθ’

2238 1598 2553 1671 ὑπερϐολὴν
2580 1600 2752 1672 πάθη,
2789 1601 2853 1655 τὸ
2885 1601 3151 1673 τριμερὲς
3182 1601 3283 1671 τῆς
3316 1600 3528 1671 ψυχῆς
3577 1602 3825 1669 ἀποτρο-

2239 1689 2351 1759 πὴν
2381 1689 2439 1743 δὲ
2476 1691 2681 1756 παντὸς
2704 1693 2945 1763 πονηροῦ
2972 1693 3321 1764 πράγματος,
3344 1693 3439 1746 καὶ
3469 1693 3828 1763 συμπάθειαν

2241 1779 2380 1852 πρὸς
2409 1782 2618 1847 πάντας
2651 1784 2996 1856 ἀνθρώπους,
3045 1784 3443 1855 περιϐέϐληται
3474 1785 3645 1850 αὐτὸς
3679 1787 3707 1839 ὁ
3741 1786 3826 1837 δι-

2169 1855 2215 1914 B
2240 1872 2571 1935 δασκαλικὺς
2606 1872 2767 1942 λόγος
2807 1874 3011 1942 αὐτῆς’
3048 1867 3206 1942 ᾧτινι
3242 1866 3332 1930 οἷα
3361 1872 3599 1944 γλώττῃ,
3627 1871 3830 1943 suam-

2243 1962 2327 2025 ζει
2360 1962 2497 2034 πρὸς
2522 1963 2728 2035 ἀρετὴν
2762 1962 2855 2016 τὸν
2879 1962 3221 2035 ἀνθρώπινον
3245 1962 3381 2033 βίον.

2319 2053 2403 2118 ιζ’.
2433 2056 2501 2108 Al
2526 2053 2652 2108 ὁδοὶ
2679 2054 2888 2124 αὐτῆς,
2916 2055 3043 2110 ὁδοὶ
3068 2058 3268 2115 καλαί.
3295 2057 3360 2111 Oi
3380 2054 3438 2109 δὲ
3467 2054 3588 2109 κατ’
3618 2054 3834 2123 ἀρετήν

2244 2164 2302 2199 τε
2334 2147 2427 2201 καὶ
2458 2146 2663 2217 γνῶσιν
2694 2147 2944 2220 διάφοροι
2979 2148 3194 2211 θεσμοὶ,
3218 2149 3312 2207 καὶ
3340 2148 3413 2203 τὰ
3441 2149 3714 2218 δόγματα.
3746 2141 3836 2207 οἷς

2244 2238 2382 2310 αὕτη
2413 2237 2490 2303 ὥς
2517 2256 2660 2294 τισιν
2692 2239 2832 2304 ὁδοῖς
2867 2224 3365 2313 ἐμπεριπατοῦσα,
3390 2242 3483 2295 τὸν
3518 2244 3579 2294 ὲν
3606 2242 3837 2309 ἑκάστῳ

2245 2334 2481 2386 ποιεῖται
2527 2330 2630 2401 τῆς
2676 2332 2953 2405 σωτηρίας
2992 2332 3237 2403 δρόμον,
3289 2334 3509 2406 εὐμαρῆ
3554 2335 3663 2387 εἱσι
3708 2334 3837 2397 τοῖς

2246 2422 2389 2477 κατά
2410 2421 2587 2476 ταῦτα
2618 2421 2719 2493 τὴν
2748 2422 2955 2476 οἰκείαν
2974 2422 3413 2495 διεξερχομένοις
3446 2422 3617 2494 ζωήν.

2316 2516 2427 2569 Καὶ
2479 2514 2668 2572 πᾶσαι
2705 2518 2767 2570 al
2803 2516 2991 2584 τρίϐοι
3026 2515 3219 2584 αὐτῆς
3253 2516 3383 2586 μετ’
3419 2517 3685 2585 είρήνιης.
3714 2516 3839 2569 Καὶ

2246 2610 2296 2663 oi
2319 2608 2512 2679 τρόποι
2539 2609 2648 2663 τῶν
2671 2609 2907 2680 ἀρετῶν,
2931 2602 3015 2673 οἷς
3038 2609 3314 2681 διαφόρως
3335 2609 3459 2679 ἄγει
3487 2610 3627 2682 πρὸς
3650 2625 3841 2678 σωτη-

2250 2702 2374 2774 ρίαν
2396 2703 2524 2765 τοὺς
2555 2702 2861 2772 ἑπομένους
2889 2701 3051 2772 αὐτῇ,
3081 2700 3435 2771 ὲνεργοῦνται
3470 2701 3609 2773 μετά
3642 2702 3840 2769 πάσης

2248 2795 2575 2866 ἀπαλλαγῆς
2613 2795 2803 2849 παθῶν
2864 2795 3018 2864 παρὰ
3077 2794 3316 2848 τούτων’
3369 2795 3446 2860 ὡς
3482 2795 3621 2867 μήτε
3668 2792 3841 2863 δόξης

2249 2890 2459 2955 ἕνεκεν,
2504 2891 2642 2962 μήτε
2707 2892 2870 2961 χάριν
2914 2889 3439 2961 ἀνθρωπαρεσκείας
3490 2892 3586 2945 καὶ
3622 2888 3845 2942 ἐπιδεί-

2252 2983 2406 3049 ξεως,
2442 2984 2543 3054 τὴν
2578 2985 2779 3058 ἀρετὴν
2809 2984 2843 3057 ἢ
2879 2982 2978 3056 τὴν
3029 2983 3269 3056 μελέτην
3316 2984 3427 3040 τῶν
3454 2983 3615 3037 θείων
3652 2981 3850 3051 λόγων

2255 3073 2698 3145 μετερχομένων.

2327 3171 2417 3234 ιη’.
2466 3165 2668 3218 Ξύλον
2705 3165 2857 3233 ζωῆς
2899 3166 3033 3221 ἐστι
3070 3165 3221 3222 πᾶσι
3256 3164 3381 3233 τοῖς
3414 3163 3853 3235 ἀντεχομένοις

2256 3254 2464 3323 αὐτῆς,
2494 3257 2738 3324 καὶτοῖς
2759 3259 3232 3330 ἐπερειδομένοις
3258 3258 3352 3313 ἐπ’
3377 3258 3591 3325 αὐτὴν,
3625 3259 3705 3323 ὠς
3736 3256 3853 3311 ἐπὶ

2258 3349 2500 3415 Κύριον,
2548 3348 2858 3418 ἀσφαλής.
2894 3350 3066 3403 Φυτὸν
3117 3351 3227 3421 γάρ
3270 3351 3388 3403 ἐστι
3448 3346 3855 3418 καρποφοροῦν

2257 3437 2354 3509 τὴν
2418 3440 2477 3493 έν
2528 3439 2801 3511 πνεύματι
2840 3440 3007 3512 ζωὴν,
3066 3442 3239 3496 ἅπασι
3271 3443 3385 3505 τοῖς
3424 3440 3565 3494 κατὰ
3598 3439 3855 3493 διάθεσιν

2258 3532 2734 3604 ἀντιποιουμένοις
2788 3534 2984 3605 αὐτῆς,
3042 3536 3137 3588 καὶ
3184 3535 3299 3597 τοῖς
3338 3534 3433 3587 ἐπὶ
3492 3533 3668 3605 ταύτῃ
3694 3532 3854 3584 κατά

2261 3625 2447 3679 πίστιν
2485 3626 2934 3698 ὲστηριγμένοις,
2990 3625 3067 3689 ὡς
3118 3625 3213 3678 ἐπὶ
3272 3624 3678 3695 παντοκράτορι
3716 3621 3853 3693 Θεῷ

2264 3715 2448 3787 Λόγῳ,
2480 3715 2794 3787 φυλακτικὴ
2831 3716 2939 3769 ἀπὸ
2981 3716 3181 3779 παντὸς
3211 3715 3451 3785 ὑπάρχει
3481 3712 3679 3769 κακοῦ.

2338 3828 2424 3892 ιϐ’,
2455 3834 2523 3885 κ’.
2565 3828 2627 3882 '0
2660 3830 2823 3894 Θεὸς,
2848 3827 2922 3897 τῇ
2948 3829 3136 3897 σοφίᾳ
3162 3827 3520 3897 ἐθεμελίωσε
3548 3825 3664 3893 τὴν
3688 3822 3817 3893 γῆν
3836 3840 3849 3854 ’

2265 3922 2556 3991 ἡτοίμασε
2596 3922 2665 3975 δὲ
2692 3921 2955 3991 οὐρανὸι⁴
2990 3921 3060 3975 ἐν
3093 3920 3388 3991 φρονήσει
3410 3936 3424 3950 ·
3454 3919 3525 3973 ἐν
3559 3917 3852 3984 αἰσθήσει

2264 4013 2455 4069 αὐτοῦ
2500 4014 2763 4070 ἄϐυσσοι
2806 4013 3170 4086 ἐρρἁγησαν,
3212 4015 3365 4083 νέφη
3403 4012 3473 4066 δὲ
3497 4011 3677 4081 ἐρρύη
3702 4010 3851 4077 6120'-

2267 4120 2408 4160 σον.
2447 4105 2605 4160 Μετά
2648 4107 2869 4161 πάντων
2913 4106 2969 4159 δὲ
3016 4107 3125 4159 τῶν
3170 4106 3480 4177 εἰρημένων
3505 4103 3605 4174 τῆς
3650 4104 3852 4172 casia;

2268 4196 2741 4267 κατορθωμάτων,
2772 4197 2865 4253 καὶ
2899 4198 3064 4261 αὐτὸς
3088 4198 3116 4249 ὁ
3138 4198 3272 4260 Θεὸς
3303 4198 3398 4251 καὶ
3426 4196 3638 4267 Πατὴρ,
3670 4195 3855 4267 ταύτῃ

2268 4289 2344 4352 ὡς
2407 4289 2759 4361 ἑνυποστάτῳ
2817 4290 3045 4361 δυνάμει
3096 4288 3262 4344 αὐτοῦ
3317 4287 3557 4359 ἐπήξατο
3608 4288 3700 4341 ἐπὶ
3748 4292 3852 4357 τῆς

2270 4380 2441 4451 ῥυτῆς
2474 4381 2585 4434 τῶν
2634 4381 2845 4435 ὑδάτων
2886 4381 3105 4452 φύσεως
3139 4381 3237 4452 τὴν
3288 4379 3461 4451 ξηρὰν
3504 4379 3642 4450 γῆνο
3693 4398 3853 4450 παρ-

2270 4472 2450 4541 ήγαγε
2507 4471 2563 4525 δὲ
2610 4473 2876 4545 οὐρανοὺς
2905 4475 2971 4544 τῇ
3031 4472 3136 4544 ἰδίᾳ
3167 4472 3367 4542 βουλῇ’
3401 4471 3499 4526 καὶ
3541 4472 3609 4542 τῇ
3667 4474 3854 4542 κρίσει

588 4569 735 4626 dicio
764 4584 918 4639 aqua:
947 4579 1074 4624 sunt
1102 4569 1293 4626 divisae
1319 4587 1332 4626 :
1358 4579 1413 4625 et
1441 4571 1642 4642 pluviis
1672 4581 1876 4628 terram
1906 4574 2150 4647 irrigare,

2270 4564 2434 4621 αὐτοῦ
2470 4564 2697 4638 διῃρέθη
2728 4562 2798 4618 τά
2839 4564 3009 4619 ὕδατα
3037 4562 3150 4617 ἄνω
3184 4564 3278 4616 καὶ
3307 4563 3458 4616 κάτω
3490 4562 3587 4616 τοῦ
3616 4564 3854 4629 στερεώ-

589 4661 762 4727 nubcs
793 4661 1205 4719 mandaverunt.

666 4860 826 4917 Vens.
862 4862 951 4917 21.
990 4861 1121 4929 Fili,
1155 4880 1217 4918 ne
1245 4864 1497 4935 cﬂluaris.
1531 4865 1765 4934 Idcirco,
1798 4864 1895 4932 ﬁli,
1925 4867 2019 4939 qui
2053 4868 2164 4924 scis

590 4958 773 5012 onmia
818 4955 987 5009 verbo
1028 4954 1118 5011 Dei
1170 4956 1493 5022 subsistere,
1536 4972 1604 5013 ne
1644 4973 1741 5028 per
1784 4968 2164 5015 creaturarum

590 5048 1052 5123 pulchritudinem
1077 5058 1130 5104 et
1154 5050 1546 5105 sublimitatem
1569 5052 1849 5115 exciteris,
1870 5052 1936 5107 ad
1962 5053 2084 5108 illas
2110 5054 2164 5108 in

592 5142 726 5200 deos
761 5142 1131 5211 accipiendas,
1164 5150 1219 5197 et
1252 5142 1317 5196 ad
1353 5142 1548 5211 Deum,
1584 5143 1831 5200 omnium
1861 5153 2163 5202 creatorem

593 5251 701 5303 non
733 5235 1200 5313 cognoscendum.

666 5347 900 5403 Observa
954 5364 1124 5402 meum
1177 5348 1481 5416 consilium,
1515 5358 1563 5404 et
1604 5350 1899 5407 scientiam.
1936 5350 2166 5409 Custodi

597 5444 651 5498 in
703 5441 861 5512 prati
910 5457 1091 5497 meum
1142 5442 1475 5507 consilium,
1526 5442 1776 5498 facienda
1821 5443 1917 5497 tibi
1970 5458 2168 5513 propo-

595 5551 755 5603 nens,
802 5542 857 5590 et
910 5535 965 5589 in
1019 5533 1230 5592 theoria
1282 5534 1427 5606 piam
1478 5550 1605 5606 erga
1659 5534 1824 5591 Deum
1861 5535 2167 5606 intelligen—

598 5628 752 5687 tiam.

666 5742 832 5797 Vens.
864 5742 955 5795 22.
998 5738 1065 5796 Ut
1114 5741 1251 5794 vivat
1297 5742 1480 5794 anima
1521 5749 1632 5797 tua.
1668 5739 1737 5796 Ut
1766 5748 1855 5795 tua
1893 5740 2072 5794 anima
2109 5739 2172 5793 li-

600 5834 785 5889 berata
828 5851 854 5889 a
897 5842 1071 5890 morte
1119 5849 1282 5904 quam
1332 5850 1423 5905 per
1472 5835 1833 5905 ignorantiam
1871 5834 1980 5890 veri
2019 5832 2168 5899 boni,

2276 4670 2479 4725 ματος’
2520 4654 2774 4727 ὐδρεύειν
2807 4654 2863 4708 δὲ
2894 4655 2992 4725 τὴν
3025 4654 3130 4725 γῆν
3158 4653 3298 4727 ὐετῷ
3332 4653 3401 4709 τὰ
3431 4655 3570 4726 νέφη
3613 4654 3849 4724 ἐτάχθη-

2276 4766 2395 4803 σαν.

2339 4859 2447 4914 κα⁰.
2478 4859 2591 4926 Υἱὲ,
2620 4859 2707 4929 μὴ
2748 4859 3119 4929 παραρῤυῇς.
3160 4860 3273 4925 Διὸ,
3308 4857 3520 4925 τέκνον,
3567 4858 3737 4929 μαθὸν
3760 4859 3849 4912 ὅτι

2271 4950 2350 5024 τῷ
2379 4951 2524 5023 λόγῳ
2552 4952 2759 5023 Κυρίου
2790 4951 3000 5021 ὑπέστη
3034 4952 3155 5004 τόδε
3193 4950 3255 5004 τὺ
3286 4952 3417 5015 πᾶν,
3451 4949 3528 5021 μὴ
3566 4967 3847 5020 παρατρα-

2272 5050 2382 5118 πῇς
2406 5046 2498 5100 διὰ
2521 5045 2616 5098 τοῦ
2642 5044 2906 5116 μεγέθους
2952 5046 3046 5098 καὶ
3070 5045 3168 5114 τῆς
3195 5043 3459 5114 καλλονῆς
3482 5041 3593 5095 τῶν
3618 5043 3846 5111 κτισμάο

2272 5156 2403 5204 των,
2442 5140 2524 5202 εἰς
2556 5138 2620 5191 τὸ
2642 5137 2820 5192 ταῦτα
2850 5137 3194 5207 θεοποιῆσαι,
3225 5136 3320 5193 καὶ
3344 5135 3435 5190 τὸν
3466 5134 3845 5206 γενεσιουργὸν

2274 5231 2493 5286 πάντων
2530 5228 2663 5284 Θεὸν
2696 5229 2986 5300 ἀγνοῆσαι.

2351 5346 2628 5414 Τήρησον
2664 5343 2733 5399 δὲ
2767 5343 2922 5414 ἐμὴν
2944 5342 3188 5410 βουλὴν
3212 5341 3310 5394 καὶ
3332 5338 3846 5406 ἔννοιαν.Φύλαξον

2272 5441 2330 5495 δὲ
2379 5439 2478 5511 τὴν
2510 5438 2650 5509 ἐμὴν
2699 5439 2757 5491 έν
2811 5435 2910 5507 μὲν
2959 5437 3073 5499 τοῖς
3105 5433 3407 5505 πρακτέοις
3439 5432 3757 5503 παραίνεσιν
3784 5429 3845 5481 τὸ

2273 5532 2391 5585 δέον
2442 5528 2846 5599 ὑποτιθεμένην
2885 5544 2991 5587 σοι,
3032 5528 3091 5581 ὲν
3135 5526 3192 5578 δὲ
3225 5528 3339 5589 τοῖς
3383 5524 3710 5596 θεωρητέοις
3744 5524 3844 5593 τὴν

2277 5622 2480 5692 εὐσεϐῆ
2510 5623 2640 5693 περὶ
2668 5619 2805 5674 Θεοῦ
2837 5620 3065 5673 ἔννοιαν.

2349 5738 2453 5809 κβκ
2507 5738 2631 5791 Ἵνα
2692 5734 2839 5802 ζήσῃ
2895 5734 2934 5801 ἡ
2981 5732 3152 5801 ψυχή
3212 5747 3349 5785 σου.
3395 5731 3585 5791 Ὅπως
3631 5726 3726 5796 τῆς
3776 5724 3844 5777 δι’

2282 5832 2503 5900 ἄγνοιαν
2544 5828 2635 5883 τοῦ
2673 5828 2839 5891 ὅντως
2872 5822 3034 5889 καλοῦ
3064 5825 3126 5877 ἐκ
3170 5822 3275 5876 τῶν
3320 5818 3507 5880 ποθῶν
3536 5817 3845 5891 νεκρὼσεως
