4034 6560
134 348 271 413 1249

1158 331 1701 399 CUMMENTARII
1740 328 1823 391 IN
1869 324 2330 393 PROVERBIA.

3247 323 3380 386 1'250

121 459 499 530 ἀπαλλαγείσά
534 476 628 512 σου
671 459 704 529 ἡ
739 456 911 528 ψυχὴ.
952 454 1051 525 τῆς
1084 454 1143 508 ἐν
1189 449 1458 521 πνεύματι
1494 449 1701 503 ἀπαθε-

1836 452 2115 515 »ρεηιηιιη-
2140 442 2492 513 cupiditates,
2533 455 2657 496 cum
2702 438 2911 497 sciendi
2954 437 3193 510 potentia
3222 438 3386 509 digna
3452 420 3455 423 l

125 561 325 626 στάτης
351 553 672 624 γνωστικῶς
702 548 965 619 ἀξιωθείη
1003 546 1169 617 ζωῆς.

191 728 301 784 Καὶ
332 720 566 798 χάρις-ᾖ
591 726 726 795 περὶ
769 724 860 789 σῷ
888 721 1184 791 τραχήλῳ.
1234 718 1345 773 Καὶ
1385 713 1473 770 οἷα
1502 715 1702 768 δικαιο-

123 819 292 887 σύνης
323 816 510 885 ζυγὸς,
546 815 582 886 ἡ
627 812 953 885 λαμπρότης
991 811 1102 863 τῶν
1126 808 1357 864 ἐντολῶν
1402 805 1495 861 τοῦ
1541 804 1700 872 Θεοῦ,

123 907 414 979 ἑνυπάρχῃ
439 904 515 968 ὥς
541 921 650 958 τινι
670 902 931 974 τραχήλῳ
956 901 1035 971 τῷ
1058 899 1136 970 σῷ
1160 895 1534 969 προαιρετικῷ
1565 911 1705 966 πρα-

125 998 357 1061 κτικῶς.

198 1091 417 1143 Ἔσται
453 1086 522 1140 δὲ
557 1086 723 1149 ιασις
746 1081 929 1150 σαρξί
957 1094 1098 1145 σου,
1122 1077 1222 1132 καί
1239 1075 1545 1147 ἐπιμέλεια
1579 1073 1705 1139 τοῖς

126 1182 368 1246 ὀστέοις
395 1194 535 1234 σου.
581 1177 848 1247 Ὑπάρξει
883 1174 940 1227 δὲ
971 1171 1239 1244 Θεραπεία
1264 1171 1373 1223 τῶν
1398 1172 1465 1240 τῇ
1496 1168 1705 1239 ἡδυπα-

127 1275 249 1346 θείᾳ
293 1269 784 1342 κατατριϐομένων
834 1265 929 1320 τοῦ
985 1264 1236 1335 σώματός
1276 1280 1380 1333 μου
1431 1260 1628 1332 μελῶν,
1670 1261 1704 1330 ἠ

129 1365 496 1437 σωφροσύνη·
554 1363 650 1417 καὶ
717 1356 1069 1431 περιποίησις
1135 1357 1244 1410 τῶν
1294 1356 1450 1426 δίκην
1504 1354 1707 1406 ὀστέων

130 1460 443 1515 τονωτικῶν
468 1459 572 1527 τῆς
601 1455 784 1527 ψυχῆς
833 1469 927 1505 σου
956 1451 1265 1522 δυνάμεων,
1291 1451 1372 1515 είς
1412 1448 1475 1501 τὸ
1505 1447 1579 1518 μὴ
1613 1443 1705 1499 τοῦ

128 1546 469 1618 ἁρμόζοντος
515 1539 993 1615 παραϐραύεσθαι,
1041 1541 1077 1612 ἡ
1120 1538 1352 1611 εὐσεϐὴς
1395 1537 1523 1609 περὶ
1571 1534 1705 1589 Θεοῦ

130 1639 338 1692 ἔννοια.

200 1730 315 1800 κγ’.
363 1730 494 1784 Ἵνα
540 1727 770 1796 πορεύῃ
802 1723 1099 1790 πεποιθὼς
1132 1722 1202 1775 ἐν
1248 1718 1459 1789 εἰρήνῃ
1505 1715 1710 1781 πάσας

1810 534 2075 589 habeatur
2116 532 2226 588 vita
2263 530 2498 601 spiritali
2529 546 2651 602 qua:
2691 530 2763 586 sit
2809 545 2838 583 a
2892 528 3285 599 cupiditatibus
3322 530 3386 583 li-

1808 623 1958 678 bera.

1880 714 1952 768 Et
1981 715 2163 785 gratia
2197 714 2265 767 sit
2295 715 2439 769 circa
2469 721 2653 784 guttur
2682 722 2850 767 tuum.
2885 712 2950 767 Et
2976 712 3135 783 quasi
3160 710 3390 783 iustitia:

1806 805 2020 876 jngum,
2066 804 2327 876 splendor
2372 805 2758 860 mandatorum
2808 805 2926 870 Dei,
2974 812 3083 860 tute
3132 806 3391 877 practica:

1810 898 2104 964 voluntati,
2144 906 2406 969 tanquam
2440 898 2605 964 collo,
2642 897 3039 954 circumdelur.

1882 1069 2004 1125 Erit
2053 1072 2263 1127 sanitas
2312 1073 2465 1126 carni
2515 1084 2640 1138 tute,
2679 1082 2731 1129 et
2776 1075 2983 1129 curatio
3018 1076 3223 1130 ossibus
3265 1076 3390 1129 tuis.

1818 1161 2048 1218 Sanatio
2105 1162 2357 1233 corporis
2414 1163 2491 1217 tui
2553 1167 2971 1230 membrorum,
3026 1181 3056 1219 a
3117 1165 3396 1234 voluptate

1812 1262 2297 1324 consumptorum,
2333 1255 2441 1308 erit
2476 1257 2837 1325 temperantia
2869 1274 2883 1309 :
2916 1264 2971 1309 et
3006 1259 3155 1312 salus
3198 1256 3396 1309 anima:

1814 1354 1923 1399 tuas
1956 1346 2327 1415 potentiarum
2360 1362 2501 1415 qum,
2537 1358 2797 1417 tanquam
2852 1363 2980 1403 ossa
3024 1360 3151 1404 sunt
3194 1364 3295 1419 pro
3332 1364 3396 1402 ea

1816 1434 2162 1502 fulcimenta,
2194 1450 2263 1489 ne
2308 1435 2377 1490 ab
2420 1451 2484 1491 co
2531 1437 2625 1506 qui
2673 1450 2737 1491 ea
2788 1435 2842 1491 in
2889 1438 3165 1507 propriam
3209 1438 3394 1493 sedem

1812 1527 2083 1592 collocat,
2134 1525 2489 1599 frangantur,
2541 1528 2652 1583 erit
2700 1529 2790 1597 pia
2843 1544 2973 1601 erga
3027 1529 3196 1585 Deum
3249 1530 3398 1600 cogi-

1815 1619 1973 1672 tatio.

1886 1707 2053 1763 Vens.
2092 1708 2183 1765 25.
2225 1707 2294 1763 Ut
2341 1708 2576 1764 ambules
2614 1711 2671 1764 in
2715 1711 2914 1780 ﬁducia
2958 1720 3007 1766 et
3058 1727 3187 1781 pace
3220 1727 3401 1766 omnes

131 1798 460 1889 τὰςοδούς
498 1836 648 1885 σου,
696 1822 729 1873 ό
779 1817 848 1871 δὲ
890 1815 1049 1881 πούς
1101 1831 1218 1867 σου
1273 1813 1345 1865 οὐ
1394 1808 1707 1876 μὴ’προσ·

1841 1798 1920 1853 ias
1947 1809 2088 1864 tuas,
2110 1808 2161 1853 et
2189 1816 2279 1870 pes
2310 1810 2429 1854 tuus
2458 1817 2561 1854 non
2596 1801 2850 1869 offendat.
2885 1800 2955 1855 Ut
2990 1803 3234 1870 practice
3262 1801 3402 1855 ﬁdu-

133 1914 351 1982 κόπτῃ.
399 1913 488 1973 '0;
545 1911 611 1965 ἂν
663 1910 993 1981 πρακτικῶς
1057 1905 1312 1975 διεξέρχῃ
1362 1901 1603 1973 θαρρῶν,
1656 1900 1713 1951 ἐν

133 2006 495 2075 άπαθεστάτῃ
523 2003 636 2068 ἕξει
675 2003 770 2055 καὶ
805 1999 1084 2071 ἁταράχῳ,
1117 1997 1295 2059 πάσας
1330 1994 1429 2057 τὰς
1470 1996 1550 2055 είς
1581 1991 1714 2044 Θεὸν

137 2095 418 2166 φερούσας
459 2092 653 2147 τούτου
697 2092 918 2154 ἐντολάς
945 2106 960 2121 ·
1003 2089 1101 2143 καὶ
1146 2087 1209 2141 τὸ
1260 2085 1368 2140 ἀπὸ
1398 2083 1715 2157 προτάσεων

137 2187 470 2257 ἀρχόμενον,
521 2184 618 2239 καὶ
663 2183 827 2255 μέχρι
868 2179 1359 2253 συμπερασμάτων
1390 2176 1580 2245 διῆκον
1606 2173 1719 2226 δια-

140 2279 397 2350 νοητικόν
432 2295 550 2341 σου,
583 2276 644 2328 ού
674 2276 749 2346 μὴ
785 2272 1104 2345 προσκρούῃ
1129 2270 1311 2335 δόξαις
1331 2266 1610 2338 ψευδέσιν.

210 2374 313 2426 κδ’.
363 2372 506 2425 Ἐὰν
542 2372 653 2441 γὰρ
680 2368 855 2437 κάθῃ,
896 2367 1122 2437 ἄφοϐος
1154 2364 1301 2432 ἔσῃ·
1337 2362 1446 2415 ἐὰν
1482 2359 1550 2414 δὲ
1580 2360 1721 2413 καθ-

136 2465 347 2534 εύδῃς,
380 2463 577 2533 ἡδέως
612 2458 935 2526 ὑπνὼσεις.
972 2458 1097 2512 Είτε
1140 2456 1250 2528 γάρ
1287 2453 1382 2508 τοῦ
1427 2453 1590 2507 πόνου
1620 2452 1723 2517 τῆς

142 2556 353 2628 ἀρετῆς
390 2554 587 2625 μικρὸν
609 2555 709 2625 τὴν
739 2554 916 2624 σάρκα
936 2547 1314 2612 διαναπαύεις,
1340 2546 1402 2599 ού
1434 2544 1722 2614 φοϐηθήσῃ

140 2650 241 2710 τὰς
273 2647 501 2716 ἐφόδους
523 2646 631 2699 τῶν
672 2643 1003 2714 πνευμάτων
1043 2641 1142 2709 τῆς
1187 2637 1450 2709 πονηρίας
1471 2650 1485 2664 ⁸
1529 2634 1603 2697 ὡς
1633 2632 1721 2686 ἀεὶ

139 2743 235 2794 τὸν
275 2740 403 2793 νοῦν
434 2739 575 2811 ἔχων
604 2735 1030 2807 προσηλωμένον
1074 2732 1226 2801 Θεῷ⁶
1268 2728 1369 2783 εἴθ’
1415 2728 1601 2786 ύπνοῖς
1631 2724 1723 2776 τὸν

141 2832 329 2903 τίμιον
352 2830 597 2883 ἐναντίον
620 2827 829 2899 Κυρίου
857 2824 1088 2879 Θάνατον
1117 2819 1226 2874 τῶν
1247 2818 1413 2872 ὁσίων
1438 2813 1625 2879 αὐτοῦ,
1655 2814 1722 2882 τῇ

142 2925 323 2978 ἑλπίδι
352 2923 456 2992 τῆς
479 2918 831 2981 ἀναστάσεως
864 2917 958 2971 καὶ
978 2915 1087 2969 τῶν
1114 2908 1544 2983 ἐπηγγελμένων
1573 2903 1727 2976 παρά

146 3017 289 3069 Θεοῦ
324 3014 572 3083 ἀγαθῶν,
605 3012 703 3082 ἔσῃ
740 3006 1265 3079 ὲπευφραινόμενος.

216 3114 321 3162 κε’.
374 3106 483 3161 Καὶ
510 3107 584 3159 οὖ
632 3101 949 3174 φοϐηθήσῃ
1006 3101 1268 3164 πτόησιν
1319 3090 1725 3198 ἐπελθοῦσαν,
1752 3138 1803 3198 C

146 3200 298 3255 οὐδὲ
333 3198 523 3268 ὁρμὰς
550 3194 788 3251 ἀσεϐῶν
842 3189 1268 3261 ἐπερχομένας.
1310 3187 1420 3240 Καὶ
1463 3184 1524 3238 ού
1560 3198 1729 3253 πτοη-

148 3294 295 3364 Θὴσῃ
325 3290 415 3345 διὰ
449 3288 692 3352 συνειδὸς
713 3285 1160 3353 ἀκατάγνωστον,
1183 3277 1582 3349 ὲκδειμάτωσίν
1604 3292 1729 3329 τινα

143 3381 508 3454 δαιμονιώδη,
540 3376 1001 3451 παραγενομένην
1033 3391 1118 3427 σοι
1140 3372 1280 3444 μετά
1299 3371 1397 3442 τὴν
1420 3368 1600 3437 ἔξοδον
1628 3368 1731 3436 τῆς

148 3475 441 3547 παρούσης
471 3473 639 3545 ζωῆς,
668 3471 809 3525 ὥστε
859 3466 1117 3537 διακόψαι
1155 3482 1215 3518 σε
1253 3464 1352 3534 τῆς
1405 3462 1544 3534 πρὸς
1594 3460 1729 3514 Θεὸν

150 3568 403 3632 ἐλπίδοςο
434 3564 557 3618 οὔτε
593 3562 945 3633 καταδρομὰς
973 3559 1084 3613 τῶν
1114 3556 1473 3611 ἀποστάντων
1512 3551 1729 3617 τούτου,

149 3661 247 3714 καὶ
286 3661 363 3731 μὴ
401 3657 689 3729 τιμώντων
724 3654 886 3709 αὑτὸν
933 3650 1263 3720 πνευμάτων
1307 3646 1410 3716 τῆς
1441 3643 1728 3717 πονηρίας,

152 3751 422 3814 ἐπιούσας
450 3767 533 3803 σοι
559 3750 616 3802 ἐν
639 3749 775 3818 ζωῇ,
797 3745 940 3799 ὥστε
971 3744 1081 3798 τῶν
1105 3741 1265 3795 θείων
1295 3735 1526 3794 ἐντολῶν
1553 3752 1733 3809 παρα-

154 3845 331 3916 6άτην
361 3840 747 3896 ἀποδεικνύειν
779 3855 861 3892 σε.

225 3941 344 4001 κςν.
393 3933 456 3987 '0
485 3932 597 4003 τὰρ
618 3931 833 3998 Κύριος
852 3928 1022 3983 ἔσται
1045 3924 1140 3977 ἐπὶ
1173 3920 1388 3976 πασῶν
1412 3918 1569 3975 ὁδῶν
1591 3932 1731 3981 σου,

153 4026 257 4081 καὶ
286 4025 505 4095 ἐρείσει
529 4021 648 4076 σὺν
670 4019 847 4083 πόδα,
869 4018 972 4071 ἵνα
990 4014 1077 4086 μὴ
1101 4011 1395 4080 σαλευθῇ
1422 4008 1596 4073 Αὐτὸς
1624 4008 1735 4077 γὰρ

153 4118 182 4170 ὁ
209 4115 323 4170 τῶν
350 4112 489 4167 ὅλων
520 4110 804 4177 Δεσπότης
835 4107 990 4171 Θεὸς,
1025 4104 1210 4157 ἔσεται
1253 4103 1313 4154 ἐν
1361 4101 1567 4165 πάσαις
1611 4100 1735 4163 ταῖς

155 4210 215 4262 ὲν
245 4206 365 4277 ζωῇ
398 4206 519 4258 κατ’
547 4202 752 4273 ἀρετὴν
800 4200 1049 4269 πορείαις
1087 4212 1204 4259 σου,
1246 4192 1458 4263 ὁδηγῶν
1493 4209 1551 4244 σε
1599 4190 1736 4260 πρὸς

157 4294 462 4367 σωτηρίαν,
484 4293 574 4346 διὰ
602 4290 714 4345 τῶν
748 4288 920 4359 ἁγίων
964 4283 1131 4339 αὑτοῦ
1166 4282 1399 4337 ἐντολῶν
1419 4298 1432 4312 ·
1473 4281 1614 4336 ἀλλά
1646 4280 1739 4334 καὶ

162 4386 305 4460 μετά
354 4384 453 4458 τὴν
502 4384 683 4449 ἔξοδον
726 4382 827 4452 τῆς
874 4378 1159 4451 παρούσης
1192 4376 1357 4446 ζωῆς,
1398 4374 1643 4446 στηρίξει
1679 4376 1740 4428 ἐν

1816 1893 1923 1955 cia,
1958 1892 2179 1962 plenus,
2212 1893 2324 1946 vita
2362 1908 2472 1947 non
2521 1894 2763 1957 turbata,
2791 1909 2913 1963 qua:
2962 1894 3033 1947 sit
3064 1906 3094 1946 a
3128 1893 3402 1963 cupidita-

1815 1985 1965 2041 tibus
2011 1986 2205 2051 libera,
2248 1985 2580 2055 ingrediaris
2630 1987 2811 2040 omnia
2862 1985 2956 2041 Dei
3005 1986 3281 2051 mandata,
3331 1987 3398 2039 ad

1818 2079 1970 2133 illum
2005 2077 2236 2133 ferentia
2272 2098 2282 2132 :
2318 2086 2379 2133 ut
2416 2089 2508 2132 tua
2543 2078 2922 2149 intelligentia.
2953 2093 2982 2131 a
3016 2078 3301 2148 principiis
3332 2078 3400 2131 ad

1817 2168 2229 2231 conclusiones,
2261 2183 2596 2238 percurrens
2624 2169 2978 2239 quaestiones,
3006 2168 3072 2222 ad
3097 2170 3403 2223 sententias

1819 2260 1989 2315 falsas
2018 2275 2127 2314 non
2158 2259 2422 2314 offendat.

1887 2349 2057 2406 Vnus.
2088 2351 2180 2404 ει.
2214 2349 2277 2405 Si
2314 2350 2627 2417 descendas,
2662 2350 2776 2405 sine
2814 2351 3002 2405 timore
3031 2350 3168 2415 eris;
3203 2350 3251 2404 si
3282 2348 3407 2403 dor-

1821 2445 2030 2508 mieris,
2078 2444 2318 2498 suaviter
2362 2442 2615 2498 dormies.
2667 2443 2725 2497 Si
2773 2457 2975 2513 corpus
3020 2451 3174 2497 tuum
3219 2441 3410 2496 labore

1820 2532 2048 2585 virtutis
2074 2529 2304 2592 fessum,
2342 2530 2625 2599 paululum
2665 2528 3309 2599 requiescere,volneris,
3340 2528 3411 2582 ab

1824 2617 2240 2672 incursionibus
2271 2616 2569 2686 spirituum
2601 2616 2966 2687 malignorum
3012 2630 3121 2668 non
3165 2615 3409 2679 timebis,

1822 2711 1953 2781 quia
2007 2722 2224 2779 semper
2270 2708 2499 2777 spiritus
2554 2715 2683 2766 tuus
2712 2708 2765 2762 in
2794 2707 2907 2762 Deo
2945 2707 3088 2760 ﬁxus
3113 2718 3219 2762 est.
3252 2737 3321 2746 —
3352 2706 3411 2760 Si

1826 2799 2123 2856 dormieris
2169 2808 2401 2853 mortem
2450 2805 2770 2853 sanctorum
2818 2798 2951 2861 Dei,
3001 2799 3299 2867 pretiosam
3354 2800 3408 2851 in

1826 2901 2125 2959 conspectu
2161 2890 2303 2960 ejus,
2336 2889 2760 2945 resurrectionis
2804 2897 2860 2945 ct
2906 2889 3174 2943 bonorum
3224 2904 3253 2943 a
3301 2888 3409 2944 Dic

1826 2983 2225 3053 promissorum
2259 2996 2355 3050 spe
2383 2979 2669 3050 gaudebis.

1906 3093 2075 3150 Vens.
2113 3094 2208 3150 25.
2239 3091 2363 3145 Non
2403 3090 2613 3145 timebis
2648 3099 2901 3145 terrorem
2937 3090 3288 3159 repentinum,
3321 3104 3413 3142 nec

1828 3187 2208 3242 desolationem
2242 3185 2551 3252 impiorum,
2588 3201 2708 3238 cum
2750 3183 2973 3237 uenerit.
3010 3180 3128 3237 Non
3172 3182 3409 3243 timebis.

1829 3279 1901 3334 ob
1930 3287 2079 3333 tuam
2117 3276 2656 3348 irreprebensibilem
2693 3275 3112 3341 conscientiam,
3147 3289 3176 3329 a
3220 3275 3416 3329 timore

1828 3365 2093 3422 daemonis
2122 3364 2238 3435 qui,
2266 3364 2320 3418 in
2354 3364 2591 3418 transitu
2623 3362 2693 3417 ab
2728 3362 2831 3416 hac
2868 3364 3119 3433 praesenti
3153 3363 3283 3424 vita.
3316 3362 3414 3414 tibi

1832 3459 2032 3525 aderit,
2065 3467 2127 3513 ut
2174 3468 2226 3513 te
2268 3473 2298 3510 a
2346 3456 2438 3511 Dei
2481 3472 2580 3526 spe
2626 3464 2839 3511 avertat
2880 3472 2896 3510 :
2934 3470 3043 3510 non
3092 3455 3415 3510 formidabis

1832 3551 2182 3607 incursiones
2212 3548 2308 3602 Dei
2346 3547 2718 3610 inimicorum,
2754 3553 2809 3600 et
2844 3545 3135 3616 spirituum
3167 3545 3415 3607 malitiae,

1834 3644 1990 3700 illum
2053 3658 2164 3697 non
2197 3641 2490 3695 colentium
2524 3640 2615 3709 qui
2653 3639 2710 3693 in
2741 3640 2849 3693 vita
2881 3648 2934 3695 te
2964 3639 3249 3704 invadunt,
3278 3646 3338 3692 ut
3369 3647 3422 3692 te

1837 3735 1930 3791 Dei
1963 3734 2345 3789 mandatorum
2378 3730 2698 3786 violatorem
2725 3729 2989 3786 efﬁciant.

1904 3913 2072 3969 Vens.
2104 3910 2197 3966 26.
2238 3911 2499 3966 Dominus
2540 3912 2643 3965 erit
2686 3910 2742 3964 in
2786 3909 3033 3965 omnibus
3067 3907 3166 3963 riis
3213 3906 3338 3973 tuis,
3370 3916 3423 3962 et

1836 4006 2074 4078 ﬁrmabit
2121 4003 2303 4072 pedem
2336 4012 2504 4068 tuum,
2537 4019 2601 4057 ne
2625 4002 2825 4058 titubet.
2860 4002 2980 4074 Ipse
3030 4010 3214 4056 autem
3256 3999 3421 4061 Deus.

1836 4099 2082 4155 omnium
2119 4096 2412 4164 Dominus,
2440 4096 2545 4152 erit
2586 4097 2641 4150 in
2679 4096 2938 4151 omnibus
2968 4095 3095 4151 vitae
3123 4094 3282 4149 bonae
3313 4102 3425 4147 tum

1838 4190 2069 4256 semitis,
2112 4196 2164 4245 te
2210 4204 2308 4259 per
2359 4201 2461 4244 sua
2516 4197 2708 4243 sancta
2754 4187 3011 4242 mandata
3068 4188 3134 4242 ad
3191 4186 3423 4241 salutem

1839 4281 2088 4349 ducens;
2116 4280 2212 4335 sed
2235 4279 2401 4335 etiam
2435 4279 2490 4333 in
2518 4279 2753 4335 transitu
2778 4293 2807 4332 a
2831 4279 2943 4333 vita
2968 4277 3248 4348 praisenti,
3276 4285 3425 4330 tuam

1840 4375 1896 4428 in
1956 4386 2023 4428 eo
2070 4388 2247 4442 spem,
2295 4380 2355 4426 ut
2405 4371 2696 4441 quemdam
2750 4370 2962 4440 pedem,
3011 4369 3064 4423 in
3115 4368 3235 4422 loco
3284 4375 3425 4431 tuto,

160 4476 347 4548 ἑαυτῷ
376 4476 475 4548 τὴν
507 4475 703 4530 ἐλπίδα
751 4490 882 4537 σου,
912 4471 987 4535 ὣς
1027 4488 1150 4524 τινα
1201 4468 1357 4533 πόδα,
1400 4468 1458 4520 ὲν
1505 4465 1730 4535 ἀσφαλεῖ

1842 4463 2233 4530 consolidabit,
2268 4478 2339 4518 ne
2365 4463 2434 4518 ab
2464 4477 2530 4517 eo
2564 4463 2879 4532 separeris:
2915 4461 3029 4514 bace
3073 4469 3204 4513 sunt
3244 4466 3426 4513 autem

159 4569 317 4638 τόπῳ
346 4606 363 4633 ,
396 4564 483 4618 ῐνα
520 4566 596 4636 μὴ
639 4560 805 4617 αὐτοῦ
848 4563 1059 4631 ἀποστῇ
1079 4575 1096 4592 ο
1132 4560 1167 4629 ἠ
1195 4558 1252 4612 δὲ
1276 4558 1344 4612 τὰ
1375 4556 1623 4628 πρακτέα
1656 4573 1739 4609 σοι

163 4657 539 4728 ὑποτιθεμένη
569 4654 679 4726 ὲμὴ
716 4651 1062 4724 παραίνεσις,
1087 4649 1229 4719 αὕτη
1254 4648 1421 4703 ἐστίν.

236 4748 347 4815 κζ’.
382 4753 440 4805 Μ
446 4749 479 4817 ἡ
500 4750 744 4816 ἀπόσχῃ
766 4741 835 4800 εὗ
876 4743 1070 4798 ποιεῖν
1091 4741 1293 4810 ἐνδεῆ,
1326 4741 1513 4810 ἡνίκα
1533 4737 1612 4793 ἂν
1630 4740 1741 4808 ἔχῃ

164 4845 203 4913 ἡ
250 4842 385 4913 χείρ
434 4855 553 4895 σου
596 4835 867 4905 βοηθεῖν.
918 4836 1010 4907 Μὴ
1061 4834 1244 4905 παύσῃ
1297 4833 1607 4902 εὐεργετεῖν
1652 4831 1743 4883 τὸν

164 4936 367 5005 ἔχοντα
424 4932 613 5003 χρείαν
672 4927 1119 5000 εὐεργετεῖσθαισ
1148 4926 1253 4990 ἕως
1295 4925 1360 4979 ἄν
1419 4942 1500 4977 σοι
1558 4925 1639 4986 εἰς
1686 4922 1746 4975 τὸ

166 5026 443 5094 ἐπαρκεῖν
475 5022 647 5092 αὐτῷ,
683 5018 973 5090 περιουσία
1004 5018 1174 5073 ἐστίν.

244 5121 357 5186 κη’.
378 5114 473 5181 Μὴ
493 5112 697 5179 siam.
713 5109 1098 5166 Ἐπανελθὼν
1123 5107 1411 5174 ἐπάνηκε,
1428 5106 1525 5160 καὶ
1540 5106 1749 5175 αὔριον

167 5206 371 5271 δώσω,
408 5206 673 5260 δυνατοῦ
736 5221 853 5258 σου
913 5203 1088 5268 ὄντος
1130 5196 1201 5256 εὖ
1252 5199 1473 5253 ποιεῖν·
1518 5201 1591 5253 οὺ
1640 5196 1750 5267 γὰρ

170 5294 346 5362 οἶδας
379 5295 438 5348 τί
462 5294 692 5358 τέξεται
730 5293 769 5359 ἡ
801 5291 1082 5345 ἐπιοῦσα.
1111 5291 1203 5359 Μὴ
1231 5288 1613 5361 παραπέμψῃς
1654 5288 1752 5341 αύ-

171 5390 267 5444 τδν
285 5390 366 5451 εἰς
384 5386 484 5458 τὴν
512 5384 773 5439 ἐπιοῦσαν
802 5382 1243 5455 ήμέραν,είπὼν,
1271 5382 1353 5434 ὅτι
1374 5380 1484 5451 Τὴν
1514 5383 1771 5452 σήμερον·

179 5482 283 5551 μὲν
312 5478 695 5549 ὑποχώρησον,
734 5476 834 5548 τὴν
862 5475 908 5529 δ’
930 5474 1120 5546 αὔριον
1151 5474 1295 5539 ἐλθὲ,
1338 5472 1434 5526 καὶ
1460 5467 1520 5527 οὗ
1563 5473 1754 5543 χρείαν

176 5573 323 5643 ἔχεις
355 5571 627 5641 παράσχω
651 5585 755 5633 σοι,
786 5567 970 5638 ἰσχύος
993 5565 1304 5638 προσούσης
1329 5582 1411 5617 σοι
1441 5564 1755 5633 παραυτίκα

174 5658 371 5711 τοῦτον
410 5658 757 5728 εὐεργετεῖν·
789 5656 1006 5724 ἀγνοεῖς
1038 5656 1148 5726 γὰρ
1181 5654 1233 5708 τί
1277 5654 1547 5722 ὲπαγάγει
1583 5655 1617 5724 η
1658 5652 1756 5706 αὖ·

184 5769 323 5824 ριον.

1843 4572 1964 4628 qua:
1994 4555 2236 4628 practica
2263 4556 2358 4609 tibi
2389 4554 2645 4625 proponit
2669 4568 2852 4608 meum
2883 4552 3200 4608 consilium.

1915 4753 2085 4810 Vens.
2140 4754 2229 4809 27.
2288 4752 2371 4808 Ne
2438 4754 2706 4808 abstineas
2766 4752 3071 4821 benefacere
3135 4753 3428 4823 indigenti,

1844 4846 2056 4916 quando
2100 4845 2298 4914 poterit
2348 4860 2538 4897 manus
2595 4856 2685 4897 tua
2735 4843 3058 4911 benefacere.
3098 4844 3178 4899 Ne
3209 4844 3434 4903 desinas

1847 4930 2172 4986 benefacere
2210 4933 2310 4998 illi,
2349 4933 2439 4988 cui
2478 4948 2616 5002 opus
2657 4940 2742 4987 est
2792 4933 3020 4999 auxilio,
3060 4935 3306 5005 quandiu
3352 4937 3431 4990 illi

1849 5021 2209 5077 succurrendi
2240 5029 2481 5092 potestas
2512 5022 2617 5078 erit
2647 5023 2767 5077 tibi.

1921 5108 2089 5168 Vens.
2121 5111 2214 5166 28.
2252 5111 2337 5167 Ne
2382 5113 2531 5168 dicas
2570 5130 2590 5170 :
2625 5115 2843 5180 Abiens,
2877 5117 3010 5181 redi,
3043 5127 3091 5171 et
3131 5133 3247 5169 cras
3272 5116 3430 5183 dabo,

1851 5217 1971 5254 cum
2012 5202 2182 5269 possis
2233 5201 2574 5270 benefacere;
2618 5207 2788 5259 nescis
2828 5205 2964 5257 enim
3005 5205 3134 5275 quid
3174 5208 3434 5276 parturiet

1853 5294 2094 5347 crastina
2151 5293 2286 5348 dies.
2347 5294 2423 5350 Ne
2479 5297 2731 5351 remittas
2795 5296 2948 5351 illum
3020 5298 3071 5350 in
3132 5298 3431 5352 crastinam

1854 5384 2021 5450 diem,
2057 5384 2286 5440 dicens:
2326 5384 2501 5441 Hodie
2540 5388 2653 5453 abi,
2684 5402 2806 5442 cras
2835 5389 2978 5455 veni,
3013 5396 3068 5443 et
3102 5388 3232 5442 illud
3277 5391 3437 5460 cujus

1856 5491 1995 5543 opus
2039 5484 2125 5531 est
2168 5477 2263 5531 tibi
2308 5478 2469 5546 dabo,
2500 5494 2624 5533 cum
2674 5480 2743 5534 sit
2789 5478 2889 5534 tibi
2931 5479 3114 5546 modo,
3151 5480 3225 5535 illi
3266 5481 3434 5536 bene-

1859 5567 2099 5623 faciendi
2166 5578 2419 5641 prompta
2486 5572 2762 5643 potentia;
2823 5571 3049 5643 ignoras
3101 5573 3246 5628 enim
3304 5572 3438 5643 quid

1862 5657 2095 5715 adducet
2129 5660 2458 5716 crastinum.
