4034 6502
673 316 805 381 1251

1962 306 2315 368 PROCOPII
2374 303 2623 365 GAZIEI

3774 300 3886 367 1252

738 428 905 482 Vsus.
938 426 1027 482 29.
1068 425 1151 480 Ne
1193 424 1509 479 machineris
1564 423 1734 476 amico
1786 432 1872 474 tuo
1922 421 2100 483 mala,
2154 417 2241 488 qui

2419 417 2520 471 κθ’.
2556 415 2650 483 Μὴ
2687 414 2958 469 τέκταινε
2996 411 3095 465 ἐπὶ
3121 412 3239 466 σὸν
3272 412 3456 482 ζφίλον
3505 412 3674 475 κακὰ,
3712 429 3884 481 παροι.

662 522 867 576 habitat
899 530 1091 587 tecum,
1123 529 1171 573 et
1206 519 1296 588 qui
1330 519 1383 571 in
1422 526 1471 571 te
1508 515 1750 584 conﬁdit.
1785 512 1864 567 Ne
1909 512 2243 567 machineris

666 612 971 685 spiritualia
1026 611 1443 681 corporaliaque
1495 610 1658 675 mala,
1703 616 1896 661 contra
1944 606 2241 667 hominem,

665 706 759 776 qui
788 721 818 758 a
851 716 900 759 te
929 711 1151 773 pr0pter
1180 716 1526 757 communem
1563 711 1815 755 naturam
1851 696 2024 752 amari
2058 695 2242 756 debet,

665 794 759 865 qui
807 793 903 848 tibi
952 793 1235 863 proximus
1276 800 1384 855 est,
1434 802 1488 845 et
1524 798 1646 861 post
1680 786 1845 844 Deum
1893 801 2048 841 suam
2093 797 2245 853 spem

667 885 901 940 collocat
954 884 1011 938 in
1065 890 1140 948 te,
1175 893 1433 951 tanquam
1478 883 1530 935 in
1572 897 1638 937 eo
1693 881 1786 950 qui
1832 879 1909 934 illi
1952 874 2248 934 subvenire

670 985 849 1047 potest
880 976 935 1029 in
969 976 1054 1031 his
1077 989 1197 1045 quae
1224 989 1254 1029 a
1285 982 1338 1029 te
1366 974 1599 1043 requirit
1625 986 1724 1042 pro
1747 971 1942 1025 animae
1970 969 2251 1038 corporis-

669 1081 778 1137 que
825 1069 1002 1123 salute
1032 1084 1046 1120 :
1081 1080 1182 1121 nec
1229 1073 1423 1119 contra
1459 1052 1681 1120 carnem
1723 1071 1948 1133 propter
1980 1074 2247 1124 amorem,

673 1159 1006 1214 machineris
1062 1156 1435 1227 cupiditates,
1484 1171 1608 1226 qua:
1656 1170 1722 1209 ex
1778 1153 1994 1208 defectu
2049 1152 2132 1206 vel
2183 1166 2251 1205 ex

673 1263 905 1303 excessu
948 1247 1169 1301 virtutis
1219 1246 1500 1310 oriuntur,
1546 1246 1672 1314 quia
1719 1245 1838 1305 illa,
1874 1253 1934 1297 ut
1979 1241 2250 1308 mortalis,

678 1340 999 1394 transitorie
1036 1346 1091 1393 et
1128 1352 1239 1392 non
1284 1336 1554 1391 stabiliter
1592 1346 1699 1390 tua:
1734 1336 1930 1389 anima:
1969 1332 2255 1403 conjungi-

680 1441 787 1497 lur,
816 1442 869 1486 et
909 1447 938 1483 a
978 1431 1218 1499 polentia
1263 1431 1380 1499 ejus
1427 1427 1743 1484 rationabili
1794 1426 2123 1480 naturaliter
2160 1438 2257 1480 ex-

679 1530 910 1591 spectat,
948 1528 1008 1574 ut
1055 1521 1158 1575 sibi
1212 1519 1562 1589 provideatur
1599 1537 1614 1573 :
1659 1517 1754 1572 sed
1794 1515 2019 1587 provide
2065 1513 2255 1568 ambo-

682 1609 821 1676 bus;
860 1608 937 1661 illi
970 1607 1061 1678 qui
1094 1616 1179 1661 est
1207 1606 1451 1673 ejusdem
1498 1614 1731 1671 naturae,
1762 1612 1820 1656 ut
1849 1602 2136 1658 auxilieris
2165 1602 2213 1657 ei
2239 1619 2252 1655 :

680 1701 835 1755 carni
867 1708 993 1764 tuae,
1023 1708 1081 1753 ut
1109 1700 1293 1765 vivat;
1328 1710 1380 1753 et
1411 1698 1487 1751 ita
1517 1697 1665 1751 illam
1696 1696 1900 1750 habeas
1930 1692 2253 1763 adiutricem

2346 510 2571 564 κοῦντα
2618 507 2717 561 καὶ
2753 506 3078 560 πεποιθότα
3105 504 3201 557 ἐπὶ
3246 504 3367 556 σοί.
3397 502 3491 574 Μὴ
3529 505 3886 572 κατασκεύαζε,

2346 600 2457 654 εἴτε
2484 602 2541 653 ὲν
2568 598 2646 670 τῷ
2671 597 2760 651 διὰ
2780 597 2880 667 τὴν
2904 596 3180 667 ὁμοφυῖαν
3207 592 3530 662 ἀγαπᾶσθαι
3561 610 3640 646 σοι
3656 593 3889 662 ὀφείλοντι

2295 680 2299 686 Δ
2346 691 2640 764 ἀνθρώπῳ,
2692 690 2761 743 τὰ
2797 688 2944 743 κατά
3004 704 3062 740 τε
3113 686 3274 754 σῶμα
3312 684 3405 737 καὶ⁵
3440 683 3621 753 ψυχὴν
3665 684 3889 757 βλαϐερὰ,

2347 781 2712 853 γειτνιάζοντί
2743 797 2859 844 σοι,
2893 778 2990 832 καὶ
3024 777 3165 848 μετὰ
3201 775 3333 828 Θεὸν
3356 775 3448 828 ἐπὶ
3479 776 3562 826 σοὶ
3581 774 3676 836 τὰς
3706 776 3891 841 ἐλπίδας

2350 873 2658 937 σαλεύοντι,
2684 870 2761 934 ώς
2792 868 3087 940 δυναμένῳ
3113 866 3327 938 βοηθεῖν
3358 863 3509 932 αύτῷ
3536 867 3593 917 ὲν
3625 859 3698 927 οἷς
3731 866 3786 918 ἀν
3815 885 3890 920 σου

2351 966 2488 1037 πρὸς
2520 965 2591 1017 τὰ
2630 963 2844 1032 σώματι
2874 961 2969 1013 καὶ
3004 960 3150 1029 ψυχῇ
3191 957 3434 1010 σωστικὰ
3479 956 3697 1026 δέηται·
3738 958 3820 1011 εἴτ’
3846 962 3891 1012 ἐν

2350 1056 2429 1127 τῷ
2460 1055 2771 1125 φιλουμένῳ
2800 1052 2951 1123 παρὰ
2982 1051 3076 1104 σοῦ
3111 1050 3323 1120 σαρκίῳ
3352 1048 3443 1102 διὰ
3472 1049 3573 1118 τὴν
3608 1049 3741 1118 πρὸς
3762 1052 3891 1104 αὑτὸν
3956 1072 3963 1086 <

2355 1149 2562 1219 σχέσιν,
2613 1146 2686 1198 τὰ
2728 1144 2851 1198 κατ’
2903 1141 3141 1211 ἔλλειψιν
3181 1144 3280 1211 τῆς
3328 1140 3541 1210 ἀρετῆς
3587 1140 3745 1209 πάθη,
3790 1142 3893 1212 ﬁsi

2352 1240 2475 1294 καθ’
2501 1239 2814 1311 ὑπερϐολήν
2840 1253 2855 1269 ’
2891 1234 3243 1307 προσκαίρως
3278 1233 3374 1287 καὶ
3406 1233 3465 1285 οὐ
3494 1231 3733 1302 μονίμως
3764 1238 3819 1303 τῇ
3840 1239 3891 1305 σῇ

2352 1332 2500 1400 ψυχῇ
2524 1327 2893 1398 παραμένοντι
2934 1324 3010 1387 ὡς
3053 1322 3252 1394 θνητῷ,
3298 1322 3394 1375 καὶ
3435 1322 3545 1375 ἀπὸ
3597 1320 3689 1374 τοῦ
3728 1322 3893 1393 ταύτης

2354 1417 2668 1488 λογιστικοῦ
2720 1415 2967 1485 φυσικῶς
2996 1415 3057 1467 τὸ
3092 1411 3289 1467 ἑαυτοῦ
3330 1412 3755 1481 ἀπεκδεχομένῳ
3789 1430 3893 1482 προ-

2355 1510 2634 1582 νοητικόν
2682 1509 2820 1562 ἀλλὰ
2857 1509 2952 1562 καὶ
3000 1507 3331 1578 ἀμφοτέρων
3369 1503 3608 1575 προνοοῦ
3637 1520 3651 1534 ⁸
3700 1506 3785 1557 τοῦ
3820 1507 3897 1574 μὲν

2356 1600 2653 1674 ὁμοφυοῦς,
2710 1603 2779 1655 τὰ
2823 1618 2886 1669 γε
2923 1599 3060 1670 πρὸς
3122 1599 3344 1669 χρείανο
3401 1597 3496 1651 τοῦ
3537 1598 3598 1651 δὲ
3646 1596 3898 1665 συγγενοῦς

2360 1696 2612 1766 σαρκίου,
2651 1694 2720 1747 τὰ
2748 1693 2883 1764 πρὸς
2913 1692 3208 1745 σύστασιν·
3240 1690 3307 1743 ἵν’
3336 1690 3469 1763 ἔχῃς
3504 1688 3637 1742 αὐτὸ
3680 1689 3898 1758 συνεργὸν

680 1791 749 1845 ad
785 1791 987 1846 bonum
1016 1801 1068 1845 et
1102 1805 1210 1845 non
1242 1790 1309 1844 ad
1340 1789 1695 1859 voluptatem,
1723 1797 1776 1843 et
1809 1802 1876 1843 ne
1906 1787 2005 1841 tibi
2040 1786 2257 1841 thesau-

2364 1788 2500 1859 πρὸς
2530 1787 2600 1840 τὰ
2632 1786 2919 1849 κάλλιστα,
2954 1784 3052 1837 καὶ
3079 1783 3203 1853 οὐχὶ
3247 1783 3314 1837 τὰ
3374 1782 3514 1852 πρὸς
3565 1778 3895 1849 ἡδυτώθειαν·

682 1885 825 1941 rizes
856 1883 1143 1939 materiam
1171 1882 1315 1953 ignis
1340 1882 1553 1937 aeterni.

754 2059 916 2115 Vsus.
946 2060 1037 2115 50.
1082 2058 1165 2113 Ne
1198 2058 1371 2113 oderis
1402 2060 1666 2113 hominem
1710 2056 1941 2126 frustra,
1986 2071 2049 2109 ne
2095 2054 2259 2124 faciat

680 2151 776 2205 tibi
802 2151 1007 2222 aliquid
1037 2152 1190 2205 ntali.
1227 2150 1306 2206 Ne
1341 2150 1563 2220 diligas,
1593 2165 1688 2204 seu
1719 2148 1987 2202 adversus
2022 2146 2260 2215 aliquem

683 2244 959 2298 hominem
996 2244 1209 2307 odium,
1245 2249 1307 2295 ut
1351 2257 1459 2296 non
1508 2241 1730 2311 aliquod
1773 2240 1972 2292 malum
2020 2237 2263 2308 spiritale

681 2334 766 2389 vel
809 2335 1099 2405 corporale
1130 2333 1321 2389 atIerat
1362 2332 1461 2386 tibi
1509 2350 1521 2386 :
1558 2347 1653 2386 seu
1704 2329 1891 2385 odium
1928 2343 2128 2382 vanum
2168 2327 2263 2379 ad-

682 2442 876 2482 versus
905 2442 1153 2493 carnem,
1186 2432 1409 2496 propter
1443 2439 1600 2478 suam
1631 2432 1845 2477 natura:
1875 2421 2125 2475 humanae
2152 2418 2264 2473 fra—

682 2518 969 2589 gilitatem,
1008 2528 1064 2595 et
1113 2530 1269 2571 suam
1314 2514 1553 2579 facilem,
1599 2514 1654 2567 in
1700 2511 1999 2577 laboribus,
2044 2510 2136 2580 qui
2188 2509 2263 2564 illi

686 2606 860 2660 invito
907 2596 1192 2669 accidunt,
1245 2602 1639 2668 deiicientiam,
1680 2617 1747 2657 ne
1802 2602 1856 2655 in
1914 2612 1965 2655 te
2017 2600 2266 2671 perficiat

687 2697 967 2768 physicam
1035 2695 1496 2760 destructionem,
1568 2708 1724 2764 quae,
1787 2692 1934 2748 illius
1998 2702 2264 2756 mortem,

685 2789 932 2843 omnium
993 2787 1261 2843 malorum
1318 2787 1643 2860 pessimum,
1715 2786 1786 2843 ob
1845 2784 2264 2858 negligentiam,

686 2878 902 2935 all'erat.

760 3057 926 3115 Vens.
957 3059 1046 3114 51.
1088 3056 1170 3113 Ne
1211 3058 1460 3129 acquiras
1506 3057 1771 3113 malorum
1807 3057 2083 3112 hominum
2127 3060 2267 3129 inju-

691 3153 822 3206 rias.
870 3149 947 3205 Ne
999 3152 1245 3205 attrahas
1296 3149 1755 3220 reprehensiones
1804 3164 1941 3219 quas
1986 3160 2267 3206 merentur

691 3252 1028 3315 peccatores.

762 3332 876 3390 Nec
903 3333 1154 3390 zetaveris
1185 3349 1367 3389 eorum
1403 3334 1537 3388 vias.
1572 3332 1651 3389 Ne
1685 3333 1781 3390 tias
1814 3349 2007 3390 eorum
2039 3350 2265 3406 operum

694 3428 962 3484 imitator.

764 3519 930 3576 Vens.
984 3521 1074 3575 52.
1131 3518 1380 3588 Impurus
1443 3520 1581 3574 enim
1638 3520 1777 3588 apud
1836 3521 2040 3585 Deum,
2099 3523 2267 3576 omnis

698 3612 922 3667 violator
969 3612 1117 3681 legis.
1185 3612 1438 3682 lmpurus
1517 3619 1603 3667 est
1672 3613 1815 3667 enim
1886 3622 2014 3667 ante
2074 3613 2268 3676 Deum,

697 3704 911 3759 etiamsi
948 3718 1007 3759 se
1043 3703 1380 3759 abscondere
1416 3712 1613 3769 tentet,
1646 3705 1829 3760 omnis
1882 3705 2268 3761 mandatorum

688 3797 819 3867 ejus
850 3806 1245 3866 transgressor.

766 3886 834 3941 In
856 3885 1023 3955 justis
1054 3896 1229 3941 autem
1264 3902 1366 3940 non
1396 3885 1524 3955 facit
1553 3887 1857 3941 consilium.
1890 3887 2028 3943 Cum
2059 3887 2147 3944 his
2177 3890 2269 3958 qui

696 3977 953 4030 mandata
1009 3977 1196 4045 iniqua
1245 3975 1565 4031 custodiunt
1619 3993 1729 4032 non
1784 3977 1959 4043 sedet,
2006 3986 2270 4050 tanquam

700 4082 808 4123 non
840 4068 1193 4124 consentiens
1228 4067 1362 4133 illis,
1394 4068 1448 4123 in
1485 4070 1770 4127 sententiis
1800 4071 1864 4124 ad
1900 4072 2127 4125 bonum.

769 4156 933 4212 Vsus.
964 4158 1055 4214 '55.
1096 4157 1410 4213 Exsecratio
1450 4160 1663 4215 Domini
1705 4162 1757 4214 in
1802 4161 2047 4215 domibus
2082 4162 2273 4231 impio-

698 4265 839 4304 rum.
870 4248 1080 4305 Idcirco
1104 4251 1491 4307 condemnatio
1519 4251 1588 4307 ab
1620 4253 1864 4308 omnium
1908 4263 2133 4309 auctore
2162 4253 2272 4306 Do-

700 4343 871 4410 mino,
904 4343 959 4398 in
995 4358 1249 4414 corpora,
1282 4344 1485 4413 quibus
1521 4353 1782 4415 tanquam
1834 4354 2110 4401 amatores
2148 4359 2272 4400 cor-

2361 1881 2508 1944 ὃπως
2543 1878 2618 1950 μὴ
2649 1878 2901 1932 ἐντεῦθεν
2943 1874 3397 1948 ἀποθησαυρίσῃς
3441 1873 3654 1940 σεαυτῷ
3689 1872 3807 1943 ὓλην
3827 1874 3896 1926 τοῦ

2363 1968 2583 2023 αἰωνίου
2618 1968 2811 2041 πυρός.

2432 2061 2497 2114 λ’.
2535 2060 2635 2129 Μὴ
2661 2060 3081 2129 φιλεχθρήσῃς
3112 2058 3599 2127 πρὸςξᾶνθρωπον
3616 2055 3818 2125 μάτην,
3834 2056 3897 2124 μή

2364 2171 2417 2207 τι
2458 2157 2547 2219 εὶς
2597 2154 2672 2208 σὲ
2713 2152 3040 2224 ἐργάσηται
3078 2152 3290 2206 κακόν.
3341 2150 3431 2220 Μὴ
3463 2151 3773 2219 ἀγαπήσης,
3815 2149 3897 2201 εἴτε

2364 2248 2461 2318 τὴν
2487 2247 2628 2318 πρός
2661 2264 2783 2299 τινα
2832 2244 3120 2316 ἄνθρωπον
3155 2244 3358 2314 ἔχθραν
3380 2283 3393 2305 ,
3444 2244 3592 2304 ὅπως
3627 2241 3702 2312 μὴ
3736 2242 3897 2310 βλάϐην

2365 2339 2489 2393 τινὰ
2525 2339 2730 2409 δηλαδὴ
2786 2338 3024 2408 ψυχικὴν
3064 2336 3096 2407 ἢ
3151 2333 3474 2405 σωματικὴν
3522 2335 3772 2405 ἐπαγάγῃ
3811 2350 3895 2384 σοι·

2367 2433 2491 2485 ἐπεὶ
2520 2432 2748 2500 οὐδεμία
2778 2431 3050 2500 ὑπάρχειν
3081 2414 3418 2481 σοι’δύναται
3460 2425 3685 2494 εὔλογος
3720 2426 3897 2495 ἀφορμὴ

2367 2524 2504 2596 πρὸς
2532 2526 2685 2595 μῖσος
2714 2522 2882 2576 αὑτοῦ
2905 2539 2918 2553 ο
2947 2522 3058 2574 εἴτε
3088 2520 3189 2590 τὴν
3212 2519 3351 2589 πρὸς
3372 2518 3433 2572 τὸ
3457 2517 3618 2589 σῶμα
3647 2518 3898 2588 ἀνονήτοις,

2367 2614 2455 2667 διὰ
2487 2614 2547 2667 τὸ
2579 2614 2699 2667 κατ’
2734 2611 2868 2667 αὐτὸ
2913 2612 3012 2681 τῆς
3053 2610 3403 2681 ἀνθρωπίνης
3444 2609 3662 2679 φύσεως
3694 2607 3897 2669 ἀσθενὲς.

2369 2706 2465 2759 καλ⁹
2500 2706 2630 2777 περὶ
2649 2705 2775 2768 τοὺς
2804 2703 3096 2766 ἀκουσίους
3120 2702 3323 2764 πόνους
3352 2700 3703 2770 εὐέμπτωτον
3731 2703 3901 2769 μήποτε

2369 2797 2672 2869 ἀποτελέσῃ
2708 2798 2790 2862 είς
2829 2798 2888 2850 σὲ
2930 2795 3168 2866 ψυχικὴν
3198 2793 3499 2858 ἀπώλειαν,
3535 2793 3594 2845 τὸ
3620 2794 3724 2845 τῶν
3757 2793 3903 2845 κακῶν

2370 2892 2664 2964 χείριστον,
2697 2890 2765 2944 δι’
2809 2890 3104 2962 ὀλιγωρίαν
3144 2888 3332 2959 τυχὸν,
3361 2888 3451 2941 τὸν
3493 2886 3681 2940 τούτου
3722 2888 3903 2956 ὲπινοῂ·

2374 3003 2543 3039 σαντα
2563 2984 2686 3038 δλεθ
2697 3002 2808 3055 ρον.

2443 3075 2543 3128 λα’.
2572 3073 2668 3142 Μὴ
2713 3073 2911 3141 κτήσῃ
2973 3069 3174 3125 κακῶν
3246 3068 3484 3138 ἀνδρῶν
3556 3068 3769 3133 ὀνείδη.
3838 3067 3906 3135 Μὴ

2371 3167 2653 3238 ὲπισπάσῃ
2690 3165 2930 3236 μέμψεις
2962 3164 3027 3227 ἃς
3056 3162 3381 3232 ὑφίστανται
3404 3162 3451 3214 οἱ
3483 3161 3792 3231 παράνομοι.

2440 3345 2607 3413 Μηδὲ
2633 3344 2909 3413 ζηλώσῃς
2939 3342 3046 3410 τὰς
3069 3341 3250 3408 ὀδοὺς
3275 3340 3496 3395 αὐτῶν.
3517 3339 3667 3410 Μηδὲ
3681 3341 3802 3411 γένῃ
3826 3337 3907 3389 τῶν

2372 3437 2549 3508 ἔργων
2581 3438 2761 3492 αὐτῶν
2794 3436 3064 3507 μιμητής.

2441 3533 2543 3604 λβ’.
2583 3531 2951 3598 Ἀκάθαρτος
3026 3528 3137 3598 γὰρ
3193 3528 3355 3595 παρὰ
3382 3527 3601 3595 Κυρίου
3621 3523 3733 3589 πᾶς
3761 3522 3907 3590 ,ταρά-

2373 3644 2581 3694 νομος.
2615 3621 3047 3693 Μεμολυσμὲνος
3072 3620 3182 3691 γάρ
3221 3621 3370 3673 ἔστιν
3396 3617 3629 3671 ἐνώπιον
3659 3615 3799 3680 Θεοῦ,
3828 3616 3904 3665 κᾶν

2372 3716 2661 3771 λανθάνειν
2698 3713 3019 3783 ἀνθρώπους
3040 3712 3314 3782 ἐπιχειρῇ,
3334 3710 3481 3771 ἄπας
3499 3706 3801 3779 παραὸάτης
3820 3704 3901 3757 τῶν

2374 3806 2539 3863 αὐτοῦ
2570 3804 2817 3859 ἐντολῶν.

2457 3900 2558 3954 Ἕν
2578 3897 2646 3950 δὲ
2700 3895 2951 3960 δικαίοις
3017 3895 3088 3948 οὐ
3135 3890 3527 3960 συνεδριάζει.
3576 3889 3724 3944 Μετᾶ
3752 3886 3899 3942 binim

2372 3989 2689 4062 τηρούντων
2741 3985 2914 4050 αὐτὰς
2976 3986 3037 4038 οὐ
3072 3982 3437 4054 συγκάθηται,
3476 3981 3553 4044 ὡς
3600 3982 3673 4053 μὴ
3712 3996 3898 4033 συνανα-
3996 3978 3997 3983 “

2374 4080 2685 4151 παυόμενος
2720 4077 2932 4142 τούτοις
2955 4076 3097 4131 κατὰ
3130 4074 3359 4145 γνώμην
3390 4075 3484 4128 ἐπὶ
3518 4074 3595 4143 τῷ
3624 4071 3811 4142 ἀγαθῷ.

2444 4170 2545 4238 λγ’.
2578 4166 2817 4234 Κατάρα
2842 4166 3062 4234 Κυρίου
3081 4164 3151 4218 ἐν
3178 4163 3368 4229 οἴκοις
3394 4160 3648 4217 ἀσεϐῶν.
3670 4164 3753 4213 Διὸ
3779 4159 3900 4211 κατὰ·

2985 4255 2999 4274 ν
3043 4253 3198 4274 --.ν-,π
3233 4252 3323 4274 --Β
3371 4250 3437 4274 _.‘".

2375 4350 2533 4416 Θεοῦ,
2566 4351 2677 4412 τοῖς
2699 4347 2970 4417 σώμασιν,
3002 4339 3076 4399 ὧν
3116 4344 3463 4414 ἀντέχονται,
3498 4335 3588 4396 οἷά
3610 4358 3761 4395 τινων
3784 4339 3897 4410 μονί-

697 4450 913 4507 porum.
948 4436 1256 4491 habitantes
1284 4435 1511 4492 stabiles
1541 4436 1756 4503 domos,
1783 4436 1936 4492 fuere
1964 4436 2261 4507 conjuncta}

2378 4461 2493 4515 μων
2544 4441 2930 4503 κατοικιῶντες
2990 4436 3384 4507 φιλοσώματοι,
3439 4438 3495 4491 αἱ
3538 4434 3702 4506 ψυχαὶ
3723 4433 3815 4487 τῶν
3842 4431 3899 4501 μὴ

698 4526 894 4580 animae
920 4524 1199 4580 hominum
1234 4526 1399 4581 Deum
1440 4541 1535 4596 per
1566 4526 1707 4580 bona
1736 4542 1900 4596 opera
1941 4541 2049 4581 non
2080 4528 2267 4582 colen-

699 4618 836 4673 tium
868 4638 881 4674 :
915 4618 1010 4688 qui
1046 4634 1179 4674 vero
1208 4617 1377 4673 Deum
1409 4632 1507 4687 pcr
1539 4632 1704 4686 opera
1732 4618 1970 4681 coluere,
2005 4618 2270 4675 adversus

699 4724 924 4766 carnem
969 4718 1368 4782 pugnaverunt,
1402 4718 1460 4762 ut
1503 4708 1703 4778 spiritu
1745 4708 2050 4764 secundum
2101 4708 2268 4764 Deum

698 4798 968 4854 viverent.

776 4889 979 4943 Domus
1013 4890 1284 4958 justorum
1332 4888 1723 4945 benedicentur.
1764 4889 2009 4961 Corpora
2050 4891 2104 4945 in
2149 4892 2271 4961 qui-

685 4982 829 5043 bus,
867 4989 1122 5050 tanquam
1174 4984 1225 5034 in
1280 4980 1533 5036 domibus
1582 4983 1979 5053 temporalibus
2024 4983 2275 5037 habitant

702 5072 899 5126 animae
927 5085 1114 5126 eorum
1146 5073 1239 5142 qui
1269 5080 1473 5127 mtcrna
1517 5076 1914 5144 temporalibus
1955 5073 2273 5145 praeferunt,

703 5166 767 5220 ad
824 5166 1030 5220 bonum
1094 5164 1447 5230 inducentur,
1505 5164 1821 5223 divinorum
1890 5168 2274 5221 mandatorum

704 5258 1041 5329 impletione.

776 5349 939 5405 Vens.
985 5347 1075 5404 54.
1124 5348 1384 5404 Dominus
1432 5350 1668 5420 superbis
1714 5351 1939 5416 resistit,
1991 5348 2275 5418 humilibus

708 5454 880 5496 autem
917 5441 1009 5495 dat
1042 5442 1296 5511 gratiam.
1327 5443 1431 5499 Sed
1469 5444 1537 5498 iis
1576 5444 1668 5514 qui
1714 5444 1970 5499 nesciunt
2002 5444 2276 5514 propriam

707 5534 1113 5602 inﬁrmitatem,
1141 5546 1195 5591 et
1242 5536 1347 5592 sibi
1377 5536 1511 5608 ipsis
1563 5545 1617 5593 et
1663 5552 1773 5592 non
1824 5535 1936 5591 Deo
1984 5536 2128 5590 bona
2179 5552 2278 5593 sua

706 5643 872 5699 opera
924 5629 1202 5693 tribuant,
1266 5631 1476 5685 resistit
1531 5632 1648 5702 ipse
1693 5630 1940 5687 omnium
1990 5628 2276 5694 Dominus,

705 5720 946 5791 potentia
979 5720 1071 5776 Dei
1102 5735 1199 5793 per
1229 5736 1287 5778 se
1319 5723 1628 5781 subsistens
1659 5731 1711 5781 et
1749 5723 2118 5796 omnipotens,
2154 5724 2275 5781 illos

2371 4535 2439 4590 δι’
2479 4532 2702 4602 ἀγαθῶν
2729 4532 2907 4603 ἔργων
2941 4528 3229 4599 τιμώντων
3254 4529 3420 4583 αὐτόν
3444 4546 3459 4560 ·
3487 4526 3803 4600 κρινομένων
3817 4522 3901 4575 τῶν

2372 4627 2628 4679 τοιούτων
2650 4622 2951 4694 ἀνθρώπων
2978 4621 3096 4675 κατ’
3123 4619 3450 4692 ἀνθρώπους
3489 4621 3675 4691 σαρκὶ,
3698 4619 3775 4671 ἴνα
3799 4615 3895 4680 ζῶσι

2374 4714 2516 4770 κατὰ
2544 4714 2677 4768 Θεὸν
2712 4711 3009 4783 πνεύματι.

2459 4897 2775 4960 Ἐπαύλεις
2813 4893 2882 4947 δὲ
2925 4894 3171 4947 δικαίων
3203 4892 3620 4962 εὐλογοῦνται.
3647 4893 3723 4945 Τὰ
3762 4890 3806 4944 δὲ
3824 4889 3893 4941 σώ-

2380 5004 2526 5058 ματα
2553 4988 2610 5040 ὲν
2633 4979 2715 5049 οἷς
2741 4984 3070 5049 αὐλίζονται,
3101 4986 3177 5048 ώς
3233 4986 3593 5055 προσκαίροις
3612 4986 3718 5038 τισὶ
3751 5000 3893 5052 παροι-

2376 5078 2543 5143 κίαις,
2561 5077 2616 5130 αἱ
2638 5076 2807 5146 ψυχαὶ
2825 5076 2934 5129 τῶν
2950 5077 3348 5147 προκρινόντων
3363 5076 3431 5129 τὰ
3453 5076 3645 5129 αἰώνια
3656 5074 3755 5127 τῶν
3770 5090 3893 5143 προς·

2378 5166 2605 5238 καίρων,
2660 5167 2945 5234 ὲνάγονται
2988 5165 3125 5236 πρὸς
3172 5166 3233 5219 τὸ
3263 5166 3470 5235 ἀγαθὸν
3505 5168 3625 5229 ταῖς
3652 5164 3751 5219 τῶν
3776 5162 3894 5217 θείων

2378 5259 2541 5314 αὐτοῦ
2571 5259 2801 5313 ἐντολῶν
2835 5259 3143 5330 ἐργασίαις.

2448 5352 2541 5405 λδ¹.
2574 5352 2789 5419 Κύριος
2821 5350 3230 5420 ὑπερηφάνοις
3264 5351 3705 5413 ἀντιτάσσεται,
3743 5364 3892 5403 taxa-

2379 5442 2507 5509 νοῖς
2534 5442 2601 5494 δὲ
2618 5442 2828 5495 δίδωσι
2851 5442 3047 5511 χάριν.
3103 5442 3264 5496 Ἀλλὰ
3308 5444 3400 5496 καὶ
3440 5446 3552 5504 τοῖς
3581 5440 3806 5511 ἀγνοοῦσι
3824 5439 3894 5507 τὴν

2380 5534 2586 5587 οίκείαν
2607 5532 2917 5599 ἀσθένειαν,
2951 5533 3047 5586 καὶ
3073 5535 3288 5598 ἑαυτοῖς
3308 5536 3401 5587 καὶ
3432 5535 3493 5587 ού
3524 5535 3639 5605 Θεῷ
3659 5540 3719 5588 τὰ
3745 5545 3893 5597 κατορο
3988 5532 3989 5537 “

2383 5627 2608 5698 θώματα
2636 5628 3054 5699 ἐπιγράφουσιν,
3082 5628 3532 5682 ἀντικαθίσταται
3568 5627 3716 5692 αὐτὸς
3739 5628 3763 5679 ὁ
3792 5625 3890 5677 πάνυ

2382 5740 2489 5776 των
2538 5720 2834 5793 Δεσπότης,
2877 5723 2909 5793 ἡ
2964 5722 3327 5787 ἐνυπόστατος
3363 5722 3457 5777 τοῦ
3484 5721 3614 5776 Θεοῦ
3639 5732 3889 5788 παντοκρι·
