4034 6498
195 340 217 402 1
227 339 329 403 253

1223 334 1760 395 CUMMENTARII
1792 334 1874 394 IN
1905 334 2363 397 PROVERBIA.

3330 343 3466 409 1254

190 452 385 523 τορικὴ
400 451 653 523 δύναμις,
670 450 919 520 σφάλλων
937 449 1318 513 αύτόν.”οπως
1336 450 1434 519 τὴν
1451 449 1656 504 οἰκείαν
1676 450 1780 503 ἐπι¹

1893 448 2179 519 abjicicns,
2213 460 2269 504 ιιι
2300 452 2534 523 propria:
2567 452 2887 525 fragilitatis
2933 458 3167 523 conscii,
3210 473 3318 513 non
3365 433 3471 514 sibi

189 545 409 614 γνόντες
443 546 752 608 ἀσθένειαν,
784 545 860 615 μὴ
889 544 1231 614 ἐπαίρωνται
1262 542 1348 612 ἐφ’
1373 538 1455 606 οἷς
1486 544 1659 614 χωρὶς
1677 543 1778 596 αύ-

186 635 281 690 τυῦ
309 637 371 689 ού
398 637 655 692 δύνανται
678 639 852 690 ποιεῖν
879 636 1053 700 οὐδὲν,
1104 635 1199 689 καὶ
1236 635 1333 704 τῆς
1356 634 1619 705 ἀληθείας
1647 636 1781 688 ἀποο

188 728 520 783 πλανῶνται.
544 731 683 793 Τοὺς
712 729 770 782 δὲ
799 726 1187 797 ἐπιγνώμονας
1251 729 1352 797 τῆς
1383 727 1593 790 οἰκείας
1612 726 1779 779 ἀσθε-

184 820 358 885 νείας,
391 822 484 874 καὶ
500 822 952 891 ταπεινόφρονας,
974 820 1072 889 τῆς
1096 820 1190 872 τοῦ
1216 820 1483 889 παναγίου
1518 820 1778 890 Πνεύμα-

190 928 280 975 τος
301 912 449 979 ἀξιοῖ
475 913 718 984 χάριτος,
744 912 1026 983 καθαίρων
1061 911 1160 982 μὲν
1196 910 1422 971 τούτους
1462 910 1569 963 ἀπὸ
1597 911 1777 979 πάσης

189 1004 392 1067 κακίας
421 1004 500 1075 τῷ
534 1005 705 1076 φόϐῳ,
738 1003 992 1074 φωτίζων
1015 1003 1071 1056 δὲ
1106 1005 1172 1073 τῇ
1208 1001 1315 1055 τῶν
1348 1001 1509 1054 θείων
1548 1001 1778 1054 ἐντολῶν

187 1097 333 1148 κατά
364 1098 559 1167 πεῖραν
605 1096 865 1159 συνέσει,
914 1094 1011 1148 καὶ
1045 1093 1267 1148 τελειῶν
1323 1096 1389 1164 τῇ
1445 1093 1512 1146 δι’
1555 1093 1777 1162 ἀγάπης

187 1186 391 1259 ἑνούσῃ
414 1187 636 1251 τούτους
664 1186 815 1257 αύτῷ
861 1185 1179 1256 τελειοποιῷ
1214 1185 1394 1255 σοφίᾳ.

262 1281 364 1336 λε’.
396 1282 587 1345 Δόξαν
613 1281 789 1348 σοφοί
824 1278 1417 1347 κληρονομήσουσιν.
1443 1268 1552 1339 Ἧς
1585 1276 1778 1344 σοφίας

188 1376 242 1429 οἱ
291 1374 634 1439 ἀξιωθέντες,
693 1372 769 1436 ὡς
814 1370 997 1443 ἔργοις
1045 1369 1397 1440 δικαιοσύνης
1447 1370 1778 1439 τιμήσαντες

189 1468 286 1520 τὸν
328 1468 385 1519 ἐν
417 1467 664 1536 οὐρανοῖς
694 1463 833 1517 κατὰ
866 1464 1025 1534 χάριν
1062 1462 1301 1533 Πατέρα,
1346 1461 1446 1531 τῆς
1469 1461 1659 1515 τούτου
1689 1461 1779 1531 βα-

190 1560 405 1624 σιλείας
446 1558 776 1631 κληρονόμοι
803 1558 1149 1627 γενήσονται.

265 1654 331 1706 οι
385 1651 453 1704 δὲ
511 1649 751 1715 ἀσεϐεῖς
804 1648 1064 1717 ὕψωσαν
1114 1647 1374 1715 ἀτιμίαν.
1408 1646 1469 1699 Οἱ
1501 1646 1559 1699 δέ
1591 1645 1666 1716 μὴ
1708 1644 1776 1698 δι’

187 1741 415 1811 ἀγαθῶν
447 1741 625 1813 ἔργων
668 1739 938 1810 τιμῶντες
986 1738 1171 1800 αὑτὸν,
1219 1738 1317 1807 τὴν
1349 1736 1561 1789 ἑαυτῶν
1592 1737 1781 1805 ἀτιμο-

1886 544 2160 613 gaudeant
2204 545 2271 598 dc
2308 544 2394 599 his
2437 560 2556 614 qua:
2589 546 2707 600 sine
2752 545 2845 600 illo
2875 546 3100 603 nomine
3132 549 3313 605 facere
3342 565 3471 616 pos-

1885 645 2035 698 sunt,
2066 643 2120 690 et
2149 651 2179 689 a
2212 635 2438 691 veritate
2472 651 2582 690 non
2614 645 2929 691 avertentur
2965 655 2979 691 :
3007 653 3102 693 eos
3139 649 3322 695 autem
3370 643 3466 710 qui

1886 741 2041 780 suam
2088 725 2446 794 fragilitatem
2492 736 2716 791 norunt,
2748 736 2803 781 et
2845 727 3132 784 humiliter
3166 730 3234 785 de
3266 746 3325 786 se
3353 746 3473 786 sen-

1883 817 2049 881 tiunt,
2080 827 2135 874 et
2165 821 2239 874 ita
2272 818 2515 888 Spiritus
2546 818 2880 873 sanctissimi
2914 821 3089 890 gratia
3127 821 3275 892 digni
3313 832 3464 887 sunt,

1884 925 1980 978 per
2012 912 2261 966 timorem
2302 911 2371 963 ab
2412 911 2561 965 omni
2596 911 2806 965 malitia
2871 912 3145 980 puriﬁcat,
3180 921 3235 968 et
3264 916 3467 969 intelli-

1883 1003 2066 1072 gentia
2100 1000 2486 1055 mandatorum
2526 1000 2862 1063 divinorum,
2896 1002 2950 1055 in
2997 1004 3297 1058 tentatione
3337 1004 3463 1057 illu-

1884 1095 2077 1160 minat,
2122 1104 2178 1148 et
2223 1095 2346 1148 illos
2394 1094 2606 1163 perﬁcit
2659 1110 2755 1164 per
2802 1094 3186 1165 perlectricem
3249 1098 3466 1166 sapien—

1881 1186 2036 1248 tiam,
2063 1201 2167 1252 qua
2200 1185 2276 1239 illi
2308 1201 2495 1241 amore
2526 1186 2964 1256 coniunguntur.

1949 1273 2118 1331 Vens.
2145 1276 2235 1330 55.
2271 1274 2510 1330 Gloriam
2539 1278 2802 1345 sapientes
2832 1276 3194 1345 possidebunt.
3230 1277 3332 1345 Qui
3361 1277 3463 1335 hac

1881 1368 2154 1438 sapientia
2199 1369 2346 1438 digni
2398 1368 2527 1422 l'acti
2574 1376 2724 1432 sunt,
2761 1370 2887 1438 quia
2938 1369 3195 1439 operibus
3233 1371 3463 1440 iustitia:

1882 1458 2228 1513 ltonorarunt
2267 1473 2392 1513 eum
2430 1458 2522 1529 qui
2558 1470 2642 1514 est
2672 1460 2724 1513 in
2762 1460 2919 1514 cmlis
2960 1474 3056 1528 per
3095 1461 3329 1530 gratiam
3359 1460 3463 1515 Pa-

1882 1559 1983 1614 ter,
2015 1549 2164 1605 illius
2194 1553 2345 1619 regni
2378 1549 2623 1604 ltmredes
2652 1549 2984 1605 elliciuntur.

1955 1641 2112 1709 Impii
2138 1641 2379 1695 exaltant
2409 1642 2775 1710 ignominiam.
2809 1640 2912 1707 Qui
2945 1655 3076 1696 vero
3100 1640 3268 1695 Deum
3304 1640 3463 1696 bonis

1883 1732 2144 1802 operibus
2182 1747 2291 1787 non
2333 1733 2545 1796 colunt,
2578 1747 2732 1787 suam
2774 1741 2989 1803 turpem
3027 1734 3313 1798 malitiam,
3345 1749 3464 1788 ma-

189 1836 348 1889 ποιὸν
400 1834 601 1889 κακίαν
644 1831 1120 1905 περιφανεστέραν
1177 1830 1462 1899 ἐποίησαν,
1499 1827 1596 1890 τὰς
1636 1828 1777 1897 ἀμυ-

1886 1822 2297 1878 niicstissimam
2340 1822 2662 1887 eﬁecerunt,
2698 1822 2942 1879 inﬁnitos
2974 1838 3199 1880 suarum
3244 1824 3462 1894 cupidi-

192 1929 395 1999 θήτους
444 1927 554 1981 τῶν
606 1926 938 1997 παραλόγων
1000 1923 1188 1977 παθῶν
1256 1922 1499 1992 γενέσεις
1569 1922 1778 1992 ἐπινοῆ-

194 2034 414 2081 σαντες.

801 2108 1050 2161 ΚΕΦΑΛ.
1089 2108 1164 2160 A'.

245 2212 317 2260 α’.
336 2204 683 2268 Ἀκούσατε,
702 2201 931 2266 παῖδες,
951 2199 1205 2252 παὸείαν
1220 2196 1459 2265 πατρὸς,
1478 2193 1575 2249 καὶ
1593 2209 1777 2263 προσ-

189 2298 365 2369 έχετε
389 2295 609 2366 γνῶναι
647 2287 912 2348 ἕννοιανζ
949 2289 1144 2343 Ἔνθεν
1174 2306 1280 2353 τοι,
1316 2287 1503 2341 τεκνία
1532 2302 1776 2356 πνευμα-

190 2389 348 2453 τικά,
376 2389 495 2450 ταῖς
525 2386 623 2457 μὲν
655 2382 967 2437 ἐπιπειθέσι
999 2381 1142 2451 λόγῳ
1177 2379 1492 2450 ὀρεκτικαῖς
1535 2375 1644 2429 τῶν
1671 2376 1775 2444 ψυ-

193 2481 311 2553 χῶν
338 2479 491 2551 ύμῶν
534 2476 844 2546 δυνάμεσιν,
896 2471 1245 2527 ὑπακούσατε
1275 2470 1372 2538 τῆς
1404 2468 1545 2523 κατά
1577 2468 1775 2538 πρᾶξιν

191 2572 470 2634 ἐπιπόνως
496 2569 607 2623 τῶν
651 2568 759 2622 ἀπὸ
817 2565 1015 2628 κακίας
1066 2563 1300 2624 κηλίδων
1335 2559 1775 2629 ἐκκαθαιρούσης

190 2665 343 2735 ὑμᾶς
366 2662 762 2734 παραινέσεως,
785 2658 877 2713 τοῦ
894 2658 1035 2712 κατὰ
1056 2659 1215 2728 χάριν
1238 2652 1607 2715 υίοθετοῦντος
1628 2654 1775 2722 ἡμᾶς

189 2758 355 2812 Θεοῦ.
385 2757 521 2819 Ταῖς
571 2755 627 2808 δὲ
678 2753 1086 2824 θεωρητικαῖς,
1142 2748 1399 2801 σκοπεῖτε
1448 2742 1774 2798 καταλαϐεῖν

190 2849 515 2922 γνωστικῶς
549 2848 651 2918 τὴν
682 2847 885 2915 ταύτης
912 2845 1175 2899 διάνοιαν.

267 2942 336 3013 β’.
365 2940 564 3008 Δῶρον
594 2937 703 3008 γὰρ
730 2934 955 3004 ἀγαθὸν
977 2928 1274 3002 δωροῦμαι
1296 2927 1469 2998 ὐμῒνο
1496 2926 1605 2981 τὸν
1630 2926 1777 2998 ἐμὸν

191 3038 386 3106 νόμον
418 3032 505 3103 μὴ
562 3029 1015 3100 ἐγκαταλίπητε.
1062 3024 1246 3097 Μηδὲν
1282 3023 1391 3094 γὰρ
1424 3038 1776 3093 προεισενεγ-

1878 1924 2051 1972 tatum
2080 1915 2273 1972 modos
2302 1917 2702 1986 excogitantes.

2511 2093 2664 2149 CAP.
2704 2092 2795 2150 IV.

1949 2184 2118 2241 Vrsas.
2148 2187 2198 2240 1.
2232 2185 2445 2252 Audite,
2475 2187 2602 2255 ﬁlii,
2624 2187 2964 2255 disciplinam
2986 2187 3177 2256 patris,
3206 2197 3253 2240 et
3285 2195 3459 2239 atten-

1877 2281 2002 2343 dite,
2040 2290 2098 2334 ut
2132 2280 2316 2333 sciatis
2345 2280 2777 2349 intelligentiam.
2810 2278 2938 2333 lude
2970 2294 3120 2342 vero,
3159 2278 3253 2332 ﬁlii
3295 2277 3459 2347 Spili-

1878 2373 2079 2437 tuales,
2111 2378 2421 2427 vestrarum
2455 2371 2763 2425 animarum
2798 2369 3327 2438 concupiscibilibus
3356 2383 3457 2438 po-

1879 2464 2091 2529 tentiis,
2123 2464 2367 2519 sermoni
2407 2462 2762 2524 docibilibus,
2793 2461 2979 2515 audite
3010 2459 3325 2523 consilium,
3359 2473 3458 2515 vos

1878 2557 2098 2611 actione
2151 2554 2430 2610 laboriosa
2488 2568 2517 2607 a
2573 2553 2797 2607 malitia:
2848 2550 3077 2606 maculis
3139 2548 3455 2620 puriﬁcans,

1879 2650 2063 2703 datum
2091 2648 2161 2703 ab
2192 2648 2307 2713 illo,
2339 2646 2428 2716 qui
2455 2661 2552 2701 vos
2594 2645 2645 2699 in
2676 2644 2819 2698 ﬁlios
2856 2642 3158 2711 adoptavit,
3186 2638 3296 2694 Deo
3327 2656 3340 2692 :
3368 2638 3457 2693 in-

1879 2738 2285 2795 tellectualibus
2332 2746 2517 2793 autem
2570 2735 2853 2805 potentiis,
2896 2731 3186 2799 attendite,
3225 2739 3281 2785 ut
3318 2730 3459 2785 scite

1878 2830 1944 2884 ad
1974 2828 2139 2899 hujus
2168 2827 2585 2897 intelligentiam
2614 2824 2969 2895 perveniatis.

1956 2921 2120 2977 Vens.
2157 2921 2212 2975 2.
2239 2920 2451 2974 Donum
2479 2919 2673 2973 bonum
2702 2916 2994 2971 retribuam
3052 2914 3195 2968 vobis
3230 2929 3250 2969 :
3296 2914 3457 2983 legem

1878 3034 2050 3073 meam
2101 3033 2167 3071 ne
2203 3012 2608 3083 derelinquatis.
2645 3009 2836 3074 Vobis,
2878 3008 3013 3062 nihil
3046 3009 3280 3077 primum
3327 3006 3458 3061 oli'e-

192 3097 378 3191 stabat,
399 3097 625 3196 παρέχω
654 3123 783 3193 ὑμῖν
834 3118 1153 3190 εὐεργεσίαν
1197 3117 1464 3187 σωτήριον
1513 3113 1608 3167 τοῦ
1638 3114 1775 3166 ἀπο-

1886 3108 2157 3173 rentibus,
2180 3105 2350 3161 oﬁero
2369 3102 2697 3159 beneﬁcium
2718 3100 2964 3163 salubre,
2982 3107 3084 3152 uta
3112 3098 3230 3168 lege
3250 3097 3455 3165 divina,

191 3191 495 3293 ιιιρέιιτονειος
538 3191 649 3268 τῶν
694 3191 791 3282 ⁷μὴ
832 3210 1081 3274 δεόντων,
1138 3207 1234 3260 καὶ
1282 3202 1682 3276 προτρέποντος
1704 3201 1770 3256 τὰ

1886 3215 1999 3271 quae
2027 3206 2271 3255 removet
2304 3211 2334 3250 a
2403 3210 2510 3250 non
2545 3191 3029 3256 convenientibus,
3072 3199 3460 3261 promovetque

193 3283 388 3367 δέοντα
451 3308 599 3362 θείου
647 3304 836 3376 νόμου,
885 3292 930 3369 ᾧ
973 3299 1069 3355 καὶ
1115 3298 1277 3362 αὐτὸς
1327 3295 1649 3366 ύπόκειμαι,
1698 3292 1773 3362 μὴ

1886 3292 1943 3348 ad
2000 3290 2402 3353 convenientia,
2439 3288 2527 3343 cui
2579 3295 2635 3342 et
2692 3286 2809 3356 ipse
2854 3283 3142 3354 subjicior,
3184 3299 3290 3339 non
3334 3300 3462 3340 vos-

196 3402 541 3475 ἀπόσχησθε.

273 3501 347 3563 γ’.
378 3494 511 3559 Υἱὸς
560 3489 670 3560 γὰρ
710 3485 1001 3558 ἐγενόμην
1067 3480 1229 3552 κάγὼ
1268 3479 1443 3547 πατρὶ
1484 3476 1775 3547 ὑπήκοος,

201 3592 303 3647 καὶ
330 3585 715 3658 ἀγαπώμενος
746 3581 814 3633 ἐν
881 3575 1178 3646 προσώπῳ
1214 3573 1461 3643 μητρός.
1497 3571 1631 3633 Παίς
1670 3571 1777 3638 γὰρ

201 3680 348 3736 κατά
405 3677 565 3750 χάριν
635 3672 834 3743 γέγονα
878 3668 974 3722 καὶ
1022 3665 1206 3729 αὐτὸς,
1240 3664 1317 3734 τῷ
1355 3660 1591 3731 οὐρανίῳ
1624 3660 1779 3730 ἡμῶν

198 3772 383 3843 Πατρὶ
408 3749 710 3838 πειθήνιος,
742 3762 838 3816 καὶ
869 3758 1190 3831 φιλούμενος
1244 3755 1373 3826 παρ’
1415 3751 1578 3805 αὐτοῦ
1615 3751 1673 3802 ἐν
1702 3749 1781 3821 τῷ

204 3840 694 3937 χαρακτηριστικῷ
747 3855 845 3924 τῆς
894 3846 1307 3921 ἐκθρεψαμένης
1338 3861 1403 3915 με
1434 3840 1781 3905 διδασκαλίας

199 3954 371 4010 αὐτοῦ
405 3949 779 4020 πολιτεύματι.

274 4049 340 4101 δ’.
376 4045 444 4099 Οἳ
466 4040 790 4097 ἐδίδασκόν
817 4053 914 4108 με,
954 4033 1050 4088 καὶ
1080 4034 1312 4098 ἔλεγον.
1338 4028 1423 4090 Οἳ,
1457 4028 1486 4081 ὁ
1514 4024 1784 4080 διδάσκων

207 4140 449 4201 πάντως,
474 4134 570 4189 καὶ
620 4133 655 4202 ἡ
712 4126 905 4182 τούτου
958 4120 1299 4187 διδασκαλία,
1330 4116 1645 4172 ἐνουθέτουν
1693 4132 1783 4186 με,

206 4230 483 4297 λέγοντες.

310 4318 597 4390 Ερειδέτω
634 4317 667 4370 ὁ
692 4311 975 4383 ἡμέτερος
1011 4307 1193 4375 λόγος
1240 4305 1327 4369 είς
1354 4300 1479 4370 σὴν
1516 4298 1786 4369 καρδίαν,

206 4414 446 4470 Ποιείτω
473 4412 531 4465 ὲν
570 4410 638 4479 τῇ
689 4408 754 4475 σῇ
804 4400 1014 4469 διανοίᾳ
1048 4399 1083 4466 ἡ
1118 4395 1444 4466 παραίνεσις
1472 4392 1629 4463 ἡμῶν
1660 4407 1790 4461 στη-

211 4505 434 4578 ριγμδν,
468 4497 762 4572 ἐδραιοῦσα
791 4494 995 4562 ταύτην
1026 4493 1082 4545 ἐν
1103 4489 1178 4557 τῷ
1207 4486 1419 4558 ἀγαθῷ.

281 4618 571 4672 Φύλασσε
585 4610 840 4676 ἐντολάς
863 4626 999 4679 μου,
1034 4603 1130 4658 καὶ
1162 4599 1335 4669 Man.
1364 4600 1533 4670 Τήρει
1558 4597 1668 4669 ἐμά
1691 4596 1784 4651 τοῦ

210 4707 675 4778 υίοθετησαμένου
705 4721 762 4757 σε
787 4700 1070 4775 παηρσγγέλ
1080 4714 1246 4766 ματα,
1295 4692 1389 4745 καὶ
1416 4691 1515 4761 τῆς
1544 4692 1600 4743 ἐν
1621 4689 1788 4743 πνεύ-

213 4818 349 4874 ματι
370 4796 645 4870 μακαρίας
682 4794 958 4863 μετάσχῃς
983 4788 1149 4857 ζωῆς.

185 4893 191 4897 ’
284 4915 351 4971 ε’.
380 4910 608 4980 Κτῆσαι
638 4909 882 4978 σοφίαν,
909 4902 1128 4973 κτῆσαι
1158 4902 1439 4955 σύνεσιν.
1470 4892 1788 4968 Προσϐαλοῦ

212 5005 316 5075 τήν
368 5020 429 5057 τε
480 5001 660 5071 πάσης
700 4997 921 5066 ἀγνοίας
977 4991 1337 5064 ἀφανιστικὴν
1408 4987 1631 5058 σοφίαν,
1695 4986 1789 5039 καὶ

214 5097 315 5170 τὴν
347 5094 533 5150 πασῶν
556 5110 658 5165 μου
691 5090 801 5144 τῶν
830 5086 1058 5142 ἐντολῶν
1096 5084 1384 5153 ποιητικὴν
1416 5081 1653 5134 σύνεσιν.

289 5324 389 5390 Μὴ
412 5319 690 5388 ἐπιλάϐῃ,
726 5315 881 5388 μηδὲ
898 5311 1149 5382 amplam
1173 5306 1358 5377 ῥῆσιν
1389 5303 1534 5373 ἐμοῦ
1567 5303 1791 5372 στόμα-

220 5437 343 5486 τος.
375 5416 470 5485 Μὴ
519 5412 787 5485 ἀμνήμων
821 5406 958 5478 μήτε
1003 5402 1293 5473 παρόπτης
1341 5397 1441 5467 τῆς
1489 5395 1628 5466 ἐμῆς
1660 5393 1793 5464 γένῃ

220 5502 591 5564 διδασκαλίας.

293 5628 371 5687 ς’.
395 5616 488 5685 Μὴ
506 5609 914 5686 ἐγκαταλίπῃς
968 5597 1302 5667 αὐτὴν,.καί
1331 5592 1640 5659 ἀνθέξεταί
1654 5606 1790 5647 σου.

221 5683 321 5783 Μή
348 5683 590 5778 ἀποστῇς
645 5701 871 5770 ταύτης,
904 5696 997 5750 καὶ
1048 5684 1398 5757 ἀντιλάϐηταί
1440 5701 1535 5738 σου
1576 5683 1634 5738 ἐν
1671 5683 1794 5747 ταῖς

142 5838 148 5842 <
224 5777 365 5863 κατὰ
387 5801 496 5858 τῶν
522 5777 726 5871 νοητῶν
756 5789 966 5864 ἐχθρῶν
990 5777 1505 5855 ἁντιπαρατάξεσιν.

1876 3386 2142 3456 metipsos
2173 3383 2457 3439 avertatis.

1944 3480 2115 3537 Vens.
2163 3480 2217 3534 5.
2252 3478 2396 3532 Nam
2438 3485 2490 3531 et
2547 3478 2657 3545 ipse
2716 3475 2795 3544 fui
2849 3474 2995 3546 ﬁlius
3026 3473 3197 3545 patris
3241 3472 3454 3529 docilis:

1879 3585 1929 3631 et
1970 3572 2220 3628 amabilis
2246 3572 2302 3624 in
2355 3581 2642 3637 conspectu
2672 3568 2891 3622 matris.
2944 3566 3075 3621 Nam
3106 3576 3161 3622 et
3217 3569 3331 3637 ipse
3384 3566 3462 3621 fui

1883 3679 2036 3736 puer,
2067 3660 2367 3717 secundum
2398 3657 2633 3728 gratiam
2651 3654 2847 3710 docilis
2865 3652 3015 3708 Patri
3063 3653 3297 3715 caelesti,
3321 3666 3464 3706 ama-

1883 3756 2012 3813 bilis
2047 3755 2101 3809 in
2146 3751 2340 3823 agendi
2375 3750 2591 3804 ratione
2627 3762 2749 3817 qua
2780 3746 2848 3802 ad
2873 3747 3056 3802 vivum
3079 3744 3335 3815 exprimit
3362 3744 3461 3799 do-

1884 3848 2119 3905 ctrinam
2146 3844 2266 3915 ejus
2286 3857 2370 3898 me
2392 3841 2753 3896 nutrientem.

1958 4022 2124 4078 Vens.
2155 4021 2189 4075 4
2255 4020 2360 4085 Qui
2393 4034 2472 4073 me
2505 4017 2790 4082 docebant,
2822 4026 2872 4071 et
2916 4014 3181 4070 dicebant.
3211 4011 3313 4077 Illi,
3342 4027 3463 4067 om-

1889 4118 2039 4170 nium
2087 4120 2413 4183 praeceptor,
2448 4117 2505 4163 et
2537 4106 2660 4177 ejus
2697 4105 3013 4176 disciplina,
3043 4119 3129 4158 me
3169 4102 3466 4157 hortaban-

1851 4223 1861 4239 ι
1890 4216 2001 4269 tur,
2028 4204 2279 4259 dicentes
2314 4219 2327 4255 :

1958 4299 2189 4370 Figatur
2220 4312 2397 4351 sermo
2446 4302 2622 4349 noster
2670 4293 2727 4347 in
2773 4308 2865 4347 cor
2922 4300 3092 4345 tuum.
3143 4288 3468 4342 Stabiliatur

1891 4391 2130 4447 hortatio
2175 4396 2363 4446 nostra
2395 4387 2449 4441 in
2496 4395 2590 4441 tua
2639 4382 3021 4454 intelligentia,
3052 4394 3173 4449 quae
3219 4377 3467 4432 ﬁrmetur

1821 4496 1865 4552 ι)
1893 4483 1948 4538 in
1978 4482 2144 4538 bono.

1958 4591 2178 4647 Custodi
2210 4588 2471 4643 mandata
2502 4596 2594 4641 tua
2643 4594 2693 4639 et
2738 4584 2893 4638 vivet.
2933 4580 3161 4637 Custodi
3208 4580 3463 4635 mandata

1889 4698 2030 4747 mea,
2064 4680 2156 4749 qui
2186 4688 2240 4735 te
2275 4694 2372 4749 pro
2396 4678 2507 4733 ﬁlio
2531 4673 2806 4746 adoptavi,
2832 4679 2893 4729 ut
2931 4669 3241 4743 spiritualis
3274 4670 3458 4725 beatae

1889 4774 2015 4828 vitae
2042 4772 2318 4843 particeps
2349 4769 2633 4826 elIiciaris.

1956 4884 2125 4940 Vens.
2149 4884 2203 4938 5.
2238 4881 2460 4938 Posside
2484 4879 2823 4950 sapientiam,
2847 4875 3060 4947 posside
3100 4873 3462 4944 prudentiam.

1890 4978 2122 5033 Posside
2171 4977 2316 5031 illam
2366 4990 2487 5046 quae
2528 4987 2749 5028 omnem
2796 4969 3165 5042 ignorantiam
3221 4966 3463 5023 excludit

1892 5067 2238 5138 sapientiam,
2283 5075 2337 5121 et
2368 5063 2740 5135 prudentiam,
2772 5075 2897 5133 qua:
2930 5059 3117 5115 omnia
3149 5072 3268 5113 mea
3307 5070 3462 5110 man-

1892 5158 2020 5213 data
2050 5155 2333 5213 custodire
2360 5155 2516 5211 facit.

1965 5272 2049 5328 Ne
2078 5271 2434 5334 obliviscaris,
2457 5277 2507 5324 et
2538 5285 2600 5323 ne
2625 5267 2842 5323 omittas
2877 5263 3037 5319 verba
3080 5262 3189 5317 oris
3228 5261 3351 5316 mei.
3383 5256 3464 5315 No

1894 5364 1973 5423 sis
2011 5349 2312 5421 immemor.
2327 5372 2382 5419 et
2418 5361 2698 5434 neglector
2725 5357 2992 5415 doctrinae
3021 5370 3175 5411 meae.

1966 5587 2135 5643 Vens.
2168 5584 2221 5642 6.
2253 5583 2338 5640 Ne
2363 5582 2605 5637 dimittas
2633 5596 2772 5647 eam,
2807 5588 2856 5634 et
2890 5578 3147 5634 custodiet
3176 5585 3241 5631 te.
3276 5572 3354 5630 Ne
3392 5575 3463 5629 ab

1896 5680 1986 5735 illa
2017 5679 2266 5745 recedas,
2293 5686 2347 5735 et
2369 5673 2730 5731 auxiliabitur
2763 5672 2865 5737 tui,
2894 5671 2947 5725 in
2985 5671 3092 5749 tuis
3122 5677 3313 5727 contra
3344 5648 3471 5736 spl-i

1898 5772 2125 5827 rituales
2156 5770 2377 5848 hostes.
2398 5764 2852 5838 praeliationibus.
