3902 6510
588 338 726 404 1255

587 553 764 601 tutum
788 545 1030 601 servabit
1058 545 1128 599 ab
1163 546 1317 599 omni
1358 544 1527 597 malo.

648 716 816 773 Vens.
851 720 904 772 7.
936 718 1276 787 Principium
1336 719 1617 780 sapientia:
1644 716 1926 786 possidere
1942 715 2159 783 sapien-

585 811 732 865 tiam.
772 810 1043 880 lncipiens
1068 819 1255 866 tenere
1286 811 1611 880 sapientiam
1652 825 1746 879 per
1781 808 1964 872 ﬁdem,
1998 820 2151 859 mea-

585 917 705 956 rum
726 901 998 956 minarum
1032 902 1251 965 timore,
1287 902 1381 972 qui
1416 911 1468 955 te
1494 917 1524 956 a
1548 902 1782 955 maculis
1807 906 2159 970 peccatorum

587 993 856 1060 puriﬁcet,
899 993 1092 1048 festina
1120 1010 1247 1048 cum
1287 1006 1483 1064 magno
1517 993 1723 1058 studio,
1763 1001 1933 1046 totam
1976 990 2160 1061 possi-

584 1084 711 1138 dere
746 1083 920 1149 illam,
970 1093 1026 1140 et
1078 1100 1324 1140 meorum
1382 1084 1778 1155 promissorum
1815 1087 1911 1152 spe
1961 1093 2018 1138 et
2053 1081 2159 1137 mei

585 1189 794 1229 amore.

659 1264 724 1318 Et
760 1266 813 1318 in
845 1266 990 1318 omni
1017 1265 1347 1333 possessione
1379 1273 1471 1318 tua
1531 1263 1748 1333 acquire
1792 1260 2155 1330 prudentiam.

584 1355 649 1410 Et
680 1373 777 1428 per
806 1373 996 1411 omnes
1020 1372 1140 1427 quae
1168 1372 1304 1426 pene
1328 1365 1381 1411 te
1404 1364 1534 1410 sunt
1586 1355 1881 1425 potentias,
1908 1367 2037 1408 cura
2069 1367 2162 1406 ac-

582 1450 826 1518 quirere,
858 1449 1007 1501 illam
1049 1463 1170 1517 quae
1217 1461 1334 1501 mea
1365 1450 1620 1501 mandata
1664 1443 1950 1501 custodire
2003 1442 2155 1509 facit,

585 1538 959 1606 prudenliant.

653 1629 821 1686 Vens.
845 1632 898 1685 8.
931 1629 1222 1700 Aggeribus
1240 1627 1511 1683 circumda
1535 1628 1712 1694 illaut,
1731 1639 1778 1682 et
1803 1628 2062 1683 exaltabit
2086 1638 2156 1683 te.

584 1722 761 1792 Alliga
796 1721 1122 1791 tibitnetipsi
1157 1720 1485 1789 sapientiam
1528 1720 1665 1774 meis
1699 1719 1995 1785 mandatis,
2031 1726 2157 1772 tan-

1886 332 2205 391 PROCOPI
2216 330 2240 387 Ι
2268 330 2539 390 ΟΑΖίἘΙ.

655 453 826 524 Dilige
858 453 1012 507 illaut
1040 461 1089 506 et
1126 450 1456 506 conservabit
1500 460 1566 504 te.
1608 449 1786 520 Dilige
1817 449 1991 511 illam,
2026 454 2081 500 et
2108 455 2161 501 te
2191 454 2232 508 Α

3700 331 3817 394 1155

2352 445 2672 513 Ἐράσθητι
2702 445 2915 513 αὐτῆς,
2961 448 3059 500 καὶ
3101 448 3347 514 τηρήσει
3390 463 3486 501 σε.
3534 450 3818 517 Ἀγάπηπν

2262 536 2452 605 αὐτὴν,
2486 535 2581 588 καὶ
2633 536 2855 604 φυλάξει
2911 553 2969 588 σε
3004 537 3105 604 τῆς
3124 537 3183 602 ἐξ
3217 538 3385 605 αὐτῆς
3417 536 3619 605 eadem
3652 539 3817 591 ἀνεπι-

2261 623 2561 677 ϐούλευτον.

2334 714 2398 777 ζ’.
2436 716 2606 784 Ἀρχὴ
2642 719 2885 785 σοφίας,
2936 716 3155 785 κτῆσαι
3201 716 3450 784 σοφίαν.
3496 717 3819 786 limpida:-

2262 824 2349 871 νος
2372 808 2429 861 δὲ
2461 809 2563 878 τῆς
2623 810 2814 876 σοφίας
2861 808 2952 862 διὰ
3009 810 3271 871 πίστεως,
3312 810 3371 860 ὲν
3400 807 3482 877 τῷ
3525 809 3821 881 καθαρτιχῴ

2260 893 2355 946 τοῦ
2387 893 2559 964 ῥύπου
2581 895 2690 948 τῶν
2714 898 3131 967 ἁμαρτημάτων
3160 915 3255 951 σου
3282 897 3435 968 φόϐῳ
3458 898 3567 950 τῶν
3602 899 3819 951 ἀπειλῶν

2264 1002 2389 1054 μου,
2425 984 2709 1055 ὲπείχθητι
2760 986 2901 1055 μετά
2962 988 3165 1059 πολλῆς
3224 990 3325 1058 τῆς
3382 991 3647 1060 σπουδῆς,
3707 994 3815 1062 ὃλην

2262 1073 2669 1144 προσλαϐέσθαι
2728 1075 2919 1145 αὐτὴν,
2972 1076 3062 1129 διὰ
3094 1078 3195 1147 τῆς
3224 1080 3333 1131 τῶν
3365 1080 3710 1149 ἐπαγγελιῶν
3732 1102 3818 1153 ps.

2260 1163 2495 1229 ἐλπίδος,
2521 1166 2733 1237 καὶτῆς
2764 1168 2899 1239 πρός
2930 1186 2997 1239 με
3026 1170 3266 1241 ἀγάπης.

2331 1256 2437 1310 Kal
2459 1256 2528 1309 ἐν
2544 1256 2715 1324 πάσῃ
2743 1258 2951 1325 κτήσει
2972 1276 3112 1325 σου,
3156 1262 3381 1329 κτῆσαι
3424 1266 3702 1321 σύνεσιν.
3730 1270 3819 1321 Καὶ

2259 1346 2346 1401 διὰ
2402 1349 2591 1402 πασῶν
2638 1344 2711 1403 ὧν
2772 1352 3039 1422 κέκτησαι
3088 1353 3395 1424 δυνάμεων,
3450 1356 3691 1410 σπεῦσον
3714 1362 3818 1411 "cz:-

2260 1441 2565 1509 κτήσασθαι
2625 1443 2723 1513 τὴν
2787 1443 3075 1517 ποιητικὴν
3120 1447 3231 1500 τῶν
3270 1448 3424 1519 ἐμῶν
3463 1450 3695 1504 ἐντολῶν
3718 1454 3819 1504 ,τύν-

2259 1548 2399 1587 εσιν.

2329 1623 2401 1694 η’.
2454 1626 2952 1695 Περιχαρὰκωσον
3037 1631 3264 1698 αὐτὴν,
3316 1634 3412 1687 καὶ
3456 1636 3692 1703 ὑψώσει
3739 1654 3815 1692 σε.

2260 1716 2680 1785 Κατασφάλισαι
2732 1720 2947 1789 σεαυτῷ
2989 1722 3088 1791 τὴν
3115 1725 3329 1792 σοφίαν,
3367 1730 3490 1790 ταῖς
3520 1729 3710 1800 ῶσπερ
3738 1733 3816 1783 τά·

580 1833 749 1885 quam
777 1816 1067 1885 aggeribus
1100 1814 1440 1870 salutaribus
1477 1812 1743 1867 adversus
1771 1814 1958 1867 hostes
1990 1813 2145 1882 spiri-

2273 1822 2382 1875 p0t;
2408 1809 2839 1878 ἀποτρεπτικαῖς
2876 1813 2986 1864 τῶν
3017 1812 3483 1871 ἐπιϐουλευόντων
3507 1820 3683 1892 ταύτῃ
3712 1840 3815 1889 νοτε

584 1910 785 1975 tuales,
823 1910 913 1980 qui
951 1909 1027 1962 illi
1059 1909 1203 1962 mala
1236 1907 1650 1971 machinantur,
1672 1913 1727 1960 ct
1762 1905 2022 1961 abstrahe
2050 1917 2100 1959 te
2124 1922 2152 1959 a

580 2000 962 2070 corporalibus
987 2004 1042 2051 et
1074 1995 1307 2052 terrenis
1358 1994 1426 2050 ad
1449 1994 1757 2065 spiritualia
1791 2003 1847 2051 et
1877 1997 2150 2054 coelestia.

648 2181 871 2231 Honora
905 2177 1078 2244 illam,
1112 2186 1167 2231 ut
1206 2188 1255 2231 te
1292 2177 1950 2245 amplectatur.Gloriilca
1995 2178 2146 2231 illam

579 2271 741 2326 bonis
770 2272 1033 2341 operibus
1066 2282 1123 2325 ut
1154 2281 1205 2326 te
1234 2280 1410 2325 totum
1437 2273 1741 2336 custodiat,
1764 2271 2002 2327 suadens
2032 2288 2153 2325 cor-

578 2364 701 2431 pori
753 2378 822 2418 ne
858 2364 1124 2417 adversus
1160 2363 1416 2431 spiritum
1459 2363 1681 2427 militet,
1720 2364 1815 2419 sed
1861 2364 2045 2433 potius
2093 2373 2151 2418 ut

577 2454 657 2509 illi
694 2463 1021 2526 cooperetur
1060 2456 1113 2509 in
1144 2455 1466 2525 operatione
1492 2454 1764 2510 bonorum
1789 2469 2040 2524 operum.

646 2627 816 2683 Vens.
868 2629 923 2685 9.
967 2627 1032 2683 Ut
1056 2630 1174 2684 dent
1215 2631 1374 2698 capiti
1416 2640 1504 2685 tuo
1541 2648 1795 2687 coronam
1823 2633 2039 2701 gratia.
2072 2634 2145 2690 Ut

576 2719 670 2774 det
727 2720 973 2790 spiritui,
1004 2722 1095 2792 qui
1133 2732 1261 2777 tuus
1303 2723 1416 2778 dux
1456 2732 1563 2789 est,
1618 2725 1811 2794 gratiis
1859 2727 2148 2780 mandato-

580 2825 699 2863 rum
731 2822 979 2866 ornatam
1015 2826 1298 2881 coronam,
1324 2828 1422 2885 pro
1463 2816 1709 2873 victoriis
1744 2817 1796 2871 in
1838 2818 2147 2872 voluntatis

574 2900 912 2970 cupiditates
953 2904 1148 2973 partis.

647 2994 861 3049 Corona
889 2994 1203 3050 deliciarum
1232 3008 1463 3069 proteget
1498 3008 1569 3056 te.
1589 2997 1847 3070 l’rutcget
1865 3007 1919 3054 te
1950 3010 2144 3055 contra

575 3101 665 3141 res
693 3086 865 3142 invito
898 3088 994 3143 tibi
1012 3090 1379 3154 venientibus,
1403 3105 1498 3159 spe
1528 3090 1851 3145 deliciarum
1880 3092 2143 3162 spiritua-

577 3177 707 3230 lium
733 3192 833 3247 pro
857 3179 1117 3235 mercede
1145 3180 1204 3235 in
1233 3181 1493 3251 paradiso
1520 3181 1857 3238 oblatarum.

650 3378 817 3435 Vsus.
848 3380 935 3435 10.
958 3381 1124 3440 Audi,
1142 3380 1242 3450 liti,
1259 3392 1308 3436 et
1341 3384 1547 3453 suscipe
1570 3384 1728 3438 verba
1757 3399 1897 3437 mea.
1919 3381 2147 3449 Deinde.

576 3470 649 3524 [ili
677 3471 1091 3541 mispiritualis,
1121 3472 1275 3527 disce
1297 3488 1359 3527 ea
1391 3488 1511 3544 qua:
1542 3482 1596 3528 et
1619 3474 1739 3543 ipse
1761 3488 1788 3526 a
1817 3472 1925 3528 Deo
1954 3472 2147 3540 didici,

574 3572 629 3617 et
659 3563 845 3633 accipe
873 3578 996 3619 cum
1028 3563 1222 3619 affectu
1255 3579 1404 3620 meas
1435 3566 1866 3622 exhortationes.

647 3739 715 3792 Et
756 3740 1261 3808 multiplicabuntur
1290 3743 1417 3798 anni
1445 3744 1568 3799 vitae
1597 3754 1721 3801 tum.
1762 3744 1829 3800 Et
1876 3751 2148 3816 augentur

571 3831 697 3885 vita!
729 3841 835 3886 tuae
875 3834 1182 3903 spiritualis
1218 3852 1516 3893 mensurae.

648 3922 715 3977 Ut
747 3925 841 3977 tibi
867 3924 1001 3993 ﬁant
1024 3925 1205 3980 multa:
1230 3928 1325 3981 vice
1359 3928 1500 3982 vitta.
1542 3926 1617 3982 Ut
1648 3927 1763 3982 sint
1809 3926 1906 3981 tibi
1961 3928 2146 3983 multm

574 4015 812 4071 methodi
849 4016 1263 4086 gubernationis
1298 4019 1628 4089 spiritualis,
1667 4034 1789 4088 quae
1814 4028 1869 4075 te
1903 4035 1999 4089 per
2023 4035 2145 4074 om-

574 4121 674 4161 nes
708 4108 833 4161 vita:
869 4118 1099 4163 eventus
1123 4111 1457 4166 immobilem
1508 4111 1851 4179 custodiant,
1890 4126 2016 4166 cum
2074 4112 2142 4168 ad

573 4201 698 4255 caeli
738 4201 965 4258 delicias
986 4204 1257 4259 ambulas.

639 4290 804 4349 Vt-zlts.
841 4292 927 4346 Η.
979 4289 1104 4348 Vias
1130 4296 1269 4349 enim
1292 4297 1568 4365 sapientia:
1599 4308 1647 4353 te
1675 4299 1857 4353 doceo.
1885 4298 2139 4354 Mandata

572 4376 688 4447 Dei,
714 4397 836 4452 quae
868 4392 917 4438 te
940 4384 1007 4438 ad
1035 4385 1272 4439 salutem
1298 4387 1577 4452 ducentia,
1610 4390 1865 4459 proponit
1887 4390 2144 4459 unigeni-

2260 1899 2369 1952 τῶν
2433 1900 2665 1970 ἐχθρῶν,
2708 1903 2869 1971 ἐμαῖς
2915 1905 3175 1972 ἐντολαῖς,
3224 1910 3319 1962 καὶ
3347 1912 3603 1982 ἀναγάγῃ
3646 1931 3703 1966 σε
3728 1916 3815 1967 ἀπὸ

2259 1991 2367 2045 τῶν
2399 1994 2676 2064 σαρκικῶν
2707 1996 2802 2048 καὶ
2831 1997 3035 2067 γηΐνων
3078 1998 3218 2071 πρὸς
3264 2002 3333 2054 τὰ
3368 2008 3713 2074 πνευματικὰ
3739 2010 3813 2060 καὶ

2259 2083 2505 2154 οὐράνια.

2336 2177 2599 2246 Τι’μησον
2620 2181 2835 2247 αὐτὴν,
2858 2182 2959 2235 ἵνα
2979 2198 3055 2239 σε
3082 2188 3394 2255 περιλάϐῃ.
3449 2189 3686 2255 Δόξασον
3734 2194 3812 2243 αἱ·

2256 2269 2355 2339 τὴν
2382 2272 2439 2322 ἐν
2459 2272 2867 2345 ἀγαθοεργίαις,
2895 2276 2984 2330 ἵνα
3003 2294 3063 2331 τε
3076 2278 3195 2332 ὅλον
3223 2297 3281 2333 σε
3300 2286 3561 2352 περισχῇ,
3597 2285 3810 2338 πείσασα

2257 2364 2357 2434 τὴν
2412 2364 2590 2435 σάρκα
2640 2367 2715 2438 τῷ
2788 2366 2872 2421 νοτ
2941 2368 3020 2441 μὴ
3090 2372 3641 2438 ἀντιστρατεῦεσθαι·
3695 2380 3811 2429 ἀλλὰ

2260 2459 2541 2527 συνεργεῖν
2596 2458 2747 2530 αὐτῷ
2793 2460 2930 2530 πρδς
2958 2460 3059 2533 τὴν
3104 2462 3213 2518 τῶν
3248 2467 3577 2534 κρειττόνων
3630 2470 3809 2538 ὑπηρε-

2260 2565 2402 2603 σιαν.

2327 2637 2392 2690 θ’.
2421 2638 2557 2693 Ἵνα
2598 2638 2682 2705 δῷ
2729 2640 2806 2708 τῇ
2833 2640 2917 2710 σῇ
2959 2645 3195 2713 κεφαλῇ
3222 2648 3534 2717 στέφανον
3555 2652 3805 2718 παρίτω.

2256 2730 2363 2785 Καὶ
2394 2731 2654 2803 παράσχῃ
2682 2732 2782 2802 μὲν
2808 2734 2887 2804 τῷ
2920 2736 3148 2805 ἡγεμόνι
3181 2754 3274 2790 σου
3300 2738 3383 2792 νοῒ
3412 2743 3808 2811 πεποικιλμένον

2252 2823 2372 2884 ταῖς
2382 2822 2490 2873 τῶν
2510 2822 2735 2878 ἐντολῶν
2767 2826 2952 2893 χάρισι
2983 2826 3243 2895 στέφανον
3262 2829 3359 2897 τῆς
3386 2831 3529 2884 κατὰ
3552 2832 3656 2885 τῶν
3678 2834 3808 2887 ἐκσι-

2254 2912 2382 2966 σίων
2403 2914 2591 2967 παθῶν
2610 2916 2783 2984 νίκης.

2321 3006 2600 3075 Στεφάνῳ
2622 3009 2691 3061 δὲ
2726 3011 2958 3078 τρυφῆς
2989 3013 3391 3080 ὐπερασπίσει
3429 3032 3569 3071 σου.
3630 3017 3806 3087 ’Υπερο

2250 3099 2583 3164 αγωνίσεται
2610 3101 2669 3153 δέ
2698 3118 2793 3154 σου
2824 3103 2919 3155 καὶ
2956 3105 3099 3157 κατά
3126 3105 3235 3158 τῶν
3262 3107 3555 3173 ἀκουσίων,
3585 3109 3658 3177 τῷ
3678 3110 3809 3162 ἔλπεο

2255 3188 2467 3262 ζομένῳ
2491 3194 2709 3265 ἐπάθλῳ
2734 3194 2875 3249 κατά
2897 3196 2997 3267 τὴν
3026 3201 3407 3270 πνευματικὴν
3436 3202 3497 3253 ὲν
3544 3201 3619 3271 τῷ
3654 3220 3806 3272 παρι-

2254 3280 2416 3353 δείσῳ
2437 3285 2668 3356 τρυφήν.

2328 3381 2378 3428 ι’.
2410 3376 2649 3441 Ἄκουε,
2681 3376 2793 3444 vis,
2818 3378 2918 3431 καί
2942 3377 3111 3443 δέξαι
3134 3378 3319 3449 ἐμοὺς
3352 3382 3601 3448 λόγους.
3629 3383 3804 3436 Λϐιπδν

2255 3465 2518 3536 μάνθανε,
2550 3468 2742 3523 τέκνον
2767 3486 2871 3539 μου
2893 3470 3287 3540 πνευματικὸν,
3310 3474 3345 3526 ἀ
3377 3474 3473 3526 καὶ
3504 3474 3803 3543 actm-.191

2251 3561 2387 3614 Θεοῦ
2450 3562 2754 3633 ἐδιδάχθην,
2807 3565 2902 3617 καὶ
2946 3565 3247 3636 προσδέχου
3282 3568 3428 3619 κατὰ
3470 3567 3698 3622 διάθεσιν
3718 3570 3799 3629 τὰς

2250 3652 2389 3723 ἐμὰς
2412 3657 2793 3724 παραινέσεις.

2318 3744 2427 3797 Kal
2460 3746 2997 3813 πληθυνθήσονται
3018 3745 3125 3815 ἔτη
3167 3745 3318 3815 ζωῆς
3351 3763 3493 3803 σου.
3529 3748 3795 3815 Kcin-.251;-

2249 3834 2501 3905 θήσονταί
2534 3854 2627 3890 σου
2652 3836 2720 3890 τὰ
2739 3838 2836 3909 τῆς
2867 3839 3247 3909 πνευματικῆς
3274 3838 3425 3908 ζωῆς
3459 3839 3655 3910 μέτρα.

2318 3927 2456 3983 Ἵνα
2481 3946 2579 3982 σοι
2641 3929 2927 4000 γένωνται
2988 3930 3210 3984 πολλαί
3267 3929 3395 3983 ὁδοὶ
3431 3931 3598 3994 βίου.
3637 3933 3794 3991 Ὅπως

2246 4020 2460 4074 ἔσονταί
2493 4038 2575 4074 σοι
2611 4022 2804 4075 πολλαὶ
2842 4021 3059 4092 μέθοδοι
3102 4021 3381 4086 πολιτείας
3436 4024 3791 4093 πνευματικῆς.

2245 4112 2661 4183 ἀι.ι.ετιῖ.στρε·.πτλ⁵
2678 4114 2769 4167 διὰ
2783 4114 3001 4168 πάντων
3016 4114 3123 4168 τῶν
3147 4116 3290 4169 κατά
3310 4117 3402 4168 τὸν
3432 4116 3548 4185 βίον
3566 4132 3793 4183 συναντη·

2250 4200 2456 4270 μάτων,
2486 4202 2623 4272 πρὸς
2650 4202 2747 4273 τὴν
2780 4204 2892 4257 ἄνω
2915 4204 3134 4274 χορείαν
3164 4204 3424 4259 ὁδεύοντι.

2318 4299 2406 4347 ια’.
2446 4293 2656 4361 Ὁδοὺς
2706 4295 2815 4365 γὰρ
2862 4297 3083 4365 σοφίας
3134 4296 3402 4351 διδάσκω
3448 4316 3543 4353 σε.
3584 4300 3657 4352 rs
3700 4299 3790 4365 γάρ

2244 4384 2383 4454 πρὸς
2406 4386 2683 4455 σωτηρίαν
2708 4402 2769 4439 σε
2808 4386 3011 4454 ἄγοντα
3048 4387 3331 4459 θελήματα
3369 4390 3467 4443 τοῦ
3490 4390 3641 4456 Θεοῦ,
3670 4390 3785 4453 ἅπερ

570 4478 661 4528 tus
694 4472 814 4543 ejus
846 4471 1020 4528 Filius
1053 4482 1109 4528 et
1139 4473 1402 4538 Verbum.
1430 4477 1578 4532 illius
1606 4493 1703 4547 per
1735 4494 1796 4533 se
1831 4479 2140 4535 subsistens

2280 4476 2581 4546 ιεξέρχεται
2644 4478 2674 4529 ό
2732 4479 3027 4550 μονογενὴς
3053 4480 3244 4534 τούτου
3286 4481 3414 4545 Tib;
3454 4484 3549 4536 καὶ
3574 4484 3784 4550 Λόγος,ή

570 4566 813 4634 potentia
842 4574 895 4619 et
917 4564 1208 4633 sapientia,
1243 4582 1309 4620 eo
1343 4565 1632 4622 manifeste
1680 4567 2012 4637 adaperiens
2044 4586 2142 4642 per

2277 4567 2609 4632 νυπόστατος
2630 4569 2796 4623 αὑτοῦ
2825 4570 3055 4640 δύναμις
3089 4572 3185 4625 καὶ
3226 4574 3410 4643 σοφία,
3468 4575 3785 4627 ἐκκαλύπτειν

572 4656 743 4725 legem
775 4657 1081 4712 naturalem
1109 4663 1163 4712 et
1193 4656 1484 4727 scriptam,
1504 4665 1559 4712 te
1588 4658 1842 4714 tlteorice
1872 4660 2069 4715 doceo.

644 4830 933 4889 Introduco
963 4845 1011 4888 te
1045 4836 1247 4889 semitis
1276 4837 1457 4891 rectis.
1484 4835 1776 4893 lntroduco
1805 4847 1857 4893 te
1895 4838 1950 4893 in
1983 4842 2140 4910 praxi

571 4921 628 4980 in
667 4924 786 4979 vias
815 4925 1106 4993 virtutum,
1133 4943 1253 4998 qua:
1283 4928 1349 4982 ad
1383 4944 1599 4984 omnem
1627 4930 1894 4985 malitiam
1921 4946 2028 4986 non
2058 4932 2143 4986 in-

572 5018 873 5072 clinentur.
1400 5012 1401 5015 “

643 5105 809 5165 Vens.
841 5108 926 5164 12.
959 5107 1107 5176 Quas
1151 5125 1269 5163 cum
1315 5110 1583 5181 ingressus
1611 5110 1798 5181 fueris,
1831 5128 1935 5166 non
1964 5121 2141 5167 arcta-

570 5194 771 5254 buntur
795 5216 1008 5271 gressus
1042 5200 1143 5253 tui.
1183 5198 1242 5255 Si
1283 5201 1374 5256 Dei
1415 5202 1724 5256 voluntates
1748 5203 1885 5258 scite
1911 5218 2139 5272 percur—

572 5294 736 5357 reris,
764 5292 1003 5347 termino
1056 5306 1164 5346 non
1205 5293 1567 5348 arctabuntur
1606 5302 1714 5350 tua:
1756 5298 2139 5367 cogitationes,

568 5385 756 5440 divina
784 5384 1156 5440 immensitate
1183 5393 1443 5441 extensae.

642 5473 711 5528 Et
752 5489 967 5530 currens
998 5490 1101 5529 non
1125 5474 1340 5529 habebis
1371 5476 1771 5545 o/fendiculum.
1798 5480 1854 5536 Si
1892 5496 2023 5537 vero
2046 5496 2141 5537 eas

571 5565 627 5623 ln
661 5566 817 5634 praxi
844 5581 969 5623 cum
1000 5567 1121 5623 zelo
1148 5568 1502 5634 custodieris,
1530 5570 1649 5627 leve
1684 5572 1791 5628 erit
1812 5572 2005 5644 jugum
2044 5591 2058 5627 :
2087 5582 2142 5628 et

570 5658 730 5713 dulce
749 5656 1025 5713 videbitur
1044 5657 1355 5713 divinorum
1380 5661 1760 5717 mandatorum
1782 5663 2001 5734 pondus
2016 5664 2138 5732 tibi,

572 5750 669 5820 qui
692 5749 1000 5804 sublevaris
1041 5765 1138 5821 spe
1176 5751 1443 5807 bonorum
1471 5753 1694 5811 virtutis
1738 5754 2027 5812 laboribus
2054 5771 2138 5813 re-

576 5854 939 5899 ερτιάιοΐυιιι.

2248 4656 2673 4728 ἀπαραλείπτως
2726 4660 2865 4714 αὐτά
2911 4660 3001 4716 διά
3042 4680 3101 4715 τε
3151 4663 3246 4715 τοῦ
3277 4665 3510 4733 φυσικοῦ
3542 4667 3689 4735 νόμον
3706 4667 3781 4717 καὶ

2244 4746 2338 4800 τοῦ
2366 4748 2635 4817 γραπτοῦ,
2671 4750 3006 4806 ὑποδεικνύω
3040 4770 3122 4806 σοι
3153 4754 3295 4808 κατά
3320 4754 3577 4825 θεωρίαν.

2316 4838 2630 4908 Ἐμὸιόάζω
2651 4841 2717 4895 δέ
2763 4857 2838 4895 σε
2876 4844 3144 4913 τροχιαῖς
3174 4845 3396 4913 ὀρθαῖς.
3446 4847 3648 4915 Ἐνάγω
3665 4845 3708 4898 δέ
3730 4859 3775 4894 σε

2246 4930 2386 4984 κατά
2417 4930 2615 5002 πρᾶξιν
2672 4932 2753 4996 είς
2782 4934 2908 4996 τοὺς
2937 4935 3071 5004 πρὸς
3112 4936 3291 5001 πάσας
3338 4938 3537 5001 κακίας
3572 4940 3776 5006 arriper-

2245 5020 2459 5083 κλίτους
2499 5021 2733 5092 δρόμους
2765 5023 2875 5077 τῶν
2906 5025 3137 5094 ἀρετῶν.

2317 5113 2403 5183 ιβ’.
2442 5115 2582 5168 Ἐὰν
2611 5116 2720 5186 γὰρ
2748 5118 2994 5185 πορεύῃ,
3028 5120 3101 5172 οὐ
3140 5122 3673 5191 συγκλεισθήσεται
3717 5120 3772 5172 τὰ

2243 5204 2575 5273 διαδήματα
2624 5208 2869 5263 σου.Τά
2921 5209 3030 5282 γὰρ
3079 5209 3199 5263 θεῖα
3260 5211 3561 5282 θελήματα,
3610 5215 3651 5265 εἰ
3693 5210 3770 5277 μὲν

2244 5297 2384 5351 κατά
2426 5297 2659 5369 θεωρίαν
2698 5300 2907 5372 διέρχῃ,
2977 5301 3153 5373 πέρας
3218 5304 3321 5356 οὐκ
3372 5303 3552 5374 ἔχουσί
3596 5320 3676 5356 σου
3718 5302 3767 5351 τὰ

2242 5389 2600 5460 διανοήματα,
2654 5394 2720 5463 τῇ
2774 5392 2895 5464 θείᾳ
2938 5395 3166 5465 ἀπειρίᾳ
3216 5396 3762 5467 συμπαρεκτεινόμενα.

2324 5483 2467 5536 Ἐὰν
2495 5482 2563 5536 δὲ
2585 5483 2822 5553 τρέχῃς,
2852 5488 2924 5540 οὐ
2966 5487 3287 5555 κοπιὰσῃς.
3322 5489 3384 5541 Ei
3409 5490 3465 5542 δὲ
3502 5489 3633 5543 κατά
3659 5485 3765 5555 πρε·

2242 5574 2324 5640 ειν
2357 5574 2654 5646 προθύμως
2701 5576 2971 5649 διεξέρχῃ,
3002 5578 3237 5649 χρηστὸς
3266 5582 3294 5633 ό
3317 5580 3479 5649 ζυγός
3498 5596 3512 5611 ⁸
3566 5580 3647 5633 καὶ
3669 5578 3763 5628 ἐλα-

2242 5666 2378 5737 φρὸν
2406 5668 2466 5719 τὸ
2497 5666 2713 5739 φορτίον
2744 5668 2853 5721 τῶν
2899 5670 3061 5723 θείων
3117 5671 3349 5727 ἐντολῶν
3379 5690 3461 5725 σοι
3488 5672 3759 5741 φανήσεται.

2242 5758 2621 5830 κουφιζομένῳ
2648 5763 2714 5831 τῇ
2741 5761 2916 5816 ἐλπίδι
2968 5762 3078 5817 τῶν
3107 5763 3409 5833 μελλόντων
3454 5760 3651 5833 ἀγαθῶν
3688 5753 3759 5812 τιῦ

2244 5852 2404 5903 πόνου
2438 5850 2536 5916 τῆς
2557 5850 2780 5920 ἀρετῆς.
