4034 6494
208 316 343 381 1257

1223 328 1760 391 COMMENTARII
1797 331 1880 392 IN
1911 334 2370 400 PROVERBIA.

3324 355 3459 430 1258

272 441 365 501 ιγ’.
401 435 726 491 Ἑπιλασοῦ
783 432 936 507 ἐμῆς
965 437 1260 504 παιδείας,
1284 441 1371 509 μὴ
1404 442 1590 512 ἀφῇς,
1623 444 1752 499 ἀλλέ

1857 496 1859 505 ,
1952 447 2416 510 \’Ens.13.Tene
2472 456 2836 528 disciplinam,
2885 477 2946 517 ne
2996 462 3235 521 dimittas
3294 484 3456 535 eain;

197 526 480 595 φύλαξον
508 528 713 595 αὐτὴν
740 528 975 595 σεαυτῷ
1000 532 1089 595 εὶς
1120 529 1273 600 ζωήν
1302 548 1441 587 σου.
1473 534 1565 587 Διὸ
1605 551 1782 606 προσ-

199 618 364 671 λαϐοῦ
391 620 535 673 κατὰ
594 619 838 673 διάθεσιν
880 620 981 692 τὴν
1013 622 1154 692 ἐμὴν
1199 624 1543 694 παραίνεσιν,
1572 628 1668 680 καὶ
1701 626 1778 699 μὴ

196 711 555 783 καταλείψῃς,
584 711 722 766 ἀλλὰ
749 712 990 783 τήρησον
1016 713 1221 785 ταύτην
1255 715 1408 787 παρὰ
1438 717 1649 788 σεαυτῷ
1681 719 1779 772 άν-

195 804 493 873 επίληστον
522 819 536 833 ·
565 803 708 857 ὥστε
745 803 846 875 ζῇν
877 804 1059 871 καθὼς
1088 806 1226 877 αῦτη
1263 824 1347 862 σοι
1373 809 1682 881 ὑποτίθησι.

264 896 349 949 ιδ’.
387 897 601 963 Ὁδοὺς
628 897 868 953 ἀσεϐῶν
893 898 981 969 μὴ
1010 898 1275 969 ὲπέλθῃς
1291 940 1305 963 ,
1326 900 1483 971 μηδὲ
1504 900 1777 971 ζηλώσῃς

192 988 377 1055 ὀδοὺς
418 992 799 1061 παρανόμων.
850 992 977 1054 Τοῖς
1025 992 1197 1062 ἴχνεσι
1233 992 1343 1047 τῶν
1401 994 1774 1049 ἀπιστούντων

194 1079 335 1147 θεῷ,
373 1080 449 1151 μὴ
481 1080 768 1150 τιμώντων
795 1081 864 1135 δι’
889 1082 1111 1151 ἀγαθῶν
1140 1081 1319 1153 ἔργων
1336 1083 1520 1149 αὑτὸν,
1546 1084 1621 1155 μὴ
1640 1086 1774 1139 άκο-

189 1169 488 1243 λουθήσῃς,
528 1175 665 1244 μήτε
707 1174 925 1247 μιμήσει
944 1174 1013 1227 τά
1034 1173 1172 1245 ἔργα
1186 1175 1297 1229 τῶν
1324 1175 1772 1246 παραϐαινόντων

187 1264 286 1326 τὰς
320 1265 488 1318 αὐτοῦ
524 1265 767 1328 ἐντολάς.

259 1361 344 1410 ιε’,
386 1356 490 1409 Ἔν
532 1349 586 1422 ᾧ
634 1356 688 1408 δ’
727 1356 806 1410 ἂν
846 1357 1008 1423 τόπῳ
1041 1358 1639 1427 στρατοπεδεύσωσι,
1680 1360 1766 1430 μὴ

184 1448 452 1517 saeuam
476 1448 634 1502 ἐκεῖ·
666 1449 954 1504 ἕκκλινον
969 1450 1022 1505 δ’
1049 1452 1151 1507 ἀπ’
1176 1451 1393 1519 αὐτῶν,
1425 1454 1524 1507 καὶ
1542 1453 1768 1522 παράλ-

183 1542 402 1605 λαξον.
464 1540 636 1596 Ἔνθα
679 1542 725 1595 δ’
760 1543 825 1596 ἂν
867 1538 1013 1597 οὗτοι
1052 1544 1189 1616 πρὸς
1222 1544 1428 1617 βλάϐην
1460 1546 1767 1618 ἀνθρώπων

183 1633 570 1705 ἁθροισθῶσιν,
599 1635 762 1699 αὐτὸς
794 1636 870 1708 μὴ
902 1637 1147 1711 ἀπέλθῃς
1168 1653 1183 1667 ⁸
1221 1638 1440 1711 μακράν
1473 1639 1530 1693 δὲ
1558 1641 1764 1694 τούτων

180 1726 260 1789 ὡς
275 1726 545 1797 μισοθέων
560 1727 678 1797 ἅμα.
706 1730 801 1781 καὶ
832 1728 1026 1799 μισανθ
1037 1730 1235 1796 ρώπων
1258 1732 1418 1799 γενοῦ
1439 1748 1453 1761 ’
1484 1732 1577 1785 καὶ
1597 1730 1764 1805 ἄλλην

1888 543 1978 595 sed
2013 545 2224 599 custodi
2272 546 2426 601 illam
2453 548 2763 617 tibimetipsi
2789 553 2842 607 in
2869 557 3029 610 vitam
3059 567 3227 616 tuam.
3248 562 3459 620 Idcirco

1888 633 2077 703 accipe
2111 650 2236 691 cum
2259 637 2457 694 aﬂ'ectu
2479 657 2658 696 meam
2689 644 3081 713 hortationem,
3105 663 3158 707 et
3184 669 3252 710 ne
3278 657 3458 711 dimit-

1887 727 1991 787 tas,
2015 724 2109 779 sed
2138 740 2262 781 eam
2290 728 2433 798 apud
2485 739 2537 784 te
2563 733 2939 792 absconditam
2972 742 3211 811 custodi,
3248 753 3307 800 ut
3340 747 3456 819 ipsa

1882 822 1938 867 te
1967 813 2161 869 doceat
2191 820 2470 888 quomodo
2501 822 2691 880 vivere
2721 837 2996 897 oporteat.

1955 902 2122 962 Vens.
2147 908 2234 965 14.
2270 909 2354 965 Ne
2377 913 2649 971 delecteris
2685 919 2743 972 in
2800 924 2998 977 sentitis
3031 925 3333 994 impiorum,
3363 950 3455 987 nec

1880 994 1977 1048 tibi
2002 997 2213 1064 placeat
2245 1002 2631 1061 malorumvia.
2653 1007 2730 1064 Ne
2761 1011 2815 1066 in
2844 1014 2947 1070 viis
2978 1016 3258 1074 hominum
3283 1026 3375 1092 qui
3402 1026 3455 1079 ih

1881 1081 1991 1140 Deo
2020 1102 2130 1142 non
2154 1091 2411 1159 credunt,
2449 1110 2550 1151 nec
2586 1098 2740 1154 illum
2773 1100 2936 1158 bonis
2957 1108 3220 1175 operibus
3244 1081 3455 1177 colunt,

1879 1174 2210 1246 ingrediaris
2247 1198 2262 1249 ;
2303 1193 2360 1238 et
2398 1199 2469 1240 ne
2520 1186 2755 1245 imiteris
2787 1206 2975 1263 opera,
3000 1174 3012 1175 ί
3036 1197 3159 1268 ejus
3197 1205 3455 1261 mandata

1874 1266 2227 1325 violantium.

1944 1356 2111 1414 Vnus.
2146 1360 2233 1417 15.
2260 1361 2326 1417 In
2356 1364 2491 1432 loco,
2522 1384 2623 1438 quo
2654 1374 2917 1440 steterint,
2953 1393 3017 1432 ne
3049 1396 3137 1435 eas
3177 1384 3232 1438 in
3286 1402 3404 1441 eum
3430 1404 3452 1443 :

1871 1446 2081 1505 declina
2117 1453 2182 1506 ab
2213 1455 2311 1522 eis,
2341 1468 2388 1511 et
2422 1460 2565 1530 fuge.
2605 1464 2661 1517 ln
2687 1480 2811 1519 eum
2842 1467 3049 1536 locum,
3109 1472 3165 1528 in
3208 1490 3317 1546 quo
3374 1480 3450 1536 illi

1871 1542 1939 1596 ad
1966 1543 2251 1601 hominum
2283 1550 2581 1617 perniciem
2613 1568 2674 1609 se
2708 1556 3056 1627 collegerint,
3085 1578 3154 1619 ne
3178 1542 3453 1635 ingredia-

1872 1635 1953 1689 ris
1992 1637 2195 1708 :longe
2230 1640 2298 1694 ab
2340 1640 2471 1707 illis,
2532 1654 2589 1700 ut
2642 1644 2756 1702 Deo
2803 1650 3078 1723 simulque
3131 1656 3451 1720 hominibus

1872 1726 2134 1791 inimicis.
2158 1729 2285 1801 fuge
2320 1750 2334 1787 :
2364 1742 2420 1788 et
2447 1735 2612 1791 aliam
2639 1739 2707 1794 ab
2730 1742 2811 1797 eis
2835 1758 3036 1817 perage
3060 1748 3252 1817 vitam,
3279 1750 3448 1810 Deum

182 1819 326 1887 ἥπερ
357 1811 502 1872 οὗτοι
533 1817 733 1889 βίωσον
768 1818 973 1890 βιοτὴν,
1005 1819 1251 1890 φιλόθεον
1276 1822 1414 1893 ὁμοῦ
1445 1822 1540 1877 καὶ
1578 1822 1752 1893 φιλάν-

1867 1823 1920 1871 et
1957 1817 2209 1877 homines
2231 1822 2396 1878 simul
2424 1824 2687 1898 diligens.

180 1909 211 1960 θ
221 1926 403 1980 ρωπον
412 1950 425 1963 .

254 1999 353 2064 ις’.
389 2001 474 2055 Οὐ
498 1998 613 2069 γὰρ
637 1999 724 2070 μὴ
754 2001 1143 2069 ὑπνώσωσιν,
1171 2003 1281 2059 ἐὰν
1305 2004 1393 2074 μὴ
1441 2008 1765 2075 κακοποιῆ-

177 2104 378 2143 σωσιν
402 2105 419 2121 ·
459 2091 760 2160 ἀφῄρηται
808 2094 841 2145 ό
879 2092 1073 2159 ὕπνος
1109 2094 1213 2151 ἀπ’
1258 2093 1488 2161 αὐτῶν,
1546 2098 1646 2151 καί
1688 2100 1763 2153 οὐ

180 2181 519 2251 κοιμῶνται.
553 2185 627 2237 Οὐ
663 2184 771 2255 γὰρ
809 2182 979 2239 ὕπνου
1008 2179 1159 2239 οὗτοι
1194 2187 1529 2257 μετάσχωσι,
1564 2190 1762 2259 μέχρις

177 2274 244 2326 ἄν
274 2290 396 2327 τινα
451 2273 650 2343 βλάψαι
679 2274 977 2344 ἰσχύσωσι·
1022 2276 1155 2329 διότι
1186 2276 1519 2347 περιῄρηται
1551 2279 1617 2331 ἐκ
1644 2278 1762 2332 τού-

175 2380 283 2416 των
305 2366 336 2418 ό
374 2364 562 2427 ὕπνος.
598 2366 696 2418 καὶ
726 2367 826 2435 οὐχ
879 2365 1239 2430 ὑπνώττουσι,
1279 2370 1345 2437 τῇ
1388 2367 1523 2437 πρὸς
1553 2368 1759 2441 βλάϐην

172 2456 271 2509 τοῦ
303 2456 474 2520 πέλας
508 2457 744 2529 μερίμνῃ
776 2457 1267 2530 άπαγρυπνοῦντες
1295 2458 1576 2529 διηνεκῶς.

246 2547 337 2612 ιζ’.
372 2548 508 2602 Οἵδε
538 2548 646 2619 γὰρ
664 2549 980 2603 σιτοῦνται
1007 2548 1147 2603 σῖτα
1171 2550 1472 2617 ἀσεϐείας,
1524 2550 1667 2619 οἴνῳ
1687 2552 1758 2606 δὲ

171 2642 498 2710 παρανόμῳ
561 2641 992 2709 μεθύσκονται.
1054 2635 1213 2696 Οὗτοι
1256 2642 1366 2712 γὰρ
1413 2641 1594 2714 ἔργοις
1655 2647 1754 2716 μὲν

168 2734 398 2803 ἀτιμίας
425 2735 736 2805 τρέφονται,
766 2733 977 2798 τούτοις
997 2735 1135 2805 πρὸς
1165 2736 1364 2791 κακίαν
1394 2737 1715 2802 αὐξάνοντες
1733 2754 1750 2771 ο

172 2821 470 2893 παραλόγῳ
516 2821 572 2875 δὲ
629 2822 832 2890 σαρκὸς
876 2825 1224 2893 φρονήματι,
1292 2824 1369 2888 ὥς
1437 2843 1546 2880 τινι
1599 2826 1747 2897 οἴνῳ,

169 2912 481 2977 ἐξίστανται
531 2912 625 2967 τοῦ
715 2913 981 2979 σώζοντος
1046 2916 1428 2989 καθεστηκότα
1473 2917 1566 2973 τὸν
1623 2918 1749 2974 νοῦν

169 3005 541 3074 πνευματικοῦ
563 3007 934 3076 φρονήματος.

244 3104 334 3163 ιη’.
362 3100 427 3150 Al
448 3097 519 3150 δὲ
558 3097 683 3151 ὁδοὶ
718 3096 839 3152 τῶν
877 3097 1128 3154 δικαίων
1164 3100 1380 3169 ὁμοίως
1426 3101 1571 3171 φωτί
1599 3101 1747 3172 λάμ-

166 3203 355 3241 πουσι
376 3204 388 3218 ·
421 3190 891 3257 προπορεύονται
912 3190 1012 3243 καὶ
1031 3192 1397 3259 φωτίζουσιν
1410 3192 1520 3258 ἕως
1535 3210 1747 3261 κατορ-

166 3277 347 3331 θώσει
375 3279 414 3346 ἠ
475 3280 686 3348 ἡμέρα.
712 3280 794 3334 Τά
835 3280 894 3334 δὲ
927 3280 1066 3351 ἔργα
1115 3281 1225 3337 τῶν
1249 3282 1392 3337 κατὰ
1418 3282 1545 3345 τοὺς
1571 3281 1749 3346 θείους

164 3369 365 3438 νόμους
380 3369 831 3441 πολιτευομένων,
861 3370 959 3435 τὰς
985 3372 1096 3425 τῶν
1112 3373 1444 3445 ἀφορώντων
1468 3374 1550 3437 εἰς
1576 3373 1748 3427 ταῦτα

161 3460 345 3529 ψυχὰς
371 3462 802 3530 καταυγάζουσι,
833 3463 1239 3534 παραπλησίως
1271 3466 1383 3528 τοῖς
1415 3465 1603 3536 ἔργοις
1649 3464 1744 3518 τοῦ

161 3548 265 3617 τῆς
290 3550 635 3622 δικαιοσύνης
664 3551 816 3624 ἡλίου
843 3568 858 3583 ·
892 3554 1268 3623 προηγοῦνται
1300 3552 1357 3606 δὲ
1394 3552 1621 3617 τούτων,
1651 3554 1744 3607 καὶ

161 3641 500 3711 πυρσεύουσι
528 3643 770 3709 ταύταις,
813 3645 1006 3716 μέχρις
1034 3644 1101 3699 ἂν
1134 3646 1295 3709 αὐτὸς
1338 3646 1369 3698 ό
1396 3645 1498 3716 τῆς
1535 3646 1745 3701 δικαιο-

163 3732 331 3803 σύνης
368 3734 555 3799 Ἥλιος
583 3736 826 3808 φαιδρῶς
861 3736 949 3789 ἐπ’
977 3737 1166 3801 αὑταῖς
1190 3737 1492 3809 διαλάμψῃ.

235 3824 323 3879 ιϐ’.
342 3830 413 3880 At
442 3825 510 3879 δὲ
545 3827 672 3880 ὁδοὶ
712 3826 834 3880 τῶν
864 3827 1120 3890 ἀσεϐῶν,
1155 3831 1462 3883 σκοτειναί
1479 3844 1493 3858 ’
1520 3832 1631 3885 οὐκ
1660 3831 1744 3885 οι·-

159 3915 306 3969 δασι
327 3915 451 3983 πῶς
484 3921 957 3986 προσκόπτουσα
985 3919 1067 3972 Τὰ
1103 3919 1163 3972 δὲ
1196 3918 1335 3990 ἔργα.
1368 3921 1741 3977 ἀπιστούντων

157 4007 301 4077 Θεῷ,
333 4010 427 4061 καὶ
458 4009 532 4081 μὴ
558 4010 626 4063 δι’
652 4011 1020 4082 άγαθοεργίας
1060 4010 1345 4081 τιμώντων
1384 4013 1571 4081 αὑτὸν,
1609 4016 1738 4068 σκό-

156 4117 251 4165 τος
297 4101 518 4169 ἀγνοίας
573 4096 943 4174 ὑπάρχουσιν·
1004 4104 1196 4175 ὲπειδὴ
1260 4097 1409 4158 οὗτοι
1452 4107 1739 4176 ἀγνοοῦσιν

156 4194 310 4255 ὅπως
332 4194 412 4265 τῷ
441 4195 633 4266 ἀγαθῷ
663 4197 1119 4267 προσπταίονσιν.

232 4289 303 4338 κ’.
346 4286 461 4352 ΥΙὲ,
498 4285 612 4356 ἐμῇ
654 4287 835 4354 ῥήσει
891 4292 1174 4359 πρόσεχε.
1212 4290 1403 4343 Ἔνθεν
1431 4308 1514 4344 τοι
1545 4291 1737 4346 τέκνον

158 4377 549 4446 πνευματικὸν,
589 4381 656 4449 τῇ
706 4380 814 4451 ἐμῇ
868 4380 1196 4452 διδασκαλίᾳ
1254 4383 1354 4453 τῆς
1410 4382 1591 4455 ψυχῆς
1636 4402 1734 4438 σου

1935 1995 2103 2052 Vens.
2125 1998 2211 2053 l6.
2246 1998 2370 2055 Non
2390 2004 2529 2058 enim
2566 2005 2862 2075 dormiunt,
2895 2014 3003 2069 nisi
3030 2018 3169 2073 male
3196 2020 3442 2089 fecerim,

1862 2096 1913 2140 et
1935 2090 2141 2156 rapitur
2155 2108 2371 2149 somnus
2387 2095 2451 2149 ab
2476 2098 2551 2152 eis
2585 2109 2757 2155 etnon
2777 2104 3075 2173 quiescunt.
3102 2110 3311 2167 Somno
3331 2131 3441 2170 non

1863 2179 2215 2250 participant,
2249 2184 2357 2240 nisi
2392 2187 2556 2244 alicui
2592 2193 2794 2246 malum
2822 2192 3057 2251 fecerint
3086 2218 3099 2254 :
3126 2204 3341 2271 rapitur
3372 2207 3442 2261 ab

1860 2269 1942 2323 eis
1961 2285 2212 2337 somnus,
2233 2283 2288 2329 et
2320 2292 2427 2333 non
2460 2281 2754 2349 quiescunt
2787 2300 3031 2357 semper,
3063 2269 3441 2352 sollicitudine

1858 2363 2120 2431 perniciei
2150 2369 2411 2438 proximi,
2445 2386 2475 2426 a
2504 2388 2701 2431 somno
2740 2381 2959 2435 remoti.

1930 2544 2092 2604 Vsus.
2115 2548 2197 2603 l7.
2227 2550 2519 2609 Comedunt
2531 2573 2722 2623 panem
2753 2560 3129 2631 impietatis,et
3150 2566 3340 2623 bibunt
3361 2575 3441 2625 vl-

1853 2649 1979 2688 num
1996 2638 2415 2708 iniquitatis.llli
2456 2648 2726 2715 Operibus
2771 2649 3073 2720 impietatis
3113 2668 3436 2727 vescuntur,

1854 2739 1950 2794 per
1970 2741 2031 2781 ea
2046 2728 2115 2782 ad
2140 2732 2401 2787 malitiam
2419 2749 2735 2796 crescentes
2757 2760 2770 2795 :
2797 2742 2987 2814 iniquo
3008 2748 3196 2805 carnis
3217 2750 3407 2806 deside
3422 2784 3438 2791 -

1851 2815 1957 2880 rio,
1982 2825 2238 2889 tanquam
2255 2825 2490 2893 quodam
2510 2830 2659 2893 vino,
2684 2846 2806 2888 sese
2824 2847 3102 2894 removent
3116 2854 3146 2893 a
3166 2842 3435 2912 spirituuli

1850 2905 2143 2978 desiderio,
2176 2915 2319 2984 quod
2352 2918 2520 2973 animi
2559 2924 3021 2997 moderationem,
3052 2905 3232 2988 aliert.

1926 3080 2095 3183 chs.
2124 3087 2213 3144 l8.
2255 3088 2367 3145 Via:
2387 3093 2664 3162 justorum
2690 3099 2890 3157 tantine
2922 3107 3198 3174 splendent
3250 3128 3269 3165 :
3304 3130 3431 3183 pra-

1852 3172 2067 3242 cedunt,
2100 3186 2153 3230 et
2184 3178 2557 3251 lucentqttoad
2592 3200 2853 3260 exsurgat
2883 3172 3019 3251 dies.
3055 3197 3231 3270 Opera
3284 3172 3429 3257 enim

1856 3267 2077 3323 illorum
2126 3271 2222 3341 qui
2270 3275 2573 3331 secundum
2608 3278 2704 3335 Dei
2758 3284 2909 3353 leges
2948 3304 3009 3345 se
3042 3267 3260 3361 gerunt,
3295 3296 3426 3348 illu-

1855 3361 2067 3416 minant
2136 3364 2351 3422 animas
2428 3369 2481 3423 in
2538 3386 2602 3425 ea
2656 3376 3096 3448 reSpicientium,
3167 3392 3428 3455 tanquam

1853 3452 1987 3506 solis
2013 3452 2242 3521 iustitiae
2274 3459 2535 3529 operibus
2571 3480 2583 3515 :
2612 3467 2950 3532 praecedunt,-
2979 3479 3035 3537 et
3068 3474 3207 3528 viam
3236 3452 3425 3531 osten-

1852 3543 1989 3597 dunt
2013 3545 2137 3614 illis,
2165 3550 2415 3617 quoadus
2437 3568 2544 3623 que
2574 3555 2691 3625 ipse
2712 3557 2939 3627 justitia:
2970 3564 3051 3617 sol
3074 3581 3199 3621 cum
3237 3570 3422 3638 splen-

1850 3634 1984 3692 dore
2013 3636 2293 3697 illucescat
2328 3658 2494 3714 super
2525 3645 2629 3702 bas
2660 3651 2896 3707 animas.

1920 3837 2085 3895 Vens.
2112 3841 2198 3897 l9.
2244 3843 2339 3899 Via
2358 3846 2643 3915 impiorum
2676 3851 2951 3907 tenebrosa
2980 3870 2999 3907 :
3026 3856 3266 3911 nesciunt
3291 3874 3419 3926 quo-

1849 3929 2003 3985 modo
2042 3936 2357 3993 corruerint.
2390 3936 2566 4009 Opera
2594 3949 2777 3997 autem
2807 3944 2862 3999 in
2906 3943 3016 4000 Deo
3051 3962 3159 4002 non
3195 3949 3420 4004 creden-

1848 4024 2004 4089 tium,
2036 4034 2091 4079 et
2131 4026 2282 4081 illum
2338 4044 2434 4100 per
2466 4031 2607 4086 bona
2659 4049 2825 4104 Opera
2872 4050 2979 4091 non
3030 4037 3419 4096 honorantium

1847 4113 2171 4185 ignorantiae
2214 4118 2450 4175 tenebris
2500 4123 2954 4194 possidebuntur,
2993 4141 3118 4183 cum
3167 4132 3419 4188 nesciunt

1843 4202 2119 4269 quomodo
2145 4217 2176 4257 e
2212 4202 2358 4258 bono
2386 4210 2719 4267 corruerint.

1915 4291 2084 4350 Vens.
2121 4295 2210 4351 20.
2245 4295 2378 4365 Fili,
2419 4302 2667 4356 ausculta
2696 4321 2964 4363 sermones
2986 4325 3147 4366 meos.
3178 4309 3244 4365 Et
3269 4313 3414 4374 inde,

1844 4397 1964 4437 mea
1993 4383 2244 4441 doctrina
2274 4386 2441 4459 imple
2460 4393 2655 4446 animae
2682 4401 2792 4449 tua
2834 4405 3041 4465 partem
3074 4397 3414 4455 intellectua-

156 4467 495 4538 θεωρητικὸν
537 4470 859 4541 άπασχόλει,
921 4473 1197 4526 κατανοῶν
1242 4474 1556 4541 γνωστικῶς
1591 4476 1735 4547 ειπερ

1862 4489 1972 4540 em,
1992 4475 2303 4548 intelligens
2326 4480 2467 4536 scite
2497 4498 2559 4537 ea
2594 4499 2716 4553 quae
2747 4486 2843 4541 tibi
2876 4489 2945 4543 ab
2974 4488 3063 4543 illa
3093 4504 3413 4562 proponun-

155 4558 295 4630 αῦτη
329 4576 413 4612 σοι
441 4560 757 4630 ὑποτίθησι.

231 4651 364 4718 Ίοῑς
383 4651 453 4705 δὲ
488 4652 655 4722 ἐμοῖς
715 4652 920 4722 λόγοις
965 4653 1275 4722 παράϐαλε
1307 4653 1425 4708 σὸν
1444 4650 1572 4720 οὖς.
1604 4656 1736 4720 Ταῖς

150 4740 195 4794 δ’
237 4744 402 4811 ἐμαῖς
465 4742 769 4813 ὑποθήκαις
830 4744 1119 4814 παρατίθει
1170 4744 1230 4797 τὸ
1267 4744 1547 4809 ὲπιπειθὲς
1594 4745 1736 4815 λόγῳ

150 4833 551 4903 ἐπιθυμητικόν
584 4852 681 4889 σου
741 4836 839 4890 καὶ
888 4836 1141 4907 θυμικὸν,
1201 4836 1492 4918 ὑπακούων
1543 4840 1734 4902 αὑταῖς

147 4926 454 4997 ὀρεκτικῶς
477 4927 618 4981 κατὰ
648 4927 867 4994 πρᾶξιν.

220 5020 327 5070 κα’.
355 5016 548 5081 Ὅπως
592 5017 680 5086 μὴ
708 5016 965 5073 λείπωσί
988 5031 1064 5072 σε
1103 5021 1164 5074 al
1195 5017 1379 5089 πηγαὶ
1407 5018 1518 5087 τῆς
1560 5017 1728 5087 (curii.

148 5109 347 5171 Ὅπως
374 5108 460 5161 ἀεί
489 5126 570 5162 σοι
609 5109 945 5180 βλαστάνωσι
993 5111 1114 5165 κατ’
1156 5110 1478 5183 ἔμπρακτον
1508 5113 1727 5180 γνῶσιν,

144 5198 219 5260 ὥς
243 5215 392 5261 τινες
428 5198 654 5254 άένναοι
720 5202 916 5269 πηγαὶ,
941 5202 1041 5271 τὴν
1066 5202 1385 5272 πρέπουσάν
1410 5218 1495 5255 σοι
1518 5201 1593 5266 ώς
1639 5202 1729 5256 λος

141 5289 289 5361 γιχῷ
320 5293 701 5364 πνευματικὴν
730 5293 893 5365 ζωὴν,
924 5296 978 5347 αἱ
1009 5294 1106 5348 τοῦ
1134 5293 1271 5348 Θεοῦ
1290 5295 1510 5349 ἐντολαὶ
1532 5294 1621 5359 ἃς,
1656 5295 1722 5366 δή

144 5399 227 5435 σοι
256 5383 355 5435 καὶ
391 5383 708 5455 ὑποτίθημι.

214 5474 511 5529 φύλασσε
535 5476 719 5544 αὑτὰς
746 5476 818 5530 ἐν
846 5476 932 5544 σῇ
955 5475 1190 5545 καρδίᾳ.
1222 5477 1396 5549 Τήρει
1424 5479 1564 5533 κατὰ
1607 5478 1725 5534 διάο

140 5584 297 5621 νοιαν
336 5567 539 5633 ταύτας
571 5569 659 5625 διὰ
683 5570 905 5633 παντός.

210 5659 321 5729 κβ¹.
348 5658 481 5727 Ζωὴ
514 5660 626 5730 πέρ
653 5661 785 5716 ἐστι
816 5662 942 5728 τοῖς
968 5663 1364 5732 εὑρίσκουσιν
1391 5665 1599 5731 αὐτὰς,
1625 5668 1719 5720 καὶ

140 5754 314 5821 πάσῃ
338 5754 522 5820 σαρκὶ
540 5753 724 5818 ιασις.
754 5754 957 5817 Γνῶσις
986 5756 1092 5824 γὰρ
1113 5756 1348 5826 ὑπάρχει
1375 5762 1717 5832 πνευματικὴ

487 5851 756 5912 Parnm.
812 5851 928 5913 Gn.
998 5852 1368 5917 LXXXVII.

1840 4576 1951 4619 tur.

1907 4656 1977 4712 Et
1997 4660 2068 4713 ad
2092 4661 2308 4733 eloquia
2330 4680 2446 4719 mea
2472 4665 2676 4721 inclina
2710 4684 2893 4723 aurem
2932 4679 3097 4725 want.
3129 4671 3262 4729 Meis
3288 4690 3413 4729 mo-

1836 4752 1966 4807 nitis
1991 4753 2215 4821 inclina,
2251 4755 2483 4812 docilem
2502 4758 2689 4825 verbo,
2712 4763 3195 4832 concupiscibileni
3222 4776 3278 4820 et
3299 4765 3409 4820 ira-

1836 4846 2082 4901 scihilem
2115 4847 2311 4902 anima:
2335 4857 2439 4905 tua:
2462 4850 2782 4920 potentiam,
2812 4852 3172 4924 acquiescens
3202 4854 3315 4912 illis
3353 4856 3406 4911 in

1832 4938 1987 5008 prati
2018 4953 2146 4993 eum
2172 4939 2388 4995 illarum
2414 4942 2699 5012 cupidine.

1904 5027 2070 5084 Vens.
2096 5029 2186 5084 21.
2210 5029 2293 5085 Ne
2328 5040 2377 5087 te
2403 5031 2780 5103 derelinquant
2806 5036 2974 5105 fontes
3002 5040 3141 5093 vita.
3160 5037 3232 5095 Ut
3254 5054 3404 5095 sem-

1832 5136 1929 5191 per
1981 5121 2115 5177 inte
2154 5122 2453 5177 secundum
2497 5125 2770 5180 ellicacem
2802 5129 3192 5198 cognitionem,
3237 5131 3402 5185 vitam

1832 5212 2173 5282 spiritualem
2209 5213 2305 5268 tibi
2348 5224 2608 5286 tanquam
2657 5218 2869 5273 ratione
2909 5218 3158 5288 praedito,
3198 5234 3401 5276 conve-

1831 5307 2068 5361 nientem
2088 5306 2395 5372 effundant,
2422 5319 2480 5364 ut
2502 5324 2771 5381 perennes
2788 5311 2988 5378 fontes,
3007 5313 3260 5368 mandata
3282 5313 3399 5374 Dei.

1828 5414 1951 5469 quae
1984 5415 2085 5471 ego
2115 5404 2210 5457 tibi
2240 5419 2509 5474 propono.

1899 5490 2123 5548 Custodi
2155 5510 2243 5549 eos
2284 5497 2337 5549 in
2364 5497 2522 5550 corde
2554 5506 2666 5551 tuo.
2698 5495 2867 5553 Serva
2892 5513 2977 5565 ea,
3013 5508 3140 5555 ante
3186 5505 3399 5562 omnia,

1830 5582 1881 5637 in
1908 5585 2266 5651 intelligentia
2306 5595 2419 5641 tua.

1905 5674 2069 5728 Vens.
2094 5675 2184 5729 22.
2232 5676 2350 5730 Vita
2368 5686 2447 5731 est
2472 5679 2609 5732 enim
2645 5679 3026 5739 Munientibus
3054 5701 3167 5751 eas,
3196 5698 3244 5742 ot
3276 5692 3397 5745 uni-

1826 5780 1985 5821 uersa:
2002 5768 2154 5821 carui
2184 5769 2411 5824 sanitas.
2446 5768 2693 5828 Scientia
2735 5775 3053 5833 conceditur
3078 5782 3380 5848 spirituahs

2852 5871 2928 5933 to
