4034 6574
155 404 279 472 i261

1201 399 1731 464 COMMENTARII
1761 401 1845 463 IN
1884 401 2336 468 PROVERBIA.

3259 409 3443 474 126⁷2-

154 533 265 581 σου,
322 515 381 569 ὲν
423 514 694 589 ἀταραξίᾳ
720 513 890 586 πάσῃ,
935 513 1029 567 καὶ
1056 512 1248 585 βαθείᾳ
1281 512 1471 567 παθῶν
1511 510 1723 584 γαλήνῃ

1850 527 1882 565 ιι
1911 515 2091 582 quiete
2131 515 2457 585 possidebis,
2489 525 2542 573 et
2570 516 2842 588 profunda
2870 519 3230 591 cupiditatum
3261 537 3395 591 pauo

152 610 231 672 είς
265 607 427 680 ἔργον
453 609 772 678 προαγάγῃ.

760 700 1013 755 ΚΕΦΛΛ.
1051 699 1127 753 E'.

219 799 290 850 α’.
327 792 446 856 Tit},
473 791 587 862 ἐμῇ
609 794 794 861 σοφίᾳ
817 791 1315 860 πρόσεχε.Τέκνον
1337 792 1724 862 πνευματικὸν,

150 887 217 956 τῇ
264 887 371 956 ἐμῇ
427 886 558 956 περὶ
609 886 744 940 Θεοῦ
799 887 976 956 ἐννοίᾳ
1027 885 1342 956 πρόσκεισο,
1392 884 1528 954 πρὸς
1571 883 1728 950 δόξαν

149 976 324 1045 ψευδῆ
365 969 440 1046 μὴ
475 994 696 1048 παρασυ
705 977 951 1048 ρόμενος.

225 1065 360 1131 Τοῖς
381 1065 435 1118 δ’
462 1065 626 1135 ἐμοῖς
655 1069 858 1137 λόγοις
882 1066 1190 1142 nuptialis
1212 1064 1329 1120 σὸν
1357 1059 1489 1131 οὖς.
1523 1067 1654 1130 Ταῖς
1683 1066 1728 1119 δ’

149 1157 312 1226 ἐμαῖς
340 1157 709 1222 διδασκαλίαις
731 1157 1021 1228 παρατίθει
1052 1157 1188 1228 πρὸς
1223 1158 1489 1227 ὑπακοὴν,
1521 1157 1584 1210 τὸ
1611 1157 1732 1210 ὲπι-

150 1249 340 1312 πειθὲς
370 1249 514 1318 λόγῳ
549 1249 948 1320 ἐπιθυμητικὸν
978 1251 1076 1321 τῆς
1115 1247 1290 1318 ψυχῆς
1322 1263 1416 1300 σου
1448 1246 1542 1300 καὶ
1575 1246 1732 1318 θυμι-

151 1343 269 1393 κόν.

225 1430 433 1500 β’.”Ινα
462 1431 742 1502 φυλάξῃς
770 1430 1014 1486 ἔννοιαν
1040 1432 1290 1500 ἀγαθήν.
1324 1430 1511 1492 Ὅπως
1552 1430 1631 1492 είς
1671 1429 1732 1482 τὸ

150 1523 402 1592 διηνεκὲς
436 1527 685 1595 τηρήσῃς
712 1523 856 1579 κατά
891 1523 1129 1579 διάθεσιν
1155 1522 1252 1594 τὴν
1282 1521 1458 1592 ἀληθῆ
1490 1522 1618 1591 περὶ
1639 1521 1730 1574 τοῦ

150 1615 304 1678 δντος
338 1617 546 1684 ἀγαθοῦ
572 1617 748 1681 δόξαν.

213 1709 516 1774 Αἵσθησιν
534 1707 605 1760 δὲ
631 1707 791 1776 ἐμῶν
811 1707 1063 1776 χειλέων
1086 1706 1446 1776 ἐντέλλομαι]
1473 1724 1590 1761 σοι.
1624 1706 1734 1776 Τὴν

151 1801 296 1850 κατά
320 1799 516 1869 πρᾶξιν
541 1799 596 1852 δὲ
626 1798 820 1870 πεῖραν
842 1798 952 1852 τῶν
977 1799 1125 1868 ἐμῶν
1156 1799 1502 1867 διδαγμάτων
1525 1815 1583 1851 σε
1613 1799 1734 1851 κατ’

150 1890 374 1962 ἐντολὴν
406 1892 646 1958 ἀπαιτῶ,
677 1894 771 1946 καὶ
804 1892 926 1963 οὐχὶ
962 1891 1060 1962 τὴν
1087 1891 1248 1962 ψιλὴν
1284 1890 1488 1972 τούτων
1529 1890 1736 1963 ἀκρόα-

149 2000 261 2036 σιν.

219 2081 292 2144 γ’.
340 2075 435 2144 Μὴ
475 2077 738 2146 πρόσεχε
783 2076 988 2144 φαύλῃ
1023 2074 1288 2144 γυναικί.
1317 2074 1409 2144 Μὴ
1446 2073 1738 2144 πρόσκεισο

148 2171 217 2237 τῇ
253 2166 328 2231 ὡς
363 2167 503 2221 κατά
532 2167 854 2238 προαίρεσιν
889 2166 1162 2235 ἀλογίστῳ
1188 2163 1364 2234 ψεκτῇ
1395 2163 1666 2235 αἰσθήσει.

224 2257 374 2312 Mes:
424 2259 535 2326 τὰρ
591 2256 910 2318 ἀποστάζει
975 2255 1095 2310 ἀπὸ
1154 2254 1405 2324 χειλέων
1459 2255 1742 2325 γυναικὸς

148 2351 407 2418 πόρνης,
439 2349 787 2420 Νομιζομένη
818 2349 929 2418 γάρ
962 2364 1046 2409 τις
1073 2346 1232 2416 ἡδονὴ
1262 2345 1524 2418 ἀπορρέει
1557 2348 1623 2399 ὲκ
1644 2346 1742 2416 τῆς

151 2443 296 2514 πρὸς
329 2444 399 2497 τὰ
423 2441 656 2514 αἰσθητὰ
684 2441 868 2512 φιλίας
898 2441 996 2510 τῆς
1019 2438 1114 2492 τοῦ
1149 2438 1309 2507 λόγου
1343 2438 1534 2509 πόρρω
1560 2437 1745 2493 νευού-

153 2551 259 2608 σης
289 2538 616 2609 αἰσθήσεως.

223 2630 267 2681 δ’
277 2632 384 2682 ."H
405 2629 555 2697 πρὸς
570 2627 779 2697 καιρὸν
800 2627 1062 2682 λιπαίνει
1093 2625 1211 2680 σὸν
1237 2623 1512 2694 φάρυγγα
1532 2639 1544 2651 ·
1567 2622 1746 2677 ὕστε-

149 2738 265 2788 ρον
291 2723 496 2790 μέντοι
538 2720 888 2790 πικρότερον
933 2718 1124 2788 χολῆς
1151 2717 1454 2787 εὑρήσεις,
1486 2715 1581 2769 καὶ
1605 2715 1741 2782 ἠκο-

152 2814 427 2882 νημένον
494 2811 738 2882 μᾶλλον
776 2813 1077 2881 μαχαίρας
1123 2809 1432 2878 διστόμου.
1472 2806 1632 2870 Ἥτις
1681 2806 1746 2858 δι’

150 2907 354 2976 ἡδονῆς
397 2905 588 2978 τρέφει
624 2921 708 2958 σοι
753 2904 814 2957 τὸ
847 2903 1125 2975 ἡδυπαθὲς
1168 2901 1309 2972 πρὸς
1345 2900 1540 2971 μικρόν
1562 2913 1575 2928 °
1610 2899 1748 2968 μετά

149 2999 314 3052 τοῦτο
332 2999 378 3052 δ’
393 2998 623 3072 ἐντύχῃς
643 2999 803 3069 αὐτῇ,
832 2998 1116 3068 πράγματι
1143 2993 1456 3065 ἀηδεστέρῳ
1480 3008 1538 3044 τε
1569 2990 1748 3060 πάσης

156 3089 430 3162 πικρίας,
485 3085 575 3144 οἷα
603 3091 703 3160 τῆς
736 3089 859 3143 κατ’
911 3089 1168 3158 αἴσθησιν
1216 3085 1406 3157 ἡδονῆς
1455 3082 1606 3145 τέλος
1651 3081 1749 3151 τὴν

1831 603 1898 658 ad
1924 618 2060 674 opus
2101 607 2411 663 deduccris.

2475 699 2628 755 CAP.
2661 700 2728 756 V.

1902 783 2066 840 Vens.
2105 787 2149 840 Ι.
2176 784 2287 840 Fili
2309 787 2403 852 mi,
2427 789 2638 844 attende
2656 791 2724 844 ad
2743 793 3054 862 sapientiam
3074 811 3264 851 meam.
3293 795 3398 853 Fili

1830 877 2158 946 spiritualis,
2185 894 2318 934 mea:
2341 880 2586 936 scientiae
2607 880 2705 938 Dei
2730 886 2968 954 attende,
3003 895 3062 940 ut
3078 903 3185 943 non
3206 888 3273 944 ad
3305 905 3401 944 va-

1831 986 1957 1026 nam
1982 973 2211 1044 gloriam
2255 978 2512 1032 traharis.

1902 1062 1973 1117 Et
1996 1067 2323 1122 sermonibus
2352 1072 2480 1123 meis
2514 1085 2718 1140 appone
2750 1087 2931 1126 aurem
2963 1082 3131 1129 tuam.
3163 1076 3244 1131 Ad
3273 1078 3406 1131 obca-

1833 1155 2086 1211 diendum
2114 1159 2249 1214 meis
2274 1160 2682 1218 hortationibus
2711 1179 2920 1234 appone
2952 1167 3121 1222 verbo
3141 1168 3400 1235 docilem,

1832 1259 2040 1318 partem
2077 1253 2562 1323 concupiscibilem
2585 1263 2639 1310 et
2677 1256 3009 1313 irascibilem
3049 1259 3243 1316 anima:
3273 1267 3401 1316 tuac.

1904 1421 2074 1481 Vens.
2109 1428 2165 1481 2.
2206 1426 2275 1483 Ut
2325 1431 2599 1487 custodias
2631 1435 2909 1489 scientiam
2967 1438 3176 1493 bonam.
3248 1438 3310 1492 Ut
3353 1442 3409 1495 Ftt

1835 1529 2156 1586 perpetuum
2228 1525 2510 1581 custodias
2565 1541 2688 1582 cum
2742 1528 3057 1596 dilectione,
3116 1531 3230 1586 veri
3279 1533 3408 1588 bmti

1835 1623 2018 1663 veram
2049 1611 2302 1681 gloriam.

1909 1701 2325 1774 Intelligentiam
2351 1725 2587 1764 meorum
2621 1712 2888 1768 labiorum
2919 1715 3114 1770 mando
3143 1716 3254 1770 tibi.
3276 1716 3412 1772 Peto

1839 1807 1868 1846 a
1902 1803 2032 1850 teut
2062 1799 2113 1852 in
2157 1801 2310 1868 praxi
2341 1804 2624 1860 doctrinas
2653 1806 2788 1877 legis
2815 1823 2948 1862 mea:
2985 1823 3192 1872 serves,
3225 1819 3279 1864 et
3303 1827 3411 1864 ntn

1840 1888 1917 1944 sis
1949 1891 2181 1961 simplex
2211 1909 2398 1950 earum
2433 1896 2674 1954 auditor.

1915 2064 2080 2123 Vsus.
2101 2071 2156 2125 ’5.
2191 2071 2272 2126 Ne
2297 2073 2545 2128 attendas
2571 2075 2761 2145 fallaci
2791 2077 3021 2133 mulieri.
3054 2076 3128 2134 Ne
3162 2079 3412 2136 attendas

1839 2161 2215 2230 vituperandae
2243 2165 2526 2230 doctrinae,
2564 2179 2620 2222 ut
2657 2169 2860 2240 iniqua:
2899 2171 2952 2226 in
2985 2177 3161 2242 praxi.

1913 2250 2268 2309 Meldistillat
2289 2257 2426 2311 enim
2450 2275 2480 2311 a
2510 2258 2665 2313 labiis
2698 2261 2940 2314 mulieris
2963 2263 3274 2317 meretricis.
3294 2263 3416 2319 Ali-

1843 2340 1996 2412 quid,
2022 2351 2081 2396 ut
2111 2344 2364 2416 voluptas
2387 2349 2713 2403 aestimatum
2737 2351 2967 2407 distillat
2995 2367 3058 2406 ex
3095 2369 3281 2409 amore
3303 2369 3414 2427 quo

1845 2431 1911 2486 ad
1941 2433 2220 2489 sensibilia
2254 2435 2427 2492 fertur
2456 2439 2652 2495 animae
2682 2447 2788 2495 tua:
2816 2455 2944 2512 pars
2981 2444 3265 2510 sensitive,
3291 2460 3414 2514 quae

1844 2521 2004 2592 longe
2033 2539 2063 2577 a
2098 2527 2262 2580 verbo
2289 2527 2533 2585 inclinat.
2573 2590 2584 2604 η

1920 2610 2083 2668 VERS.
2106 2615 2159 2667 4.
2181 2614 2313 2671 Παισ
2327 2621 2465 2672 enim
2483 2619 2552 2672 ad
2571 2629 2775 2690 tempus
2795 2623 3000 2693 saginat
3027 2635 3209 2695 guttur
3231 2635 3416 2692 tuum;

1847 2702 1939 2757 sed
1971 2706 2260 2762 novissima
2287 2709 2400 2778 ejus
2428 2710 2554 2778 felle
2607 2714 2882 2770 amariora
2919 2715 3167 2781 invenies,
3205 2727 3254 2772 et
3291 2736 3421 2773 acu-

1851 2797 1990 2852 tiora
2026 2798 2206 2870 gladio
2233 2805 2475 2872 ancipiti.
2511 2803 2634 2862 Haec
2668 2822 2767 2876 per
2803 2811 3160 2880 voluptatem,
3188 2821 3239 2867 te
3267 2815 3420 2870 brevi

1849 2894 2096 2960 tempore
2132 2890 2342 2948 deliciis
2378 2896 2617 2952 nutriet:
2654 2910 2778 2968 post
2809 2897 2924 2955 haec
2953 2911 3135 2958 autem
3171 2906 3421 2963 invenies

1815 3027 1829 3041 .
1851 2980 1904 3034 in
1940 2995 2024 3048 ea,
2065 2984 2211 3037 omni
2244 2984 2366 3040 l‘elle
2395 2988 2689 3054 amariora,
2728 2991 2801 3044 ita
2836 3001 2893 3048 ut
2919 2994 2972 3048 in
3007 2993 3135 3060 line,
3157 3012 3420 3054 sensuum

1849 3077 2105 3147 voluptas
2134 3079 2334 3135 habeat
2357 3083 2626 3148 dolorem,
2653 3095 2851 3140 etcum
2891 3097 3043 3158 parte
3070 3091 3423 3149 conscientias

153 3180 354 3250 ὀδύνην
383 3179 616 3250 ἐχούσης
637 3217 652 3244 ,
689 3179 784 3232 καὶ
817 3175 1237 3248 ἐπιτηδειοτέρῳ
1265 3172 1403 3245 πρὸς
1435 3171 1629 3240 πλῆξιν
1655 3168 1740 3222 τοῦ

1853 3167 2048 3238 aptiori
2069 3169 2134 3224 ad
2173 3171 2409 3242 plagam,
2454 3175 2610 3244 quasi
2660 3176 2842 3247 gladio
2876 3180 3104 3250 ancipiti
3147 3195 3420 3251 pcrsecet.

158 3270 463 3332 συνειδότος
502 3285 619 3336 σου,
646 3268 794 3339 ὑπὲρ
829 3267 982 3337 ξίφος
1028 3265 1226 3336 τέμνον
1265 3261 1600 3333 ἀμφοτέροις
1632 3260 1745 3321 τοῖς

159 3363 411 3434 μέρεσιν.

228 3462 292 3508 ε’.
336 3453 450 3522 Τῆς
476 3453 584 3524 γὰρ
606 3451 964 3522 ἀφροσύνης
988 3452 1042 3503 οἱ
1061 3448 1243 3514 πόδες
1259 3444 1585 3514 κατάγουσι
1604 3441 1747 3508 τοὺς

159 3545 510 3615 χρωμένους
523 3545 698 3612 αὐτῇ,
714 3543 864 3614 μετὰ
891 3541 1150 3596 θάνατον
1171 3542 1254 3604 είς
1289 3538 1396 3592 τὸν
1428 3536 1601 3604 ᾅδην.
1635 3535 1746 3603 Τῆς

157 3636 270 3704 γὰρ
301 3633 528 3701 ἀλογίας
556 3635 612 3686 αἱ
634 3633 824 3703 ὁρμαὶ,
855 3632 974 3702 μετ’
996 3629 1163 3682 αὐτοῦ
1191 3627 1285 3680 τοῦ
1320 3628 1444 3680 καθ’
1470 3624 1745 3696 ἁμαρτίας

155 3725 396 3794 ψυχικοῦ
445 3724 700 3786 θανάτου,
755 3721 1081 3777 κατασπῶσι
1129 3722 1257 3783 τοὺς
1313 3716 1745 3788 μετερχομένους

159 3817 333 3888 αὐτὴν
383 3817 462 3880 είς
513 3815 610 3885 τὴν
638 3815 782 3869 κατὰ
831 3815 934 3885 τὴν
993 3812 1313 3884 σωματικὴν
1353 3808 1557 3880 φθορὰν
1607 3806 1746 3875 ἀφά-

160 3925 338 3962 νειαν.

239 4001 317 4054 Τὰ
343 4000 412 4053 δὲ
445 3999 586 4071 ἴχνη
618 3999 807 4068 αὐτῆς
836 4001 945 4053 οὐκ
979 3997 1290 4066 ἐρείδεται.

231 4092 318 4144 Τὰ
341 4092 398 4145 δὲ
426 4091 562 4160 ἔργα
580 4092 804 4161 ταύτης,
835 4089 1023 4162 ἐπειδὴ
1054 4089 1128 4160 μὴ
1159 4087 1287 4159 περὶ
1312 4085 1380 4140 τὰ
1417 4084 1622 4157 μόνιμα
1646 4100 1746 4138 κα-

158 4183 502 4253 ταγίνονται,
541 4185 641 4237 οὐκ
670 4185 808 4236 εἰσιν
838 4182 1076 4251 ἀσφαλῆ.

237 4282 315 4341 ς’.
367 4274 568 4341 Ὁδοὺς
595 4276 704 4344 γὰρ
739 4273 888 4342 ζωῆς
920 4275 1030 4327 οὐκ
1073 4271 1408 4341 ἐπέρχεται.
1438 4269 1585 4342 Αὕτη
1613 4271 1741 4342 γὰρ,

158 4368 264 4432 τὰς
297 4368 379 4432 είς
404 4366 502 4438 τὴν
531 4367 702 4420 ἀΐδιον
746 4367 841 4419 καὶ
875 4365 1148 4437 μακαρίαν
1188 4366 1246 4416 ὲν
1280 4362 1550 4434 πνεύματι
1599 4365 1744 4436 ζωὴν

161 4459 442 4529 φερούσας
473 4458 624 4522 θείας
653 4456 896 4521 ἐντολὰς,
922 4455 1064 4509 κατά
1097 4455 1300 4525 πρᾶξιν
1328 4455 1386 4507 οὐ
1415 4455 1706 4526 διέρχεται.

1924 3429 2095 3496 Vens.
2131 3441 2183 3496 5.
2224 3441 2552 3514 Insipienlia:
2573 3445 2729 3513 pedes
2759 3447 3034 3504 adducunt
3070 3466 3158 3506 eos
3208 3453 3301 3522 qui
3341 3454 3426 3508 illi

1854 3534 2108 3597 serviunt,
2141 3545 2258 3601 post
2286 3546 2506 3590 mortem
2536 3537 2604 3590 ad
2627 3539 2841 3608 inferos.
2882 3539 3212 3611 lnsipientia:
3242 3553 3424 3602 autem

1854 3629 2056 3688 motus,
2107 3633 2227 3692 post
2247 3626 2532 3696 physicam
2581 3641 2831 3695 mortem,
2887 3645 2916 3683 ει
2952 3634 3195 3702 peccatis
3225 3644 3424 3703 ortam,

1855 3715 2086 3772 trahunt
2121 3718 2268 3771 illam
2305 3729 2601 3790 sequentes
2631 3723 2696 3777 ad
2723 3723 3124 3782 obscuritatem
3169 3743 3429 3800 corpora-

1853 3802 1920 3859 lis
1951 3805 2365 3864 destruetionis.

1923 3979 2146 4036 Gressus
2171 3983 2284 4053 ejus
2305 4000 2406 4038 non
2424 3984 2734 4054 ﬁrmantur.
2767 3988 2944 4061 Opera
2971 3991 3114 4048 enim
3136 3992 3276 4064 ejus,
3302 4009 3430 4052 cum

1853 4085 1962 4126 non
1999 4074 2112 4128 sint
2138 4074 2380 4139 stabilia,
2413 4091 2523 4131 non
2559 4088 2690 4133 sunt
2725 4088 2861 4136 tuta.

1923 4245 2090 4304 VEBS.
2129 4250 2180 4304 ti.
2219 4248 2346 4306 Vias
2365 4252 2506 4307 enim
2538 4255 2659 4310 vita:
2686 4273 2788 4310 non
2816 4257 3078 4315 ambulat.
3107 4260 3230 4332 Ipsa
3256 4264 3428 4333 enim,

1854 4341 2111 4396 mandata
2145 4342 2262 4408 Dei,
2291 4361 2412 4416 quae
2440 4347 2650 4403 ducunt
2691 4350 2758 4404 ad
2809 4352 2978 4407 vitam
3027 4357 3227 4410 animae
3265 4364 3430 4413 teter-

1858 4446 1984 4486 nam
2016 4439 2072 4486 et
2102 4433 2347 4502 beatam,
2380 4439 2433 4493 in
2466 4440 2621 4508 praxi
2660 4455 2766 4495 non
2798 4442 2950 4496 colit.

232 4523 540 4620 έραλεραί
571 4548 639 4602 δὲ
666 4551 726 4602 al
758 4547 988 4618 τροχιαί
1021 4523 1234 4614 αὐτῆς,
1270 4545 1365 4599 καὶ
1393 4523 1511 4598 οὐκ*
1533 4523 1740 4614 sorua»

1928 4523 2054 4596 Vagi
2077 4537 2201 4581 sunt
2229 4546 2441 4599 gressus
2468 4532 2586 4600 ejus
2617 4542 2667 4586 et
2685 4534 3096 4604 iurestigabiles.
3126 4535 3428 4605 Vagantur,

158 4659 318 4699 στοι.
353 4643 686 4714 Σφάλλονται
731 4642 789 4694 δὲ
836 4642 964 4712 περὶ
993 4640 1092 4708 τὴν
1135 4637 1230 4692 τοῦ
1265 4638 1431 4692 καλοῦ
1469 4638 1667 4711 κρίσιν,
1699 4639 1747 4691 ot

160 4738 311 4791 κατά
341 4735 576 4807 θεωρίας
601 4735 788 4806 δρόμοι
827 4733 1029 4802 αὐτῆς·
1061 4731 1134 4794 ὡς
1160 4730 1233 4802 μὴ
1264 4729 1399 4801 πρὸς
1430 4729 1491 4781 τὸ
1517 4732 1582 4800 τῇ
1616 4731 1750 4799 ἀλη-

161 4829 312 4898 θεία,
348 4828 485 4880 ἀλλὰ
511 4829 577 4898 τῇ
607 4827 794 4896 ψευδεῖ
820 4823 1089 4895 ὑπολήψει
1123 4822 1287 4876 καλὸν
1322 4821 1748 4884 ἀποϐλέποντες

161 4923 264 4976 καὶ
295 4920 396 4974 οὐκ
430 4921 666 4983 εὐκόλως
707 4918 880 4982 οὕτως
921 4917 1067 4989 ἔχειν
1097 4914 1634 4984 καταλαμϐάνονται,
1666 4911 1754 4966 διὰ

159 5017 224 5069 τὺ
255 5014 365 5068 τῶν
394 5015 746 5086 προσκαίρων
777 5011 1276 5084 ἡδέωνάπατηλόν.

237 5105 304 5171 ζ’.
339 5106 470 5161 Νῦν
499 5101 632 5167 οὖν,
652 5101 699 5160 ὦ
726 5103 835 5169 υίὲ,
865 5102 1047 5156 ἄκουέ
1078 5119 1218 5170 μου,
1257 5099 1352 5154 καί
1381 5099 1467 5169 μὴ
1493 5099 1756 5166 ἀκύρους

161 5197 436 5264 ποιήσῃς
467 5195 647 5264 ἐμοὺς
693 5195 938 5262 λόγους.
982 5190 1144 5244 Κατὰ
1189 5189 1318 5258 γοῦν
1368 5189 1460 5240 τὸν
1513 5188 1757 5254 παρόντα

166 5290 353 5342 πάντα
374 5286 816 5350 αίῶνα,τεκνίον,
839 5284 1077 5353 ὑπήκοος
1104 5281 1194 5334 ἔσο
1223 5297 1332 5351 μοι,
1355 5279 1449 5332 καὶ
1483 5279 1556 5348 μὴ
1579 5278 1757 5348 ἀπρά-

167 5395 334 5441 κτους
353 5377 454 5438 ea;
479 5376 615 5445 ἐμὰς
641 5374 850 5447 ἐργάσῃ
872 5369 1238 5432 διδασκαλίας·
1267 5368 1414 5430 ὅπως
1437 5364 1662 5425 ταύταις
1685 5362 1758 5426 ὥς

163 5485 312 5522 τισιν
343 5467 483 5530 ὁδοῖς
521 5464 824 5535 ἀμέμπτως
853 5462 1081 5533 δδεύσῃς
1109 5457 1247 5531 πρὸς
1273 5457 1363 5511 τὸν
1398 5455 1686 5526 μέλλοντα.

242 5568 311 5632 η’.
369 5559 622 5628 Μακρὰν
678 5557 942 5623 ποίησον
994 5553 1095 5606 ἀπ’
1153 5548 1344 5617 αὐτῆς
1410 5546 1535 5614 σὴν
1594 5545 1757 5600 ὀδόν.

166 5653 372 5724 nepam
387 5651 509 5722 τῆς,
532 5650 606 5714 ὡς
631 5650 868 5720 εἴρηται,
894 5643 1179 5712 ἀλογίστου
1201 5640 1526 5710 αἰσθήσεως,
1547 5636 1644 5705 τὴν
1663 5635 1760 5706 σὴν

168 5745 277 5798 ἁπέ
287 5758 490 5815 ργασαι
532 5741 740 5812 βιοτήν.

240 5837 339 5907 Μὴ
368 5834 620 5907 ἐτγισῃς
655 5830 973 5901 προθύροις
1023 5827 1205 5881 οἴκων
1235 5823 1446 5893 αὐτῆς,
1492 5821 1603 5876 Καὶ
1647 5819 1761 5872 δια-

1853 4619 2003 4674 circa
2036 4620 2163 4675 boni
2201 4622 2498 4693 judicium,
2547 4625 2925 4695 intelligentia:
2979 4627 3098 4698 ejus
3153 4646 3426 4699 gressus:

1855 4722 1961 4762 non
2014 4711 2159 4764 enim
2199 4712 2402 4766 bonum
2445 4713 2498 4767 in
2532 4716 2785 4780 veritate,
2823 4717 2920 4771 sed
2957 4718 3009 4771 in
3051 4719 3188 4771 falso
3217 4720 3431 4789 judicio

1853 4801 2227 4864 considerant,
2256 4811 2310 4857 et
2345 4803 2412 4858 de
2439 4805 2522 4858 bis
2554 4822 2662 4860 non
2696 4807 2855 4862 facile
2887 4811 3312 4878 convincuntur,
3361 4811 3432 4870 ob

1855 4892 2238 4958 temporalium
2271 4894 2613 4965 voluptatum
2649 4896 2941 4954 fallaciam.

1932 5069 2100 5124 Vens.
2130 5073 2182 5126 7.
2222 5070 2380 5126 Nunc
2405 5089 2548 5144 ergo,
2590 5075 2672 5144 fili
2705 5077 2796 5140 mi,
2830 5073 2957 5129 audi
2983 5092 3082 5142 me,
3119 5086 3168 5130 et
3201 5093 3262 5131 ne
3303 5094 3437 5132 cana

1857 5164 1944 5232 [ac
1969 5165 2126 5218 verba
2179 5182 2316 5219 mea.
2358 5167 2519 5236 Ergo,
2560 5166 2655 5231 ﬁli,
2712 5177 2834 5222 esto
2865 5169 3062 5223 docilis
3114 5169 3181 5223 ad
3224 5186 3307 5224 me
3345 5185 3444 5240 per

1858 5270 2072 5310 omnem
2119 5266 2438 5326 praesentem
2471 5260 2658 5326 vitam,
2703 5269 2755 5315 et
2791 5263 3002 5316 custodi
3060 5277 3208 5317 meas
3234 5263 3439 5317 doctri-

1859 5364 1982 5412 nas,
2009 5358 2065 5402 ut
2091 5349 2455 5419 ltistanquam
2485 5352 2610 5416 viis,
2648 5352 2756 5406 vita
2795 5352 3266 5424 irrepreltensiliili
3326 5373 3442 5408 am-

1863 5439 2019 5494 bulas
2048 5441 2113 5495 ad
2148 5441 2391 5496 futuram
2415 5443 2606 5496 vitam.

1933 5537 2100 5593 Vens.
2167 5538 2222 5592 8.
2255 5537 2432 5610 Longe
2482 5540 2567 5608 [ac
2629 5541 2695 5593 ab
2719 5557 2780 5594 ea
2833 5541 2972 5594 viam
3009 5551 3175 5595 tamn.
3211 5543 3290 5593 Ab
3348 5542 3438 5596 illi

1863 5625 2275 5681 inconsiderata
2332 5627 2586 5690 scientia.
2660 5636 2717 5680 ut
2757 5627 2963 5682 dictum
3015 5637 3118 5693 est,
3148 5631 3305 5700 longe
3356 5630 3439 5686 fac

1863 5718 2003 5771 viam
2039 5727 2209 5773 luant.

1938 5807 2022 5863 Ne
2063 5809 2446 5880 appropinques
2469 5809 2673 5881 foribus
2697 5809 2884 5867 domus
2907 5811 3042 5882 ejus.
3060 5810 3127 5867 Et
3154 5813 3442 5875 ambulans
