4034 6558
662 368 798 433 1263
2016 361 2369 429 PROCOPII
2403 353 2647 425 GAZEI
3753 358 3848 422 lilii

660 489 858 561 spiritu
914 486 983 542 ad
1016 485 1179 541 verba
1210 484 1523 546 veritatum,
1568 481 1695 553 fuge
1760 478 2116 551 apparentias
2145 490 2241 532 ea-

2272 483 2318 537 Α
2348 473 2552 528 ϐαίνων
2577 471 2717 528 κατά
2733 470 2857 527 νοῦν
2886 470 3023 542 πρὸς
3052 471 3177 535 τοὺς
3207 470 3397 539 λόγιος
3429 468 3535 523 τῶν
3561 468 3730 537 ὄντων,
3752 474 3848 527 ἀπο.

655 598 801 648 rum,
833 594 955 651 quat
982 578 1037 633 in
1070 576 1327 634 sensibus
1354 575 1610 646 potentiae
1659 573 1934 629 sensitivat
1967 571 2129 642 quasi
2181 572 2235 624 in

2344 580 2480 633 φυγι
2501 564 2599 629 τὰς
2618 564 2938 634 ἐπιφανείας
2961 564 3164 628 αὐτῶν,
3195 563 3251 616 αἳ
3280 564 3597 635 πρόκεινται
3622 565 3722 627 soi;
3737 566 3850 637 ὃίκην

655 674 832 746 portis
851 672 1065 742 jacent,
1094 668 1150 725 in
1185 668 1388 740 quibus
1438 667 1554 721 haec
1592 665 1838 737 potentia
1869 671 2059 719 manet
2118 671 2237 717 tan-

2344 653 2525 725 θυρῶν
2558 656 2885 725 εἰσαγωγαῖς
2920 654 3296 726 αἰσθητηρίοις
3343 654 3443 723 τῆς
3468 656 3743 722 φαντασίας
3778 662 3852 711 τῶν

655 742 821 835 quam
856 763 915 819 in
944 759 1203 817 domibus
1231 773 1262 813 ι
1283 773 1343 814 se
1365 756 1608 813 dilectis.

2342 748 2617 819 αἰσθητῶν
2640 767 2655 782 θ
2701 742 2783 813 οἷς
2824 747 2899 812 ὦς
2934 764 3075 802 τισιν
3105 748 3393 819 οἰκήμασι,
3430 747 3853 821 Μραμένειέμφι-

2340 836 2656 911 λοχωροῦσα
2687 841 2722 911 η
2749 839 3023 910 αἴσθησις.

733 940 899 1000 Vsus.
933 942 987 997 9.
1017 938 1098 994 Ne
1127 936 1218 992 des
1243 937 1403 992 vitam
1428 933 1643 997 alienis,
1670 940 1721 987 et
1778 946 1946 986 annos
1975 938 2093 985 tuos
2116 944 2234 983 cru-

2413 931 2477 985 θ’.
2506 931 2638 986 Ἵνα
2652 930 2738 1001 μὴ
2765 933 2921 1000 πρόῃ
2944 931 3156 997 ἄλλοις
3180 929 3332 997 ἄδήν
3353 930 3616 995 σου,-καί
3636 932 3737 985 σὺν
3752 934 3854 996 βίον

660 1038 895 1094 aclibus.
927 1033 1007 1091 Ne
1031 1034 1131 1090 des
1163 1030 1377 1096 alteris,
1407 1044 1438 1084 a
1461 1025 1571 1082 Deo
1602 1024 1894 1081 formatam
1929 1022 2235 1086 tibivitam,

2341 1021 2766 1091 ἀνελεήμοσιν.
2799 1024 2988 1085 Ὅπως
3030 1022 3105 1093 μὴ
3139 1021 3355 1094 προδῷς
3387 1022 3492 1093 τήν
3519 1039 3577 1075 τε
3617 1022 3770 1077 θεόθεν
3794 1044 3851 1080 σοι

665 1145 724 1190 ut
780 1133 967 1190 divina
1032 1126 1312 1189 mandata,
1361 1139 1462 1195 per
1504 1137 1626 1191 quae
1654 1118 1838 1175 omnia
1870 1116 2019 1172 facta
2082 1120 2237 1179 sunt,

2340 1113 2753 1186 χορηγουμένην
2776 1114 2920 1186 ζωὴν
2970 1114 3181 1186 ἑτέροις
3208 1115 3362 1185 παρὰ
3387 1117 3457 1173 τὰ
3482 1114 3597 1168 θεῖα
3616 1114 3849 1187 θελήματα.

653 1226 975 1284 carnalibus
997 1220 1377 1279 voluntatibus
1424 1215 1817 1286 sultjiciantur,
1842 1219 1897 1267 et
1920 1224 2082 1267 omne
2098 1222 2239 1279 opus

2338 1206 2460 1260 καθ’
2488 1206 2525 1261 ἃ
2564 1207 2632 1261 τὰ
2660 1208 2839 1263 πάντα
2870 1206 3123 1277 γεγόνασι
3165 1210 3446 1272 σαρκικοῖς
3486 1206 3849 1279 θελήμαειδιεξ·

661 1334 816 1376 tuum
843 1320 1051 1376 bonum
1079 1314 1403 1372 crudelibus
1430 1311 1814 1367 submittatur.

2339 1298 2590 1367 ἀγεσθαι,
2621 1298 2716 1353 καὶ
2776 1299 2922 1353 ἅπαν
2954 1316 3045 1355 σου
3091 1298 3150 1352 τὸ
3180 1298 3501 1369 σπούδασμα
3532 1301 3648 1363 ταῖς
3673 1317 3853 1371 stutum-

2338 1392 2519 1454 τικαῖς
2554 1390 2870 1460 δυνάμεσιν.

722 1498 893 1555 Vens.
949 1495 1039 1550 10.
1110 1495 1190 1549 Ne
1214 1491 1350 1561 forte
1394 1489 1718 1559 impleantur
1760 1484 2001 1541 extranei
2034 1481 2238 1538 viribus

2413 1488 2464 1537 t'.
2498 1483 2633 1538 "Ira
2658 1485 2743 1553 μὴ
2788 1481 3150 1549 πλησθῶσιν
3180 1482 3485 1551 ἀλλότριοι
3528 1482 3649 1551 σῆς
3680 1486 3856 1553 ίσχύος.

657 1593 782 1646 tuis.
805 1588 885 1645 Ne
914 1588 1194 1649 fruantur,
1228 1599 1257 1638 a
1292 1582 1403 1637 Deo
1440 1579 1678 1651 separati
1706 1578 2006 1640 daemones,
2040 1582 2238 1645 poten-

2338 1574 2451 1629 Καὶ
2476 1575 2859 1645 ἐμφορηθῶσιν
2884 1576 2933 1627 οἰ
2955 1574 3465 1646 ἀπηλλοτριωμένοι
3494 1575 3629 1629 Θεοῦ
3643 1575 3857 1646 δαίμονες,

657 1689 756 1750 tia;
788 1698 953 1754 quam
979 1680 1046 1736 ad
1072 1680 1214 1735 bona
1247 1689 1415 1747 opera
1442 1671 1723 1745 possides,
1758 1670 1861 1724 hac
1894 1667 2005 1723 illis
2038 1681 2238 1722 secun-

2337 1660 2405 1736 ἧς
2432 1666 2699 1734 κέκτησαι
2732 1664 3018 1736 δυνάμεως
3059 1666 3196 1735 πρὸς
3238 1667 3505 1737 ἐργασίας
3534 1665 3627 1718 τοῦ
3666 1665 3855 1733 ἀγαθοῦ·

608 1772 782 1836 ἰιυω
839 1788 989 1834 tuam
1044 1774 1389 1830 voluntatem
1447 1764 1709 1824 servienti
1742 1763 1809 1819 ad
1869 1760 2081 1818 scelera
2141 1774 2201 1831 pa

2266 1831 2302 1836 Α
2337 1756 2720 1827 ὑπουργούσης
2751 1757 2962 1820 τούτοις
3008 1758 3148 1811 κατά
3182 1758 3279 1829 σήν
3314 1758 3659 1830 προαίρεσιν,
3697 1760 3762 1822 είς
3788 1761 3859 1812 πί-

654 1872 870 1928 tranda.

2264 1831 2309 1889 Β
2339 1867 2439 1904 σαν
2469 1848 2669 1921 πρᾶξιν
2692 1848 2978 1919 ἀθέμιτον.

730 1964 895 2017 Vsus.
927 1961 1016 2015 Η.
1048 1956 1112 2011 Et
1142 1955 1351 2010 labores
1380 1951 1457 2005 tui
1510 1950 1619 2004 sint
1664 1948 1719 2002 in
1749 1945 1992 2000 domibus
2019 1942 2232 2011 alienis,

2407 1946 2496 1994 ια’.
2525 1942 2592 1994 Οἱ
2622 1938 2691 1993 δὲ
2726 1940 2824 1995 σοὶ
2856 1941 3165 2010 πόνοι,είς
3182 1942 3389 2006 οἴκους
3407 1942 3752 2010 ἀλλοτρίους
3771 1946 3857 1996 εισ-

648 2068 696 2111 et
735 2065 781 2108 te
823 2051 1073 2122 pmniteat
1104 2048 1157 2101 in
1183 2041 1482 2100 novissimis
1513 2040 1639 2095 tuis.
1684 2037 1751 2091 Et
1778 2036 1996 2091 labores
2040 2033 2146 2098 tui,
2176 2033 2232 2087 in

2332 2029 2574 2097 ἔλθωσι,
2606 2031 2703 2086 καὶ
2725 2033 3150 2103 μεταμεληθῇς
3177 2033 3273 2087 ἐπ’
3300 2033 3579 2103 ἐσχάτων
3603 2050 3733 2088 σου.
3755 2035 3855 2089 Otii

649 2149 846 2203 domus
875 2140 1280 2211 suppliciorum
1312 2131 1658 2188 daemonibus
1688 2137 2034 2199 prmparatas
2065 2125 2232 2180 indu-

2334 2123 2419 2177 σοὶ
2448 2124 2638 2194 μόχθοι
2668 2126 2751 2188 εἰς
2780 2126 2878 2190 τὰς
2900 2126 3312 2196 ὴτοιμασμένας
3338 2128 3521 2191 αὐτοῖς
3558 2130 3666 2190 τοῖς
3688 2127 3858 2198 δαίμοσι

649 2246 869 2301 eautur,
896 2230 1182 2288 materiam
1206 2226 1353 2297 ignis
1376 2223 1567 2278 aeterni
1602 2221 1700 2277 tibi
1740 2217 2231 2274 tbesaurizantes:

2336 2213 2505 2284 μονὰς
2529 2214 2640 2269 τῶν
2669 2215 2948 2271 κολάσεων
2988 2216 3314 2288 εἰσαχθῶσιν
3334 2260 3350 2285 ,
3398 2217 3497 2289 ὕλη
3532 2235 3613 2271 σοι
3650 2217 3736 2272 τοῦ
3760 2223 3854 2271 eim-

649 2336 702 2384 et
740 2334 795 2382 te
817 2321 1082 2396 paeniteat
1109 2319 1163 2373 in
1191 2313 1539 2372 novissimis.

2330 2304 2447 2360 νίου
2489 2306 2662 2377 πυρὸς
2705 2307 3173 2380 χρηματίσαντες,
3217 2310 3314 2363 καὶ
3353 2310 3640 2381 μεταγνῷς
3672 2312 3722 2376 ἐς
3745 2311 3856 2366 ὓστε-

2370 2412 2450 2452 ον.

720 2509 891 2566 V'sas.
925 2506 1013 2561 12.
1038 2502 1266 2572 Quando
1319 2496 1704 2565 consumpseris
1758 2507 1941 2548 carnes
1994 2489 2231 2558 corporis

2370 2413 2450 2452 ον.

2333 2413 2366 2467 ρ
2408 2487 2497 2559 ιβ’.
2538 2488 2742 2544 Ἡνίκα
2789 2490 2865 2544 ἂν
2907 2492 3345 2561 κατατριϐὧσιν
3382 2492 3609 2560 σάρκες
3637 2492 3857 2563 σώματός

667 2604 766 2669 tui,
796 2601 1015 2656 etdicas
1051 2612 1069 2651 :
1106 2610 1201 2649 cur
1265 2592 1557 2646 detestatus
1600 2603 1719 2642 sum
1774 2582 2135 2652 disciplinam,
2179 2588 2229 2633 et

2331 2598 2469 2648 σου,
2503 2582 2603 2636 καὶ
2628 2582 2783 2651 ἐρεῖς
2800 2599 2815 2614 ’
2839 2583 2973 2648 Πῶς
3001 2586 3267 2654 ἐμίσησα
3295 2585 3589 2652 παιδείας,
3616 2586 3706 2640 καί
3729 2587 3856 2654 ἐλέγ-

650 2690 1097 2765 increpationibus
1128 2704 1233 2742 non
1258 2683 1517 2754 acquievit
1548 2696 1640 2735 cor
1678 2693 1872 2733 meum.
1892 2675 2028 2730 Cum
2049 2687 2224 2727 mem-

2334 2672 2822 2765 χουςνὲξέκλινον
2866 2674 2915 2765 ἡ,
2941 2674 3153 2743 καρδία
3186 2692 3341 2744 μους
3385 2675 3649 2747 Ὀπηνίκα
3692 2676 3750 2730 τὰ
3786 2678 3854 2745 τῆς

650 2792 748 2845 bra
794 2783 1045 2854 corporis
1087 2780 1164 2835 tui
1226 2780 1556 2844 consumpta
1617 2771 1846 2835 fuerint,
1881 2778 1933 2824 et
1960 2768 2030 2821 ad
2084 2766 2227 2821 bona

2334 2764 2536 2836 σαρκός
2561 2781 2656 2817 σου
2688 2764 2823 2834 μέλη
2853 2764 2930 2835 τῷ
2965 2767 3141 2837 χρόνῳ
3176 2769 3625 2839 καταδαπανηθῇ,
3652 2770 3735 2822 καὶ
3758 2769 3858 2838 πρὸς

649 2892 816 2949 opera
844 2891 956 2947 pra;
987 2877 1271 2930 senectute
1297 2868 1569 2937 languens
1597 2863 1731 2929 eris,
1761 2868 1817 2917 et
1854 2859 2087 2923 dixeris,
2149 2865 2229 2912 te-

2328 2858 2593 2930 ἐργασίαν
2635 2857 2729 2911 τοῦ
2781 2856 2992 2925 ἀγαθοῦ
3027 2858 3115 2912 διὰ
3140 2858 3201 2911 τὸ
3226 2859 3406 2930 γῆρας
3435 2861 3765 2931 ὲξατονήσῃς,
3792 2864 3860 2914 καί

650 2947 831 3040 ipsum
862 2961 1199 3035 increpando
1227 2979 1241 3016 :
1270 2958 1383 3014 Cur
1410 2954 1785 3026 disciplinam,
1835 2950 2041 3005 bonum
2089 2947 2225 3040 mihi

2326 2949 2487 3022 εἴπης
2520 2949 2711 3003 ἑαυτὸν
2738 2948 3194 3014 ταλανίζων,”1να
3222 2950 3276 3004 τί
3319 2951 3416 3022 τὴν
3448 2952 3510 3005 τὸ
3546 2952 3734 3021 ἀγαθὸν
3764 2954 3860 3006 ὐπο-

649 3039 1045 3134 proponentem
1064 3056 1371 3109 detestatus
1406 3062 1550 3112 sum,
1599 3052 1654 3101 et
1678 3043 1857 3100 verbis
1882 3055 2007 3112 qua:
2065 3039 2225 3094 mali-

2324 3040 2617 3112 τιθεμένην
2650 3058 2741 3110 μοι
2777 3041 3129 3097 διδασκαλίαν
3168 3043 3562 3114 ὲὸδελυξάμην,
3597 3048 3688 3100 καὶ
3725 3046 3863 3113 λόγοις

650 3131 784 3209 tiam
810 3165 985 3207 meam
1017 3144 1344 3203 reiellebant
1374 3155 1486 3195 non
1507 3135 1746 3193 attendit
1775 3133 2008 3206 spiritus
2030 3131 2226 3187 meus?

2271 3187 2302 3209 η
2331 3133 2430 3201 τὴν
2460 3132 2660 3185 κακίαν
2688 3150 2790 3205 μου
2818 3132 3185 3205 διελέγχουσιν
3204 3135 3268 3190 ού
3300 3136 3571 3208 προσέσχε
3596 3155 3694 3208 μου
3724 3140 3753 3209 ἡ
3779 3139 3864 3191 δά-

2337 3241 2455 3283 νοια
2476 3242 2492 3292 ;

720 3327 888 3383 Vsas.
921 3324 1013 3380 15.
1057 3320 1181 3375 Non
1226 3317 1409 3373 audivi
1449 3329 1624 3371 vocem
1681 3308 1954 3364 docentem
2012 3319 2129 3367 me;
2185 3312 2237 3397 et

2412 3326 2504 3388 ιγ’.
2538 3321 2659 3375 Οὐκ
2691 3320 2923 3390 ἤκουον
2970 3321 3179 3391 φωνῆς
3229 3323 3620 3391 παιδεύοντός
3647 3343 3747 3395 με·
3792 3328 3866 3379 καὶ

650 3418 935 3477 instruenti
976 3431 1056 3469 me
1088 3429 1194 3469 non
1216 3408 1421 3481 prwbui
1465 3420 1649 3460 aurem
1673 3417 1865 3456 meant.
1898 3397 2019 3452 Non
2048 3395 2235 3451 audivi

2335 3412 2687 3469 διδάσκοντι
2717 3432 2793 3484 με
2826 3417 2899 3470 οὺ
2945 3415 3289 3483 παρέϐαλον
3350 3417 3418 3470 τό
3456 3414 3569 3485 οὖς
3611 3438 3740 3489 μου.
3781 3422 3866 3488 Οὐχ

652 3528 776 3569 eum
802 3510 897 3581 qui
932 3523 1019 3563 me
1049 3520 1080 3560 a
1127 3519 1231 3561 non
1264 3496 1722 3556 convenientibus
1779 3489 2098 3556 avertebat;
2179 3502 2237 3555 eg

2334 3503 2606 3574 ὑπήκουον
2628 3504 2707 3576 τῷ
2740 3504 2847 3558 τῶν
2880 3505 2956 3576 μὴ
2987 3505 3218 3561 δεόντων
3266 3523 3333 3577 με
3375 3509 3766 3563 ἀναστέλλοντι·
3796 3512 3868 3562 καὶ

651 3605 704 3664 ei
740 3603 835 3676 qui
859 3600 992 3657 mihi
1012 3595 1263 3653 decentia
1304 3589 1647 3664 proponebat
1671 3601 1782 3642 non
1806 3583 2019 3654 subieci
2062 3596 2229 3638 aures

2332 3596 2411 3666 τῷ
2435 3596 2502 3650 τά
2529 3597 2718 3651 δέοντα
2762 3598 3141 3672 ὑποτιθεμένῳ
3194 3618 3308 3671 μοι,
3354 3601 3415 3655 ού
3466 3602 3777 3672 παρετίθουν
3817 3602 3865 3655 τᾶ

649 3711 826 3759 meas,
855 3700 915 3748 ttt
946 3690 1217 3746 audirem.

2333 3683 2447 3743 ὦτα
2484 3690 2618 3759 πρὸς
2653 3692 2940 3758 ἀκρόασιν.

717 3788 888 3842 Vsus.
919 3783 1008 3840 14.
1048 3780 1188 3835 Pene
1229 3778 1308 3848 fui
1342 3778 1399 3832 in
1431 3774 1574 3831 omni
1606 3772 1773 3837 malo,
1812 3771 1867 3825 in
1915 3766 2086 3823 medio
2143 3781 2229 3821 ec-

2406 3779 2486 3834 ιδ’.
2516 3782 2658 3847 Πιιρ’
2705 3782 2918 3850 ὀλίγον
2942 3780 3240 3851 ἐγενόμην
3275 3782 3347 3835 ἐν
3393 3784 3572 3837 παντί
3623 3782 3786 3849 κακῷ,
3815 3783 3865 3833 ἐν

648 3880 823 3935 clesiw
854 3887 901 3932 et
932 3888 1236 3947 synagoga.
1272 3869 1410 3925 Fere
1434 3880 1649 3923 omnem
1706 3864 1992 3927 malitiam,
2029 3861 2084 3915 in
2114 3861 2226 3929 spi~

2325 3870 2495 3939 μέσῳ
2514 3871 2847 3939 ἐκκλησίας
2872 3872 2971 3925 καὶ
2997 3873 3375 3943 συναγωγῆς.
3408 3874 3566 3946 Παρὰ
3598 3875 3755 3946 βραχὺ
3782 3878 3864 3926 πᾶ-

648 3972 759 4027 ritu
785 3979 839 4024 et
875 3980 1113 4037 corpore
1145 3968 1410 4034 operatus
1458 3973 1607 4022 sum,
1636 3964 1828 4010 contra
1861 3953 2038 4024 legem
2064 3948 2230 4019 spiri-

2333 3980 2431 4017 σαν
2462 3962 2737 4034 ἁμαρτίαν
2786 3965 2929 4019 κατά
2976 3965 3155 4036 ψυχὴν
3195 3968 3291 4019 καὶ
3334 3967 3492 4038 σῶμα
3532 3968 3865 4038 διεπραξάμην

652 4062 854 4117 tualem
887 4073 1009 4129 qute
1040 4054 1335 4111 animabus
1351 4050 1554 4121 templa
1585 4054 1873 4119 pratparat,
1904 4058 1999 4100 eas
2030 4056 2231 4098 secun-

2329 4056 2564 4111 ἐνώπιον
2584 4057 2678 4110 τοῦ
2711 4075 2770 4111 τε
2795 4059 2892 4123 τὰς
2917 4059 3099 4129 ψυχὰς
3128 4060 3507 4124 ναοποιούντος
3540 4059 3865 4131 πνευματική

651 4155 781 4210 dum
806 4149 1094 4206 scientiam
1127 4143 1510 4217 puriﬁcando:
1577 4148 1771 4195 contra
1829 4137 2005 4208 legem
2047 4136 2227 4205 scrip-

2327 4149 2514 4219 νόμου,
2546 4152 2603 4204 ὲν
2644 4148 2720 4220 τῷ
2763 4150 2969 4214 ταύτας
3004 4150 3290 4222 καθαίρειν
3327 4152 3468 4205 κατὰ
3502 4153 3759 4206 διάνοιαν·
3792 4152 3868 4203 ni

651 4253 789 4307 tam,
822 4238 1043 4295 fortiter
1075 4248 1298 4291 errores
1363 4231 1668 4302 fugantem,
1695 4234 1751 4284 et
1777 4227 2067 4283 ducentem
2128 4240 2225 4280 eos

2326 4238 2419 4291 τοῦ
2457 4239 2567 4293 τῶν
2608 4239 2729 4292 κατ’
2771 4239 3053 4310 ἐνέργειαν
3098 4241 3516 4310 ἁμαρτημάτων
3554 4241 3868 4313 καθαίροντος

650 4335 746 4406 qui
771 4334 827 4389 in
887 4329 1072 4386 varias
1097 4335 1153 4384 et
1190 4323 1473 4396 oppositas
1510 4329 1691 4377 sortes
1735 4318 1895 4374 divisi
1928 4317 2104 4381 fuere,
2154 4314 2224 4369 ad

2325 4329 2594 4399 γραπτοῦ,
2631 4330 2726 4384 καὶ
2756 4331 3085 4399 συνάγοντος
3114 4332 3243 4394 τοὺς
3273 4332 3353 4394 εἰς
3391 4331 3593 4396 πολλὰς
3624 4332 3713 4386 καὶ
3741 4332 3868 4383 ἀντι-

652 4432 793 4482 lianc
827 4438 990 4480 uuam
1019 4428 1232 4475 naturae
1264 4418 1461 4489 legem,
1493 4411 1838 4470 exhortando
1859 4426 2133 4481 quemque
2162 4417 2223 4464 ut

2327 4422 2512 4483 θέτους
2561 4422 2756 4495 μοίρας
2801 4421 3277 4493 κατατμηθέντας,
3311 4423 3449 4493 πρὸς
3494 4424 3587 4478 τὸν
3616 4424 3705 4478 ἕνα
3740 4423 3868 4489 λόγον

652 4519 959 4593 proximum
982 4514 1173 4585 diligat
1192 4510 1342 4568 sicut
1370 4508 1632 4577 seipsttm.

2274 4526 2305 4585 [)
2329 4512 2428 4581 τῆς
2459 4513 2694 4581 φύσεως.
2750 4516 2809 4567 ὲν
2852 4514 2930 4585 τῷ
2978 4514 3391 4569 διακελεύεσθαι
3418 4516 3650 4571 ἕκαστον
3676 4518 3867 4585 ἀγαπᾷν

2330 4605 2422 4657 τὸν
2447 4605 2674 4674 πλησίον
2702 4606 2775 4669 ὼς
2808 4605 3021 4660 ἑαυτόν.

728 4700 892 4755 Vens.
928 4699 1017 4755 15.
1052 4695 1181 4752 Bibe
1201 4711 1367 4767 aquas
1387 4696 1450 4748 de
1471 4694 1701 4747 cisterna
1727 4703 1840 4758 tua,
1870 4701 1921 4748 et
1954 4693 2020 4747 de
2064 4693 2229 4763 {anti-

2404 4699 2486 4753 ts'.
2514 4700 2660 4753 Πίνε
2684 4699 2874 4754 ὕδατα
2901 4701 3019 4754 ἀπὸ
3048 4700 3178 4754 σῶν
3205 4701 3479 4772 ἀγγείων,
3513 4702 3610 4756 καί
3635 4702 3743 4757 ἀπὸ
3764 4698 3869 4753 σῶν

653 4792 749 4846 bus
786 4802 1065 4861 puteorum
1103 4799 1336 4844 tuorum.
1373 4786 1521 4856 Elige
1545 4784 1822 4857 dogmata,
1887 4800 1996 4840 non
2029 4785 2229 4840 cister-

2328 4791 2599 4860 ςρρεὰτων
2622 4789 2847 4860 πηγῶν.
2885 4791 3078 4862 ’Δρύον
3099 4791 3366 4862 δόγματα,
3396 4794 3471 4864 μὴ
3505 4795 3573 4847 τὰ
3598 4796 3685 4863 ἀφ’
3702 4787 3770 4846 ὧν
3790 4795 3870 4859 ἀγ·

655 4896 874 4944 narum,
907 4895 937 4933 a
966 4878 1167 4949 quibus
1198 4885 1393 4932 natura
1454 4875 1686 4931 rationis
1709 4890 1906 4946 expers
1940 4876 2224 4931 scientiam

2329 4882 2491 4951 γείων
2518 4884 2613 4936 καὶ
2642 4886 2675 4953 ἡ
2706 4883 2901 4951 ἄλογος
2930 4883 3093 4952 φύσις
3113 4883 3210 4954 τὴν
3230 4884 3353 4937 καθ’
3375 4885 3571 4956 ἡδονὴν
3599 4885 3687 4939 καὶ
3707 4883 3870 4949 ὀδύνην

655 4973 824 5029 sumit
854 4971 919 5026 de
941 4971 1224 5038 voluptate
1256 4979 1312 5024 et
1342 4966 1411 5024 de
1445 4967 1635 5023 dolore
1669 4982 1697 5020 a
1741 4967 1999 5022 sensibus
2030 4981 2225 5036 prove-

2328 4976 2439 5028 τῶν
2472 4976 2745 5045 αἰσθητῶν
2778 4975 2984 5044 γνῶσιν
3006 4976 3328 5045 κομίζεταν
3376 4976 3528 5045 ἅπερ
3556 4976 3760 5036 πάντως
3788 4976 3867 5039 ἀγ-

657 5064 877 5128 nieute;
921 5076 1041 5131 qua
1073 5062 1313 5115 cisterna
1372 5068 1459 5114 est
1498 5056 1724 5112 omnino
1755 5056 2006 5111 sensatio
2038 5065 2090 5111 et
2121 5070 2218 5125 ap-

2328 5068 2451 5135 γεῖα
2480 5069 2514 5136 ἡ
2550 5066 2802 5137 αἴσθησις
2836 5068 2931 5121 καὶ
2969 5068 3002 5137 ἡ
3034 5067 3305 5136 φαντασία
3332 5066 3452 5120 ὲστί
3471 5082 3483 5097 ⁸
3521 5069 3643 5139 μήτ’
3665 5066 3766 5121 ἀπὸ
3783 5064 3870 5117 τῶν

655 5153 900 5221 parentia
926 5166 1063 5207 vana
1093 5168 1106 5204 :
1138 5164 1315 5219 neque
1364 5149 1721 5204 scientiarum
1754 5147 2016 5202 Ecclesiae
2076 5149 2228 5204 Grae-

2327 5160 2426 5228 τῆς
2452 5158 2781 5227 Ἔκκλησίας
2798 5159 2962 5225 ξένων
2976 5158 3303 5228 Ἑλληνικῶν
3319 5158 3465 5229 μαθη
3475 5160 3680 5228 μάτων,
3690 5158 3787 5211 τῶν
3801 5151 3873 5208 οἷα

653 5260 846 5299 eorum
900 5242 1353 5313 alienigenarum,
1417 5240 1534 5309 qui,
1611 5246 1873 5309 tanquam
1921 5254 1988 5295 ex
2046 5240 2226 5309 puteis

2329 5248 2583 5319 φρεάτων
2622 5248 3097 5319 ὲπιχορηγούντων
3134 5251 3247 5311 τοῖς
3278 5250 3407 5314 περὶ
3445 5249 3616 5303 ταῦτα
3646 5247 3869 5317 ἀσχολού-

653 5336 789 5391 dant
823 5335 933 5390 illis
959 5333 1053 5404 qui
1083 5333 1132 5389 ei
1165 5332 1446 5388 adhaerent
1472 5330 1640 5386 falsas
1658 5331 1729 5387 de
1782 5332 1945 5387 rebus
2002 5340 2225 5387 senten-

2332 5341 2539 5412 μένοις,
2568 5340 2665 5403 τὰς
2697 5343 2826 5412 περὶ
2851 5342 2960 5395 τῶν
2986 5341 3158 5395 ὄντων
3194 5340 3411 5410 ψευδεῖς
3442 5342 3618 5407 δόξας,
3657 5340 3763 5396 ἀλλ’
3783 5336 3871 5392 ἀπὸ

656 5430 764 5483 tias
802 5444 814 5480 :
847 5426 942 5482 sed
966 5439 1096 5479 erue
1122 5423 1191 5479 ab
1224 5422 1313 5478 his
1342 5437 1465 5492 quae
1488 5422 1587 5476 tibi
1615 5423 1787 5492 magis
1818 5424 2036 5493 propria
2075 5430 2224 5485 sunt,

2327 5430 2437 5484 τῶν
2471 5431 2777 5494 ίδιαιτάτως
2811 5430 2941 5496 σῶν,
2971 5430 3067 5484 τοῦ
3088 5447 3148 5485 τε
3176 5429 3271 5486 νοῦ
3300 5432 3395 5484 καὶ
3424 5434 3522 5503 τῆς
3544 5432 3767 5492 διανοίας
3784 5443 3797 5457 ⁸
3824 5426 3870 5487 ἐξ

655 5520 709 5576 id
738 5526 844 5581 est,
881 5532 945 5572 ex
988 5515 1179 5585 spiritu
1214 5520 1269 5568 et
1302 5512 1663 5583 intelligentia
1694 5528 1761 5568 ex
1791 5514 2014 5583 quibus,
2064 5516 2224 5585 quasi

2328 5516 2426 5584 ὧν,
2455 5522 2532 5586 ὡς
2574 5521 2639 5575 εκ
2661 5539 2823 5576 τινων
2858 5522 3115 5592 ἀγγείων,
3146 5523 3202 5576 αἰ
3230 5521 3327 5577 τοῦ
3360 5523 3513 5588 ὄντος
3554 5521 3769 5592 ἀγαθοῦ,
3794 5518 3872 5572 καὶ

655 5629 721 5667 ex
750 5610 1008 5668 cisternis
1050 5608 1419 5677 disponuntur
1484 5605 1614 5659 boni
1671 5605 1787 5660 veri
1854 5614 1908 5661 et
1934 5621 2042 5660 non
2107 5608 2228 5662 veri

2328 5614 2421 5667 τοῦ
2450 5614 2524 5683 μὴ
2554 5613 2816 5679 τοιούτου,
2848 5615 3064 5683 λογικαὶ
3090 5613 3237 5681 δόξαι
3263 5614 3545 5687 ἀρύονται,
3572 5619 3661 5669 καὶ
3686 5613 3785 5666 τῶν
3806 5612 3866 5667 εἰς

652 5704 814 5773 justas
855 5700 1163 5755 notiones:
1212 5712 1344 5752 erue
1401 5695 1701 5767 (dogmata)
1767 5698 2064 5767 escriptis,
2116 5698 2228 5755 Deo

2333 5705 2585 5777 βοήθειαν
2614 5707 2872 5761 δοθεισῶν
2913 5707 3125 5771 τούτοις
3152 5707 3530 5762 θεοπνεύστων
3548 5704 3795 5779 Γραφῶν⁶
3819 5698 3867 5755 ἐξ

656 5795 990 5865 inspirante,
1035 5790 1253 5864 spiritui
1281 5803 1335 5848 et
1366 5791 1737 5863 intelligentia:
1772 5792 1825 5848 in
1846 5795 2108 5848 auxilium
2138 5795 2227 5849 da-

2332 5790 2406 5853 ὧν
2435 5797 2510 5863 ὡς
2541 5800 2793 5871 φρεάτων
2836 5798 2996 5854 τινῶν
3031 5799 3193 5868 βάθος
3228 5800 3473 5872 ἐχουσῶν
3520 5796 3869 5863 ἀνεξάντλιςτσν
