4034 6506
668 375 800 440 1267

1991 381 2340 444 PROCOPII
2381 378 2626 441 GAZxEI

3757 376 3860 438 12138

664 490 884 553 dentur,
911 491 969 541 ut
991 499 1178 542 earum
1205 487 1539 556 apparentiis
1568 487 1805 558 haereas,
1825 495 2008 547 etnon
2038 505 2235 562 proce-

2356 504 2404 540 tu
2413 485 2820 557 μπεριγράφου,
2846 482 2987 538 κατὰ
3001 482 3060 536 τὸ
3071 481 3428 553 ὲναπομένειν
3443 479 3561 544 ταῖς
3573 480 3860 550 ἐπιφανείαις

666 581 764 636 das
790 582 845 637 in
861 581 1057 652 spiritu
1080 580 1146 634 ad
1181 579 1376 634 barum
1407 582 1670 640 rationes.

735 751 903 809 Vsus.
942 754 1034 809 2L
1089 757 1224 810 Ante
1276 754 1454 809 oculos
1498 754 1616 820 Dei,
1677 766 1803 812 sunt
1836 761 1931 813 via:
1979 757 2236 812 hominis.

667 844 864 903 Nullus
888 849 1127 903 hominis
1162 858 1404 904 motuum
1433 850 1827 925 Spiritualiuzn,
1877 853 2071 905 Oculos
2121 850 2233 918 Dei,

668 943 851 993 omnia
882 941 1150 1004 videntes,
1172 940 1328 1011 fugit,

744 1115 935 1171 Omnes
966 1117 1110 1172 illius
1130 1120 1350 1173 semitas
1381 1120 1704 1175 considerat.
1747 1121 1950 1175 Omnes
1982 1122 2124 1175 illius
2157 1137 2246 1176 se-

672 1210 836 1263 mitas
863 1219 916 1264 et
950 1212 1252 1265 secundum
1272 1214 1539 1268 theoriam
1572 1223 1625 1267 et
1683 1213 1980 1268 secundum
2009 1216 2241 1284 praxim,

2338 584 2444 636 τῶν
2471 580 2704 652 ὁρατῶν,
2735 579 2830 632 καὶ
2867 577 2944 648 μὴ
2974 575 3278 629 διαόαίνειν
3313 570 3460 627 κατὰ
3488 571 3606 627 νοῦν
3629 577 3747 646 πρὸς
3764 582 3862 640 τοὺς

2339 671 2530 740 λόγους
2563 671 2768 726 αὐτῶν.

2411 768 2519 817 κα’.
2559 760 2854 815 Ἐνὼπιον
2899 758 3010 829 γάρ
3042 761 3161 813 εἰσι
3188 757 3306 811 τῶν
3349 757 3456 811 τοῦ
3502 758 3643 813 Θεοῦ
3688 760 3860 828 ὀφθαλ-

2334 849 2487 922 μῶν,
2519 851 2645 905 ὁδοὶ
2673 851 2910 919 ἀνδρός.
2946 851 3114 904 Οὐδὲν
3160 849 3268 919 γὰρ
3329 849 3438 902 τῶν
3490 849 3626 902 κατὰ
3677 853 3859 920 γνώμην

2340 942 2434 995 τοῦ
2481 941 2770 1014 ἀνθρώπου
2807 942 3163 1012 κινημάτων,
3194 942 3323 1004 τοὺς
3380 941 3734 1011 παντεφόρους
3783 944 3858 996 τοῦ

2341 1034 2475 1088 Θεοῦ
2515 1034 2739 1105 λέληθεν
2762 1034 3095 1105 ὀφθαλμούς.

2405 1125 2511 1189 Εἰς
2539 1124 2606 1176 δὲ
2633 1124 2837 1192 πάσας
2882 1124 2989 1192 τὰς
3047 1125 3287 1194 τροχιὰς
3348 1125 3538 1179 αὐτοῦ
3602 1127 3857 1182 axoni-si.

2359 1216 2484 1269 Ἐπὶ
2509 1217 2714 1279 πάντας
2743 1217 2800 1270 δὲ
2836 1217 2964 1279 τοὺς
2994 1217 3136 1270 κατά
3191 1234 3250 1270 τε
3311 1217 3543 1288 θεωρίαν
3581 1217 3670 1270 καὶ
3703 1220 3863 1286 πρᾶξιν

673 1299 793 1368 ipse
813 1302 1153 1368 considerat,
1191 1303 1236 1358 si
1271 1303 1574 1359 secundum
1627 1303 1747 1371 ejus
1780 1305 2091 1361 voluntates
2122 1317 2244 1358 am-

2356 1308 2575 1377 Ξρόμους
2595 1307 2760 1361 αὑτοῦ
2785 1309 2979 1379 ἐφορᾷ,’
2997 1309 3046 1362 εἰ
3070 1308 3209 1361 κατὰ
3223 1309 3322 1380 τὴν
3341 1308 3532 1361 τούτου
3564 1307 3868 1378 προϐαίνουσι

676 1391 846 1444 bulet.

745 1481 912 1538 Vsus.
941 1483 1031 1539 22.
1068 1483 1386 1554 Iniquitales
1414 1487 1628 1555 capiunt
1657 1486 1938 1541 hominem.
1974 1484 2247 1551 Volupta-

663 1573 824 1630 tibus
851 1577 1056 1646 iniquis
1086 1586 1348 1647 tanquam
1379 1579 1589 1634 retibus
1636 1579 1795 1632 homo
1823 1577 2245 1646 constringitur,

675 1683 798 1736 qua:
818 1684 926 1724 non
959 1671 1145 1725 sinunt
1175 1681 1233 1725 ut
1255 1673 1557 1726 secundum
1618 1670 1711 1725 Dei
1744 1671 2000 1725 mandata
2053 1671 2249 1724 ambu-

680 1762 774 1813 let.

2382 1399 2622 1454 ούλησιν.

2382 1399 2473 1452 ούλ
2520 1417 2622 1454 σιν.

2348 1398 2378 1470 β
2417 1417 2522 1562 κβῖὶ.
2570 1491 3144 1560 Παρανομίαιᾶνδρα
3175 1490 3522 1560 ὀγρεύουσι.
3571 1489 3771 1542 Ἠδοναὶ
3792 1507 3871 1543 πα-

2352 1584 2569 1655 ράλογοι
2630 1583 3014 1652 παγιδεύουσιν
3065 1583 3373 1652 ἄνθρωπον,
3459 1581 3534 1652 μὴ
3600 1582 3868 1650 συγχωρῶ.

2351 1694 2438 1730 σαι
2476 1675 2667 1730 τοῦτον
2701 1675 2798 1747 τὴν
2832 1677 2951 1731 ὁδὸν
2981 1676 3088 1730 τῶν
3149 1674 3309 1729 θείων
3374 1673 3607 1728 ἐντολῶν
3643 1673 3872 1743 διεξέρχεο

2353 1768 2496 1824 σθαι.

749 1847 916 1903 Vsus.
944 1849 1034 1903 25.
1068 1848 1305 1904 Funibus
1329 1865 1662 1919 peccatorum
1677 1870 1891 1908 suorum
1916 1854 2200 1923 stringitur
2229 1866 2248 1905 :

2420 1867 2528 1929 κγ’.
2563 1859 2793 1930 Σειραῗς
2824 1859 2893 1915 δὲ
2918 1859 3036 1913 τῶν
3069 1857 3287 1913 ἑαυτοῦ
3323 1857 3622 1928 ἁμαρτιῶν
3661 1857 3870 1924 ἕκαστος

681 1939 796 2011 ipse
816 1940 1049 1994 moritur
1079 1957 1202 1996 cum
1237 1944 1640 2012 ignorantibus.
1697 1943 1978 2014 Tanquam
2029 1945 2251 1997 [ιιιιὶιηιε

680 2031 1116 2098 Inevitabilibus,
1164 2049 1373 2104 magna:
1428 2037 1840 2091 consuetudinis
1875 2050 2121 2088 errorum
2157 2033 2252 2104 qui

681 2131 734 2185 in
771 2133 863 2186 illo
897 2139 1029 2187 sunt
1057 2133 1290 2195 retibus,
1318 2133 1392 2186 ita
1423 2139 1481 2186 ut
1512 2132 1581 2185 ab
1607 2131 1687 2185 eis
1712 2146 1819 2183 non
1856 2129 2030 2198 possit
2089 2127 2252 2190 solvi,

679 2221 880 2289 ligatur
916 2223 1097 2276 omnis
1133 2229 1393 2292 peccator
1428 2238 1442 2275 :
1473 2223 1563 2291 qui
1624 2222 1667 2275 si
1703 2216 2251 2286 remaneatimpmni-

681 2321 827 2380 tens,
887 2329 999 2368 non
1033 2314 1256 2384 ell‘ugiet
1309 2314 1672 2382 perditionem
1730 2328 1855 2366 cum
1901 2312 1985 2366 bis
2018 2310 2112 2380 qui
2161 2308 2254 2363 Dei

682 2404 887 2456 monita
917 2417 1026 2456 non
1059 2402 1426 2458 admiserunt.

756 2495 840 2548 lix
897 2494 1263 2564 magnitudine
1321 2496 1443 2549 vita:
1493 2511 1605 2549 sua:
1640 2495 2007 2565 prazcipitatus
2059 2503 2162 2558 est,
2207 2500 2260 2548 et

679 2586 837 2665 periit
862 2585 926 2640 ob
958 2586 1271 2641 stultitiam.
1308 2587 1353 2639 A
1413 2595 1677 2657 perpetua
1712 2595 1765 2642 et
1809 2589 1962 2641 beata
2029 2586 2257 2656 spiritus

681 2677 814 2739 vita,
847 2675 1087 2745 quasilli,
1111 2683 1170 2729 ut
1196 2675 1264 2730 ad
1288 2675 1584 2745 imaginem
1636 2686 1690 2731 et
1715 2675 2133 2732 similitudinem
2163 2673 2256 2729 Dei

671 2769 837 2835 tacto
858 2770 1076 2841 propria
1109 2779 1215 2835 est,
1235 2778 1457 2840 propter
1481 2772 1759 2841 propriam
1795 2773 2021 2828 exuitur
2053 2772 2256 2826 volun-

685 2866 848 2916 tatem
873 2867 968 2930 ;et
991 2875 1091 2921 sua
1120 2861 1366 2932 privatur
1389 2862 1569 2918 salute
1599 2863 1669 2917 ob
1692 2863 1856 2917 vitam
1892 2865 2252 2919 insensatam.

1341 3128 1496 3188 CAP.
1535 3128 1626 3186 Vl.
1685 3173 1689 3178 ,

751 3225 923 3283 Vsus.
951 3225 1002 3283 1.
1066 3224 1197 3293 Fili,
1228 3227 1277 3282 si
1337 3226 1681 3296 spoponderis
1723 3239 1819 3293 pro
1865 3225 2056 3289 amico,
2103 3222 2258 3277 dabis

688 3319 905 3374 inimico
923 3336 1160 3376 manum.
1183 3318 1290 3374 Fili
1322 3319 1652 3390 Spiritualis,
1685 3321 1732 3372 si
1763 3319 1817 3371 in
1844 3316 2145 3372 crastinum
2170 3329 2259 3369 re-

692 3412 882 3468 mittas
909 3421 966 3465 ut
1024 3410 1136 3468 Deo
1161 3426 1326 3480 Opera
1375 3409 1736 3482 poenitentiae,
1767 3409 1824 3473 in
1847 3422 2079 3479 corpore
2113 3406 2260 3476 quod

693 3505 794 3561 tibi
823 3505 1047 3560 charum
1071 3514 1177 3570 est,
1206 3505 1489 3566 ostendas,
1509 3512 1560 3557 et
1591 3504 1637 3558 si
1662 3503 1746 3558 vis
1766 3502 1926 3557 hodie
1944 3501 2262 3556 carnalibus

693 3610 891 3650 vacare
956 3595 1350 3665 voluptatibus,
1378 3593 1658 3648 illistuam
1705 3592 2002 3664 potentiam
2031 3600 2086 3647 et
2127 3605 2262 3646 conc

695 3689 1072 3760 cupiscibilem
1092 3697 1146 3742 et
1167 3687 1500 3742 irasribilem
1531 3685 1927 3751 submitteudo,
1962 3683 2262 3753 practicam

699 3792 844 3834 tuam
895 3781 1220 3851 potentiam,
1277 3780 1585 3834 animarum
1633 3788 1949 3833 nostrarum
1982 3779 2259 3832 communi

696 3875 836 3940 bosti
862 3873 1138 3942 subjiciet,
1171 3883 1228 3928 ut
1260 3873 1430 3928 iacias
1461 3885 1527 3927 ea
1578 3886 1699 3942 quae
1733 3870 1834 3925 tibi
1870 3871 1934 3924 ad
1962 3868 2261 3942 perniciem

697 3966 976 4038 proponit.

765 4053 931 4109 Vens.
982 4053 1035 4107 2.
1076 4052 1198 4108 Rele
1220 4053 1590 4122 fortehomini,
1652 4053 1868 4121 propria
1921 4051 2086 4108 labia.
2132 4053 2266 4107 ﬂete

699 4146 1074 4200 inextricabile
1113 4145 1316 4198 homini
1371 4143 1826 4213 concupiscibilis
1858 4151 1912 4198 et
1965 4142 2266 4198 irascibilis

698 4237 962 4307 potentia,
985 4251 1106 4304 quae
1142 4242 1329 4303 aperta
1348 4243 1406 4288 ut
1439 4235 1682 4302 quaadam
1739 4233 1880 4287 labia
1903 4233 1974 4288 ob
2032 4246 2268 4303 propen-

699 4331 908 4384 sionem
961 4329 1027 4382 ail
1071 4326 1382 4391 sensibilia,
1416 4327 1854 4380 exhortationem
1891 4328 1990 4379 viae
2040 4325 2262 4379 virtutis

697 4425 1000 4483 removent,
1034 4423 1088 4473 et
1127 4418 1402 4472 hominem
1431 4417 1484 4471 in
1525 4419 1846 4472 servitutem
1877 4416 2154 4486 redigunt,
2209 4425 2270 4470 ut

2351 1951 2694 2020 σφίγγεται·
2761 1947 2937 2017 οὗτος
2986 1948 3237 2018 τελευτᾷ
3311 1949 3464 2019 μετὰ
3525 1948 3869 2003 ἀπαιδεύτων.

2353 2037 2454 2095 Οἷα
2477 2042 2535 2096 δέ
2562 2059 2673 2095 τισι
2698 2042 2922 2110 δεσμοῖς
2956 2042 3241 2112 ἀφύκτοις,
3271 2044 3389 2105 ταῖς
3429 2042 3494 2094 ὲκ
3533 2041 3738 2112 μακρᾶς
3773 2057 3867 2092 suv-

2351 2133 2541 2204 ηθείας
2580 2135 2687 2186 τῶν
2721 2132 2938 2186 οἰκείων
2969 2134 3326 2203 πταισμάτων
3379 2134 3722 2196 πλεκτάναις,
3773 2151 3872 2185 συν-

2356 2225 2539 2294 έχεται
2573 2225 2678 2287 πᾶς
2713 2224 3180 2287 δυσαποσπάστως
3213 2224 3350 2295 ἔχων
3377 2226 3475 2294 τῆς
3520 2223 3870 2294 άμαρτίας’ὗς

2354 2315 2450 2367 ἐὰν
2513 2313 2673 2386 μείνῃ
2721 2313 3111 2384 ἁμετανόητος,
3141 2316 3383 2385 καταντᾷ
3413 2316 3492 2377 εἰς
3530 2314 3783 2366 ἀπώλειαν
3802 2331 3874 2382 μευ

2352 2405 2423 2458 τὰ
2457 2405 2564 2458 τῶν
2590 2406 2833 2476 μηδόλως
2853 2405 3161 2475 δεξαμένων
3193 2405 3478 2460 νουθεσίαν
3509 2404 3729 2476 Κυρίου.

2425 2495 2529 2551 Ἐκ
2553 2498 2620 2549 δὲ
2648 2497 2919 2564 πλήθους
2944 2497 3054 2566 τῆς
3117 2498 3304 2552 αὑτοῦ
3347 2496 3564 2564 ,βιοτῆς
3617 2496 3870 2563 ὲξερῤίρη.

2356 2589 2453 2644 καί
2502 2589 2773 2645 ἀπώλετο
2801 2589 2876 2642 δι’
2910 2589 3286 2657 ἀφροσύνην.
3340 2587 3472 2641 Ἀπὸ
3505 2588 3560 2640 δὲ
3594 2587 3686 2655 τῆς
3712 2587 3872 2636 οἰκειο-

2355 2683 2528 2752 τάτης
2553 2679 2720 2750 αὐτῷ,
2773 2679 2848 2744 ὡς
2911 2681 3180 2750 γενομένῳ
3239 2679 3363 2733 κατ’
3420 2678 3607 2732 εἰκόνα
3646 2677 3765 2730 Θεοῦ
3802 2678 3874 2731 καὶ

2355 2773 2638 2845 ὁμοίωσιν,
2687 2771 3048 2841 ἀτελευτήτου
3089 2771 3185 2824 καὶ
3209 2770 3486 2841 μακαρίας
3531 2771 3590 2822 ὲν
3649 2767 3875 2838 πνεύματι

2357 2864 2523 2934 ζωῆς,
2566 2862 2686 2918 κατ’
2715 2863 2918 2916 οἰκείαν
2975 2860 3202 2934 γνώμην
3249 2861 3594 2933 ἀπέρριπται
3620 2875 3634 2891 ο
3683 2859 3767 2913 καὶ
3799 2857 3876 2926 τῆς

2358 2953 2554 3009 ἑαυτοῦ
2585 2955 2860 3027 σωτηρίας
2915 2953 3230 3026 ἐπέρηται,
3283 2952 3375 3008 διὰ
3431 2952 3742 3024 προαίρεσιν
3784 2949 3878 3004 ἀλέ-

2358 3059 2568 3112 γιστον.

2957 3135 3211 3190 ΚΕΦΑΛ.
3237 3137 3330 3202 ς’.

2428 3231 2498 3278 α’.
2532 3222 2651 3291 Υἱὲ,
2686 3222 2796 3278 ἐὰν
2845 3223 3113 3293 ἐγγυήσῃ
3168 3225 3286 3278 σὸν
3331 3224 3536 3292 φίλον,
3561 3219 3886 3290 παραδώσεις

2363 3315 2534 3386 χεῖρα
2551 3313 2761 3385 ἐχθρῷ.
2782 3314 2982 3368 Τέκνον
3008 3314 3398 3385 πνευματικὸν,
3430 3315 3480 3368 εἰ
3505 3315 3586 3377 εἰς
3605 3315 3698 3383 τὴν
3731 3312 3882 3382 αὔριον

2363 3406 2730 3472 ἐπιδείξασθαι
2763 3406 3143 3477 τὸπροσφιλές
3175 3423 3256 3459 σοι
3284 3405 3445 3476 σῶμα
3475 3403 3748 3476 μετανοίας
3777 3403 3882 3472 ἔργα
3982 3423 3983 3436 ι

2361 3499 2482 3570 Θεῷ
2509 3497 2822 3570 ἐπαγγέλλῃ
2845 3539 2858 3561 ,
2892 3499 2984 3550 καὶ
3007 3497 3106 3567 τὴν
3139 3497 3380 3567 σήμερον
3423 3497 3522 3559 τὰς
3567 3494 3685 3547 κατ’
3736 3491 3881 3546 ἐπιθυ-

2366 3589 2496 3661 μίας
2526 3589 2620 3644 καὶ
2647 3588 2819 3660 θυμὸν
2848 3585 3118 3658 σαρκικὰς
3152 3585 3398 3656 πληροῦν
3427 3583 3637 3654 ὀρέξεις
3666 3580 3882 3652 βουλόμε-

2363 3699 2473 3746 νος,
2508 3679 2766 3752 παρέξεις
2790 3679 2889 3750 τὴν
2918 3679 3227 3748 πρακτικήν
3260 3693 3353 3730 σου
3394 3675 3628 3745 δύναμιν
3659 3673 3730 3744 τῷ
3754 3668 3883 3738 κοινῷ

2365 3775 2608 3847 πολεμίῳ
2636 3774 2744 3828 τῶν
2789 3773 3075 3844 ἡμετέρων
3102 3771 3319 3842 ψυχῶν,
3363 3772 3444 3836 είς
3491 3771 3554 3825 τὸ
3603 3767 3882 3840 ἐργάζεσθαι

2365 3868 2402 3925 ἃ.
2425 3887 2506 3922 σοι
2552 3867 2690 3939 πρὸς
2724 3865 2998 3921 ἀπώλειαν
3023 3863 3365 3933 ὑποτίθησιν.

2438 4049 2500 4120 β’·
2533 4047 2718 4117 Παγὶς
2745 4046 2854 4115 γὰρ
2887 4041 3105 4112 ἰσχυρὰ
3141 4039 3314 4108 ἀνδρί
3341 4037 3414 4093 τὰ
3449 4037 3572 4091 ἴδια
3597 4035 3776 4105 χείλη.
3805 4030 3880 4097 Θή·

2372 4156 2568 4214 ρατρον
2600 4141 2707 4208 γὰρ
2731 4136 3050 4206 δυσέφικτον
3098 4131 3393 4205 ἀνθρώπῳ,
3448 4129 3484 4200 ἥ
3531 4145 3593 4182 τε
3651 4122 3885 4192 ἐπιθυμία,

2369 4233 2465 4288 καὶ
2493 4235 2520 4286 ὁ
2562 4231 2750 4300 θυμὸς,
2777 4229 2813 4283 ὃ.
2837 4228 2990 4296 δίκην
3018 4225 3244 4296 χειλέων
3280 4221 3553 4291 κεχηνότα
3581 4218 3717 4272 κατά
3746 4216 3887 4283 σχέσιν

2371 4324 2508 4393 πρὸς
2554 4320 2621 4372 τά
2649 4317 2906 4388 αἰσθητὰ,
2937 4316 3030 4367 τοῦ
3063 4314 3182 4365 κατ’
3208 4310 3413 4383 ἀρετὴν
3460 4309 3663 4380 δρόμου
3717 4306 3797 4358 τὸν
3827 4303 3887 4353 λό-

2372 4429 2471 4482 γον
2500 4408 2766 4464 κωλύουσι
2793 4424 2808 4438 ’
2864 4406 2959 4459 καὶ
2997 4403 3197 4457 πάθεσι
3239 4400 3336 4470 μὲν
3398 4397 3670 4452 δουλεύειν
3699 4397 3785 4464 τὴν
3821 4394 3880 4459 σή-

699 4513 863 4569 bodie
932 4513 1134 4568 serviat
1183 4511 1602 4581 cupiditatibus,
1643 4517 1698 4565 et
1786 4484 2168 4579 paenitentiam
2212 4509 2258 4561 in

2378 4519 2562 4574 μερον,
2607 4501 2704 4569 τὴν
2728 4499 2783 4552 δὲ
2811 4497 3078 4574 κάθαρσιν
3109 4496 3188 4558 εἰς
3213 4492 3312 4564 τὴν
3342 4489 3532 4564 αὔριον
3551 4484 3886 4561 ὑπερτίθεσθαι

697 4604 999 4668 Crastinum
1030 4605 1293 4660 remittat.

770 4697 840 4750 Et
875 4697 1082 4765 capitur
1112 4695 1268 4748 labiis
1297 4693 1651 4764 propriioris.
1687 4691 1751 4745 Et
1782 4701 2075 4761 superatur
2109 4689 2274 4742 homo

700 4785 905 4856 iniquis
939 4786 1237 4841 voluntatis
1283 4800 1396 4840 suae
1429 4785 1916 4855 prapensionibus,
1950 4797 2045 4851 per
2104 4798 2269 4850 quam

705 4877 859 4953 quasi
883 4891 978 4945 per
1010 4876 1286 4947 quoddam
1320 4892 1404 4942 os,
1435 4875 1656 4938 virtutis
1683 4875 1765 4930 vel
1822 4873 2044 4928 malitia:
2104 4871 2274 4942 parti-

705 4984 831 5041 ceps
863 4967 921 5022 ﬁt
945 4967 999 5024 in
1031 4969 1250 5037 spiritu.

777 5060 944 5115 Vsus.
969 5059 1024 5114 5.
1058 5057 1194 5123 Fac,
1224 5058 1304 5128 ﬁli
1331 5059 1425 5120 mi.
1454 5075 1517 5114 ea
1541 5073 1657 5129 qua:
1689 5056 1785 5111 tibi
1809 5071 2067 5126 propono,
2127 5063 2175 5108 et
2208 5053 2276 5107 li-

707 5151 830 5204 bera
857 5160 924 5205 te.
975 5148 1336 5220 Operare,lili
1403 5148 1722 5219 spiritualis,
1779 5162 1842 5203 ea
1875 5161 1996 5217 quae
2022 5145 2118 5202 tibi
2149 5161 2279 5217 pro-

708 5259 874 5320 pono,
906 5245 1051 5298 etab
1081 5243 1286 5314 iniquis
1315 5241 1530 5296 custodi
1562 5248 1614 5296 te
1637 5239 2055 5311 cupiditatibus.

787 5423 990 5480 Venisti
1028 5425 1080 5478 in
1103 5440 1290 5486 manus
1323 5421 1584 5476 malorum
1617 5429 1828 5491 propter
1846 5421 2074 5475 amicum
2105 5428 2276 5473 tuum.

710 5517 946 5579 Coactus
979 5514 1155 5579 fuisti,
1195 5524 1255 5569 ut
1284 5514 1373 5569 bis
1423 5513 1752 5583 perniciosis
1792 5512 2031 5582 capiaris
2059 5511 2277 5584 cupidi-

713 5607 940 5674 tatibus,
967 5615 1190 5677 propter
1215 5606 1310 5661 tibi
1333 5605 1718 5660 cbarissimum
1753 5618 1975 5672 corpus.

785 5696 914 5766 Esto
935 5694 1265 5767 {ortis.Esto
1298 5697 1557 5754 robustus
1589 5694 1817 5766 spiritus
1840 5693 2119 5752 ﬁrmitate.

2375 4597 2533 4648 τοῦτο
2565 4587 3065 4660 ἁνδραποδίζουσιν.

2445 4683 2554 4739 Καὶ
2592 4684 2908 4736 ἁλίσκεται
2962 4680 3235 4748 χείλεσιν
3281 4676 3437 4732 ἰδίου
3463 4675 3768 4744 στόματος.
3806 4667 3886 4723 Καὶ

2377 4777 2663 4843 κρατεῖται
2688 4775 2716 4826 ὁ
2741 4771 3031 4844 ἄνθρωπος
3059 4773 3181 4833 ταῖς
3205 4770 3514 4837 ἀλογίστοις
3578 4766 3776 4837 σχέσεσι
3820 4756 3887 4810 τοῦ

2375 4865 2575 4919 οἰκείου
2632 4861 3020 4935 προαιρετικοῦ
3045 4878 3060 4892 ο
3097 4860 3166 4912 δι’
3188 4854 3250 4912 οὗ
3290 4860 3366 4922 ὡς
3388 4858 3476 4912 διά
3506 4874 3646 4918 τινος
3676 4853 3888 4922 στόματος

2375 4959 2577 5030 ἀρετῆς
2607 4957 2640 5028 ἢ
2672 4955 2869 5018 κακίας
2911 4953 3315 5025 μεταλαμϐάνει
3347 4950 3489 5004 κατὰ
3520 4949 3711 5020 ψυχήν.

2441 5055 2509 5118 γ’.
2542 5049 2725 5112 Halat,
2755 5045 2865 5110 υἱὲ,
2890 5045 2929 5099 ἂ
2949 5045 3062 5114 ἐγώ
3089 5059 3187 5098 σοι
3206 5043 3583 5109 ἐντέλλομαι,
3603 5037 3694 5091 καὶ
3722 5031 3887 5091 σώζου.

2390 5122 2679 5212 Ἐργάζου,
2711 5138 2901 5192 τέκνον
2931 5135 3319 5206 πνευματικὸν,
3352 5133 3496 5202 άπερ
3523 5148 3604 5183 σοι
3637 5128 3778 5187 αὐτὸς
3791 5127 3886 5176 ὑπο-

2377 5233 2591 5304 τίθημι,
2625 5232 2720 5290 καὶ
2783 5230 2892 5285 ἀπὸ
2945 5229 3057 5282 τῶν
3115 5227 3445 5300 παραλόγων
3509 5222 3762 5293 φυλάττον
3805 5230 3882 5267 πα·

2380 5326 2512 5383 θῶν.

2456 5417 2661 5481 ’Ἥκεις
2692 5413 2802 5484 γὰρ
2826 5415 2914 5478 εἰς
2941 5411 3143 5482 χεῖρας
3177 5408 3380 5463 κακῶν
3411 5406 3512 5461 διὰ
3569 5403 3681 5460 σὸν
3729 5400 3880 5470 φίλον.

2383 5505 2686 5574 Συνελαύνῃ
2716 5505 2824 5575 γὰρ
2849 5506 2930 5567 εἰς
2957 5504 3018 5555 τὸ
3043 5505 3156 5566 τοῖς
3181 5499 3444 5562 τοιούτοις
3477 5494 3728 5567 ὀλεθρίοις
3779 5486 3882 5542 ά.λῶ-

2386 5614 2473 5651 ναι
2506 5596 2723 5658 πάθεσι,
2777 5595 2866 5648 διὰ
2893 5594 2954 5647 τὺ
2983 5592 3280 5666 προσφιλές
3311 5608 3391 5644 σοι
3417 5589 3597 5659 σῶμα.

2458 5691 2615 5743 ’Ἶσθι
2639 5686 2723 5755 μὴ
2747 5686 3132 5756 ἐκλυόμενος.
3167 5684 3299 5740 "Eoo
3352 5682 3430 5756 μὴ
3478 5681 3570 5734 τὸν
3613 5678 3701 5748 τῆς
3752 5667 3883 5742 ψυχῆς

2388 5798 2481 5834 σου
2514 5781 2661 5832 τόνον
2686 5777 3071 5848 χαυνούμενος.
