4034 6540
200 419 336 487 Ῑὲὓθ

1236 418 1774 481 COMMENTARU
1819 418 1902 480 IN
1941 419 2400 482 PROVERBIA.

3333 411 3470 478 1270

273 524 588 588 Παρόξυνε
620 525 688 580 δὲ
718 525 818 580 καί
849 527 958 581 τὸν
990 528 1176 598 φίλον
1199 546 1317 585 σου
1352 531 1426 585 ὃν
1472 532 1772 603 ἐγγυήσω.

1951 532 2147 587 Excita
2166 533 2329 588 etiam
2362 532 2594 586 amicum
2628 547 2722 602 pro
2755 545 2857 601 quo
2888 528 3232 598 spopondisti.
3275 529 3468 585 Excita

207 615 500 688 Παράθηγε
531 617 588 671 δὲ
630 618 836 688 μᾶλλον
889 621 984 676 καὶ
1039 621 1171 676 αὐτὸ
1225 624 1284 677 τὸ
1336 623 1658 695 φιλούμενόν
1702 644 1783 680 σοι

1902 625 2071 696 potius
2100 623 2198 680 tibi
2225 623 2614 680 charissimum
2647 622 3081 694 corpusculum:
3119 636 3277 677 move
3337 621 3468 676 illud

209 708 435 775 σαρκίον
461 725 474 738 ο
510 708 801 784 διεγείρων
840 711 1002 766 τοῦτο
1029 713 1170 785 πρὸς
1194 713 1457 784 ἐργασίαν
1493 715 1588 768 τοῦ
1647 717 1786 786 ἁγα-

1888 717 1956 772 ad
1983 718 2126 774 bona
2163 731 2352 788 opera,
2382 725 2441 772 tu
2480 715 2574 787 qui
2628 715 2739 772 Deo
2781 714 3196 787 Operajustitiae
3259 718 3469 783 promi-

206 800 323 863 θοῦ,
356 801 385 855 δ
434 803 783 875 δικαιοσύνης
839 805 978 878 ἔργα
1034 804 1378 874 ἐνδείξασθαι
1439 806 1784 878 καθυπέσχου
1886 811 2031 868 sisti.

205 895 346 950 Θεῶ.

277 987 341 1043 δ’.
373 990 469 1058 Μὴ
501 989 619 1058 δῷς
647 993 845 1048 ὕπνον
877 994 1012 1061 σοῖς
1045 994 1331 1064 ὄμμασιν.
1387 992 1479 1066 Μὴ
1539 990 1788 1062 παράσκε

210 1081 352 1133 κιτᾶ
384 1082 610 1153 γνώμην
634 1084 801 1138 ὖπνον
832 1086 1108 1158 ῥᾳθυμίας
1145 1089 1265 1150 ταῖς
1294 1087 1664 1158 θεωρητικαῖς
1693 1099 1786 1136 σου

205 1171 493 1242 δυνάμεσι,
523 1176 662 1246 πρὸς
697 1176 794 1246 τὴν
831 1180 930 1248 τῆς
958 1179 1220 1248 ἀληθείας
1244 1178 1572 1248 κατάληψιν.

273 1265 443 1332 Μηδὲ
477 1266 891 1338 ἐπινυστάξῃς
923 1272 1056 1336 σοῖς
1083 1271 1436 1340 βλεφάροις.
1499 1267 1641 1340 Μήτ’
1696 1265 1789 1319 ἐπὶ

208 1357 332 1418 ταῖς
366 1357 487 1410 κατ’
517 1358 777 1430 αἴσθησιν
836 1360 932 1415 καὶ
982 1361 1287 1430 φαντασίαν
1338 1362 1557 1428 ἀλόγοις
1609 1357 1790 1422 δόξαις

209 1448 663 1521 συγκατανεύσῃς
693 1452 814 1515 ταῖς
875 1452 1208 1523 ὀρεκτικαῖς,
1260 1451 1334 1523 μὴ
1390 1449 1791 1522 γρηγορούσαις

210 1537 350 1608 πρὸς
377 1539 478 1608 τὴν
508 1542 794 1612 ἐπιτυχίαν
820 1543 913 1596 τοῦ
945 1544 1099 1606 ὄντος
1137 1542 1368 1612 ἀγαθοῦ,
1427 1542 1516 1595 διά
1575 1541 1637 1594 τὸ
1691 1540 1790 1610 τῆς

207 1625 402 1680 τούτου
418 1630 679 1700 ἐργασίας
703 1634 960 1686 ἐπίπονον
987 1649 998 1663 ·
1019 1634 1186 1706 αἵπερ
1207 1634 1670 1688 ἀναπετάννυνται
1693 1632 1790 1702 μὲν

210 1721 350 1791 πρὸς
375 1721 552 1787 τοῦτο,
583 1719 674 1778 οἷά
701 1743 821 1778 τινα
841 1727 1105 1798 βλέφαρα,
1136 1725 1528 1798 γρηγορουσῶν
1541 1724 1648 1778 τῶν
1666 1724 1792 1778 θεω-

213 1811 454 1881 ρητικῶν
497 1815 635 1886 πρὸς
671 1816 770 1887 τὴν
793 1818 893 1888 τῆς
916 1818 1172 1890 ἀληθείας
1193 1818 1496 1889 κατάληψιν
1523 1834 1538 1849 ο
1596 1816 1790 1887 μύουσι

209 1902 268 1954 δὲ
299 1905 435 1974 πρὸς
468 1907 620 1971 αὐτὸ,
656 1907 1016 1979 ῥᾳθυμουσῶν
1046 1911 1183 1982 πρὸς
1219 1911 1391 1980 αὑτήν
1423 1926 1437 1942 ο
1493 1907 1792 1963 κάντεῦθεν

210 1997 272 2047 τὸ
304 1995 422 2062 φῶς
457 1997 554 2052 τοῦ
582 1999 685 2070 τῆς
730 2000 1076 2074 δικαιοσύνης
1101 2003 1278 2074 εὴλίου
1317 2003 1546 2066 ταύταις
1596 2001 1794 2056 διατει-

210 2091 480 2162 χίζουσιν.

283 2182 347 2238 ε’.
390 2186 523 2239 Ἵνα
569 2187 721 2256 σώζῃ
771 2188 973 2258 ὥσπερ
1021 2189 1239 2258 δορκὰς
1280 2192 1346 2244 ἐκ
1390 2189 1653 2258 βρόχων,
1693 2186 1793 2240 καὶ

206 2271 417 2342 ὥσπερ
452 2276 662 2346 ὄρνεον
689 2279 756 2332 ἐκ
797 2279 1069 2349 παγίδος.
1119 2280 1274 2333 Οὕτω
1306 2280 1361 2333 δέ
1399 2297 1454 2332 σε
1489 2277 1792 2332 διακεῖσθαι

211 2367 602 2440 διακελεύομαι
674 2372 822 2435 ὅπως
879 2373 1122 2444 φυλάττῃ
1189 2373 1297 2425 τῶν
1362 2369 1795 2440 ποικιλοτρόπων

210 2460 593 2532 ἁγρευτηρίων
618 2461 710 2516 τοῦ
735 2463 1043 2534 ἀρχεκάκου
1072 2463 1264 2534 ἐχθροῦ
1286 2457 1400 2516 ὀἷα
1429 2463 1526 2532 μέν
1551 2477 1635 2524 τις
1668 2459 1791 2526 ὀξυ-

207 2551 416 2620 ερόμος
441 2551 535 2604 καὶ
566 2551 910 2623 ἀλτικωτάτη
949 2552 1170 2624 δορκάς,
1224 2548 1560 2622 ύπερπ-ηδῶν
1623 2548 1796 2601 ταῦτα

209 2641 339 2696 κατ’
361 2643 580 2714 ἀρετήν·
601 2639 687 2698 οἷα
710 2645 769 2698 δέ
784 2662 838 2698 τι
857 2647 916 2699 ἀε
927 2645 1161 2716 ροπόρον
1186 2644 1281 2698 καὶ
1299 2640 1556 2713 eamme;
1573 2639 1792 2710 πτηνὸν,

212 2736 660 2807 ὐπεριπτάμενος
686 2737 825 2790 αύτά
862 2737 1002 2792 κατά
1026 2737 1247 2805 γνῶσιν.

283 2834 362 2892 ς’.
388 2825 504 2881 ’1οι
533 2829 680 2897 πρὸς
709 2829 817 2897 τὸν
848 2831 1151 2901 μύρμηκα,
1203 2824 1250 2883 ὦ
1275 2829 1497 2898 ὀκνηρέ
1523 2843 1538 2860 ·
1574 2826 1669 2881 καὶ
1700 2825 1796 2894 ζῆ-

209 2919 428 2972 λωσον
472 2919 580 2985 τὰς
620 2919 799 2986 ὀδοὺς
885 2921 1096 2977 αὑτοῦ.
1169 2921 1476 2975 Ἀπόσλεπε
1557 2921 1692 2992 πρὸς
1737 2920 1796 2974 τὸ

210 3008 604 3063 εὐτελέστατον
655 3011 817 3078 ζῶον,
848 3013 941 3066 τὺν
972 3012 1261 3084 μύρμηκα,
1296 3006 1341 3066 ὦ
1384 3011 1597 3084 ρᾁυμε
1620 3028 1636 3044 ⁸
1703 3011 1799 3064 καὶ

213 3099 504 3169 γινώσκων
532 3101 630 3166 τὰς
655 3103 891 3172 φυσικὰς
919 3103 1184 3176 ἐργασίας
1205 3102 1394 3172 αὑτοῦ,
1424 3100 1801 3176 μίμησαιταύ-

214 3209 320 3256 τας
351 3194 490 3248 κατά
520 3195 865 3267 προαίρεσιν.

290 3285 402 3341 Καὶ
434 3286 612 3356 τενοῦ
634 3287 873 3344 ἐκείνου
902 3286 1262 3360 σοφώτερος.
1295 3289 1407 3344 Καὶ
1438 3285 1529 3343 οἷα
1556 3286 1796 3357 λογικὸς,

215 3378 448 3449 νίκησον
479 3379 577 3450 τὴν
606 3381 736 3452 περὶ
783 3381 856 3435 τὰ
906 3381 1199 3453 σωματικά
1256 3381 1452 3451 σοφίαν
1508 3381 1696 3444 αὐτοῦ,
1743 3381 1800 3432 ὲν

214 3473 338 3534 τοῖς
379 3474 767 3542 πνευματικοῖς
796 3473 1243 3544 ἐπιδεικνύμενος
1274 3474 1335 3527 τὸ
1365 3474 1553 3542 σοφόν.

291 3563 361 3629 ζ’.
400 3561 663 3631 Ἐκεῖνος
690 3566 802 3635 ⁴γὰρ
833 3566 1120 3636 γεωρτίου
1166 3565 1252 3636 μὴ
1283 3564 1684 3634 ὑπάρχοντος.
1741 3563 1802 3616 Ὃ

216 3655 463 3718 τοιοῦτος
494 3656 604 3726 γὰρ
665 3657 740 3726 μὴ
775 3657 1023 3726 εὐπορῶν
1065 3675 1211 3721 τινος
1242 3659 1516 3728 γεωργίου
1556 3658 1623 3712 ὲκ
1668 3658 1800 3711 σπόο

222 3761 321 3815 ρου
353 3743 945 3816 προκαταῶϐλημένου
983 3749 1050 3818 τῇ
1074 3749 1142 3816 γῇ
1174 3747 1303 3818 παρ’
1330 3747 1542 3813 αὐτοῦ

295 3837 465 3905 Μηδὲ
504 3836 613 3891 τὸν
649 3836 1061 3909 ἀναγκάζοντα
1118 3838 1296 3908 ἔχων.
1351 3840 1494 3911 Μήτ’
1537 3839 1677 3912 ἔχων
1715 3839 1806 3894 τὸν

223 3929 368 4000 πρὶς
395 3928 658 4000 ἐργασίαν
682 3930 844 3984 αὐτὸν
872 3929 1297 3999 κατεπείγοντα.

295 4027 370 4091 η’.
396 4020 561 4089 Μηδὲ
596 4020 713 4076 ὑπὸ
741 4020 1051 4089 δεσπότην
1078 4018 1182 4087 ὢν,
1201 4021 1561 4092 ἐτοιμὰζεται
1591 4024 1804 4092 θέρους

224 4115 343 4182 τὴν
374 4113 624 4184 τροφήν.
662 4115 815 4184 Μηδὲ
849 4115 1091 4178 δουλείας
1125 4115 1273 4186 ζυγῷ
1303 4116 1690 4186 ὑποκείμενος,
1717 4117 1806 4169 εύ-

222 4205 477 4274 τρετιίζει
511 4205 654 4258 κατά
681 4223 800 4258 τινα
833 4207 1068 4278 φυσικὴν
1118 4208 1350 4279 κίνησιν,
1383 4209 1440 4260 ὲν
1470 4207 1548 4279 τῷ
1604 4207 1802 4280 θερινῴ

227 4298 428 4370 καιρῷ,
457 4298 557 4368 τὴν
583 4297 817 4369 χρειώδη
864 4300 1008 4352 κατά
1037 4299 1127 4354 τὸν
1161 4299 1409 4370 χειμῶνα
1435 4303 1667 4374 τροφήν.

300 4389 548 4456 Πολλὴν
578 4406 642 4444 τε
670 4390 740 4443 ἐν
770 4389 850 4455 τῷ
879 4389 1082 4458 ἀμητῷ
1107 4391 1358 4446 ποιεῖται
1390 4392 1506 4459 τὴν
1547 4393 1810 4462 παράθε-

1961 994 2126 1050 Vnus.
2151 994 2206 1049 4.
2241 991 2325 1048 Ne
2342 993 2433 1048 des
2472 1009 2714 1048 somnum
2745 992 2911 1047 oculis
2939 993 3066 1048 tuis.
3095 990 3159 1045 Et
3191 1002 3249 1045 ut
3271 990 3470 1044 verita-

1891 1096 1996 1142 tem
2024 1088 2495 1159 comprehendere
2517 1088 2719 1158 possis,
2750 1103 2820 1144 ne
2849 1087 2947 1142 des
2987 1087 3039 1141 in
3074 1086 3270 1152 spiritu
3316 1101 3469 1141 som-

1891 1195 2022 1234 num
2051 1180 2288 1249 torporis
2307 1177 2772 1235 intellectualihus
2801 1179 2910 1233 tuis
2944 1177 3226 1248 potentiis.

1971 1273 2050 1328 Ne
2075 1273 2328 1328 dormites
2351 1274 2642 1343 palpebris.
2669 1273 2747 1328 Ne
2778 1271 3036 1327 sensibus
3057 1279 3110 1324 et
3132 1268 3468 1340 apparentiis

1893 1367 2227 1430 abstractus,
2253 1365 2459 1436 iniquis
2495 1365 2778 1420 adhaereas
2840 1362 3134 1418 sententiis
3163 1377 3257 1432 per
3276 1367 3470 1431 poten-

1893 1459 1999 1511 tias
2033 1457 2228 1511 animae
2256 1463 2362 1511 tua:
2389 1455 2870 1526 concupiscibiles,
2913 1469 3034 1523 quae
3073 1467 3183 1507 non
3215 1449 3470 1520 vigilem,

1892 1559 1951 1604 ut
1977 1563 2162 1604 verum
2185 1549 2412 1612 bonum,
2453 1548 2586 1603 illud
2620 1545 3134 1616 laboreOperando,
3168 1557 3473 1612 asscquan-

1892 1647 1982 1695 tur
2015 1656 2028 1694 :
2073 1655 2217 1710 quas,
2253 1641 2411 1711 quasi
2445 1641 2718 1710 palpebra:
2742 1638 2810 1693 ad
2861 1639 3064 1693 bonum
3121 1637 3470 1707 aperiuntur,

1893 1746 2017 1788 cum
2059 1730 2317 1801 potentiae
2354 1731 2756 1787 intellectuales
2796 1730 2866 1786 ad
2917 1729 3167 1784 veritatis
3219 1741 3476 1797 compre—

1893 1825 2216 1880 hensionem
2240 1825 2506 1895 vigilant:
2534 1826 2872 1882 clauduntur
2907 1842 3058 1888 vero,
3117 1840 3242 1880 cum
3270 1823 3336 1877 ad
3353 1837 3474 1876 eam

1895 1924 2146 1986 torpent;
2204 1927 2260 1974 et
2286 1918 2432 1981 inde,
2482 1917 2572 1972 lux
2607 1917 2742 1972 solis
2770 1916 3002 1986 justitize
3036 1916 3104 1971 ab
3139 1914 3252 1968 illis
3312 1912 3490 1980 longe.

1895 2008 2073 2064 abest.

1966 2184 2131 2242 Vsus.
2164 2187 2218 2242 5.
2245 2184 2312 2241 Ut
2334 2189 2541 2243 eruaris
2595 2189 2750 2258 quasi
2773 2186 3015 2250 damula,
3077 2187 3142 2239 de
3189 2199 3368 2249 manu,
3429 2194 3494 2236 ct-

1894 2280 2051 2348 quasi
2093 2279 2204 2333 avis
2253 2279 2317 2333 de
2365 2279 2589 2336 retibus.
2626 2281 2720 2336 Sic
2750 2280 3006 2336 affectum
3041 2280 3104 2333 iri
3131 2279 3349 2343 hortor,
3416 2286 3476 2329 ut

1897 2371 2145 2424 omnium
2207 2371 2480 2426 malorum
2525 2371 2812 2441 principis
2848 2371 3024 2425 hostis
3056 2369 3222 2422 variis
3247 2367 3474 2422 insidiis

1897 2460 2132 2529 tcipsum
2166 2460 2448 2517 custodias
2483 2479 2496 2515 :
2530 2469 2613 2526 ut,
2673 2469 2934 2531 tanquam
2961 2459 3182 2515 damula
3207 2459 3365 2514 velox
3421 2465 3478 2512 ct

1896 2549 2034 2620 pede
2085 2551 2262 2619 agilis,
2304 2551 2446 2619 illas,
2479 2552 2782 2607 secundum
2847 2553 3110 2606 virtutem
3162 2549 3469 2612 transilias;

1896 2647 1951 2694 et
1979 2647 2237 2710 tauquam
2274 2643 2412 2705 avis,
2442 2658 2538 2714 per
2569 2658 2697 2698 aera
2727 2643 2985 2709 volitans,
3016 2657 3183 2712 super
3209 2656 3302 2697 eas
3373 2632 3471 2710 per

1896 2728 2201 2784 doctrinam
2233 2733 2446 2788 volitcs.

1968 2821 2135 2879 Vens.
2162 2824 2214 2879 6.
2253 2824 2392 2880 Vade
2407 2825 2476 2879 ad
2492 2826 2795 2896 formicam,
2815 2844 2845 2881 ο
2863 2828 3030 2897 piger,
3059 2837 3106 2881 et
3129 2827 3341 2880 imitare
3368 2823 3478 2876 vias

1897 2918 2036 2987 ejus.
2091 2917 2328 2989 Respice
2395 2919 3042 2990 parvissimumanimal,
3080 2918 3390 2982 forn‘licam,
3443 2936 3478 2970 ο

1897 3012 2085 3082 piger;
2139 3020 2194 3064 et
2244 3011 2365 3081 ejus
2411 3026 2578 3082 Opera
2633 3013 3018 3073 considerans.
3069 3011 3287 3066 imitare
3325 3009 3474 3065 illam

1900 3103 2205 3161 secundum
2239 3104 2529 3160 rationem.

1976 3285 2107 3342 Fias
2143 3287 2243 3344 itta
2274 3287 2595 3358 sapientior.
2631 3286 2698 3340 Et
2730 3296 2995 3359 tanquam
3041 3287 3255 3343 ratione
3277 3285 3475 3358 pracdi-

1905 3389 2016 3446 tus,
2047 3380 2206 3436 vincc
2227 3380 2374 3437 illius
2408 3381 2555 3435 circa
2573 3380 2887 3451 corporalia
2929 3379 3483 3451 sapientiam,osten-

1903 3473 2050 3530 dens-
2077 3473 2132 3527 in
2157 3472 2549 3542 spiritualibus
2591 3473 2959 3542 prudentiam.

1980 3564 2146 3621 Vens.
2171 3565 2226 3621 7.
2275 3567 2406 3620 Haec
2448 3566 2589 3619 enim
2615 3566 2728 3620 sine
2778 3573 2944 3620 terra.
2972 3564 3095 3620 llazc
3124 3563 3296 3630 enim,
3352 3578 3480 3617 cum

1906 3671 2110 3716 terram
2181 3674 2291 3716 non
2347 3658 2652 3731 possideat,
2683 3674 2785 3714 nec
2806 3672 2992 3714 semen
3023 3659 3078 3712 in
3117 3663 3320 3712 terram
3350 3653 3482 3724 inji-

1906 3752 2036 3806 ciat.

1981 3842 2048 3897 Et
2083 3843 2423 3911 imperantem
2465 3858 2567 3896 non
2597 3841 2814 3896 habens.
2847 3839 2959 3894 Nec
2982 3838 3190 3894 habens
3222 3835 3482 3907 aliquem,

1907 3936 2002 4006 qui
2033 3950 2151 3988 eam
2193 3935 2260 3988 ad
2283 3935 2526 3989 laborem
2561 3933 2830 4004 impellat.

1981 4026 2146 4082 Vens.
2178 4025 2233 4080 8.
2278 4024 2385 4080 Nec
2414 4027 2508 4080 sub
2545 4025 2678 4079 duce
2711 4035 2884 4089 stans,
2949 4031 3220 4093 praeparat
3293 4036 3485 4074 messes

1910 4121 1964 4174 in
2002 4119 2196 4173 cibum.
2222 4117 2332 4173 Nec
2371 4119 2656 4173 servitutis
2685 4119 2818 4189 jugo
2859 4118 3145 4182 astrictus,
3187 4125 3343 4186 parat
3394 4129 3495 4184 per.

1910 4213 2194 4266 naturales
2233 4219 2488 4271 conatus,
2519 4210 2574 4264 in
2625 4219 2874 4279 tempore
2914 4208 3136 4275 messis,
3166 4207 3346 4261 cibum
3389 4221 3488 4274 pro

1913 4303 2092 4358 hieme
2107 4301 2506 4356 necessarium.

1985 4387 2216 4442 Multam
2242 4389 2297 4443 in
2322 4405 2486 4443 messe
2519 4387 2653 4458 facit
2683 4387 2897 4461 frugum
2926 4389 3296 4458 receptioncm.
3337 4384 3486 4440 Sufﬁo

227 4493 355 4533 σιν.
381 4479 643 4550 Αύτάρκη
673 4496 733 4532 τε
763 4481 822 4532 ὲν
852 4479 931 4550 τῷ
977 4480 1156 4550 καιρῷ
1209 4482 1310 4552 τῆς
1366 4482 1478 4536 τῶν
1521 4484 1798 4555 ἀσταχύωι.

1916 4482 2178 4544 cientem,
2211 4483 2266 4536 in
2301 4488 2549 4550 temporc
2575 4483 2772 4536 messis
2821 4482 3245 4543 frumentorum,
3270 4493 3334 4532 cx
3381 4477 3491 4531 illis

229 4575 572 4646 συγκομιδῆς
595 4575 695 4646 τὴν
720 4575 926 4647 ταύτης
971 4579 1205 4630 ποιεῖται
1257 4577 1522 4636 ἀπόθεσιν
1553 4594 1567 4610 ⁸
1597 4579 1657 4632 ὃν
1717 4598 1798 4650 μι·

1918 4573 2046 4628 facit
2076 4575 2482 4645 perceptionem
2508 4589 2521 4638 ;
2550 4573 2697 4628 illam
2750 4573 2994 4639 imitans,
3025 4579 3079 4627 et
3103 4571 3328 4626 verbum
3387 4571 3491 4626 ob-

231 4667 507 4738 μούμενος
544 4669 572 4720 ὁ
614 4668 710 4721 καὶ⁵
739 4668 900 4736 λόγον
930 4668 1068 4739 ἔχων
1095 4669 1186 4722 τὸν
1229 4669 1689 4739 ὲπαναγκάζοντά
1743 4690 1805 4725 σε

228 4759 614 4828 ἐπιμελεῖσθαι
642 4759 734 4813 τοῦ
758 4760 988 4829 ἀγαθοῦ,
1019 4761 1113 4815 καὶ
1135 4761 1498 4834 ὑποκείμενος
1545 4761 1622 4833 τῷ
1663 4780 1806 4834 χρη-

230 4849 350 4920 στῷ
380 4849 531 4922 ζυγῷ
573 4851 682 4904 τῶν
709 4851 936 4905 ἐντολῶν
975 4852 1071 4906 τοῦ
1091 4852 1251 4919 Θεοῦ,
1284 4855 1342 4908 ὲν
1375 4854 1536 4907 παντὶ
1587 4854 1666 4926 τῷ
1715 4858 1815 4926 τῆς

229 4940 378 4994 κατά
406 4940 507 5011 τὴν
545 4940 690 5012 ζωήν
713 4957 808 4994 σου
834 4941 1099 5016 ἐργασίας
1119 4940 1318 5012 χρόνῳ,
1350 4942 1626 5012 συλλέγειν
1657 4943 1816 4996 σπεῦ-

187 5065 196 5072 .
227 5032 287 5085 δε
324 5032 423 5095 τὰς
445 5033 666 5104 ἀρετὰς,
707 5033 802 5086 καὶ
828 5032 1292 5105 ἀποθησαυρίζειν
1313 5034 1486 5098 αὑτὰς
1519 5037 1584 5106 τῇ
1637 5034 1811 5106 ψυχῇ,

233 5122 324 5176 ἵνα
351 5123 483 5176 ὅταν
511 5120 650 5193 αὕτη
683 5124 748 5193 τῇ
773 5123 880 5176 ἀπὸ
923 5122 1017 5176 τοῦ
1048 5121 1300 5193 σώματος
1364 5122 1645 5177 διαστάσει
1694 5141 1812 5194 χει-

1907 4684 2133 4724 servans
2161 4667 2307 4737 quod
2335 4677 2386 4722 te
2415 4667 2483 4720 ad
2519 4669 2720 4720 bonum
2754 4665 3106 4735 operandunt
3139 4665 3392 4734 impellit,
3437 4673 3514 4718 et.

1908 4757 2054 4811 dulci
2090 4755 2474 4810 mandatorum
2516 4755 2830 4809 divinorum
2857 4755 2993 4826 jugo
3057 4753 3392 4818 submissus,
3421 4752 3494 4809 ie-

1909 4849 2056 4904 stina
2080 4848 2312 4903 virtutes
2357 4847 2641 4916 colligere,
2706 4859 2760 4901 et
2793 4847 2996 4902 anima:
3053 4845 3441 4901 thesaurizare
3478 4863 3492 4899 :
3524 4888 3528 4915 ης

1913 4949 1994 5004 ut,
2020 4956 2144 4996 cum
2167 4940 2285 5010 ipsa
2317 4954 2347 4993 a
2373 4954 2610 5010 corpore
2643 4949 2895 5009 separata
2958 4938 3362 5004 hibernaverit,
3428 4954 3512 5000 ex.

1916 5033 2048 5096 illis,
2071 5033 2125 5088 in
2167 5031 2526 5094 abundantia,
2557 5031 2835 5085 nutriatur
2864 5030 2916 5083 in
2938 5045 3035 5100 spe
3063 5027 3373 5090 futurorum
3399 5029 3506 5092 bo-_

1924 5141 2157 5192 norum;
2191 5125 2232 5178 si
2262 5140 2389 5178 vero
2409 5122 2655 5194 negligas
2689 5122 3000 5178 formicam.

237 5211 501 5283 μάςηται,
547 5211 816 5282 τρέφηται
871 5209 936 5264 δι’
993 5211 1171 5265 αὐτῶν
1216 5213 1283 5282 τῇ
1339 5210 1512 5264 ἐλπίδι
1563 5211 1671 5264 τῶν
1716 5211 2018 5282 μελλόντων
2064 5213 2285 5283 ἀγαθῶν
2343 5213 2580 5278 ἱκανῶςο
2613 5215 2661 5267 εἰ
2699 5213 2754 5268 δὲ
2794 5213 2902 5278 καὶ,
2928 5212 3163 5284 παρόψει
3216 5213 3306 5268 τὸν
3363 5212 3494 5284 μύρ⁴

239 5323 415 5378 μηκα,

320 5396 650 5466 Πορεύθητι
683 5396 833 5466 πρὸς
866 5396 980 5466 τὴν
1019 5398 1351 5469 μέλισσαν.
1396 5400 1558 5456 Ἀλλά
1580 5418 1644 5471 γε
1679 5401 1816 5473 πρὸς

234 5493 337 5562 τὴν
376 5491 637 5561 μέλισσαν
667 5488 892 5555 ἄπελθε,
924 5491 991 5544 τά
1021 5491 1228 5565 ταύτης
1261 5492 1398 5567 ἔργα
1443 5493 1744 5548 κατανοῶν.

308 5585 414 5641 Καὶ
439 5584 615 5655 μάθε,
649 5583 730 5650 ὼς
748 5582 984 5653 ἐργάτις
1035 5584 1191 5653 ἐστὶ,
1240 5586 1354 5654 τήν
1410 5603 1474 5641 τε
1530 5585 1819 5657 ἐργασίαν

240 5677 318 5741 ὡς
347 5673 587 5747 σεμνὴν
615 5673 892 5729 ποιεῖται.
931 5675 1042 5729 Καὶ
1063 5676 1231 5745 γνῶθι
1256 5677 1338 5731 ὅτι
1371 5677 1467 5731 καὶ¹
1497 5675 1818 5746 αὖτηὲργάο

243 5771 420 5834 (erat,
471 5769 564 5824 καὶ
629 5768 690 5823 τὸ
766 5767 928 5841 ἔργον
983 5769 1154 5841 αὐτῆς
1215 5771 1469 5827 ἀποτελεῖ
1523 5769 1821 5841 ὲντιμώτα-

247 5879 336 5915 τον
345 5904 357 5917 .

1999 5399 2142 5454 Vade
2174 5398 2244 5453 ad
2273 5414 2443 5466 apem.
2470 5397 2551 5453 Ad
2585 5412 2743 5468 apem
2811 5396 2968 5461 vade,
2996 5394 3146 5451 illius
3169 5408 3335 5466 opera
3362 5410 3498 5450 con-

1921 5491 2164 5548 sideratu
2175 5506 2293 5547 rus.

1999 5585 2063 5640 Et
2094 5585 2260 5650 disce,
2297 5585 2421 5656 quia
2491 5583 2766 5639 laboriosa
2809 5590 2911 5649 est,
2952 5593 3002 5638 et
3072 5599 3203 5654 opus
3244 5591 3499 5654 tanquam

1923 5687 2168 5732 sanciunt
2220 5677 2394 5746 eﬁ‘icit.
2427 5675 2492 5730 Et
2545 5676 2722 5742 disce,
2751 5675 2898 5747 quod
2926 5686 2980 5730 et
3006 5673 3125 5746 ipsa
3153 5675 3386 5741 laborat,
3446 5682 3526 5746 et,

1924 5786 2063 5851 opus
2094 5769 2240 5826 illius
2269 5768 2755 5827 honoratissimum
2785 5767 3038 5832 efﬁcitur.
