4034 6526
179 342 304 407 1273

1161 344 1703 410 COMMENTARII
1745 350 1829 410 IN
1863 351 2319 413 PROVERBIA.

3290 364 3424 429 1274
3487 421 3491 425 .

174 453 281 516 θοῦ,
310 451 599 507 ἐλεύσεται
620 450 873 522 δαψιλὴς,
899 447 987 505 οἷα
1009 453 1158 526 πηγὴ
1193 453 1402 524 ἄφθονα
1443 461 1746 529 προχέουσα

1857 459 1978 516 fons
2003 464 2144 519 «laus
2174 465 2435 535 copiosos
2457 462 2685 533 ﬂuctus,
2725 468 2922 523 messis
2945 468 3163 526 fructus
3196 484 3422 541 operum

174 546 405 614 νάματα,
449 545 486 615 ἡ
520 543 612 597 τοῦ
640 544 856 616 καρποῦ
884 545 995 599 τῶν
1020 549 1119 616 τῆς
1165 546 1514 619 δικαιοσύνης
1564 550 1743 621 ἔργων

174 636 499 707 συγκομιδή.

247 730 308 785 Ἡ
333 728 405 782 δὲ
429 728 636 784 ἐνδειά
655 742 772 784 σου
804 727 1006 797 ὥσπερ
1040 731 1226 797 κακὸς
1261 730 1520 802 δρομεὺς
1552 733 1747 789 ἀπαυο

170 822 523 890 τομολήσει.
556 822 628 876 Τὸ
654 822 712 877 δὲ
753 821 843 876 διὰ
871 820 934 876 τὸ
964 823 1029 876 ὲκ
1078 822 1240 894 ψιλῆς
1279 825 1471 895 ἀκοῆς,
1522 825 1617 879 καὶ
1670 827 1745 898 μὴ

172 916 307 973 κατὰ
337 918 547 985 πεῖραν
568 916 879 985 πρακτικὴν
908 914 1105 969 είδέναί
1131 933 1191 968 σε
1232 917 1293 969 τὸ
1322 916 1489 980 ὅντως
1520 917 1745 985 ἀγαθὸν,

172 1007 368 1078 προσόν
406 1023 493 1059 σοι
524 1005 715 1077 πρώην
760 1006 888 1077 περὶ
919 1006 1021 1077 τὴν
1047 1006 1237 1060 τούτου
1288 1007 1493 1074 γνῶσιν
1541 1007 1744 1074 ἐνδεὲς,

171 1096 425 1167 φεύξεται
449 1096 565 1151 ἀπὸ
601 1097 700 1150 σοῦ
732 1114 745 1129 ·
787 1098 890 1151 οὐκ
946 1097 1113 1161 ὀξέως
1152 1097 1341 1168 ὥσπερ
1383 1100 1449 1169 τῇ
1507 1098 1751 1170 ἀπραξίᾳ

169 1190 260 1244 τοῦ
287 1187 458 1243 καλοῦ
508 1188 910 1259 παραγέγονεν,
942 1189 1077 1243 ἀλλὰ
1104 1189 1479 1260 σχολαιότερον
1507 1193 1628 1254 ταῖς
1653 1208 1751 1243 κα-

169 1279 233 1333 τὰ
271 1278 438 1349 μέρος
486 1278 775 1349 ἐργασίαις
802 1279 913 1331 τῶν
943 1278 1192 1343 ἐντολῶν,
1218 1278 1295 1342 ὡς
1319 1278 1508 1343 άτονός
1529 1297 1611 1343 τις
1632 1279 1753 1351 δρο-

174 1371 327 1443 μεὺς,
359 1368 453 1422 διὰ
482 1368 667 1439 τὸτῆς
710 1370 956 1440 κτήσεως
1000 1368 1095 1423 τοῦ
1156 1370 1368 1436 ἀγαθοῦ
1424 1371 1751 1439 πρόσαντες.

237 1458 323 1529 ιβ’.
360 1459 551 1529 Ἀνὴρ
606 1458 812 1530 ἄφρων
875 1460 976 1513 καί
1031 1460 1393 1530 παράνομος,
1441 1465 1755 1530 πορεύεται

173 1552 345 1619 ὁδοὺς
372 1554 493 1608 οὐκ
555 1552 804 1623 ἀγαθάς.
862 1552 1185 1624 Ἀνθρωπος
1224 1555 1435 1623 ἀγνοῶν
1467 1557 1530 1611 τὸ
1583 1558 1753 1621 ὅντως

172 1644 347 1708 καλὸν,
372 1644 471 1697 καὶ
499 1644 570 1698 τὰ
604 1644 893 1715 παράλογα
921 1645 1203 1715 πράττων,
1228 1649 1284 1699 ἐν
1308 1648 1489 1701 σκότει
1522 1647 1748 1716 ἀγνοίας

173 1738 262 1791 καὶ
288 1736 688 1808 προσκόμμασι
725 1737 947 1803 κακίας,
980 1738 1079 1809 τὴν
1108 1738 1305 1792 ἑαυτοῦ
1343 1738 1489 1812 ζωὴν
1543 1740 1754 1811 διεξέρ-

171 1846 337 1901 χεται.

237 1919 300 1989 ιγ’
309 1960 323 1974 .
363 1920 429 1972 '0
471 1918 529 1972 δ’
597 1918 780 1985 αὐτὸς
840 1919 1073 1973 ἐννεύει
1125 1920 1428 1990 ὀφθαλμῷ,
1468 1922 1745 1992 σημαίνει

168 2012 234 2067 δὲ
256 2010 416 2074 ποδὶ,
457 2009 735 2065 διδάσκει
769 2010 838 2063 δὲ
874 2011 1138 2080 νεύμασι
1170 2011 1503 2067 δακτύλων.
1560 2013 1620 2066 Ὀ
1642 2014 1741 2066 αὑ-

170 2104 322 2169 τὸςδὲ
353 2103 455 2157 ἆτε
479 2103 551 2156 τὰ
576 2103 924 2173 προσήκοντα
942 2104 1056 2165 τοῖς
1093 2104 1270 2172 λόγοις
1289 2104 1489 2171 ἀγαθὰ,
1503 2104 1597 2158 καὶ
1618 2104 1745 2170 ἄξια

170 2196 374 2266 γλώττῃ
400 2192 780 2266 προφέρεσθαι
819 2193 914 2247 καὶ
956 2193 1090 2247 ὠσὶν
1136 2194 1455 2258 ἀκούεσθαι,
1522 2194 1595 2265 μὴ
1634 2194 1747 2247 δια-

169 2280 536 2353 λογιζόμενος,
561 2281 767 2335 δέδοικε
791 2283 1001 2353 ῥήμασι
1038 2285 1339 2355 προφέρειν
1358 2284 1556 2339 τὸοτῶν
1576 2284 1747 2339 αὑτοῦ

171 2372 569 2445 ινθυμημάτων
612 2375 1162 2445 πεπανουργευμένον
1193 2376 1285 2429 καὶ
1312 2376 1529 2447 δολερόν
1557 2391 1571 2405 °
1632 2378 1744 2431 πά-

172 2464 252 2521 λιν
274 2467 339 2537 δὴ
376 2466 677 2530 κοινωνούς
704 2483 861 2529 τινας
907 2466 1053 2536 ἔχειν
1097 2466 1205 2520 τῶν
1264 2469 1520 2540 πονηρῶν
1574 2468 1741 2532 αὐτοῦ

172 2558 568 2629 διανοημάτων,
597 2557 807 2611 οἴκοθεν
835 2557 1176 2627 βιαζόμενος,
1238 2557 1519 2629 ὀφθαλμοῦ
1540 2577 1601 2613 τε
1647 2561 1747 2614 καὶ

173 2649 325 2711 ποδὸς
399 2649 506 2703 καὶ
553 2648 832 2703 δακτύλων
879 2647 1083 2719 χειρὸς,
1135 2649 1387 2720 πονηρῶς
1435 2651 1737 2722 ἐσχηματι-

176 2741 380 2811 σμένοις
405 2740 698 2810 κινήμασι,
725 2737 918 2810 μηνύει
945 2738 1007 2792 τὸ
1035 2737 1293 2811 βουλητὸν
1315 2740 1463 2813 αὐτῷ
1483 2744 1595 2807 τοῖς
1616 2744 1744 2814 ὀμο-

174 2833 383 2905 τρόποις
422 2830 619 2886 αὑτοῦ.

238 2927 317 2981 ιδ’.
338 2923 788 2993 Διεστραμμὲνῃ
826 2921 894 2975 δὲ
919 2921 1133 2992 καρδίᾳ
1159 2924 1528 2978 τεκταίνεται
1561 2923 1740 2979 κακά.

177 3012 661 3087 Παρεγκεκλιμένῃ
697 3012 755 3065 δὲ
777 3010 870 3064 τοῦ
928 3011 1118 3071 εὐθέος
1174 3012 1407 3085 διανοίᾳ,
1442 3013 1515 3068 τά
1570 3014 1745 3086 παρά.

178 3107 299 3178 λογα
325 3108 753 3179 διαπράττεται.

240 3203 341 3255 Ἐν
362 3205 550 3257 παντὶ
568 3205 752 3273 καιρῷ
771 3208 805 3261 δ
828 3207 1099 3273 τοιοῦτος
1122 3205 1387 3277 ταραχὰς
1408 3205 1749 3273 συνίστησι

178 3296 357 3351 πόλει.
399 3290 579 3361 Οὗτος
605 3302 751 3354 κατὰ
782 3300 963 3354 πάντα
996 3302 1190 3373 καιρὸν
1224 3300 1535 3372 εὐπραγίας
1564 3299 1747 3369 ﬁduc-

179 3390 430 3459 πραγίας,
490 3391 733 3463 τάραχον
779 3393 967 3447 παθῶν
1015 3393 1159 3449 κατὰ
1202 3395 1429 3463 γνώμην
1460 3394 1747 3464 ὑφιστᾷτῇ

181 3480 277 3551 ibi;
333 3482 520 3554 ψυχῇυ
554 3484 615 3536 ὲν
730 3484 1023 3557 περιπολεῖ
1072 3485 1217 3538 κατὰ
1260 3482 1502 3537 διάθεσιν
1530 3483 1565 3554 η
1590 3482 1749 3555 τριὰς

177 3574 275 3625 τῶν
299 3575 510 3647 ταύτης
534 3576 819 3647 δυνάμεων
841 3594 857 3610 ο
884 3578 1104 3641 στάσεις
1155 3576 1388 3647 ἐγείρων
1417 3576 1513 3629 τοῦ
1547 3592 1608 3629 τε
1629 3576 1751 3629 ὲπι-

180 3666 479 3737 θυμητικοῦ
514 3670 608 3721 καὶ
643 3668 738 3722 τοῦ
788 3667 1022 3737 θυμικοῦ
1081 3668 1225 3723 κατὰ
1274 3667 1369 3721 τοῦ
1411 3666 1746 3735 λογιστικοῦ,

179 3761 232 3812 έν
288 3760 364 3831 τῷ
418 3762 568 3834 μήτε
624 3762 745 3817 κατ’
806 3762 1102 3833 ἐπιθυμίαν
1159 3762 1269 3815 τῶν
1309 3762 1481 3831 ἡδέων
1542 3764 1747 3831 ἐγκρα-

178 3852 414 3908 τεύεσθαι
448 3896 466 3921 ,
516 3856 654 3927 μήτε
712 3857 855 3911 κατὰ
913 3856 1084 3927 θυμὸν
1142 3856 1442 3927 ὑπομένειν
1506 3854 1576 3909 τὰ
1629 3853 1745 3909 θλι-

180 3940 323 4012 δερά.

245 4039 321 4094 ιε’,
345 4041 445 4101 ις’.
478 4036 579 4092 Διὰ
623 4035 800 4091 τοῦτο
861 4036 1154 4106 ἐξαπίνης
1190 4038 1426 4108 ἔρχεται
1467 4036 1738 4093 ἀπώλεια

180 4126 373 4191 αὐτοῦ,
393 4126 654 4197 διακοπὴ
682 4128 783 4182 καί
810 4130 1101 4198 συν-τριϐὴ
1124 4130 1392 4196 ἀνίατος,
1426 4129 1515 4183 ὅτι
1543 4131 1739 4198 χαίρει

182 4214 269 4270 ἐπὶ
289 4217 485 4273 πᾶσιν
510 4213 600 4285 οἷς
623 4218 843 4288 μισεῖό
864 4221 1099 4288 Κύριος.
1128 4221 1323 4275 Ἐνθεν
1349 4238 1432 4275 τοι
1449 4221 1743 4290 αἰφνιδίως

186 4308 465 4381 ἐπέρχεται
507 4311 740 4383 τούτῳὴ
774 4313 937 4368 αὑτοῦ
968 4312 1365 4385 ὲξολόθρευσις,
1420 4314 1746 4386 ὑπάρχουσα

183 4403 453 4472 χωρισμός
485 4420 545 4456 τε
578 4403 759 4474 ψυχῆς
780 4404 887 4458 ἀπὸ
912 4403 1186 4472 σώματος,
1210 4405 1301 4458 καὶ
1330 4405 1557 4470 κόλασις
1588 4405 1747 4470 τέλος

1841 550 2090 621 iustitiae.

1923 728 2037 783 Tua
2069 738 2248 783 autem
2278 740 2502 801 egestas,
2545 742 2603 787 ut
2631 735 2805 789 malus
2827 753 3036 805 cursor,
3058 738 3208 810 longe
3236 741 3421 813 fugiet.

1850 819 1971 875 Eta
2021 831 2071 875 te
2126 822 2285 893 longe
2309 823 2479 894 fugiet
2534 826 2778 881 defectus
2854 829 3096 884 scientiae
3146 831 3312 898 boni,
3367 832 3423 887 in

1849 926 2010 981 quem
2074 910 2315 967 incidisti
2352 928 2460 969 non
2510 922 2717 970 attente
2758 915 3058 982 audiendo,
3093 925 3148 972 et
3207 921 3422 989 praxim

1850 1008 1965 1062 veri
1987 1007 2457 1076 boniignorando,
2490 1026 2600 1066 non
2653 1012 2875 1082 quidem
2942 1015 3224 1081 velociter,
3277 1016 3425 1072 sicut

1851 1098 2169 1169 supervenit
2199 1099 2255 1153 in
2281 1107 2334 1153 te
2365 1100 2494 1154 boni
2532 1104 2882 1174 negligentia,
2917 1105 3013 1162 sed
3034 1106 3240 1163 lentius
3290 1124 3423 1178 par-

1853 1193 1949 1246 tim
1978 1207 2140 1262 quam
2165 1194 2549 1248 mandatorum
2584 1195 2853 1265 impletio,
2908 1198 3107 1253 similis
3136 1200 3419 1269 languenti

1851 1284 2093 1349 cursori,
2123 1286 2194 1339 ob
2227 1284 2452 1339 virtutis
2490 1284 2879 1354 acquisitionis
2902 1285 3314 1345 difﬁcultatem.

1924 1462 2092 1518 Vsus.
2132 1462 2220 1516 12.
2247 1461 2343 1517 Vir
2372 1463 2678 1517 inseusatus
2707 1471 2754 1517 et
2794 1464 3011 1535 iniquus
3033 1467 3277 1521 ambulat
3333 1484 3426 1536 per

1853 1556 1965 1610 vias
1992 1572 2093 1610 non
2119 1557 2304 1612 bonas.
2336 1556 2431 1612 Vir
2458 1559 2709 1612 nesciens
2773 1574 2963 1612 verum
2999 1560 3205 1614 bonum
3233 1572 3283 1617 et
3323 1564 3428 1617 iui-

1856 1663 1960 1718 qua
1986 1648 2220 1712 faciens,
2262 1649 2316 1702 in
2341 1647 2585 1704 tenebris
2618 1649 2961 1720 ignorantiae,
2994 1658 3049 1706 et
3072 1652 3126 1705 in
3151 1652 3427 1709 scandulis

1858 1739 2099 1807 malitiae,
2134 1740 2303 1794 vitam
2336 1755 2491 1796 suam
2515 1740 2687 1796 ducit.

1920 1914 2203 1973 Vens.i5.
2228 1914 2350 1987 Ipse
2372 1926 2548 1970 autem
2611 1917 2801 1971 annuit
2847 1917 3039 1983 oculis,
3094 1919 3218 1973 terit
3274 1920 3426 1989 pede,

1850 2010 2016 2080 signis
2039 2008 2325 2079 digitorum
2360 2008 2534 2064 docet.
2566 2008 2662 2064 llle
2690 2018 2897 2077 autem,
2965 2009 3112 2071 bona
3149 2018 3205 2066 et
3254 2020 3425 2077 recta,

1851 2101 2124 2156 mandatis
2146 2102 2411 2169 imperata
2430 2117 2530 2156 nec
2555 2116 2650 2156 ore
2679 2100 2830 2171 loqui
2857 2115 2961 2156 nec
2989 2102 3217 2157 auribus
3235 2102 3428 2157 audire

1850 2189 2062 2257 volens,
2109 2189 2296 2245 verbis
2320 2191 2667 2245 mendacium
2722 2199 2781 2247 et
2844 2191 3117 2246 fallaciam
3192 2207 3423 2248 suorum

1852 2281 2209 2336 consiliorum
2241 2296 2350 2336 non
2374 2282 2568 2349 audet;
2601 2282 2699 2337 sed
2732 2282 2938 2350 denuo,
2967 2284 3238 2336 malarum
3276 2283 3427 2353 cogi-

1852 2372 2118 2427 tationum
2158 2373 2339 2429 socios
2365 2373 2567 2430 habere
2597 2374 2828 2444 cupiens
2886 2375 2940 2428 in
2971 2376 3175 2451 seipso.
3207 2380 3261 2427 et
3284 2389 3422 2428 ocu-

1851 2466 2054 2533 lorum,
2087 2476 2142 2523 et
2163 2466 2383 2537 pedum,
2409 2466 2771 2538 etdigitorum
2796 2467 2975 2521 medio
3004 2467 3285 2521 simulatis
3309 2481 3424 2518 ma-

1850 2558 1918 2615 lis
1953 2561 2235 2631 operibus,
2276 2561 2356 2616 eis
2380 2561 2473 2631 qui
2509 2565 2702 2617 eadem
2740 2575 2804 2618 ac
2833 2560 2955 2632 ipse
2974 2560 3243 2626 sentiant,
3264 2574 3427 2629 suam

1851 2651 2171 2708 manifestat
2198 2653 2565 2709 voluntatem.

1923 2938 2092 2995 Vsus.
2130 2937 2219 2993 H.
2254 2935 2426 2993 Corde
2447 2951 2613 3006 pravo
2638 2935 2982 2990 machinatur
3021 2934 3191 2989 mala.
3226 2932 3427 2988 Anima

1850 3045 1881 3085 a
1916 3040 2067 3088 recto
2096 3036 2331 3096 remota,
2363 3029 2552 3099 iniqua
2576 3033 2864 3099 operatur.

1919 3209 2077 3267 Omni
2109 3220 2359 3282 tempore,
2384 3212 2484 3267 iste
2506 3209 2793 3268 seditiones
2830 3210 3033 3267 excitat
3093 3210 3151 3263 in
3194 3208 3426 3263 civitate.

1851 3309 1943 3365 Ille
1965 3316 2145 3365 autem
2167 3310 2285 3365 sive
2313 3309 2704 3381 prosperitatis
2730 3308 2851 3365 sive
2885 3306 3219 3363 calamitatis
3282 3310 3426 3357 tem—

1851 3413 2007 3469 pore,
2057 3400 2350 3455 tumultum
2409 3399 2773 3471 cupiditatum
2822 3397 3138 3453 voluntarie
3196 3394 3432 3451 suscitat

1850 3488 2048 3543 animae
2075 3504 2212 3556 suae,
2252 3488 2309 3543 in
2343 3504 2452 3560 qua
2494 3489 2798 3544 constituta
2854 3488 2960 3543 fuit
2986 3486 3211 3541 trinitas
3235 3492 3430 3556 poten-

1849 3583 2048 3637 tiarum
2083 3583 2382 3651 :aquiete,
2444 3580 2931 3652 concupiscibilem
2982 3588 3039 3635 et
3094 3578 3426 3634 irascibileui

1847 3675 2171 3745 excitatope
2210 3675 2621 3740 intellectualis,
2654 3682 2714 3729 ut
2762 3674 2889 3738 illae,
2935 3688 3034 3729 nec
3084 3672 3427 3739 voluptatum

1848 3765 2240 3835 cupiditatibus
2289 3765 2583 3836 imperent,
2622 3780 2730 3821 nec
2757 3765 2977 3821 fortiter
3035 3762 3427 3819 tribulationes

1849 3858 2183 3914 sustineant.

1918 4038 2084 4095 Vsus.
2111 4039 2198 4104 15,
2231 4038 2317 4094 i6.
2354 4037 2564 4094 Idcirco
2591 4038 2769 4094 subito
2804 4039 2976 4094 veniet
2994 4037 3235 4110 perditio
3269 4037 3426 4107 ejus;

1848 4133 2091 4202 fractura
2134 4142 2184 4186 et
2223 4131 2501 4186 tribulatio
2526 4148 2630 4186 non
2682 4130 2974 4197 sanabiles,
3022 4133 3150 4200 quia
3209 4129 3429 4184 lwtutur

1846 4224 1901 4278 in
1928 4224 1994 4278 iis
2021 4239 2138 4294 quae
2164 4223 2274 4278 odit
2294 4222 2574 4278 Dominus.
2613 4221 2749 4278 inde
2796 4227 2977 4278 veniet
3012 4222 3110 4276 tibi
3149 4222 3428 4290 insperata

1847 4312 2175 4377 destructio,
2203 4314 2604 4382 separationem
2630 4313 2826 4367 animae
2854 4327 3091 4382 operans
3118 4326 3148 4364 a
3172 4325 3421 4381 corpore,

1845 4410 1902 4460 et
1961 4403 2286 4474 supplicium
2322 4404 2442 4459 sine
2492 4404 2599 4459 fine
2632 4403 2902 4469 alIerens;
2952 4402 3082 4473 quia
3116 4405 3331 4455 laetatur
3371 4400 3428 4454 in

182 4489 272 4544 οὐκ
318 4491 552 4564 ἔχουσι’
586 4493 721 4548 διότι
782 4494 1207 4565 ἐπευφραίνεται
1250 4496 1415 4549 πᾶσιν
1443 4490 1525 4560 οἷς
1591 4498 1742 4567 μισεῖ

1850 4492 1916 4548 iis
1938 4507 2061 4564 qua:
2088 4492 2205 4549 odit
2237 4490 2381 4549 Deus
2408 4494 2656 4550 omnium
2693 4493 2982 4558 Dominus,
3014 4500 3069 4547 et
3093 4491 3428 4547 versaturiu

181 4584 206 4635 ὁ
230 4584 443 4638 πάντων
466 4584 744 4654 Δεσπότης
771 4584 924 4649 Θεὸς,
950 4586 1044 4639 καὶ
1072 4586 1501 4658 ἀποστρέφεται.

243 4678 704 4747 Συντριὸήσεται
720 4676 788 4731 δὲ
818 4676 894 4732 δι’
913 4678 1291 4747 ἀκαθαρσίαν
1310 4679 1541 4749 ψυχῆς.
1564 4678 1744 4734 Κολαα

185 4764 431 4835 σθήσεται
451 4769 517 4834 δ’,
538 4769 612 4833 ὡς
629 4770 868 4841 εἴρηται,
904 4770 994 4823 διὰ
1013 4771 1104 4825 τὸν
1128 4774 1192 4826 ὲκ
1210 4771 1304 4826 τοῦ
1339 4772 1600 4847 βορϐόρου
1633 4773 1743 4827 τῶν

184 4856 362 4913 παθῶν
393 4859 669 4930 μολυσμὸν
699 4861 801 4931 τῆς
827 4861 1005 4932 ψυχῆς
1030 4862 1245 4918 ἑαυτοῦ.

246 4949 330 5014 ιζ’.
384 4953 727 5023 Ὀφθαλμὸς
780 4954 1090 5023 ὑϐριστοῦ.
1154 4955 1385 5029 Βλέμμα
1440 4956 1745 5029 μεμψιμοί-

186 5055 293 5108 pou.

244 5132 444 5201 Χεξοες
469 5135 793 5205 ἐκχέουσαι
814 5135 965 5207 αἷμα
992 5139 1247 5196 δίκαιον.
1298 5140 1536 5213 Πράξεις
1591 5158 1743 5211 μιαι-

185 5223 322 5290 φόνοι
341 5228 479 5281 κατὰ
507 5229 720 5283 δικαίου
747 5230 963 5301 ἀνδρός.

248 5321 334 5383 ιη’.
386 5319 611 5386 Καρδία
637 5321 1073 5392 τεκταινομένη
1102 5324 1435 5391 λογισμοὺς
1496 5326 1739 5390 κακούς.

184 5404 388 5461 Διάνοια
412 5410 822 5484 ἑπιτεχνωμένη
848 5413 1091 5484 πονηρὰς
1119 5412 1473 5483 ἐνθυμήσεις.

246 5502 351 5555 Kal
379 5502 561 5571 πόδες
591 5504 1067 5570 ἐπισπεύδοντες
1094 5504 1463 5561 κακοποιεῖν.
1516 5506 1622 5560 Καὶ
1650 5509 1742 5578 όρ-

186 5593 277 5657 μαὶ
313 5596 389 5659 τίς
425 5595 631 5669 βλάϐην
667 5597 764 5652 τοῦ
798 5598 968 5662 πέλας
997 5597 1447 5669 ὲπιταχύνουσαι.

249 5681 898 5755 Ἐεολοθρευθήσονται.
931 5690 1291 5761 Χωρήσουσιν
1339 5691 1419 5753 εἰς
1463 5688 1739 5745 ἀπώλειαν

192 5775 432 5847 παντελῆ,
468 5778 543 5844 ὡς
564 5778 683 5853 Θιῴ
712 5780 807 5836 καὶ
835 5780 1145 5852 ἀνθρώποις
1172 5780 1499 5853 μισούμενα.

1852 4583 1980 4640 illis.

1922 4676 2235 4734 Conteretur
2264 4677 2554 4747 ignominia
2583 4676 2826 4744 spiritus.
2890 4673 2956 4729 Et
3010 4676 3157 4730 sicut
3213 4674 3427 4732 dictum

1857 4770 2189 4842 supplicium
2246 4770 2421 4835 dabit,
2459 4777 2684 4840 propter
2731 4769 2929 4823 anima:
2979 4784 3094 4823 sua:
3131 4769 3425 4832 maculam,

1852 4870 2031 4917 ortam
2053 4875 2121 4916 ex
2146 4868 2391 4915 stercore
2423 4862 2815 4931 cupiditatmn.

1924 4950 2090 5007 Vens.
2133 4953 2220 5007 17.
2259 4950 2460 5007 Oculus
2495 4953 2724 5020 superbi.
2760 4951 2968 5007 Oculus
3003 4951 3070 5007 de
3131 4950 3257 5005 aliis
3288 4966 3417 5021 que-

1852 5044 2052 5099 ventis.

1927 5134 2116 5191 Manus
2140 5137 2463 5204 e/fundentes
2508 5138 2819 5207 sanguinem
2861 5139 3094 5209 justum.
3158 5138 3427 5192 Actiones

1850 5225 2058 5282 homini
2092 5227 2249 5296 justo
2275 5237 2503 5282 mortem
2546 5228 2856 5284 afferentes.

1924 5315 2084 5372 Vens.
2119 5318 2203 5371 l8.
2229 5316 2334 5373 Cor
2377 5319 2685 5373 machinam
2747 5319 3100 5389 cogitationes
3127 5319 3414 5386 pessimus.

1848 5411 2123 5480 Cogitatio
2147 5409 2284 5463 nulla
2314 5411 2547 5464 consilia
2582 5411 2931 5465 tnacbinans.

1919 5501 1990 5556 Et
2043 5501 2196 5570 pedes
2236 5501 2545 5570 festinantes
2582 5501 2651 5555 ad
2690 5502 2889 5555 malum
2947 5501 3257 5570 faciendum
3357 5499 3423 5555 Ει

1849 5596 2081 5651 consilia
2099 5595 2168 5650 ad
2190 5595 2489 5666 perniciem
2520 5595 2754 5665 proximi
2789 5596 3125 5650 festinantia.

1919 5685 2453 5742 Exterminobuntur.
2531 5686 2912 5756 Properabunt
2974 5686 3041 5742 ad
3123 5684 3426 5755 perfectam

1850 5780 2233 5851 perditionem,
2272 5794 2393 5833 cum
2424 5778 2531 5833 siut
2556 5786 2608 5833 et
2628 5778 2945 5837 hominibus
2978 5787 3031 5835 et
3071 5777 3180 5834 Dco
3208 5778 3423 5833 odiosa.

3464 6492 3661 6500 .____.-_..4...._
