4034 6502
628 367 766 431 1275

1934 364 2290 425 PROCOPII
2320 364 2564 426 GAZASI

3738 369 3841 429 12TH

694 476 864 532 Vens.
904 476 991 533 i9.
1019 475 1181 528 Ardet
1213 472 1356 543 falsa
1386 473 1618 542 injustas
1650 473 1820 530 testis.
1851 473 2048 529 Parum
2080 474 2190 530 hae-

2371 475 2455 528 ιϐ’.
2488 474 2749 528 Ἐκκαίει
2783 474 2850 527 δὲ
2884 471 3083 542 ψευδῆ
3134 470 3367 539 μάρτυς
3422 470 3642 536 ἄδικος.
3678 473 3843 528 Ὑπιν.

628 577 711 623 ret
754 568 984 638 iudiciis
1050 583 1155 620 non
1204 566 1370 632 veris,
1420 566 1466 619 is
1523 566 1616 634 qui
1692 566 1818 622 aliis
1879 566 2088 635 judicia
2140 565 2207 621 de

629 662 877 729 proximo
909 661 1213 715 secundum
1278 663 1489 713 rectam
1554 659 2012 714 existimationem
2060 657 2206 717 amr-

628 762 762 807 mal.

700 842 937 898 Seminat
995 842 1180 911 jurgia
1206 843 1260 895 in
1297 844 1470 896 medio
1508 844 1764 912 fratrum.
1803 844 1868 899 Et
1924 846 2055 901 inde
2117 861 2205 901 se-

627 936 797 988 minat
826 934 1135 989 discordias
1160 935 1304 989 inter
1334 934 1535 989 fratres
1567 935 1714 989 inter
1749 951 1809 991 se
1840 936 1891 990 in
1931 952 2067 1007 pace
2116 938 2202 990 vi-

627 1036 833 1080 Venles.

698 1116 864 1170 Vens.
892 1115 982 1169 20.
1017 1115 1305 1179 Conserva,
1340 1116 1422 1185 ﬁli
1466 1117 1558 1179 mi,
1598 1127 1857 1186 prwcepta
1885 1119 2055 1187 patris
2096 1121 2195 1173 lui.

628 1208 929 1276 l"ili,qttem
989 1209 1190 1263 divinis
1261 1209 1531 1265 doctrinis
1592 1211 1951 1280 spiritualiter
1992 1214 2196 1273 nutrio.

625 1301 837 1352 tuslodi
860 1312 1122 1369 praecepta
1154 1301 1247 1354 Dei
1280 1301 1620 1373 scripta,qui
1677 1316 1773 1371 per
1838 1303 1953 1358 haec
2000 1313 2051 1357 te
2102 1322 2199 1375 pro

626 1389 736 1441 tilio
762 1390 934 1458 gratis
961 1391 1260 1461 alaptavit.

697 1477 779 1532 Ne
809 1480 1052 1535 dimittas
1085 1483 1221 1551 leges
1252 1486 1438 1538 matris
1481 1495 1605 1540 tuae.
1631 1484 1695 1538 Et
1733 1502 1799 1541 ne
1831 1486 2101 1550 dimittas,
2131 1489 2198 1551 ab

622 1576 866 1627 omnium
898 1584 1144 1640 auctore,
1175 1576 1227 1629 in
1260 1577 1541 1630 hominum
1599 1588 1794 1631 natura
1833 1579 2041 1647 positas
2105 1594 2196 1633 sa-

624 1662 842 1729 pientiae
885 1664 1051 1735 leges,
1095 1681 1216 1735 quae
1261 1674 1391 1720 sunt
1448 1668 1581 1736 ἱρείη
1630 1667 1829 1723 divina:
1858 1670 2193 1733 voluntates,

623 1756 924 1808 secundum
964 1772 1101 1824 quas
1145 1758 1327 1810 omnia
1363 1758 1508 1812 facta
1555 1768 1703 1819 sunt.
1736 1771 1790 1814 et
1820 1768 1973 1814 utere
2000 1770 2199 1831 poten-

624 1844 737 1909 tiis,
775 1844 873 1899 tibi
913 1846 978 1901 ad
1012 1850 1351 1917 operandum
1394 1850 1599 1905 bonum
1630 1852 1934 1908 concessis.

686 2040 854 2098 Vens.
885 2043 975 2099 21.
1010 2044 1143 2115 Liga
1164 2063 1254 2100 eas
1286 2047 1338 2100 in
1396 2049 1552 2102 corde
1576 2058 1666 2102 tuo
1692 2050 1913 2119 jugiter.
1941 2050 2071 2122 Liga
2103 2067 2200 2119 per

620 2131 873 2187 affectum
900 2136 1051 2189 cordi
1083 2144 1196 2199 tuo,
1223 2136 1279 2190 in
1307 2138 1455 2191 omni
1485 2141 1592 2192 vita
1626 2147 1745 2201 tua.
1782 2156 2080 2197 sermones
2100 2144 2197 2209 qui

620 2224 674 2276 in
700 2229 816 2277 tota
846 2225 961 2294 lege
988 2226 1196 2296 scripta
1217 2238 1269 2281 et
1302 2230 1539 2283 naturali
1590 2229 1974 2294 inveniuntur,
2000 2247 2095 2287 eos
2128 2232 2197 2287 ad

619 2318 963 2374 altitudinem
988 2319 1291 2390 spiritualis
1332 2322 1817 2392 contemplationis
1867 2325 2116 2382 elevans.

686 2496 978 2554 Circumda
1031 2517 1120 2555 eas
1176 2503 1385 2572 gutturi
1443 2516 1556 2559 tuo.
1599 2503 1731 2576 Liga
1790 2521 1887 2563 eos
1955 2510 2194 2577 fortiter,

619 2594 881 2658 tanquam
917 2593 1138 2659 monile,
1172 2596 1431 2663 potentiae
1484 2598 1717 2667 spiritus
1764 2600 1842 2653 tui
1914 2602 2192 2668 rationali,

617 2696 737 2748 qua!
772 2684 1020 2740 scientiae
1052 2686 1313 2753 adhaeret,
1348 2688 1492 2744 sicut
1524 2706 1621 2759 per
1652 2692 1853 2746 collum
1897 2694 2067 2764 capiti
2102 2710 2194 2749 re-

618 2771 829 2843 liquum
863 2774 1104 2831 adhaéret
1157 2790 1479 2849 corpus;et
1518 2780 1629 2836 illis
1686 2783 1955 2839 rationem
2014 2786 2191 2856 muni,

618 2875 678 2918 ut
694 2866 914 2921 virtutis
935 2865 1207 2924 delectum
1227 2877 1281 2926 et
1303 2886 1589 2929 excessum
1619 2873 1844 2929 devitet.

2308 564 2471 618 άπτει
2501 565 2556 618 δὲ
2615 566 2870 628 ὑπονοίας
2927 566 3030 618 οὐκ
3081 562 3303 631 ἀληθεῖς
3345 565 3376 616 ὁ
3407 563 3843 635 έπιθεϐαιούμενός

2304 674 2452 720 τινος
2493 658 2592 721 τὰς
2616 657 2767 727 παρὰ
2796 659 2894 726 τὴν
2934 655 3101 728 ὀρθὴν
3154 655 3339 725 κρίσιν
3393 656 3522 725 περὶ
3580 655 3667 709 τοῦ
3708 661 3844 726 πέλας

2308 749 2626 819 ὑπολήψεις.

2376 841 2484 894 Καὶ
2521 840 2840 908 ἐπιπέμπει
2898 841 3129 909 κρίσεις
3191 841 3307 895 ἀνὰ
3348 839 3547 908 μέσον
3583 840 3840 910 ἀδελᾴηκ

2304 931 2413 982 Καὶ
2438 932 2736 1001 ἐπαφίησιν
2758 932 3010 985 ἐντεῦθεν
3042 931 3225 1004 ἔριδας
3257 930 3466 1002 μεταξὺ
3490 932 3598 983 τῶν
3632 934 3751 1003 πρὸς
3768 935 3844 987 ἁλ-

2303 1023 2497 1094 λήλους
2519 1027 2891 1095 ὁμονοούντων
2917 1025 3217 1096 ὁμογενῶν.

2373 1124 2441 1171 κ’.
2483 1119 2593 1178 ΥΙὲ,
2625 1119 2908 1186 φύλασσε
2940 1119 3167 1186 νόμους
3217 1118 3445 1186 πατρός
3470 1131 3611 1171 σου.
3651 1117 3838 1177 Τέκνον.

2302 1202 2329 1255 ὃ
2356 1207 2465 1267 τοῖς
2486 1204 2647 1267 θείοις
2678 1207 2818 1259 κατὰ
2848 1207 3026 1277 ψυχὴν
3068 1208 3322 1279 ἐκτρέφω
3362 1207 3675 1275 διδάγμασι.
3714 1208 3838 1277 τήρει

2302 1296 2399 1359 τὰς
2423 1297 2481 1349 ὲν
2509 1299 2573 1367 τῇ
2605 1298 2792 1370 Γραφῇ
2820 1298 3037 1363 ἐντολὰς
3058 1299 3153 1353 τοῦ
3178 1301 3268 1353 διὰ
3298 1300 3508 1353 τούτων
3531 1317 3589 1352 σε
3619 1300 3744 1352 κατὰ
3764 1302 3838 1369 χὰ-

2304 1403 2389 1457 ριν
2411 1386 2775 1450 υίοθετούντος
2808 1389 2945 1441 Θεοῦ
2958 1431 2970 1442 .

2369 1481 2475 1533 Kal
2503 1480 2588 1549 μὴ
2610 1480 2825 1548 ἀπώσῃ
2880 1481 3143 1551 θεσμοὺς
3184 1485 3418 1550 μητρός
3461 1496 3601 1535 σου.
3658 1484 3752 1535 Καὶ
3781 1486 3837 1553 μὴ

2299 1572 2601 1643 ἀποπέμψῃ
2627 1573 2753 1633 τοὺς
2780 1574 3036 1635 τεθέντας
3065 1575 3123 1627 ὲν
3157 1577 3223 1643 τῇ
3260 1574 3422 1643 φύσει
3472 1574 3580 1626 τῶν
3604 1574 3728 1626 ὅλων
3753 1592 3836 1628 παι

2304 1662 2370 1732 ρὰ
2392 1663 2493 1730 τῆς
2520 1663 2738 1715 πάντων
2767 1663 2945 1724 αἰτίας
2972 1662 3168 1731 σοφίας
3220 1664 3433 1729 λόγους,
3467 1662 3522 1715 οῖ
3550 1664 3681 1714 εἰσιν
3724 1664 3835 1715 αὐτὰ

2300 1754 2366 1807 τὰ
2391 1753 2509 1806 θεῖα
2544 1754 2845 1824 θελήματα,
2875 1755 2998 1808 καθ’
3035 1755 3071 1809 ἃ
3100 1756 3168 1809 τὰ
3196 1756 3374 1809 πάντα
3430 1755 3701 1822 γεγόνασι,
3743 1759 3837 1817 ταῖς

2300 1849 2437 1919 πρὸς
2464 1850 2727 1919 ἐργασίαν
2756 1849 2850 1902 τοῦ
2882 1850 3048 1903 καλοῦ
3072 1850 3340 1912 δοθείσαις
3372 1867 3456 1903 σοι
3480 1850 3729 1920 δυνάμεσι
3752 1867 3832 1903 παι

2304 1958 2405 2012 ραχ
2413 1941 2489 2009 ρὼ
2497 1957 2677 2011 μενος.

2371 2039 2476 2085 καθ.
2513 2034 2782 2101 Ἀφαψδαι
2812 2033 2882 2085 δὲ
2918 2033 3140 2099 αὐτοὺς
3190 2034 3287 2088 ἐπὶ
3313 2034 3399 2103 σῇ
3424 2033 3596 2103 ψυχῇ
3627 2034 3831 2087 διαπαν-

2297 2125 2422 2190 τός.
2456 2124 2835 2195 Ἐκκρέμασον
2867 2127 2923 2180 δὲ
2951 2126 3177 2188 τούτους
3210 2130 3337 2189 τοὺς
3372 2129 3429 2179 ὲν
3464 2127 3560 2196 ὅλῃ
3594 2130 3655 2197 τῇ
3680 2128 3828 2198 Γραφῇ

2299 2217 2394 2269 καὶ
2424 2219 2490 2285 τῇ
2528 2216 2689 2285 φύσει
2716 2216 2933 2285 λόγους,
2955 2218 3076 2271 καθ’
3109 2217 3221 2281 ἕξιν
3258 2220 3315 2270 ὲν
3348 2222 3414 2288 τῇ
3443 2220 3587 2289 ψυχῇ
3624 2236 3709 2272 σου
3735 2220 3833 2289 παρ’

2297 2306 2427 2378 ὃλην
2450 2325 2543 2361 σου
2574 2308 2672 2379 τὴν
2704 2306 2850 2379 ζωὴν
2901 2309 3111 2379 ἀνέχων
3157 2310 3357 2373 αὐτοὺς
3387 2310 3466 2380 τῷ
3495 2308 3617 2380 ὕψει
3662 2310 3748 2380 τῆς
3792 2312 3834 2364 tv

2298 2400 2572 2472 πνεύματι
2604 2402 2861 2473 θεωρίας.

2367 2494 2479 2548 Kal
2499 2494 2857 2563 ἀγκλοίωσαι
2886 2492 3019 2561 περὶ
3064 2492 3153 2559 σῷ
3174 2492 3477 2561 τραχήλῳ.
3515 2492 3625 2546 Καὶ
3651 2493 3835 2565 περίθες

2296 2585 2494 2647 αὐτοὺς
2528 2583 2647 2637 κατ’
2672 2584 2953 2654 ἐνέργειαν
2977 2582 3052 2647 ὣς
3072 2600 3195 2637 τινα
3217 2583 3419 2647 κλοιὸν,
3443 2584 3520 2652 τῷ
3552 2585 3834 2638 συνάπτοντι

2294 2676 2395 2747 τὴν
2418 2676 2668 2745 αἴσθησιν
2688 2674 2765 2744 τῷ
2794 2673 2899 2741 νοῒ,
2928 2674 3006 2738 ὡς
3039 2673 3311 2745 τράχηλος
3334 2677 3400 2745 τῇ
3433 2673 3639 2745 κεφαλῇ
3670 2676 3726 2727 τὸ
3746 2676 3835 2728 itot-

2295 2769 2396 2823 πὸν
2426 2767 2586 2839 σῶμα
2609 2766 2901 2836 λογιστικῷ
2964 2782 3097 2820 σου’
3156 2766 3693 2835 κατασφαλιζὸμενος
3739 2766 3835 2820 τού-

2293 2877 2407 2924 τοις
2458 2860 2613 2922 αύτδ,
2672 2859 2815 2913 ὥστε
2854 2859 2927 2930 μὴ
2960 2858 3280 2928 διαφεύγειν
3327 2856 3429 2931 τὴν
3488 2858 3684 2931 ἀρετὴν
3736 2863 3835 2914 κατ’

2293 2952 2531 3023 ἔλλειψιν
2560 2954 2592 3025 ἢ
2617 2954 2741 3008 καθ’
2764 2954 2865 3008 ύπε
2876 2953 3091 3025 ρϐολήν.

688 3043 851 3104 Vnus.
882 3045 973 3102 22.
1006 3048 1141 3104 Cum
1200 3052 1577 3118 ambulaveris,
1634 3055 1771 3125 affer
1817 3056 1939 3122 illa,
1988 3067 2037 3112 et
2086 3059 2190 3112 sint

2366 3042 2471 3113 κβθ.
2520 3044 2721 3098 Ἠνίκα
2745 3042 2823 3097 ἂν
2848 3042 3201 3113 περιπατῇς.
3256 3044 3488 3114 ἐπάγον
3527 3046 3729 3114 αὐτὴν,
3755 3048 3835 3099 και

620 3145 813 3191 tccum.
836 3139 1066 3205 Quando
1093 3158 1190 3212 per
1217 3145 1490 3200 actionem
1523 3147 1787 3215 moveris,
1818 3148 1954 3204 aﬂ‘cr
1984 3159 2189 3219 tecum,

617 3227 762 3280 inani
795 3245 915 3296 quas
951 3230 1002 3284 in
1030 3239 1146 3287 t0ta
1175 3232 1461 3305 Scriptura
1492 3246 1545 3290 et
1573 3245 1770 3292 natura
1814 3242 2023 3309 scripta
2083 3250 2190 3307 est,

615 3317 815 3389 legem,
846 3338 910 3377 ea
937 3340 1059 3394 quae
1091 3325 1205 3381 haec
1240 3330 1500 3399 proponit
1550 3344 1753 3400 agens;
1786 3339 1841 3388 et
1880 3343 2060 3387 tecum
2120 3336 2192 3389 sit

540 3478 549 3483 -
613 3427 855 3483 semper,
882 3422 935 3469 te
968 3431 998 3469 a
1031 3417 1198 3472 rebus
1225 3418 1422 3473 animae
1499 3420 1799 3489 perniciem
1831 3421 2192 3483 atferentibus

612 3514 891 3571 avertens,
931 3515 987 3562 et
1023 3507 1090 3563 ad
1121 3508 1240 3578 ejus
1275 3509 1639 3567 salvationem
1659 3512 2001 3569 conducens.

684 3790 816 3847 Cum
849 3796 1154 3863 dormieris,
1181 3802 1485 3857 custodiant
1522 3812 1590 3870 te,
1615 3814 1660 3860 et
1693 3821 1811 3859 cum
1835 3808 2185 3878 evigilaveris,

2290 3134 2441 3207 μετὰ
2462 3136 2581 3190 σοῦ
2599 3136 2774 3190 ἔστω.
2815 3135 3048 3190 Ὀπόταν
3098 3138 3220 3205 κινῇ
3254 3138 3377 3191 κατ’
3412 3137 3705 3207 ἐνέργειαν,
3738 3140 3835 3192 tnt-

2296 3228 2465 3300 φέρου
2500 3227 2703 3298 ταύτην
2731 3228 2831 3299 τὴν
2861 3229 2921 3280 ὲν
2948 3228 3046 3301 ὅλῃ
3066 3230 3129 3299 τῇ
3171 3226 3295 3299 θείᾳ
3323 3228 3517 3299 Γραφῇ
3564 3228 3655 3281 καὶ
3674 3231 3733 3299 τῇ
3758 3228 3839 3297 φύ·

2296 3338 2378 3374 σει
2414 3321 2878 3393 κατεσπαρμένην
2903 3320 3249 3391 νομοθεσίαν,
3285 3322 3471 3375 ἐκεῖνα
3496 3320 3661 3374 noqu
3710 3321 3837 3389 ἅπερ

2292 3411 2435 3481 αὕτη
2491 3429 2573 3466 σοι
2608 3412 2898 3483 ὑποτίθησι
2927 3428 2942 3442 ο
2973 3412 3067 3466 καὶ
3113 3412 3359 3465 συνέστω
3393 3427 3477 3465 σοι
3518 3411 3610 3465 διὰ
3645 3410 3835 3473 παντὸς.

2292 3502 2680 3573 ἀποτρέπουσα
2732 3501 2834 3572 μέν
2865 3504 2939 3554 σε’
2968 3500 3076 3554 ἀπὸ
3120 3501 3231 3553 τῶν
3291 3500 3701 3571 λυμαινομένων
3760 3516 3838 3553 σον

2292 3597 2357 3665 τῇ
2384 3594 2552 3666 ψυχῇ,
2616 3594 3003 3667 προτρέπουσα
3035 3593 3091 3646 δὲ
3126 3594 3265 3665 πρὸς
3315 3592 3389 3647 τὰ
3438 3594 3644 3665 ταύτης
3689 3594 3836 3662 ctuti;-

2296 3703 2407 3757 pta.

2376 3798 2471 3865 Ὠς
2496 3798 2549 3852 δ’
2570 3800 2648 3853 ἂν
2676 3797 2994 3869 καθεύδῃς,
3036 3798 3433 3870 ’φυλασσέτω
3456 3813 3552 3863 σε,
3581 3798 3678 3853 ἵνα
3713 3799 3834 3868 ἐγει-

612 3896 783 3939 tccum
814 3889 1085 3959 loquatur.
1116 3891 1350 3958 Quando
1382 3897 1514 3950 nihil
1546 3897 1706 3964 facis,
1734 3900 1803 3954 ab
1829 3904 1978 3955 omni
2001 3904 2187 3958 fallaci

2292 3890 2516 3960 ρομένῳ
2545 3890 2834 3961 συλλαλῇ
2856 3910 2971 3947 σοι.
3007 3892 3153 3955 Ἕως
3181 3892 3226 3945 δ’
3257 3891 3323 3945 ἂν
3351 3892 3666 3962 ἀπρακτῇς,
3696 3892 3835 3962 τηρή-

613 3978 851 4041 tneoria,
900 3989 953 4033 ct
1000 3982 1192 4051 iniqua
1251 3988 1702 4055 concupiscentia
1762 3998 1814 4043 te
1855 3994 2182 4050 custodiat:

611 4067 833 4132 quando
890 4069 956 4122 ad
1001 4074 1276 4128 actionem
1340 4080 1674 4143 surrexeris,
1725 4082 1879 4136 utilia
1914 4096 2188 4153 proponat

613 4160 733 4222 ti‘ni,
778 4170 833 4214 ut
864 4164 1251 4219 absconditum
1282 4170 1512 4238 spiritus
1547 4174 1775 4245 tuierga
1805 4191 1868 4231 ea
1904 4176 2184 4246 allectum,

610 4250 786 4317 signis
823 4254 1087 4321 practicis
1113 4258 1400 4313 ostendas.

682 4448 848 4507 Vens.
899 4453 990 4509 25.
1055 4454 1123 4508 Ut
1185 4458 1415 4527 lampas,
1464 4473 1731 4534 pmcepta
1773 4466 1925 4537 legis.
1968 4466 2181 4526 Idcirco

609 4553 940 4613 pra-ceptum
975 4548 1109 4620 legis
1131 4550 1331 4607 divinae
1363 4562 1474 4609 tam
1511 4556 1732 4626 scriptae
1750 4574 1915 4629 quam
1953 4572 2184 4617 natura-

610 4636 697 4701 lis,
746 4649 801 4691 ut
847 4639 1079 4711 lampas,
1145 4652 1449 4703 nocturnas
1524 4651 1889 4720 cupiditatqu
1926 4654 2183 4713 tenebras

607 4729 780 4793 pellit.

685 4839 752 4894 Ut
774 4841 891 4907 lux,
921 4852 973 4898 et
1026 4848 1111 4900 via
1149 4849 1289 4903 vitm.
1321 4847 1393 4905 Ut
1434 4852 1523 4907 lux
1554 4854 1690 4910 solis
1716 4856 1965 4927 justitiaa,
1993 4874 2179 4916 veram

608 4948 790 4989 rerum
826 4938 1077 4993 notitiam
1107 4940 1200 4997 dat
1232 4959 1247 4997 :
1302 4951 1357 4998 et
1388 4956 1443 4999 ut
1470 4954 1615 5001 recta
1642 4949 1749 5011 via,
1789 4965 1886 5020 per
1918 4952 2178 5008 virtutem

604 5034 659 5077 et
700 5027 1016 5095 scientiam,
1074 5032 1305 5103 impellit
1366 5036 1416 5090 in
1469 5038 1635 5095 vitam
1672 5042 1997 5111 spiritalem,
2060 5060 2183 5116 qua:

604 5126 693 5172 est
714 5120 1015 5176 secundum
1048 5124 1302 5194 spiritum
1333 5134 1387 5181 et
1408 5128 1659 5184 verbum.

678 5319 842 5380 Vens.
877 5324 969 5381 2i.
1012 5327 1308 5397 lncrepatio
1336 5338 1385 5383 et
1403 5330 1708 5401 disciplina,
1752 5344 1810 5388 ut
1869 5337 2181 5392 custodiant

605 5422 651 5466 te
695 5430 728 5467 a
758 5418 1153 5473 calumniatrici
1194 5420 1374 5493 lingua
1420 5433 1698 5480 extranea.
1730 5425 1825 5481 Est
1862 5428 2179 5483 manifesta-

607 5504 684 5558 tio
718 5506 986 5561 malorum
1021 5521 1341 5579 operum,et
1382 5514 1720 5571 laboriosum
1751 5517 1876 5572 vita:
1912 5534 2086 5587 genus
2112 5520 2177 5574 ad

606 5594 807 5651 bonum
876 5614 971 5668 per
1030 5604 1445 5672 temperantiam
1484 5624 1496 5660 :
1572 5617 1689 5664 uta
1737 5610 1891 5679 gravi
1932 5610 2181 5665 moechia:

605 5689 956 5746 accusatione
986 5699 1039 5747 te
1065 5696 1374 5762 custodias,
1398 5705 1452 5753 et
1486 5700 1554 5753 ab
1612 5700 1986 5770 increpatione
2014 5700 2179 5755 hete-

606 5780 795 5835 rodoxi
837 5780 1093 5853 hominis,
1122 5785 1215 5857 qui
1279 5789 1457 5845 omnia
1490 5798 1579 5845 tua
1640 5799 1850 5848 attente
1887 5792 2177 5860 observat,

2288 4002 2365 4038 τω
2392 4001 2451 4037 σε
2482 3985 2593 4039 ἀπὸ
2621 3987 2801 4057 πάσης
2827 3986 3114 4054 ἀπατηλῆς
3139 3985 3371 4055 θεωρίας
3406 3986 3502 4038 καὶ
3558 3986 3833 4055 παραλόγου

2287 4076 2521 4147 ὀρέξεως
2555 4092 2569 4107 ⁸
2625 4078 2775 4141 ὅπως
2829 4080 2922 4130 καὶ
2968 4077 3105 4147 πρὸς
3151 4077 3419 4145 ἐργασίαν
3473 4076 3836 4146 διανισταμένῳ

2289 4168 2517 4240 ὑποτιθῇ
2544 4186 2625 4222 σοι
2655 4170 2727 4223 τὰ
2754 4172 3021 4240 χρήσιμα,
3049 4169 3147 4237 τὴν
3182 4170 3314 4239 περὶ
3354 4169 3530 4222 ταῦτα
3568 4169 3665 4239 τῆς
3686 4169 3835 4237 ψυχῆς

2289 4278 2382 4314 σου
2410 4262 2798 4333 κεκρυμμένην
2810 4262 3072 4327 διάθεσιν,
3094 4261 3320 4332 τρόποις
3343 4264 3665 4332 πρακτικοῖς
3680 4262 3835 4329 ἀπαγ-

2288 4351 2553 4421 γέλλοντι.

2358 4464 2465 4533 κγ’.
2499 4466 2628 4519 ’Ότι
2687 4467 2921 4537 λύχνος
2974 4465 3195 4535 ἐντολὴ
3246 4467 3459 4535 νόμου.
3497 4466 3719 4521 Διότιτὸ
3740 4466 3832 4519 διὰ·

2285 4570 2476 4625 ταγμα
2494 4554 2593 4624 τῆς
2624 4556 2681 4609 ἐν
2710 4555 2806 4625 ὅλῃ
2836 4558 2900 4626 τῇ
2934 4555 3124 4623 Γραφῇ
3176 4554 3269 4606 καὶ
3307 4557 3374 4625 τῇ
3409 4554 3571 4623 φύσει
3604 4556 3741 4617 θείας
3763 4571 3833 4607 νου

2288 4646 2568 4718 μοθεσίας,
2620 4642 2710 4700 οἷα
2761 4647 2860 4716 μέν
2899 4665 2984 4710 τις
3028 4645 3221 4715 λυχνία
3254 4646 3370 4698 λύει
3404 4649 3507 4719 τὴν
3539 4647 3832 4719 νυκτερινὴν

2284 4736 2455 4808 ἀχλὺν
2482 4736 2590 4790 τῶν
2614 4737 2827 4792 παθῶν.

2354 4849 2463 4903 Kal
2491 4849 2637 4919 φῶς,
2669 4850 2767 4904 καὶ
2802 4852 2940 4918 ὁδὸς
2992 4851 3157 4922 ζωῆς.
3218 4849 3322 4908 υἷα
3352 4853 3408 4907 δὲ
3440 4854 3557 4922 φῶς
3604 4853 3693 4907 τοῦ
3744 4852 3825 4921 τῆς

2282 4940 2631 5011 δικαιοσύνης
2697 4941 2901 5003 Ἠλίου,
2954 4943 3051 5013 τὴν
3098 4944 3272 5015 ἀληθῆ
3305 4944 3416 4997 τῶν
3454 4945 3621 4998 ὄντων
3656 4944 3823 5013 γνῶσιν

2284 5029 2601 5100 χαρίζεται,
2629 5034 2720 5084 καὶ
2745 5031 2819 5095 ὡς
2847 5033 3029 5087 εὐθεῖα
3052 5035 3189 5102 ὁδὸς,
3226 5036 3349 5104 ἄγει
3383 5037 3506 5089 κατ’
3540 5036 3729 5108 ἀρετὴν
3753 5033 3825 5085 καὶ

2282 5124 2486 5193 γνῶσιν
2536 5125 2617 5187 είς
2658 5125 2755 5196 τὴν
2814 5126 2955 5179 κατὰ
3009 5127 3136 5181 νοῦν
3195 5129 3291 5182 καὶ
3332 5128 3493 5197 λόγον
3512 5130 3570 5182 έν
3589 5127 3823 5198 πνεύματι

2283 5214 2433 5269 θείαν
2463 5216 2628 5288 ζωήν.

2354 5328 2454 5383 κδ’.
2493 5329 2786 5398 Ἔλεγχος
2834 5330 2933 5383 καὶ
2963 5330 3203 5386 παιδεία
3254 5332 3362 5387 τοῦ
3412 5331 3826 5403 διαφυλάσσειν

2281 5436 2355 5475 σε
2374 5421 2493 5475 ἀπὸ
2522 5419 2809 5488 διαϐολῆς
2839 5421 3124 5489 γλώσσης
3152 5424 3499 5490 ἀλλοτρίας.
3546 5423 3827 5494 Φανέρωσις

2281 5511 2389 5565 τῶν
2412 5510 2662 5583 πονηρῶν
2687 5512 2863 5581 ἔργων
2888 5514 3026 5577 ἐστὶ,
3052 5514 3145 5565 καὶ
3168 5514 3426 5577 ἐπίπονος
3437 5514 3507 5567 δι’
3530 5511 3825 5583 ἐγκρατείας

2283 5602 2419 5673 πρὸς
2445 5603 2505 5655 τὸ
2536 5602 2739 5671 ἀγαθὸν
2795 5603 2987 5675 ἀγωγή
3015 5620 3029 5635 ο
3079 5604 3220 5657 ὥστε
3266 5604 3545 5675 διατηρεῖν
3572 5620 3629 5655 σε
3660 5601 3755 5656 ἀπό
3778 5614 3825 5651 τε

2282 5696 2375 5749 τοῦ
2410 5696 2713 5768 βαρυτάτου
2753 5698 2849 5769 τῆς
2884 5697 3134 5768 μοιχείας
3184 5697 3556 5767 ἐγκλήματος,
3615 5695 3703 5749 καὶ
3734 5690 3825 5746 ἀπὸ

2288 5789 2488 5853 παντὸς
2518 5789 2686 5860 ψόγου
2719 5791 3029 5862 ὲτεροδόξου
3076 5790 3291 5861 ἀνδρὸς,
3322 5787 3707 5860 ἑπιτηροῦντος
3738 5785 3824 5836 πᾶν
