4034 6504
196 361 330 429 1277

1276 379 1813 443 COMMENTARII
1848 381 1932 443 IN
1976 382 2433 446 PROVERBIA.

3325 386 3490 451 1278.

194 482 356 550 ἔργον
403 500 521 552 σου,
558 483 645 540 ἵνα
660 503 715 541 τι
745 486 883 561 εὕρῃ
911 488 1169 561 διαϐολῆς
1197 491 1370 559 ἄξιον,
1392 493 1489 547 καὶ
1508 492 1776 566 διαϐάλλῃ

1888 508 1943 554 ut
1972 499 2179 569 aliquid
2212 497 2504 554 calumnia:
2536 496 2763 570 dignum
2793 495 3054 560 inveniat,
3119 502 3173 552 et
3208 511 3304 566 per
3365 500 3469 556 loc

193 577 258 629 ἐκ
286 579 481 631 τούτου
511 581 605 634 καὶ
644 580 741 652 τὴν
761 582 1068 655 ἀμώμητον
1095 585 1274 638 πίστιν
1308 603 1426 640 σου.

261 674 361 722 κε’.
398 670 515 734 Υἱὲ,
536 673 622 741 μή
644 687 717 727 σε
741 674 971 744 νικήσῃ
994 676 1259 744 κάλλους
1297 678 1599 749 ἐπιθυμία.
1653 679 1782 734 Λοι-

193 758 317 823 πὸν,
354 762 413 814 ὲν
450 763 640 833 Κυρίῳ
671 765 883 832 τέκνον,
918 767 993 837 μή
1017 784 1077 819 σε
1113 770 1325 844 ἡττήσῃ
1356 770 1589 835 κάλλους
1604 772 1782 844 χρόνῳ

193 852 598 921 μαραινομένου
628 853 911 924 ἀλόγιστος
935 856 1144 926 ἔφεσις.

262 943 433 1011 Μηδὲ
458 944 757 1015 ἀγρευθῇς
788 948 923 1015 σοῖς
941 950 1291 1021 ὀφθαλμοῖς.
1320 952 1472 1024 Μηδὲ
1515 949 1779 1023 παγιδευ-

192 1033 293 1104 θῇς
324 1033 433 1086 ἀπὸ
455 1035 562 1088 τῶν
608 1036 717 1090 σῶν
749 1037 1068 1111 ὀφθαλμῶν,
1105 1040 1255 1114 ὥραν
1311 1042 1572 1111 γυναικὸς
1622 1061 1783 1115 περι-

192 1123 374 1196 έργως
402 1126 681 1201 ὁρώντων.

264 1217 433 1285 Μηδὲ
460 1221 901 1291 συναρπασθῇς
929 1222 1047 1277 ἀπὸ
1076 1222 1195 1277 τῶν
1214 1224 1406 1294 αὐτῆς
1427 1225 1778 1297 βλεφάρων.

193 1310 351 1381 Μηδὲ
376 1311 463 1364 διὰ
514 1312 623 1364 τῶν
658 1315 1162 1387 προσκαλουμένων
1214 1334 1274 1370 σε
1319 1318 1456 1388 πρὸς
1499 1319 1647 1389 μίξιν
1701 1320 1785 1372 αἰ·-

198 1402 373 1471 οχράν
398 1402 687 1473 βλεφάρων
718 1406 909 1476 αὐτῆς,
925 1407 1297 1480 συνελκυσθῇς
1321 1410 1551 1480 ταχέως,
1571 1412 1664 1465 καὶ
1687 1408 1781 1464 τοῦ

198 1493 476 1561 σώφρονος
503 1497 595 1548 καὶ
624 1497 1024 1568 καθεστηκότος
1055 1501 1257 1571 ἐκστῇς
1285 1501 1569 1572 λογισμοῦ.

268 1593 384 1651 κς’.
428 1588 568 1656 Τιμὴ
605 1589 713 1658 γὰρ
760 1591 1014 1658 πόρνης,
1055 1591 1199 1645 ὡσεὶ
1223 1592 1321 1645 καὶ
1384 1592 1523 1658 ἐνὸς
1575 1592 1780 1660 ἄρτου.

194 1678 473 1749 Μίσθωμα
523 1682 632 1751 γὰρ
687 1682 953 1749 γυναικὸς
999 1683 1226 1754 πόρνης,
1276 1683 1592 1754 ἐλάχιστον·
1651 1684 1784 1737 ὡσεὶ

194 1776 418 1846 τίμημα
482 1777 652 1846 ἄρτου
713 1778 863 1841 ἑνὸς,
925 1778 1087 1850 ἡδονὴ
1144 1779 1485 1850 πρόσκαιρος
1532 1780 1781 1851 ὑπάρχον

1890 599 2041 645 tuam
2069 589 2610 658 irreprehensibilem
2648 587 2809 643 tidem
2834 587 3227 643 calumnietur.

1960 678 2129 735 Vsus.
2160 679 2251 735 25.
2280 677 2411 745 Fili,
2444 696 2506 734 ne
2526 689 2575 734 te
2608 680 2785 733 vincat
2815 678 3228 748 pulchritudinis
3250 680 3465 749 cupido.

1890 769 1947 827 In
1970 772 2200 841 reliquo,
2230 771 2302 825 lili
2331 772 2382 825 in
2409 770 2662 836 Domino,
2686 785 2754 826 ne
2786 778 2836 825 te
2860 778 3081 841 superet
3100 770 3468 840 pulchritudi-

1888 864 1998 928 nis,
2036 878 2155 932 quaa
2187 878 2282 933 per
2326 868 2543 932 tempus
2567 861 2959 933 exstinguitur,
2979 860 3215 915 absurda
3241 860 3465 930 cupido.

1962 955 2045 1011 Ne
2100 956 2331 1023 capiaris
2374 956 2477 1009 tuis
2534 954 2729 1009 oculis.
2784 952 2865 1008 Ne
2898 953 3136 1021 capiaris
3188 951 3295 1006 luis
3334 967 3468 1005 ocu-

1890 1048 1978 1115 lis,
2017 1048 2183 1102 nimis
2246 1045 2406 1102 avide
2445 1046 2690 1102 mulieris
2738 1043 3204 1117 pulchritudinem
3249 1041 3469 1111 conspi-

1889 1143 2182 1197 cientibus.

1964 1232 2047 1288 Ne
2095 1250 2127 1287 a
2161 1232 2358 1287 retibus
2396 1228 2769 1301 palpebrarum
2796 1227 2909 1298 ejus
2933 1226 3185 1296 capiaris.
3222 1222 3299 1279 Ne
3353 1224 3469 1278 cito

1892 1325 2213 1397 illaquearis
2265 1324 2543 1395 palpebris
2577 1322 2719 1393 ejus,
2765 1330 2819 1375 te
2850 1319 2918 1373 ad
2964 1328 3178 1389 turpem
3206 1331 3467 1387 congress

1891 1438 2012 1478 sum
2037 1418 2386 1479 vocantibus,
2419 1424 2473 1471 et
2500 1431 2570 1472 nc
2605 1423 2657 1471 te
2688 1429 2719 1469 a
2751 1413 3000 1484 sapiente
3036 1420 3092 1466 et
3123 1419 3346 1467 sensato
3376 1409 3469 1479 ju-

1891 1515 2037 1570 dicio
2062 1525 2368 1568 removeas.

1962 1601 2127 1657 Vsus.
2166 1600 2256 1655 26.
2284 1598 2574 1654 Prtemium
2607 1596 2916 1659 meretricis,
2964 1595 3118 1665 quasi
3178 1592 3337 1647 unius
3368 1608 3469 1661 pa-

1892 1695 1996 1748 nis.
2050 1691 2344 1746 Prannium
2398 1690 2648 1743 mulieris
2692 1687 3029 1749 meretricis,
3087 1699 3352 1756 parvum;
3410 1690 3471 1735 ut

1892 1786 2129 1857 pretium
2183 1784 2345 1837 unius
2403 1781 2584 1852 panis,
2646 1779 2902 1848 voluptas
2955 1777 3122 1846 fugax
3191 1773 3466 1843 corporis,

195 1870 419 1938 σαρκὸς,
438 1868 514 1940 τῷ
542 1870 749 1940 ταύτης
781 1871 1393 1941 ἡδυπαθεῖὲπαρκοῦσα
1445 1873 1540 1925 ἐπὶ
1584 1872 1780 1945 βραχύ.

1889 1890 2196 1949 procurans
2225 1872 2389 1943 hujus
2415 1871 2671 1927 amatori.

262 1958 437 2026 Γυνὴ
495 1958 564 2012 δὲ
603 1959 840 2028 ἀνδρῶν
862 1961 1074 2029 τιμίων
1112 1962 1321 2031 ψυχὰς
1361 1962 1622 2032 ἀγρεύει.
1664 1964 1783 2016 Ἀν-

188 2051 335 2121 δρῶν
364 2053 412 2106 δ’
445 2052 724 2122 ἡτοιαύτη
755 2052 892 2123 γυνὴ
932 2053 1219 2121 παγιδεύει
1272 2054 1472 2125 ψυχάς,
1506 2047 1583 2109 ὧν
1607 2055 1726 2119 ὅλος
1755 2056 1784 2109 ὁ

190 2144 385 2216 παρὼν
416 2146 620 2215 κόσμος
640 2146 743 2199 οὐκ
773 2145 921 2198 ἔστιν
957 2146 1237 2211 ἀντάξιος.

298 2232 517 2300 κζ’-κθ’.
576 2234 899 2301 Ἀποὸήσει
938 2252 1029 2301 τις
1073 2236 1193 2305 πῦρ
1252 2237 1323 2291 ἐν
1350 2241 1579 2307 κόλπῳ,
1614 2239 1684 2294 τὰ
1716 2239 1785 2293 δὲ

188 2327 387 2395 ἱμάτια
432 2330 503 2381 οὐ
559 2328 969 2393 κατακαύσει;
1014 2328 1052 2398 ἣ
1096 2330 1492 2398 περιπατήσει
1544 2350 1638 2398 τις
1687 2332 1782 2385 ἐπ’

185 2418 509 2488 ἀνθράκων
529 2420 743 2488 πυρὸς,
795 2420 938 2486 τοὺς
963 2419 1032 2473 δὲ
1059 2421 1253 2487 πόδας
1281 2425 1352 2477 οὐ
1375 2424 1779 2487 κατακαύσει;

187 2515 379 2580 οὓτως
410 2517 443 2568 ὁ
470 2514 760 2570 εἰσελθὼν
798 2515 948 2584 πρὸς
994 2517 1253 2583 γυναῖκα
1298 2517 1629 2587 ὕπανδρον,
1668 2519 1781 2571 οὐκ

187 2606 632 2676 ἀθωωθήσεται,
652 2606 798 2661 οὐδὲ
827 2608 949 2675 πᾶς
979 2610 1010 2663 ό
1032 2609 1370 2678 ἁπτόμενος
1404 2609 1619 2675 αὐτῆς.
1653 2610 1783 2662 Ὥσ-

188 2717 299 2770 περ
326 2700 436 2772 γὰρ
455 2702 484 2753 ὁ
515 2699 613 2771 μὲν
653 2700 1152 2772 ὲγκολπωσάμενος
1181 2701 1318 2774 πῦρ,
1348 2702 1689 2757 κατακαύσει
1710 2701 1781 2756 τά

188 2794 407 2863 ἱμάτια,
432 2795 524 2847 ὁδ’
549 2792 636 2847 ἐπ’
667 2794 958 2867 ἀνθράκων
1000 2795 1245 2865 βαδίσας,
1275 2797 1404 2859 τοὺς
1467 2796 1632 2860 πόδας
1686 2795 1778 2849 τὸν

188 2885 357 2941 αὑτὸν
401 2885 603 2956 τρόπον
636 2886 664 2939 ὅ
695 2903 755 2939 τε
798 2885 1176 2957 παρεμϐαλὼν
1206 2887 1420 2953 ἑαυτὸν,
1453 2886 1520 2941 δι’
1544 2887 1781 2960 αἰσχρᾶς

191 2977 467 3050 πράξεως,
504 2978 642 3049 πρὸς
673 2980 911 3047 γυναῖκα
944 2978 1395 3051 συνεξευγμένην
1442 2980 1622 3050 ἀνδρὶ,
1682 2980 1783 3042 τὰς

190 3071 285 3125 ἐπὶ
316 3070 396 3142 τῷ
437 3071 668 3141 τοιούτῳ
722 3071 1037 3142 ἐγκλήματι
1094 3073 1197 3126 οὐκ
1245 3070 1573 3141 ἐκφεύξεται
1601 3073 1779 3139 δίκας,

191 3162 288 3216 καὶ
320 3164 347 3217 ό
370 3162 459 3216 ἐπ’
494 3163 633 3233 αὐτῇ
666 3162 808 3216 κατὰ
832 3163 1074 3219 διάνοιαν
1100 3164 1200 3237 τὴν
1244 3164 1528 3236 ἁμαρτίαν
1578 3167 1781 3219 ἀποτε-

192 3252 302 3305 λῶν
329 3269 341 3283 ’
374 3253 404 3306 ό
439 3251 537 3322 μὲν
596 3251 704 3323 γάρ
743 3252 805 3306 τὸ
868 3253 1027 3323 δίκην
1080 3254 1255 3325 πυρὸς
1299 3254 1635 3308 ὑπανάπτων
1693 3255 1787 3309 τὸν

194 3344 486 3399 σατανικδν
518 3344 720 3417 ἔρωτα,
751 3346 947 3401 εἴδωλα
968 3346 1069 3415 τῆς
1102 3348 1337 3419 αἰσχρᾶς
1361 3347 1617 3418 πράξεως
1652 3349 1789 3401 ἁπο-

192 3437 308 3501 θεὶς
339 3439 405 3507 τῇ
437 3436 618 3508 ψυχῇ,
671 3438 1058 3510 ἀποτεφρώσει
1106 3440 1208 3503 τὰς
1266 3441 1497 3511 ἀρετὰς,
1527 3439 1596 3503 ἃς
1644 3440 1783 3511 αὕτη

191 3526 338 3581 κατὰ
362 3529 693 3601 προαίρεσιν
721 3530 796 3594 ῶς
816 3530 1000 3601 ἄμφιά
1022 3548 1146 3585 τινα
1177 3532 1475 3603 περιϐεϐλη
1487 3532 1649 3604 μένη,
1678 3532 1787 3586 άπὸ

190 3618 288 3672 τοῦ
317 3620 592 3690 χειμῶνος
624 3621 955 3690 φυλάττεται
979 3623 1090 3676 τῶν
1148 3623 1340 3678 παθῶν
1361 3639 1376 3655 ⁸
1408 3626 1436 3678 ό
1456 3624 1514 3676 δὲ
1543 3626 1612 3695 τῇ
1644 3625 1788 3678 κατὰ

189 3710 434 3765 διάνοιαν
494 3710 694 3783 μελέτῃ
720 3712 807 3765 ἐπ’
841 3713 1021 3768 αὐτῶν
1050 3714 1287 3785 βαδίζων
1332 3714 1441 3769 τῶν
1464 3716 1563 3783 τῆς
1596 3716 1784 3786 ἁμαρ-

189 3802 314 3865 τίας
363 3802 632 3871 ὲμπαθῶν
679 3803 981 3875 λογισμῶν,
1030 3805 1125 3870 οὓς
1153 3807 1213 3860 τὸ
1238 3806 1350 3876 πῦρ
1383 3806 1633 3877 ὲπανῆψε
1684 3806 1789 3877 τῆς

193 3893 513 3966 παραλόγου
534 3895 791 3967 ὀρέξεως,
821 3898 1111 3969 διαφθερεῖ
1140 3899 1209 3953 τά
1230 3898 1412 3967 ἀγαθὰ
1436 3899 1784 3971 διανοήματα

189 3990 292 4058 τῆς
328 3986 538 4057 ψυχῆς·
562 3986 630 4040 δι’
651 3980 746 4053 ὧν,
778 3986 855 4051 ῶς
901 4006 1067 4043 τινων
1110 3990 1309 4058 ποδῶν,
1337 3990 1475 4062 πρὸς
1520 3990 1617 4063 τὴν
1674 4009 1781 4063 μα-

192 4078 394 4151 καρίαν
456 4078 557 4149 τῆς
601 4079 875 4144 ἀπαθείας
926 4080 1080 4152 λῆξιν
1152 4080 1292 4153 αὕτη
1347 4083 1561 4152 πέφυκε
1624 4083 1781 4154 φέρε-

194 4169 343 4224 σθαι.

260 4263 327 4315 λ’.
362 4264 443 4316 Οὺ
470 4261 820 4331 θαυμαστὸν
841 4262 950 4316 ἐὰν
994 4260 1122 4329 ἁλῷ
1171 4280 1265 4329 τις
1318 4264 1617 4319 κλέπτων.
1670 4265 1784 4320 Καὶ

191 4352 343 4419 ξένον
380 4354 478 4425 μὲν
509 4354 661 4407 οὐδέν
691 4356 860 4420 ἐστιν,
895 4355 990 4408 ἐάν
1030 4372 1113 4418 τις
1144 4355 1238 4409 ἐπὶ
1281 4356 1455 4426 κλοπῇ
1506 4356 1779 4428 κρατηθῇ.

192 4445 436 4499 Ιίλέπτει
480 4446 589 4517 γάρ
613 4445 679 4501 τὰ
712 4446 990 4517 ἀλλότρια,
1016 4446 1104 4499 ἴνα
1132 4442 1207 4501 ὧν
1240 4447 1353 4519 ἔχει
1388 4446 1585 4511 ἐνδεῶς
1618 4465 1779 4518 κορε-

197 4536 323 4608 σθῇ.

260 4628 365 4682 λα’.
399 4629 545 4683 Ἐὰν
564 4630 633 4684 δὲ
669 4631 817 4698 ἁλῷ,
848 4631 1127 4686 ἀποτίσει
1163 4630 1613 4696 ἐπταπλασίως.
1656 4632 1776 4683 Φω-

193 4719 383 4789 ραθεὶς
408 4721 465 4774 δὲ
497 4723 594 4775 καὶ
631 4723 1014 4795 κατασχεθεὶς,
1050 4722 1323 4777 ἀποδώσει
1375 4722 1771 4786 ὲπταπλασίως

187 4809 217 4863 ὃ
238 4810 515 4880 ἀφείλετο.
835 4806 840 4810 ’

259 4906 368 4958 Kal
400 4906 597 4960 πάντα
624 4906 695 4960 τὰ
723 4905 1073 4976 ὑπάρχοντα
1095 4905 1281 4959 αὐτοῦ
1311 4904 1478 4972 δοὺς,
1509 4906 1766 4972 ῥύσεται

187 4994 432 5050 ἑαυτόν.
495 4999 606 5050 Καὶ
660 5000 842 5053 πᾶσαν
879 4999 980 5069 τὴν
1032 4997 1347 5069 προσοῦσαν
1379 4996 1528 5066 αὑτῴ
1559 5014 1776 5068 περιου-

190 5088 313 5143 σίαν
354 5089 673 5161 παρασχὼν,
729 5090 1139 5162 ἀπολυθήσεται
1180 5090 1273 5143 τοῦ
1300 5089 1544 5143 τοιούτου
1574 5090 1774 5162 ἐγκλή-

190 5200 384 5253 ματος.
1425 5182 1429 5188 ’

259 5274 363 5344 λβ¹⁵
400 5274 462 5326 '0
480 5273 548 5327 δὲ
562 5272 792 5343 μοιχὸς,
824 5273 899 5327 δι’
921 5273 1162 5328 ἔνδειαν
1181 5270 1438 5343 φρενῶν,
1464 5272 1772 5327 ἀπώλειαν

184 5362 261 5432 τῇ
294 5364 514 5419 ἑαυτοῦ
542 5364 716 5435 ψυχῇ
773 5364 1186 5433 περιποιεῖται.
1235 5364 1294 5416 '0
1324 5364 1380 5416 δὲ
1411 5381 1771 5434 περιπεπτω-

185 5456 304 5519 κὼς
337 5456 417 5526 τῷ
435 5456 537 5525 τῆς
566 5459 817 5528 μοιχείας
834 5457 1003 5526 ὲγκλή
1014 5475 1170 5529 ματι,
1186 5456 1246 5510 οὐ
1268 5456 1428 5526 μόνον
1444 5456 1512 5508 δι’
1531 5458 1605 5524 ἀφ
1615 5458 1772 5526 ροσὺ-

185 5564 309 5615 νην,
336 5546 436 5617 τὴν
463 5546 599 5600 ἰδίαν
625 5548 850 5601 ἁπόλλει
869 5547 1046 5618 ψυχὴν
1076 5547 1221 5602 κατὰ
1238 5547 1481 5601 διάνοιαν
1513 5550 1608 5601 καὶ
1631 5552 1771 5605 κατὰ

191 5638 413 5710 πρᾶξιν,
443 5640 517 5700 ὡς
537 5641 775 5712 εἴρηται,

258 5729 362 5797 λγ’.
400 5731 654 5799 Ὄδύνας
692 5749 756 5787 τε
789 5733 887 5788 καὶ
930 5734 1173 5803 ἀτιμίαν
1232 5733 1536 5803 ὑποφέρει.
1606 5734 1767 5792 Ἀλλά

190 5821 284 5881 καὶ
308 5823 595 5893 αἰκισμοὺς
634 5826 838 5895 σαρκὸς
862 5826 955 5880 καὶ
987 5826 1170 5899 ὕϐρεις
1196 5826 1510 5895 ὑφίσταται.

1956 1967 2156 2023 Mulier
2178 1967 2559 2021 honoratorum
2606 1965 2843 2018 uirorum
2874 1963 3083 2016 animus
3117 1960 3279 2029 capit.
3314 1957 3467 2012 Talis

1884 2063 2085 2117 mulier
2116 2060 2362 2115 virorum
2391 2059 2607 2113 animas
2641 2057 2812 2126 capit,
2865 2056 3070 2126 quibUs
3119 2062 3299 2110 totum
3331 2066 3468 2123 prte-

1884 2171 2012 2209 sens
2047 2153 2308 2209 szeculum
2346 2167 2453 2208 non
2491 2157 2670 2220 potest
2704 2149 3037 2217 comparari.

1956 2246 2123 2302 Vsus.
2150 2244 2343 2299 27-29.
2383 2242 2489 2309 Qui
2522 2242 2725 2312 injiciet
2757 2243 2930 2311 ignem
2959 2242 3015 2294 in
3046 2242 3245 2303 sinum,
3276 2247 3325 2293 et
3360 2254 3465 2292 non

1883 2340 2194 2394 vestimenta
2245 2336 2541 2390 ardebant?
2578 2336 2681 2388 Aut
2727 2332 3025 2386 ambulabit
3073 2348 3231 2400 super
3259 2346 3464 2401 prunas

1883 2431 2042 2499 ignis,
2078 2438 2254 2484 etnon
2285 2427 2687 2498 conﬂagrabunt
2721 2425 2875 2493 pedes
2920 2424 3079 2490 eius?
3111 2426 3189 2479 sic
3241 2440 3345 2478 non
3399 2421 3467 2475 li-

1883 2514 2152 2569 berabitur
2213 2515 2305 2586 qui
2339 2513 2635 2583 ingreditur
2677 2512 2747 2566 ad
2794 2512 3063 2564 mulierem
3098 2509 3463 2579 coniugatam,

1883 2626 1975 2665 nec
2007 2610 2178 2666 omnis
2230 2610 2319 2681 qui
2356 2608 2403 2663 ei
2432 2607 2618 2662 lueret.
2671 2604 2828 2661 Sicut
2867 2605 3036 2666 enim,
3069 2604 3162 2674 qui
3194 2604 3373 2675 ignem
3396 2600 3465 2655 in

1883 2705 2066 2759 sinum
2100 2703 2287 2768 mittit,
2325 2717 2425 2757 sua
2454 2703 2806 2765 vestimenta,
2834 2707 2889 2754 et
2918 2698 3014 2769 qui
3054 2712 3223 2768 super
3256 2709 3466 2767 prunas

1884 2792 2128 2848 ambulat
2175 2807 2307 2848 suos
2358 2790 2529 2863 pedes
2573 2790 2890 2856 comburit;
2930 2789 3005 2845 ita
3038 2789 3153 2854 ille,
3188 2788 3286 2859 qui
3316 2786 3465 2857 turpi

1884 2891 2010 2939 actu
2061 2884 2303 2955 seipsum
2345 2883 2513 2938 tradit
2545 2880 2765 2938 mulieri
2813 2880 3145 2951 conjugatm,
3190 2885 3246 2935 et
3297 2878 3464 2934 etiam

1884 2974 1977 3045 qui
2012 2988 2107 3045 per
2137 2973 2531 3045 cogitationem
2586 2986 2757 3041 super
2790 2970 2942 3025 illam
2984 2977 3272 3040 peccatum
3331 2984 3465 3039 ope-

1884 3079 2062 3132 ratur,
2101 3067 2271 3137 hujus
2326 3065 2556 3122 sceleris
2618 3080 2811 3136 pmnas
2855 3079 2965 3119 non
3017 3063 3276 3134 effugiet;
3336 3063 3467 3118 talis

1888 3158 2059 3223 enim,
2090 3159 2344 3213 satanieo
2376 3171 2588 3223 amore,
2623 3156 2772 3227 quod
2803 3155 2959 3227 juste
3010 3156 3155 3225 ignis
3211 3163 3465 3215 vocatur,

1890 3250 2232 3316 inlnerendo,
2262 3260 2316 3305 et
2362 3251 2419 3305 in
2471 3250 2657 3304 anima
2693 3247 3056 3319 turpitudinis
3108 3248 3315 3303 idolum
3347 3248 3467 3303 col-

1886 3340 2119 3394 locando
2157 3382 2173 3407 ,
2226 3341 2456 3396 virtutes
2515 3341 2627 3411 igni
2658 3340 2848 3405 tradit,
2895 3355 3038 3410 quas
3089 3354 3188 3410 pro
3223 3339 3348 3394 vitae
3378 3354 3468 3393 ra-

1884 3433 2034 3488 tione
2066 3434 2225 3501 quasi
2270 3431 2597 3488 vestimenta
2630 3430 2889 3495 induens,
2931 3430 3114 3485 anima
3161 3444 3192 3483 a
3225 3430 3466 3483 tumultu

1886 3524 2252 3595 cupiditatum
2299 3524 2603 3590 liberatur;
2649 3521 2741 3577 ille
2792 3528 2977 3578 autem
3020 3520 3115 3591 qui
3152 3518 3468 3575 voluntarie

1886 3618 1941 3672 in
1968 3629 2321 3689 peccatorum
2354 3615 2819 3671 tumultuanti-bus
2846 3612 3092 3668 ambulat
3115 3610 3469 3667 sermonibus

1884 3726 2026 3780 quos
2055 3712 2209 3765 malae
2240 3709 2519 3779 cupidinis
2558 3705 2809 3764 accendit
2862 3704 3028 3776 ignis,
3064 3705 3238 3760 bonas
3270 3703 3471 3758 anima:

1885 3802 2248 3871 cogitationes
2303 3800 2557 3863 destruit,
2616 3814 2712 3867 per
2761 3813 2903 3868 quas
2962 3802 3097 3863 haec,
3163 3796 3325 3866 quasi
3368 3810 3467 3866 per

1883 3893 2152 3964 quosdam
2200 3893 2389 3963 pedes,
2445 3892 2511 3944 ad
2576 3888 3042 3960 impassibilitatis
3107 3889 3321 3944 beatam
3379 3904 3468 3944 re-

1885 3985 2066 4058 quiem
2099 3984 2385 4055 pervenire
2413 3984 2720 4037 consuevit.

1953 4250 2121 4307 Vsus.
2160 4252 2247 4307 50.
2290 4250 2412 4308 Νοη
2464 4253 2658 4307 mirum
2699 4252 2747 4307 si
2790 4252 3036 4323 capiatur
3087 4249 3206 4321 quis
3250 4248 3464 4320 furatis.

1883 4342 2002 4398 Non
2042 4355 2128 4398 est
2160 4360 2385 4410 novum,
2416 4346 2459 4398 si
2487 4346 2609 4413 quis
2652 4347 2705 4399 iu
2750 4343 2902 4397 furto
2942 4343 3464 4413 comprehendatur.

1885 4434 2124 4491 Furatur
2200 4436 2346 4490 enim
2425 4435 2625 4500 aliena,
2692 4443 2752 4489 ut
2777 4436 3056 4489 nutriatur
3123 4434 3205 4487 eis
3262 4431 3467 4501 quibus

1810 4554 1854 4609 ο
1882 4537 2025 4600 eget.

1956 4619 2123 4678 Vsus.
2176 4622 2266 4676 51.
2328 4621 2389 4678 Si
2420 4620 2871 4689 deprehendatur,
2910 4618 3093 4674 reddet
3139 4618 3464 4689 septuplum.

1885 4716 2265 4785 Depreliensus
2295 4726 2348 4770 et
2384 4716 2664 4779 detentus,
2716 4716 2904 4769 reddet
2931 4712 3240 4784 septuplum
3275 4727 3466 4767 eorum

1878 4824 2001 4877 qua:
2027 4808 2227 4877 rapuit.

1943 4899 2013 4953 Et
2046 4900 2224 4953 omnia
2256 4915 2354 4953 sua
2387 4898 2545 4963 dans,
2576 4898 2807 4967 seipsum
2838 4898 3107 4954 liberabit.
3139 4897 3205 4953 Et
3244 4912 3462 4954 omnem

1879 5006 2032 5047 suam
2063 4990 2433 5047 substantiam
2483 4989 2705 5046 tradens
2759 4991 2828 5046 ab
2866 4990 2971 5046 hoc
3006 4991 3241 5046 crimine
3263 4989 3466 5045 libera-

1879 5083 2048 5139 bitur.

1936 5261 2103 5318 Vsus.
2136 5262 2230 5318 52.
2270 5263 2494 5318 Adulter
2530 5280 2649 5320 vero
2696 5264 2759 5319 ob
2810 5266 3047 5337 inopiam
3083 5266 3465 5339 cogitationum

1872 5358 2155 5425 perniciem
2208 5373 2321 5411 sua:
2382 5359 2576 5413 (innima:
2630 5360 2879 5414 attrahit.
2925 5360 3028 5426 Qui
3094 5362 3148 5415 in
3214 5362 3464 5416 mmchia:

1873 5454 2079 5509 scelere
2135 5451 2348 5517 incidit,
2413 5470 2519 5509 non
2575 5454 2750 5509 solum
2826 5464 3049 5525 propter
3094 5452 3251 5511 suam
3321 5456 3461 5510 insi-

1874 5547 2158 5614 pientiam,
2209 5555 2264 5602 et
2291 5562 2387 5617 per
2450 5549 2843 5619 cogitationem
2895 5557 2951 5604 et
2987 5565 3083 5620 per
3131 5565 3270 5621 opus
3328 5565 3463 5620 pro-

1874 5640 2046 5709 primu
2082 5641 2321 5694 animum
2358 5640 2569 5711 perdet,
2600 5649 2659 5696 ut
2691 5641 2899 5696 dictum
2935 5650 3039 5707 est,

1930 5734 2096 5789 Vsus.
2136 5735 2228 5789 55.
2290 5734 2510 5790 Dolores
2568 5746 2617 5789 et
2664 5736 3011 5806 ignominiam
3054 5737 3292 5805 sufferet.
3354 5735 3460 5792 Sed

1870 5827 2030 5884 etiam
2062 5829 2276 5887 dolores
2326 5829 2575 5901 corporis
2619 5838 2673 5886 et
2702 5831 2992 5913 opprobria
3030 5832 3350 5890 sustinebit.
