3902 6504
45 346 157 412 1281

1070 333 1606 395 COMMENTARII
1652 330 1729 388 IN
1772 330 2229 391 PROVERBIA.

3160 321 3297 387 1282

44 485 112 518 σοι
141 460 388 528 ποίησον,
434 456 534 509 διὰ
579 455 672 524 τῆς
707 452 894 507 πασῶν
923 451 1030 504 τῶν
1064 448 1381 519 πρακτικῶν
1409 446 1619 518 ἀρετῶν
1648 497 1650 503 ,

1775 448 2031 501 -ueralem
2067 446 2318 500 omnium
2350 446 2719 516 practicarum
2754 442 3015 497 virtutum
3046 439 3292 496 dilectio-

41 550 397 621 γενικωτάτης
456 548 687 615 ἀγάπης
705 562 716 573 ·
754 544 821 597 δι’
840 539 906 614 ἧς
930 545 962 612 ή
1009 543 1145 613 πρὸς
1174 542 1262 595 τὸν
1292 540 1425 593 Θεὸν
1445 539 1617 606 Λόγον

1775 553 1866 604 3m,
1902 553 1998 608 per
2034 553 2199 608 quam
2233 537 2591 609 cognoscitur
2623 550 2779 590 amor
2830 550 3145 590 seru-onum
3174 533 3291 590 Dei.

42 649 212 715 ἀγάπη
242 643 615 714 γνωρίζεται.

102 745 156 791 ε’.
185 737 319 790 Ἰνα
350 751 430 788 σε
464 732 709 802 τηρήσῃ
728 730 847 787 ἀπὸ
861 727 1145 800 γυναικὸς
1168 727 1493 795 ἀλλοτρίας
1518 721 1621 779 καί

44 827 315 896 πονηρᾶς.
336 828 548 890 Ὅπως
572 842 629 878 σε
659 823 874 896 φυλάξῃ
899 821 1009 876 ἀπὸ
1026 818 1323 891 ἐπιθυμίας
1347 818 1471 887 τῆς,
1499 816 1618 870 κατ’

1781 710 1948 766 Vens.
2007 711 2061 765 5.
2094 708 2166 765 Ut
2217 719 2268 765 te
2319 709 2592 763 custodiat
2633 724 2669 762 a
2705 708 2924 762 muliere
2961 717 3215 762 extranea
3248 715 3299 761 et

1723 806 1893 860 mala.
1928 802 1996 859 Ut
2032 805 2270 873 teipsum
2318 803 2609 858 custodias
2640 818 2670 856 a
2702 802 3030 872 cupiditate,
3081 817 3204 870 quae
3232 817 3300 856 ex

42 895 255 989 ἔλλειψιν
278 919 382 982 μὲν
412 917 524 986 τῆς
553 895 935 987 σωφροσύνης,
983 910 1166 981 ἐώσης
1193 910 1293 981 τὴν
1324 908 1623 963 ἀπόλαυσιν

1775 898 1938 953 :lectu
1964 896 2269 968 prudentiae.
2298 896 2499 960 oritur,
2534 904 2588 949 et
2623 895 2860 966 impellit
2882 895 2955 949 ad
2987 896 3301 965 voluptates

43 1012 120 1066 τοῦ
143 987 628 1079 συναρμοσθέντος
676 1008 814 1078 αὐτῇ
838 1005 1001 1074 λόγου
1040 1002 1183 1057 κατά
1206 1001 1298 1055 τὸν
1328 1001 1495 1072 νόμον
1520 999 1625 1068 τῆς

1775 990 1794 1045 l
1826 1003 1967 1059 quas
2004 1003 2070 1045 ex
2100 1003 2160 1043 se
2189 987 2363 1043 l‘ertur
2392 987 2634 1041 humana
2676 994 2894 1048 natura,
2925 996 2979 1041 et
3008 1002 3130 1056 qua:
3156 996 3305 1039 amat

43 1103 377 1173 ἀνθρωπίνης
411 1100 663 1169 φύσεως.
715 1099 808 1152 καὶ
838 1095 1053 1169 ἐρώσης
1084 1092 1381 1149 ἀπολαύειν
1426 1091 1628 1147 ἀκολά-

48 1216 171 1262 στως
202 1197 299 1266 τῆς
330 1195 661 1259 πολυειδοῦς
694 1193 814 1247 κατ’
846 1193 1100 1262 αἴσθησιν
1132 1188 1468 1260 προσκαίρου
1499 1188 1626 1257 ⁴ἡδο-

1727 1082 1835 1135 lrui
1888 1080 2247 1136 immoderate
2289 1080 2457 1136 variis
2503 1081 2899 1149 temporalibus
2944 1080 3299 1146 libidinibus;

1728 1181 1789 1227 ut
1821 1183 1871 1228 te
1902 1187 2188 1227 removeas
2217 1172 2285 1225 ab
2314 1187 2375 1226 ea
2413 1186 2537 1241 quae
2560 1186 2631 1225 ex
2672 1171 2896 1225 virtutis
2930 1186 3162 1226 excessu
3193 1172 3305 1225 ori-

48 1295 150 1359 νῆς,
176 1262 298 1342 καθ’
317 1287 643 1359 ὑπερϐολὴν
656 1286 712 1340 δὲ
729 1287 927 1348 πόνους
948 1282 1163 1353 ἐρώσης
1180 1281 1305 1345 τοὺς
1323 1280 1465 1334 κατά
1481 1276 1627 1351 [τὴν]

1775 1278 1841 1327 tr,
1865 1263 2189 1333 cupiditate,
2223 1276 2346 1333 qua
2389 1262 2700 1317 delectatur
2734 1262 2929 1316 insane
2956 1263 3022 1317 de
3049 1262 3303 1333 voluptav

52 1383 143 1438 ἀπὸ
169 1380 271 1435 τῶν
300 1380 485 1451 ἡδέων
529 1378 798 1449 ἠλιθιώδη
828 1375 1181 1447 ἐγκράτειαν,
1211 1373 1286 1437 ὡς
1320 1371 1627 1443 μωραίνον-

53 1491 136 1526 σαν
158 1474 213 1524 ὲν
233 1470 311 1541 τῷ
348 1470 427 1541 μὴ
479 1464 628 1522 εἶναι
660 1467 750 1521 διὰ
780 1466 936 1533 Θεὸν,
972 1460 1111 1516 ἀλλά
1134 1458 1539 1515 ἐπιδείκνυσθαι
1560 1457 1634 1511 δι’

57 1560 342 1633 ἀνθρώπων
374 1559 714 1631 ἀρέσκειαν.

121 1653 256 1709 Ἐάν
276 1667 352 1707 σε
362 1653 583 1721 λόγοις
602 1649 725 1715 τοῖς
739 1648 887 1717 πρὸς
902 1642 1438 1715 χάρινὲνιϐάληται.
1456 1641 1631 1712 Εἴπερ

56 1764 107 1801 σε
134 1748 166 1817 ἡ
196 1744 424 1814 τοιαύτη
442 1742 721 1813 ἐπιθυμία
748 1741 1024 1809 λογισμοῖς
1049 1739 1159 1801 τοῖς
1191 1735 1327 1808 πρὸς
1350 1734 1560 1805 τέρψιν,
1596 1733 1631 1801 ἦ

57 1841 152 1899 τοῖς
176 1836 309 1905 πρὸς
327 1834 563 1887 ἔπαινον
592 1830 965 1903 ἐμϐιϐάσειεν.

120 1935 187 1994 ς’.
230 1926 376 1981 Ἀπὸ
402 1926 521 1999 γὰρ
560 1924 804 1994 θυρίδος
827 1924 895 1978 ἐκ
920 1921 1026 1978 τοῦ
1068 1921 1241 1976 οἴκου
1277 1916 1490 1986 αὐτῆς,
1548 1916 1636 1981 είς

62 2022 151 2088 τὰς
173 2020 467 2085 πλατείας
503 2018 1012 2086 παρακύπτουσα.
1087 2013 1223 2068 Ἀπὸ
1247 2015 1360 2082 γάρ
1381 2026 1525 2073 τινος
1555 2009 1637 2061 αίι-

64 2105 361 2183 σθήσεως,ᾗ
396 2111 477 2174 ὡς
506 2113 568 2162 ὲν
589 2108 738 2179 οἰκίᾳ
770 2108 881 2161 τινὶ
903 2104 1247 2178 ἐνδιατρίϐει,
1290 2101 1639 2174 προκύπτου-

69 2222 125 2258 σα
144 2206 215 2267 εἰς
241 2205 339 2267 τὰς
381 2205 465 2265 εἰς
498 2200 780 2255 ἀπώλειαν
827 2198 1069 2267 ἀγούσας
1132 2195 1479 2268 εὐρυχώρους
1536 2192 1639 2262 τῆς

68 2298 337 2360 ἀκολασίας
369 2296 556 2360 ὁδούς.

130 2388 188 2453 ζ’.
218 2390 325 2442 ⁸ον
356 2386 435 2442 ἂν
466 2386 575 2454 ἵδῃ
617 2384 737 2438 τῶν
758 2383 1037 2454 ἀφρόνων
1086 2380 1333 2443 τέκνων,
1392 2378 1641 2433 νεανίαν

70 2477 225 2547 ἐνδεῆ
282 2476 550 2547 φρενῶν.
604 2472 783 2547 τῼτινι
838 2474 906 2529 ἂν
949 2473 1145 2544 ἐντύχῃ
1192 2472 1303 2525 τῶν
1342 2470 1642 2539 ἀλογίστως

1739 2007 1850 2052 teas

1738 2103 1904 2143 sensu
1945 2087 2121 2157 partis
2158 2086 2462 2150 sensitivae,
2490 2084 2549 2139 in
2581 2098 2689 2153 qua
2725 2083 2897 2137 veluti
2935 2081 3178 2137 indoqu
3215 2081 3315 2134 lia-

1738 2180 1901 2243 bitat,
1929 2180 2297 2249 prospiciens,
2328 2178 2382 2232 in
2418 2177 2599 2247 largas
2628 2174 3034 2245 ,‘dissolutionis
3061 2174 3199 2237 vias,
3236 2172 3317 2227 fe-

1738 2279 1926 2327 rentes
1957 2272 2021 2325 ad
2061 2282 2314 2325 mortem.

1733 1355 1880 1410 tibus
1934 1356 2230 1426 superatis,
2287 1354 2552 1424 glorians,
2594 1369 2705 1409 non
2759 1354 2906 1425 quod
2954 1354 3058 1411 hoc
3090 1357 3162 1410 sit
3191 1354 3304 1409 Deo

1728 1446 2057 1517 jucundum,
2102 1446 2195 1503 sed
2228 1447 2358 1517 quia
2390 1444 2515 1501 inde
2554 1454 2737 1517 potest
2764 1447 2992 1501 exaltari
3018 1447 3161 1517 apud
3202 1448 3305 1502 bo-

1731 1554 1929 1595 mines.

1805 1631 1866 1687 Si
1913 1641 1963 1685 te
2013 1630 2344 1686 sermonibus
2396 1629 2645 1684 adoritur
2692 1631 2967 1701 gratiosis.
3013 1630 3070 1685 Si
3110 1639 3160 1686 te
3188 1632 3310 1685 haec

1738 1722 2015 1793 cupiditas
2041 1722 2391 1778 sermonibus
2430 1723 2730 1793 voluptatis
2755 1724 2839 1778 vel
2872 1724 3147 1793 superbia:
3178 1724 3313 1779 ado-

1738 1816 1930 1869 riatur.

1799 1906 1963 1961 Vens.
1994 1906 2051 1960 6.
2108 1904 2185 1960 De
2231 1905 2465 1974 fenestra
2494 1904 2655 1968 enim,
2682 1918 2710 1957 e
2747 1902 2905 1957 domo
2932 1919 3055 1966 sua,
3090 1903 3145 1955 in
3194 1902 3315 1971 pla-

1929 1996 2278 2065 prospiciens.
2326 1994 2499 2060 Quasi
2556 1994 2624 2049 de
2680 1992 2947 2058 fenestra,
3001 1991 3070 2047 de
3118 1992 3315 2061 aliqua

1803 2362 1973 2418 Vens.
2006 2363 2057 2415 7.
2093 2360 2155 2418 Si
2209 2377 2363 2432 quem
2413 2358 2554 2413 ridet
2583 2358 2984 2412 iuseusatorum
3007 2370 3318 2419 puerorum,

1738 2458 1983 2529 juvenem
2034 2454 2317 2526 prudentia
2366 2454 2699 2507 destitutum.
2744 2450 2801 2505 Si
2850 2452 2938 2505 cui
2986 2452 3316 2511 occurrerit,

78 2544 309 2640 βιούντων
323 2544 437 2640 ’τῆς
466 2544 749 2632 ἀπωλείας
774 2566 929 2633 υἰῶν,
956 2567 1023 2637 τῇ
1052 2564 1238 2636 ἡλικίᾳ
1265 2562 1513 2626 νεάζοντι
1538 2560 1635 2615 καί

1775 2548 2074 2604 ιεῐιίἰιὶοηίε
2103 2547 2339 2602 ﬁliorum
2374 2561 2483 2600 non
2522 2554 2672 2600 recte
2702 2544 3130 2607 ambulantium,
3158 2550 3321 2597 aetate

74 2664 175 2725 ταῖς
217 2662 409 2733 φρεσὶν
439 2662 651 2715 ἀτελεῖ.

134 2753 200 2823 η’.
224 2754 807 2822 Παραπορευόμενον
824 2749 971 2823 [cod.
990 2746 1188 2818 -οένη]
1216 2745 1375 2815 παρὰ
1426 2744 1646 2815 γωνίαν

1740 2642 1950 2712 juveni,
1980 2641 2269 2711 prudentia
2299 2653 2485 2709 parvo.

1808 2732 1975 2789 Vens.
2008 2735 2061 2789 8.
2130 2733 2512 2788 Tranaeuntem
2564 2728 2726 2798 juxta
2778 2727 3056 2797 angulum,
3129 2726 3183 2780 in
3224 2726 3323 2779 riis

79 2821 375 2909 ἐνδιόδοις
400 2844 581 2898 οἴκου
610 2821 948 2911 αὐτῆςίΜὴ
1003 2838 1280 2901 ίθυτενῶς,
1342 2835 1496 2908 παρὰ
1554 2834 1647 2888 τὸν

1775 2829 1933 2882 lamus
1964 2826 2101 2896 ejus.
2144 2824 2225 2896 (Si
2275 2824 2547 2892 occurrit)
2578 2823 2744 2877 alicui
2778 2821 3013 2876 ﬁliorum
3046 2835 3150 2878 non
3177 2830 3325 2874 recte

82 2935 213 3003 λόγον
240 2935 296 2989 δὲ
325 2936 427 3005 τῆς
467 2934 822 3004 ἀνθρωπίνης
851 2932 1067 3002 φύσεως
1101 2930 1193 2984 τὸν
1223 2930 1413 3001 ὥσπερ
1444 2927 1647 2997 γωνίαν

1775 2921 2145 2975 .mbulantium
2202 2918 2358 2987 juxta
2422 2929 2734 2971 sermonem
2795 2913 3047 2967 lutmana‘.
3092 2921 3326 2972 natune.

87 3029 389 3083 συναπτικδν
418 3028 527 3100 τῆς
552 3045 614 3081 τε
640 3027 839 3099 νοητῆς
870 3027 965 3079 καί
988 3026 1087 3096 τῆς
1120 3025 1385 3095 αἰσθητῆς
1410 3024 1646 3094 φύσεως,

1745 3012 2075 3083 jungentem-
2098 3008 2245 3063 inter
2296 3022 2356 3061 se
2380 3014 2641 3075 tanquam
2690 3002 2976 3073 angulum,
3024 3010 3083 3056 et
3117 3008 3325 3071 partem

87 3120 167 3191 τὴν
211 3122 411 3191 γνῶσιν
464 3092 581 3176 τῶν
626 3092 901 3193 αἰσθητῶν
944 3092 1078 3173 υἱῶν
1128 3092 1553 3190 διεξερχομενων
1587 3119 1647 3170 ὲν

1775 3102 2061 3173 .piritalem
2089 3106 2147 3154 et
2187 3109 2398 3169 partem
2429 3094 2800 3167 corporalem,
2842 3101 2897 3148 et
2945 3093 3113 3148 rebus
3147 3092 3330 3147 sensi-

87 3214 185 3276 ταίς
226 3214 531 3285 ἐνεργείαις
569 3216 691 3277 ταῖς
758 3212 899 3268 κατὰ
959 3213 1029 3266 τὰ
1079 3211 1447 3281 αἰσθητήρια·
1496 3210 1656 3264 ἀτινά

91 3304 181 3357 εἰσι
205 3305 337 3376 πρὸς
368 3306 441 3360 τὰ
472 3305 721 3378 αἰσθητὰ
749 3306 858 3359 ὁδοὶ
882 3304 993 3359 τῶν
1030 3304 1334 3374 αἰσθήσεων
1361 3321 1376 3336 ο
1432 3298 1523 3367 αἶς
1578 3304 1654 3367 ὡς

92 3393 140 3448 ἐν
156 3412 285 3452 τισιν
308 3398 484 3463 οἴκοις
515 3397 660 3470 αὕτη
695 3397 1046 3469 ἐνδιατρίϐει.

150 3576 206 3631 θ’.
238 3578 344 3633 Καὶ
371 3579 692 3635 λαλοῦντα
718 3579 788 3633 ἐν
827 3580 1033 3633 σκότει
1080 3575 1396 3648 ἐσπερινῷ.
1457 3579 1565 3632 Καὶ
1588 3569 1657 3645 ᾧ·

97 3683 185 3723 τινι
211 3670 640 3743 διαλογιζομένῳ
677 3672 733 3724 ὲν
752 3671 935 3724 σκότει
980 3671 1229 3738 ἀγνοίας,
1263 3670 1381 3740 μεθ’
1402 3670 1430 3723 ὃ
1454 3670 1520 3722 ἂν
1554 3669 1657 3722 ὑπὸ

102 3756 181 3829 τὴν
225 3761 405 3831 γήϊνον
468 3763 655 3831 σάρκα
692 3761 943 3832 κρυῦῶσι
994 3763 1136 3814 κατά
1166 3761 1265 3831 τὴν
1301 3760 1429 3831 περί
1457 3758 1659 3828 ταύτην

102 3848 262 3914 σχέσιν
294 3851 484 3917 αὐτοῦ,
520 3851 578 3905 αἱ
608 3850 997 3920 διαυγάζουσαι
1026 3849 1202 3921 τούτῳ
1234 3850 1333 3921 τὴν
1388 3849 1504 3903 ὁδὸν
1562 3849 1660 3920 τῆς

103 3936 419 4013 δικαιοσύνης
458 3943 605 3997 θεῖαι
632 3942 877 4009 ἐντολαὶ,
922 3942 1111 4013 ὥσπερ
1161 3942 1265 3996 ὑπὸ
1297 3942 1401 4012 γῆν
1445 3942 1661 4004 ἀκτῖνες

105 4028 321 4098 ἡλιακαί.

177 4120 364 4179 Ἠνίκα
418 4126 498 4181 ἂν
540 4126 775 4195 ἡσυχία
817 4122 1140 4194 νυκτερινὴ
1168 4120 1211 4196 ᾖ
1243 4122 1342 4177 καί
1376 4121 1658 4192 ζοφώδης.

119 4212 357 4285 Ὀπηνίκα
380 4221 457 4292 μὴ
484 4218 853 4287 διαλογίζεταί
888 4235 944 4271 τι
981 4216 1238 4287 χρηστὸν,
1267 4216 1335 4269 δι’
1389 4214 1663 4283 ἀγνωσίαν

115 4305 189 4356 καί
210 4308 462 4378 ἀορασίαν
492 4313 588 4365 τοῦ
633 4311 803 4373 ὅντως
831 4309 1023 4362 καλοῦ.

174 4402 219 4450 ι’.
250 4399 307 4454 Ἠ
336 4402 404 4455 δὲ
451 4402 612 4472 γυνὴ
663 4400 936 4467 συναντᾷ
988 4398 1168 4465 αὐτῷ,
1216 4395 1376 4465 εἶδος
1432 4399 1662 4467 ἔχουσα

1756 3194 1900 3248 libus
1944 3190 2282 3253 inhaerendo,
2344 3200 2605 3243 sensuum
2662 3182 2949 3239 scientiam
2995 3180 3327 3245 colentium;

1755 3302 1843 3341 res
1867 3286 2014 3340 enim
2071 3283 2308 3339 sensiles
2362 3289 2490 3336 sunt
2548 3277 2807 3333 sensibus
2853 3274 3103 3345 quaedam
3136 3275 3236 3329 vite
3263 3274 3331 3326 ad

1758 3378 2088 3448 voluptates,
2130 3376 2186 3429 in
2243 3372 2446 3445 quibus
2496 3370 2667 3426 veluti
2722 3370 2780 3424 in
2817 3368 3076 3424 domibus
3121 3366 3347 3427 habitat

1758 3468 1869 3521 illa.

1822 3557 1991 3614 Vsus.
2043 3556 2098 3612 9.
2152 3552 2222 3609 Et
2254 3555 2550 3625 loquentem
2597 3552 2653 3607 in
2702 3549 2947 3614 tenebris,
3003 3563 3231 3616 vespere.
3270 3546 3336 3600 lit

1758 3650 2011 3721 loquenti
2065 3651 2118 3703 in
2145 3648 2474 3718 ignorantiae
2518 3643 2784 3707 tenebris,
2833 3642 3038 3712 quibus
3078 3639 3337 3694 duranti-

1758 3742 1887 3803 bus,
1919 3740 2078 3810 quasi
2112 3739 2249 3793 radii
2283 3737 2498 3793 solares
2530 3735 2634 3790 sub
2675 3744 2845 3796 terra,
2880 3734 2953 3785 ita
2985 3730 3089 3786 sub
3119 3739 3337 3784 terrena

1759 3848 1950 3897 carne,
2004 3842 2229 3902 propter
2280 3828 2400 3897 ejus
2446 3830 2500 3882 in
2542 3842 2662 3881 eam
2695 3825 3069 3887 dilectionem,
3105 3821 3339 3875 abscon-

1761 3926 1969 3980 duutur
2028 3923 2215 3978 divina
2259 3929 2551 3992 praecepta,
2609 3919 2687 3973 illi
2741 3918 2886 3971 viam
2934 3914 3166 3985 justiti-.e
3209 3912 3341 3966 illu-

1760 4018 2010 4073 strantia.

1830 4109 2059 4179 Quando
2088 4106 2364 4162 silentium
2399 4102 2570 4158 noctis
2604 4111 2653 4156 et
2692 4099 2987 4155 obscuritas
3018 4096 3178 4151 venit.
3204 4092 3343 4151 Cum

1764 4203 1903 4259 nillil
1968 4201 2098 4256 boni
2147 4205 2295 4270 agat,
2335 4198 2407 4253 ob
2436 4194 2808 4267 ignorantiam
2861 4192 2975 4247 veri
3014 4189 3145 4245 boni
3192 4188 3342 4258 quod

1767 4311 1875 4352 non
1916 4294 2086 4348 videt.

1831 4386 2000 4442 Vrsas.
2032 4386 2120 4440 10.
2183 4382 2385 4437 Mulier
2409 4390 2537 4435 tunc
2572 4377 2808 4433 occurrit
2838 4376 2945 4441 illi,
3010 4374 3205 4444 [aciem
3247 4372 3343 4424 lm-

118 4496 396 4555 πορνικόν.
444 4465 512 4548 Ἣ
545 4465 772 4563 τοιαύτη
803 4465 1068 4561 ἐπιθυμία
1096 4491 1309 4561 ὑπαντᾷ
1344 4465 1521 4559 αὐτῷ,
1571 4491 1650 4560 ὁρ-

1775 4482 1891 4535 bens
1939 4478 2257 4533 meretricis.
2299 4474 2457 4529 Tunc
2521 4474 2612 4527 illa
2661 4469 2934 4538 cupiditas
2975 4466 3222 4521 occurrit
3256 4465 3347 4534 ju-

120 4580 266 4645 μῶντι
296 4585 430 4656 πρὸς
457 4586 629 4657 αὐτὴν
655 4585 798 4639 κατὰ
822 4584 1076 4655 γνώμην,
1107 4583 1325 4636 εἴδωλον
1338 4582 1667 4654 περιφέρου-

122 4684 179 4721 σα
206 4673 496 4747 ἁμαρτίας,
535 4682 601 4732 ὲκ
651 4679 746 4732 τοῦ
782 4678 973 4750 πόρρω
1022 4675 1210 4731 νεῦσαι
1253 4675 1348 4729 τοῦ
1394 4674 1669 4747 σώφρονος

118 4758 369 4835 λογισμοῦ.

182 4859 247 4913 Ἦ
294 4867 450 4918 ποιεῖ
480 4864 636 4919 νέων
670 4864 1025 4928 ἐξίπτασθαι
1064 4858 1333 4926 καρδίας.
1366 4858 1527 4920 ’Ἥτις
1548 4858 1670 4910 ἐπι-

122 4944 267 5017 θυμία
301 4955 707 5025 παρασκευάζει
742 4954 841 5026 μὲν
865 4954 966 5016 τὰς
1009 4950 1245 5014 διανοίας
1299 4958 1408 5003 τῶν
1445 4951 1519 5020 μὴ
1578 4950 1668 5019 βε“

123 5037 341 5107 δηκὰτων
387 5050 486 5112 τὰς
542 5048 768 5119 φρένας,
825 5046 989 5112 ὀξέως
1030 5042 1293 5114 φέρεσθαι
1315 5041 1451 5112 πρὸς
1485 5042 1668 5112 ἀμφ’

122 5130 242 5195 τίας.

186 5232 266 5279 ια’.
310 5229 794 5301 Ἀναπτερωμένη
818 5226 885 5282 δέ
913 5228 1045 5281 ἐστι
1069 5226 1165 5280 καί
1195 5225 1447 5291 ἄσωτος.
1465 5223 1672 5293 ’Υπάρ-

128 5326 199 5378 χει
220 5314 268 5368 δὲ
297 5321 424 5390 πρὸς
455 5326 551 5395 μὲν
586 5322 791 5391 ταύτην
820 5318 1060 5388 ὀργῶσα,
1093 5317 1191 5372 τοῦ
1234 5317 1291 5371 δὲ
1331 5316 1473 5369 κατά
1493 5313 1671 5385 ψυχὴν

131 5402 330 5462 πλούτου
360 5414 720 5485 δαπανητική.

199 5494 284 5549 Ἐν
310 5502 447 5569 οικφ
476 5506 543 5559 δὲ
572 5508 685 5573 οὐχ
708 5500 1124 5573 ἡσυχάζουσιν
1158 5500 1213 5554 oi
1252 5497 1431 5564 πόδες
1460 5497 1670 5565 αὐτῆς.

142 5580 216 5636 Ἐν
246 5583 346 5662 ᾗδὲ
368 5596 439 5659 ὡς
467 5599 522 5651 ὲν
558 5598 696 5666 οἴκῳ
752 5596 857 5648 τινί
885 5593 1147 5665 διατρίϐει
1189 5589 1459 5660 αἰσθήσει,
1489 5590 1549 5642 οὐ
1579 5590 1673 5659 μέ-

137 5686 288 5731 νουσιν
309 5685 358 5736 αἰ
393 5690 628 5758 κινήσεις
658 5686 825 5755 αὐτῆς
848 5684 1199 5756 ἀμετάὁατοι.

196 5764 269 5832 ιβ’·
300 5772 516 5841 Χρόνον
544 5778 653 5851 γάρ
684 5796 813 5833 τινα
865 5777 981 5842 ἔξω
1030 5773 1328 5845 ῥέμϐεται.
1381 5772 1515 5827 ﬂori
1575 5772 1671 5842 μὲν

1765 4570 1917 4635 veni,
1970 4586 2034 4623 ex
2079 4568 2246 4622 corde
2284 4563 2619 4628 accurrenti,
2657 4560 2842 4615 ferens
2877 4557 3070 4613 faciem
3108 4558 3341 4626 peccati,

1768 4676 1834 4716 ex
1866 4674 1935 4715 eo
1961 4658 2111 4729 quod
2142 4658 2305 4728 longe
2332 4657 2454 4710 ierit
2483 4670 2513 4709 a
2538 4660 2691 4708 recto
2726 4664 2998 4706 sermone.

1842 4846 1972 4902 ch
2016 4847 2145 4914 facit
2186 4845 2405 4915 juvenes
2437 4842 2652 4897 avolarc
2696 4858 2728 4894 a
2759 4840 2936 4895 corde.
2981 4838 3107 4894 Hac
3129 4838 3343 4909 cupitli-

1772 4952 1855 4996 tas
1910 4947 2122 4994 meutes
2171 4954 2362 4994 eorum
2418 4936 2514 5006 qui
2565 4933 2852 5005 prudentia
2891 4946 3000 4987 non
3061 4930 3355 4985 (irritantur

1772 5028 2044 5099 disponit,
2080 5038 2139 5081 ut
2174 5034 2423 5097 prompte
2470 5025 2536 5080 ad
2567 5034 2793 5095 peccata
2825 5028 3203 5093 prorumpunt.

1842 5227 2013 5283 VERS.
2048 5227 2137 5281 Η.
2176 5226 2436 5281 Animata
2471 5234 2522 5280 et
2553 5224 2822 5290 dissipata
2859 5231 2959 5278 est.
2994 5219 3158 5274 Venit
3191 5220 3255 5274 ad
3287 5221 3322 5273 il

1774 5325 1886 5379 lum
1927 5320 2209 5394 pruriens,
2231 5319 2564 5391 spiritalium
2598 5317 2916 5373 divitiarum
2954 5314 3273 5384 dissipator.

1848 5499 1914 5553 In
1943 5498 2102 5554 domo
2133 5515 2237 5553 non
2273 5508 2417 5552 stant
2440 5496 2593 5566 pedes
2627 5495 2764 5565 ejus.
2788 5492 2847 5548 ln
2880 5502 3032 5563 parle
3061 5491 3346 5552 sensitiva,

1776 5590 1831 5645 in
1860 5605 1968 5661 qua
2005 5591 2175 5646 veluti
2203 5590 2367 5645 domo
2393 5589 2625 5654 habitat,
2668 5586 2963 5642 immobilis
2988 5600 3093 5641 non
3128 5592 3352 5639 manent

1779 5681 1944 5752 pedes
1975 5682 2119 5752 ejus.

1854 5772 2022 5831 Vnus.
2088 5774 2171 5828 l2.
2230 5773 2334 5829 Per
2366 5771 2582 5845 aliquod
2630 5780 2828 5842 tempus
2859 5770 3005 5843 [oras
3031 5768 3349 5825 errabunda.
