4034 6508
606 324 740 390 1283
1932 314 2199 376 PROCOI

2232 313 2288 374 ΙΙ
2327 309 2573 375 GAZIEI
3716 313 3825 376 1284

613 432 760 488 ιὐηο
783 433 928 488 enim
964 444 1060 501 per
1085 425 1344 497 spiritum
1380 431 1533 479 errat
1571 422 1629 479 in
1662 421 1733 480 iis
1757 437 1879 494 qua:
1910 422 2047 476 foris
2089 437 2185 490 ap-

2231 427 2258 480 i.
2289 422 2398 491 γὰρ
2441 422 2502 475 ὲν
2551 421 2665 480 τοῖς
2719 420 3067 490 φαινομένοις
3118 417 3513 488 περιπλανᾶται
3562 418 3691 473 κατὰ
3731 421 3824 472 δια-

603 533 819 597 parent.

2293 530 2466 566 νοιαν.
2957 553 2960 557 ·

675 617 782 670 Per
810 625 1017 680 tempus
1074 611 1128 665 in
1157 608 1349 680 plateis
1386 606 1550 677 juxta
1581 622 1789 661 omnem
1817 604 2071 675 angulum
2106 601 2186 655 in-

2360 607 2594 673 Χρόνον
2623 603 2690 658 δὲ
2733 618 2805 658 εν
2841 605 3154 669 πλατείαις
3184 605 3342 671 παρά
3397 602 3598 670 πάσας
3647 606 3831 674 γωνίας

603 707 773 762 sidias
814 712 994 774 parat.
1028 700 1185 757 Tunc
1221 701 1277 755 in
1303 699 1434 755 latis
1466 706 1822 770 peccatorum
1855 697 1984 763 viis,
2020 697 2179 752 dere-

2290 697 2607 766 ἑνεδρεύει.
2663 697 2800 750 Ποτὲ
2855 697 2914 750 δὲ
2970 698 3027 750 ὲν
3080 700 3199 761 ταῖς
3247 697 3579 767 εύρυχὼροις
3606 697 3730 758 ὁδοῖς
3752 699 3832 766 τῆς

605 800 860 868 linquens
914 810 1134 852 omnem
1184 807 1498 850 sermonem
1564 791 1657 860 qui
1709 789 1910 845 similis
1958 787 2184 858 angulo,

2291 785 2590 856 ἁμαρτίας,
2623 785 2774 856 παρά
2802 785 2980 838 πάντα
3009 785 3190 854 λόγον,
3251 785 3344 838 τὸν
3392 785 3534 837 κατὰ
3585 785 3676 855 τὴν
3725 788 3832 839 ἑκά-

604 889 910 944 secundum
963 886 1404 954 uniuscujusque
1456 882 1534 937 rei
1570 880 1956 935 rationabilem
2001 893 2185 942 usum,

2296 894 2422 930 στου
2455 877 2784 948 πράγματος
2814 875 3033 946 εύλογον
3061 878 3280 949 χρῆσιν,
3321 878 3482 947 δίκην
3513 879 3704 946 γωνίας
3728 897 3831 932 συν-

603 995 726 1050 qua:
755 979 1014 1034 videntur
1037 977 1222 1048 jungit
1251 975 1319 1030 ad
1350 989 1414 1030 ea
1451 988 1572 1044 quae
1602 972 1803 1042 spiritu
1832 969 2188 1040 conspiciun-

2292 970 2539 1024 δεκτικὸν
2593 969 2686 1022 τοῦ
2740 970 3067 1042 φαινομένου
3113 970 3251 1041 πρὸς
3306 970 3366 1023 τὸ
3415 971 3711 1040 νοούμενον,
3756 971 3833 1024 λα-

604 1083 719 1136 tur,
751 1073 892 1126 clam
951 1070 1300 1139 voluptatum
1350 1065 1631 1121 illecebris
1663 1062 1959 1118 insidiatur
1989 1061 2186 1116 adver-

2296 1063 2497 1134 θραίως
2533 1063 2613 1135 τῷ
2657 1063 2786 1135 λείῳ
2807 1063 2905 1134 τῆς
2949 1063 3146 1136 ἡδονῆς
3193 1062 3539 1116 ἐπιϐουλεύει
3591 1065 3705 1126 ταῖς
3746 1065 3833 1116 τῶν

603 1177 702 1218 sus
736 1162 1148 1214 inseusatorum
1188 1159 1425 1212 animas.

1191 1159 1425 1212 animas;
2295 1156 2543 1226 ἀςρρόνων
2565 1155 2784 1226 ψυχαῖς.

676 1254 843 1310 Vrsas.
878 1255 964 1308 15.
1000 1251 1203 1308 Deinde
1247 1254 1459 1320 capiens
1507 1250 1660 1304 illum
1687 1257 1859 1303 autat.
1894 1245 2026 1302 Post
2049 1246 2186 1313 haec,

2370 1255 2457 1318 ιγ’.
2494 1245 2638 1303 Εἶτα
2691 1249 3096 1318 ἐπιλαϐομένη
3130 1248 3430 1318 ἐφίλησεν
3471 1249 3672 1302 αὐτόν.
3713 1248 3838 1301 Μετὰ

605 1347 757 1403 illum
791 1347 1048 1417 d:|igens,
1080 1345 1319 1398 amicum
1349 1343 1454 1398 sibi
1491 1349 1734 1413 separat.

2295 1342 2468 1396 ταῦτα
2520 1342 2576 1395 δὲ
2623 1340 2974 1412 κατασχοῦσα.
3021 1341 3215 1395 τοῦτον
3252 1341 3371 1394 καθ’
3410 1339 3546 1405 ἕξιν,
3603 1340 3837 1411 προσψιλῆ

2288 1436 2463 1505 ,ἑαυτῇ
2489 1434 2884 1502 ἀπειργάσατο.

673 1523 978 1593 Impudenti
1022 1522 1180 1592 facie,
1263 1522 1402 1576 dixit
1466 1521 1568 1576 illi.
1627 1519 1981 1592 [inpudenter
2024 1535 2193 1590 agens

2369 1526 2624 1581 Ἀναιδεῖ
2672 1525 2739 1579 δὲ
2787 1523 3084 1593 προσώπῳ
3134 1524 3465 1592 προσεῖπεν
3508 1521 3685 1587 αὐτῷ.
3747 1525 3841 1578 ’Δνο

603 1633 728 1672 cum
764 1617 880 1681 illo,
914 1615 1045 1670 talia
1071 1615 1448 1684 colloquitur:

2301 1619 2609 1682 υποστόλως
2635 1619 2692 1671 δὲ
2724 1618 3112 1690 προσωμίλησε
3141 1618 3316 1688 τούτῳ
3341 1634 3355 1648 ο
3377 1617 3504 1671 τάδε
3525 1617 3684 1670 οἱονεὶ
3702 1634 3839 1686 προο-

2299 1709 2654 1780 διαλεξαμένη
2681 1710 2850 1780 αὐτῷ’

674 1799 843 1858 Vens.
896 1801 981 1856 14.
1051 1798 1282 1852 Victima
1314 1797 1544 1867 paciﬁca
1582 1806 1662 1852 est
1706 1795 1857 1849 mihi.
1887 1793 2092 1850 Blande
2122 1801 2186 1848 ad
2222 1785 2267 1847 Β

2251 1788 2268 1845 ι
2368 1802 2448 1855 ιδ’.
2478 1803 2670 1856 Θυσία
2698 1799 2966 1871 εἰρηνική
2999 1818 3098 1869 μοι
3123 1800 3276 1854 ἐστι.
3303 1801 3649 1873 Προσαγωγὴ
3689 1801 3844 1853 καταλ-

605 1893 932 1964 temporalia
973 1892 1347 1947 reconcilians
1379 1905 1476 1945 eos
1507 1892 1602 1960 qui
1641 1904 1741 1960 pro
1777 1889 1974 1943 mortis
2004 1887 2194 1942 dolore

2295 1895 2567 1949 λάττουσα
2599 1895 2738 1965 πρὸς
2766 1899 2834 1949 τὰ
2860 1897 3108 1966 παρόντα
3154 1894 3290 1956 τοὺς
3322 1893 3408 1945 διὰ
3458 1893 3557 1962 τὴν
3592 1891 3726 1944 κατὰ
3769 1893 3843 1959 τὴν

607 1987 677 2042 ad
706 1988 796 2041 illa
855 1987 1042 2040 odium
1097 1985 1327 2049 habent,
1378 1985 1532 2038 venit
1574 1983 1803 2038 omnino
1850 1981 1920 2037 ad
1951 1973 2059 2048 me,
2100 1981 2193 2036 illa

2296 1989 2500 2061 φθορὰν
2543 1987 2736 2060 ὀδύνην
2783 1987 3038 2059 ἀπεχθῶς
3087 1986 3222 2058 πρὸς
3260 1984 3431 2038 ταῦτα
3475 1984 3841 2053 διακειμένους,

605 2096 728 2151 quae
755 2097 784 2135 a
817 2080 1095 2152 principio
1120 2077 1368 2144 exsistit,
1403 2077 1685 2148 voluptas.

2296 2082 2532 2153 ὑπάρχει
2587 2084 2720 2152 παρ’
2758 2080 2883 2153 ἐμοὶ
2937 2080 3160 2143 πάντως
3224 2079 3258 2150 ἡ
3308 2078 3454 2132 κατὰ
3505 2077 3606 2148 τὴν
3661 2077 3842 2146 γένεσιν

2334 2174 2483 2227 δονή.

675 2254 855 2310 Hodie
883 2255 1095 2326 eﬁundo
1133 2271 1312 2324 preces
1339 2270 1506 2310 meas.
1541 2252 1728 2311 Firmo
1768 2255 1916 2310 bono
1953 2254 2010 2309 in
2047 2253 2196 2309 futu-

2299 2175 2638 2335 ἡδέτξρερον
2677 2261 3009 2336 ἀποδίδωμι
3063 2259 3171 2328 τὰς
3224 2257 3411 2327 εὐχάς
3439 2277 3581 2329 μου.
3603 2253 3846 2311 Most-toil

605 2364 727 2402 rum
773 2347 880 2402 frui
941 2348 1293 2417 desiderans,
1338 2345 1488 2418 quod
1535 2346 1671 2401 mihi
1719 2345 2024 2402 secundum
2057 2354 2196 2402 tem-

2297 2357 2502 2430 κυρίως
2530 2357 2736 2426 ἀγαθοῦ
2769 2357 2911 2412 κατά
2937 2356 2998 2409 τὸ
3028 2355 3220 2426 μέλλον
3263 2351 3563 2408 ἀπολαύειν
3591 2349 3845 2419 ιφιεμένη,

605 2456 709 2510 pus
738 2455 980 2512 praesens
1011 2439 1227 2494 videtur
1259 2440 1394 2494 mihi
1434 2439 1660 2505 bonum,
1697 2440 2032 2496 naturaliter
2067 2454 2194 2511 per-

2296 2451 2438 2504 κατά
2463 2451 2523 2504 τὸ
2578 2449 2753 2522 παρὸν
2794 2451 2856 2502 τὸ
2880 2449 3099 2521 δοκήσει
3151 2464 3242 2518 μοι
3277 2445 3504 2515 ἀγαθὸν,
3544 2442 3694 2514 παρά
3715 2441 3847 2512 φύσιν

605 2532 734 2587 licio
770 2533 1133 2589 sententiose.

2297 2541 2590 2613 γνωμικῶς
2612 2542 2837 2596 ὲκτελῶ.

680 2622 843 2679 Vsus.
897 2624 986 2679 15.
1045 2622 1270 2693 Propter
1315 2623 1454 2695 quod
1490 2623 1604 2679 veni
1634 2623 1688 2678 in
1737 2639 2019 2679 occursum
2076 2623 2194 2677 tibi.

2368 2640 2450 2688 ιε’.
2484 2633 2710 2688 Ἕνεκα
2756 2632 2994 2694 τούτου,
3049 2629 3317 2697 ἐξῆλθον
3369 2630 3456 2694 εὶς
3497 2626 3848 2693 συνάντησιν

606 2713 784 2784 llujus
836 2716 1057 2784 gratia,
1115 2715 1517 2771 intellectualis
1575 2716 2011 2786 derelinquens,
2068 2716 2196 2771 veni

2297 2741 2434 2780 σου.
2470 2725 2676 2778 Τούτου
2717 2725 2879 2796 χάριν
2931 2722 3310 2791 καταλείψασα
3350 2723 3420 2776 τά
3459 2721 3741 2792 νοούμενα,
3779 2720 3848 2784 ἑξ-

607 2810 674 2862 ad
721 2807 972 2877 sensilia,
1021 2807 1124 2864 tibi
1153 2822 1461 2865 occurrens
1488 2810 1587 2881 qui
1617 2810 1688 2866 ob
1720 2810 2048 2881 praesentia,
2093 2825 2193 2865 ne-

2297 2818 2460 2888 ἦλθον
2490 2819 2627 2888 πρὸς
2651 2819 2716 2871 τὰ
2736 2818 3054 2886 φαινόμενα,
3083 2815 3394 2887 ὑπαντῆσαι
3419 2832 3499 2867 σοι
3527 2814 3604 2885 τῷ
3633 2813 3849 2881 κατολιγ-

606 2899 770 2972 gligis
802 2898 1010 2954 futura.

2297 2909 2528 2982 ωροῦντι
2562 2909 2669 2963 τῶν
2706 2908 3006 2979 μελλόντων
3038 2907 3125 2960 διὰ
3154 2906 3225 2960 τά
3256 2905 3548 2960 ἐνεστῶτα.

677 2994 1004 3048 Desiderans
1069 2993 1262 3063 faciem
1311 3002 1488 3060 luam,
1538 3004 1588 3050 te
1634 2993 1828 3049 inueni.
1864 2993 2196 3051 Desiderans

2369 2999 2650 3056 Ιιοθοῦσα
2673 3000 2740 3054 τὸ
2762 3000 2880 3054 σὸν
2893 3001 3238 3068 πρόσωπον,
3263 2997 3490 3066 εὕρηκὰ
3515 3013 3608 3052 σε.
3635 2996 3850 3066 Ζητοῦσὰ

608 3097 664 3144 te
692 3089 786 3158 qui
815 3087 873 3142 in
901 3087 1089 3143 anima
1120 3086 1328 3143 futuris
1374 3087 1669 3160 praesentia
1696 3086 1949 3159 praefers,
1980 3089 2106 3144 veni
2138 3090 2194 3144 in

2257 3135 2264 3155 .
2301 3109 2360 3145 σε
2390 3092 2480 3146 τὸν
2511 3091 2655 3146 κατὰ
2723 3092 2950 3163 γνώμην
3007 3091 3077 3144 τὰ
3129 3092 3376 3162 παρόντα
3425 3089 3536 3143 τῶν
3585 3089 3850 3161 μελλόντων

2257 3166 2266 3191 Ι
2548 3182 2560 3192 .
2791 3184 2802 3192 .
2860 3185 2870 3192 .
2993 3182 3005 3192 .

607 3197 908 3240 occursum
943 3183 1070 3239 tibi.

2227 3182 2266 3192 “
2302 3182 2754 3256 προαιρούμενον,
2787 3182 3038 3252 ἐνέτυχόν
3076 3198 3177 3234 σοι.

681 3275 852 3334 Vens.
916 3275 1004 3333 16.
1065 3275 1408 3332 Ornamentis
1463 3274 1630 3329 stravi
1691 3274 1948 3329 lectulum
2000 3291 2197 3329 meum.

2377 3275 2471 3342 ις’.
2509 3276 2770 3344 Κειρίαις
2801 3275 3021 3330 τέτακα
3050 3273 3164 3342 τὴν
3209 3276 3429 3341 κλίνην
3455 3291 3594 3343 μου.
3624 3273 3747 3336 Ταῖς
3770 3271 3848 3341 ψυ-

613 3371 878 3427 Dulcibus
905 3371 1130 3425 funibus
1174 3384 1398 3423 carnem
1445 3367 1686 3437 alligavi,
1733 3375 1792 3422 ut
1821 3368 1914 3421 illa
1947 3369 2108 3438 quasi
2144 3369 2200 3421 in

2301 3372 2482 3442 χικαίς
2536 3371 2756 3441 σχέσεσι
2804 3369 2903 3441 τὴν
2958 3371 3137 3438 σάρκα
3179 3369 3588 3438 κατεδέσμησα,
3624 3366 3753 3419 ὥστε
3797 3381 3848 3435 με

609 3461 775 3528 lecto,
814 3461 986 3515 variis
1015 3461 1360 3529 voluptatum
1399 3457 1616 3529 gaudiis
1648 3457 1926 3529 perfruar.

2299 3463 2472 3536 ταύτῃ
2505 3465 2629 3526 ταῖς
2662 3461 3102 3532 ποικιλοτρόποις
3122 3462 3232 3515 τῶν
3266 3461 3475 3532 ἡδονῶν
3495 3459 3847 3522 ἀπολαύσεσιν,

2299 3550 2388 3610 οἷά
2409 3571 2515 3608 τινι
2543 3554 2701 3627 κλίνῃ
2723 3553 3196 3608 ἐπαναπαύεσθαι.

684 3646 971 3716 Tapetibus
1021 3661 1089 3701 ex
1123 3644 1362 3717 /Egyplo
1409 3646 1595 3699 stravi.
1649 3644 1931 3700 lllecebris
1971 3659 2038 3699 ex
2076 3660 2200 3713 pec-

2383 3640 2772 3712 Ἀμςοιτάποις
2830 3641 2898 3696 δὲ
2948 3643 3228 3711 ἕστρωσα
3269 3641 3394 3709 τοῖς
3429 3641 3532 3696 ἀπ’
3560 3640 3848 3710 Αίγύπτου.

608 3750 734 3793 cato
779 3739 1079 3809 voluptatis
1131 3752 1352 3793 carnem
1413 3737 1627 3806 paravi,
1687 3737 1962 3806 repellens
2018 3752 2048 3790 a
2113 3752 2200 3792 me

2300 3735 2437 3797 Ταῖς
2467 3734 2526 3786 δὲ
2575 3735 2638 3785 ἐκ
2669 3737 2770 3803 τῆς
2792 3734 3070 3804 ἁμαρτίας
3098 3734 3347 3804 λειότησι
3393 3736 3493 3804 τῆς
3520 3733 3728 3804 ἡδονῆς,
3751 3731 3845 3784 ταύ

611 3830 955 3900 gravitatem,
1015 3828 1168 3883 illius
1225 3843 1346 3897 qua:
1392 3829 1700 3883 secundum
1736 3826 1903 3883 Deum
1935 3833 2018 3882 est
2050 3830 2193 3882 vitae.

2299 3845 2399 3898 την
2441 3827 2750 3897 ὴτοίμασα,
2782 3825 2842 3878 τὸ
2877 3827 3052 3898 τραχὺ
3099 3825 3190 3880 τοῦ
3233 3829 3378 3881 κατά
3410 3827 3546 3880 θεὸν
3587 3827 3698 3896 βίου
3735 3841 3847 3894 παρα

2299 3920 2580 3991 ωσαμένη.

685 4002 852 4061 Vsus.
878 4005 965 4059 l7.
995 4005 1215 4076 Δέρετεὶ
1265 4006 1458 4061 lectum
1489 4023 1669 4076 croco,
1701 4017 1752 4062 et
1784 4008 2001 4064 domum
2029 4026 2197 4064 meam

2373 4015 2458 4079 ιζ’.
2490 4013 2824 4084 Διέῤῥαγκα
2892 4015 3008 4079 τὴν
3039 4016 3249 4082 κοίτην
3280 4031 3401 4083 μου
3442 4016 3654 4083 κρόκῳ,
3689 4014 3780 4068 τὸν
3796 4012 3849 4065 δὲ

605 4099 970 4152 cinnamomo.
1000 4097 1236 4153 Carnem
1275 4101 1329 4154 in
1365 4116 1475 4171 qua
1539 4112 1600 4155 ut
1635 4101 1688 4155 in
1744 4105 1975 4173 grabato
2002 4119 2098 4174 per
2129 4104 2198 4158 li-

2299 4101 2470 4159 οἷκον
2494 4123 2614 4176 μου
2649 4105 2983 4175 κιναμώμῳ.
3020 4108 3374 4176 Κατέρῤανον
3409 4106 3508 4176 τὴν
3542 4107 3641 4178 μὲν
3682 4106 3845 4176 σάρκα.

613 4191 856 4245 ὶιιιιίηθιιι
915 4190 1126 4256 habito,
1189 4193 1403 4261 aspersi
1455 4193 1738 4264 voluptate
1785 4197 2023 4260 carnali,
2079 4206 2196 4250 tan-

2298 4193 2416 4272 ἐνῇ
2462 4198 2538 4260 ὡς
2585 4198 2644 4250 ὲν
2675 4198 2938 4268 κραϐάτῳ
2995 4196 3417 4261 ἀπολαυστικῶς
3467 4199 3844 4266 ἀναπέπαυμαι,

611 4297 778 4351 quam
811 4294 1000 4348 croco,
1038 4296 1162 4350 quae
1193 4283 1434 4337 animam
1479 4287 1602 4339 sine
1634 4286 1794 4340 modo
1825 4288 2042 4355 titillet;
2071 4303 2198 4358 par-

2299 4291 2364 4359 τῇ
2392 4288 2594 4358 κρόκου
2633 4287 2792 4358 δίκην
2822 4288 3077 4358 ἀμέτρως
3109 4287 3399 4360 διαχεούσῃ
3430 4288 3528 4359 τὴν
3554 4288 3724 4360 ψυχὴν
3742 4290 3848 4341 ἀπο·

609 4388 722 4428 tem
770 4382 952 4428 autem
1002 4372 1348 4441 sensitivam,
1403 4377 1458 4430 in
1483 4393 1591 4448 qua
1641 4387 1901 4449 tanquam
1931 4382 1984 4434 in
2032 4383 2198 4438 domo

2299 4380 2488 4434 λαύσει
2532 4379 2642 4433 τῶν
2697 4380 2934 4432 ύλικῶν·
2987 4382 3087 4450 τὴν
3129 4379 3186 4433 δὲ
3235 4381 3512 4452 αἴσθησιν,
3547 4378 3668 4454 ὲνῇ
3711 4381 3777 4443 ὠς
3806 4381 3847 4430 ἐν

607 4482 894 4534 remaneo,
932 4469 1092 4538 quasi
1125 4468 1477 4525 ciuuamomo
1519 4473 1733 4541 aspersi
1764 4474 2034 4531 electione
2064 4491 2188 4530 sen-

2254 4473 2405 4526 ltm
2442 4472 2746 4543 παραμένω
2792 4473 3134 4544 οἰκητηρίῳ,
3193 4476 3257 4544 τῇ
3307 4469 3505 4546 οἷάπερ
3564 4475 3847 4545 κινάμωμον

605 4559 822 4624 silium,
890 4575 1014 4630 quae
1073 4559 1347 4630 voluptate
1418 4563 1782 4632 permulcent,
1851 4573 1902 4620 et
2008 4567 2196 4622 dolore

2303 4565 2574 4638 ἡδυνούσῃ
2614 4564 2736 4618 καθ’
2772 4564 3002 4635 ἡδονὴν,
3059 4567 3152 4618 καὶ
3196 4565 3468 4640 δακνούσῃ
3527 4569 3647 4621 κατ’
3688 4567 3847 4636 ὀδύνην

609 4658 866 4720 pungunt
895 4667 910 4707 :
954 4651 1148 4707 ambas
1193 4653 1430 4724 aspersi,
1463 4665 1517 4710 et
1545 4656 1806 4711 sordibus
1840 4665 2192 4727 peccatorum

2303 4657 2570 4727 διακρίσει
2593 4658 2700 4710 τῶν
2725 4657 2998 4727 αἰσθητῶν
3027 4675 3042 4690 ·
3083 4659 3422 4730 κατέῤῥανον
3457 4661 3512 4712 δὲ
3533 4661 3748 4724 ταύτας,
3774 4657 3849 4711 τοῦ

607 4741 844 4810 l‘cplcvi.

2303 4751 2369 4803 ὲκ
2386 4750 2481 4819 τῆς
2505 4750 2777 4820 ἁμαρτίας
2817 4748 3119 4820 μολυσμοῦ,
3175 4751 3271 4804 καὶ
3312 4751 3637 4823 ἀμφοτέρας
3663 4746 3850 4821 πληρώ-

2305 4859 2467 4898 σασα.

683 4917 852 4974 Vsns.
904 4919 992 4975 18.
1061 4919 1188 4974 Veni
1259 4931 1308 4976 et
1364 4921 1607 4990 fruemur
1675 4926 1947 4980 amoribus
2029 4943 2192 4996 usque

2376 4932 2464 5005 ιη’.
2497 4934 2670 4990 Ἑλθὲ
2699 4934 2795 4988 καὶ
2817 4935 3260 5004 ἀπολαύσωμεν
3279 4940 3488 5005 φιλίας
3515 4939 3625 5006 ἕως
3648 4940 3848 5008 ὄρθρον.

608 5025 789 5062 triane.
841 5009 971 5063 chi
1025 5026 1265 5073 mecum,
1312 5021 1367 5065 et
1419 5013 1722 5068 sententias
1786 5015 2193 5071 irrationabiles

2303 5027 2624 5097 Παραγενοῦ
2691 5028 2905 5093 λοιπὸν,
2945 5029 3041 5082 καὶ
3089 5029 3199 5082 τῶν
3233 5029 3325 5082 διὰ
3359 5032 3522 5097 δόξαν
3559 5033 3742 5101 ἄλογον
3775 5049 3851 5084 πο·

606 5100 893 5170 sequeudo
954 5102 1117 5156 simul
1178 5099 1434 5156 fruamur
1468 5105 1776 5170 amoribus,
1809 5105 1983 5160 donet:
2039 5108 2192 5160 luce-

2302 5114 2580 5183 θουμένων
2602 5117 2735 5185 ἡμῖν
2759 5115 3280 5187 συναπολαύσωμεν,
3307 5119 3414 5184 ἕως
3454 5121 3522 5174 ἂν
3549 5123 3612 5175 τὸ
3641 5099 3749 5190 φῶς
3775 5121 3846 5174 τοῦ

607 5203 732 5249 srat
761 5196 815 5249 in
852 5193 1012 5249 nobis
1045 5193 1134 5247 lux
1171 5194 1398 5263 iustitia:
1429 5196 1588 5260 solis,
1623 5209 1678 5252 et
1706 5199 1963 5254 ostendat
1995 5243 2010 5265 ,
2043 5199 2190 5270 quod

2300 5209 2401 5276 τῆς
2447 5205 2800 5276 δικαιοσύνης
2840 5207 3021 5261 Ἡλίου
3053 5211 3111 5262 ὲν
3147 5211 3280 5279 ἡμῖν
3307 5211 3624 5283 διαυγάσειε
3650 5228 3665 5243 ⁶
3692 5217 3776 5267 καὶ
3805 5214 3848 5262 τὸ

602 5286 936 5359 ignorantiae
966 5286 1223 5342 tenebras
1253 5285 1426 5356 fugat,
1462 5303 1649 5342 verum
1680 5289 1906 5344 bonum.

2300 5297 2401 5366 τῆς
2433 5297 2659 5366 ἀγνοίας
2716 5299 2906 5363 σκότος
2948 5300 3332 5366 διασκεδάσειν,
3391 5305 3452 5357 τὸ
3504 5306 3671 5370 ὅντως
3713 5307 3847 5360 καλὲ-ι

2302 5389 2653 5457 ύποδείξειεν.

689 5461 840 5530 Veni,
870 5463 1195 5517 exsultemur
1220 5463 1687 5534 amoribus.Veni,
1722 5477 1776 5521 et
1807 5470 2191 5546 temporalium

2371 5481 2554 5549 Δεῦρο
2576 5482 2672 5535 καὶ
2731 5482 3185 5554 ἐγκυλισθῶμεν
3215 5489 3405 5555 ἔρωτι.
3451 5488 3621 5554 Ἑλθὲ,
3671 5490 3754 5544 καὶ
3788 5485 3847 5554 τῷ

605 5571 791 5612 rerum
841 5556 1234 5626 cupiditatibus
1291 5557 1622 5622 serviamus,
1676 5558 1730 5612 in
1766 5560 2030 5629 operibus
2091 5553 2189 5615 uo-

2300 5572 2407 5624 τῶν
2456 5573 2810 5645 προσκαίρων
2866 5576 3018 5646 πόθῳ
3070 5553 3568 5650 καταχρανθῶμεν,
3613 5584 3676 5653 τῇ
3731 5553 3842 5634 κατά

605 5649 744 5703 stris
769 5662 958 5701 earum
996 5648 1375 5718 voluptatibus
1407 5666 1510 5706 nos
1542 5651 1906 5708 maculantes.

1858 5668 1906 5708 s.
2302 5663 2500 5733 πρᾶξιν
2531 5664 2825 5720 ἀπολαύσει
2853 5666 3034 5719 αὐτῶν
3073 5669 3451 5739 μολυνόμενοι.

684 5739 846 5796 νεεδ.
911 5740 994 5797 19.
1024 5743 1180 5797 Abest
1234 5744 1312 5798 vir
1348 5760 1489 5799 meus
1535 5761 1562 5799 e
1604 5743 1782 5800 donio.
1839 5746 2007 5802 Abest
2038 5749 2184 5802 cnim

2371 5755 2457 5807 ιθ’.
2511 5758 2593 5810 Οὐ
2647 5758 2753 5827 γὰρ
2803 5759 3095 5828 πάρεστιν
3139 5765 3172 5815 ό
3209 5763 3368 5831 ἀνήρ
3409 5781 3533 5834 μου
3593 5766 3660 5820 ἐν
3700 5764 3833 5832 ρικῳ.
