  <div class='ocr_page' id='page_1' title='image "/cluster/home/n/w/nwhite01/storage/ocr_20150623/87:1/hvd.32044020319117/650.png"; bbox 0 0 4034 6498; ppageno 0'>
   <div class='ocr_carea' id='block_1_1' title="bbox 145 318 276 384">
    <p class='ocr_par' dir='ltr' id='par_1_1' title="bbox 145 318 276 384">
     <span class='ocr_line' id='line_1_1' title="bbox 145 318 276 384; baseline 0.008 -1"><span class='ocrx_word' id='word_1_1' title='bbox 145 318 276 384; x_wconf 76' lang='grc'>1285</span> 
     </span>
    </p>
   </div>
   <div class='ocr_carea' id='block_1_2' title="bbox 1225 318 2362 381">
    <p class='ocr_par' dir='ltr' id='par_1_2' title="bbox 1225 318 2362 381">
     <span class='ocr_line' id='line_1_2' title="bbox 1225 318 2362 381; baseline -0.001 -1"><span class='ocrx_word' id='word_1_2' title='bbox 1225 318 1755 381; x_wconf 84' lang='lat' dir='ltr'>COMMENTARII</span> <span class='ocrx_word' id='word_1_3' title='bbox 1785 318 1864 378; x_wconf 87' lang='lat' dir='ltr'><strong>IN</strong></span> <span class='ocrx_word' id='word_1_4' title='bbox 1904 318 2362 381; x_wconf 74' lang='lat' dir='ltr'>PHOVERBIA.</span> 
     </span>
    </p>
   </div>
   <div class='ocr_carea' id='block_1_3' title="bbox 3289 316 3425 380">
    <p class='ocr_par' dir='ltr' id='par_1_3' title="bbox 3289 316 3425 380">
     <span class='ocr_line' id='line_1_3' title="bbox 3289 316 3425 380; baseline 0.007 -1"><span class='ocrx_word' id='word_1_5' title='bbox 3289 316 3425 380; x_wconf 72' lang='lat'>1286</span> 
     </span>
    </p>
   </div>
   <div class='ocr_carea' id='block_1_4' title="bbox 142 403 1740 482">
    <p class='ocr_par' dir='ltr' id='par_1_4' title="bbox 142 407 1733 482">
     <span class='ocr_line' id='line_1_4' title="bbox 142 407 1733 482; baseline -0.004 -17"><span class='ocrx_word' id='word_1_6' title='bbox 142 414 369 465; x_wconf 67' lang='grc' dir='ltr'>’Δί-..εστι</span> <span class='ocrx_word' id='word_1_7' title='bbox 421 408 533 482; x_wconf 77' lang='grc' dir='ltr'>γάρ</span> <span class='ocrx_word' id='word_1_8' title='bbox 580 410 610 462; x_wconf 84' lang='grc' dir='ltr'>ό</span> <span class='ocrx_word' id='word_1_9' title='bbox 661 409 804 464; x_wconf 71' lang='grc' dir='ltr'>κατὰ</span> <span class='ocrx_word' id='word_1_10' title='bbox 857 409 956 479; x_wconf 82' lang='grc' dir='ltr'>τῆς</span> <span class='ocrx_word' id='word_1_11' title='bbox 999 407 1350 479; x_wconf 81' lang='grc' dir='ltr'>ἀνθρωπίνης</span> <span class='ocrx_word' id='word_1_12' title='bbox 1388 407 1607 476; x_wconf 82' lang='grc' dir='ltr'>φύσεως</span> <span class='ocrx_word' id='word_1_13' title='bbox 1644 407 1733 458; x_wconf 62' lang='grc' dir='ltr'>νόω</span> 
     </span>
    </p>
   </div>
   <div class='ocr_carea' id='block_1_5' title="bbox 1852 403 3486 482">
    <p class='ocr_par' dir='ltr' id='par_1_5' title="bbox 1852 403 3486 475">
     <span class='ocr_line' id='line_1_5' title="bbox 1852 403 3486 475; baseline -0.001 -20"><span class='ocrx_word' id='word_1_14' title='bbox 1852 405 1930 475; x_wconf 69' lang='lat' dir='ltr'>]ui</span> <span class='ocrx_word' id='word_1_15' title='bbox 1990 406 2125 459; x_wconf 87' lang='lat' dir='ltr'><strong>mihi</strong></span> <span class='ocrx_word' id='word_1_16' title='bbox 2176 405 2479 461; x_wconf 85' lang='lat' dir='ltr'><strong>secundum</strong></span> <span class='ocrx_word' id='word_1_17' title='bbox 2536 403 2790 458; x_wconf 86' lang='lat' dir='ltr'><strong>humanae</strong></span> <span class='ocrx_word' id='word_1_18' title='bbox 2831 414 3044 459; x_wconf 60' lang='lat' dir='ltr'><strong>natura!</strong></span> <span class='ocrx_word' id='word_1_19' title='bbox 3080 404 3252 475; x_wconf 86' lang='lat' dir='ltr'><strong>legem</strong></span> <span class='ocrx_word' id='word_1_20' title='bbox 3288 421 3425 460; x_wconf 86' lang='lat' dir='ltr'><strong>con-</strong></span> <span class='ocrx_word' id='word_1_21' title='bbox 3483 450 3486 454; x_wconf 92' lang='lat'>.</span> 
     </span>
    </p>
   </div>
   <div class='ocr_carea' id='block_1_6' title="bbox 140 498 1730 576">
    <p class='ocr_par' dir='ltr' id='par_1_6' title="bbox 140 498 1730 576">
     <span class='ocr_line' id='line_1_6' title="bbox 140 498 1730 576; baseline -0.004 -18"><span class='ocrx_word' id='word_1_22' title='bbox 140 522 237 575; x_wconf 89' lang='grc' dir='ltr'>μον</span> <span class='ocrx_word' id='word_1_23' title='bbox 266 502 672 576; x_wconf 88' lang='grc' dir='ltr'>συναρμοσθείς</span> <span class='ocrx_word' id='word_1_24' title='bbox 725 518 815 573; x_wconf 88' lang='grc' dir='ltr'>μοι</span> <span class='ocrx_word' id='word_1_25' title='bbox 862 500 1019 569; x_wconf 83' lang='grc' dir='ltr'><strong>λόγος</strong></span> <span class='ocrx_word' id='word_1_26' title='bbox 1050 500 1147 554; x_wconf 90' lang='grc' dir='ltr'>τοῦ</span> <span class='ocrx_word' id='word_1_27' title='bbox 1189 498 1381 571; x_wconf 89' lang='grc' dir='ltr'>νοεροῦ</span> <span class='ocrx_word' id='word_1_28' title='bbox 1411 498 1730 572; x_wconf 86' lang='grc' dir='ltr'>οίκητηρίου</span> 
     </span>
    </p>
   </div>
   <div class='ocr_carea' id='block_1_7' title="bbox 137 595 321 651">
    <p class='ocr_par' dir='ltr' id='par_1_7' title="bbox 137 595 321 651">
     <span class='ocr_line' id='line_1_7' title="bbox 137 595 321 651; baseline -0.011 0"><span class='ocrx_word' id='word_1_29' title='bbox 137 595 297 651; x_wconf 72' lang='grc' dir='ltr'>αὑτοῦ</span> <span class='ocrx_word' id='word_1_30' title='bbox 308 637 321 649; x_wconf 96' lang='grc'>.</span> 
     </span>
    </p>
   </div>
   <div class='ocr_carea' id='block_1_8' title="bbox 202 682 1736 755">
    <p class='ocr_par' dir='ltr' id='par_1_8' title="bbox 202 682 1736 755">
     <span class='ocr_line' id='line_1_8' title="bbox 202 682 1736 755; baseline -0.002 -16"><span class='ocrx_word' id='word_1_31' title='bbox 202 685 573 753; x_wconf 78' lang='grc' dir='ltr'>Πεπόρευται</span> <span class='ocrx_word' id='word_1_32' title='bbox 633 685 781 739; x_wconf 81' lang='grc' dir='ltr'>ὀδόν</span> <span class='ocrx_word' id='word_1_33' title='bbox 805 682 1068 755; x_wconf 80' lang='grc' dir='ltr'>μακράν.</span> <span class='ocrx_word' id='word_1_34' title='bbox 1135 683 1375 754; x_wconf 81' lang='grc' dir='ltr'>Ἀπῆλθε</span> <span class='ocrx_word' id='word_1_35' title='bbox 1408 683 1602 737; x_wconf 84' lang='grc' dir='ltr'>τούτου</span> <span class='ocrx_word' id='word_1_36' title='bbox 1632 701 1736 753; x_wconf 79' lang='grc' dir='ltr'>μα-</span> 
     </span>
    </p>
   </div>
   <div class='ocr_carea' id='block_1_9' title="bbox 135 775 1734 849">
    <p class='ocr_par' dir='ltr' id='par_1_9' title="bbox 135 775 1734 849">
     <span class='ocr_line' id='line_1_9' title="bbox 135 775 1734 849; baseline -0.001 -19"><span class='ocrx_word' id='word_1_37' title='bbox 135 777 293 848; x_wconf 80' lang='grc' dir='ltr'>κρὰν,</span> <span class='ocrx_word' id='word_1_38' title='bbox 324 780 388 849; x_wconf 80' lang='grc' dir='ltr'>τῇ</span> <span class='ocrx_word' id='word_1_39' title='bbox 424 776 544 831; x_wconf 80' lang='grc' dir='ltr'>κατ’</span> <span class='ocrx_word' id='word_1_40' title='bbox 594 776 851 846; x_wconf 75' lang='grc' dir='ltr'>αἴσθησιν</span> <span class='ocrx_word' id='word_1_41' title='bbox 906 776 1090 847; x_wconf 80' lang='grc' dir='ltr'>ἀπάτῃ</span> <span class='ocrx_word' id='word_1_42' title='bbox 1149 775 1585 845; x_wconf 87' lang='grc' dir='ltr'>ἐμφιλοχωρῶν,</span> <span class='ocrx_word' id='word_1_43' title='bbox 1641 776 1734 829; x_wconf 72' lang='grc' dir='ltr'>καὶ</span> 
     </span>
    </p>
   </div>
   <div class='ocr_carea' id='block_1_10' title="bbox 131 867 1507 939">
    <p class='ocr_par' dir='ltr' id='par_1_10' title="bbox 131 867 1507 939">
     <span class='ocr_line' id='line_1_10' title="bbox 131 867 1507 939; baseline -0.001 -18"><span class='ocrx_word' id='word_1_44' title='bbox 131 871 260 932; x_wconf 85' lang='grc' dir='ltr'>τοὺς</span> <span class='ocrx_word' id='word_1_45' title='bbox 291 870 394 939; x_wconf 84' lang='grc' dir='ltr'>τῆς</span> <span class='ocrx_word' id='word_1_46' title='bbox 432 869 637 933; x_wconf 80' lang='grc' dir='ltr'>κακίας</span> <span class='ocrx_word' id='word_1_47' title='bbox 666 870 948 932; x_wconf 72' lang='grc' dir='ltr'>ποικίλους</span> <span class='ocrx_word' id='word_1_48' title='bbox 981 870 1223 939; x_wconf 77' lang='grc' dir='ltr'>τρόπους</span> <span class='ocrx_word' id='word_1_49' title='bbox 1251 867 1507 921; x_wconf 88' lang='grc' dir='ltr'>ἐπινοῶν.</span> 
     </span>
    </p>
   </div>
   <div class='ocr_carea' id='block_1_11' title="bbox 97 959 1733 1031">
    <p class='ocr_par' dir='ltr' id='par_1_11' title="bbox 97 959 1733 1031">
     <span class='ocr_line' id='line_1_11' title="bbox 97 959 1733 1031; baseline 0 -17"><span class='ocrx_word' id='word_1_50' title='bbox 97 974 113 1029; x_wconf 59' lang='grc' dir='ltr'>ξ</span> <span class='ocrx_word' id='word_1_51' title='bbox 203 968 276 1014; x_wconf 84' lang='grc' dir='ltr'>κ’.</span> <span class='ocrx_word' id='word_1_52' title='bbox 313 960 662 1030; x_wconf 79' lang='grc' dir='ltr'>Ἐνδεσμον</span> <span class='ocrx_word' id='word_1_53' title='bbox 719 962 1009 1031; x_wconf 73' lang='grc' dir='ltr'>ἀργυρίου</span> <span class='ocrx_word' id='word_1_54' title='bbox 1044 959 1247 1014; x_wconf 82' lang='grc' dir='ltr'>λαϐὼν</span> <span class='ocrx_word' id='word_1_55' title='bbox 1281 961 1348 1013; x_wconf 76' lang='grc' dir='ltr'>ἐν</span> <span class='ocrx_word' id='word_1_56' title='bbox 1379 959 1593 1029; x_wconf 81' lang='grc' dir='ltr'>χερσίν</span> <span class='ocrx_word' id='word_1_57' title='bbox 1625 962 1733 1014; x_wconf 87' lang='grc' dir='ltr'>αὑ-</span> 
     </span>
    </p>
   </div>
   <div class='ocr_carea' id='block_1_12' title="bbox 132 1052 1734 1126">
    <p class='ocr_par' dir='ltr' id='par_1_12' title="bbox 132 1052 1734 1126">
     <span class='ocr_line' id='line_1_12' title="bbox 132 1052 1734 1126; baseline -0.001 -19"><span class='ocrx_word' id='word_1_58' title='bbox 132 1055 261 1110; x_wconf 75' lang='grc' dir='ltr'>τοῦ.</span> <span class='ocrx_word' id='word_1_59' title='bbox 301 1055 414 1123; x_wconf 83' lang='grc' dir='ltr'>Τὴν</span> <span class='ocrx_word' id='word_1_60' title='bbox 444 1055 552 1126; x_wconf 80' lang='grc' dir='ltr'>γὰρ</span> <span class='ocrx_word' id='word_1_61' title='bbox 590 1053 747 1124; x_wconf 86' lang='grc' dir='ltr'>δίκην</span> <span class='ocrx_word' id='word_1_62' title='bbox 772 1054 1044 1126; x_wconf 77' lang='grc' dir='ltr'>ἀργυρίου</span> <span class='ocrx_word' id='word_1_63' title='bbox 1094 1052 1605 1125; x_wconf 86' lang='grc' dir='ltr'>λελαμπρυσμένην</span> <span class='ocrx_word' id='word_1_64' title='bbox 1656 1052 1734 1123; x_wconf 83' lang='grc' dir='ltr'>τῷ</span> 
     </span>
    </p>
   </div>
   <div class='ocr_carea' id='block_1_13' title="bbox 130 1145 1733 1217">
    <p class='ocr_par' dir='ltr' id='par_1_13' title="bbox 130 1145 1733 1217">
     <span class='ocr_line' id='line_1_13' title="bbox 130 1145 1733 1217; baseline 0 -19"><span class='ocrx_word' id='word_1_65' title='bbox 130 1146 235 1214; x_wconf 83' lang='grc' dir='ltr'>τῆς</span> <span class='ocrx_word' id='word_1_66' title='bbox 260 1146 414 1210; x_wconf 87' lang='grc' dir='ltr'>θείας</span> <span class='ocrx_word' id='word_1_67' title='bbox 444 1146 779 1217; x_wconf 88' lang='grc' dir='ltr'>ὡραιότητος</span> <span class='ocrx_word' id='word_1_68' title='bbox 833 1146 1041 1211; x_wconf 87' lang='grc' dir='ltr'>κάλλει,</span> <span class='ocrx_word' id='word_1_69' title='bbox 1089 1147 1269 1217; x_wconf 80' lang='grc' dir='ltr'>ψυχὴν</span> <span class='ocrx_word' id='word_1_70' title='bbox 1301 1146 1483 1199; x_wconf 86' lang='grc' dir='ltr'>λαϐὼν</span> <span class='ocrx_word' id='word_1_71' title='bbox 1514 1145 1733 1199; x_wconf 86' lang='grc' dir='ltr'>κατὰτὸ</span> 
     </span>
    </p>
   </div>
   <div class='ocr_carea' id='block_1_14' title="bbox 133 1238 1732 1310">
    <p class='ocr_par' dir='ltr' id='par_1_14' title="bbox 133 1238 1732 1310">
     <span class='ocr_line' id='line_1_14' title="bbox 133 1238 1732 1310; baseline 0 -19"><span class='ocrx_word' id='word_1_72' title='bbox 133 1238 509 1304; x_wconf 80' lang='grc' dir='ltr'>αὐτεξούσιον,</span> <span class='ocrx_word' id='word_1_73' title='bbox 568 1240 644 1302; x_wconf 84' lang='grc' dir='ltr'>ὡς</span> <span class='ocrx_word' id='word_1_74' title='bbox 707 1238 765 1291; x_wconf 75' lang='grc' dir='ltr'>ἐν</span> <span class='ocrx_word' id='word_1_75' title='bbox 821 1256 932 1292; x_wconf 88' lang='grc' dir='ltr'>τισι</span> <span class='ocrx_word' id='word_1_76' title='bbox 983 1241 1160 1310; x_wconf 70' lang='grc' dir='ltr'>χερσὶ,</span> <span class='ocrx_word' id='word_1_77' title='bbox 1205 1242 1325 1303; x_wconf 83' lang='grc' dir='ltr'>ταῖς</span> <span class='ocrx_word' id='word_1_78' title='bbox 1376 1242 1732 1310; x_wconf 84' lang='grc' dir='ltr'>προαιρεταῖς</span> 
     </span>
    </p>
   </div>
   <div class='ocr_carea' id='block_1_15' title="bbox 133 1331 1733 1403">
    <p class='ocr_par' dir='ltr' id='par_1_15' title="bbox 133 1331 1733 1403">
     <span class='ocr_line' id='line_1_15' title="bbox 133 1331 1733 1403; baseline 0.003 -22"><span class='ocrx_word' id='word_1_79' title='bbox 133 1332 443 1402; x_wconf 77' lang='grc' dir='ltr'>ἐνεργείαις</span> <span class='ocrx_word' id='word_1_80' title='bbox 467 1331 655 1395; x_wconf 85' lang='grc' dir='ltr'>αὑτοῦ,</span> <span class='ocrx_word' id='word_1_81' title='bbox 686 1332 824 1402; x_wconf 76' lang='grc' dir='ltr'>πρὸς</span> <span class='ocrx_word' id='word_1_82' title='bbox 851 1332 1112 1403; x_wconf 78' lang='grc' dir='ltr'>πρόνοιαν</span> <span class='ocrx_word' id='word_1_83' title='bbox 1135 1333 1235 1401; x_wconf 84' lang='grc' dir='ltr'>τῆς</span> <span class='ocrx_word' id='word_1_84' title='bbox 1263 1332 1502 1401; x_wconf 76' lang='grc' dir='ltr'>ζωτικῆς</span> <span class='ocrx_word' id='word_1_85' title='bbox 1528 1332 1733 1403; x_wconf 83' lang='grc' dir='ltr'>ταύτης</span> 
     </span>
    </p>
   </div>
   <div class='ocr_carea' id='block_1_16' title="bbox 133 1420 1732 1493">
    <p class='ocr_par' dir='ltr' id='par_1_16' title="bbox 133 1420 1732 1493">
     <span class='ocr_line' id='line_1_16' title="bbox 133 1420 1732 1493; baseline 0.002 -20"><span class='ocrx_word' id='word_1_86' title='bbox 133 1421 442 1489; x_wconf 87' lang='grc' dir='ltr'>δυνάμεως,</span> <span class='ocrx_word' id='word_1_87' title='bbox 500 1420 640 1490; x_wconf 81' lang='grc' dir='ltr'>μετὰ</span> <span class='ocrx_word' id='word_1_88' title='bbox 699 1420 793 1474; x_wconf 85' lang='grc' dir='ltr'>τοῦ</span> <span class='ocrx_word' id='word_1_89' title='bbox 842 1422 1045 1493; x_wconf 86' lang='grc' dir='ltr'>δεσμοῦ</span> <span class='ocrx_word' id='word_1_90' title='bbox 1085 1422 1185 1490; x_wconf 82' lang='grc' dir='ltr'>τῆς</span> <span class='ocrx_word' id='word_1_91' title='bbox 1217 1423 1416 1492; x_wconf 76' lang='grc' dir='ltr'>σαρκὸς</span> <span class='ocrx_word' id='word_1_92' title='bbox 1446 1440 1732 1493; x_wconf 81' lang='grc' dir='ltr'>κατησφα-</span> 
     </span>
    </p>
   </div>
   <div class='ocr_carea' id='block_1_17' title="bbox 135 1511 1729 1584">
    <p class='ocr_par' dir='ltr' id='par_1_17' title="bbox 135 1511 1729 1584">
     <span class='ocr_line' id='line_1_17' title="bbox 135 1511 1729 1584; baseline 0.002 -22"><span class='ocrx_word' id='word_1_93' title='bbox 135 1511 407 1582; x_wconf 87' lang='grc' dir='ltr'>λισμένην</span> <span class='ocrx_word' id='word_1_94' title='bbox 435 1528 449 1543; x_wconf 87' lang='grc'><strong>·</strong></span> <span class='ocrx_word' id='word_1_95' title='bbox 478 1511 545 1564; x_wconf 83' lang='grc' dir='ltr'>ἵν’</span> <span class='ocrx_word' id='word_1_96' title='bbox 586 1512 716 1565; x_wconf 86' lang='grc' dir='ltr'>ὅταν</span> <span class='ocrx_word' id='word_1_97' title='bbox 774 1512 913 1581; x_wconf 76' lang='grc' dir='ltr'>αῦτη</span> <span class='ocrx_word' id='word_1_98' title='bbox 958 1514 1047 1566; x_wconf 78' lang='grc' dir='ltr'>διὰ</span> <span class='ocrx_word' id='word_1_99' title='bbox 1087 1514 1187 1583; x_wconf 80' lang='grc' dir='ltr'>τὴν</span> <span class='ocrx_word' id='word_1_100' title='bbox 1212 1512 1371 1579; x_wconf 84' lang='grc' dir='ltr'>ἀξίαν</span> <span class='ocrx_word' id='word_1_101' title='bbox 1412 1513 1729 1584; x_wconf 86' lang='grc' dir='ltr'>ἐπαίρηται,</span> 
     </span>
    </p>
   </div>
   <div class='ocr_carea' id='block_1_18' title="bbox 134 1602 1730 1676">
    <p class='ocr_par' dir='ltr' id='par_1_18' title="bbox 134 1602 1730 1676">
     <span class='ocr_line' id='line_1_18' title="bbox 134 1602 1730 1676; baseline 0.001 -22"><span class='ocrx_word' id='word_1_102' title='bbox 134 1602 226 1655; x_wconf 72' lang='grc' dir='ltr'>διὰ</span> <span class='ocrx_word' id='word_1_103' title='bbox 254 1605 349 1656; x_wconf 75' lang='grc' dir='ltr'>τὸν</span> <span class='ocrx_word' id='word_1_104' title='bbox 380 1603 510 1673; x_wconf 92' lang='grc' dir='ltr'>χοῦν</span> <span class='ocrx_word' id='word_1_105' title='bbox 537 1603 900 1674; x_wconf 82' lang='grc' dir='ltr'>συστέλληται</span> <span class='ocrx_word' id='word_1_106' title='bbox 921 1620 935 1636; x_wconf 87' lang='grc'><strong>·</strong></span> <span class='ocrx_word' id='word_1_107' title='bbox 964 1606 1061 1659; x_wconf 74' lang='grc' dir='ltr'>καὶ</span> <span class='ocrx_word' id='word_1_108' title='bbox 1100 1604 1174 1675; x_wconf 82' lang='grc' dir='ltr'>μὴ</span> <span class='ocrx_word' id='word_1_109' title='bbox 1202 1604 1427 1658; x_wconf 86' lang='grc' dir='ltr'>συλᾶται</span> <span class='ocrx_word' id='word_1_110' title='bbox 1458 1606 1608 1676; x_wconf 73' lang='grc' dir='ltr'>παρὰ</span> <span class='ocrx_word' id='word_1_111' title='bbox 1636 1604 1730 1658; x_wconf 87' lang='grc' dir='ltr'>τοῦ</span> 
     </span>
    </p>
   </div>
   <div class='ocr_carea' id='block_1_19' title="bbox 134 1695 1731 1769">
    <p class='ocr_par' dir='ltr' id='par_1_19' title="bbox 134 1695 1731 1769">
     <span class='ocr_line' id='line_1_19' title="bbox 134 1695 1731 1769; baseline 0.002 -21"><span class='ocrx_word' id='word_1_112' title='bbox 134 1696 419 1765; x_wconf 76' lang='grc' dir='ltr'>λαθραίως</span> <span class='ocrx_word' id='word_1_113' title='bbox 451 1695 625 1767; x_wconf 81' lang='grc' dir='ltr'>ταύτῃ</span> <span class='ocrx_word' id='word_1_114' title='bbox 653 1696 744 1750; x_wconf 82' lang='grc' dir='ltr'>διὰ</span> <span class='ocrx_word' id='word_1_115' title='bbox 771 1698 881 1751; x_wconf 90' lang='grc' dir='ltr'>τῶν</span> <span class='ocrx_word' id='word_1_116' title='bbox 912 1699 1035 1751; x_wconf 85' lang='grc' dir='ltr'>καθ’</span> <span class='ocrx_word' id='word_1_117' title='bbox 1073 1698 1382 1769; x_wconf 82' lang='grc' dir='ltr'>ὑπερϐολὴν</span> <span class='ocrx_word' id='word_1_118' title='bbox 1404 1700 1503 1767; x_wconf 81' lang='grc' dir='ltr'>τῆς</span> <span class='ocrx_word' id='word_1_119' title='bbox 1529 1699 1731 1768; x_wconf 79' lang='grc' dir='ltr'>ἀρετῆς</span> 
     </span>
    </p>
   </div>
   <div class='ocr_carea' id='block_1_20' title="bbox 135 1769 1805 1863">
    <p class='ocr_par' dir='ltr' id='par_1_20' title="bbox 135 1769 1805 1863">
     <span class='ocr_line' id='line_1_20' title="bbox 135 1769 1805 1863; baseline 0.003 -25"><span class='ocrx_word' id='word_1_120' title='bbox 135 1787 330 1839; x_wconf 74' lang='grc' dir='ltr'>παθῶν</span> <span class='ocrx_word' id='word_1_121' title='bbox 355 1788 801 1854; x_wconf 84' lang='grc' dir='ltr'>ἐπιϐουλεύοντος</span> <span class='ocrx_word' id='word_1_122' title='bbox 828 1789 1121 1859; x_wconf 85' lang='grc' dir='ltr'>δαίμονος·</span> <span class='ocrx_word' id='word_1_123' title='bbox 1166 1791 1523 1860; x_wconf 86' lang='grc' dir='ltr'>ἐναπομένων</span> <span class='ocrx_word' id='word_1_124' title='bbox 1567 1791 1623 1843; x_wconf 82' lang='grc' dir='ltr'>δέ</span> <span class='ocrx_word' id='word_1_125' title='bbox 1664 1793 1729 1863; x_wconf 83' lang='grc' dir='ltr'>τῇ</span> <span class='ocrx_word' id='word_1_126' title='bbox 1764 1769 1805 1825; x_wconf 81' lang='grc' dir='ltr'><strong>Β</strong></span> 
     </span>
    </p>
   </div>
   <div class='ocr_carea' id='block_1_21' title="bbox 137 1879 1732 1953">
    <p class='ocr_par' dir='ltr' id='par_1_21' title="bbox 137 1879 1732 1953">
     <span class='ocr_line' id='line_1_21' title="bbox 137 1879 1732 1953; baseline 0.003 -21"><span class='ocrx_word' id='word_1_127' title='bbox 137 1880 260 1932; x_wconf 79' lang='grc' dir='ltr'>κατ’</span> <span class='ocrx_word' id='word_1_128' title='bbox 289 1879 543 1950; x_wconf 74' lang='grc' dir='ltr'>αἴσθησιν</span> <span class='ocrx_word' id='word_1_129' title='bbox 574 1881 760 1953; x_wconf 84' lang='grc' dir='ltr'>ἀπάτῃ</span> <span class='ocrx_word' id='word_1_130' title='bbox 792 1881 902 1935; x_wconf 91' lang='grc' dir='ltr'>τῶν</span> <span class='ocrx_word' id='word_1_131' title='bbox 927 1882 1149 1945; x_wconf 89' lang='grc' dir='ltr'>ὑλικῶν,</span> <span class='ocrx_word' id='word_1_132' title='bbox 1181 1881 1271 1935; x_wconf 81' lang='grc' dir='ltr'>διὰ</span> <span class='ocrx_word' id='word_1_133' title='bbox 1305 1882 1405 1952; x_wconf 84' lang='grc' dir='ltr'>τὴν</span> <span class='ocrx_word' id='word_1_134' title='bbox 1450 1883 1588 1953; x_wconf 78' lang='grc' dir='ltr'>πρὸς</span> <span class='ocrx_word' id='word_1_135' title='bbox 1633 1882 1732 1953; x_wconf 80' lang='grc' dir='ltr'>τὴν</span> 
     </span>
    </p>
   </div>
   <div class='ocr_carea' id='block_1_22' title="bbox 140 1969 1733 2044">
    <p class='ocr_par' dir='ltr' id='par_1_22' title="bbox 140 1969 1733 2044">
     <span class='ocr_line' id='line_1_22' title="bbox 140 1969 1733 2044; baseline 0.004 -22"><span class='ocrx_word' id='word_1_136' title='bbox 140 1969 323 2040; x_wconf 79' lang='grc' dir='ltr'>σάρκα</span> <span class='ocrx_word' id='word_1_137' title='bbox 350 1972 448 2041; x_wconf 82' lang='grc' dir='ltr'>τῆς</span> <span class='ocrx_word' id='word_1_138' title='bbox 473 1971 657 2041; x_wconf 75' lang='grc' dir='ltr'>ψυχῆς</span> <span class='ocrx_word' id='word_1_139' title='bbox 685 1972 893 2043; x_wconf 85' lang='grc' dir='ltr'>σχέσιν,</span> <span class='ocrx_word' id='word_1_140' title='bbox 931 1974 1028 2027; x_wconf 73' lang='grc' dir='ltr'>καὶ</span> <span class='ocrx_word' id='word_1_141' title='bbox 1057 1973 1186 2037; x_wconf 78' lang='grc' dir='ltr'>τοὺς</span> <span class='ocrx_word' id='word_1_142' title='bbox 1229 1974 1469 2044; x_wconf 83' lang='grc' dir='ltr'>τρόπους</span> <span class='ocrx_word' id='word_1_143' title='bbox 1499 1974 1733 2028; x_wconf 75' lang='grc' dir='ltr'>ἐπινοῶν</span> 
     </span>
    </p>
   </div>
   <div class='ocr_carea' id='block_1_23' title="bbox 134 2062 1282 2136">
    <p class='ocr_par' dir='ltr' id='par_1_23' title="bbox 134 2062 1282 2136">
     <span class='ocr_line' id='line_1_23' title="bbox 134 2062 1282 2136; baseline 0.004 -22"><span class='ocrx_word' id='word_1_144' title='bbox 134 2063 247 2116; x_wconf 87' lang='grc' dir='ltr'>τῶν</span> <span class='ocrx_word' id='word_1_145' title='bbox 287 2066 410 2115; x_wconf 80' lang='grc' dir='ltr'>κατ’</span> <span class='ocrx_word' id='word_1_146' title='bbox 442 2062 678 2133; x_wconf 72' lang='grc' dir='ltr'>ἔλλειψιν</span> <span class='ocrx_word' id='word_1_147' title='bbox 704 2065 802 2134; x_wconf 84' lang='grc' dir='ltr'>τῆς</span> <span class='ocrx_word' id='word_1_148' title='bbox 835 2066 1042 2136; x_wconf 82' lang='grc' dir='ltr'>ἀρετῆς</span> <span class='ocrx_word' id='word_1_149' title='bbox 1070 2065 1282 2120; x_wconf 88' lang='grc' dir='ltr'>παθῶν.</span> 
     </span>
    </p>
   </div>
   <div class='ocr_carea' id='block_1_24' title="bbox 211 2154 1733 2224">
    <p class='ocr_par' dir='ltr' id='par_1_24' title="bbox 211 2154 1733 2224">
     <span class='ocr_line' id='line_1_24' title="bbox 211 2154 1733 2224; baseline 0.005 -17"><span class='ocrx_word' id='word_1_150' title='bbox 211 2154 291 2207; x_wconf 83' lang='grc' dir='ltr'>Δι’</span> <span class='ocrx_word' id='word_1_151' title='bbox 320 2155 556 2223; x_wconf 77' lang='grc' dir='ltr'>ἡμερῶν</span> <span class='ocrx_word' id='word_1_152' title='bbox 586 2155 836 2211; x_wconf 79' lang='grc' dir='ltr'>πολλῶν</span> <span class='ocrx_word' id='word_1_153' title='bbox 863 2156 1154 2222; x_wconf 79' lang='grc' dir='ltr'>ἐπανήξει</span> <span class='ocrx_word' id='word_1_154' title='bbox 1180 2160 1268 2224; x_wconf 87' lang='grc' dir='ltr'>είς</span> <span class='ocrx_word' id='word_1_155' title='bbox 1296 2157 1403 2212; x_wconf 84' lang='grc' dir='ltr'>τὸν</span> <span class='ocrx_word' id='word_1_156' title='bbox 1424 2157 1593 2212; x_wconf 78' lang='grc' dir='ltr'>οἷκον</span> <span class='ocrx_word' id='word_1_157' title='bbox 1623 2161 1733 2214; x_wconf 82' lang='grc' dir='ltr'>αὑ-</span> 
     </span>
    </p>
   </div>
   <div class='ocr_carea' id='block_1_25' title="bbox 135 2246 1735 2322">
    <p class='ocr_par' dir='ltr' id='par_1_25' title="bbox 135 2246 1735 2322">
     <span class='ocr_line' id='line_1_25' title="bbox 135 2246 1735 2322; baseline 0.004 -23"><span class='ocrx_word' id='word_1_158' title='bbox 135 2246 265 2301; x_wconf 76' lang='grc' dir='ltr'>τοῦ.</span> <span class='ocrx_word' id='word_1_159' title='bbox 309 2248 384 2300; x_wconf 89' lang='grc' dir='ltr'>Οὑ</span> <span class='ocrx_word' id='word_1_160' title='bbox 424 2248 511 2303; x_wconf 75' lang='grc' dir='ltr'>διὰ</span> <span class='ocrx_word' id='word_1_161' title='bbox 570 2248 800 2319; x_wconf 82' lang='grc' dir='ltr'>βραχέος</span> <span class='ocrx_word' id='word_1_162' title='bbox 852 2248 1046 2322; x_wconf 82' lang='grc' dir='ltr'>καιροῦ</span> <span class='ocrx_word' id='word_1_163' title='bbox 1090 2250 1513 2305; x_wconf 78' lang='grc' dir='ltr'>ἐπανελεύσεται</span> <span class='ocrx_word' id='word_1_164' title='bbox 1556 2254 1636 2316; x_wconf 87' lang='grc' dir='ltr'>είς</span> <span class='ocrx_word' id='word_1_165' title='bbox 1671 2253 1735 2306; x_wconf 85' lang='grc' dir='ltr'>τὸ</span> 
     </span>
    </p>
   </div>
   <div class='ocr_carea' id='block_1_26' title="bbox 136 2338 1736 2415">
    <p class='ocr_par' dir='ltr' id='par_1_26' title="bbox 136 2338 1736 2415">
     <span class='ocr_line' id='line_1_26' title="bbox 136 2338 1736 2415; baseline 0.004 -24"><span class='ocrx_word' id='word_1_166' title='bbox 136 2338 287 2392; x_wconf 75' lang='grc' dir='ltr'>κατὰ</span> <span class='ocrx_word' id='word_1_167' title='bbox 310 2340 435 2393; x_wconf 92' lang='grc' dir='ltr'>νοῦν</span> <span class='ocrx_word' id='word_1_168' title='bbox 456 2340 622 2394; x_wconf 89' lang='grc' dir='ltr'>αὑτοῦ</span> <span class='ocrx_word' id='word_1_169' title='bbox 647 2342 987 2413; x_wconf 75' lang='grc' dir='ltr'>οἰκητήριον,</span> <span class='ocrx_word' id='word_1_170' title='bbox 1011 2344 1130 2405; x_wconf 87' lang='grc' dir='ltr'>ταῖς</span> <span class='ocrx_word' id='word_1_171' title='bbox 1157 2344 1244 2396; x_wconf 82' lang='grc' dir='ltr'>διὰ</span> <span class='ocrx_word' id='word_1_172' title='bbox 1266 2343 1362 2414; x_wconf 80' lang='grc' dir='ltr'>τῆς</span> <span class='ocrx_word' id='word_1_173' title='bbox 1382 2346 1438 2397; x_wconf 89' lang='grc' dir='ltr'>ἐν</span> <span class='ocrx_word' id='word_1_174' title='bbox 1463 2344 1736 2415; x_wconf 85' lang='grc' dir='ltr'>πνεύματι</span> 
     </span>
    </p>
   </div>
   <div class='ocr_carea' id='block_1_27' title="bbox 139 2429 1735 2505">
    <p class='ocr_par' dir='ltr' id='par_1_27' title="bbox 139 2429 1735 2505">
     <span class='ocr_line' id='line_1_27' title="bbox 139 2429 1735 2505; baseline 0.004 -23"><span class='ocrx_word' id='word_1_175' title='bbox 139 2431 382 2499; x_wconf 70' lang='grc' dir='ltr'>φυσικῆς</span> <span class='ocrx_word' id='word_1_176' title='bbox 422 2429 681 2501; x_wconf 79' lang='grc' dir='ltr'>θεωρίας,</span> <span class='ocrx_word' id='word_1_177' title='bbox 736 2431 881 2485; x_wconf 79' lang='grc' dir='ltr'>κατὰ</span> <span class='ocrx_word' id='word_1_178' title='bbox 917 2433 1081 2505; x_wconf 80' lang='grc' dir='ltr'>μέρος</span> <span class='ocrx_word' id='word_1_179' title='bbox 1135 2434 1236 2503; x_wconf 79' lang='grc' dir='ltr'>τῆς</span> <span class='ocrx_word' id='word_1_180' title='bbox 1283 2434 1461 2505; x_wconf 79' lang='grc' dir='ltr'>ψυχῆς</span> <span class='ocrx_word' id='word_1_181' title='bbox 1491 2436 1598 2489; x_wconf 84' lang='grc' dir='ltr'>ἀπὸ</span> <span class='ocrx_word' id='word_1_182' title='bbox 1624 2435 1735 2489; x_wconf 88' lang='grc' dir='ltr'>τῶν</span> 
     </span>
    </p>
   </div>
   <div class='ocr_carea' id='block_1_28' title="bbox 139 2522 1736 2598">
    <p class='ocr_par' dir='ltr' id='par_1_28' title="bbox 139 2522 1736 2598">
     <span class='ocr_line' id='line_1_28' title="bbox 139 2522 1736 2598; baseline 0.004 -23"><span class='ocrx_word' id='word_1_183' title='bbox 139 2524 267 2575; x_wconf 84' lang='grc' dir='ltr'>κατ’</span> <span class='ocrx_word' id='word_1_184' title='bbox 307 2522 562 2593; x_wconf 77' lang='grc' dir='ltr'>αἴσθησιν</span> <span class='ocrx_word' id='word_1_185' title='bbox 618 2524 807 2577; x_wconf 83' lang='grc' dir='ltr'>τύπων</span> <span class='ocrx_word' id='word_1_186' title='bbox 865 2525 1003 2597; x_wconf 85' lang='grc' dir='ltr'>πρὸς</span> <span class='ocrx_word' id='word_1_187' title='bbox 1068 2524 1167 2596; x_wconf 79' lang='grc' dir='ltr'>τὴν</span> <span class='ocrx_word' id='word_1_188' title='bbox 1225 2526 1488 2598; x_wconf 80' lang='grc' dir='ltr'>ἀλήθειαν</span> <span class='ocrx_word' id='word_1_189' title='bbox 1531 2527 1736 2581; x_wconf 87' lang='grc' dir='ltr'>άναϐά-</span> 
     </span>
    </p>
   </div>
   <div class='ocr_carea' id='block_1_29' title="bbox 142 2632 316 2670">
    <p class='ocr_par' dir='ltr' id='par_1_29' title="bbox 142 2632 316 2670">
     <span class='ocr_line' id='line_1_29' title="bbox 142 2632 316 2670; baseline 0.006 -1"><span class='ocrx_word' id='word_1_190' title='bbox 142 2632 316 2670; x_wconf 77' lang='grc' dir='ltr'>σεσιν.</span> 
     </span>
    </p>
   </div>
   <div class='ocr_carea' id='block_1_30' title="bbox 215 2708 1732 2782">
    <p class='ocr_par' dir='ltr' id='par_1_30' title="bbox 215 2708 1732 2782">
     <span class='ocr_line' id='line_1_30' title="bbox 215 2708 1732 2782; baseline 0.004 -20"><span class='ocrx_word' id='word_1_191' title='bbox 215 2708 322 2762; x_wconf 83' lang='grc' dir='ltr'>κα⁰.</span> <span class='ocrx_word' id='word_1_192' title='bbox 364 2708 795 2777; x_wconf 79' lang='grc' dir='ltr'>Ἀπεπλὰνησε</span> <span class='ocrx_word' id='word_1_193' title='bbox 858 2710 925 2764; x_wconf 78' lang='grc' dir='ltr'>δὲ</span> <span class='ocrx_word' id='word_1_194' title='bbox 987 2710 1177 2766; x_wconf 82' lang='grc' dir='ltr'>αὐτὸν</span> <span class='ocrx_word' id='word_1_195' title='bbox 1250 2710 1455 2780; x_wconf 78' lang='grc' dir='ltr'>πολλῇ</span> <span class='ocrx_word' id='word_1_196' title='bbox 1508 2714 1732 2782; x_wconf 78' lang='grc' dir='ltr'>ὁμιλίᾳ.</span> 
     </span>
    </p>
   </div>
   <div class='ocr_carea' id='block_1_31' title="bbox 154 2798 1739 2873">
    <p class='ocr_par' dir='ltr' id='par_1_31' title="bbox 154 2798 1739 2873">
     <span class='ocr_line' id='line_1_31' title="bbox 154 2798 1739 2873; baseline 0.001 -20"><span class='ocrx_word' id='word_1_197' title='bbox 154 2798 504 2871; x_wconf 79' lang='grc' dir='ltr'>Ἐξηπάτησε</span> <span class='ocrx_word' id='word_1_198' title='bbox 534 2799 713 2853; x_wconf 83' lang='grc' dir='ltr'>τοίνυν</span> <span class='ocrx_word' id='word_1_199' title='bbox 753 2803 817 2870; x_wconf 77' lang='grc' dir='ltr'>τῇ</span> <span class='ocrx_word' id='word_1_200' title='bbox 864 2804 1055 2873; x_wconf 82' lang='grc' dir='ltr'>μακρᾷ</span> <span class='ocrx_word' id='word_1_201' title='bbox 1104 2802 1348 2872; x_wconf 70' lang='grc' dir='ltr'>ἐντυχία,</span> <span class='ocrx_word' id='word_1_202' title='bbox 1403 2803 1739 2872; x_wconf 85' lang='grc' dir='ltr'>συγκαταθέ-</span> 
     </span>
    </p>
   </div>
   <div class='ocr_carea' id='block_1_32' title="bbox 143 2888 1198 2961">
    <p class='ocr_par' dir='ltr' id='par_1_32' title="bbox 143 2888 1198 2961">
     <span class='ocr_line' id='line_1_32' title="bbox 143 2888 1198 2961; baseline 0.006 -20"><span class='ocrx_word' id='word_1_203' title='bbox 143 2888 271 2942; x_wconf 77' lang='grc' dir='ltr'>οθαι</span> <span class='ocrx_word' id='word_1_204' title='bbox 296 2889 434 2960; x_wconf 86' lang='grc' dir='ltr'>αὑτῇ</span> <span class='ocrx_word' id='word_1_205' title='bbox 464 2888 659 2942; x_wconf 88' lang='grc' dir='ltr'>τοῦτον</span> <span class='ocrx_word' id='word_1_206' title='bbox 700 2892 1198 2961; x_wconf 76' lang='grc' dir='ltr'>παρασκευάσασα.</span> 
     </span>
    </p>
   </div>
   <div class='ocr_carea' id='block_1_33' title="bbox 215 2981 1739 3054">
    <p class='ocr_par' dir='ltr' id='par_1_33' title="bbox 215 2981 1739 3054">
     <span class='ocr_line' id='line_1_33' title="bbox 215 2981 1739 3054; baseline 0.006 -21"><span class='ocrx_word' id='word_1_207' title='bbox 215 2981 469 3048; x_wconf 81' lang='grc' dir='ltr'>Βρόχοις</span> <span class='ocrx_word' id='word_1_208' title='bbox 533 2998 597 3033; x_wconf 85' lang='grc' dir='ltr'>τε</span> <span class='ocrx_word' id='word_1_209' title='bbox 638 2982 765 3049; x_wconf 84' lang='grc' dir='ltr'>τοῖς</span> <span class='ocrx_word' id='word_1_210' title='bbox 814 2983 934 3037; x_wconf 81' lang='grc' dir='ltr'>ἀπὸ</span> <span class='ocrx_word' id='word_1_211' title='bbox 977 2982 1097 3038; x_wconf 85' lang='grc' dir='ltr'>τῶν</span> <span class='ocrx_word' id='word_1_212' title='bbox 1129 2983 1379 3054; x_wconf 84' lang='grc' dir='ltr'>χειλέων</span> <span class='ocrx_word' id='word_1_213' title='bbox 1418 2985 1739 3051; x_wconf 76' lang='grc' dir='ltr'>ἐξώκειλεν</span> 
     </span>
    </p>
   </div>
   <div class='ocr_carea' id='block_1_34' title="bbox 141 3074 1738 3151">
    <p class='ocr_par' dir='ltr' id='par_1_34' title="bbox 141 3074 1738 3151">
     <span class='ocr_line' id='line_1_34' title="bbox 141 3074 1738 3151; baseline 0.007 -28"><span class='ocrx_word' id='word_1_214' title='bbox 141 3074 356 3126; x_wconf 76' lang='grc' dir='ltr'>αὐτόν.</span> <span class='ocrx_word' id='word_1_215' title='bbox 405 3076 635 3144; x_wconf 84' lang='grc' dir='ltr'>Δεσμοίς</span> <span class='ocrx_word' id='word_1_216' title='bbox 683 3091 745 3127; x_wconf 87' lang='grc' dir='ltr'>τε</span> <span class='ocrx_word' id='word_1_217' title='bbox 785 3076 898 3138; x_wconf 77' lang='grc' dir='ltr'>τοῖς</span> <span class='ocrx_word' id='word_1_218' title='bbox 941 3076 1005 3128; x_wconf 84' lang='grc' dir='ltr'>ἐκ</span> <span class='ocrx_word' id='word_1_219' title='bbox 1073 3076 1185 3129; x_wconf 90' lang='grc' dir='ltr'>τῶν</span> <span class='ocrx_word' id='word_1_220' title='bbox 1215 3078 1355 3147; x_wconf 74' lang='grc' dir='ltr'>πρὸς</span> <span class='ocrx_word' id='word_1_221' title='bbox 1401 3078 1470 3132; x_wconf 80' lang='grc' dir='ltr'>τὰ</span> <span class='ocrx_word' id='word_1_222' title='bbox 1500 3080 1738 3151; x_wconf 83' lang='grc' dir='ltr'>αίσθητὰ</span> 
     </span>
    </p>
   </div>
   <div class='ocr_carea' id='block_1_35' title="bbox 146 3161 1736 3241">
    <p class='ocr_par' dir='ltr' id='par_1_35' title="bbox 146 3161 1736 3241">
     <span class='ocr_line' id='line_1_35' title="bbox 146 3161 1736 3241; baseline 0.006 -25"><span class='ocrx_word' id='word_1_223' title='bbox 146 3166 389 3233; x_wconf 81' lang='grc' dir='ltr'>σχέσεων</span> <span class='ocrx_word' id='word_1_224' title='bbox 435 3166 544 3219; x_wconf 89' lang='grc' dir='ltr'>τῶν</span> <span class='ocrx_word' id='word_1_225' title='bbox 585 3165 915 3237; x_wconf 79' lang='grc' dir='ltr'>αἰσθήσεων,</span> <span class='ocrx_word' id='word_1_226' title='bbox 976 3168 1045 3222; x_wconf 87' lang='grc' dir='ltr'>δι’</span> <span class='ocrx_word' id='word_1_227' title='bbox 1091 3161 1165 3222; x_wconf 83' lang='grc' dir='ltr'>ὧν</span> <span class='ocrx_word' id='word_1_228' title='bbox 1200 3169 1275 3233; x_wconf 78' lang='grc' dir='ltr'>ὥς</span> <span class='ocrx_word' id='word_1_229' title='bbox 1323 3188 1485 3223; x_wconf 88' lang='grc' dir='ltr'>τινων</span> <span class='ocrx_word' id='word_1_230' title='bbox 1510 3172 1736 3241; x_wconf 81' lang='grc' dir='ltr'>χειλέων</span> 
     </span>
    </p>
   </div>
   <div class='ocr_carea' id='block_1_36' title="bbox 140 3256 1737 3332">
    <p class='ocr_par' dir='ltr' id='par_1_36' title="bbox 140 3256 1737 3332">
     <span class='ocr_line' id='line_1_36' title="bbox 140 3256 1737 3332; baseline 0.006 -25"><span class='ocrx_word' id='word_1_231' title='bbox 140 3256 323 3309; x_wconf 85' lang='grc' dir='ltr'>ταῦτα</span> <span class='ocrx_word' id='word_1_232' title='bbox 379 3256 701 3323; x_wconf 80' lang='grc' dir='ltr'>ἀσπάζεται,</span> <span class='ocrx_word' id='word_1_233' title='bbox 758 3258 1052 3330; x_wconf 75' lang='grc' dir='ltr'>ἐξέστησεν</span> <span class='ocrx_word' id='word_1_234' title='bbox 1096 3259 1261 3313; x_wconf 82' lang='grc' dir='ltr'>αὑτὸν</span> <span class='ocrx_word' id='word_1_235' title='bbox 1296 3258 1392 3313; x_wconf 91' lang='grc' dir='ltr'>τοῦ</span> <span class='ocrx_word' id='word_1_236' title='bbox 1443 3260 1737 3332; x_wconf 79' lang='grc' dir='ltr'>βεϐηκότος</span> 
     </span>
    </p>
   </div>
   <div class='ocr_carea' id='block_1_37' title="bbox 146 3351 773 3422">
    <p class='ocr_par' dir='ltr' id='par_1_37' title="bbox 146 3351 773 3422">
     <span class='ocr_line' id='line_1_37' title="bbox 146 3351 773 3422; baseline 0.003 -19"><span class='ocrx_word' id='word_1_237' title='bbox 146 3351 372 3415; x_wconf 72' lang='grc' dir='ltr'>πάντως</span> <span class='ocrx_word' id='word_1_238' title='bbox 401 3354 773 3422; x_wconf 78' lang='grc' dir='ltr'>φρονήματος.</span> 
     </span>
    </p>
   </div>
   <div class='ocr_carea' id='block_1_38' title="bbox 221 3441 1739 3514">
    <p class='ocr_par' dir='ltr' id='par_1_38' title="bbox 221 3441 1739 3514">
     <span class='ocr_line' id='line_1_38' title="bbox 221 3441 1739 3514; baseline 0.003 -20"><span class='ocrx_word' id='word_1_239' title='bbox 221 3441 327 3511; x_wconf 77' lang='grc' dir='ltr'>κβ¹.</span> <span class='ocrx_word' id='word_1_240' title='bbox 374 3442 435 3496; x_wconf 83' lang='lat'>&#39;0</span> <span class='ocrx_word' id='word_1_241' title='bbox 464 3443 532 3496; x_wconf 83' lang='grc' dir='ltr'>δὲ</span> <span class='ocrx_word' id='word_1_242' title='bbox 568 3443 1070 3511; x_wconf 81' lang='grc' dir='ltr'>ἐπηκολούθησεν</span> <span class='ocrx_word' id='word_1_243' title='bbox 1103 3441 1261 3513; x_wconf 74' lang='grc' dir='ltr'>αὐτῇ</span> <span class='ocrx_word' id='word_1_244' title='bbox 1292 3445 1644 3514; x_wconf 71' lang='grc' dir='ltr'>κεπφωθείς.</span> <span class='ocrx_word' id='word_1_245' title='bbox 1680 3445 1739 3499; x_wconf 91' lang='lat'>&#39;0</span> 
     </span>
    </p>
   </div>
   <div class='ocr_carea' id='block_1_39' title="bbox 144 3530 1739 3605">
    <p class='ocr_par' dir='ltr' id='par_1_39' title="bbox 144 3530 1739 3605">
     <span class='ocr_line' id='line_1_39' title="bbox 144 3530 1739 3605; baseline 0.004 -22"><span class='ocrx_word' id='word_1_246' title='bbox 144 3530 389 3594; x_wconf 79' lang='grc' dir='ltr'>τοιοῦτος</span> <span class='ocrx_word' id='word_1_247' title='bbox 424 3532 469 3584; x_wconf 75' lang='grc' dir='ltr'>δ’</span> <span class='ocrx_word' id='word_1_248' title='bbox 498 3532 747 3602; x_wconf 78' lang='grc' dir='ltr'>ὑπετάγη</span> <span class='ocrx_word' id='word_1_249' title='bbox 783 3534 922 3605; x_wconf 88' lang='grc' dir='ltr'>αὑτῇ</span> <span class='ocrx_word' id='word_1_250' title='bbox 958 3533 1037 3605; x_wconf 82' lang='grc' dir='ltr'>τῷ</span> <span class='ocrx_word' id='word_1_251' title='bbox 1067 3533 1217 3605; x_wconf 82' lang='grc' dir='ltr'>πόθῳ</span> <span class='ocrx_word' id='word_1_252' title='bbox 1245 3534 1355 3587; x_wconf 89' lang='grc' dir='ltr'>τῶν</span> <span class='ocrx_word' id='word_1_253' title='bbox 1394 3537 1516 3589; x_wconf 81' lang='grc' dir='ltr'>κατ’</span> <span class='ocrx_word' id='word_1_254' title='bbox 1545 3535 1739 3605; x_wconf 78' lang='grc' dir='ltr'>αἴσθη-</span> 
     </span>
    </p>
   </div>
   <div class='ocr_carea' id='block_1_40' title="bbox 150 3620 794 3690">
    <p class='ocr_par' dir='ltr' id='par_1_40' title="bbox 150 3620 794 3690">
     <span class='ocr_line' id='line_1_40' title="bbox 150 3620 794 3690; baseline 0.008 -19"><span class='ocrx_word' id='word_1_255' title='bbox 150 3636 239 3672; x_wconf 82' lang='grc' dir='ltr'>σιν</span> <span class='ocrx_word' id='word_1_256' title='bbox 265 3620 436 3690; x_wconf 79' lang='grc' dir='ltr'>ἡδέων</span> <span class='ocrx_word' id='word_1_257' title='bbox 464 3621 794 3685; x_wconf 86' lang='grc' dir='ltr'>δελεασθείς.</span> 
     </span>
    </p>
   </div>
   <div class='ocr_carea' id='block_1_41' title="bbox 223 3710 1739 3787">
    <p class='ocr_par' dir='ltr' id='par_1_41' title="bbox 223 3710 1739 3787">
     <span class='ocr_line' id='line_1_41' title="bbox 223 3710 1739 3787; baseline 0.006 -25"><span class='ocrx_word' id='word_1_258' title='bbox 223 3710 453 3781; x_wconf 85' lang='grc' dir='ltr'>Ὠσπερ</span> <span class='ocrx_word' id='word_1_259' title='bbox 470 3712 538 3766; x_wconf 84' lang='grc' dir='ltr'>δὲ</span> <span class='ocrx_word' id='word_1_260' title='bbox 567 3713 723 3779; x_wconf 84' lang='grc' dir='ltr'>βοῦς</span> <span class='ocrx_word' id='word_1_261' title='bbox 744 3714 843 3769; x_wconf 76' lang='grc' dir='ltr'>ἐπὶ</span> <span class='ocrx_word' id='word_1_262' title='bbox 879 3715 1130 3785; x_wconf 72' lang='grc' dir='ltr'>σφαγὴν</span> <span class='ocrx_word' id='word_1_263' title='bbox 1155 3714 1379 3786; x_wconf 79' lang='grc' dir='ltr'>ἄγεται.</span> <span class='ocrx_word' id='word_1_264' title='bbox 1396 3718 1663 3787; x_wconf 81' lang='grc' dir='ltr'>Καθάπερ</span> <span class='ocrx_word' id='word_1_265' title='bbox 1683 3717 1739 3771; x_wconf 83' lang='grc' dir='ltr'>δὲ</span> 
     </span>
    </p>
   </div>
   <div class='ocr_carea' id='block_1_42' title="bbox 150 3800 1738 3879">
    <p class='ocr_par' dir='ltr' id='par_1_42' title="bbox 150 3800 1738 3879">
     <span class='ocr_line' id='line_1_42' title="bbox 150 3800 1738 3879; baseline 0.004 -24"><span class='ocrx_word' id='word_1_266' title='bbox 150 3800 281 3870; x_wconf 80' lang='grc' dir='ltr'>βοῦς</span> <span class='ocrx_word' id='word_1_267' title='bbox 316 3802 621 3873; x_wconf 88' lang='grc' dir='ltr'>άποκαμὼν</span> <span class='ocrx_word' id='word_1_268' title='bbox 676 3806 810 3878; x_wconf 73' lang='grc' dir='ltr'>περὶ</span> <span class='ocrx_word' id='word_1_269' title='bbox 871 3807 1056 3875; x_wconf 83' lang='grc' dir='ltr'>τὸτῆς</span> <span class='ocrx_word' id='word_1_270' title='bbox 1100 3807 1366 3877; x_wconf 76' lang='grc' dir='ltr'>ἐργασίας</span> <span class='ocrx_word' id='word_1_271' title='bbox 1418 3809 1738 3879; x_wconf 84' lang='grc' dir='ltr'>φερέπονον,</span> 
     </span>
    </p>
   </div>
   <div class='ocr_carea' id='block_1_43' title="bbox 150 3894 1740 3971">
    <p class='ocr_par' dir='ltr' id='par_1_43' title="bbox 150 3894 1740 3971">
     <span class='ocr_line' id='line_1_43' title="bbox 150 3894 1740 3971; baseline 0.006 -26"><span class='ocrx_word' id='word_1_272' title='bbox 150 3894 382 3964; x_wconf 87' lang='grc' dir='ltr'>φέρεται</span> <span class='ocrx_word' id='word_1_273' title='bbox 415 3896 552 3966; x_wconf 84' lang='grc' dir='ltr'>πρὸς</span> <span class='ocrx_word' id='word_1_274' title='bbox 578 3898 815 3969; x_wconf 85' lang='grc' dir='ltr'>σφαγὴν,</span> <span class='ocrx_word' id='word_1_275' title='bbox 842 3898 986 3953; x_wconf 83' lang='grc' dir='ltr'>οὑτω</span> <span class='ocrx_word' id='word_1_276' title='bbox 1018 3899 1083 3971; x_wconf 80' lang='grc' dir='ltr'>δὴ</span> <span class='ocrx_word' id='word_1_277' title='bbox 1107 3899 1201 3952; x_wconf 70' lang='grc' dir='ltr'>καὶ</span> <span class='ocrx_word' id='word_1_278' title='bbox 1226 3899 1411 3962; x_wconf 86' lang='grc' dir='ltr'>αὑτὸς,</span> <span class='ocrx_word' id='word_1_279' title='bbox 1436 3899 1740 3968; x_wconf 84' lang='grc' dir='ltr'>ἀποκαμὼν</span> 
     </span>
    </p>
   </div>
   <div class='ocr_carea' id='block_1_44' title="bbox 146 3985 1741 4063">
    <p class='ocr_par' dir='ltr' id='par_1_44' title="bbox 146 3985 1741 4063">
     <span class='ocr_line' id='line_1_44' title="bbox 146 3985 1741 4063; baseline 0.005 -26"><span class='ocrx_word' id='word_1_280' title='bbox 146 3985 228 4056; x_wconf 80' lang='grc' dir='ltr'>τῷ</span> <span class='ocrx_word' id='word_1_281' title='bbox 249 3986 504 4059; x_wconf 83' lang='grc' dir='ltr'>ἐπιπόνῳ</span> <span class='ocrx_word' id='word_1_282' title='bbox 536 3991 636 4053; x_wconf 82' lang='grc' dir='ltr'>τῆς</span> <span class='ocrx_word' id='word_1_283' title='bbox 670 3990 896 4062; x_wconf 81' lang='grc' dir='ltr'>ἀρετῆς,</span> <span class='ocrx_word' id='word_1_284' title='bbox 926 3991 1065 4062; x_wconf 84' lang='grc' dir='ltr'>πρὸς</span> <span class='ocrx_word' id='word_1_285' title='bbox 1089 3992 1189 4061; x_wconf 85' lang='grc' dir='ltr'>τὴν</span> <span class='ocrx_word' id='word_1_286' title='bbox 1213 3990 1531 4063; x_wconf 81' lang='grc' dir='ltr'>νεκροποιὸν</span> <span class='ocrx_word' id='word_1_287' title='bbox 1548 3991 1741 4062; x_wconf 81' lang='grc' dir='ltr'>ἄγεται</span> 
     </span>
    </p>
   </div>
   <div class='ocr_carea' id='block_1_45' title="bbox 145 4078 479 4153">
    <p class='ocr_par' dir='ltr' id='par_1_45' title="bbox 145 4078 479 4153">
     <span class='ocr_line' id='line_1_45' title="bbox 145 4078 479 4153; baseline 0.009 -22"><span class='ocrx_word' id='word_1_288' title='bbox 145 4078 453 4148; x_wconf 84' lang='grc' dir='ltr'>ἁμαρτίαν.</span> <span class='ocrx_word' id='word_1_289' title='bbox 478 4150 479 4153; x_wconf 16' lang='grc' dir='ltr'>η</span> 
     </span>
    </p>
   </div>
   <div class='ocr_carea' id='block_1_46' title="bbox 220 4171 1743 4249">
    <p class='ocr_par' dir='ltr' id='par_1_46' title="bbox 220 4171 1743 4249">
     <span class='ocr_line' id='line_1_46' title="bbox 220 4171 1743 4249; baseline 0.006 -26"><span class='ocrx_word' id='word_1_290' title='bbox 220 4172 337 4224; x_wconf 79' lang='grc' dir='ltr'>Καὶ</span> <span class='ocrx_word' id='word_1_291' title='bbox 374 4171 577 4241; x_wconf 80' lang='grc' dir='ltr'>ὥσπερ</span> <span class='ocrx_word' id='word_1_292' title='bbox 618 4174 781 4229; x_wconf 82' lang='grc' dir='ltr'>κύων</span> <span class='ocrx_word' id='word_1_293' title='bbox 821 4175 919 4229; x_wconf 79' lang='grc' dir='ltr'>ἐπὶ</span> <span class='ocrx_word' id='word_1_294' title='bbox 954 4176 1237 4245; x_wconf 79' lang='grc' dir='ltr'>δεσμούς.</span> <span class='ocrx_word' id='word_1_295' title='bbox 1287 4177 1397 4231; x_wconf 72' lang='grc' dir='ltr'>Καὶ</span> <span class='ocrx_word' id='word_1_296' title='bbox 1442 4176 1743 4249; x_wconf 85' lang='grc' dir='ltr'>καθώσπερ</span> 
     </span>
    </p>
   </div>
   <div class='ocr_carea' id='block_1_47' title="bbox 149 4262 1741 4340">
    <p class='ocr_par' dir='ltr' id='par_1_47' title="bbox 149 4262 1741 4340">
     <span class='ocr_line' id='line_1_47' title="bbox 149 4262 1741 4340; baseline 0.006 -24"><span class='ocrx_word' id='word_1_297' title='bbox 149 4262 300 4317; x_wconf 75' lang='grc' dir='ltr'>κύων</span> <span class='ocrx_word' id='word_1_298' title='bbox 323 4265 616 4335; x_wconf 79' lang='grc' dir='ltr'>ἑλκόμενος</span> <span class='ocrx_word' id='word_1_299' title='bbox 642 4269 776 4340; x_wconf 78' lang='grc' dir='ltr'>πρὸς</span> <span class='ocrx_word' id='word_1_300' title='bbox 799 4268 1030 4339; x_wconf 71' lang='grc' dir='ltr'>δεσμοὺς</span> <span class='ocrx_word' id='word_1_301' title='bbox 1058 4271 1307 4339; x_wconf 76' lang='grc' dir='ltr'>σχολάζει</span> <span class='ocrx_word' id='word_1_302' title='bbox 1328 4271 1420 4325; x_wconf 88' lang='grc' dir='ltr'>τοῦ</span> <span class='ocrx_word' id='word_1_303' title='bbox 1448 4272 1741 4340; x_wconf 82' lang='grc' dir='ltr'>φυλάττειν</span> 
     </span>
    </p>
   </div>
   <div class='ocr_carea' id='block_1_48' title="bbox 148 4357 1741 4437">
    <p class='ocr_par' dir='ltr' id='par_1_48' title="bbox 148 4357 1741 4437">
     <span class='ocr_line' id='line_1_48' title="bbox 148 4357 1741 4437; baseline 0.007 -28"><span class='ocrx_word' id='word_1_304' title='bbox 148 4357 263 4411; x_wconf 81' lang='grc' dir='ltr'>ἀπὸ</span> <span class='ocrx_word' id='word_1_305' title='bbox 286 4357 399 4410; x_wconf 90' lang='grc' dir='ltr'>τῶν</span> <span class='ocrx_word' id='word_1_306' title='bbox 434 4360 915 4424; x_wconf 85' lang='grc' dir='ltr'>ἐπιϐουλευόντων,</span> <span class='ocrx_word' id='word_1_307' title='bbox 942 4362 1085 4415; x_wconf 84' lang='grc' dir='ltr'>οὑτω</span> <span class='ocrx_word' id='word_1_308' title='bbox 1114 4365 1207 4416; x_wconf 62' lang='grc' dir='ltr'>καλ¹</span> <span class='ocrx_word' id='word_1_309' title='bbox 1236 4358 1409 4427; x_wconf 78' lang='grc' dir='ltr'>οὗτος,</span> <span class='ocrx_word' id='word_1_310' title='bbox 1443 4366 1741 4437; x_wconf 75' lang='grc' dir='ltr'>ἐπειγόμεο</span> 
     </span>
    </p>
   </div>
   <div class='ocr_carea' id='block_1_49' title="bbox 1832 496 3163 570">
    <p class='ocr_par' dir='ltr' id='par_1_49' title="bbox 1832 496 3163 570">
     <span class='ocr_line' id='line_1_49' title="bbox 1832 496 3163 570; baseline -0.002 -16"><span class='ocrx_word' id='word_1_311' title='bbox 1832 499 2062 570; x_wconf 80' lang='lat' dir='ltr'>junctus</span> <span class='ocrx_word' id='word_1_312' title='bbox 2092 506 2197 563; x_wconf 90' lang='lat' dir='ltr'><strong>est,</strong></span> <span class='ocrx_word' id='word_1_313' title='bbox 2239 497 2506 568; x_wconf 73' lang='lat' dir='ltr'>spiritalis</span> <span class='ocrx_word' id='word_1_314' title='bbox 2536 496 2734 553; x_wconf 89' lang='lat' dir='ltr'><strong>domus</strong></span> <span class='ocrx_word' id='word_1_315' title='bbox 2777 497 2929 552; x_wconf 91' lang='lat' dir='ltr'><strong>illius</strong></span> <span class='ocrx_word' id='word_1_316' title='bbox 2961 512 3163 552; x_wconf 84' lang='lat' dir='ltr'>sermo.</span> 
     </span>
    </p>
   </div>
   <div class='ocr_carea' id='block_1_50' title="bbox 1911 674 3423 749">
    <p class='ocr_par' dir='ltr' id='par_1_50' title="bbox 1911 674 3423 749">
     <span class='ocr_line' id='line_1_50' title="bbox 1911 674 3423 749; baseline 0.006 -20"><span class='ocrx_word' id='word_1_317' title='bbox 1911 674 2058 729; x_wconf 80' lang='lat' dir='ltr'><strong>Abiit</strong></span> <span class='ocrx_word' id='word_1_318' title='bbox 2087 676 2223 730; x_wconf 84' lang='lat' dir='ltr'><strong>viam</strong></span> <span class='ocrx_word' id='word_1_319' title='bbox 2251 676 2616 747; x_wconf 84' lang='lat' dir='ltr'><strong>longinquam.</strong></span> <span class='ocrx_word' id='word_1_320' title='bbox 2644 676 2794 732; x_wconf 86' lang='lat' dir='ltr'><strong>Abiit</strong></span> <span class='ocrx_word' id='word_1_321' title='bbox 2823 678 2985 749; x_wconf 84' lang='lat' dir='ltr'><strong>longe</strong></span> <span class='ocrx_word' id='word_1_322' title='bbox 3015 678 3085 734; x_wconf 89' lang='lat' dir='ltr'>ab</span> <span class='ocrx_word' id='word_1_323' title='bbox 3112 678 3205 733; x_wconf 88' lang='lat' dir='ltr'><strong>illa</strong></span> <span class='ocrx_word' id='word_1_324' title='bbox 3235 678 3423 738; x_wconf 76' lang='lat' dir='ltr'><strong>domn.</strong></span> 
     </span>
    </p>
   </div>
   <div class='ocr_carea' id='block_1_51' title="bbox 1834 768 3423 839">
    <p class='ocr_par' dir='ltr' id='par_1_51' title="bbox 1834 768 3423 839">
     <span class='ocr_line' id='line_1_51' title="bbox 1834 768 3423 839; baseline -0.001 -16"><span class='ocrx_word' id='word_1_325' title='bbox 1834 769 2073 839; x_wconf 81' lang='lat' dir='ltr'><strong>diligens</strong></span> <span class='ocrx_word' id='word_1_326' title='bbox 2103 769 2375 838; x_wconf 76' lang='lat' dir='ltr'><strong>spiritalis</strong></span> <span class='ocrx_word' id='word_1_327' title='bbox 2439 768 2861 836; x_wconf 81' lang='lat' dir='ltr'><strong>habitationem,</strong></span> <span class='ocrx_word' id='word_1_328' title='bbox 2912 780 2968 827; x_wconf 92' lang='lat' dir='ltr'>et</span> <span class='ocrx_word' id='word_1_329' title='bbox 3008 770 3204 828; x_wconf 90' lang='lat' dir='ltr'><strong>modos</strong></span> <span class='ocrx_word' id='word_1_330' title='bbox 3235 772 3423 826; x_wconf 79' lang='lat' dir='ltr'><strong>varios</strong></span> 
     </span>
    </p>
   </div>
   <div class='ocr_carea' id='block_1_52' title="bbox 1833 860 2956 935">
    <p class='ocr_par' dir='ltr' id='par_1_52' title="bbox 1833 860 2956 935">
     <span class='ocr_line' id='line_1_52' title="bbox 1833 860 2956 935; baseline 0.004 -22"><span class='ocrx_word' id='word_1_331' title='bbox 1833 860 2064 914; x_wconf 56' lang='lat' dir='ltr'><strong>malitia!</strong></span> <span class='ocrx_word' id='word_1_332' title='bbox 2093 860 2369 930; x_wconf 86' lang='lat' dir='ltr'><strong>cogitans.</strong></span> <span class='ocrx_word' id='word_1_333' title='bbox 2949 926 2956 935; x_wconf 17' lang='grc' dir='ltr'>γ</span> 
     </span>
    </p>
   </div>
   <div class='ocr_carea' id='block_1_53' title="bbox 1900 951 3423 1024">
    <p class='ocr_par' dir='ltr' id='par_1_53' title="bbox 1900 951 3423 1024">
     <span class='ocr_line' id='line_1_53' title="bbox 1900 951 3423 1024; baseline 0 -18"><span class='ocrx_word' id='word_1_334' title='bbox 1900 951 2068 1008; x_wconf 74' lang='lat' dir='ltr'><strong>Vens.</strong></span> <span class='ocrx_word' id='word_1_335' title='bbox 2128 952 2219 1006; x_wconf 72' lang='lat'>20.</span> <span class='ocrx_word' id='word_1_336' title='bbox 2259 953 2543 1009; x_wconf 85' lang='lat' dir='ltr'>Summam</span> <span class='ocrx_word' id='word_1_337' title='bbox 2591 954 2796 1024; x_wconf 87' lang='lat' dir='ltr'><strong>argenti</strong></span> <span class='ocrx_word' id='word_1_338' title='bbox 2839 955 3051 1023; x_wconf 78' lang='lat' dir='ltr'><strong>capiens</strong></span> <span class='ocrx_word' id='word_1_339' title='bbox 3084 955 3140 1009; x_wconf 85' lang='lat' dir='ltr'>in</span> <span class='ocrx_word' id='word_1_340' title='bbox 3178 956 3423 1009; x_wconf 77' lang='lat' dir='ltr'><strong>manibus</strong></span> 
     </span>
    </p>
   </div>
   <div class='ocr_carea' id='block_1_54' title="bbox 1832 1045 3424 1117">
    <p class='ocr_par' dir='ltr' id='par_1_54' title="bbox 1832 1045 3424 1117">
     <span class='ocr_line' id='line_1_54' title="bbox 1832 1045 3424 1117; baseline 0.001 -19"><span class='ocrx_word' id='word_1_341' title='bbox 1832 1046 1965 1099; x_wconf 79' lang='lat' dir='ltr'><strong>suis.</strong></span> <span class='ocrx_word' id='word_1_342' title='bbox 2026 1045 2347 1117; x_wconf 83' lang='lat' dir='ltr'><strong>Fulgentem</strong></span> <span class='ocrx_word' id='word_1_343' title='bbox 2401 1054 2458 1100; x_wconf 91' lang='lat' dir='ltr'>ut</span> <span class='ocrx_word' id='word_1_344' title='bbox 2505 1057 2815 1115; x_wconf 84' lang='lat' dir='ltr'>argentum,</span> <span class='ocrx_word' id='word_1_345' title='bbox 2870 1048 3069 1102; x_wconf 61' lang='lat' dir='ltr'><strong>divinae</strong></span> <span class='ocrx_word' id='word_1_346' title='bbox 3116 1050 3424 1103; x_wconf 81' lang='lat' dir='ltr'><strong>venustatis</strong></span> 
     </span>
    </p>
   </div>
   <div class='ocr_carea' id='block_1_55' title="bbox 1833 1137 3425 1208">
    <p class='ocr_par' dir='ltr' id='par_1_55' title="bbox 1833 1137 3425 1208">
     <span class='ocr_line' id='line_1_55' title="bbox 1833 1137 3425 1208; baseline -0.002 -18"><span class='ocrx_word' id='word_1_347' title='bbox 1833 1137 2267 1206; x_wconf 79' lang='lat' dir='ltr'><strong>pulchritudine,</strong></span> <span class='ocrx_word' id='word_1_348' title='bbox 2324 1154 2420 1208; x_wconf 89' lang='lat' dir='ltr'>per</span> <span class='ocrx_word' id='word_1_349' title='bbox 2450 1139 2789 1192; x_wconf 86' lang='lat' dir='ltr'><strong>voluntatem</strong></span> <span class='ocrx_word' id='word_1_350' title='bbox 2841 1153 2996 1193; x_wconf 89' lang='lat' dir='ltr'><strong>suam</strong></span> <span class='ocrx_word' id='word_1_351' title='bbox 3048 1141 3275 1208; x_wconf 90' lang='lat' dir='ltr'><strong>capiens</strong></span> <span class='ocrx_word' id='word_1_352' title='bbox 3303 1145 3425 1190; x_wconf 81' lang='lat' dir='ltr'><strong>ani-</strong></span> 
     </span>
    </p>
   </div>
   <div class='ocr_carea' id='block_1_56' title="bbox 1834 1229 3424 1299">
    <p class='ocr_par' dir='ltr' id='par_1_56' title="bbox 1834 1229 3424 1299">
     <span class='ocr_line' id='line_1_56' title="bbox 1834 1229 3424 1299; baseline -0.001 -18"><span class='ocrx_word' id='word_1_353' title='bbox 1834 1245 1976 1282; x_wconf 86' lang='lat' dir='ltr'>mam</span> <span class='ocrx_word' id='word_1_354' title='bbox 2025 1230 2240 1282; x_wconf 88' lang='lat' dir='ltr'><strong>viribus</strong></span> <span class='ocrx_word' id='word_1_355' title='bbox 2281 1230 2399 1284; x_wconf 88' lang='lat' dir='ltr'><strong>suis</strong></span> <span class='ocrx_word' id='word_1_356' title='bbox 2438 1230 2649 1291; x_wconf 85' lang='lat' dir='ltr'><strong>liberis.</strong></span> <span class='ocrx_word' id='word_1_357' title='bbox 2680 1238 2946 1299; x_wconf 86' lang='lat' dir='ltr'><strong>tanquam</strong></span> <span class='ocrx_word' id='word_1_358' title='bbox 2974 1229 3027 1282; x_wconf 94' lang='lat' dir='ltr'>in</span> <span class='ocrx_word' id='word_1_359' title='bbox 3056 1230 3330 1291; x_wconf 85' lang='lat' dir='ltr'><strong>manibus,</strong></span> <span class='ocrx_word' id='word_1_360' title='bbox 3368 1239 3424 1281; x_wconf 90' lang='lat' dir='ltr'><strong>et</strong></span> 
     </span>
    </p>
   </div>
   <div class='ocr_carea' id='block_1_57' title="bbox 1833 1322 3423 1393">
    <p class='ocr_par' dir='ltr' id='par_1_57' title="bbox 1833 1322 3423 1393">
     <span class='ocr_line' id='line_1_57' title="bbox 1833 1322 3423 1393; baseline -0.001 -17"><span class='ocrx_word' id='word_1_361' title='bbox 1833 1324 2099 1376; x_wconf 79' lang='lat' dir='ltr'><strong>munitam</strong></span> <span class='ocrx_word' id='word_1_362' title='bbox 2149 1324 2374 1377; x_wconf 89' lang='lat' dir='ltr'><strong>vinculo</strong></span> <span class='ocrx_word' id='word_1_363' title='bbox 2433 1324 2704 1393; x_wconf 80' lang='lat' dir='ltr'><strong>corporis,</strong></span> <span class='ocrx_word' id='word_1_364' title='bbox 2766 1324 2831 1376; x_wconf 85' lang='lat' dir='ltr'>ad</span> <span class='ocrx_word' id='word_1_365' title='bbox 2881 1322 3278 1392; x_wconf 85' lang='lat' dir='ltr'><strong>providendum</strong></span> <span class='ocrx_word' id='word_1_366' title='bbox 3339 1323 3423 1374; x_wconf 80' lang='lat' dir='ltr'><strong>vi-</strong></span> 
     </span>
    </p>
   </div>
   <div class='ocr_carea' id='block_1_58' title="bbox 1832 1414 3425 1485">
    <p class='ocr_par' dir='ltr' id='par_1_58' title="bbox 1832 1414 3425 1485">
     <span class='ocr_line' id='line_1_58' title="bbox 1832 1414 3425 1485; baseline -0.001 -18"><span class='ocrx_word' id='word_1_367' title='bbox 1832 1416 1975 1469; x_wconf 83' lang='lat' dir='ltr'><strong>venti</strong></span> <span class='ocrx_word' id='word_1_368' title='bbox 2010 1432 2122 1470; x_wconf 68' lang='lat' dir='ltr'>sum</span> <span class='ocrx_word' id='word_1_369' title='bbox 2153 1418 2408 1484; x_wconf 67' lang='lat' dir='ltr'><strong>potenti-ae</strong></span> <span class='ocrx_word' id='word_1_370' title='bbox 2428 1434 2440 1478; x_wconf 85' lang='lat'>;</span> <span class='ocrx_word' id='word_1_371' title='bbox 2462 1423 2520 1469; x_wconf 91' lang='lat' dir='ltr'>ut</span> <span class='ocrx_word' id='word_1_372' title='bbox 2551 1416 2593 1469; x_wconf 91' lang='lat' dir='ltr'>si</span> <span class='ocrx_word' id='word_1_373' title='bbox 2624 1422 2846 1484; x_wconf 78' lang='lat' dir='ltr'><strong>propter</strong></span> <span class='ocrx_word' id='word_1_374' title='bbox 2886 1414 3206 1485; x_wconf 86' lang='lat' dir='ltr'><strong>dignitatem</strong></span> <span class='ocrx_word' id='word_1_375' title='bbox 3230 1430 3425 1483; x_wconf 78' lang='lat' dir='ltr'><strong>supcr-</strong></span> 
     </span>
    </p>
   </div>
   <div class='ocr_carea' id='block_1_59' title="bbox 1833 1506 3426 1578">
    <p class='ocr_par' dir='ltr' id='par_1_59' title="bbox 1833 1506 3426 1578">
     <span class='ocr_line' id='line_1_59' title="bbox 1833 1506 3426 1578; baseline -0.001 -18"><span class='ocrx_word' id='word_1_376' title='bbox 1833 1506 1943 1565; x_wconf 81' lang='lat' dir='ltr'><strong>hia,</strong></span> <span class='ocrx_word' id='word_1_377' title='bbox 1984 1516 2204 1577; x_wconf 85' lang='lat' dir='ltr'><strong>propter</strong></span> <span class='ocrx_word' id='word_1_378' title='bbox 2235 1508 2514 1578; x_wconf 87' lang='lat' dir='ltr'><strong>pulverem</strong></span> <span class='ocrx_word' id='word_1_379' title='bbox 2547 1508 2907 1573; x_wconf 85' lang='lat' dir='ltr'><strong>bumilietur;</strong></span> <span class='ocrx_word' id='word_1_380' title='bbox 2936 1517 2989 1561; x_wconf 91' lang='lat' dir='ltr'>et</span> <span class='ocrx_word' id='word_1_381' title='bbox 3019 1524 3127 1562; x_wconf 90' lang='lat' dir='ltr'>non</span> <span class='ocrx_word' id='word_1_382' title='bbox 3158 1508 3426 1576; x_wconf 80' lang='lat' dir='ltr'><strong>spolietnr</strong></span> 
     </span>
    </p>
   </div>
   <div class='ocr_carea' id='block_1_60' title="bbox 1833 1597 3423 1670">
    <p class='ocr_par' dir='ltr' id='par_1_60' title="bbox 1833 1597 3423 1670">
     <span class='ocr_line' id='line_1_60' title="bbox 1833 1597 3423 1670; baseline 0.002 -21"><span class='ocrx_word' id='word_1_383' title='bbox 1833 1610 1862 1649; x_wconf 95' lang='lat' dir='ltr'>a</span> <span class='ocrx_word' id='word_1_384' title='bbox 1893 1597 2143 1652; x_wconf 70' lang='lat' dir='ltr'><strong>daemone</strong></span> <span class='ocrx_word' id='word_1_385' title='bbox 2181 1599 2272 1668; x_wconf 87' lang='lat' dir='ltr'>qui</span> <span class='ocrx_word' id='word_1_386' title='bbox 2316 1598 2456 1652; x_wconf 90' lang='lat' dir='ltr'><strong>clam</strong></span> <span class='ocrx_word' id='word_1_387' title='bbox 2497 1598 2572 1652; x_wconf 86' lang='lat' dir='ltr'><strong>illi</strong></span> <span class='ocrx_word' id='word_1_388' title='bbox 2601 1615 2696 1668; x_wconf 89' lang='lat' dir='ltr'>per</span> <span class='ocrx_word' id='word_1_389' title='bbox 2724 1600 3058 1670; x_wconf 85' lang='lat' dir='ltr'><strong>cupiditates</strong></span> <span class='ocrx_word' id='word_1_390' title='bbox 3090 1615 3155 1653; x_wconf 85' lang='lat' dir='ltr'><strong>ex</strong></span> <span class='ocrx_word' id='word_1_391' title='bbox 3192 1615 3423 1653; x_wconf 66' lang='lat' dir='ltr'><strong>excessu</strong></span> 
     </span>
    </p>
   </div>
   <div class='ocr_carea' id='block_1_61' title="bbox 1832 1688 3425 1759">
    <p class='ocr_par' dir='ltr' id='par_1_61' title="bbox 1832 1688 3425 1759">
     <span class='ocr_line' id='line_1_61' title="bbox 1832 1688 3425 1759; baseline -0.001 -18"><span class='ocrx_word' id='word_1_392' title='bbox 1832 1688 2056 1742; x_wconf 87' lang='lat' dir='ltr'><strong>virtutis</strong></span> <span class='ocrx_word' id='word_1_393' title='bbox 2102 1690 2366 1744; x_wconf 86' lang='lat' dir='ltr'><strong>oriundas</strong></span> <span class='ocrx_word' id='word_1_394' title='bbox 2431 1689 2762 1745; x_wconf 81' lang='lat' dir='ltr'><strong>insidiatur:</strong></span> <span class='ocrx_word' id='word_1_395' title='bbox 2832 1692 3088 1745; x_wconf 80' lang='lat' dir='ltr'><strong>habitans</strong></span> <span class='ocrx_word' id='word_1_396' title='bbox 3147 1692 3200 1745; x_wconf 94' lang='lat' dir='ltr'>in</span> <span class='ocrx_word' id='word_1_397' title='bbox 3258 1692 3425 1759; x_wconf 68' lang='grc' dir='ltr'>8ρίγὶ-</span> 
     </span>
    </p>
   </div>
   <div class='ocr_carea' id='block_1_62' title="bbox 1835 1782 3426 1847">
    <p class='ocr_par' dir='ltr' id='par_1_62' title="bbox 1835 1782 3426 1847">
     <span class='ocr_line' id='line_1_62' title="bbox 1835 1782 3426 1847; baseline 0 -12"><span class='ocrx_word' id='word_1_398' title='bbox 1835 1782 1969 1835; x_wconf 89' lang='lat' dir='ltr'><strong>tuali</strong></span> <span class='ocrx_word' id='word_1_399' title='bbox 2005 1782 2313 1835; x_wconf 80' lang='lat' dir='ltr'><strong>carnalium</strong></span> <span class='ocrx_word' id='word_1_400' title='bbox 2347 1798 2530 1836; x_wconf 91' lang='lat' dir='ltr'><strong>rerum</strong></span> <span class='ocrx_word' id='word_1_401' title='bbox 2584 1782 2911 1847; x_wconf 81' lang='lat' dir='ltr'><strong>fallacia,ob</strong></span> <span class='ocrx_word' id='word_1_402' title='bbox 2942 1782 3196 1837; x_wconf 67' lang='lat' dir='ltr'><strong>alfectum</strong></span> <span class='ocrx_word' id='word_1_403' title='bbox 3228 1787 3426 1836; x_wconf 66' lang='lat' dir='ltr'><strong>anima!</strong></span> 
     </span>
    </p>
   </div>
   <div class='ocr_carea' id='block_1_63' title="bbox 1835 1873 3425 1945">
    <p class='ocr_par' dir='ltr' id='par_1_63' title="bbox 1835 1873 3425 1945">
     <span class='ocr_line' id='line_1_63' title="bbox 1835 1873 3425 1945; baseline -0.002 -16"><span class='ocrx_word' id='word_1_404' title='bbox 1835 1875 1901 1929; x_wconf 88' lang='lat' dir='ltr'>ad</span> <span class='ocrx_word' id='word_1_405' title='bbox 1941 1890 2186 1940; x_wconf 90' lang='lat' dir='ltr'><strong>carnem,</strong></span> <span class='ocrx_word' id='word_1_406' title='bbox 2223 1883 2280 1929; x_wconf 87' lang='lat' dir='ltr'>et</span> <span class='ocrx_word' id='word_1_407' title='bbox 2306 1874 2555 1942; x_wconf 78' lang='lat' dir='ltr'><strong>cogitans</strong></span> <span class='ocrx_word' id='word_1_408' title='bbox 2588 1874 2779 1930; x_wconf 84' lang='lat' dir='ltr'><strong>modos</strong></span> <span class='ocrx_word' id='word_1_409' title='bbox 2835 1873 3197 1945; x_wconf 83' lang='lat' dir='ltr'><strong>cupiditatum</strong></span> <span class='ocrx_word' id='word_1_410' title='bbox 3230 1892 3294 1928; x_wconf 77' lang='lat' dir='ltr'>ex</span> <span class='ocrx_word' id='word_1_411' title='bbox 3331 1876 3425 1929; x_wconf 82' lang='lat' dir='ltr'><strong>de-</strong></span> 
     </span>
    </p>
   </div>
   <div class='ocr_carea' id='block_1_64' title="bbox 1835 1965 2654 2022">
    <p class='ocr_par' dir='ltr' id='par_1_64' title="bbox 1835 1965 2654 2022">
     <span class='ocr_line' id='line_1_64' title="bbox 1835 1965 2654 2022; baseline -0.001 -1"><span class='ocrx_word' id='word_1_412' title='bbox 1835 1965 1982 2022; x_wconf 84' lang='lat' dir='ltr'><strong>fectu</strong></span> <span class='ocrx_word' id='word_1_413' title='bbox 2018 1966 2241 2021; x_wconf 89' lang='lat' dir='ltr'><strong>virtutis</strong></span> <span class='ocrx_word' id='word_1_414' title='bbox 2269 1965 2654 2021; x_wconf 90' lang='lat' dir='ltr'><strong>oriundarum.</strong></span> 
     </span>
    </p>
   </div>
   <div class='ocr_carea' id='block_1_65' title="bbox 1904 2140 3425 2200">
    <p class='ocr_par' dir='ltr' id='par_1_65' title="bbox 1904 2140 3425 2200">
     <span class='ocr_line' id='line_1_65' title="bbox 1904 2140 3425 2200; baseline -0.003 -1"><span class='ocrx_word' id='word_1_415' title='bbox 1904 2143 2033 2199; x_wconf 75' lang='lat' dir='ltr'><strong>Post</strong></span> <span class='ocrx_word' id='word_1_416' title='bbox 2063 2144 2258 2200; x_wconf 78' lang='lat' dir='ltr'><strong>multos</strong></span> <span class='ocrx_word' id='word_1_417' title='bbox 2285 2143 2397 2199; x_wconf 80' lang='lat' dir='ltr'><strong>dies</strong></span> <span class='ocrx_word' id='word_1_418' title='bbox 2448 2152 2740 2198; x_wconf 79' lang='lat' dir='ltr'><strong>revertetur</strong></span> <span class='ocrx_word' id='word_1_419' title='bbox 2767 2144 2821 2197; x_wconf 87' lang='lat' dir='ltr'>in</span> <span class='ocrx_word' id='word_1_420' title='bbox 2852 2143 3069 2197; x_wconf 89' lang='lat' dir='ltr'><strong>domum</strong></span> <span class='ocrx_word' id='word_1_421' title='bbox 3099 2159 3273 2197; x_wconf 84' lang='lat' dir='ltr'><strong>suam.</strong></span> <span class='ocrx_word' id='word_1_422' title='bbox 3306 2140 3425 2195; x_wconf 73' lang='lat' dir='ltr'><strong>Non</strong></span> 
     </span>
    </p>
   </div>
   <div class='ocr_carea' id='block_1_66' title="bbox 1836 2234 3428 2305">
    <p class='ocr_par' dir='ltr' id='par_1_66' title="bbox 1836 2234 3428 2305">
     <span class='ocr_line' id='line_1_66' title="bbox 1836 2234 3428 2305; baseline -0.003 -14"><span class='ocrx_word' id='word_1_423' title='bbox 1836 2237 1990 2291; x_wconf 87' lang='lat' dir='ltr'><strong>brevi</strong></span> <span class='ocrx_word' id='word_1_424' title='bbox 2036 2236 2239 2291; x_wconf 87' lang='lat' dir='ltr'><strong>redibit</strong></span> <span class='ocrx_word' id='word_1_425' title='bbox 2271 2245 2517 2305; x_wconf 89' lang='lat' dir='ltr'><strong>tempore</strong></span> <span class='ocrx_word' id='word_1_426' title='bbox 2550 2236 2773 2290; x_wconf 88' lang='lat' dir='ltr'><strong>domum</strong></span> <span class='ocrx_word' id='word_1_427' title='bbox 2810 2234 3179 2305; x_wconf 87' lang='lat' dir='ltr'><strong>spiritualem,</strong></span> <span class='ocrx_word' id='word_1_428' title='bbox 3224 2234 3428 2290; x_wconf 89' lang='lat' dir='ltr'><strong>intelli-</strong></span> 
     </span>
    </p>
   </div>
   <div class='ocr_carea' id='block_1_67' title="bbox 1838 2325 3427 2401">
    <p class='ocr_par' dir='ltr' id='par_1_67' title="bbox 1838 2325 3427 2401">
     <span class='ocr_line' id='line_1_67' title="bbox 1838 2325 3427 2401; baseline -0.004 -17"><span class='ocrx_word' id='word_1_429' title='bbox 1838 2329 2021 2401; x_wconf 82' lang='lat' dir='ltr'><strong>gentia</strong></span> <span class='ocrx_word' id='word_1_430' title='bbox 2062 2328 2371 2384; x_wconf 89' lang='lat' dir='ltr'><strong>ascendens</strong></span> <span class='ocrx_word' id='word_1_431' title='bbox 2414 2342 2441 2380; x_wconf 92' lang='lat' dir='ltr'>a</span> <span class='ocrx_word' id='word_1_432' title='bbox 2477 2328 2646 2381; x_wconf 88' lang='lat' dir='ltr'><strong>rebus</strong></span> <span class='ocrx_word' id='word_1_433' title='bbox 2684 2326 2987 2381; x_wconf 82' lang='lat' dir='ltr'><strong>sensilibus</strong></span> <span class='ocrx_word' id='word_1_434' title='bbox 3038 2327 3106 2380; x_wconf 91' lang='lat' dir='ltr'>ad</span> <span class='ocrx_word' id='word_1_435' title='bbox 3138 2325 3427 2381; x_wconf 81' lang='lat' dir='ltr'><strong>veritatem</strong></span> 
     </span>
    </p>
   </div>
   <div class='ocr_carea' id='block_1_68' title="bbox 1838 2419 3081 2495">
    <p class='ocr_par' dir='ltr' id='par_1_68' title="bbox 1838 2419 3081 2495">
     <span class='ocr_line' id='line_1_68' title="bbox 1838 2419 3081 2495; baseline -0.003 -20"><span class='ocrx_word' id='word_1_436' title='bbox 1838 2438 1937 2495; x_wconf 85' lang='lat' dir='ltr'>per</span> <span class='ocrx_word' id='word_1_437' title='bbox 1968 2421 2279 2478; x_wconf 84' lang='lat' dir='ltr'><strong>naturalem</strong></span> <span class='ocrx_word' id='word_1_438' title='bbox 2314 2420 2728 2475; x_wconf 85' lang='lat' dir='ltr'><strong>meditationem</strong></span> <span class='ocrx_word' id='word_1_439' title='bbox 2762 2420 2815 2473; x_wconf 91' lang='lat' dir='ltr'>in</span> <span class='ocrx_word' id='word_1_440' title='bbox 2855 2419 3081 2489; x_wconf 82' lang='lat' dir='ltr'><strong>Spiritu.</strong></span> 
     </span>
    </p>
   </div>
   <div class='ocr_carea' id='block_1_69' title="bbox 1914 2716 3433 2781">
    <p class='ocr_par' dir='ltr' id='par_1_69' title="bbox 1914 2716 3433 2781">
     <span class='ocr_line' id='line_1_69' title="bbox 1914 2716 3433 2781; baseline -0.003 -2"><span class='ocrx_word' id='word_1_441' title='bbox 1914 2725 2081 2781; x_wconf 78' lang='lat' dir='ltr'><strong>Vitas.</strong></span> <span class='ocrx_word' id='word_1_442' title='bbox 2138 2726 2229 2780; x_wconf 74' lang='lat'><strong>21.</strong></span> <span class='ocrx_word' id='word_1_443' title='bbox 2267 2723 2509 2781; x_wconf 83' lang='lat' dir='ltr'><strong>Irretivit</strong></span> <span class='ocrx_word' id='word_1_444' title='bbox 2555 2740 2673 2779; x_wconf 81' lang='lat' dir='ltr'><strong>eum</strong></span> <span class='ocrx_word' id='word_1_445' title='bbox 2713 2723 2897 2778; x_wconf 78' lang='lat' dir='ltr'><strong>multis</strong></span> <span class='ocrx_word' id='word_1_446' title='bbox 2946 2720 3300 2778; x_wconf 77' lang='lat' dir='ltr'><strong>sermonibus.</strong></span> <span class='ocrx_word' id='word_1_447' title='bbox 3328 2716 3433 2775; x_wconf 83' lang='lat' dir='ltr'>De-</span> 
     </span>
    </p>
   </div>
   <div class='ocr_carea' id='block_1_70' title="bbox 1838 2812 3432 2888">
    <p class='ocr_par' dir='ltr' id='par_1_70' title="bbox 1838 2812 3432 2888">
     <span class='ocr_line' id='line_1_70' title="bbox 1838 2812 3432 2888; baseline -0.003 -17"><span class='ocrx_word' id='word_1_448' title='bbox 1838 2818 1986 2887; x_wconf 90' lang='lat' dir='ltr'><strong>cepit</strong></span> <span class='ocrx_word' id='word_1_449' title='bbox 2053 2816 2206 2871; x_wconf 89' lang='lat' dir='ltr'><strong>illum</strong></span> <span class='ocrx_word' id='word_1_450' title='bbox 2265 2817 2430 2888; x_wconf 89' lang='lat' dir='ltr'><strong>longo</strong></span> <span class='ocrx_word' id='word_1_451' title='bbox 2459 2829 2741 2883; x_wconf 86' lang='lat' dir='ltr'><strong>sermone,</strong></span> <span class='ocrx_word' id='word_1_452' title='bbox 2794 2815 3099 2884; x_wconf 85' lang='lat' dir='ltr'><strong>disponens</strong></span> <span class='ocrx_word' id='word_1_453' title='bbox 3162 2812 3318 2868; x_wconf 90' lang='lat' dir='ltr'><strong>illum</strong></span> <span class='ocrx_word' id='word_1_454' title='bbox 3372 2821 3432 2866; x_wconf 89' lang='lat' dir='ltr'>ut</span> 
     </span>
    </p>
   </div>
   <div class='ocr_carea' id='block_1_71' title="bbox 1840 2906 2277 2962">
    <p class='ocr_par' dir='ltr' id='par_1_71' title="bbox 1840 2906 2277 2962">
     <span class='ocr_line' id='line_1_71' title="bbox 1840 2906 2277 2962; baseline 0 -1"><span class='ocrx_word' id='word_1_455' title='bbox 1840 2908 1947 2962; x_wconf 86' lang='lat' dir='ltr'><strong>sibi</strong></span> <span class='ocrx_word' id='word_1_456' title='bbox 1975 2906 2277 2962; x_wconf 68' lang='lat' dir='ltr'><strong>adhaereat.</strong></span> 
     </span>
    </p>
   </div>
   <div class='ocr_carea' id='block_1_72' title="bbox 1896 2982 3433 3054">
    <p class='ocr_par' dir='ltr' id='par_1_72' title="bbox 1896 2982 3433 3054">
     <span class='ocr_line' id='line_1_72' title="bbox 1896 2982 3433 3054; baseline -0.003 0"><span class='ocrx_word' id='word_1_457' title='bbox 1896 3000 2114 3054; x_wconf 79' lang='lat' dir='ltr'><strong>Retibus</strong></span> <span class='ocrx_word' id='word_1_458' title='bbox 2150 2999 2415 3054; x_wconf 83' lang='lat' dir='ltr'><strong>labiorum</strong></span> <span class='ocrx_word' id='word_1_459' title='bbox 2457 3013 2678 3054; x_wconf 80' lang='lat' dir='ltr'><strong>suorum</strong></span> <span class='ocrx_word' id='word_1_460' title='bbox 2710 2997 2936 3051; x_wconf 68' lang='lat' dir='ltr'><strong>attraxit</strong></span> <span class='ocrx_word' id='word_1_461' title='bbox 2970 2998 3145 3051; x_wconf 80' lang='lat' dir='ltr'><strong>illum.</strong></span> <span class='ocrx_word' id='word_1_462' title='bbox 3176 2996 3312 3050; x_wconf 82' lang='lat' dir='ltr'><strong>Cum</strong></span> <span class='ocrx_word' id='word_1_463' title='bbox 3348 2982 3433 3050; x_wconf 74' lang='lat' dir='ltr'><strong>ni-</strong></span> 
     </span>
    </p>
   </div>
   <div class='ocr_carea' id='block_1_73' title="bbox 1763 3089 3431 3177">
    <p class='ocr_par' dir='ltr' id='par_1_73' title="bbox 1763 3089 3431 3177">
     <span class='ocr_line' id='line_1_73' title="bbox 1763 3089 3431 3177; baseline -0.002 -32"><span class='ocrx_word' id='word_1_464' title='bbox 1763 3120 1805 3177; x_wconf 75' lang='lat' dir='ltr'>c</span> <span class='ocrx_word' id='word_1_465' title='bbox 1841 3092 2008 3146; x_wconf 87' lang='lat' dir='ltr'><strong>nibus</strong></span> <span class='ocrx_word' id='word_1_466' title='bbox 2058 3090 2266 3145; x_wconf 89' lang='lat' dir='ltr'><strong>amoris</strong></span> <span class='ocrx_word' id='word_1_467' title='bbox 2334 3105 2599 3146; x_wconf 90' lang='lat' dir='ltr'><strong>sensuum</strong></span> <span class='ocrx_word' id='word_1_468' title='bbox 2682 3089 2749 3144; x_wconf 87' lang='lat' dir='ltr'>ad</span> <span class='ocrx_word' id='word_1_469' title='bbox 2807 3089 3081 3154; x_wconf 88' lang='lat' dir='ltr'><strong>carnalia,</strong></span> <span class='ocrx_word' id='word_1_470' title='bbox 3141 3102 3238 3158; x_wconf 87' lang='lat' dir='ltr'>per</span> <span class='ocrx_word' id='word_1_471' title='bbox 3289 3103 3431 3158; x_wconf 85' lang='lat' dir='ltr'><strong>quos</strong></span> 
     </span>
    </p>
   </div>
   <div class='ocr_carea' id='block_1_74' title="bbox 1841 3179 3431 3252">
    <p class='ocr_par' dir='ltr' id='par_1_74' title="bbox 1841 3179 3431 3252">
     <span class='ocr_line' id='line_1_74' title="bbox 1841 3179 3431 3252; baseline -0.001 -19"><span class='ocrx_word' id='word_1_472' title='bbox 1841 3182 1995 3252; x_wconf 84' lang='lat' dir='ltr'><strong>quasi</strong></span> <span class='ocrx_word' id='word_1_473' title='bbox 2040 3198 2134 3251; x_wconf 88' lang='lat' dir='ltr'>per</span> <span class='ocrx_word' id='word_1_474' title='bbox 2164 3181 2305 3235; x_wconf 86' lang='lat' dir='ltr'><strong>labia</strong></span> <span class='ocrx_word' id='word_1_475' title='bbox 2342 3182 2629 3236; x_wconf 86' lang='lat' dir='ltr'><strong>osculatur</strong></span> <span class='ocrx_word' id='word_1_476' title='bbox 2665 3180 2778 3247; x_wconf 88' lang='lat' dir='ltr'><strong>illa,</strong></span> <span class='ocrx_word' id='word_1_477' title='bbox 2809 3181 3042 3235; x_wconf 72' lang='lat' dir='ltr'><strong>removit</strong></span> <span class='ocrx_word' id='word_1_478' title='bbox 3081 3179 3236 3233; x_wconf 91' lang='lat' dir='ltr'><strong>illum</strong></span> <span class='ocrx_word' id='word_1_479' title='bbox 3280 3195 3309 3232; x_wconf 86' lang='lat' dir='ltr'>a</span> <span class='ocrx_word' id='word_1_480' title='bbox 3340 3195 3431 3233; x_wconf 81' lang='lat' dir='ltr'><strong>re-</strong></span> 
     </span>
    </p>
   </div>
   <div class='ocr_carea' id='block_1_75' title="bbox 1840 3271 2698 3343">
    <p class='ocr_par' dir='ltr' id='par_1_75' title="bbox 1840 3271 2698 3343">
     <span class='ocr_line' id='line_1_75' title="bbox 1840 3271 2698 3343; baseline -0.005 -16"><span class='ocrx_word' id='word_1_481' title='bbox 1840 3274 1945 3327; x_wconf 89' lang='lat' dir='ltr'><strong>ctis</strong></span> <span class='ocrx_word' id='word_1_482' title='bbox 1975 3272 2201 3326; x_wconf 87' lang='lat' dir='ltr'><strong>omnino</strong></span> <span class='ocrx_word' id='word_1_483' title='bbox 2244 3271 2698 3343; x_wconf 82' lang='lat' dir='ltr'><strong>cogitationibus.</strong></span> 
     </span>
    </p>
   </div>
   <div class='ocr_carea' id='block_1_76' title="bbox 1911 3450 3430 3508">
    <p class='ocr_par' dir='ltr' id='par_1_76' title="bbox 1911 3450 3430 3508">
     <span class='ocr_line' id='line_1_76' title="bbox 1911 3450 3430 3508; baseline 0 -2"><span class='ocrx_word' id='word_1_484' title='bbox 1911 3452 2078 3508; x_wconf 74' lang='lat' dir='ltr'><strong>Vens.</strong></span> <span class='ocrx_word' id='word_1_485' title='bbox 2110 3452 2200 3508; x_wconf 76' lang='lat'><strong>2&#39;2.</strong></span> <span class='ocrx_word' id='word_1_486' title='bbox 2262 3452 2363 3507; x_wconf 89' lang='lat' dir='ltr'><strong>Hic</strong></span> <span class='ocrx_word' id='word_1_487' title='bbox 2402 3461 2616 3506; x_wconf 75' lang='lat' dir='ltr'><strong>secutus</strong></span> <span class='ocrx_word' id='word_1_488' title='bbox 2669 3461 2748 3506; x_wconf 77' lang='lat' dir='ltr'>est</span> <span class='ocrx_word' id='word_1_489' title='bbox 2774 3451 2925 3506; x_wconf 85' lang='lat' dir='ltr'><strong>illam</strong></span> <span class='ocrx_word' id='word_1_490' title='bbox 2969 3467 3162 3505; x_wconf 73' lang='lat' dir='ltr'><strong>aecus.</strong></span> <span class='ocrx_word' id='word_1_491' title='bbox 3217 3450 3315 3506; x_wconf 81' lang='lat' dir='ltr'><strong>Hic</strong></span> <span class='ocrx_word' id='word_1_492' title='bbox 3353 3452 3430 3506; x_wconf 92' lang='lat' dir='ltr'><strong>illi</strong></span> 
     </span>
    </p>
   </div>
   <div class='ocr_carea' id='block_1_77' title="bbox 1841 3543 3433 3616">
    <p class='ocr_par' dir='ltr' id='par_1_77' title="bbox 1841 3543 3433 3616">
     <span class='ocr_line' id='line_1_77' title="bbox 1841 3543 3433 3616; baseline -0.003 -17"><span class='ocrx_word' id='word_1_493' title='bbox 1841 3546 2104 3610; x_wconf 88' lang='lat' dir='ltr'><strong>obedivit,</strong></span> <span class='ocrx_word' id='word_1_494' title='bbox 2157 3543 2521 3616; x_wconf 85' lang='lat' dir='ltr'><strong>cupiditatum</strong></span> <span class='ocrx_word' id='word_1_495' title='bbox 2573 3543 2885 3599; x_wconf 86' lang='lat' dir='ltr'><strong>carnalium</strong></span> <span class='ocrx_word' id='word_1_496' title='bbox 2934 3544 3219 3613; x_wconf 84' lang='lat' dir='ltr'><strong>voluptate</strong></span> <span class='ocrx_word' id='word_1_497' title='bbox 3261 3554 3433 3598; x_wconf 66' lang='lat' dir='ltr'><strong>aur..-</strong></span> 
     </span>
    </p>
   </div>
   <div class='ocr_carea' id='block_1_78' title="bbox 1841 3647 1986 3692">
    <p class='ocr_par' dir='ltr' id='par_1_78' title="bbox 1841 3647 1986 3692">
     <span class='ocr_line' id='line_1_78' title="bbox 1841 3647 1986 3692; baseline -0.014 0"><span class='ocrx_word' id='word_1_498' title='bbox 1841 3647 1986 3692; x_wconf 88' lang='lat' dir='ltr'><strong>ctus.</strong></span> 
     </span>
    </p>
   </div>
   <div class='ocr_carea' id='block_1_79' title="bbox 1918 3727 3432 3784">
    <p class='ocr_par' dir='ltr' id='par_1_79' title="bbox 1918 3727 3432 3784">
     <span class='ocr_line' id='line_1_79' title="bbox 1918 3727 3432 3784; baseline 0.001 -3"><span class='ocrx_word' id='word_1_499' title='bbox 1918 3728 1983 3782; x_wconf 87' lang='lat' dir='ltr'><strong>Ut</strong></span> <span class='ocrx_word' id='word_1_500' title='bbox 2035 3727 2238 3782; x_wconf 79' lang='lat' dir='ltr'><strong>bos&#39;ad</strong></span> <span class='ocrx_word' id='word_1_501' title='bbox 2284 3739 2509 3783; x_wconf 83' lang='lat' dir='ltr'><strong>mortem</strong></span> <span class='ocrx_word' id='word_1_502' title='bbox 2560 3728 2812 3782; x_wconf 79' lang='lat' dir='ltr'><strong>trahitur.</strong></span> <span class='ocrx_word' id='word_1_503' title='bbox 2868 3728 3041 3784; x_wconf 92' lang='lat' dir='ltr'><strong>Sicuti</strong></span> <span class='ocrx_word' id='word_1_504' title='bbox 3097 3728 3197 3784; x_wconf 83' lang='lat' dir='ltr'>bos</span> <span class='ocrx_word' id='word_1_505' title='bbox 3231 3727 3432 3782; x_wconf 86' lang='lat' dir='ltr'><strong>cadens</strong></span> 
     </span>
    </p>
   </div>
   <div class='ocr_carea' id='block_1_80' title="bbox 1842 3818 3433 3890">
    <p class='ocr_par' dir='ltr' id='par_1_80' title="bbox 1842 3818 3433 3890">
     <span class='ocr_line' id='line_1_80' title="bbox 1842 3818 3433 3890; baseline -0.003 -14"><span class='ocrx_word' id='word_1_506' title='bbox 1842 3822 1947 3876; x_wconf 90' lang='lat' dir='ltr'>sub</span> <span class='ocrx_word' id='word_1_507' title='bbox 1992 3820 2199 3875; x_wconf 89' lang='lat' dir='ltr'><strong>laboris</strong></span> <span class='ocrx_word' id='word_1_508' title='bbox 2251 3820 2511 3890; x_wconf 89' lang='lat' dir='ltr'><strong>pondere,</strong></span> <span class='ocrx_word' id='word_1_509' title='bbox 2571 3818 2639 3873; x_wconf 91' lang='lat' dir='ltr'>ad</span> <span class='ocrx_word' id='word_1_510' title='bbox 2689 3835 2879 3874; x_wconf 82' lang='lat' dir='ltr'><strong>necem</strong></span> <span class='ocrx_word' id='word_1_511' title='bbox 2916 3819 3177 3882; x_wconf 86' lang='lat' dir='ltr'><strong>trahitur,</strong></span> <span class='ocrx_word' id='word_1_512' title='bbox 3215 3819 3297 3875; x_wconf 91' lang='lat' dir='ltr'>sic</span> <span class='ocrx_word' id='word_1_513' title='bbox 3339 3819 3433 3872; x_wconf 78' lang='lat' dir='ltr'><strong>ille</strong></span> 
     </span>
    </p>
   </div>
   <div class='ocr_carea' id='block_1_81' title="bbox 1842 3911 3431 3979">
    <p class='ocr_par' dir='ltr' id='par_1_81' title="bbox 1842 3911 3431 3979">
     <span class='ocr_line' id='line_1_81' title="bbox 1842 3911 3431 3979; baseline -0.001 -11"><span class='ocrx_word' id='word_1_514' title='bbox 1842 3911 2047 3968; x_wconf 87' lang='lat' dir='ltr'><strong>cadens</strong></span> <span class='ocrx_word' id='word_1_515' title='bbox 2077 3913 2181 3969; x_wconf 90' lang='lat' dir='ltr'>sub</span> <span class='ocrx_word' id='word_1_516' title='bbox 2235 3912 2425 3968; x_wconf 88' lang='lat' dir='ltr'><strong>labore</strong></span> <span class='ocrx_word' id='word_1_517' title='bbox 2464 3912 2709 3979; x_wconf 83' lang='lat' dir='ltr'><strong>virtutis,</strong></span> <span class='ocrx_word' id='word_1_518' title='bbox 2745 3913 2988 3968; x_wconf 85' lang='lat' dir='ltr'><strong>trahitur</strong></span> <span class='ocrx_word' id='word_1_519' title='bbox 3037 3913 3107 3969; x_wconf 83' lang='lat' dir='ltr'>ad</span> <span class='ocrx_word' id='word_1_520' title='bbox 3145 3913 3431 3969; x_wconf 80' lang='lat' dir='ltr'><strong>mortifera</strong></span> 
     </span>
    </p>
   </div>
   <div class='ocr_carea' id='block_1_82' title="bbox 1843 4011 2092 4075">
    <p class='ocr_par' dir='ltr' id='par_1_82' title="bbox 1843 4011 2092 4075">
     <span class='ocr_line' id='line_1_82' title="bbox 1843 4011 2092 4075; baseline -0.012 -15"><span class='ocrx_word' id='word_1_521' title='bbox 1843 4011 2092 4075; x_wconf 85' lang='lat' dir='ltr'><strong>peccata.</strong></span> 
     </span>
    </p>
   </div>
   <div class='ocr_carea' id='block_1_83' title="bbox 1916 4172 3431 4238">
    <p class='ocr_par' dir='ltr' id='par_1_83' title="bbox 1916 4172 3431 4238">
     <span class='ocr_line' id='line_1_83' title="bbox 1916 4172 3431 4238; baseline 0.003 -13"><span class='ocrx_word' id='word_1_522' title='bbox 1916 4172 1982 4226; x_wconf 80' lang='lat' dir='ltr'><strong>Et</strong></span> <span class='ocrx_word' id='word_1_523' title='bbox 2017 4174 2151 4228; x_wconf 80' lang='lat' dir='ltr'><strong>sicut</strong></span> <span class='ocrx_word' id='word_1_524' title='bbox 2196 4173 2346 4227; x_wconf 84' lang='lat' dir='ltr'><strong>canis</strong></span> <span class='ocrx_word' id='word_1_525' title='bbox 2395 4174 2464 4227; x_wconf 86' lang='lat' dir='ltr'>ad</span> <span class='ocrx_word' id='word_1_526' title='bbox 2503 4174 2662 4231; x_wconf 86' lang='lat' dir='ltr'><strong>retia.</strong></span> <span class='ocrx_word' id='word_1_527' title='bbox 2716 4172 2782 4227; x_wconf 88' lang='lat' dir='ltr'><strong>Et</strong></span> <span class='ocrx_word' id='word_1_528' title='bbox 2816 4174 2961 4229; x_wconf 89' lang='lat' dir='ltr'><strong>sicut</strong></span> <span class='ocrx_word' id='word_1_529' title='bbox 2987 4173 3163 4238; x_wconf 89' lang='lat' dir='ltr'><strong>canis,</strong></span> <span class='ocrx_word' id='word_1_530' title='bbox 3205 4174 3431 4230; x_wconf 80' lang='lat' dir='ltr'><strong>funibus</strong></span> 
     </span>
    </p>
   </div>
   <div class='ocr_carea' id='block_1_84' title="bbox 1844 4265 3437 4337">
    <p class='ocr_par' dir='ltr' id='par_1_84' title="bbox 1844 4265 3437 4337">
     <span class='ocr_line' id='line_1_84' title="bbox 1844 4265 3437 4337; baseline -0.001 -16"><span class='ocrx_word' id='word_1_531' title='bbox 1844 4267 2044 4337; x_wconf 83' lang='lat' dir='ltr'><strong>ligatus</strong></span> <span class='ocrx_word' id='word_1_532' title='bbox 2066 4308 2080 4333; x_wconf 86' lang='lat'>,</span> <span class='ocrx_word' id='word_1_533' title='bbox 2133 4266 2202 4321; x_wconf 91' lang='lat' dir='ltr'>ab</span> <span class='ocrx_word' id='word_1_534' title='bbox 2233 4266 2630 4322; x_wconf 82' lang='lat' dir='ltr'><strong>insidiantibus</strong></span> <span class='ocrx_word' id='word_1_535' title='bbox 2664 4265 2947 4323; x_wconf 87' lang='lat' dir='ltr'><strong>custodire</strong></span> <span class='ocrx_word' id='word_1_536' title='bbox 2976 4266 3204 4334; x_wconf 86' lang='lat' dir='ltr'><strong>desinit,</strong></span> <span class='ocrx_word' id='word_1_537' title='bbox 3238 4268 3311 4321; x_wconf 86' lang='lat' dir='ltr'>ita</span> <span class='ocrx_word' id='word_1_538' title='bbox 3341 4266 3437 4319; x_wconf 74' lang='lat' dir='ltr'><strong>ilio</strong></span> 
     </span>
    </p>
   </div>
   <div class='ocr_carea' id='block_1_85' title="bbox 1845 4359 3431 4432">
    <p class='ocr_par' dir='ltr' id='par_1_85' title="bbox 1845 4359 3431 4432">
     <span class='ocr_line' id='line_1_85' title="bbox 1845 4359 3431 4432; baseline -0.003 -17"><span class='ocrx_word' id='word_1_539' title='bbox 1845 4361 2114 4416; x_wconf 88' lang='lat' dir='ltr'><strong>festinans</strong></span> <span class='ocrx_word' id='word_1_540' title='bbox 2167 4360 2370 4416; x_wconf 89' lang='lat' dir='ltr'><strong>vinciri</strong></span> <span class='ocrx_word' id='word_1_541' title='bbox 2434 4369 2789 4432; x_wconf 90' lang='lat' dir='ltr'><strong>peccatorum</strong></span> <span class='ocrx_word' id='word_1_542' title='bbox 2846 4360 3135 4430; x_wconf 90' lang='lat' dir='ltr'><strong>operibus,</strong></span> <span class='ocrx_word' id='word_1_543' title='bbox 3187 4359 3431 4429; x_wconf 82' lang='lat' dir='ltr'><strong>seipsqu</strong></span> 
     </span>
    </p>
   </div>
   <div class='ocr_carea' id='block_1_86' title="bbox 149 4448 1740 4529">
    <p class='ocr_par' dir='ltr' id='par_1_86' title="bbox 149 4448 1740 4529">
     <span class='ocr_line' id='line_1_86' title="bbox 149 4448 1740 4529; baseline 0.009 -29"><span class='ocrx_word' id='word_1_544' title='bbox 149 4466 242 4512; x_wconf 88' lang='grc' dir='ltr'>νος</span> <span class='ocrx_word' id='word_1_545' title='bbox 263 4448 606 4521; x_wconf 77' lang='grc' dir='ltr'>δεσμηθῆναι</span> <span class='ocrx_word' id='word_1_546' title='bbox 636 4457 701 4526; x_wconf 81' lang='grc' dir='ltr'>τῇ</span> <span class='ocrx_word' id='word_1_547' title='bbox 741 4454 864 4508; x_wconf 80' lang='grc' dir='ltr'>κατ’</span> <span class='ocrx_word' id='word_1_548' title='bbox 894 4456 1180 4525; x_wconf 80' lang='grc' dir='ltr'>ἐνέργειαν</span> <span class='ocrx_word' id='word_1_549' title='bbox 1219 4457 1485 4529; x_wconf 84' lang='grc' dir='ltr'>ἁμαρτίᾳ,</span> <span class='ocrx_word' id='word_1_550' title='bbox 1509 4459 1740 4515; x_wconf 84' lang='grc' dir='ltr'>παύεται</span> 
     </span>
    </p>
   </div>
   <div class='ocr_carea' id='block_1_87' title="bbox 1852 4448 3434 4529">
    <p class='ocr_par' dir='ltr' id='par_1_87' title="bbox 1852 4448 3434 4520">
     <span class='ocr_line' id='line_1_87' title="bbox 1852 4448 3434 4520; baseline -0.004 -12"><span class='ocrx_word' id='word_1_551' title='bbox 1852 4452 2143 4510; x_wconf 83' lang='lat' dir='ltr'><strong>defendere</strong></span> <span class='ocrx_word' id='word_1_552' title='bbox 2171 4462 2352 4508; x_wconf 88' lang='lat' dir='ltr'><strong>cessat</strong></span> <span class='ocrx_word' id='word_1_553' title='bbox 2382 4454 2652 4509; x_wconf 88' lang='lat' dir='ltr'><strong>adversus</strong></span> <span class='ocrx_word' id='word_1_554' title='bbox 2683 4452 2962 4509; x_wconf 62' lang='lat' dir='ltr'><strong>daemones</strong></span> <span class='ocrx_word' id='word_1_555' title='bbox 2997 4450 3099 4520; x_wconf 90' lang='lat' dir='ltr'><strong>ipsi</strong></span> <span class='ocrx_word' id='word_1_556' title='bbox 3130 4448 3434 4505; x_wconf 85' lang='lat' dir='ltr'><strong>secundum</strong></span> 
     </span>
    </p>
   </div>
   <div class='ocr_carea' id='block_1_88' title="bbox 148 4540 1745 4610">
    <p class='ocr_par' dir='ltr' id='par_1_88' title="bbox 148 4540 1745 4610">
     <span class='ocr_line' id='line_1_88' title="bbox 148 4540 1745 4610; baseline 0.009 -18"><span class='ocrx_word' id='word_1_557' title='bbox 148 4540 247 4593; x_wconf 85' lang='grc' dir='ltr'>τοῦ</span> <span class='ocrx_word' id='word_1_558' title='bbox 280 4541 569 4610; x_wconf 82' lang='grc' dir='ltr'>φυλάττειν</span> <span class='ocrx_word' id='word_1_559' title='bbox 614 4546 805 4599; x_wconf 79' lang='grc' dir='ltr'>ἑαυτὸν</span> <span class='ocrx_word' id='word_1_560' title='bbox 850 4548 961 4600; x_wconf 83' lang='grc' dir='ltr'>ἀπὸ</span> <span class='ocrx_word' id='word_1_561' title='bbox 987 4548 1095 4600; x_wconf 91' lang='grc' dir='ltr'>τῶν</span> <span class='ocrx_word' id='word_1_562' title='bbox 1125 4547 1588 4604; x_wconf 89' lang='grc' dir='ltr'>ἐπιϐουλευόντων</span> <span class='ocrx_word' id='word_1_563' title='bbox 1627 4552 1745 4607; x_wconf 86' lang='grc' dir='ltr'>δαι-</span> 
     </span>
    </p>
   </div>
   <div class='ocr_carea' id='block_1_89' title="bbox 152 4633 729 4708">
    <p class='ocr_par' dir='ltr' id='par_1_89' title="bbox 152 4633 729 4708">
     <span class='ocr_line' id='line_1_89' title="bbox 152 4633 729 4708; baseline 0.007 -20"><span class='ocrx_word' id='word_1_564' title='bbox 152 4633 341 4704; x_wconf 83' lang='grc' dir='ltr'>μόνων</span> <span class='ocrx_word' id='word_1_565' title='bbox 362 4636 502 4689; x_wconf 81' lang='grc' dir='ltr'>κατά</span> <span class='ocrx_word' id='word_1_566' title='bbox 528 4636 729 4708; x_wconf 77' lang='grc' dir='ltr'>ψυχήν.</span> 
     </span>
    </p>
   </div>
   <div class='ocr_carea' id='block_1_90' title="bbox 225 4727 1747 4805">
    <p class='ocr_par' dir='ltr' id='par_1_90' title="bbox 225 4727 1747 4805">
     <span class='ocr_line' id='line_1_90' title="bbox 225 4727 1747 4805; baseline 0.009 -27"><span class='ocrx_word' id='word_1_567' title='bbox 225 4732 334 4795; x_wconf 89' lang='grc' dir='ltr'>κγ’.</span> <span class='ocrx_word' id='word_1_568' title='bbox 369 4728 437 4781; x_wconf 85' lang='grc' dir='ltr'>’Ἠ</span> <span class='ocrx_word' id='word_1_569' title='bbox 479 4727 559 4795; x_wconf 87' lang='grc' dir='ltr'>ὡς</span> <span class='ocrx_word' id='word_1_570' title='bbox 580 4728 805 4799; x_wconf 66' lang='grc' dir='ltr'>ἔλαφος</span> <span class='ocrx_word' id='word_1_571' title='bbox 849 4732 1167 4803; x_wconf 80' lang='grc' dir='ltr'>τοξεύματι</span> <span class='ocrx_word' id='word_1_572' title='bbox 1207 4734 1532 4805; x_wconf 74' lang='grc' dir='ltr'>πεπληγὼς</span> <span class='ocrx_word' id='word_1_573' title='bbox 1561 4739 1647 4803; x_wconf 87' lang='grc' dir='ltr'>είς</span> <span class='ocrx_word' id='word_1_574' title='bbox 1680 4738 1747 4791; x_wconf 83' lang='grc' dir='ltr'>τὸ</span> 
     </span>
    </p>
   </div>
   <div class='ocr_carea' id='block_1_91' title="bbox 153 4810 1748 4898">
    <p class='ocr_par' dir='ltr' id='par_1_91' title="bbox 153 4810 1748 4898">
     <span class='ocr_line' id='line_1_91' title="bbox 153 4810 1748 4898; baseline 0.009 -31"><span class='ocrx_word' id='word_1_575' title='bbox 153 4810 344 4885; x_wconf 81' lang='grc' dir='ltr'>ἧπαρ.</span> <span class='ocrx_word' id='word_1_576' title='bbox 373 4818 444 4870; x_wconf 86' lang='grc' dir='ltr'><em>Ἦ</em></span> <span class='ocrx_word' id='word_1_577' title='bbox 475 4817 663 4892; x_wconf 84' lang='grc' dir='ltr'>ὥσπερ</span> <span class='ocrx_word' id='word_1_578' title='bbox 698 4839 780 4885; x_wconf 88' lang='grc' dir='ltr'>τις</span> <span class='ocrx_word' id='word_1_579' title='bbox 810 4822 1006 4893; x_wconf 80' lang='grc' dir='ltr'>ἔλαφος</span> <span class='ocrx_word' id='word_1_580' title='bbox 1036 4828 1147 4886; x_wconf 84' lang='grc' dir='ltr'>τοῖς</span> <span class='ocrx_word' id='word_1_581' title='bbox 1177 4826 1535 4897; x_wconf 79' lang='grc' dir='ltr'>ὑψηλοτάτοις</span> <span class='ocrx_word' id='word_1_582' title='bbox 1566 4828 1748 4898; x_wconf 75' lang='grc' dir='ltr'>ὄρεσιν</span> 
     </span>
    </p>
   </div>
   <div class='ocr_carea' id='block_1_92' title="bbox 151 4908 1749 4991">
    <p class='ocr_par' dir='ltr' id='par_1_92' title="bbox 151 4908 1749 4991">
     <span class='ocr_line' id='line_1_92' title="bbox 151 4908 1749 4991; baseline 0.011 -32"><span class='ocrx_word' id='word_1_583' title='bbox 151 4909 580 4981; x_wconf 86' lang='grc' dir='ltr'>ἐμφιλοχωρῶν,</span> <span class='ocrx_word' id='word_1_584' title='bbox 628 4912 690 4966; x_wconf 79' lang='grc' dir='ltr'>τὸ</span> <span class='ocrx_word' id='word_1_585' title='bbox 722 4908 877 4987; x_wconf 82' lang='grc' dir='ltr'>ἧπαρ</span> <span class='ocrx_word' id='word_1_586' title='bbox 918 4916 1062 4986; x_wconf 85' lang='grc' dir='ltr'>βέλει</span> <span class='ocrx_word' id='word_1_587' title='bbox 1104 4917 1355 4987; x_wconf 78' lang='grc' dir='ltr'>πληγεὶς,</span> <span class='ocrx_word' id='word_1_588' title='bbox 1396 4920 1590 4991; x_wconf 83' lang='grc' dir='ltr'>νεκρὸς</span> <span class='ocrx_word' id='word_1_589' title='bbox 1644 4923 1749 4977; x_wconf 74' lang='grc' dir='ltr'>ὑπὸ</span> 
     </span>
    </p>
   </div>
   <div class='ocr_carea' id='block_1_93' title="bbox 152 5000 1750 5082">
    <p class='ocr_par' dir='ltr' id='par_1_93' title="bbox 152 5000 1750 5082">
     <span class='ocr_line' id='line_1_93' title="bbox 152 5000 1750 5082; baseline 0.009 -28"><span class='ocrx_word' id='word_1_590' title='bbox 152 5000 269 5054; x_wconf 87' lang='grc' dir='ltr'>τῶν</span> <span class='ocrx_word' id='word_1_591' title='bbox 304 5002 591 5073; x_wconf 87' lang='grc' dir='ltr'>ἀγρευτῶν</span> <span class='ocrx_word' id='word_1_592' title='bbox 635 5005 849 5073; x_wconf 81' lang='grc' dir='ltr'>ἄγεται,</span> <span class='ocrx_word' id='word_1_593' title='bbox 885 5007 979 5063; x_wconf 83' lang='grc' dir='ltr'>τὸν</span> <span class='ocrx_word' id='word_1_594' title='bbox 1023 5008 1186 5062; x_wconf 75' lang='grc' dir='ltr'>αὑτὸν</span> <span class='ocrx_word' id='word_1_595' title='bbox 1225 5012 1428 5082; x_wconf 90' lang='grc' dir='ltr'>τρόπον</span> <span class='ocrx_word' id='word_1_596' title='bbox 1470 5013 1566 5067; x_wconf 69' lang='grc' dir='ltr'>καὶ</span> <span class='ocrx_word' id='word_1_597' title='bbox 1593 5008 1750 5079; x_wconf 73' lang='grc' dir='ltr'>οὗτος</span> 
     </span>
    </p>
   </div>
   <div class='ocr_carea' id='block_1_94' title="bbox 154 5093 1750 5179">
    <p class='ocr_par' dir='ltr' id='par_1_94' title="bbox 154 5093 1750 5179">
     <span class='ocr_line' id='line_1_94' title="bbox 154 5093 1750 5179; baseline 0.011 -33"><span class='ocrx_word' id='word_1_598' title='bbox 154 5093 392 5164; x_wconf 78' lang='grc' dir='ltr'>τρωθεὶς</span> <span class='ocrx_word' id='word_1_599' title='bbox 433 5098 554 5150; x_wconf 85' lang='grc' dir='ltr'>κατ’</span> <span class='ocrx_word' id='word_1_600' title='bbox 586 5098 883 5169; x_wconf 78' lang='grc' dir='ltr'>ἐπιθυμίαν</span> <span class='ocrx_word' id='word_1_601' title='bbox 930 5100 1038 5154; x_wconf 90' lang='grc' dir='ltr'>τῶν</span> <span class='ocrx_word' id='word_1_602' title='bbox 1086 5106 1444 5176; x_wconf 88' lang='grc' dir='ltr'>προσκαίρων</span> <span class='ocrx_word' id='word_1_603' title='bbox 1493 5107 1570 5178; x_wconf 83' lang='grc' dir='ltr'>τῷ</span> <span class='ocrx_word' id='word_1_604' title='bbox 1604 5108 1750 5179; x_wconf 80' lang='grc' dir='ltr'>βέλει</span> 
     </span>
    </p>
   </div>
   <div class='ocr_carea' id='block_1_95' title="bbox 155 5182 1750 5269">
    <p class='ocr_par' dir='ltr' id='par_1_95' title="bbox 155 5182 1750 5269">
     <span class='ocr_line' id='line_1_95' title="bbox 155 5182 1750 5269; baseline 0.012 -34"><span class='ocrx_word' id='word_1_605' title='bbox 155 5182 254 5236; x_wconf 88' lang='grc' dir='ltr'>τοῦ</span> <span class='ocrx_word' id='word_1_606' title='bbox 275 5184 387 5237; x_wconf 89' lang='grc' dir='ltr'>τῶν</span> <span class='ocrx_word' id='word_1_607' title='bbox 413 5188 701 5259; x_wconf 81' lang='grc' dir='ltr'>ἡμετέρων</span> <span class='ocrx_word' id='word_1_608' title='bbox 724 5188 913 5260; x_wconf 73' lang='grc' dir='ltr'>ψυχῶν</span> <span class='ocrx_word' id='word_1_609' title='bbox 941 5190 1229 5263; x_wconf 81' lang='grc' dir='ltr'>θηρευτοῦ,</span> <span class='ocrx_word' id='word_1_610' title='bbox 1258 5195 1622 5268; x_wconf 82' lang='grc' dir='ltr'>ἐστερημένος</span> <span class='ocrx_word' id='word_1_611' title='bbox 1653 5200 1750 5269; x_wconf 83' lang='grc' dir='ltr'>τῆς</span> 
     </span>
    </p>
   </div>
   <div class='ocr_carea' id='block_1_96' title="bbox 158 5278 1749 5357">
    <p class='ocr_par' dir='ltr' id='par_1_96' title="bbox 158 5278 1749 5357">
     <span class='ocr_line' id='line_1_96' title="bbox 158 5278 1749 5357; baseline 0.009 -26"><span class='ocrx_word' id='word_1_612' title='bbox 158 5282 548 5351; x_wconf 83' lang='grc' dir='ltr'>πνευματικῆς</span> <span class='ocrx_word' id='word_1_613' title='bbox 586 5278 756 5353; x_wconf 81' lang='grc' dir='ltr'>ζωῆς,</span> <span class='ocrx_word' id='word_1_614' title='bbox 799 5282 940 5353; x_wconf 84' lang='grc' dir='ltr'>πρὸς</span> <span class='ocrx_word' id='word_1_615' title='bbox 968 5286 1155 5339; x_wconf 86' lang='grc' dir='ltr'>πᾶσαν</span> <span class='ocrx_word' id='word_1_616' title='bbox 1185 5286 1387 5341; x_wconf 87' lang='grc' dir='ltr'>κακίαν</span> <span class='ocrx_word' id='word_1_617' title='bbox 1417 5288 1611 5357; x_wconf 78' lang='grc' dir='ltr'>ἄγεται</span> <span class='ocrx_word' id='word_1_618' title='bbox 1656 5291 1749 5344; x_wconf 81' lang='grc' dir='ltr'>ὑπ’</span> 
     </span>
    </p>
   </div>
   <div class='ocr_carea' id='block_1_97' title="bbox 158 5367 1377 5450">
    <p class='ocr_par' dir='ltr' id='par_1_97' title="bbox 158 5367 1377 5450">
     <span class='ocr_line' id='line_1_97' title="bbox 158 5367 1377 5450; baseline 0.009 -27"><span class='ocrx_word' id='word_1_619' title='bbox 158 5367 351 5435; x_wconf 86' lang='grc' dir='ltr'>αὑτοῦ,</span> <span class='ocrx_word' id='word_1_620' title='bbox 383 5370 481 5440; x_wconf 81' lang='grc' dir='ltr'>τῆς</span> <span class='ocrx_word' id='word_1_621' title='bbox 503 5372 760 5443; x_wconf 87' lang='grc' dir='ltr'>οὐρανίου</span> <span class='ocrx_word' id='word_1_622' title='bbox 786 5376 1056 5446; x_wconf 81' lang='grc' dir='ltr'>σχολάσας</span> <span class='ocrx_word' id='word_1_623' title='bbox 1078 5376 1377 5450; x_wconf 82' lang='grc' dir='ltr'>διαγωγῆς.</span> 
     </span>
    </p>
   </div>
   <div class='ocr_carea' id='block_1_98' title="bbox 234 5457 1752 5548">
    <p class='ocr_par' dir='ltr' id='par_1_98' title="bbox 234 5457 1752 5548">
     <span class='ocr_line' id='line_1_98' title="bbox 234 5457 1752 5548; baseline 0.013 -39"><span class='ocrx_word' id='word_1_624' title='bbox 234 5457 490 5512; x_wconf 80' lang='grc' dir='ltr'>Σπεύδει</span> <span class='ocrx_word' id='word_1_625' title='bbox 517 5459 587 5513; x_wconf 82' lang='grc' dir='ltr'>δὲ</span> <span class='ocrx_word' id='word_1_626' title='bbox 614 5459 819 5532; x_wconf 79' lang='grc' dir='ltr'>ὥσπερ</span> <span class='ocrx_word' id='word_1_627' title='bbox 846 5462 1059 5532; x_wconf 82' lang='grc' dir='ltr'>ὄρνεον</span> <span class='ocrx_word' id='word_1_628' title='bbox 1085 5467 1173 5532; x_wconf 87' lang='grc' dir='ltr'>είς</span> <span class='ocrx_word' id='word_1_629' title='bbox 1206 5468 1446 5537; x_wconf 77' lang='grc' dir='ltr'>παγίδα.</span> <span class='ocrx_word' id='word_1_630' title='bbox 1482 5471 1752 5548; x_wconf 83' lang='grc' dir='ltr'>Καθάπερ</span> 
     </span>
    </p>
   </div>
   <div class='ocr_carea' id='block_1_99' title="bbox 160 5549 1753 5634">
    <p class='ocr_par' dir='ltr' id='par_1_99' title="bbox 160 5549 1753 5634">
     <span class='ocr_line' id='line_1_99' title="bbox 160 5549 1753 5634; baseline 0.01 -29"><span class='ocrx_word' id='word_1_631' title='bbox 160 5549 221 5605; x_wconf 79' lang='grc' dir='ltr'>δέ</span> <span class='ocrx_word' id='word_1_632' title='bbox 260 5568 315 5606; x_wconf 85' lang='grc' dir='ltr'>τι</span> <span class='ocrx_word' id='word_1_633' title='bbox 340 5551 543 5623; x_wconf 79' lang='grc' dir='ltr'>πτηνὸν</span> <span class='ocrx_word' id='word_1_634' title='bbox 574 5554 745 5620; x_wconf 83' lang='grc' dir='ltr'>ὀξέως</span> <span class='ocrx_word' id='word_1_635' title='bbox 770 5556 995 5629; x_wconf 87' lang='grc' dir='ltr'>φέρεται</span> <span class='ocrx_word' id='word_1_636' title='bbox 1028 5560 1164 5631; x_wconf 81' lang='grc' dir='ltr'>πρὸς</span> <span class='ocrx_word' id='word_1_637' title='bbox 1198 5561 1298 5631; x_wconf 84' lang='grc' dir='ltr'>τὴν</span> <span class='ocrx_word' id='word_1_638' title='bbox 1346 5562 1525 5634; x_wconf 81' lang='grc' dir='ltr'>ἄγραν</span> <span class='ocrx_word' id='word_1_639' title='bbox 1565 5565 1753 5622; x_wconf 81' lang='grc' dir='ltr'>δελεα-</span> 
     </span>
    </p>
   </div>
   <div class='ocr_carea' id='block_1_100' title="bbox 164 5639 1754 5732">
    <p class='ocr_par' dir='ltr' id='par_1_100' title="bbox 164 5639 1754 5732">
     <span class='ocr_line' id='line_1_100' title="bbox 164 5639 1754 5732; baseline 0.012 -36"><span class='ocrx_word' id='word_1_640' title='bbox 164 5642 313 5709; x_wconf 82' lang='grc' dir='ltr'>σθὲν,</span> <span class='ocrx_word' id='word_1_641' title='bbox 344 5643 488 5699; x_wconf 79' lang='grc' dir='ltr'>οὕτω</span> <span class='ocrx_word' id='word_1_642' title='bbox 532 5647 629 5701; x_wconf 78' lang='grc' dir='ltr'>καὶ</span> <span class='ocrx_word' id='word_1_643' title='bbox 671 5639 847 5714; x_wconf 70' lang='grc' dir='ltr'>οὗτος,</span> <span class='ocrx_word' id='word_1_644' title='bbox 894 5648 1090 5722; x_wconf 81' lang='grc' dir='ltr'>ἀθρόον</span> <span class='ocrx_word' id='word_1_645' title='bbox 1123 5655 1189 5725; x_wconf 81' lang='grc' dir='ltr'>τῇ</span> <span class='ocrx_word' id='word_1_646' title='bbox 1231 5654 1478 5728; x_wconf 78' lang='grc' dir='ltr'>ἁμαρτίᾳ</span> <span class='ocrx_word' id='word_1_647' title='bbox 1530 5657 1618 5713; x_wconf 81' lang='grc' dir='ltr'>διὰ</span> <span class='ocrx_word' id='word_1_648' title='bbox 1654 5661 1754 5732; x_wconf 83' lang='grc' dir='ltr'>τῆς</span> 
     </span>
    </p>
   </div>
   <div class='ocr_carea' id='block_1_101' title="bbox 166 5737 1754 5816">
    <p class='ocr_par' dir='ltr' id='par_1_101' title="bbox 166 5737 1754 5816">
     <span class='ocr_line' id='line_1_101' title="bbox 166 5737 1754 5816; baseline 0.012 -28"><span class='ocrx_word' id='word_1_649' title='bbox 166 5737 477 5803; x_wconf 80' lang='grc' dir='ltr'>φαντασίας</span> <span class='ocrx_word' id='word_1_650' title='bbox 497 5737 639 5793; x_wconf 81' lang='grc' dir='ltr'>κατὰ</span> <span class='ocrx_word' id='word_1_651' title='bbox 657 5739 900 5795; x_wconf 86' lang='grc' dir='ltr'>διάθεσιν</span> <span class='ocrx_word' id='word_1_652' title='bbox 923 5742 1308 5815; x_wconf 82' lang='grc' dir='ltr'>ἐφιστάμενος,</span> <span class='ocrx_word' id='word_1_653' title='bbox 1333 5749 1623 5816; x_wconf 75' lang='grc' dir='ltr'>σπουδάζει</span> <span class='ocrx_word' id='word_1_654' title='bbox 1648 5752 1754 5809; x_wconf 80' lang='grc' dir='ltr'>ὑπὸ</span> 
     </span>
    </p>
   </div>
   <div class='ocr_carea' id='block_1_102' title="bbox 163 5827 1273 5910">
    <p class='ocr_par' dir='ltr' id='par_1_102' title="bbox 163 5827 1273 5910">
     <span class='ocr_line' id='line_1_102' title="bbox 163 5827 1273 5910; baseline 0.014 -29"><span class='ocrx_word' id='word_1_655' title='bbox 163 5827 263 5883; x_wconf 83' lang='grc' dir='ltr'>τοῦ</span> <span class='ocrx_word' id='word_1_656' title='bbox 292 5829 587 5904; x_wconf 73' lang='grc' dir='ltr'>εἰρημένου</span> <span class='ocrx_word' id='word_1_657' title='bbox 616 5832 882 5907; x_wconf 82' lang='grc' dir='ltr'>θηρευτοῦ</span> <span class='ocrx_word' id='word_1_658' title='bbox 911 5834 1273 5910; x_wconf 78' lang='grc' dir='ltr'>ἀγρευθῆναι.</span> 
     </span>
    </p>
   </div>
   <div class='ocr_carea' id='block_1_103' title="bbox 1850 4545 2474 4602">
    <p class='ocr_par' dir='ltr' id='par_1_103' title="bbox 1850 4545 2474 4602">
     <span class='ocr_line' id='line_1_103' title="bbox 1850 4545 2474 4602; baseline -0.003 -1"><span class='ocrx_word' id='word_1_659' title='bbox 1850 4547 2087 4601; x_wconf 87' lang='lat' dir='ltr'><strong>animam</strong></span> <span class='ocrx_word' id='word_1_660' title='bbox 2122 4545 2474 4602; x_wconf 88' lang='lat' dir='ltr'><strong>insidiantes.</strong></span> 
     </span>
    </p>
   </div>
   <div class='ocr_carea' id='block_1_104' title="bbox 1924 4769 3435 4841">
    <p class='ocr_par' dir='ltr' id='par_1_104' title="bbox 1924 4769 3435 4841">
     <span class='ocr_line' id='line_1_104' title="bbox 1924 4769 3435 4841; baseline 0 -17"><span class='ocrx_word' id='word_1_661' title='bbox 1924 4769 2091 4826; x_wconf 71' lang='lat' dir='ltr'><strong>Vens.</strong></span> <span class='ocrx_word' id='word_1_662' title='bbox 2126 4770 2217 4826; x_wconf 70' lang='grc'>25.</span> <span class='ocrx_word' id='word_1_663' title='bbox 2278 4770 2371 4825; x_wconf 81' lang='grc' dir='ltr'>γει</span> <span class='ocrx_word' id='word_1_664' title='bbox 2400 4781 2458 4825; x_wconf 88' lang='lat' dir='ltr'><strong>ut</strong></span> <span class='ocrx_word' id='word_1_665' title='bbox 2512 4787 2694 4825; x_wconf 80' lang='lat' dir='ltr'><strong>cervus</strong></span> <span class='ocrx_word' id='word_1_666' title='bbox 2733 4770 2924 4840; x_wconf 86' lang='lat' dir='ltr'><strong>jacqu</strong></span> <span class='ocrx_word' id='word_1_667' title='bbox 2962 4771 3014 4825; x_wconf 88' lang='lat' dir='ltr'>in</span> <span class='ocrx_word' id='word_1_668' title='bbox 3034 4770 3189 4841; x_wconf 78' lang='lat' dir='ltr'><strong>jecur</strong></span> <span class='ocrx_word' id='word_1_669' title='bbox 3213 4786 3435 4840; x_wconf 75' lang='lat' dir='ltr'><strong>percita-</strong></span> 
     </span>
    </p>
   </div>
   <div class='ocr_carea' id='block_1_105' title="bbox 1851 4864 3437 4929">
    <p class='ocr_par' dir='ltr' id='par_1_105' title="bbox 1851 4864 3437 4929">
     <span class='ocr_line' id='line_1_105' title="bbox 1851 4864 3437 4929; baseline -0.001 -11"><span class='ocrx_word' id='word_1_670' title='bbox 1851 4881 1965 4918; x_wconf 79' lang='lat' dir='ltr'><strong>sus.</strong></span> <span class='ocrx_word' id='word_1_671' title='bbox 2005 4864 2096 4919; x_wconf 78' lang='lat' dir='ltr'>Vel</span> <span class='ocrx_word' id='word_1_672' title='bbox 2128 4873 2190 4919; x_wconf 89' lang='lat' dir='ltr'>ut</span> <span class='ocrx_word' id='word_1_673' title='bbox 2219 4879 2442 4929; x_wconf 89' lang='lat' dir='ltr'><strong>cervus,</strong></span> <span class='ocrx_word' id='word_1_674' title='bbox 2474 4865 2768 4920; x_wconf 90' lang='lat' dir='ltr'><strong>altissimis</strong></span> <span class='ocrx_word' id='word_1_675' title='bbox 2805 4865 3087 4921; x_wconf 89' lang='lat' dir='ltr'><strong>montibus</strong></span> <span class='ocrx_word' id='word_1_676' title='bbox 3122 4864 3437 4919; x_wconf 84' lang='lat' dir='ltr'><strong>inhabitare</strong></span> 
     </span>
    </p>
   </div>
   <div class='ocr_carea' id='block_1_106' title="bbox 1852 4954 3489 5024">
    <p class='ocr_par' dir='ltr' id='par_1_106' title="bbox 1852 4954 3489 5024">
     <span class='ocr_line' id='line_1_106' title="bbox 1852 4954 3489 5024; baseline 0.003 -17"><span class='ocrx_word' id='word_1_677' title='bbox 1852 4968 2065 5020; x_wconf 89' lang='lat' dir='ltr'><strong>amans,</strong></span> <span class='ocrx_word' id='word_1_678' title='bbox 2104 4954 2291 5023; x_wconf 73' lang='lat' dir='ltr'><strong>iaculo</strong></span> <span class='ocrx_word' id='word_1_679' title='bbox 2315 4955 2473 5024; x_wconf 91' lang='lat' dir='ltr'><strong>jecur</strong></span> <span class='ocrx_word' id='word_1_680' title='bbox 2504 4956 2852 5021; x_wconf 89' lang='lat' dir='ltr'><strong>vulneratus,</strong></span> <span class='ocrx_word' id='word_1_681' title='bbox 2887 4955 3130 5011; x_wconf 89' lang='lat' dir='ltr'><strong>trahitur</strong></span> <span class='ocrx_word' id='word_1_682' title='bbox 3153 4957 3375 5013; x_wconf 84' lang='lat' dir='ltr'><strong>occisus</strong></span> <span class='ocrx_word' id='word_1_683' title='bbox 3404 4974 3434 5012; x_wconf 71' lang='grc' dir='ltr'>α</span> <span class='ocrx_word' id='word_1_684' title='bbox 3486 4958 3489 4959; x_wconf 59' lang='grc'><strong><em>⁷</em></strong></span> 
     </span>
    </p>
   </div>
   <div class='ocr_carea' id='block_1_107' title="bbox 1851 5046 3434 5120">
    <p class='ocr_par' dir='ltr' id='par_1_107' title="bbox 1851 5046 3434 5120">
     <span class='ocr_line' id='line_1_107' title="bbox 1851 5046 3434 5120; baseline 0.003 -22"><span class='ocrx_word' id='word_1_685' title='bbox 1851 5047 2238 5110; x_wconf 88' lang='lat' dir='ltr'><strong>venatoribus,</strong></span> <span class='ocrx_word' id='word_1_686' title='bbox 2269 5047 2459 5101; x_wconf 90' lang='lat' dir='ltr'><strong>eodem</strong></span> <span class='ocrx_word' id='word_1_687' title='bbox 2506 5046 2670 5102; x_wconf 91' lang='lat' dir='ltr'><strong>modo</strong></span> <span class='ocrx_word' id='word_1_688' title='bbox 2711 5048 2826 5110; x_wconf 77' lang='lat' dir='ltr'><strong>ille,</strong></span> <span class='ocrx_word' id='word_1_689' title='bbox 2861 5049 3244 5120; x_wconf 83' lang='lat' dir='ltr'><strong>temporalium</strong></span> <span class='ocrx_word' id='word_1_690' title='bbox 3278 5051 3434 5120; x_wconf 85' lang='lat' dir='ltr'><strong>cupi-</strong></span> 
     </span>
    </p>
   </div>
   <div class='ocr_carea' id='block_1_108' title="bbox 1853 5138 3441 5212">
    <p class='ocr_par' dir='ltr' id='par_1_108' title="bbox 1853 5138 3441 5212">
     <span class='ocr_line' id='line_1_108' title="bbox 1853 5138 3441 5212; baseline 0.003 -19"><span class='ocrx_word' id='word_1_691' title='bbox 1853 5138 2048 5203; x_wconf 90' lang='lat' dir='ltr'><strong>ditate,</strong></span> <span class='ocrx_word' id='word_1_692' title='bbox 2086 5138 2274 5207; x_wconf 87' lang='lat' dir='ltr'><strong>jaculo</strong></span> <span class='ocrx_word' id='word_1_693' title='bbox 2306 5138 2617 5193; x_wconf 91' lang='lat' dir='ltr'><strong>animarum</strong></span> <span class='ocrx_word' id='word_1_694' title='bbox 2650 5148 2967 5196; x_wconf 90' lang='lat' dir='ltr'><strong>nostrarum</strong></span> <span class='ocrx_word' id='word_1_695' title='bbox 3010 5141 3184 5197; x_wconf 83' lang='lat' dir='ltr'><strong>hostis</strong></span> <span class='ocrx_word' id='word_1_696' title='bbox 3213 5157 3441 5212; x_wconf 86' lang='lat' dir='ltr'><strong>percus-</strong></span> 
     </span>
    </p>
   </div>
   <div class='ocr_carea' id='block_1_109' title="bbox 1853 5228 3433 5301">
    <p class='ocr_par' dir='ltr' id='par_1_109' title="bbox 1853 5228 3433 5301">
     <span class='ocr_line' id='line_1_109' title="bbox 1853 5228 3433 5301; baseline 0.004 -18"><span class='ocrx_word' id='word_1_697' title='bbox 1853 5242 1970 5292; x_wconf 75' lang='lat' dir='ltr'><strong>sus,</strong></span> <span class='ocrx_word' id='word_1_698' title='bbox 2036 5229 2146 5281; x_wconf 87' lang='lat' dir='ltr'><strong>vita</strong></span> <span class='ocrx_word' id='word_1_699' title='bbox 2198 5228 2475 5298; x_wconf 89' lang='lat' dir='ltr'><strong>spirituali</strong></span> <span class='ocrx_word' id='word_1_700' title='bbox 2528 5231 2800 5301; x_wconf 87' lang='lat' dir='ltr'><strong>privatus,</strong></span> <span class='ocrx_word' id='word_1_701' title='bbox 2855 5233 2925 5287; x_wconf 88' lang='lat' dir='ltr'>ab</span> <span class='ocrx_word' id='word_1_702' title='bbox 2976 5233 3070 5287; x_wconf 90' lang='lat' dir='ltr'><strong>illo</strong></span> <span class='ocrx_word' id='word_1_703' title='bbox 3102 5235 3167 5287; x_wconf 88' lang='lat' dir='ltr'>ad</span> <span class='ocrx_word' id='word_1_704' title='bbox 3215 5249 3433 5290; x_wconf 88' lang='lat' dir='ltr'><strong>omnem</strong></span> 
     </span>
    </p>
   </div>
   <div class='ocr_carea' id='block_1_110' title="bbox 1853 5320 3256 5395">
    <p class='ocr_par' dir='ltr' id='par_1_110' title="bbox 1853 5320 3256 5395">
     <span class='ocr_line' id='line_1_110' title="bbox 1853 5320 3256 5395; baseline 0.007 -20"><span class='ocrx_word' id='word_1_705' title='bbox 1853 5320 2119 5375; x_wconf 89' lang='lat' dir='ltr'><strong>malitiam</strong></span> <span class='ocrx_word' id='word_1_706' title='bbox 2156 5320 2353 5387; x_wconf 81' lang='lat' dir='ltr'><strong>fertur,</strong></span> <span class='ocrx_word' id='word_1_707' title='bbox 2391 5338 2420 5377; x_wconf 91' lang='lat' dir='ltr'>a</span> <span class='ocrx_word' id='word_1_708' title='bbox 2457 5324 2673 5379; x_wconf 85' lang='lat' dir='ltr'><strong>caelesti</strong></span> <span class='ocrx_word' id='word_1_709' title='bbox 2717 5325 2984 5395; x_wconf 84' lang='lat' dir='ltr'><strong>regimine</strong></span> <span class='ocrx_word' id='word_1_710' title='bbox 3022 5326 3256 5385; x_wconf 84' lang='lat' dir='ltr'><strong>alienus.</strong></span> 
     </span>
    </p>
   </div>
   <div class='ocr_carea' id='block_1_111' title="bbox 1928 5490 3437 5560">
    <p class='ocr_par' dir='ltr' id='par_1_111' title="bbox 1928 5490 3437 5560">
     <span class='ocr_line' id='line_1_111' title="bbox 1928 5490 3437 5560; baseline 0.01 -15"><span class='ocrx_word' id='word_1_711' title='bbox 1928 5490 2173 5548; x_wconf 80' lang='lat' dir='ltr'><strong>Festinat</strong></span> <span class='ocrx_word' id='word_1_712' title='bbox 2205 5506 2262 5549; x_wconf 88' lang='lat' dir='ltr'><strong>ut</strong></span> <span class='ocrx_word' id='word_1_713' title='bbox 2293 5501 2404 5553; x_wconf 75' lang='lat' dir='ltr'><strong>aris</strong></span> <span class='ocrx_word' id='word_1_714' title='bbox 2435 5498 2505 5552; x_wconf 87' lang='lat' dir='ltr'>ad</span> <span class='ocrx_word' id='word_1_715' title='bbox 2532 5510 2657 5554; x_wconf 79' lang='lat' dir='ltr'><strong>rete.</strong></span> <span class='ocrx_word' id='word_1_716' title='bbox 2698 5498 2856 5556; x_wconf 88' lang='lat' dir='ltr'><strong>Sicut</strong></span> <span class='ocrx_word' id='word_1_717' title='bbox 2891 5502 3010 5560; x_wconf 91' lang='lat' dir='ltr'><strong>avis</strong></span> <span class='ocrx_word' id='word_1_718' title='bbox 3040 5503 3296 5560; x_wconf 87' lang='lat' dir='ltr'><strong>celeriter</strong></span> <span class='ocrx_word' id='word_1_719' title='bbox 3326 5504 3437 5560; x_wconf 80' lang='lat' dir='ltr'><strong>fer-</strong></span> 
     </span>
    </p>
   </div>
   <div class='ocr_carea' id='block_1_112' title="bbox 1856 5585 3438 5668">
    <p class='ocr_par' dir='ltr' id='par_1_112' title="bbox 1856 5585 3438 5668">
     <span class='ocr_line' id='line_1_112' title="bbox 1856 5585 3438 5668; baseline 0.01 -30"><span class='ocrx_word' id='word_1_720' title='bbox 1856 5591 1947 5639; x_wconf 89' lang='lat' dir='ltr'>tur</span> <span class='ocrx_word' id='word_1_721' title='bbox 1982 5585 2049 5640; x_wconf 92' lang='lat' dir='ltr'>ad</span> <span class='ocrx_word' id='word_1_722' title='bbox 2086 5586 2314 5642; x_wconf 91' lang='lat' dir='ltr'><strong>illicium</strong></span> <span class='ocrx_word' id='word_1_723' title='bbox 2367 5598 2624 5657; x_wconf 90' lang='lat' dir='ltr'><strong>attracta,</strong></span> <span class='ocrx_word' id='word_1_724' title='bbox 2669 5591 2745 5646; x_wconf 85' lang='lat' dir='ltr'>ita</span> <span class='ocrx_word' id='word_1_725' title='bbox 2778 5592 2894 5660; x_wconf 88' lang='lat' dir='ltr'><strong>ille,</strong></span> <span class='ocrx_word' id='word_1_726' title='bbox 2924 5597 3139 5662; x_wconf 91' lang='lat' dir='ltr'><strong>statim,</strong></span> <span class='ocrx_word' id='word_1_727' title='bbox 3170 5612 3266 5668; x_wconf 88' lang='lat' dir='ltr'>per</span> <span class='ocrx_word' id='word_1_728' title='bbox 3303 5596 3438 5654; x_wconf 73' lang='grc' dir='ltr'>επε-</span> 
     </span>
    </p>
   </div>
   <div class='ocr_carea' id='block_1_113' title="bbox 1856 5678 3434 5759">
    <p class='ocr_par' dir='ltr' id='par_1_113' title="bbox 1856 5678 3434 5759">
     <span class='ocr_line' id='line_1_113' title="bbox 1856 5678 3434 5759; baseline 0.008 -28"><span class='ocrx_word' id='word_1_729' title='bbox 1856 5683 2029 5741; x_wconf 90' lang='lat' dir='ltr'><strong>ctum,</strong></span> <span class='ocrx_word' id='word_1_730' title='bbox 2102 5678 2486 5736; x_wconf 90' lang='lat' dir='ltr'><strong>illecebrarum</strong></span> <span class='ocrx_word' id='word_1_731' title='bbox 2551 5682 2755 5753; x_wconf 88' lang='lat' dir='ltr'><strong>specie,</strong></span> <span class='ocrx_word' id='word_1_732' title='bbox 2824 5686 3132 5755; x_wconf 82' lang='lat' dir='ltr'><strong>obstrictus</strong></span> <span class='ocrx_word' id='word_1_733' title='bbox 3185 5698 3434 5759; x_wconf 77' lang='lat' dir='ltr'><strong>peccato,</strong></span> 
     </span>
    </p>
   </div>
   <div class='ocr_carea' id='block_1_114' title="bbox 1858 5768 2931 5846">
    <p class='ocr_par' dir='ltr' id='par_1_114' title="bbox 1858 5768 2931 5846">
     <span class='ocr_line' id='line_1_114' title="bbox 1858 5768 2931 5846; baseline 0.009 -21"><span class='ocrx_word' id='word_1_734' title='bbox 1858 5768 2083 5827; x_wconf 74' lang='lat' dir='ltr'><strong>festinat</strong></span> <span class='ocrx_word' id='word_1_735' title='bbox 2110 5771 2177 5828; x_wconf 89' lang='lat' dir='ltr'>ad</span> <span class='ocrx_word' id='word_1_736' title='bbox 2202 5772 2341 5830; x_wconf 88' lang='lat' dir='ltr'><strong>retia</strong></span> <span class='ocrx_word' id='word_1_737' title='bbox 2372 5774 2677 5846; x_wconf 86' lang='lat' dir='ltr'><strong>supradicti</strong></span> <span class='ocrx_word' id='word_1_738' title='bbox 2709 5775 2931 5843; x_wconf 30' lang='lat' dir='ltr'><strong>hostias</strong></span> 
     </span>
    </p>
   </div>
  </div>
