  <div class='ocr_page' id='page_1' title='image "/cluster/home/n/w/nwhite01/storage/ocr_20150623/87:1/hvd.32044020319117/652.png"; bbox 0 0 4034 6506; ppageno 0'>
   <div class='ocr_carea' id='block_1_1' title="bbox 178 374 316 439">
    <p class='ocr_par' dir='ltr' id='par_1_1' title="bbox 178 374 316 439">
     <span class='ocr_line' id='line_1_1' title="bbox 178 374 316 439; baseline 0 -1"><span class='ocrx_word' id='word_1_1' title='bbox 178 374 316 439; x_wconf 70' lang='grc'>1289</span> 
     </span>
    </p>
   </div>
   <div class='ocr_carea' id='block_1_2' title="bbox 1186 382 2348 449">
    <p class='ocr_par' dir='ltr' id='par_1_2' title="bbox 1186 382 2348 449">
     <span class='ocr_line' id='line_1_2' title="bbox 1186 382 2348 449; baseline 0.004 -5"><span class='ocrx_word' id='word_1_2' title='bbox 1186 382 1723 444; x_wconf 78' lang='lat' dir='ltr'><strong>COMMENTARII</strong></span> <span class='ocrx_word' id='word_1_3' title='bbox 1767 383 1848 445; x_wconf 88' lang='lat' dir='ltr'><strong>IN</strong></span> <span class='ocrx_word' id='word_1_4' title='bbox 1890 384 2348 449; x_wconf 73' lang='lat' dir='ltr'><strong>PROVERBIA.</strong></span> 
     </span>
    </p>
   </div>
   <div class='ocr_carea' id='block_1_3' title="bbox 3287 402 3489 467">
    <p class='ocr_par' dir='ltr' id='par_1_3' title="bbox 3287 402 3489 467">
     <span class='ocr_line' id='line_1_3' title="bbox 3287 402 3489 467; baseline 0.025 -3"><span class='ocrx_word' id='word_1_5' title='bbox 3287 402 3422 467; x_wconf 77' lang='lat'><strong>1290</strong></span> <span class='ocrx_word' id='word_1_6' title='bbox 3485 442 3489 446; x_wconf 56' lang='grc' dir='ltr'><strong>λ</strong></span> 
     </span>
    </p>
   </div>
   <div class='ocr_carea' id='block_1_4' title="bbox 162 491 1742 591">
    <p class='ocr_par' dir='ltr' id='par_1_4' title="bbox 162 491 1742 570">
     <span class='ocr_line' id='line_1_4' title="bbox 162 491 1742 570; baseline 0.007 -25"><span class='ocrx_word' id='word_1_7' title='bbox 162 491 351 548; x_wconf 78' lang='grc' dir='ltr'>πυλῶν</span> <span class='ocrx_word' id='word_1_8' title='bbox 406 492 551 547; x_wconf 71' lang='grc' dir='ltr'>κατὰ</span> <span class='ocrx_word' id='word_1_9' title='bbox 584 493 818 565; x_wconf 80' lang='grc' dir='ltr'>θεωρίαν</span> <span class='ocrx_word' id='word_1_10' title='bbox 848 495 1174 565; x_wconf 74' lang='grc' dir='ltr'><strong>εἰσαγωγαῖς</strong></span> <span class='ocrx_word' id='word_1_11' title='bbox 1215 497 1365 569; x_wconf 66' lang='lat' dir='ltr'><strong>[cor].</strong></span> <span class='ocrx_word' id='word_1_12' title='bbox 1412 500 1742 570; x_wconf 79' lang='grc' dir='ltr'><strong>εἰσαγωγῆς]</strong></span> 
     </span>
    </p>
   </div>
   <div class='ocr_carea' id='block_1_5' title="bbox 1847 491 3423 591">
    <p class='ocr_par' dir='ltr' id='par_1_5' title="bbox 1853 502 3423 591">
     <span class='ocr_line' id='line_1_5' title="bbox 1853 502 3423 591; baseline 0.017 -38"><span class='ocrx_word' id='word_1_13' title='bbox 1853 502 2251 571; x_wconf 78' lang='lat' dir='ltr'><strong>percipiuntur,</strong></span> <span class='ocrx_word' id='word_1_14' title='bbox 2282 507 2378 561; x_wconf 75' lang='lat' dir='ltr'><strong>Sed</strong></span> <span class='ocrx_word' id='word_1_15' title='bbox 2422 508 2588 563; x_wconf 90' lang='lat' dir='ltr'><strong>etiam</strong></span> <span class='ocrx_word' id='word_1_16' title='bbox 2617 524 2715 579; x_wconf 86' lang='lat' dir='ltr'><strong>per</strong></span> <span class='ocrx_word' id='word_1_17' title='bbox 2749 527 2913 582; x_wconf 84' lang='lat' dir='ltr'><strong>quos,</strong></span> <span class='ocrx_word' id='word_1_18' title='bbox 2943 520 3103 585; x_wconf 85' lang='lat' dir='ltr'><strong>quasi</strong></span> <span class='ocrx_word' id='word_1_19' title='bbox 3128 534 3223 588; x_wconf 82' lang='lat' dir='ltr'><strong>per</strong></span> <span class='ocrx_word' id='word_1_20' title='bbox 3252 538 3423 591; x_wconf 86' lang='lat' dir='ltr'><strong>quas-</strong></span> 
     </span>
    </p>
   </div>
   <div class='ocr_carea' id='block_1_6' title="bbox 162 583 1743 661">
    <p class='ocr_par' dir='ltr' id='par_1_6' title="bbox 162 583 1743 661">
     <span class='ocr_line' id='line_1_6' title="bbox 162 583 1743 661; baseline 0.004 -24"><span class='ocrx_word' id='word_1_21' title='bbox 162 584 299 656; x_wconf 81' lang='grc' dir='ltr'>πρὸς</span> <span class='ocrx_word' id='word_1_22' title='bbox 320 583 383 637; x_wconf 84' lang='grc' dir='ltr'><strong>τὺ</strong></span> <span class='ocrx_word' id='word_1_23' title='bbox 401 584 806 657; x_wconf 73' lang='grc' dir='ltr'><strong>ἐπιγνωσθῆναι</strong></span> <span class='ocrx_word' id='word_1_24' title='bbox 830 586 993 639; x_wconf 81' lang='grc' dir='ltr'>αὐτὸν</span> <span class='ocrx_word' id='word_1_25' title='bbox 1025 589 1167 643; x_wconf 84' lang='grc' dir='ltr'>κατὰ</span> <span class='ocrx_word' id='word_1_26' title='bbox 1189 589 1316 644; x_wconf 90' lang='grc' dir='ltr'>νοῦν</span> <span class='ocrx_word' id='word_1_27' title='bbox 1342 594 1407 661; x_wconf 82' lang='grc' dir='ltr'><strong>τῇ</strong></span> <span class='ocrx_word' id='word_1_28' title='bbox 1431 590 1597 660; x_wconf 78' lang='grc' dir='ltr'>ψυχῇ,</span> <span class='ocrx_word' id='word_1_29' title='bbox 1626 591 1743 644; x_wconf 86' lang='grc' dir='ltr'>δια-</span> 
     </span>
    </p>
   </div>
   <div class='ocr_carea' id='block_1_7' title="bbox 157 676 1743 754">
    <p class='ocr_par' dir='ltr' id='par_1_7' title="bbox 157 676 1743 754">
     <span class='ocr_line' id='line_1_7' title="bbox 157 676 1743 754; baseline 0.005 -25"><span class='ocrx_word' id='word_1_30' title='bbox 157 676 340 747; x_wconf 78' lang='grc' dir='ltr'>τρίϐει</span> <span class='ocrx_word' id='word_1_31' title='bbox 390 678 644 749; x_wconf 81' lang='grc' dir='ltr'>αίσθήσει</span> <span class='ocrx_word' id='word_1_32' title='bbox 688 678 800 731; x_wconf 87' lang='grc' dir='ltr'><strong>τῶν</strong></span> <span class='ocrx_word' id='word_1_33' title='bbox 854 678 931 751; x_wconf 75' lang='grc' dir='ltr'>μὴ</span> <span class='ocrx_word' id='word_1_34' title='bbox 972 681 1297 752; x_wconf 79' lang='grc' dir='ltr'><strong>ἡττημένων</strong></span> <span class='ocrx_word' id='word_1_35' title='bbox 1325 686 1393 754; x_wconf 82' lang='grc' dir='ltr'>τῇ</span> <span class='ocrx_word' id='word_1_36' title='bbox 1425 684 1610 753; x_wconf 84' lang='grc' dir='ltr'><strong>ἀπάτῃ</strong></span> <span class='ocrx_word' id='word_1_37' title='bbox 1642 684 1743 753; x_wconf 84' lang='grc' dir='ltr'>τῆς</span> 
     </span>
    </p>
   </div>
   <div class='ocr_carea' id='block_1_8' title="bbox 156 770 881 839">
    <p class='ocr_par' dir='ltr' id='par_1_8' title="bbox 156 770 881 839">
     <span class='ocr_line' id='line_1_8' title="bbox 156 770 881 839; baseline 0.007 -18"><span class='ocrx_word' id='word_1_38' title='bbox 156 770 486 838; x_wconf 76' lang='grc' dir='ltr'><strong>ἐπιφανείας</strong></span> <span class='ocrx_word' id='word_1_39' title='bbox 512 770 621 827; x_wconf 85' lang='grc' dir='ltr'><strong>τῶν</strong></span> <span class='ocrx_word' id='word_1_40' title='bbox 648 770 881 839; x_wconf 86' lang='grc' dir='ltr'><strong>ὁρατῶν.</strong></span> 
     </span>
    </p>
   </div>
   <div class='ocr_carea' id='block_1_9' title="bbox 240 858 1744 930">
    <p class='ocr_par' dir='ltr' id='par_1_9' title="bbox 240 858 1744 930">
     <span class='ocr_line' id='line_1_9' title="bbox 240 858 1744 930; baseline 0.001 -14"><span class='ocrx_word' id='word_1_41' title='bbox 240 859 348 916; x_wconf 78' lang='grc' dir='ltr'><strong>Ἐν</strong></span> <span class='ocrx_word' id='word_1_42' title='bbox 382 858 451 912; x_wconf 81' lang='grc' dir='ltr'>δὲ</span> <span class='ocrx_word' id='word_1_43' title='bbox 484 859 747 925; x_wconf 74' lang='grc' dir='ltr'><strong>εἰσόδοις</strong></span> <span class='ocrx_word' id='word_1_44' title='bbox 775 860 1067 930; x_wconf 80' lang='grc' dir='ltr'>ὑμνεῖται.</span> <span class='ocrx_word' id='word_1_45' title='bbox 1112 864 1200 917; x_wconf 85' lang='grc' dir='ltr'><strong>Ἐν</strong></span> <span class='ocrx_word' id='word_1_46' title='bbox 1228 865 1285 918; x_wconf 88' lang='grc' dir='ltr'><strong>δέ</strong></span> <span class='ocrx_word' id='word_1_47' title='bbox 1317 869 1434 927; x_wconf 77' lang='grc' dir='ltr'>ταῖς</span> <span class='ocrx_word' id='word_1_48' title='bbox 1465 864 1744 929; x_wconf 77' lang='grc' dir='ltr'><strong>τοιαύταις</strong></span> 
     </span>
    </p>
   </div>
   <div class='ocr_carea' id='block_1_10' title="bbox 155 953 1743 1029">
    <p class='ocr_par' dir='ltr' id='par_1_10' title="bbox 155 953 1743 1029">
     <span class='ocr_line' id='line_1_10' title="bbox 155 953 1743 1029; baseline 0.001 -19"><span class='ocrx_word' id='word_1_49' title='bbox 155 954 328 1011; x_wconf 79' lang='grc' dir='ltr'>αὐτοῦ</span> <span class='ocrx_word' id='word_1_50' title='bbox 369 955 504 1026; x_wconf 82' lang='grc' dir='ltr'>πρὸς</span> <span class='ocrx_word' id='word_1_51' title='bbox 552 953 677 1007; x_wconf 92' lang='grc' dir='ltr'>νοῦν</span> <span class='ocrx_word' id='word_1_52' title='bbox 718 956 1071 1021; x_wconf 81' lang='grc' dir='ltr'>είσελεύσεσι,</span> <span class='ocrx_word' id='word_1_53' title='bbox 1107 958 1476 1029; x_wconf 83' lang='grc' dir='ltr'>μεγαλύνεται</span> <span class='ocrx_word' id='word_1_54' title='bbox 1515 960 1602 1014; x_wconf 80' lang='grc' dir='ltr'><strong>διὰ</strong></span> <span class='ocrx_word' id='word_1_55' title='bbox 1634 959 1743 1013; x_wconf 91' lang='grc' dir='ltr'><strong>τῶν</strong></span> 
     </span>
    </p>
   </div>
   <div class='ocr_carea' id='block_1_11' title="bbox 152 1046 1743 1123">
    <p class='ocr_par' dir='ltr' id='par_1_11' title="bbox 152 1046 1743 1123">
     <span class='ocr_line' id='line_1_11' title="bbox 152 1046 1743 1123; baseline 0.001 -22"><span class='ocrx_word' id='word_1_56' title='bbox 152 1047 303 1101; x_wconf 78' lang='grc' dir='ltr'>κατὰ</span> <span class='ocrx_word' id='word_1_57' title='bbox 338 1046 569 1118; x_wconf 78' lang='grc' dir='ltr'><strong>μίμησιν</strong></span> <span class='ocrx_word' id='word_1_58' title='bbox 599 1046 765 1101; x_wconf 85' lang='grc' dir='ltr'>αὑτοῦ</span> <span class='ocrx_word' id='word_1_59' title='bbox 792 1048 1012 1117; x_wconf 81' lang='grc' dir='ltr'>ἀγαθῶν</span> <span class='ocrx_word' id='word_1_60' title='bbox 1042 1049 1221 1120; x_wconf 75' lang='grc' dir='ltr'>ἔργων</span> <span class='ocrx_word' id='word_1_61' title='bbox 1250 1049 1325 1113; x_wconf 84' lang='grc' dir='ltr'>ὡς</span> <span class='ocrx_word' id='word_1_62' title='bbox 1349 1051 1460 1104; x_wconf 85' lang='grc' dir='ltr'><strong>τῶν</strong></span> <span class='ocrx_word' id='word_1_63' title='bbox 1489 1051 1743 1123; x_wconf 85' lang='grc' dir='ltr'><strong>ὁρώντων</strong></span> 
     </span>
    </p>
   </div>
   <div class='ocr_carea' id='block_1_12' title="bbox 154 1137 1737 1213">
    <p class='ocr_par' dir='ltr' id='par_1_12' title="bbox 154 1137 1737 1213">
     <span class='ocr_line' id='line_1_12' title="bbox 154 1137 1737 1213; baseline 0.004 -19"><span class='ocrx_word' id='word_1_64' title='bbox 154 1140 302 1194; x_wconf 78' lang='grc' dir='ltr'>αὐτὰ</span> <span class='ocrx_word' id='word_1_65' title='bbox 326 1137 657 1203; x_wconf 74' lang='grc' dir='ltr'>δοξάζοντων</span> <span class='ocrx_word' id='word_1_66' title='bbox 694 1141 884 1194; x_wconf 85' lang='grc' dir='ltr'>τοῦτον</span> <span class='ocrx_word' id='word_1_67' title='bbox 911 1141 1003 1195; x_wconf 82' lang='grc' dir='ltr'>τὸν</span> <span class='ocrx_word' id='word_1_68' title='bbox 1031 1143 1126 1196; x_wconf 88' lang='grc' dir='ltr'><strong>τοῦ</strong></span> <span class='ocrx_word' id='word_1_69' title='bbox 1156 1145 1357 1208; x_wconf 79' lang='grc' dir='ltr'>παντὸς</span> <span class='ocrx_word' id='word_1_70' title='bbox 1387 1144 1561 1198; x_wconf 75' lang='grc' dir='ltr'>αἴτιον</span> <span class='ocrx_word' id='word_1_71' title='bbox 1596 1147 1737 1213; x_wconf 83' lang='grc' dir='ltr'>ἀγα-</span> 
     </span>
    </p>
   </div>
   <div class='ocr_carea' id='block_1_13' title="bbox 156 1230 1216 1303">
    <p class='ocr_par' dir='ltr' id='par_1_13' title="bbox 156 1230 1216 1303">
     <span class='ocr_line' id='line_1_13' title="bbox 156 1230 1216 1303; baseline 0.005 -19"><span class='ocrx_word' id='word_1_72' title='bbox 156 1230 255 1285; x_wconf 83' lang='grc' dir='ltr'><strong>θοῦ</strong></span> <span class='ocrx_word' id='word_1_73' title='bbox 274 1246 288 1259; x_wconf 90' lang='grc'><strong>·</strong></span> <span class='ocrx_word' id='word_1_74' title='bbox 327 1232 423 1285; x_wconf 78' lang='grc' dir='ltr'>καὶ</span> <span class='ocrx_word' id='word_1_75' title='bbox 450 1230 621 1283; x_wconf 85' lang='grc' dir='ltr'>ταῦτα</span> <span class='ocrx_word' id='word_1_76' title='bbox 655 1231 752 1301; x_wconf 78' lang='grc' dir='ltr'>μὲν</span> <span class='ocrx_word' id='word_1_77' title='bbox 774 1232 843 1287; x_wconf 78' lang='grc' dir='ltr'><strong>τά</strong></span> <span class='ocrx_word' id='word_1_78' title='bbox 870 1233 973 1302; x_wconf 80' lang='grc' dir='ltr'>τῆς</span> <span class='ocrx_word' id='word_1_79' title='bbox 1002 1234 1216 1303; x_wconf 82' lang='grc' dir='ltr'>σοφίας.</span> 
     </span>
    </p>
   </div>
   <div class='ocr_carea' id='block_1_14' title="bbox 227 1317 1741 1400">
    <p class='ocr_par' dir='ltr' id='par_1_14' title="bbox 227 1317 1741 1400">
     <span class='ocr_line' id='line_1_14' title="bbox 227 1317 1741 1400; baseline 0.007 -27"><span class='ocrx_word' id='word_1_80' title='bbox 227 1322 293 1375; x_wconf 86' lang='grc' dir='ltr'>δ’.</span> <span class='ocrx_word' id='word_1_81' title='bbox 343 1318 515 1387; x_wconf 84' lang='grc' dir='ltr'><strong>Ὺμᾶς</strong></span> <span class='ocrx_word' id='word_1_82' title='bbox 544 1320 633 1383; x_wconf 80' lang='grc' dir='ltr'>δὲ,</span> <span class='ocrx_word' id='word_1_83' title='bbox 657 1317 705 1376; x_wconf 86' lang='grc' dir='ltr'>ὦ</span> <span class='ocrx_word' id='word_1_84' title='bbox 735 1323 1054 1391; x_wconf 76' lang='grc' dir='ltr'>ἅνθρωποι,</span> <span class='ocrx_word' id='word_1_85' title='bbox 1094 1327 1444 1395; x_wconf 80' lang='grc' dir='ltr'>παρακαλῶ.</span> <span class='ocrx_word' id='word_1_86' title='bbox 1488 1328 1663 1400; x_wconf 83' lang='grc' dir='ltr'>’Υμᾶς</span> <span class='ocrx_word' id='word_1_87' title='bbox 1684 1328 1741 1394; x_wconf 78' lang='grc' dir='ltr'>δὲ</span> 
     </span>
    </p>
   </div>
   <div class='ocr_carea' id='block_1_15' title="bbox 150 1412 1741 1488">
    <p class='ocr_par' dir='ltr' id='par_1_15' title="bbox 150 1412 1741 1488">
     <span class='ocr_line' id='line_1_15' title="bbox 150 1412 1741 1488; baseline 0.004 -22"><span class='ocrx_word' id='word_1_88' title='bbox 150 1412 284 1477; x_wconf 72' lang='grc' dir='ltr'>τοὺς</span> <span class='ocrx_word' id='word_1_89' title='bbox 304 1413 398 1465; x_wconf 74' lang='grc' dir='ltr'><strong>τὸν</strong></span> <span class='ocrx_word' id='word_1_90' title='bbox 422 1413 523 1483; x_wconf 84' lang='grc' dir='ltr'>τῆς</span> <span class='ocrx_word' id='word_1_91' title='bbox 546 1413 893 1485; x_wconf 80' lang='grc' dir='ltr'><strong>ἀνθρωπίνης</strong></span> <span class='ocrx_word' id='word_1_92' title='bbox 922 1415 1139 1483; x_wconf 83' lang='grc' dir='ltr'>φύσεως</span> <span class='ocrx_word' id='word_1_93' title='bbox 1167 1416 1325 1485; x_wconf 87' lang='grc' dir='ltr'>λόγον</span> <span class='ocrx_word' id='word_1_94' title='bbox 1356 1418 1495 1472; x_wconf 92' lang='grc' dir='ltr'>σῶον</span> <span class='ocrx_word' id='word_1_95' title='bbox 1538 1419 1741 1488; x_wconf 80' lang='grc' dir='ltr'>φυλάτ-</span> 
     </span>
    </p>
   </div>
   <div class='ocr_carea' id='block_1_16' title="bbox 153 1506 1742 1583">
    <p class='ocr_par' dir='ltr' id='par_1_16' title="bbox 153 1506 1742 1583">
     <span class='ocr_line' id='line_1_16' title="bbox 153 1506 1742 1583; baseline 0.004 -24"><span class='ocrx_word' id='word_1_96' title='bbox 153 1523 370 1571; x_wconf 86' lang='grc' dir='ltr'>τοντας,</span> <span class='ocrx_word' id='word_1_97' title='bbox 399 1506 495 1559; x_wconf 70' lang='grc' dir='ltr'>καὶ</span> <span class='ocrx_word' id='word_1_98' title='bbox 524 1509 638 1569; x_wconf 79' lang='grc' dir='ltr'>τοῖς</span> <span class='ocrx_word' id='word_1_99' title='bbox 668 1508 766 1577; x_wconf 80' lang='grc' dir='ltr'>μὲν</span> <span class='ocrx_word' id='word_1_100' title='bbox 806 1507 958 1576; x_wconf 77' lang='grc' dir='ltr'>παρὰ</span> <span class='ocrx_word' id='word_1_101' title='bbox 985 1508 1150 1577; x_wconf 78' lang='grc' dir='ltr'>φύσιν</span> <span class='ocrx_word' id='word_1_102' title='bbox 1180 1511 1380 1564; x_wconf 84' lang='grc' dir='ltr'>πάθεσι</span> <span class='ocrx_word' id='word_1_103' title='bbox 1425 1512 1500 1583; x_wconf 83' lang='grc' dir='ltr'>μὴ</span> <span class='ocrx_word' id='word_1_104' title='bbox 1546 1512 1742 1566; x_wconf 85' lang='grc' dir='ltr'>ὑποπί-</span> 
     </span>
    </p>
   </div>
   <div class='ocr_carea' id='block_1_17' title="bbox 155 1597 1741 1676">
    <p class='ocr_par' dir='ltr' id='par_1_17' title="bbox 155 1597 1741 1676">
     <span class='ocr_line' id='line_1_17' title="bbox 155 1597 1741 1676; baseline 0.004 -23"><span class='ocrx_word' id='word_1_105' title='bbox 155 1615 416 1664; x_wconf 83' lang='grc' dir='ltr'>πτοντας,</span> <span class='ocrx_word' id='word_1_106' title='bbox 447 1597 663 1663; x_wconf 82' lang='grc' dir='ltr'>φύσεως</span> <span class='ocrx_word' id='word_1_107' title='bbox 706 1600 756 1651; x_wconf 85' lang='grc' dir='ltr'>δ’</span> <span class='ocrx_word' id='word_1_108' title='bbox 782 1602 953 1672; x_wconf 80' lang='grc' dir='ltr'>αὐτῆς</span> <span class='ocrx_word' id='word_1_109' title='bbox 985 1606 1349 1675; x_wconf 79' lang='grc' dir='ltr'><strong>καταφρονεῖν</strong></span> <span class='ocrx_word' id='word_1_110' title='bbox 1382 1607 1551 1676; x_wconf 84' lang='grc' dir='ltr'>μήπω</span> <span class='ocrx_word' id='word_1_111' title='bbox 1590 1606 1741 1660; x_wconf 84' lang='grc' dir='ltr'>δεδυ-</span> 
     </span>
    </p>
   </div>
   <div class='ocr_carea' id='block_1_18' title="bbox 155 1688 1741 1768">
    <p class='ocr_par' dir='ltr' id='par_1_18' title="bbox 155 1688 1741 1768">
     <span class='ocr_line' id='line_1_18' title="bbox 155 1688 1741 1768; baseline 0.006 -27"><span class='ocrx_word' id='word_1_112' title='bbox 155 1688 451 1759; x_wconf 81' lang='grc' dir='ltr'>νημένονς,</span> <span class='ocrx_word' id='word_1_113' title='bbox 480 1689 540 1742; x_wconf 82' lang='grc' dir='ltr'>οὐ</span> <span class='ocrx_word' id='word_1_114' title='bbox 573 1689 697 1743; x_wconf 87' lang='grc' dir='ltr'>κατ’</span> <span class='ocrx_word' id='word_1_115' title='bbox 721 1691 940 1762; x_wconf 80' lang='grc' dir='ltr'>ἐντολὴν</span> <span class='ocrx_word' id='word_1_116' title='bbox 966 1693 1065 1765; x_wconf 85' lang='grc' dir='ltr'><strong>τὴν</strong></span> <span class='ocrx_word' id='word_1_117' title='bbox 1092 1694 1300 1768; x_wconf 81' lang='grc' dir='ltr'><strong>ταύτης</strong></span> <span class='ocrx_word' id='word_1_118' title='bbox 1332 1698 1741 1768; x_wconf 79' lang='grc' dir='ltr'>καταφρόνησιν</span> 
     </span>
    </p>
   </div>
   <div class='ocr_carea' id='block_1_19' title="bbox 154 1780 1742 1859">
    <p class='ocr_par' dir='ltr' id='par_1_19' title="bbox 154 1780 1742 1859">
     <span class='ocr_line' id='line_1_19' title="bbox 154 1780 1742 1859; baseline 0.006 -26"><span class='ocrx_word' id='word_1_119' title='bbox 154 1780 396 1845; x_wconf 79' lang='grc' dir='ltr'>ἀπαιτῶ,</span> <span class='ocrx_word' id='word_1_120' title='bbox 427 1780 591 1849; x_wconf 75' lang='grc' dir='ltr'>φόϐον</span> <span class='ocrx_word' id='word_1_121' title='bbox 624 1782 748 1834; x_wconf 83' lang='grc' dir='ltr'>τινὰ</span> <span class='ocrx_word' id='word_1_122' title='bbox 775 1783 1033 1837; x_wconf 80' lang='grc' dir='ltr'>ἐπισείων</span> <span class='ocrx_word' id='word_1_123' title='bbox 1067 1785 1217 1854; x_wconf 79' lang='grc' dir='ltr'>ὑμῖν,</span> <span class='ocrx_word' id='word_1_124' title='bbox 1249 1786 1369 1840; x_wconf 85' lang='grc' dir='ltr'>ἀλλ’</span> <span class='ocrx_word' id='word_1_125' title='bbox 1407 1791 1465 1843; x_wconf 88' lang='grc' dir='ltr'>ἐν</span> <span class='ocrx_word' id='word_1_126' title='bbox 1505 1788 1585 1859; x_wconf 84' lang='grc' dir='ltr'>τῷ</span> <span class='ocrx_word' id='word_1_127' title='bbox 1610 1790 1742 1843; x_wconf 84' lang='grc' dir='ltr'><strong>ἀνα-</strong></span> 
     </span>
    </p>
   </div>
   <div class='ocr_carea' id='block_1_20' title="bbox 1845 591 3420 669">
    <p class='ocr_par' dir='ltr' id='par_1_20' title="bbox 1845 591 3420 669">
     <span class='ocr_line' id='line_1_20' title="bbox 1845 591 3420 669; baseline 0.015 -25"><span class='ocrx_word' id='word_1_128' title='bbox 1845 591 1970 645; x_wconf 89' lang='lat' dir='ltr'><strong>dam</strong></span> <span class='ocrx_word' id='word_1_129' title='bbox 2003 604 2212 662; x_wconf 88' lang='lat' dir='ltr'><strong>portas,</strong></span> <span class='ocrx_word' id='word_1_130' title='bbox 2259 598 2615 656; x_wconf 73' lang='lat' dir='ltr'><strong>meditatione</strong></span> <span class='ocrx_word' id='word_1_131' title='bbox 2662 604 3037 663; x_wconf 71' lang='lat' dir='ltr'><strong>introducitur</strong></span> <span class='ocrx_word' id='word_1_132' title='bbox 3093 608 3328 667; x_wconf 82' lang='lat' dir='ltr'><strong>Verbum</strong></span> <span class='ocrx_word' id='word_1_133' title='bbox 3360 625 3420 669; x_wconf 90' lang='lat' dir='ltr'><strong>ut</strong></span> 
     </span>
    </p>
   </div>
   <div class='ocr_carea' id='block_1_21' title="bbox 1847 682 3419 761">
    <p class='ocr_par' dir='ltr' id='par_1_21' title="bbox 1847 682 3419 761">
     <span class='ocr_line' id='line_1_21' title="bbox 1847 682 3419 761; baseline 0.017 -25"><span class='ocrx_word' id='word_1_134' title='bbox 1847 682 2042 738; x_wconf 89' lang='lat' dir='ltr'><strong>horum</strong></span> <span class='ocrx_word' id='word_1_135' title='bbox 2107 695 2301 741; x_wconf 84' lang='lat' dir='ltr'><strong>auctor</strong></span> <span class='ocrx_word' id='word_1_136' title='bbox 2360 692 2679 761; x_wconf 83' lang='lat' dir='ltr'><strong>cognitum,</strong></span> <span class='ocrx_word' id='word_1_137' title='bbox 2739 706 2798 751; x_wconf 91' lang='lat' dir='ltr'><strong>ut</strong></span> <span class='ocrx_word' id='word_1_138' title='bbox 2853 697 2922 751; x_wconf 85' lang='lat' dir='ltr'><strong>ah</strong></span> <span class='ocrx_word' id='word_1_139' title='bbox 2984 702 3164 758; x_wconf 90' lang='lat' dir='ltr'><strong>anima</strong></span> <span class='ocrx_word' id='word_1_140' title='bbox 3221 719 3419 761; x_wconf 87' lang='lat' dir='ltr'><strong>secun-</strong></span> 
     </span>
    </p>
   </div>
   <div class='ocr_carea' id='block_1_22' title="bbox 1844 775 2751 855">
    <p class='ocr_par' dir='ltr' id='par_1_22' title="bbox 1844 775 2751 855">
     <span class='ocr_line' id='line_1_22' title="bbox 1844 775 2751 855; baseline 0.01 -24"><span class='ocrx_word' id='word_1_141' title='bbox 1844 775 1974 831; x_wconf 89' lang='lat' dir='ltr'><strong>dum</strong></span> <span class='ocrx_word' id='word_1_142' title='bbox 2010 778 2274 847; x_wconf 86' lang='lat' dir='ltr'><strong>placitum</strong></span> <span class='ocrx_word' id='word_1_143' title='bbox 2302 796 2751 855; x_wconf 74' lang='lat' dir='ltr'><strong>recognoscatur.</strong></span> 
     </span>
    </p>
   </div>
   <div class='ocr_carea' id='block_1_23' title="bbox 1908 868 3420 960">
    <p class='ocr_par' dir='ltr' id='par_1_23' title="bbox 1908 868 3420 960">
     <span class='ocr_line' id='line_1_23' title="bbox 1908 868 3420 960; baseline 0.015 -38"><span class='ocrx_word' id='word_1_144' title='bbox 1908 868 1976 923; x_wconf 87' lang='lat' dir='ltr'><strong>In</strong></span> <span class='ocrx_word' id='word_1_145' title='bbox 2006 873 2164 927; x_wconf 73' lang='lat' dir='ltr'><strong>atriis</strong></span> <span class='ocrx_word' id='word_1_146' title='bbox 2212 878 2605 947; x_wconf 81' lang='lat' dir='ltr'><strong>magniﬁcatur.</strong></span> <span class='ocrx_word' id='word_1_147' title='bbox 2637 879 2702 935; x_wconf 87' lang='lat' dir='ltr'><strong>Et</strong></span> <span class='ocrx_word' id='word_1_148' title='bbox 2746 882 2801 937; x_wconf 87' lang='lat' dir='ltr'><strong>in</strong></span> <span class='ocrx_word' id='word_1_149' title='bbox 2840 883 3182 955; x_wconf 80' lang='lat' dir='ltr'><strong>ingressibus</strong></span> <span class='ocrx_word' id='word_1_150' title='bbox 3205 888 3325 960; x_wconf 79' lang='lat' dir='ltr'><strong>ejus</strong></span> <span class='ocrx_word' id='word_1_151' title='bbox 3352 891 3420 945; x_wconf 85' lang='lat' dir='ltr'><strong>ad</strong></span> 
     </span>
    </p>
   </div>
   <div class='ocr_carea' id='block_1_24' title="bbox 1844 961 3423 1040">
    <p class='ocr_par' dir='ltr' id='par_1_24' title="bbox 1844 961 3423 1040">
     <span class='ocr_line' id='line_1_24' title="bbox 1844 961 3423 1040; baseline 0.012 -25"><span class='ocrx_word' id='word_1_152' title='bbox 1844 961 2109 1028; x_wconf 88' lang='lat' dir='ltr'><strong>animam,</strong></span> <span class='ocrx_word' id='word_1_153' title='bbox 2134 966 2362 1031; x_wconf 80' lang='lat' dir='ltr'><strong>exaltat,</strong></span> <span class='ocrx_word' id='word_1_154' title='bbox 2387 984 2507 1037; x_wconf 71' lang='lat' dir='ltr'><strong>qua:</strong></span> <span class='ocrx_word' id='word_1_155' title='bbox 2541 986 2604 1024; x_wconf 81' lang='lat' dir='ltr'><strong>ex</strong></span> <span class='ocrx_word' id='word_1_156' title='bbox 2638 972 2759 1040; x_wconf 85' lang='lat' dir='ltr'><strong>ejus</strong></span> <span class='ocrx_word' id='word_1_157' title='bbox 2784 974 3087 1032; x_wconf 82' lang='lat' dir='ltr'><strong>imitatione</strong></span> <span class='ocrx_word' id='word_1_158' title='bbox 3118 976 3261 1032; x_wconf 81' lang='lat' dir='ltr'><strong>facta</strong></span> <span class='ocrx_word' id='word_1_159' title='bbox 3293 993 3423 1034; x_wconf 91' lang='lat' dir='ltr'><strong>sunt</strong></span> 
     </span>
    </p>
   </div>
   <div class='ocr_carea' id='block_1_25' title="bbox 1843 1053 3423 1126">
    <p class='ocr_par' dir='ltr' id='par_1_25' title="bbox 1843 1053 3423 1126">
     <span class='ocr_line' id='line_1_25' title="bbox 1843 1053 3423 1126; baseline 0.014 -21"><span class='ocrx_word' id='word_1_160' title='bbox 1843 1066 2011 1121; x_wconf 81' lang='lat' dir='ltr'><strong>opera</strong></span> <span class='ocrx_word' id='word_1_161' title='bbox 2055 1053 2220 1119; x_wconf 88' lang='lat' dir='ltr'><strong>bona,</strong></span> <span class='ocrx_word' id='word_1_162' title='bbox 2276 1064 2336 1109; x_wconf 94' lang='lat' dir='ltr'><strong>ut</strong></span> <span class='ocrx_word' id='word_1_163' title='bbox 2364 1073 2428 1111; x_wconf 86' lang='lat' dir='ltr'><strong>ea</strong></span> <span class='ocrx_word' id='word_1_164' title='bbox 2460 1060 2730 1126; x_wconf 85' lang='lat' dir='ltr'><strong>videntes,</strong></span> <span class='ocrx_word' id='word_1_165' title='bbox 2772 1064 2922 1118; x_wconf 90' lang='lat' dir='ltr'><strong>illum</strong></span> <span class='ocrx_word' id='word_1_166' title='bbox 2967 1068 3145 1123; x_wconf 90' lang='lat' dir='ltr'><strong>omnis</strong></span> <span class='ocrx_word' id='word_1_167' title='bbox 3169 1067 3423 1126; x_wconf 85' lang='lat' dir='ltr'><strong>honiau-</strong></span> 
     </span>
    </p>
   </div>
   <div class='ocr_carea' id='block_1_26' title="bbox 1842 1146 3162 1228">
    <p class='ocr_par' dir='ltr' id='par_1_26' title="bbox 1842 1146 3162 1228">
     <span class='ocr_line' id='line_1_26' title="bbox 1842 1146 3162 1228; baseline 0.013 -30"><span class='ocrx_word' id='word_1_168' title='bbox 1842 1152 2055 1198; x_wconf 86' lang='lat' dir='ltr'><strong>ctorem</strong></span> <span class='ocrx_word' id='word_1_169' title='bbox 2088 1146 2374 1203; x_wconf 77' lang='lat' dir='ltr'><strong>celebrent</strong></span> <span class='ocrx_word' id='word_1_170' title='bbox 2402 1168 2415 1204; x_wconf 93' lang='lat'><strong>:</strong></span> <span class='ocrx_word' id='word_1_171' title='bbox 2446 1161 2500 1205; x_wconf 84' lang='lat' dir='ltr'><strong>ct</strong></span> <span class='ocrx_word' id='word_1_172' title='bbox 2530 1154 2641 1208; x_wconf 74' lang='lat' dir='ltr'><strong>luec</strong></span> <span class='ocrx_word' id='word_1_173' title='bbox 2666 1155 2829 1209; x_wconf 83' lang='lat' dir='ltr'><strong>verba</strong></span> <span class='ocrx_word' id='word_1_174' title='bbox 2860 1158 3162 1228; x_wconf 61' lang='lat' dir='ltr'><strong>sapientiae.</strong></span> 
     </span>
    </p>
   </div>
   <div class='ocr_carea' id='block_1_27' title="bbox 1912 1319 3421 1415">
    <p class='ocr_par' dir='ltr' id='par_1_27' title="bbox 1912 1319 3421 1415">
     <span class='ocr_line' id='line_1_27' title="bbox 1912 1319 3421 1415; baseline 0.019 -41"><span class='ocrx_word' id='word_1_175' title='bbox 1912 1319 2081 1376; x_wconf 70' lang='lat' dir='ltr'><strong>Vens.</strong></span> <span class='ocrx_word' id='word_1_176' title='bbox 2111 1323 2168 1377; x_wconf 71' lang='grc'>4.</span> <span class='ocrx_word' id='word_1_177' title='bbox 2204 1323 2249 1379; x_wconf 92' lang='lat'><em>0</em></span> <span class='ocrx_word' id='word_1_178' title='bbox 2281 1326 2402 1391; x_wconf 73' lang='lat' dir='ltr'><strong>viri,</strong></span> <span class='ocrx_word' id='word_1_179' title='bbox 2446 1327 2517 1381; x_wconf 86' lang='lat' dir='ltr'><strong>ad</strong></span> <span class='ocrx_word' id='word_1_180' title='bbox 2555 1345 2644 1384; x_wconf 75' lang='lat' dir='ltr'><strong>vos</strong></span> <span class='ocrx_word' id='word_1_181' title='bbox 2682 1332 2917 1393; x_wconf 82' lang='lat' dir='ltr'><strong>ctamito.</strong></span> <span class='ocrx_word' id='word_1_182' title='bbox 2953 1336 3059 1394; x_wconf 90' lang='lat' dir='ltr'><strong>Vos</strong></span> <span class='ocrx_word' id='word_1_183' title='bbox 3091 1348 3275 1399; x_wconf 89' lang='lat' dir='ltr'><strong>autem</strong></span> <span class='ocrx_word' id='word_1_184' title='bbox 3304 1350 3421 1415; x_wconf 86' lang='lat' dir='ltr'><strong>qui,</strong></span> 
     </span>
    </p>
   </div>
   <div class='ocr_carea' id='block_1_28' title="bbox 1854 1407 3424 1498">
    <p class='ocr_par' dir='ltr' id='par_1_28' title="bbox 1854 1407 3424 1498">
     <span class='ocr_line' id='line_1_28' title="bbox 1854 1407 3424 1498; baseline 0.021 -36"><span class='ocrx_word' id='word_1_185' title='bbox 1854 1407 2113 1467; x_wconf 71' lang='lat' dir='ltr'><strong>humanae</strong></span> <span class='ocrx_word' id='word_1_186' title='bbox 2148 1422 2365 1471; x_wconf 72' lang='lat' dir='ltr'><strong>natura:</strong></span> <span class='ocrx_word' id='word_1_187' title='bbox 2396 1418 2567 1490; x_wconf 78' lang='lat' dir='ltr'><strong>legem</strong></span> <span class='ocrx_word' id='word_1_188' title='bbox 2616 1436 2808 1478; x_wconf 88' lang='lat' dir='ltr'><strong>sanam</strong></span> <span class='ocrx_word' id='word_1_189' title='bbox 2838 1430 3234 1498; x_wconf 85' lang='lat' dir='ltr'><strong>custodientes,</strong></span> <span class='ocrx_word' id='word_1_190' title='bbox 3270 1451 3302 1490; x_wconf 89' lang='lat' dir='ltr'><strong>a</strong></span> <span class='ocrx_word' id='word_1_191' title='bbox 3324 1454 3424 1494; x_wconf 88' lang='lat' dir='ltr'><strong>cu-</strong></span> 
     </span>
    </p>
   </div>
   <div class='ocr_carea' id='block_1_29' title="bbox 1842 1499 3425 1582">
    <p class='ocr_par' dir='ltr' id='par_1_29' title="bbox 1842 1499 3425 1582">
     <span class='ocr_line' id='line_1_29' title="bbox 1842 1499 3425 1582; baseline 0.02 -30"><span class='ocrx_word' id='word_1_192' title='bbox 1842 1499 2172 1570; x_wconf 85' lang='lat' dir='ltr'><strong>piditatibus</strong></span> <span class='ocrx_word' id='word_1_193' title='bbox 2226 1522 2349 1576; x_wconf 71' lang='lat' dir='ltr'><strong>qua:</strong></span> <span class='ocrx_word' id='word_1_194' title='bbox 2392 1520 2525 1565; x_wconf 87' lang='lat' dir='ltr'><strong>sunt</strong></span> <span class='ocrx_word' id='word_1_195' title='bbox 2573 1521 2764 1567; x_wconf 89' lang='lat' dir='ltr'><strong>contra</strong></span> <span class='ocrx_word' id='word_1_196' title='bbox 2804 1525 3058 1574; x_wconf 91' lang='lat' dir='ltr'><strong>naturam</strong></span> <span class='ocrx_word' id='word_1_197' title='bbox 3108 1537 3221 1578; x_wconf 86' lang='lat' dir='ltr'><strong>non</strong></span> <span class='ocrx_word' id='word_1_198' title='bbox 3249 1526 3425 1582; x_wconf 83' lang='lat' dir='ltr'><strong>vinci-</strong></span> 
     </span>
    </p>
   </div>
   <div class='ocr_carea' id='block_1_30' title="bbox 1842 1591 3427 1675">
    <p class='ocr_par' dir='ltr' id='par_1_30' title="bbox 1842 1591 3427 1675">
     <span class='ocr_line' id='line_1_30' title="bbox 1842 1591 3427 1675; baseline 0.017 -32"><span class='ocrx_word' id='word_1_199' title='bbox 1842 1591 2003 1656; x_wconf 87' lang='lat' dir='ltr'><strong>miui,</strong></span> <span class='ocrx_word' id='word_1_200' title='bbox 2066 1595 2161 1649; x_wconf 90' lang='lat' dir='ltr'><strong>sed</strong></span> <span class='ocrx_word' id='word_1_201' title='bbox 2214 1599 2309 1666; x_wconf 85' lang='lat' dir='ltr'><strong>qui</strong></span> <span class='ocrx_word' id='word_1_202' title='bbox 2359 1600 2604 1655; x_wconf 89' lang='lat' dir='ltr'><strong>nondum</strong></span> <span class='ocrx_word' id='word_1_203' title='bbox 2665 1605 2806 1660; x_wconf 87' lang='lat' dir='ltr'><strong>hanc</strong></span> <span class='ocrx_word' id='word_1_204' title='bbox 2848 1606 3024 1675; x_wconf 87' lang='lat' dir='ltr'><strong>ipsam</strong></span> <span class='ocrx_word' id='word_1_205' title='bbox 3076 1623 3427 1672; x_wconf 78' lang='lat' dir='ltr'><strong>contemnere</strong></span> 
     </span>
    </p>
   </div>
   <div class='ocr_carea' id='block_1_31' title="bbox 1841 1682 3425 1776">
    <p class='ocr_par' dir='ltr' id='par_1_31' title="bbox 1841 1682 3425 1776">
     <span class='ocr_line' id='line_1_31' title="bbox 1841 1682 3425 1776; baseline 0.017 -42"><span class='ocrx_word' id='word_1_206' title='bbox 1841 1682 2068 1748; x_wconf 87' lang='lat' dir='ltr'><strong>valetis,</strong></span> <span class='ocrx_word' id='word_1_207' title='bbox 2105 1700 2216 1740; x_wconf 89' lang='lat' dir='ltr'><strong>non</strong></span> <span class='ocrx_word' id='word_1_208' title='bbox 2240 1702 2338 1743; x_wconf 88' lang='lat' dir='ltr'><strong>vos</strong></span> <span class='ocrx_word' id='word_1_209' title='bbox 2362 1704 2457 1758; x_wconf 90' lang='lat' dir='ltr'><strong>per</strong></span> <span class='ocrx_word' id='word_1_210' title='bbox 2484 1692 2776 1762; x_wconf 87' lang='lat' dir='ltr'><strong>imperium</strong></span> <span class='ocrx_word' id='word_1_211' title='bbox 2802 1697 2870 1750; x_wconf 88' lang='lat' dir='ltr'><strong>ad</strong></span> <span class='ocrx_word' id='word_1_212' title='bbox 2894 1699 3015 1769; x_wconf 87' lang='lat' dir='ltr'><strong>ejus</strong></span> <span class='ocrx_word' id='word_1_213' title='bbox 3046 1711 3425 1776; x_wconf 86' lang='lat' dir='ltr'><strong>contemptum</strong></span> 
     </span>
    </p>
   </div>
   <div class='ocr_carea' id='block_1_32' title="bbox 1843 1778 3427 1860">
    <p class='ocr_par' dir='ltr' id='par_1_32' title="bbox 1843 1778 3427 1860">
     <span class='ocr_line' id='line_1_32' title="bbox 1843 1778 3427 1860; baseline 0.016 -32"><span class='ocrx_word' id='word_1_214' title='bbox 1843 1789 2001 1839; x_wconf 90' lang='lat' dir='ltr'><strong>voco,</strong></span> <span class='ocrx_word' id='word_1_215' title='bbox 2062 1778 2304 1847; x_wconf 86' lang='lat' dir='ltr'><strong>quodam</strong></span> <span class='ocrx_word' id='word_1_216' title='bbox 2365 1783 2524 1839; x_wconf 82' lang='lat' dir='ltr'><strong>vobis</strong></span> <span class='ocrx_word' id='word_1_217' title='bbox 2578 1785 2784 1855; x_wconf 89' lang='lat' dir='ltr'><strong>injecto</strong></span> <span class='ocrx_word' id='word_1_218' title='bbox 2858 1791 3074 1860; x_wconf 81' lang='lat' dir='ltr'><strong>timore,</strong></span> <span class='ocrx_word' id='word_1_219' title='bbox 3115 1795 3213 1850; x_wconf 90' lang='lat' dir='ltr'><strong>sed</strong></span> <span class='ocrx_word' id='word_1_220' title='bbox 3270 1799 3427 1853; x_wconf 84' lang='lat' dir='ltr'><strong>vobis</strong></span> 
     </span>
    </p>
   </div>
   <div class='ocr_carea' id='block_1_33' title="bbox 153 1858 1742 1957">
    <p class='ocr_par' dir='ltr' id='par_1_33' title="bbox 153 1858 1742 1954">
     <span class='ocr_line' id='line_1_33' title="bbox 153 1858 1742 1954; baseline 0.006 -27"><span class='ocrx_word' id='word_1_221' title='bbox 153 1872 431 1927; x_wconf 75' lang='grc' dir='ltr'>διδάσκειν</span> <span class='ocrx_word' id='word_1_222' title='bbox 469 1872 566 1935; x_wconf 76' lang='grc' dir='ltr'><strong>τὰς</strong></span> <span class='ocrx_word' id='word_1_223' title='bbox 597 1872 691 1926; x_wconf 88' lang='grc' dir='ltr'><strong>τοῦ</strong></span> <span class='ocrx_word' id='word_1_224' title='bbox 734 1874 877 1945; x_wconf 77' lang='grc' dir='ltr'>ὑπὲρ</span> <span class='ocrx_word' id='word_1_225' title='bbox 917 1876 1079 1945; x_wconf 78' lang='grc' dir='ltr'>φύσιν</span> <span class='ocrx_word' id='word_1_226' title='bbox 1109 1878 1270 1947; x_wconf 82' lang='grc' dir='ltr'>λόγον</span> <span class='ocrx_word' id='word_1_227' title='bbox 1312 1858 1566 1951; x_wconf 80' lang='grc' dir='ltr'>χάριτας,</span> <span class='ocrx_word' id='word_1_228' title='bbox 1610 1882 1742 1954; x_wconf 84' lang='grc' dir='ltr'>πρὸς</span> 
     </span>
    </p>
   </div>
   <div class='ocr_carea' id='block_1_34' title="bbox 1847 1858 3426 1957">
    <p class='ocr_par' dir='ltr' id='par_1_34' title="bbox 1850 1871 3426 1957">
     <span class='ocr_line' id='line_1_34' title="bbox 1850 1871 3426 1957; baseline 0.015 -32"><span class='ocrx_word' id='word_1_229' title='bbox 1850 1871 1998 1926; x_wconf 86' lang='lat' dir='ltr'><strong>verbi</strong></span> <span class='ocrx_word' id='word_1_230' title='bbox 2064 1878 2507 1943; x_wconf 84' lang='lat' dir='ltr'><strong>supernaturalis</strong></span> <span class='ocrx_word' id='word_1_231' title='bbox 2579 1892 2899 1940; x_wconf 81' lang='lat' dir='ltr'><strong>venustates</strong></span> <span class='ocrx_word' id='word_1_232' title='bbox 2960 1899 3299 1957; x_wconf 85' lang='lat' dir='ltr'><strong>monstrans,</strong></span> <span class='ocrx_word' id='word_1_233' title='bbox 3355 1895 3426 1949; x_wconf 89' lang='lat' dir='ltr'><strong>ad</strong></span> 
     </span>
    </p>
   </div>
   <div class='ocr_carea' id='block_1_35' title="bbox 157 1963 1480 2043">
    <p class='ocr_par' dir='ltr' id='par_1_35' title="bbox 157 1963 1480 2043">
     <span class='ocr_line' id='line_1_35' title="bbox 157 1963 1480 2043; baseline 0.008 -26"><span class='ocrx_word' id='word_1_234' title='bbox 157 1963 325 2017; x_wconf 66' lang='grc' dir='ltr'>πόθον</span> <span class='ocrx_word' id='word_1_235' title='bbox 348 1964 652 2033; x_wconf 81' lang='grc' dir='ltr'>ἐφέλκομαι</span> <span class='ocrx_word' id='word_1_236' title='bbox 695 1967 790 2035; x_wconf 86' lang='grc' dir='ltr'>τῆς</span> <span class='ocrx_word' id='word_1_237' title='bbox 812 1967 1155 2040; x_wconf 81' lang='grc' dir='ltr'>τελειοτέρας</span> <span class='ocrx_word' id='word_1_238' title='bbox 1183 1971 1480 2043; x_wconf 83' lang='grc' dir='ltr'>διαγωγῆς.</span> 
     </span>
    </p>
   </div>
   <div class='ocr_carea' id='block_1_36' title="bbox 226 2053 1747 2135">
    <p class='ocr_par' dir='ltr' id='par_1_36' title="bbox 226 2053 1747 2135">
     <span class='ocr_line' id='line_1_36' title="bbox 226 2053 1747 2135; baseline 0.009 -30"><span class='ocrx_word' id='word_1_239' title='bbox 226 2053 339 2106; x_wconf 69' lang='grc' dir='ltr'><strong>Καὶ</strong></span> <span class='ocrx_word' id='word_1_240' title='bbox 366 2056 636 2123; x_wconf 79' lang='grc' dir='ltr'>προΐεμαι</span> <span class='ocrx_word' id='word_1_241' title='bbox 654 2055 811 2125; x_wconf 81' lang='grc' dir='ltr'>ἐμὴν</span> <span class='ocrx_word' id='word_1_242' title='bbox 829 2057 1040 2125; x_wconf 67' lang='grc' dir='ltr'><em>φωνὴν</em></span> <span class='ocrx_word' id='word_1_243' title='bbox 1060 2058 1215 2127; x_wconf 79' lang='grc' dir='ltr'>υἱοῖς</span> <span class='ocrx_word' id='word_1_244' title='bbox 1241 2061 1588 2130; x_wconf 79' lang='grc' dir='ltr'>ἀνθρώπων.</span> <span class='ocrx_word' id='word_1_245' title='bbox 1612 2064 1747 2135; x_wconf 89' lang='grc' dir='ltr'>Προ-</span> 
     </span>
    </p>
   </div>
   <div class='ocr_carea' id='block_1_37' title="bbox 159 2144 1746 2226">
    <p class='ocr_par' dir='ltr' id='par_1_37' title="bbox 159 2144 1746 2226">
     <span class='ocr_line' id='line_1_37' title="bbox 159 2144 1746 2226; baseline 0.009 -30"><span class='ocrx_word' id='word_1_246' title='bbox 159 2144 308 2213; x_wconf 78' lang='grc' dir='ltr'>φέρω</span> <span class='ocrx_word' id='word_1_247' title='bbox 340 2145 399 2198; x_wconf 83' lang='grc' dir='ltr'>δὲ</span> <span class='ocrx_word' id='word_1_248' title='bbox 428 2146 526 2216; x_wconf 83' lang='grc' dir='ltr'>τὴν</span> <span class='ocrx_word' id='word_1_249' title='bbox 550 2147 690 2216; x_wconf 84' lang='grc' dir='ltr'>ἐμὴν</span> <span class='ocrx_word' id='word_1_250' title='bbox 720 2147 1091 2215; x_wconf 84' lang='grc' dir='ltr'>διδασκαλίαν,</span> <span class='ocrx_word' id='word_1_251' title='bbox 1129 2152 1227 2205; x_wconf 74' lang='grc' dir='ltr'>καὶ</span> <span class='ocrx_word' id='word_1_252' title='bbox 1252 2155 1364 2216; x_wconf 85' lang='grc' dir='ltr'><strong>τοίς</strong></span> <span class='ocrx_word' id='word_1_253' title='bbox 1392 2154 1482 2209; x_wconf 73' lang='grc' dir='ltr'>διὰ</span> <span class='ocrx_word' id='word_1_254' title='bbox 1512 2156 1573 2208; x_wconf 78' lang='grc' dir='ltr'><strong>τὸ</strong></span> <span class='ocrx_word' id='word_1_255' title='bbox 1608 2157 1746 2226; x_wconf 82' lang='grc' dir='ltr'>μόνα</span> 
     </span>
    </p>
   </div>
   <div class='ocr_carea' id='block_1_38' title="bbox 156 2238 1743 2318">
    <p class='ocr_par' dir='ltr' id='par_1_38' title="bbox 156 2238 1743 2318">
     <span class='ocr_line' id='line_1_38' title="bbox 156 2238 1743 2318; baseline 0.012 -31"><span class='ocrx_word' id='word_1_256' title='bbox 156 2241 373 2306; x_wconf 73' lang='grc' dir='ltr'>φρονεῖν</span> <span class='ocrx_word' id='word_1_257' title='bbox 418 2238 488 2290; x_wconf 84' lang='grc' dir='ltr'>τὰ</span> <span class='ocrx_word' id='word_1_258' title='bbox 532 2239 635 2309; x_wconf 83' lang='grc' dir='ltr'>τῆς</span> <span class='ocrx_word' id='word_1_259' title='bbox 664 2241 816 2297; x_wconf 83' lang='grc' dir='ltr'>κάτω</span> <span class='ocrx_word' id='word_1_260' title='bbox 846 2242 1101 2313; x_wconf 85' lang='grc' dir='ltr'>γνώσεως</span> <span class='ocrx_word' id='word_1_261' title='bbox 1122 2286 1137 2310; x_wconf 84' lang='grc'><strong>,</strong></span> <span class='ocrx_word' id='word_1_262' title='bbox 1170 2245 1472 2318; x_wconf 71' lang='grc' dir='ltr'>ἀνθρώπων</span> <span class='ocrx_word' id='word_1_263' title='bbox 1503 2288 1520 2315; x_wconf 84' lang='grc'><strong>,</strong></span> <span class='ocrx_word' id='word_1_264' title='bbox 1551 2250 1646 2304; x_wconf 81' lang='grc' dir='ltr'>καὶ</span> <span class='ocrx_word' id='word_1_265' title='bbox 1681 2250 1743 2306; x_wconf 78' lang='grc' dir='ltr'>οὐ</span> 
     </span>
    </p>
   </div>
   <div class='ocr_carea' id='block_1_39' title="bbox 152 2328 748 2400">
    <p class='ocr_par' dir='ltr' id='par_1_39' title="bbox 152 2328 748 2400">
     <span class='ocr_line' id='line_1_39' title="bbox 152 2328 748 2400; baseline 0.012 -19"><span class='ocrx_word' id='word_1_266' title='bbox 152 2328 292 2381; x_wconf 79' lang='grc' dir='ltr'>Θεοῦ</span> <span class='ocrx_word' id='word_1_267' title='bbox 322 2331 748 2400; x_wconf 72' lang='grc' dir='ltr'>χρηματίζουσι.</span> 
     </span>
    </p>
   </div>
   <div class='ocr_carea' id='block_1_40' title="bbox 230 2420 1743 2505">
    <p class='ocr_par' dir='ltr' id='par_1_40' title="bbox 230 2420 1743 2505">
     <span class='ocr_line' id='line_1_40' title="bbox 230 2420 1743 2505; baseline 0.013 -34"><span class='ocrx_word' id='word_1_268' title='bbox 230 2427 292 2473; x_wconf 86' lang='grc' dir='ltr'>ε’.</span> <span class='ocrx_word' id='word_1_269' title='bbox 308 2420 605 2487; x_wconf 81' lang='grc' dir='ltr'>Νοήσατε,</span> <span class='ocrx_word' id='word_1_270' title='bbox 623 2423 860 2492; x_wconf 80' lang='grc' dir='ltr'>ἄκακοι,</span> <span class='ocrx_word' id='word_1_271' title='bbox 874 2432 1265 2499; x_wconf 67' lang='grc' dir='ltr'>πανοιεργίιιν.</span> <span class='ocrx_word' id='word_1_272' title='bbox 1285 2431 1485 2498; x_wconf 88' lang='grc' dir='ltr'>Γνῶτε,</span> <span class='ocrx_word' id='word_1_273' title='bbox 1499 2435 1547 2487; x_wconf 82' lang='grc' dir='ltr'>οἱ</span> <span class='ocrx_word' id='word_1_274' title='bbox 1562 2436 1743 2505; x_wconf 82' lang='grc' dir='ltr'>πάσης</span> 
     </span>
    </p>
   </div>
   <div class='ocr_carea' id='block_1_41' title="bbox 152 2512 1741 2597">
    <p class='ocr_par' dir='ltr' id='par_1_41' title="bbox 152 2512 1741 2597">
     <span class='ocr_line' id='line_1_41' title="bbox 152 2512 1741 2597; baseline 0.009 -30"><span class='ocrx_word' id='word_1_275' title='bbox 152 2512 357 2576; x_wconf 78' lang='grc' dir='ltr'><strong>κακίας</strong></span> <span class='ocrx_word' id='word_1_276' title='bbox 388 2514 811 2586; x_wconf 81' lang='grc' dir='ltr'>καθαρεύοντες,</span> <span class='ocrx_word' id='word_1_277' title='bbox 846 2520 948 2590; x_wconf 81' lang='grc' dir='ltr'><strong>τὴν</strong></span> <span class='ocrx_word' id='word_1_278' title='bbox 972 2522 1175 2586; x_wconf 83' lang='grc' dir='ltr'>παντὸς</span> <span class='ocrx_word' id='word_1_279' title='bbox 1204 2524 1410 2588; x_wconf 80' lang='grc' dir='ltr'>ἀγαθοῦ</span> <span class='ocrx_word' id='word_1_280' title='bbox 1442 2527 1741 2597; x_wconf 81' lang='grc' dir='ltr'>ἐμμέθοδον</span> 
     </span>
    </p>
   </div>
   <div class='ocr_carea' id='block_1_42' title="bbox 151 2602 1740 2689">
    <p class='ocr_par' dir='ltr' id='par_1_42' title="bbox 151 2602 1740 2689">
     <span class='ocr_line' id='line_1_42' title="bbox 151 2602 1740 2689; baseline 0.011 -32"><span class='ocrx_word' id='word_1_281' title='bbox 151 2602 441 2674; x_wconf 71' lang='grc' dir='ltr'>ἐνέργειαν</span> <span class='ocrx_word' id='word_1_282' title='bbox 464 2622 478 2637; x_wconf 70' lang='grc'><strong>⁸</strong></span> <span class='ocrx_word' id='word_1_283' title='bbox 506 2608 820 2677; x_wconf 78' lang='grc' dir='ltr'>ἐπιγνόντες</span> <span class='ocrx_word' id='word_1_284' title='bbox 851 2612 993 2665; x_wconf 87' lang='grc' dir='ltr'>κατά</span> <span class='ocrx_word' id='word_1_285' title='bbox 1026 2615 1228 2689; x_wconf 76' lang='grc' dir='ltr'>πρᾶξιν</span> <span class='ocrx_word' id='word_1_286' title='bbox 1250 2616 1349 2679; x_wconf 77' lang='grc' dir='ltr'><strong>τὰς</strong></span> <span class='ocrx_word' id='word_1_287' title='bbox 1369 2617 1462 2669; x_wconf 89' lang='grc' dir='ltr'><strong>τοῦ</strong></span> <span class='ocrx_word' id='word_1_288' title='bbox 1492 2618 1628 2672; x_wconf 81' lang='grc' dir='ltr'>Θεοῦ</span> <span class='ocrx_word' id='word_1_289' title='bbox 1656 2623 1740 2675; x_wconf 78' lang='grc' dir='ltr'>ἐν-</span> 
     </span>
    </p>
   </div>
   <div class='ocr_carea' id='block_1_43' title="bbox 151 2694 1739 2780">
    <p class='ocr_par' dir='ltr' id='par_1_43' title="bbox 151 2694 1739 2780">
     <span class='ocr_line' id='line_1_43' title="bbox 151 2694 1739 2780; baseline 0.013 -35"><span class='ocrx_word' id='word_1_290' title='bbox 151 2694 351 2760; x_wconf 80' lang='grc' dir='ltr'>τολάς⁶</span> <span class='ocrx_word' id='word_1_291' title='bbox 389 2697 485 2751; x_wconf 80' lang='grc' dir='ltr'><strong>καὶ</strong></span> <span class='ocrx_word' id='word_1_292' title='bbox 512 2700 594 2762; x_wconf 80' lang='grc' dir='ltr'><strong>είς</strong></span> <span class='ocrx_word' id='word_1_293' title='bbox 623 2701 906 2771; x_wconf 83' lang='grc' dir='ltr'>φωτισμὸν</span> <span class='ocrx_word' id='word_1_294' title='bbox 941 2703 1193 2759; x_wconf 86' lang='grc' dir='ltr'>ἐντεῦθεν</span> <span class='ocrx_word' id='word_1_295' title='bbox 1222 2707 1332 2760; x_wconf 80' lang='grc' dir='ltr'><strong>ἀπὸ</strong></span> <span class='ocrx_word' id='word_1_296' title='bbox 1362 2708 1462 2779; x_wconf 82' lang='grc' dir='ltr'>τῆς</span> <span class='ocrx_word' id='word_1_297' title='bbox 1502 2712 1739 2780; x_wconf 82' lang='grc' dir='ltr'>εἰσαγω-</span> 
     </span>
    </p>
   </div>
   <div class='ocr_carea' id='block_1_44' title="bbox 151 2788 1096 2865">
    <p class='ocr_par' dir='ltr' id='par_1_44' title="bbox 151 2788 1096 2865">
     <span class='ocr_line' id='line_1_44' title="bbox 151 2788 1096 2865; baseline 0.012 -26"><span class='ocrx_word' id='word_1_298' title='bbox 151 2788 326 2858; x_wconf 82' lang='grc' dir='ltr'>γικῆς</span> <span class='ocrx_word' id='word_1_299' title='bbox 351 2788 673 2862; x_wconf 82' lang='grc' dir='ltr'>καθάρσεως</span> <span class='ocrx_word' id='word_1_300' title='bbox 699 2793 1096 2865; x_wconf 80' lang='grc' dir='ltr'>προκόψαντες.</span> 
     </span>
    </p>
   </div>
   <div class='ocr_carea' id='block_1_45' title="bbox 232 2880 1742 2966">
    <p class='ocr_par' dir='ltr' id='par_1_45' title="bbox 232 2880 1742 2966">
     <span class='ocr_line' id='line_1_45' title="bbox 232 2880 1742 2966; baseline 0.011 -34"><span class='ocrx_word' id='word_1_301' title='bbox 232 2882 300 2934; x_wconf 76' lang='lat' dir='ltr'><strong>Oi</strong></span> <span class='ocrx_word' id='word_1_302' title='bbox 327 2880 396 2933; x_wconf 82' lang='grc' dir='ltr'>δὲ</span> <span class='ocrx_word' id='word_1_303' title='bbox 425 2880 794 2949; x_wconf 79' lang='grc' dir='ltr'>ἀπαίδευτοι,</span> <span class='ocrx_word' id='word_1_304' title='bbox 817 2886 1069 2943; x_wconf 77' lang='grc' dir='ltr'>ἔνθεο-ϐε</span> <span class='ocrx_word' id='word_1_305' title='bbox 1094 2890 1366 2958; x_wconf 77' lang='grc' dir='ltr'>καρδίαν.</span> <span class='ocrx_word' id='word_1_306' title='bbox 1398 2892 1462 2945; x_wconf 84' lang='lat' dir='ltr'><strong>Oi</strong></span> <span class='ocrx_word' id='word_1_307' title='bbox 1493 2892 1550 2946; x_wconf 85' lang='grc' dir='ltr'>δὲ</span> <span class='ocrx_word' id='word_1_308' title='bbox 1577 2898 1742 2966; x_wconf 81' lang='grc' dir='ltr'>μήπω</span> 
     </span>
    </p>
   </div>
   <div class='ocr_carea' id='block_1_46' title="bbox 152 2971 1740 3055">
    <p class='ocr_par' dir='ltr' id='par_1_46' title="bbox 152 2971 1740 3055">
     <span class='ocr_line' id='line_1_46' title="bbox 152 2971 1740 3055; baseline 0.01 -33"><span class='ocrx_word' id='word_1_309' title='bbox 152 2971 413 3041; x_wconf 79' lang='grc' dir='ltr'>τυχόντες</span> <span class='ocrx_word' id='word_1_310' title='bbox 444 2975 719 3045; x_wconf 77' lang='grc' dir='ltr'>πατρικῆς</span> <span class='ocrx_word' id='word_1_311' title='bbox 751 2976 1000 3041; x_wconf 83' lang='grc' dir='ltr'>παιδείας</span> <span class='ocrx_word' id='word_1_312' title='bbox 1048 2980 1183 3050; x_wconf 77' lang='grc' dir='ltr'>πρὸς</span> <span class='ocrx_word' id='word_1_313' title='bbox 1215 2980 1505 3054; x_wconf 78' lang='grc' dir='ltr'>κάθαρσιν,</span> <span class='ocrx_word' id='word_1_314' title='bbox 1531 2984 1740 3055; x_wconf 82' lang='grc' dir='ltr'>ἐμσάλ-</span> 
     </span>
    </p>
   </div>
   <div class='ocr_carea' id='block_1_47' title="bbox 152 3060 1740 3146">
    <p class='ocr_par' dir='ltr' id='par_1_47' title="bbox 152 3060 1740 3146">
     <span class='ocr_line' id='line_1_47' title="bbox 152 3060 1740 3146; baseline 0.011 -32"><span class='ocrx_word' id='word_1_315' title='bbox 152 3060 280 3116; x_wconf 81' lang='grc' dir='ltr'>λετε</span> <span class='ocrx_word' id='word_1_316' title='bbox 306 3064 386 3128; x_wconf 80' lang='grc' dir='ltr'>εἰς</span> <span class='ocrx_word' id='word_1_317' title='bbox 417 3064 516 3129; x_wconf 82' lang='grc' dir='ltr'><strong>τάς</strong></span> <span class='ocrx_word' id='word_1_318' title='bbox 540 3065 676 3131; x_wconf 75' lang='grc' dir='ltr'>ιδίας</span> <span class='ocrx_word' id='word_1_319' title='bbox 697 3068 876 3139; x_wconf 79' lang='grc' dir='ltr'>ψυχάς</span> <span class='ocrx_word' id='word_1_320' title='bbox 905 3070 1004 3140; x_wconf 80' lang='grc' dir='ltr'><strong>τὴν</strong></span> <span class='ocrx_word' id='word_1_321' title='bbox 1022 3072 1306 3141; x_wconf 35' lang='grc' dir='ltr'>θζωογόνον</span> <span class='ocrx_word' id='word_1_322' title='bbox 1330 3075 1457 3146; x_wconf 74' lang='grc' dir='ltr'>περὶ</span> <span class='ocrx_word' id='word_1_323' title='bbox 1483 3076 1617 3130; x_wconf 86' lang='grc' dir='ltr'>Θεοῦ</span> <span class='ocrx_word' id='word_1_324' title='bbox 1653 3077 1740 3131; x_wconf 78' lang='grc' dir='ltr'><strong>ἔν-</strong></span> 
     </span>
    </p>
   </div>
   <div class='ocr_carea' id='block_1_48' title="bbox 153 3157 1809 3259">
    <p class='ocr_par' dir='ltr' id='par_1_48' title="bbox 153 3157 1809 3259">
     <span class='ocr_line' id='line_1_48' title="bbox 153 3157 1809 3259; baseline 0.031 -59"><span class='ocrx_word' id='word_1_325' title='bbox 153 3172 349 3209; x_wconf 76' lang='grc' dir='ltr'><strong>νοιανο</strong></span> <span class='ocrx_word' id='word_1_326' title='bbox 376 3157 499 3229; x_wconf 79' lang='grc' dir='ltr'>ἣτις</span> <span class='ocrx_word' id='word_1_327' title='bbox 546 3158 637 3212; x_wconf 83' lang='grc' dir='ltr'><strong>διὰ</strong></span> <span class='ocrx_word' id='word_1_328' title='bbox 669 3160 760 3213; x_wconf 87' lang='grc' dir='ltr'><strong>τὸν</strong></span> <span class='ocrx_word' id='word_1_329' title='bbox 796 3162 1191 3233; x_wconf 76' lang='grc' dir='ltr'>ὲῤῥυπωμένον</span> <span class='ocrx_word' id='word_1_330' title='bbox 1220 3164 1333 3235; x_wconf 81' lang='grc' dir='ltr'>βίον</span> <span class='ocrx_word' id='word_1_331' title='bbox 1365 3168 1516 3237; x_wconf 73' lang='grc' dir='ltr'><strong>φόϐῳ</strong></span> <span class='ocrx_word' id='word_1_332' title='bbox 1549 3170 1737 3237; x_wconf 56' lang='grc' dir='ltr'>αὑτοῦ,</span> <span class='ocrx_word' id='word_1_333' title='bbox 1766 3202 1809 3259; x_wconf 88' lang='lat' dir='ltr'><strong>c</strong></span> 
     </span>
    </p>
   </div>
   <div class='ocr_carea' id='block_1_49' title="bbox 154 3250 960 3324">
    <p class='ocr_par' dir='ltr' id='par_1_49' title="bbox 154 3250 960 3324">
     <span class='ocr_line' id='line_1_49' title="bbox 154 3250 960 3324; baseline 0.006 -21"><span class='ocrx_word' id='word_1_334' title='bbox 154 3250 345 3319; x_wconf 80' lang='grc' dir='ltr'>πάσης</span> <span class='ocrx_word' id='word_1_335' title='bbox 370 3251 694 3321; x_wconf 85' lang='grc' dir='ltr'>ἐκκαθαίρει</span> <span class='ocrx_word' id='word_1_336' title='bbox 721 3253 960 3324; x_wconf 85' lang='grc' dir='ltr'>κηλίδος.</span> 
     </span>
    </p>
   </div>
   <div class='ocr_carea' id='block_1_50' title="bbox 230 3340 1742 3419">
    <p class='ocr_par' dir='ltr' id='par_1_50' title="bbox 230 3340 1742 3419">
     <span class='ocr_line' id='line_1_50' title="bbox 230 3340 1742 3419; baseline 0.011 -26"><span class='ocrx_word' id='word_1_337' title='bbox 230 3340 309 3404; x_wconf 83' lang='grc' dir='ltr'>ς’.</span> <span class='ocrx_word' id='word_1_338' title='bbox 329 3343 750 3398; x_wconf 77' lang='grc' dir='ltr'>Εἰσακούσατέ</span> <span class='ocrx_word' id='word_1_339' title='bbox 769 3361 913 3414; x_wconf 78' lang='grc' dir='ltr'>μου·</span> <span class='ocrx_word' id='word_1_340' title='bbox 938 3348 1134 3415; x_wconf 74' lang='grc' dir='ltr'>σεμνὰ</span> <span class='ocrx_word' id='word_1_341' title='bbox 1162 3348 1275 3418; x_wconf 81' lang='grc' dir='ltr'>γὰρ</span> <span class='ocrx_word' id='word_1_342' title='bbox 1299 3350 1431 3419; x_wconf 81' lang='grc' dir='ltr'>ἐρῶ·</span> <span class='ocrx_word' id='word_1_343' title='bbox 1464 3354 1565 3407; x_wconf 76' lang='grc' dir='ltr'>καὶ</span> <span class='ocrx_word' id='word_1_344' title='bbox 1586 3354 1742 3409; x_wconf 73' lang='grc' dir='ltr'>ἐνοί-</span> 
     </span>
    </p>
   </div>
   <div class='ocr_carea' id='block_1_51' title="bbox 152 3433 1741 3517">
    <p class='ocr_par' dir='ltr' id='par_1_51' title="bbox 152 3433 1741 3517">
     <span class='ocr_line' id='line_1_51' title="bbox 152 3433 1741 3517; baseline 0.011 -33"><span class='ocrx_word' id='word_1_345' title='bbox 152 3449 249 3485; x_wconf 86' lang='grc' dir='ltr'><strong>σω</strong></span> <span class='ocrx_word' id='word_1_346' title='bbox 282 3433 404 3486; x_wconf 77' lang='grc' dir='ltr'><strong>ἀπὸ</strong></span> <span class='ocrx_word' id='word_1_347' title='bbox 440 3434 690 3503; x_wconf 71' lang='grc' dir='ltr'>χειλέων</span> <span class='ocrx_word' id='word_1_348' title='bbox 728 3437 893 3505; x_wconf 81' lang='grc' dir='ltr'>ὀρθά.</span> <span class='ocrx_word' id='word_1_349' title='bbox 949 3440 1218 3511; x_wconf 76' lang='grc' dir='ltr'>Πείσθητέ</span> <span class='ocrx_word' id='word_1_350' title='bbox 1267 3460 1376 3512; x_wconf 80' lang='grc' dir='ltr'>μοι·</span> <span class='ocrx_word' id='word_1_351' title='bbox 1420 3445 1581 3516; x_wconf 84' lang='grc' dir='ltr'>τίμια</span> <span class='ocrx_word' id='word_1_352' title='bbox 1632 3448 1741 3517; x_wconf 85' lang='grc' dir='ltr'><strong>γάρ</strong></span> 
     </span>
    </p>
   </div>
   <div class='ocr_carea' id='block_1_52' title="bbox 156 3524 1741 3606">
    <p class='ocr_par' dir='ltr' id='par_1_52' title="bbox 156 3524 1741 3606">
     <span class='ocr_line' id='line_1_52' title="bbox 156 3524 1741 3606; baseline 0.009 -30"><span class='ocrx_word' id='word_1_353' title='bbox 156 3524 503 3596; x_wconf 69' lang='grc' dir='ltr'>φθέγξομαιο</span> <span class='ocrx_word' id='word_1_354' title='bbox 539 3528 633 3581; x_wconf 77' lang='grc' dir='ltr'>καὶ</span> <span class='ocrx_word' id='word_1_355' title='bbox 661 3528 884 3599; x_wconf 80' lang='grc' dir='ltr'>προάξω</span> <span class='ocrx_word' id='word_1_356' title='bbox 934 3531 1000 3582; x_wconf 83' lang='grc' dir='ltr'><strong>ἐκ</strong></span> <span class='ocrx_word' id='word_1_357' title='bbox 1025 3531 1293 3602; x_wconf 82' lang='grc' dir='ltr'>στόματός</span> <span class='ocrx_word' id='word_1_358' title='bbox 1335 3551 1437 3602; x_wconf 83' lang='grc' dir='ltr'><strong>μου</strong></span> <span class='ocrx_word' id='word_1_359' title='bbox 1472 3536 1611 3606; x_wconf 7' lang='grc' dir='ltr'>,είδθῆ</span> <span class='ocrx_word' id='word_1_360' title='bbox 1654 3536 1741 3591; x_wconf 82' lang='grc' dir='ltr'><strong>λό-</strong></span> 
     </span>
    </p>
   </div>
   <div class='ocr_carea' id='block_1_53' title="bbox 155 3635 955 3687">
    <p class='ocr_par' dir='ltr' id='par_1_53' title="bbox 155 3635 955 3687">
     <span class='ocr_line' id='line_1_53' title="bbox 155 3635 955 3687; baseline 0.01 0"><span class='ocrx_word' id='word_1_361' title='bbox 155 3635 276 3687; x_wconf 74' lang='grc' dir='ltr'><strong>για-</strong></span> <span class='ocrx_word' id='word_1_362' title='bbox 952 3650 955 3653; x_wconf 51' lang='grc' dir='ltr'><strong>π</strong></span> 
     </span>
    </p>
   </div>
   <div class='ocr_carea' id='block_1_54' title="bbox 227 3710 1736 3789">
    <p class='ocr_par' dir='ltr' id='par_1_54' title="bbox 227 3710 1736 3789">
     <span class='ocr_line' id='line_1_54' title="bbox 227 3710 1736 3789; baseline 0.007 -23"><span class='ocrx_word' id='word_1_363' title='bbox 227 3710 298 3777; x_wconf 80' lang='grc' dir='ltr'><strong>ζ’.</strong></span> <span class='ocrx_word' id='word_1_364' title='bbox 328 3710 459 3764; x_wconf 83' lang='grc' dir='ltr'>Ὀτι</span> <span class='ocrx_word' id='word_1_365' title='bbox 514 3711 808 3779; x_wconf 72' lang='grc' dir='ltr'>ἀλήθειαν</span> <span class='ocrx_word' id='word_1_366' title='bbox 849 3715 1177 3786; x_wconf 78' lang='grc' dir='ltr'>μελετήσει</span> <span class='ocrx_word' id='word_1_367' title='bbox 1231 3721 1265 3772; x_wconf 81' lang='grc' dir='ltr'><em>ὀ</em></span> <span class='ocrx_word' id='word_1_368' title='bbox 1309 3718 1547 3789; x_wconf 72' lang='grc' dir='ltr'><strong>φάρυγξ</strong></span> <span class='ocrx_word' id='word_1_369' title='bbox 1593 3738 1736 3789; x_wconf 80' lang='grc' dir='ltr'>μου.</span> 
     </span>
    </p>
   </div>
   <div class='ocr_carea' id='block_1_55' title="bbox 157 3805 1740 3882">
    <p class='ocr_par' dir='ltr' id='par_1_55' title="bbox 157 3805 1740 3882">
     <span class='ocr_line' id='line_1_55' title="bbox 157 3805 1740 3882; baseline 0.008 -27"><span class='ocrx_word' id='word_1_370' title='bbox 157 3806 307 3857; x_wconf 67' lang='lat' dir='ltr'><strong>Azan</strong></span> <span class='ocrx_word' id='word_1_371' title='bbox 337 3820 431 3875; x_wconf 87' lang='grc' dir='ltr'><strong>μοι</strong></span> <span class='ocrx_word' id='word_1_372' title='bbox 480 3806 507 3857; x_wconf 86' lang='grc' dir='ltr'>ὁ</span> <span class='ocrx_word' id='word_1_373' title='bbox 537 3805 693 3875; x_wconf 86' lang='grc' dir='ltr'>δίκην</span> <span class='ocrx_word' id='word_1_374' title='bbox 730 3807 1012 3878; x_wconf 78' lang='grc' dir='ltr'>φάρυγγος</span> <span class='ocrx_word' id='word_1_375' title='bbox 1056 3810 1304 3874; x_wconf 86' lang='grc' dir='ltr'>δεκτικὸς</span> <span class='ocrx_word' id='word_1_376' title='bbox 1337 3811 1483 3877; x_wconf 83' lang='grc' dir='ltr'>νοῦς,</span> <span class='ocrx_word' id='word_1_377' title='bbox 1511 3812 1608 3866; x_wconf 85' lang='grc' dir='ltr'><strong>τοῦ</strong></span> <span class='ocrx_word' id='word_1_378' title='bbox 1636 3814 1740 3882; x_wconf 79' lang='grc' dir='ltr'><strong>ψυ-</strong></span> 
     </span>
    </p>
   </div>
   <div class='ocr_carea' id='block_1_56' title="bbox 158 3897 1739 3972">
    <p class='ocr_par' dir='ltr' id='par_1_56' title="bbox 158 3897 1739 3972">
     <span class='ocr_line' id='line_1_56' title="bbox 158 3897 1739 3972; baseline 0.007 -25"><span class='ocrx_word' id='word_1_379' title='bbox 158 3897 261 3966; x_wconf 78' lang='grc' dir='ltr'>χὰς</span> <span class='ocrx_word' id='word_1_380' title='bbox 298 3897 643 3967; x_wconf 76' lang='grc' dir='ltr'>στηρίζοντος</span> <span class='ocrx_word' id='word_1_381' title='bbox 676 3900 929 3970; x_wconf 82' lang='grc' dir='ltr'>οὐρανίου</span> <span class='ocrx_word' id='word_1_382' title='bbox 960 3901 1150 3971; x_wconf 82' lang='grc' dir='ltr'>ἄρτου,</span> <span class='ocrx_word' id='word_1_383' title='bbox 1192 3903 1472 3972; x_wconf 84' lang='grc' dir='ltr'>φροντίσει</span> <span class='ocrx_word' id='word_1_384' title='bbox 1522 3908 1739 3968; x_wconf 87' lang='grc' dir='ltr'>πάντως</span> 
     </span>
    </p>
   </div>
   <div class='ocr_carea' id='block_1_57' title="bbox 153 3988 1736 4068">
    <p class='ocr_par' dir='ltr' id='par_1_57' title="bbox 153 3988 1736 4068">
     <span class='ocr_line' id='line_1_57' title="bbox 153 3988 1736 4068; baseline 0.006 -28"><span class='ocrx_word' id='word_1_385' title='bbox 153 3988 367 4052; x_wconf 76' lang='grc' dir='ltr'>διδάξαι</span> <span class='ocrx_word' id='word_1_386' title='bbox 398 3989 540 4057; x_wconf 82' lang='grc' dir='ltr'>ὑμᾶς</span> <span class='ocrx_word' id='word_1_387' title='bbox 568 3989 665 4061; x_wconf 83' lang='grc' dir='ltr'><strong>τὴν</strong></span> <span class='ocrx_word' id='word_1_388' title='bbox 697 3992 755 4043; x_wconf 85' lang='grc' dir='ltr'>ἐν</span> <span class='ocrx_word' id='word_1_389' title='bbox 784 3990 926 4055; x_wconf 87' lang='grc' dir='ltr'>ὅλοις</span> <span class='ocrx_word' id='word_1_390' title='bbox 966 3991 1258 4063; x_wconf 73' lang='grc' dir='ltr'><strong>ἀλήθειαν⁸</strong></span> <span class='ocrx_word' id='word_1_391' title='bbox 1304 3993 1495 4047; x_wconf 90' lang='grc' dir='ltr'>τοῦτον</span> <span class='ocrx_word' id='word_1_392' title='bbox 1535 3994 1736 4068; x_wconf 79' lang='grc' dir='ltr'>δηλαδὴ</span> 
     </span>
    </p>
   </div>
   <div class='ocr_carea' id='block_1_58' title="bbox 150 4080 1735 4154">
    <p class='ocr_par' dir='ltr' id='par_1_58' title="bbox 150 4080 1735 4154">
     <span class='ocr_line' id='line_1_58' title="bbox 150 4080 1735 4154; baseline 0.006 -21"><span class='ocrx_word' id='word_1_393' title='bbox 150 4080 246 4133; x_wconf 79' lang='grc' dir='ltr'>τὸν</span> <span class='ocrx_word' id='word_1_394' title='bbox 277 4081 384 4132; x_wconf 74' lang='grc' dir='ltr'><strong>ὑπὸ</strong></span> <span class='ocrx_word' id='word_1_395' title='bbox 415 4080 595 4150; x_wconf 84' lang='grc' dir='ltr'>πάσης</span> <span class='ocrx_word' id='word_1_396' title='bbox 620 4082 723 4151; x_wconf 79' lang='grc' dir='ltr'>τῆς</span> <span class='ocrx_word' id='word_1_397' title='bbox 745 4082 974 4147; x_wconf 87' lang='grc' dir='ltr'>κτίσεως</span> <span class='ocrx_word' id='word_1_398' title='bbox 996 4085 1401 4154; x_wconf 80' lang='grc' dir='ltr'>κηρυττόμενον</span> <span class='ocrx_word' id='word_1_399' title='bbox 1434 4086 1735 4142; x_wconf 86' lang='grc' dir='ltr'>ἐννπόστα-</span> 
     </span>
    </p>
   </div>
   <div class='ocr_carea' id='block_1_59' title="bbox 151 4175 746 4244">
    <p class='ocr_par' dir='ltr' id='par_1_59' title="bbox 151 4175 746 4244">
     <span class='ocr_line' id='line_1_59' title="bbox 151 4175 746 4244; baseline 0.005 -17"><span class='ocrx_word' id='word_1_400' title='bbox 151 4191 248 4228; x_wconf 83' lang='grc' dir='ltr'><strong>τον</strong></span> <span class='ocrx_word' id='word_1_401' title='bbox 280 4175 377 4229; x_wconf 90' lang='grc' dir='ltr'><strong>τοῦ</strong></span> <span class='ocrx_word' id='word_1_402' title='bbox 402 4175 541 4228; x_wconf 83' lang='grc' dir='ltr'>Θεοῦ</span> <span class='ocrx_word' id='word_1_403' title='bbox 565 4176 746 4244; x_wconf 80' lang='grc' dir='ltr'>λόγον.</span> 
     </span>
    </p>
   </div>
   <div class='ocr_carea' id='block_1_60' title="bbox 242 4268 1732 4341">
    <p class='ocr_par' dir='ltr' id='par_1_60' title="bbox 242 4268 1732 4341">
     <span class='ocr_line' id='line_1_60' title="bbox 242 4268 1732 4341; baseline 0.006 -22"><span class='ocrx_word' id='word_1_404' title='bbox 242 4268 677 4337; x_wconf 78' lang='grc' dir='ltr'>Ἐὄδελυγμένα</span> <span class='ocrx_word' id='word_1_405' title='bbox 700 4269 770 4321; x_wconf 80' lang='grc' dir='ltr'>δὲ</span> <span class='ocrx_word' id='word_1_406' title='bbox 803 4269 1083 4323; x_wconf 78' lang='grc' dir='ltr'>ἐναντίον</span> <span class='ocrx_word' id='word_1_407' title='bbox 1119 4270 1264 4339; x_wconf 81' lang='grc' dir='ltr'>ἐμοῦ</span> <span class='ocrx_word' id='word_1_408' title='bbox 1303 4272 1474 4340; x_wconf 73' lang='grc' dir='ltr'>χείλη</span> <span class='ocrx_word' id='word_1_409' title='bbox 1512 4270 1732 4341; x_wconf 70' lang='grc' dir='ltr'>ψευδῆ.</span> 
     </span>
    </p>
   </div>
   <div class='ocr_carea' id='block_1_61' title="bbox 156 4358 1734 4435">
    <p class='ocr_par' dir='ltr' id='par_1_61' title="bbox 156 4358 1734 4435">
     <span class='ocr_line' id='line_1_61' title="bbox 156 4358 1734 4435; baseline 0.006 -24"><span class='ocrx_word' id='word_1_410' title='bbox 156 4358 445 4412; x_wconf 75' lang='grc' dir='ltr'>Βδελνκτοὶ</span> <span class='ocrx_word' id='word_1_411' title='bbox 480 4361 537 4412; x_wconf 85' lang='grc' dir='ltr'><strong>δέ</strong></span> <span class='ocrx_word' id='word_1_412' title='bbox 568 4360 812 4414; x_wconf 85' lang='grc' dir='ltr'>ἐναντίον</span> <span class='ocrx_word' id='word_1_413' title='bbox 835 4361 995 4432; x_wconf 89' lang='grc' dir='ltr'>ἐμοῦ,</span> <span class='ocrx_word' id='word_1_414' title='bbox 1027 4362 1077 4414; x_wconf 79' lang='grc' dir='ltr'>οἱ</span> <span class='ocrx_word' id='word_1_415' title='bbox 1105 4364 1166 4415; x_wconf 83' lang='grc' dir='ltr'>τὸ</span> <span class='ocrx_word' id='word_1_416' title='bbox 1194 4362 1394 4435; x_wconf 82' lang='grc' dir='ltr'>ἀληθὲς</span> <span class='ocrx_word' id='word_1_417' title='bbox 1434 4366 1512 4435; x_wconf 87' lang='grc' dir='ltr'>μὴ</span> <span class='ocrx_word' id='word_1_418' title='bbox 1550 4367 1734 4434; x_wconf 84' lang='grc' dir='ltr'>ἀπαγ-</span> 
     </span>
    </p>
   </div>
   <div class='ocr_carea' id='block_1_62' title="bbox 151 4450 637 4521">
    <p class='ocr_par' dir='ltr' id='par_1_62' title="bbox 151 4450 637 4521">
     <span class='ocr_line' id='line_1_62' title="bbox 151 4450 637 4521; baseline 0.008 -19"><span class='ocrx_word' id='word_1_419' title='bbox 151 4450 441 4519; x_wconf 84' lang='grc' dir='ltr'>γέλλοντες</span> <span class='ocrx_word' id='word_1_420' title='bbox 466 4452 637 4521; x_wconf 78' lang='grc' dir='ltr'>λόγοι.</span> 
     </span>
    </p>
   </div>
   <div class='ocr_carea' id='block_1_63' title="bbox 1848 1962 2998 2033">
    <p class='ocr_par' dir='ltr' id='par_1_63' title="bbox 1848 1962 2998 2033">
     <span class='ocr_line' id='line_1_63' title="bbox 1848 1962 2998 2033; baseline 0.015 -18"><span class='ocrx_word' id='word_1_421' title='bbox 1848 1962 2198 2033; x_wconf 82' lang='lat' dir='ltr'><strong>perfectioris</strong></span> <span class='ocrx_word' id='word_1_422' title='bbox 2229 1967 2354 2023; x_wconf 66' lang='lat' dir='ltr'><strong>vita:</strong></span> <span class='ocrx_word' id='word_1_423' title='bbox 2380 1967 2721 2028; x_wconf 87' lang='lat' dir='ltr'><strong>desiderium</strong></span> <span class='ocrx_word' id='word_1_424' title='bbox 2757 1978 2998 2033; x_wconf 87' lang='lat' dir='ltr'><strong>attrabo.</strong></span> 
     </span>
    </p>
   </div>
   <div class='ocr_carea' id='block_1_64' title="bbox 1916 2053 3424 2137">
    <p class='ocr_par' dir='ltr' id='par_1_64' title="bbox 1916 2053 3424 2137">
     <span class='ocr_line' id='line_1_64' title="bbox 1916 2053 3424 2137; baseline 0.016 -31"><span class='ocrx_word' id='word_1_425' title='bbox 1916 2053 1985 2107; x_wconf 87' lang='lat' dir='ltr'><strong>Et</strong></span> <span class='ocrx_word' id='word_1_426' title='bbox 2007 2071 2177 2110; x_wconf 83' lang='lat' dir='ltr'><strong>vocem</strong></span> <span class='ocrx_word' id='word_1_427' title='bbox 2202 2074 2372 2112; x_wconf 88' lang='lat' dir='ltr'><strong>meam</strong></span> <span class='ocrx_word' id='word_1_428' title='bbox 2406 2061 2619 2129; x_wconf 66' lang='lat' dir='ltr'><strong>eﬂundo</strong></span> <span class='ocrx_word' id='word_1_429' title='bbox 2651 2066 2719 2118; x_wconf 85' lang='lat' dir='ltr'><strong>ad</strong></span> <span class='ocrx_word' id='word_1_430' title='bbox 2746 2067 2887 2135; x_wconf 80' lang='lat' dir='ltr'><strong>ﬁlios</strong></span> <span class='ocrx_word' id='word_1_431' title='bbox 2918 2069 3211 2137; x_wconf 79' lang='lat' dir='ltr'><strong>hominum,</strong></span> <span class='ocrx_word' id='word_1_432' title='bbox 3249 2072 3424 2131; x_wconf 77' lang='lat' dir='ltr'><strong>Meam</strong></span> 
     </span>
    </p>
   </div>
   <div class='ocr_carea' id='block_1_65' title="bbox 1845 2142 3425 2237">
    <p class='ocr_par' dir='ltr' id='par_1_65' title="bbox 1845 2142 3425 2237">
     <span class='ocr_line' id='line_1_65' title="bbox 1845 2142 3425 2237; baseline 0.015 -39"><span class='ocrx_word' id='word_1_433' title='bbox 1845 2142 2153 2201; x_wconf 82' lang='lat' dir='ltr'><strong>doctrinam</strong></span> <span class='ocrx_word' id='word_1_434' title='bbox 2181 2159 2236 2204; x_wconf 92' lang='lat' dir='ltr'><strong>et</strong></span> <span class='ocrx_word' id='word_1_435' title='bbox 2263 2150 2333 2205; x_wconf 90' lang='lat' dir='ltr'><strong>iis</strong></span> <span class='ocrx_word' id='word_1_436' title='bbox 2364 2168 2638 2223; x_wconf 86' lang='lat' dir='ltr'><strong>propono,</strong></span> <span class='ocrx_word' id='word_1_437' title='bbox 2671 2161 2763 2226; x_wconf 85' lang='lat' dir='ltr'><strong>qui</strong></span> <span class='ocrx_word' id='word_1_438' title='bbox 2796 2172 2993 2215; x_wconf 87' lang='lat' dir='ltr'><strong>vacant</strong></span> <span class='ocrx_word' id='word_1_439' title='bbox 3022 2163 3091 2217; x_wconf 82' lang='lat' dir='ltr'><strong>ad</strong></span> <span class='ocrx_word' id='word_1_440' title='bbox 3116 2165 3425 2237; x_wconf 83' lang='lat' dir='ltr'><strong>intelligen-</strong></span> 
     </span>
    </p>
   </div>
   <div class='ocr_carea' id='block_1_66' title="bbox 1845 2239 3425 2316">
    <p class='ocr_par' dir='ltr' id='par_1_66' title="bbox 1845 2239 3425 2316">
     <span class='ocr_line' id='line_1_66' title="bbox 1845 2239 3425 2316; baseline 0.015 -25"><span class='ocrx_word' id='word_1_441' title='bbox 1845 2239 1974 2292; x_wconf 91' lang='lat' dir='ltr'><strong>tiam</strong></span> <span class='ocrx_word' id='word_1_442' title='bbox 2004 2256 2192 2296; x_wconf 85' lang='lat' dir='ltr'><strong>eorum</strong></span> <span class='ocrx_word' id='word_1_443' title='bbox 2232 2257 2354 2313; x_wconf 70' lang='lat' dir='ltr'><strong>qua:</strong></span> <span class='ocrx_word' id='word_1_444' title='bbox 2400 2248 2704 2303; x_wconf 89' lang='lat' dir='ltr'><strong>secundum</strong></span> <span class='ocrx_word' id='word_1_445' title='bbox 2754 2250 3038 2309; x_wconf 84' lang='lat' dir='ltr'><strong>hominum</strong></span> <span class='ocrx_word' id='word_1_446' title='bbox 3085 2266 3277 2313; x_wconf 88' lang='lat' dir='ltr'><strong>etnon</strong></span> <span class='ocrx_word' id='word_1_447' title='bbox 3330 2260 3425 2316; x_wconf 88' lang='lat' dir='ltr'><strong>Dei</strong></span> 
     </span>
    </p>
   </div>
   <div class='ocr_carea' id='block_1_67' title="bbox 1843 2329 2154 2386">
    <p class='ocr_par' dir='ltr' id='par_1_67' title="bbox 1843 2329 2154 2386">
     <span class='ocr_line' id='line_1_67' title="bbox 1843 2329 2154 2386; baseline 0.01 -3"><span class='ocrx_word' id='word_1_448' title='bbox 1843 2329 2154 2386; x_wconf 83' lang='lat' dir='ltr'><strong>scientiam.</strong></span> 
     </span>
    </p>
   </div>
   <div class='ocr_carea' id='block_1_68' title="bbox 1919 2417 3421 2513">
    <p class='ocr_par' dir='ltr' id='par_1_68' title="bbox 1919 2417 3421 2513">
     <span class='ocr_line' id='line_1_68' title="bbox 1919 2417 3421 2513; baseline 0.018 -41"><span class='ocrx_word' id='word_1_449' title='bbox 1919 2417 2084 2476; x_wconf 67' lang='lat' dir='ltr'><strong>Vens.</strong></span> <span class='ocrx_word' id='word_1_450' title='bbox 2111 2423 2163 2477; x_wconf 72' lang='grc' dir='ltr'>ὅ.</span> <span class='ocrx_word' id='word_1_451' title='bbox 2190 2423 2498 2496; x_wconf 81' lang='lat' dir='ltr'><strong>Intelligite,</strong></span> <span class='ocrx_word' id='word_1_452' title='bbox 2529 2430 2784 2495; x_wconf 75' lang='lat' dir='ltr'><strong>insontes,</strong></span> <span class='ocrx_word' id='word_1_453' title='bbox 2805 2437 3085 2493; x_wconf 76' lang='lat' dir='ltr'><strong>astutiam.</strong></span> <span class='ocrx_word' id='word_1_454' title='bbox 3108 2438 3421 2513; x_wconf 83' lang='lat' dir='ltr'><strong>Intelligitc.</strong></span> 
     </span>
    </p>
   </div>
   <div class='ocr_carea' id='block_1_69' title="bbox 1842 2514 3424 2593">
    <p class='ocr_par' dir='ltr' id='par_1_69' title="bbox 1842 2514 3424 2593">
     <span class='ocr_line' id='line_1_69' title="bbox 1842 2514 3424 2593; baseline 0.017 -30"><span class='ocrx_word' id='word_1_455' title='bbox 1842 2525 1943 2565; x_wconf 88' lang='lat' dir='ltr'><strong>vos</strong></span> <span class='ocrx_word' id='word_1_456' title='bbox 1975 2514 2067 2580; x_wconf 89' lang='lat' dir='ltr'><strong>qui</strong></span> <span class='ocrx_word' id='word_1_457' title='bbox 2112 2514 2182 2569; x_wconf 87' lang='lat' dir='ltr'><strong>ab</strong></span> <span class='ocrx_word' id='word_1_458' title='bbox 2222 2519 2371 2572; x_wconf 88' lang='lat' dir='ltr'><strong>omni</strong></span> <span class='ocrx_word' id='word_1_459' title='bbox 2420 2521 2628 2575; x_wconf 89' lang='lat' dir='ltr'><strong>malitia</strong></span> <span class='ocrx_word' id='word_1_460' title='bbox 2665 2524 2829 2578; x_wconf 88' lang='lat' dir='ltr'><strong>alieni</strong></span> <span class='ocrx_word' id='word_1_461' title='bbox 2863 2529 3018 2593; x_wconf 87' lang='lat' dir='ltr'><strong>estis,</strong></span> <span class='ocrx_word' id='word_1_462' title='bbox 3054 2534 3424 2589; x_wconf 79' lang='lat' dir='ltr'><strong>metltodicam</strong></span> 
     </span>
    </p>
   </div>
   <div class='ocr_carea' id='block_1_70' title="bbox 1843 2604 3429 2697">
    <p class='ocr_par' dir='ltr' id='par_1_70' title="bbox 1843 2604 3429 2697">
     <span class='ocr_line' id='line_1_70' title="bbox 1843 2604 3429 2697; baseline 0.018 -42"><span class='ocrx_word' id='word_1_463' title='bbox 1843 2604 2024 2658; x_wconf 84' lang='lat' dir='ltr'><strong>omnis</strong></span> <span class='ocrx_word' id='word_1_464' title='bbox 2057 2604 2186 2660; x_wconf 89' lang='lat' dir='ltr'><strong>boni</strong></span> <span class='ocrx_word' id='word_1_465' title='bbox 2214 2613 2589 2678; x_wconf 82' lang='lat' dir='ltr'><strong>operationem</strong></span> <span class='ocrx_word' id='word_1_466' title='bbox 2625 2632 2639 2670; x_wconf 89' lang='lat'><strong>:</strong></span> <span class='ocrx_word' id='word_1_467' title='bbox 2680 2630 3141 2687; x_wconf 80' lang='lat' dir='ltr'><strong>recognoscentes</strong></span> <span class='ocrx_word' id='word_1_468' title='bbox 3186 2626 3241 2680; x_wconf 90' lang='lat' dir='ltr'><strong>in</strong></span> <span class='ocrx_word' id='word_1_469' title='bbox 3275 2630 3429 2697; x_wconf 86' lang='lat' dir='ltr'><strong>pravi</strong></span> 
     </span>
    </p>
   </div>
   <div class='ocr_carea' id='block_1_71' title="bbox 1842 2691 3425 2787">
    <p class='ocr_par' dir='ltr' id='par_1_71' title="bbox 1842 2691 3425 2787">
     <span class='ocr_line' id='line_1_71' title="bbox 1842 2691 3425 2787; baseline 0.021 -41"><span class='ocrx_word' id='word_1_470' title='bbox 1842 2691 1939 2747; x_wconf 87' lang='lat' dir='ltr'><strong>Dei</strong></span> <span class='ocrx_word' id='word_1_471' title='bbox 1973 2706 2262 2768; x_wconf 77' lang='lat' dir='ltr'><strong>praecepta;</strong></span> <span class='ocrx_word' id='word_1_472' title='bbox 2291 2711 2347 2755; x_wconf 87' lang='lat' dir='ltr'><strong>et</strong></span> <span class='ocrx_word' id='word_1_473' title='bbox 2371 2705 2440 2757; x_wconf 85' lang='lat' dir='ltr'><strong>ab</strong></span> <span class='ocrx_word' id='word_1_474' title='bbox 2462 2706 2777 2775; x_wconf 82' lang='lat' dir='ltr'><strong>expiatione</strong></span> <span class='ocrx_word' id='word_1_475' title='bbox 2812 2726 2933 2780; x_wconf 63' lang='lat' dir='ltr'><strong>quae</strong></span> <span class='ocrx_word' id='word_1_476' title='bbox 2961 2726 3048 2770; x_wconf 84' lang='lat' dir='ltr'><strong>est</strong></span> <span class='ocrx_word' id='word_1_477' title='bbox 3077 2733 3176 2787; x_wconf 90' lang='lat' dir='ltr'><strong>per</strong></span> <span class='ocrx_word' id='word_1_478' title='bbox 3204 2691 3425 2778; x_wconf 81' lang='lat' dir='ltr'><strong>modum</strong></span> 
     </span>
    </p>
   </div>
   <div class='ocr_carea' id='block_1_72' title="bbox 1844 2782 2998 2861">
    <p class='ocr_par' dir='ltr' id='par_1_72' title="bbox 1844 2782 2998 2861">
     <span class='ocr_line' id='line_1_72' title="bbox 1844 2782 2998 2861; baseline 0.021 -25"><span class='ocrx_word' id='word_1_479' title='bbox 1844 2782 2267 2845; x_wconf 86' lang='lat' dir='ltr'><strong>introductiouis</strong></span> <span class='ocrx_word' id='word_1_480' title='bbox 2301 2796 2659 2860; x_wconf 77' lang='lat' dir='ltr'><strong>pracedentes</strong></span> <span class='ocrx_word' id='word_1_481' title='bbox 2692 2800 2760 2854; x_wconf 87' lang='lat' dir='ltr'><strong>ad</strong></span> <span class='ocrx_word' id='word_1_482' title='bbox 2796 2801 2998 2861; x_wconf 88' lang='lat' dir='ltr'><strong>lucem.</strong></span> 
     </span>
    </p>
   </div>
   <div class='ocr_carea' id='block_1_73' title="bbox 1912 2873 3426 2976">
    <p class='ocr_par' dir='ltr' id='par_1_73' title="bbox 1912 2873 3426 2976">
     <span class='ocr_line' id='line_1_73' title="bbox 1912 2873 3426 2976; baseline 0.024 -48"><span class='ocrx_word' id='word_1_483' title='bbox 1912 2873 2262 2945; x_wconf 74' lang='lat' dir='ltr'><strong>lnsipientes,</strong></span> <span class='ocrx_word' id='word_1_484' title='bbox 2328 2885 2734 2945; x_wconf 77' lang='lat' dir='ltr'><strong>animadvertite</strong></span> <span class='ocrx_word' id='word_1_485' title='bbox 2811 2895 2987 2952; x_wconf 82' lang='lat' dir='ltr'><strong>corde.</strong></span> <span class='ocrx_word' id='word_1_486' title='bbox 3047 2897 3092 2954; x_wconf 92' lang='grc'>0</span> <span class='ocrx_word' id='word_1_487' title='bbox 3149 2917 3284 2971; x_wconf 79' lang='lat' dir='ltr'><strong>vos,</strong></span> <span class='ocrx_word' id='word_1_488' title='bbox 3333 2913 3426 2976; x_wconf 87' lang='lat' dir='ltr'><strong>qui</strong></span> 
     </span>
    </p>
   </div>
   <div class='ocr_carea' id='block_1_74' title="bbox 1839 2967 3429 3051">
    <p class='ocr_par' dir='ltr' id='par_1_74' title="bbox 1839 2967 3429 3051">
     <span class='ocr_line' id='line_1_74' title="bbox 1839 2967 3429 3051; baseline 0.021 -33"><span class='ocrx_word' id='word_1_489' title='bbox 1839 2967 2081 3022; x_wconf 87' lang='lat' dir='ltr'><strong>nondum</strong></span> <span class='ocrx_word' id='word_1_490' title='bbox 2132 2970 2202 3024; x_wconf 86' lang='lat' dir='ltr'><strong>ad</strong></span> <span class='ocrx_word' id='word_1_491' title='bbox 2253 2982 2537 3042; x_wconf 89' lang='lat' dir='ltr'><strong>paternam</strong></span> <span class='ocrx_word' id='word_1_492' title='bbox 2568 2979 2875 3038; x_wconf 90' lang='lat' dir='ltr'><strong>doctrinam</strong></span> <span class='ocrx_word' id='word_1_493' title='bbox 2921 2989 3148 3046; x_wconf 83' lang='lat' dir='ltr'><strong>venistis</strong></span> <span class='ocrx_word' id='word_1_494' title='bbox 3328 2967 3429 3051; x_wconf 58' lang='lat' dir='ltr'><strong>esu</strong></span> 
     </span>
    </p>
   </div>
   <div class='ocr_carea' id='block_1_75' title="bbox 1839 3058 3422 3145">
    <p class='ocr_par' dir='ltr' id='par_1_75' title="bbox 1839 3058 3422 3145">
     <span class='ocr_line' id='line_1_75' title="bbox 1839 3058 3422 3145; baseline 0.02 -31"><span class='ocrx_word' id='word_1_495' title='bbox 1839 3058 2158 3130; x_wconf 85' lang='lat' dir='ltr'><strong>piationem,</strong></span> <span class='ocrx_word' id='word_1_496' title='bbox 2197 3063 2362 3131; x_wconf 88' lang='lat' dir='ltr'><strong>jacite</strong></span> <span class='ocrx_word' id='word_1_497' title='bbox 2413 3068 2465 3122; x_wconf 93' lang='lat' dir='ltr'><strong>in</strong></span> <span class='ocrx_word' id='word_1_498' title='bbox 2521 3074 2737 3131; x_wconf 84' lang='lat' dir='ltr'><strong>animas</strong></span> <span class='ocrx_word' id='word_1_499' title='bbox 2796 3086 3008 3134; x_wconf 81' lang='lat' dir='ltr'><strong>vestras</strong></span> <span class='ocrx_word' id='word_1_500' title='bbox 3060 3085 3422 3145; x_wconf 71' lang='lat' dir='ltr'><strong>viviﬁcantem</strong></span> 
     </span>
    </p>
   </div>
   <div class='ocr_carea' id='block_1_76' title="bbox 1842 3149 3427 3240">
    <p class='ocr_par' dir='ltr' id='par_1_76' title="bbox 1842 3149 3427 3240">
     <span class='ocr_line' id='line_1_76' title="bbox 1842 3149 3427 3240; baseline 0.022 -36"><span class='ocrx_word' id='word_1_501' title='bbox 1842 3149 1938 3206; x_wconf 85' lang='lat' dir='ltr'><strong>Dei</strong></span> <span class='ocrx_word' id='word_1_502' title='bbox 1969 3154 2334 3226; x_wconf 73' lang='lat' dir='ltr'><strong>cognitionem</strong></span> <span class='ocrx_word' id='word_1_503' title='bbox 2360 3176 2375 3227; x_wconf 92' lang='lat'>;</span> <span class='ocrx_word' id='word_1_504' title='bbox 2412 3177 2534 3232; x_wconf 65' lang='lat' dir='ltr'><strong>qua:</strong></span> <span class='ocrx_word' id='word_1_505' title='bbox 2567 3164 2763 3224; x_wconf 88' lang='lat' dir='ltr'><strong>timore</strong></span> <span class='ocrx_word' id='word_1_506' title='bbox 2795 3170 2939 3240; x_wconf 90' lang='lat' dir='ltr'><strong>ejus,</strong></span> <span class='ocrx_word' id='word_1_507' title='bbox 2967 3173 3136 3231; x_wconf 87' lang='lat' dir='ltr'><strong>vitam</strong></span> <span class='ocrx_word' id='word_1_508' title='bbox 3184 3185 3427 3237; x_wconf 86' lang='lat' dir='ltr'><strong>macula-</strong></span> 
     </span>
    </p>
   </div>
   <div class='ocr_carea' id='block_1_77' title="bbox 1848 3246 2693 3322">
    <p class='ocr_par' dir='ltr' id='par_1_77' title="bbox 1848 3246 2693 3322">
     <span class='ocr_line' id='line_1_77' title="bbox 1848 3246 2693 3322; baseline 0.015 -24"><span class='ocrx_word' id='word_1_509' title='bbox 1848 3251 1958 3298; x_wconf 88' lang='lat' dir='ltr'><strong>tam</strong></span> <span class='ocrx_word' id='word_1_510' title='bbox 1992 3246 2060 3300; x_wconf 89' lang='lat' dir='ltr'><strong>ab</strong></span> <span class='ocrx_word' id='word_1_511' title='bbox 2086 3248 2235 3302; x_wconf 91' lang='lat' dir='ltr'><strong>omni</strong></span> <span class='ocrx_word' id='word_1_512' title='bbox 2268 3250 2387 3305; x_wconf 86' lang='lat' dir='ltr'><strong>labe</strong></span> <span class='ocrx_word' id='word_1_513' title='bbox 2422 3255 2693 3322; x_wconf 82' lang='lat' dir='ltr'><strong>puriﬁcat.</strong></span> 
     </span>
    </p>
   </div>
   <div class='ocr_carea' id='block_1_78' title="bbox 1922 3336 3428 3435">
    <p class='ocr_par' dir='ltr' id='par_1_78' title="bbox 1922 3336 3428 3435">
     <span class='ocr_line' id='line_1_78' title="bbox 1922 3336 3428 3435; baseline 0.021 -45"><span class='ocrx_word' id='word_1_514' title='bbox 1922 3336 2082 3394; x_wconf 73' lang='lat' dir='ltr'><strong>Vens.</strong></span> <span class='ocrx_word' id='word_1_515' title='bbox 2113 3340 2167 3395; x_wconf 86' lang='lat'><strong>6.</strong></span> <span class='ocrx_word' id='word_1_516' title='bbox 2198 3342 2391 3397; x_wconf 79' lang='lat' dir='ltr'><strong>Audite</strong></span> <span class='ocrx_word' id='word_1_517' title='bbox 2445 3363 2544 3414; x_wconf 81' lang='lat' dir='ltr'><strong>me,</strong></span> <span class='ocrx_word' id='word_1_518' title='bbox 2585 3353 2771 3419; x_wconf 84' lang='lat' dir='ltr'><strong>gravia</strong></span> <span class='ocrx_word' id='word_1_519' title='bbox 2816 3356 2953 3409; x_wconf 86' lang='lat' dir='ltr'><strong>enim</strong></span> <span class='ocrx_word' id='word_1_520' title='bbox 2998 3358 3242 3417; x_wconf 83' lang='lat' dir='ltr'><strong>locutura</strong></span> <span class='ocrx_word' id='word_1_521' title='bbox 3271 3384 3428 3435; x_wconf 81' lang='lat' dir='ltr'><strong>sum;</strong></span> 
     </span>
    </p>
   </div>
   <div class='ocr_carea' id='block_1_79' title="bbox 1845 3430 3431 3518">
    <p class='ocr_par' dir='ltr' id='par_1_79' title="bbox 1845 3430 3431 3518">
     <span class='ocr_line' id='line_1_79' title="bbox 1845 3430 3431 3518; baseline 0.024 -37"><span class='ocrx_word' id='word_1_522' title='bbox 1845 3430 2112 3499; x_wconf 78' lang='lat' dir='ltr'><strong>proferam</strong></span> <span class='ocrx_word' id='word_1_523' title='bbox 2163 3434 2321 3490; x_wconf 79' lang='lat' dir='ltr'><strong>labiis</strong></span> <span class='ocrx_word' id='word_1_524' title='bbox 2355 3440 2481 3494; x_wconf 74' lang='lat' dir='ltr'><strong>meis</strong></span> <span class='ocrx_word' id='word_1_525' title='bbox 2510 3452 2677 3499; x_wconf 79' lang='lat' dir='ltr'><strong>recta.</strong></span> <span class='ocrx_word' id='word_1_526' title='bbox 2710 3447 2909 3505; x_wconf 84' lang='lat' dir='ltr'><strong>Audite</strong></span> <span class='ocrx_word' id='word_1_527' title='bbox 2942 3467 3047 3518; x_wconf 91' lang='lat' dir='ltr'><strong>me,</strong></span> <span class='ocrx_word' id='word_1_528' title='bbox 3084 3430 3431 3518; x_wconf 60' lang='lat' dir='ltr'><strong>honorabilis</strong></span> 
     </span>
    </p>
   </div>
   <div class='ocr_carea' id='block_1_80' title="bbox 1846 3522 3312 3616">
    <p class='ocr_par' dir='ltr' id='par_1_80' title="bbox 1846 3522 3312 3616">
     <span class='ocr_line' id='line_1_80' title="bbox 1846 3522 3312 3616; baseline 0.02 -41"><span class='ocrx_word' id='word_1_529' title='bbox 1846 3522 2114 3588; x_wconf 72' lang='lat' dir='ltr'><strong>Clallltlbo,</strong></span> <span class='ocrx_word' id='word_1_530' title='bbox 2138 3535 2192 3579; x_wconf 87' lang='lat' dir='ltr'><strong>et</strong></span> <span class='ocrx_word' id='word_1_531' title='bbox 2219 3529 2491 3597; x_wconf 81' lang='lat' dir='ltr'><strong>proferam</strong></span> <span class='ocrx_word' id='word_1_532' title='bbox 2514 3549 2587 3588; x_wconf 79' lang='lat' dir='ltr'><strong>ex</strong></span> <span class='ocrx_word' id='word_1_533' title='bbox 2610 3551 2704 3591; x_wconf 92' lang='lat' dir='ltr'><strong>ore</strong></span> <span class='ocrx_word' id='word_1_534' title='bbox 2733 3552 2854 3594; x_wconf 86' lang='lat' dir='ltr'><strong>meo</strong></span> <span class='ocrx_word' id='word_1_535' title='bbox 2882 3552 3031 3597; x_wconf 89' lang='lat' dir='ltr'><strong>recta</strong></span> <span class='ocrx_word' id='word_1_536' title='bbox 3060 3553 3114 3601; x_wconf 87' lang='lat' dir='ltr'><strong>et</strong></span> <span class='ocrx_word' id='word_1_537' title='bbox 3140 3547 3312 3616; x_wconf 89' lang='lat' dir='ltr'><strong>justa.</strong></span> 
     </span>
    </p>
   </div>
   <div class='ocr_carea' id='block_1_81' title="bbox 1914 3694 3428 3791">
    <p class='ocr_par' dir='ltr' id='par_1_81' title="bbox 1914 3694 3428 3791">
     <span class='ocr_line' id='line_1_81' title="bbox 1914 3694 3428 3791; baseline 0.022 -43"><span class='ocrx_word' id='word_1_538' title='bbox 1914 3694 2085 3752; x_wconf 71' lang='lat' dir='ltr'><strong>Vens.</strong></span> <span class='ocrx_word' id='word_1_539' title='bbox 2174 3699 2228 3754; x_wconf 89' lang='lat'><strong>7.</strong></span> <span class='ocrx_word' id='word_1_540' title='bbox 2320 3701 2460 3768; x_wconf 84' lang='lat' dir='ltr'><strong>Quia</strong></span> <span class='ocrx_word' id='word_1_541' title='bbox 2510 3708 2797 3762; x_wconf 62' lang='lat' dir='ltr'><strong>ueritatem</strong></span> <span class='ocrx_word' id='word_1_542' title='bbox 2858 3716 3206 3772; x_wconf 84' lang='lat' dir='ltr'><strong>meditabitur</strong></span> <span class='ocrx_word' id='word_1_543' title='bbox 3241 3733 3428 3791; x_wconf 73' lang='lat' dir='ltr'><strong>guttur</strong></span> 
     </span>
    </p>
   </div>
   <div class='ocr_carea' id='block_1_82' title="bbox 1845 3788 3426 3879">
    <p class='ocr_par' dir='ltr' id='par_1_82' title="bbox 1845 3788 3426 3879">
     <span class='ocr_line' id='line_1_82' title="bbox 1845 3788 3426 3879; baseline 0.02 -41"><span class='ocrx_word' id='word_1_544' title='bbox 1845 3801 2038 3842; x_wconf 85' lang='lat' dir='ltr'><strong>meum.</strong></span> <span class='ocrx_word' id='word_1_545' title='bbox 2069 3788 2205 3854; x_wconf 87' lang='lat' dir='ltr'><strong>Quia</strong></span> <span class='ocrx_word' id='word_1_546' title='bbox 2263 3793 2395 3846; x_wconf 86' lang='lat' dir='ltr'><strong>mihi</strong></span> <span class='ocrx_word' id='word_1_547' title='bbox 2447 3797 2604 3863; x_wconf 88' lang='lat' dir='ltr'><strong>quasi</strong></span> <span class='ocrx_word' id='word_1_548' title='bbox 2653 3813 2777 3854; x_wconf 83' lang='lat' dir='ltr'><strong>vere</strong></span> <span class='ocrx_word' id='word_1_549' title='bbox 2826 3811 3035 3871; x_wconf 78' lang='lat' dir='ltr'><strong>guttur,</strong></span> <span class='ocrx_word' id='word_1_550' title='bbox 3071 3788 3296 3879; x_wconf 78' lang='lat' dir='ltr'><strong>spiritus</strong></span> <span class='ocrx_word' id='word_1_551' title='bbox 3330 3830 3426 3869; x_wconf 89' lang='lat' dir='ltr'><strong>ca-</strong></span> 
     </span>
    </p>
   </div>
   <div class='ocr_carea' id='block_1_83' title="bbox 1844 3885 3428 3966">
    <p class='ocr_par' dir='ltr' id='par_1_83' title="bbox 1844 3885 3428 3966">
     <span class='ocr_line' id='line_1_83' title="bbox 1844 3885 3428 3966; baseline 0.018 -32"><span class='ocrx_word' id='word_1_552' title='bbox 1844 3894 1951 3951; x_wconf 83' lang='lat' dir='ltr'><strong>pax</strong></span> <span class='ocrx_word' id='word_1_553' title='bbox 1977 3885 2135 3953; x_wconf 88' lang='lat' dir='ltr'><strong>panis</strong></span> <span class='ocrx_word' id='word_1_554' title='bbox 2169 3887 2412 3943; x_wconf 80' lang='lat' dir='ltr'><strong>caelestis</strong></span> <span class='ocrx_word' id='word_1_555' title='bbox 2448 3890 2663 3947; x_wconf 86' lang='lat' dir='ltr'><strong>animas</strong></span> <span class='ocrx_word' id='word_1_556' title='bbox 2694 3894 3071 3954; x_wconf 82' lang='lat' dir='ltr'><strong>conﬁrmantis</strong></span> <span class='ocrx_word' id='word_1_557' title='bbox 3092 3941 3107 3966; x_wconf 91' lang='lat'><strong>,</strong></span> <span class='ocrx_word' id='word_1_558' title='bbox 3138 3906 3428 3962; x_wconf 87' lang='lat' dir='ltr'><strong>meditabi-</strong></span> 
     </span>
    </p>
   </div>
   <div class='ocr_carea' id='block_1_84' title="bbox 1843 3977 3425 4070">
    <p class='ocr_par' dir='ltr' id='par_1_84' title="bbox 1843 3977 3425 4070">
     <span class='ocr_line' id='line_1_84' title="bbox 1843 3977 3425 4070; baseline 0.02 -42"><span class='ocrx_word' id='word_1_559' title='bbox 1843 3982 1935 4029; x_wconf 92' lang='lat' dir='ltr'><strong>tur</strong></span> <span class='ocrx_word' id='word_1_560' title='bbox 1963 3977 2190 4031; x_wconf 89' lang='lat' dir='ltr'><strong>omnino</strong></span> <span class='ocrx_word' id='word_1_561' title='bbox 2227 3992 2530 4039; x_wconf 86' lang='lat' dir='ltr'><strong>monstrare</strong></span> <span class='ocrx_word' id='word_1_562' title='bbox 2564 3986 2719 4042; x_wconf 88' lang='lat' dir='ltr'><strong>vobis</strong></span> <span class='ocrx_word' id='word_1_563' title='bbox 2740 3990 3021 4047; x_wconf 87' lang='lat' dir='ltr'><strong>veritatem</strong></span> <span class='ocrx_word' id='word_1_564' title='bbox 3054 3993 3112 4049; x_wconf 91' lang='lat' dir='ltr'><strong>in</strong></span> <span class='ocrx_word' id='word_1_565' title='bbox 3144 4001 3425 4070; x_wconf 81' lang='lat' dir='ltr'><strong>omnibus,</strong></span> 
     </span>
    </p>
   </div>
   <div class='ocr_carea' id='block_1_85' title="bbox 1843 4067 3426 4151">
    <p class='ocr_par' dir='ltr' id='par_1_85' title="bbox 1843 4067 3426 4151">
     <span class='ocr_line' id='line_1_85' title="bbox 1843 4067 3426 4151; baseline 0.017 -29"><span class='ocrx_word' id='word_1_566' title='bbox 1843 4067 2054 4123; x_wconf 89' lang='lat' dir='ltr'><strong>scilicet</strong></span> <span class='ocrx_word' id='word_1_567' title='bbox 2076 4072 2449 4128; x_wconf 77' lang='lat' dir='ltr'><strong>manifestabit</strong></span> <span class='ocrx_word' id='word_1_568' title='bbox 2466 4092 2562 4146; x_wconf 90' lang='lat' dir='ltr'><strong>per</strong></span> <span class='ocrx_word' id='word_1_569' title='bbox 2582 4094 2641 4133; x_wconf 89' lang='lat' dir='ltr'><strong>se</strong></span> <span class='ocrx_word' id='word_1_570' title='bbox 2664 4080 3051 4140; x_wconf 88' lang='lat' dir='ltr'><strong>subsistentem</strong></span> <span class='ocrx_word' id='word_1_571' title='bbox 3078 4085 3175 4143; x_wconf 90' lang='lat' dir='ltr'><strong>Dei</strong></span> <span class='ocrx_word' id='word_1_572' title='bbox 3198 4067 3426 4151; x_wconf 85' lang='lat' dir='ltr'><strong>verbum</strong></span> 
     </span>
    </p>
   </div>
   <div class='ocr_carea' id='block_1_86' title="bbox 1843 4165 2709 4227">
    <p class='ocr_par' dir='ltr' id='par_1_86' title="bbox 1843 4165 2709 4227">
     <span class='ocr_line' id='line_1_86' title="bbox 1843 4165 2709 4227; baseline 0.014 -13"><span class='ocrx_word' id='word_1_573' title='bbox 1843 4174 1876 4214; x_wconf 89' lang='lat' dir='ltr'><strong>a</strong></span> <span class='ocrx_word' id='word_1_574' title='bbox 1911 4170 2022 4216; x_wconf 87' lang='lat' dir='ltr'><strong>tota</strong></span> <span class='ocrx_word' id='word_1_575' title='bbox 2064 4165 2341 4221; x_wconf 90' lang='lat' dir='ltr'><strong>creatione</strong></span> <span class='ocrx_word' id='word_1_576' title='bbox 2374 4169 2709 4227; x_wconf 90' lang='lat' dir='ltr'><strong>nuntiatum.</strong></span> 
     </span>
    </p>
   </div>
   <div class='ocr_carea' id='block_1_87' title="bbox 1918 4249 3426 4331">
    <p class='ocr_par' dir='ltr' id='par_1_87' title="bbox 1918 4249 3426 4331">
     <span class='ocr_line' id='line_1_87' title="bbox 1918 4249 3426 4331; baseline 0.015 -24"><span class='ocrx_word' id='word_1_577' title='bbox 1918 4249 2125 4308; x_wconf 82' lang='lat' dir='ltr'><strong>Odiosa</strong></span> <span class='ocrx_word' id='word_1_578' title='bbox 2177 4266 2298 4310; x_wconf 82' lang='lat' dir='ltr'><strong>ante</strong></span> <span class='ocrx_word' id='word_1_579' title='bbox 2337 4273 2417 4311; x_wconf 88' lang='lat' dir='ltr'><strong>me</strong></span> <span class='ocrx_word' id='word_1_580' title='bbox 2468 4258 2612 4314; x_wconf 86' lang='lat' dir='ltr'><strong>labia</strong></span> <span class='ocrx_word' id='word_1_581' title='bbox 2644 4262 2852 4318; x_wconf 79' lang='lat' dir='ltr'><strong>dolosa.</strong></span> <span class='ocrx_word' id='word_1_582' title='bbox 2892 4266 3091 4322; x_wconf 84' lang='lat' dir='ltr'><strong>Odiosa</strong></span> <span class='ocrx_word' id='word_1_583' title='bbox 3132 4281 3263 4325; x_wconf 90' lang='lat' dir='ltr'><strong>sunt</strong></span> <span class='ocrx_word' id='word_1_584' title='bbox 3299 4283 3426 4331; x_wconf 87' lang='lat' dir='ltr'><strong>ante</strong></span> 
     </span>
    </p>
   </div>
   <div class='ocr_carea' id='block_1_88' title="bbox 1842 4355 3055 4421">
    <p class='ocr_par' dir='ltr' id='par_1_88' title="bbox 1842 4355 3055 4421">
     <span class='ocr_line' id='line_1_88' title="bbox 1842 4355 3055 4421; baseline 0.014 -23"><span class='ocrx_word' id='word_1_585' title='bbox 1842 4360 1949 4410; x_wconf 89' lang='lat' dir='ltr'><strong>me,</strong></span> <span class='ocrx_word' id='word_1_586' title='bbox 1967 4361 2088 4416; x_wconf 75' lang='lat' dir='ltr'><strong>qua:</strong></span> <span class='ocrx_word' id='word_1_587' title='bbox 2122 4362 2311 4403; x_wconf 86' lang='lat' dir='ltr'><strong>verum</strong></span> <span class='ocrx_word' id='word_1_588' title='bbox 2349 4367 2455 4405; x_wconf 88' lang='lat' dir='ltr'><strong>non</strong></span> <span class='ocrx_word' id='word_1_589' title='bbox 2489 4355 2839 4421; x_wconf 86' lang='lat' dir='ltr'><strong>aunuutiant,</strong></span> <span class='ocrx_word' id='word_1_590' title='bbox 2869 4359 3055 4415; x_wconf 86' lang='lat' dir='ltr'><strong>verba.</strong></span> 
     </span>
    </p>
   </div>
   <div class='ocr_carea' id='block_1_89' title="bbox 221 4527 1742 4617">
    <p class='ocr_par' dir='ltr' id='par_1_89' title="bbox 221 4540 1736 4612">
     <span class='ocr_line' id='line_1_89' title="bbox 221 4540 1736 4612; baseline -0.001 -16"><span class='ocrx_word' id='word_1_591' title='bbox 221 4549 295 4612; x_wconf 88' lang='grc' dir='ltr'><strong>η’.</strong></span> <span class='ocrx_word' id='word_1_592' title='bbox 324 4544 488 4605; x_wconf 74' lang='grc' dir='ltr'>Μετὰ</span> <span class='ocrx_word' id='word_1_593' title='bbox 503 4541 895 4611; x_wconf 80' lang='grc' dir='ltr'>δικαιοσύνης</span> <span class='ocrx_word' id='word_1_594' title='bbox 911 4542 1109 4596; x_wconf 78' lang='grc' dir='ltr'>πάντα</span> <span class='ocrx_word' id='word_1_595' title='bbox 1128 4542 1199 4596; x_wconf 83' lang='grc' dir='ltr'>τὰ</span> <span class='ocrx_word' id='word_1_596' title='bbox 1216 4540 1459 4612; x_wconf 72' lang='grc' dir='ltr'>ῥήματα</span> <span class='ocrx_word' id='word_1_597' title='bbox 1479 4542 1585 4597; x_wconf 87' lang='grc' dir='ltr'><strong>τοῦ</strong></span> <span class='ocrx_word' id='word_1_598' title='bbox 1600 4542 1736 4595; x_wconf 84' lang='grc' dir='ltr'>στό-</span> 
     </span>
    </p>
   </div>
   <div class='ocr_carea' id='block_1_90' title="bbox 1847 4527 3421 4617">
    <p class='ocr_par' dir='ltr' id='par_1_90' title="bbox 1913 4527 3421 4600">
     <span class='ocr_line' id='line_1_90' title="bbox 1913 4527 3421 4600; baseline 0.012 -18"><span class='ocrx_word' id='word_1_599' title='bbox 1913 4527 2079 4584; x_wconf 73' lang='grc' dir='ltr'>νειιε.</span> <span class='ocrx_word' id='word_1_600' title='bbox 2113 4529 2166 4584; x_wconf 84' lang='grc'>8.</span> <span class='ocrx_word' id='word_1_601' title='bbox 2210 4529 2343 4586; x_wconf 83' lang='lat' dir='ltr'><strong>Cum</strong></span> <span class='ocrx_word' id='word_1_602' title='bbox 2369 4532 2592 4600; x_wconf 81' lang='lat' dir='ltr'><strong>justitia</strong></span> <span class='ocrx_word' id='word_1_603' title='bbox 2615 4536 2793 4588; x_wconf 85' lang='lat' dir='ltr'><strong>omnia</strong></span> <span class='ocrx_word' id='word_1_604' title='bbox 2823 4536 2977 4590; x_wconf 84' lang='lat' dir='ltr'><strong>verba</strong></span> <span class='ocrx_word' id='word_1_605' title='bbox 2999 4539 3105 4593; x_wconf 77' lang='lat' dir='ltr'><strong>oris</strong></span> <span class='ocrx_word' id='word_1_606' title='bbox 3138 4543 3259 4598; x_wconf 79' lang='lat' dir='ltr'><strong>mei.</strong></span> <span class='ocrx_word' id='word_1_607' title='bbox 3285 4542 3421 4599; x_wconf 88' lang='lat' dir='ltr'><strong>Cum</strong></span> 
     </span>
    </p>
   </div>
   <div class='ocr_carea' id='block_1_91' title="bbox 147 4634 1738 4707">
    <p class='ocr_par' dir='ltr' id='par_1_91' title="bbox 147 4634 1738 4707">
     <span class='ocr_line' id='line_1_91' title="bbox 147 4634 1738 4707; baseline 0.001 -20"><span class='ocrx_word' id='word_1_608' title='bbox 147 4635 337 4704; x_wconf 80' lang='grc' dir='ltr'>ματός</span> <span class='ocrx_word' id='word_1_609' title='bbox 374 4652 514 4704; x_wconf 85' lang='grc' dir='ltr'>μου.</span> <span class='ocrx_word' id='word_1_610' title='bbox 546 4634 702 4688; x_wconf 78' lang='grc' dir='ltr'>Μετὰ</span> <span class='ocrx_word' id='word_1_611' title='bbox 738 4636 973 4706; x_wconf 84' lang='grc' dir='ltr'>κρίσεως</span> <span class='ocrx_word' id='word_1_612' title='bbox 997 4634 1273 4707; x_wconf 50' lang='lat' dir='ltr'><strong>dapem-5;</strong></span> <span class='ocrx_word' id='word_1_613' title='bbox 1309 4636 1486 4687; x_wconf 75' lang='grc' dir='ltr'>πάντα</span> <span class='ocrx_word' id='word_1_614' title='bbox 1518 4634 1587 4688; x_wconf 82' lang='grc' dir='ltr'><strong>τά</strong></span> <span class='ocrx_word' id='word_1_615' title='bbox 1628 4635 1738 4705; x_wconf 86' lang='grc' dir='ltr'><strong>ἐμά</strong></span> 
     </span>
    </p>
   </div>
   <div class='ocr_carea' id='block_1_92' title="bbox 154 4727 624 4799">
    <p class='ocr_par' dir='ltr' id='par_1_92' title="bbox 154 4727 624 4799">
     <span class='ocr_line' id='line_1_92' title="bbox 154 4727 624 4799; baseline 0 -18"><span class='ocrx_word' id='word_1_616' title='bbox 154 4727 624 4799; x_wconf 79' lang='grc' dir='ltr'>παραγγέλματα.</span> 
     </span>
    </p>
   </div>
   <div class='ocr_carea' id='block_1_93' title="bbox 230 4818 1739 4891">
    <p class='ocr_par' dir='ltr' id='par_1_93' title="bbox 230 4818 1739 4891">
     <span class='ocr_line' id='line_1_93' title="bbox 230 4818 1739 4891; baseline 0 -18"><span class='ocrx_word' id='word_1_617' title='bbox 230 4819 424 4873; x_wconf 76' lang='grc' dir='ltr'><strong>Οὐδὲν</strong></span> <span class='ocrx_word' id='word_1_618' title='bbox 466 4819 536 4871; x_wconf 80' lang='grc' dir='ltr'>ἐν</span> <span class='ocrx_word' id='word_1_619' title='bbox 587 4819 793 4885; x_wconf 81' lang='grc' dir='ltr'>αὐτοῖς</span> <span class='ocrx_word' id='word_1_620' title='bbox 839 4820 1112 4883; x_wconf 74' lang='grc' dir='ltr'>σκολιὸν,</span> <span class='ocrx_word' id='word_1_621' title='bbox 1144 4818 1289 4874; x_wconf 78' lang='grc' dir='ltr'>οὐδὲ</span> <span class='ocrx_word' id='word_1_622' title='bbox 1335 4818 1739 4891; x_wconf 64' lang='grc' dir='ltr'>στραγγαλιῶ-</span> 
     </span>
    </p>
   </div>
   <div class='ocr_carea' id='block_1_94' title="bbox 150 4910 1739 4985">
    <p class='ocr_par' dir='ltr' id='par_1_94' title="bbox 150 4910 1739 4985">
     <span class='ocr_line' id='line_1_94' title="bbox 150 4910 1739 4985; baseline 0 -21"><span class='ocrx_word' id='word_1_623' title='bbox 150 4910 279 4977; x_wconf 77' lang='grc' dir='ltr'>δες.</span> <span class='ocrx_word' id='word_1_624' title='bbox 314 4911 482 4963; x_wconf 80' lang='grc' dir='ltr'>Οὐδὲν</span> <span class='ocrx_word' id='word_1_625' title='bbox 502 4910 559 4963; x_wconf 84' lang='grc' dir='ltr'>ἐν</span> <span class='ocrx_word' id='word_1_626' title='bbox 588 4912 771 4973; x_wconf 81' lang='grc' dir='ltr'>αὐτοῖς</span> <span class='ocrx_word' id='word_1_627' title='bbox 803 4910 995 4980; x_wconf 76' lang='grc' dir='ltr'>ψεῦδος</span> <span class='ocrx_word' id='word_1_628' title='bbox 1031 4913 1460 4983; x_wconf 80' lang='grc' dir='ltr'>ὑποκρινόμενον</span> <span class='ocrx_word' id='word_1_629' title='bbox 1480 4914 1579 4985; x_wconf 83' lang='grc' dir='ltr'><strong>τὴν</strong></span> <span class='ocrx_word' id='word_1_630' title='bbox 1609 4912 1739 4983; x_wconf 84' lang='grc' dir='ltr'><strong>ἁλή-</strong></span> 
     </span>
    </p>
   </div>
   <div class='ocr_carea' id='block_1_95' title="bbox 152 5000 1465 5074">
    <p class='ocr_par' dir='ltr' id='par_1_95' title="bbox 152 5000 1465 5074">
     <span class='ocr_line' id='line_1_95' title="bbox 152 5000 1465 5074; baseline 0 -16"><span class='ocrx_word' id='word_1_631' title='bbox 152 5002 335 5069; x_wconf 81' lang='grc' dir='ltr'>θειαν,</span> <span class='ocrx_word' id='word_1_632' title='bbox 360 5000 486 5056; x_wconf 73' lang='grc' dir='ltr'>οὔτε</span> <span class='ocrx_word' id='word_1_633' title='bbox 519 5000 625 5073; x_wconf 75' lang='grc' dir='ltr'>μὴν</span> <span class='ocrx_word' id='word_1_634' title='bbox 659 5001 752 5054; x_wconf 87' lang='grc' dir='ltr'><strong>τοῦ</strong></span> <span class='ocrx_word' id='word_1_635' title='bbox 790 5000 975 5065; x_wconf 78' lang='grc' dir='ltr'>εὐθέος</span> <span class='ocrx_word' id='word_1_636' title='bbox 1002 5004 1465 5074; x_wconf 81' lang='grc' dir='ltr'>ἐκτετραμμένον.</span> 
     </span>
    </p>
   </div>
   <div class='ocr_carea' id='block_1_96' title="bbox 227 5093 1740 5167">
    <p class='ocr_par' dir='ltr' id='par_1_96' title="bbox 227 5093 1740 5167">
     <span class='ocr_line' id='line_1_96' title="bbox 227 5093 1740 5167; baseline 0.002 -20"><span class='ocrx_word' id='word_1_637' title='bbox 227 5096 293 5147; x_wconf 81' lang='grc' dir='ltr'>θ’.</span> <span class='ocrx_word' id='word_1_638' title='bbox 328 5094 531 5148; x_wconf 79' lang='grc' dir='ltr'>Πάντα</span> <span class='ocrx_word' id='word_1_639' title='bbox 559 5093 781 5147; x_wconf 76' lang='grc' dir='ltr'>ἐνώπια</span> <span class='ocrx_word' id='word_1_640' title='bbox 809 5094 934 5160; x_wconf 83' lang='grc' dir='ltr'>τοῖς</span> <span class='ocrx_word' id='word_1_641' title='bbox 962 5095 1268 5149; x_wconf 75' lang='grc' dir='ltr'>συνιοῦσι.</span> <span class='ocrx_word' id='word_1_642' title='bbox 1298 5096 1546 5150; x_wconf 81' lang='grc' dir='ltr'>Ἀπαντα</span> <span class='ocrx_word' id='word_1_643' title='bbox 1579 5115 1740 5167; x_wconf 82' lang='grc' dir='ltr'>φανε-</span> 
     </span>
    </p>
   </div>
   <div class='ocr_carea' id='block_1_97' title="bbox 158 5189 1740 5263">
    <p class='ocr_par' dir='ltr' id='par_1_97' title="bbox 158 5189 1740 5263">
     <span class='ocr_line' id='line_1_97' title="bbox 158 5189 1740 5263; baseline -0.003 -18"><span class='ocrx_word' id='word_1_644' title='bbox 158 5191 227 5263; x_wconf 77' lang='grc' dir='ltr'><strong>ρά</strong></span> <span class='ocrx_word' id='word_1_645' title='bbox 280 5194 396 5255; x_wconf 86' lang='grc' dir='ltr'>τοῖς</span> <span class='ocrx_word' id='word_1_646' title='bbox 447 5190 762 5243; x_wconf 79' lang='grc' dir='ltr'>συννεύουσι</span> <span class='ocrx_word' id='word_1_647' title='bbox 821 5190 957 5259; x_wconf 74' lang='grc' dir='ltr'>πρὸς</span> <span class='ocrx_word' id='word_1_648' title='bbox 1015 5190 1075 5240; x_wconf 84' lang='grc' dir='ltr'>τὸ</span> <span class='ocrx_word' id='word_1_649' title='bbox 1124 5189 1351 5255; x_wconf 75' lang='grc' dir='ltr'>ἀγαθὸν,</span> <span class='ocrx_word' id='word_1_650' title='bbox 1382 5191 1475 5243; x_wconf 78' lang='grc' dir='ltr'>καὶ</span> <span class='ocrx_word' id='word_1_651' title='bbox 1515 5190 1603 5241; x_wconf 81' lang='grc' dir='ltr'>διὰ</span> <span class='ocrx_word' id='word_1_652' title='bbox 1638 5189 1740 5259; x_wconf 85' lang='grc' dir='ltr'>τῆς</span> 
     </span>
    </p>
   </div>
   <div class='ocr_carea' id='block_1_98' title="bbox 154 5278 1740 5352">
    <p class='ocr_par' dir='ltr' id='par_1_98' title="bbox 154 5278 1740 5352">
     <span class='ocr_line' id='line_1_98' title="bbox 154 5278 1740 5352; baseline -0.003 -15"><span class='ocrx_word' id='word_1_653' title='bbox 154 5283 301 5337; x_wconf 80' lang='grc' dir='ltr'>κατὰ</span> <span class='ocrx_word' id='word_1_654' title='bbox 350 5280 551 5350; x_wconf 76' lang='grc' dir='ltr'>πρᾶξιν</span> <span class='ocrx_word' id='word_1_655' title='bbox 597 5279 814 5352; x_wconf 82' lang='grc' dir='ltr'>πείρας,</span> <span class='ocrx_word' id='word_1_656' title='bbox 855 5278 963 5332; x_wconf 85' lang='grc' dir='ltr'><strong>τῶν</strong></span> <span class='ocrx_word' id='word_1_657' title='bbox 1006 5279 1235 5331; x_wconf 76' lang='grc' dir='ltr'>ἐντολῶν</span> <span class='ocrx_word' id='word_1_658' title='bbox 1283 5280 1383 5349; x_wconf 83' lang='grc' dir='ltr'>τὴν</span> <span class='ocrx_word' id='word_1_659' title='bbox 1428 5281 1740 5351; x_wconf 75' lang='grc' dir='ltr'>ἐπιστήμην</span> 
     </span>
    </p>
   </div>
   <div class='ocr_carea' id='block_1_99' title="bbox 154 5374 553 5448">
    <p class='ocr_par' dir='ltr' id='par_1_99' title="bbox 154 5374 553 5448">
     <span class='ocr_line' id='line_1_99' title="bbox 154 5374 553 5448; baseline -0.005 -18"><span class='ocrx_word' id='word_1_660' title='bbox 154 5374 553 5448; x_wconf 80' lang='grc' dir='ltr'>κτησαμένοις.</span> 
     </span>
    </p>
   </div>
   <div class='ocr_carea' id='block_1_100' title="bbox 222 5462 1742 5535">
    <p class='ocr_par' dir='ltr' id='par_1_100' title="bbox 222 5462 1742 5535">
     <span class='ocr_line' id='line_1_100' title="bbox 222 5462 1742 5535; baseline -0.002 -13"><span class='ocrx_word' id='word_1_661' title='bbox 222 5468 335 5522; x_wconf 81' lang='grc' dir='ltr'><strong>Καὶ</strong></span> <span class='ocrx_word' id='word_1_662' title='bbox 366 5467 509 5535; x_wconf 64' lang='grc' dir='ltr'>(ξρθὰ</span> <span class='ocrx_word' id='word_1_663' title='bbox 528 5465 653 5532; x_wconf 85' lang='grc' dir='ltr'>τοῖς</span> <span class='ocrx_word' id='word_1_664' title='bbox 681 5465 1035 5535; x_wconf 80' lang='grc' dir='ltr'>εὑρίσκουσι</span> <span class='ocrx_word' id='word_1_665' title='bbox 1061 5462 1307 5531; x_wconf 76' lang='grc' dir='ltr'>γνῶσιν.</span> <span class='ocrx_word' id='word_1_666' title='bbox 1335 5465 1442 5518; x_wconf 64' lang='grc' dir='ltr'><strong>Καὶ</strong></span> <span class='ocrx_word' id='word_1_667' title='bbox 1474 5465 1742 5520; x_wconf 62' lang='lat' dir='ltr'><strong>amoma</strong></span> 
     </span>
    </p>
   </div>
   <div class='ocr_carea' id='block_1_101' title="bbox 153 5555 1741 5627">
    <p class='ocr_par' dir='ltr' id='par_1_101' title="bbox 153 5555 1741 5627">
     <span class='ocr_line' id='line_1_101' title="bbox 153 5555 1741 5627; baseline -0.003 -14"><span class='ocrx_word' id='word_1_668' title='bbox 153 5562 267 5623; x_wconf 76' lang='grc' dir='ltr'>τοῖς</span> <span class='ocrx_word' id='word_1_669' title='bbox 316 5556 630 5623; x_wconf 77' lang='grc' dir='ltr'>ἐξετάζουσι</span> <span class='ocrx_word' id='word_1_670' title='bbox 682 5558 778 5611; x_wconf 75' lang='grc' dir='ltr'>καὶ</span> <span class='ocrx_word' id='word_1_671' title='bbox 814 5555 1293 5627; x_wconf 78' lang='grc' dir='ltr'>καταλαμϐάνουσι</span> <span class='ocrx_word' id='word_1_672' title='bbox 1335 5558 1648 5626; x_wconf 80' lang='grc' dir='ltr'>γνωστικῶς</span> <span class='ocrx_word' id='word_1_673' title='bbox 1681 5558 1741 5610; x_wconf 83' lang='grc' dir='ltr'>τὸ</span> 
     </span>
    </p>
   </div>
   <div class='ocr_carea' id='block_1_102' title="bbox 153 5651 382 5722">
    <p class='ocr_par' dir='ltr' id='par_1_102' title="bbox 153 5651 382 5722">
     <span class='ocr_line' id='line_1_102' title="bbox 153 5651 382 5722; baseline -0.004 -15"><span class='ocrx_word' id='word_1_674' title='bbox 153 5651 382 5722; x_wconf 81' lang='grc' dir='ltr'>ἀληθές.</span> 
     </span>
    </p>
   </div>
   <div class='ocr_carea' id='block_1_103' title="bbox 227 5740 1741 5812">
    <p class='ocr_par' dir='ltr' id='par_1_103' title="bbox 227 5740 1741 5812">
     <span class='ocr_line' id='line_1_103' title="bbox 227 5740 1741 5812; baseline -0.004 -14"><span class='ocrx_word' id='word_1_675' title='bbox 227 5742 281 5798; x_wconf 88' lang='grc' dir='ltr'>ι’.</span> <span class='ocrx_word' id='word_1_676' title='bbox 314 5742 540 5798; x_wconf 76' lang='grc' dir='ltr'>Λάϐετε</span> <span class='ocrx_word' id='word_1_677' title='bbox 567 5740 845 5796; x_wconf 78' lang='grc' dir='ltr'>παιδείαν</span> <span class='ocrx_word' id='word_1_678' title='bbox 872 5742 971 5796; x_wconf 79' lang='grc' dir='ltr'>καὶ</span> <span class='ocrx_word' id='word_1_679' title='bbox 992 5742 1078 5811; x_wconf 79' lang='grc' dir='ltr'>μὴ</span> <span class='ocrx_word' id='word_1_680' title='bbox 1103 5743 1406 5811; x_wconf 74' lang='grc' dir='ltr'>ἀργύριον.</span> <span class='ocrx_word' id='word_1_681' title='bbox 1450 5740 1741 5812; x_wconf 80' lang='grc' dir='ltr'>Κτήσασθε</span> 
     </span>
    </p>
   </div>
   <div class='ocr_carea' id='block_1_104' title="bbox 149 5832 1741 5909">
    <p class='ocr_par' dir='ltr' id='par_1_104' title="bbox 149 5832 1741 5909">
     <span class='ocr_line' id='line_1_104' title="bbox 149 5832 1741 5909; baseline -0.004 -17"><span class='ocrx_word' id='word_1_682' title='bbox 149 5837 301 5909; x_wconf 77' lang='grc' dir='ltr'>ὑπὲρ</span> <span class='ocrx_word' id='word_1_683' title='bbox 337 5837 437 5908; x_wconf 81' lang='grc' dir='ltr'><strong>μὲν</strong></span> <span class='ocrx_word' id='word_1_684' title='bbox 462 5832 728 5905; x_wconf 80' lang='grc' dir='ltr'>ἀργύριον</span> <span class='ocrx_word' id='word_1_685' title='bbox 754 5833 1016 5906; x_wconf 85' lang='grc' dir='ltr'>καθαρὸν,</span> <span class='ocrx_word' id='word_1_686' title='bbox 1057 5832 1156 5904; x_wconf 75' lang='grc' dir='ltr'><strong>τὴν</strong></span> <span class='ocrx_word' id='word_1_687' title='bbox 1188 5834 1462 5898; x_wconf 85' lang='grc' dir='ltr'>ἐπιπόνως</span> <span class='ocrx_word' id='word_1_688' title='bbox 1500 5833 1607 5887; x_wconf 82' lang='grc' dir='ltr'><strong>τῶν</strong></span> <span class='ocrx_word' id='word_1_689' title='bbox 1632 5834 1741 5887; x_wconf 83' lang='grc' dir='ltr'>άπὸ</span> 
     </span>
    </p>
   </div>
   <div class='ocr_carea' id='block_1_105' title="bbox 288 5928 1218 5997">
    <p class='ocr_par' dir='ltr' id='par_1_105' title="bbox 288 5928 1218 5997">
     <span class='ocr_line' id='line_1_105' title="bbox 288 5928 1218 5997; baseline -0.006 -1"><span class='ocrx_word' id='word_1_690' title='bbox 288 5992 293 5996; x_wconf 79' lang='lat'><strong><em>_</em></strong></span> <span class='ocrx_word' id='word_1_691' title='bbox 399 5931 670 5997; x_wconf 50' lang='lat' dir='ltr'><strong>Puncta</strong></span> <span class='ocrx_word' id='word_1_692' title='bbox 702 5928 821 5995; x_wconf 78' lang='lat' dir='ltr'><strong>GR.</strong></span> <span class='ocrx_word' id='word_1_693' title='bbox 859 5929 1218 5994; x_wconf 79' lang='lat' dir='ltr'><strong>LXXXVII.</strong></span> 
     </span>
    </p>
   </div>
   <div class='ocr_carea' id='block_1_106' title="bbox 1841 4619 3102 4685">
    <p class='ocr_par' dir='ltr' id='par_1_106' title="bbox 1841 4619 3102 4685">
     <span class='ocr_line' id='line_1_106' title="bbox 1841 4619 3102 4685; baseline 0.01 -11"><span class='ocrx_word' id='word_1_694' title='bbox 1841 4619 2049 4677; x_wconf 85' lang='lat' dir='ltr'><strong>iudicio</strong></span> <span class='ocrx_word' id='word_1_695' title='bbox 2085 4622 2242 4677; x_wconf 82' lang='lat' dir='ltr'><strong>ﬁrmo</strong></span> <span class='ocrx_word' id='word_1_696' title='bbox 2275 4640 2467 4680; x_wconf 87' lang='lat' dir='ltr'><strong>omnes</strong></span> <span class='ocrx_word' id='word_1_697' title='bbox 2499 4627 2911 4683; x_wconf 79' lang='lat' dir='ltr'><strong>exhortationes</strong></span> <span class='ocrx_word' id='word_1_698' title='bbox 2948 4646 3102 4685; x_wconf 57' lang='lat' dir='ltr'><strong>mea}.</strong></span> 
     </span>
    </p>
   </div>
   <div class='ocr_carea' id='block_1_107' title="bbox 1916 4798 3418 4875">
    <p class='ocr_par' dir='ltr' id='par_1_107' title="bbox 1916 4798 3418 4875">
     <span class='ocr_line' id='line_1_107' title="bbox 1916 4798 3418 4875; baseline 0.007 -22"><span class='ocrx_word' id='word_1_699' title='bbox 1916 4798 2038 4853; x_wconf 86' lang='lat' dir='ltr'><strong>Non</strong></span> <span class='ocrx_word' id='word_1_700' title='bbox 2082 4809 2159 4854; x_wconf 78' lang='lat' dir='ltr'><strong>est</strong></span> <span class='ocrx_word' id='word_1_701' title='bbox 2209 4801 2262 4854; x_wconf 85' lang='lat' dir='ltr'><strong>in</strong></span> <span class='ocrx_word' id='word_1_702' title='bbox 2313 4801 2390 4855; x_wconf 80' lang='lat' dir='ltr'><strong>eis</strong></span> <span class='ocrx_word' id='word_1_703' title='bbox 2432 4819 2653 4871; x_wconf 79' lang='lat' dir='ltr'><strong>pravum</strong></span> <span class='ocrx_word' id='word_1_704' title='bbox 2696 4802 2844 4873; x_wconf 84' lang='lat' dir='ltr'><strong>quid,</strong></span> <span class='ocrx_word' id='word_1_705' title='bbox 2895 4822 3055 4875; x_wconf 85' lang='lat' dir='ltr'><strong>neque</strong></span> <span class='ocrx_word' id='word_1_706' title='bbox 3099 4824 3418 4875; x_wconf 81' lang='lat' dir='ltr'><strong>perversum.</strong></span> 
     </span>
    </p>
   </div>
   <div class='ocr_carea' id='block_1_108' title="bbox 1838 4890 3418 4967">
    <p class='ocr_par' dir='ltr' id='par_1_108' title="bbox 1838 4890 3418 4967">
     <span class='ocr_line' id='line_1_108' title="bbox 1838 4890 3418 4967; baseline 0.007 -18"><span class='ocrx_word' id='word_1_707' title='bbox 1838 4890 2056 4949; x_wconf 79' lang='lat' dir='ltr'><strong>Nullum</strong></span> <span class='ocrx_word' id='word_1_708' title='bbox 2114 4896 2166 4949; x_wconf 91' lang='lat' dir='ltr'><strong>in</strong></span> <span class='ocrx_word' id='word_1_709' title='bbox 2242 4897 2322 4950; x_wconf 86' lang='lat' dir='ltr'><strong>eis</strong></span> <span class='ocrx_word' id='word_1_710' title='bbox 2376 4896 2719 4951; x_wconf 84' lang='lat' dir='ltr'><strong>mendacium</strong></span> <span class='ocrx_word' id='word_1_711' title='bbox 2775 4900 3061 4955; x_wconf 85' lang='lat' dir='ltr'><strong>veritatem</strong></span> <span class='ocrx_word' id='word_1_712' title='bbox 3129 4903 3418 4967; x_wconf 83' lang='lat' dir='ltr'><strong>simulans,</strong></span> 
     </span>
    </p>
   </div>
   <div class='ocr_carea' id='block_1_109' title="bbox 1838 4992 2688 5049">
    <p class='ocr_par' dir='ltr' id='par_1_109' title="bbox 1838 4992 2688 5049">
     <span class='ocr_line' id='line_1_109' title="bbox 1838 4992 2688 5049; baseline 0.001 -3"><span class='ocrx_word' id='word_1_713' title='bbox 1838 5008 1941 5048; x_wconf 89' lang='lat' dir='ltr'><strong>nec</strong></span> <span class='ocrx_word' id='word_1_714' title='bbox 1963 5006 1992 5044; x_wconf 90' lang='lat' dir='ltr'><strong>a</strong></span> <span class='ocrx_word' id='word_1_715' title='bbox 2025 4992 2349 5047; x_wconf 84' lang='lat' dir='ltr'><strong>rectitudine</strong></span> <span class='ocrx_word' id='word_1_716' title='bbox 2381 5008 2688 5049; x_wconf 87' lang='lat' dir='ltr'><strong>removens.</strong></span> 
     </span>
    </p>
   </div>
   <div class='ocr_carea' id='block_1_110' title="bbox 1908 5082 3417 5161">
    <p class='ocr_par' dir='ltr' id='par_1_110' title="bbox 1908 5082 3417 5161">
     <span class='ocr_line' id='line_1_110' title="bbox 1908 5082 3417 5161; baseline 0.007 -25"><span class='ocrx_word' id='word_1_717' title='bbox 1908 5082 2075 5139; x_wconf 71' lang='lat' dir='ltr'><strong>Vens.</strong></span> <span class='ocrx_word' id='word_1_718' title='bbox 2113 5082 2166 5138; x_wconf 90' lang='lat'><strong>9.</strong></span> <span class='ocrx_word' id='word_1_719' title='bbox 2215 5082 2408 5140; x_wconf 84' lang='lat' dir='ltr'><strong>Omnia</strong></span> <span class='ocrx_word' id='word_1_720' title='bbox 2457 5093 2580 5139; x_wconf 82' lang='lat' dir='ltr'><strong>ante</strong></span> <span class='ocrx_word' id='word_1_721' title='bbox 2623 5086 2803 5141; x_wconf 75' lang='lat' dir='ltr'><strong>oculos</strong></span> <span class='ocrx_word' id='word_1_722' title='bbox 2837 5087 2919 5142; x_wconf 80' lang='lat' dir='ltr'><strong>Itis</strong></span> <span class='ocrx_word' id='word_1_723' title='bbox 2949 5091 3039 5157; x_wconf 86' lang='lat' dir='ltr'><strong>qui</strong></span> <span class='ocrx_word' id='word_1_724' title='bbox 3089 5090 3417 5161; x_wconf 81' lang='lat' dir='ltr'><strong>intelligunt.</strong></span> 
     </span>
    </p>
   </div>
   <div class='ocr_carea' id='block_1_111' title="bbox 1839 5173 3420 5248">
    <p class='ocr_par' dir='ltr' id='par_1_111' title="bbox 1839 5173 3420 5248">
     <span class='ocr_line' id='line_1_111' title="bbox 1839 5173 3420 5248; baseline 0.004 -18"><span class='ocrx_word' id='word_1_725' title='bbox 1839 5173 2035 5231; x_wconf 88' lang='lat' dir='ltr'><strong>Omnia</strong></span> <span class='ocrx_word' id='word_1_726' title='bbox 2077 5177 2367 5231; x_wconf 77' lang='lat' dir='ltr'><strong>manifesta</strong></span> <span class='ocrx_word' id='word_1_727' title='bbox 2420 5178 2507 5233; x_wconf 89' lang='lat' dir='ltr'><strong>his</strong></span> <span class='ocrx_word' id='word_1_728' title='bbox 2544 5179 2639 5248; x_wconf 90' lang='lat' dir='ltr'><strong>qui</strong></span> <span class='ocrx_word' id='word_1_729' title='bbox 2675 5179 2743 5232; x_wconf 90' lang='lat' dir='ltr'><strong>ad</strong></span> <span class='ocrx_word' id='word_1_730' title='bbox 2785 5181 2988 5233; x_wconf 90' lang='lat' dir='ltr'><strong>bonum</strong></span> <span class='ocrx_word' id='word_1_731' title='bbox 3025 5180 3331 5248; x_wconf 81' lang='lat' dir='ltr'><strong>festinant;</strong></span> <span class='ocrx_word' id='word_1_732' title='bbox 3366 5194 3420 5237; x_wconf 90' lang='lat' dir='ltr'><strong>et</strong></span> 
     </span>
    </p>
   </div>
   <div class='ocr_carea' id='block_1_112' title="bbox 1840 5270 3417 5341">
    <p class='ocr_par' dir='ltr' id='par_1_112' title="bbox 1840 5270 3417 5341">
     <span class='ocr_line' id='line_1_112' title="bbox 1840 5270 3417 5341; baseline 0.005 -21"><span class='ocrx_word' id='word_1_733' title='bbox 1840 5270 1932 5341; x_wconf 85' lang='lat' dir='ltr'><strong>qui</strong></span> <span class='ocrx_word' id='word_1_734' title='bbox 1971 5285 2065 5340; x_wconf 86' lang='lat' dir='ltr'><strong>per</strong></span> <span class='ocrx_word' id='word_1_735' title='bbox 2099 5278 2332 5325; x_wconf 86' lang='lat' dir='ltr'><strong>conatus</strong></span> <span class='ocrx_word' id='word_1_736' title='bbox 2371 5271 2673 5339; x_wconf 85' lang='lat' dir='ltr'><strong>praclicos,</strong></span> <span class='ocrx_word' id='word_1_737' title='bbox 2707 5272 3088 5325; x_wconf 85' lang='lat' dir='ltr'><strong>mandatorum</strong></span> <span class='ocrx_word' id='word_1_738' title='bbox 3133 5273 3417 5328; x_wconf 88' lang='lat' dir='ltr'><strong>scientiam</strong></span> 
     </span>
    </p>
   </div>
   <div class='ocr_carea' id='block_1_113' title="bbox 1840 5362 2151 5429">
    <p class='ocr_par' dir='ltr' id='par_1_113' title="bbox 1840 5362 2151 5429">
     <span class='ocr_line' id='line_1_113' title="bbox 1840 5362 2151 5429; baseline 0.003 -17"><span class='ocrx_word' id='word_1_739' title='bbox 1840 5362 2151 5429; x_wconf 87' lang='lat' dir='ltr'><strong>acquirunt.</strong></span> 
     </span>
    </p>
   </div>
   <div class='ocr_carea' id='block_1_114' title="bbox 1916 5451 3419 5514">
    <p class='ocr_par' dir='ltr' id='par_1_114' title="bbox 1916 5451 3419 5514">
     <span class='ocr_line' id='line_1_114' title="bbox 1916 5451 3419 5514; baseline 0.007 -10"><span class='ocrx_word' id='word_1_740' title='bbox 1916 5451 1980 5505; x_wconf 85' lang='lat' dir='ltr'><strong>Et</strong></span> <span class='ocrx_word' id='word_1_741' title='bbox 2022 5464 2167 5506; x_wconf 85' lang='lat' dir='ltr'><strong>recta</strong></span> <span class='ocrx_word' id='word_1_742' title='bbox 2225 5454 2608 5508; x_wconf 75' lang='lat' dir='ltr'><strong>invenientibus</strong></span> <span class='ocrx_word' id='word_1_743' title='bbox 2663 5455 2957 5509; x_wconf 80' lang='lat' dir='ltr'><strong>scientiam.</strong></span> <span class='ocrx_word' id='word_1_744' title='bbox 2992 5454 3058 5508; x_wconf 82' lang='lat' dir='ltr'><strong>Et</strong></span> <span class='ocrx_word' id='word_1_745' title='bbox 3111 5457 3419 5514; x_wconf 71' lang='lat' dir='ltr'><strong>rectissima</strong></span> 
     </span>
    </p>
   </div>
   <div class='ocr_carea' id='block_1_115' title="bbox 1840 5544 3416 5613">
    <p class='ocr_par' dir='ltr' id='par_1_115' title="bbox 1840 5544 3416 5613">
     <span class='ocr_line' id='line_1_115' title="bbox 1840 5544 3416 5613; baseline 0.007 -17"><span class='ocrx_word' id='word_1_746' title='bbox 1840 5544 2210 5613; x_wconf 66' lang='lat' dir='ltr'><strong>quaerentibus</strong></span> <span class='ocrx_word' id='word_1_747' title='bbox 2259 5552 2314 5600; x_wconf 86' lang='lat' dir='ltr'><strong>ct</strong></span> <span class='ocrx_word' id='word_1_748' title='bbox 2359 5545 2766 5601; x_wconf 87' lang='lat' dir='ltr'><strong>invenientibus</strong></span> <span class='ocrx_word' id='word_1_749' title='bbox 2823 5549 3105 5603; x_wconf 83' lang='lat' dir='ltr'><strong>scientiam</strong></span> <span class='ocrx_word' id='word_1_750' title='bbox 3150 5551 3416 5607; x_wconf 84' lang='lat' dir='ltr'><strong>veritatis.</strong></span> 
     </span>
    </p>
   </div>
   <div class='ocr_carea' id='block_1_116' title="bbox 1909 5738 3420 5814">
    <p class='ocr_par' dir='ltr' id='par_1_116' title="bbox 1909 5738 3420 5814">
     <span class='ocr_line' id='line_1_116' title="bbox 1909 5738 3420 5814; baseline 0.005 -20"><span class='ocrx_word' id='word_1_751' title='bbox 1909 5738 2075 5794; x_wconf 70' lang='lat' dir='ltr'><strong>VERS.</strong></span> <span class='ocrx_word' id='word_1_752' title='bbox 2110 5739 2197 5793; x_wconf 78' lang='grc'><strong>10.</strong></span> <span class='ocrx_word' id='word_1_753' title='bbox 2230 5738 2615 5809; x_wconf 74' lang='lat' dir='ltr'><strong>Appreheudite</strong></span> <span class='ocrx_word' id='word_1_754' title='bbox 2641 5740 2979 5809; x_wconf 76' lang='lat' dir='ltr'><strong>disciplinam</strong></span> <span class='ocrx_word' id='word_1_755' title='bbox 3021 5751 3071 5797; x_wconf 87' lang='lat' dir='ltr'><strong>et</strong></span> <span class='ocrx_word' id='word_1_756' title='bbox 3103 5759 3206 5801; x_wconf 86' lang='lat' dir='ltr'><strong>non</strong></span> <span class='ocrx_word' id='word_1_757' title='bbox 3234 5760 3420 5814; x_wconf 80' lang='lat' dir='ltr'><strong>argen-</strong></span> 
     </span>
    </p>
   </div>
   <div class='ocr_carea' id='block_1_117' title="bbox 1843 5833 3417 5908">
    <p class='ocr_par' dir='ltr' id='par_1_117' title="bbox 1843 5833 3417 5908">
     <span class='ocr_line' id='line_1_117' title="bbox 1843 5833 3417 5908; baseline 0.004 -23"><span class='ocrx_word' id='word_1_758' title='bbox 1843 5841 1973 5886; x_wconf 85' lang='lat' dir='ltr'><strong>tum.</strong></span> <span class='ocrx_word' id='word_1_759' title='bbox 2026 5833 2309 5902; x_wconf 80' lang='lat' dir='ltr'><strong>Acquirite</strong></span> <span class='ocrx_word' id='word_1_760' title='bbox 2349 5848 2512 5904; x_wconf 87' lang='lat' dir='ltr'><strong>super</strong></span> <span class='ocrx_word' id='word_1_761' title='bbox 2565 5844 2851 5908; x_wconf 72' lang='lat' dir='ltr'><strong>argentum</strong></span> <span class='ocrx_word' id='word_1_762' title='bbox 2883 5851 3105 5907; x_wconf 87' lang='lat' dir='ltr'><strong>purum,</strong></span> <span class='ocrx_word' id='word_1_763' title='bbox 3156 5838 3417 5894; x_wconf 85' lang='lat' dir='ltr'><strong>virtutum</strong></span> 
     </span>
    </p>
   </div>
   <div class='ocr_carea' id='block_1_118' title="bbox 2981 5930 3054 5995">
    <p class='ocr_par' dir='ltr' id='par_1_118' title="bbox 2981 5930 3054 5995">
     <span class='ocr_line' id='line_1_118' title="bbox 2981 5930 3054 5995; baseline -0.041 0"><span class='ocrx_word' id='word_1_764' title='bbox 2981 5930 3054 5995; x_wconf 69' lang='lat' dir='ltr'><strong>[tl</strong></span> 
     </span>
    </p>
   </div>
  </div>
