4034 6514
691 377 814 441 19.91

1967 374 2319 434 PROCOPII
2374 373 2615 434 GAZ/El

3750 387 3852 458 1292

691 494 1032 566 disciplinam
1080 507 1178 563 pro
1211 493 1360 564 prati
1395 493 1578 548 utilem
1629 503 1684 548 et
1737 494 1975 548 animam
2012 507 2139 546 cum
2176 492 2255 545 la-

2287 497 2329 550 Α
2360 492 2560 555 κακίας
2591 491 2825 560 κηλίδων
2854 489 2954 560 τὴν
2976 489 3155 562 ψυχὴν
3182 491 3600 564 ὲκκαθαίρουσαν
3627 500 3851 576 ὠφέλιμον

687 589 818 643 bore
849 602 877 640 a
904 585 1190 657 pravitatis
1219 585 1452 639 maculis
1495 585 1900 654 puritlcantem.

759 677 826 731 Et
859 677 1134 732 scientiam
1177 691 1288 744 pra:
1321 693 1458 730 auro
1487 675 1734 744 probato.
1768 676 1948 746 Super
1981 690 2173 729 aurum
2207 675 2262 730 in

687 766 809 836 igne
863 766 1175 836 probatura,
1230 766 1410 820 lumen
1465 766 1729 830 scientiae,
1786 767 2099 820 nullomodo
2142 765 2267 836 igne

686 855 1174 910 iuvoluutariarum
1209 857 1570 911 mutationum
1602 855 1880 911 deﬁciens.

752 1031 1015 1102 Con/idite
1043 1032 1405 1102 intelligentia:
1428 1043 1484 1086 at
1508 1050 1642 1088 auro
1668 1049 1822 1102 puro.
1859 1033 2128 1088 Conlidite
2156 1047 2266 1088 non

692 1139 786 1192 spe
814 1125 933 1192 puri
983 1123 1104 1177 auri
1161 1139 1190 1177 a
1243 1123 1403 1178 vobis
1464 1124 1838 1188 thesaurisati,
1901 1125 1993 1180 sed
2068 1124 2267 1178 discre-

685 1217 820 1268 tione
861 1233 1043 1270 eorum
1072 1233 1186 1286 qua:
1208 1225 1328 1270 ante
1345 1216 1521 1270 oculos
1539 1226 1682 1278 sunt,
1712 1228 1830 1270 orta
1855 1235 1886 1270 a
1910 1217 2063 1270 bona.
2099 1215 2168 1270 Ut
2194 1217 2264 1271 ob

682 1309 1044 1378 ignorantiam
1078 1324 1186 1364 non
1223 1307 1479 1364 incidatis
1514 1310 1568 1362 in
1606 1307 1902 1380 praécipitia
1926 1319 1979 1364 et
2004 1310 2261 1380 abyssum

684 1403 926 1456 malitiae.

754 1493 920 1548 Vens.
947 1493 1033 1548 il.
1067 1491 1256 1546 Melior
1291 1502 1368 1546 est
1400 1493 1541 1547 enim
1581 1493 1850 1562 sapientia
1891 1493 2111 1562 gemmis
2142 1508 2264 1561 pre-

685 1584 850 1638 tiosis.
886 1584 1075 1639 Melior
1104 1592 1189 1638 est
1217 1585 1362 1637 enim
1420 1598 1625 1645 sermo,
1677 1585 1766 1653 qui
1803 1583 2004 1636 malum
2043 1598 2072 1637 a
2121 1583 2266 1638 bono

683 1676 963 1736 discernit,
991 1675 1262 1746 lapidibus
1292 1676 1378 1729 vel
1409 1675 1842 1744 pretiosissimis.

755 1768 920 1824 Omne
949 1767 1272 1831 honorabile,
1307 1785 1410 1822 non
1448 1778 1524 1822 est
1557 1767 1703 1852 illius
1733 1769 1973 1837 dignum.
2005 1767 2144 1833 Quia
2180 1769 2260 1822 ni-

685 1863 756 1915 hil
810 1861 1116 1930 comparari
1161 1871 1339 1928 potest
1385 1875 1450 1914 ex
1497 1839 1571 1915 iis‘
1599 1876 1720 1930 quae
1753 1860 1908 1914 vobis
1939 1860 2259 1914 aestimanda
2295 1834 2336 1892 Β

681 1952 954 2016 videntur,
987 1955 1223 2009 sermoiii
1260 1955 1338 2008 illi
1366 1955 1458 2024 qui
1500 1956 1615 2010 haec
1661 1956 1852 2010 edocet
1887 1971 1984 2026 per
2012 1954 2263 2027 Scriptu-

683 2062 796 2102 ram
827 2055 878 2100 Cl.
909 2057 1180 2101 naturam.

752 2139 915 2193 Vsus.
953 2137 1040 2192 12.
1101 2135 1212 2208 Ego
1243 2137 1507 2205 sapientia
1535 2136 1716 2190 habito
1749 2136 1804 2189 in
1833 2137 2079 2192 consilio.
2143 2135 2256 2206 Ego

678 2227 771 2283 Dei
791 2229 1025 2284 Verbum
1045 2228 1096 2282 in
1123 2229 1411 2282 animabus
1442 2228 1495 2281 in
1525 2242 1613 2281 me
1643 2229 1995 2282 credentibus
2022 2228 2286 2282 aediﬁca-,

679 2322 728 2374 vi
760 2330 819 2374 ut
847 2319 1252 2374 tabernaculum
1289 2319 1409 2371 illas
1459 2318 1776 2372 custodiens
1831 2333 1859 2370 a
1920 2317 2147 2372 maculis
2192 2316 2262 2370 ab

679 2415 804 2484 igne
833 2412 1190 2482 cupiditatum
1226 2409 1595 2476 venientibus,
1628 2412 1848 2466 virtutis
1890 2418 1946 2466 et
1975 2410 2262 2481 pravitatis

679 2506 1092 2561 discretionem.

747 2598 816 2651 Et
844 2595 1117 2650 scientiam
1138 2603 1188 2647 et
1222 2593 1622 2664 intelligentiam
1649 2608 1739 2664 ego
1766 2593 1965 2646 vocavi.
1994 2591 2060 2646 Et
2079 2607 2259 2647 rerum

679 2687 992 2751 scientiam,
1022 2699 1132 2756 qua
1169 2684 1350 2738 omnia
1387 2692 1538 2747 sunt,
1569 2692 1624 2738 et
1666 2685 2088 2753 intelligentiam
2137 2701 2261 2755 quae

679 2793 742 2831 ex
777 2777 880 2830 illis
910 2775 1055 2830 circa
1093 2789 1177 2830 me
1231 2773 1424 2839 Deum,
1481 2775 1724 2828 omnium
1763 2783 2046 2828 auctorem
2079 2777 2258 2839 venit,

679 2870 940 2924 euustitui
996 2870 1051 2924 in
1101 2869 1388 2923 animabus
1465 2883 1587 2937 qua:
1640 2869 1694 2922 in
1754 2883 1841 2922 tite
1897 2869 2154 2936 credunt,
2205 2880 2261 2925 et

676 2980 772 3018 cas
815 2965 869 3017 in
921 2963 1204 3025 moralem,
1238 2961 1543 3016 naturalem
1585 2971 1641 3017 et
1687 2957 2048 3034 theologicam
2087 2963 2263 3034 philo-

675 3057 923 3128 euphiam
957 3056 1255 3112 iutroduxi.

751 3173 910 3228 Vens.
947 3172 1033 3227 15.
1089 3169 1270 3225 Timor
1299 3169 1513 3224 Domini
1570 3167 1679 3223 odit
1728 3169 2072 3239 injustitiam,
2105 3187 2256 3224 arro-
2283 3177 2328 3238 (ζ

676 3267 913 3333 gantiam
940 3273 988 3316 et
1020 3262 1320 3330 superbiant
1348 3271 1396 3315 et
1426 3263 1538 3315 vias
1566 3259 1828 3314 malorum
1859 3270 1909 3315 et
1931 3278 1986 3314 os
2011 3261 2259 3331 bilingue.

675 3355 865 3408 Timor
927 3353 1019 3406 Dei
1110 3352 1355 3406 omnium
1425 3351 1666 3414 Domini,
1766 3368 1931 3407 omne
2012 3353 2260 3422 iniquum

674 3447 824 3511 odit;
849 3445 1045 3512 loquor
1072 3444 1140 3497 de
1200 3443 1585 3506 inhonorante,
1620 3443 1942 3496 rationalem
1983 3452 2260 3508 naturam,

595 3598 597 3600 _
677 3553 742 3592 ex
762 3537 974 3591 defectu
1001 3536 1240 3601 virtutis,
1263 3535 1793 3605 malitia.—Luquor
1816 3536 1883 3590 de
1913 3537 2190 3605 superbia,
2210 3547 2264 3591 et

681 3647 787 3686 non
816 3630 1126 3685 rationabili
1162 3630 1356 3700 gloria,
1393 3629 1460 3684 de
1492 3629 1656 3682 rebus
1693 3629 2036 3683 venientibus
2073 3631 2141 3684 ab
2169 3645 2262 3684 cx-

681 3741 838 3781 ccssu
872 3725 1086 3779 virtutis
1113 3741 1208 3794 per
1238 3739 1375 3794 quas
1407 3723 1533 3777 mali
1564 3724 1800 3794 spiritus
1845 3723 1896 3777 in
1944 3724 2125 3778 anima
2157 3724 2261 3777 ho-

683 3818 888 3871 miuutu
949 3817 1339 3887 ingredientes,
1369 3815 1584 3874 defectu
1651 3816 1902 3877 virtutis,
1933 3814 2260 3883 cupiditates

682 3911 974 3978 ingerunt;
1011 3909 1174 3964 simul
1227 3909 1351 3962 dicu
1404 3907 1736 3978 impietatem
1768 3921 1954 3960 eorum
1979 3920 2132 3959 suam
2165 3905 2262 3958 du-

677 4001 910 4052 ctrinam
958 4000 1257 4054 secundum
1304 4013 1468 4066 quam
1506 3998 1582 4052 illi
1618 3997 1954 4061 hominibus,
1990 4012 2096 4051 non
2130 3999 2258 4063 Deo,

681 4092 773 4160 qui
805 4106 968 4162 opera
995 4091 1256 4145 bonitatis
1302 4090 1650 4155 tribuendua,
1713 4089 1980 4159 inspirant
2007 4105 2020 4154 ;
2053 4089 2260 4146 idcirco

686 4175 920 4231 Verbum
950 4176 1066 4244 Dei,
1097 4177 1212 4232 hinc
1239 4178 1439 4231 timore
1472 4178 1586 4243 Dei,
1623 4177 1942 4246 prohibens,
1972 4179 2234 4248 loquitur.

753 4473 906 4529 Odivi
940 4489 1213 4543 perversas
1247 4472 1512 4527 malorum
1553 4473 1686 4527 vias.
1719 4473 1878 4530 Odivi
1909 4485 2113 4544 autem,
2156 4494 2255 4549 ego

2365 580 2506 632 κατὰ
2538 579 2734 650 πρᾶξιν
2761 581 2869 633 τῶν
2897 581 3111 650 ἀρετῶν
3138 582 3379 652 ἀγωγήν.

2436 671 2547 726 Kal
2608 669 2836 741 γνῶσιν
2891 672 3044 740 ὑπὲρ
3101 675 3356 741 χρυσίον
3399 675 3851 750 δεδοκιμασμένον.

2381 761 2553 832 ’Υπὲρ
2575 762 2630 814 δὲ
2651 762 2872 832 χρυσίον
2904 764 3232 835 δοκιμασθὲν
3262 768 3321 818 ὲν
3347 771 3495 837 πυρὶ,
3518 771 3621 834 φῶς
3638 776 3853 842 γνώσεως,

2366 856 2430 924 τῇ
2459 853 2674 923 καμίνῳ
2703 853 2812 906 τῶν
2842 855 3112 908 ἀκουσίων
3145 859 3466 927 πειρασμῶν
3493 860 3723 930 μηδαμῶς
3741 867 3854 920 tm.

2365 944 2458 998 τοὺ
2467 961 2651 1014 μενον.

2449 1037 2888 1105 ’Δντερείδεσθε
2943 1038 3012 1091 δὲ
3041 1039 3343 1108 αὶσθήσει,
3367 1043 3613 1109 χρυσίου
3641 1051 3851 1116 καθαροῦ,

2378 1128 2525 1181 Ἀντὶ
2561 1128 2656 1182 τοῦ
2704 1129 3032 1200 Στηρίζεσθε
3071 1131 3249 1184 ἑλπίδι
3292 1132 3386 1185 τοῦ
3441 1133 3856 1208 τεθησαυρισμένον

2368 1221 2496 1290 ὑμῖν
2525 1222 2812 1291 ἁκιὸδήλου
2840 1223 3066 1294 χρυσίου
3091 1239 3105 1252 ⁸
3145 1227 3208 1294 τῇ
3239 1225 3304 1278 ἐκ
3331 1225 3426 1279 τοῦ
3451 1228 3642 1292 ἀγαθοῦ
3661 1232 3738 1283 τοῦ
3757 1236 3862 1288 im.

2366 1309 2484 1362 τίου
2506 1310 2774 1379 διακρίσει
2797 1328 2810 1342 ’
2847 1311 3190 1380 στηρίζεσθε,
3221 1311 3361 1365 ὥστε
3389 1313 3462 1384 μὴ
3488 1319 3799 1374 καταπίπτειν
3822 1329 3860 1392 ἐξ

2367 1397 2608 1466 ἀγνοίας,
2644 1399 2723 1461 είς
2751 1399 3032 1469 κρημνοὺς
3061 1400 3259 1464 κακίας
3290 1403 3387 1454 irai.
3419 1404 3674 1474 βάραθρα.

2444 1485 2532 1542 ια’.
2588 1489 2900 1556 Κρείσσων
2955 1491 3068 1559 γὰρ
3108 1495 3295 1560 σοφία
3335 1496 3518 1548 λίθων
3563 1503 3858 1561 πολυτελῶν.

2366 1579 2618 1634 Καλλίων
2652 1582 2760 1651 γάρ
2789 1583 2817 1634 ὁ
2844 1582 2905 1634 τὸ
2932 1585 3114 1652 χεῖρον
3149 1585 3480 1658 ἀποδιαιρῶν
3505 1589 3594 1642 τοῦ
3627 1595 3862 1663 κρείττονος

2366 1670 2541 1739 λόγος,
2581 1671 2675 1725 καὶ
2709 1671 2816 1725 τῶν
2847 1673 3158 1744 πολυτίμων
3191 1676 3360 1731 λίθων
3389 1678 3584 1733 αὑτῶν.

2435 1763 2567 1819 Πᾶν
2606 1764 2674 1818 δὲ
2727 1766 2940 1835 τίμιον,
2980 1769 3092 1821 οὐκ
3152 1769 3328 1830 ἀξιον
3365 1772 3553 1840 αὐτῆς
3586 1775 3748 1830 ἐστιν.
3778 1779 3861 1834 ὀτι

2364 1861 2554 1914 τούτου
2602 1862 2754 1917 οὐδὲν
2807 1863 2915 1917 τῶν
2971 1867 3100 1938 παρ’
3145 1869 3280 1936 ὑμῖν
3317 1868 3513 1937 τιμίων
3556 1868 3786 1934 ἀντάξιον,
3821 1873 3861 1934 ὃς

2363 1954 2488 2007 τάδε
2549 1954 2790 2008 διδάσκει
2841 1955 2909 2008 δι’
2956 1957 3085 2028 ὅλης
3134 1960 3231 2030 τῆς
3284 1960 3323 2011 Γ
3330 1962 3506 2030 ραφῆς
3547 1963 3632 2013 καὶ
3672 1964 3751 2031 τῆς
3789 1967 3860 2034 φύ-

2365 2060 2525 2106 σεως.

2433 2135 2521 2206 ιβ’.
2565 2136 2715 2205 Ἐγὼ
2743 2138 2781 2205 ἡ
2808 2138 2999 2207 σοφία
3029 2139 3472 2205 κατεσκήνωσα
3493 2141 3728 2207 βουλήν.
3762 2144 3861 2211 Ἐγὼ

2359 2228 2388 2280 ό
2413 2227 2507 2280 τοῦ
2539 2226 2675 2280 Θεοῦ
2709 2227 2884 2296 Λόγος
2925 2230 2983 2281 ὲν
3015 2232 3137 2293 ταῖς
3167 2231 3277 2283 τῶν
3305 2233 3656 2284 πιστευόντων
3691 2250 3762 2300 μοι
3785 2234 3856 2301 ψι-

2361 2321 2483 2389 χαῖς
2507 2317 2798 2390 ἐπηξάμην
2825 2319 2924 2390 τὴν
2953 2319 3028 2384 ὥς
3055 2338 3176 2374 τινα
3208 2323 3418 2392 σκηνὴν
3450 2322 3778 2391 φυλάττου;αν
3795 2329 3856 2378 αὺ-

2360 2407 2459 2472 ea;
2489 2409 2768 2480 ἀνωτέρας
2797 2409 2897 2480 τῆς
2926 2411 2991 2463 ὲκ
3024 2409 3118 2463 τοῦ
3144 2411 3393 2481 φλογμοῦ
3419 2414 3528 2466 τῶν
3552 2413 3716 2467 παθῶν
3745 2417 3860 2483 μελα-

2361 2497 2601 2563 νὼσεως,
2638 2499 2840 2569 ἀρετῆς
2865 2501 2960 2554 καὶ
2995 2502 3195 2564 κακίας
3233 2502 3532 2573 διάκρισιν.

2433 2591 2542 2646 Kal
2592 2589 2822 2662 γνῶσιν
2869 2593 2968 2645 καὶ
3017 2593 3264 2647 ἔννοιαν
3307 2594 3428 2663 ἐγὼ
3463 2595 3860 2663 ἐπεκαλεσάμην.

2363 2682 2474 2735 Καὶ
2509 2681 2608 2753 τὴν
2653 2682 2761 2734 τῶν
2794 2683 2964 2736 ὄντων
3000 2684 3220 2752 γνῶσιν,
3256 2680 3448 2756 ᾖὸντα
3487 2687 3602 2752 εἰσὶ,
3633 2687 3864 2758 καὶτὴνὶξ

2360 2774 2540 2826 αὑτῶν
2569 2776 2700 2844 περὶ
2750 2775 2883 2846 ἐμοῦ
2923 2775 3016 2828 τοῦ
3070 2777 3288 2829 πάντων
3325 2778 3503 2830 αἰτίου
3544 2778 3684 2843 Θεοῦ,
3714 2780 3864 2832 ἔννοιαν

2363 2865 2778 2939 ἐφειλκυσάμην
2807 2867 2999 2931 αὑταῖς
3035 2869 3353 2932 πιστευθεὶς
3387 2870 3477 2922 ὑπ’
3515 2870 3692 2932 αὑτῶν,
3719 2873 3792 2924 καὶ
3813 2875 3865 2934 εἰς

2359 2957 2560 3029 ἠθικὴν
2592 2958 2686 3012 καὶ
2713 2960 2950 3031 φυσικὴν
2979 2964 3072 3013 καὶ
3098 2961 3424 3034 θεολογικὴν
3469 2963 3750 3033 φιλοσοφίαν
3770 2965 3862 3016 ταύ-

2360 3064 2461 3110 τας
2493 3047 2802 3114 ὲναγαγών.

2432 3165 2521 3228 ιγ’.
2549 3160 2735 3226 Φόϐος
2770 3161 2992 3228 Κυρίου
3025 3161 3196 3230 μισεῖ
3228 3161 3496 3224 ἀδικίαν,
3536 3163 3689 3230 ὕϐριν
3718 3179 3769 3216 te
3798 3165 3866 3214 «at

2371 3254 2808 3322 ὑπερηφανίαν,
2829 3254 2926 3308 καὶ
2950 3253 3130 3322 ὀδοὺς
3153 3257 3457 3324 πονηρῶν,
3480 3257 3570 3312 καί
3599 3258 3759 3326 στόμα
3777 3257 3867 3310 dxt-

2368 3360 2540 3398 στον.
2558 3345 2614 3398 ὐ
2631 3343 2792 3412 φόϐος
2804 3346 2860 3398 δὲ
2873 3347 3085 3411 τούτου,
3099 3347 3192 3400 τοῦ
3213 3347 3322 3399 τῶν
3338 3349 3477 3401 ὅλων
3493 3351 3751 3410 Aac-iratos,
3765 3349 3864 3400 ἄταν

2371 3435 2680 3507 παράλογον
2693 3439 3115 3508 ἀποστρέφεται·
3135 3441 3282 3509 φημὶ
3294 3441 3364 3510 δὴ
3381 3442 3479 3511 τήν
3501 3459 3554 3494 τε
3573 3442 3680 3495 κατ’
3692 3440 3864 3508 ἕλλειὺιν

2369 3530 2465 3599 τῆς
2497 3531 2697 3601 ἀρετῆς
2740 3532 3060 3600 ἁτιμοποιδν
3091 3534 3189 3603 τῆς
3224 3534 3453 3604 λογικῆς
3485 3535 3682 3602 φύσεως
3705 3536 3862 3595 κακίαν,

2369 3620 2462 3672 καὶ
2505 3619 2604 3690 τὴν
2649 3619 2767 3672 καθ’
2796 3621 3103 3693 ὑπερϐολὴν
3129 3623 3334 3694 ταύτης
3378 3625 3630 3692 φυσίωσιν
3651 3663 3664 3687 ,
3694 3628 3769 3676 καὶ
3799 3625 3861 3683 τὰς

2370 3713 2497 3783 περὶ
2523 3712 2631 3765 τῶν
2663 3713 2831 3766 όντων
2866 3714 3184 3782 ἀλογίστους
3207 3717 3392 3782 δόξας·
3424 3718 3492 3770 δι’
3522 3713 3590 3771 ὧν
3617 3720 3675 3771 τά
3699 3719 3777 3785 τῆς
3800 3734 3858 3767 πο.

2368 3805 2560 3876 νηρίας
2616 3805 2901 3875 πνεύματα
2953 3809 3011 3859 ὲν
3058 3810 3179 3870 ταῖς
3225 3809 3336 3861 τῶν
3395 3811 3681 3882 ἀνθρώπων
3725 3811 3856 3879 ψυχαῖς

2368 3897 2668 3968 ποιούμενα
2693 3899 2792 3970 τὴν
2818 3899 3077 3970 πάροδον,
3106 3899 3178 3953 τά
3206 3903 3329 3953 κατ’
3359 3884 3590 3970 ἔλλειψιν
3615 3903 3701 3970 τῆς
3726 3900 3862 3969 ἀρετῆς

2368 3990 2513 4060 πάθη
2539 3990 2767 4054 ταύταις
2791 3989 3111 4045 ὑποτιθέασι
3133 4007 3147 4020 ·
3177 3993 3272 4046 καὶ
3302 3994 3406 4061 τὴν
3441 3995 3567 4063 περὶ
3587 3992 3746 4053 ἁθεῒας
3764 3989 3861 4041 διδα-

2367 4079 2597 4134 σκαλίαν
2635 4080 2816 4133 αὐτῶν
2867 4081 2935 4152 ἦν
2985 4083 3155 4136 ταῦτα
3208 4083 3492 4136 ποιοῦνται
3537 4085 3660 4153 πρὸς
3689 4084 3781 4141 τοὺς
3813 4081 3862 4146 μὴ

2365 4171 2505 4243 Θεῷ,
2551 4171 2665 4228 ἀλλ’
2700 4173 2916 4235 ἑαυτοῖς
2951 4172 3020 4226 τά
3057 4173 3459 4244 κατορθώματα
3506 4173 3861 4242 ὲταγράςοντας’

2365 4264 2554 4334 διόπερ
2587 4263 2758 4316 ταῦτα
2792 4263 2952 4328 αὐτὸς
2993 4266 3020 4316 ὁ
3058 4263 3152 4316 τοῦ
3195 4263 3331 4315 Θεοῦ
3361 4264 3538 4331 λόγος,
3564 4260 3740 4316 διάτοῦ
3772 4258 3861 4328 πρὶς

2364 4358 2528 4412 αὑτὸν
2553 4357 2719 4427 φόϐου
2746 4355 3132 4425 ἀπαγορεύων,
3163 4357 3328 4410 οἱονεὶ
3351 4357 3502 4425 λέγει

2432 4473 2754 4542 Μεμίσηκα
2784 4471 2852 4524 δὲ
2877 4470 2992 4540 ἐγὼ
3015 4470 3492 4541 διεστραμμένης
3521 4472 3683 4538 ὀδοὺς
3703 4466 3858 4524 κακῶν.

679 4565 898 4621 virtutis
956 4566 1074 4635 ipsa
1133 4565 1352 4635 regula,
1410 4564 1850 4623 machinationes
1911 4569 2258 4636 daemonum,

2293 4541 2335 4597 ί)
2377 4563 2782 4636 Ἐϐδελυξάμην
2836 4563 2912 4629 δὲ,
2955 4564 3120 4626 αὑτὸς
3175 4565 3382 4635 ἀρετῆς
3426 4567 3670 4638 ὑπάρχων
3716 4563 3857 4621 κανὼν,

681 4659 920 4713 malitias
961 4657 1308 4712 inventorum
1351 4655 1408 4711 in
1443 4655 1724 4710 hominum
1781 4658 2107 4726 animabus,
2142 4677 2264 4731 quae

682 4755 778 4806 has
808 4768 835 4804 a
867 4750 1196 4808 rectitudine
1221 4748 1691 4815 virtutis,del’ectu
1721 4764 2059 4822 excessuque
2078 4755 2260 4825 hujus,

681 4853 950 4896 avertunt.

752 5041 920 5097 Vens.
956 5041 1043 5097 14.
1104 5041 1281 5098 Meum
1335 5056 1414 5099 est
1466 5049 1744 5104 consilium
1799 5060 1849 5104 et
1881 5051 2159 5106 securitas.
2221 5051 2260 5105 Α

680 5150 796 5197 me,
854 5136 1082 5205 justitiaa
1135 5137 1273 5202 sole,
1307 5147 1567 5209 tanquam
1636 5143 1833 5196 auiuue
1902 5144 2122 5196 oculum
2180 5143 2264 5196 iu-

679 5228 1040 5284 tellectualem
1073 5229 1401 5295 illustraute,
1447 5233 1597 5286 venit
1629 5233 1961 5298 homiuilms,
2024 5251 2265 5306 praesen-

680 5323 814 5374 tium
875 5324 1275 5394 circumspecta
1337 5324 1598 5381 discretio
1651 5343 1816 5380 z—a
1859 5344 1968 5393 me,
2034 5343 2093 5383 ut
2156 5331 2268 5399 spi-

679 5415 820 5468 ritus
852 5415 1064 5469 l'ervore
1093 5418 1451 5486 cupiditatum
1489 5420 1786 5490 procellam
1825 5423 2144 5490 repellente,
2179 5440 2268 5477 vc-

679 5507 762 5565 nit
794 5505 900 5561 illis
928 5507 996 5562 ab
1028 5508 1114 5564 his
1151 5509 1422 5565 liberatio.

762 5620 875 5674 Mea
901 5631 977 5673 est
1005 5622 1308 5690 prudentia,
1343 5641 1460 5677 mea
1488 5634 1564 5678 est
1591 5623 1870 5693 fortitudo.
1903 5627 1947 5679 Α
1979 5642 2064 5680 me
2107 5626 2270 5683 datur

682 5713 811 5776 illis,
836 5721 1093 5780 tanquam
1129 5730 1156 5766 a
1195 5731 1451 5783 supremo
1489 5717 1928 5784 courupiscibili,
1954 5733 2076 5786 quae
2113 5719 2268 5771 auxi-

683 5805 816 5860 lium
853 5805 971 5871 dat,
1023 5806 1150 5860 boni
1181 5809 1668 5878 concupiscentia;
1706 5809 1865 5880 cujus
1903 5811 1969 5865 ad
1998 5811 2272 5880 opetatio-

2365 4658 2466 4720 τάς
2516 4657 2616 4726 τῆς
2679 4658 2823 4711 κατὰ
2868 4656 3072 4728 ταύτην
3113 4657 3411 4727 εὐθύτητος
3467 4656 3857 4727 ἐκτετραμμέναςι

2366 4752 2486 4805 κατ’
2513 4750 2746 4819 ἔλλειψιν
2781 4751 2950 4818 αὑτῆς
2992 4750 3085 4804 καὶ
3111 4751 3438 4823 ὑπερϐολὴν,
3473 4755 3530 4806 ἐν
3560 4753 3666 4812 ταῖς
3691 4749 3775 4801 τῶν
3797 4747 3858 4797 άν-

2368 4844 2602 4914 θρὼπων
2623 4845 2822 4916 ψυχαῖς
2855 4845 3136 4917 διατριϐὰς
3162 4847 3268 4900 τῶν
3289 4847 3592 4917 ἐφευρετῶν
3617 4846 3702 4916 τῆς
3721 4842 3859 4900 κακίας

2365 4937 2660 5006 δαιμόνων.

2442 5052 2522 5106 ιδ’.
2557 5052 2704 5122 Ἐμὴ
2723 5053 2930 5124 ,βουλὴ
2953 5054 3051 5110 καὶ
3078 5055 3404 5125 ἀσφάλεια.
3423 5056 3557 5126 Παρ⁹
3573 5053 3694 5125 ὲμοῦ
3712 5051 3782 5104 τοῦ
3796 5048 3860 5113 τῆς

2367 5143 2713 5215 δικαιοσύνης
2753 5146 2957 5208 Ἡλίου,
2986 5147 3290 5218 ἀνθρώποις
3319 5147 3703 5218 παρέχεται,ώς
3730 5146 3802 5212 μὲν
3821 5141 3858 5190 τὸ

2367 5235 2553 5305 νοερὸν
2583 5236 2680 5305 τῆς
2701 5236 2882 5306 ψυχῆς
2905 5238 3059 5307 ὄμμα
3085 5240 3427 5306 φωτίζοντος,
3455 5241 3486 5310 ἡ
3519 5238 3646 5307 μετὰ
3672 5230 3856 5304 περιπλέ-

2369 5329 2510 5399 ψεως
2540 5331 2647 5383 τῶν
2671 5332 2929 5385 ἐναντίων
2951 5333 3242 5403 διάκρισις·
3274 5333 3346 5396 ὡς
3370 5334 3424 5386 δὲ
3448 5333 3538 5385 τὸν
3558 5329 3766 5401 χειμῶνα
3787 5323 3856 5375 τῶν

2371 5423 2560 5477 παθῶν
2594 5424 3039 5495 ἁποκρουομὲνου
3072 5428 3138 5498 τῇ
3178 5427 3354 5496 θέρμῃ
3397 5426 3489 5479 τοῦ
3533 5424 3804 5491 πνεύματος,
3833 5417 3854 5483 ἡ

2372 5517 2436 5568 ἐκ
2460 5515 2666 5570 τούτων
2694 5517 2936 5588 φυλακή.

2455 5628 2596 5697 Ἐμὴ
2628 5629 2944 5696 φρόνησις,
2972 5627 3085 5697 ἐμὴ
3121 5627 3189 5681 δὲ
3231 5629 3422 5695 Ισχύς.
3477 5626 3608 5696 ηαρ·
3644 5621 3752 5692 ἐμοῦ
3778 5619 3854 5668 ιστι

2346 5717 2603 5780 τούτοις,
2633 5718 2707 5780 ὡς
2737 5717 2966 5788 ἐσχάτου
3002 5717 3248 5790 ὀρεκτοῦ,
3273 5719 3306 5786 ἡ
3341 5718 3569 5786 φέρουσα
3597 5714 3750 5779 ὄνησιν
3772 5707 3851 5773 69³⁸

2379 5810 2458 5874 ξεί
2485 5811 2578 5864 τθῦ
2607 5810 2836 5878 ἀγαθοῖν
2867 5811 2996 5881 παρ’
3026 5807 3158 5881 ἐμοῦ
3190 5825 3248 5862 τε
3277 5810 3408 5879 πρὸς
3433 5808 3526 5880 τὴν
3558 5807 3719 5860 τούτου
3744 5803 3850 5870 ἐργα-
