  <div class='ocr_page' id='page_1' title='image "/cluster/home/n/w/nwhite01/storage/ocr_20150623/87:1/hvd.32044020319117/654.png"; bbox 0 0 4034 6506; ppageno 0'>
   <div class='ocr_carea' id='block_1_1' title="bbox 166 364 302 431">
    <p class='ocr_par' dir='ltr' id='par_1_1' title="bbox 166 364 302 431">
     <span class='ocr_line' id='line_1_1' title="bbox 166 364 302 431; baseline 0.037 -4"><span class='ocrx_word' id='word_1_1' title='bbox 166 364 302 431; x_wconf 72' lang='grc'><strong>1293</strong></span> 
     </span>
    </p>
   </div>
   <div class='ocr_carea' id='block_1_2' title="bbox 1246 366 2398 429">
    <p class='ocr_par' dir='ltr' id='par_1_2' title="bbox 1246 366 2398 429">
     <span class='ocr_line' id='line_1_2' title="bbox 1246 366 2398 429; baseline -0.001 0"><span class='ocrx_word' id='word_1_2' title='bbox 1246 367 1783 429; x_wconf 75' lang='lat' dir='ltr'><strong>COMMENTARII</strong></span> <span class='ocrx_word' id='word_1_3' title='bbox 1830 366 1910 426; x_wconf 81' lang='grc' dir='ltr'>ΙΝ</span> <span class='ocrx_word' id='word_1_4' title='bbox 1946 367 2398 429; x_wconf 75' lang='lat' dir='ltr'><strong>PROVERBIA.</strong></span> 
     </span>
    </p>
   </div>
   <div class='ocr_carea' id='block_1_3' title="bbox 3298 370 3465 437">
    <p class='ocr_par' dir='ltr' id='par_1_3' title="bbox 3298 370 3465 437">
     <span class='ocr_line' id='line_1_3' title="bbox 3298 370 3465 437; baseline 0.036 -6"><span class='ocrx_word' id='word_1_5' title='bbox 3298 370 3430 435; x_wconf 68' lang='grc'><strong>1294</strong></span> <span class='ocrx_word' id='word_1_6' title='bbox 3462 433 3465 437; x_wconf 76' lang='grc'><strong>,</strong></span> 
     </span>
    </p>
   </div>
   <div class='ocr_carea' id='block_1_4' title="bbox 162 480 1736 557">
    <p class='ocr_par' dir='ltr' id='par_1_4' title="bbox 162 480 1736 550">
     <span class='ocr_line' id='line_1_4' title="bbox 162 480 1736 550; baseline 0.001 -13"><span class='ocrx_word' id='word_1_7' title='bbox 162 485 284 537; x_wconf 78' lang='grc' dir='ltr'>σξαν</span> <span class='ocrx_word' id='word_1_8' title='bbox 331 482 540 545; x_wconf 76' lang='grc' dir='ltr'><strong>τούτοις</strong></span> <span class='ocrx_word' id='word_1_9' title='bbox 579 480 779 534; x_wconf 78' lang='grc' dir='ltr'><strong>δίδοται</strong></span> <span class='ocrx_word' id='word_1_10' title='bbox 805 480 1053 550; x_wconf 75' lang='grc' dir='ltr'>δύναμις,</span> <span class='ocrx_word' id='word_1_11' title='bbox 1089 481 1163 546; x_wconf 82' lang='grc' dir='ltr'>ὡς</span> <span class='ocrx_word' id='word_1_12' title='bbox 1190 482 1557 539; x_wconf 80' lang='grc' dir='ltr'>ὲνυπυστάτου</span> <span class='ocrx_word' id='word_1_13' title='bbox 1584 484 1736 539; x_wconf 62' lang='grc' dir='ltr'>δυνάε</span> 
     </span>
    </p>
   </div>
   <div class='ocr_carea' id='block_1_5' title="bbox 1853 480 3431 557">
    <p class='ocr_par' dir='ltr' id='par_1_5' title="bbox 1853 483 3431 557">
     <span class='ocr_line' id='line_1_5' title="bbox 1853 483 3431 557; baseline 0.004 -21"><span class='ocrx_word' id='word_1_14' title='bbox 1853 499 1972 537; x_wconf 89' lang='lat' dir='ltr'><strong>nem</strong></span> <span class='ocrx_word' id='word_1_15' title='bbox 2028 484 2139 537; x_wconf 80' lang='lat' dir='ltr'><strong>illis</strong></span> <span class='ocrx_word' id='word_1_16' title='bbox 2172 484 2497 538; x_wconf 85' lang='lat' dir='ltr'><strong>conceditur</strong></span> <span class='ocrx_word' id='word_1_17' title='bbox 2528 483 2791 553; x_wconf 83' lang='lat' dir='ltr'><strong>potentia,</strong></span> <span class='ocrx_word' id='word_1_18' title='bbox 2825 499 2855 539; x_wconf 89' lang='lat' dir='ltr'><strong>a</strong></span> <span class='ocrx_word' id='word_1_19' title='bbox 2897 500 2984 540; x_wconf 91' lang='lat' dir='ltr'><strong>me</strong></span> <span class='ocrx_word' id='word_1_20' title='bbox 3026 494 3133 540; x_wconf 86' lang='lat' dir='ltr'><strong>uta</strong></span> <span class='ocrx_word' id='word_1_21' title='bbox 3166 495 3431 557; x_wconf 80' lang='lat' dir='ltr'><strong>potestate</strong></span> 
     </span>
    </p>
   </div>
   <div class='ocr_carea' id='block_1_6' title="bbox 160 573 971 647">
    <p class='ocr_par' dir='ltr' id='par_1_6' title="bbox 160 573 971 647">
     <span class='ocr_line' id='line_1_6' title="bbox 160 573 971 647; baseline 0.001 -19"><span class='ocrx_word' id='word_1_22' title='bbox 160 592 311 647; x_wconf 83' lang='grc' dir='ltr'>μεως</span> <span class='ocrx_word' id='word_1_23' title='bbox 334 574 425 627; x_wconf 78' lang='grc' dir='ltr'>τοῦ</span> <span class='ocrx_word' id='word_1_24' title='bbox 451 573 586 626; x_wconf 76' lang='grc' dir='ltr'><strong>Ε)εοῦ</strong></span> <span class='ocrx_word' id='word_1_25' title='bbox 624 574 717 626; x_wconf 71' lang='grc' dir='ltr'><strong>καὶ</strong></span> <span class='ocrx_word' id='word_1_26' title='bbox 739 575 971 645; x_wconf 79' lang='grc' dir='ltr'><strong>Πατρός.</strong></span> 
     </span>
    </p>
   </div>
   <div class='ocr_carea' id='block_1_7' title="bbox 230 665 1742 740">
    <p class='ocr_par' dir='ltr' id='par_1_7' title="bbox 230 665 1742 740">
     <span class='ocr_line' id='line_1_7' title="bbox 230 665 1742 740; baseline 0.001 -21"><span class='ocrx_word' id='word_1_27' title='bbox 230 672 312 719; x_wconf 87' lang='grc' dir='ltr'>ιε’.</span> <span class='ocrx_word' id='word_1_28' title='bbox 342 668 422 718; x_wconf 80' lang='grc' dir='ltr'><strong>Δι’</strong></span> <span class='ocrx_word' id='word_1_29' title='bbox 444 665 587 734; x_wconf 76' lang='grc' dir='ltr'><em>ἐμοῦ</em></span> <span class='ocrx_word' id='word_1_30' title='bbox 607 666 891 732; x_wconf 75' lang='grc' dir='ltr'><strong>,ϐασιλεῖς</strong></span> <span class='ocrx_word' id='word_1_31' title='bbox 913 668 1344 731; x_wconf 76' lang='grc' dir='ltr'><strong>βασιλεύουσι.</strong></span> <span class='ocrx_word' id='word_1_32' title='bbox 1374 673 1452 723; x_wconf 80' lang='grc' dir='ltr'><strong>Δι’</strong></span> <span class='ocrx_word' id='word_1_33' title='bbox 1482 669 1638 740; x_wconf 78' lang='grc' dir='ltr'>ἐμοῦ,</span> <span class='ocrx_word' id='word_1_34' title='bbox 1667 671 1742 733; x_wconf 84' lang='grc' dir='ltr'><strong>ῶς</strong></span> 
     </span>
    </p>
   </div>
   <div class='ocr_carea' id='block_1_8' title="bbox 156 760 1740 835">
    <p class='ocr_par' dir='ltr' id='par_1_8' title="bbox 156 760 1740 835">
     <span class='ocr_line' id='line_1_8' title="bbox 156 760 1740 835; baseline 0 -21"><span class='ocrx_word' id='word_1_35' title='bbox 156 760 297 814; x_wconf 74' lang='grc' dir='ltr'>Θεοῦ</span> <span class='ocrx_word' id='word_1_36' title='bbox 341 760 538 827; x_wconf 73' lang='grc' dir='ltr'>Λόγου,</span> <span class='ocrx_word' id='word_1_37' title='bbox 573 760 623 811; x_wconf 78' lang='lat' dir='ltr'><strong>oi</strong></span> <span class='ocrx_word' id='word_1_38' title='bbox 664 760 772 811; x_wconf 84' lang='grc' dir='ltr'><strong>τῶν</strong></span> <span class='ocrx_word' id='word_1_39' title='bbox 813 762 1003 815; x_wconf 82' lang='grc' dir='ltr'>παθῶν</span> <span class='ocrx_word' id='word_1_40' title='bbox 1054 764 1454 835; x_wconf 82' lang='grc' dir='ltr'>αὐτοκράτορες</span> <span class='ocrx_word' id='word_1_41' title='bbox 1500 764 1740 833; x_wconf 79' lang='grc' dir='ltr'><strong>ἐννόμων</strong></span> 
     </span>
    </p>
   </div>
   <div class='ocr_carea' id='block_1_9' title="bbox 155 852 1350 926">
    <p class='ocr_par' dir='ltr' id='par_1_9' title="bbox 155 852 1350 926">
     <span class='ocr_line' id='line_1_9' title="bbox 155 852 1350 926; baseline 0.002 -19"><span class='ocrx_word' id='word_1_42' title='bbox 155 852 512 907; x_wconf 69' lang='grc' dir='ltr'>ὲπιστατοῦσι</span> <span class='ocrx_word' id='word_1_43' title='bbox 548 855 614 921; x_wconf 83' lang='grc' dir='ltr'>τῇ</span> <span class='ocrx_word' id='word_1_44' title='bbox 644 853 910 925; x_wconf 64' lang='grc' dir='ltr'>ἐπιθυμίᾳ</span> <span class='ocrx_word' id='word_1_45' title='bbox 938 856 1034 908; x_wconf 71' lang='grc' dir='ltr'><strong>καὶ</strong></span> <span class='ocrx_word' id='word_1_46' title='bbox 1063 855 1140 923; x_wconf 80' lang='grc' dir='ltr'>τῷ</span> <span class='ocrx_word' id='word_1_47' title='bbox 1173 855 1350 926; x_wconf 83' lang='grc' dir='ltr'>θυμῷ.</span> 
     </span>
    </p>
   </div>
   <div class='ocr_carea' id='block_1_10' title="bbox 230 944 1740 1015">
    <p class='ocr_par' dir='ltr' id='par_1_10' title="bbox 230 944 1740 1015">
     <span class='ocr_line' id='line_1_10' title="bbox 230 944 1740 1015; baseline 0.001 -15"><span class='ocrx_word' id='word_1_48' title='bbox 230 946 342 1001; x_wconf 82' lang='lat' dir='ltr'><strong>Kal</strong></span> <span class='ocrx_word' id='word_1_49' title='bbox 364 948 418 999; x_wconf 80' lang='grc' dir='ltr'><strong>οἱ</strong></span> <span class='ocrx_word' id='word_1_50' title='bbox 453 944 748 998; x_wconf 83' lang='grc' dir='ltr'><strong>δυνάσται</strong></span> <span class='ocrx_word' id='word_1_51' title='bbox 776 945 1074 1015; x_wconf 62' lang='grc' dir='ltr'>γράφουσι</span> <span class='ocrx_word' id='word_1_52' title='bbox 1107 946 1524 1015; x_wconf 71' lang='grc' dir='ltr'>δικαιοσύνην.</span> <span class='ocrx_word' id='word_1_53' title='bbox 1556 947 1663 1001; x_wconf 77' lang='grc' dir='ltr'><strong>Καὶ</strong></span> <span class='ocrx_word' id='word_1_54' title='bbox 1692 950 1740 1001; x_wconf 75' lang='grc' dir='ltr'><strong>οἱ</strong></span> 
     </span>
    </p>
   </div>
   <div class='ocr_carea' id='block_1_11' title="bbox 155 1038 1740 1110">
    <p class='ocr_par' dir='ltr' id='par_1_11' title="bbox 155 1038 1740 1110">
     <span class='ocr_line' id='line_1_11' title="bbox 155 1038 1740 1110; baseline -0.002 -16"><span class='ocrx_word' id='word_1_55' title='bbox 155 1038 667 1096; x_wconf 58' lang='grc' dir='ltr'>καθυποτὼσοντες</span> <span class='ocrx_word' id='word_1_56' title='bbox 698 1038 796 1108; x_wconf 83' lang='grc' dir='ltr'>τὴν</span> <span class='ocrx_word' id='word_1_57' title='bbox 831 1039 1010 1110; x_wconf 79' lang='grc' dir='ltr'>σάρκα</span> <span class='ocrx_word' id='word_1_58' title='bbox 1054 1038 1130 1109; x_wconf 82' lang='grc' dir='ltr'><strong>τῷ</strong></span> <span class='ocrx_word' id='word_1_59' title='bbox 1163 1040 1457 1110; x_wconf 80' lang='grc' dir='ltr'>πνεύματι,</span> <span class='ocrx_word' id='word_1_60' title='bbox 1492 1040 1583 1093; x_wconf 78' lang='grc' dir='ltr'>τὸν</span> <span class='ocrx_word' id='word_1_61' title='bbox 1612 1039 1740 1109; x_wconf 77' lang='grc' dir='ltr'>χοῦν</span> 
     </span>
    </p>
   </div>
   <div class='ocr_carea' id='block_1_12' title="bbox 153 1131 1741 1203">
    <p class='ocr_par' dir='ltr' id='par_1_12' title="bbox 153 1131 1741 1203">
     <span class='ocr_line' id='line_1_12' title="bbox 153 1131 1741 1203; baseline -0.001 -17"><span class='ocrx_word' id='word_1_62' title='bbox 153 1133 301 1186; x_wconf 80' lang='grc' dir='ltr'>κατὰ</span> <span class='ocrx_word' id='word_1_63' title='bbox 330 1131 530 1203; x_wconf 77' lang='grc' dir='ltr'>πρᾶξιν</span> <span class='ocrx_word' id='word_1_64' title='bbox 562 1131 771 1199; x_wconf 71' lang='grc' dir='ltr'>ἠθικῶς</span> <span class='ocrx_word' id='word_1_65' title='bbox 814 1131 1254 1197; x_wconf 84' lang='grc' dir='ltr'>διαπλάττοντες,</span> <span class='ocrx_word' id='word_1_66' title='bbox 1287 1133 1376 1186; x_wconf 82' lang='grc' dir='ltr'>διὰ</span> <span class='ocrx_word' id='word_1_67' title='bbox 1418 1132 1609 1187; x_wconf 73' lang='grc' dir='ltr'>τούτου</span> <span class='ocrx_word' id='word_1_68' title='bbox 1645 1148 1741 1201; x_wconf 84' lang='grc' dir='ltr'><strong>ση-</strong></span> 
     </span>
    </p>
   </div>
   <div class='ocr_carea' id='block_1_13' title="bbox 156 1226 1741 1301">
    <p class='ocr_par' dir='ltr' id='par_1_13' title="bbox 156 1226 1741 1301">
     <span class='ocr_line' id='line_1_13' title="bbox 156 1226 1741 1301; baseline 0.001 -20"><span class='ocrx_word' id='word_1_69' title='bbox 156 1228 464 1299; x_wconf 80' lang='grc' dir='ltr'>μειοῦνται,</span> <span class='ocrx_word' id='word_1_70' title='bbox 488 1228 564 1291; x_wconf 83' lang='grc' dir='ltr'>ὡς</span> <span class='ocrx_word' id='word_1_71' title='bbox 601 1226 690 1279; x_wconf 78' lang='grc' dir='ltr'><strong>διὰ</strong></span> <span class='ocrx_word' id='word_1_72' title='bbox 742 1227 991 1297; x_wconf 81' lang='grc' dir='ltr'>μέλανος,</span> <span class='ocrx_word' id='word_1_73' title='bbox 1026 1229 1122 1298; x_wconf 76' lang='grc' dir='ltr'>τὴν</span> <span class='ocrx_word' id='word_1_74' title='bbox 1156 1229 1257 1297; x_wconf 85' lang='grc' dir='ltr'>τῆς</span> <span class='ocrx_word' id='word_1_75' title='bbox 1297 1229 1476 1299; x_wconf 74' lang='grc' dir='ltr'>ψυχῆς</span> <span class='ocrx_word' id='word_1_76' title='bbox 1524 1229 1741 1301; x_wconf 77' lang='grc' dir='ltr'>ἀρρεπῆ</span> 
     </span>
    </p>
   </div>
   <div class='ocr_carea' id='block_1_14' title="bbox 152 1317 1743 1390">
    <p class='ocr_par' dir='ltr' id='par_1_14' title="bbox 152 1317 1743 1390">
     <span class='ocr_line' id='line_1_14' title="bbox 152 1317 1743 1390; baseline -0.001 -18"><span class='ocrx_word' id='word_1_77' title='bbox 152 1318 345 1390; x_wconf 83' lang='grc' dir='ltr'>κρίσιν</span> <span class='ocrx_word' id='word_1_78' title='bbox 380 1318 515 1387; x_wconf 76' lang='grc' dir='ltr'>πρὸς</span> <span class='ocrx_word' id='word_1_79' title='bbox 555 1317 623 1370; x_wconf 83' lang='grc' dir='ltr'>τὰ</span> <span class='ocrx_word' id='word_1_80' title='bbox 669 1319 791 1370; x_wconf 82' lang='grc' dir='ltr'>κατ’</span> <span class='ocrx_word' id='word_1_81' title='bbox 815 1317 1051 1377; x_wconf 76' lang='grc' dir='ltr'>ἔλλειψιν</span> <span class='ocrx_word' id='word_1_82' title='bbox 1076 1318 1176 1387; x_wconf 86' lang='grc' dir='ltr'>τῆς</span> <span class='ocrx_word' id='word_1_83' title='bbox 1205 1320 1407 1389; x_wconf 76' lang='grc' dir='ltr'>ἀρετῆς</span> <span class='ocrx_word' id='word_1_84' title='bbox 1454 1320 1550 1373; x_wconf 70' lang='grc' dir='ltr'><strong>καὶ</strong></span> <span class='ocrx_word' id='word_1_85' title='bbox 1574 1320 1743 1389; x_wconf 81' lang='grc' dir='ltr'>ὑπερ-</span> 
     </span>
    </p>
   </div>
   <div class='ocr_carea' id='block_1_15' title="bbox 154 1408 1741 1482">
    <p class='ocr_par' dir='ltr' id='par_1_15' title="bbox 154 1408 1741 1482">
     <span class='ocr_line' id='line_1_15' title="bbox 154 1408 1741 1482; baseline 0.003 -20"><span class='ocrx_word' id='word_1_86' title='bbox 154 1409 323 1477; x_wconf 72' lang='grc' dir='ltr'>ϐολὴν</span> <span class='ocrx_word' id='word_1_87' title='bbox 365 1408 511 1477; x_wconf 83' lang='grc' dir='ltr'>πάθη</span> <span class='ocrx_word' id='word_1_88' title='bbox 539 1408 675 1479; x_wconf 79' lang='grc' dir='ltr'><em>ἐμοῦ</em></span> <span class='ocrx_word' id='word_1_89' title='bbox 708 1410 801 1463; x_wconf 83' lang='grc' dir='ltr'>τὸν</span> <span class='ocrx_word' id='word_1_90' title='bbox 838 1410 995 1478; x_wconf 85' lang='grc' dir='ltr'>λόγον</span> <span class='ocrx_word' id='word_1_91' title='bbox 1042 1410 1142 1480; x_wconf 78' lang='grc' dir='ltr'><strong>τῆς</strong></span> <span class='ocrx_word' id='word_1_92' title='bbox 1168 1412 1369 1482; x_wconf 85' lang='grc' dir='ltr'>ἀρετῆς</span> <span class='ocrx_word' id='word_1_93' title='bbox 1397 1412 1608 1477; x_wconf 81' lang='grc' dir='ltr'><strong>τούτοις</strong></span> <span class='ocrx_word' id='word_1_94' title='bbox 1635 1413 1741 1467; x_wconf 75' lang='grc' dir='ltr'>ὑπο</span> 
     </span>
    </p>
   </div>
   <div class='ocr_carea' id='block_1_16' title="bbox 153 1501 537 1571">
    <p class='ocr_par' dir='ltr' id='par_1_16' title="bbox 153 1501 537 1571">
     <span class='ocr_line' id='line_1_16' title="bbox 153 1501 537 1571; baseline -0.005 -13"><span class='ocrx_word' id='word_1_95' title='bbox 153 1501 537 1571; x_wconf 78' lang='grc' dir='ltr'>αγορεύοντος.</span> 
     </span>
    </p>
   </div>
   <div class='ocr_carea' id='block_1_17' title="bbox 230 1592 1736 1668">
    <p class='ocr_par' dir='ltr' id='par_1_17' title="bbox 230 1592 1736 1668">
     <span class='ocr_line' id='line_1_17' title="bbox 230 1592 1736 1668; baseline 0.003 -21"><span class='ocrx_word' id='word_1_96' title='bbox 230 1600 332 1658; x_wconf 82' lang='grc' dir='ltr'>ις’.</span> <span class='ocrx_word' id='word_1_97' title='bbox 366 1594 446 1646; x_wconf 79' lang='grc' dir='ltr'><strong>Δι’</strong></span> <span class='ocrx_word' id='word_1_98' title='bbox 473 1592 619 1663; x_wconf 82' lang='grc' dir='ltr'><strong>ἐμοῦ</strong></span> <span class='ocrx_word' id='word_1_99' title='bbox 643 1592 1003 1664; x_wconf 78' lang='grc' dir='ltr'><strong>μεγιστᾶνες</strong></span> <span class='ocrx_word' id='word_1_100' title='bbox 1026 1595 1452 1664; x_wconf 75' lang='grc' dir='ltr'>μεγίιλοῦντιιι.</span> <span class='ocrx_word' id='word_1_101' title='bbox 1478 1598 1556 1649; x_wconf 85' lang='grc' dir='ltr'>Δι’</span> <span class='ocrx_word' id='word_1_102' title='bbox 1581 1598 1736 1668; x_wconf 75' lang='grc' dir='ltr'>ἐμοῦ,</span> 
     </span>
    </p>
   </div>
   <div class='ocr_carea' id='block_1_18' title="bbox 152 1685 1741 1758">
    <p class='ocr_par' dir='ltr' id='par_1_18' title="bbox 152 1685 1741 1758">
     <span class='ocr_line' id='line_1_18' title="bbox 152 1685 1741 1758; baseline 0.003 -18"><span class='ocrx_word' id='word_1_103' title='bbox 152 1685 232 1749; x_wconf 80' lang='grc' dir='ltr'><strong>ὡς</strong></span> <span class='ocrx_word' id='word_1_104' title='bbox 261 1685 539 1755; x_wconf 78' lang='grc' dir='ltr'>ἀλαθήτου</span> <span class='ocrx_word' id='word_1_105' title='bbox 566 1685 835 1754; x_wconf 87' lang='grc' dir='ltr'>γνώστου,</span> <span class='ocrx_word' id='word_1_106' title='bbox 859 1687 955 1740; x_wconf 76' lang='grc' dir='ltr'><strong>καὶ</strong></span> <span class='ocrx_word' id='word_1_107' title='bbox 978 1689 1210 1757; x_wconf 74' lang='grc' dir='ltr'>ἐσχάτου</span> <span class='ocrx_word' id='word_1_108' title='bbox 1244 1687 1492 1758; x_wconf 77' lang='grc' dir='ltr'>ὀρεκτοῦ,</span> <span class='ocrx_word' id='word_1_109' title='bbox 1519 1690 1568 1742; x_wconf 87' lang='grc' dir='ltr'><strong>οί</strong></span> <span class='ocrx_word' id='word_1_110' title='bbox 1599 1690 1741 1745; x_wconf 81' lang='grc' dir='ltr'>κατὰ</span> 
     </span>
    </p>
   </div>
   <div class='ocr_carea' id='block_1_19' title="bbox 152 1778 1739 1852">
    <p class='ocr_par' dir='ltr' id='par_1_19' title="bbox 152 1778 1739 1852">
     <span class='ocr_line' id='line_1_19' title="bbox 152 1778 1739 1852; baseline 0.004 -22"><span class='ocrx_word' id='word_1_111' title='bbox 152 1778 363 1848; x_wconf 83' lang='grc' dir='ltr'>γνῶσιν</span> <span class='ocrx_word' id='word_1_112' title='bbox 391 1778 484 1831; x_wconf 79' lang='grc' dir='ltr'><strong>καὶ</strong></span> <span class='ocrx_word' id='word_1_113' title='bbox 510 1778 712 1847; x_wconf 84' lang='grc' dir='ltr'>ἀρετὴν</span> <span class='ocrx_word' id='word_1_114' title='bbox 736 1778 1086 1850; x_wconf 72' lang='grc' dir='ltr'>προῦχοντες,</span> <span class='ocrx_word' id='word_1_115' title='bbox 1116 1780 1257 1833; x_wconf 77' lang='grc' dir='ltr'>κατὰ</span> <span class='ocrx_word' id='word_1_116' title='bbox 1281 1780 1483 1843; x_wconf 83' lang='grc' dir='ltr'>ταύτας</span> <span class='ocrx_word' id='word_1_117' title='bbox 1507 1798 1739 1852; x_wconf 83' lang='grc' dir='ltr'>περιφα-</span> 
     </span>
    </p>
   </div>
   <div class='ocr_carea' id='block_1_20' title="bbox 151 1870 922 1941">
    <p class='ocr_par' dir='ltr' id='par_1_20' title="bbox 151 1870 922 1941">
     <span class='ocr_line' id='line_1_20' title="bbox 151 1870 922 1941; baseline 0.003 -15"><span class='ocrx_word' id='word_1_118' title='bbox 151 1875 262 1935; x_wconf 76' lang='grc' dir='ltr'>νεῖς</span> <span class='ocrx_word' id='word_1_119' title='bbox 285 1871 383 1926; x_wconf 77' lang='grc' dir='ltr'><strong>καὶ</strong></span> <span class='ocrx_word' id='word_1_120' title='bbox 407 1870 639 1937; x_wconf 75' lang='grc' dir='ltr'>ἐπίδοξοι</span> <span class='ocrx_word' id='word_1_121' title='bbox 662 1874 922 1941; x_wconf 85' lang='grc' dir='ltr'>γίνονται.</span> 
     </span>
    </p>
   </div>
   <div class='ocr_carea' id='block_1_21' title="bbox 223 1964 1732 2041">
    <p class='ocr_par' dir='ltr' id='par_1_21' title="bbox 223 1964 1732 2041">
     <span class='ocr_line' id='line_1_21' title="bbox 223 1964 1732 2041; baseline 0.003 -22"><span class='ocrx_word' id='word_1_122' title='bbox 223 1964 335 2019; x_wconf 78' lang='grc' dir='ltr'><strong>Καὶ</strong></span> <span class='ocrx_word' id='word_1_123' title='bbox 387 1966 665 2034; x_wconf 82' lang='grc' dir='ltr'>τύραννοι</span> <span class='ocrx_word' id='word_1_124' title='bbox 720 1966 796 2021; x_wconf 84' lang='grc' dir='ltr'><strong>δι’</strong></span> <span class='ocrx_word' id='word_1_125' title='bbox 818 1966 967 2037; x_wconf 84' lang='grc' dir='ltr'><em>ἐμοῦ</em></span> <span class='ocrx_word' id='word_1_126' title='bbox 1016 1970 1306 2035; x_wconf 81' lang='grc' dir='ltr'><strong>κρατοῦσι</strong></span> <span class='ocrx_word' id='word_1_127' title='bbox 1354 1970 1488 2041; x_wconf 79' lang='grc' dir='ltr'><strong>τῆς.</strong></span> <span class='ocrx_word' id='word_1_128' title='bbox 1530 1971 1644 2025; x_wconf 76' lang='grc' dir='ltr'><strong>Καὶ</strong></span> <span class='ocrx_word' id='word_1_129' title='bbox 1682 1970 1732 2024; x_wconf 84' lang='grc' dir='ltr'>οί</span> 
     </span>
    </p>
   </div>
   <div class='ocr_carea' id='block_1_22' title="bbox 150 2054 1734 2132">
    <p class='ocr_par' dir='ltr' id='par_1_22' title="bbox 150 2054 1734 2132">
     <span class='ocr_line' id='line_1_22' title="bbox 150 2054 1734 2132; baseline 0.004 -25"><span class='ocrx_word' id='word_1_130' title='bbox 150 2054 251 2127; x_wconf 82' lang='grc' dir='ltr'>τὴν</span> <span class='ocrx_word' id='word_1_131' title='bbox 283 2058 475 2126; x_wconf 83' lang='grc' dir='ltr'>γήϊνον</span> <span class='ocrx_word' id='word_1_132' title='bbox 532 2058 710 2129; x_wconf 85' lang='grc' dir='ltr'>σάρκα</span> <span class='ocrx_word' id='word_1_133' title='bbox 761 2058 1247 2131; x_wconf 77' lang='grc' dir='ltr'>παραὸιαζόμενοι.</span> <span class='ocrx_word' id='word_1_134' title='bbox 1277 2062 1414 2132; x_wconf 81' lang='grc' dir='ltr'>πρὸς</span> <span class='ocrx_word' id='word_1_135' title='bbox 1444 2062 1505 2115; x_wconf 83' lang='grc' dir='ltr'>τὸ</span> <span class='ocrx_word' id='word_1_136' title='bbox 1530 2062 1734 2130; x_wconf 83' lang='grc' dir='ltr'><strong>ταύτης</strong></span> 
     </span>
    </p>
   </div>
   <div class='ocr_carea' id='block_1_23' title="bbox 153 2146 1729 2222">
    <p class='ocr_par' dir='ltr' id='par_1_23' title="bbox 153 2146 1729 2222">
     <span class='ocr_line' id='line_1_23' title="bbox 153 2146 1729 2222; baseline 0.004 -24"><span class='ocrx_word' id='word_1_137' title='bbox 153 2146 540 2218; x_wconf 81' lang='grc' dir='ltr'>ἁπονεκρῶσαι</span> <span class='ocrx_word' id='word_1_138' title='bbox 580 2147 856 2218; x_wconf 83' lang='grc' dir='ltr'>φρόνημα,</span> <span class='ocrx_word' id='word_1_139' title='bbox 889 2148 958 2202; x_wconf 85' lang='grc' dir='ltr'><strong>δι’</strong></span> <span class='ocrx_word' id='word_1_140' title='bbox 980 2148 1113 2219; x_wconf 73' lang='grc' dir='ltr'>ἐμοῦ</span> <span class='ocrx_word' id='word_1_141' title='bbox 1145 2150 1318 2219; x_wconf 76' lang='grc' dir='ltr'>αὐτῆς</span> <span class='ocrx_word' id='word_1_142' title='bbox 1342 2151 1690 2222; x_wconf 79' lang='grc' dir='ltr'><strong>κυριεύουσιν</strong></span> <span class='ocrx_word' id='word_1_143' title='bbox 1715 2167 1729 2181; x_wconf 77' lang='grc' dir='ltr'>ο</span> 
     </span>
    </p>
   </div>
   <div class='ocr_carea' id='block_1_24' title="bbox 148 2236 1733 2313">
    <p class='ocr_par' dir='ltr' id='par_1_24' title="bbox 148 2236 1733 2313">
     <span class='ocr_line' id='line_1_24' title="bbox 148 2236 1733 2313; baseline 0.004 -24"><span class='ocrx_word' id='word_1_144' title='bbox 148 2236 228 2302; x_wconf 84' lang='grc' dir='ltr'>ὡς</span> <span class='ocrx_word' id='word_1_145' title='bbox 255 2236 352 2291; x_wconf 77' lang='grc' dir='ltr'><strong>τὸν</strong></span> <span class='ocrx_word' id='word_1_146' title='bbox 390 2237 557 2291; x_wconf 83' lang='grc' dir='ltr'>πόθον</span> <span class='ocrx_word' id='word_1_147' title='bbox 611 2238 750 2310; x_wconf 80' lang='grc' dir='ltr'>πρὸς</span> <span class='ocrx_word' id='word_1_148' title='bbox 783 2239 852 2294; x_wconf 80' lang='grc' dir='ltr'>τὰ</span> <span class='ocrx_word' id='word_1_149' title='bbox 879 2240 1150 2313; x_wconf 84' lang='grc' dir='ltr'><strong>νοούμενα</strong></span> <span class='ocrx_word' id='word_1_150' title='bbox 1182 2242 1291 2295; x_wconf 81' lang='grc' dir='ltr'><strong>ἀπὸ</strong></span> <span class='ocrx_word' id='word_1_151' title='bbox 1328 2242 1438 2295; x_wconf 89' lang='grc' dir='ltr'><strong>τῶν</strong></span> <span class='ocrx_word' id='word_1_152' title='bbox 1468 2242 1733 2313; x_wconf 85' lang='grc' dir='ltr'>φαινομέ-</span> 
     </span>
    </p>
   </div>
   <div class='ocr_carea' id='block_1_25' title="bbox 148 2332 644 2400">
    <p class='ocr_par' dir='ltr' id='par_1_25' title="bbox 148 2332 644 2400">
     <span class='ocr_line' id='line_1_25' title="bbox 148 2332 644 2400; baseline 0.008 -17"><span class='ocrx_word' id='word_1_153' title='bbox 148 2347 262 2385; x_wconf 84' lang='grc' dir='ltr'><strong>νων</strong></span> <span class='ocrx_word' id='word_1_154' title='bbox 296 2332 644 2400; x_wconf 84' lang='grc' dir='ltr'>μετάγοντος.</span> 
     </span>
    </p>
   </div>
   <div class='ocr_carea' id='block_1_26' title="bbox 230 2424 1732 2499">
    <p class='ocr_par' dir='ltr' id='par_1_26' title="bbox 230 2424 1732 2499">
     <span class='ocr_line' id='line_1_26' title="bbox 230 2424 1732 2499; baseline 0.005 -22"><span class='ocrx_word' id='word_1_155' title='bbox 230 2424 316 2487; x_wconf 80' lang='grc' dir='ltr'>ιζ’.</span> <span class='ocrx_word' id='word_1_156' title='bbox 360 2425 503 2494; x_wconf 80' lang='grc' dir='ltr'><strong>Ἐγὼ</strong></span> <span class='ocrx_word' id='word_1_157' title='bbox 541 2426 682 2492; x_wconf 86' lang='grc' dir='ltr'><em>τοὺς</em></span> <span class='ocrx_word' id='word_1_158' title='bbox 727 2426 833 2495; x_wconf 82' lang='grc' dir='ltr'><strong>ἐμὲ</strong></span> <span class='ocrx_word' id='word_1_159' title='bbox 874 2428 1205 2496; x_wconf 71' lang='grc' dir='ltr'><strong>φιλοῦντας</strong></span> <span class='ocrx_word' id='word_1_160' title='bbox 1244 2429 1477 2499; x_wconf 76' lang='grc' dir='ltr'>ἀγαπῶ.</span> <span class='ocrx_word' id='word_1_161' title='bbox 1533 2431 1732 2494; x_wconf 79' lang='grc' dir='ltr'>Αὐτὸς,</span> 
     </span>
    </p>
   </div>
   <div class='ocr_carea' id='block_1_27' title="bbox 149 2514 1735 2590">
    <p class='ocr_par' dir='ltr' id='par_1_27' title="bbox 149 2514 1735 2590">
     <span class='ocr_line' id='line_1_27' title="bbox 149 2514 1735 2590; baseline 0.005 -23"><span class='ocrx_word' id='word_1_162' title='bbox 149 2514 243 2568; x_wconf 75' lang='grc' dir='ltr'><strong>διὰ</strong></span> <span class='ocrx_word' id='word_1_163' title='bbox 299 2515 410 2569; x_wconf 90' lang='grc' dir='ltr'><strong>τῶν</strong></span> <span class='ocrx_word' id='word_1_164' title='bbox 454 2516 605 2585; x_wconf 76' lang='grc' dir='ltr'>ἐμῶν</span> <span class='ocrx_word' id='word_1_165' title='bbox 638 2518 889 2580; x_wconf 78' lang='grc' dir='ltr'><strong>ἐντολῶν,</strong></span> <span class='ocrx_word' id='word_1_166' title='bbox 934 2520 1061 2581; x_wconf 72' lang='grc' dir='ltr'>τοὺς</span> <span class='ocrx_word' id='word_1_167' title='bbox 1098 2520 1428 2587; x_wconf 81' lang='grc' dir='ltr'>ἀγαπῶντάς</span> <span class='ocrx_word' id='word_1_168' title='bbox 1464 2538 1530 2590; x_wconf 82' lang='grc' dir='ltr'><strong>με</strong></span> <span class='ocrx_word' id='word_1_169' title='bbox 1561 2523 1735 2575; x_wconf 83' lang='grc' dir='ltr'>ἀπαλ-</span> 
     </span>
    </p>
   </div>
   <div class='ocr_carea' id='block_1_28' title="bbox 150 2605 1733 2683">
    <p class='ocr_par' dir='ltr' id='par_1_28' title="bbox 150 2605 1733 2683">
     <span class='ocr_line' id='line_1_28' title="bbox 150 2605 1733 2683; baseline 0.007 -27"><span class='ocrx_word' id='word_1_170' title='bbox 150 2605 366 2658; x_wconf 74' lang='grc' dir='ltr'>λάττων</span> <span class='ocrx_word' id='word_1_171' title='bbox 400 2605 509 2658; x_wconf 88' lang='grc' dir='ltr'><strong>τῶν</strong></span> <span class='ocrx_word' id='word_1_172' title='bbox 563 2608 890 2678; x_wconf 82' lang='grc' dir='ltr'>παραλόγων</span> <span class='ocrx_word' id='word_1_173' title='bbox 935 2610 1147 2673; x_wconf 84' lang='grc' dir='ltr'>παθῶν,</span> <span class='ocrx_word' id='word_1_174' title='bbox 1190 2611 1468 2683; x_wconf 83' lang='grc' dir='ltr'>γνώριμον</span> <span class='ocrx_word' id='word_1_175' title='bbox 1522 2612 1733 2677; x_wconf 78' lang='grc' dir='ltr'><strong>τούτοις</strong></span> 
     </span>
    </p>
   </div>
   <div class='ocr_carea' id='block_1_29' title="bbox 149 2697 1735 2773">
    <p class='ocr_par' dir='ltr' id='par_1_29' title="bbox 149 2697 1735 2773">
     <span class='ocr_line' id='line_1_29' title="bbox 149 2697 1735 2773; baseline 0.007 -24"><span class='ocrx_word' id='word_1_176' title='bbox 149 2697 255 2768; x_wconf 77' lang='grc' dir='ltr'>τὴν</span> <span class='ocrx_word' id='word_1_177' title='bbox 288 2699 427 2768; x_wconf 82' lang='grc' dir='ltr'>πρὸς</span> <span class='ocrx_word' id='word_1_178' title='bbox 454 2699 653 2764; x_wconf 72' lang='grc' dir='ltr'>αὐτοὺς</span> <span class='ocrx_word' id='word_1_179' title='bbox 684 2701 907 2773; x_wconf 83' lang='grc' dir='ltr'>ἀγάπην</span> <span class='ocrx_word' id='word_1_180' title='bbox 940 2720 1042 2773; x_wconf 88' lang='grc' dir='ltr'><strong>μου</strong></span> <span class='ocrx_word' id='word_1_181' title='bbox 1077 2703 1323 2757; x_wconf 86' lang='grc' dir='ltr'>καθιστῶ</span> <span class='ocrx_word' id='word_1_182' title='bbox 1345 2722 1361 2737; x_wconf 74' lang='grc'><strong><em>⁸</em></strong></span> <span class='ocrx_word' id='word_1_183' title='bbox 1395 2707 1498 2759; x_wconf 83' lang='grc' dir='ltr'>κᾶν</span> <span class='ocrx_word' id='word_1_184' title='bbox 1519 2707 1735 2771; x_wconf 83' lang='grc' dir='ltr'><strong>πάντας</strong></span> 
     </span>
    </p>
   </div>
   <div class='ocr_carea' id='block_1_30' title="bbox 151 2790 1735 2869">
    <p class='ocr_par' dir='ltr' id='par_1_30' title="bbox 151 2790 1735 2869">
     <span class='ocr_line' id='line_1_30' title="bbox 151 2790 1735 2869; baseline 0.006 -27"><span class='ocrx_word' id='word_1_185' title='bbox 151 2790 484 2861; x_wconf 84' lang='grc' dir='ltr'>ἀνθρώπους</span> <span class='ocrx_word' id='word_1_186' title='bbox 514 2790 591 2855; x_wconf 84' lang='grc' dir='ltr'>ὡς</span> <span class='ocrx_word' id='word_1_187' title='bbox 644 2792 874 2864; x_wconf 85' lang='grc' dir='ltr'>πλάσμα</span> <span class='ocrx_word' id='word_1_188' title='bbox 928 2795 1058 2849; x_wconf 85' lang='grc' dir='ltr'>ίδιον</span> <span class='ocrx_word' id='word_1_189' title='bbox 1088 2798 1310 2866; x_wconf 85' lang='grc' dir='ltr'>ἀγαπῶ,</span> <span class='ocrx_word' id='word_1_190' title='bbox 1344 2798 1540 2869; x_wconf 82' lang='grc' dir='ltr'>ἐπίσης</span> <span class='ocrx_word' id='word_1_191' title='bbox 1566 2800 1735 2853; x_wconf 81' lang='grc' dir='ltr'>θέλων</span> 
     </span>
    </p>
   </div>
   <div class='ocr_carea' id='block_1_31' title="bbox 152 2882 833 2956">
    <p class='ocr_par' dir='ltr' id='par_1_31' title="bbox 152 2882 833 2956">
     <span class='ocr_line' id='line_1_31' title="bbox 152 2882 833 2956; baseline 0.006 -21"><span class='ocrx_word' id='word_1_192' title='bbox 152 2882 381 2936; x_wconf 82' lang='grc' dir='ltr'>πάντων</span> <span class='ocrx_word' id='word_1_193' title='bbox 404 2882 502 2953; x_wconf 87' lang='grc' dir='ltr'><strong>τὴν</strong></span> <span class='ocrx_word' id='word_1_194' title='bbox 534 2884 833 2956; x_wconf 79' lang='grc' dir='ltr'><strong>σωτηρίαν.</strong></span> 
     </span>
    </p>
   </div>
   <div class='ocr_carea' id='block_1_32' title="bbox 220 2974 1735 3051">
    <p class='ocr_par' dir='ltr' id='par_1_32' title="bbox 220 2974 1735 3051">
     <span class='ocr_line' id='line_1_32' title="bbox 220 2974 1735 3051; baseline 0.007 -24"><span class='ocrx_word' id='word_1_195' title='bbox 220 2978 288 3027; x_wconf 92' lang='lat' dir='ltr'><strong>Ol</strong></span> <span class='ocrx_word' id='word_1_196' title='bbox 311 2975 379 3028; x_wconf 79' lang='grc' dir='ltr'>δὲ</span> <span class='ocrx_word' id='word_1_197' title='bbox 422 2976 528 3045; x_wconf 71' lang='grc' dir='ltr'><strong>ἐμὲ</strong></span> <span class='ocrx_word' id='word_1_198' title='bbox 565 2974 902 3045; x_wconf 76' lang='grc' dir='ltr'><em>ζητοῦντες,</em></span> <span class='ocrx_word' id='word_1_199' title='bbox 955 2977 1296 3046; x_wconf 75' lang='grc' dir='ltr'><strong>εὑρήσουσι</strong></span> <span class='ocrx_word' id='word_1_200' title='bbox 1356 2982 1553 3051; x_wconf 81' lang='grc' dir='ltr'>χάριν.</span> <span class='ocrx_word' id='word_1_201' title='bbox 1588 2984 1651 3036; x_wconf 80' lang='lat' dir='ltr'><strong>OE</strong></span> <span class='ocrx_word' id='word_1_202' title='bbox 1679 2983 1735 3036; x_wconf 83' lang='grc' dir='ltr'>δὲ</span> 
     </span>
    </p>
   </div>
   <div class='ocr_carea' id='block_1_33' title="bbox 152 3068 1735 3144">
    <p class='ocr_par' dir='ltr' id='par_1_33' title="bbox 152 3068 1735 3144">
     <span class='ocr_line' id='line_1_33' title="bbox 152 3068 1735 3144; baseline 0.005 -25"><span class='ocrx_word' id='word_1_203' title='bbox 152 3068 298 3140; x_wconf 78' lang='grc' dir='ltr'>πρός</span> <span class='ocrx_word' id='word_1_204' title='bbox 328 3086 394 3139; x_wconf 83' lang='grc' dir='ltr'><strong>με</strong></span> <span class='ocrx_word' id='word_1_205' title='bbox 428 3068 489 3122; x_wconf 80' lang='grc' dir='ltr'>τὸ</span> <span class='ocrx_word' id='word_1_206' title='bbox 508 3069 660 3133; x_wconf 84' lang='grc' dir='ltr'>τέλος</span> <span class='ocrx_word' id='word_1_207' title='bbox 686 3070 794 3123; x_wconf 88' lang='grc' dir='ltr'><strong>τῶν</strong></span> <span class='ocrx_word' id='word_1_208' title='bbox 817 3070 1098 3138; x_wconf 84' lang='grc' dir='ltr'>γνωστῶν,</span> <span class='ocrx_word' id='word_1_209' title='bbox 1129 3072 1229 3142; x_wconf 81' lang='grc' dir='ltr'>τὴν</span> <span class='ocrx_word' id='word_1_210' title='bbox 1268 3073 1531 3144; x_wconf 83' lang='grc' dir='ltr'>ἀλήθειαν</span> <span class='ocrx_word' id='word_1_211' title='bbox 1550 3116 1566 3138; x_wconf 96' lang='grc'><strong>,</strong></span> <span class='ocrx_word' id='word_1_212' title='bbox 1592 3074 1735 3128; x_wconf 78' lang='grc' dir='ltr'>κατὰ</span> 
     </span>
    </p>
   </div>
   <div class='ocr_carea' id='block_1_34' title="bbox 1848 574 2724 644">
    <p class='ocr_par' dir='ltr' id='par_1_34' title="bbox 1848 574 2724 644">
     <span class='ocr_line' id='line_1_34' title="bbox 1848 574 2724 644; baseline 0.002 -16"><span class='ocrx_word' id='word_1_213' title='bbox 1848 574 1937 628; x_wconf 84' lang='lat' dir='ltr'><strong>Dci</strong></span> <span class='ocrx_word' id='word_1_214' title='bbox 1971 590 2033 628; x_wconf 88' lang='lat' dir='ltr'><strong>ac</strong></span> <span class='ocrx_word' id='word_1_215' title='bbox 2061 575 2241 629; x_wconf 81' lang='lat' dir='ltr'><strong>Patris</strong></span> <span class='ocrx_word' id='word_1_216' title='bbox 2271 575 2724 644; x_wconf 85' lang='lat' dir='ltr'><strong>pcrsubsisteute.</strong></span> 
     </span>
    </p>
   </div>
   <div class='ocr_carea' id='block_1_35' title="bbox 1918 666 3434 738">
    <p class='ocr_par' dir='ltr' id='par_1_35' title="bbox 1918 666 3434 738">
     <span class='ocr_line' id='line_1_35' title="bbox 1918 666 3434 738; baseline 0.002 -19"><span class='ocrx_word' id='word_1_217' title='bbox 1918 666 2080 721; x_wconf 68' lang='lat' dir='ltr'><strong>Vens.</strong></span> <span class='ocrx_word' id='word_1_218' title='bbox 2121 667 2207 721; x_wconf 81' lang='grc'><strong>15.</strong></span> <span class='ocrx_word' id='word_1_219' title='bbox 2245 668 2346 721; x_wconf 82' lang='lat' dir='ltr'><strong>Per</strong></span> <span class='ocrx_word' id='word_1_220' title='bbox 2374 685 2453 722; x_wconf 89' lang='lat' dir='ltr'><strong>me</strong></span> <span class='ocrx_word' id='word_1_221' title='bbox 2488 684 2628 737; x_wconf 78' lang='lat' dir='ltr'><strong>reges</strong></span> <span class='ocrx_word' id='word_1_222' title='bbox 2664 677 2906 738; x_wconf 81' lang='lat' dir='ltr'><strong>regnant.</strong></span> <span class='ocrx_word' id='word_1_223' title='bbox 2936 667 3038 722; x_wconf 72' lang='lat' dir='ltr'><strong>l’cr</strong></span> <span class='ocrx_word' id='word_1_224' title='bbox 3070 686 3172 730; x_wconf 88' lang='lat' dir='ltr'><strong>me,</strong></span> <span class='ocrx_word' id='word_1_225' title='bbox 3212 679 3268 723; x_wconf 90' lang='lat' dir='ltr'><strong>ut</strong></span> <span class='ocrx_word' id='word_1_226' title='bbox 3299 671 3434 723; x_wconf 75' lang='lat' dir='ltr'><strong>divi-</strong></span> 
     </span>
    </p>
   </div>
   <div class='ocr_carea' id='block_1_36' title="bbox 1844 758 3433 833">
    <p class='ocr_par' dir='ltr' id='par_1_36' title="bbox 1844 758 3433 833">
     <span class='ocr_line' id='line_1_36' title="bbox 1844 758 3433 833; baseline 0.003 -20"><span class='ocrx_word' id='word_1_227' title='bbox 1844 776 1975 813; x_wconf 86' lang='lat' dir='ltr'><strong>num</strong></span> <span class='ocrx_word' id='word_1_228' title='bbox 2009 758 2272 824; x_wconf 76' lang='lat' dir='ltr'><strong>Verbum,</strong></span> <span class='ocrx_word' id='word_1_229' title='bbox 2299 761 2333 813; x_wconf 88' lang='lat' dir='ltr'><strong>ii</strong></span> <span class='ocrx_word' id='word_1_230' title='bbox 2360 760 2453 829; x_wconf 87' lang='lat' dir='ltr'><strong>qui</strong></span> <span class='ocrx_word' id='word_1_231' title='bbox 2479 758 2788 829; x_wconf 74' lang='lat' dir='ltr'><strong>cupiditatis</strong></span> <span class='ocrx_word' id='word_1_232' title='bbox 2821 761 3105 829; x_wconf 77' lang='lat' dir='ltr'><strong>conformis</strong></span> <span class='ocrx_word' id='word_1_233' title='bbox 3140 763 3241 833; x_wconf 86' lang='lat' dir='ltr'><strong>(egi</strong></span> <span class='ocrx_word' id='word_1_234' title='bbox 3271 763 3433 832; x_wconf 83' lang='lat' dir='ltr'><strong>impe-</strong></span> 
     </span>
    </p>
   </div>
   <div class='ocr_carea' id='block_1_37' title="bbox 1844 852 3248 922">
    <p class='ocr_par' dir='ltr' id='par_1_37' title="bbox 1844 852 3248 922">
     <span class='ocr_line' id='line_1_37' title="bbox 1844 852 3248 922; baseline 0.003 -17"><span class='ocrx_word' id='word_1_235' title='bbox 1844 866 1985 916; x_wconf 80' lang='lat' dir='ltr'><strong>rant,</strong></span> <span class='ocrx_word' id='word_1_236' title='bbox 2022 855 2292 921; x_wconf 83' lang='lat' dir='ltr'><strong>imperant</strong></span> <span class='ocrx_word' id='word_1_237' title='bbox 2320 852 2786 922; x_wconf 83' lang='lat' dir='ltr'><strong>concupiscentiis</strong></span> <span class='ocrx_word' id='word_1_238' title='bbox 2828 862 2883 906; x_wconf 93' lang='lat' dir='ltr'><strong>et</strong></span> <span class='ocrx_word' id='word_1_239' title='bbox 2918 855 3248 909; x_wconf 79' lang='lat' dir='ltr'><strong>tumoribus.</strong></span> 
     </span>
    </p>
   </div>
   <div class='ocr_carea' id='block_1_38' title="bbox 1918 944 3428 1019">
    <p class='ocr_par' dir='ltr' id='par_1_38' title="bbox 1918 944 3428 1019">
     <span class='ocr_line' id='line_1_38' title="bbox 1918 944 3428 1019; baseline 0.003 -21"><span class='ocrx_word' id='word_1_240' title='bbox 1918 944 1985 998; x_wconf 82' lang='lat' dir='ltr'><strong>Et</strong></span> <span class='ocrx_word' id='word_1_241' title='bbox 2015 955 2248 1015; x_wconf 81' lang='lat' dir='ltr'><strong>potentes</strong></span> <span class='ocrx_word' id='word_1_242' title='bbox 2276 945 2511 999; x_wconf 78' lang='lat' dir='ltr'><strong>scribunt</strong></span> <span class='ocrx_word' id='word_1_243' title='bbox 2537 946 2831 1015; x_wconf 79' lang='lat' dir='ltr'><strong>justitiam.</strong></span> <span class='ocrx_word' id='word_1_244' title='bbox 2864 945 2926 999; x_wconf 83' lang='lat' dir='ltr'><strong>Et</strong></span> <span class='ocrx_word' id='word_1_245' title='bbox 2954 947 3053 1013; x_wconf 84' lang='lat' dir='ltr'><strong>illi,</strong></span> <span class='ocrx_word' id='word_1_246' title='bbox 3084 948 3177 1018; x_wconf 92' lang='lat' dir='ltr'><strong>qui</strong></span> <span class='ocrx_word' id='word_1_247' title='bbox 3211 950 3428 1019; x_wconf 87' lang='lat' dir='ltr'><strong>spiritui</strong></span> 
     </span>
    </p>
   </div>
   <div class='ocr_carea' id='block_1_39' title="bbox 1844 1037 3428 1107">
    <p class='ocr_par' dir='ltr' id='par_1_39' title="bbox 1844 1037 3428 1107">
     <span class='ocr_line' id='line_1_39' title="bbox 1844 1037 3428 1107; baseline 0.001 -13"><span class='ocrx_word' id='word_1_248' title='bbox 1844 1052 2064 1094; x_wconf 84' lang='lat' dir='ltr'><strong>carnem</strong></span> <span class='ocrx_word' id='word_1_249' title='bbox 2114 1037 2439 1105; x_wconf 77' lang='lat' dir='ltr'><strong>subjiciunt,</strong></span> <span class='ocrx_word' id='word_1_250' title='bbox 2500 1037 2554 1091; x_wconf 92' lang='lat' dir='ltr'><strong>in</strong></span> <span class='ocrx_word' id='word_1_251' title='bbox 2615 1037 2770 1107; x_wconf 81' lang='lat' dir='ltr'><strong>praxi</strong></span> <span class='ocrx_word' id='word_1_252' title='bbox 2816 1038 3099 1096; x_wconf 87' lang='lat' dir='ltr'><strong>elIloenter</strong></span> <span class='ocrx_word' id='word_1_253' title='bbox 3126 1042 3428 1096; x_wconf 89' lang='lat' dir='ltr'><strong>secundum</strong></span> 
     </span>
    </p>
   </div>
   <div class='ocr_carea' id='block_1_40' title="bbox 1844 1128 3432 1203">
    <p class='ocr_par' dir='ltr' id='par_1_40' title="bbox 1844 1128 3432 1203">
     <span class='ocr_line' id='line_1_40' title="bbox 1844 1128 3432 1203; baseline 0.004 -23"><span class='ocrx_word' id='word_1_254' title='bbox 1844 1128 2100 1181; x_wconf 83' lang='lat' dir='ltr'><strong>moralem</strong></span> <span class='ocrx_word' id='word_1_255' title='bbox 2131 1135 2332 1181; x_wconf 89' lang='lat' dir='ltr'><strong>terram</strong></span> <span class='ocrx_word' id='word_1_256' title='bbox 2364 1128 2705 1197; x_wconf 81' lang='lat' dir='ltr'><strong>contingunt,</strong></span> <span class='ocrx_word' id='word_1_257' title='bbox 2735 1144 2830 1198; x_wconf 88' lang='lat' dir='ltr'><strong>per</strong></span> <span class='ocrx_word' id='word_1_258' title='bbox 2862 1132 2965 1185; x_wconf 86' lang='lat' dir='ltr'><strong>hoc</strong></span> <span class='ocrx_word' id='word_1_259' title='bbox 3023 1138 3281 1202; x_wconf 78' lang='lat' dir='ltr'><strong>tanquam</strong></span> <span class='ocrx_word' id='word_1_260' title='bbox 3333 1148 3432 1203; x_wconf 83' lang='lat' dir='ltr'><strong>per</strong></span> 
     </span>
    </p>
   </div>
   <div class='ocr_carea' id='block_1_41' title="bbox 1840 1218 3432 1283">
    <p class='ocr_par' dir='ltr' id='par_1_41' title="bbox 1840 1218 3432 1283">
     <span class='ocr_line' id='line_1_41' title="bbox 1840 1218 3432 1283; baseline 0.003 -10"><span class='ocrx_word' id='word_1_261' title='bbox 1840 1226 2205 1273; x_wconf 83' lang='lat' dir='ltr'><strong>atramentum</strong></span> <span class='ocrx_word' id='word_1_262' title='bbox 2233 1259 2251 1283; x_wconf 92' lang='lat'><strong>,</strong></span> <span class='ocrx_word' id='word_1_263' title='bbox 2302 1233 2387 1274; x_wconf 89' lang='lat' dir='ltr'><strong>me</strong></span> <span class='ocrx_word' id='word_1_264' title='bbox 2431 1218 2541 1273; x_wconf 87' lang='lat' dir='ltr'><strong>illis</strong></span> <span class='ocrx_word' id='word_1_265' title='bbox 2594 1219 2813 1275; x_wconf 82' lang='lat' dir='ltr'><strong>virtutis</strong></span> <span class='ocrx_word' id='word_1_266' title='bbox 2874 1222 3103 1276; x_wconf 81' lang='lat' dir='ltr'><strong>verbum</strong></span> <span class='ocrx_word' id='word_1_267' title='bbox 3149 1231 3432 1279; x_wconf 88' lang='lat' dir='ltr'><strong>mutuaute</strong></span> 
     </span>
    </p>
   </div>
   <div class='ocr_carea' id='block_1_42' title="bbox 1843 1309 3432 1384">
    <p class='ocr_par' dir='ltr' id='par_1_42' title="bbox 1843 1309 3432 1384">
     <span class='ocr_line' id='line_1_42' title="bbox 1843 1309 3432 1384; baseline 0.002 -19"><span class='ocrx_word' id='word_1_268' title='bbox 1843 1310 2057 1367; x_wconf 85' lang='lat' dir='ltr'><strong>lirnmm</strong></span> <span class='ocrx_word' id='word_1_269' title='bbox 2096 1310 2292 1364; x_wconf 62' lang='lat' dir='ltr'><strong>anima:</strong></span> <span class='ocrx_word' id='word_1_270' title='bbox 2320 1309 2584 1379; x_wconf 84' lang='lat' dir='ltr'><strong>judicium</strong></span> <span class='ocrx_word' id='word_1_271' title='bbox 2620 1309 2765 1365; x_wconf 85' lang='lat' dir='ltr'><strong>circa</strong></span> <span class='ocrx_word' id='word_1_272' title='bbox 2811 1313 3141 1384; x_wconf 80' lang='lat' dir='ltr'><strong>cupiditates</strong></span> <span class='ocrx_word' id='word_1_273' title='bbox 3165 1357 3179 1381; x_wconf 92' lang='lat'><strong>,</strong></span> <span class='ocrx_word' id='word_1_274' title='bbox 3212 1330 3275 1370; x_wconf 81' lang='lat' dir='ltr'><strong>ex</strong></span> <span class='ocrx_word' id='word_1_275' title='bbox 3311 1313 3432 1371; x_wconf 80' lang='lat' dir='ltr'><strong>def-</strong></span> 
     </span>
    </p>
   </div>
   <div class='ocr_carea' id='block_1_43' title="bbox 1840 1405 2669 1463">
    <p class='ocr_par' dir='ltr' id='par_1_43' title="bbox 1840 1405 2669 1463">
     <span class='ocr_line' id='line_1_43' title="bbox 1840 1405 2669 1463; baseline -0.007 0"><span class='ocrx_word' id='word_1_276' title='bbox 1840 1415 1896 1463; x_wconf 85' lang='lat' dir='ltr'><strong>et</strong></span> <span class='ocrx_word' id='word_1_277' title='bbox 1940 1421 2059 1463; x_wconf 82' lang='lat' dir='ltr'><strong>exc.</strong></span> <span class='ocrx_word' id='word_1_278' title='bbox 2095 1405 2315 1459; x_wconf 80' lang='lat' dir='ltr'><strong>virtutis</strong></span> <span class='ocrx_word' id='word_1_279' title='bbox 2346 1411 2669 1459; x_wconf 87' lang='lat' dir='ltr'><strong>connotaut.</strong></span> 
     </span>
    </p>
   </div>
   <div class='ocr_carea' id='block_1_44' title="bbox 1913 1583 3433 1655">
    <p class='ocr_par' dir='ltr' id='par_1_44' title="bbox 1913 1583 3433 1655">
     <span class='ocr_line' id='line_1_44' title="bbox 1913 1583 3433 1655; baseline 0.001 -17"><span class='ocrx_word' id='word_1_280' title='bbox 1913 1584 2078 1640; x_wconf 74' lang='lat' dir='ltr'><strong>Vens.</strong></span> <span class='ocrx_word' id='word_1_281' title='bbox 2117 1583 2204 1638; x_wconf 77' lang='grc'>16.</span> <span class='ocrx_word' id='word_1_282' title='bbox 2270 1583 2372 1639; x_wconf 88' lang='lat' dir='ltr'><strong>Per</strong></span> <span class='ocrx_word' id='word_1_283' title='bbox 2405 1602 2485 1640; x_wconf 85' lang='lat' dir='ltr'><strong>me</strong></span> <span class='ocrx_word' id='word_1_284' title='bbox 2540 1586 2803 1655; x_wconf 68' lang='lat' dir='ltr'><strong>principes</strong></span> <span class='ocrx_word' id='word_1_285' title='bbox 2866 1586 3146 1653; x_wconf 83' lang='lat' dir='ltr'><strong>imperant.</strong></span> <span class='ocrx_word' id='word_1_286' title='bbox 3198 1583 3302 1638; x_wconf 87' lang='lat' dir='ltr'><strong>Per</strong></span> <span class='ocrx_word' id='word_1_287' title='bbox 3348 1598 3433 1639; x_wconf 82' lang='lat' dir='ltr'><strong>me</strong></span> 
     </span>
    </p>
   </div>
   <div class='ocr_carea' id='block_1_45' title="bbox 1840 1676 3433 1748">
    <p class='ocr_par' dir='ltr' id='par_1_45' title="bbox 1840 1676 3433 1748">
     <span class='ocr_line' id='line_1_45' title="bbox 1840 1676 3433 1748; baseline -0.003 -15"><span class='ocrx_word' id='word_1_288' title='bbox 1840 1689 2097 1748; x_wconf 85' lang='lat' dir='ltr'><strong>tanquam</strong></span> <span class='ocrx_word' id='word_1_289' title='bbox 2128 1676 2197 1730; x_wconf 90' lang='lat' dir='ltr'><strong>ab</strong></span> <span class='ocrx_word' id='word_1_290' title='bbox 2224 1676 2317 1731; x_wconf 90' lang='lat' dir='ltr'><strong>illo</strong></span> <span class='ocrx_word' id='word_1_291' title='bbox 2346 1692 2507 1745; x_wconf 87' lang='lat' dir='ltr'><strong>quem</strong></span> <span class='ocrx_word' id='word_1_292' title='bbox 2536 1677 2669 1730; x_wconf 83' lang='lat' dir='ltr'><strong>nihil</strong></span> <span class='ocrx_word' id='word_1_293' title='bbox 2709 1676 2926 1741; x_wconf 86' lang='lat' dir='ltr'><strong>latet,et</strong></span> <span class='ocrx_word' id='word_1_294' title='bbox 2957 1689 3212 1745; x_wconf 85' lang='lat' dir='ltr'><strong>supremo</strong></span> <span class='ocrx_word' id='word_1_295' title='bbox 3233 1690 3433 1729; x_wconf 85' lang='lat' dir='ltr'><strong>concu-</strong></span> 
     </span>
    </p>
   </div>
   <div class='ocr_carea' id='block_1_46' title="bbox 1839 1769 3430 1841">
    <p class='ocr_par' dir='ltr' id='par_1_46' title="bbox 1839 1769 3430 1841">
     <span class='ocr_line' id='line_1_46' title="bbox 1839 1769 3430 1841; baseline -0.001 -17"><span class='ocrx_word' id='word_1_296' title='bbox 1839 1770 2101 1841; x_wconf 88' lang='lat' dir='ltr'><strong>piscibili,</strong></span> <span class='ocrx_word' id='word_1_297' title='bbox 2162 1778 2217 1823; x_wconf 88' lang='lat' dir='ltr'><strong>et</strong></span> <span class='ocrx_word' id='word_1_298' title='bbox 2274 1769 2367 1839; x_wconf 90' lang='lat' dir='ltr'><strong>qui</strong></span> <span class='ocrx_word' id='word_1_299' title='bbox 2428 1770 2482 1824; x_wconf 92' lang='lat' dir='ltr'><strong>in</strong></span> <span class='ocrx_word' id='word_1_300' title='bbox 2541 1770 2773 1825; x_wconf 91' lang='lat' dir='ltr'><strong>scientia</strong></span> <span class='ocrx_word' id='word_1_301' title='bbox 2806 1777 2861 1823; x_wconf 90' lang='lat' dir='ltr'><strong>et</strong></span> <span class='ocrx_word' id='word_1_302' title='bbox 2907 1770 3113 1825; x_wconf 75' lang='lat' dir='ltr'><strong>virtute</strong></span> <span class='ocrx_word' id='word_1_303' title='bbox 3171 1776 3430 1839; x_wconf 86' lang='lat' dir='ltr'><strong>potentes</strong></span> 
     </span>
    </p>
   </div>
   <div class='ocr_carea' id='block_1_47' title="bbox 1841 1861 2850 1932">
    <p class='ocr_par' dir='ltr' id='par_1_47' title="bbox 1841 1861 2850 1932">
     <span class='ocr_line' id='line_1_47' title="bbox 1841 1861 2850 1932; baseline -0.002 -15"><span class='ocrx_word' id='word_1_304' title='bbox 1841 1878 1938 1932; x_wconf 90' lang='lat' dir='ltr'><strong>per</strong></span> <span class='ocrx_word' id='word_1_305' title='bbox 1968 1861 2065 1915; x_wconf 84' lang='lat' dir='ltr'><strong>has</strong></span> <span class='ocrx_word' id='word_1_306' title='bbox 2101 1861 2289 1932; x_wconf 85' lang='lat' dir='ltr'><strong>inclyti</strong></span> <span class='ocrx_word' id='word_1_307' title='bbox 2330 1868 2384 1916; x_wconf 91' lang='lat' dir='ltr'><strong>et</strong></span> <span class='ocrx_word' id='word_1_308' title='bbox 2414 1862 2661 1916; x_wconf 81' lang='lat' dir='ltr'><strong>celebres</strong></span> <span class='ocrx_word' id='word_1_309' title='bbox 2695 1861 2850 1915; x_wconf 83' lang='lat' dir='ltr'><strong>lium.</strong></span> 
     </span>
    </p>
   </div>
   <div class='ocr_carea' id='block_1_48' title="bbox 1908 1952 3433 2023">
    <p class='ocr_par' dir='ltr' id='par_1_48' title="bbox 1908 1952 3433 2023">
     <span class='ocr_line' id='line_1_48' title="bbox 1908 1952 3433 2023; baseline -0.001 -17"><span class='ocrx_word' id='word_1_310' title='bbox 1908 1952 1981 2006; x_wconf 87' lang='lat' dir='ltr'><strong>Et</strong></span> <span class='ocrx_word' id='word_1_311' title='bbox 2007 1967 2098 2021; x_wconf 83' lang='lat' dir='ltr'><strong>per</strong></span> <span class='ocrx_word' id='word_1_312' title='bbox 2136 1969 2215 2007; x_wconf 87' lang='lat' dir='ltr'><strong>me</strong></span> <span class='ocrx_word' id='word_1_313' title='bbox 2254 1954 2467 2023; x_wconf 77' lang='lat' dir='ltr'><strong>tyranni</strong></span> <span class='ocrx_word' id='word_1_314' title='bbox 2497 1962 2654 2008; x_wconf 65' lang='lat' dir='ltr'><strong>terra</strong></span> <span class='ocrx_word' id='word_1_315' title='bbox 2686 1952 2970 2021; x_wconf 85' lang='lat' dir='ltr'><strong>imperant.</strong></span> <span class='ocrx_word' id='word_1_316' title='bbox 3010 1952 3079 2006; x_wconf 88' lang='lat' dir='ltr'><strong>Et</strong></span> <span class='ocrx_word' id='word_1_317' title='bbox 3110 1952 3147 2005; x_wconf 90' lang='lat' dir='ltr'><strong>ii</strong></span> <span class='ocrx_word' id='word_1_318' title='bbox 3178 1952 3275 2021; x_wconf 88' lang='lat' dir='ltr'><strong>qui</strong></span> <span class='ocrx_word' id='word_1_319' title='bbox 3324 1960 3433 2006; x_wconf 83' lang='lat' dir='ltr'><strong>tcr~</strong></span> 
     </span>
    </p>
   </div>
   <div class='ocr_carea' id='block_1_49' title="bbox 1834 2044 3424 2115">
    <p class='ocr_par' dir='ltr' id='par_1_49' title="bbox 1834 2044 3424 2115">
     <span class='ocr_line' id='line_1_49' title="bbox 1834 2044 3424 2115; baseline -0.004 -14"><span class='ocrx_word' id='word_1_320' title='bbox 1834 2062 2022 2102; x_wconf 85' lang='lat' dir='ltr'><strong>renatn</strong></span> <span class='ocrx_word' id='word_1_321' title='bbox 2055 2062 2272 2101; x_wconf 88' lang='lat' dir='ltr'><strong>carnem</strong></span> <span class='ocrx_word' id='word_1_322' title='bbox 2307 2045 2635 2115; x_wconf 87' lang='lat' dir='ltr'><strong>reprimunt,</strong></span> <span class='ocrx_word' id='word_1_323' title='bbox 2665 2044 2730 2098; x_wconf 86' lang='lat' dir='ltr'><strong>ad</strong></span> <span class='ocrx_word' id='word_1_324' title='bbox 2769 2044 2891 2114; x_wconf 75' lang='lat' dir='ltr'><strong>ejus</strong></span> <span class='ocrx_word' id='word_1_325' title='bbox 2925 2044 3241 2115; x_wconf 83' lang='lat' dir='ltr'><strong>superbiam</strong></span> <span class='ocrx_word' id='word_1_326' title='bbox 3277 2059 3424 2097; x_wconf 80' lang='lat' dir='ltr'><strong>mor-</strong></span> 
     </span>
    </p>
   </div>
   <div class='ocr_carea' id='block_1_50' title="bbox 1835 2134 3429 2209">
    <p class='ocr_par' dir='ltr' id='par_1_50' title="bbox 1835 2134 3429 2209">
     <span class='ocr_line' id='line_1_50' title="bbox 1835 2134 3429 2209; baseline -0.003 -15"><span class='ocrx_word' id='word_1_327' title='bbox 1835 2138 2170 2202; x_wconf 88' lang='lat' dir='ltr'><strong>tillcandam,</strong></span> <span class='ocrx_word' id='word_1_328' title='bbox 2204 2138 2279 2192; x_wconf 90' lang='lat' dir='ltr'><strong>illi</strong></span> <span class='ocrx_word' id='word_1_329' title='bbox 2315 2154 2411 2209; x_wconf 91' lang='lat' dir='ltr'><strong>per</strong></span> <span class='ocrx_word' id='word_1_330' title='bbox 2441 2134 2525 2191; x_wconf 83' lang='lat' dir='ltr'><strong>me</strong></span> <span class='ocrx_word' id='word_1_331' title='bbox 2556 2138 2824 2205; x_wconf 87' lang='lat' dir='ltr'><strong>imperant</strong></span> <span class='ocrx_word' id='word_1_332' title='bbox 2854 2154 2867 2189; x_wconf 86' lang='lat'><strong>:</strong></span> <span class='ocrx_word' id='word_1_333' title='bbox 2916 2144 3174 2205; x_wconf 89' lang='lat' dir='ltr'><strong>tanquam</strong></span> <span class='ocrx_word' id='word_1_334' title='bbox 3210 2134 3429 2190; x_wconf 84' lang='lat' dir='ltr'><strong>deside-</strong></span> 
     </span>
    </p>
   </div>
   <div class='ocr_carea' id='block_1_51' title="bbox 1834 2227 3428 2286">
    <p class='ocr_par' dir='ltr' id='par_1_51' title="bbox 1834 2227 3428 2286">
     <span class='ocr_line' id='line_1_51' title="bbox 1834 2227 3428 2286; baseline -0.003 0"><span class='ocrx_word' id='word_1_335' title='bbox 1834 2233 1975 2286; x_wconf 87' lang='lat' dir='ltr'><strong>rium</strong></span> <span class='ocrx_word' id='word_1_336' title='bbox 2005 2230 2223 2284; x_wconf 87' lang='lat' dir='ltr'><strong>illorum</strong></span> <span class='ocrx_word' id='word_1_337' title='bbox 2280 2245 2310 2282; x_wconf 90' lang='lat' dir='ltr'><strong>a</strong></span> <span class='ocrx_word' id='word_1_338' title='bbox 2368 2228 2681 2284; x_wconf 83' lang='lat' dir='ltr'><strong>visibilibus</strong></span> <span class='ocrx_word' id='word_1_339' title='bbox 2711 2228 2777 2282; x_wconf 89' lang='lat' dir='ltr'><strong>ad</strong></span> <span class='ocrx_word' id='word_1_340' title='bbox 2814 2227 3204 2283; x_wconf 87' lang='lat' dir='ltr'><strong>intellectualia</strong></span> <span class='ocrx_word' id='word_1_341' title='bbox 3238 2235 3428 2282; x_wconf 86' lang='lat' dir='ltr'><strong>trans-</strong></span> 
     </span>
    </p>
   </div>
   <div class='ocr_carea' id='block_1_52' title="bbox 1834 2324 2123 2381">
    <p class='ocr_par' dir='ltr' id='par_1_52' title="bbox 1834 2324 2123 2381">
     <span class='ocr_line' id='line_1_52' title="bbox 1834 2324 2123 2381; baseline -0.017 1"><span class='ocrx_word' id='word_1_342' title='bbox 1834 2324 2123 2381; x_wconf 76' lang='lat' dir='ltr'><strong>ferentem.</strong></span> 
     </span>
    </p>
   </div>
   <div class='ocr_carea' id='block_1_53' title="bbox 1906 2409 3431 2483">
    <p class='ocr_par' dir='ltr' id='par_1_53' title="bbox 1906 2409 3431 2483">
     <span class='ocr_line' id='line_1_53' title="bbox 1906 2409 3431 2483; baseline -0.005 -14"><span class='ocrx_word' id='word_1_343' title='bbox 1906 2415 2077 2470; x_wconf 70' lang='lat' dir='ltr'><strong>Vens.</strong></span> <span class='ocrx_word' id='word_1_344' title='bbox 2113 2415 2196 2468; x_wconf 84' lang='lat' dir='ltr'><strong>l7.</strong></span> <span class='ocrx_word' id='word_1_345' title='bbox 2252 2414 2361 2483; x_wconf 87' lang='lat' dir='ltr'><strong>Ego</strong></span> <span class='ocrx_word' id='word_1_346' title='bbox 2393 2413 2671 2483; x_wconf 82' lang='lat' dir='ltr'><strong>diligentes</strong></span> <span class='ocrx_word' id='word_1_347' title='bbox 2704 2428 2781 2464; x_wconf 89' lang='lat' dir='ltr'><strong>me</strong></span> <span class='ocrx_word' id='word_1_348' title='bbox 2815 2410 3001 2480; x_wconf 85' lang='lat' dir='ltr'><strong>diligo.</strong></span> <span class='ocrx_word' id='word_1_349' title='bbox 3046 2409 3151 2479; x_wconf 85' lang='lat' dir='ltr'><strong>Ipsi</strong></span> <span class='ocrx_word' id='word_1_350' title='bbox 3186 2422 3283 2474; x_wconf 88' lang='lat' dir='ltr'><strong>per</strong></span> <span class='ocrx_word' id='word_1_351' title='bbox 3313 2422 3431 2462; x_wconf 90' lang='lat' dir='ltr'><strong>mea</strong></span> 
     </span>
    </p>
   </div>
   <div class='ocr_carea' id='block_1_54' title="bbox 1834 2500 3431 2581">
    <p class='ocr_par' dir='ltr' id='par_1_54' title="bbox 1834 2500 3431 2581">
     <span class='ocr_line' id='line_1_54' title="bbox 1834 2500 3431 2581; baseline -0.004 -19"><span class='ocrx_word' id='word_1_352' title='bbox 1834 2517 2103 2581; x_wconf 75' lang='lat' dir='ltr'><strong>pra-cepta</strong></span> <span class='ocrx_word' id='word_1_353' title='bbox 2124 2547 2139 2571; x_wconf 91' lang='lat'><strong>,</strong></span> <span class='ocrx_word' id='word_1_354' title='bbox 2173 2521 2258 2561; x_wconf 89' lang='lat' dir='ltr'><strong>me</strong></span> <span class='ocrx_word' id='word_1_355' title='bbox 2287 2506 2575 2575; x_wconf 80' lang='lat' dir='ltr'><strong>diligentes</strong></span> <span class='ocrx_word' id='word_1_356' title='bbox 2601 2507 2667 2556; x_wconf 71' lang='lat' dir='ltr'><strong>ali</strong></span> <span class='ocrx_word' id='word_1_357' title='bbox 2699 2504 2902 2573; x_wconf 85' lang='lat' dir='ltr'><strong>iniquis</strong></span> <span class='ocrx_word' id='word_1_358' title='bbox 2924 2502 3322 2571; x_wconf 79' lang='lat' dir='ltr'><strong>cupiditatibus</strong></span> <span class='ocrx_word' id='word_1_359' title='bbox 3364 2500 3431 2556; x_wconf 89' lang='lat' dir='ltr'><strong>li-</strong></span> 
     </span>
    </p>
   </div>
   <div class='ocr_carea' id='block_1_55' title="bbox 1836 2596 3428 2667">
    <p class='ocr_par' dir='ltr' id='par_1_55' title="bbox 1836 2596 3428 2667">
     <span class='ocr_line' id='line_1_55' title="bbox 1836 2596 3428 2667; baseline -0.007 -11"><span class='ocrx_word' id='word_1_360' title='bbox 1836 2603 2118 2667; x_wconf 86' lang='lat' dir='ltr'><strong>berantur;</strong></span> <span class='ocrx_word' id='word_1_361' title='bbox 2152 2600 2263 2654; x_wconf 88' lang='lat' dir='ltr'><strong>illis</strong></span> <span class='ocrx_word' id='word_1_362' title='bbox 2295 2615 2472 2654; x_wconf 89' lang='lat' dir='ltr'><strong>meum</strong></span> <span class='ocrx_word' id='word_1_363' title='bbox 2503 2614 2600 2666; x_wconf 84' lang='lat' dir='ltr'><strong>pro</strong></span> <span class='ocrx_word' id='word_1_364' title='bbox 2656 2597 2790 2666; x_wconf 87' lang='lat' dir='ltr'><strong>ipsis</strong></span> <span class='ocrx_word' id='word_1_365' title='bbox 2848 2611 3087 2649; x_wconf 79' lang='lat' dir='ltr'><strong>amorem</strong></span> <span class='ocrx_word' id='word_1_366' title='bbox 3147 2596 3428 2666; x_wconf 76' lang='lat' dir='ltr'><strong>cognitum</strong></span> 
     </span>
    </p>
   </div>
   <div class='ocr_carea' id='block_1_56' title="bbox 1835 2688 3429 2753">
    <p class='ocr_par' dir='ltr' id='par_1_56' title="bbox 1835 2688 3429 2753">
     <span class='ocr_line' id='line_1_56' title="bbox 1835 2688 3429 2753; baseline -0.007 -7"><span class='ocrx_word' id='word_1_367' title='bbox 1835 2692 2064 2748; x_wconf 83' lang='lat' dir='ltr'><strong>ostendo</strong></span> <span class='ocrx_word' id='word_1_368' title='bbox 2140 2706 2266 2744; x_wconf 90' lang='lat' dir='ltr'><strong>cum</strong></span> <span class='ocrx_word' id='word_1_369' title='bbox 2335 2704 2526 2742; x_wconf 86' lang='lat' dir='ltr'><strong>mnnes</strong></span> <span class='ocrx_word' id='word_1_370' title='bbox 2614 2688 2863 2739; x_wconf 81' lang='lat' dir='ltr'><strong>homines</strong></span> <span class='ocrx_word' id='word_1_371' title='bbox 2957 2696 3222 2753; x_wconf 89' lang='lat' dir='ltr'><strong>tanquam</strong></span> <span class='ocrx_word' id='word_1_372' title='bbox 3301 2698 3429 2752; x_wconf 90' lang='lat' dir='ltr'><strong>pro-</strong></span> 
     </span>
    </p>
   </div>
   <div class='ocr_carea' id='block_1_57' title="bbox 1834 2774 3433 2854">
    <p class='ocr_par' dir='ltr' id='par_1_57' title="bbox 1834 2774 3433 2854">
     <span class='ocr_line' id='line_1_57' title="bbox 1834 2774 3433 2854; baseline -0.008 -15"><span class='ocrx_word' id='word_1_373' title='bbox 1834 2787 2016 2854; x_wconf 89' lang='lat' dir='ltr'><strong>prium</strong></span> <span class='ocrx_word' id='word_1_374' title='bbox 2082 2799 2222 2852; x_wconf 87' lang='lat' dir='ltr'><strong>opus</strong></span> <span class='ocrx_word' id='word_1_375' title='bbox 2274 2781 2495 2851; x_wconf 81' lang='lat' dir='ltr'><strong>diligam</strong></span> <span class='ocrx_word' id='word_1_376' title='bbox 2551 2779 2742 2834; x_wconf 88' lang='lat' dir='ltr'><strong>volens</strong></span> <span class='ocrx_word' id='word_1_377' title='bbox 2772 2779 2938 2833; x_wconf 88' lang='lat' dir='ltr'><strong>etiam</strong></span> <span class='ocrx_word' id='word_1_378' title='bbox 2985 2777 3231 2831; x_wconf 90' lang='lat' dir='ltr'><strong>omnium</strong></span> <span class='ocrx_word' id='word_1_379' title='bbox 3284 2774 3433 2831; x_wconf 83' lang='lat' dir='ltr'><strong>salu-</strong></span> 
     </span>
    </p>
   </div>
   <div class='ocr_carea' id='block_1_58' title="bbox 1844 2886 1977 2933">
    <p class='ocr_par' dir='ltr' id='par_1_58' title="bbox 1844 2886 1977 2933">
     <span class='ocr_line' id='line_1_58' title="bbox 1844 2886 1977 2933; baseline -0.023 0"><span class='ocrx_word' id='word_1_380' title='bbox 1844 2886 1977 2933; x_wconf 89' lang='lat' dir='ltr'><strong>tem.</strong></span> 
     </span>
    </p>
   </div>
   <div class='ocr_carea' id='block_1_59' title="bbox 1908 2986 3427 3061">
    <p class='ocr_par' dir='ltr' id='par_1_59' title="bbox 1908 2986 3427 3061">
     <span class='ocr_line' id='line_1_59' title="bbox 1908 2986 3427 3061; baseline -0.003 -16"><span class='ocrx_word' id='word_1_381' title='bbox 1908 2993 2012 3058; x_wconf 85' lang='lat' dir='ltr'><strong>Qui</strong></span> <span class='ocrx_word' id='word_1_382' title='bbox 2043 3008 2124 3045; x_wconf 84' lang='lat' dir='ltr'><strong>me</strong></span> <span class='ocrx_word' id='word_1_383' title='bbox 2150 2998 2418 3061; x_wconf 79' lang='lat' dir='ltr'><strong>qumrunt,</strong></span> <span class='ocrx_word' id='word_1_384' title='bbox 2463 2988 2727 3042; x_wconf 79' lang='lat' dir='ltr'><strong>invenient</strong></span> <span class='ocrx_word' id='word_1_385' title='bbox 2755 2989 3011 3058; x_wconf 86' lang='lat' dir='ltr'><strong>gratiam.</strong></span> <span class='ocrx_word' id='word_1_386' title='bbox 3048 2986 3151 3053; x_wconf 86' lang='lat' dir='ltr'><strong>Qui</strong></span> <span class='ocrx_word' id='word_1_387' title='bbox 3194 3003 3327 3042; x_wconf 80' lang='lat' dir='ltr'><strong>vero</strong></span> <span class='ocrx_word' id='word_1_388' title='bbox 3361 2988 3427 3041; x_wconf 80' lang='lat' dir='ltr'><strong>:ul</strong></span> 
     </span>
    </p>
   </div>
   <div class='ocr_carea' id='block_1_60' title="bbox 1836 3079 3430 3151">
    <p class='ocr_par' dir='ltr' id='par_1_60' title="bbox 1836 3079 3430 3151">
     <span class='ocr_line' id='line_1_60' title="bbox 1836 3079 3430 3151; baseline -0.005 -12"><span class='ocrx_word' id='word_1_389' title='bbox 1836 3102 1944 3151; x_wconf 86' lang='lat' dir='ltr'><strong>me,</strong></span> <span class='ocrx_word' id='word_1_390' title='bbox 2001 3085 2293 3138; x_wconf 81' lang='lat' dir='ltr'><strong>terminum</strong></span> <span class='ocrx_word' id='word_1_391' title='bbox 2350 3082 2740 3149; x_wconf 86' lang='lat' dir='ltr'><strong>scientiarum,</strong></span> <span class='ocrx_word' id='word_1_392' title='bbox 2787 3079 3099 3144; x_wconf 82' lang='lat' dir='ltr'><strong>veritatem,</strong></span> <span class='ocrx_word' id='word_1_393' title='bbox 3156 3079 3430 3134; x_wconf 85' lang='lat' dir='ltr'><strong>desiderio</strong></span> 
     </span>
    </p>
   </div>
   <div class='ocr_carea' id='block_1_61' title="bbox 151 3159 1736 3248">
    <p class='ocr_par' dir='ltr' id='par_1_61' title="bbox 151 3159 1735 3235">
     <span class='ocr_line' id='line_1_61' title="bbox 151 3159 1735 3235; baseline 0.004 -23"><span class='ocrx_word' id='word_1_394' title='bbox 151 3159 281 3212; x_wconf 81' lang='grc' dir='ltr'>νοῦν</span> <span class='ocrx_word' id='word_1_395' title='bbox 315 3159 624 3229; x_wconf 73' lang='grc' dir='ltr'>κινούμενοι</span> <span class='ocrx_word' id='word_1_396' title='bbox 645 3159 764 3229; x_wconf 76' lang='grc' dir='ltr'>μετ’</span> <span class='ocrx_word' id='word_1_397' title='bbox 785 3162 1048 3229; x_wconf 69' lang='grc' dir='ltr'>ἐφέσεως,</span> <span class='ocrx_word' id='word_1_398' title='bbox 1080 3160 1181 3229; x_wconf 81' lang='grc' dir='ltr'>τῆς</span> <span class='ocrx_word' id='word_1_399' title='bbox 1209 3162 1302 3214; x_wconf 81' lang='grc' dir='ltr'>τοῦ</span> <span class='ocrx_word' id='word_1_400' title='bbox 1329 3164 1606 3233; x_wconf 81' lang='grc' dir='ltr'>ὁμοφυοῦς</span> <span class='ocrx_word' id='word_1_401' title='bbox 1645 3183 1735 3235; x_wconf 88' lang='grc' dir='ltr'><strong>μοι</strong></span> 
     </span>
    </p>
   </div>
   <div class='ocr_carea' id='block_1_62' title="bbox 1853 3159 3424 3248">
    <p class='ocr_par' dir='ltr' id='par_1_62' title="bbox 1853 3171 3424 3248">
     <span class='ocr_line' id='line_1_62' title="bbox 1853 3171 3424 3248; baseline -0.002 -20"><span class='ocrx_word' id='word_1_402' title='bbox 1853 3177 2112 3248; x_wconf 75' lang='lat' dir='ltr'><strong>:pirituali</strong></span> <span class='ocrx_word' id='word_1_403' title='bbox 2158 3184 2446 3231; x_wconf 86' lang='lat' dir='ltr'><strong>moventur</strong></span> <span class='ocrx_word' id='word_1_404' title='bbox 2470 3216 2485 3241; x_wconf 91' lang='lat'><strong>,</strong></span> <span class='ocrx_word' id='word_1_405' title='bbox 2522 3175 2752 3245; x_wconf 80' lang='lat' dir='ltr'><strong>gratiam</strong></span> <span class='ocrx_word' id='word_1_406' title='bbox 2785 3172 3016 3243; x_wconf 82' lang='lat' dir='ltr'><strong>spiritus</strong></span> <span class='ocrx_word' id='word_1_407' title='bbox 3049 3172 3145 3241; x_wconf 88' lang='lat' dir='ltr'><strong>qui</strong></span> <span class='ocrx_word' id='word_1_408' title='bbox 3176 3171 3424 3240; x_wconf 86' lang='lat' dir='ltr'><strong>ejusdem</strong></span> 
     </span>
    </p>
   </div>
   <div class='ocr_carea' id='block_1_63' title="bbox 151 3247 1738 3323">
    <p class='ocr_par' dir='ltr' id='par_1_63' title="bbox 151 3247 1738 3323">
     <span class='ocr_line' id='line_1_63' title="bbox 151 3247 1738 3323; baseline 0.005 -22"><span class='ocrx_word' id='word_1_409' title='bbox 151 3247 471 3319; x_wconf 73' lang='grc' dir='ltr'>πνεύματος</span> <span class='ocrx_word' id='word_1_410' title='bbox 504 3249 877 3314; x_wconf 81' lang='grc' dir='ltr'>ὲπιτεύξονται</span> <span class='ocrx_word' id='word_1_411' title='bbox 908 3251 1130 3320; x_wconf 82' lang='grc' dir='ltr'>χάριτος</span> <span class='ocrx_word' id='word_1_412' title='bbox 1153 3267 1165 3277; x_wconf 91' lang='grc'>·</span> <span class='ocrx_word' id='word_1_413' title='bbox 1193 3254 1559 3323; x_wconf 77' lang='grc' dir='ltr'><strong>χαριζομένου</strong></span> <span class='ocrx_word' id='word_1_414' title='bbox 1609 3256 1738 3308; x_wconf 78' lang='grc' dir='ltr'><strong>τού-</strong></span> 
     </span>
    </p>
   </div>
   <div class='ocr_carea' id='block_1_64' title="bbox 116 3340 1734 3419">
    <p class='ocr_par' dir='ltr' id='par_1_64' title="bbox 116 3340 1734 3419">
     <span class='ocr_line' id='line_1_64' title="bbox 116 3340 1734 3419; baseline 0.006 -27"><span class='ocrx_word' id='word_1_415' title='bbox 116 3359 124 3368; x_wconf 90' lang='grc'><strong>·</strong></span> <span class='ocrx_word' id='word_1_416' title='bbox 150 3356 293 3403; x_wconf 79' lang='grc' dir='ltr'>τοις,</span> <span class='ocrx_word' id='word_1_417' title='bbox 325 3342 383 3393; x_wconf 83' lang='grc' dir='ltr'>ἐν</span> <span class='ocrx_word' id='word_1_418' title='bbox 411 3340 491 3411; x_wconf 81' lang='grc' dir='ltr'>τῷ</span> <span class='ocrx_word' id='word_1_419' title='bbox 510 3344 587 3404; x_wconf 82' lang='grc' dir='ltr'><strong>εἰς</strong></span> <span class='ocrx_word' id='word_1_420' title='bbox 625 3344 807 3396; x_wconf 73' lang='grc' dir='ltr'>πᾶσαν</span> <span class='ocrx_word' id='word_1_421' title='bbox 840 3342 938 3412; x_wconf 82' lang='grc' dir='ltr'>τὴν</span> <span class='ocrx_word' id='word_1_422' title='bbox 969 3343 1229 3413; x_wconf 82' lang='grc' dir='ltr'>ἀλήθειαν</span> <span class='ocrx_word' id='word_1_423' title='bbox 1272 3346 1469 3409; x_wconf 77' lang='grc' dir='ltr'>αὐτοὺς</span> <span class='ocrx_word' id='word_1_424' title='bbox 1500 3347 1734 3419; x_wconf 75' lang='grc' dir='ltr'>ὁδηγεῖν,</span> 
     </span>
    </p>
   </div>
   <div class='ocr_carea' id='block_1_65' title="bbox 153 3432 1053 3505">
    <p class='ocr_par' dir='ltr' id='par_1_65' title="bbox 153 3432 1053 3505">
     <span class='ocr_line' id='line_1_65' title="bbox 153 3432 1053 3505; baseline 0.003 -19"><span class='ocrx_word' id='word_1_425' title='bbox 153 3432 296 3505; x_wconf 73' lang='grc' dir='ltr'><strong>ἐμοῦ</strong></span> <span class='ocrx_word' id='word_1_426' title='bbox 328 3434 426 3503; x_wconf 82' lang='grc' dir='ltr'><strong>τῆς</strong></span> <span class='ocrx_word' id='word_1_427' title='bbox 456 3434 651 3503; x_wconf 80' lang='grc' dir='ltr'>σοφίας</span> <span class='ocrx_word' id='word_1_428' title='bbox 679 3432 779 3504; x_wconf 82' lang='grc' dir='ltr'><strong>τὴν</strong></span> <span class='ocrx_word' id='word_1_429' title='bbox 813 3435 1053 3504; x_wconf 80' lang='grc' dir='ltr'>μέθεξιν.</span> 
     </span>
    </p>
   </div>
   <div class='ocr_carea' id='block_1_66' title="bbox 231 3548 1738 3625">
    <p class='ocr_par' dir='ltr' id='par_1_66' title="bbox 231 3548 1738 3625">
     <span class='ocr_line' id='line_1_66' title="bbox 231 3548 1738 3625; baseline 0.007 -25"><span class='ocrx_word' id='word_1_430' title='bbox 231 3554 321 3618; x_wconf 86' lang='grc' dir='ltr'>ιη’.</span> <span class='ocrx_word' id='word_1_431' title='bbox 363 3548 633 3615; x_wconf 80' lang='grc' dir='ltr'><strong>Πλοῦτος</strong></span> <span class='ocrx_word' id='word_1_432' title='bbox 668 3548 768 3601; x_wconf 76' lang='grc' dir='ltr'><strong>καὶ</strong></span> <span class='ocrx_word' id='word_1_433' title='bbox 804 3548 954 3612; x_wconf 80' lang='grc' dir='ltr'>δόξα</span> <span class='ocrx_word' id='word_1_434' title='bbox 983 3550 1112 3617; x_wconf 82' lang='grc' dir='ltr'><strong>ἐμοὶ</strong></span> <span class='ocrx_word' id='word_1_435' title='bbox 1133 3550 1387 3621; x_wconf 79' lang='grc' dir='ltr'>ὑπάρχει</span> <span class='ocrx_word' id='word_1_436' title='bbox 1412 3595 1426 3619; x_wconf 93' lang='grc'><strong>,</strong></span> <span class='ocrx_word' id='word_1_437' title='bbox 1460 3556 1561 3609; x_wconf 81' lang='grc' dir='ltr'><strong>καὶ</strong></span> <span class='ocrx_word' id='word_1_438' title='bbox 1592 3548 1738 3625; x_wconf 60' lang='lat' dir='ltr'><strong>vitii-</strong></span> 
     </span>
    </p>
   </div>
   <div class='ocr_carea' id='block_1_67' title="bbox 152 3637 1737 3713">
    <p class='ocr_par' dir='ltr' id='par_1_67' title="bbox 152 3637 1737 3713">
     <span class='ocr_line' id='line_1_67' title="bbox 152 3637 1737 3713; baseline 0.003 -23"><span class='ocrx_word' id='word_1_439' title='bbox 152 3652 259 3703; x_wconf 84' lang='grc' dir='ltr'><strong>σις</strong></span> <span class='ocrx_word' id='word_1_440' title='bbox 280 3637 549 3702; x_wconf 71' lang='grc' dir='ltr'>πολλῶν,</span> <span class='ocrx_word' id='word_1_441' title='bbox 580 3637 680 3691; x_wconf 79' lang='grc' dir='ltr'>καί</span> <span class='ocrx_word' id='word_1_442' title='bbox 716 3638 1099 3707; x_wconf 83' lang='grc' dir='ltr'>δικαιοσύνη.</span> <span class='ocrx_word' id='word_1_443' title='bbox 1135 3642 1193 3694; x_wconf 84' lang='lat'><strong>&#39;0</strong></span> <span class='ocrx_word' id='word_1_444' title='bbox 1223 3643 1333 3713; x_wconf 78' lang='grc' dir='ltr'><strong>γὰρ</strong></span> <span class='ocrx_word' id='word_1_445' title='bbox 1359 3644 1467 3697; x_wconf 89' lang='grc' dir='ltr'><strong>τῶν</strong></span> <span class='ocrx_word' id='word_1_446' title='bbox 1486 3646 1541 3696; x_wconf 80' lang='grc' dir='ltr'>ἐν</span> <span class='ocrx_word' id='word_1_447' title='bbox 1565 3646 1737 3713; x_wconf 70' lang='grc' dir='ltr'>ἐπαγ-</span> 
     </span>
    </p>
   </div>
   <div class='ocr_carea' id='block_1_68' title="bbox 153 3727 1738 3809">
    <p class='ocr_par' dir='ltr' id='par_1_68' title="bbox 153 3727 1738 3809">
     <span class='ocr_line' id='line_1_68' title="bbox 153 3727 1738 3809; baseline 0.005 -26"><span class='ocrx_word' id='word_1_448' title='bbox 153 3727 366 3798; x_wconf 81' lang='grc' dir='ltr'>γελιαις</span> <span class='ocrx_word' id='word_1_449' title='bbox 401 3730 784 3801; x_wconf 77' lang='grc' dir='ltr'>ἀποκειμένων</span> <span class='ocrx_word' id='word_1_450' title='bbox 806 3732 1079 3795; x_wconf 81' lang='grc' dir='ltr'>ἀκένωτος</span> <span class='ocrx_word' id='word_1_451' title='bbox 1105 3733 1401 3805; x_wconf 73' lang='grc' dir='ltr'>θησαυρὸς,</span> <span class='ocrx_word' id='word_1_452' title='bbox 1423 3736 1520 3789; x_wconf 84' lang='grc' dir='ltr'><strong>καὶ</strong></span> <span class='ocrx_word' id='word_1_453' title='bbox 1542 3739 1573 3807; x_wconf 82' lang='grc' dir='ltr'>ἡ</span> <span class='ocrx_word' id='word_1_454' title='bbox 1598 3739 1738 3809; x_wconf 81' lang='grc' dir='ltr'><strong>ἀκή-</strong></span> 
     </span>
    </p>
   </div>
   <div class='ocr_carea' id='block_1_69' title="bbox 158 3822 1737 3897">
    <p class='ocr_par' dir='ltr' id='par_1_69' title="bbox 158 3822 1737 3897">
     <span class='ocr_line' id='line_1_69' title="bbox 158 3822 1737 3897; baseline 0.004 -22"><span class='ocrx_word' id='word_1_455' title='bbox 158 3839 324 3893; x_wconf 81' lang='grc' dir='ltr'>ρατος</span> <span class='ocrx_word' id='word_1_456' title='bbox 348 3822 599 3884; x_wconf 74' lang='grc' dir='ltr'>εὔκλεια,</span> <span class='ocrx_word' id='word_1_457' title='bbox 628 3824 695 3877; x_wconf 72' lang='grc' dir='ltr'>τὰ</span> <span class='ocrx_word' id='word_1_458' title='bbox 740 3824 879 3894; x_wconf 79' lang='grc' dir='ltr'>ὑπὲρ</span> <span class='ocrx_word' id='word_1_459' title='bbox 915 3826 1078 3894; x_wconf 72' lang='grc' dir='ltr'>φύσιν</span> <span class='ocrx_word' id='word_1_460' title='bbox 1112 3826 1314 3893; x_wconf 83' lang='grc' dir='ltr'>ἀγαθὰ,</span> <span class='ocrx_word' id='word_1_461' title='bbox 1348 3829 1484 3897; x_wconf 71' lang='grc' dir='ltr'>πρὸς</span> <span class='ocrx_word' id='word_1_462' title='bbox 1535 3829 1591 3881; x_wconf 81' lang='grc' dir='ltr'>δὲ</span> <span class='ocrx_word' id='word_1_463' title='bbox 1642 3830 1737 3881; x_wconf 80' lang='grc' dir='ltr'><strong>καὶ</strong></span> 
     </span>
    </p>
   </div>
   <div class='ocr_carea' id='block_1_70' title="bbox 158 3914 1737 3992">
    <p class='ocr_par' dir='ltr' id='par_1_70' title="bbox 158 3914 1737 3992">
     <span class='ocr_line' id='line_1_70' title="bbox 158 3914 1737 3992; baseline 0.005 -25"><span class='ocrx_word' id='word_1_464' title='bbox 158 3915 302 3968; x_wconf 76' lang='grc' dir='ltr'>κατὰ</span> <span class='ocrx_word' id='word_1_465' title='bbox 358 3914 517 3983; x_wconf 73' lang='grc' dir='ltr'>φύσιν</span> <span class='ocrx_word' id='word_1_466' title='bbox 640 3934 699 3969; x_wconf 88' lang='grc' dir='ltr'><strong>τε</strong></span> <span class='ocrx_word' id='word_1_467' title='bbox 732 3916 858 3969; x_wconf 84' lang='grc' dir='ltr'>καθ’</span> <span class='ocrx_word' id='word_1_468' title='bbox 889 3918 1001 3982; x_wconf 78' lang='grc' dir='ltr'>ἕξιν</span> <span class='ocrx_word' id='word_1_469' title='bbox 1048 3917 1250 3985; x_wconf 86' lang='grc' dir='ltr'>γνῶσις</span> <span class='ocrx_word' id='word_1_470' title='bbox 1302 3920 1413 3972; x_wconf 88' lang='grc' dir='ltr'><strong>τῶν</strong></span> <span class='ocrx_word' id='word_1_471' title='bbox 1461 3921 1737 3992; x_wconf 84' lang='grc' dir='ltr'>διαφόρων</span> 
     </span>
    </p>
   </div>
   <div class='ocr_carea' id='block_1_71' title="bbox 151 4005 1735 4083">
    <p class='ocr_par' dir='ltr' id='par_1_71' title="bbox 151 4005 1735 4083">
     <span class='ocr_line' id='line_1_71' title="bbox 151 4005 1735 4083; baseline 0.005 -25"><span class='ocrx_word' id='word_1_472' title='bbox 151 4005 332 4074; x_wconf 73' lang='grc' dir='ltr'>λόγων</span> <span class='ocrx_word' id='word_1_473' title='bbox 354 4006 477 4060; x_wconf 82' lang='grc' dir='ltr'>καθ’</span> <span class='ocrx_word' id='word_1_474' title='bbox 507 4005 602 4069; x_wconf 84' lang='grc' dir='ltr'><strong>οὓς</strong></span> <span class='ocrx_word' id='word_1_475' title='bbox 648 4008 904 4077; x_wconf 83' lang='grc' dir='ltr'>γεγόνασί</span> <span class='ocrx_word' id='word_1_476' title='bbox 936 4026 995 4062; x_wconf 86' lang='grc' dir='ltr'><strong>τε</strong></span> <span class='ocrx_word' id='word_1_477' title='bbox 1038 4009 1106 4063; x_wconf 76' lang='grc' dir='ltr'><strong>τὰ</strong></span> <span class='ocrx_word' id='word_1_478' title='bbox 1149 4010 1326 4063; x_wconf 83' lang='grc' dir='ltr'>πάντα</span> <span class='ocrx_word' id='word_1_479' title='bbox 1377 4013 1472 4065; x_wconf 70' lang='grc' dir='ltr'>καὶ</span> <span class='ocrx_word' id='word_1_480' title='bbox 1499 4013 1735 4083; x_wconf 82' lang='grc' dir='ltr'>ἀκίνητα</span> 
     </span>
    </p>
   </div>
   <div class='ocr_carea' id='block_1_72' title="bbox 156 4098 1733 4174">
    <p class='ocr_par' dir='ltr' id='par_1_72' title="bbox 156 4098 1733 4174">
     <span class='ocr_line' id='line_1_72' title="bbox 156 4098 1733 4174; baseline 0.003 -22"><span class='ocrx_word' id='word_1_481' title='bbox 156 4098 402 4167; x_wconf 85' lang='grc' dir='ltr'>μένουσι,</span> <span class='ocrx_word' id='word_1_482' title='bbox 436 4100 530 4152; x_wconf 73' lang='grc' dir='ltr'>καὶ</span> <span class='ocrx_word' id='word_1_483' title='bbox 554 4101 586 4170; x_wconf 79' lang='grc' dir='ltr'><strong>ἡ</strong></span> <span class='ocrx_word' id='word_1_484' title='bbox 611 4101 751 4153; x_wconf 65' lang='grc' dir='ltr'>κατὰ</span> <span class='ocrx_word' id='word_1_485' title='bbox 786 4100 1012 4164; x_wconf 77' lang='grc' dir='ltr'>τούτους</span> <span class='ocrx_word' id='word_1_486' title='bbox 1058 4103 1192 4173; x_wconf 82' lang='grc' dir='ltr'>πρὸς</span> <span class='ocrx_word' id='word_1_487' title='bbox 1220 4103 1289 4156; x_wconf 79' lang='grc' dir='ltr'><strong>τὰ</strong></span> <span class='ocrx_word' id='word_1_488' title='bbox 1340 4106 1463 4157; x_wconf 82' lang='grc' dir='ltr'>κατ’</span> <span class='ocrx_word' id='word_1_489' title='bbox 1494 4104 1733 4174; x_wconf 72' lang='grc' dir='ltr'>ἔλλειψιν</span> 
     </span>
    </p>
   </div>
   <div class='ocr_carea' id='block_1_73' title="bbox 152 4191 1732 4267">
    <p class='ocr_par' dir='ltr' id='par_1_73' title="bbox 152 4191 1732 4267">
     <span class='ocr_line' id='line_1_73' title="bbox 152 4191 1732 4267; baseline 0.004 -24"><span class='ocrx_word' id='word_1_490' title='bbox 152 4191 259 4260; x_wconf 79' lang='grc' dir='ltr'>τῆς</span> <span class='ocrx_word' id='word_1_491' title='bbox 298 4192 499 4261; x_wconf 82' lang='grc' dir='ltr'>ἀρετῆς</span> <span class='ocrx_word' id='word_1_492' title='bbox 540 4192 633 4245; x_wconf 70' lang='grc' dir='ltr'><strong>καὶ</strong></span> <span class='ocrx_word' id='word_1_493' title='bbox 683 4194 988 4264; x_wconf 77' lang='grc' dir='ltr'>ὑπερϐολὴν</span> <span class='ocrx_word' id='word_1_494' title='bbox 1011 4194 1160 4264; x_wconf 72' lang='grc' dir='ltr'>πάθη</span> <span class='ocrx_word' id='word_1_495' title='bbox 1184 4235 1198 4259; x_wconf 95' lang='grc'><strong>,</strong></span> <span class='ocrx_word' id='word_1_496' title='bbox 1232 4196 1484 4266; x_wconf 79' lang='grc' dir='ltr'>ἀρῤεπὴς</span> <span class='ocrx_word' id='word_1_497' title='bbox 1530 4196 1732 4267; x_wconf 84' lang='grc' dir='ltr'>κρίσις,</span> 
     </span>
    </p>
   </div>
   <div class='ocr_carea' id='block_1_74' title="bbox 158 4282 1735 4356">
    <p class='ocr_par' dir='ltr' id='par_1_74' title="bbox 158 4282 1735 4356">
     <span class='ocr_line' id='line_1_74' title="bbox 158 4282 1735 4356; baseline 0.005 -23"><span class='ocrx_word' id='word_1_498' title='bbox 158 4282 219 4334; x_wconf 78' lang='grc' dir='ltr'>ἒν</span> <span class='ocrx_word' id='word_1_499' title='bbox 255 4282 373 4352; x_wconf 79' lang='grc' dir='ltr'>ἐμοί</span> <span class='ocrx_word' id='word_1_500' title='bbox 399 4284 569 4346; x_wconf 78' lang='grc' dir='ltr'>ἐστιν,</span> <span class='ocrx_word' id='word_1_501' title='bbox 604 4282 680 4345; x_wconf 87' lang='grc' dir='ltr'>ὼς</span> <span class='ocrx_word' id='word_1_502' title='bbox 708 4283 894 4353; x_wconf 83' lang='grc' dir='ltr'>δοτῆρι</span> <span class='ocrx_word' id='word_1_503' title='bbox 940 4284 1037 4353; x_wconf 77' lang='grc' dir='ltr'>μὲν</span> <span class='ocrx_word' id='word_1_504' title='bbox 1081 4284 1189 4339; x_wconf 85' lang='grc' dir='ltr'><strong>τῶν</strong></span> <span class='ocrx_word' id='word_1_505' title='bbox 1236 4285 1375 4356; x_wconf 81' lang='grc' dir='ltr'>ὑπὲρ</span> <span class='ocrx_word' id='word_1_506' title='bbox 1405 4286 1568 4355; x_wconf 75' lang='grc' dir='ltr'>φύσιν</span> <span class='ocrx_word' id='word_1_507' title='bbox 1593 4288 1735 4356; x_wconf 83' lang='grc' dir='ltr'><strong>ἀγα-</strong></span> 
     </span>
    </p>
   </div>
   <div class='ocr_carea' id='block_1_75' title="bbox 156 4372 1063 4445">
    <p class='ocr_par' dir='ltr' id='par_1_75' title="bbox 156 4372 1063 4445">
     <span class='ocr_line' id='line_1_75' title="bbox 156 4372 1063 4445; baseline 0.003 -19"><span class='ocrx_word' id='word_1_508' title='bbox 156 4372 291 4437; x_wconf 87' lang='grc' dir='ltr'>θῶν,</span> <span class='ocrx_word' id='word_1_509' title='bbox 318 4374 473 4445; x_wconf 80' lang='grc' dir='ltr'>αίτίῳ</span> <span class='ocrx_word' id='word_1_510' title='bbox 499 4373 554 4427; x_wconf 83' lang='grc' dir='ltr'>δὲ</span> <span class='ocrx_word' id='word_1_511' title='bbox 582 4374 692 4427; x_wconf 84' lang='grc' dir='ltr'><strong>τῶν</strong></span> <span class='ocrx_word' id='word_1_512' title='bbox 716 4374 856 4427; x_wconf 86' lang='grc' dir='ltr'>κατὰ</span> <span class='ocrx_word' id='word_1_513' title='bbox 880 4374 1063 4442; x_wconf 68' lang='grc' dir='ltr'>φύσιν.</span> 
     </span>
    </p>
   </div>
   <div class='ocr_carea' id='block_1_76' title="bbox 230 4486 1731 4561">
    <p class='ocr_par' dir='ltr' id='par_1_76' title="bbox 230 4486 1731 4561">
     <span class='ocr_line' id='line_1_76' title="bbox 230 4486 1731 4561; baseline 0.001 -20"><span class='ocrx_word' id='word_1_514' title='bbox 230 4486 315 4542; x_wconf 67' lang='grc' dir='ltr'>ιθν.</span> <span class='ocrx_word' id='word_1_515' title='bbox 349 4486 601 4542; x_wconf 76' lang='grc' dir='ltr'>Βέλτιον</span> <span class='ocrx_word' id='word_1_516' title='bbox 622 4486 727 4557; x_wconf 82' lang='grc' dir='ltr'><strong>ἐμὲ</strong></span> <span class='ocrx_word' id='word_1_517' title='bbox 754 4487 1161 4561; x_wconf 73' lang='grc' dir='ltr'>καρπίζεσθαι,</span> <span class='ocrx_word' id='word_1_518' title='bbox 1186 4490 1337 4557; x_wconf 80' lang='grc' dir='ltr'>ὑπὲρ</span> <span class='ocrx_word' id='word_1_519' title='bbox 1360 4491 1618 4557; x_wconf 80' lang='grc' dir='ltr'>χρυσίον</span> <span class='ocrx_word' id='word_1_520' title='bbox 1633 4490 1731 4544; x_wconf 74' lang='grc' dir='ltr'><strong>καὶ</strong></span> 
     </span>
    </p>
   </div>
   <div class='ocr_carea' id='block_1_77' title="bbox 153 4580 1729 4653">
    <p class='ocr_par' dir='ltr' id='par_1_77' title="bbox 153 4580 1729 4653">
     <span class='ocr_line' id='line_1_77' title="bbox 153 4580 1729 4653; baseline 0.001 -19"><span class='ocrx_word' id='word_1_521' title='bbox 153 4581 333 4634; x_wconf 69' lang='grc' dir='ltr'>λίθον</span> <span class='ocrx_word' id='word_1_522' title='bbox 361 4581 557 4648; x_wconf 84' lang='grc' dir='ltr'>τίμιον</span> <span class='ocrx_word' id='word_1_523' title='bbox 604 4580 823 4634; x_wconf 78' lang='grc' dir='ltr'>πολύν.</span> <span class='ocrx_word' id='word_1_524' title='bbox 856 4582 1120 4651; x_wconf 82' lang='grc' dir='ltr'>Κρεῖττον</span> <span class='ocrx_word' id='word_1_525' title='bbox 1143 4581 1331 4634; x_wconf 83' lang='grc' dir='ltr'>λοιπὸν</span> <span class='ocrx_word' id='word_1_526' title='bbox 1361 4581 1503 4651; x_wconf 78' lang='grc' dir='ltr'>ὑπὲρ</span> <span class='ocrx_word' id='word_1_527' title='bbox 1529 4583 1729 4653; x_wconf 85' lang='grc' dir='ltr'>χρυσόν</span> 
     </span>
    </p>
   </div>
   <div class='ocr_carea' id='block_1_78' title="bbox 152 4672 1732 4743">
    <p class='ocr_par' dir='ltr' id='par_1_78' title="bbox 152 4672 1732 4743">
     <span class='ocr_line' id='line_1_78' title="bbox 152 4672 1732 4743; baseline 0.001 -18"><span class='ocrx_word' id='word_1_528' title='bbox 152 4689 215 4725; x_wconf 86' lang='grc' dir='ltr'><strong>τε</strong></span> <span class='ocrx_word' id='word_1_529' title='bbox 246 4673 344 4725; x_wconf 72' lang='grc' dir='ltr'><strong>καὶ</strong></span> <span class='ocrx_word' id='word_1_530' title='bbox 371 4672 552 4735; x_wconf 79' lang='grc' dir='ltr'>λίθους</span> <span class='ocrx_word' id='word_1_531' title='bbox 589 4672 663 4741; x_wconf 81' lang='grc' dir='ltr'>μὴ</span> <span class='ocrx_word' id='word_1_532' title='bbox 698 4672 1099 4743; x_wconf 81' lang='grc' dir='ltr'>εὐαριθμήτους</span> <span class='ocrx_word' id='word_1_533' title='bbox 1126 4673 1549 4743; x_wconf 80' lang='grc' dir='ltr'>πολυτιμήτους,</span> <span class='ocrx_word' id='word_1_534' title='bbox 1582 4673 1650 4727; x_wconf 78' lang='grc' dir='ltr'>τὰ</span> <span class='ocrx_word' id='word_1_535' title='bbox 1675 4675 1732 4726; x_wconf 81' lang='grc' dir='ltr'>ὲν</span> 
     </span>
    </p>
   </div>
   <div class='ocr_carea' id='block_1_79' title="bbox 153 4763 1735 4837">
    <p class='ocr_par' dir='ltr' id='par_1_79' title="bbox 153 4763 1735 4837">
     <span class='ocr_line' id='line_1_79' title="bbox 153 4763 1735 4837; baseline 0.001 -22"><span class='ocrx_word' id='word_1_536' title='bbox 153 4765 350 4833; x_wconf 79' lang='grc' dir='ltr'>κόσμῳ</span> <span class='ocrx_word' id='word_1_537' title='bbox 384 4763 613 4834; x_wconf 71' lang='grc' dir='ltr'>τερπνὰ,</span> <span class='ocrx_word' id='word_1_538' title='bbox 646 4763 748 4833; x_wconf 80' lang='grc' dir='ltr'><strong>ἐμὲ</strong></span> <span class='ocrx_word' id='word_1_539' title='bbox 777 4764 868 4817; x_wconf 80' lang='grc' dir='ltr'>τὸν</span> <span class='ocrx_word' id='word_1_540' title='bbox 914 4765 1009 4834; x_wconf 81' lang='grc' dir='ltr'>τῆς</span> <span class='ocrx_word' id='word_1_541' title='bbox 1051 4764 1352 4828; x_wconf 83' lang='grc' dir='ltr'>ἀθανασίας</span> <span class='ocrx_word' id='word_1_542' title='bbox 1386 4765 1626 4837; x_wconf 80' lang='grc' dir='ltr'>καρπὸν,</span> <span class='ocrx_word' id='word_1_543' title='bbox 1658 4766 1735 4829; x_wconf 85' lang='grc' dir='ltr'>ὼς</span> 
     </span>
    </p>
   </div>
   <div class='ocr_carea' id='block_1_80' title="bbox 154 4854 1733 4929">
    <p class='ocr_par' dir='ltr' id='par_1_80' title="bbox 154 4854 1733 4929">
     <span class='ocr_line' id='line_1_80' title="bbox 154 4854 1733 4929; baseline 0.003 -23"><span class='ocrx_word' id='word_1_544' title='bbox 154 4854 215 4906; x_wconf 74' lang='grc' dir='ltr'>ἐν</span> <span class='ocrx_word' id='word_1_545' title='bbox 242 4854 560 4925; x_wconf 82' lang='grc' dir='ltr'>παραδείσῳ</span> <span class='ocrx_word' id='word_1_546' title='bbox 596 4854 675 4925; x_wconf 84' lang='grc' dir='ltr'>τῷ</span> <span class='ocrx_word' id='word_1_547' title='bbox 713 4854 820 4925; x_wconf 83' lang='grc' dir='ltr'>ὅλῳ</span> <span class='ocrx_word' id='word_1_548' title='bbox 866 4856 1055 4926; x_wconf 83' lang='grc' dir='ltr'>κόσμῳ</span> <span class='ocrx_word' id='word_1_549' title='bbox 1089 4856 1403 4925; x_wconf 59' lang='grc' dir='ltr'>συλλέγειν</span> <span class='ocrx_word' id='word_1_550' title='bbox 1430 4859 1489 4910; x_wconf 84' lang='grc' dir='ltr'>ὲν</span> <span class='ocrx_word' id='word_1_551' title='bbox 1519 4857 1597 4929; x_wconf 78' lang='grc' dir='ltr'>τῷ</span> <span class='ocrx_word' id='word_1_552' title='bbox 1644 4859 1733 4911; x_wconf 81' lang='grc' dir='ltr'><strong>αἴ-</strong></span> 
     </span>
    </p>
   </div>
   <div class='ocr_carea' id='block_1_81' title="bbox 158 4946 1735 5021">
    <p class='ocr_par' dir='ltr' id='par_1_81' title="bbox 158 4946 1735 5021">
     <span class='ocr_line' id='line_1_81' title="bbox 158 4946 1735 5021; baseline 0.001 -22"><span class='ocrx_word' id='word_1_553' title='bbox 158 4962 275 5019; x_wconf 87' lang='grc' dir='ltr'>ρειν</span> <span class='ocrx_word' id='word_1_554' title='bbox 308 4963 377 5016; x_wconf 85' lang='grc' dir='ltr'><strong>με</strong></span> <span class='ocrx_word' id='word_1_555' title='bbox 406 4946 470 4999; x_wconf 78' lang='grc' dir='ltr'><strong>ἐκ</strong></span> <span class='ocrx_word' id='word_1_556' title='bbox 503 4946 752 5010; x_wconf 83' lang='grc' dir='ltr'>πάντων,</span> <span class='ocrx_word' id='word_1_557' title='bbox 790 4947 934 5001; x_wconf 77' lang='grc' dir='ltr'>κατὰ</span> <span class='ocrx_word' id='word_1_558' title='bbox 965 4949 1065 5017; x_wconf 79' lang='grc' dir='ltr'>τὴν</span> <span class='ocrx_word' id='word_1_559' title='bbox 1091 4950 1149 5002; x_wconf 84' lang='grc' dir='ltr'>ἐν</span> <span class='ocrx_word' id='word_1_560' title='bbox 1193 4949 1465 5019; x_wconf 81' lang='grc' dir='ltr'>πνεύματι</span> <span class='ocrx_word' id='word_1_561' title='bbox 1496 4950 1735 5021; x_wconf 80' lang='grc' dir='ltr'>φυσικὴν</span> 
     </span>
    </p>
   </div>
   <div class='ocr_carea' id='block_1_82' title="bbox 156 5036 1737 5112">
    <p class='ocr_par' dir='ltr' id='par_1_82' title="bbox 156 5036 1737 5112">
     <span class='ocr_line' id='line_1_82' title="bbox 156 5036 1737 5112; baseline 0.001 -20"><span class='ocrx_word' id='word_1_562' title='bbox 156 5036 394 5109; x_wconf 74' lang='grc' dir='ltr'>θεωρίαν</span> <span class='ocrx_word' id='word_1_563' title='bbox 433 5038 632 5103; x_wconf 76' lang='grc' dir='ltr'>αὐτῶν,</span> <span class='ocrx_word' id='word_1_564' title='bbox 659 5040 735 5101; x_wconf 84' lang='grc' dir='ltr'>ὡς</span> <span class='ocrx_word' id='word_1_565' title='bbox 783 5039 925 5112; x_wconf 81' lang='grc' dir='ltr'>ὑπὲρ</span> <span class='ocrx_word' id='word_1_566' title='bbox 958 5040 1137 5094; x_wconf 82' lang='grc' dir='ltr'>πάντα</span> <span class='ocrx_word' id='word_1_567' title='bbox 1180 5043 1302 5096; x_wconf 85' lang='grc' dir='ltr'>κατ’</span> <span class='ocrx_word' id='word_1_568' title='bbox 1332 5043 1522 5095; x_wconf 84' lang='grc' dir='ltr'>οὐσίαν</span> <span class='ocrx_word' id='word_1_569' title='bbox 1558 5042 1737 5111; x_wconf 85' lang='grc' dir='ltr'>ὑπάρ-</span> 
     </span>
    </p>
   </div>
   <div class='ocr_carea' id='block_1_83' title="bbox 152 5150 343 5203">
    <p class='ocr_par' dir='ltr' id='par_1_83' title="bbox 152 5150 343 5203">
     <span class='ocr_line' id='line_1_83' title="bbox 152 5150 343 5203; baseline 0.016 -18"><span class='ocrx_word' id='word_1_570' title='bbox 152 5150 343 5203; x_wconf 84' lang='grc' dir='ltr'>χοντα.</span> 
     </span>
    </p>
   </div>
   <div class='ocr_carea' id='block_1_84' title="bbox 230 5242 1738 5316">
    <p class='ocr_par' dir='ltr' id='par_1_84' title="bbox 230 5242 1738 5316">
     <span class='ocr_line' id='line_1_84' title="bbox 230 5242 1738 5316; baseline 0.004 -20"><span class='ocrx_word' id='word_1_571' title='bbox 230 5246 311 5297; x_wconf 80' lang='grc' dir='ltr'><strong>Τὰ</strong></span> <span class='ocrx_word' id='word_1_572' title='bbox 337 5242 405 5297; x_wconf 79' lang='grc' dir='ltr'>δὲ</span> <span class='ocrx_word' id='word_1_573' title='bbox 422 5244 533 5312; x_wconf 81' lang='grc' dir='ltr'><strong>ἐμὰ</strong></span> <span class='ocrx_word' id='word_1_574' title='bbox 562 5244 905 5315; x_wconf 82' lang='grc' dir='ltr'>γεννήματα</span> <span class='ocrx_word' id='word_1_575' title='bbox 928 5247 1221 5314; x_wconf 81' lang='grc' dir='ltr'><strong>κρεῖσσον</strong></span> <span class='ocrx_word' id='word_1_576' title='bbox 1256 5248 1545 5316; x_wconf 79' lang='grc' dir='ltr'>ἀργυρίου</span> <span class='ocrx_word' id='word_1_577' title='bbox 1566 5249 1738 5302; x_wconf 80' lang='grc' dir='ltr'><strong>ἐκλε-</strong></span> 
     </span>
    </p>
   </div>
   <div class='ocr_carea' id='block_1_85' title="bbox 152 5339 1739 5413">
    <p class='ocr_par' dir='ltr' id='par_1_85' title="bbox 152 5339 1739 5413">
     <span class='ocr_line' id='line_1_85' title="bbox 152 5339 1739 5413; baseline 0.003 -20"><span class='ocrx_word' id='word_1_578' title='bbox 152 5342 325 5394; x_wconf 81' lang='grc' dir='ltr'><em>κτοῦ.</em></span> <span class='ocrx_word' id='word_1_579' title='bbox 382 5341 465 5394; x_wconf 76' lang='grc' dir='ltr'><strong>Τὰ</strong></span> <span class='ocrx_word' id='word_1_580' title='bbox 510 5340 567 5394; x_wconf 71' lang='grc' dir='ltr'>δὲ</span> <span class='ocrx_word' id='word_1_581' title='bbox 624 5342 733 5411; x_wconf 76' lang='grc' dir='ltr'><strong>ἐμὰ</strong></span> <span class='ocrx_word' id='word_1_582' title='bbox 796 5341 1113 5413; x_wconf 86' lang='grc' dir='ltr'>θελήματα,</span> <span class='ocrx_word' id='word_1_583' title='bbox 1163 5339 1245 5407; x_wconf 79' lang='grc' dir='ltr'>οἷς</span> <span class='ocrx_word' id='word_1_584' title='bbox 1302 5344 1389 5397; x_wconf 85' lang='grc' dir='ltr'><strong>διὰ</strong></span> <span class='ocrx_word' id='word_1_585' title='bbox 1436 5345 1504 5397; x_wconf 73' lang='grc' dir='ltr'>τὰ</span> <span class='ocrx_word' id='word_1_586' title='bbox 1561 5346 1739 5397; x_wconf 87' lang='grc' dir='ltr'>πάντα</span> 
     </span>
    </p>
   </div>
   <div class='ocr_carea' id='block_1_86' title="bbox 153 5434 1739 5507">
    <p class='ocr_par' dir='ltr' id='par_1_86' title="bbox 153 5434 1739 5507">
     <span class='ocr_line' id='line_1_86' title="bbox 153 5434 1739 5507; baseline 0.003 -22"><span class='ocrx_word' id='word_1_587' title='bbox 153 5436 299 5487; x_wconf 78' lang='grc' dir='ltr'>πᾶσι</span> <span class='ocrx_word' id='word_1_588' title='bbox 332 5434 510 5488; x_wconf 80' lang='grc' dir='ltr'>πάντα</span> <span class='ocrx_word' id='word_1_589' title='bbox 562 5434 788 5505; x_wconf 88' lang='grc' dir='ltr'>γίνομαι</span> <span class='ocrx_word' id='word_1_590' title='bbox 828 5437 949 5488; x_wconf 83' lang='grc' dir='ltr'>κατ’</span> <span class='ocrx_word' id='word_1_591' title='bbox 990 5436 1311 5507; x_wconf 77' lang='grc' dir='ltr'>ἐνέργειαν,</span> <span class='ocrx_word' id='word_1_592' title='bbox 1344 5436 1564 5489; x_wconf 77' lang='grc' dir='ltr'>κάλλιόν</span> <span class='ocrx_word' id='word_1_593' title='bbox 1601 5438 1739 5489; x_wconf 76' lang='grc' dir='ltr'>εἰσιν</span> 
     </span>
    </p>
   </div>
   <div class='ocr_carea' id='block_1_87' title="bbox 155 5527 1739 5600">
    <p class='ocr_par' dir='ltr' id='par_1_87' title="bbox 155 5527 1739 5600">
     <span class='ocr_line' id='line_1_87' title="bbox 155 5527 1739 5600; baseline 0 -19"><span class='ocrx_word' id='word_1_594' title='bbox 155 5528 303 5596; x_wconf 76' lang='grc' dir='ltr'>ὑπὲρ</span> <span class='ocrx_word' id='word_1_595' title='bbox 327 5527 612 5581; x_wconf 83' lang='grc' dir='ltr'>ὲπίλεκτον</span> <span class='ocrx_word' id='word_1_596' title='bbox 669 5529 934 5600; x_wconf 84' lang='grc' dir='ltr'>ἄργυρον.</span> <span class='ocrx_word' id='word_1_597' title='bbox 976 5529 1051 5591; x_wconf 86' lang='grc' dir='ltr'>ὡς</span> <span class='ocrx_word' id='word_1_598' title='bbox 1086 5528 1277 5582; x_wconf 80' lang='grc' dir='ltr'>τούτου</span> <span class='ocrx_word' id='word_1_599' title='bbox 1316 5528 1739 5599; x_wconf 79' lang='grc' dir='ltr'>καθαρωτέρους</span> 
     </span>
    </p>
   </div>
   <div class='ocr_carea' id='block_1_88' title="bbox 156 5615 1741 5688">
    <p class='ocr_par' dir='ltr' id='par_1_88' title="bbox 156 5615 1741 5688">
     <span class='ocr_line' id='line_1_88' title="bbox 156 5615 1741 5688; baseline 0.001 -18"><span class='ocrx_word' id='word_1_600' title='bbox 156 5619 255 5670; x_wconf 72' lang='grc' dir='ltr'>καὶ</span> <span class='ocrx_word' id='word_1_601' title='bbox 303 5615 723 5688; x_wconf 81' lang='grc' dir='ltr'>λαμπροτέρους</span> <span class='ocrx_word' id='word_1_602' title='bbox 785 5617 1212 5673; x_wconf 79' lang='grc' dir='ltr'>ἀποδεικνύοντα</span> <span class='ocrx_word' id='word_1_603' title='bbox 1261 5617 1390 5681; x_wconf 80' lang='grc' dir='ltr'>τοὺς</span> <span class='ocrx_word' id='word_1_604' title='bbox 1449 5616 1741 5681; x_wconf 80' lang='grc' dir='ltr'>ποιοῦντας</span> 
     </span>
    </p>
   </div>
   <div class='ocr_carea' id='block_1_89' title="bbox 157 5708 327 5763">
    <p class='ocr_par' dir='ltr' id='par_1_89' title="bbox 157 5708 327 5763">
     <span class='ocr_line' id='line_1_89' title="bbox 157 5708 327 5763; baseline 0.006 -1"><span class='ocrx_word' id='word_1_605' title='bbox 157 5708 327 5763; x_wconf 70' lang='grc' dir='ltr'>αὐτά.</span> 
     </span>
    </p>
   </div>
   <div class='ocr_carea' id='block_1_90' title="bbox 234 5818 1741 5893">
    <p class='ocr_par' dir='ltr' id='par_1_90' title="bbox 234 5818 1741 5893">
     <span class='ocr_line' id='line_1_90' title="bbox 234 5818 1741 5893; baseline 0.001 -20"><span class='ocrx_word' id='word_1_606' title='bbox 234 5821 303 5876; x_wconf 84' lang='grc' dir='ltr'><strong>κ’.</strong></span> <span class='ocrx_word' id='word_1_607' title='bbox 350 5820 453 5875; x_wconf 82' lang='grc' dir='ltr'><em>Ἔν</em></span> <span class='ocrx_word' id='word_1_608' title='bbox 486 5819 647 5889; x_wconf 78' lang='grc' dir='ltr'>ὁδοῖς</span> <span class='ocrx_word' id='word_1_609' title='bbox 667 5821 1061 5890; x_wconf 83' lang='grc' dir='ltr'>δικαιοσύνης</span> <span class='ocrx_word' id='word_1_610' title='bbox 1086 5823 1401 5891; x_wconf 77' lang='grc' dir='ltr'>περιπατῶ.</span> <span class='ocrx_word' id='word_1_611' title='bbox 1432 5818 1615 5876; x_wconf 81' lang='grc' dir='ltr'>Ταῦτα</span> <span class='ocrx_word' id='word_1_612' title='bbox 1633 5821 1741 5893; x_wconf 78' lang='grc' dir='ltr'><strong>γὰρ</strong></span> 
     </span>
    </p>
   </div>
   <div class='ocr_carea' id='block_1_91' title="bbox 1846 3261 3428 3340">
    <p class='ocr_par' dir='ltr' id='par_1_91' title="bbox 1846 3261 3428 3340">
     <span class='ocr_line' id='line_1_91' title="bbox 1846 3261 3428 3340; baseline -0.007 -15"><span class='ocrx_word' id='word_1_613' title='bbox 1846 3288 1909 3325; x_wconf 89' lang='lat' dir='ltr'><strong>ac</strong></span> <span class='ocrx_word' id='word_1_614' title='bbox 1937 3285 2038 3340; x_wconf 65' lang='lat' dir='ltr'><strong>ego</strong></span> <span class='ocrx_word' id='word_1_615' title='bbox 2068 3278 2278 3323; x_wconf 68' lang='lat' dir='ltr'><strong>naturae</strong></span> <span class='ocrx_word' id='word_1_616' title='bbox 2301 3308 2315 3331; x_wconf 92' lang='lat'><strong>,</strong></span> <span class='ocrx_word' id='word_1_617' title='bbox 2346 3267 2669 3321; x_wconf 87' lang='lat' dir='ltr'><strong>obtinebunt</strong></span> <span class='ocrx_word' id='word_1_618' title='bbox 2716 3264 2997 3334; x_wconf 73' lang='lat' dir='ltr'><strong>sapientia:</strong></span> <span class='ocrx_word' id='word_1_619' title='bbox 3046 3261 3428 3333; x_wconf 84' lang='lat' dir='ltr'><strong>participatio-</strong></span> 
     </span>
    </p>
   </div>
   <div class='ocr_carea' id='block_1_92' title="bbox 1845 3352 3427 3425">
    <p class='ocr_par' dir='ltr' id='par_1_92' title="bbox 1845 3352 3427 3425">
     <span class='ocr_line' id='line_1_92' title="bbox 1845 3352 3427 3425; baseline -0.008 -7"><span class='ocrx_word' id='word_1_620' title='bbox 1845 3380 1987 3425; x_wconf 84' lang='lat' dir='ltr'><strong>nem,</strong></span> <span class='ocrx_word' id='word_1_621' title='bbox 2036 3369 2094 3415; x_wconf 90' lang='lat' dir='ltr'><strong>ut</strong></span> <span class='ocrx_word' id='word_1_622' title='bbox 2148 3364 2199 3414; x_wconf 92' lang='lat' dir='ltr'><strong>in</strong></span> <span class='ocrx_word' id='word_1_623' title='bbox 2246 3373 2460 3413; x_wconf 91' lang='lat' dir='ltr'><strong>omnem</strong></span> <span class='ocrx_word' id='word_1_624' title='bbox 2502 3356 2791 3411; x_wconf 84' lang='lat' dir='ltr'><strong>veritatem</strong></span> <span class='ocrx_word' id='word_1_625' title='bbox 2854 3354 3149 3421; x_wconf 86' lang='lat' dir='ltr'><strong>ducantur,</strong></span> <span class='ocrx_word' id='word_1_626' title='bbox 3195 3368 3281 3409; x_wconf 91' lang='lat' dir='ltr'><strong>me</strong></span> <span class='ocrx_word' id='word_1_627' title='bbox 3317 3352 3427 3407; x_wconf 91' lang='lat' dir='ltr'><strong>illis</strong></span> 
     </span>
    </p>
   </div>
   <div class='ocr_carea' id='block_1_93' title="bbox 1844 3454 2204 3510">
    <p class='ocr_par' dir='ltr' id='par_1_93' title="bbox 1844 3454 2204 3510">
     <span class='ocr_line' id='line_1_93' title="bbox 1844 3454 2204 3510; baseline -0.011 0"><span class='ocrx_word' id='word_1_628' title='bbox 1844 3454 2204 3510; x_wconf 82' lang='lat' dir='ltr'><strong>concedente.</strong></span> 
     </span>
    </p>
   </div>
   <div class='ocr_carea' id='block_1_94' title="bbox 1913 3556 3427 3629">
    <p class='ocr_par' dir='ltr' id='par_1_94' title="bbox 1913 3556 3427 3629">
     <span class='ocr_line' id='line_1_94' title="bbox 1913 3556 3427 3629; baseline -0.008 -9"><span class='ocrx_word' id='word_1_629' title='bbox 1913 3566 2079 3620; x_wconf 70' lang='lat' dir='ltr'><strong>Vens.</strong></span> <span class='ocrx_word' id='word_1_630' title='bbox 2108 3564 2192 3619; x_wconf 78' lang='grc'><strong>18.</strong></span> <span class='ocrx_word' id='word_1_631' title='bbox 2229 3562 2439 3616; x_wconf 76' lang='lat' dir='ltr'><strong>Divitia:</strong></span> <span class='ocrx_word' id='word_1_632' title='bbox 2465 3568 2515 3613; x_wconf 88' lang='lat' dir='ltr'><strong>et</strong></span> <span class='ocrx_word' id='word_1_633' title='bbox 2536 3558 2707 3629; x_wconf 88' lang='lat' dir='ltr'><strong>gloria</strong></span> <span class='ocrx_word' id='word_1_634' title='bbox 2732 3574 2931 3611; x_wconf 85' lang='lat' dir='ltr'><strong>mecum</strong></span> <span class='ocrx_word' id='word_1_635' title='bbox 2966 3566 3110 3619; x_wconf 81' lang='lat' dir='ltr'><strong>sunt,</strong></span> <span class='ocrx_word' id='word_1_636' title='bbox 3139 3573 3258 3625; x_wconf 82' lang='lat' dir='ltr'><strong>opes</strong></span> <span class='ocrx_word' id='word_1_637' title='bbox 3288 3556 3427 3611; x_wconf 56' lang='lat' dir='ltr'><strong>mal»</strong></span> 
     </span>
    </p>
   </div>
   <div class='ocr_carea' id='block_1_95' title="bbox 1846 3650 3429 3725">
    <p class='ocr_par' dir='ltr' id='par_1_95' title="bbox 1846 3650 3429 3725">
     <span class='ocr_line' id='line_1_95' title="bbox 1846 3650 3429 3725; baseline -0.007 -14"><span class='ocrx_word' id='word_1_638' title='bbox 1846 3666 1911 3711; x_wconf 70' lang='lat' dir='ltr'><strong>tre</strong></span> <span class='ocrx_word' id='word_1_639' title='bbox 1948 3666 1995 3710; x_wconf 90' lang='lat' dir='ltr'><strong>et</strong></span> <span class='ocrx_word' id='word_1_640' title='bbox 2036 3654 2277 3725; x_wconf 82' lang='lat' dir='ltr'><strong>justitia.</strong></span> <span class='ocrx_word' id='word_1_641' title='bbox 2313 3654 2373 3706; x_wconf 86' lang='lat' dir='ltr'><strong>In</strong></span> <span class='ocrx_word' id='word_1_642' title='bbox 2407 3650 2869 3721; x_wconf 89' lang='lat' dir='ltr'><strong>promissionibus</strong></span> <span class='ocrx_word' id='word_1_643' title='bbox 2905 3658 3305 3703; x_wconf 79' lang='lat' dir='ltr'><strong>reservatorum</strong></span> <span class='ocrx_word' id='word_1_644' title='bbox 3333 3664 3429 3701; x_wconf 83' lang='lat' dir='ltr'><strong>vc-</strong></span> 
     </span>
    </p>
   </div>
   <div class='ocr_carea' id='block_1_96' title="bbox 1846 3737 3428 3805">
    <p class='ocr_par' dir='ltr' id='par_1_96' title="bbox 1846 3737 3428 3805">
     <span class='ocr_line' id='line_1_96' title="bbox 1846 3737 3428 3805; baseline -0.006 -6"><span class='ocrx_word' id='word_1_645' title='bbox 1846 3763 1939 3799; x_wconf 82' lang='lat' dir='ltr'><strong>rus</strong></span> <span class='ocrx_word' id='word_1_646' title='bbox 1987 3745 2299 3801; x_wconf 84' lang='lat' dir='ltr'><strong>thesaurus.</strong></span> <span class='ocrx_word' id='word_1_647' title='bbox 2350 3750 2404 3795; x_wconf 90' lang='lat' dir='ltr'><strong>et</strong></span> <span class='ocrx_word' id='word_1_648' title='bbox 2463 3738 2893 3805; x_wconf 75' lang='lat' dir='ltr'><strong>incorruptiliilis</strong></span> <span class='ocrx_word' id='word_1_649' title='bbox 2967 3738 3160 3805; x_wconf 74' lang='lat' dir='ltr'><strong>gloria,</strong></span> <span class='ocrx_word' id='word_1_650' title='bbox 3220 3737 3273 3791; x_wconf 90' lang='lat' dir='ltr'><strong>id</strong></span> <span class='ocrx_word' id='word_1_651' title='bbox 3320 3749 3428 3799; x_wconf 86' lang='lat' dir='ltr'><strong>est,</strong></span> 
     </span>
    </p>
   </div>
   <div class='ocr_carea' id='block_1_97' title="bbox 1844 3829 3426 3904">
    <p class='ocr_par' dir='ltr' id='par_1_97' title="bbox 1844 3829 3426 3904">
     <span class='ocr_line' id='line_1_97' title="bbox 1844 3829 3426 3904; baseline -0.006 -13"><span class='ocrx_word' id='word_1_652' title='bbox 1844 3839 1987 3891; x_wconf 80' lang='lat' dir='ltr'><strong>bona</strong></span> <span class='ocrx_word' id='word_1_653' title='bbox 2040 3833 2500 3904; x_wconf 88' lang='lat' dir='ltr'><strong>supernaturalia,</strong></span> <span class='ocrx_word' id='word_1_654' title='bbox 2542 3840 2595 3881; x_wconf 85' lang='lat' dir='ltr'><strong>et</strong></span> <span class='ocrx_word' id='word_1_655' title='bbox 2666 3831 2809 3885; x_wconf 86' lang='lat' dir='ltr'><strong>bona</strong></span> <span class='ocrx_word' id='word_1_656' title='bbox 2844 3846 2965 3897; x_wconf 65' lang='lat' dir='ltr'><strong>quae</strong></span> <span class='ocrx_word' id='word_1_657' title='bbox 2993 3829 3295 3884; x_wconf 89' lang='lat' dir='ltr'><strong>secundum</strong></span> <span class='ocrx_word' id='word_1_658' title='bbox 3327 3845 3426 3883; x_wconf 87' lang='lat' dir='ltr'><strong>na-</strong></span> 
     </span>
    </p>
   </div>
   <div class='ocr_carea' id='block_1_98' title="bbox 1844 3923 3427 3995">
    <p class='ocr_par' dir='ltr' id='par_1_98' title="bbox 1844 3923 3427 3995">
     <span class='ocr_line' id='line_1_98' title="bbox 1844 3923 3427 3995; baseline -0.004 -13"><span class='ocrx_word' id='word_1_659' title='bbox 1844 3938 2021 3982; x_wconf 84' lang='lat' dir='ltr'><strong>turam</strong></span> <span class='ocrx_word' id='word_1_660' title='bbox 2059 3934 2111 3981; x_wconf 86' lang='lat' dir='ltr'><strong>et</strong></span> <span class='ocrx_word' id='word_1_661' title='bbox 2144 3942 2243 3995; x_wconf 86' lang='lat' dir='ltr'><strong>pro</strong></span> <span class='ocrx_word' id='word_1_662' title='bbox 2291 3934 2484 3978; x_wconf 82' lang='lat' dir='ltr'><strong>natura</strong></span> <span class='ocrx_word' id='word_1_663' title='bbox 2516 3938 2530 3976; x_wconf 89' lang='lat'>:</span> <span class='ocrx_word' id='word_1_664' title='bbox 2562 3930 2616 3978; x_wconf 92' lang='lat' dir='ltr'><strong>et</strong></span> <span class='ocrx_word' id='word_1_665' title='bbox 2666 3939 2693 3975; x_wconf 90' lang='lat' dir='ltr'><strong>a</strong></span> <span class='ocrx_word' id='word_1_666' title='bbox 2756 3939 2884 3976; x_wconf 85' lang='lat' dir='ltr'><strong>vera</strong></span> <span class='ocrx_word' id='word_1_667' title='bbox 2940 3924 3287 3992; x_wconf 84' lang='lat' dir='ltr'><strong>superiorum</strong></span> <span class='ocrx_word' id='word_1_668' title='bbox 3350 3923 3427 3976; x_wconf 81' lang='lat' dir='ltr'><strong>le-</strong></span> 
     </span>
    </p>
   </div>
   <div class='ocr_carea' id='block_1_99' title="bbox 1844 4013 3429 4087">
    <p class='ocr_par' dir='ltr' id='par_1_99' title="bbox 1844 4013 3429 4087">
     <span class='ocr_line' id='line_1_99' title="bbox 1844 4013 3429 4087; baseline -0.003 -18"><span class='ocrx_word' id='word_1_669' title='bbox 1844 4033 1968 4087; x_wconf 72' lang='lat' dir='ltr'><strong>gum</strong></span> <span class='ocrx_word' id='word_1_670' title='bbox 2013 4016 2266 4077; x_wconf 86' lang='lat' dir='ltr'><strong>scientia,</strong></span> <span class='ocrx_word' id='word_1_671' title='bbox 2312 4029 2408 4082; x_wconf 87' lang='lat' dir='ltr'><strong>per</strong></span> <span class='ocrx_word' id='word_1_672' title='bbox 2440 4028 2576 4081; x_wconf 83' lang='lat' dir='ltr'><strong>quas</strong></span> <span class='ocrx_word' id='word_1_673' title='bbox 2608 4014 2791 4065; x_wconf 80' lang='lat' dir='ltr'><strong>ninnia</strong></span> <span class='ocrx_word' id='word_1_674' title='bbox 2826 4013 2967 4066; x_wconf 79' lang='lat' dir='ltr'><strong>facta</strong></span> <span class='ocrx_word' id='word_1_675' title='bbox 3001 4021 3149 4075; x_wconf 90' lang='lat' dir='ltr'><strong>sunt,</strong></span> <span class='ocrx_word' id='word_1_676' title='bbox 3186 4023 3238 4066; x_wconf 92' lang='lat' dir='ltr'><strong>et</strong></span> <span class='ocrx_word' id='word_1_677' title='bbox 3277 4014 3429 4065; x_wconf 81' lang='lat' dir='ltr'><strong>ﬁrma</strong></span> 
     </span>
    </p>
   </div>
   <div class='ocr_carea' id='block_1_100' title="bbox 1843 4103 3430 4174">
    <p class='ocr_par' dir='ltr' id='par_1_100' title="bbox 1843 4103 3430 4174">
     <span class='ocr_line' id='line_1_100' title="bbox 1843 4103 3430 4174; baseline -0.001 -13"><span class='ocrx_word' id='word_1_678' title='bbox 1843 4116 2164 4171; x_wconf 84' lang='lat' dir='ltr'><strong>remanent;</strong></span> <span class='ocrx_word' id='word_1_679' title='bbox 2218 4115 2271 4158; x_wconf 92' lang='lat' dir='ltr'><strong>ct</strong></span> <span class='ocrx_word' id='word_1_680' title='bbox 2322 4116 2527 4159; x_wconf 85' lang='lat' dir='ltr'><strong>rectum</strong></span> <span class='ocrx_word' id='word_1_681' title='bbox 2582 4103 2846 4174; x_wconf 88' lang='lat' dir='ltr'><strong>judicium</strong></span> <span class='ocrx_word' id='word_1_682' title='bbox 2883 4106 3031 4174; x_wconf 84' lang='lat' dir='ltr'><strong>quod</strong></span> <span class='ocrx_word' id='word_1_683' title='bbox 3086 4120 3153 4158; x_wconf 83' lang='lat' dir='ltr'><strong>ex</strong></span> <span class='ocrx_word' id='word_1_684' title='bbox 3202 4106 3312 4159; x_wconf 90' lang='lat' dir='ltr'><strong>illis</strong></span> <span class='ocrx_word' id='word_1_685' title='bbox 3361 4105 3430 4159; x_wconf 84' lang='lat' dir='ltr'><strong>de</strong></span> 
     </span>
    </p>
   </div>
   <div class='ocr_carea' id='block_1_101' title="bbox 1842 4198 3428 4270">
    <p class='ocr_par' dir='ltr' id='par_1_101' title="bbox 1842 4198 3428 4270">
     <span class='ocr_line' id='line_1_101' title="bbox 1842 4198 3428 4270; baseline -0.002 -15"><span class='ocrx_word' id='word_1_686' title='bbox 1842 4201 2231 4270; x_wconf 87' lang='lat' dir='ltr'><strong>cupiditatibus</strong></span> <span class='ocrx_word' id='word_1_687' title='bbox 2267 4216 2329 4252; x_wconf 77' lang='lat' dir='ltr'><strong>cx</strong></span> <span class='ocrx_word' id='word_1_688' title='bbox 2371 4198 2478 4252; x_wconf 71' lang='lat' dir='ltr'><strong>def.</strong></span> <span class='ocrx_word' id='word_1_689' title='bbox 2516 4207 2570 4251; x_wconf 89' lang='lat' dir='ltr'><strong>et</strong></span> <span class='ocrx_word' id='word_1_690' title='bbox 2606 4214 2725 4252; x_wconf 80' lang='lat' dir='ltr'><strong>exc.</strong></span> <span class='ocrx_word' id='word_1_691' title='bbox 2776 4198 3030 4259; x_wconf 47' lang='lat' dir='ltr'><strong>virtutis...</strong></span> <span class='ocrx_word' id='word_1_692' title='bbox 3072 4200 3311 4262; x_wconf 90' lang='lat' dir='ltr'><strong>eruitur,</strong></span> <span class='ocrx_word' id='word_1_693' title='bbox 3372 4200 3428 4252; x_wconf 93' lang='lat' dir='ltr'><strong>in</strong></span> 
     </span>
    </p>
   </div>
   <div class='ocr_carea' id='block_1_102' title="bbox 1844 4290 3430 4360">
    <p class='ocr_par' dir='ltr' id='par_1_102' title="bbox 1844 4290 3430 4360">
     <span class='ocr_line' id='line_1_102' title="bbox 1844 4290 3430 4360; baseline -0.002 -14"><span class='ocrx_word' id='word_1_694' title='bbox 1844 4308 1930 4347; x_wconf 90' lang='lat' dir='ltr'><strong>me</strong></span> <span class='ocrx_word' id='word_1_695' title='bbox 1980 4300 2128 4355; x_wconf 85' lang='lat' dir='ltr'><strong>sunt,</strong></span> <span class='ocrx_word' id='word_1_696' title='bbox 2186 4300 2442 4360; x_wconf 81' lang='lat' dir='ltr'><strong>tanquam</strong></span> <span class='ocrx_word' id='word_1_697' title='bbox 2482 4290 2534 4343; x_wconf 88' lang='lat' dir='ltr'><strong>in</strong></span> <span class='ocrx_word' id='word_1_698' title='bbox 2571 4290 2760 4344; x_wconf 86' lang='lat' dir='ltr'><strong>datnre</strong></span> <span class='ocrx_word' id='word_1_699' title='bbox 2794 4290 3061 4344; x_wconf 87' lang='lat' dir='ltr'><strong>bonorum</strong></span> <span class='ocrx_word' id='word_1_700' title='bbox 3095 4300 3430 4360; x_wconf 85' lang='lat' dir='ltr'><strong>supernatu-</strong></span> 
     </span>
    </p>
   </div>
   <div class='ocr_carea' id='block_1_103' title="bbox 1845 4383 2062 4436">
    <p class='ocr_par' dir='ltr' id='par_1_103' title="bbox 1845 4383 2062 4436">
     <span class='ocr_line' id='line_1_103' title="bbox 1845 4383 2062 4436; baseline -0.009 0"><span class='ocrx_word' id='word_1_701' title='bbox 1845 4383 2062 4436; x_wconf 89' lang='lat' dir='ltr'><strong>ralium.</strong></span> 
     </span>
    </p>
   </div>
   <div class='ocr_carea' id='block_1_104' title="bbox 1914 4492 3427 4563">
    <p class='ocr_par' dir='ltr' id='par_1_104' title="bbox 1914 4492 3427 4563">
     <span class='ocr_line' id='line_1_104' title="bbox 1914 4492 3427 4563; baseline -0.001 -17"><span class='ocrx_word' id='word_1_702' title='bbox 1914 4494 2079 4549; x_wconf 72' lang='lat' dir='ltr'><strong>Vens.</strong></span> <span class='ocrx_word' id='word_1_703' title='bbox 2105 4495 2189 4550; x_wconf 73' lang='lat'><strong>19.</strong></span> <span class='ocrx_word' id='word_1_704' title='bbox 2209 4492 2399 4547; x_wconf 80' lang='lat' dir='ltr'><strong>Melius</strong></span> <span class='ocrx_word' id='word_1_705' title='bbox 2432 4510 2512 4547; x_wconf 87' lang='lat' dir='ltr'><strong>me</strong></span> <span class='ocrx_word' id='word_1_706' title='bbox 2533 4496 2761 4563; x_wconf 72' lang='lat' dir='ltr'><strong>fructum</strong></span> <span class='ocrx_word' id='word_1_707' title='bbox 2783 4493 3027 4562; x_wconf 86' lang='lat' dir='ltr'><strong>colligere</strong></span> <span class='ocrx_word' id='word_1_708' title='bbox 3050 4509 3206 4561; x_wconf 81' lang='lat' dir='ltr'><strong>quant</strong></span> <span class='ocrx_word' id='word_1_709' title='bbox 3239 4508 3427 4545; x_wconf 84' lang='lat' dir='ltr'><strong>aurum</strong></span> 
     </span>
    </p>
   </div>
   <div class='ocr_carea' id='block_1_105' title="bbox 1834 4584 3424 4656">
    <p class='ocr_par' dir='ltr' id='par_1_105' title="bbox 1834 4584 3424 4656">
     <span class='ocr_line' id='line_1_105' title="bbox 1834 4584 3424 4656; baseline -0.003 -13"><span class='ocrx_word' id='word_1_710' title='bbox 1834 4597 1883 4643; x_wconf 89' lang='lat' dir='ltr'><strong>et</strong></span> <span class='ocrx_word' id='word_1_711' title='bbox 1912 4588 2136 4656; x_wconf 84' lang='lat' dir='ltr'><strong>lapidem</strong></span> <span class='ocrx_word' id='word_1_712' title='bbox 2177 4587 2465 4653; x_wconf 81' lang='lat' dir='ltr'><strong>pretiosum</strong></span> <span class='ocrx_word' id='word_1_713' title='bbox 2508 4585 2751 4637; x_wconf 84' lang='lat' dir='ltr'><strong>multum.</strong></span> <span class='ocrx_word' id='word_1_714' title='bbox 2779 4584 2970 4639; x_wconf 81' lang='lat' dir='ltr'><strong>Melius</strong></span> <span class='ocrx_word' id='word_1_715' title='bbox 2995 4594 3077 4637; x_wconf 86' lang='lat' dir='ltr'><strong>est</strong></span> <span class='ocrx_word' id='word_1_716' title='bbox 3128 4599 3289 4652; x_wconf 90' lang='lat' dir='ltr'><strong>quam</strong></span> <span class='ocrx_word' id='word_1_717' title='bbox 3325 4599 3424 4638; x_wconf 84' lang='lat' dir='ltr'><strong>au-</strong></span> 
     </span>
    </p>
   </div>
   <div class='ocr_carea' id='block_1_106' title="bbox 1836 4676 3424 4747">
    <p class='ocr_par' dir='ltr' id='par_1_106' title="bbox 1836 4676 3424 4747">
     <span class='ocr_line' id='line_1_106' title="bbox 1836 4676 3424 4747; baseline -0.003 -14"><span class='ocrx_word' id='word_1_718' title='bbox 1836 4696 1979 4741; x_wconf 83' lang='lat' dir='ltr'><strong>rum,</strong></span> <span class='ocrx_word' id='word_1_719' title='bbox 2042 4688 2097 4735; x_wconf 90' lang='lat' dir='ltr'><strong>et</strong></span> <span class='ocrx_word' id='word_1_720' title='bbox 2146 4679 2353 4747; x_wconf 88' lang='lat' dir='ltr'><strong>lapides</strong></span> <span class='ocrx_word' id='word_1_721' title='bbox 2383 4678 2817 4747; x_wconf 77' lang='lat' dir='ltr'><strong>pretiosissimas</strong></span> <span class='ocrx_word' id='word_1_722' title='bbox 2869 4683 2922 4732; x_wconf 89' lang='lat' dir='ltr'><strong>et</strong></span> <span class='ocrx_word' id='word_1_723' title='bbox 2970 4676 3424 4737; x_wconf 88' lang='lat' dir='ltr'><strong>innumerabiles,</strong></span> 
     </span>
    </p>
   </div>
   <div class='ocr_carea' id='block_1_107' title="bbox 1836 4761 3410 4836">
    <p class='ocr_par' dir='ltr' id='par_1_107' title="bbox 1836 4761 3410 4836">
     <span class='ocr_line' id='line_1_107' title="bbox 1836 4761 3410 4836; baseline -0.003 -12"><span class='ocrx_word' id='word_1_724' title='bbox 1836 4761 2132 4825; x_wconf 75' lang='lat' dir='ltr'><strong>inmundo</strong></span> <span class='ocrx_word' id='word_1_725' title='bbox 2175 4766 2440 4836; x_wconf 88' lang='lat' dir='ltr'><strong>jucunda,</strong></span> <span class='ocrx_word' id='word_1_726' title='bbox 2505 4780 2591 4821; x_wconf 89' lang='lat' dir='ltr'><strong>me</strong></span> <span class='ocrx_word' id='word_1_727' title='bbox 2662 4764 3089 4821; x_wconf 85' lang='lat' dir='ltr'><strong>immortalitatis</strong></span> <span class='ocrx_word' id='word_1_728' title='bbox 3141 4765 3410 4826; x_wconf 78' lang='lat' dir='ltr'><strong>fructum.</strong></span> 
     </span>
    </p>
   </div>
   <div class='ocr_carea' id='block_1_108' title="bbox 1836 4854 3419 4929">
    <p class='ocr_par' dir='ltr' id='par_1_108' title="bbox 1836 4854 3419 4929">
     <span class='ocr_line' id='line_1_108' title="bbox 1836 4854 3419 4929; baseline -0.003 -16"><span class='ocrx_word' id='word_1_729' title='bbox 1836 4860 1966 4914; x_wconf 91' lang='lat' dir='ltr'><strong>utin</strong></span> <span class='ocrx_word' id='word_1_730' title='bbox 1996 4858 2246 4929; x_wconf 82' lang='lat' dir='ltr'><strong>paradiso</strong></span> <span class='ocrx_word' id='word_1_731' title='bbox 2267 4872 2330 4911; x_wconf 78' lang='lat' dir='ltr'><strong>ex</strong></span> <span class='ocrx_word' id='word_1_732' title='bbox 2358 4864 2473 4911; x_wconf 91' lang='lat' dir='ltr'><strong>toto</strong></span> <span class='ocrx_word' id='word_1_733' title='bbox 2501 4855 2705 4910; x_wconf 91' lang='lat' dir='ltr'><strong>mundo</strong></span> <span class='ocrx_word' id='word_1_734' title='bbox 2730 4856 3023 4924; x_wconf 79' lang='lat' dir='ltr'><strong>colligere;</strong></span> <span class='ocrx_word' id='word_1_735' title='bbox 3055 4871 3120 4910; x_wconf 82' lang='lat' dir='ltr'><strong>ex</strong></span> <span class='ocrx_word' id='word_1_736' title='bbox 3160 4854 3419 4910; x_wconf 86' lang='lat' dir='ltr'><strong>omnibus</strong></span> 
     </span>
    </p>
   </div>
   <div class='ocr_carea' id='block_1_109' title="bbox 1836 4948 3424 5021">
    <p class='ocr_par' dir='ltr' id='par_1_109' title="bbox 1836 4948 3424 5021">
     <span class='ocr_line' id='line_1_109' title="bbox 1836 4948 3424 5021; baseline -0.006 -14"><span class='ocrx_word' id='word_1_737' title='bbox 1836 4951 2123 5021; x_wconf 83' lang='lat' dir='ltr'><strong>capiendo,</strong></span> <span class='ocrx_word' id='word_1_738' title='bbox 2160 4966 2255 5019; x_wconf 91' lang='lat' dir='ltr'><strong>pro</strong></span> <span class='ocrx_word' id='word_1_739' title='bbox 2292 4950 2509 5003; x_wconf 89' lang='lat' dir='ltr'><strong>illorum</strong></span> <span class='ocrx_word' id='word_1_740' title='bbox 2570 4949 2623 5003; x_wconf 89' lang='lat' dir='ltr'><strong>in</strong></span> <span class='ocrx_word' id='word_1_741' title='bbox 2675 4949 2875 5017; x_wconf 87' lang='lat' dir='ltr'><strong>spiritu</strong></span> <span class='ocrx_word' id='word_1_742' title='bbox 2908 4948 3145 5002; x_wconf 83' lang='lat' dir='ltr'><strong>naturali</strong></span> <span class='ocrx_word' id='word_1_743' title='bbox 3196 4948 3424 5002; x_wconf 77' lang='lat' dir='ltr'><strong>medita-</strong></span> 
     </span>
    </p>
   </div>
   <div class='ocr_carea' id='block_1_110' title="bbox 1838 5040 3422 5113">
    <p class='ocr_par' dir='ltr' id='par_1_110' title="bbox 1838 5040 3422 5113">
     <span class='ocr_line' id='line_1_110' title="bbox 1838 5040 3422 5113; baseline -0.008 -14"><span class='ocrx_word' id='word_1_744' title='bbox 1838 5045 2005 5107; x_wconf 88' lang='lat' dir='ltr'><strong>tione,</strong></span> <span class='ocrx_word' id='word_1_745' title='bbox 2037 5043 2195 5113; x_wconf 85' lang='lat' dir='ltr'><strong>quasi</strong></span> <span class='ocrx_word' id='word_1_746' title='bbox 2220 5056 2385 5111; x_wconf 87' lang='lat' dir='ltr'><strong>super</strong></span> <span class='ocrx_word' id='word_1_747' title='bbox 2423 5041 2606 5095; x_wconf 85' lang='lat' dir='ltr'><strong>omnia</strong></span> <span class='ocrx_word' id='word_1_748' title='bbox 2639 5056 2736 5111; x_wconf 91' lang='lat' dir='ltr'><strong>per</strong></span> <span class='ocrx_word' id='word_1_749' title='bbox 2759 5040 3053 5094; x_wconf 80' lang='lat' dir='ltr'><strong>essentiam</strong></span> <span class='ocrx_word' id='word_1_750' title='bbox 3103 5040 3422 5093; x_wconf 86' lang='lat' dir='ltr'><strong>subsistam.</strong></span> 
     </span>
    </p>
   </div>
   <div class='ocr_carea' id='block_1_111' title="bbox 1908 5244 3424 5318">
    <p class='ocr_par' dir='ltr' id='par_1_111' title="bbox 1908 5244 3424 5318">
     <span class='ocr_line' id='line_1_111' title="bbox 1908 5244 3424 5318; baseline -0.003 -16"><span class='ocrx_word' id='word_1_751' title='bbox 1908 5248 1978 5302; x_wconf 87' lang='lat' dir='ltr'><strong>Et</strong></span> <span class='ocrx_word' id='word_1_752' title='bbox 2007 5248 2274 5318; x_wconf 81' lang='lat' dir='ltr'><strong>genimina</strong></span> <span class='ocrx_word' id='word_1_753' title='bbox 2304 5264 2420 5302; x_wconf 86' lang='lat' dir='ltr'><strong>mea</strong></span> <span class='ocrx_word' id='word_1_754' title='bbox 2456 5262 2612 5316; x_wconf 78' lang='lat' dir='ltr'><strong>super</strong></span> <span class='ocrx_word' id='word_1_755' title='bbox 2654 5254 2925 5316; x_wconf 85' lang='lat' dir='ltr'><strong>argentum</strong></span> <span class='ocrx_word' id='word_1_756' title='bbox 2956 5244 3196 5298; x_wconf 84' lang='lat' dir='ltr'><strong>electum.</strong></span> <span class='ocrx_word' id='word_1_757' title='bbox 3229 5244 3296 5297; x_wconf 85' lang='lat' dir='ltr'><strong>Et</strong></span> <span class='ocrx_word' id='word_1_758' title='bbox 3332 5260 3424 5297; x_wconf 82' lang='lat' dir='ltr'><strong>vo-</strong></span> 
     </span>
    </p>
   </div>
   <div class='ocr_carea' id='block_1_112' title="bbox 1828 5338 3422 5408">
    <p class='ocr_par' dir='ltr' id='par_1_112' title="bbox 1828 5338 3422 5408">
     <span class='ocr_line' id='line_1_112' title="bbox 1828 5338 3422 5408; baseline -0.002 -14"><span class='ocrx_word' id='word_1_759' title='bbox 1828 5341 2075 5395; x_wconf 83' lang='lat' dir='ltr'><strong>luntates</strong></span> <span class='ocrx_word' id='word_1_760' title='bbox 2128 5355 2282 5403; x_wconf 67' lang='lat' dir='ltr'><strong>meae,</strong></span> <span class='ocrx_word' id='word_1_761' title='bbox 2312 5339 2514 5408; x_wconf 89' lang='lat' dir='ltr'><strong>quibus</strong></span> <span class='ocrx_word' id='word_1_762' title='bbox 2544 5354 2640 5408; x_wconf 90' lang='lat' dir='ltr'><strong>per</strong></span> <span class='ocrx_word' id='word_1_763' title='bbox 2675 5338 2881 5402; x_wconf 86' lang='lat' dir='ltr'><strong>omnia,</strong></span> <span class='ocrx_word' id='word_1_764' title='bbox 2930 5338 3186 5391; x_wconf 85' lang='lat' dir='ltr'><strong>omnibus</strong></span> <span class='ocrx_word' id='word_1_765' title='bbox 3238 5338 3422 5391; x_wconf 80' lang='lat' dir='ltr'><strong>omnia</strong></span> 
     </span>
    </p>
   </div>
   <div class='ocr_carea' id='block_1_113' title="bbox 1840 5429 3421 5498">
    <p class='ocr_par' dir='ltr' id='par_1_113' title="bbox 1840 5429 3421 5498">
     <span class='ocr_line' id='line_1_113' title="bbox 1840 5429 3421 5498; baseline -0.004 -11"><span class='ocrx_word' id='word_1_766' title='bbox 1840 5435 2017 5487; x_wconf 81' lang='lat' dir='ltr'><strong>factus</strong></span> <span class='ocrx_word' id='word_1_767' title='bbox 2043 5448 2163 5487; x_wconf 88' lang='lat' dir='ltr'><strong>sum</strong></span> <span class='ocrx_word' id='word_1_768' title='bbox 2197 5432 2418 5497; x_wconf 87' lang='lat' dir='ltr'><strong>virtute,</strong></span> <span class='ocrx_word' id='word_1_769' title='bbox 2450 5431 2707 5486; x_wconf 89' lang='lat' dir='ltr'><strong>meliores</strong></span> <span class='ocrx_word' id='word_1_770' title='bbox 2739 5436 2872 5485; x_wconf 88' lang='lat' dir='ltr'><strong>sunt</strong></span> <span class='ocrx_word' id='word_1_771' title='bbox 2905 5442 3135 5498; x_wconf 79' lang='lat' dir='ltr'><strong>argento</strong></span> <span class='ocrx_word' id='word_1_772' title='bbox 3174 5429 3421 5498; x_wconf 86' lang='lat' dir='ltr'><strong>probato,</strong></span> 
     </span>
    </p>
   </div>
   <div class='ocr_carea' id='block_1_114' title="bbox 1842 5516 3421 5593">
    <p class='ocr_par' dir='ltr' id='par_1_114' title="bbox 1842 5516 3421 5593">
     <span class='ocr_line' id='line_1_114' title="bbox 1842 5516 3421 5593; baseline -0.006 -15"><span class='ocrx_word' id='word_1_773' title='bbox 1842 5540 1966 5578; x_wconf 88' lang='lat' dir='ltr'><strong>cum</strong></span> <span class='ocrx_word' id='word_1_774' title='bbox 2010 5524 2130 5577; x_wconf 82' lang='lat' dir='ltr'><strong>illas</strong></span> <span class='ocrx_word' id='word_1_775' title='bbox 2165 5530 2482 5593; x_wconf 87' lang='lat' dir='ltr'><strong>sequentes,</strong></span> <span class='ocrx_word' id='word_1_776' title='bbox 2511 5527 2739 5593; x_wconf 78' lang='lat' dir='ltr'><strong>argento</strong></span> <span class='ocrx_word' id='word_1_777' title='bbox 2772 5518 3021 5589; x_wconf 86' lang='lat' dir='ltr'><strong>puriores</strong></span> <span class='ocrx_word' id='word_1_778' title='bbox 3044 5525 3098 5573; x_wconf 89' lang='lat' dir='ltr'><strong>ct</strong></span> <span class='ocrx_word' id='word_1_779' title='bbox 3130 5516 3421 5586; x_wconf 81' lang='lat' dir='ltr'><strong>fulgentio-</strong></span> 
     </span>
    </p>
   </div>
   <div class='ocr_carea' id='block_1_115' title="bbox 1842 5616 2213 5672">
    <p class='ocr_par' dir='ltr' id='par_1_115' title="bbox 1842 5616 2213 5672">
     <span class='ocr_line' id='line_1_115' title="bbox 1842 5616 2213 5672; baseline -0.008 -2"><span class='ocrx_word' id='word_1_780' title='bbox 1842 5632 1931 5672; x_wconf 75' lang='lat' dir='ltr'><strong>res</strong></span> <span class='ocrx_word' id='word_1_781' title='bbox 1964 5616 2213 5671; x_wconf 86' lang='lat' dir='ltr'><strong>reddant.</strong></span> 
     </span>
    </p>
   </div>
   <div class='ocr_carea' id='block_1_116' title="bbox 1918 5814 3419 5890">
    <p class='ocr_par' dir='ltr' id='par_1_116' title="bbox 1918 5814 3419 5890">
     <span class='ocr_line' id='line_1_116' title="bbox 1918 5814 3419 5890; baseline 0 -17"><span class='ocrx_word' id='word_1_782' title='bbox 1918 5818 2077 5878; x_wconf 73' lang='lat' dir='ltr'><strong>Vens.</strong></span> <span class='ocrx_word' id='word_1_783' title='bbox 2118 5820 2208 5877; x_wconf 75' lang='lat'><strong>‘20.</strong></span> <span class='ocrx_word' id='word_1_784' title='bbox 2238 5818 2303 5875; x_wconf 87' lang='lat' dir='ltr'><strong>In</strong></span> <span class='ocrx_word' id='word_1_785' title='bbox 2336 5822 2428 5875; x_wconf 74' lang='lat' dir='ltr'><strong>viis</strong></span> <span class='ocrx_word' id='word_1_786' title='bbox 2461 5822 2694 5890; x_wconf 79' lang='lat' dir='ltr'><strong>justit&#39;a:</strong></span> <span class='ocrx_word' id='word_1_787' title='bbox 2720 5817 2951 5871; x_wconf 85' lang='lat' dir='ltr'><strong>ambulo.</strong></span> <span class='ocrx_word' id='word_1_788' title='bbox 2988 5814 3111 5872; x_wconf 68' lang='lat' dir='ltr'><strong>llaec</strong></span> <span class='ocrx_word' id='word_1_789' title='bbox 3138 5817 3262 5884; x_wconf 87' lang='lat' dir='ltr'><strong>illis,</strong></span> <span class='ocrx_word' id='word_1_790' title='bbox 3300 5827 3419 5873; x_wconf 84' lang='lat' dir='ltr'><strong>tan-</strong></span> 
     </span>
    </p>
   </div>
  </div>
