4034 6496
178 371 316 437 1297

1253 387 1787 454 COMMENTARII
1829 394 1908 457 ΙΝ
1950 394 2405 458 PROVERBIA.

3306 397 3442 461 13298
3465 419 3469 423 ‘

174 492 279 546 είτι
319 493 493 563 πέρας
542 494 629 565 εἴη
673 495 769 567 τῆς
825 498 951 568 γῆς,
1002 500 1097 554 καὶ
1124 502 1417 577 οἰκήτοράς
1471 524 1625 573 τινας
1659 508 1750 563 κέ-

1858 513 2196 577 incoluntur,
2224 514 2331 569 etsi
2374 516 2445 570 sit
2490 516 2757 571 terminus
2794 525 2973 579 terrae,
3010 523 3065 569 et
3098 514 3313 585 aliquos
3357 515 3442 567 in-

173 602 391 654 κτηται.

242 679 349 743 κζ’.
390 679 598 735 Ἦνίιια
647 683 923 753 ἡτοίμαζε
974 688 1085 740 τὸν
1125 690 1407 757 οὐρανὸν,
1477 710 1756 763 συμπαρ-

171 769 340 838 ήμην
368 773 549 836 αὐτῷ.
591 774 758 828 Ὅταν
813 776 868 829 δὲ
902 778 1191 850 εὐτρέπιζε
1233 781 1325 834 τὸν
1360 784 1589 853 οὑρανὺν
1616 788 1757 857 ἡλίῳ

174 868 270 919 καὶ
295 868 493 939 σελήνῃ
522 869 615 921 καὶ
638 872 855 941 ἄστροις
876 873 1239 943 καθωραῒςων
1261 876 1443 940 αὑτὸν,
1473 880 1756 950 συνυπῆρ-

171 975 266 1027 χον
291 959 441 1029 αὑτῷ
470 961 565 1012 καὶ
610 962 937 1031 συνήργουν,
969 965 1257 1033 όμοοὺσιος
1304 966 1453 1038 αὐτῷ
1490 970 1756 1041 ὑπάρχων

173 1055 269 1101 καὶ
309 1052 677 1116 ὲνυπόστατος
712 1054 943 1121 δύναμις
983 1058 1077 1109 καὶ
1108 1058 1294 1127 σοφία.

242 1144 355 1200 Καὶ
408 1144 505 1197 ὅτε
549 1146 796 1215 ἀρώριζε
836 1148 945 1201 τὸν
988 1149 1209 1205 ἑαυτοῦ
1247 1154 1467 1219 θρόνον
1504 1154 1597 1207 ἐπ’
1625 1154 1757 1209 ἂνεῖη

164 1253 318 1305 μων.
355 1238 463 1289 Καὶ
487 1238 575 1289 ὅτε
607 1239 707 1307 τῆς
726 1240 999 1305 οὑσιωδῶς
1037 1241 1358 1312 ὑφεστώσης
1400 1246 1564 1299 αὑτοῦ
1604 1247 1754 1317 βασι-

169 1326 343 1391 λείας,
364 1328 457 1380 τοῦ
487 1330 544 1395 ἐξ
567 1330 733 1382 αὑτοῦ
751 1332 1210 1403 ἐκπορευομένου,
1226 1336 1319 1389 καὶ
1343 1338 1535 1406 ὲνὲμοὶ
1559 1341 1755 1408 ὁμοθυ-

172 1418 308 1480 σὶως
364 1421 801 1491 ἀναπαυομένου,
836 1425 1103 1492 παναγίου
1150 1427 1466 1497 Πνεὺματος
1526 1431 1753 1502 ἀφιέρου

170 1512 271 1579 τὴν
310 1512 492 1581 χάριν,
515 1513 967 1569 ὲπαναπαύεσθαι
990 1520 1100 1580 τοῖς
1124 1518 1439 1586 ἁγγελικοῖς
1479 1522 1753 1593 πνεύμασι

166 1605 265 1675 ειαί
303 1605 601 1673 οὐρανίοις,
642 1606 740 1676 τὴν
783 1608 921 1679 πρὸς
965 1609 1097 1662 αὑτὸ
1132 1611 1346 1677 τούτοις
1390 1614 1752 1686 χαριζόμενος

170 1696 507 1763 οἰκειότητα.
1065 1709 1072 1716 ‘

240 1796 351 1858 κη’.
400 1790 609 1843 Ἠνίκα
658 1791 879 1859 ισχυρὰ
908 1793 1094 1846 ἐποίει
1140 1797 1213 1848 τὰ
1267 1794 1390 1848 ἄνω
1439 1795 1614 1865 νέφη,
1651 1799 1750 1853 καὶ

168 1883 467 1951 ἀσφαλεῖς
500 1883 676 1937 ἐτίθει
694 1886 893 1953 πηγὰς
921 1885 1033 1953 τῆς
1058 1888 1156 1940 ὑπ’
1180 1890 1462 1954 οὐρανόν.
1496 1860 1607 1944 iisti
1625 1892 1751 1944 611:6-
1781 1860 1825 1915 Β

169 1992 268 2027 ταν
294 1974 587 2044 εἰργάζετο
627 1976 891 2046 ἁῤῥαγεῖς
916 1977 1015 2042 τὰς
1055 1978 1198 2048 ὑπὲρ
1248 1979 1349 2049 γῆν
1373 1981 1624 2050 νεφέλας,
1655 1984 1750 2035 καὶ

166 2060 252 2120 οἷά
292 2083 449 2129 τινας
504 2065 846 2134 φυλακτικάς
884 2069 1094 2123 ὑδάτων
1142 2071 1346 2141 πηγὰς,
1375 2072 1548 2126 ἐποίει
1576 2073 1749 2128 ταῦτα

169 2161 243 2222 εἰς
272 2160 334 2211 τὸ
360 2159 609 2230 ἀρδεύειν
632 2161 731 2231 τὴν
761 2160 884 2230 γῆν.

236 2340 339 2394 κθ’.
390 2340 494 2394 Ἕν
544 2338 623 2405 τῷ
662 2332 887 2395 τιθέναι
918 2342 1107 2397 αὐτὸν
1152 2341 1229 2411 τῇ
1272 2341 1560 2412 θαλάσσῃ
1585 2344 1749 2411 ἀκρι-

167 2434 401 2500 ϐασμὸν
439 2431 646 2485 αὐτοῦ.
682 2433 789 2484 Καὶ
822 2434 952 2486 ὅταν
991 2435 1364 2501 προσέττασσε
1393 2438 1458 2506 τῇ
1500 2436 1745 2508 θαλάσσῃ

168 2525 240 2592 μὴ
273 2523 623 2595 ὑπερὸαίνειν
668 2524 739 2578 τὰ
764 2526 964 2595 ἑαυτῆς
993 2526 1116 2595 ὅρια
1144 2544 1159 2559 ·
1192 2527 1273 2580 διὸ
1326 2527 1423 2581 καὶ.
1466 2528 1528 2581 οὑ
1579 2545 1749 2598 παρα-

162 2617 413 2686 δράμωσι
461 2618 531 2670 τὰ
584 2616 789 2687 ταύτης
863 2617 1032 2673 ὕδατα
1061 2659 1077 2681 ,
1123 2619 1183 2673 τὸ
1240 2620 1407 2673 αὑτοῦ
1470 2621 1748 2690 πρόσταγ-

167 2725 277 2776 μα,
310 2707 430 2762 ἀλλ’
459 2710 518 2762 ὲν
556 2711 696 2781 αὐτῇ
745 2710 814 2764 τὰ
863 2712 1089 2780 κύματα
1147 2711 1318 2781 αὑτῆς
1358 2711 1748 2784 συντριϐήσον-

161 2815 273 2855 ται.

241 2892 351 2947 Καὶ
380 2894 600 2961 ισχυρὰ
622 2894 812 2949 ἐποίει
838 2893 911 2948 τὰ
947 2892 1191 2963 θεμέλια
1220 2892 1332 2960 τῆς
1360 2893 1493 2964 γῆς.
1522 2894 1667 2965 Πρὸς
1688 2895 1746 2949 δὲ

162 2987 257 3038 καὶ
290 2986 517 3055 ήδραίου
548 2985 647 3057 τὴν
681 2987 850 3057 ρυτὴν
878 2985 1080 3039 τούτων
1108 2987 1292 3056 φύσιν,
1321 2985 1421 3058 τὴν
1447 2986 1617 3058 ξηρὰν
1644 2986 1741 3041 καὶ

160 3077 459 3147 κατωφερῆ
492 3080 595 3148 γῆν
630 3078 894 3147 θεμελιῶν
916 3080 1011 3132 ἐπὶ
1039 3078 1149 3132 τῶν
1178 3079 1405 3135 ὑδάτων.

228 3251 294 3307 λ’.
322 3253 527 3322 Ἥμην
541 3255 677 3320 παρ’
696 3252 856 3318 αὑτῷ
873 3254 1231 3322 ἁρμόζουσα.
1259 3255 1551 3317 Συναῖδίως
1574 3255 1745 3325 ὑπῆρ-

159 3364 255 3418 χον
302 3346 679 3417 δμοουσιότητι
722 3345 853 3416 παρ’
880 3347 1050 3417 αὑτῷ,
1088 3346 1445 3418 συναρμόζων
1495 3347 1593 3412 τὰς
1633 3349 1743 3402 τῶν

159 3440 331 3492 ὄντων
382 3439 569 3503 οὐσίας
604 3441 716 3502 τοῖς
764 3440 859 3494 ἐπὶ
899 3439 1123 3503 ταύταις
1163 3441 1516 3509 προαιωνίοις
1546 3440 1742 3496 τούτου

159 3534 484 3603 θελήμασιν,
511 3534 569 3584 ὲν
600 3532 678 3601 τῷ
703 3533 846 3587 κατὰ
872 3532 1044 3586 ταῦτα
1084 3534 1299 3587 ἅπαντα
1327 3535 1582 3607 ὑφιστᾷν.

241 3648 386 3720 Ἐγὼ
434 3649 596 3717 ἥμην
638 3643 678 3721 ᾗ
711 3648 1072 3717 προσέχαιρε
1102 3650 1230 3705 καθ’
1276 3649 1528 3719 ἡμέραν.
1568 3649 1744 3713 Αὐτὸς

159 3744 408 3813 ὑπῆρχον
435 3736 479 3810 ᾧ
509 3741 629 3796 καθ’
661 3741 899 3809 ἑκάστην
928 3740 1036 3794 τῶν
1078 3742 1173 3813 τῆς
1212 3742 1575 3814 δημιουργίας
1601 3742 1742 3797 ἑπτὰ

158 3834 408 3905 ἡμερῶν,
447 3832 783 3905 ὲνηγάλλητο
839 3832 1252 3904 συμπληροῦντι
1291 3832 1432 3887 κατὰ
1477 3834 1540 3886 τὸ
1591 3834 1743 3905 αὑτῷ

161 3934 424 4004 βουλητὸν
480 3933 549 3986 τὰ
600 3931 725 3986 καθ’
754 3932 981 3997 ἕκαστα,
1007 3931 1101 3985 καὶ
1128 3930 1219 3984 διὰ
1245 3928 1448 3984 τούτων
1501 3930 1577 3995 ὡς
1604 3947 1743 4002 συμ-

160 4027 335 4080 ϐόλων
364 4026 752 4097 θεωρουμένῳ.

242 4141 349 4197 λα’.
376 4142 810 4212 Εὐφραινόμην
836 4141 905 4196 δὲ
951 4144 1021 4197 ἐν
1069 4139 1368 4211 προσώπῳ
1424 4138 1645 4203 αὐτοῦ,
1673 4137 1744 4192 ἐν

159 4236 337 4289 παντὶ
359 4236 568 4304 καιρῷ,
587 4236 684 4290 ὅτε
710 4237 1064 4306 εὐφραίνετο
1082 4235 1196 4302 τὴν·
1211 4231 1574 4304 οἰκουμένην
1595 4247 1743 4286 συν-

159 4328 436 4397 τελέσας,
458 4330 556 4383 καὶ
573 4331 927 4399 εὐφραίνετο
951 4329 1019 4382 ἐν
1036 4328 1186 4394 υἱοῖς
1200 4328 1548 4395 ἀνθρώπων.
1584 4324 1641 4377 '0
1650 4339 1744 4393 μο-

159 4421 320 4487 θε).ὴς
343 4424 387 4476 δ’
425 4424 690 4493 ὑπάρχων
728 4422 901 4492 αὑτῷ,
926 4422 1001 4486 ὡς
1026 4423 1118 4475 καὶ
1132 4421 1443 4491 ὁμοούσιος,
1468 4416 1740 4491 ἡγαλλιώ-

160 4530 269 4583 μην
322 4515 418 4566 καὶ
466 4515 627 4579 αὐτὸς
679 4514 911 4568 ἐνώπιον
941 4515 1134 4568 τούτου
1166 4513 1257 4566 διὰ
1284 4512 1511 4577 παντὸς,
1539 4511 1741 4564 ὁπόταν
1772 4542 1818 4598 D

156 4605 514 4675 ἠγαλλὺνετο,
544 4608 857 4679 ἀπαρτίσας
908 4612 973 4681 τῇ
1024 4612 1083 4661 ὲν
1143 4606 1421 4677 Πνεὺματι
1466 4604 1741 4659 τελειώσει

155 4701 277 4753 τότε
310 4701 371 4755 τὸ
406 4702 514 4755 πᾶν
540 4718 555 4732 ·
588 4702 682 4754 καὶ
712 4701 932 4772 ἔχαιρεν
957 4702 1051 4755 ἐπὶ
1083 4704 1149 4773 τῇ
1180 4699 1273 4754 τοῦ
1305 4701 1496 4769 γένους
1520 4699 1629 4753 τῶν
1658 4700 1743 4753 ὰν·

156 4793 393 4864 θρὼπων
421 4796 748 4864 παραγωγῇ,
776 4793 1229 4857 ἁποτελεσθέντος
1253 4794 1374 4847 κατ’
1394 4790 1579 4846 εἰκόνα
1597 4793 1632 4863 ἡ
1645 4807 1742 4861 με-

154 4884 322 4953 τέραν
346 4883 441 4936 καὶ
474 4882 595 4935 καθ’
625 4882 905 4953 ὁμοίωσιν.

227 4998 327 5070 λβο.
358 5000 490 5053 Νῦν
510 4996 643 5064 οὖν,
678 4999 790 5066 υἱὲ,
823 5000 1007 5055 ἄκουέ
1044 5018 1186 5070 μου,
1226 4998 1322 5053 καί
1363 5000 1644 5069 μακάριοι
1684 4997 1743 5051 οἳ

152 5092 337 5159 ὁδούς
358 5109 480 5162 μου
502 5092 1086 5163 φυ.1άξουοίν.¹Ἀρτι
1115 5093 1314 5157 τοίνυν,
1346 5091 1479 5161 ἐμὸν
1514 5089 1740 5163 θρέμμα

150 5185 247 5237 καὶ
273 5184 577 5254 παίδευμα,
624 5183 813 5237 πείθου
866 5201 993 5255 μοι·
1021 5184 1115 5238 καὶ
1167 5184 1276 5254 γὰρ
1315 5184 1656 5250 ἀξιέπαινοι,
1687 5181 1737 5235 οἳ

153 5274 477 5339 πεισθέντες
541 5293 653 5347 μοι,
690 5278 993 5349 τηρήσουσι
1038 5276 1135 5337 τὰς
1192 5278 1329 5348 ἐμὰς
1381 5275 1600 5341 ἐντολὰς
1629 5276 1739 5329 λοι-

151 5366 275 5421 πόν.

220 5478 323 5547 λγ’,
367 5480 697 5534 Ἀκούσατε
749 5480 1047 5543 παιδείαν,
1098 5482 1194 5535 καὶ
1247 5483 1606 5551 coss/oronte,
1635 5482 1732 5536 καὶ

146 5567 234 5638 μὴ
268 5571 681 5639 ἀποφραγῆτε.
720 5572 1055 5643 Παιδεύθητε
1088 5573 1293 5634 ταύτας
1346 5575 1606 5637 ἅπαντες,
1640 5575 1733 5628 καὶ

154 5663 459 5733 μετασχετέ
498 5681 623 5735 μου,
666 5664 758 5718 καὶ
795 5665 894 5728 τὰς
943 5665 1084 5737 εμὰς
1114 5667 1355 5732 εἰσόδους
1387 5669 1462 5738 μὴ
1484 5667 1731 5738 ἀποφρά-

153 5751 301 5822 ξητε.

224 5843 317 5900 λδ¹.
335 5846 638 5918 Μακάριος
662 5849 840 5921 ἀνὴρ,
861 5851 929 5919 ὃς
956 5852 1377 5909 εἰσακούσεταί
1418 5870 1559 5923 μου.
1595 5850 1728 5918 ’Λξι-

1859 605 2015 659 colas
2046 606 2348 674 possideat.

1931 694 2098 752 Vens.
2154 698 2243 753 27.
2283 696 2509 765 Quando
2580 698 2921 767 prteparabat
2964 698 3173 759 caelum,
3224 695 3439 752 aderam

1857 804 1977 843 cum
2015 790 2130 843 illo.
2188 789 2418 856 Quando
2477 791 2821 860 praeparabat
2873 792 3097 851 uelum,
3131 790 3267 852 sole,
3307 777 3437 844 illud

1858 882 1988 936 luna
2020 892 2073 937 et
2096 883 2270 939 stellis
2296 884 2608 948 illustrans,
2643 884 2886 951 aderam,
2909 891 2961 938 et
2999 898 3123 937 cum
3165 884 3258 937 illo
3290 886 3443 937 labo-

1857 977 2069 1039 rabam,
2106 992 2230 1032 cum
2268 978 2373 1033 sim
2420 978 2496 1032 illi
2541 977 3052 1042 consubstantialis,
3100 987 3156 1033 et
3199 994 3295 1047 per
3355 994 3439 1033 me

1858 1069 2168 1126 subsistens
2202 1070 2447 1140 potentia
2478 1080 2533 1125 et
2560 1070 2854 1141 sapientia.

1929 1160 2156 1226 Quando
2208 1163 2477 1216 constituit
2532 1163 2775 1216 thronum
2833 1174 2987 1216 suum
3030 1179 3190 1233 super
3241 1174 3437 1218 ventos.

1856 1253 2107 1320 Quando,
2166 1254 2330 1324 regali
2383 1255 2502 1323 ejus
2563 1253 2828 1323 dignitate
2862 1269 2958 1324 per
2988 1270 3047 1309 se
3079 1255 3437 1322 subsistente,

1857 1342 2191 1400 sanctissimi
2245 1344 2484 1416 Spiritus
2528 1362 2595 1403 ex
2629 1348 2723 1402 illo
2764 1348 3111 1419 procedentis
3151 1359 3205 1402 et
3250 1348 3304 1402 in
3352 1362 3439 1403 uie

1856 1437 2402 1493 consubstantialiter
2442 1442 2839 1509 requiescentis
2879 1440 3111 1512 gratiam
3140 1456 3438 1495 consecra-

1854 1529 1969 1591 bat,
2003 1541 2060 1584 ut
2094 1531 2148 1585 in
2188 1532 2453 1601 angelicis
2484 1542 2537 1587 et
2569 1532 2889 1588 coelestibus
2940 1533 3225 1603 spiritibus
3281 1534 3438 1604 quie-

1855 1632 2053 1688 sceret,
2082 1624 2389 1679 concedens
2422 1622 2533 1679 illis
2556 1624 2676 1694 ejus
2712 1624 3162 1681 familiaritatem.

1923 1802 2094 1858 Vens.
2124 1803 2215 1859 28.
2259 1804 2485 1871 Quando
2537 1805 2737 1862 solidas
2781 1807 2978 1878 faceret
3034 1823 3152 1879 qua:
3222 1826 3437 1865 sursum

1852 1906 1976 1950 sunt
1995 1896 2177 1961 nubes,
2207 1906 2256 1949 et
2289 1913 2499 1951 securos
2546 1899 2784 1955 redderet
2818 1904 2985 1973 fontes
3016 1902 3160 1957 illius
3193 1916 3310 1972 qua:
3338 1906 3435 1959 sub

1852 1988 2009 2045 emtas
2038 2000 2113 2043 est
2144 1992 2389 2061 regionis.
2441 1992 2509 2045 Et
2539 1994 2758 2061 quando
2815 1994 3017 2050 faceret
3058 1997 3282 2053 nebulas
3315 2013 3437 2069 quae

1851 2089 1980 2135 sunt
2036 2098 2200 2151 super
2267 2093 2496 2151 terram,
2567 2084 2639 2138 ita
2690 2095 2748 2139 ut
2806 2101 2911 2139 non
2964 2097 3310 2156 rumpantur,
3381 2100 3437 2146 et

1849 2174 2007 2244 quasi
2036 2176 2469 2232 conservatrices
2490 2192 2754 2248 aquarum
2780 2177 2980 2241 fontes,
3010 2179 3099 2234 illa
3124 2180 3191 2235 ad
3235 2189 3434 2236 terrain

1850 2265 2177 2335 irrigendam
2195 2267 2419 2323 faceret.

1924 2356 2083 2412 Vens.
2119 2358 2210 2414 29.
2242 2358 2374 2413 Cum
2404 2360 2542 2414 mari
2573 2370 2786 2429 poneret
2810 2378 2966 2416 suum
2986 2364 3274 2419 dominium
3306 2366 3436 2419 stri-

1849 2456 2010 2499 ctum.
2050 2445 2114 2501 Et
2147 2447 2370 2517 quando
2399 2448 2703 2520 imperabat
2736 2451 2874 2504 mari
2909 2468 2978 2506 ne
3009 2454 3272 2509 terminos
3301 2471 3436 2511 suos

1849 2540 2130 2595 transiret.
2163 2541 2232 2596 Et
2277 2540 2484 2597 idcirco
2527 2541 2819 2611 imperium
2890 2544 3013 2613 ejus
3063 2561 3170 2600 non
3225 2547 3437 2602 violant

1848 2646 2002 2701 aqua:
2042 2633 2232 2698 maris,
2264 2632 2360 2689 sed
2391 2634 2444 2688 in
2478 2634 2656 2704 seipsa
2691 2633 2893 2692 ﬂuctus
2951 2651 3087 2695 suos
3126 2628 3433 2711 frangunt).

1917 2925 1987 2980 Et
2040 2924 2200 2995 ﬁrma
2257 2935 2472 2994 poneret
2529 2928 2880 2995 fundamenta
2965 2937 3163 2984 terra.
3200 2926 3433 3001 Insuper

1848 3017 2069 3087 quando
2104 3015 2360 3072 ﬁrmabat
2385 3024 2639 3072 naturam
2673 3018 2894 3073 illorum
2937 3019 3183 3084 ﬂuidam,
3221 3028 3429 3077 terram
3506 3040 3515 3047 ’

1847 3108 2049 3164 siccam
2080 3116 2135 3163 et
2156 3123 2279 3179 quae
2306 3106 2374 3163 ad
2408 3107 2670 3164 inferiora
2707 3108 2902 3175 tendit,
2938 3125 3037 3181 pro
3071 3109 3431 3167 fundamento

1774 3201 1816 3258 C
1851 3200 2032 3269 posuit
2061 3208 2226 3269 super
2268 3215 2459 3269 aquas.

1925 3290 2095 3345 Vens.
2123 3293 2213 3347 50.
2255 3292 2486 3347 Aderam
2533 3307 2845 3359 componens
2884 3310 3004 3349 cum
3036 3309 3115 3349 eo.
3163 3294 3430 3349 Caeterum

1848 3389 2070 3445 aderam
2110 3390 2189 3444 illi
2237 3388 2831 3452 consubstantialitate,
2883 3403 3219 3459 componens
3249 3404 3431 3442 rerum

1845 3484 2141 3540 essentiam
2187 3499 2287 3553 per
2340 3484 2459 3551 ejus
2498 3481 2551 3535 in
2602 3480 2691 3536 bis
2718 3481 3030 3536 voluntates
3067 3496 3191 3552 quae
3231 3482 3431 3537 saecula

1844 3577 2181 3650 praecedunt,
2215 3583 2274 3630 ut
2304 3578 2482 3630 omnia
2508 3574 2811 3631 secundum
2832 3589 2896 3629 ea
2925 3573 3256 3631 subsistant.

1918 3690 2042 3759 Ipse
2070 3690 2287 3743 aderam
2330 3705 2449 3742 cum
2478 3687 2729 3759 gauderet
2762 3686 3051 3743 secundum
3101 3688 3237 3743 diem
3268 3688 3432 3760 (quo-

1845 3783 2020 3854 tidie).
2063 3780 2184 3853 Ipse
2212 3781 2459 3847 aderam,
2512 3780 2735 3851 quando
2768 3782 2819 3835 in
2859 3795 3189 3851 unaquaque
3222 3791 3431 3851 septem

1847 3876 2060 3932 dierum
2112 3875 2389 3930 creatione
2422 3871 2687 3945 gauderet
2725 3888 2850 3927 cum
2903 3873 3191 3943 perliceret
3234 3888 3432 3929 secun-

1843 3968 1973 4023 dum
2022 3968 2361 4022 voluntatem
2428 3965 2612 4020 omnia
2669 3965 2815 4021 circa
2864 3969 3315 4038 unumquodque,
3374 3977 3429 4025 et

1843 4077 1940 4133 per
1965 4075 2027 4114 ea
2057 4068 2313 4129 tanquam
2346 4072 2442 4129 per
2470 4058 2717 4130 symbola
2754 4070 3201 4129 cognosceretur.

1915 4173 2085 4230 Vens.
2120 4174 2209 4228 5i.
2244 4172 2551 4229 Gaudebam
2598 4185 2722 4228 ante
2773 4173 2973 4243 faciem
3031 4176 3168 4244 ejus,
3200 4177 3254 4231 in
3287 4177 3432 4231 omni

1845 4277 2073 4338 tempore
2116 4283 2217 4337 quo
2268 4267 2632 4321 delectabatur
2682 4275 2879 4319 terram
2930 4268 3232 4337 perﬁciens,
3277 4278 3329 4322 et
3375 4270 3431 4323 in

1842 4362 1971 4433 ﬁliis
1995 4361 2266 4414 hominum
2311 4359 2696 4414 oblectabatur.
2726 4359 2924 4415 Eadem
2960 4375 3026 4415 ac
3066 4361 3184 4432 ipse
3220 4363 3428 4427 volens,

1844 4464 1905 4511 ut
1949 4452 2453 4518 consubstantialis,
2504 4452 2806 4523 gaudebam
2847 4461 2901 4508 et
2946 4469 3065 4523 ipse
3117 4469 3304 4508 coram
3361 4470 3429 4509 eo

1847 4546 1914 4600 de
1974 4544 2249 4610 omnibus,
2305 4541 2529 4614 quando
2585 4543 2957 4598 delectabatur
3011 4546 3192 4599 omnia
3245 4544 3428 4615 perfeo

1846 4642 2030 4695 ctione
2060 4638 2287 4708 spiritus
2317 4636 2733 4707 componendo;
2765 4647 2819 4692 et
2845 4638 3225 4694 exsultabatin
3251 4639 3426 4694 homi-

1844 4748 1971 4787 num
2018 4722 2226 4787 natura:
2285 4731 2674 4801 productione,
2727 4729 2888 4786 factae
2932 4731 2999 4787 ad
3047 4733 3338 4803 imaginem
3372 4741 3426 4789 et

1843 4831 2089 4879 nostram
2130 4820 2571 4877 similitudinem.

1913 5016 2082 5072 Vens.
2144 5016 2234 5072 52.
2298 5014 2457 5071 Nunc
2512 5032 2658 5087 ergo,
2709 5016 2858 5081 audi,
2905 5015 2988 5085 ﬁli
3050 5014 3145 5079 mi,
3193 5022 3243 5068 et
3285 5014 3424 5069 beati

1839 5112 1929 5181 qui
1952 5111 2063 5164 uias
2108 5126 2249 5163 meas
2277 5108 2603 5163 custodiunt.
2658 5108 2801 5180 Ergo
2856 5121 3027 5178 genus
3058 5114 3114 5162 et
3148 5107 3418 5176 discipule

1840 5203 1938 5267 mi,
1961 5202 2085 5256 audi
2129 5217 2252 5267 me;
2285 5209 2339 5257 et
2382 5201 2589 5263 felices,
2648 5194 2743 5271 qui
2808 5215 2896 5255 me
2929 5200 3236 5266 audientes,
3267 5214 3419 5255 meas

1837 5296 2148 5351 voluntates
2189 5292 2510 5349 custodiunt
2541 5306 2781 5363 semper.

1906 5492 2076 5549 Vens.
2119 5495 2208 5550 35.
2262 5495 2453 5548 Audite
2502 5493 2865 5561 disciplinam,
2918 5501 2969 5547 et
3024 5492 3285 5562 sapientes
3334 5508 3416 5546 es-

1838 5596 1961 5646 tote.
1985 5596 2034 5641 et
2066 5603 2129 5641 ne
2149 5587 2519 5641 obstruamini.
2548 5585 2751 5641 Discite
2793 5588 2930 5650 tunc,
2966 5602 3183 5648 omnes,
3215 5594 3269 5641 et
3304 5586 3413 5640 mei

1834 5678 2130 5750 participes
2182 5686 2378 5743 estote,
2427 5688 2481 5733 et
2520 5678 2801 5750 ingressus
2849 5692 3003 5735 meos
3031 5694 3098 5734 ue
3148 5677 3409 5733 obstrua-

1836 5771 1927 5826 tis.

1908 5862 2103 5919 Beatus
2138 5866 2317 5933 homo,
2351 5862 2442 5931 qui
2465 5880 2544 5919 me
2567 5863 2741 5922 audit.
2768 5864 2946 5933 Felix,
2971 5864 3064 5935 qui
3091 5864 3409 5936 cupiditati-
