  <div class='ocr_page' id='page_1' title='image "/cluster/home/n/w/nwhite01/storage/ocr_20150623/87:1/hvd.32044020319117/657.png"; bbox 0 0 4034 6506; ppageno 0'>
   <div class='ocr_carea' id='block_1_1' title="bbox 608 386 2188 468">
    <p class='ocr_par' dir='ltr' id='par_1_1' title="bbox 608 386 2188 466">
     <span class='ocr_line' id='line_1_1' title="bbox 608 386 2188 466; baseline 0.011 -17"><span class='ocrx_word' id='word_1_1' title='bbox 608 386 745 451; x_wconf 76' lang='lat'><strong>1299</strong></span> <span class='ocrx_word' id='word_1_2' title='bbox 1935 403 2188 466; x_wconf 62' lang='lat' dir='ltr'><strong>PROCOI</strong></span> 
     </span>
    </p>
   </div>
   <div class='ocr_carea' id='block_1_2' title="bbox 2290 386 2576 468">
    <p class='ocr_par' dir='ltr' id='par_1_2' title="bbox 2329 407 2576 468">
     <span class='ocr_line' id='line_1_2' title="bbox 2329 407 2576 468; baseline 0 0"><span class='ocrx_word' id='word_1_3' title='bbox 2329 407 2473 468; x_wconf 66' lang='grc' dir='ltr'><strong>ΕΑΖ</strong></span> <span class='ocrx_word' id='word_1_4' title='bbox 2485 409 2576 468; x_wconf 75' lang='grc' dir='ltr'>,ΕΙ</span> 
     </span>
    </p>
   </div>
   <div class='ocr_carea' id='block_1_3' title="bbox 605 504 2188 593">
    <p class='ocr_par' dir='ltr' id='par_1_3' title="bbox 605 504 2184 575">
     <span class='ocr_line' id='line_1_3' title="bbox 605 504 2184 575; baseline 0.008 -16"><span class='ocrx_word' id='word_1_5' title='bbox 605 507 708 560; x_wconf 84' lang='lat' dir='ltr'><strong>bus</strong></span> <span class='ocrx_word' id='word_1_6' title='bbox 747 504 982 559; x_wconf 70' lang='lat' dir='ltr'><strong>viriliter</strong></span> <span class='ocrx_word' id='word_1_7' title='bbox 1038 506 1336 575; x_wconf 81' lang='lat' dir='ltr'><strong>imperans.</strong></span> <span class='ocrx_word' id='word_1_8' title='bbox 1392 507 1545 562; x_wconf 92' lang='lat' dir='ltr'><strong>audit</strong></span> <span class='ocrx_word' id='word_1_9' title='bbox 1596 527 1702 572; x_wconf 85' lang='lat' dir='ltr'><strong>me,</strong></span> <span class='ocrx_word' id='word_1_10' title='bbox 1757 512 2066 570; x_wconf 73' lang='lat' dir='ltr'><strong>hortantem</strong></span> <span class='ocrx_word' id='word_1_11' title='bbox 2115 533 2184 571; x_wconf 90' lang='lat' dir='ltr'><strong>ne</strong></span> 
     </span>
    </p>
   </div>
   <div class='ocr_carea' id='block_1_4' title="bbox 2290 504 3694 593">
    <p class='ocr_par' dir='ltr' id='par_1_4' title="bbox 2290 520 3694 591">
     <span class='ocr_line' id='line_1_4' title="bbox 2290 520 3694 591; baseline 0.004 -20"><span class='ocrx_word' id='word_1_12' title='bbox 2290 520 2514 582; x_wconf 84' lang='grc' dir='ltr'>ἐπαινος</span> <span class='ocrx_word' id='word_1_13' title='bbox 2561 521 2620 583; x_wconf 76' lang='grc' dir='ltr'><strong>ὃς</strong></span> <span class='ocrx_word' id='word_1_14' title='bbox 2669 521 2810 575; x_wconf 87' lang='grc' dir='ltr'><strong>κατά</strong></span> <span class='ocrx_word' id='word_1_15' title='bbox 2857 521 2968 574; x_wconf 78' lang='grc' dir='ltr'>τῶν</span> <span class='ocrx_word' id='word_1_16' title='bbox 3028 521 3216 576; x_wconf 83' lang='grc' dir='ltr'>παθῶν</span> <span class='ocrx_word' id='word_1_17' title='bbox 3264 521 3694 591; x_wconf 73' lang='grc' dir='ltr'>ἀνδρισάμενος,</span> 
     </span>
    </p>
   </div>
   <div class='ocr_carea' id='block_1_5' title="bbox 609 597 3869 689">
    <p class='ocr_par' dir='ltr' id='par_1_5' title="bbox 609 597 3869 689">
     <span class='ocr_line' id='line_1_5' title="bbox 609 597 3869 689; baseline 0.002 -21"><span class='ocrx_word' id='word_1_18' title='bbox 609 597 1072 652; x_wconf 63' lang='grc' dir='ltr'><strong>ίίιίεδυεθυιιὼδῑ·</strong></span> <span class='ocrx_word' id='word_1_19' title='bbox 2301 611 2563 685; x_wconf 83' lang='grc' dir='ltr'>σθήσεταί</span> <span class='ocrx_word' id='word_1_20' title='bbox 2588 632 2702 686; x_wconf 90' lang='grc' dir='ltr'>μοι,</span> <span class='ocrx_word' id='word_1_21' title='bbox 2764 615 2841 688; x_wconf 81' lang='grc' dir='ltr'>μὴ</span> <span class='ocrx_word' id='word_1_22' title='bbox 2895 615 3225 670; x_wconf 80' lang='grc' dir='ltr'><strong>ὑποπίπτειν</strong></span> <span class='ocrx_word' id='word_1_23' title='bbox 3281 617 3467 680; x_wconf 76' lang='grc' dir='ltr'>αὐτοῖς</span> <span class='ocrx_word' id='word_1_24' title='bbox 3522 616 3869 689; x_wconf 76' lang='grc' dir='ltr'><strong>παραινοῦντι</strong></span> 
     </span>
    </p>
   </div>
   <div class='ocr_carea' id='block_1_6' title="bbox 2296 704 2467 776">
    <p class='ocr_par' dir='ltr' id='par_1_6' title="bbox 2296 704 2467 776">
     <span class='ocr_line' id='line_1_6' title="bbox 2296 704 2467 776; baseline 0.012 -18"><span class='ocrx_word' id='word_1_25' title='bbox 2296 704 2467 776; x_wconf 80' lang='grc' dir='ltr'>αὐτῷ.</span> 
     </span>
    </p>
   </div>
   <div class='ocr_carea' id='block_1_7' title="bbox 2365 800 3867 874">
    <p class='ocr_par' dir='ltr' id='par_1_7' title="bbox 2365 800 3867 874">
     <span class='ocr_line' id='line_1_7' title="bbox 2365 800 3867 874; baseline 0.004 -21"><span class='ocrx_word' id='word_1_26' title='bbox 2365 801 2477 854; x_wconf 82' lang='grc' dir='ltr'><strong>Καὶ</strong></span> <span class='ocrx_word' id='word_1_27' title='bbox 2510 800 2821 870; x_wconf 75' lang='grc' dir='ltr'>ἅνθρωπος</span> <span class='ocrx_word' id='word_1_28' title='bbox 2857 803 2926 870; x_wconf 84' lang='grc' dir='ltr'><strong>ὃς</strong></span> <span class='ocrx_word' id='word_1_29' title='bbox 2946 803 3054 870; x_wconf 80' lang='grc' dir='ltr'><strong>τὰς</strong></span> <span class='ocrx_word' id='word_1_30' title='bbox 3081 804 3227 874; x_wconf 85' lang='grc' dir='ltr'><strong>ἐμὰς</strong></span> <span class='ocrx_word' id='word_1_31' title='bbox 3247 803 3427 870; x_wconf 84' lang='grc' dir='ltr'>ὁδοὺς</span> <span class='ocrx_word' id='word_1_32' title='bbox 3453 801 3737 873; x_wconf 66' lang='grc' dir='ltr'>φυλάξει.</span> <span class='ocrx_word' id='word_1_33' title='bbox 3766 804 3867 859; x_wconf 77' lang='grc' dir='ltr'><strong>Καὶ</strong></span> 
     </span>
    </p>
   </div>
   <div class='ocr_carea' id='block_1_8' title="bbox 2295 893 3612 966">
    <p class='ocr_par' dir='ltr' id='par_1_8' title="bbox 2295 893 3612 966">
     <span class='ocr_line' id='line_1_8' title="bbox 2295 893 3612 966; baseline 0.001 -20"><span class='ocrx_word' id='word_1_34' title='bbox 2295 893 2354 958; x_wconf 78' lang='grc' dir='ltr'><strong>ὃς</strong></span> <span class='ocrx_word' id='word_1_35' title='bbox 2383 894 2497 949; x_wconf 80' lang='grc' dir='ltr'>ἄνω</span> <span class='ocrx_word' id='word_1_36' title='bbox 2529 895 2762 963; x_wconf 83' lang='grc' dir='ltr'>βλέπων,</span> <span class='ocrx_word' id='word_1_37' title='bbox 2789 898 3022 966; x_wconf 78' lang='grc' dir='ltr'><strong>τηρήσει</strong></span> <span class='ocrx_word' id='word_1_38' title='bbox 3055 897 3154 960; x_wconf 77' lang='grc' dir='ltr'>τὰς</span> <span class='ocrx_word' id='word_1_39' title='bbox 3199 896 3340 966; x_wconf 82' lang='grc' dir='ltr'>ὲμάς</span> <span class='ocrx_word' id='word_1_40' title='bbox 3371 897 3612 959; x_wconf 77' lang='grc' dir='ltr'>ἐντολάς.</span> 
     </span>
    </p>
   </div>
   <div class='ocr_carea' id='block_1_9' title="bbox 2381 985 3864 1060">
    <p class='ocr_par' dir='ltr' id='par_1_9' title="bbox 2381 985 3864 1060">
     <span class='ocr_line' id='line_1_9' title="bbox 2381 985 3864 1060; baseline -0.001 -19"><span class='ocrx_word' id='word_1_41' title='bbox 2381 985 2730 1057; x_wconf 76' lang='grc' dir='ltr'>Ἀγρυπνῶν</span> <span class='ocrx_word' id='word_1_42' title='bbox 2751 989 2844 1042; x_wconf 82' lang='grc' dir='ltr'><strong>ἐπ’</strong></span> <span class='ocrx_word' id='word_1_43' title='bbox 2881 989 3050 1060; x_wconf 80' lang='grc' dir='ltr'><em>ἐμαῖς</em></span> <span class='ocrx_word' id='word_1_44' title='bbox 3074 991 3278 1058; x_wconf 77' lang='grc' dir='ltr'>θύραις</span> <span class='ocrx_word' id='word_1_45' title='bbox 3306 989 3436 1043; x_wconf 75' lang='grc' dir='ltr'>καθ’</span> <span class='ocrx_word' id='word_1_46' title='bbox 3459 989 3708 1058; x_wconf 63' lang='grc' dir='ltr'>ἡμέραν.</span> <span class='ocrx_word' id='word_1_47' title='bbox 3739 989 3864 1059; x_wconf 74' lang='grc' dir='ltr'><strong>Γρη-</strong></span> 
     </span>
    </p>
   </div>
   <div class='ocr_carea' id='block_1_10' title="bbox 2295 1079 3861 1153">
    <p class='ocr_par' dir='ltr' id='par_1_10' title="bbox 2295 1079 3861 1153">
     <span class='ocr_line' id='line_1_10' title="bbox 2295 1079 3861 1153; baseline 0.001 -22"><span class='ocrx_word' id='word_1_48' title='bbox 2295 1079 2477 1150; x_wconf 85' lang='grc' dir='ltr'>γορῶν</span> <span class='ocrx_word' id='word_1_49' title='bbox 2500 1079 2645 1133; x_wconf 85' lang='grc' dir='ltr'><strong>κατά</strong></span> <span class='ocrx_word' id='word_1_50' title='bbox 2671 1082 2852 1134; x_wconf 81' lang='grc' dir='ltr'>πᾶσαν</span> <span class='ocrx_word' id='word_1_51' title='bbox 2875 1081 2978 1153; x_wconf 81' lang='grc' dir='ltr'>τὴν</span> <span class='ocrx_word' id='word_1_52' title='bbox 3008 1081 3289 1152; x_wconf 87' lang='grc' dir='ltr'>παροῦσαν</span> <span class='ocrx_word' id='word_1_53' title='bbox 3325 1081 3494 1152; x_wconf 78' lang='grc' dir='ltr'>ζωὴν,</span> <span class='ocrx_word' id='word_1_54' title='bbox 3531 1081 3627 1133; x_wconf 72' lang='grc' dir='ltr'><strong>ἐπὶ</strong></span> <span class='ocrx_word' id='word_1_55' title='bbox 3658 1083 3768 1142; x_wconf 80' lang='grc' dir='ltr'>τοῖς</span> <span class='ocrx_word' id='word_1_56' title='bbox 3793 1081 3861 1133; x_wconf 81' lang='grc' dir='ltr'>δί-</span> 
     </span>
    </p>
   </div>
   <div class='ocr_carea' id='block_1_11' title="bbox 2297 1169 3862 1244">
    <p class='ocr_par' dir='ltr' id='par_1_11' title="bbox 2297 1169 3862 1244">
     <span class='ocr_line' id='line_1_11' title="bbox 2297 1169 3862 1244; baseline 0.001 -22"><span class='ocrx_word' id='word_1_57' title='bbox 2297 1185 2400 1240; x_wconf 86' lang='grc' dir='ltr'>κην</span> <span class='ocrx_word' id='word_1_58' title='bbox 2427 1169 2608 1242; x_wconf 82' lang='grc' dir='ltr'>θυρῶν</span> <span class='ocrx_word' id='word_1_59' title='bbox 2635 1172 3116 1244; x_wconf 79' lang='grc' dir='ltr'><strong>ἀναπεπταμένοις</strong></span> <span class='ocrx_word' id='word_1_60' title='bbox 3157 1173 3294 1244; x_wconf 76' lang='grc' dir='ltr'>πρὸς</span> <span class='ocrx_word' id='word_1_61' title='bbox 3313 1172 3547 1243; x_wconf 82' lang='grc' dir='ltr'><strong>Θεωρίαν</strong></span> <span class='ocrx_word' id='word_1_62' title='bbox 3581 1171 3694 1223; x_wconf 81' lang='grc' dir='ltr'>τῶν</span> <span class='ocrx_word' id='word_1_63' title='bbox 3710 1171 3862 1224; x_wconf 78' lang='grc' dir='ltr'>ὄντων</span> 
     </span>
    </p>
   </div>
   <div class='ocr_carea' id='block_1_12' title="bbox 2297 1259 2700 1331">
    <p class='ocr_par' dir='ltr' id='par_1_12' title="bbox 2297 1259 2700 1331">
     <span class='ocr_line' id='line_1_12' title="bbox 2297 1259 2700 1331; baseline -0.002 -16"><span class='ocrx_word' id='word_1_64' title='bbox 2297 1259 2700 1331; x_wconf 82' lang='grc' dir='ltr'>αἰσθητηρίοις.</span> 
     </span>
    </p>
   </div>
   <div class='ocr_carea' id='block_1_13' title="bbox 2375 1350 3853 1423">
    <p class='ocr_par' dir='ltr' id='par_1_13' title="bbox 2375 1350 3853 1423">
     <span class='ocr_line' id='line_1_13' title="bbox 2375 1350 3853 1423; baseline -0.001 -17"><span class='ocrx_word' id='word_1_65' title='bbox 2375 1350 2576 1419; x_wconf 74' lang='grc' dir='ltr'><strong>Τηρῶν</strong></span> <span class='ocrx_word' id='word_1_66' title='bbox 2606 1353 2913 1423; x_wconf 82' lang='grc' dir='ltr'>σταθμοὺς</span> <span class='ocrx_word' id='word_1_67' title='bbox 2957 1352 3118 1423; x_wconf 76' lang='grc' dir='ltr'><strong>ἐμῶν</strong></span> <span class='ocrx_word' id='word_1_68' title='bbox 3140 1353 3413 1407; x_wconf 77' lang='grc' dir='ltr'>εἰσόδων.</span> <span class='ocrx_word' id='word_1_69' title='bbox 3452 1351 3750 1405; x_wconf 78' lang='grc' dir='ltr'>Φυλάσσων</span> <span class='ocrx_word' id='word_1_70' title='bbox 3782 1353 3853 1423; x_wconf 70' lang='grc' dir='ltr'>τὴν</span> 
     </span>
    </p>
   </div>
   <div class='ocr_carea' id='block_1_14' title="bbox 2299 1443 3854 1518">
    <p class='ocr_par' dir='ltr' id='par_1_14' title="bbox 2299 1443 3854 1518">
     <span class='ocr_line' id='line_1_14' title="bbox 2299 1443 3854 1518; baseline 0 -22"><span class='ocrx_word' id='word_1_71' title='bbox 2299 1445 2442 1496; x_wconf 77' lang='grc' dir='ltr'>κατὰ</span> <span class='ocrx_word' id='word_1_72' title='bbox 2464 1444 2589 1498; x_wconf 90' lang='grc' dir='ltr'>νοῦν</span> <span class='ocrx_word' id='word_1_73' title='bbox 2620 1445 2968 1518; x_wconf 79' lang='grc' dir='ltr'>θεωρητικὴν</span> <span class='ocrx_word' id='word_1_74' title='bbox 2983 1446 3119 1512; x_wconf 74' lang='grc' dir='ltr'>ἕξιν.</span> <span class='ocrx_word' id='word_1_75' title='bbox 3149 1445 3241 1499; x_wconf 70' lang='grc' dir='ltr'>καὶ</span> <span class='ocrx_word' id='word_1_76' title='bbox 3271 1445 3368 1514; x_wconf 75' lang='grc' dir='ltr'>τὴν</span> <span class='ocrx_word' id='word_1_77' title='bbox 3395 1446 3538 1498; x_wconf 82' lang='grc' dir='ltr'><strong>κατά</strong></span> <span class='ocrx_word' id='word_1_78' title='bbox 3559 1443 3724 1512; x_wconf 71' lang='grc' dir='ltr'>λόγον</span> <span class='ocrx_word' id='word_1_79' title='bbox 3745 1461 3854 1508; x_wconf 61' lang='lat'><strong>7:91-</strong></span> 
     </span>
    </p>
   </div>
   <div class='ocr_carea' id='block_1_15' title="bbox 2298 1536 3857 1609">
    <p class='ocr_par' dir='ltr' id='par_1_15' title="bbox 2298 1536 3857 1609">
     <span class='ocr_line' id='line_1_15' title="bbox 2298 1536 3857 1609; baseline -0.001 -20"><span class='ocrx_word' id='word_1_80' title='bbox 2298 1536 2495 1606; x_wconf 76' lang='grc' dir='ltr'>κτικὴν</span> <span class='ocrx_word' id='word_1_81' title='bbox 2525 1537 2810 1607; x_wconf 73' lang='grc' dir='ltr'>ἐνέργειαν</span> <span class='ocrx_word' id='word_1_82' title='bbox 2844 1539 2942 1609; x_wconf 82' lang='grc' dir='ltr'><strong>τῆς</strong></span> <span class='ocrx_word' id='word_1_83' title='bbox 2972 1537 3153 1609; x_wconf 71' lang='grc' dir='ltr'>ψυχῆς</span> <span class='ocrx_word' id='word_1_84' title='bbox 3185 1537 3286 1600; x_wconf 75' lang='grc' dir='ltr'><strong>τὰς</strong></span> <span class='ocrx_word' id='word_1_85' title='bbox 3319 1536 3666 1605; x_wconf 67' lang='grc' dir='ltr'>φυλακτικάς</span> <span class='ocrx_word' id='word_1_86' title='bbox 3711 1553 3857 1604; x_wconf 77' lang='grc' dir='ltr'>παρα-</span> 
     </span>
    </p>
   </div>
   <div class='ocr_carea' id='block_1_16' title="bbox 2299 1628 3859 1702">
    <p class='ocr_par' dir='ltr' id='par_1_16' title="bbox 2299 1628 3859 1702">
     <span class='ocr_line' id='line_1_16' title="bbox 2299 1628 3859 1702; baseline -0.002 -21"><span class='ocrx_word' id='word_1_87' title='bbox 2299 1628 2553 1693; x_wconf 85' lang='grc' dir='ltr'>στάτιδας</span> <span class='ocrx_word' id='word_1_88' title='bbox 2575 1629 2685 1682; x_wconf 84' lang='grc' dir='ltr'>τῶν</span> <span class='ocrx_word' id='word_1_89' title='bbox 2719 1630 2856 1700; x_wconf 81' lang='grc' dir='ltr'>πρὸς</span> <span class='ocrx_word' id='word_1_90' title='bbox 2886 1629 3059 1702; x_wconf 74' lang='grc' dir='ltr'>αὐτὴν</span> <span class='ocrx_word' id='word_1_91' title='bbox 3087 1629 3307 1682; x_wconf 75' lang='grc' dir='ltr'>εἰσόδων</span> <span class='ocrx_word' id='word_1_92' title='bbox 3348 1644 3450 1698; x_wconf 88' lang='grc' dir='ltr'><strong>μου</strong></span> <span class='ocrx_word' id='word_1_93' title='bbox 3473 1645 3486 1658; x_wconf 89' lang='grc'><strong>·</strong></span> <span class='ocrx_word' id='word_1_94' title='bbox 3515 1629 3755 1696; x_wconf 76' lang='grc' dir='ltr'>πέρατος</span> <span class='ocrx_word' id='word_1_95' title='bbox 3788 1629 3859 1679; x_wconf 70' lang='grc' dir='ltr'><strong>ὃν·</strong></span> 
     </span>
    </p>
   </div>
   <div class='ocr_carea' id='block_1_17' title="bbox 2294 1720 3861 1792">
    <p class='ocr_par' dir='ltr' id='par_1_17' title="bbox 2294 1720 3861 1792">
     <span class='ocr_line' id='line_1_17' title="bbox 2294 1720 3861 1792; baseline -0.003 -15"><span class='ocrx_word' id='word_1_96' title='bbox 2294 1737 2407 1784; x_wconf 79' lang='grc' dir='ltr'>τος,</span> <span class='ocrx_word' id='word_1_97' title='bbox 2439 1720 2548 1772; x_wconf 81' lang='grc' dir='ltr'>τῶν</span> <span class='ocrx_word' id='word_1_98' title='bbox 2583 1721 2681 1792; x_wconf 83' lang='grc' dir='ltr'>μὲν</span> <span class='ocrx_word' id='word_1_99' title='bbox 2702 1722 2978 1791; x_wconf 82' lang='grc' dir='ltr'>γνωστῶν,</span> <span class='ocrx_word' id='word_1_100' title='bbox 3013 1722 3090 1786; x_wconf 84' lang='grc' dir='ltr'>ὡς</span> <span class='ocrx_word' id='word_1_101' title='bbox 3121 1721 3382 1792; x_wconf 82' lang='grc' dir='ltr'><strong>ἀληθείας</strong></span> <span class='ocrx_word' id='word_1_102' title='bbox 3405 1721 3546 1774; x_wconf 55' lang='grc' dir='ltr'><strong>τῶν</strong></span> <span class='ocrx_word' id='word_1_103' title='bbox 3570 1721 3623 1773; x_wconf 86' lang='grc' dir='ltr'>δὲ</span> <span class='ocrx_word' id='word_1_104' title='bbox 3658 1738 3861 1791; x_wconf 75' lang='grc' dir='ltr'>πρακτιο</span> 
     </span>
    </p>
   </div>
   <div class='ocr_carea' id='block_1_18' title="bbox 3743 408 3870 472">
    <p class='ocr_par' dir='ltr' id='par_1_18' title="bbox 3743 408 3870 472">
     <span class='ocr_line' id='line_1_18' title="bbox 3743 408 3870 472; baseline 0 0"><span class='ocrx_word' id='word_1_105' title='bbox 3743 408 3870 472; x_wconf 72' lang='lat'><strong>1300</strong></span> 
     </span>
    </p>
   </div>
   <div class='ocr_carea' id='block_1_19' title="bbox 3752 543 3867 577">
    <p class='ocr_par' dir='ltr' id='par_1_19' title="bbox 3752 543 3867 577">
     <span class='ocr_line' id='line_1_19' title="bbox 3752 543 3867 577; baseline 0.026 -3"><span class='ocrx_word' id='word_1_106' title='bbox 3752 543 3867 577; x_wconf 80' lang='grc' dir='ltr'>πειο</span> 
     </span>
    </p>
   </div>
   <div class='ocr_carea' id='block_1_20' title="bbox 671 777 2193 853">
    <p class='ocr_par' dir='ltr' id='par_1_20' title="bbox 671 777 2193 853">
     <span class='ocr_line' id='line_1_20' title="bbox 671 777 2193 853; baseline 0.006 -22"><span class='ocrx_word' id='word_1_107' title='bbox 671 777 739 832; x_wconf 80' lang='lat' dir='ltr'><strong>Et</strong></span> <span class='ocrx_word' id='word_1_108' title='bbox 770 781 850 832; x_wconf 86' lang='lat' dir='ltr'><strong>vir</strong></span> <span class='ocrx_word' id='word_1_109' title='bbox 871 779 964 848; x_wconf 86' lang='lat' dir='ltr'><strong>qui</strong></span> <span class='ocrx_word' id='word_1_110' title='bbox 990 777 1105 833; x_wconf 75' lang='lat' dir='ltr'><strong>vias</strong></span> <span class='ocrx_word' id='word_1_111' title='bbox 1137 794 1280 834; x_wconf 73' lang='lat' dir='ltr'><strong>meas</strong></span> <span class='ocrx_word' id='word_1_112' title='bbox 1316 780 1573 835; x_wconf 80' lang='lat' dir='ltr'><strong>custodit.</strong></span> <span class='ocrx_word' id='word_1_113' title='bbox 1611 782 1676 836; x_wconf 89' lang='lat' dir='ltr'><strong>Et</strong></span> <span class='ocrx_word' id='word_1_114' title='bbox 1703 782 1796 853; x_wconf 87' lang='lat' dir='ltr'><strong>qui</strong></span> <span class='ocrx_word' id='word_1_115' title='bbox 1833 796 2056 839; x_wconf 83' lang='lat' dir='ltr'><strong>sursum</strong></span> <span class='ocrx_word' id='word_1_116' title='bbox 2099 799 2193 840; x_wconf 91' lang='lat' dir='ltr'><strong>as-</strong></span> 
     </span>
    </p>
   </div>
   <div class='ocr_carea' id='block_1_21' title="bbox 601 870 1586 940">
    <p class='ocr_par' dir='ltr' id='par_1_21' title="bbox 601 870 1586 940">
     <span class='ocr_line' id='line_1_21' title="bbox 601 870 1586 940; baseline 0.001 -14"><span class='ocrx_word' id='word_1_117' title='bbox 601 870 833 940; x_wconf 88' lang='lat' dir='ltr'><strong>piciens.</strong></span> <span class='ocrx_word' id='word_1_118' title='bbox 870 886 990 926; x_wconf 88' lang='lat' dir='ltr'><strong>mea</strong></span> <span class='ocrx_word' id='word_1_119' title='bbox 1021 872 1278 927; x_wconf 83' lang='lat' dir='ltr'><strong>mandata</strong></span> <span class='ocrx_word' id='word_1_120' title='bbox 1320 874 1586 928; x_wconf 79' lang='lat' dir='ltr'><strong>custodit.</strong></span> 
     </span>
    </p>
   </div>
   <div class='ocr_carea' id='block_1_22' title="bbox 677 961 2194 1038">
    <p class='ocr_par' dir='ltr' id='par_1_22' title="bbox 677 961 2194 1038">
     <span class='ocr_line' id='line_1_22' title="bbox 677 961 2194 1038; baseline 0.005 -22"><span class='ocrx_word' id='word_1_121' title='bbox 677 961 917 1032; x_wconf 79' lang='lat' dir='ltr'><strong>Vigilans</strong></span> <span class='ocrx_word' id='word_1_122' title='bbox 955 963 1010 1015; x_wconf 87' lang='lat' dir='ltr'><strong>in</strong></span> <span class='ocrx_word' id='word_1_123' title='bbox 1064 964 1219 1017; x_wconf 77' lang='lat' dir='ltr'><strong>atriis</strong></span> <span class='ocrx_word' id='word_1_124' title='bbox 1271 964 1401 1018; x_wconf 78' lang='lat' dir='ltr'><strong>meis</strong></span> <span class='ocrx_word' id='word_1_125' title='bbox 1455 964 1712 1034; x_wconf 85' lang='lat' dir='ltr'><strong>quotidie.</strong></span> <span class='ocrx_word' id='word_1_126' title='bbox 1776 964 2029 1036; x_wconf 72' lang='lat' dir='ltr'><strong>Vigilans</strong></span> <span class='ocrx_word' id='word_1_127' title='bbox 2098 983 2194 1038; x_wconf 85' lang='lat' dir='ltr'><strong>per</strong></span> 
     </span>
    </p>
   </div>
   <div class='ocr_carea' id='block_1_23' title="bbox 599 1056 2197 1128">
    <p class='ocr_par' dir='ltr' id='par_1_23' title="bbox 599 1056 2197 1128">
     <span class='ocr_line' id='line_1_23' title="bbox 599 1056 2197 1128; baseline 0.004 -19"><span class='ocrx_word' id='word_1_128' title='bbox 599 1071 815 1110; x_wconf 89' lang='lat' dir='ltr'><strong>omnem</strong></span> <span class='ocrx_word' id='word_1_129' title='bbox 851 1063 1177 1126; x_wconf 80' lang='lat' dir='ltr'><strong>praesentem</strong></span> <span class='ocrx_word' id='word_1_130' title='bbox 1209 1056 1403 1120; x_wconf 86' lang='lat' dir='ltr'><strong>vitam,</strong></span> <span class='ocrx_word' id='word_1_131' title='bbox 1435 1072 1603 1128; x_wconf 87' lang='lat' dir='ltr'><strong>super</strong></span> <span class='ocrx_word' id='word_1_132' title='bbox 1655 1073 1856 1114; x_wconf 72' lang='lat' dir='ltr'><strong>SCI‘ISUS</strong></span> <span class='ocrx_word' id='word_1_133' title='bbox 1888 1075 2042 1123; x_wconf 76' lang='lat' dir='ltr'><strong>SUOS,</strong></span> <span class='ocrx_word' id='word_1_134' title='bbox 2075 1071 2197 1116; x_wconf 89' lang='lat' dir='ltr'><strong>tan-</strong></span> 
     </span>
    </p>
   </div>
   <div class='ocr_carea' id='block_1_24' title="bbox 597 1148 2191 1219">
    <p class='ocr_par' dir='ltr' id='par_1_24' title="bbox 597 1148 2191 1219">
     <span class='ocr_line' id='line_1_24' title="bbox 597 1148 2191 1219; baseline 0.001 -17"><span class='ocrx_word' id='word_1_135' title='bbox 597 1163 760 1218; x_wconf 91' lang='lat' dir='ltr'><strong>quam</strong></span> <span class='ocrx_word' id='word_1_136' title='bbox 793 1156 982 1219; x_wconf 89' lang='lat' dir='ltr'><strong>portas</strong></span> <span class='ocrx_word' id='word_1_137' title='bbox 1033 1156 1252 1219; x_wconf 88' lang='lat' dir='ltr'><strong>apertas</strong></span> <span class='ocrx_word' id='word_1_138' title='bbox 1295 1148 1362 1203; x_wconf 88' lang='lat' dir='ltr'><strong>ad</strong></span> <span class='ocrx_word' id='word_1_139' title='bbox 1405 1150 1932 1218; x_wconf 86' lang='lat' dir='ltr'><strong>contemplationem</strong></span> <span class='ocrx_word' id='word_1_140' title='bbox 1981 1167 2191 1207; x_wconf 88' lang='lat' dir='ltr'><strong>rerum.</strong></span> 
     </span>
    </p>
   </div>
   <div class='ocr_carea' id='block_1_25' title="bbox 661 1331 2196 1401">
    <p class='ocr_par' dir='ltr' id='par_1_25' title="bbox 661 1331 2196 1401">
     <span class='ocr_line' id='line_1_25' title="bbox 661 1331 2196 1401; baseline 0.001 -12"><span class='ocrx_word' id='word_1_141' title='bbox 661 1333 977 1389; x_wconf 80' lang='lat' dir='ltr'><strong>Custodiens</strong></span> <span class='ocrx_word' id='word_1_142' title='bbox 1021 1341 1204 1401; x_wconf 80' lang='lat' dir='ltr'><strong>portas</strong></span> <span class='ocrx_word' id='word_1_143' title='bbox 1247 1333 1508 1386; x_wconf 83' lang='lat' dir='ltr'><strong>atriorum</strong></span> <span class='ocrx_word' id='word_1_144' title='bbox 1560 1348 1818 1388; x_wconf 84' lang='lat' dir='ltr'><strong>meorum.</strong></span> <span class='ocrx_word' id='word_1_145' title='bbox 1867 1331 2196 1390; x_wconf 87' lang='lat' dir='ltr'><strong>Custodiens</strong></span> 
     </span>
    </p>
   </div>
   <div class='ocr_carea' id='block_1_26' title="bbox 596 1425 2198 1495">
    <p class='ocr_par' dir='ltr' id='par_1_26' title="bbox 596 1425 2198 1495">
     <span class='ocr_line' id='line_1_26' title="bbox 596 1425 2198 1495; baseline -0.001 -13"><span class='ocrx_word' id='word_1_146' title='bbox 596 1425 953 1484; x_wconf 77' lang='lat' dir='ltr'><strong>theon-ticam</strong></span> <span class='ocrx_word' id='word_1_147' title='bbox 993 1427 1294 1480; x_wconf 81' lang='lat' dir='ltr'><strong>secundum</strong></span> <span class='ocrx_word' id='word_1_148' title='bbox 1341 1425 1594 1495; x_wconf 85' lang='lat' dir='ltr'><strong>spiritum</strong></span> <span class='ocrx_word' id='word_1_149' title='bbox 1629 1425 2104 1490; x_wconf 85' lang='lat' dir='ltr'><strong>constitutionem,</strong></span> <span class='ocrx_word' id='word_1_150' title='bbox 2140 1429 2198 1480; x_wconf 75' lang='lat' dir='ltr'><strong>et</strong></span> 
     </span>
    </p>
   </div>
   <div class='ocr_carea' id='block_1_27' title="bbox 596 1515 2197 1588">
    <p class='ocr_par' dir='ltr' id='par_1_27' title="bbox 596 1515 2197 1588">
     <span class='ocr_line' id='line_1_27' title="bbox 596 1515 2197 1588; baseline -0.002 -12"><span class='ocrx_word' id='word_1_151' title='bbox 596 1519 894 1576; x_wconf 89' lang='lat' dir='ltr'><strong>secundum</strong></span> <span class='ocrx_word' id='word_1_152' title='bbox 911 1515 1084 1588; x_wconf 83' lang='lat' dir='ltr'><strong>legem</strong></span> <span class='ocrx_word' id='word_1_153' title='bbox 1110 1519 1408 1586; x_wconf 90' lang='lat' dir='ltr'><strong>practicam</strong></span> <span class='ocrx_word' id='word_1_154' title='bbox 1438 1520 1818 1587; x_wconf 84' lang='lat' dir='ltr'><strong>operationem</strong></span> <span class='ocrx_word' id='word_1_155' title='bbox 1851 1519 2049 1572; x_wconf 65' lang='lat' dir='ltr'><strong>animae</strong></span> <span class='ocrx_word' id='word_1_156' title='bbox 2076 1533 2197 1586; x_wconf 74' lang='lat' dir='ltr'><strong>qua:</strong></span> 
     </span>
    </p>
   </div>
   <div class='ocr_carea' id='block_1_28' title="bbox 597 1610 2190 1680">
    <p class='ocr_par' dir='ltr' id='par_1_28' title="bbox 597 1610 2190 1680">
     <span class='ocr_line' id='line_1_28' title="bbox 597 1610 2190 1680; baseline -0.006 -10"><span class='ocrx_word' id='word_1_157' title='bbox 597 1622 726 1671; x_wconf 91' lang='lat' dir='ltr'><strong>sunt</strong></span> <span class='ocrx_word' id='word_1_158' title='bbox 762 1612 963 1666; x_wconf 80' lang='lat' dir='ltr'><strong>auxilia</strong></span> <span class='ocrx_word' id='word_1_159' title='bbox 995 1611 1362 1666; x_wconf 73' lang='lat' dir='ltr'><strong>custodirnlia</strong></span> <span class='ocrx_word' id='word_1_160' title='bbox 1411 1611 1478 1664; x_wconf 88' lang='lat' dir='ltr'><strong>ad</strong></span> <span class='ocrx_word' id='word_1_161' title='bbox 1525 1610 1673 1664; x_wconf 84' lang='lat' dir='ltr'><strong>illam</strong></span> <span class='ocrx_word' id='word_1_162' title='bbox 1701 1613 2026 1680; x_wconf 79' lang='lat' dir='ltr'><strong>ingressus;</strong></span> <span class='ocrx_word' id='word_1_163' title='bbox 2069 1627 2190 1666; x_wconf 86' lang='lat' dir='ltr'><strong>mea</strong></span> 
     </span>
    </p>
   </div>
   <div class='ocr_carea' id='block_1_29' title="bbox 595 1700 2195 1773">
    <p class='ocr_par' dir='ltr' id='par_1_29' title="bbox 595 1700 2195 1773">
     <span class='ocr_line' id='line_1_29' title="bbox 595 1700 2195 1773; baseline -0.001 -18"><span class='ocrx_word' id='word_1_164' title='bbox 595 1700 1056 1773; x_wconf 70' lang='lat' dir='ltr'><strong>cognoscibilium</strong></span> <span class='ocrx_word' id='word_1_165' title='bbox 1078 1700 1205 1754; x_wconf 71' lang='lat' dir='ltr'><strong>ﬁnis</strong></span> <span class='ocrx_word' id='word_1_166' title='bbox 1238 1711 1294 1753; x_wconf 86' lang='grc' dir='ltr'><strong>ιιι</strong></span> <span class='ocrx_word' id='word_1_167' title='bbox 1325 1701 1597 1767; x_wconf 79' lang='lat' dir='ltr'><strong>veritatis,</strong></span> <span class='ocrx_word' id='word_1_168' title='bbox 1630 1708 1684 1756; x_wconf 89' lang='lat' dir='ltr'><strong>et</strong></span> <span class='ocrx_word' id='word_1_169' title='bbox 1709 1701 2106 1770; x_wconf 81' lang='lat' dir='ltr'><strong>practicorum,</strong></span> <span class='ocrx_word' id='word_1_170' title='bbox 2135 1714 2195 1759; x_wconf 76' lang='lat' dir='ltr'><strong>ut</strong></span> 
     </span>
    </p>
   </div>
   <div class='ocr_carea' id='block_1_30' title="bbox 600 1792 2189 1864">
    <p class='ocr_par' dir='ltr' id='par_1_30' title="bbox 600 1792 2189 1864">
     <span class='ocr_line' id='line_1_30' title="bbox 600 1792 2189 1864; baseline -0.001 -17"><span class='ocrx_word' id='word_1_171' title='bbox 600 1796 772 1858; x_wconf 85' lang='lat' dir='ltr'><strong>boni,</strong></span> <span class='ocrx_word' id='word_1_172' title='bbox 856 1807 927 1846; x_wconf 91' lang='lat' dir='ltr'><strong>ne</strong></span> <span class='ocrx_word' id='word_1_173' title='bbox 976 1793 1119 1846; x_wconf 88' lang='lat' dir='ltr'><strong>clam</strong></span> <span class='ocrx_word' id='word_1_174' title='bbox 1195 1792 1543 1848; x_wconf 77' lang='lat' dir='ltr'><strong>sensibilium</strong></span> <span class='ocrx_word' id='word_1_175' title='bbox 1617 1793 1960 1864; x_wconf 21' lang='lat' dir='ltr'><strong>apparventiis</strong></span> <span class='ocrx_word' id='word_1_176' title='bbox 2029 1793 2189 1846; x_wconf 86' lang='lat' dir='ltr'><strong>intret</strong></span> 
     </span>
    </p>
   </div>
   <div class='ocr_carea' id='block_1_31' title="bbox 596 1884 2190 1955">
    <p class='ocr_par' dir='ltr' id='par_1_31' title="bbox 596 1884 2190 1955">
     <span class='ocr_line' id='line_1_31' title="bbox 596 1884 2190 1955; baseline -0.005 -15"><span class='ocrx_word' id='word_1_177' title='bbox 596 1887 774 1941; x_wconf 89' lang='lat' dir='ltr'><strong>malus</strong></span> <span class='ocrx_word' id='word_1_178' title='bbox 817 1885 1069 1955; x_wconf 86' lang='lat' dir='ltr'><strong>spiritus,</strong></span> <span class='ocrx_word' id='word_1_179' title='bbox 1125 1893 1179 1938; x_wconf 89' lang='lat' dir='ltr'><strong>et</strong></span> <span class='ocrx_word' id='word_1_180' title='bbox 1237 1887 1427 1938; x_wconf 89' lang='lat' dir='ltr'><strong>horum</strong></span> <span class='ocrx_word' id='word_1_181' title='bbox 1507 1899 1694 1939; x_wconf 89' lang='lat' dir='ltr'><strong>amore</strong></span> <span class='ocrx_word' id='word_1_182' title='bbox 1753 1885 1998 1939; x_wconf 90' lang='lat' dir='ltr'><strong>animum</strong></span> <span class='ocrx_word' id='word_1_183' title='bbox 2039 1884 2190 1951; x_wconf 57' lang='lat' dir='ltr'><strong>liget,</strong></span> 
     </span>
    </p>
   </div>
   <div class='ocr_carea' id='block_1_32' title="bbox 593 1975 2188 2047">
    <p class='ocr_par' dir='ltr' id='par_1_32' title="bbox 593 1975 2188 2047">
     <span class='ocr_line' id='line_1_32' title="bbox 593 1975 2188 2047; baseline 0.001 -17"><span class='ocrx_word' id='word_1_184' title='bbox 593 1988 648 2032; x_wconf 75' lang='lat' dir='ltr'><strong>et</strong></span> <span class='ocrx_word' id='word_1_185' title='bbox 681 1993 750 2033; x_wconf 88' lang='lat' dir='ltr'><strong>ne</strong></span> <span class='ocrx_word' id='word_1_186' title='bbox 784 1979 1139 2033; x_wconf 87' lang='lat' dir='ltr'><strong>consentiant</strong></span> <span class='ocrx_word' id='word_1_187' title='bbox 1174 1978 1370 2031; x_wconf 91' lang='lat' dir='ltr'><strong>horum</strong></span> <span class='ocrx_word' id='word_1_188' title='bbox 1403 1977 1557 2047; x_wconf 87' lang='lat' dir='ltr'><strong>sequi</strong></span> <span class='ocrx_word' id='word_1_189' title='bbox 1597 1991 1906 2042; x_wconf 84' lang='lat' dir='ltr'><strong>sermones,</strong></span> <span class='ocrx_word' id='word_1_190' title='bbox 1948 1983 2005 2032; x_wconf 84' lang='lat' dir='ltr'><strong>et</strong></span> <span class='ocrx_word' id='word_1_191' title='bbox 2059 1975 2188 2031; x_wconf 86' lang='lat' dir='ltr'><strong>inde</strong></span> 
     </span>
    </p>
   </div>
   <div class='ocr_carea' id='block_1_33' title="bbox 599 2076 1035 2131">
    <p class='ocr_par' dir='ltr' id='par_1_33' title="bbox 599 2076 1035 2131">
     <span class='ocr_line' id='line_1_33' title="bbox 599 2076 1035 2131; baseline 0 -4"><span class='ocrx_word' id='word_1_192' title='bbox 599 2092 685 2131; x_wconf 86' lang='lat' dir='ltr'><strong>me</strong></span> <span class='ocrx_word' id='word_1_193' title='bbox 719 2076 1035 2129; x_wconf 77' lang='lat' dir='ltr'><strong>admittant.</strong></span> 
     </span>
    </p>
   </div>
   <div class='ocr_carea' id='block_1_34' title="bbox 674 2268 2185 2339">
    <p class='ocr_par' dir='ltr' id='par_1_34' title="bbox 674 2268 2185 2339">
     <span class='ocr_line' id='line_1_34' title="bbox 674 2268 2185 2339; baseline 0 -17"><span class='ocrx_word' id='word_1_194' title='bbox 674 2271 787 2327; x_wconf 72' lang='grc' dir='ltr'><strong>γεω</strong></span> <span class='ocrx_word' id='word_1_195' title='bbox 827 2271 962 2324; x_wconf 84' lang='lat' dir='ltr'><strong>enim</strong></span> <span class='ocrx_word' id='word_1_196' title='bbox 1000 2285 1150 2334; x_wconf 76' lang='lat' dir='ltr'><strong>mete,</strong></span> <span class='ocrx_word' id='word_1_197' title='bbox 1184 2273 1281 2324; x_wconf 75' lang='lat' dir='ltr'><strong>vim</strong></span> <span class='ocrx_word' id='word_1_198' title='bbox 1312 2270 1454 2324; x_wconf 73' lang='lat' dir='ltr'><strong>vim.</strong></span> <span class='ocrx_word' id='word_1_199' title='bbox 1489 2268 1760 2339; x_wconf 82' lang='lat' dir='ltr'><strong>Egressus</strong></span> <span class='ocrx_word' id='word_1_200' title='bbox 1802 2269 1947 2322; x_wconf 85' lang='lat' dir='ltr'><strong>enim</strong></span> <span class='ocrx_word' id='word_1_201' title='bbox 2009 2268 2110 2322; x_wconf 88' lang='lat' dir='ltr'><strong>mei</strong></span> <span class='ocrx_word' id='word_1_202' title='bbox 2155 2284 2185 2322; x_wconf 90' lang='lat' dir='ltr'><strong>a</strong></span> 
     </span>
    </p>
   </div>
   <div class='ocr_carea' id='block_1_35' title="bbox 597 2362 2182 2433">
    <p class='ocr_par' dir='ltr' id='par_1_35' title="bbox 597 2362 2182 2433">
     <span class='ocr_line' id='line_1_35' title="bbox 597 2362 2182 2433; baseline -0.003 -15"><span class='ocrx_word' id='word_1_203' title='bbox 597 2365 706 2421; x_wconf 87' lang='lat' dir='ltr'><strong>Deo</strong></span> <span class='ocrx_word' id='word_1_204' title='bbox 738 2375 792 2420; x_wconf 92' lang='lat' dir='ltr'><strong>et</strong></span> <span class='ocrx_word' id='word_1_205' title='bbox 837 2363 1003 2418; x_wconf 84' lang='lat' dir='ltr'><strong>Patre</strong></span> <span class='ocrx_word' id='word_1_206' title='bbox 1041 2363 1345 2418; x_wconf 90' lang='lat' dir='ltr'><strong>secundum</strong></span> <span class='ocrx_word' id='word_1_207' title='bbox 1397 2363 1586 2433; x_wconf 84' lang='lat' dir='ltr'><strong>legem</strong></span> <span class='ocrx_word' id='word_1_208' title='bbox 1615 2362 1920 2415; x_wconf 82' lang='lat' dir='ltr'><strong>naturalem</strong></span> <span class='ocrx_word' id='word_1_209' title='bbox 1949 2369 2003 2415; x_wconf 89' lang='lat' dir='ltr'><strong>et</strong></span> <span class='ocrx_word' id='word_1_210' title='bbox 2045 2362 2182 2414; x_wconf 86' lang='lat' dir='ltr'><strong>scri-</strong></span> 
     </span>
    </p>
   </div>
   <div class='ocr_carea' id='block_1_36' title="bbox 593 2450 2188 2527">
    <p class='ocr_par' dir='ltr' id='par_1_36' title="bbox 593 2450 2188 2527">
     <span class='ocr_line' id='line_1_36' title="bbox 593 2450 2188 2527; baseline -0.003 -17"><span class='ocrx_word' id='word_1_211' title='bbox 593 2468 738 2527; x_wconf 83' lang='lat' dir='ltr'><strong>ptam</strong></span> <span class='ocrx_word' id='word_1_212' title='bbox 781 2473 845 2512; x_wconf 90' lang='lat' dir='ltr'><strong>ac</strong></span> <span class='ocrx_word' id='word_1_213' title='bbox 877 2455 1244 2526; x_wconf 89' lang='lat' dir='ltr'><strong>spiritualem.</strong></span> <span class='ocrx_word' id='word_1_214' title='bbox 1297 2454 1535 2523; x_wconf 81' lang='lat' dir='ltr'><strong>itemque</strong></span> <span class='ocrx_word' id='word_1_215' title='bbox 1579 2468 1610 2508; x_wconf 91' lang='lat' dir='ltr'><strong>e</strong></span> <span class='ocrx_word' id='word_1_216' title='bbox 1661 2451 2010 2507; x_wconf 87' lang='lat' dir='ltr'><strong>sanctissimo</strong></span> <span class='ocrx_word' id='word_1_217' title='bbox 2065 2450 2188 2521; x_wconf 88' lang='lat' dir='ltr'><strong>Spi-</strong></span> 
     </span>
    </p>
   </div>
   <div class='ocr_carea' id='block_1_37' title="bbox 599 2544 2189 2619">
    <p class='ocr_par' dir='ltr' id='par_1_37' title="bbox 599 2544 2189 2619">
     <span class='ocr_line' id='line_1_37' title="bbox 599 2544 2189 2619; baseline -0.004 -16"><span class='ocrx_word' id='word_1_218' title='bbox 599 2551 730 2611; x_wconf 87' lang='lat' dir='ltr'><strong>ritu,</strong></span> <span class='ocrx_word' id='word_1_219' title='bbox 765 2547 1193 2619; x_wconf 84' lang='lat' dir='ltr'><strong>gratiﬁcationes</strong></span> <span class='ocrx_word' id='word_1_220' title='bbox 1223 2555 1354 2602; x_wconf 88' lang='lat' dir='ltr'><strong>sunt</strong></span> <span class='ocrx_word' id='word_1_221' title='bbox 1401 2545 1542 2600; x_wconf 70' lang='lat' dir='ltr'><strong>datae</strong></span> <span class='ocrx_word' id='word_1_222' title='bbox 1575 2544 1643 2600; x_wconf 91' lang='lat' dir='ltr'><strong>iis</strong></span> <span class='ocrx_word' id='word_1_223' title='bbox 1678 2544 1770 2614; x_wconf 91' lang='lat' dir='ltr'><strong>qui</strong></span> <span class='ocrx_word' id='word_1_224' title='bbox 1808 2559 2036 2615; x_wconf 79' lang='lat' dir='ltr'><strong>regnum</strong></span> <span class='ocrx_word' id='word_1_225' title='bbox 2073 2557 2189 2598; x_wconf 78' lang='lat' dir='ltr'><strong>ca:-</strong></span> 
     </span>
    </p>
   </div>
   <div class='ocr_carea' id='block_1_38' title="bbox 595 2639 1197 2698">
    <p class='ocr_par' dir='ltr' id='par_1_38' title="bbox 595 2639 1197 2698">
     <span class='ocr_line' id='line_1_38' title="bbox 595 2639 1197 2698; baseline -0.003 -2"><span class='ocrx_word' id='word_1_226' title='bbox 595 2643 734 2698; x_wconf 89' lang='lat' dir='ltr'><strong>leste</strong></span> <span class='ocrx_word' id='word_1_227' title='bbox 778 2639 1197 2694; x_wconf 69' lang='lat' dir='ltr'><strong>ha&#39;reditabunt.</strong></span> 
     </span>
    </p>
   </div>
   <div class='ocr_carea' id='block_1_39' title="bbox 675 2835 2188 2908">
    <p class='ocr_par' dir='ltr' id='par_1_39' title="bbox 675 2835 2188 2908">
     <span class='ocr_line' id='line_1_39' title="bbox 675 2835 2188 2908; baseline -0.001 -16"><span class='ocrx_word' id='word_1_228' title='bbox 675 2838 741 2893; x_wconf 83' lang='lat' dir='ltr'><strong>Et</strong></span> <span class='ocrx_word' id='word_1_229' title='bbox 777 2847 1004 2907; x_wconf 87' lang='lat' dir='ltr'><strong>paratur</strong></span> <span class='ocrx_word' id='word_1_230' title='bbox 1029 2837 1270 2892; x_wconf 77' lang='lat' dir='ltr'><strong>voluntas</strong></span> <span class='ocrx_word' id='word_1_231' title='bbox 1299 2854 1330 2892; x_wconf 81' lang='grc' dir='ltr'><strong>ιι</strong></span> <span class='ocrx_word' id='word_1_232' title='bbox 1361 2835 1613 2892; x_wconf 86' lang='lat' dir='ltr'><strong>Domino.</strong></span> <span class='ocrx_word' id='word_1_233' title='bbox 1643 2837 1708 2890; x_wconf 86' lang='lat' dir='ltr'><strong>Et</strong></span> <span class='ocrx_word' id='word_1_234' title='bbox 1739 2844 1970 2908; x_wconf 88' lang='lat' dir='ltr'><strong>paratur</strong></span> <span class='ocrx_word' id='word_1_235' title='bbox 2007 2837 2060 2890; x_wconf 93' lang='lat' dir='ltr'><strong>in</strong></span> <span class='ocrx_word' id='word_1_236' title='bbox 2093 2851 2188 2890; x_wconf 87' lang='lat' dir='ltr'><strong>vo-</strong></span> 
     </span>
    </p>
   </div>
   <div class='ocr_carea' id='block_1_40' title="bbox 598 2923 2187 2999">
    <p class='ocr_par' dir='ltr' id='par_1_40' title="bbox 598 2923 2187 2999">
     <span class='ocr_line' id='line_1_40' title="bbox 598 2923 2187 2999; baseline -0.004 -18"><span class='ocrx_word' id='word_1_237' title='bbox 598 2929 703 2991; x_wconf 81' lang='lat' dir='ltr'><strong>bis,</strong></span> <span class='ocrx_word' id='word_1_238' title='bbox 731 2941 830 2999; x_wconf 88' lang='lat' dir='ltr'><strong>per</strong></span> <span class='ocrx_word' id='word_1_239' title='bbox 858 2937 971 2982; x_wconf 88' lang='lat' dir='ltr'><strong>tres</strong></span> <span class='ocrx_word' id='word_1_240' title='bbox 1005 2926 1355 2995; x_wconf 83' lang='lat' dir='ltr'><strong>supradictas</strong></span> <span class='ocrx_word' id='word_1_241' title='bbox 1426 2925 1596 2994; x_wconf 79' lang='lat' dir='ltr'><strong>leges,</strong></span> <span class='ocrx_word' id='word_1_242' title='bbox 1628 2940 1658 2978; x_wconf 89' lang='lat' dir='ltr'><strong>a</strong></span> <span class='ocrx_word' id='word_1_243' title='bbox 1686 2940 1772 2980; x_wconf 90' lang='lat' dir='ltr'><strong>me</strong></span> <span class='ocrx_word' id='word_1_244' title='bbox 1801 2925 2047 2979; x_wconf 89' lang='lat' dir='ltr'><strong>omnium</strong></span> <span class='ocrx_word' id='word_1_245' title='bbox 2080 2923 2187 2976; x_wconf 86' lang='lat' dir='ltr'><strong>Do-</strong></span> 
     </span>
    </p>
   </div>
   <div class='ocr_carea' id='block_1_41' title="bbox 599 3017 2187 3086">
    <p class='ocr_par' dir='ltr' id='par_1_41' title="bbox 599 3017 2187 3086">
     <span class='ocr_line' id='line_1_41' title="bbox 599 3017 2187 3086; baseline -0.001 -14"><span class='ocrx_word' id='word_1_246' title='bbox 599 3022 772 3084; x_wconf 83' lang='lat' dir='ltr'><strong>mino,</strong></span> <span class='ocrx_word' id='word_1_247' title='bbox 826 3017 1162 3073; x_wconf 83' lang='lat' dir='ltr'><strong>desiderium</strong></span> <span class='ocrx_word' id='word_1_248' title='bbox 1207 3019 1462 3070; x_wconf 89' lang='lat' dir='ltr'><strong>naturale</strong></span> <span class='ocrx_word' id='word_1_249' title='bbox 1509 3029 1564 3071; x_wconf 90' lang='lat' dir='ltr'><strong>et</strong></span> <span class='ocrx_word' id='word_1_250' title='bbox 1612 3017 1856 3086; x_wconf 81' lang='lat' dir='ltr'><strong>logicum</strong></span> <span class='ocrx_word' id='word_1_251' title='bbox 1915 3017 2187 3086; x_wconf 87' lang='lat' dir='ltr'><strong>(rationa-</strong></span> 
     </span>
    </p>
   </div>
   <div class='ocr_carea' id='block_1_42' title="bbox 601 3109 2188 3184">
    <p class='ocr_par' dir='ltr' id='par_1_42' title="bbox 601 3109 2188 3184">
     <span class='ocr_line' id='line_1_42' title="bbox 601 3109 2188 3184; baseline -0.002 -16"><span class='ocrx_word' id='word_1_252' title='bbox 601 3115 753 3184; x_wconf 79' lang='lat' dir='ltr'><strong>bile),</strong></span> <span class='ocrx_word' id='word_1_253' title='bbox 809 3121 865 3168; x_wconf 88' lang='lat' dir='ltr'><strong>et</strong></span> <span class='ocrx_word' id='word_1_254' title='bbox 922 3111 1072 3183; x_wconf 90' lang='lat' dir='ltr'><strong>quod</strong></span> <span class='ocrx_word' id='word_1_255' title='bbox 1137 3111 1580 3166; x_wconf 85' lang='lat' dir='ltr'><strong>subslantialiter</strong></span> <span class='ocrx_word' id='word_1_256' title='bbox 1637 3126 1665 3164; x_wconf 91' lang='lat' dir='ltr'><strong>a</strong></span> <span class='ocrx_word' id='word_1_257' title='bbox 1716 3121 1912 3164; x_wconf 87' lang='lat' dir='ltr'><strong>natura</strong></span> <span class='ocrx_word' id='word_1_258' title='bbox 1967 3109 2188 3179; x_wconf 86' lang='lat' dir='ltr'><strong>junctas</strong></span> 
     </span>
    </p>
   </div>
   <div class='ocr_carea' id='block_1_43' title="bbox 602 3205 1269 3278">
    <p class='ocr_par' dir='ltr' id='par_1_43' title="bbox 602 3205 1269 3278">
     <span class='ocr_line' id='line_1_43' title="bbox 602 3205 1269 3278; baseline -0.006 -16"><span class='ocrx_word' id='word_1_259' title='bbox 602 3208 970 3278; x_wconf 83' lang='lat' dir='ltr'><strong>prOprietates</strong></span> <span class='ocrx_word' id='word_1_260' title='bbox 1005 3205 1269 3261; x_wconf 84' lang='lat' dir='ltr'><strong>conitnet.</strong></span> 
     </span>
    </p>
   </div>
   <div class='ocr_carea' id='block_1_44' title="bbox 672 3295 2189 3366">
    <p class='ocr_par' dir='ltr' id='par_1_44' title="bbox 672 3295 2189 3366">
     <span class='ocr_line' id='line_1_44' title="bbox 672 3295 2189 3366; baseline -0.005 -12"><span class='ocrx_word' id='word_1_261' title='bbox 672 3300 837 3356; x_wconf 75' lang='lat' dir='ltr'><strong>Vens.</strong></span> <span class='ocrx_word' id='word_1_262' title='bbox 871 3299 960 3354; x_wconf 79' lang='lat'><strong>56.</strong></span> <span class='ocrx_word' id='word_1_263' title='bbox 999 3299 1102 3365; x_wconf 83' lang='lat' dir='ltr'><strong>Qui</strong></span> <span class='ocrx_word' id='word_1_264' title='bbox 1134 3299 1186 3351; x_wconf 85' lang='lat' dir='ltr'><strong>in</strong></span> <span class='ocrx_word' id='word_1_265' title='bbox 1220 3313 1300 3351; x_wconf 89' lang='lat' dir='ltr'><strong>me</strong></span> <span class='ocrx_word' id='word_1_266' title='bbox 1328 3305 1566 3366; x_wconf 83' lang='lat' dir='ltr'><strong>peccant.</strong></span> <span class='ocrx_word' id='word_1_267' title='bbox 1599 3297 1656 3350; x_wconf 85' lang='lat' dir='ltr'><strong>in</strong></span> <span class='ocrx_word' id='word_1_268' title='bbox 1681 3312 1807 3350; x_wconf 76' lang='lat' dir='ltr'><strong>suas</strong></span> <span class='ocrx_word' id='word_1_269' title='bbox 1841 3295 2051 3350; x_wconf 77' lang='lat' dir='ltr'><strong>animos</strong></span> <span class='ocrx_word' id='word_1_270' title='bbox 2085 3295 2189 3347; x_wconf 86' lang='lat' dir='ltr'><strong>im-</strong></span> 
     </span>
    </p>
   </div>
   <div class='ocr_carea' id='block_1_45' title="bbox 599 3384 2185 3460">
    <p class='ocr_par' dir='ltr' id='par_1_45' title="bbox 599 3384 2185 3460">
     <span class='ocr_line' id='line_1_45' title="bbox 599 3384 2185 3460; baseline -0.004 -16"><span class='ocrx_word' id='word_1_271' title='bbox 599 3393 676 3460; x_wconf 83' lang='lat' dir='ltr'><strong>pii</strong></span> <span class='ocrx_word' id='word_1_272' title='bbox 711 3398 854 3444; x_wconf 79' lang='lat' dir='ltr'><strong>sunt.</strong></span> <span class='ocrx_word' id='word_1_273' title='bbox 894 3387 1000 3455; x_wconf 84' lang='lat' dir='ltr'><strong>Qui</strong></span> <span class='ocrx_word' id='word_1_274' title='bbox 1035 3403 1122 3442; x_wconf 91' lang='lat' dir='ltr'><strong>me</strong></span> <span class='ocrx_word' id='word_1_275' title='bbox 1153 3385 1396 3444; x_wconf 72' lang='lat' dir='ltr'><strong>Verbum</strong></span> <span class='ocrx_word' id='word_1_276' title='bbox 1428 3387 1549 3454; x_wconf 87' lang='lat' dir='ltr'><strong>Dei,</strong></span> <span class='ocrx_word' id='word_1_277' title='bbox 1588 3387 1660 3441; x_wconf 91' lang='lat' dir='ltr'><strong>ob</strong></span> <span class='ocrx_word' id='word_1_278' title='bbox 1710 3384 2074 3456; x_wconf 87' lang='lat' dir='ltr'><strong>cupiditatum</strong></span> <span class='ocrx_word' id='word_1_279' title='bbox 2108 3387 2185 3438; x_wconf 84' lang='lat' dir='ltr'><strong>ir-</strong></span> 
     </span>
    </p>
   </div>
   <div class='ocr_carea' id='block_1_46' title="bbox 603 3477 2193 3550">
    <p class='ocr_par' dir='ltr' id='par_1_46' title="bbox 603 3477 2193 3550">
     <span class='ocr_line' id='line_1_46' title="bbox 603 3477 2193 3550; baseline -0.001 -14"><span class='ocrx_word' id='word_1_280' title='bbox 603 3483 933 3538; x_wconf 89' lang='lat' dir='ltr'><strong>rationabile</strong></span> <span class='ocrx_word' id='word_1_281' title='bbox 982 3479 1320 3536; x_wconf 87' lang='lat' dir='ltr'><strong>desiderium</strong></span> <span class='ocrx_word' id='word_1_282' title='bbox 1374 3495 1486 3535; x_wconf 91' lang='lat' dir='ltr'><strong>non</strong></span> <span class='ocrx_word' id='word_1_283' title='bbox 1539 3486 1870 3550; x_wconf 88' lang='lat' dir='ltr'><strong>sequuntur,</strong></span> <span class='ocrx_word' id='word_1_284' title='bbox 1922 3477 2193 3535; x_wconf 78' lang='lat' dir='ltr'><strong>frustrant</strong></span> 
     </span>
    </p>
   </div>
   <div class='ocr_carea' id='block_1_47' title="bbox 600 3569 2190 3640">
    <p class='ocr_par' dir='ltr' id='par_1_47' title="bbox 600 3569 2190 3640">
     <span class='ocr_line' id='line_1_47' title="bbox 600 3569 2190 3640; baseline -0.001 -14"><span class='ocrx_word' id='word_1_285' title='bbox 600 3576 815 3629; x_wconf 85' lang='lat' dir='ltr'><strong>animas</strong></span> <span class='ocrx_word' id='word_1_286' title='bbox 841 3586 971 3628; x_wconf 89' lang='lat' dir='ltr'><strong>suas</strong></span> <span class='ocrx_word' id='word_1_287' title='bbox 1004 3571 1213 3625; x_wconf 88' lang='lat' dir='ltr'><strong>honore</strong></span> <span class='ocrx_word' id='word_1_288' title='bbox 1242 3585 1374 3625; x_wconf 60' lang='lat' dir='ltr'><strong>mea:</strong></span> <span class='ocrx_word' id='word_1_289' title='bbox 1404 3569 1848 3640; x_wconf 88' lang='lat' dir='ltr'><strong>participationis</strong></span> <span class='ocrx_word' id='word_1_290' title='bbox 1875 3607 1892 3633; x_wconf 94' lang='lat'><strong>,</strong></span> <span class='ocrx_word' id='word_1_291' title='bbox 1929 3578 2190 3640; x_wconf 73' lang='lat' dir='ltr'><strong>tanquam</strong></span> 
     </span>
    </p>
   </div>
   <div class='ocr_carea' id='block_1_48' title="bbox 602 3660 2190 3734">
    <p class='ocr_par' dir='ltr' id='par_1_48' title="bbox 602 3660 2190 3734">
     <span class='ocr_line' id='line_1_48' title="bbox 602 3660 2190 3734; baseline -0.002 -17"><span class='ocrx_word' id='word_1_292' title='bbox 602 3663 915 3734; x_wconf 87' lang='lat' dir='ltr'><strong>rejicientes</strong></span> <span class='ocrx_word' id='word_1_293' title='bbox 950 3676 1105 3716; x_wconf 81' lang='lat' dir='ltr'><strong>suam</strong></span> <span class='ocrx_word' id='word_1_294' title='bbox 1157 3676 1283 3715; x_wconf 89' lang='lat' dir='ltr'><strong>cum</strong></span> <span class='ocrx_word' id='word_1_295' title='bbox 1317 3661 1429 3716; x_wconf 88' lang='lat' dir='ltr'><strong>Deo</strong></span> <span class='ocrx_word' id='word_1_296' title='bbox 1479 3660 1922 3720; x_wconf 88' lang='lat' dir='ltr'><strong>similitudinem,</strong></span> <span class='ocrx_word' id='word_1_297' title='bbox 1970 3675 2030 3714; x_wconf 87' lang='lat' dir='ltr'><strong>se</strong></span> <span class='ocrx_word' id='word_1_298' title='bbox 2072 3661 2190 3714; x_wconf 85' lang='lat' dir='ltr'><strong>ani-</strong></span> 
     </span>
    </p>
   </div>
   <div class='ocr_carea' id='block_1_49' title="bbox 601 3749 2191 3823">
    <p class='ocr_par' dir='ltr' id='par_1_49' title="bbox 601 3749 2191 3823">
     <span class='ocr_line' id='line_1_49' title="bbox 601 3749 2191 3823; baseline -0.004 -13"><span class='ocrx_word' id='word_1_299' title='bbox 601 3755 839 3811; x_wconf 85' lang='lat' dir='ltr'><strong>malibus</strong></span> <span class='ocrx_word' id='word_1_300' title='bbox 871 3751 1286 3809; x_wconf 85' lang='lat' dir='ltr'><strong>irrationalibus</strong></span> <span class='ocrx_word' id='word_1_301' title='bbox 1319 3761 1726 3823; x_wconf 81' lang='lat' dir='ltr'><strong>comparantes,</strong></span> <span class='ocrx_word' id='word_1_302' title='bbox 1772 3751 1956 3807; x_wconf 90' lang='lat' dir='ltr'><strong>etillis</strong></span> <span class='ocrx_word' id='word_1_303' title='bbox 1986 3749 2191 3805; x_wconf 87' lang='lat' dir='ltr'><strong>similes</strong></span> 
     </span>
    </p>
   </div>
   <div class='ocr_carea' id='block_1_50' title="bbox 602 3847 758 3901">
    <p class='ocr_par' dir='ltr' id='par_1_50' title="bbox 602 3847 758 3901">
     <span class='ocr_line' id='line_1_50' title="bbox 602 3847 758 3901; baseline 0.006 -1"><span class='ocrx_word' id='word_1_304' title='bbox 602 3847 758 3901; x_wconf 82' lang='lat' dir='ltr'><strong>facti.</strong></span> 
     </span>
    </p>
   </div>
   <div class='ocr_carea' id='block_1_51' title="bbox 666 3935 2190 4010">
    <p class='ocr_par' dir='ltr' id='par_1_51' title="bbox 666 3935 2190 4010">
     <span class='ocr_line' id='line_1_51' title="bbox 666 3935 2190 4010; baseline 0.001 -20"><span class='ocrx_word' id='word_1_305' title='bbox 666 3935 735 3991; x_wconf 83' lang='lat' dir='ltr'><strong>Et</strong></span> <span class='ocrx_word' id='word_1_306' title='bbox 757 3938 846 4010; x_wconf 84' lang='lat' dir='ltr'><strong>qui</strong></span> <span class='ocrx_word' id='word_1_307' title='bbox 881 3954 960 3992; x_wconf 84' lang='lat' dir='ltr'><strong>me</strong></span> <span class='ocrx_word' id='word_1_308' title='bbox 991 3937 1196 4002; x_wconf 83' lang='lat' dir='ltr'><strong>odiunt,</strong></span> <span class='ocrx_word' id='word_1_309' title='bbox 1265 3944 1486 3992; x_wconf 84' lang='lat' dir='ltr'><strong>mortem</strong></span> <span class='ocrx_word' id='word_1_310' title='bbox 1538 3936 1790 4008; x_wconf 81' lang='lat' dir='ltr'><strong>diligunt.</strong></span> <span class='ocrx_word' id='word_1_311' title='bbox 1855 3936 1924 3992; x_wconf 88' lang='lat' dir='ltr'><strong>Et</strong></span> <span class='ocrx_word' id='word_1_312' title='bbox 1970 3937 2066 4009; x_wconf 87' lang='lat' dir='ltr'><strong>qui</strong></span> <span class='ocrx_word' id='word_1_313' title='bbox 2102 3951 2190 3991; x_wconf 87' lang='lat' dir='ltr'><strong>me</strong></span> 
     </span>
    </p>
   </div>
   <div class='ocr_carea' id='block_1_52' title="bbox 600 4028 2190 4100">
    <p class='ocr_par' dir='ltr' id='par_1_52' title="bbox 600 4028 2190 4100">
     <span class='ocr_line' id='line_1_52' title="bbox 600 4028 2190 4100; baseline -0.001 -19"><span class='ocrx_word' id='word_1_314' title='bbox 600 4029 813 4091; x_wconf 82' lang='lat' dir='ltr'><strong>mlitmt,</strong></span> <span class='ocrx_word' id='word_1_315' title='bbox 868 4030 1088 4083; x_wconf 85' lang='lat' dir='ltr'><strong>dantem</strong></span> <span class='ocrx_word' id='word_1_316' title='bbox 1175 4029 1489 4084; x_wconf 82' lang='lat' dir='ltr'><strong>volentibus</strong></span> <span class='ocrx_word' id='word_1_317' title='bbox 1571 4029 1739 4083; x_wconf 86' lang='lat' dir='ltr'><strong>vitam</strong></span> <span class='ocrx_word' id='word_1_318' title='bbox 1804 4030 2029 4100; x_wconf 86' lang='lat' dir='ltr'><strong>spiritus</strong></span> <span class='ocrx_word' id='word_1_319' title='bbox 2085 4028 2190 4082; x_wconf 85' lang='lat' dir='ltr'><strong>im-</strong></span> 
     </span>
    </p>
   </div>
   <div class='ocr_carea' id='block_1_53' title="bbox 601 4121 2190 4191">
    <p class='ocr_par' dir='ltr' id='par_1_53' title="bbox 601 4121 2190 4191">
     <span class='ocr_line' id='line_1_53' title="bbox 601 4121 2190 4191; baseline 0.001 -18"><span class='ocrx_word' id='word_1_320' title='bbox 601 4121 908 4184; x_wconf 89' lang='lat' dir='ltr'><strong>mortalem,</strong></span> <span class='ocrx_word' id='word_1_321' title='bbox 939 4121 1176 4190; x_wconf 80' lang='lat' dir='ltr'><strong>diligunt</strong></span> <span class='ocrx_word' id='word_1_322' title='bbox 1222 4130 1452 4175; x_wconf 90' lang='lat' dir='ltr'><strong>mortem</strong></span> <span class='ocrx_word' id='word_1_323' title='bbox 1506 4122 1840 4185; x_wconf 89' lang='lat' dir='ltr'><strong>naturalem,</strong></span> <span class='ocrx_word' id='word_1_324' title='bbox 1891 4136 1923 4175; x_wconf 86' lang='lat' dir='ltr'><strong>a</strong></span> <span class='ocrx_word' id='word_1_325' title='bbox 1960 4129 2190 4191; x_wconf 87' lang='lat' dir='ltr'><strong>peccato</strong></span> 
     </span>
    </p>
   </div>
   <div class='ocr_carea' id='block_1_54' title="bbox 601 4212 2008 4283">
    <p class='ocr_par' dir='ltr' id='par_1_54' title="bbox 601 4212 2008 4283">
     <span class='ocr_line' id='line_1_54' title="bbox 601 4212 2008 4283; baseline 0.002 -17"><span class='ocrx_word' id='word_1_326' title='bbox 601 4222 776 4267; x_wconf 86' lang='lat' dir='ltr'><strong>ortam</strong></span> <span class='ocrx_word' id='word_1_327' title='bbox 797 4251 814 4276; x_wconf 91' lang='lat'><strong>,</strong></span> <span class='ocrx_word' id='word_1_328' title='bbox 875 4213 988 4266; x_wconf 68' lang='lat' dir='ltr'><strong>haec</strong></span> <span class='ocrx_word' id='word_1_329' title='bbox 1015 4225 1114 4282; x_wconf 87' lang='lat' dir='ltr'><strong>per</strong></span> <span class='ocrx_word' id='word_1_330' title='bbox 1140 4225 1362 4268; x_wconf 89' lang='lat' dir='ltr'><strong>omnem</strong></span> <span class='ocrx_word' id='word_1_331' title='bbox 1395 4212 1743 4283; x_wconf 89' lang='lat' dir='ltr'><strong>Scripturam</strong></span> <span class='ocrx_word' id='word_1_332' title='bbox 1777 4212 2008 4269; x_wconf 87' lang='lat' dir='ltr'><strong>docens.</strong></span> 
     </span>
    </p>
   </div>
   <div class='ocr_carea' id='block_1_55' title="bbox 1238 4391 1546 4445">
    <p class='ocr_par' dir='ltr' id='par_1_55' title="bbox 1238 4391 1546 4445">
     <span class='ocr_line' id='line_1_55' title="bbox 1238 4391 1546 4445; baseline 0.003 -1"><span class='ocrx_word' id='word_1_333' title='bbox 1238 4391 1390 4445; x_wconf 73' lang='lat' dir='ltr'><strong>CAP.</strong></span> <span class='ocrx_word' id='word_1_334' title='bbox 1455 4391 1546 4445; x_wconf 75' lang='lat' dir='ltr'><strong>IX.</strong></span> 
     </span>
    </p>
   </div>
   <div class='ocr_carea' id='block_1_56' title="bbox 673 4479 2188 4553">
    <p class='ocr_par' dir='ltr' id='par_1_56' title="bbox 673 4479 2188 4553">
     <span class='ocr_line' id='line_1_56' title="bbox 673 4479 2188 4553; baseline 0.002 -17"><span class='ocrx_word' id='word_1_335' title='bbox 673 4479 838 4538; x_wconf 73' lang='lat' dir='ltr'><strong>Vens.</strong></span> <span class='ocrx_word' id='word_1_336' title='bbox 874 4482 923 4536; x_wconf 78' lang='grc'>1.</span> <span class='ocrx_word' id='word_1_337' title='bbox 949 4483 1222 4552; x_wconf 84' lang='lat' dir='ltr'><strong>Sapientia</strong></span> <span class='ocrx_word' id='word_1_338' title='bbox 1259 4485 1544 4553; x_wconf 74' lang='lat' dir='ltr'><strong>mdiﬁcavit</strong></span> <span class='ocrx_word' id='word_1_339' title='bbox 1579 4483 1680 4538; x_wconf 80' lang='lat' dir='ltr'><strong>sibi</strong></span> <span class='ocrx_word' id='word_1_340' title='bbox 1711 4486 1948 4540; x_wconf 83' lang='lat' dir='ltr'><strong>domum.</strong></span> <span class='ocrx_word' id='word_1_341' title='bbox 1986 4485 2188 4542; x_wconf 85' lang='lat' dir='ltr'><strong>Poten-</strong></span> 
     </span>
    </p>
   </div>
   <div class='ocr_carea' id='block_1_57' title="bbox 2297 1811 3860 1886">
    <p class='ocr_par' dir='ltr' id='par_1_57' title="bbox 2297 1811 3860 1886">
     <span class='ocr_line' id='line_1_57' title="bbox 2297 1811 3860 1886; baseline -0.001 -20"><span class='ocrx_word' id='word_1_342' title='bbox 2297 1815 2431 1881; x_wconf 83' lang='grc' dir='ltr'>κῶν,</span> <span class='ocrx_word' id='word_1_343' title='bbox 2453 1815 2529 1878; x_wconf 80' lang='grc' dir='ltr'><strong>ὡς</strong></span> <span class='ocrx_word' id='word_1_344' title='bbox 2549 1815 2756 1884; x_wconf 77' lang='grc' dir='ltr'><strong>ἀγαθοῦ</strong></span> <span class='ocrx_word' id='word_1_345' title='bbox 2783 1832 2796 1844; x_wconf 89' lang='grc'><strong>·</strong></span> <span class='ocrx_word' id='word_1_346' title='bbox 2817 1815 2895 1878; x_wconf 88' lang='grc' dir='ltr'>εἰς</span> <span class='ocrx_word' id='word_1_347' title='bbox 2910 1815 2972 1868; x_wconf 69' lang='grc' dir='ltr'>τὸ</span> <span class='ocrx_word' id='word_1_348' title='bbox 2992 1816 3067 1886; x_wconf 81' lang='grc' dir='ltr'>μὴ</span> <span class='ocrx_word' id='word_1_349' title='bbox 3091 1813 3445 1886; x_wconf 72' lang='grc' dir='ltr'>συνέρχεσθαι</span> <span class='ocrx_word' id='word_1_350' title='bbox 3463 1811 3766 1880; x_wconf 76' lang='grc' dir='ltr'>λεληθότως</span> <span class='ocrx_word' id='word_1_351' title='bbox 3783 1813 3860 1865; x_wconf 73' lang='grc' dir='ltr'>τὸν</span> 
     </span>
    </p>
   </div>
   <div class='ocr_carea' id='block_1_58' title="bbox 2231 1883 3859 1978">
    <p class='ocr_par' dir='ltr' id='par_1_58' title="bbox 2231 1883 3859 1978">
     <span class='ocr_line' id='line_1_58' title="bbox 2231 1883 3859 1978; baseline -0.001 -20"><span class='ocrx_word' id='word_1_352' title='bbox 2231 1883 2269 1938; x_wconf 72' lang='grc' dir='ltr'><strong>Β</strong></span> <span class='ocrx_word' id='word_1_353' title='bbox 2295 1906 2532 1977; x_wconf 80' lang='grc' dir='ltr'>πονηρὸν</span> <span class='ocrx_word' id='word_1_354' title='bbox 2558 1909 2622 1978; x_wconf 79' lang='grc' dir='ltr'><strong>τῇ</strong></span> <span class='ocrx_word' id='word_1_355' title='bbox 2653 1908 2947 1977; x_wconf 70' lang='grc' dir='ltr'>ἐπιφανείᾳ</span> <span class='ocrx_word' id='word_1_356' title='bbox 2976 1906 3086 1960; x_wconf 81' lang='grc' dir='ltr'>τῶν</span> <span class='ocrx_word' id='word_1_357' title='bbox 3115 1905 3411 1975; x_wconf 76' lang='grc' dir='ltr'>αἰσθητῶν,</span> <span class='ocrx_word' id='word_1_358' title='bbox 3445 1905 3541 1957; x_wconf 72' lang='grc' dir='ltr'>καὶ</span> <span class='ocrx_word' id='word_1_359' title='bbox 3580 1906 3648 1974; x_wconf 81' lang='grc' dir='ltr'><strong>τῇ</strong></span> <span class='ocrx_word' id='word_1_360' title='bbox 3677 1903 3859 1956; x_wconf 77' lang='grc' dir='ltr'>τούτων</span> 
     </span>
    </p>
   </div>
   <div class='ocr_carea' id='block_1_59' title="bbox 2292 1999 3856 2071">
    <p class='ocr_par' dir='ltr' id='par_1_59' title="bbox 2292 1999 3856 2071">
     <span class='ocr_line' id='line_1_59' title="bbox 2292 1999 3856 2071; baseline -0.001 -19"><span class='ocrx_word' id='word_1_361' title='bbox 2292 2000 2478 2070; x_wconf 79' lang='grc' dir='ltr'>σχέσει</span> <span class='ocrx_word' id='word_1_362' title='bbox 2529 2001 2751 2071; x_wconf 82' lang='grc' dir='ltr'>δεσμεῖν</span> <span class='ocrx_word' id='word_1_363' title='bbox 2790 2000 2880 2053; x_wconf 81' lang='grc' dir='ltr'>τὸν</span> <span class='ocrx_word' id='word_1_364' title='bbox 2933 2001 3081 2062; x_wconf 89' lang='grc' dir='ltr'>νοῦν,</span> <span class='ocrx_word' id='word_1_365' title='bbox 3127 2003 3224 2054; x_wconf 65' lang='grc' dir='ltr'>καὶ</span> <span class='ocrx_word' id='word_1_366' title='bbox 3275 1999 3350 2070; x_wconf 83' lang='grc' dir='ltr'>μὴ</span> <span class='ocrx_word' id='word_1_367' title='bbox 3392 2001 3702 2070; x_wconf 71' lang='grc' dir='ltr'>συγχωρεῖν</span> <span class='ocrx_word' id='word_1_368' title='bbox 3738 1999 3856 2069; x_wconf 66' lang='grc' dir='ltr'>πρὸς</span> 
     </span>
    </p>
   </div>
   <div class='ocr_carea' id='block_1_60' title="bbox 2289 2091 3851 2163">
    <p class='ocr_par' dir='ltr' id='par_1_60' title="bbox 2289 2091 3851 2163">
     <span class='ocr_line' id='line_1_60' title="bbox 2289 2091 3851 2163; baseline 0 -19"><span class='ocrx_word' id='word_1_369' title='bbox 2289 2093 2416 2154; x_wconf 75' lang='grc' dir='ltr'>τοὺς</span> <span class='ocrx_word' id='word_1_370' title='bbox 2455 2091 2635 2145; x_wconf 82' lang='grc' dir='ltr'>αὐτῶν</span> <span class='ocrx_word' id='word_1_371' title='bbox 2679 2091 2976 2148; x_wconf 76' lang='grc' dir='ltr'>διαϐαίνειν</span> <span class='ocrx_word' id='word_1_372' title='bbox 3026 2091 3241 2161; x_wconf 85' lang='grc' dir='ltr'>λόγους,</span> <span class='ocrx_word' id='word_1_373' title='bbox 3275 2091 3572 2145; x_wconf 79' lang='grc' dir='ltr'>κάντεῦθεν</span> <span class='ocrx_word' id='word_1_374' title='bbox 3616 2092 3851 2163; x_wconf 75' lang='grc' dir='ltr'>ὑποδέχε-</span> 
     </span>
    </p>
   </div>
   <div class='ocr_carea' id='block_1_61' title="bbox 2291 2183 2537 2255">
    <p class='ocr_par' dir='ltr' id='par_1_61' title="bbox 2291 2183 2537 2255">
     <span class='ocr_line' id='line_1_61' title="bbox 2291 2183 2537 2255; baseline 0.008 -18"><span class='ocrx_word' id='word_1_375' title='bbox 2291 2183 2415 2237; x_wconf 83' lang='grc' dir='ltr'>σθαί</span> <span class='ocrx_word' id='word_1_376' title='bbox 2446 2202 2537 2255; x_wconf 85' lang='grc' dir='ltr'><strong>με.</strong></span> 
     </span>
    </p>
   </div>
   <div class='ocr_carea' id='block_1_62' title="bbox 2360 2275 3838 2347">
    <p class='ocr_par' dir='ltr' id='par_1_62' title="bbox 2360 2275 3838 2347">
     <span class='ocr_line' id='line_1_62' title="bbox 2360 2275 3838 2347; baseline -0.001 -17"><span class='ocrx_word' id='word_1_377' title='bbox 2360 2276 2453 2331; x_wconf 87' lang='grc' dir='ltr'>λε’.</span> <span class='ocrx_word' id='word_1_378' title='bbox 2495 2279 2564 2331; x_wconf 84' lang='grc' dir='ltr'>Αἰ</span> <span class='ocrx_word' id='word_1_379' title='bbox 2594 2279 2701 2346; x_wconf 81' lang='grc' dir='ltr'>γὰρ</span> <span class='ocrx_word' id='word_1_380' title='bbox 2735 2276 2936 2341; x_wconf 76' lang='grc' dir='ltr'>ἔξοδοί</span> <span class='ocrx_word' id='word_1_381' title='bbox 2985 2295 3126 2347; x_wconf 78' lang='grc' dir='ltr'>μου,</span> <span class='ocrx_word' id='word_1_382' title='bbox 3179 2277 3376 2340; x_wconf 77' lang='grc' dir='ltr'>ἔξοδοι</span> <span class='ocrx_word' id='word_1_383' title='bbox 3437 2275 3611 2344; x_wconf 77' lang='grc' dir='ltr'>ζωῆς.</span> <span class='ocrx_word' id='word_1_384' title='bbox 3649 2277 3710 2328; x_wconf 73' lang='grc' dir='ltr'>Αἰ</span> <span class='ocrx_word' id='word_1_385' title='bbox 3750 2277 3838 2345; x_wconf 66' lang='grc' dir='ltr'><strong>γὰρ</strong></span> 
     </span>
    </p>
   </div>
   <div class='ocr_carea' id='block_1_63' title="bbox 2291 2368 3842 2440">
    <p class='ocr_par' dir='ltr' id='par_1_63' title="bbox 2291 2368 3842 2440">
     <span class='ocr_line' id='line_1_63' title="bbox 2291 2368 3842 2440; baseline -0.003 -19"><span class='ocrx_word' id='word_1_386' title='bbox 2291 2368 2442 2440; x_wconf 85' lang='grc' dir='ltr'><strong>παρά</strong></span> <span class='ocrx_word' id='word_1_387' title='bbox 2473 2368 2567 2421; x_wconf 90' lang='grc' dir='ltr'><strong>τοῦ</strong></span> <span class='ocrx_word' id='word_1_388' title='bbox 2591 2369 2724 2422; x_wconf 88' lang='grc' dir='ltr'>Θεοῦ</span> <span class='ocrx_word' id='word_1_389' title='bbox 2753 2371 2846 2423; x_wconf 73' lang='grc' dir='ltr'>καὶ</span> <span class='ocrx_word' id='word_1_390' title='bbox 2880 2370 3112 2440; x_wconf 77' lang='grc' dir='ltr'>Πατρὸς,</span> <span class='ocrx_word' id='word_1_391' title='bbox 3143 2369 3498 2439; x_wconf 73' lang='grc' dir='ltr'>προνοητικαὶ</span> <span class='ocrx_word' id='word_1_392' title='bbox 3525 2369 3671 2421; x_wconf 82' lang='grc' dir='ltr'>κοιτά</span> <span class='ocrx_word' id='word_1_393' title='bbox 3696 2386 3746 2420; x_wconf 75' lang='grc' dir='ltr'><strong>τε</strong></span> <span class='ocrx_word' id='word_1_394' title='bbox 3769 2371 3842 2420; x_wconf 72' lang='grc' dir='ltr'>τὸν</span> 
     </span>
    </p>
   </div>
   <div class='ocr_carea' id='block_1_64' title="bbox 2291 2459 3844 2531">
    <p class='ocr_par' dir='ltr' id='par_1_64' title="bbox 2291 2459 3844 2531">
     <span class='ocr_line' id='line_1_64' title="bbox 2291 2459 3844 2531; baseline -0.001 -19"><span class='ocrx_word' id='word_1_395' title='bbox 2291 2459 2518 2530; x_wconf 78' lang='grc' dir='ltr'>φυσικὸν</span> <span class='ocrx_word' id='word_1_396' title='bbox 2548 2460 2643 2514; x_wconf 71' lang='grc' dir='ltr'>καὶ</span> <span class='ocrx_word' id='word_1_397' title='bbox 2677 2460 2769 2513; x_wconf 86' lang='grc' dir='ltr'>τὸν</span> <span class='ocrx_word' id='word_1_398' title='bbox 2823 2460 3072 2531; x_wconf 81' lang='grc' dir='ltr'>γραπτὸν</span> <span class='ocrx_word' id='word_1_399' title='bbox 3108 2461 3199 2513; x_wconf 77' lang='grc' dir='ltr'><strong>καὶ</strong></span> <span class='ocrx_word' id='word_1_400' title='bbox 3242 2460 3334 2513; x_wconf 78' lang='grc' dir='ltr'>τὸν</span> <span class='ocrx_word' id='word_1_401' title='bbox 3394 2460 3844 2529; x_wconf 62' lang='grc' dir='ltr'>πνευματικδνιὸ-</span> 
     </span>
    </p>
   </div>
   <div class='ocr_carea' id='block_1_65' title="bbox 2291 2549 3839 2623">
    <p class='ocr_par' dir='ltr' id='par_1_65' title="bbox 2291 2549 3839 2623">
     <span class='ocr_line' id='line_1_65' title="bbox 2291 2549 3839 2623; baseline -0.002 -18"><span class='ocrx_word' id='word_1_402' title='bbox 2291 2569 2390 2622; x_wconf 86' lang='grc' dir='ltr'><strong>μον</strong></span> <span class='ocrx_word' id='word_1_403' title='bbox 2427 2549 2731 2616; x_wconf 79' lang='grc' dir='ltr'>ἐξελεύσεις</span> <span class='ocrx_word' id='word_1_404' title='bbox 2769 2569 2896 2623; x_wconf 87' lang='grc' dir='ltr'>μου,</span> <span class='ocrx_word' id='word_1_405' title='bbox 2928 2552 3020 2604; x_wconf 84' lang='grc' dir='ltr'><strong>τοῦ</strong></span> <span class='ocrx_word' id='word_1_406' title='bbox 3069 2552 3338 2620; x_wconf 78' lang='grc' dir='ltr'>παναγίου</span> <span class='ocrx_word' id='word_1_407' title='bbox 3381 2570 3482 2622; x_wconf 86' lang='grc' dir='ltr'><strong>μου</strong></span> <span class='ocrx_word' id='word_1_408' title='bbox 3526 2550 3839 2621; x_wconf 70' lang='grc' dir='ltr'>Πνεῦματος,</span> 
     </span>
    </p>
   </div>
   <div class='ocr_carea' id='block_1_66' title="bbox 2289 2641 3846 2715">
    <p class='ocr_par' dir='ltr' id='par_1_66' title="bbox 2289 2641 3846 2715">
     <span class='ocr_line' id='line_1_66' title="bbox 2289 2641 3846 2715; baseline -0.018 4"><span class='ocrx_word' id='word_1_409' title='bbox 2289 2641 2434 2696; x_wconf 63' lang='grc' dir='ltr'><strong>κατὰ</strong></span> <span class='ocrx_word' id='word_1_410' title='bbox 2479 2643 2638 2714; x_wconf 68' lang='grc' dir='ltr'><strong>Χάριν</strong></span> <span class='ocrx_word' id='word_1_411' title='bbox 2697 2645 3016 2714; x_wconf 74' lang='grc' dir='ltr'>μεταδόσεις</span> <span class='ocrx_word' id='word_1_412' title='bbox 3059 2647 3172 2706; x_wconf 79' lang='grc' dir='ltr'>τοῖς</span> <span class='ocrx_word' id='word_1_413' title='bbox 3210 2645 3470 2715; x_wconf 72' lang='grc' dir='ltr'>μέλλουσι</span> <span class='ocrx_word' id='word_1_414' title='bbox 3511 2641 3846 2714; x_wconf 76' lang='grc' dir='ltr'>κληρονομεῖν</span> 
     </span>
    </p>
   </div>
   <div class='ocr_carea' id='block_1_67' title="bbox 2291 2734 2726 2804">
    <p class='ocr_par' dir='ltr' id='par_1_67' title="bbox 2291 2734 2726 2804">
     <span class='ocr_line' id='line_1_67' title="bbox 2291 2734 2726 2804; baseline 0.005 -16"><span class='ocrx_word' id='word_1_415' title='bbox 2291 2734 2572 2804; x_wconf 77' lang='grc' dir='ltr'>βασιλείαν</span> <span class='ocrx_word' id='word_1_416' title='bbox 2598 2735 2726 2790; x_wconf 84' lang='grc' dir='ltr'>εἰσί.</span> 
     </span>
    </p>
   </div>
   <div class='ocr_carea' id='block_1_68' title="bbox 2365 2826 3851 2897">
    <p class='ocr_par' dir='ltr' id='par_1_68' title="bbox 2365 2826 3851 2897">
     <span class='ocr_line' id='line_1_68' title="bbox 2365 2826 3851 2897; baseline -0.003 -15"><span class='ocrx_word' id='word_1_417' title='bbox 2365 2827 2473 2882; x_wconf 76' lang='grc' dir='ltr'><strong>Καὶ</strong></span> <span class='ocrx_word' id='word_1_418' title='bbox 2501 2827 2865 2897; x_wconf 78' lang='grc' dir='ltr'>ἐτοιμάζεται</span> <span class='ocrx_word' id='word_1_419' title='bbox 2895 2829 3146 2896; x_wconf 71' lang='grc' dir='ltr'>θέλησις</span> <span class='ocrx_word' id='word_1_420' title='bbox 3183 2827 3343 2896; x_wconf 78' lang='grc' dir='ltr'>παρὰ</span> <span class='ocrx_word' id='word_1_421' title='bbox 3373 2828 3615 2896; x_wconf 80' lang='grc' dir='ltr'>Κυρίου.</span> <span class='ocrx_word' id='word_1_422' title='bbox 3643 2826 3752 2881; x_wconf 69' lang='grc' dir='ltr'><strong>Καὶ</strong></span> <span class='ocrx_word' id='word_1_423' title='bbox 3773 2826 3851 2879; x_wconf 75' lang='grc' dir='ltr'><strong>εὖ·</strong></span> 
     </span>
    </p>
   </div>
   <div class='ocr_carea' id='block_1_69' title="bbox 2289 2918 3856 2992">
    <p class='ocr_par' dir='ltr' id='par_1_69' title="bbox 2289 2918 3856 2992">
     <span class='ocr_line' id='line_1_69' title="bbox 2289 2918 3856 2992; baseline 0.001 -23"><span class='ocrx_word' id='word_1_424' title='bbox 2289 2918 2608 2988; x_wconf 81' lang='grc' dir='ltr'>τρεπίζεται</span> <span class='ocrx_word' id='word_1_425' title='bbox 2637 2919 2696 2973; x_wconf 82' lang='grc' dir='ltr'>ἐν</span> <span class='ocrx_word' id='word_1_426' title='bbox 2722 2920 2873 2990; x_wconf 87' lang='grc' dir='ltr'>ὑμῖν,</span> <span class='ocrx_word' id='word_1_427' title='bbox 2901 2920 2988 2973; x_wconf 76' lang='grc' dir='ltr'>διὰ</span> <span class='ocrx_word' id='word_1_428' title='bbox 3013 2921 3122 2974; x_wconf 83' lang='grc' dir='ltr'><strong>τῶν</strong></span> <span class='ocrx_word' id='word_1_429' title='bbox 3138 2921 3445 2992; x_wconf 75' lang='grc' dir='ltr'>εἰρημένων</span> <span class='ocrx_word' id='word_1_430' title='bbox 3470 2921 3635 2991; x_wconf 79' lang='grc' dir='ltr'>τριῶν</span> <span class='ocrx_word' id='word_1_431' title='bbox 3667 2921 3856 2988; x_wconf 76' lang='grc' dir='ltr'>νόμων,</span> 
     </span>
    </p>
   </div>
   <div class='ocr_carea' id='block_1_70' title="bbox 2288 3010 3853 3082">
    <p class='ocr_par' dir='ltr' id='par_1_70' title="bbox 2288 3010 3853 3082">
     <span class='ocr_line' id='line_1_70' title="bbox 2288 3010 3853 3082; baseline 0.001 -20"><span class='ocrx_word' id='word_1_432' title='bbox 2288 3011 2423 3081; x_wconf 87' lang='grc' dir='ltr'>παρ’</span> <span class='ocrx_word' id='word_1_433' title='bbox 2453 3010 2588 3082; x_wconf 73' lang='grc' dir='ltr'>ἐμοῦ</span> <span class='ocrx_word' id='word_1_434' title='bbox 2619 3011 2714 3065; x_wconf 89' lang='grc' dir='ltr'><strong>τοῦ</strong></span> <span class='ocrx_word' id='word_1_435' title='bbox 2752 3011 2860 3065; x_wconf 83' lang='grc' dir='ltr'><strong>τῶν</strong></span> <span class='ocrx_word' id='word_1_436' title='bbox 2914 3014 3052 3067; x_wconf 78' lang='grc' dir='ltr'>ὅλων</span> <span class='ocrx_word' id='word_1_437' title='bbox 3093 3015 3392 3076; x_wconf 80' lang='grc' dir='ltr'>Δεσπὸτου,</span> <span class='ocrx_word' id='word_1_438' title='bbox 3435 3013 3611 3080; x_wconf 79' lang='grc' dir='ltr'>ὄρεξις</span> <span class='ocrx_word' id='word_1_439' title='bbox 3663 3010 3853 3082; x_wconf 72' lang='grc' dir='ltr'>φυσική</span> 
     </span>
    </p>
   </div>
   <div class='ocr_carea' id='block_1_71' title="bbox 2287 3101 3856 3174">
    <p class='ocr_par' dir='ltr' id='par_1_71' title="bbox 2287 3101 3856 3174">
     <span class='ocr_line' id='line_1_71' title="bbox 2287 3101 3856 3174; baseline 0.001 -22"><span class='ocrx_word' id='word_1_440' title='bbox 2287 3117 2347 3152; x_wconf 88' lang='grc' dir='ltr'><strong>τε</strong></span> <span class='ocrx_word' id='word_1_441' title='bbox 2381 3102 2476 3154; x_wconf 81' lang='grc' dir='ltr'><strong>καὶ</strong></span> <span class='ocrx_word' id='word_1_442' title='bbox 2506 3102 2722 3174; x_wconf 80' lang='grc' dir='ltr'>λογικὴ,</span> <span class='ocrx_word' id='word_1_443' title='bbox 2760 3103 2855 3156; x_wconf 78' lang='grc' dir='ltr'>καὶ</span> <span class='ocrx_word' id='word_1_444' title='bbox 2900 3104 3118 3158; x_wconf 73' lang='grc' dir='ltr'>πάντων</span> <span class='ocrx_word' id='word_1_445' title='bbox 3150 3103 3260 3156; x_wconf 81' lang='grc' dir='ltr'>τῶν</span> <span class='ocrx_word' id='word_1_446' title='bbox 3296 3103 3569 3166; x_wconf 77' lang='grc' dir='ltr'>οὑσιωδῶς</span> <span class='ocrx_word' id='word_1_447' title='bbox 3610 3105 3674 3174; x_wconf 81' lang='grc' dir='ltr'>τῇ</span> <span class='ocrx_word' id='word_1_448' title='bbox 3708 3101 3856 3170; x_wconf 71' lang='grc' dir='ltr'>φύσει</span> 
     </span>
    </p>
   </div>
   <div class='ocr_carea' id='block_1_72' title="bbox 2293 3191 3294 3264">
    <p class='ocr_par' dir='ltr' id='par_1_72' title="bbox 2293 3191 3294 3264">
     <span class='ocr_line' id='line_1_72' title="bbox 2293 3191 3294 3264; baseline 0.005 -21"><span class='ocrx_word' id='word_1_449' title='bbox 2293 3191 2605 3261; x_wconf 81' lang='grc' dir='ltr'>προσόντων</span> <span class='ocrx_word' id='word_1_450' title='bbox 2642 3192 2950 3264; x_wconf 84' lang='grc' dir='ltr'>ἰδιωμάτων</span> <span class='ocrx_word' id='word_1_451' title='bbox 2980 3195 3294 3264; x_wconf 84' lang='grc' dir='ltr'>συνεκτική.</span> 
     </span>
    </p>
   </div>
   <div class='ocr_carea' id='block_1_73' title="bbox 2364 3283 3857 3357">
    <p class='ocr_par' dir='ltr' id='par_1_73' title="bbox 2364 3283 3857 3357">
     <span class='ocr_line' id='line_1_73' title="bbox 2364 3283 3857 3357; baseline -0.001 -20"><span class='ocrx_word' id='word_1_452' title='bbox 2364 3283 2472 3350; x_wconf 81' lang='grc' dir='ltr'>λς’.</span> <span class='ocrx_word' id='word_1_453' title='bbox 2510 3287 2574 3339; x_wconf 84' lang='lat' dir='ltr'><strong>Ol</strong></span> <span class='ocrx_word' id='word_1_454' title='bbox 2600 3284 2669 3340; x_wconf 81' lang='grc' dir='ltr'>δὲ</span> <span class='ocrx_word' id='word_1_455' title='bbox 2690 3287 2778 3352; x_wconf 83' lang='grc' dir='ltr'>εἰς</span> <span class='ocrx_word' id='word_1_456' title='bbox 2811 3286 2916 3357; x_wconf 82' lang='grc' dir='ltr'><strong>ἐμὲ</strong></span> <span class='ocrx_word' id='word_1_457' title='bbox 2945 3285 3410 3355; x_wconf 78' lang='grc' dir='ltr'>ἁμαρτάνοντες,</span> <span class='ocrx_word' id='word_1_458' title='bbox 3441 3283 3762 3340; x_wconf 72' lang='grc' dir='ltr'>ἀσεϐοῦσιν</span> <span class='ocrx_word' id='word_1_459' title='bbox 3779 3285 3857 3347; x_wconf 76' lang='grc' dir='ltr'>εἰς</span> 
     </span>
    </p>
   </div>
   <div class='ocr_carea' id='block_1_74' title="bbox 2293 3375 3854 3448">
    <p class='ocr_par' dir='ltr' id='par_1_74' title="bbox 2293 3375 3854 3448">
     <span class='ocr_line' id='line_1_74' title="bbox 2293 3375 3854 3448; baseline -0.003 -16"><span class='ocrx_word' id='word_1_460' title='bbox 2293 3378 2399 3445; x_wconf 81' lang='grc' dir='ltr'><strong>τὰς</strong></span> <span class='ocrx_word' id='word_1_461' title='bbox 2427 3377 2660 3432; x_wconf 81' lang='grc' dir='ltr'>ἑαυτῶν</span> <span class='ocrx_word' id='word_1_462' title='bbox 2686 3377 2914 3448; x_wconf 68' lang='grc' dir='ltr'>ψυχάς.</span> <span class='ocrx_word' id='word_1_463' title='bbox 2944 3379 3006 3432; x_wconf 82' lang='grc' dir='ltr'><strong>Οἱ</strong></span> <span class='ocrx_word' id='word_1_464' title='bbox 3035 3378 3078 3431; x_wconf 89' lang='grc' dir='ltr'>δ’</span> <span class='ocrx_word' id='word_1_465' title='bbox 3106 3378 3241 3448; x_wconf 77' lang='grc' dir='ltr'>ἐμοῦ</span> <span class='ocrx_word' id='word_1_466' title='bbox 3266 3377 3360 3431; x_wconf 88' lang='grc' dir='ltr'><strong>τοῦ</strong></span> <span class='ocrx_word' id='word_1_467' title='bbox 3385 3377 3518 3431; x_wconf 86' lang='grc' dir='ltr'>Θεοῦ</span> <span class='ocrx_word' id='word_1_468' title='bbox 3554 3377 3744 3445; x_wconf 76' lang='grc' dir='ltr'>Λόγου,</span> <span class='ocrx_word' id='word_1_469' title='bbox 3775 3375 3854 3428; x_wconf 72' lang='grc' dir='ltr'><strong>διὰ</strong></span> 
     </span>
    </p>
   </div>
   <div class='ocr_carea' id='block_1_75' title="bbox 2292 3467 3853 3542">
    <p class='ocr_par' dir='ltr' id='par_1_75' title="bbox 2292 3467 3853 3542">
     <span class='ocr_line' id='line_1_75' title="bbox 2292 3467 3853 3542; baseline -0.003 -18"><span class='ocrx_word' id='word_1_470' title='bbox 2292 3469 2391 3540; x_wconf 77' lang='grc' dir='ltr'>τὴν</span> <span class='ocrx_word' id='word_1_471' title='bbox 2419 3469 2529 3524; x_wconf 84' lang='grc' dir='ltr'>τῶν</span> <span class='ocrx_word' id='word_1_472' title='bbox 2555 3470 2744 3524; x_wconf 85' lang='grc' dir='ltr'>παθῶν</span> <span class='ocrx_word' id='word_1_473' title='bbox 2781 3471 2976 3539; x_wconf 78' lang='grc' dir='ltr'>ἄλογον</span> <span class='ocrx_word' id='word_1_474' title='bbox 3008 3469 3190 3542; x_wconf 80' lang='grc' dir='ltr'>ὄρεξιν</span> <span class='ocrx_word' id='word_1_475' title='bbox 3235 3471 3722 3541; x_wconf 76' lang='grc' dir='ltr'>ἀποτυγχάνοντες,</span> <span class='ocrx_word' id='word_1_476' title='bbox 3763 3467 3853 3530; x_wconf 72' lang='grc' dir='ltr'>τὰς</span> 
     </span>
    </p>
   </div>
   <div class='ocr_carea' id='block_1_76' title="bbox 2293 3561 3849 3634">
    <p class='ocr_par' dir='ltr' id='par_1_76' title="bbox 2293 3561 3849 3634">
     <span class='ocr_line' id='line_1_76' title="bbox 2293 3561 3849 3634; baseline -0.002 -20"><span class='ocrx_word' id='word_1_477' title='bbox 2293 3562 2502 3615; x_wconf 74' lang='grc' dir='ltr'>ἑαυτῶν</span> <span class='ocrx_word' id='word_1_478' title='bbox 2529 3561 2707 3634; x_wconf 73' lang='grc' dir='ltr'>ψυχὰς</span> <span class='ocrx_word' id='word_1_479' title='bbox 2740 3563 2837 3634; x_wconf 82' lang='grc' dir='ltr'>τῆς</span> <span class='ocrx_word' id='word_1_480' title='bbox 2862 3564 3005 3618; x_wconf 81' lang='grc' dir='ltr'>κατὰ</span> <span class='ocrx_word' id='word_1_481' title='bbox 3032 3562 3245 3634; x_wconf 80' lang='grc' dir='ltr'>μέθεξίν</span> <span class='ocrx_word' id='word_1_482' title='bbox 3267 3580 3368 3630; x_wconf 86' lang='grc' dir='ltr'><strong>μου</strong></span> <span class='ocrx_word' id='word_1_483' title='bbox 3398 3561 3640 3632; x_wconf 84' lang='grc' dir='ltr'>στεροῦσι</span> <span class='ocrx_word' id='word_1_484' title='bbox 3661 3561 3849 3630; x_wconf 75' lang='grc' dir='ltr'>τιμῆςο</span> 
     </span>
    </p>
   </div>
   <div class='ocr_carea' id='block_1_77' title="bbox 2293 3649 3848 3726">
    <p class='ocr_par' dir='ltr' id='par_1_77' title="bbox 2293 3649 3848 3726">
     <span class='ocr_line' id='line_1_77' title="bbox 2293 3649 3848 3726; baseline -0.003 -18"><span class='ocrx_word' id='word_1_485' title='bbox 2293 3649 2493 3724; x_wconf 79' lang='grc' dir='ltr'>οἷάπερ</span> <span class='ocrx_word' id='word_1_486' title='bbox 2531 3655 2935 3726; x_wconf 79' lang='grc' dir='ltr'>ἀποσαλόμενοι</span> <span class='ocrx_word' id='word_1_487' title='bbox 2979 3657 3039 3709; x_wconf 75' lang='grc' dir='ltr'>τὸ</span> <span class='ocrx_word' id='word_1_488' title='bbox 3090 3655 3214 3709; x_wconf 75' lang='grc' dir='ltr'>καθ’</span> <span class='ocrx_word' id='word_1_489' title='bbox 3261 3655 3519 3726; x_wconf 81' lang='grc' dir='ltr'>ὁμοίωσιν</span> <span class='ocrx_word' id='word_1_490' title='bbox 3573 3652 3726 3719; x_wconf 80' lang='grc' dir='ltr'>Θεοῦ,</span> <span class='ocrx_word' id='word_1_491' title='bbox 3767 3651 3848 3705; x_wconf 68' lang='grc' dir='ltr'>καὶ</span> 
     </span>
    </p>
   </div>
   <div class='ocr_carea' id='block_1_78' title="bbox 2293 3746 3844 3819">
    <p class='ocr_par' dir='ltr' id='par_1_78' title="bbox 2293 3746 3844 3819">
     <span class='ocr_line' id='line_1_78' title="bbox 2293 3746 3844 3819; baseline -0.001 -21"><span class='ocrx_word' id='word_1_492' title='bbox 2293 3747 2855 3819; x_wconf 78' lang='grc' dir='ltr'>παρασυμὸληθέντες</span> <span class='ocrx_word' id='word_1_493' title='bbox 2901 3751 3014 3812; x_wconf 82' lang='grc' dir='ltr'>τοῖς</span> <span class='ocrx_word' id='word_1_494' title='bbox 3053 3749 3277 3819; x_wconf 76' lang='grc' dir='ltr'>κτήνεσι</span> <span class='ocrx_word' id='word_1_495' title='bbox 3305 3749 3419 3811; x_wconf 84' lang='grc' dir='ltr'>τοῖς</span> <span class='ocrx_word' id='word_1_496' title='bbox 3465 3746 3737 3816; x_wconf 79' lang='grc' dir='ltr'>ἀνοήτοις,</span> <span class='ocrx_word' id='word_1_497' title='bbox 3764 3746 3844 3797; x_wconf 80' lang='grc' dir='ltr'>καὶ</span> 
     </span>
    </p>
   </div>
   <div class='ocr_carea' id='block_1_79' title="bbox 2292 3837 2877 3910">
    <p class='ocr_par' dir='ltr' id='par_1_79' title="bbox 2292 3837 2877 3910">
     <span class='ocr_line' id='line_1_79' title="bbox 2292 3837 2877 3910; baseline 0 -18"><span class='ocrx_word' id='word_1_498' title='bbox 2292 3837 2652 3910; x_wconf 82' lang='grc' dir='ltr'>ὁμοιωθέντες</span> <span class='ocrx_word' id='word_1_499' title='bbox 2672 3840 2877 3902; x_wconf 83' lang='grc' dir='ltr'>αὐτοῖς.</span> 
     </span>
    </p>
   </div>
   <div class='ocr_carea' id='block_1_80' title="bbox 2372 3926 3845 4001">
    <p class='ocr_par' dir='ltr' id='par_1_80' title="bbox 2372 3926 3845 4001">
     <span class='ocr_line' id='line_1_80' title="bbox 2372 3926 3845 4001; baseline -0.003 -16"><span class='ocrx_word' id='word_1_500' title='bbox 2372 3930 2483 3985; x_wconf 83' lang='grc' dir='ltr'><strong>Καὶ</strong></span> <span class='ocrx_word' id='word_1_501' title='bbox 2505 3932 2560 3984; x_wconf 80' lang='grc' dir='ltr'>οἱ</span> <span class='ocrx_word' id='word_1_502' title='bbox 2583 3929 2918 3998; x_wconf 74' lang='grc' dir='ltr'>μισοῦντές</span> <span class='ocrx_word' id='word_1_503' title='bbox 2947 3947 3055 4001; x_wconf 84' lang='grc' dir='ltr'><strong>με,</strong></span> <span class='ocrx_word' id='word_1_504' title='bbox 3086 3930 3404 4000; x_wconf 78' lang='grc' dir='ltr'>ἀγαπῶσιν</span> <span class='ocrx_word' id='word_1_505' title='bbox 3443 3929 3710 3985; x_wconf 75' lang='grc' dir='ltr'>θάνατον.</span> <span class='ocrx_word' id='word_1_506' title='bbox 3742 3926 3845 3980; x_wconf 76' lang='grc' dir='ltr'><strong>Καὶ</strong></span> 
     </span>
    </p>
   </div>
   <div class='ocr_carea' id='block_1_81' title="bbox 2290 4021 3843 4094">
    <p class='ocr_par' dir='ltr' id='par_1_81' title="bbox 2290 4021 3843 4094">
     <span class='ocr_line' id='line_1_81' title="bbox 2290 4021 3843 4094; baseline -0.002 -20"><span class='ocrx_word' id='word_1_507' title='bbox 2290 4023 2341 4074; x_wconf 81' lang='grc' dir='ltr'><strong>οἰ</strong></span> <span class='ocrx_word' id='word_1_508' title='bbox 2370 4023 2844 4094; x_wconf 81' lang='grc' dir='ltr'>ἀποστρεφόμενοί</span> <span class='ocrx_word' id='word_1_509' title='bbox 2881 4040 2948 4093; x_wconf 87' lang='grc' dir='ltr'><strong>με</strong></span> <span class='ocrx_word' id='word_1_510' title='bbox 2973 4022 3071 4094; x_wconf 77' lang='grc' dir='ltr'>τὴν</span> <span class='ocrx_word' id='word_1_511' title='bbox 3113 4023 3214 4093; x_wconf 78' lang='grc' dir='ltr'>τὴν</span> <span class='ocrx_word' id='word_1_512' title='bbox 3247 4021 3550 4093; x_wconf 80' lang='grc' dir='ltr'>ἀνώλεθρον</span> <span class='ocrx_word' id='word_1_513' title='bbox 3574 4036 3843 4089; x_wconf 77' lang='grc' dir='ltr'>πνευματιο</span> 
     </span>
    </p>
   </div>
   <div class='ocr_carea' id='block_1_82' title="bbox 2290 4109 3842 4185">
    <p class='ocr_par' dir='ltr' id='par_1_82' title="bbox 2290 4109 3842 4185">
     <span class='ocr_line' id='line_1_82' title="bbox 2290 4109 3842 4185; baseline -0.004 -19"><span class='ocrx_word' id='word_1_514' title='bbox 2290 4111 2394 4183; x_wconf 79' lang='grc' dir='ltr'>κὴν</span> <span class='ocrx_word' id='word_1_515' title='bbox 2429 4111 2576 4185; x_wconf 76' lang='grc' dir='ltr'>ζωὴν</span> <span class='ocrx_word' id='word_1_516' title='bbox 2611 4114 2722 4176; x_wconf 81' lang='grc' dir='ltr'>τοῖς</span> <span class='ocrx_word' id='word_1_517' title='bbox 2745 4113 2960 4166; x_wconf 82' lang='grc' dir='ltr'>θέλουσι</span> <span class='ocrx_word' id='word_1_518' title='bbox 2989 4112 3370 4185; x_wconf 78' lang='grc' dir='ltr'>χαριζόμενον,</span> <span class='ocrx_word' id='word_1_519' title='bbox 3412 4113 3733 4176; x_wconf 75' lang='grc' dir='ltr'>ἀσπάζονται</span> <span class='ocrx_word' id='word_1_520' title='bbox 3753 4109 3842 4161; x_wconf 71' lang='grc' dir='ltr'><strong>τὸν</strong></span> 
     </span>
    </p>
   </div>
   <div class='ocr_carea' id='block_1_83' title="bbox 2292 4199 3840 4276">
    <p class='ocr_par' dir='ltr' id='par_1_83' title="bbox 2292 4199 3840 4276">
     <span class='ocr_line' id='line_1_83' title="bbox 2292 4199 3840 4276; baseline -0.003 -21"><span class='ocrx_word' id='word_1_521' title='bbox 2292 4201 2416 4255; x_wconf 80' lang='grc' dir='ltr'>καθ’</span> <span class='ocrx_word' id='word_1_522' title='bbox 2445 4203 2722 4276; x_wconf 80' lang='grc' dir='ltr'>ἁμαρτίαν</span> <span class='ocrx_word' id='word_1_523' title='bbox 2749 4202 2981 4274; x_wconf 78' lang='grc' dir='ltr'>ψυχικὸν</span> <span class='ocrx_word' id='word_1_524' title='bbox 3022 4203 3234 4257; x_wconf 79' lang='grc' dir='ltr'>ἑαυτῶν</span> <span class='ocrx_word' id='word_1_525' title='bbox 3280 4202 3501 4274; x_wconf 74' lang='grc' dir='ltr'>ὄλεθρον</span> <span class='ocrx_word' id='word_1_526' title='bbox 3522 4218 3536 4233; x_wconf 76' lang='grc' dir='ltr'><strong>ο</strong></span> <span class='ocrx_word' id='word_1_527' title='bbox 3567 4200 3722 4255; x_wconf 81' lang='grc' dir='ltr'>ταῦτα</span> <span class='ocrx_word' id='word_1_528' title='bbox 3756 4199 3840 4252; x_wconf 72' lang='grc' dir='ltr'><strong>διὰ</strong></span> 
     </span>
    </p>
   </div>
   <div class='ocr_carea' id='block_1_84' title="bbox 2294 4295 3246 4368">
    <p class='ocr_par' dir='ltr' id='par_1_84' title="bbox 2294 4295 3246 4368">
     <span class='ocr_line' id='line_1_84' title="bbox 2294 4295 3246 4368; baseline 0 -18"><span class='ocrx_word' id='word_1_529' title='bbox 2294 4295 2476 4366; x_wconf 81' lang='grc' dir='ltr'>πάσης</span> <span class='ocrx_word' id='word_1_530' title='bbox 2515 4298 2615 4366; x_wconf 73' lang='grc' dir='ltr'><strong>τῆς</strong></span> <span class='ocrx_word' id='word_1_531' title='bbox 2641 4295 2867 4368; x_wconf 71' lang='grc' dir='ltr'>Γραφῆς</span> <span class='ocrx_word' id='word_1_532' title='bbox 2893 4296 3246 4350; x_wconf 73' lang='grc' dir='ltr'>διδάσκουσα.</span> 
     </span>
    </p>
   </div>
   <div class='ocr_carea' id='block_1_85' title="bbox 2911 4395 3284 4449">
    <p class='ocr_par' dir='ltr' id='par_1_85' title="bbox 2911 4395 3284 4449">
     <span class='ocr_line' id='line_1_85' title="bbox 2911 4395 3284 4449; baseline 0.005 -2"><span class='ocrx_word' id='word_1_533' title='bbox 2911 4395 3163 4447; x_wconf 80' lang='grc' dir='ltr'><strong>ΚΕΦΑΛ.</strong></span> <span class='ocrx_word' id='word_1_534' title='bbox 3208 4395 3284 4449; x_wconf 75' lang='lat'><strong>8&#39;.</strong></span> 
     </span>
    </p>
   </div>
   <div class='ocr_carea' id='block_1_86' title="bbox 2365 4481 3834 4556">
    <p class='ocr_par' dir='ltr' id='par_1_86' title="bbox 2365 4481 3834 4556">
     <span class='ocr_line' id='line_1_86' title="bbox 2365 4481 3834 4556; baseline -0.004 -18"><span class='ocrx_word' id='word_1_535' title='bbox 2365 4491 2436 4543; x_wconf 88' lang='grc' dir='ltr'>α’.</span> <span class='ocrx_word' id='word_1_536' title='bbox 2469 4486 2537 4540; x_wconf 85' lang='grc' dir='ltr'><em>Ἡ</em></span> <span class='ocrx_word' id='word_1_537' title='bbox 2561 4487 2750 4556; x_wconf 72' lang='grc' dir='ltr'>σοφία</span> <span class='ocrx_word' id='word_1_538' title='bbox 2797 4486 3186 4554; x_wconf 76' lang='grc' dir='ltr'>ᾠκοδόμησεν</span> <span class='ocrx_word' id='word_1_539' title='bbox 3223 4484 3408 4554; x_wconf 70' lang='grc' dir='ltr'>ἑαυτῇ</span> <span class='ocrx_word' id='word_1_540' title='bbox 3445 4481 3631 4539; x_wconf 73' lang='grc' dir='ltr'>οἷκον.</span> <span class='ocrx_word' id='word_1_541' title='bbox 3676 4484 3732 4536; x_wconf 78' lang='grc' dir='ltr'><strong>Ἠ</strong></span> <span class='ocrx_word' id='word_1_542' title='bbox 3771 4483 3834 4534; x_wconf 81' lang='grc' dir='ltr'><strong>ὲν-</strong></span> 
     </span>
    </p>
   </div>
   <div class='ocr_carea' id='block_1_87' title="bbox 598 4575 2188 4656">
    <p class='ocr_par' dir='ltr' id='par_1_87' title="bbox 598 4575 2184 4650">
     <span class='ocr_line' id='line_1_87' title="bbox 598 4575 2184 4650; baseline 0.002 -22"><span class='ocrx_word' id='word_1_543' title='bbox 598 4576 678 4629; x_wconf 89' lang='lat' dir='ltr'><strong>tia</strong></span> <span class='ocrx_word' id='word_1_544' title='bbox 710 4575 801 4630; x_wconf 89' lang='lat' dir='ltr'><strong>Dei</strong></span> <span class='ocrx_word' id='word_1_545' title='bbox 837 4591 899 4630; x_wconf 91' lang='lat' dir='ltr'><strong>ac</strong></span> <span class='ocrx_word' id='word_1_546' title='bbox 944 4575 1122 4632; x_wconf 83' lang='lat' dir='ltr'><strong>Patris</strong></span> <span class='ocrx_word' id='word_1_547' title='bbox 1165 4592 1261 4648; x_wconf 88' lang='lat' dir='ltr'><strong>per</strong></span> <span class='ocrx_word' id='word_1_548' title='bbox 1298 4578 1724 4647; x_wconf 52' lang='lat' dir='ltr'><strong>semibsistens,</strong></span> <span class='ocrx_word' id='word_1_549' title='bbox 1757 4580 2033 4650; x_wconf 81' lang='lat' dir='ltr'><strong>propriam</strong></span> <span class='ocrx_word' id='word_1_550' title='bbox 2082 4577 2184 4634; x_wconf 86' lang='lat' dir='ltr'><strong>sibi</strong></span> 
     </span>
    </p>
   </div>
   <div class='ocr_carea' id='block_1_88' title="bbox 2290 4575 3832 4656">
    <p class='ocr_par' dir='ltr' id='par_1_88' title="bbox 2291 4578 3832 4649">
     <span class='ocr_line' id='line_1_88' title="bbox 2291 4578 3832 4649; baseline -0.003 -19"><span class='ocrx_word' id='word_1_551' title='bbox 2291 4579 2595 4642; x_wconf 82' lang='grc' dir='ltr'>υπόστατος</span> <span class='ocrx_word' id='word_1_552' title='bbox 2621 4579 2714 4632; x_wconf 88' lang='grc' dir='ltr'><strong>τοῦ</strong></span> <span class='ocrx_word' id='word_1_553' title='bbox 2751 4579 2888 4632; x_wconf 85' lang='grc' dir='ltr'>Θεοῦ</span> <span class='ocrx_word' id='word_1_554' title='bbox 2922 4580 3015 4632; x_wconf 74' lang='grc' dir='ltr'>καὶ</span> <span class='ocrx_word' id='word_1_555' title='bbox 3063 4579 3276 4649; x_wconf 78' lang='grc' dir='ltr'>Ιιατρὺς</span> <span class='ocrx_word' id='word_1_556' title='bbox 3303 4578 3556 4648; x_wconf 75' lang='grc' dir='ltr'>δύναμις,</span> <span class='ocrx_word' id='word_1_557' title='bbox 3587 4579 3708 4631; x_wconf 82' lang='grc' dir='ltr'>ἴδιον</span> <span class='ocrx_word' id='word_1_558' title='bbox 3725 4592 3832 4628; x_wconf 77' lang='grc' dir='ltr'>κατ-</span> 
     </span>
    </p>
   </div>
   <div class='ocr_carea' id='block_1_89' title="bbox 597 4669 2186 4746">
    <p class='ocr_par' dir='ltr' id='par_1_89' title="bbox 597 4669 2186 4746">
     <span class='ocr_line' id='line_1_89' title="bbox 597 4669 2186 4746; baseline 0.005 -24"><span class='ocrx_word' id='word_1_559' title='bbox 597 4669 932 4740; x_wconf 72' lang='lat' dir='ltr'><strong>przrparavit</strong></span> <span class='ocrx_word' id='word_1_560' title='bbox 965 4670 1192 4725; x_wconf 89' lang='lat' dir='ltr'><strong>domum</strong></span> <span class='ocrx_word' id='word_1_561' title='bbox 1229 4671 1548 4726; x_wconf 85' lang='lat' dir='ltr'><strong>universum</strong></span> <span class='ocrx_word' id='word_1_562' title='bbox 1582 4672 1794 4739; x_wconf 86' lang='lat' dir='ltr'><strong>orbem,</strong></span> <span class='ocrx_word' id='word_1_563' title='bbox 1846 4673 1900 4727; x_wconf 90' lang='lat' dir='ltr'><strong>in</strong></span> <span class='ocrx_word' id='word_1_564' title='bbox 1946 4690 2056 4744; x_wconf 89' lang='lat' dir='ltr'><strong>quo</strong></span> <span class='ocrx_word' id='word_1_565' title='bbox 2088 4691 2186 4746; x_wconf 88' lang='lat' dir='ltr'><strong>per</strong></span> 
     </span>
    </p>
   </div>
   <div class='ocr_carea' id='block_1_90' title="bbox 595 4761 2186 4834">
    <p class='ocr_par' dir='ltr' id='par_1_90' title="bbox 595 4761 2186 4834">
     <span class='ocr_line' id='line_1_90' title="bbox 595 4761 2186 4834; baseline 0.002 -20"><span class='ocrx_word' id='word_1_566' title='bbox 595 4763 858 4815; x_wconf 85' lang='lat' dir='ltr'><strong>virtutem</strong></span> <span class='ocrx_word' id='word_1_567' title='bbox 881 4761 1111 4827; x_wconf 82' lang='lat' dir='ltr'><strong>habitat,</strong></span> <span class='ocrx_word' id='word_1_568' title='bbox 1135 4769 1189 4816; x_wconf 85' lang='lat' dir='ltr'><strong>et</strong></span> <span class='ocrx_word' id='word_1_569' title='bbox 1208 4763 1386 4829; x_wconf 91' lang='lat' dir='ltr'><strong>illum,</strong></span> <span class='ocrx_word' id='word_1_570' title='bbox 1406 4763 1496 4832; x_wconf 86' lang='lat' dir='ltr'><strong>qui</strong></span> <span class='ocrx_word' id='word_1_571' title='bbox 1516 4763 1582 4817; x_wconf 88' lang='lat' dir='ltr'><strong>ad</strong></span> <span class='ocrx_word' id='word_1_572' title='bbox 1607 4761 1700 4819; x_wconf 86' lang='lat' dir='ltr'><strong>Dei</strong></span> <span class='ocrx_word' id='word_1_573' title='bbox 1728 4764 2018 4834; x_wconf 81' lang='lat' dir='ltr'><strong>imaginem</strong></span> <span class='ocrx_word' id='word_1_574' title='bbox 2039 4774 2094 4818; x_wconf 90' lang='lat' dir='ltr'><strong>et</strong></span> <span class='ocrx_word' id='word_1_575' title='bbox 2112 4765 2186 4820; x_wconf 86' lang='lat' dir='ltr'><strong>si-</strong></span> 
     </span>
    </p>
   </div>
   <div class='ocr_carea' id='block_1_91' title="bbox 599 4851 2183 4918">
    <p class='ocr_par' dir='ltr' id='par_1_91' title="bbox 599 4851 2183 4918">
     <span class='ocr_line' id='line_1_91' title="bbox 599 4851 2183 4918; baseline 0.004 -14"><span class='ocrx_word' id='word_1_576' title='bbox 599 4851 973 4906; x_wconf 88' lang='lat' dir='ltr'><strong>militudinem</strong></span> <span class='ocrx_word' id='word_1_577' title='bbox 1006 4861 1227 4909; x_wconf 88' lang='lat' dir='ltr'><strong>creatus</strong></span> <span class='ocrx_word' id='word_1_578' title='bbox 1253 4863 1361 4918; x_wconf 86' lang='lat' dir='ltr'><strong>est,</strong></span> <span class='ocrx_word' id='word_1_579' title='bbox 1394 4854 1598 4909; x_wconf 80' lang='lat' dir='ltr'><strong>visibili</strong></span> <span class='ocrx_word' id='word_1_580' title='bbox 1617 4864 1670 4910; x_wconf 91' lang='lat' dir='ltr'><strong>et</strong></span> <span class='ocrx_word' id='word_1_581' title='bbox 1700 4856 1962 4911; x_wconf 80' lang='lat' dir='ltr'><strong>invisibili</strong></span> <span class='ocrx_word' id='word_1_582' title='bbox 1987 4864 2183 4911; x_wconf 88' lang='lat' dir='ltr'><strong>natura</strong></span> 
     </span>
    </p>
   </div>
   <div class='ocr_carea' id='block_1_92' title="bbox 600 4951 978 4998">
    <p class='ocr_par' dir='ltr' id='par_1_92' title="bbox 600 4951 978 4998">
     <span class='ocr_line' id='line_1_92' title="bbox 600 4951 978 4998; baseline -0.003 -2"><span class='ocrx_word' id='word_1_583' title='bbox 600 4951 978 4998; x_wconf 79' lang='lat' dir='ltr'><strong>COnstanlem.</strong></span> 
     </span>
    </p>
   </div>
   <div class='ocr_carea' id='block_1_93' title="bbox 675 5032 2183 5106">
    <p class='ocr_par' dir='ltr' id='par_1_93' title="bbox 675 5032 2183 5106">
     <span class='ocr_line' id='line_1_93' title="bbox 675 5032 2183 5106; baseline 0.005 -20"><span class='ocrx_word' id='word_1_584' title='bbox 675 5032 746 5086; x_wconf 82' lang='lat' dir='ltr'><strong>Et</strong></span> <span class='ocrx_word' id='word_1_585' title='bbox 784 5036 976 5087; x_wconf 75' lang='lat' dir='ltr'><strong>excidit</strong></span> <span class='ocrx_word' id='word_1_586' title='bbox 1005 5037 1280 5092; x_wconf 79' lang='lat' dir='ltr'><strong>columnas</strong></span> <span class='ocrx_word' id='word_1_587' title='bbox 1312 5047 1526 5106; x_wconf 78' lang='lat' dir='ltr'><strong>septem.</strong></span> <span class='ocrx_word' id='word_1_588' title='bbox 1579 5037 1645 5094; x_wconf 88' lang='lat' dir='ltr'><strong>Et</strong></span> <span class='ocrx_word' id='word_1_589' title='bbox 1676 5039 1825 5094; x_wconf 91' lang='lat' dir='ltr'><strong>omni</strong></span> <span class='ocrx_word' id='word_1_590' title='bbox 1859 5047 2072 5094; x_wconf 69' lang='lat' dir='ltr'><strong>natura:</strong></span> <span class='ocrx_word' id='word_1_591' title='bbox 2100 5040 2183 5093; x_wconf 85' lang='lat' dir='ltr'><strong>vi-</strong></span> 
     </span>
    </p>
   </div>
   <div class='ocr_carea' id='block_1_94' title="bbox 598 5127 2185 5204">
    <p class='ocr_par' dir='ltr' id='par_1_94' title="bbox 598 5127 2185 5204">
     <span class='ocr_line' id='line_1_94' title="bbox 598 5127 2185 5204; baseline 0.004 -22"><span class='ocrx_word' id='word_1_592' title='bbox 598 5127 746 5182; x_wconf 88' lang='lat' dir='ltr'><strong>sibili</strong></span> <span class='ocrx_word' id='word_1_593' title='bbox 779 5129 846 5183; x_wconf 92' lang='lat' dir='ltr'><strong>ad</strong></span> <span class='ocrx_word' id='word_1_594' title='bbox 872 5130 1256 5185; x_wconf 76' lang='lat' dir='ltr'><strong>exsistendum</strong></span> <span class='ocrx_word' id='word_1_595' title='bbox 1289 5130 1441 5186; x_wconf 86' lang='lat' dir='ltr'><strong>dedit</strong></span> <span class='ocrx_word' id='word_1_596' title='bbox 1471 5133 1889 5188; x_wconf 88' lang='lat' dir='ltr'><strong>hebdomarium</strong></span> <span class='ocrx_word' id='word_1_597' title='bbox 1913 5133 2185 5204; x_wconf 73' lang='lat' dir='ltr'><strong>temporis</strong></span> 
     </span>
    </p>
   </div>
   <div class='ocr_carea' id='block_1_95' title="bbox 601 5218 2185 5294">
    <p class='ocr_par' dir='ltr' id='par_1_95' title="bbox 601 5218 2185 5294">
     <span class='ocr_line' id='line_1_95' title="bbox 601 5218 2185 5294; baseline 0.004 -22"><span class='ocrx_word' id='word_1_598' title='bbox 601 5218 924 5284; x_wconf 85' lang='lat' dir='ltr'><strong>circuitum;</strong></span> <span class='ocrx_word' id='word_1_599' title='bbox 960 5220 1172 5276; x_wconf 88' lang='lat' dir='ltr'><strong>homini</strong></span> <span class='ocrx_word' id='word_1_600' title='bbox 1226 5238 1376 5289; x_wconf 90' lang='lat' dir='ltr'><strong>vero,</strong></span> <span class='ocrx_word' id='word_1_601' title='bbox 1419 5233 1543 5294; x_wconf 90' lang='lat' dir='ltr'><strong>post</strong></span> <span class='ocrx_word' id='word_1_602' title='bbox 1601 5225 1938 5280; x_wconf 88' lang='lat' dir='ltr'><strong>creationem</strong></span> <span class='ocrx_word' id='word_1_603' title='bbox 1983 5239 2185 5280; x_wconf 89' lang='lat' dir='ltr'><strong>secun-</strong></span> 
     </span>
    </p>
   </div>
   <div class='ocr_carea' id='block_1_96' title="bbox 601 5310 2184 5382">
    <p class='ocr_par' dir='ltr' id='par_1_96' title="bbox 601 5310 2184 5382">
     <span class='ocr_line' id='line_1_96' title="bbox 601 5310 2184 5382; baseline 0.004 -18"><span class='ocrx_word' id='word_1_604' title='bbox 601 5310 730 5364; x_wconf 90' lang='lat' dir='ltr'><strong>dum</strong></span> <span class='ocrx_word' id='word_1_605' title='bbox 759 5310 1040 5367; x_wconf 89' lang='lat' dir='ltr'><strong>Christum</strong></span> <span class='ocrx_word' id='word_1_606' title='bbox 1086 5314 1341 5382; x_wconf 81' lang='lat' dir='ltr'><strong>formato,</strong></span> <span class='ocrx_word' id='word_1_607' title='bbox 1375 5326 1435 5370; x_wconf 90' lang='lat' dir='ltr'><strong>ut</strong></span> <span class='ocrx_word' id='word_1_608' title='bbox 1468 5315 1523 5370; x_wconf 91' lang='lat' dir='ltr'><strong>in</strong></span> <span class='ocrx_word' id='word_1_609' title='bbox 1572 5316 1719 5370; x_wconf 89' lang='lat' dir='ltr'><strong>hunc</strong></span> <span class='ocrx_word' id='word_1_610' title='bbox 1754 5316 1966 5382; x_wconf 88' lang='lat' dir='ltr'><strong>credat,</strong></span> <span class='ocrx_word' id='word_1_611' title='bbox 1999 5330 2053 5370; x_wconf 86' lang='lat' dir='ltr'><strong>et</strong></span> <span class='ocrx_word' id='word_1_612' title='bbox 2081 5317 2184 5370; x_wconf 80' lang='lat' dir='ltr'><strong>hu-</strong></span> 
     </span>
    </p>
   </div>
   <div class='ocr_carea' id='block_1_97' title="bbox 599 5403 2182 5479">
    <p class='ocr_par' dir='ltr' id='par_1_97' title="bbox 599 5403 2182 5479">
     <span class='ocr_line' id='line_1_97' title="bbox 599 5403 2182 5479; baseline 0.006 -27"><span class='ocrx_word' id='word_1_613' title='bbox 599 5404 690 5469; x_wconf 85' lang='lat' dir='ltr'><strong>jus</strong></span> <span class='ocrx_word' id='word_1_614' title='bbox 730 5403 986 5458; x_wconf 83' lang='lat' dir='ltr'><strong>mandata</strong></span> <span class='ocrx_word' id='word_1_615' title='bbox 1039 5405 1318 5475; x_wconf 86' lang='lat' dir='ltr'><strong>observet,</strong></span> <span class='ocrx_word' id='word_1_616' title='bbox 1361 5408 1510 5463; x_wconf 87' lang='lat' dir='ltr'><strong>dedit</strong></span> <span class='ocrx_word' id='word_1_617' title='bbox 1552 5425 1582 5464; x_wconf 91' lang='lat' dir='ltr'><strong>e</strong></span> <span class='ocrx_word' id='word_1_618' title='bbox 1621 5409 1904 5463; x_wconf 87' lang='lat' dir='ltr'><strong>contrario</strong></span> <span class='ocrx_word' id='word_1_619' title='bbox 1972 5421 2182 5479; x_wconf 89' lang='lat' dir='ltr'><strong>septem</strong></span> 
     </span>
    </p>
   </div>
   <div class='ocr_carea' id='block_1_98' title="bbox 605 5490 2184 5568">
    <p class='ocr_par' dir='ltr' id='par_1_98' title="bbox 605 5490 2184 5568">
     <span class='ocr_line' id='line_1_98' title="bbox 605 5490 2184 5568; baseline 0.007 -24"><span class='ocrx_word' id='word_1_620' title='bbox 605 5490 845 5561; x_wconf 89' lang='lat' dir='ltr'><strong>Spiritus</strong></span> <span class='ocrx_word' id='word_1_621' title='bbox 904 5495 1080 5549; x_wconf 87' lang='lat' dir='ltr'><strong>sancti</strong></span> <span class='ocrx_word' id='word_1_622' title='bbox 1139 5496 1471 5552; x_wconf 87' lang='lat' dir='ltr'><strong>charismata</strong></span> <span class='ocrx_word' id='word_1_623' title='bbox 1533 5520 1544 5553; x_wconf 91' lang='lat'><strong>:</strong></span> <span class='ocrx_word' id='word_1_624' title='bbox 1595 5501 1835 5568; x_wconf 89' lang='lat' dir='ltr'><strong>quibus,</strong></span> <span class='ocrx_word' id='word_1_625' title='bbox 1886 5501 2096 5556; x_wconf 91' lang='lat' dir='ltr'><strong>virtute</strong></span> <span class='ocrx_word' id='word_1_626' title='bbox 2153 5517 2184 5555; x_wconf 91' lang='lat' dir='ltr'><strong>a</strong></span> 
     </span>
    </p>
   </div>
   <div class='ocr_carea' id='block_1_99' title="bbox 605 5582 2182 5660">
    <p class='ocr_par' dir='ltr' id='par_1_99' title="bbox 605 5582 2182 5660">
     <span class='ocr_line' id='line_1_99' title="bbox 605 5582 2182 5660; baseline 0.007 -25"><span class='ocrx_word' id='word_1_627' title='bbox 605 5582 836 5636; x_wconf 88' lang='lat' dir='ltr'><strong>scientia</strong></span> <span class='ocrx_word' id='word_1_628' title='bbox 869 5585 1129 5650; x_wconf 78' lang='lat' dir='ltr'><strong>excitata,</strong></span> <span class='ocrx_word' id='word_1_629' title='bbox 1163 5595 1218 5641; x_wconf 90' lang='lat' dir='ltr'><strong>et</strong></span> <span class='ocrx_word' id='word_1_630' title='bbox 1247 5587 1515 5654; x_wconf 88' lang='lat' dir='ltr'><strong>vicissim,</strong></span> <span class='ocrx_word' id='word_1_631' title='bbox 1548 5589 1774 5644; x_wconf 87' lang='lat' dir='ltr'><strong>scientia</strong></span> <span class='ocrx_word' id='word_1_632' title='bbox 1801 5607 1896 5660; x_wconf 88' lang='lat' dir='ltr'><strong>per</strong></span> <span class='ocrx_word' id='word_1_633' title='bbox 1920 5593 2182 5647; x_wconf 88' lang='lat' dir='ltr'><strong>virtutem</strong></span> 
     </span>
    </p>
   </div>
   <div class='ocr_carea' id='block_1_100' title="bbox 608 5673 2183 5750">
    <p class='ocr_par' dir='ltr' id='par_1_100' title="bbox 608 5673 2183 5750">
     <span class='ocr_line' id='line_1_100' title="bbox 608 5673 2183 5750; baseline 0.009 -26"><span class='ocrx_word' id='word_1_634' title='bbox 608 5673 978 5739; x_wconf 79' lang='lat' dir='ltr'><strong>ntanifestata,</strong></span> <span class='ocrx_word' id='word_1_635' title='bbox 1027 5676 1340 5746; x_wconf 88' lang='lat' dir='ltr'><strong>spiritualis</strong></span> <span class='ocrx_word' id='word_1_636' title='bbox 1375 5679 1539 5735; x_wconf 78' lang='lat' dir='ltr'><strong>homo</strong></span> <span class='ocrx_word' id='word_1_637' title='bbox 1573 5693 2015 5750; x_wconf 88' lang='lat' dir='ltr'><strong>consummatur,</strong></span> <span class='ocrx_word' id='word_1_638' title='bbox 2059 5683 2183 5738; x_wconf 86' lang='lat' dir='ltr'><strong>ﬁdei</strong></span> 
     </span>
    </p>
   </div>
   <div class='ocr_carea' id='block_1_101' title="bbox 604 5765 2186 5848">
    <p class='ocr_par' dir='ltr' id='par_1_101' title="bbox 604 5765 2186 5848">
     <span class='ocr_line' id='line_1_101' title="bbox 604 5765 2186 5848; baseline 0.009 -31"><span class='ocrx_word' id='word_1_639' title='bbox 604 5765 942 5834; x_wconf 79' lang='lat' dir='ltr'><strong>perfectione</strong></span> <span class='ocrx_word' id='word_1_640' title='bbox 985 5767 1234 5826; x_wconf 88' lang='lat' dir='ltr'><strong>ﬁrmatus</strong></span> <span class='ocrx_word' id='word_1_641' title='bbox 1293 5772 1347 5826; x_wconf 89' lang='lat' dir='ltr'><strong>in</strong></span> <span class='ocrx_word' id='word_1_642' title='bbox 1405 5777 1906 5846; x_wconf 84' lang='lat' dir='ltr'><strong>supernaturalium</strong></span> <span class='ocrx_word' id='word_1_643' title='bbox 1959 5777 2186 5848; x_wconf 85' lang='lat' dir='ltr'><strong>partici-</strong></span> 
     </span>
    </p>
   </div>
   <div class='ocr_carea' id='block_1_102' title="bbox 606 5857 2181 5942">
    <p class='ocr_par' dir='ltr' id='par_1_102' title="bbox 606 5857 2181 5942">
     <span class='ocr_line' id='line_1_102' title="bbox 606 5857 2181 5942; baseline 0.01 -32"><span class='ocrx_word' id='word_1_644' title='bbox 606 5857 841 5926; x_wconf 82' lang='lat' dir='ltr'><strong>pationc.</strong></span> <span class='ocrx_word' id='word_1_645' title='bbox 868 5858 1002 5915; x_wconf 83' lang='lat' dir='ltr'><strong>Nam</strong></span> <span class='ocrx_word' id='word_1_646' title='bbox 1055 5863 1484 5931; x_wconf 83' lang='lat' dir='ltr'><strong>puriﬁcationem</strong></span> <span class='ocrx_word' id='word_1_647' title='bbox 1539 5872 1835 5926; x_wconf 82' lang='lat' dir='ltr'><strong>secundum</strong></span> <span class='ocrx_word' id='word_1_648' title='bbox 1887 5873 2181 5942; x_wconf 88' lang='lat' dir='ltr'><strong>practicam</strong></span> 
     </span>
    </p>
   </div>
   <div class='ocr_carea' id='block_1_103' title="bbox 2294 4663 3830 4742">
    <p class='ocr_par' dir='ltr' id='par_1_103' title="bbox 2294 4663 3830 4742">
     <span class='ocr_line' id='line_1_103' title="bbox 2294 4663 3830 4742; baseline -0.002 -19"><span class='ocrx_word' id='word_1_649' title='bbox 2294 4672 2592 4724; x_wconf 80' lang='grc' dir='ltr'>εσκεύασεν</span> <span class='ocrx_word' id='word_1_650' title='bbox 2622 4673 2958 4742; x_wconf 75' lang='grc' dir='ltr'>οἰκητήριον,</span> <span class='ocrx_word' id='word_1_651' title='bbox 2989 4672 3078 4725; x_wconf 75' lang='grc' dir='ltr'><strong>τόν</strong></span> <span class='ocrx_word' id='word_1_652' title='bbox 3107 4690 3166 4724; x_wconf 90' lang='grc' dir='ltr'><strong>τε</strong></span> <span class='ocrx_word' id='word_1_653' title='bbox 3217 4673 3336 4725; x_wconf 83' lang='grc' dir='ltr'>ὅλον</span> <span class='ocrx_word' id='word_1_654' title='bbox 3369 4673 3600 4741; x_wconf 78' lang='grc' dir='ltr'>κόσμον,</span> <span class='ocrx_word' id='word_1_655' title='bbox 3632 4673 3685 4723; x_wconf 82' lang='grc' dir='ltr'>ἐν</span> <span class='ocrx_word' id='word_1_656' title='bbox 3719 4663 3756 4737; x_wconf 79' lang='grc' dir='ltr'><strong>ᾧ</strong></span> <span class='ocrx_word' id='word_1_657' title='bbox 3776 4670 3830 4720; x_wconf 82' lang='grc' dir='ltr'><strong>οἱ·</strong></span> 
     </span>
    </p>
   </div>
   <div class='ocr_carea' id='block_1_104' title="bbox 2292 4757 3826 4833">
    <p class='ocr_par' dir='ltr' id='par_1_104' title="bbox 2292 4757 3826 4833">
     <span class='ocr_line' id='line_1_104' title="bbox 2292 4757 3826 4833; baseline -0.003 -19"><span class='ocrx_word' id='word_1_658' title='bbox 2292 4765 2380 4814; x_wconf 80' lang='grc' dir='ltr'>κεῖ</span> <span class='ocrx_word' id='word_1_659' title='bbox 2411 4764 2531 4815; x_wconf 74' lang='grc' dir='ltr'>κατ’</span> <span class='ocrx_word' id='word_1_660' title='bbox 2559 4763 2864 4833; x_wconf 79' lang='grc' dir='ltr'>ἐνέργειαν,</span> <span class='ocrx_word' id='word_1_661' title='bbox 2908 4765 3002 4816; x_wconf 73' lang='grc' dir='ltr'>καὶ</span> <span class='ocrx_word' id='word_1_662' title='bbox 3029 4763 3189 4816; x_wconf 70' lang='grc' dir='ltr'>αὑτὸν</span> <span class='ocrx_word' id='word_1_663' title='bbox 3231 4763 3322 4816; x_wconf 83' lang='grc' dir='ltr'>τὸν</span> <span class='ocrx_word' id='word_1_664' title='bbox 3363 4763 3486 4816; x_wconf 80' lang='grc' dir='ltr'>κατ’</span> <span class='ocrx_word' id='word_1_665' title='bbox 3513 4763 3692 4816; x_wconf 76' lang='grc' dir='ltr'>εἰκόνα</span> <span class='ocrx_word' id='word_1_666' title='bbox 3720 4757 3826 4813; x_wconf 75' lang='grc' dir='ltr'>Θεοῦ</span> 
     </span>
    </p>
   </div>
   <div class='ocr_carea' id='block_1_105' title="bbox 2293 4853 3827 4927">
    <p class='ocr_par' dir='ltr' id='par_1_105' title="bbox 2293 4853 3827 4927">
     <span class='ocr_line' id='line_1_105' title="bbox 2293 4853 3827 4927; baseline -0.003 -21"><span class='ocrx_word' id='word_1_667' title='bbox 2293 4853 2690 4923; x_wconf 80' lang='grc' dir='ltr'>καὶόμοίωσιν,</span> <span class='ocrx_word' id='word_1_668' title='bbox 2731 4855 2791 4919; x_wconf 75' lang='grc' dir='ltr'>ἐξ</span> <span class='ocrx_word' id='word_1_669' title='bbox 2836 4857 3040 4927; x_wconf 78' lang='grc' dir='ltr'>ὁρατῆς</span> <span class='ocrx_word' id='word_1_670' title='bbox 3080 4855 3178 4910; x_wconf 77' lang='grc' dir='ltr'>καὶ</span> <span class='ocrx_word' id='word_1_671' title='bbox 3222 4857 3453 4925; x_wconf 80' lang='grc' dir='ltr'>ἀοράτου</span> <span class='ocrx_word' id='word_1_672' title='bbox 3497 4855 3705 4923; x_wconf 70' lang='grc' dir='ltr'>φύσεως</span> <span class='ocrx_word' id='word_1_673' title='bbox 3739 4867 3827 4902; x_wconf 83' lang='grc' dir='ltr'>κτι-</span> 
     </span>
    </p>
   </div>
   <div class='ocr_carea' id='block_1_106' title="bbox 2295 4944 2827 5016">
    <p class='ocr_par' dir='ltr' id='par_1_106' title="bbox 2295 4944 2827 5016">
     <span class='ocr_line' id='line_1_106' title="bbox 2295 4944 2827 5016; baseline 0.008 -20"><span class='ocrx_word' id='word_1_674' title='bbox 2295 4944 2491 4998; x_wconf 86' lang='grc' dir='ltr'>σθέντα</span> <span class='ocrx_word' id='word_1_675' title='bbox 2521 4945 2827 5016; x_wconf 83' lang='grc' dir='ltr'>ἄνθρωπον.</span> 
     </span>
    </p>
   </div>
   <div class='ocr_carea' id='block_1_107' title="bbox 2364 5033 3830 5108">
    <p class='ocr_par' dir='ltr' id='par_1_107' title="bbox 2364 5033 3830 5108">
     <span class='ocr_line' id='line_1_107' title="bbox 2364 5033 3830 5108; baseline -0.005 -17"><span class='ocrx_word' id='word_1_676' title='bbox 2364 5037 2470 5091; x_wconf 77' lang='grc' dir='ltr'><strong>Καὶ</strong></span> <span class='ocrx_word' id='word_1_677' title='bbox 2497 5037 2786 5106; x_wconf 70' lang='grc' dir='ltr'>ὑπήρεισε</span> <span class='ocrx_word' id='word_1_678' title='bbox 2834 5040 3100 5105; x_wconf 63' lang='grc' dir='ltr'>στύλους</span> <span class='ocrx_word' id='word_1_679' title='bbox 3149 5038 3319 5091; x_wconf 77' lang='grc' dir='ltr'>ἑπτά.</span> <span class='ocrx_word' id='word_1_680' title='bbox 3361 5039 3473 5092; x_wconf 74' lang='grc' dir='ltr'><strong>Καὶ</strong></span> <span class='ocrx_word' id='word_1_681' title='bbox 3513 5041 3578 5108; x_wconf 84' lang='grc' dir='ltr'>τῇ</span> <span class='ocrx_word' id='word_1_682' title='bbox 3636 5037 3723 5107; x_wconf 75' lang='grc' dir='ltr'>μὲν</span> <span class='ocrx_word' id='word_1_683' title='bbox 3755 5033 3830 5103; x_wconf 72' lang='grc' dir='ltr'><strong>ὅλῃ</strong></span> 
     </span>
    </p>
   </div>
   <div class='ocr_carea' id='block_1_108' title="bbox 2293 5129 3827 5202">
    <p class='ocr_par' dir='ltr' id='par_1_108' title="bbox 2293 5129 3827 5202">
     <span class='ocr_line' id='line_1_108' title="bbox 2293 5129 3827 5202; baseline -0.005 -18"><span class='ocrx_word' id='word_1_684' title='bbox 2293 5130 2526 5202; x_wconf 75' lang='grc' dir='ltr'>αἱσθητῇ</span> <span class='ocrx_word' id='word_1_685' title='bbox 2577 5131 2735 5200; x_wconf 80' lang='grc' dir='ltr'>φύσει</span> <span class='ocrx_word' id='word_1_686' title='bbox 2790 5132 3015 5184; x_wconf 78' lang='grc' dir='ltr'>ὑπέθετο</span> <span class='ocrx_word' id='word_1_687' title='bbox 3057 5133 3193 5202; x_wconf 71' lang='grc' dir='ltr'>πρὸς</span> <span class='ocrx_word' id='word_1_688' title='bbox 3238 5130 3493 5202; x_wconf 78' lang='grc' dir='ltr'>ὕπαρξιν,</span> <span class='ocrx_word' id='word_1_689' title='bbox 3524 5131 3620 5200; x_wconf 81' lang='grc' dir='ltr'>τὴν</span> <span class='ocrx_word' id='word_1_690' title='bbox 3643 5129 3827 5198; x_wconf 71' lang='grc' dir='ltr'>ἑϐδομα-</span> 
     </span>
    </p>
   </div>
   <div class='ocr_carea' id='block_1_109' title="bbox 2291 5216 3825 5295">
    <p class='ocr_par' dir='ltr' id='par_1_109' title="bbox 2291 5216 3825 5295">
     <span class='ocr_line' id='line_1_109' title="bbox 2291 5216 3825 5295; baseline -0.005 -20"><span class='ocrx_word' id='word_1_691' title='bbox 2291 5222 2447 5295; x_wconf 81' lang='grc' dir='ltr'>δικὴν</span> <span class='ocrx_word' id='word_1_692' title='bbox 2471 5221 2562 5276; x_wconf 90' lang='grc' dir='ltr'><strong>τοῦ</strong></span> <span class='ocrx_word' id='word_1_693' title='bbox 2577 5224 2767 5293; x_wconf 70' lang='grc' dir='ltr'>χρόνον</span> <span class='ocrx_word' id='word_1_694' title='bbox 2793 5241 2857 5275; x_wconf 83' lang='grc' dir='ltr'><strong>πε</strong></span> <span class='ocrx_word' id='word_1_695' title='bbox 2865 5223 3056 5294; x_wconf 73' lang='grc' dir='ltr'>ρίοδονο</span> <span class='ocrx_word' id='word_1_696' title='bbox 3078 5222 3224 5293; x_wconf 72' lang='grc' dir='ltr'>αὐτῷ</span> <span class='ocrx_word' id='word_1_697' title='bbox 3246 5223 3300 5275; x_wconf 81' lang='grc' dir='ltr'>δὲ</span> <span class='ocrx_word' id='word_1_698' title='bbox 3322 5222 3398 5292; x_wconf 80' lang='grc' dir='ltr'>τῷ</span> <span class='ocrx_word' id='word_1_699' title='bbox 3419 5222 3702 5292; x_wconf 79' lang='grc' dir='ltr'>ἀνθρώπῳ,</span> <span class='ocrx_word' id='word_1_700' title='bbox 3717 5216 3825 5290; x_wconf 77' lang='grc' dir='ltr'><strong>μετά</strong></span> 
     </span>
    </p>
   </div>
   <div class='ocr_carea' id='block_1_110' title="bbox 2291 5312 3824 5388">
    <p class='ocr_par' dir='ltr' id='par_1_110' title="bbox 2291 5312 3824 5388">
     <span class='ocr_line' id='line_1_110' title="bbox 2291 5312 3824 5388; baseline -0.002 -20"><span class='ocrx_word' id='word_1_701' title='bbox 2291 5316 2392 5388; x_wconf 80' lang='grc' dir='ltr'>τὴν</span> <span class='ocrx_word' id='word_1_702' title='bbox 2434 5317 2645 5386; x_wconf 85' lang='grc' dir='ltr'>γένεσιν</span> <span class='ocrx_word' id='word_1_703' title='bbox 2698 5317 2839 5370; x_wconf 78' lang='grc' dir='ltr'>κατᾶ</span> <span class='ocrx_word' id='word_1_704' title='bbox 2888 5319 3120 5388; x_wconf 65' lang='grc' dir='ltr'>Χριστὸν</span> <span class='ocrx_word' id='word_1_705' title='bbox 3180 5315 3507 5386; x_wconf 74' lang='grc' dir='ltr'>κτιζομένῳ,</span> <span class='ocrx_word' id='word_1_706' title='bbox 3537 5317 3592 5368; x_wconf 77' lang='grc' dir='ltr'>ἐν</span> <span class='ocrx_word' id='word_1_707' title='bbox 3761 5327 3824 5360; x_wconf 78' lang='grc' dir='ltr'>πι-</span> 
     </span>
    </p>
   </div>
   <div class='ocr_carea' id='block_1_111' title="bbox 2284 5405 3824 5480">
    <p class='ocr_par' dir='ltr' id='par_1_111' title="bbox 2284 5405 3824 5480">
     <span class='ocr_line' id='line_1_111' title="bbox 2284 5405 3824 5480; baseline -0.006 -17"><span class='ocrx_word' id='word_1_708' title='bbox 2284 5411 2508 5463; x_wconf 77' lang='grc' dir='ltr'>στεύειν</span> <span class='ocrx_word' id='word_1_709' title='bbox 2534 5409 2682 5480; x_wconf 79' lang='grc' dir='ltr'><strong>αὑτῷ</strong></span> <span class='ocrx_word' id='word_1_710' title='bbox 2705 5411 2797 5462; x_wconf 73' lang='grc' dir='ltr'>καὶ</span> <span class='ocrx_word' id='word_1_711' title='bbox 2823 5410 2923 5480; x_wconf 79' lang='grc' dir='ltr'>τὴν</span> <span class='ocrx_word' id='word_1_712' title='bbox 2950 5410 3113 5461; x_wconf 75' lang='grc' dir='ltr'>αὑτοῦ</span> <span class='ocrx_word' id='word_1_713' title='bbox 3144 5410 3336 5478; x_wconf 82' lang='grc' dir='ltr'>τηρεῖν</span> <span class='ocrx_word' id='word_1_714' title='bbox 3364 5408 3606 5478; x_wconf 73' lang='grc' dir='ltr'>ἐντολὴν,</span> <span class='ocrx_word' id='word_1_715' title='bbox 3635 5405 3824 5460; x_wconf 83' lang='grc' dir='ltr'>ὑπέθετο</span> 
     </span>
    </p>
   </div>
   <div class='ocr_carea' id='block_1_112' title="bbox 2293 5487 3822 5572">
    <p class='ocr_par' dir='ltr' id='par_1_112' title="bbox 2293 5487 3822 5572">
     <span class='ocr_line' id='line_1_112' title="bbox 2293 5487 3822 5572; baseline -0.007 -17"><span class='ocrx_word' id='word_1_716' title='bbox 2293 5497 2447 5565; x_wconf 68' lang='grc' dir='ltr'>αὖθις</span> <span class='ocrx_word' id='word_1_717' title='bbox 2502 5500 2569 5554; x_wconf 86' lang='grc' dir='ltr'><strong>τά</strong></span> <span class='ocrx_word' id='word_1_718' title='bbox 2616 5501 2756 5553; x_wconf 79' lang='grc' dir='ltr'>ἑπτὰ</span> <span class='ocrx_word' id='word_1_719' title='bbox 2794 5501 2887 5552; x_wconf 89' lang='grc' dir='ltr'><strong>τοῦ</strong></span> <span class='ocrx_word' id='word_1_720' title='bbox 2942 5500 3260 5570; x_wconf 72' lang='grc' dir='ltr'>Πνεῦματος</span> <span class='ocrx_word' id='word_1_721' title='bbox 3303 5501 3616 5572; x_wconf 81' lang='grc' dir='ltr'>χαρίσματα</span> <span class='ocrx_word' id='word_1_722' title='bbox 3640 5514 3653 5526; x_wconf 90' lang='grc'><strong>·</strong></span> <span class='ocrx_word' id='word_1_723' title='bbox 3683 5499 3734 5548; x_wconf 86' lang='grc' dir='ltr'>ὲν</span> <span class='ocrx_word' id='word_1_724' title='bbox 3762 5487 3822 5555; x_wconf 76' lang='grc' dir='ltr'><strong>οἷς</strong></span> 
     </span>
    </p>
   </div>
   <div class='ocr_carea' id='block_1_113' title="bbox 2290 5583 3824 5665">
    <p class='ocr_par' dir='ltr' id='par_1_113' title="bbox 2290 5583 3824 5665">
     <span class='ocr_line' id='line_1_113' title="bbox 2290 5583 3824 5665; baseline -0.001 -21"><span class='ocrx_word' id='word_1_725' title='bbox 2290 5594 2640 5665; x_wconf 69' lang='grc' dir='ltr'>ψυχουμένης</span> <span class='ocrx_word' id='word_1_726' title='bbox 2668 5596 2765 5664; x_wconf 81' lang='grc' dir='ltr'><strong>τῆς</strong></span> <span class='ocrx_word' id='word_1_727' title='bbox 2805 5594 3002 5663; x_wconf 81' lang='grc' dir='ltr'>ἀρετῆς</span> <span class='ocrx_word' id='word_1_728' title='bbox 3048 5593 3191 5646; x_wconf 68' lang='grc' dir='ltr'>κατὰ</span> <span class='ocrx_word' id='word_1_729' title='bbox 3233 5593 3456 5660; x_wconf 82' lang='grc' dir='ltr'>γνῶσιν,</span> <span class='ocrx_word' id='word_1_730' title='bbox 3501 5592 3591 5646; x_wconf 71' lang='grc' dir='ltr'>καὶ</span> <span class='ocrx_word' id='word_1_731' title='bbox 3608 5591 3697 5660; x_wconf 81' lang='grc' dir='ltr'><strong>τῆς</strong></span> <span class='ocrx_word' id='word_1_732' title='bbox 3720 5583 3824 5654; x_wconf 78' lang='grc' dir='ltr'>γνώ-</span> 
     </span>
    </p>
   </div>
   <div class='ocr_carea' id='block_1_114' title="bbox 2295 5682 3821 5756">
    <p class='ocr_par' dir='ltr' id='par_1_114' title="bbox 2295 5682 3821 5756">
     <span class='ocr_line' id='line_1_114' title="bbox 2295 5682 3821 5756; baseline -0.008 -16"><span class='ocrx_word' id='word_1_733' title='bbox 2295 5705 2430 5750; x_wconf 79' lang='grc' dir='ltr'>σεως</span> <span class='ocrx_word' id='word_1_734' title='bbox 2478 5682 2632 5750; x_wconf 78' lang='grc' dir='ltr'>αὖθις</span> <span class='ocrx_word' id='word_1_735' title='bbox 2684 5686 3112 5755; x_wconf 83' lang='grc' dir='ltr'>σωματουμένης</span> <span class='ocrx_word' id='word_1_736' title='bbox 3163 5685 3283 5738; x_wconf 84' lang='grc' dir='ltr'>κατ’</span> <span class='ocrx_word' id='word_1_737' title='bbox 3311 5685 3533 5756; x_wconf 78' lang='grc' dir='ltr'>ἀρετὴν,</span> <span class='ocrx_word' id='word_1_738' title='bbox 3560 5688 3588 5738; x_wconf 87' lang='grc' dir='ltr'><strong>ὁ</strong></span> <span class='ocrx_word' id='word_1_739' title='bbox 3620 5695 3821 5749; x_wconf 80' lang='grc' dir='ltr'>πνευμα-</span> 
     </span>
    </p>
   </div>
   <div class='ocr_carea' id='block_1_115' title="bbox 2291 5771 3820 5852">
    <p class='ocr_par' dir='ltr' id='par_1_115' title="bbox 2291 5771 3820 5852">
     <span class='ocr_line' id='line_1_115' title="bbox 2291 5771 3820 5852; baseline 0 -20"><span class='ocrx_word' id='word_1_740' title='bbox 2291 5779 2442 5844; x_wconf 78' lang='grc' dir='ltr'>τικὸς</span> <span class='ocrx_word' id='word_1_741' title='bbox 2483 5780 2846 5851; x_wconf 73' lang='grc' dir='ltr'>ἀπαρτίζεται</span> <span class='ocrx_word' id='word_1_742' title='bbox 2893 5780 3182 5852; x_wconf 78' lang='grc' dir='ltr'>ἄνθρωπος</span> <span class='ocrx_word' id='word_1_743' title='bbox 3201 5821 3215 5844; x_wconf 89' lang='grc'><strong>,</strong></span> <span class='ocrx_word' id='word_1_744' title='bbox 3248 5780 3623 5850; x_wconf 76' lang='grc' dir='ltr'>τελειούμενος</span> <span class='ocrx_word' id='word_1_745' title='bbox 3650 5774 3717 5846; x_wconf 81' lang='grc' dir='ltr'>τῷ</span> <span class='ocrx_word' id='word_1_746' title='bbox 3740 5771 3820 5838; x_wconf 72' lang='grc' dir='ltr'>τῆς</span> 
     </span>
    </p>
   </div>
   <div class='ocr_carea' id='block_1_116' title="bbox 2294 5861 3816 5942">
    <p class='ocr_par' dir='ltr' id='par_1_116' title="bbox 2294 5861 3816 5942">
     <span class='ocr_line' id='line_1_116' title="bbox 2294 5861 3816 5942; baseline -0.003 -18"><span class='ocrx_word' id='word_1_747' title='bbox 2294 5871 2531 5934; x_wconf 76' lang='grc' dir='ltr'>πῖστεως</span> <span class='ocrx_word' id='word_1_748' title='bbox 2571 5872 2733 5938; x_wconf 76' lang='grc' dir='ltr'>τέλει,</span> <span class='ocrx_word' id='word_1_749' title='bbox 2791 5875 2854 5942; x_wconf 79' lang='grc' dir='ltr'>τῇ</span> <span class='ocrx_word' id='word_1_750' title='bbox 2905 5872 3012 5926; x_wconf 80' lang='grc' dir='ltr'>τῶν</span> <span class='ocrx_word' id='word_1_751' title='bbox 3060 5872 3199 5942; x_wconf 60' lang='grc' dir='ltr'><strong>ὑπὲρ</strong></span> <span class='ocrx_word' id='word_1_752' title='bbox 3267 5861 3816 5941; x_wconf 64' lang='grc' dir='ltr'>φύσιν-μεθέξει·κιὶ</span> 
     </span>
    </p>
   </div>
  </div>
