4034 6512
209 376 342 441 1301

1226 373 1764 438 COMMENTARII
1795 373 1875 434 IN
1904 375 2363 438 PROV'ERBIA.

3342 370 3474 439 1302

198 501 306 565 γὰρ
348 493 448 564 τὴν
483 492 582 562 μὲν
624 491 768 546 κατὰ
808 492 908 561 τὴν
953 489 1267 562 πρακτικὴν
1321 492 1642 562 φιλοσοφίας
1680 491 1821 554 κάσε

1925 496 2243 563 liilosOpliia:
2273 501 2590 564 Operantur,
2607 501 2660 548 et
2685 490 2868 557 timor,
2886 473 3092 545 docens
3121 490 3472 559 cupiditatem

197 590 396 660 θαρσιν
420 585 772 657 ἐργάζονται,
802 587 830 637 'o'
873 600 930 636 τε
968 583 1133 651 φόϐος
1169 583 1373 636 πείθων
1400 585 1509 638 ἀπὸ
1549 585 1660 638 τῶν
1688 601 1790 638 παν

197 680 309 734 θῶν
370 677 839 748 ὲγκρατεύεσθαι,
897 675 996 729 καὶ
1046 677 1079 745 ἡ
1131 676 1414 746 ἐπιστήμη
1473 676 1793 729 ὐποτιθεῖσα

197 774 329 836 τοὺς
374 771 474 840 τῆς
529 767 854 837 καθάρσεως
902 768 1165 839 τρόπους,
1228 769 1322 821 καὶ
1378 769 1412 838 ἡ
1470 769 1673 836 γνῶσις
1719 768 1794 840 μὴ

198 865 420 932 ἀγνοεῖν
453 859 814 929 συγχωροῦσα
844 860 942 921 τὰς
973 858 1271 919 ἐπιϐουλὰς
1306 859 1402 912 τοῦ
1443 857 1695 930 Ἐχθροῦ.

277 953 385 1005 Τὸν
417 950 474 1004 δὲ
521 950 662 1002 κατὰ
693 949 789 1018 τὴν
823 949 1060 1018 φυσικὴν
1101 951 1160 1002 ὲν
1199 948 1469 1017 πνεύματι
1517 949 1798 1021 φωτισμὸν

201 1042 590 1114 κατορθοῦσιν,
610 1042 643 1112 ἦ
664 1057 722 1093 τε
748 1043 899 1111 ἰσχὺς
923 1041 1216 1111 προθύμως
1235 1044 1410 1113 ὀρμᾷν
1426 1043 1799 1096 καὶκινείσθαι

205 1134 711 1207 παρασκευάζουσα
780 1133 919 1204 πρὸς
962 1134 1090 1196 τοὺς
1135 1133 1327 1202 λόγους
1365 1134 1476 1187 τῶν
1528 1135 1697 1188 ὄντων
1731 1135 1801 1189 τὰ

203 1230 331 1282 θεῖα
370 1230 585 1290 πάντως
626 1226 931 1296 θελήματα,
961 1227 1086 1279 καθ’
1114 1225 1240 1280 ἂτὰ
1279 1227 1458 1282 πάντα
1503 1229 1798 1297 γεγόνασιο

203 1321 305 1374 καὶ
351 1321 384 1390 ἡ
427 1319 588 1389 βουλὴ
637 1318 961 1389 διακρίνασα
1009 1318 1079 1372 τει
1106 1310 1334 1374 τοιαῦτα
1377 1321 1672 1389 πανάγαθα
1701 1319 1799 1374 τοῦ

203 1411 347 1464 θεοῦ
381 1410 680 1479 θελήματα.
704 1407 778 1470 ὡς
804 1408 878 1478 μὴ
905 1408 1159 1479 ἡργμένα
1177 1410 1274 1462 καὶ
1295 1409 1567 1481 ἄφθαρτα,
1595 1415 1688 1463 καὶ
1718 1413 1802 1464 ἐνο

203 1502 476 1572 δεχόμενα
519 1497 760 1551 νοεῖσθαι
809 1498 904 1550 καὶ
969 1498 1249 1552 λαλεῖσθαι
1296 1500 1388 1552 καὶ
1438 1499 1800 1570 πράττεσθαι,

206 1593 320 1645 ἀπὸ
343 1591 453 1644 τῶν
489 1591 566 1661 μὴ
611 1588 868 1643 τοιούτων
891 1605 904 1618 ·
941 1592 1036 1642 καὶ
1073 1592 1106 1660 ἡ
1141 1590 1394 1654 σύνεσις,
1432 1593 1572 1664 πρὸς
1606 1592 1802 1657 ταῦτα,

206 1688 306 1738 καὶ
334 1685 412 1756 μὴ
438 1683 576 1754 πρὸς
607 1683 678 1736 τὰ
705 1683 922 1735 ἐναντία
968 1683 1203 1736 ποιοῦσα
1250 1683 1526 1738 συννεύειν
1555 1684 1652 1737 καὶ
1681 1702 1806 1737 συν-

207 1777 707 1847 διατίθεσθαιοτὴν
763 1775 820 1828 δὲ
873 1776 1014 1829 κατὰ
1064 1775 1163 1845 τὴν
1211 1777 1478 1848 μυστικὴν
1529 1777 1807 1842 Θεολογίαν

1893 592 2202 645 continere.
2271 591 2325 636 et
2390 579 2778 650 intelligentia.
2838 577 3030 634 modos
3082 576 3477 647 puriticationis

1895 671 2217 735 ostendens,
2276 679 2330 723 et
2386 669 2642 732 scicntia,
2700 667 2904 722 docens
2957 665 3232 737 quomodo
3275 663 3477 719 diaboli

1895 761 2126 817 insidias
2170 766 2586 832 reeognosccat.

1969 939 2035 994 Et
2067 936 2414 1010 splendorem
2473 936 2705 1008 spiritus
2753 935 3059 990 naturalem
3108 941 3378 995 exaltant,
3419 942 3480 986 et

1898 1033 2098 1097 virtus,
2165 1031 2468 1102 disponens
2517 1031 2582 1084 ad
2617 1028 2970 1101 quaerendum
3008 1043 3132 1080 cum
3170 1025 3385 1081 fervore
3428 1036 3480 1080 ct

1900 1121 2345 1187 desiderandum,
2377 1119 2681 1175 secundum
2723 1135 2902 1173 rerum
2961 1119 3222 1182 rationes,
3258 1119 3482 1171 omnino

1902 1215 2119 1272 divinas
2186 1216 2517 1281 voluntates,
2569 1213 2872 1268 secundum
2919 1226 3058 1280 quas
3101 1210 3298 1264 omnia
3337 1208 3480 1262 facta

1903 1322 2058 1376 sunt,
2089 1320 2144 1364 et
2175 1309 2490 1370 consilium.
2524 1308 2849 1363 discernens
2885 1307 2952 1360 al)
2981 1305 3050 1360 iis
3075 1319 3194 1372 quia
3225 1303 3480 1358 talesnon

1904 1411 2054 1464 sunt,
2081 1401 2467 1456 sanctissimas
2493 1397 2588 1453 Dei
2618 1398 2955 1460 voluntates,
2983 1405 3239 1464 tanquam
3275 1395 3483 1447 increa-

1906 1503 1989 1548 tas
2023 1501 2075 1547 et
2104 1493 2467 1555 immortales,
2523 1500 2577 1546 et
2631 1489 2886 1559 cogitari,
2945 1494 2998 1542 et
3036 1504 3128 1542 ore
3159 1485 3389 1556 proferri
3431 1492 3486 1538 et

1906 1583 2021 1639 ﬁeri
2060 1584 2388 1652 recipientes
2420 1603 2433 1636 :
2491 1590 2545 1635 et
2581 1580 2894 1651 prudentia.
2935 1577 3250 1632 consentire
3299 1585 3354 1630 et
3393 1589 3484 1629 ac-

1907 1680 2196 1745 quiescere
2229 1672 2440 1726 faciens
2471 1671 2537 1725 ad
2568 1671 2706 1724 istas
2737 1677 2790 1724 et
2819 1685 2925 1723 non
2951 1670 3018 1723 ad
3058 1670 3284 1732 alteras;
3315 1667 3490 1736 perfe-

1909 1770 2146 1824 ctionem
2182 1782 2314 1820 vero
2352 1780 2476 1835 qua;
2507 1773 2592 1818 est
2616 1763 2920 1817 secundum
2957 1761 3245 1832 mysticam
3280 1759 3489 1814 theolo-

210 1871 523 1936 τελείωσιν,
563 1870 595 1938 ἡ
647 1843 768 1921 θεία
822 1869 960 1937 μόνη
1014 1843 1176 1935 σοφία
1214 1843 1542 1938 χαρίζεται,
1588 1867 1804 1939 μέθεξιν

1925 1860 2077 1929 ςίιιιιι,
2107 1856 2225 1912 sola
2245 1855 2429 1910 divina
2451 1855 2619 1909 donat
2643 1853 2938 1923 sapientia,
2969 1852 3177 1908 scilicet
3212 1849 3335 1904 vita:
3364 1865 3490 1919 par-

208 1963 308 2016 τοῦ
339 1962 456 2033 βίου
483 1961 854 2030 παρεχομένη.

292 2051 359 2122 β’.
389 2049 660 2118 Ἐσφαξε
691 2050 758 2103 τὰ
784 2047 1004 2116 ἑαυτῆς
1031 2047 1284 2114 θύματα.
1325 2046 1481 2102 Οὕτω
1516 2051 1628 2111 τοῖς
1667 2050 1808 2102 ἑπτὰ

209 2144 308 2199 τοῦ
347 2143 614 2211 παναγίου
644 2140 960 2210 Πνεύματος
1001 2141 1339 2212 χαρίσμασιν
1363 2145 1390 2195 ὁ
1420 2142 1514 2194 τοῦ
1545 2143 1680 2196 Θεοῦ
1701 2144 1807 2196 Λό-

209 2256 314 2308 γος
343 2238 660 2310 οἰκητήριον
691 2233 868 2304 ἐαυτῷ
894 2233 1358 2304 ἀπεργασάμενος
1379 2234 1470 2288 τὸν
1498 2234 1806 2306 ἄνθρωπον,

213 2333 540 2386 ἀπέκτεινεν
571 2332 628 2382 ὲν
658 2327 808 2398 αὐτῷ
842 2330 908 2398 τῇ
951 2327 1200 2397 μαχαίρᾳ
1225 2330 1292 2397 τῇ
1335 2327 1430 2380 τοῦ
1464 2328 1807 2399 Πνεύματος,

215 2425 320 2492 τῆς
348 2422 682 2492 φαινομένης
709 2419 944 2494 κτίσεως
964 2419 1064 2488 τὴν
1094 2418 1308 2488 κίνησιν
1338 2420 1434 2472 καὶ⁸
1453 2419 1523 2472 τὰ
1552 2421 1812 2491 σχήματα

216 2515 316 2567 καὶ
354 2512 518 2582 αὐτὴν
542 2513 640 2582 τὴν
668 2509 775 2564 τῶν
807 2510 977 2562 ὄντων
1008 2511 1198 2563 οὐσίαν
1223 2526 1236 2540 ’
1269 2510 1552 2581 νεκρώσας
1581 2512 1680 2582 τὴν
1705 2514 1810 2583 ὲμ-

218 2606 376 2675 παθῆ
415 2605 642 2676 περὶτὰ
686 2603 992 2673 φαινόμενα
1029 2602 1271 2656 διάθεσιν
1321 2603 1521 2669 αὐτοῦ,
1575 2606 1671 2657 καὶ
1716 2604 1815 2675 τὴν

218 2700 398 2771 ψευδῆ
434 2717 499 2751 πε
511 2700 564 2770 pi.
589 2698 696 2751 τῶν
721 2698 892 2751 ὄντων
921 2695 1102 2762 δόξαν,
1135 2696 1231 2750 καὶ
1263 2697 1363 2766 τὴν
1387 2696 1652 2751 πολύθεον
1684 2697 1818 2751 πλά-

221 2814 347 2868 νην.

310 2890 628 2955 Ἐκέριισεν
656 2890 736 2953 εἰς
775 2885 1042 2954 κρατῆρα
1085 2889 1194 2939 τὸν
1227 2883 1448 2952 ἑαυτῆς
1481 2880 1649 2938 οἶνον
1670 2901 1686 2916 ο
1720 2881 1820 2937 καί

225 2978 599 3048 ἡτοιμάσατο
630 2976 746 3044 τὴν
777 2975 998 3044 ἑαυτῆς
1035 2973 1346 3043 τράπεζαν.
1389 2975 1498 3026 Καὶ
1522 2975 1736 3044 ἥνωσεν
1760 2975 1822 3026 ὲν,

223 3072 305 3142 τῷ
337 3070 564 3140 τοιούτῳ
599 3067 906 3140 ἀνθρώπῳ,
945 3069 1001 3119 ὲν
1030 3060 1074 3135 ᾧ
1103 3065 1177 3129 ὥς
1208 3083 1314 3119 τινι
1345 3065 1582 3136 κρατῆρι
1628 3067 1818 3136 κιρνᾶ-

225 3181 320 3217 ται
351 3167 384 3234 ή
413 3163 578 3233 νοητὴ
611 3163 706 3215 καὶ
737 3161 973 3232 αἰσθητὴ
1009 3160 1172 3229 φύσις
1218 3162 1285 3231 τῇ
1344 3159 1452 3211 τῶν
1478 3160 1648 3210 ὄντων
1673 3156 1818 3226 γνῶ·
1847 3187 1892 3248 C

231 3274 341 3320 σει,
375 3259 474 3326 τὴν
507 3255 704 3309 ἑαυτοῦ
737 3255 810 3318 ὡς
844 3255 1061 3308 πάντων
1091 3253 1264 3306 αἰτίου
1319 3252 1616 3320 ἐπίγνωσιν
1637 3291 1654 3317 ,
1691 3252 1816 3322 ἥτις

230 3352 449 3418 πέφυκε
477 3348 569 3401 τὸν
599 3348 724 3401 νοῦν
790 3348 1009 3401 πάντων
1037 3345 1144 3398 τῶν
1174 3345 1312 3416 μετὰ
1337 3345 1470 3397 Θεὸν
1491 3343 1646 3412 δίκην
1677 3343 1822 3397 οῐνου

232 3443 483 3511 ὲξιστᾷν·
517 3441 612 3493 καί
646 3440 790 3493 οὓτω
819 3440 886 3492 δι’
907 3437 1127 3502 ἑαυτοῦ,
1151 3438 1315 3509 ἄρτου
1339 3437 1592 3508 οὐρανίου
1621 3435 1827 3506 τυγχά-

232 3549 453 3598 νοντος,
485 3532 663 3602 ψυχὰς
694 3533 812 3585 κατ’
839 3531 1042 3602 ἀρετὴν
1075 3531 1366 3600 τρέφοντος
1391 3568 1405 3590 ,
1445 3529 1589 3582 κατὰ
1623 3527 1825 3596 γνῶσιν

230 3626 441 3688 ταύτας
469 3624 778 3688 ποτίζοντος
804 3623 898 3676 καὶ
933 3621 1318 3691 εὐφραίνοντος
1338 3661 1353 3684 ,
1381 3620 1504 3673 τόδε
1535 3619 1597 3672 τὸ
1621 3621 1729 3672 πᾶν
1750 3617 1826 3683 ὦς

230 3733 362 3772 τινα
393 3717 714 3771 πανδαισίαν
735 3715 1056 3782 εὐτρέπισεν
1086 3716 1165 3778 εἰς
1190 3711 1566 3783 πνευματικὴν
1593 3711 1828 3782 εὐωχίαν

231 3813 348 3866 τῶν
383 3809 718 3881 βουλομένων
758 3805 1202 3878 μεταλαμϐάνειν
1230 3802 1420 3860 αὐτοῦ.

311 3910 383 3972 γ’.
424 3899 770 3956 Ἀπέστειλε
819 3897 962 3966 τοὺς
1007 3896 1232 3965 ἑαυτῆς
1283 3896 1547 3962 δούλους
1597 3908 1828 3964 συγκα-

233 3995 440 4050 λοῦσιι
481 3993 634 4063 μετὰ
675 3989 923 4060 ὑψηλοῦ
974 3992 1353 4058 κηρύγματος
1396 3986 1496 4040 ἐπὶ
1537 3984 1825 4054 κρατῆρα,

236 4091 532 4157 λέγουσα.
562 4083 815 4156 Ἔπεμψέ
851 4100 912 4136 τε
945 4084 1072 4145 τούς
1103 4081 1181 4151 τῷ
1213 4081 1343 4150 θείῳ
1371 4079 1535 4134 αὐτοῦ
1559 4079 1828 4149 θελήματι

240 4177 692 4250 λειτουργοῦντας
736 4175 1092 4238 ἀποστόλους,
1145 4175 1282 4243 μετὰ
1321 4171 1418 4224 τοῦ
1470 4169 1830 4240 εὐαγγελικοῦ

247 4265 730 4340 κηρύγματος.τοῦ
758 4265 908 4328 ὄντος
926 4266 1066 4334 ὑπὲρ
1098 4263 1187 4315 τὸν
1218 4261 1463 4332 γραπτὸν
1485 4261 1580 4314 καὶ
1602 4260 1830 4328 φυσικὸν

249 4361 408 4427 νόμον
437 4359 511 4421 ὡς
540 4355 944 4427 πνευματικοῦ,
977 4354 1456 4426 προσκαλούμενος
1484 4351 1568 4420 ἐφ’
1597 4352 1790 4404 ἑαυτὸν
1813 4368 1827 4381 ·

247 4451 308 4502 ἐν
389 4445 463 4508 ὥς
495 4463 602 4499 τινι
633 4444 874 4515 κρατῆρι
905 4447 1048 4497 κατὰ
1068 4445 1128 4497 τὸ
1149 4443 1251 4512 τῆς
1275 4443 1588 4513 οἰκονομίας
1625 4442 1832 4512 μυστή-

1909 1950 2308 2016 liuipationem.

1974 2041 2143 2096 Vrsas.
2194 2041 2250 2095 2.
2307 2038 2610 2094 Inimolavit
2642 2039 2881 2092 victimas
2924 2054 3073 2091 suas.
3126 2035 3216 2090 Sic
3253 2051 3349 2105 per
3405 2051 3492 2089 ses

1911 2140 2055 2201 ptent
2079 2129 2466 2185 sanctisissimi
2486 2127 2726 2196 Spiritus
2751 2125 3107 2190 charismata,
3133 2124 3225 2179 Dei
3255 2121 3499 2178 Verbum:

1911 2221 2015 2275 sibi
2073 2219 2405 2274 habitualem
2466 2217 2677 2270 faciens
2711 2214 3014 2280 hominem,
3060 2213 3310 2268 extendit
3342 2214 3396 2267 in
3428 2227 3494 2266 c0

1913 2314 2094 2385 gladio
2120 2313 2371 2381 spiritus,
2401 2309 2636 2365 visibilis
2689 2305 2990 2362 creationis
3045 2313 3274 2367 motum,
3297 2315 3352 2360 et
3380 2306 3496 2358 for-

1915 2423 2081 2468 mam,
2110 2416 2164 2460 et
2189 2420 2368 2460 rerum
2405 2401 2770 2458 substantiam
2804 2419 2817 2456 :
2849 2398 3190 2454 mortificans
3223 2397 3494 2452 turbatam

1915 2515 2043 2566 erga
2103 2497 2343 2552 visibilia
2385 2493 2758 2558 affectionem,
2805 2499 2861 2547 et
2911 2491 3160 2546 fallacem
3214 2489 3284 2545 de
3331 2488 3496 2544 rebus

1917 2593 2298 2664 gloriationem
2333 2599 2388 2646 ct
2419 2587 2770 2662 polytheismi
2795 2601 3056 2645 errorem.

1991 2857 2209 2912 Miscuit
2248 2857 2301 2910 in
2331 2865 2541 2910 cratera
2568 2854 2744 2910 vinum
2783 2869 2984 2919 suum;
3021 2861 3071 2908 et
3104 2852 3313 2921 paravit
3353 2867 3500 2907 men-

1920 2967 2030 3004 sam
2069 2966 2240 3004 suam.
2273 2947 2339 3001 Et
2364 2948 2537 3001 univit
2567 2946 2622 3000 in
2665 2945 2758 3000 tali
2808 2945 3050 3009 homine,
3108 2945 3160 2997 in
3206 2957 3338 3014 quo,
3385 2953 3503 2998 tan-

1921 3060 2084 3114 quam
2125 3042 2176 3095 in
2211 3049 2431 3095 cratera
2464 3040 2730 3094 miscetur
2774 3037 3082 3108 spiritualis
3109 3046 3168 3090 et
3198 3037 3503 3105 corporalis

1923 3145 2147 3196 natura,
2229 3148 2411 3188 rerum
2502 3131 2773 3194 scientiae,
2827 3130 3094 3200 suiipsius
3149 3135 3207 3181 ut
3257 3127 3502 3181 omnium

1927 3229 2172 3282 auctoris
2202 3225 2493 3292 notitiam;
2530 3239 2652 3295 quae
2708 3222 3123 3293 intelligentiam
3171 3219 3326 3281 facit,
3380 3230 3504 3272 tan-

1925 3337 2090 3393 quam
2114 3322 2243 3377 vino
2273 3319 2534 3375 inebriari
2563 3319 2651 3372 hic
2691 3331 2812 3387 qua
2840 3323 2972 3384 sunt
3007 3315 3156 3369 circa
3193 3313 3360 3369 Deum
3392 3331 3406 3368 :
3451 3321 3506 3368 et

1926 3418 2002 3472 ita
2032 3432 2128 3489 per
2157 3416 2428 3486 seipsum,
2459 3413 2553 3484 qui
2579 3419 2665 3467 est
2693 3412 2853 3482 panis
2887 3408 3155 3472 ccelestis,
3195 3407 3408 3462 animas
3448 3409 3503 3460 in

1928 3513 2132 3568 virtute
2157 3511 2429 3576 nutriens,
2460 3517 2517 3565 et
2557 3509 2613 3564 in
2660 3507 2915 3563 doctrina
2950 3505 3231 3560 inebrians
3272 3511 3328 3557 et
3357 3502 3506 3556 dele-

1927 3615 2108 3671 ctans,
2148 3605 2263 3660 inec
2299 3601 2484 3657 omnia
2529 3609 2590 3656 ut
2615 3600 2808 3670 epulas
2855 3596 3097 3667 disponit
3138 3597 3203 3649 ad
3223 3594 3508 3666 spirituale

1928 3697 2267 3772 convivium,
2309 3695 2438 3750 huic
2472 3692 2791 3765 participari
2826 3689 3286 3746 desiderantium.

2001 3877 2173 3932 Vsus.
2220 3876 2277 3931 5.
2327 3872 2476 3928 Misit
2528 3887 2705 3926 servos
2757 3886 2881 3924 suos
2904 3885 3121 3927 .vocans
3152 3883 3270 3922 cum
3309 3882 3506 3936 magna

1927 3972 2341 4042 proclamatione
2371 3965 2439 4020 ad
2477 3964 2746 4034 poculum,
2781 3962 2983 4017 dicens.
3031 3960 3180 4016 Misit
3209 3960 3509 4030 Apostolus

1930 4064 2128 4118 divina:
2166 4060 2317 4116 illius
2353 4056 2622 4112 voluntati
2645 4054 3016 4110 deservientes
3044 4068 3169 4108 cum
3197 4052 3510 4124 evangelica

1931 4153 2382 4227 proclamatione,
2413 4164 2535 4220 quae
2574 4161 2841 4218 tanquam
2874 4161 2902 4198 a
2938 4144 3138 4215 spiritu
3173 4144 3398 4198 veniens
3432 4155 3514 4197 est

1933 4261 2097 4315 super
2123 4245 2384 4313 scriptam
2414 4248 2468 4295 et
2505 4240 2816 4293 naturalem
2858 4238 3052 4307 legem,
3095 4250 3299 4290 vocans
3329 4234 3394 4289 ad
3423 4250 3512 4290 se-

1935 4341 2112 4410 ipsum
2139 4356 2154 4405 ;
2192 4337 2248 4392 in
2274 4351 2382 4407 quo
2412 4342 2471 4387 ut
2499 4337 2552 4387 in
2582 4341 2823 4392 cratera.
2853 4327 3372 4400 perlncarnationis
3399 4342 3516 4397 my-

1936 4432 2190 4494 sterium,
2223 4428 2366 4481 facta
2395 4433 2481 4481 est
2527 4421 2825 4480 secundum
2862 4419 3197 4490 bypostasim
3241 4416 3360 4471 sine
3387 4430 3492 4469 con

253 4511 389 4611 ριον,
421 4541 454 4608 ἡ
485 4511 1012 4608 παράδοξοςκρᾶσις
1045 4537 1142 4605 τῆς
1174 4511 1325 4598 θείας
1359 4511 1572 4604 φύσεως
1605 4535 1699 4587 καὶ
1739 4511 1821 4603 τῆς

1946 4527 2159 4581 fusione
2183 4521 2454 4577 mirabilis
2481 4527 2692 4574 natura:
2717 4516 2914 4572 divinae
2939 4522 2993 4569 et
3016 4513 3272 4567 humana:
3299 4511 3513 4564 mistio:

248 4629 599 4701 ἀνθρωπίνης
629 4629 951 4698 ἀσυγχύτως
979 4628 1100 4680 καθ’
1128 4627 1426 4681 ὑπόστασιν
1456 4627 1648 4696 γέγονε
1667 4642 1681 4655 ο
1707 4626 1833 4680 τάδε

251 4725 418 4776 οἱονεὶ⁸
441 4721 509 4774 δι’
530 4720 707 4775 αὐτῶν
738 4722 968 4788 φάσκων
997 4737 1013 4753 ·
1487 4761 1490 4764 .

331 4811 390 4866 δ’.
426 4812 531 4878 Ὃς
573 4813 703 4863 ἐστι
746 4810 989 4879 ἄφρων,
1041 4809 1372 4863 ἐκκλινάτω
1425 4810 1574 4877 πρός
1613 4827 1709 4879 με.
1738 4811 1836 4873 Ὃς

252 4908 408 4962 ἐστιν
435 4905 624 4976 ἄφρων
646 4945 662 4968 ,
701 4903 788 4958 διὰ
819 4905 882 4957 τὸ
915 4903 1313 4972 διαλογίζεσθαι
1344 4905 1402 4955 ὲν
1434 4903 1634 4974 καρδίᾳ.
1670 4903 1836 4958 αὐτοῦ

260 5000 335 5071 μὴ
364 4995 506 5054 εἶναι
540 5000 692 5063 Θεὸν,
720 4997 880 5067 ἀφεὶς
915 4996 1012 5066 τὴν
1035 4995 1246 5059 ἁθεῗαν,
1278 4996 1557 5065 ὲγγισάτω
1585 5013 1674 5064 μοι
1699 4995 1839 5048 κατὰ

257 5094 475 5147 πίστιν*
513 5091 608 5144 καὶ
641 5088 834 5159 γνώτω
875 5105 942 5158 με
976 5087 1310 5158 δημιουργὸν
1359 5087 1454 5139 τοῦ
1509 5087 1709 5151 παντὸς
1747 5088 1840 5140 καὶ

255 5185 558 5253 Δεσπότην.

329 5276 392 5332 ε’.
425 5278 535 5331 Καὶ
557 5275 681 5341 τοῖς
699 5274 933 5328 ὲνδεέσι
950 5272 1206 5342 φρενῶν,
1225 5269 1392 5326 εἶπεν
1408 5288 1421 5301 °
1448 5275 1714 5335 νΕλθετε,
1733 5272 1845 5342 φά-

258 5389 394 5443 γετε
416 5371 521 5424 τὸν
549 5371 696 5437 ἐμόν
719 5367 920 5436 ἄρτον,
949 5367 1046 5420 καὶ
1078 5367 1242 5420 πίε-τε
1264 5367 1432 5420 οἶνον
1455 5366 1526 5420 ὃν
1553 5365 1847 5435 κεκέρακα

258 5466 426 5536 ὑμῖν.
469 5463 576 5517 Καὶ
604 5464 714 5524 τοῖς
742 5461 823 5514 ἔτι
852 5460 1128 5530 δεομένοις
1155 5458 1264 5512 τῶν
1287 5457 1464 5528 ἔργων
1489 5459 1583 5527 τῆς
1609 5459 1847 5522 πίστεως

261 5561 359 5617 καὶ
386 5561 498 5621 τοῖς
530 5557 615 5609 ἐπ’
640 5555 824 5616 αὐτοῖς
847 5551 1183 5620 τελειοτέρας
1221 5548 1496 5618 γνώσεως,
1526 5550 1658 5620 ἔφη·
1685 5550 1847 5603 Δεζτε

264 5654 467 5723 φάγετε
506 5647 567 5701 τὸ
612 5647 727 5710 κατ’
777 5644 976 5714 ἀρετὴν
1036 5642 1194 5713 δίκην
1241 5642 1406 5712 ἄρτου
1458 5641 1658 5712 τρέφον
1707 5642 1851 5711 ὑμᾶς

266 5739 428 5810 σῶμα
464 5753 595 5808 μου·
647 5735 742 5788 καὶ
794 5733 946 5786 πίετε
980 5731 1038 5784 τὸ
1068 5731 1209 5784 κατὰ
1241 5729 1444 5798 γνῶσιν
1503 5729 1657 5798 δίκην
1705 5728 1848 5780 οἴνου

265 5831 556 5905 εὐφραῖνον
590 5828 756 5898 ὑμᾶς,
788 5823 880 5879 καὶ
913 5824 1048 5896 πρὸς
1075 5823 1268 5877 οέιωσιν
1301 5819 1525 5887 ὲξιστὼν
1555 5814 1698 5890 αἷμά
1725 5834 1848 5889 μου,

1941 4628 1993 4674 et
2024 4619 2156 4672 talia
2189 4631 2285 4686 per
2318 4629 2414 4669 eos
2458 4612 2663 4666 clamat
2701 4627 2714 4663 :

2015 4791 2183 4846 Vens.
2216 4792 2269 4845 ι.
2307 4789 2413 4855 Qui
2445 4798 2522 4841 est
2547 4787 2824 4855 insipiens,
2852 4793 3022 4838 veniat
3057 4783 3126 4836 ad
3152 4798 3252 4836 me.
3302 4780 3404 4846 Qui
3438 4788 3525 4834 est

1946 4885 2235 4954 insipiens,
2278 4880 2424 4950 quod
2462 4881 2519 4934 in
2555 4878 2722 4934 corde
2758 4878 2965 4948 cogitat
3005 4873 3178 4930 Deum
3225 4888 3334 4927 non
3369 4887 3522 4937 esse,

1945 4979 2212 5048 abjiciens
2264 4976 2624 5044 impietatem,
2667 4986 2763 5041 per
2788 4970 2945 5024 fidem
2979 4969 3045 5024 ad
3114 4983 3203 5022 me
3245 4967 3519 5022 declinet:

1947 5081 2001 5127 et
2027 5072 2166 5126 sciat
2194 5085 2281 5124 me
2312 5083 2435 5124 esse
2471 5067 2720 5120 ominum
2754 5066 3019 5120 factorem
3047 5072 3100 5118 et
3126 5061 3441 5115 Dominum.

2023 5252 2168 5308 Vens
2187 5249 2238 5305 5.
2262 5247 2328 5301 Et
2359 5248 2425 5300 iis
2446 5247 2534 5315 qui
2559 5243 2795 5312 indigent
2813 5240 3097 5308 sapientia,
3121 5238 3248 5292 dicit
3276 5253 3294 5291 :
3326 5235 3526 5301 Venite,

1953 5344 2272 5400 manducata
2305 5353 2506 5393 mecum
2548 5350 2758 5403 partem,
2791 5343 2840 5387 et
2862 5332 3018 5385 bibite
3044 5331 3220 5385 vinum
3241 5329 3378 5399 quod
3403 5329 3530 5380 mis-

1955 5441 2039 5494 cui
2067 5437 2235 5492 vobis.
2271 5434 2336 5490 Et
2368 5436 2435 5490 iis
2470 5434 2564 5504 qui
2589 5431 2711 5487 ﬁdei
2743 5430 3001 5502 operibus
3033 5429 3300 5496 indigent,
3331 5436 3385 5480 et
3408 5440 3534 5496 per-

1959 5532 2211 5587 fectionis
2241 5531 2294 5583 in
2321 5527 2432 5584 illis
2456 5527 2727 5582 doctrinae
2775 5524 2885 5580 sint
2917 5541 2930 5576 :
2964 5521 3178 5584 Venite,
3206 5519 3534 5572 nianducate

1959 5641 2157 5696 corpus
2216 5637 2420 5686 meum,
2478 5618 2627 5688 quod
2664 5631 2761 5672 vos
2813 5613 3116 5670 secundum
3168 5611 3422 5664 virtutem
3465 5608 3532 5662 ad

1962 5723 2136 5777 instar
2185 5717 2344 5789 panis
2387 5715 2598 5779 nutrit;
2631 5720 2685 5768 et
2750 5709 2920 5765 bibite
2967 5707 3288 5778 sanguinem
3324 5718 3534 5767 meum,

1961 5814 2106 5885 quod
2135 5808 2438 5868 secundum
2477 5804 2787 5864 doctrinam
2831 5801 2898 5857 ad
2937 5801 3113 5858 instar
3141 5797 3252 5854 vini
3276 5814 3290 5864 ;
3318 5811 3416 5850 vos
3443 5795 3538 5849 de-
