4034 6532
201 375 337 440 1305

1282 370 1823 433 COMMENTARII
1856 372 1941 434 IN
1982 373 2437 435 PROVERBIA.

3320 367 3461 433 1306

193 490 427 542 ἀπαιτεῖ
457 489 487 542 δ
513 486 648 557 πρὸς
682 485 742 538 τὸ
768 483 936 546 ὅντως
964 480 1171 549 ἀγαθὸν
1201 481 1413 552 ὁδηγῶν
1443 484 1589 551 ἡμᾶς
1624 482 1783 553 νόμος

1890 490 2120 559 spiritus
2144 503 2245 543 nos
2271 488 2338 541 ad
2367 501 2555 543 verum
2581 486 2779 540 bonum
2805 482 3143 547 conducens,
3167 492 3252 538 est
3280 463 3462 539 scieii-
3512 471 3516 475 Α

188 580 287 634 τοῦ
320 578 663 649 Πνεύματος,
696 575 815 639 νοός
854 577 972 627 εστι
1001 572 1441 643 διαλογιζομένου
1467 590 1527 626 τε
1562 573 1658 627 καὶ
1686 574 1785 644 ζη-

188 673 413 736 τοῦντος
437 671 569 725 αὐτὸ
593 671 653 722 τὸ
678 666 894 738 ἀληθῶς
923 665 1151 735 ἀγαθόν.

261 773 359 820 ια’.
406 765 606 829 Τούτῳ
636 761 745 831 γὰρ
773 759 853 825 τῷ
880 760 1110 828 τρόπῳ,
1157 757 1361 813 πολὺν
1396 755 1598 826 ζήσεις
1642 755 1785 826 χρό-

186 878 326 917 νον.
367 861 456 914 Ἐν
485 860 594 930 γὰρ
640 858 719 927 τῷ
771 857 960 926 ζητεῖν
987 854 1051 908 τὸ
1081 853 1319 923 ἀγαθὸν,
1354 851 1787 924 προσγενήσεται

185 974 299 1021 σοι,
322 957 473 1018 ὅστις
505 955 571 1008 ἂν
599 955 695 1005 καὶ
743 952 884 1022 εἴης,
916 951 950 1023 η
983 934 1671 1023 ἀπέραντος,πνευματικὴ
1691 947 1787 1000 καὶ

184 1050 316 1103 θεία
358 1048 492 1117 ζωή.

260 1139 379 1195 Καὶ
410 1135 883 1209 προστεθήσεται
922 1148 1023 1187 σοι
1056 1133 1163 1201 ἐτη
1193 1129 1364 1199 ζωῆς.
1404 1132 1516 1185 Καὶ
1554 1132 1790 1184 ὲπεκτα-

182 1230 421 1303 θήσεταί
459 1247 539 1282 σοι
577 1228 648 1281 τὰ
675 1228 770 1297 τῆς
796 1225 943 1295 ζωῆς
980 1224 1177 1296 μέτρα,
1216 1224 1787 1295 προσεπικτησαμένῳ

178 1321 253 1388 τῇ
292 1316 542 1388 παρούσῃ
576 1315 725 1385 ζωῇ,
758 1314 845 1367 διὰ
879 1316 975 1381 τῆς
1011 1316 1069 1366 ἐν
1112 1313 1248 1383 αὐτῇ
1299 1312 1595 1384 θεαρέστου
1631 1312 1786 1365 πολι-

177 1409 366 1473 τείας,
410 1410 505 1462 καὶ
541 1408 640 1478 τὴν
683 1406 1011 1478 μέλλουσαν.

258 1502 355 1571 ιβ’.
405 1500 536 1566 ne,
565 1500 676 1553 ἐὰν
707 1499 902 1568 σοφὸς
951 1496 1094 1568 γένῃ
1130 1494 1403 1562 σεαυτῷ,
1438 1495 1631 1564 σοφός
1670 1493 1786 1564 ἔσῃ

180 1594 286 1647 καὶ
321 1592 444 1657 τοῖς
472 1592 742 1661 πλησίον
779 1606 916 1644 σου.
960 1591 1071 1658 Τῆς
1101 1587 1245 1659 ἐμῆς
1279 1587 1631 1650 διδασκαλίας
1661 1586 1790 1638 παί-

181 1687 392 1755 δευμα,
419 1687 467 1737 εί
498 1684 661 1753 σοφὸς
694 1683 955 1755 ὑπάρξεις
984 1681 1216 1752 σεαυτῷ,
1250 1680 1401 1750 φόόῳ
1432 1679 1562 1749 θείῳ
1594 1676 1788 1731 ἑαυτὸν

184 1777 465 1848 καθάρας,
500 1779 595 1829 καὶ
627 1776 840 1828 συνέσει
862 1775 1123 1843 φωτίσας,
1151 1774 1248 1828 καὶ
1279 1772 1444 1845 σοφίᾳ
1465 1769 1784 1835 τελειώσας,

1889 581 1963 637 tia
1997 579 2119 649 ejus
2152 579 2245 650 qui
2280 578 2486 649 cogitat
2509 583 2564 631 et
2594 576 2786 646 quaerit
2824 590 3009 629 verum
3040 574 3263 629 bonum.

1960 749 2127 806 Vens.
2162 750 2250 804 Η.
2291 749 2405 805 Hoc
2436 751 2574 804 enim
2602 750 2776 820 modo,
2822 753 2988 806 multo
3031 752 3163 805 vives
3210 759 3460 821 tempore.

1888 843 2194 911 Quaerenda
2221 853 2397 897 autem
2429 843 2657 908 bonum,
2712 845 3055 913 superveniet
3098 844 3217 909 tibi,
3250 844 3461 915 qualis-

1888 954 2107 1009 cunque
2138 940 2332 1002 lueris,
2362 936 2596 1001 inﬁnita,
2633 938 2933 1007 spiritualis
2957 946 3011 991 et
3048 937 3233 992 divina
3256 940 3387 994 vita.

1961 1113 2029 1168 Et
2059 1114 2319 1169 addentur
2363 1114 2457 1168 tibi
2487 1116 2613 1167 anni
2640 1114 2780 1169 vitta.
2830 1113 2895 1167 Et
2940 1122 3173 1185 augetur
3205 1131 3463 1173 mensura

1887 1212 2014 1265 vita:
2042 1210 2160 1276 tibi,
2194 1211 2311 1280 qui,
2372 1210 2626 1279 praesenti
2667 1209 2791 1262 vitae
2816 1248 2830 1270 .
2872 1208 2944 1263 ob
2993 1217 3147 1261 tuum
3185 1225 3279 1275 per
3324 1210 3463 1266 hanc

1889 1304 2170 1359 caelestem
2211 1302 2428 1357 vivendi
2455 1300 2673 1355 modum
2697 1340 2711 1365 ,
2744 1300 3001 1357 addidisti
3041 1310 3097 1356 et
3128 1301 3385 1356 futuram.

1960 1479 2241 1540 VERS.12.
2298 1476 2433 1544 Fili,
2481 1481 2527 1533 si
2578 1480 2786 1546 sapiens
2822 1478 2926 1532 eris
2956 1478 3049 1531 tibi
3093 1479 3213 1545 ipsi,
3253 1482 3461 1546 sapiens

1888 1573 1992 1627 eris
2012 1581 2062 1626 et
2084 1571 2348 1645 proximo.
2372 1568 2644 1625 Doctrina:
2678 1584 2810 1625 mea:
2835 1568 3126 1639 discipule,
3162 1570 3208 1624 si
3242 1572 3462 1640 sapiens

1887 1665 1997 1719 eris
2030 1663 2172 1735 apud
2190 1663 2564 1733 temetipsum,
2586 1671 2750 1718 temet
2781 1662 2974 1717 timore
3013 1660 3106 1716 Dei
3141 1662 3460 1731 puriﬁcans,

1889 1755 2179 1825 prudentia
2234 1755 2575 1821 illuminans,
2618 1762 2673 1809 et
2720 1754 2989 1822 sapientia
3042 1754 3356 1824 perliciens,
3404 1765 3461 1810 et

183 1870 289 1924 καὶ
308 1872 422 1933 τοῖς
452 1870 681 1937 ἔγγιστα
712 1885 833 1933 σου,
868 1867 1091 1938 ζηλοῦσι
1122 1885 1217 1922 σου
1247 1868 1308 1921 τὸ
1340 1868 1527 1939 σοφὸν,
1561 1865 1783 1921 κάντεῦ-

1890 1845 1977 1900 his
2018 1846 2113 1916 qui
2142 1845 2237 1901 tibi
2267 1845 2504 1917 proximi
2542 1853 2696 1908 sunt,
2734 1852 2790 1900 et
2821 1846 3156 1901 aemulantur
3184 1853 3336 1901 tuam
3376 1864 3463 1903 sa-

184 1962 286 2016 θεν
334 1962 680 2032 πειθομένοις
716 1962 830 2024 τοῖς
881 1961 1059 2029 λόγοις
1105 1978 1222 2024 σου,
1273 1961 1368 2015 καὶ
1419 1959 1783 2030 μιμουμένοις

181 2054 321 2116 τοὺς
361 2054 596 2125 τρόπους
648 2070 765 2119 σου,
798 2052 1064 2124 ὑπάρξεις
1091 2052 1284 2122 σοφός’
1315 2051 1392 2116 ὡς
1441 2051 1538 2107 καὶ
1584 2052 1783 2118 αὐτοὺς

187 2146 472 2217 φωτίζων,
504 2147 601 2199 καὶ
626 2146 930 2215 καθαίρων,
968 2147 1063 2199 καὶ
1092 2144 1337 2199 τελειῶν.

257 2260 409 2313 Ἐὰν
435 2258 505 2311 δὲ
524 2259 708 2323 κακὸς
729 2256 985 2326 ἀποδεῖς,
1012 2258 1199 2327 μόνος
1223 2256 1554 2326 ἀντλήσεις
1580 2255 1654 2309 τὰ
1677 2271 1785 2309 κα-

184 2351 289 2405 κά.
336 2352 398 2403 Εἰ
436 2351 493 2403 δὲ
524 2354 646 2414 ταῖς
675 2352 815 2403 κατὰ
869 2351 1066 2422 μικρὸν
1094 2350 1335 2414 ἀπάταις
1375 2349 1471 2404 τοῦ
1521 2349 1783 2421 πονηροῦ,

183 2446 397 2507 κακίας
437 2444 636 2508 μεστὸς
681 2444 1049 2516 ἀποτελεσθῇς
1074 2484 1089 2510 ,
1137 2444 1196 2497 ἐν
1230 2444 1309 2515 τῷ
1346 2445 1513 2514 μηδὲν
1547 2442 1784 2513 χρηστὸν

180 2539 433 2607 φρονεῖν,
469 2536 500 2605 ἢ
530 2534 732 2599 λαλεῖν,
757 2535 920 2590 αὑτὸν
953 2538 1033 2599 εἰς
1062 2536 1226 2588 αὐτὸν
1256 2533 1538 2603 ὲπισπάσῃ
1567 2535 1638 2586 τὰ
1662 2532 1787 2587 ταύ-

178 2645 288 2698 της
322 2628 597 2699 ἐπίχειρα,
622 2627 716 2680 καὶ
748 2630 822 2697 μή
855 2627 1001 2690 τινός
1032 2643 1116 2680 σοι
1139 2627 1315 2681 ταῦτα
1344 2626 1665 2696 ὲπαγόντος.

267 2743 370 2802 Ὃς
420 2740 707 2808 ἐρείδεται
755 2739 855 2793 ἐπὶ
896 2740 1223 2809 ψεύδεσιν,
1279 2737 1463 2809 οὗτος
1512 2741 1795 2811 ποιμανεῖ

182 2829 474 2899 ἀνέμους.
503 2833 602 2895 ’Ός
651 2849 735 2895 τις
780 2831 890 2903 γὰρ
920 2833 1179 2887 πέποιθεν
1211 2834 1305 2888 ἐπὶ
1338 2837 1452 2897 τοῖς
1486 2833 1787 2903 ἀπατηλοῖς

183 2943 249 2979 τε
281 2926 379 2978 καὶ
411 2925 648 2996 ῥέουσιν,
680 2921 833 2990 οὗτος
863 2927 994 2980 κυὸε
1007 2929 1191 2996 ρνήσει
1221 2929 1290 2981 τὰ
1326 2928 1592 2998 ἱστάμενα
1613 2966 1628 2989 ,
1660 2944 1788 2980 συν-

185 3017 577 3088 αλλοιούμενος
622 3021 736 3082 τοῖς
781 3020 1129 3083 ἀλλοιωτοῖς,
1162 3022 1221 3073 ὲν
1272 3019 1349 3090 τῷ
1400 3020 1476 3092 μὴ
1524 3019 1785 3074 δύνασθαι

186 3109 391 3178 στῆσαι
421 3110 524 3179 τὴν
556 3109 764 3164 τούτων
790 3113 987 3182 φορὰν,
1019 3110 1095 3174 ὡς
1123 3110 1234 3165 οὐδ’
1253 3112 1479 3183 ἀνέμων
1514 3113 1707 3183 πνοήν.

1889 1939 2171 2011 pientiam,
2193 1948 2249 1995 et
2267 1940 2393 1995 inde
2424 1940 2534 1995 tuis
2560 1939 2748 1994 verbis
2773 1939 3027 2005 credunt,
3054 1947 3108 1994 et
3136 1949 3260 1996 tuos
3281 1956 3463 2000 mores

1888 2032 2198 2098 imitantur,
2236 2032 2462 2102 sapiens
2507 2031 2652 2097 eris;
2706 2042 2965 2103 tanquam
3011 2032 3133 2088 illos
3163 2039 3219 2087 et
3257 2033 3463 2089 illumi-

1886 2142 2055 2191 nans,
2090 2135 2142 2180 et
2168 2124 2494 2196 puriﬁcans,
2525 2133 2580 2180 et
2614 2126 2924 2196 perﬁciens.

1960 2240 2019 2297 Si
2042 2242 2216 2296 malus
2247 2242 2498 2307 evaseris,
2550 2242 2695 2297 solus
2734 2242 2946 2299 haurtes
2976 2245 3143 2300 mala.
3185 2243 3242 2299 Si
3274 2248 3464 2317 paula-

1889 2337 1984 2390 tim
2020 2335 2283 2391 daemonis
2310 2335 2571 2402 fallaciis,
2600 2336 2822 2392 malitiae
2847 2337 3038 2406 plenus
3070 2338 3342 2403 eﬂlciaris,
3386 2340 3461 2395 ita

1890 2437 1950 2481 ut
2004 2429 2257 2482 decentia
2318 2442 2428 2483 non
2497 2431 2708 2497 cogites
2781 2430 2866 2484 vel
2925 2429 3185 2500 loquaris,
3242 2431 3361 2502 ipse
3407 2433 3462 2488 in

1889 2519 2240 2590 temetipsum
2282 2522 2555 2577 attraxisti
2606 2523 2825 2577 malitiae
2877 2523 3118 2592 praemia,
3178 2532 3233 2578 et
3280 2525 3466 2582 nullus

1888 2610 2005 2665 haec
2034 2612 2130 2665 tibi
2170 2611 2418 2667 adduxit.

1960 2724 2066 2791 Qui
2119 2726 2315 2780 nititur
2343 2727 2661 2791 mendaciis,
2711 2730 2882 2798 pascit
2932 2740 3127 2785 rentos.
3156 2730 3259 2797 Qui
3290 2732 3469 2789 credit

1890 2820 2128 2878 fallaciis
2161 2833 2216 2878 et
2249 2825 2458 2890 verbis,
2500 2825 2773 2894 gubernat
2797 2826 3035 2888 stabilia,
3074 2830 3191 2897 ipse
3221 2836 3467 2885 mutatus

1887 2930 2012 2970 cum
2052 2914 2437 2983 mutabilibus,
2473 2919 2600 2988 quia
2638 2933 2746 2973 non
2780 2927 2961 2988 potest
2992 2934 3184 2973 eurum
3206 2919 3468 2977 cohibere

1889 3008 2179 3080 impetum,
2214 3024 2323 3064 non
2362 3012 2538 3081 magis
2585 3026 2649 3065 ac
2682 3018 2969 3065 ventorum
3004 3010 3324 3082 procellam.

276 3226 342 3279 '0
371 3225 424 3279 δ’
445 3227 627 3292 αὐτὸς
651 3225 923 3290 διώξεται
954 3225 1131 3295 ὄρνεα
1167 3226 1485 3296 πετόμενα.
1523 3227 1582 3280 Ὀ
1608 3225 1783 3280 τοιοῦ·

1962 3226 2065 3282 Ille
2092 3230 2425 3298 persequitur
2454 3243 2570 3281 aves
2597 3227 2855 3281 volantes.
2913 3226 3011 3281 Ille
3054 3227 3336 3283 incassum
3370 3242 3467 3283 ca-

185 3340 283 3386 τος
305 3322 363 3374 δὲ
385 3319 716 3374 καταλαϐεῖν
741 3319 985 3391 ματαίως
1011 3320 1349 3392 ἐπιχειρήσει
1374 3320 1444 3374 τὰ
1465 3319 1623 3390 δίκην
1650 3337 1788 3392 πτη-

188 3414 302 3468 νῶν
335 3414 501 3481 ὀξέως
537 3414 814 3485 φερόμενα
843 3415 908 3467 ὲκ
939 3414 1210 3483 γενέσεως
1240 3413 1321 3477 είς
1350 3412 1581 3483 φθοράν.

265 3528 553 3583 Ἀπέλιπε
596 3526 707 3597 γὰρ
751 3526 932 3594 ὀδοὺς
984 3526 1091 3581 τοῦ
1139 3525 1359 3581 ἑαυτοῦ
1408 3526 1784 3595 ἀμπελῶνος.

191 3620 476 3676 Κατέλιπε
519 3621 629 3691 γὰρ
673 3620 772 3682 τὰς
821 3620 940 3673 κατ’
964 3619 1267 3688 ἐπίγνωσιν
1314 3617 1590 3688 φερούσας
1636 3617 1788 3682 θείας

190 3712 417 3773 enata;
453 3713 533 3774 εἰς
564 3711 656 3765 τὸν
684 3710 946 3781 εἰρηκότα
971 3751 987 3775 ,
1018 3710 1101 3763 ὅτι
1135 3707 1276 3778 Ἐγὼ
1306 3710 1421 3779 εἰμι
1449 3710 1483 3779 ἡ
1512 3707 1784 3778 ἄμπελος,

188 3804 330 3859 θεὸν
361 3803 557 3871 Λόγον,
587 3803 646 3855 ἐν
677 3795 721 3870 ᾧ
749 3802 1157 3871 πεφυτευμένος
1186 3801 1323 3867 ἐστὶ,
1362 3802 1505 3855 κατὰ
1562 3802 1652 3855 τὸν
1687 3802 1788 3871 τῆς

192 3898 336 3960 ίδίας
367 3896 583 3965 φύσεως
613 3895 769 3964 λόγον
797 3895 1105 3967 ἄνθρωπος,
1134 3894 1209 3957 ὥς
1254 3912 1306 3948 τι
1332 3894 1520 3965 κλῆμα
1548 3911 1562 3926 ·
1606 3912 1786 3965 γεωρ-

188 3990 308 4060 γῶν
335 3991 435 4061 τὴν
463 3988 617 4061 δίκην
664 3988 809 4063 οίνου
856 3988 1083 4060 καρδίαν
1137 3987 1538 4059 εὐφραίνουσαν
1585 3986 1787 4055 γνῶσιν

188 4084 307 4138 τῶν
337 4083 532 4136 ὄντων.

268 4193 422 4260 Τοὺς
459 4193 528 4246 δὲ
556 4191 782 4259 ἄξονας
821 4191 932 4246 τοῦ
959 4192 1112 4246 ἰδίου
1138 4193 1435 4264 γεωρτίου-
1463 4192 1782 4257 πεπλάνη-

192 4305 311 4341 ται.
338 4288 443 4341 Τὸν
468 4286 524 4339 δὲ
560 4286 685 4338 νοῦν
717 4286 812 4338 καὶ
836 4287 927 4339 τὸν
956 4285 1132 4354 λόγον,
1165 4287 1215 4339 οἳ
1240 4286 1338 4356 τὴν
1361 4286 1498 4357 μετὰ
1528 4285 1786 4353 γνώσεως

192 4382 395 4451 ἀρετὴν
423 4382 622 4432 οἰκεῖον
651 4379 920 4449 γεώργιον
950 4380 1195 4447 ἄγουσιν,
1232 4382 1534 4449 ἠπάτηται.

264 4494 686 4562 Διαπορεύεται
713 4492 787 4545 δι’
818 4493 1083 4560 ἀνύδρου
1113 4493 1358 4562 ἐρήμου,
1389 4495 1487 4547 καὶ
1520 4493 1636 4563 γῆν
1656 4494 1783 4546 δια-

194 4586 565 4656 τεταγμένην
596 4586 663 4639 ἐν
696 4585 1046 4654 διψώδεσιν.
1108 4587 1219 4638 Καὶ
1246 4585 1585 4657 διεξέρχεται
1634 4586 1781 4656 ζωήν

192 4697 255 4731 τε
288 4679 664 4749 ἐστερημένην
700 4677 1078 4748 πνευματικῆς
1109 4677 1629 4749 διδασκαλίαςδίκην
1656 4677 1784 4732 ὓδα-

193 4789 286 4835 τος
320 4771 658 4842 ἀρδευοόσης
712 4771 891 4844 ψυχὴν
924 4773 1059 4844 πρὸς
1101 4773 1485 4843 καρποφορίαν
1517 4771 1624 4825 τῶν
1650 4774 1783 4843 ἀρε-

193 4865 329 4931 τῶν,
354 4865 449 4918 καὶ
481 4865 685 4933 παγίαν
722 4865 837 4931 ἕξιν
896 4865 1092 4928 κακίας
1150 4866 1557 4935 ἔφηπλωμένην
1584 4868 1641 4919 ὲν
1675 4865 1783 4937 ψυ-

195 4961 322 5030 χαῖς
349 4957 556 5012 ὲνδεέσι
584 4959 684 5027 τῆς
714 4957 1011 5029 εἰρημένης
1039 4957 1187 5021 θείας
1222 4956 1596 5021 διδασκαλίας.

268 5067 526 5138 Evr-tiret.
550 5068 619 5122 δὲ
658 5068 873 5138 χερσὶν
902 5068 1223 5137 ἀκαρπίαν.
1251 5068 1359 5122 Καὶ
1387 5067 1636 5136 συλλέγει
1663 5069 1785 5121 κατ’

196 5161 481 5232 ἐνέργειαν
510 5162 630 5223 ταῖς
662 5161 994 5231 πρακτικαῖς
1024 5162 1122 5229 τῆς
1147 5158 1327 5228 ψυχῆς
1354 5156 1523 5211 αὐτοῦ
1549 5159 1783 5228 δυνάμε-

198 5269 285 5304 σιν
302 5251 601 5320 ἁμαρτίαν,
631 5249 666 5318 ἧ
695 5249 776 5311 τίς
805 5249 968 5320 (ἐστι)
994 5250 1249 5320 στέρησις
1282 5248 1375 5302 τοῦ
1415 5250 1784 5320 πνευματικοῦ

197 5342 414 5416 καρποῦ
444 5343 552 5395 τῶν
590 5341 823 5413 ἀρετῶν.

274 5485 368 5550 ιγ’.
394 5479 565 5547 Γυνὴ
605 5478 812 5548 ἄφρων
838 5477 938 5532 καί
980 5475 1248 5546 θρασεῖα,
1299 5476 1515 5545 ἐνδεὴς
1573 5478 1787 5549 ψωμοῦ

202 5570 453 5642 γίνεται.
503 5571 781 5625 Φαντασία
829 5571 939 5644 γὰρ
998 5572 1338 5642 ἐστερημένη
1372 5571 1526 5635 θείας
1551 5572 1785 5637 ἐννοίας,

204 5665 300 5718 καὶ
350 5664 652 5734 προπετὴς,
686 5663 761 5727 ὡς
789 5664 897 5734 πρὸ
928 5664 1028 5733 τῆς
1078 5663 1221 5717 κατὰ
1255 5662 1413 5732 λόγον
1464 5663 1702 5734 κρίσεως
1726 5664 1788 5717 τὸ

202 5755 397 5809 δοκοῦν
451 5756 590 5826 αὐτῇ
623 5755 903 5826 κρίνουσα,
956 5756 1339 5827 συναπτομένη
1376 5757 1677 5826 ἀλογίστως
1704 5757 1785 5828 τῷ

205 5847 555 5921 ἠπατημένῳ
585 5850 717 5922 παρ’
773 5848 942 5921 αὐτῆς
966 5849 1063 5922 νῷ,
1099 5849 1157 5904 ὲν
1183 5848 1261 5921 τῷ
1280 5849 1379 5922 τὴν
1410 5848 1511 5921 μὲν
1541 5848 1786 5905 σύνοικον

1887 3339 2020 3395 pere
2053 3326 2251 3380 nititur
2278 3342 2365 3389 ea,
2401 3342 2522 3396 qua:
2548 3325 2702 3395 quasi
2732 3339 2883 3388 aves,
2917 3325 3181 3380 velociter
3210 3339 3239 3378 a
3264 3325 3466 3380 nativi-

1890 3428 2004 3476 tate
2036 3423 2101 3474 ad
2144 3431 2375 3475 mortem
2410 3427 2725 3490 properant.

1962 3534 2233 3604 Relinquit
2264 3536 2375 3589 vias
2400 3536 2629 3604 propria?
2668 3534 2809 3588 vitis.
2841 3531 3126 3602 Relinquit
3173 3531 3263 3586 Dei
3309 3546 3467 3585 nian-

1887 3628 2015 3682 data
2037 3646 2159 3697 quae
2184 3630 2487 3683 secundum
2512 3628 2967 3698 recognitionem,
2991 3627 3205 3680 ducunt
3223 3624 3287 3678 ad
3312 3625 3466 3678 illum

1889 3722 1985 3791 qui
2020 3721 2179 3787 dixit,
2199 3721 2311 3790 Ego
2355 3737 2476 3776 sum
2517 3721 2662 3785 vitis,
2696 3719 2941 3773 divinum
2973 3717 3236 3784 Verbum,
3270 3718 3323 3769 in
3357 3730 3467 3784 quo

1888 3816 2167 3884 plantatus
2225 3823 2309 3868 est
2355 3814 2520 3867 homo
2561 3812 2861 3867 secundum
2908 3810 3178 3865 rationem
3235 3807 3469 3878 propriae

1889 3916 2120 3965 naturae.
2178 3913 2238 3959 ut
2284 3913 2663 3967 sarmentum;
2715 3904 2924 3969 colens,
2975 3917 3098 3973 quae
3139 3903 3313 3955 inStar
3355 3898 3467 3954 vini

1888 4016 1984 4054 cor
2012 4000 2266 4061 delectat,
2311 4014 2491 4052 rerum
2526 3996 2839 4052 scientiam.
2920 4071 2931 4077 ﬂ

1960 4206 2028 4257 Et
2063 4220 2153 4271 per
2186 4204 2404 4258 semitas
2439 4205 2525 4258 sui
2555 4205 2671 4274 agri
2708 4213 2965 4274 pererrat.
3002 4201 3275 4258 Percurrit
3306 4202 3467 4257 intel-

1889 4295 2165 4364 ligentiam
2195 4305 2249 4349 et
2283 4310 2616 4359 sermonem,
2650 4298 2767 4367 qui,
2806 4297 3064 4348 virtutem
3095 4310 3220 4348 cum
3262 4293 3468 4348 doctri—

1888 4405 1978 4450 na.
2033 4391 2310 4460 propriam
2341 4404 2608 4451 messem,
2660 4372 2999 4443 conducunt.

1960 4505 2211 4558 Ambulat
2250 4520 2342 4572 per
2381 4505 2587 4559 deserta
2628 4505 2890 4573 inaquosa
2939 4512 2988 4557 el
3026 4512 3225 4554 terram
3270 4500 3323 4553 in
3371 4500 3466 4553 siti

1887 4599 2249 4651 constitutam.
2281 4598 2342 4650 Et
2383 4598 2681 4667 pertransit
2720 4597 2885 4649 vitam
2914 4592 3185 4662 spirituali
3215 4590 3464 4646 doctrina

1885 4698 2170 4755 egentem,
2219 4686 2455 4739 animam
2516 4699 2669 4739 more
2733 4698 2997 4752 aquarum
3073 4689 3132 4733 ut
3196 4681 3465 4733 virtutum

1888 4775 2099 4831 fructus
2140 4774 2281 4829 ferat
2326 4776 2717 4845 irrigante;‘et
2749 4776 2958 4826 lirmam
3000 4771 3128 4824 mali
3164 4779 3467 4824 consuetu-

1886 4869 2067 4923 dinem
2101 4867 2154 4921 iu
2189 4868 2462 4922 mentibus
2491 4867 2654 4935 hujus
2681 4866 2881 4920 divina:
2907 4864 3173 4919 doctrinae
3215 4861 3462 4933 experti-

1886 4960 1991 5015 bus
2021 4960 2364 5028 explicatam.
2822 4966 2827 4969 ‘

1959 5068 2179 5138 Colligit
2218 5078 2397 5122 autem
2445 5068 2690 5122 manibus
2744 5068 3103 5122 sterilitatem.
3158 5066 3467 5139 Congregat

1889 5170 2068 5216 autem
2095 5162 2275 5230 quoad
2304 5160 2598 5216 emcaciaim
2634 5162 2830 5216 artivis
2880 5162 3077 5215 animae
3108 5177 3223 5216 sua:
3254 5161 3468 5216 viribus

1892 5263 2198 5326 pet-catum,
2242 5271 2436 5327 nempe
2470 5255 2776 5326 spiritualis
2805 5255 3069 5310 virtutum
3107 5253 3320 5309 fructus
3354 5254 3467 5324 prio

1893 5348 2188 5402 Vatiuttetu.

1965 5480 2131 5537 Vsus.
2175 5482 2261 5535 15.
2298 5478 2497 5535 Mulier
2541 5480 2706 5534 stulta
2736 5490 2784 5533 et
2816 5479 2995 5533 audax
3020 5477 3253 5531 buccella
3281 5494 3465 5534 carens

1889 5576 2131 5644 e/ﬁcitur.
2175 5575 2468 5629 Phantasia
2500 5575 2645 5629 enim
2669 5574 2853 5628 divina
2887 5573 3222 5642 cogitatione
3254 5572 3469 5641 privata

1889 5677 1943 5721 et
1984 5682 2249 5736 praeceps,
2300 5674 2486 5736 utpote
2533 5680 2655 5733 quae
2691 5678 2796 5717 non
2828 5662 3127 5716 secundum
3170 5661 3467 5724 rationem,

1892 5759 1986 5813 secl
2023 5758 2325 5813 secundum
2358 5758 2763 5827 beneplacitum
2794 5753 3030 5825 judicat,
3070 5761 3127 5808 et
3169 5752 3470 5807 irrationa-

1891 5850 2079 5910 biliter
2140 5851 2310 5908 menti
2357 5851 2429 5908 ab
2484 5850 2603 5922 ipsa
2634 5850 2878 5924 deceptae
2941 5846 3203 5915 adhaeret,
3243 5847 3465 5917 quando
