  <div class='ocr_page' id='page_1' title='image "/cluster/home/n/w/nwhite01/storage/ocr_20150623/87:1/hvd.32044020319117/661.png"; bbox 0 0 4034 6552; ppageno 0'>
   <div class='ocr_carea' id='block_1_1' title="bbox 588 377 723 476">
    <p class='ocr_par' dir='ltr' id='par_1_1' title="bbox 588 377 723 476">
     <span class='ocr_line' id='line_1_1' title="bbox 588 377 723 476; baseline -0.03 -18"><span class='ocrx_word' id='word_1_1' title='bbox 588 377 723 476; x_wconf 74' lang='lat'><strong>1307&#39;</strong></span> 
     </span>
    </p>
   </div>
   <div class='ocr_carea' id='block_1_2' title="bbox 1902 385 2540 447">
    <p class='ocr_par' dir='ltr' id='par_1_2' title="bbox 1902 385 2540 447">
     <span class='ocr_line' id='line_1_2' title="bbox 1902 385 2540 447; baseline -0.002 0"><span class='ocrx_word' id='word_1_2' title='bbox 1902 385 2256 447; x_wconf 82' lang='lat' dir='ltr'><strong>PROCOPII</strong></span> <span class='ocrx_word' id='word_1_3' title='bbox 2294 387 2540 447; x_wconf 77' lang='lat' dir='ltr'><strong>GAZ/EI</strong></span> 
     </span>
    </p>
   </div>
   <div class='ocr_carea' id='block_1_3' title="bbox 3699 379 3846 444">
    <p class='ocr_par' dir='ltr' id='par_1_3' title="bbox 3699 379 3846 444">
     <span class='ocr_line' id='line_1_3' title="bbox 3699 379 3846 444; baseline -0.014 0"><span class='ocrx_word' id='word_1_4' title='bbox 3699 379 3846 444; x_wconf 77' lang='lat'><strong>1308</strong></span> 
     </span>
    </p>
   </div>
   <div class='ocr_carea' id='block_1_4' title="bbox 585 491 2181 570">
    <p class='ocr_par' dir='ltr' id='par_1_4' title="bbox 585 498 2181 570">
     <span class='ocr_line' id='line_1_4' title="bbox 585 498 2181 570; baseline -0.007 -7"><span class='ocrx_word' id='word_1_5' title='bbox 585 520 744 563; x_wconf 88' lang='lat' dir='ltr'><strong>mens</strong></span> <span class='ocrx_word' id='word_1_6' title='bbox 771 503 1176 559; x_wconf 90' lang='lat' dir='ltr'><strong>cohabitantem</strong></span> <span class='ocrx_word' id='word_1_7' title='bbox 1214 499 1538 570; x_wconf 74' lang='lat' dir='ltr'><strong>sapientiam</strong></span> <span class='ocrx_word' id='word_1_8' title='bbox 1583 498 1810 566; x_wconf 88' lang='lat' dir='ltr'><strong>deserit,</strong></span> <span class='ocrx_word' id='word_1_9' title='bbox 1857 507 1914 554; x_wconf 90' lang='lat' dir='ltr'><strong>et</strong></span> <span class='ocrx_word' id='word_1_10' title='bbox 1947 513 2181 568; x_wconf 39' lang='lat' dir='ltr'><strong>pravas,</strong></span> 
     </span>
    </p>
   </div>
   <div class='ocr_carea' id='block_1_5' title="bbox 2287 491 3849 570">
    <p class='ocr_par' dir='ltr' id='par_1_5' title="bbox 2287 491 3849 567">
     <span class='ocr_line' id='line_1_5' title="bbox 2287 491 3849 567; baseline -0.004 -19"><span class='ocrx_word' id='word_1_11' title='bbox 2287 498 2444 567; x_wconf 83' lang='grc' dir='ltr'>οφίαν</span> <span class='ocrx_word' id='word_1_12' title='bbox 2505 495 2795 551; x_wconf 78' lang='grc' dir='ltr'>ἀπολιπεῖν</span> <span class='ocrx_word' id='word_1_13' title='bbox 2850 494 3034 559; x_wconf 80' lang='grc' dir='ltr'>αὑτὸν,</span> <span class='ocrx_word' id='word_1_14' title='bbox 3101 491 3219 564; x_wconf 75' lang='grc' dir='ltr'>μετ’</span> <span class='ocrx_word' id='word_1_15' title='bbox 3267 491 3433 546; x_wconf 74' lang='grc' dir='ltr'>αὑτοῦ</span> <span class='ocrx_word' id='word_1_16' title='bbox 3462 491 3522 545; x_wconf 76' lang='grc' dir='ltr'>δι</span> <span class='ocrx_word' id='word_1_17' title='bbox 3559 491 3849 561; x_wconf 73' lang='grc' dir='ltr'>πονηροὺς</span> 
     </span>
    </p>
   </div>
   <div class='ocr_carea' id='block_1_6' title="bbox 586 591 2153 672">
    <p class='ocr_par' dir='ltr' id='par_1_6' title="bbox 586 591 2153 672">
     <span class='ocr_line' id='line_1_6' title="bbox 586 591 2153 672; baseline -0.004 -18"><span class='ocrx_word' id='word_1_18' title='bbox 586 599 728 672; x_wconf 88' lang='lat' dir='ltr'><strong>apud</strong></span> <span class='ocrx_word' id='word_1_19' title='bbox 779 614 839 654; x_wconf 91' lang='lat' dir='ltr'><strong>se</strong></span> <span class='ocrx_word' id='word_1_20' title='bbox 888 596 1189 652; x_wconf 75' lang='lat' dir='ltr'><strong>sententias</strong></span> <span class='ocrx_word' id='word_1_21' title='bbox 1234 601 1480 666; x_wconf 87' lang='lat' dir='ltr'><strong>generat,</strong></span> <span class='ocrx_word' id='word_1_22' title='bbox 1517 594 1619 648; x_wconf 91' lang='lat' dir='ltr'><strong>hac</strong></span> <span class='ocrx_word' id='word_1_23' title='bbox 1647 592 1875 648; x_wconf 77' lang='lat' dir='ltr'><strong>ratione</strong></span> <span class='ocrx_word' id='word_1_24' title='bbox 1905 591 2153 662; x_wconf 80' lang='lat' dir='ltr'><strong>privatur</strong></span> 
     </span>
    </p>
   </div>
   <div class='ocr_carea' id='block_1_7' title="bbox 585 682 1906 762">
    <p class='ocr_par' dir='ltr' id='par_1_7' title="bbox 585 682 1906 762">
     <span class='ocr_line' id='line_1_7' title="bbox 585 682 1906 762; baseline -0.006 -17"><span class='ocrx_word' id='word_1_25' title='bbox 585 705 707 762; x_wconf 67' lang='lat' dir='ltr'><strong>quae</strong></span> <span class='ocrx_word' id='word_1_26' title='bbox 731 690 964 753; x_wconf 86' lang='lat' dir='ltr'><strong>animas,</strong></span> <span class='ocrx_word' id='word_1_27' title='bbox 997 701 1148 740; x_wconf 91' lang='lat' dir='ltr'><strong>more</strong></span> <span class='ocrx_word' id='word_1_28' title='bbox 1179 686 1360 756; x_wconf 88' lang='lat' dir='ltr'><strong>panis,</strong></span> <span class='ocrx_word' id='word_1_29' title='bbox 1398 683 1572 738; x_wconf 85' lang='lat' dir='ltr'><strong>nutrit</strong></span> <span class='ocrx_word' id='word_1_30' title='bbox 1609 697 1675 738; x_wconf 91' lang='lat' dir='ltr'><strong>ac</strong></span> <span class='ocrx_word' id='word_1_31' title='bbox 1706 682 1906 737; x_wconf 82' lang='lat' dir='ltr'><strong>ﬁrmat.</strong></span> 
     </span>
    </p>
   </div>
   <div class='ocr_carea' id='block_1_8' title="bbox 659 792 2155 872">
    <p class='ocr_par' dir='ltr' id='par_1_8' title="bbox 659 792 2155 872">
     <span class='ocr_line' id='line_1_8' title="bbox 659 792 2155 872; baseline -0.007 -14"><span class='ocrx_word' id='word_1_32' title='bbox 659 806 789 870; x_wconf 66' lang='lat' dir='ltr'><strong>Qua:</strong></span> <span class='ocrx_word' id='word_1_33' title='bbox 819 821 919 858; x_wconf 88' lang='lat' dir='ltr'><strong>non</strong></span> <span class='ocrx_word' id='word_1_34' title='bbox 973 801 1110 855; x_wconf 85' lang='lat' dir='ltr'><strong>novit</strong></span> <span class='ocrx_word' id='word_1_35' title='bbox 1149 797 1532 854; x_wconf 81' lang='lat' dir='ltr'><strong>verecundiam.</strong></span> <span class='ocrx_word' id='word_1_36' title='bbox 1570 797 1702 864; x_wconf 61' lang='lat' dir='ltr'><strong>Quae</strong></span> <span class='ocrx_word' id='word_1_37' title='bbox 1757 794 2072 872; x_wconf 84' lang='lat' dir='ltr'><strong>phantasia,</strong></span> <span class='ocrx_word' id='word_1_38' title='bbox 2109 792 2155 849; x_wconf 90' lang='lat' dir='ltr'><strong>si</strong></span> 
     </span>
    </p>
   </div>
   <div class='ocr_carea' id='block_1_9' title="bbox 588 886 2156 968">
    <p class='ocr_par' dir='ltr' id='par_1_9' title="bbox 588 886 2156 968">
     <span class='ocr_line' id='line_1_9' title="bbox 588 886 2156 968; baseline -0.01 -16"><span class='ocrx_word' id='word_1_39' title='bbox 588 904 710 968; x_wconf 90' lang='lat' dir='ltr'><strong>post</strong></span> <span class='ocrx_word' id='word_1_40' title='bbox 741 902 896 949; x_wconf 88' lang='lat' dir='ltr'><strong>actus</strong></span> <span class='ocrx_word' id='word_1_41' title='bbox 927 900 1118 963; x_wconf 87' lang='lat' dir='ltr'><strong>turpes</strong></span> <span class='ocrx_word' id='word_1_42' title='bbox 1143 890 1222 944; x_wconf 88' lang='lat' dir='ltr'><strong>illi</strong></span> <span class='ocrx_word' id='word_1_43' title='bbox 1251 907 1317 945; x_wconf 79' lang='lat' dir='ltr'><strong>ex</strong></span> <span class='ocrx_word' id='word_1_44' title='bbox 1349 891 1562 944; x_wconf 87' lang='lat' dir='ltr'><strong>ratione</strong></span> <span class='ocrx_word' id='word_1_45' title='bbox 1592 888 1813 943; x_wconf 88' lang='lat' dir='ltr'><strong>illuceat</strong></span> <span class='ocrx_word' id='word_1_46' title='bbox 1857 886 2156 956; x_wconf 84' lang='lat' dir='ltr'><strong>reprehen-</strong></span> 
     </span>
    </p>
   </div>
   <div class='ocr_carea' id='block_1_10' title="bbox 589 984 1282 1054">
    <p class='ocr_par' dir='ltr' id='par_1_10' title="bbox 589 984 1282 1054">
     <span class='ocr_line' id='line_1_10' title="bbox 589 984 1282 1054; baseline -0.012 -8"><span class='ocrx_word' id='word_1_47' title='bbox 589 991 694 1054; x_wconf 88' lang='lat' dir='ltr'><strong>sio,</strong></span> <span class='ocrx_word' id='word_1_48' title='bbox 732 1005 842 1044; x_wconf 89' lang='lat' dir='ltr'><strong>non</strong></span> <span class='ocrx_word' id='word_1_49' title='bbox 876 984 1282 1042; x_wconf 81' lang='lat' dir='ltr'><strong>animadvertit.</strong></span> 
     </span>
    </p>
   </div>
   <div class='ocr_carea' id='block_1_11' title="bbox 661 1086 2159 1164">
    <p class='ocr_par' dir='ltr' id='par_1_11' title="bbox 661 1086 2159 1164">
     <span class='ocr_line' id='line_1_11' title="bbox 661 1086 2159 1164; baseline -0.009 -8"><span class='ocrx_word' id='word_1_50' title='bbox 661 1101 828 1158; x_wconf 72' lang='lat' dir='ltr'><strong>Vsus.</strong></span> <span class='ocrx_word' id='word_1_51' title='bbox 878 1099 965 1154; x_wconf 70' lang='grc' dir='ltr'>Η.</span> <span class='ocrx_word' id='word_1_52' title='bbox 1023 1097 1170 1153; x_wconf 82' lang='lat' dir='ltr'><strong>Sedit</strong></span> <span class='ocrx_word' id='word_1_53' title='bbox 1215 1097 1270 1149; x_wconf 87' lang='lat' dir='ltr'><strong>in</strong></span> <span class='ocrx_word' id='word_1_54' title='bbox 1319 1094 1520 1164; x_wconf 82' lang='lat' dir='ltr'><strong>foribus</strong></span> <span class='ocrx_word' id='word_1_55' title='bbox 1550 1091 1738 1146; x_wconf 83' lang='lat' dir='ltr'><strong>domus</strong></span> <span class='ocrx_word' id='word_1_56' title='bbox 1778 1104 1909 1144; x_wconf 69' lang='lat' dir='ltr'><strong>suae.</strong></span> <span class='ocrx_word' id='word_1_57' title='bbox 1952 1086 2159 1143; x_wconf 88' lang='lat' dir='ltr'><strong>Insedit</strong></span> 
     </span>
    </p>
   </div>
   <div class='ocr_carea' id='block_1_12' title="bbox 589 1179 2156 1260">
    <p class='ocr_par' dir='ltr' id='par_1_12' title="bbox 589 1179 2156 1260">
     <span class='ocr_line' id='line_1_12' title="bbox 589 1179 2156 1260; baseline -0.013 -8"><span class='ocrx_word' id='word_1_58' title='bbox 589 1196 731 1252; x_wconf 87' lang='lat' dir='ltr'><strong>enim</strong></span> <span class='ocrx_word' id='word_1_59' title='bbox 784 1189 1092 1248; x_wconf 87' lang='lat' dir='ltr'><strong>istiusmodi</strong></span> <span class='ocrx_word' id='word_1_60' title='bbox 1123 1187 1409 1260; x_wconf 84' lang='lat' dir='ltr'><strong>phantasia</strong></span> <span class='ocrx_word' id='word_1_61' title='bbox 1461 1185 1514 1239; x_wconf 92' lang='lat' dir='ltr'><strong>in</strong></span> <span class='ocrx_word' id='word_1_62' title='bbox 1562 1184 1628 1238; x_wconf 92' lang='lat' dir='ltr'><strong>iis</strong></span> <span class='ocrx_word' id='word_1_63' title='bbox 1678 1197 1799 1253; x_wconf 66' lang='lat' dir='ltr'><strong>quae</strong></span> <span class='ocrx_word' id='word_1_64' title='bbox 1842 1181 1910 1235; x_wconf 91' lang='lat' dir='ltr'><strong>ad</strong></span> <span class='ocrx_word' id='word_1_65' title='bbox 1956 1179 2156 1249; x_wconf 86' lang='lat' dir='ltr'><strong>ipsam,</strong></span> 
     </span>
    </p>
   </div>
   <div class='ocr_carea' id='block_1_13' title="bbox 591 1271 2158 1348">
    <p class='ocr_par' dir='ltr' id='par_1_13' title="bbox 591 1271 2158 1348">
     <span class='ocr_line' id='line_1_13' title="bbox 591 1271 2158 1348; baseline -0.013 -4"><span class='ocrx_word' id='word_1_66' title='bbox 591 1287 788 1343; x_wconf 80' lang='lat' dir='ltr'><strong>forinm</strong></span> <span class='ocrx_word' id='word_1_67' title='bbox 825 1286 1018 1348; x_wconf 89' lang='lat' dir='ltr'><strong>instar,</strong></span> <span class='ocrx_word' id='word_1_68' title='bbox 1055 1280 1335 1336; x_wconf 87' lang='lat' dir='ltr'><strong>adducunt</strong></span> <span class='ocrx_word' id='word_1_69' title='bbox 1364 1289 1458 1347; x_wconf 86' lang='lat' dir='ltr'><strong>per</strong></span> <span class='ocrx_word' id='word_1_70' title='bbox 1487 1291 1683 1331; x_wconf 87' lang='lat' dir='ltr'><strong>sensus</strong></span> <span class='ocrx_word' id='word_1_71' title='bbox 1713 1271 2008 1326; x_wconf 84' lang='lat' dir='ltr'><strong>visibilium</strong></span> <span class='ocrx_word' id='word_1_72' title='bbox 2043 1286 2158 1324; x_wconf 86' lang='lat' dir='ltr'><strong>ma-</strong></span> 
     </span>
    </p>
   </div>
   <div class='ocr_carea' id='block_1_14' title="bbox 591 1360 2157 1440">
    <p class='ocr_par' dir='ltr' id='par_1_14' title="bbox 591 1360 2157 1440">
     <span class='ocr_line' id='line_1_14' title="bbox 591 1360 2157 1440; baseline -0.014 -6"><span class='ocrx_word' id='word_1_73' title='bbox 591 1377 1018 1437; x_wconf 72' lang='lat' dir='ltr'><strong>niiestutionent,</strong></span> <span class='ocrx_word' id='word_1_74' title='bbox 1053 1386 1247 1440; x_wconf 87' lang='lat' dir='ltr'><strong>nempe</strong></span> <span class='ocrx_word' id='word_1_75' title='bbox 1275 1371 1328 1422; x_wconf 92' lang='lat' dir='ltr'><strong>in</strong></span> <span class='ocrx_word' id='word_1_76' title='bbox 1358 1366 1625 1422; x_wconf 87' lang='lat' dir='ltr'><strong>domicilii</strong></span> <span class='ocrx_word' id='word_1_77' title='bbox 1663 1364 1826 1434; x_wconf 88' lang='lat' dir='ltr'><strong>hujus</strong></span> <span class='ocrx_word' id='word_1_78' title='bbox 1855 1360 2157 1419; x_wconf 88' lang='lat' dir='ltr'><strong>secundum</strong></span> 
     </span>
    </p>
   </div>
   <div class='ocr_carea' id='block_1_15' title="bbox 592 1455 1388 1520">
    <p class='ocr_par' dir='ltr' id='par_1_15' title="bbox 592 1455 1388 1520">
     <span class='ocr_line' id='line_1_15' title="bbox 592 1455 1388 1520; baseline -0.013 0"><span class='ocrx_word' id='word_1_79' title='bbox 592 1475 842 1520; x_wconf 89' lang='lat' dir='ltr'><strong>naturam</strong></span> <span class='ocrx_word' id='word_1_80' title='bbox 869 1459 1051 1515; x_wconf 89' lang='lat' dir='ltr'><strong>carnei</strong></span> <span class='ocrx_word' id='word_1_81' title='bbox 1105 1455 1388 1513; x_wconf 88' lang='lat' dir='ltr'><strong>sensoriis.</strong></span> 
     </span>
    </p>
   </div>
   <div class='ocr_carea' id='block_1_16' title="bbox 659 1561 2156 1650">
    <p class='ocr_par' dir='ltr' id='par_1_16' title="bbox 659 1561 2156 1650">
     <span class='ocr_line' id='line_1_16' title="bbox 659 1561 2156 1650; baseline -0.014 -14"><span class='ocrx_word' id='word_1_82' title='bbox 659 1579 830 1650; x_wconf 88' lang='lat' dir='ltr'><strong>Super</strong></span> <span class='ocrx_word' id='word_1_83' title='bbox 859 1576 1044 1632; x_wconf 79' lang='lat' dir='ltr'><strong>sellam</strong></span> <span class='ocrx_word' id='word_1_84' title='bbox 1069 1572 1270 1628; x_wconf 80' lang='lat' dir='ltr'><strong>excelse</strong></span> <span class='ocrx_word' id='word_1_85' title='bbox 1306 1572 1359 1624; x_wconf 89' lang='lat' dir='ltr'><strong>in</strong></span> <span class='ocrx_word' id='word_1_86' title='bbox 1388 1568 1598 1638; x_wconf 78' lang='lat' dir='ltr'><strong>plateis.</strong></span> <span class='ocrx_word' id='word_1_87' title='bbox 1646 1564 2016 1622; x_wconf 88' lang='lat' dir='ltr'><strong>Substernens</strong></span> <span class='ocrx_word' id='word_1_88' title='bbox 2047 1561 2156 1617; x_wconf 86' lang='lat' dir='ltr'><strong>sibi</strong></span> 
     </span>
    </p>
   </div>
   <div class='ocr_carea' id='block_1_17' title="bbox 595 1657 2163 1744">
    <p class='ocr_par' dir='ltr' id='par_1_17' title="bbox 595 1657 2163 1744">
     <span class='ocr_line' id='line_1_17' title="bbox 595 1657 2163 1744; baseline -0.013 -16"><span class='ocrx_word' id='word_1_89' title='bbox 595 1691 690 1744; x_wconf 87' lang='lat' dir='ltr'><strong>per</strong></span> <span class='ocrx_word' id='word_1_90' title='bbox 716 1671 1066 1742; x_wconf 86' lang='lat' dir='ltr'><strong>cupiditatem</strong></span> <span class='ocrx_word' id='word_1_91' title='bbox 1097 1673 1150 1720; x_wconf 90' lang='lat' dir='ltr'><strong>et</strong></span> <span class='ocrx_word' id='word_1_92' title='bbox 1193 1663 1761 1730; x_wconf 84' lang='lat' dir='ltr'><strong>ardorem,_tanquam</strong></span> <span class='ocrx_word' id='word_1_93' title='bbox 1798 1657 2035 1728; x_wconf 85' lang='lat' dir='ltr'><strong>aliquem</strong></span> <span class='ocrx_word' id='word_1_94' title='bbox 2069 1671 2163 1709; x_wconf 82' lang='lat' dir='ltr'><strong>ex-</strong></span> 
     </span>
    </p>
   </div>
   <div class='ocr_carea' id='block_1_18' title="bbox 595 1746 2164 1822">
    <p class='ocr_par' dir='ltr' id='par_1_18' title="bbox 595 1746 2164 1822">
     <span class='ocr_line' id='line_1_18' title="bbox 595 1746 2164 1822; baseline -0.013 -2"><span class='ocrx_word' id='word_1_95' title='bbox 595 1765 957 1822; x_wconf 80' lang='lat' dir='ltr'><strong>celsissimum</strong></span> <span class='ocrx_word' id='word_1_96' title='bbox 1001 1763 1278 1822; x_wconf 87' lang='lat' dir='ltr'><strong>thronum,</strong></span> <span class='ocrx_word' id='word_1_97' title='bbox 1317 1754 1374 1808; x_wconf 91' lang='lat' dir='ltr'><strong>in</strong></span> <span class='ocrx_word' id='word_1_98' title='bbox 1408 1752 1578 1809; x_wconf 86' lang='lat' dir='ltr'><strong>vastis</strong></span> <span class='ocrx_word' id='word_1_99' title='bbox 1609 1751 1772 1820; x_wconf 87' lang='lat' dir='ltr'><strong>hujus</strong></span> <span class='ocrx_word' id='word_1_100' title='bbox 1823 1752 1916 1820; x_wconf 91' lang='lat' dir='ltr'><strong>qui</strong></span> <span class='ocrx_word' id='word_1_101' title='bbox 1949 1762 2045 1819; x_wconf 90' lang='lat' dir='ltr'><strong>per</strong></span> <span class='ocrx_word' id='word_1_102' title='bbox 2071 1746 2164 1801; x_wconf 88' lang='lat' dir='ltr'><strong>de-</strong></span> 
     </span>
    </p>
   </div>
   <div class='ocr_carea' id='block_1_19' title="bbox 597 1845 1754 1915">
    <p class='ocr_par' dir='ltr' id='par_1_19' title="bbox 597 1845 1754 1915">
     <span class='ocr_line' id='line_1_19' title="bbox 597 1845 1754 1915; baseline -0.014 -2"><span class='ocrx_word' id='word_1_103' title='bbox 597 1859 752 1914; x_wconf 83' lang='lat' dir='ltr'><strong>licias</strong></span> <span class='ocrx_word' id='word_1_104' title='bbox 780 1863 864 1912; x_wconf 90' lang='lat' dir='ltr'><strong>est</strong></span> <span class='ocrx_word' id='word_1_105' title='bbox 888 1853 1160 1912; x_wconf 88' lang='lat' dir='ltr'><strong>interitus,</strong></span> <span class='ocrx_word' id='word_1_106' title='bbox 1183 1847 1288 1903; x_wconf 88' lang='lat' dir='ltr'><strong>viis</strong></span> <span class='ocrx_word' id='word_1_107' title='bbox 1322 1845 1754 1915; x_wconf 75' lang='lat' dir='ltr'><strong>intelligentiam.</strong></span> 
     </span>
    </p>
   </div>
   <div class='ocr_carea' id='block_1_20' title="bbox 670 1953 2164 2026">
    <p class='ocr_par' dir='ltr' id='par_1_20' title="bbox 670 1953 2164 2026">
     <span class='ocr_line' id='line_1_20' title="bbox 670 1953 2164 2026; baseline -0.012 -2"><span class='ocrx_word' id='word_1_108' title='bbox 670 1971 834 2026; x_wconf 76' lang='lat' dir='ltr'><strong>Vens.</strong></span> <span class='ocrx_word' id='word_1_109' title='bbox 893 1966 980 2022; x_wconf 74' lang='grc'><strong>15.</strong></span> <span class='ocrx_word' id='word_1_110' title='bbox 1033 1965 1235 2019; x_wconf 85' lang='lat' dir='ltr'><strong>Vocans</strong></span> <span class='ocrx_word' id='word_1_111' title='bbox 1297 1967 1625 2015; x_wconf 80' lang='lat' dir='ltr'><strong>transeuntes</strong></span> <span class='ocrx_word' id='word_1_112' title='bbox 1688 1965 1737 2011; x_wconf 87' lang='lat' dir='ltr'><strong>et</strong></span> <span class='ocrx_word' id='word_1_113' title='bbox 1793 1963 2057 2025; x_wconf 79' lang='lat' dir='ltr'><strong>pergentes</strong></span> <span class='ocrx_word' id='word_1_114' title='bbox 2109 1953 2164 2006; x_wconf 89' lang='lat' dir='ltr'><strong>in</strong></span> 
     </span>
    </p>
   </div>
   <div class='ocr_carea' id='block_1_21' title="bbox 597 2048 2164 2121">
    <p class='ocr_par' dir='ltr' id='par_1_21' title="bbox 597 2048 2164 2121">
     <span class='ocr_line' id='line_1_21' title="bbox 597 2048 2164 2121; baseline -0.017 0"><span class='ocrx_word' id='word_1_115' title='bbox 597 2063 871 2121; x_wconf 86' lang='lat' dir='ltr'><strong>itineribus</strong></span> <span class='ocrx_word' id='word_1_116' title='bbox 922 2060 1053 2114; x_wconf 82' lang='lat' dir='ltr'><strong>suis.</strong></span> <span class='ocrx_word' id='word_1_117' title='bbox 1118 2055 1379 2109; x_wconf 82' lang='lat' dir='ltr'><strong>Alliciens</strong></span> <span class='ocrx_word' id='word_1_118' title='bbox 1409 2067 1504 2106; x_wconf 88' lang='lat' dir='ltr'><strong>eos</strong></span> <span class='ocrx_word' id='word_1_119' title='bbox 1544 2049 1636 2120; x_wconf 88' lang='lat' dir='ltr'><strong>qui</strong></span> <span class='ocrx_word' id='word_1_120' title='bbox 1681 2048 1824 2102; x_wconf 88' lang='lat' dir='ltr'><strong>hanc</strong></span> <span class='ocrx_word' id='word_1_121' title='bbox 1863 2055 2164 2101; x_wconf 62' lang='lat' dir='ltr'><strong>momenta-</strong></span> 
     </span>
    </p>
   </div>
   <div class='ocr_carea' id='block_1_22' title="bbox 599 2134 2164 2223">
    <p class='ocr_par' dir='ltr' id='par_1_22' title="bbox 599 2134 2164 2223">
     <span class='ocr_line' id='line_1_22' title="bbox 599 2134 2164 2223; baseline -0.017 -13"><span class='ocrx_word' id='word_1_122' title='bbox 599 2170 756 2210; x_wconf 88' lang='lat' dir='ltr'><strong>neam</strong></span> <span class='ocrx_word' id='word_1_123' title='bbox 815 2153 1143 2223; x_wconf 87' lang='lat' dir='ltr'><strong>percurrunt</strong></span> <span class='ocrx_word' id='word_1_124' title='bbox 1203 2145 1390 2204; x_wconf 86' lang='lat' dir='ltr'><strong>vitam.</strong></span> <span class='ocrx_word' id='word_1_125' title='bbox 1436 2155 1559 2202; x_wconf 91' lang='lat' dir='ltr'><strong>nec,</strong></span> <span class='ocrx_word' id='word_1_126' title='bbox 1604 2139 1656 2191; x_wconf 90' lang='lat' dir='ltr'><strong>in</strong></span> <span class='ocrx_word' id='word_1_127' title='bbox 1700 2137 1816 2192; x_wconf 88' lang='lat' dir='ltr'><strong>suis</strong></span> <span class='ocrx_word' id='word_1_128' title='bbox 1859 2151 1956 2205; x_wconf 90' lang='lat' dir='ltr'><strong>per</strong></span> <span class='ocrx_word' id='word_1_129' title='bbox 2000 2134 2164 2188; x_wconf 84' lang='lat' dir='ltr'><strong>vitam</strong></span> 
     </span>
    </p>
   </div>
   <div class='ocr_carea' id='block_1_23' title="bbox 599 2225 2168 2306">
    <p class='ocr_par' dir='ltr' id='par_1_23' title="bbox 599 2225 2168 2306">
     <span class='ocr_line' id='line_1_23' title="bbox 599 2225 2168 2306; baseline -0.016 -3"><span class='ocrx_word' id='word_1_130' title='bbox 599 2247 817 2306; x_wconf 87' lang='lat' dir='ltr'><strong>studiis,</strong></span> <span class='ocrx_word' id='word_1_131' title='bbox 847 2239 1094 2296; x_wconf 84' lang='lat' dir='ltr'><strong>molestis</strong></span> <span class='ocrx_word' id='word_1_132' title='bbox 1125 2235 1454 2292; x_wconf 85' lang='lat' dir='ltr'><strong>occursibus</strong></span> <span class='ocrx_word' id='word_1_133' title='bbox 1477 2239 1782 2297; x_wconf 72' lang='lat' dir='ltr'><strong>vexantur;</strong></span> <span class='ocrx_word' id='word_1_134' title='bbox 1810 2237 1866 2283; x_wconf 91' lang='lat' dir='ltr'><strong>et</strong></span> <span class='ocrx_word' id='word_1_135' title='bbox 1888 2225 2168 2298; x_wconf 68' lang='lat' dir='ltr'><strong>sapientiai</strong></span> 
     </span>
    </p>
   </div>
   <div class='ocr_carea' id='block_1_24' title="bbox 599 2322 1766 2395">
    <p class='ocr_par' dir='ltr' id='par_1_24' title="bbox 599 2322 1766 2395">
     <span class='ocr_line' id='line_1_24' title="bbox 599 2322 1766 2395; baseline -0.017 0"><span class='ocrx_word' id='word_1_136' title='bbox 599 2355 659 2395; x_wconf 83' lang='lat' dir='ltr'><strong>se</strong></span> <span class='ocrx_word' id='word_1_137' title='bbox 687 2337 970 2391; x_wconf 79' lang='lat' dir='ltr'><strong>adversam</strong></span> <span class='ocrx_word' id='word_1_138' title='bbox 1003 2338 1252 2385; x_wconf 76' lang='lat' dir='ltr'><strong>statuens</strong></span> <span class='ocrx_word' id='word_1_139' title='bbox 1285 2327 1401 2380; x_wconf 70' lang='lat' dir='ltr'><strong>haec</strong></span> <span class='ocrx_word' id='word_1_140' title='bbox 1431 2324 1555 2378; x_wconf 90' lang='lat' dir='ltr'><strong>illos</strong></span> <span class='ocrx_word' id='word_1_141' title='bbox 1587 2322 1766 2377; x_wconf 90' lang='lat' dir='ltr'><strong>docet.</strong></span> 
     </span>
    </p>
   </div>
   <div class='ocr_carea' id='block_1_25' title="bbox 676 2502 2168 2590">
    <p class='ocr_par' dir='ltr' id='par_1_25' title="bbox 676 2502 2168 2590">
     <span class='ocr_line' id='line_1_25' title="bbox 676 2502 2168 2590; baseline -0.012 -5"><span class='ocrx_word' id='word_1_142' title='bbox 676 2531 836 2584; x_wconf 72' lang='lat' dir='ltr'><strong>Vens.</strong></span> <span class='ocrx_word' id='word_1_143' title='bbox 864 2526 950 2580; x_wconf 75' lang='grc'><strong>16.</strong></span> <span class='ocrx_word' id='word_1_144' title='bbox 988 2523 1095 2590; x_wconf 84' lang='lat' dir='ltr'><strong>Qui</strong></span> <span class='ocrx_word' id='word_1_145' title='bbox 1123 2537 1188 2577; x_wconf 78' lang='lat' dir='ltr'><strong>ea:</strong></span> <span class='ocrx_word' id='word_1_146' title='bbox 1221 2519 1363 2576; x_wconf 85' lang='lat' dir='ltr'><strong>vobis</strong></span> <span class='ocrx_word' id='word_1_147' title='bbox 1400 2528 1478 2574; x_wconf 87' lang='lat' dir='ltr'><strong>est</strong></span> <span class='ocrx_word' id='word_1_148' title='bbox 1515 2502 2034 2586; x_wconf 82' lang='lat' dir='ltr'><strong>imprudentissimus</strong></span> <span class='ocrx_word' id='word_1_149' title='bbox 2075 2514 2168 2568; x_wconf 86' lang='lat' dir='ltr'><strong>de-</strong></span> 
     </span>
    </p>
   </div>
   <div class='ocr_carea' id='block_1_26' title="bbox 600 2607 2170 2684">
    <p class='ocr_par' dir='ltr' id='par_1_26' title="bbox 600 2607 2170 2684">
     <span class='ocr_line' id='line_1_26' title="bbox 600 2607 2170 2684; baseline -0.011 -7"><span class='ocrx_word' id='word_1_150' title='bbox 600 2624 755 2677; x_wconf 81' lang='lat' dir='ltr'><strong>clinet</strong></span> <span class='ocrx_word' id='word_1_151' title='bbox 805 2619 873 2673; x_wconf 85' lang='lat' dir='ltr'><strong>ad</strong></span> <span class='ocrx_word' id='word_1_152' title='bbox 902 2635 1002 2672; x_wconf 87' lang='lat' dir='ltr'><strong>me.</strong></span> <span class='ocrx_word' id='word_1_153' title='bbox 1041 2617 1366 2684; x_wconf 82' lang='lat' dir='ltr'><strong>Quicunque</strong></span> <span class='ocrx_word' id='word_1_154' title='bbox 1409 2613 1573 2682; x_wconf 80' lang='lat' dir='ltr'><strong>igitur</strong></span> <span class='ocrx_word' id='word_1_155' title='bbox 1636 2610 1728 2665; x_wconf 82' lang='lat' dir='ltr'><strong>Dei</strong></span> <span class='ocrx_word' id='word_1_156' title='bbox 1785 2607 2170 2678; x_wconf 78' lang='lat' dir='ltr'><strong>cogitationem</strong></span> 
     </span>
    </p>
   </div>
   <div class='ocr_carea' id='block_1_27' title="bbox 601 2698 2170 2771">
    <p class='ocr_par' dir='ltr' id='par_1_27' title="bbox 601 2698 2170 2771">
     <span class='ocr_line' id='line_1_27' title="bbox 601 2698 2170 2771; baseline -0.012 0"><span class='ocrx_word' id='word_1_157' title='bbox 601 2716 841 2771; x_wconf 89' lang='lat' dir='ltr'><strong>nondum</strong></span> <span class='ocrx_word' id='word_1_158' title='bbox 876 2711 982 2765; x_wconf 84' lang='lat' dir='ltr'><strong>l&#39;ert</strong></span> <span class='ocrx_word' id='word_1_159' title='bbox 1012 2711 1066 2764; x_wconf 91' lang='lat' dir='ltr'><strong>in</strong></span> <span class='ocrx_word' id='word_1_160' title='bbox 1102 2723 1199 2764; x_wconf 90' lang='lat' dir='ltr'><strong>sua</strong></span> <span class='ocrx_word' id='word_1_161' title='bbox 1235 2713 1434 2770; x_wconf 89' lang='lat' dir='ltr'><strong>mente,</strong></span> <span class='ocrx_word' id='word_1_162' title='bbox 1469 2704 1535 2758; x_wconf 89' lang='lat' dir='ltr'><strong>ad</strong></span> <span class='ocrx_word' id='word_1_163' title='bbox 1575 2719 1662 2757; x_wconf 88' lang='lat' dir='ltr'><strong>me</strong></span> <span class='ocrx_word' id='word_1_164' title='bbox 1691 2701 1895 2766; x_wconf 89' lang='lat' dir='ltr'><strong>veniat,</strong></span> <span class='ocrx_word' id='word_1_165' title='bbox 1941 2698 2170 2754; x_wconf 83' lang='lat' dir='ltr'><strong>deorqu</strong></span> 
     </span>
    </p>
   </div>
   <div class='ocr_carea' id='block_1_28' title="bbox 613 2800 1354 2862">
    <p class='ocr_par' dir='ltr' id='par_1_28' title="bbox 613 2800 1354 2862">
     <span class='ocr_line' id='line_1_28' title="bbox 613 2800 1354 2862; baseline -0.013 0"><span class='ocrx_word' id='word_1_166' title='bbox 613 2803 1018 2862; x_wconf 83' lang='lat' dir='ltr'><strong>multitudinem</strong></span> <span class='ocrx_word' id='word_1_167' title='bbox 1057 2800 1354 2855; x_wconf 89' lang='lat' dir='ltr'><strong>docendus.</strong></span> 
     </span>
    </p>
   </div>
   <div class='ocr_carea' id='block_1_29' title="bbox 675 2908 2171 2990">
    <p class='ocr_par' dir='ltr' id='par_1_29' title="bbox 675 2908 2171 2990">
     <span class='ocr_line' id='line_1_29' title="bbox 675 2908 2171 2990; baseline -0.008 -16"><span class='ocrx_word' id='word_1_168' title='bbox 675 2919 744 2974; x_wconf 86' lang='lat' dir='ltr'><strong>Et</strong></span> <span class='ocrx_word' id='word_1_169' title='bbox 769 2919 858 2990; x_wconf 80' lang='lat' dir='ltr'><strong>qui</strong></span> <span class='ocrx_word' id='word_1_170' title='bbox 883 2931 1038 2971; x_wconf 84' lang='lat' dir='ltr'><strong>sensu</strong></span> <span class='ocrx_word' id='word_1_171' title='bbox 1060 2923 1264 2979; x_wconf 82' lang='lat' dir='ltr'><strong>carent,</strong></span> <span class='ocrx_word' id='word_1_172' title='bbox 1291 2927 1378 2966; x_wconf 90' lang='lat' dir='ltr'><strong>eos</strong></span> <span class='ocrx_word' id='word_1_173' title='bbox 1401 2910 1584 2964; x_wconf 81' lang='lat' dir='ltr'><strong>hortor</strong></span> <span class='ocrx_word' id='word_1_174' title='bbox 1611 2909 1809 2964; x_wconf 89' lang='lat' dir='ltr'><strong>dicens.</strong></span> <span class='ocrx_word' id='word_1_175' title='bbox 1864 2908 1930 2964; x_wconf 85' lang='lat' dir='ltr'><strong>Et</strong></span> <span class='ocrx_word' id='word_1_176' title='bbox 1959 2925 2052 2964; x_wconf 86' lang='lat' dir='ltr'><strong>eos</strong></span> <span class='ocrx_word' id='word_1_177' title='bbox 2081 2908 2171 2979; x_wconf 88' lang='lat' dir='ltr'><strong>qui</strong></span> 
     </span>
    </p>
   </div>
   <div class='ocr_carea' id='block_1_30' title="bbox 603 3001 2176 3078">
    <p class='ocr_par' dir='ltr' id='par_1_30' title="bbox 603 3001 2176 3078">
     <span class='ocr_line' id='line_1_30' title="bbox 603 3001 2176 3078; baseline -0.007 -12"><span class='ocrx_word' id='word_1_178' title='bbox 603 3017 874 3068; x_wconf 88' lang='lat' dir='ltr'><strong>noverunt</strong></span> <span class='ocrx_word' id='word_1_179' title='bbox 905 3008 1123 3078; x_wconf 88' lang='lat' dir='ltr'><strong>quidem</strong></span> <span class='ocrx_word' id='word_1_180' title='bbox 1155 3003 1344 3068; x_wconf 88' lang='lat' dir='ltr'><strong>Deum,</strong></span> <span class='ocrx_word' id='word_1_181' title='bbox 1399 3003 1654 3057; x_wconf 87' lang='lat' dir='ltr'><strong>mandata</strong></span> <span class='ocrx_word' id='word_1_182' title='bbox 1686 3011 1868 3056; x_wconf 83' lang='lat' dir='ltr'><strong>autem</strong></span> <span class='ocrx_word' id='word_1_183' title='bbox 1906 3001 2024 3072; x_wconf 75' lang='lat' dir='ltr'><strong>ejus</strong></span> <span class='ocrx_word' id='word_1_184' title='bbox 2067 3018 2176 3056; x_wconf 66' lang='lat' dir='ltr'><strong>no».</strong></span> 
     </span>
    </p>
   </div>
   <div class='ocr_carea' id='block_1_31' title="bbox 603 3097 1399 3164">
    <p class='ocr_par' dir='ltr' id='par_1_31' title="bbox 603 3097 1399 3164">
     <span class='ocr_line' id='line_1_31' title="bbox 603 3097 1399 3164; baseline -0.014 -6"><span class='ocrx_word' id='word_1_185' title='bbox 603 3113 847 3164; x_wconf 84' lang='lat' dir='ltr'><strong>servant,</strong></span> <span class='ocrx_word' id='word_1_186' title='bbox 881 3098 1056 3154; x_wconf 85' lang='lat' dir='ltr'><strong>invito</strong></span> <span class='ocrx_word' id='word_1_187' title='bbox 1091 3097 1348 3152; x_wconf 88' lang='lat' dir='ltr'><strong>dictitans</strong></span> <span class='ocrx_word' id='word_1_188' title='bbox 1385 3110 1399 3147; x_wconf 91' lang='lat'><strong>:</strong></span> 
     </span>
    </p>
   </div>
   <div class='ocr_carea' id='block_1_32' title="bbox 677 3206 2245 3278">
    <p class='ocr_par' dir='ltr' id='par_1_32' title="bbox 677 3206 2245 3278">
     <span class='ocr_line' id='line_1_32' title="bbox 677 3206 2245 3278; baseline -0.007 -6"><span class='ocrx_word' id='word_1_189' title='bbox 677 3217 842 3272; x_wconf 68' lang='lat' dir='ltr'><strong>Vsus.</strong></span> <span class='ocrx_word' id='word_1_190' title='bbox 874 3215 963 3268; x_wconf 78' lang='lat' dir='ltr'><strong>i7.</strong></span> <span class='ocrx_word' id='word_1_191' title='bbox 992 3212 1192 3266; x_wconf 86' lang='lat' dir='ltr'><strong>Panem</strong></span> <span class='ocrx_word' id='word_1_192' title='bbox 1220 3208 1586 3264; x_wconf 87' lang='lat' dir='ltr'><strong>absconditum</strong></span> <span class='ocrx_word' id='word_1_193' title='bbox 1617 3209 1808 3271; x_wconf 84' lang='lat' dir='ltr'><strong>capite.</strong></span> <span class='ocrx_word' id='word_1_194' title='bbox 1843 3206 2020 3278; x_wconf 89' lang='lat' dir='ltr'><strong>Opera</strong></span> <span class='ocrx_word' id='word_1_195' title='bbox 2055 3224 2175 3278; x_wconf 75' lang='lat' dir='ltr'><strong>quae</strong></span> <span class='ocrx_word' id='word_1_196' title='bbox 2201 3209 2245 3266; x_wconf 89' lang='lat' dir='ltr'><strong><em>C</em></strong></span> 
     </span>
    </p>
   </div>
   <div class='ocr_carea' id='block_1_33' title="bbox 605 3303 2178 3372">
    <p class='ocr_par' dir='ltr' id='par_1_33' title="bbox 605 3303 2178 3372">
     <span class='ocr_line' id='line_1_33' title="bbox 605 3303 2178 3372; baseline -0.008 -6"><span class='ocrx_word' id='word_1_197' title='bbox 605 3311 828 3366; x_wconf 56' lang='lat' dir='ltr'><strong>malitia),</strong></span> <span class='ocrx_word' id='word_1_198' title='bbox 880 3306 1122 3361; x_wconf 91' lang='lat' dir='ltr'><strong>habitum</strong></span> <span class='ocrx_word' id='word_1_199' title='bbox 1183 3314 1244 3358; x_wconf 89' lang='lat' dir='ltr'><strong>ut</strong></span> <span class='ocrx_word' id='word_1_200' title='bbox 1308 3303 1529 3370; x_wconf 89' lang='lat' dir='ltr'><strong>quidam</strong></span> <span class='ocrx_word' id='word_1_201' title='bbox 1583 3317 1751 3372; x_wconf 91' lang='lat' dir='ltr'><strong>panes</strong></span> <span class='ocrx_word' id='word_1_202' title='bbox 1809 3303 2081 3366; x_wconf 88' lang='lat' dir='ltr'><strong>nutriunt,</strong></span> <span class='ocrx_word' id='word_1_203' title='bbox 2123 3312 2178 3355; x_wconf 90' lang='lat' dir='ltr'><strong>et</strong></span> 
     </span>
    </p>
   </div>
   <div class='ocr_carea' id='block_1_34' title="bbox 605 3393 2179 3464">
    <p class='ocr_par' dir='ltr' id='par_1_34' title="bbox 605 3393 2179 3464">
     <span class='ocr_line' id='line_1_34' title="bbox 605 3393 2179 3464; baseline -0.007 -8"><span class='ocrx_word' id='word_1_204' title='bbox 605 3401 797 3456; x_wconf 86' lang='lat' dir='ltr'><strong>oculos</strong></span> <span class='ocrx_word' id='word_1_205' title='bbox 847 3397 1128 3454; x_wconf 89' lang='lat' dir='ltr'><strong>hominum</strong></span> <span class='ocrx_word' id='word_1_206' title='bbox 1193 3394 1390 3449; x_wconf 79' lang='lat' dir='ltr'><strong>fallunt</strong></span> <span class='ocrx_word' id='word_1_207' title='bbox 1434 3402 1640 3457; x_wconf 88' lang='lat' dir='ltr'><strong>tamen,</strong></span> <span class='ocrx_word' id='word_1_208' title='bbox 1689 3409 1813 3446; x_wconf 88' lang='lat' dir='ltr'><strong>cum</strong></span> <span class='ocrx_word' id='word_1_209' title='bbox 1869 3393 2051 3448; x_wconf 64' lang='lat' dir='ltr'><strong>laetitia</strong></span> <span class='ocrx_word' id='word_1_210' title='bbox 2081 3409 2179 3464; x_wconf 80' lang='lat' dir='ltr'><strong>g—u-</strong></span> 
     </span>
    </p>
   </div>
   <div class='ocr_carea' id='block_1_35' title="bbox 605 3501 768 3550">
    <p class='ocr_par' dir='ltr' id='par_1_35' title="bbox 605 3501 768 3550">
     <span class='ocr_line' id='line_1_35' title="bbox 605 3501 768 3550; baseline -0.025 0"><span class='ocrx_word' id='word_1_211' title='bbox 605 3501 768 3550; x_wconf 87' lang='lat' dir='ltr'><strong>state.</strong></span> 
     </span>
    </p>
   </div>
   <div class='ocr_carea' id='block_1_36' title="bbox 677 3597 2180 3674">
    <p class='ocr_par' dir='ltr' id='par_1_36' title="bbox 677 3597 2180 3674">
     <span class='ocr_line' id='line_1_36' title="bbox 677 3597 2180 3674; baseline -0.004 -16"><span class='ocrx_word' id='word_1_212' title='bbox 677 3603 750 3658; x_wconf 90' lang='lat' dir='ltr'><strong>Et</strong></span> <span class='ocrx_word' id='word_1_213' title='bbox 818 3619 1009 3674; x_wconf 88' lang='lat' dir='ltr'><strong>aquam</strong></span> <span class='ocrx_word' id='word_1_214' title='bbox 1059 3601 1204 3673; x_wconf 77' lang='lat' dir='ltr'><strong>furto</strong></span> <span class='ocrx_word' id='word_1_215' title='bbox 1249 3600 1485 3654; x_wconf 84' lang='lat' dir='ltr'><strong>ablatam</strong></span> <span class='ocrx_word' id='word_1_216' title='bbox 1548 3607 1597 3651; x_wconf 86' lang='lat' dir='ltr'><strong>et</strong></span> <span class='ocrx_word' id='word_1_217' title='bbox 1663 3598 1949 3653; x_wconf 79' lang='lat' dir='ltr'><strong>dulciorem</strong></span> <span class='ocrx_word' id='word_1_218' title='bbox 2004 3597 2180 3652; x_wconf 83' lang='lat' dir='ltr'><strong>bibite.</strong></span> 
     </span>
    </p>
   </div>
   <div class='ocr_carea' id='block_1_37' title="bbox 607 3690 2185 3760">
    <p class='ocr_par' dir='ltr' id='par_1_37' title="bbox 607 3690 2185 3760">
     <span class='ocr_line' id='line_1_37' title="bbox 607 3690 2185 3760; baseline -0.009 -5"><span class='ocrx_word' id='word_1_219' title='bbox 607 3699 675 3755; x_wconf 83' lang='grc' dir='ltr'><strong>ΕΙ.</strong></span> <span class='ocrx_word' id='word_1_220' title='bbox 705 3697 1048 3754; x_wconf 82' lang='lat' dir='ltr'><strong>sensibilium</strong></span> <span class='ocrx_word' id='word_1_221' title='bbox 1071 3695 1380 3758; x_wconf 84' lang='lat' dir='ltr'><strong>scientiam,</strong></span> <span class='ocrx_word' id='word_1_222' title='bbox 1412 3701 1471 3744; x_wconf 83' lang='grc' dir='ltr'><strong>ιιι</strong></span> <span class='ocrx_word' id='word_1_223' title='bbox 1504 3690 1751 3760; x_wconf 57' lang='lat' dir='ltr'><strong>quasdam</strong></span> <span class='ocrx_word' id='word_1_224' title='bbox 1808 3706 1948 3760; x_wconf 85' lang='lat' dir='ltr'><strong>aqua</strong></span> <span class='ocrx_word' id='word_1_225' title='bbox 1979 3691 2185 3746; x_wconf 76' lang='lat' dir='ltr'><strong>excitat</strong></span> 
     </span>
    </p>
   </div>
   <div class='ocr_carea' id='block_1_38' title="bbox 608 3783 2187 3852">
    <p class='ocr_par' dir='ltr' id='par_1_38' title="bbox 608 3783 2187 3852">
     <span class='ocr_line' id='line_1_38' title="bbox 608 3783 2187 3852; baseline -0.005 -6"><span class='ocrx_word' id='word_1_226' title='bbox 608 3793 778 3852; x_wconf 88' lang='lat' dir='ltr'><strong>sitim,</strong></span> <span class='ocrx_word' id='word_1_227' title='bbox 830 3789 1160 3842; x_wconf 76' lang='lat' dir='ltr'><strong>excitantem</strong></span> <span class='ocrx_word' id='word_1_228' title='bbox 1203 3785 1270 3839; x_wconf 88' lang='lat' dir='ltr'><strong>ad</strong></span> <span class='ocrx_word' id='word_1_229' title='bbox 1326 3785 1440 3840; x_wconf 58' lang='lat' dir='ltr'><strong>haec</strong></span> <span class='ocrx_word' id='word_1_230' title='bbox 1504 3783 1938 3838; x_wconf 87' lang='lat' dir='ltr'><strong>irrationabilem</strong></span> <span class='ocrx_word' id='word_1_231' title='bbox 1991 3785 2187 3838; x_wconf 73' lang='lat' dir='ltr'><strong>anima:</strong></span> 
     </span>
    </p>
   </div>
   <div class='ocr_carea' id='block_1_39' title="bbox 612 3876 2188 3954">
    <p class='ocr_par' dir='ltr' id='par_1_39' title="bbox 612 3876 2188 3954">
     <span class='ocr_line' id='line_1_39' title="bbox 612 3876 2188 3954; baseline -0.004 -17"><span class='ocrx_word' id='word_1_232' title='bbox 612 3883 1052 3954; x_wconf 79' lang='lat' dir='ltr'><strong>propensionem,</strong></span> <span class='ocrx_word' id='word_1_233' title='bbox 1105 3893 1170 3933; x_wconf 91' lang='lat' dir='ltr'><strong>eo</strong></span> <span class='ocrx_word' id='word_1_234' title='bbox 1235 3876 1381 3947; x_wconf 82' lang='lat' dir='ltr'><strong>quod</strong></span> <span class='ocrx_word' id='word_1_235' title='bbox 1468 3892 1624 3931; x_wconf 89' lang='lat' dir='ltr'><strong>mens</strong></span> <span class='ocrx_word' id='word_1_236' title='bbox 1657 3877 1953 3945; x_wconf 83' lang='lat' dir='ltr'><strong>voluptatis</strong></span> <span class='ocrx_word' id='word_1_237' title='bbox 1989 3876 2188 3946; x_wconf 82' lang='lat' dir='ltr'><strong>gaudio</strong></span> 
     </span>
    </p>
   </div>
   <div class='ocr_carea' id='block_1_40' title="bbox 609 3967 1808 4042">
    <p class='ocr_par' dir='ltr' id='par_1_40' title="bbox 609 3967 1808 4042">
     <span class='ocr_line' id='line_1_40' title="bbox 609 3967 1808 4042; baseline -0.008 -14"><span class='ocrx_word' id='word_1_238' title='bbox 609 3976 897 4042; x_wconf 81' lang='lat' dir='ltr'><strong>arripitur,</strong></span> <span class='ocrx_word' id='word_1_239' title='bbox 936 3972 1002 4024; x_wconf 85' lang='lat' dir='ltr'><strong>ad</strong></span> <span class='ocrx_word' id='word_1_240' title='bbox 1037 3970 1343 4024; x_wconf 87' lang='lat' dir='ltr'><strong>satietatem</strong></span> <span class='ocrx_word' id='word_1_241' title='bbox 1387 3967 1808 4038; x_wconf 86' lang='lat' dir='ltr'><strong>aggrediamini.</strong></span> 
     </span>
    </p>
   </div>
   <div class='ocr_carea' id='block_1_41' title="bbox 684 4059 2188 4130">
    <p class='ocr_par' dir='ltr' id='par_1_41' title="bbox 684 4059 2188 4130">
     <span class='ocr_line' id='line_1_41' title="bbox 684 4059 2188 4130; baseline -0.005 -10"><span class='ocrx_word' id='word_1_242' title='bbox 684 4063 850 4120; x_wconf 70' lang='lat' dir='ltr'><strong>Vens.</strong></span> <span class='ocrx_word' id='word_1_243' title='bbox 894 4063 974 4117; x_wconf 88' lang='lat' dir='ltr'><strong>l8.</strong></span> <span class='ocrx_word' id='word_1_244' title='bbox 1022 4061 1122 4116; x_wconf 84' lang='lat' dir='ltr'><strong>Ille</strong></span> <span class='ocrx_word' id='word_1_245' title='bbox 1154 4072 1330 4115; x_wconf 86' lang='lat' dir='ltr'><strong>autem</strong></span> <span class='ocrx_word' id='word_1_246' title='bbox 1370 4061 1586 4114; x_wconf 80' lang='lat' dir='ltr'><strong>nescivit</strong></span> <span class='ocrx_word' id='word_1_247' title='bbox 1616 4060 1754 4129; x_wconf 86' lang='lat' dir='ltr'><strong>quod</strong></span> <span class='ocrx_word' id='word_1_248' title='bbox 1781 4059 2013 4130; x_wconf 81' lang='lat' dir='ltr'><strong>gigantes</strong></span> <span class='ocrx_word' id='word_1_249' title='bbox 2047 4059 2188 4127; x_wconf 84' lang='lat' dir='ltr'><strong>apud</strong></span> 
     </span>
    </p>
   </div>
   <div class='ocr_carea' id='block_1_42' title="bbox 611 4152 2188 4224">
    <p class='ocr_par' dir='ltr' id='par_1_42' title="bbox 611 4152 2188 4224">
     <span class='ocr_line' id='line_1_42' title="bbox 611 4152 2188 4224; baseline -0.006 -9"><span class='ocrx_word' id='word_1_250' title='bbox 611 4175 728 4215; x_wconf 88' lang='lat' dir='ltr'><strong>eam</strong></span> <span class='ocrx_word' id='word_1_251' title='bbox 767 4165 1000 4224; x_wconf 83' lang='lat' dir='ltr'><strong>pereant,</strong></span> <span class='ocrx_word' id='word_1_252' title='bbox 1025 4163 1072 4208; x_wconf 92' lang='lat' dir='ltr'><strong>et</strong></span> <span class='ocrx_word' id='word_1_253' title='bbox 1096 4158 1162 4206; x_wconf 84' lang='lat' dir='ltr'><strong>ad</strong></span> <span class='ocrx_word' id='word_1_254' title='bbox 1196 4153 1339 4223; x_wconf 86' lang='lat' dir='ltr'><strong>ligna</strong></span> <span class='ocrx_word' id='word_1_255' title='bbox 1359 4153 1553 4221; x_wconf 76' lang='lat' dir='ltr'><strong>inferni</strong></span> <span class='ocrx_word' id='word_1_256' title='bbox 1591 4153 1840 4206; x_wconf 85' lang='lat' dir='ltr'><strong>occurrit.</strong></span> <span class='ocrx_word' id='word_1_257' title='bbox 1868 4152 1970 4216; x_wconf 84' lang='lat' dir='ltr'><strong>Qui</strong></span> <span class='ocrx_word' id='word_1_258' title='bbox 2006 4161 2188 4206; x_wconf 83' lang='lat' dir='ltr'><strong>autem</strong></span> 
     </span>
    </p>
   </div>
   <div class='ocr_carea' id='block_1_43' title="bbox 613 4244 2192 4317">
    <p class='ocr_par' dir='ltr' id='par_1_43' title="bbox 613 4244 2192 4317">
     <span class='ocr_line' id='line_1_43' title="bbox 613 4244 2192 4317; baseline -0.004 -11"><span class='ocrx_word' id='word_1_259' title='bbox 613 4252 690 4308; x_wconf 90' lang='lat' dir='ltr'><strong>illi</strong></span> <span class='ocrx_word' id='word_1_260' title='bbox 724 4249 934 4311; x_wconf 85' lang='lat' dir='ltr'><strong>obedit,</strong></span> <span class='ocrx_word' id='word_1_261' title='bbox 968 4247 1183 4317; x_wconf 75' lang='lat' dir='ltr'><strong>ignorat</strong></span> <span class='ocrx_word' id='word_1_262' title='bbox 1215 4261 1312 4300; x_wconf 84' lang='lat' dir='ltr'><strong>eos</strong></span> <span class='ocrx_word' id='word_1_263' title='bbox 1346 4248 1438 4315; x_wconf 91' lang='lat' dir='ltr'><strong>qui</strong></span> <span class='ocrx_word' id='word_1_264' title='bbox 1511 4252 1736 4298; x_wconf 87' lang='lat' dir='ltr'><strong>terrena</strong></span> <span class='ocrx_word' id='word_1_265' title='bbox 1793 4244 2056 4313; x_wconf 85' lang='lat' dir='ltr'><strong>cogitant,</strong></span> <span class='ocrx_word' id='word_1_266' title='bbox 2096 4260 2192 4314; x_wconf 90' lang='lat' dir='ltr'><strong>per</strong></span> 
     </span>
    </p>
   </div>
   <div class='ocr_carea' id='block_1_44' title="bbox 614 4335 2192 4407">
    <p class='ocr_par' dir='ltr' id='par_1_44' title="bbox 614 4335 2192 4407">
     <span class='ocr_line' id='line_1_44' title="bbox 614 4335 2192 4407; baseline -0.004 -9"><span class='ocrx_word' id='word_1_267' title='bbox 614 4346 763 4398; x_wconf 90' lang='lat' dir='ltr'><strong>illam</strong></span> <span class='ocrx_word' id='word_1_268' title='bbox 798 4350 1028 4395; x_wconf 86' lang='lat' dir='ltr'><strong>mortem</strong></span> <span class='ocrx_word' id='word_1_269' title='bbox 1066 4339 1265 4394; x_wconf 60' lang='lat' dir='ltr'><strong>animae</strong></span> <span class='ocrx_word' id='word_1_270' title='bbox 1315 4340 1420 4394; x_wconf 86' lang='lat' dir='ltr'><strong>sibi</strong></span> <span class='ocrx_word' id='word_1_271' title='bbox 1470 4339 1772 4392; x_wconf 87' lang='lat' dir='ltr'><strong>attrahere.</strong></span> <span class='ocrx_word' id='word_1_272' title='bbox 1809 4335 1934 4391; x_wconf 86' lang='lat' dir='ltr'><strong>ideo</strong></span> <span class='ocrx_word' id='word_1_273' title='bbox 1971 4347 2026 4392; x_wconf 92' lang='lat' dir='ltr'><strong>et</strong></span> <span class='ocrx_word' id='word_1_274' title='bbox 2075 4339 2192 4407; x_wconf 91' lang='lat' dir='ltr'><strong>ipse</strong></span> 
     </span>
    </p>
   </div>
   <div class='ocr_carea' id='block_1_45' title="bbox 616 4423 2190 4502">
    <p class='ocr_par' dir='ltr' id='par_1_45' title="bbox 616 4423 2190 4502">
     <span class='ocr_line' id='line_1_45' title="bbox 616 4423 2190 4502; baseline -0.006 -16"><span class='ocrx_word' id='word_1_275' title='bbox 616 4434 670 4486; x_wconf 92' lang='lat' dir='ltr'><strong>in</strong></span> <span class='ocrx_word' id='word_1_276' title='bbox 704 4428 1034 4502; x_wconf 84' lang='lat' dir='ltr'><strong>perditionis</strong></span> <span class='ocrx_word' id='word_1_277' title='bbox 1068 4427 1389 4481; x_wconf 84' lang='lat' dir='ltr'><strong>barathrum</strong></span> <span class='ocrx_word' id='word_1_278' title='bbox 1425 4426 1642 4480; x_wconf 80' lang='lat' dir='ltr'><strong>incidit.</strong></span> <span class='ocrx_word' id='word_1_279' title='bbox 1696 4423 1760 4477; x_wconf 87' lang='lat' dir='ltr'><strong>Et</strong></span> <span class='ocrx_word' id='word_1_280' title='bbox 1808 4424 1922 4478; x_wconf 65' lang='lat' dir='ltr'><strong>haec</strong></span> <span class='ocrx_word' id='word_1_281' title='bbox 1969 4424 2190 4492; x_wconf 89' lang='lat' dir='ltr'><strong>quidem</strong></span> 
     </span>
    </p>
   </div>
   <div class='ocr_carea' id='block_1_46' title="bbox 613 4515 2190 4592">
    <p class='ocr_par' dir='ltr' id='par_1_46' title="bbox 613 4515 2190 4592">
     <span class='ocr_line' id='line_1_46' title="bbox 613 4515 2190 4592; baseline -0.004 -15"><span class='ocrx_word' id='word_1_282' title='bbox 613 4524 775 4578; x_wconf 82' lang='lat' dir='ltr'><strong>ellicit</strong></span> <span class='ocrx_word' id='word_1_283' title='bbox 799 4535 1042 4592; x_wconf 65' lang='lat' dir='ltr'><strong>praeceps</strong></span> <span class='ocrx_word' id='word_1_284' title='bbox 1087 4517 1397 4589; x_wconf 83' lang='lat' dir='ltr'><strong>phantasia.</strong></span> <span class='ocrx_word' id='word_1_285' title='bbox 1432 4517 1513 4572; x_wconf 93' lang='lat' dir='ltr'><strong>Tu</strong></span> <span class='ocrx_word' id='word_1_286' title='bbox 1555 4531 1682 4572; x_wconf 85' lang='lat' dir='ltr'><strong>vero</strong></span> <span class='ocrx_word' id='word_1_287' title='bbox 1717 4515 1875 4587; x_wconf 86' lang='lat' dir='ltr'><strong>longe</strong></span> <span class='ocrx_word' id='word_1_288' title='bbox 1901 4517 1970 4571; x_wconf 89' lang='lat' dir='ltr'><strong>ab</strong></span> <span class='ocrx_word' id='word_1_289' title='bbox 2004 4517 2094 4570; x_wconf 87' lang='lat' dir='ltr'><strong>illa</strong></span> <span class='ocrx_word' id='word_1_290' title='bbox 2125 4517 2190 4570; x_wconf 87' lang='lat' dir='ltr'><strong>ad</strong></span> 
     </span>
    </p>
   </div>
   <div class='ocr_carea' id='block_1_47' title="bbox 617 4610 1670 4682">
    <p class='ocr_par' dir='ltr' id='par_1_47' title="bbox 617 4610 1670 4682">
     <span class='ocr_line' id='line_1_47' title="bbox 617 4610 1670 4682; baseline -0.003 -12"><span class='ocrx_word' id='word_1_291' title='bbox 617 4614 888 4670; x_wconf 84' lang='lat' dir='ltr'><strong>rationem</strong></span> <span class='ocrx_word' id='word_1_292' title='bbox 927 4610 1266 4682; x_wconf 80' lang='lat' dir='ltr'><strong>cogitatione</strong></span> <span class='ocrx_word' id='word_1_293' title='bbox 1295 4618 1387 4663; x_wconf 90' lang='lat' dir='ltr'><strong>tua</strong></span> <span class='ocrx_word' id='word_1_294' title='bbox 1412 4610 1670 4667; x_wconf 83' lang='lat' dir='ltr'><strong>ascende.</strong></span> 
     </span>
    </p>
   </div>
   <div class='ocr_carea' id='block_1_48' title="bbox 694 4804 2197 4879">
    <p class='ocr_par' dir='ltr' id='par_1_48' title="bbox 694 4804 2197 4879">
     <span class='ocr_line' id='line_1_48' title="bbox 694 4804 2197 4879; baseline -0.003 -14"><span class='ocrx_word' id='word_1_295' title='bbox 694 4809 796 4866; x_wconf 87' lang='lat' dir='ltr'><strong>Sed</strong></span> <span class='ocrx_word' id='word_1_296' title='bbox 823 4809 1052 4879; x_wconf 80' lang='lat' dir='ltr'><strong>aufuge;</strong></span> <span class='ocrx_word' id='word_1_297' title='bbox 1091 4823 1153 4862; x_wconf 89' lang='lat' dir='ltr'><strong>ne</strong></span> <span class='ocrx_word' id='word_1_298' title='bbox 1189 4805 1364 4861; x_wconf 87' lang='lat' dir='ltr'><strong>tardes</strong></span> <span class='ocrx_word' id='word_1_299' title='bbox 1394 4807 1448 4860; x_wconf 92' lang='lat' dir='ltr'><strong>in</strong></span> <span class='ocrx_word' id='word_1_300' title='bbox 1472 4807 1590 4862; x_wconf 85' lang='lat' dir='ltr'><strong>loco</strong></span> <span class='ocrx_word' id='word_1_301' title='bbox 1618 4806 1752 4877; x_wconf 83' lang='lat' dir='ltr'><strong>ejus.</strong></span> <span class='ocrx_word' id='word_1_302' title='bbox 1780 4805 1858 4862; x_wconf 89' lang='lat' dir='ltr'><strong>Ne</strong></span> <span class='ocrx_word' id='word_1_303' title='bbox 1887 4804 2197 4860; x_wconf 85' lang='lat' dir='ltr'><strong>immoreris</strong></span> 
     </span>
    </p>
   </div>
   <div class='ocr_carea' id='block_1_49' title="bbox 619 4898 2196 4969">
    <p class='ocr_par' dir='ltr' id='par_1_49' title="bbox 619 4898 2196 4969">
     <span class='ocr_line' id='line_1_49' title="bbox 619 4898 2196 4969; baseline -0.006 -10"><span class='ocrx_word' id='word_1_304' title='bbox 619 4901 958 4959; x_wconf 88' lang='lat' dir='ltr'><strong>sensibilium</strong></span> <span class='ocrx_word' id='word_1_305' title='bbox 998 4900 1158 4962; x_wconf 88' lang='lat' dir='ltr'><strong>visui,</strong></span> <span class='ocrx_word' id='word_1_306' title='bbox 1198 4915 1360 4969; x_wconf 87' lang='lat' dir='ltr'><strong>quem</strong></span> <span class='ocrx_word' id='word_1_307' title='bbox 1393 4900 1570 4954; x_wconf 90' lang='lat' dir='ltr'><strong>solum</strong></span> <span class='ocrx_word' id='word_1_308' title='bbox 1609 4899 1897 4969; x_wconf 87' lang='lat' dir='ltr'><strong>phantasia</strong></span> <span class='ocrx_word' id='word_1_309' title='bbox 1953 4898 2196 4952; x_wconf 88' lang='lat' dir='ltr'><strong>circum-</strong></span> 
     </span>
    </p>
   </div>
   <div class='ocr_carea' id='block_1_50' title="bbox 619 4989 2197 5061">
    <p class='ocr_par' dir='ltr' id='par_1_50' title="bbox 619 4989 2197 5061">
     <span class='ocr_line' id='line_1_50' title="bbox 619 4989 2197 5061; baseline -0.004 -11"><span class='ocrx_word' id='word_1_310' title='bbox 619 4997 825 5055; x_wconf 74' lang='lat' dir='ltr'><strong>ferens.</strong></span> <span class='ocrx_word' id='word_1_311' title='bbox 851 5009 1039 5048; x_wconf 89' lang='lat' dir='ltr'><strong>eorum</strong></span> <span class='ocrx_word' id='word_1_312' title='bbox 1065 5007 1195 5047; x_wconf 88' lang='lat' dir='ltr'><strong>vero</strong></span> <span class='ocrx_word' id='word_1_313' title='bbox 1217 4992 1284 5046; x_wconf 89' lang='lat' dir='ltr'><strong>ad</strong></span> <span class='ocrx_word' id='word_1_314' title='bbox 1318 4993 1584 5046; x_wconf 89' lang='lat' dir='ltr'><strong>rationem</strong></span> <span class='ocrx_word' id='word_1_315' title='bbox 1607 4993 1813 5061; x_wconf 87' lang='lat' dir='ltr'><strong>absque</strong></span> <span class='ocrx_word' id='word_1_316' title='bbox 1836 4989 2197 5061; x_wconf 78' lang='lat' dir='ltr'><strong>intelligentia</strong></span> 
     </span>
    </p>
   </div>
   <div class='ocr_carea' id='block_1_51' title="bbox 618 5080 2194 5155">
    <p class='ocr_par' dir='ltr' id='par_1_51' title="bbox 618 5080 2194 5155">
     <span class='ocr_line' id='line_1_51' title="bbox 618 5080 2194 5155; baseline -0.003 -17"><span class='ocrx_word' id='word_1_317' title='bbox 618 5085 930 5155; x_wconf 78' lang='lat' dir='ltr'><strong>pertingere</strong></span> <span class='ocrx_word' id='word_1_318' title='bbox 985 5098 1092 5137; x_wconf 90' lang='lat' dir='ltr'><strong>non</strong></span> <span class='ocrx_word' id='word_1_319' title='bbox 1140 5083 1350 5148; x_wconf 81' lang='lat' dir='ltr'><strong>valens,</strong></span> <span class='ocrx_word' id='word_1_320' title='bbox 1383 5083 1438 5136; x_wconf 92' lang='lat' dir='ltr'><strong>in</strong></span> <span class='ocrx_word' id='word_1_321' title='bbox 1476 5097 1557 5149; x_wconf 87' lang='lat' dir='ltr'><strong>se,</strong></span> <span class='ocrx_word' id='word_1_322' title='bbox 1593 5090 1654 5135; x_wconf 93' lang='lat' dir='ltr'><strong>ut</strong></span> <span class='ocrx_word' id='word_1_323' title='bbox 1692 5081 1748 5135; x_wconf 92' lang='lat' dir='ltr'><strong>in</strong></span> <span class='ocrx_word' id='word_1_324' title='bbox 1797 5081 2022 5152; x_wconf 91' lang='lat' dir='ltr'><strong>proprio</strong></span> <span class='ocrx_word' id='word_1_325' title='bbox 2052 5080 2194 5146; x_wconf 92' lang='lat' dir='ltr'><strong>loco,</strong></span> 
     </span>
    </p>
   </div>
   <div class='ocr_carea' id='block_1_52' title="bbox 621 5177 910 5232">
    <p class='ocr_par' dir='ltr' id='par_1_52' title="bbox 621 5177 910 5232">
     <span class='ocr_line' id='line_1_52' title="bbox 621 5177 910 5232; baseline -0.003 0"><span class='ocrx_word' id='word_1_326' title='bbox 621 5177 910 5232; x_wconf 86' lang='lat' dir='ltr'><strong>describit.</strong></span> 
     </span>
    </p>
   </div>
   <div class='ocr_carea' id='block_1_53' title="bbox 695 5262 2199 5322">
    <p class='ocr_par' dir='ltr' id='par_1_53' title="bbox 695 5262 2199 5322">
     <span class='ocr_line' id='line_1_53' title="bbox 695 5262 2199 5322; baseline -0.002 0"><span class='ocrx_word' id='word_1_327' title='bbox 695 5267 776 5322; x_wconf 85' lang='lat' dir='ltr'><strong>Ne</strong></span> <span class='ocrx_word' id='word_1_328' title='bbox 798 5266 1050 5322; x_wconf 87' lang='lat' dir='ltr'><strong>sustollas</strong></span> <span class='ocrx_word' id='word_1_329' title='bbox 1091 5265 1300 5320; x_wconf 87' lang='lat' dir='ltr'><strong>oculum</strong></span> <span class='ocrx_word' id='word_1_330' title='bbox 1334 5277 1482 5318; x_wconf 84' lang='lat' dir='ltr'><strong>tuum</strong></span> <span class='ocrx_word' id='word_1_331' title='bbox 1532 5264 1601 5320; x_wconf 82' lang='lat' dir='ltr'><strong>ad</strong></span> <span class='ocrx_word' id='word_1_332' title='bbox 1647 5264 1820 5320; x_wconf 85' lang='lat' dir='ltr'><strong>illam.</strong></span> <span class='ocrx_word' id='word_1_333' title='bbox 1845 5262 1923 5319; x_wconf 88' lang='lat' dir='ltr'><strong>Ne</strong></span> <span class='ocrx_word' id='word_1_334' title='bbox 1953 5265 2199 5319; x_wconf 88' lang='lat' dir='ltr'><strong>inconsi-</strong></span> 
     </span>
    </p>
   </div>
   <div class='ocr_carea' id='block_1_54' title="bbox 620 5356 2199 5428">
    <p class='ocr_par' dir='ltr' id='par_1_54' title="bbox 620 5356 2199 5428">
     <span class='ocr_line' id='line_1_54' title="bbox 620 5356 2199 5428; baseline -0.001 -13"><span class='ocrx_word' id='word_1_335' title='bbox 620 5360 808 5415; x_wconf 88' lang='lat' dir='ltr'><strong>derate</strong></span> <span class='ocrx_word' id='word_1_336' title='bbox 875 5359 1262 5428; x_wconf 85' lang='lat' dir='ltr'><strong>intelligentem</strong></span> <span class='ocrx_word' id='word_1_337' title='bbox 1321 5357 1539 5412; x_wconf 92' lang='lat' dir='ltr'><strong>oculum</strong></span> <span class='ocrx_word' id='word_1_338' title='bbox 1605 5367 1757 5410; x_wconf 88' lang='lat' dir='ltr'><strong>tuum</strong></span> <span class='ocrx_word' id='word_1_339' title='bbox 1817 5356 1918 5426; x_wconf 92' lang='lat' dir='ltr'><strong>ipsi</strong></span> <span class='ocrx_word' id='word_1_340' title='bbox 1975 5358 2199 5428; x_wconf 86' lang='lat' dir='ltr'><strong>adaptes</strong></span> 
     </span>
    </p>
   </div>
   <div class='ocr_carea' id='block_1_55' title="bbox 619 5449 2201 5526">
    <p class='ocr_par' dir='ltr' id='par_1_55' title="bbox 619 5449 2201 5526">
     <span class='ocr_line' id='line_1_55' title="bbox 619 5449 2201 5526; baseline -0.003 -18"><span class='ocrx_word' id='word_1_341' title='bbox 619 5451 958 5526; x_wconf 53' lang='lat' dir='ltr'><strong>phantasia;</strong></span> <span class='ocrx_word' id='word_1_342' title='bbox 994 5466 1117 5504; x_wconf 87' lang='lat' dir='ltr'><strong>cum</strong></span> <span class='ocrx_word' id='word_1_343' title='bbox 1174 5451 1354 5520; x_wconf 90' lang='lat' dir='ltr'><strong>possis</strong></span> <span class='ocrx_word' id='word_1_344' title='bbox 1387 5465 1506 5504; x_wconf 82' lang='lat' dir='ltr'><strong>eam</strong></span> <span class='ocrx_word' id='word_1_345' title='bbox 1545 5465 1637 5519; x_wconf 89' lang='lat' dir='ltr'><strong>per</strong></span> <span class='ocrx_word' id='word_1_346' title='bbox 1662 5449 2049 5519; x_wconf 80' lang='lat' dir='ltr'><strong>cogitationem</strong></span> <span class='ocrx_word' id='word_1_347' title='bbox 2091 5451 2201 5504; x_wconf 91' lang='lat' dir='ltr'><strong>cir-</strong></span> 
     </span>
    </p>
   </div>
   <div class='ocr_carea' id='block_1_56' title="bbox 621 5539 2200 5612">
    <p class='ocr_par' dir='ltr' id='par_1_56' title="bbox 621 5539 2200 5612">
     <span class='ocr_line' id='line_1_56' title="bbox 621 5539 2200 5612; baseline -0.004 -12"><span class='ocrx_word' id='word_1_348' title='bbox 621 5543 985 5612; x_wconf 87' lang='lat' dir='ltr'><strong>cumspicere,</strong></span> <span class='ocrx_word' id='word_1_349' title='bbox 1007 5552 1059 5594; x_wconf 86' lang='lat' dir='ltr'><strong>et</strong></span> <span class='ocrx_word' id='word_1_350' title='bbox 1085 5542 1333 5596; x_wconf 90' lang='lat' dir='ltr'><strong>rationes</strong></span> <span class='ocrx_word' id='word_1_351' title='bbox 1392 5557 1572 5596; x_wconf 88' lang='lat' dir='ltr'><strong>rerum</strong></span> <span class='ocrx_word' id='word_1_352' title='bbox 1606 5539 1792 5595; x_wconf 76' lang='lat' dir='ltr'><strong>videre</strong></span> <span class='ocrx_word' id='word_1_353' title='bbox 1814 5548 1869 5596; x_wconf 87' lang='lat' dir='ltr'><strong>et</strong></span> <span class='ocrx_word' id='word_1_354' title='bbox 1901 5539 1967 5593; x_wconf 89' lang='lat' dir='ltr'><strong>ad</strong></span> <span class='ocrx_word' id='word_1_355' title='bbox 1998 5541 2200 5596; x_wconf 79' lang='lat' dir='ltr'><strong>verita-</strong></span> 
     </span>
    </p>
   </div>
   <div class='ocr_carea' id='block_1_57' title="bbox 621 5633 1491 5702">
    <p class='ocr_par' dir='ltr' id='par_1_57' title="bbox 621 5633 1491 5702">
     <span class='ocr_line' id='line_1_57' title="bbox 621 5633 1491 5702; baseline -0.003 -13"><span class='ocrx_word' id='word_1_356' title='bbox 621 5643 730 5689; x_wconf 87' lang='lat' dir='ltr'><strong>tem</strong></span> <span class='ocrx_word' id='word_1_357' title='bbox 759 5635 812 5688; x_wconf 92' lang='lat' dir='ltr'><strong>in</strong></span> <span class='ocrx_word' id='word_1_358' title='bbox 853 5633 1126 5687; x_wconf 81' lang='lat' dir='ltr'><strong>universis</strong></span> <span class='ocrx_word' id='word_1_359' title='bbox 1159 5634 1491 5702; x_wconf 84' lang='lat' dir='ltr'><strong>pertingere.</strong></span> 
     </span>
    </p>
   </div>
   <div class='ocr_carea' id='block_1_58' title="bbox 691 5749 2199 5820">
    <p class='ocr_par' dir='ltr' id='par_1_58' title="bbox 691 5749 2199 5820">
     <span class='ocr_line' id='line_1_58' title="bbox 691 5749 2199 5820; baseline -0.002 -15"><span class='ocrx_word' id='word_1_360' title='bbox 691 5750 782 5806; x_wconf 88' lang='lat' dir='ltr'><strong>Sic</strong></span> <span class='ocrx_word' id='word_1_361' title='bbox 817 5751 955 5804; x_wconf 86' lang='lat' dir='ltr'><strong>enim</strong></span> <span class='ocrx_word' id='word_1_362' title='bbox 991 5750 1243 5802; x_wconf 84' lang='lat' dir='ltr'><strong>transibis</strong></span> <span class='ocrx_word' id='word_1_363' title='bbox 1275 5766 1468 5820; x_wconf 85' lang='lat' dir='ltr'><strong>aquam</strong></span> <span class='ocrx_word' id='word_1_364' title='bbox 1507 5749 1858 5819; x_wconf 84' lang='lat' dir='ltr'><strong>peregrinam.</strong></span> <span class='ocrx_word' id='word_1_365' title='bbox 1893 5749 2007 5804; x_wconf 87' lang='lat' dir='ltr'><strong>Hoc</strong></span> <span class='ocrx_word' id='word_1_366' title='bbox 2038 5749 2199 5802; x_wconf 86' lang='lat' dir='ltr'><strong>modo</strong></span> 
     </span>
    </p>
   </div>
   <div class='ocr_carea' id='block_1_59' title="bbox 620 5845 2200 5906">
    <p class='ocr_par' dir='ltr' id='par_1_59' title="bbox 620 5845 2200 5906">
     <span class='ocr_line' id='line_1_59' title="bbox 620 5845 2200 5906; baseline -0.004 0"><span class='ocrx_word' id='word_1_367' title='bbox 620 5847 768 5906; x_wconf 84' lang='lat' dir='ltr'><strong>enim</strong></span> <span class='ocrx_word' id='word_1_368' title='bbox 808 5862 915 5900; x_wconf 88' lang='lat' dir='ltr'><strong>non</strong></span> <span class='ocrx_word' id='word_1_369' title='bbox 947 5845 1280 5900; x_wconf 78' lang='lat' dir='ltr'><strong>madefactus</strong></span> <span class='ocrx_word' id='word_1_370' title='bbox 1321 5845 1584 5903; x_wconf 87' lang='lat' dir='ltr'><strong>transibis</strong></span> <span class='ocrx_word' id='word_1_371' title='bbox 1615 5845 1749 5902; x_wconf 88' lang='lat' dir='ltr'><strong>illud</strong></span> <span class='ocrx_word' id='word_1_372' title='bbox 1786 5862 1896 5904; x_wconf 89' lang='lat' dir='ltr'><strong>non</strong></span> <span class='ocrx_word' id='word_1_373' title='bbox 1936 5846 2005 5904; x_wconf 83' lang='lat' dir='ltr'><strong>ab</strong></span> <span class='ocrx_word' id='word_1_374' title='bbox 2040 5846 2200 5902; x_wconf 90' lang='lat' dir='ltr'><strong>initio</strong></span> 
     </span>
    </p>
   </div>
   <div class='ocr_carea' id='block_1_60' title="bbox 2251 584 3848 657">
    <p class='ocr_par' dir='ltr' id='par_1_60' title="bbox 2251 584 3848 657">
     <span class='ocr_line' id='line_1_60' title="bbox 2251 584 3848 657; baseline -0.007 -14"><span class='ocrx_word' id='word_1_375' title='bbox 2251 589 2565 643; x_wconf 85' lang='grc' dir='ltr'>ἁποτίκτειν</span> <span class='ocrx_word' id='word_1_376' title='bbox 2633 586 2951 656; x_wconf 76' lang='grc' dir='ltr'>λογισμοὺς,</span> <span class='ocrx_word' id='word_1_377' title='bbox 3007 589 3279 657; x_wconf 83' lang='grc' dir='ltr'>στερετται</span> <span class='ocrx_word' id='word_1_378' title='bbox 3333 585 3428 638; x_wconf 80' lang='grc' dir='ltr'><strong>τοῦ</strong></span> <span class='ocrx_word' id='word_1_379' title='bbox 3481 584 3640 653; x_wconf 78' lang='grc' dir='ltr'>δίκην</span> <span class='ocrx_word' id='word_1_380' title='bbox 3669 585 3848 652; x_wconf 75' lang='grc' dir='ltr'>ἄρτου</span> 
     </span>
    </p>
   </div>
   <div class='ocr_carea' id='block_1_61' title="bbox 2253 675 3584 752">
    <p class='ocr_par' dir='ltr' id='par_1_61' title="bbox 2253 675 3584 752">
     <span class='ocr_line' id='line_1_61' title="bbox 2253 675 3584 752; baseline -0.005 -18"><span class='ocrx_word' id='word_1_381' title='bbox 2253 679 2548 752; x_wconf 74' lang='grc' dir='ltr'><strong>τρέφοντος</strong></span> <span class='ocrx_word' id='word_1_382' title='bbox 2579 679 2674 734; x_wconf 73' lang='grc' dir='ltr'><strong>καὶ</strong></span> <span class='ocrx_word' id='word_1_383' title='bbox 2698 677 3050 750; x_wconf 75' lang='grc' dir='ltr'><strong>στηρίζοντος</strong></span> <span class='ocrx_word' id='word_1_384' title='bbox 3071 677 3170 740; x_wconf 80' lang='grc' dir='ltr'>τὰς</span> <span class='ocrx_word' id='word_1_385' title='bbox 3191 677 3373 746; x_wconf 78' lang='grc' dir='ltr'>ψυχὰς</span> <span class='ocrx_word' id='word_1_386' title='bbox 3398 675 3584 743; x_wconf 84' lang='grc' dir='ltr'>λόγου.</span> 
     </span>
    </p>
   </div>
   <div class='ocr_carea' id='block_1_62' title="bbox 2330 783 3847 858">
    <p class='ocr_par' dir='ltr' id='par_1_62' title="bbox 2330 783 3847 858">
     <span class='ocr_line' id='line_1_62' title="bbox 2330 783 3847 858; baseline -0.009 -10"><span class='ocrx_word' id='word_1_387' title='bbox 2330 796 2401 848; x_wconf 85' lang='grc' dir='ltr'><strong>Ἦ</strong></span> <span class='ocrx_word' id='word_1_388' title='bbox 2425 794 2536 846; x_wconf 79' lang='grc' dir='ltr'>οὐκ</span> <span class='ocrx_word' id='word_1_389' title='bbox 2577 793 2895 846; x_wconf 77' lang='grc' dir='ltr'>ἐπίσταται</span> <span class='ocrx_word' id='word_1_390' title='bbox 2927 790 3252 858; x_wconf 73' lang='grc' dir='ltr'>αίσχύνην.</span> <span class='ocrx_word' id='word_1_391' title='bbox 3289 789 3364 840; x_wconf 82' lang='grc' dir='ltr'><strong>Ἤ</strong></span> <span class='ocrx_word' id='word_1_392' title='bbox 3397 805 3482 850; x_wconf 86' lang='grc' dir='ltr'><strong>τις</strong></span> <span class='ocrx_word' id='word_1_393' title='bbox 3541 783 3847 853; x_wconf 81' lang='grc' dir='ltr'>φαντασία,</span> 
     </span>
    </p>
   </div>
   <div class='ocr_carea' id='block_1_63' title="bbox 2253 877 3848 957">
    <p class='ocr_par' dir='ltr' id='par_1_63' title="bbox 2253 877 3848 957">
     <span class='ocr_line' id='line_1_63' title="bbox 2253 877 3848 957; baseline -0.006 -19"><span class='ocrx_word' id='word_1_394' title='bbox 2253 887 2353 957; x_wconf 75' lang='grc' dir='ltr'>τῆς</span> <span class='ocrx_word' id='word_1_395' title='bbox 2379 887 2444 938; x_wconf 84' lang='grc' dir='ltr'><strong>ἐκ</strong></span> <span class='ocrx_word' id='word_1_396' title='bbox 2469 884 2564 938; x_wconf 79' lang='grc' dir='ltr'><strong>τοῦ</strong></span> <span class='ocrx_word' id='word_1_397' title='bbox 2615 883 2775 952; x_wconf 85' lang='grc' dir='ltr'>λόγου</span> <span class='ocrx_word' id='word_1_398' title='bbox 2827 880 3259 950; x_wconf 81' lang='grc' dir='ltr'>ἐπιφαινομένης</span> <span class='ocrx_word' id='word_1_399' title='bbox 3284 881 3423 948; x_wconf 76' lang='grc' dir='ltr'>αὐτῇ</span> <span class='ocrx_word' id='word_1_400' title='bbox 3456 878 3728 948; x_wconf 73' lang='grc' dir='ltr'>μέμψεως</span> <span class='ocrx_word' id='word_1_401' title='bbox 3755 877 3848 928; x_wconf 74' lang='grc' dir='ltr'>ἐπὶ</span> 
     </span>
    </p>
   </div>
   <div class='ocr_carea' id='block_1_64' title="bbox 2255 972 3589 1046">
    <p class='ocr_par' dir='ltr' id='par_1_64' title="bbox 2255 972 3589 1046">
     <span class='ocr_line' id='line_1_64' title="bbox 2255 972 3589 1046; baseline -0.006 -15"><span class='ocrx_word' id='word_1_402' title='bbox 2255 980 2368 1041; x_wconf 87' lang='grc' dir='ltr'>τοῖς</span> <span class='ocrx_word' id='word_1_403' title='bbox 2389 978 2636 1046; x_wconf 58' lang='grc' dir='ltr'>αἰσχροῖς</span> <span class='ocrx_word' id='word_1_404' title='bbox 2665 977 3088 1046; x_wconf 77' lang='grc' dir='ltr'>ἐγχειρήμασιν,</span> <span class='ocrx_word' id='word_1_405' title='bbox 3121 973 3222 1026; x_wconf 77' lang='grc' dir='ltr'><strong>οὐκ</strong></span> <span class='ocrx_word' id='word_1_406' title='bbox 3243 972 3589 1024; x_wconf 79' lang='grc' dir='ltr'>αἰσθάνεται.</span> 
     </span>
    </p>
   </div>
   <div class='ocr_carea' id='block_1_65' title="bbox 2331 1077 3846 1152">
    <p class='ocr_par' dir='ltr' id='par_1_65' title="bbox 2331 1077 3846 1152">
     <span class='ocr_line' id='line_1_65' title="bbox 2331 1077 3846 1152; baseline -0.007 -10"><span class='ocrx_word' id='word_1_407' title='bbox 2331 1088 2411 1144; x_wconf 83' lang='grc' dir='ltr'>ιδ’.</span> <span class='ocrx_word' id='word_1_408' title='bbox 2458 1087 2768 1141; x_wconf 75' lang='grc' dir='ltr'><strong>Ἐκάθισεν</strong></span> <span class='ocrx_word' id='word_1_409' title='bbox 2799 1086 2899 1139; x_wconf 78' lang='grc' dir='ltr'>ἐπὶ</span> <span class='ocrx_word' id='word_1_410' title='bbox 2964 1085 3170 1152; x_wconf 81' lang='grc' dir='ltr'><strong>θύραις</strong></span> <span class='ocrx_word' id='word_1_411' title='bbox 3219 1082 3324 1135; x_wconf 86' lang='grc' dir='ltr'>τοῦ</span> <span class='ocrx_word' id='word_1_412' title='bbox 3373 1077 3598 1146; x_wconf 79' lang='grc' dir='ltr'>ἑαυτῆς</span> <span class='ocrx_word' id='word_1_413' title='bbox 3647 1078 3846 1132; x_wconf 76' lang='grc' dir='ltr'>οἴκου.</span> 
     </span>
    </p>
   </div>
   <div class='ocr_carea' id='block_1_66' title="bbox 2270 1171 3848 1253">
    <p class='ocr_par' dir='ltr' id='par_1_66' title="bbox 2270 1171 3848 1253">
     <span class='ocr_line' id='line_1_66' title="bbox 2270 1171 3848 1253; baseline -0.01 -17"><span class='ocrx_word' id='word_1_414' title='bbox 2270 1181 2542 1253; x_wconf 84' lang='grc' dir='ltr'>Ἠδρὰσθη</span> <span class='ocrx_word' id='word_1_415' title='bbox 2573 1181 2739 1252; x_wconf 80' lang='grc' dir='ltr'><strong>γὰρὴ</strong></span> <span class='ocrx_word' id='word_1_416' title='bbox 2771 1177 2996 1246; x_wconf 77' lang='grc' dir='ltr'><strong>τοιαύτη</strong></span> <span class='ocrx_word' id='word_1_417' title='bbox 3043 1175 3313 1245; x_wconf 74' lang='grc' dir='ltr'><strong>φαντασία</strong></span> <span class='ocrx_word' id='word_1_418' title='bbox 3363 1174 3456 1226; x_wconf 78' lang='grc' dir='ltr'>ἐπὶ</span> <span class='ocrx_word' id='word_1_419' title='bbox 3519 1175 3634 1235; x_wconf 86' lang='grc' dir='ltr'>τοῖς</span> <span class='ocrx_word' id='word_1_420' title='bbox 3692 1171 3848 1239; x_wconf 78' lang='grc' dir='ltr'>δίκην</span> 
     </span>
    </p>
   </div>
   <div class='ocr_carea' id='block_1_67' title="bbox 2261 1269 3847 1350">
    <p class='ocr_par' dir='ltr' id='par_1_67' title="bbox 2261 1269 3847 1350">
     <span class='ocr_line' id='line_1_67' title="bbox 2261 1269 3847 1350; baseline -0.006 -18"><span class='ocrx_word' id='word_1_421' title='bbox 2261 1279 2442 1350; x_wconf 82' lang='grc' dir='ltr'>θυρῶν</span> <span class='ocrx_word' id='word_1_422' title='bbox 2468 1278 2749 1347; x_wconf 79' lang='grc' dir='ltr'>εἰσάγουσι</span> <span class='ocrx_word' id='word_1_423' title='bbox 2779 1277 2915 1348; x_wconf 83' lang='grc' dir='ltr'>πρὸς</span> <span class='ocrx_word' id='word_1_424' title='bbox 2948 1274 3142 1347; x_wconf 78' lang='grc' dir='ltr'>αὐτὴν,</span> <span class='ocrx_word' id='word_1_425' title='bbox 3178 1274 3298 1328; x_wconf 76' lang='grc' dir='ltr'>κατ’</span> <span class='ocrx_word' id='word_1_426' title='bbox 3319 1273 3593 1343; x_wconf 80' lang='grc' dir='ltr'>αἴσθησιν,</span> <span class='ocrx_word' id='word_1_427' title='bbox 3623 1269 3847 1339; x_wconf 61' lang='grc' dir='ltr'>τὴντῶν</span> 
     </span>
    </p>
   </div>
   <div class='ocr_carea' id='block_1_68' title="bbox 2260 1363 3842 1441">
    <p class='ocr_par' dir='ltr' id='par_1_68' title="bbox 2260 1363 3842 1441">
     <span class='ocr_line' id='line_1_68' title="bbox 2260 1363 3842 1441; baseline -0.008 -16"><span class='ocrx_word' id='word_1_428' title='bbox 2260 1370 2472 1440; x_wconf 76' lang='grc' dir='ltr'>ὁρατῶν</span> <span class='ocrx_word' id='word_1_429' title='bbox 2497 1371 2818 1439; x_wconf 79' lang='grc' dir='ltr'>ἐπιφάνειαν</span> <span class='ocrx_word' id='word_1_430' title='bbox 2856 1367 3232 1441; x_wconf 74' lang='grc' dir='ltr'><strong>αἰσθητηρίοις</strong></span> <span class='ocrx_word' id='word_1_431' title='bbox 3269 1366 3359 1418; x_wconf 75' lang='grc' dir='ltr'><strong>τοῦ</strong></span> <span class='ocrx_word' id='word_1_432' title='bbox 3396 1363 3542 1424; x_wconf 79' lang='grc' dir='ltr'>κατὰ</span> <span class='ocrx_word' id='word_1_433' title='bbox 3571 1363 3743 1432; x_wconf 83' lang='grc' dir='ltr'>φύσιν</span> <span class='ocrx_word' id='word_1_434' title='bbox 3773 1364 3842 1413; x_wconf 77' lang='grc' dir='ltr'><strong>οἰ-</strong></span> 
     </span>
    </p>
   </div>
   <div class='ocr_carea' id='block_1_69' title="bbox 2261 1463 3027 1534">
    <p class='ocr_par' dir='ltr' id='par_1_69' title="bbox 2261 1463 3027 1534">
     <span class='ocr_line' id='line_1_69' title="bbox 2261 1463 3027 1534; baseline -0.004 -18"><span class='ocrx_word' id='word_1_435' title='bbox 2261 1481 2402 1534; x_wconf 84' lang='grc' dir='ltr'>κητη</span> <span class='ocrx_word' id='word_1_436' title='bbox 2413 1464 2524 1534; x_wconf 88' lang='grc' dir='ltr'>ρίου</span> <span class='ocrx_word' id='word_1_437' title='bbox 2553 1463 2756 1533; x_wconf 75' lang='grc' dir='ltr'>ταύτης</span> <span class='ocrx_word' id='word_1_438' title='bbox 2777 1479 2844 1514; x_wconf 88' lang='grc' dir='ltr'><strong>σα</strong></span> <span class='ocrx_word' id='word_1_439' title='bbox 2855 1464 3027 1532; x_wconf 78' lang='grc' dir='ltr'>ρκίου.</span> 
     </span>
    </p>
   </div>
   <div class='ocr_carea' id='block_1_70' title="bbox 2345 1571 3845 1646">
    <p class='ocr_par' dir='ltr' id='par_1_70' title="bbox 2345 1571 3845 1646">
     <span class='ocr_line' id='line_1_70' title="bbox 2345 1571 3845 1646; baseline -0.005 -15"><span class='ocrx_word' id='word_1_440' title='bbox 2345 1577 2470 1631; x_wconf 78' lang='grc' dir='ltr'><strong>Ἐπὶ</strong></span> <span class='ocrx_word' id='word_1_441' title='bbox 2491 1578 2702 1646; x_wconf 69' lang='grc' dir='ltr'>δίφρου</span> <span class='ocrx_word' id='word_1_442' title='bbox 2742 1577 3021 1646; x_wconf 71' lang='grc' dir='ltr'>ἐμφανῶς</span> <span class='ocrx_word' id='word_1_443' title='bbox 3052 1577 3121 1630; x_wconf 83' lang='grc' dir='ltr'><strong>ἐν</strong></span> <span class='ocrx_word' id='word_1_444' title='bbox 3149 1575 3482 1639; x_wconf 72' lang='grc' dir='ltr'>πλατείαις.</span> <span class='ocrx_word' id='word_1_445' title='bbox 3527 1571 3845 1642; x_wconf 74' lang='grc' dir='ltr'><strong>Ὑποστριῦ-</strong></span> 
     </span>
    </p>
   </div>
   <div class='ocr_carea' id='block_1_71' title="bbox 2265 1663 3841 1739">
    <p class='ocr_par' dir='ltr' id='par_1_71' title="bbox 2265 1663 3841 1739">
     <span class='ocr_line' id='line_1_71' title="bbox 2265 1663 3841 1739; baseline -0.007 -15"><span class='ocrx_word' id='word_1_446' title='bbox 2265 1686 2410 1724; x_wconf 88' lang='grc' dir='ltr'>σασα</span> <span class='ocrx_word' id='word_1_447' title='bbox 2434 1671 2603 1739; x_wconf 80' lang='grc' dir='ltr'>ἑαυτῇ</span> <span class='ocrx_word' id='word_1_448' title='bbox 2657 1670 2778 1722; x_wconf 81' lang='grc' dir='ltr'>κατ’</span> <span class='ocrx_word' id='word_1_449' title='bbox 2825 1668 3121 1738; x_wconf 71' lang='grc' dir='ltr'>ἐπιθυμίαν</span> <span class='ocrx_word' id='word_1_450' title='bbox 3155 1668 3249 1719; x_wconf 74' lang='grc' dir='ltr'><strong>καὶ</strong></span> <span class='ocrx_word' id='word_1_451' title='bbox 3305 1665 3500 1734; x_wconf 73' lang='grc' dir='ltr'>θυμὸν,</span> <span class='ocrx_word' id='word_1_452' title='bbox 3535 1665 3595 1716; x_wconf 73' lang='grc' dir='ltr'>τὸ</span> <span class='ocrx_word' id='word_1_453' title='bbox 3624 1663 3841 1729; x_wconf 56' lang='grc' dir='ltr'>διανοη-</span> 
     </span>
    </p>
   </div>
   <div class='ocr_carea' id='block_1_72' title="bbox 2263 1755 3844 1830">
    <p class='ocr_par' dir='ltr' id='par_1_72' title="bbox 2263 1755 3844 1830">
     <span class='ocr_line' id='line_1_72' title="bbox 2263 1755 3844 1830; baseline -0.006 -15"><span class='ocrx_word' id='word_1_454' title='bbox 2263 1761 2437 1826; x_wconf 66' lang='grc' dir='ltr'>τικόν,</span> <span class='ocrx_word' id='word_1_455' title='bbox 2471 1759 2548 1824; x_wconf 84' lang='grc' dir='ltr'><strong>ὣς</strong></span> <span class='ocrx_word' id='word_1_456' title='bbox 2575 1777 2700 1814; x_wconf 87' lang='grc' dir='ltr'>τινα</span> <span class='ocrx_word' id='word_1_457' title='bbox 2736 1759 3068 1830; x_wconf 71' lang='grc' dir='ltr'><strong>ὑψηλότατον</strong></span> <span class='ocrx_word' id='word_1_458' title='bbox 3121 1759 3331 1828; x_wconf 86' lang='grc' dir='ltr'>θρόνον,</span> <span class='ocrx_word' id='word_1_459' title='bbox 3359 1759 3416 1810; x_wconf 83' lang='grc' dir='ltr'><strong>ἐν</strong></span> <span class='ocrx_word' id='word_1_460' title='bbox 3446 1760 3567 1820; x_wconf 81' lang='grc' dir='ltr'>ταῖς</span> <span class='ocrx_word' id='word_1_461' title='bbox 3600 1755 3844 1827; x_wconf 70' lang='grc' dir='ltr'>εὐρυχώ-</span> 
     </span>
    </p>
   </div>
   <div class='ocr_carea' id='block_1_73' title="bbox 2195 1841 3527 1925">
    <p class='ocr_par' dir='ltr' id='par_1_73' title="bbox 2195 1841 3527 1925">
     <span class='ocr_line' id='line_1_73' title="bbox 2195 1841 3527 1925; baseline -0.005 -16"><span class='ocrx_word' id='word_1_462' title='bbox 2195 1841 2241 1900; x_wconf 79' lang='grc' dir='ltr'><strong>Β</strong></span> <span class='ocrx_word' id='word_1_463' title='bbox 2272 1872 2386 1925; x_wconf 88' lang='grc' dir='ltr'>ροις</span> <span class='ocrx_word' id='word_1_464' title='bbox 2421 1854 2542 1908; x_wconf 82' lang='grc' dir='ltr'>καθ’</span> <span class='ocrx_word' id='word_1_465' title='bbox 2570 1854 2904 1924; x_wconf 77' lang='grc' dir='ltr'>ἡδυπάθειαν</span> <span class='ocrx_word' id='word_1_466' title='bbox 2927 1853 3024 1924; x_wconf 82' lang='grc' dir='ltr'>τῆς</span> <span class='ocrx_word' id='word_1_467' title='bbox 3053 1853 3332 1914; x_wconf 76' lang='grc' dir='ltr'><strong>ἀπωλείας</strong></span> <span class='ocrx_word' id='word_1_468' title='bbox 3364 1852 3527 1913; x_wconf 82' lang='grc' dir='ltr'><strong>ὁδοῖς.</strong></span> 
     </span>
    </p>
   </div>
   <div class='ocr_carea' id='block_1_74' title="bbox 2340 1961 3842 2033">
    <p class='ocr_par' dir='ltr' id='par_1_74' title="bbox 2340 1961 3842 2033">
     <span class='ocr_line' id='line_1_74' title="bbox 2340 1961 3842 2033; baseline -0.004 -14"><span class='ocrx_word' id='word_1_469' title='bbox 2340 1964 2422 2019; x_wconf 87' lang='grc' dir='ltr'>ιε’.</span> <span class='ocrx_word' id='word_1_470' title='bbox 2452 1963 2966 2033; x_wconf 69' lang='grc' dir='ltr'>Προσκαλουμένη</span> <span class='ocrx_word' id='word_1_471' title='bbox 2999 1964 3138 2030; x_wconf 82' lang='grc' dir='ltr'>τοὺς</span> <span class='ocrx_word' id='word_1_472' title='bbox 3191 1965 3538 2032; x_wconf 78' lang='grc' dir='ltr'><strong>παριόντας,</strong></span> <span class='ocrx_word' id='word_1_473' title='bbox 3577 1961 3675 2013; x_wconf 66' lang='grc' dir='ltr'><strong>καὶ</strong></span> <span class='ocrx_word' id='word_1_474' title='bbox 3705 1973 3842 2014; x_wconf 65' lang='grc' dir='ltr'><strong><em>καῖ-</em></strong></span> 
     </span>
    </p>
   </div>
   <div class='ocr_carea' id='block_1_75' title="bbox 2269 2055 3835 2123">
    <p class='ocr_par' dir='ltr' id='par_1_75' title="bbox 2269 2055 3835 2123">
     <span class='ocr_line' id='line_1_75' title="bbox 2269 2055 3835 2123; baseline -0.006 -11"><span class='ocrx_word' id='word_1_475' title='bbox 2269 2059 2636 2122; x_wconf 72' lang='grc' dir='ltr'>ευθύνοντας</span> <span class='ocrx_word' id='word_1_476' title='bbox 2655 2057 2724 2110; x_wconf 78' lang='grc' dir='ltr'>ἐν</span> <span class='ocrx_word' id='word_1_477' title='bbox 2743 2057 2874 2122; x_wconf 83' lang='grc' dir='ltr'>ταῖς</span> <span class='ocrx_word' id='word_1_478' title='bbox 2902 2056 3063 2122; x_wconf 79' lang='grc' dir='ltr'>ὁδοῖς</span> <span class='ocrx_word' id='word_1_479' title='bbox 3083 2055 3301 2110; x_wconf 78' lang='grc' dir='ltr'>αὐτῶν.</span> <span class='ocrx_word' id='word_1_480' title='bbox 3327 2055 3700 2123; x_wconf 77' lang='grc' dir='ltr'>Ἐφελκόμενη</span> <span class='ocrx_word' id='word_1_481' title='bbox 3719 2057 3835 2115; x_wconf 56' lang='grc' dir='ltr'>τοὺς</span> 
     </span>
    </p>
   </div>
   <div class='ocr_carea' id='block_1_76' title="bbox 2271 2146 3836 2222">
    <p class='ocr_par' dir='ltr' id='par_1_76' title="bbox 2271 2146 3836 2222">
     <span class='ocr_line' id='line_1_76' title="bbox 2271 2146 3836 2222; baseline -0.004 -18"><span class='ocrx_word' id='word_1_482' title='bbox 2271 2151 2368 2222; x_wconf 79' lang='grc' dir='ltr'><strong>τὴν</strong></span> <span class='ocrx_word' id='word_1_483' title='bbox 2402 2150 2701 2220; x_wconf 78' lang='grc' dir='ltr'>παροδικὴν</span> <span class='ocrx_word' id='word_1_484' title='bbox 2733 2151 2939 2220; x_wconf 87' lang='grc' dir='ltr'>ταύτην</span> <span class='ocrx_word' id='word_1_485' title='bbox 2991 2150 3439 2219; x_wconf 80' lang='grc' dir='ltr'>διεξερχομένους</span> <span class='ocrx_word' id='word_1_486' title='bbox 3467 2146 3634 2215; x_wconf 78' lang='grc' dir='ltr'>ζωὴν,</span> <span class='ocrx_word' id='word_1_487' title='bbox 3668 2148 3751 2199; x_wconf 74' lang='grc' dir='ltr'><strong>καὶ</strong></span> <span class='ocrx_word' id='word_1_488' title='bbox 3779 2148 3836 2198; x_wconf 82' lang='grc' dir='ltr'><strong>ἐν</strong></span> 
     </span>
    </p>
   </div>
   <div class='ocr_carea' id='block_1_77' title="bbox 2271 2239 3825 2314">
    <p class='ocr_par' dir='ltr' id='par_1_77' title="bbox 2271 2239 3825 2314">
     <span class='ocr_line' id='line_1_77' title="bbox 2271 2239 3825 2314; baseline -0.004 -20"><span class='ocrx_word' id='word_1_489' title='bbox 2271 2245 2385 2305; x_wconf 84' lang='grc' dir='ltr'>τοῖς</span> <span class='ocrx_word' id='word_1_490' title='bbox 2416 2243 2557 2296; x_wconf 83' lang='grc' dir='ltr'>κατὰ</span> <span class='ocrx_word' id='word_1_491' title='bbox 2587 2243 2678 2295; x_wconf 84' lang='grc' dir='ltr'>τὸν</span> <span class='ocrx_word' id='word_1_492' title='bbox 2707 2243 2824 2313; x_wconf 79' lang='grc' dir='ltr'>βίον</span> <span class='ocrx_word' id='word_1_493' title='bbox 2871 2242 3302 2314; x_wconf 78' lang='grc' dir='ltr'>ἐπιτηδεύμασιν</span> <span class='ocrx_word' id='word_1_494' title='bbox 3352 2239 3561 2301; x_wconf 80' lang='grc' dir='ltr'>αὐτῶν,</span> <span class='ocrx_word' id='word_1_495' title='bbox 3600 2240 3665 2308; x_wconf 79' lang='grc' dir='ltr'><strong>μή</strong></span> <span class='ocrx_word' id='word_1_496' title='bbox 3698 2255 3825 2291; x_wconf 80' lang='grc' dir='ltr'>τισιν</span> 
     </span>
    </p>
   </div>
   <div class='ocr_carea' id='block_1_78' title="bbox 2273 2331 3824 2405">
    <p class='ocr_par' dir='ltr' id='par_1_78' title="bbox 2273 2331 3824 2405">
     <span class='ocr_line' id='line_1_78' title="bbox 2273 2331 3824 2405; baseline -0.005 -18"><span class='ocrx_word' id='word_1_497' title='bbox 2273 2335 2518 2405; x_wconf 80' lang='grc' dir='ltr'>ἀνιαροῖς</span> <span class='ocrx_word' id='word_1_498' title='bbox 2544 2334 2969 2402; x_wconf 81' lang='grc' dir='ltr'>ἐντυγχάνοντας</span> <span class='ocrx_word' id='word_1_499' title='bbox 3001 2334 3374 2404; x_wconf 80' lang='grc' dir='ltr'>συναντήμασι</span> <span class='ocrx_word' id='word_1_500' title='bbox 3400 2349 3413 2361; x_wconf 86' lang='grc'><em>’</em></span> <span class='ocrx_word' id='word_1_501' title='bbox 3445 2332 3541 2385; x_wconf 74' lang='grc' dir='ltr'>καὶ</span> <span class='ocrx_word' id='word_1_502' title='bbox 3589 2331 3824 2391; x_wconf 67' lang='grc' dir='ltr'>ἐναντίως</span> 
     </span>
    </p>
   </div>
   <div class='ocr_carea' id='block_1_79' title="bbox 2273 2427 3214 2499">
    <p class='ocr_par' dir='ltr' id='par_1_79' title="bbox 2273 2427 3214 2499">
     <span class='ocr_line' id='line_1_79' title="bbox 2273 2427 3214 2499; baseline -0.001 -19"><span class='ocrx_word' id='word_1_503' title='bbox 2273 2429 2341 2499; x_wconf 80' lang='grc' dir='ltr'>τῆ</span> <span class='ocrx_word' id='word_1_504' title='bbox 2368 2428 2530 2499; x_wconf 79' lang='grc' dir='ltr'>σοφίᾳ</span> <span class='ocrx_word' id='word_1_505' title='bbox 2557 2427 2683 2481; x_wconf 82' lang='grc' dir='ltr'>τάδε</span> <span class='ocrx_word' id='word_1_506' title='bbox 2713 2428 2923 2491; x_wconf 75' lang='grc' dir='ltr'>τούτοις</span> <span class='ocrx_word' id='word_1_507' title='bbox 2947 2427 3214 2481; x_wconf 80' lang='grc' dir='ltr'>διδάσκει.</span> 
     </span>
    </p>
   </div>
   <div class='ocr_carea' id='block_1_80' title="bbox 2348 2535 3838 2610">
    <p class='ocr_par' dir='ltr' id='par_1_80' title="bbox 2348 2535 3838 2610">
     <span class='ocr_line' id='line_1_80' title="bbox 2348 2535 3838 2610; baseline -0.005 -17"><span class='ocrx_word' id='word_1_508' title='bbox 2348 2547 2445 2606; x_wconf 85' lang='grc' dir='ltr'>ις’.</span> <span class='ocrx_word' id='word_1_509' title='bbox 2472 2541 2581 2606; x_wconf 81' lang='grc' dir='ltr'><strong>’Ὃς</strong></span> <span class='ocrx_word' id='word_1_510' title='bbox 2603 2542 2776 2594; x_wconf 84' lang='grc' dir='ltr'>ἐστιν</span> <span class='ocrx_word' id='word_1_511' title='bbox 2829 2540 2997 2609; x_wconf 79' lang='grc' dir='ltr'><strong>ὑμῶν</strong></span> <span class='ocrx_word' id='word_1_512' title='bbox 3050 2541 3503 2610; x_wconf 61' lang='grc' dir='ltr'>ἀφρονέστατος</span> <span class='ocrx_word' id='word_1_513' title='bbox 3521 2535 3838 2590; x_wconf 71' lang='grc' dir='ltr'><strong>ἐκκλινάτω</strong></span> 
     </span>
    </p>
   </div>
   <div class='ocr_carea' id='block_1_81' title="bbox 2277 2628 3839 2702">
    <p class='ocr_par' dir='ltr' id='par_1_81' title="bbox 2277 2628 3839 2702">
     <span class='ocr_line' id='line_1_81' title="bbox 2277 2628 3839 2702; baseline -0.005 -15"><span class='ocrx_word' id='word_1_514' title='bbox 2277 2634 2426 2702; x_wconf 82' lang='grc' dir='ltr'>πρός</span> <span class='ocrx_word' id='word_1_515' title='bbox 2444 2651 2540 2702; x_wconf 80' lang='grc' dir='ltr'>με.</span> <span class='ocrx_word' id='word_1_516' title='bbox 2574 2635 2672 2698; x_wconf 83' lang='grc' dir='ltr'><strong>’⁸ος</strong></span> <span class='ocrx_word' id='word_1_517' title='bbox 2696 2652 2780 2698; x_wconf 90' lang='grc' dir='ltr'><strong>τις</strong></span> <span class='ocrx_word' id='word_1_518' title='bbox 2811 2630 2905 2687; x_wconf 76' lang='grc' dir='ltr'>οὖν</span> <span class='ocrx_word' id='word_1_519' title='bbox 2937 2634 3143 2687; x_wconf 71' lang='grc' dir='ltr'>ἔννοιαν</span> <span class='ocrx_word' id='word_1_520' title='bbox 3188 2631 3324 2685; x_wconf 81' lang='grc' dir='ltr'><strong>Θεοῦ</strong></span> <span class='ocrx_word' id='word_1_521' title='bbox 3360 2632 3484 2701; x_wconf 84' lang='grc' dir='ltr'>μηδ’</span> <span class='ocrx_word' id='word_1_522' title='bbox 3519 2628 3761 2683; x_wconf 75' lang='grc' dir='ltr'>ὁπωσοῦν</span> <span class='ocrx_word' id='word_1_523' title='bbox 3787 2632 3839 2680; x_wconf 80' lang='grc' dir='ltr'><strong>ἐν</strong></span> 
     </span>
    </p>
   </div>
   <div class='ocr_carea' id='block_1_82' title="bbox 2277 2720 3839 2798">
    <p class='ocr_par' dir='ltr' id='par_1_82' title="bbox 2277 2720 3839 2798">
     <span class='ocr_line' id='line_1_82' title="bbox 2277 2720 3839 2798; baseline -0.003 -20"><span class='ocrx_word' id='word_1_524' title='bbox 2277 2729 2343 2797; x_wconf 79' lang='grc' dir='ltr'><strong>τῇ</strong></span> <span class='ocrx_word' id='word_1_525' title='bbox 2361 2727 2532 2779; x_wconf 80' lang='grc' dir='ltr'>αὑτοῦ</span> <span class='ocrx_word' id='word_1_526' title='bbox 2559 2727 2849 2798; x_wconf 76' lang='grc' dir='ltr'>περιφέρει</span> <span class='ocrx_word' id='word_1_527' title='bbox 2870 2727 3036 2798; x_wconf 77' lang='grc' dir='ltr'>ψυχῇ,</span> <span class='ocrx_word' id='word_1_528' title='bbox 3060 2726 3262 2779; x_wconf 81' lang='grc' dir='ltr'><strong>ἐλθέτω</strong></span> <span class='ocrx_word' id='word_1_529' title='bbox 3289 2724 3426 2796; x_wconf 84' lang='grc' dir='ltr'>πρός</span> <span class='ocrx_word' id='word_1_530' title='bbox 3455 2740 3546 2794; x_wconf 85' lang='grc' dir='ltr'><strong>με,</strong></span> <span class='ocrx_word' id='word_1_531' title='bbox 3572 2720 3839 2774; x_wconf 71' lang='grc' dir='ltr'>πολυθεῒαν</span> 
     </span>
    </p>
   </div>
   <div class='ocr_carea' id='block_1_83' title="bbox 2282 2819 2759 2891">
    <p class='ocr_par' dir='ltr' id='par_1_83' title="bbox 2282 2819 2759 2891">
     <span class='ocr_line' id='line_1_83' title="bbox 2282 2819 2759 2891; baseline 0.002 -18"><span class='ocrx_word' id='word_1_532' title='bbox 2282 2819 2759 2891; x_wconf 82' lang='grc' dir='ltr'>διδαχθησόμενος.</span> 
     </span>
    </p>
   </div>
   <div class='ocr_carea' id='block_1_84' title="bbox 2353 2927 3839 3000">
    <p class='ocr_par' dir='ltr' id='par_1_84' title="bbox 2353 2927 3839 3000">
     <span class='ocr_line' id='line_1_84' title="bbox 2353 2927 3839 3000; baseline -0.005 -15"><span class='ocrx_word' id='word_1_533' title='bbox 2353 2931 2462 2985; x_wconf 79' lang='grc' dir='ltr'><strong>Καὶ</strong></span> <span class='ocrx_word' id='word_1_534' title='bbox 2482 2931 2606 2996; x_wconf 80' lang='grc' dir='ltr'>τοῖς</span> <span class='ocrx_word' id='word_1_535' title='bbox 2639 2930 2874 2985; x_wconf 78' lang='grc' dir='ltr'>ἐνδεέσι</span> <span class='ocrx_word' id='word_1_536' title='bbox 2926 2929 3162 3000; x_wconf 66' lang='grc' dir='ltr'>φρενῶν</span> <span class='ocrx_word' id='word_1_537' title='bbox 3209 2929 3712 2995; x_wconf 69' lang='grc' dir='ltr'>παρακελεύομαι.</span> <span class='ocrx_word' id='word_1_538' title='bbox 3745 2927 3839 2979; x_wconf 80' lang='grc' dir='ltr'><strong>,ίέ-</strong></span> 
     </span>
    </p>
   </div>
   <div class='ocr_carea' id='block_1_85' title="bbox 2283 3021 3845 3093">
    <p class='ocr_par' dir='ltr' id='par_1_85' title="bbox 2283 3021 3845 3093">
     <span class='ocr_line' id='line_1_85' title="bbox 2283 3021 3845 3093; baseline -0.006 -16"><span class='ocrx_word' id='word_1_539' title='bbox 2283 3039 2498 3093; x_wconf 77' lang='grc' dir='ltr'>τουσα.</span> <span class='ocrx_word' id='word_1_540' title='bbox 2558 3025 2666 3075; x_wconf 70' lang='grc' dir='ltr'>Καὶ</span> <span class='ocrx_word' id='word_1_541' title='bbox 2699 3025 2813 3085; x_wconf 85' lang='grc' dir='ltr'>τοῖς</span> <span class='ocrx_word' id='word_1_542' title='bbox 2862 3022 3192 3090; x_wconf 83' lang='grc' dir='ltr'>γινώσκουσι</span> <span class='ocrx_word' id='word_1_543' title='bbox 3241 3023 3336 3091; x_wconf 84' lang='grc' dir='ltr'><strong>μὲν</strong></span> <span class='ocrx_word' id='word_1_544' title='bbox 3395 3022 3550 3080; x_wconf 75' lang='grc' dir='ltr'>Θεδν,</span> <span class='ocrx_word' id='word_1_545' title='bbox 3585 3023 3678 3082; x_wconf 73' lang='grc' dir='ltr'><strong>τὰς</strong></span> <span class='ocrx_word' id='word_1_546' title='bbox 3704 3021 3845 3072; x_wconf 76' lang='grc' dir='ltr'>δ’ἐν-</span> 
     </span>
    </p>
   </div>
   <div class='ocr_carea' id='block_1_86' title="bbox 2283 3115 3645 3187">
    <p class='ocr_par' dir='ltr' id='par_1_86' title="bbox 2283 3115 3645 3187">
     <span class='ocr_line' id='line_1_86' title="bbox 2283 3115 3645 3187; baseline -0.004 -17"><span class='ocrx_word' id='word_1_547' title='bbox 2283 3117 2446 3180; x_wconf 88' lang='grc' dir='ltr'>τολὰς</span> <span class='ocrx_word' id='word_1_548' title='bbox 2464 3115 2628 3169; x_wconf 81' lang='grc' dir='ltr'>αὐτοῦ</span> <span class='ocrx_word' id='word_1_549' title='bbox 2659 3117 2733 3186; x_wconf 87' lang='grc' dir='ltr'><strong>μὴ</strong></span> <span class='ocrx_word' id='word_1_550' title='bbox 2759 3115 3009 3187; x_wconf 76' lang='grc' dir='ltr'>τηροῦσι,</span> <span class='ocrx_word' id='word_1_551' title='bbox 3045 3115 3293 3185; x_wconf 84' lang='grc' dir='ltr'>παραινῶ</span> <span class='ocrx_word' id='word_1_552' title='bbox 3323 3115 3610 3184; x_wconf 75' lang='grc' dir='ltr'>φάσκουσα</span> <span class='ocrx_word' id='word_1_553' title='bbox 3631 3131 3645 3144; x_wconf 85' lang='grc'><strong>·</strong></span> 
     </span>
    </p>
   </div>
   <div class='ocr_carea' id='block_1_87' title="bbox 2355 3229 3844 3301">
    <p class='ocr_par' dir='ltr' id='par_1_87' title="bbox 2355 3229 3844 3301">
     <span class='ocr_line' id='line_1_87' title="bbox 2355 3229 3844 3301; baseline -0.014 -3"><span class='ocrx_word' id='word_1_554' title='bbox 2355 3230 2438 3297; x_wconf 65' lang='lat' dir='ltr'><strong>tC&#39;.</strong></span> <span class='ocrx_word' id='word_1_555' title='bbox 2477 3233 2707 3299; x_wconf 81' lang='grc' dir='ltr'>Ἀρτων</span> <span class='ocrx_word' id='word_1_556' title='bbox 2734 3233 3002 3300; x_wconf 69' lang='grc' dir='ltr'>κρυφίων</span> <span class='ocrx_word' id='word_1_557' title='bbox 3023 3231 3283 3300; x_wconf 51' lang='lat' dir='ltr'><strong>duaeea.</strong></span> <span class='ocrx_word' id='word_1_558' title='bbox 3347 3231 3567 3301; x_wconf 77' lang='grc' dir='ltr'>Ἔργων</span> <span class='ocrx_word' id='word_1_559' title='bbox 3622 3229 3725 3281; x_wconf 85' lang='grc' dir='ltr'><strong>τῶν</strong></span> <span class='ocrx_word' id='word_1_560' title='bbox 3754 3229 3844 3296; x_wconf 72' lang='grc' dir='ltr'><strong>τὴν</strong></span> 
     </span>
    </p>
   </div>
   <div class='ocr_carea' id='block_1_88' title="bbox 2284 3319 3844 3394">
    <p class='ocr_par' dir='ltr' id='par_1_88' title="bbox 2284 3319 3844 3394">
     <span class='ocr_line' id='line_1_88' title="bbox 2284 3319 3844 3394; baseline -0.002 -18"><span class='ocrx_word' id='word_1_561' title='bbox 2284 3323 2396 3390; x_wconf 73' lang='grc' dir='ltr'>ἕξιν</span> <span class='ocrx_word' id='word_1_562' title='bbox 2442 3324 2541 3394; x_wconf 85' lang='grc' dir='ltr'>τῆς</span> <span class='ocrx_word' id='word_1_563' title='bbox 2589 3324 2789 3388; x_wconf 81' lang='grc' dir='ltr'>κακίας</span> <span class='ocrx_word' id='word_1_564' title='bbox 2831 3323 3160 3394; x_wconf 74' lang='grc' dir='ltr'>τρεφόντων,</span> <span class='ocrx_word' id='word_1_565' title='bbox 3216 3319 3306 3376; x_wconf 78' lang='grc' dir='ltr'><strong>οἶά</strong></span> <span class='ocrx_word' id='word_1_566' title='bbox 3331 3340 3493 3376; x_wconf 87' lang='grc' dir='ltr'>τινων</span> <span class='ocrx_word' id='word_1_567' title='bbox 3533 3323 3728 3392; x_wconf 78' lang='grc' dir='ltr'>ἄρτων,</span> <span class='ocrx_word' id='word_1_568' title='bbox 3760 3322 3844 3373; x_wconf 77' lang='grc' dir='ltr'>καὶ</span> 
     </span>
    </p>
   </div>
   <div class='ocr_carea' id='block_1_89' title="bbox 2286 3414 3844 3487">
    <p class='ocr_par' dir='ltr' id='par_1_89' title="bbox 2286 3414 3844 3487">
     <span class='ocr_line' id='line_1_89' title="bbox 2286 3414 3844 3487; baseline -0.001 -19"><span class='ocrx_word' id='word_1_569' title='bbox 2286 3414 2660 3469; x_wconf 78' lang='grc' dir='ltr'>λανθανόντων</span> <span class='ocrx_word' id='word_1_570' title='bbox 2687 3416 3002 3486; x_wconf 74' lang='grc' dir='ltr'>ὀφθαλμοὺς</span> <span class='ocrx_word' id='word_1_571' title='bbox 3026 3414 3351 3487; x_wconf 83' lang='grc' dir='ltr'>ἀνθρώπων,</span> <span class='ocrx_word' id='word_1_572' title='bbox 3387 3415 3509 3486; x_wconf 83' lang='grc' dir='ltr'>μεθ’</span> <span class='ocrx_word' id='word_1_573' title='bbox 3525 3415 3714 3486; x_wconf 79' lang='grc' dir='ltr'>ἡδονῆς</span> <span class='ocrx_word' id='word_1_574' title='bbox 3737 3415 3844 3483; x_wconf 77' lang='grc' dir='ltr'><strong>γεύ-</strong></span> 
     </span>
    </p>
   </div>
   <div class='ocr_carea' id='block_1_90' title="bbox 2291 3504 2476 3560">
    <p class='ocr_par' dir='ltr' id='par_1_90' title="bbox 2291 3504 2476 3560">
     <span class='ocr_line' id='line_1_90' title="bbox 2291 3504 2476 3560; baseline 0.011 -2"><span class='ocrx_word' id='word_1_575' title='bbox 2291 3504 2476 3560; x_wconf 87' lang='grc' dir='ltr'>σασθε.</span> 
     </span>
    </p>
   </div>
   <div class='ocr_carea' id='block_1_91' title="bbox 2361 3614 3844 3688">
    <p class='ocr_par' dir='ltr' id='par_1_91' title="bbox 2361 3614 3844 3688">
     <span class='ocr_line' id='line_1_91' title="bbox 2361 3614 3844 3688; baseline 0.001 -18"><span class='ocrx_word' id='word_1_576' title='bbox 2361 3614 2471 3670; x_wconf 76' lang='grc' dir='ltr'><strong>Καὶ</strong></span> <span class='ocrx_word' id='word_1_577' title='bbox 2502 3615 2724 3682; x_wconf 83' lang='grc' dir='ltr'>ὕδατος</span> <span class='ocrx_word' id='word_1_578' title='bbox 2763 3616 3001 3685; x_wconf 74' lang='grc' dir='ltr'>κλοπῆς</span> <span class='ocrx_word' id='word_1_579' title='bbox 3031 3618 3332 3688; x_wconf 73' lang='grc' dir='ltr'>γλυκεροῦ</span> <span class='ocrx_word' id='word_1_580' title='bbox 3363 3620 3548 3674; x_wconf 78' lang='grc' dir='ltr'>πιετε.</span> <span class='ocrx_word' id='word_1_581' title='bbox 3585 3619 3692 3672; x_wconf 73' lang='grc' dir='ltr'>Καὶ</span> <span class='ocrx_word' id='word_1_582' title='bbox 3719 3617 3844 3686; x_wconf 77' lang='grc' dir='ltr'><strong>γνώο</strong></span> 
     </span>
    </p>
   </div>
   <div class='ocr_carea' id='block_1_92' title="bbox 2294 3707 3843 3780">
    <p class='ocr_par' dir='ltr' id='par_1_92' title="bbox 2294 3707 3843 3780">
     <span class='ocr_line' id='line_1_92' title="bbox 2294 3707 3843 3780; baseline 0.001 -20"><span class='ocrx_word' id='word_1_583' title='bbox 2294 3724 2430 3768; x_wconf 87' lang='grc' dir='ltr'>σεως</span> <span class='ocrx_word' id='word_1_584' title='bbox 2453 3707 2562 3760; x_wconf 82' lang='grc' dir='ltr'><strong>τῶν</strong></span> <span class='ocrx_word' id='word_1_585' title='bbox 2585 3708 3388 3780; x_wconf 76' lang='grc' dir='ltr'>αἱσθητῶν,παραμυθουμένης</span> <span class='ocrx_word' id='word_1_586' title='bbox 3419 3707 3510 3764; x_wconf 75' lang='grc' dir='ltr'><strong>οἶὰ</strong></span> <span class='ocrx_word' id='word_1_587' title='bbox 3534 3710 3640 3780; x_wconf 85' lang='grc' dir='ltr'>πέρ</span> <span class='ocrx_word' id='word_1_588' title='bbox 3655 3729 3704 3762; x_wconf 89' lang='grc' dir='ltr'><strong>τι</strong></span> <span class='ocrx_word' id='word_1_589' title='bbox 3721 3709 3843 3776; x_wconf 78' lang='grc' dir='ltr'>ὕδωρ</span> 
     </span>
    </p>
   </div>
   <div class='ocr_carea' id='block_1_93' title="bbox 2292 3799 3843 3872">
    <p class='ocr_par' dir='ltr' id='par_1_93' title="bbox 2292 3799 3843 3872">
     <span class='ocr_line' id='line_1_93' title="bbox 2292 3799 3843 3872; baseline -0.001 -19"><span class='ocrx_word' id='word_1_590' title='bbox 2292 3799 2452 3870; x_wconf 73' lang='grc' dir='ltr'>δίψης</span> <span class='ocrx_word' id='word_1_591' title='bbox 2481 3799 2850 3871; x_wconf 84' lang='grc' dir='ltr'>παραμύθιον,</span> <span class='ocrx_word' id='word_1_592' title='bbox 2870 3802 2974 3872; x_wconf 78' lang='grc' dir='ltr'><strong>τὴν</strong></span> <span class='ocrx_word' id='word_1_593' title='bbox 3008 3802 3138 3872; x_wconf 71' lang='grc' dir='ltr'>περὶ</span> <span class='ocrx_word' id='word_1_594' title='bbox 3161 3802 3336 3855; x_wconf 82' lang='grc' dir='ltr'>ταῦτα</span> <span class='ocrx_word' id='word_1_595' title='bbox 3357 3802 3454 3870; x_wconf 84' lang='grc' dir='ltr'>τῆς</span> <span class='ocrx_word' id='word_1_596' title='bbox 3471 3802 3650 3872; x_wconf 80' lang='grc' dir='ltr'>ψυχῆς</span> <span class='ocrx_word' id='word_1_597' title='bbox 3669 3801 3843 3868; x_wconf 79' lang='grc' dir='ltr'>ἄλογον</span> 
     </span>
    </p>
   </div>
   <div class='ocr_carea' id='block_1_94' title="bbox 2295 3890 3847 3964">
    <p class='ocr_par' dir='ltr' id='par_1_94' title="bbox 2295 3890 3847 3964">
     <span class='ocr_line' id='line_1_94' title="bbox 2295 3890 3847 3964; baseline 0.001 -21"><span class='ocrx_word' id='word_1_598' title='bbox 2295 3891 2493 3960; x_wconf 76' lang='grc' dir='ltr'>ὄρεξιν,</span> <span class='ocrx_word' id='word_1_599' title='bbox 2527 3894 2591 3944; x_wconf 85' lang='grc' dir='ltr'><strong>ἐκ</strong></span> <span class='ocrx_word' id='word_1_600' title='bbox 2615 3890 2710 3944; x_wconf 83' lang='grc' dir='ltr'><strong>τοῦ</strong></span> <span class='ocrx_word' id='word_1_601' title='bbox 2753 3891 3083 3947; x_wconf 82' lang='grc' dir='ltr'>κλέπτεσθαι</span> <span class='ocrx_word' id='word_1_602' title='bbox 3103 3893 3194 3946; x_wconf 83' lang='grc' dir='ltr'>τὸν</span> <span class='ocrx_word' id='word_1_603' title='bbox 3222 3893 3348 3946; x_wconf 78' lang='grc' dir='ltr'>νοῦν</span> <span class='ocrx_word' id='word_1_604' title='bbox 3375 3893 3454 3963; x_wconf 85' lang='grc' dir='ltr'><strong>τῷ</strong></span> <span class='ocrx_word' id='word_1_605' title='bbox 3475 3892 3604 3964; x_wconf 86' lang='grc' dir='ltr'>λείῳ</span> <span class='ocrx_word' id='word_1_606' title='bbox 3631 3895 3727 3962; x_wconf 77' lang='grc' dir='ltr'><strong>τῆς</strong></span> <span class='ocrx_word' id='word_1_607' title='bbox 3751 3893 3847 3963; x_wconf 69' lang='grc' dir='ltr'>ἡδο-</span> 
     </span>
    </p>
   </div>
   <div class='ocr_carea' id='block_1_95' title="bbox 2295 3983 3060 4054">
    <p class='ocr_par' dir='ltr' id='par_1_95' title="bbox 2295 3983 3060 4054">
     <span class='ocr_line' id='line_1_95' title="bbox 2295 3983 3060 4054; baseline 0.003 -18"><span class='ocrx_word' id='word_1_608' title='bbox 2295 3985 2414 4053; x_wconf 82' lang='grc' dir='ltr'>νῆς,</span> <span class='ocrx_word' id='word_1_609' title='bbox 2441 3983 2522 4044; x_wconf 82' lang='grc' dir='ltr'><strong>εἰς</strong></span> <span class='ocrx_word' id='word_1_610' title='bbox 2546 3984 2708 4054; x_wconf 83' lang='grc' dir='ltr'>κόρον</span> <span class='ocrx_word' id='word_1_611' title='bbox 2740 3985 3060 4054; x_wconf 80' lang='grc' dir='ltr'>μετάσχετε.</span> 
     </span>
    </p>
   </div>
   <div class='ocr_carea' id='block_1_96' title="bbox 2368 4072 3847 4147">
    <p class='ocr_par' dir='ltr' id='par_1_96' title="bbox 2368 4072 3847 4147">
     <span class='ocr_line' id='line_1_96' title="bbox 2368 4072 3847 4147; baseline 0 -20"><span class='ocrx_word' id='word_1_612' title='bbox 2368 4081 2456 4145; x_wconf 79' lang='grc' dir='ltr'>ιη’.</span> <span class='ocrx_word' id='word_1_613' title='bbox 2499 4074 2564 4128; x_wconf 89' lang='lat'><strong>&#39;0</strong></span> <span class='ocrx_word' id='word_1_614' title='bbox 2591 4075 2658 4128; x_wconf 77' lang='grc' dir='ltr'>δὲ</span> <span class='ocrx_word' id='word_1_615' title='bbox 2684 4077 2796 4129; x_wconf 83' lang='grc' dir='ltr'>οὐκ</span> <span class='ocrx_word' id='word_1_616' title='bbox 2821 4072 2983 4130; x_wconf 79' lang='grc' dir='ltr'>οἶδεν</span> <span class='ocrx_word' id='word_1_617' title='bbox 3009 4076 3097 4129; x_wconf 85' lang='grc' dir='ltr'><strong>ὅτι</strong></span> <span class='ocrx_word' id='word_1_618' title='bbox 3125 4076 3398 4147; x_wconf 73' lang='grc' dir='ltr'>γηγενεῖς</span> <span class='ocrx_word' id='word_1_619' title='bbox 3421 4077 3559 4145; x_wconf 76' lang='grc' dir='ltr'>παρ’</span> <span class='ocrx_word' id='word_1_620' title='bbox 3576 4076 3728 4143; x_wconf 73' lang='grc' dir='ltr'>αὐτῇ</span> <span class='ocrx_word' id='word_1_621' title='bbox 3755 4075 3847 4128; x_wconf 73' lang='grc' dir='ltr'><strong>ὀλ-</strong></span> 
     </span>
    </p>
   </div>
   <div class='ocr_carea' id='block_1_97' title="bbox 2295 4163 3847 4234">
    <p class='ocr_par' dir='ltr' id='par_1_97' title="bbox 2295 4163 3847 4234">
     <span class='ocr_line' id='line_1_97' title="bbox 2295 4163 3847 4234; baseline -0.004 -14"><span class='ocrx_word' id='word_1_622' title='bbox 2295 4169 2510 4221; x_wconf 77' lang='grc' dir='ltr'>λυνται</span> <span class='ocrx_word' id='word_1_623' title='bbox 2534 4183 2547 4196; x_wconf 80' lang='grc'><em>’</em></span> <span class='ocrx_word' id='word_1_624' title='bbox 2579 4166 2678 4219; x_wconf 80' lang='grc' dir='ltr'>καὶ</span> <span class='ocrx_word' id='word_1_625' title='bbox 2707 4166 2804 4219; x_wconf 74' lang='grc' dir='ltr'>ἐπὶ</span> <span class='ocrx_word' id='word_1_626' title='bbox 2830 4165 3129 4234; x_wconf 77' lang='grc' dir='ltr'>πέταυρον</span> <span class='ocrx_word' id='word_1_627' title='bbox 3181 4164 3332 4233; x_wconf 83' lang='grc' dir='ltr'>ᾅδου</span> <span class='ocrx_word' id='word_1_628' title='bbox 3379 4163 3675 4228; x_wconf 76' lang='grc' dir='ltr'>συναντᾷ.</span> <span class='ocrx_word' id='word_1_629' title='bbox 3720 4163 3772 4216; x_wconf 86' lang='grc' dir='ltr'>ὐ</span> <span class='ocrx_word' id='word_1_630' title='bbox 3801 4163 3847 4214; x_wconf 76' lang='grc' dir='ltr'>δὲ</span> 
     </span>
    </p>
   </div>
   <div class='ocr_carea' id='block_1_98' title="bbox 2296 4257 3848 4332">
    <p class='ocr_par' dir='ltr' id='par_1_98' title="bbox 2296 4257 3848 4332">
     <span class='ocr_line' id='line_1_98' title="bbox 2296 4257 3848 4332; baseline -0.003 -20"><span class='ocrx_word' id='word_1_631' title='bbox 2296 4257 2474 4332; x_wconf 81' lang='grc' dir='ltr'>ταύτῃ</span> <span class='ocrx_word' id='word_1_632' title='bbox 2505 4258 2850 4327; x_wconf 82' lang='grc' dir='ltr'>πειθόμενος,</span> <span class='ocrx_word' id='word_1_633' title='bbox 2881 4260 3066 4326; x_wconf 83' lang='grc' dir='ltr'>ἁγνοεί</span> <span class='ocrx_word' id='word_1_634' title='bbox 3117 4259 3200 4312; x_wconf 83' lang='grc' dir='ltr'><strong>ὅτι</strong></span> <span class='ocrx_word' id='word_1_635' title='bbox 3242 4259 3311 4312; x_wconf 76' lang='grc' dir='ltr'>δι’</span> <span class='ocrx_word' id='word_1_636' title='bbox 3333 4259 3506 4324; x_wconf 66' lang='grc' dir='ltr'>αὐτῆς</span> <span class='ocrx_word' id='word_1_637' title='bbox 3528 4259 3574 4310; x_wconf 76' lang='grc' dir='ltr'><strong>οἱ</strong></span> <span class='ocrx_word' id='word_1_638' title='bbox 3607 4259 3676 4310; x_wconf 76' lang='grc' dir='ltr'><strong>τὰ</strong></span> <span class='ocrx_word' id='word_1_639' title='bbox 3710 4260 3848 4325; x_wconf 70' lang='grc' dir='ltr'>γήϊνα</span> 
     </span>
    </p>
   </div>
   <div class='ocr_carea' id='block_1_99' title="bbox 2299 4348 3847 4420">
    <p class='ocr_par' dir='ltr' id='par_1_99' title="bbox 2299 4348 3847 4420">
     <span class='ocr_line' id='line_1_99' title="bbox 2299 4348 3847 4420; baseline -0.003 -18"><span class='ocrx_word' id='word_1_640' title='bbox 2299 4348 2644 4420; x_wconf 80' lang='grc' dir='ltr'>φρονοῦντες,</span> <span class='ocrx_word' id='word_1_641' title='bbox 2660 4349 2880 4418; x_wconf 75' lang='grc' dir='ltr'>ὀλεθρον</span> <span class='ocrx_word' id='word_1_642' title='bbox 2897 4351 3237 4404; x_wconf 80' lang='grc' dir='ltr'>ἐπισπῶνται</span> <span class='ocrx_word' id='word_1_643' title='bbox 3259 4352 3461 4420; x_wconf 57' lang='grc' dir='ltr'>ψυχῆς.</span> <span class='ocrx_word' id='word_1_644' title='bbox 3484 4351 3594 4402; x_wconf 71' lang='grc' dir='ltr'>Καὶ</span> <span class='ocrx_word' id='word_1_645' title='bbox 3610 4351 3694 4401; x_wconf 77' lang='grc' dir='ltr'><strong>διὰ</strong></span> <span class='ocrx_word' id='word_1_646' title='bbox 3716 4348 3847 4400; x_wconf 61' lang='grc' dir='ltr'><strong>τοῦτο</strong></span> 
     </span>
    </p>
   </div>
   <div class='ocr_carea' id='block_1_100' title="bbox 2300 4441 3845 4513">
    <p class='ocr_par' dir='ltr' id='par_1_100' title="bbox 2300 4441 3845 4513">
     <span class='ocr_line' id='line_1_100' title="bbox 2300 4441 3845 4513; baseline -0.001 -19"><span class='ocrx_word' id='word_1_647' title='bbox 2300 4441 2394 4494; x_wconf 78' lang='grc' dir='ltr'><strong>καὶ</strong></span> <span class='ocrx_word' id='word_1_648' title='bbox 2429 4442 2593 4505; x_wconf 79' lang='grc' dir='ltr'>αὐτὸς</span> <span class='ocrx_word' id='word_1_649' title='bbox 2617 4444 2696 4504; x_wconf 82' lang='grc' dir='ltr'>εἰς</span> <span class='ocrx_word' id='word_1_650' title='bbox 2733 4442 2792 4494; x_wconf 75' lang='grc' dir='ltr'>τὸ</span> <span class='ocrx_word' id='word_1_651' title='bbox 2815 4442 2914 4511; x_wconf 85' lang='grc' dir='ltr'>τῆς</span> <span class='ocrx_word' id='word_1_652' title='bbox 2945 4443 3220 4504; x_wconf 78' lang='grc' dir='ltr'>ἀπωλείας</span> <span class='ocrx_word' id='word_1_653' title='bbox 3271 4445 3515 4513; x_wconf 80' lang='grc' dir='ltr'>καταντᾷ</span> <span class='ocrx_word' id='word_1_654' title='bbox 3565 4441 3845 4511; x_wconf 63' lang='grc' dir='ltr'>βάραθρον</span> 
     </span>
    </p>
   </div>
   <div class='ocr_carea' id='block_1_101' title="bbox 2301 4533 3846 4606">
    <p class='ocr_par' dir='ltr' id='par_1_101' title="bbox 2301 4533 3846 4606">
     <span class='ocr_line' id='line_1_101' title="bbox 2301 4533 3846 4606; baseline -0.003 -20"><span class='ocrx_word' id='word_1_655' title='bbox 2301 4535 2396 4586; x_wconf 75' lang='grc' dir='ltr'><strong>καὶ</strong></span> <span class='ocrx_word' id='word_1_656' title='bbox 2430 4534 2603 4587; x_wconf 83' lang='grc' dir='ltr'>ταῦτα</span> <span class='ocrx_word' id='word_1_657' title='bbox 2649 4535 2748 4606; x_wconf 79' lang='grc' dir='ltr'>μὲν</span> <span class='ocrx_word' id='word_1_658' title='bbox 2777 4537 2809 4606; x_wconf 78' lang='grc' dir='ltr'>ὴ</span> <span class='ocrx_word' id='word_1_659' title='bbox 2843 4536 3120 4605; x_wconf 82' lang='grc' dir='ltr'>προπετὴς</span> <span class='ocrx_word' id='word_1_660' title='bbox 3159 4535 3434 4603; x_wconf 76' lang='grc' dir='ltr'>φαντασία</span> <span class='ocrx_word' id='word_1_661' title='bbox 3468 4551 3481 4564; x_wconf 95' lang='grc'><strong>·</strong></span> <span class='ocrx_word' id='word_1_662' title='bbox 3516 4533 3651 4586; x_wconf 75' lang='grc' dir='ltr'>ἀλλὰ</span> <span class='ocrx_word' id='word_1_663' title='bbox 3681 4534 3740 4585; x_wconf 76' lang='grc' dir='ltr'><strong>σὺ</strong></span> <span class='ocrx_word' id='word_1_664' title='bbox 3769 4548 3846 4582; x_wconf 74' lang='grc' dir='ltr'><strong>τα·-</strong></span> 
     </span>
    </p>
   </div>
   <div class='ocr_carea' id='block_1_102' title="bbox 2301 4626 3848 4700">
    <p class='ocr_par' dir='ltr' id='par_1_102' title="bbox 2301 4626 3848 4700">
     <span class='ocr_line' id='line_1_102' title="bbox 2301 4626 3848 4700; baseline -0.005 -18"><span class='ocrx_word' id='word_1_665' title='bbox 2301 4629 2440 4699; x_wconf 81' lang='grc' dir='ltr'><strong>χέως</strong></span> <span class='ocrx_word' id='word_1_666' title='bbox 2491 4629 2584 4696; x_wconf 76' lang='grc' dir='ltr'><strong>ἀφ’</strong></span> <span class='ocrx_word' id='word_1_667' title='bbox 2638 4629 2809 4698; x_wconf 79' lang='grc' dir='ltr'>αὐτῆς</span> <span class='ocrx_word' id='word_1_668' title='bbox 2866 4628 3112 4700; x_wconf 64' lang='grc' dir='ltr'>ὑψώθη-ει</span> <span class='ocrx_word' id='word_1_669' title='bbox 3178 4629 3314 4698; x_wconf 78' lang='grc' dir='ltr'>πρὸς</span> <span class='ocrx_word' id='word_1_670' title='bbox 3371 4629 3527 4697; x_wconf 81' lang='grc' dir='ltr'>λόγον</span> <span class='ocrx_word' id='word_1_671' title='bbox 3572 4628 3710 4681; x_wconf 75' lang='grc' dir='ltr'>κατὰ</span> <span class='ocrx_word' id='word_1_672' title='bbox 3757 4626 3848 4677; x_wconf 74' lang='grc' dir='ltr'>διά-</span> 
     </span>
    </p>
   </div>
   <div class='ocr_carea' id='block_1_103' title="bbox 2300 4736 2469 4772">
    <p class='ocr_par' dir='ltr' id='par_1_103' title="bbox 2300 4736 2469 4772">
     <span class='ocr_line' id='line_1_103' title="bbox 2300 4736 2469 4772; baseline -0.006 0"><span class='ocrx_word' id='word_1_673' title='bbox 2300 4736 2469 4772; x_wconf 85' lang='grc' dir='ltr'>νοιαν.</span> 
     </span>
    </p>
   </div>
   <div class='ocr_carea' id='block_1_104' title="bbox 2369 4811 3849 4881">
    <p class='ocr_par' dir='ltr' id='par_1_104' title="bbox 2369 4811 3849 4881">
     <span class='ocr_line' id='line_1_104' title="bbox 2369 4811 3849 4881; baseline -0.003 -15"><span class='ocrx_word' id='word_1_674' title='bbox 2369 4812 2529 4866; x_wconf 74' lang='grc' dir='ltr'><strong>Ἀλλ’</strong></span> <span class='ocrx_word' id='word_1_675' title='bbox 2559 4812 2986 4880; x_wconf 67' lang='grc' dir='ltr'>ἀποπ-ιὶδησον,</span> <span class='ocrx_word' id='word_1_676' title='bbox 3013 4811 3098 4881; x_wconf 78' lang='grc' dir='ltr'><strong>μὴ</strong></span> <span class='ocrx_word' id='word_1_677' title='bbox 3140 4812 3435 4881; x_wconf 68' lang='grc' dir='ltr'>χρονίους</span> <span class='ocrx_word' id='word_1_678' title='bbox 3460 4811 3529 4863; x_wconf 79' lang='grc' dir='ltr'><strong>ἐν</strong></span> <span class='ocrx_word' id='word_1_679' title='bbox 3575 4813 3729 4875; x_wconf 74' lang='grc' dir='ltr'>τόπῳ</span> <span class='ocrx_word' id='word_1_680' title='bbox 3762 4811 3849 4862; x_wconf 76' lang='grc' dir='ltr'><strong>αὐ-</strong></span> 
     </span>
    </p>
   </div>
   <div class='ocr_carea' id='block_1_105' title="bbox 2301 4901 3849 4975">
    <p class='ocr_par' dir='ltr' id='par_1_105' title="bbox 2301 4901 3849 4975">
     <span class='ocr_line' id='line_1_105' title="bbox 2301 4901 3849 4975; baseline -0.003 -19"><span class='ocrx_word' id='word_1_681' title='bbox 2301 4902 2430 4972; x_wconf 81' lang='grc' dir='ltr'>τῆς.</span> <span class='ocrx_word' id='word_1_682' title='bbox 2459 4905 2551 4973; x_wconf 81' lang='grc' dir='ltr'><strong>Μὴ</strong></span> <span class='ocrx_word' id='word_1_683' title='bbox 2579 4903 2924 4975; x_wconf 76' lang='grc' dir='ltr'>ἐμϐραδύνῃς</span> <span class='ocrx_word' id='word_1_684' title='bbox 2941 4906 3004 4974; x_wconf 78' lang='grc' dir='ltr'><strong>τῇ</strong></span> <span class='ocrx_word' id='word_1_685' title='bbox 3027 4904 3132 4956; x_wconf 87' lang='grc' dir='ltr'><strong>τῶν</strong></span> <span class='ocrx_word' id='word_1_686' title='bbox 3163 4904 3436 4974; x_wconf 81' lang='grc' dir='ltr'>αἰσθητῶν</span> <span class='ocrx_word' id='word_1_687' title='bbox 3471 4903 3774 4973; x_wconf 76' lang='grc' dir='ltr'>ἐπιφανείᾳ,</span> <span class='ocrx_word' id='word_1_688' title='bbox 3797 4901 3849 4971; x_wconf 68' lang='grc' dir='ltr'>ἣν</span> 
     </span>
    </p>
   </div>
   <div class='ocr_carea' id='block_1_106' title="bbox 2300 4996 3850 5068">
    <p class='ocr_par' dir='ltr' id='par_1_106' title="bbox 2300 4996 3850 5068">
     <span class='ocr_line' id='line_1_106' title="bbox 2300 4996 3850 5068; baseline -0.005 -16"><span class='ocrx_word' id='word_1_689' title='bbox 2300 4999 2334 5068; x_wconf 77' lang='grc' dir='ltr'><strong>ἡ</strong></span> <span class='ocrx_word' id='word_1_690' title='bbox 2371 4999 2644 5066; x_wconf 84' lang='grc' dir='ltr'>φαντασία</span> <span class='ocrx_word' id='word_1_691' title='bbox 2700 4999 3077 5068; x_wconf 77' lang='grc' dir='ltr'>περιφέρουσα</span> <span class='ocrx_word' id='word_1_692' title='bbox 3133 4997 3322 5067; x_wconf 87' lang='grc' dir='ltr'>μόνην,</span> <span class='ocrx_word' id='word_1_693' title='bbox 3357 4997 3490 5068; x_wconf 80' lang='grc' dir='ltr'>πρὸς</span> <span class='ocrx_word' id='word_1_694' title='bbox 3520 4998 3577 5050; x_wconf 79' lang='grc' dir='ltr'>δὲ</span> <span class='ocrx_word' id='word_1_695' title='bbox 3604 4999 3722 5057; x_wconf 67' lang='grc' dir='ltr'>τοὺς</span> <span class='ocrx_word' id='word_1_696' title='bbox 3749 4996 3850 5046; x_wconf 72' lang='lat' dir='ltr'><strong>rmi-</strong></span> 
     </span>
    </p>
   </div>
   <div class='ocr_carea' id='block_1_107' title="bbox 2300 5087 3846 5160">
    <p class='ocr_par' dir='ltr' id='par_1_107' title="bbox 2300 5087 3846 5160">
     <span class='ocr_line' id='line_1_107' title="bbox 2300 5087 3846 5160; baseline -0.003 -17"><span class='ocrx_word' id='word_1_697' title='bbox 2300 5107 2410 5143; x_wconf 87' lang='grc' dir='ltr'><strong>των</strong></span> <span class='ocrx_word' id='word_1_698' title='bbox 2436 5091 2646 5158; x_wconf 79' lang='grc' dir='ltr'>λόγους,</span> <span class='ocrx_word' id='word_1_699' title='bbox 2700 5090 2940 5153; x_wconf 79' lang='grc' dir='ltr'>διανοίας</span> <span class='ocrx_word' id='word_1_700' title='bbox 2960 5093 3128 5160; x_wconf 74' lang='grc' dir='ltr'>χωρὶς</span> <span class='ocrx_word' id='word_1_701' title='bbox 3161 5089 3416 5159; x_wconf 74' lang='grc' dir='ltr'>διαϐῆναι</span> <span class='ocrx_word' id='word_1_702' title='bbox 3453 5089 3527 5160; x_wconf 83' lang='grc' dir='ltr'><strong>μὴ</strong></span> <span class='ocrx_word' id='word_1_703' title='bbox 3549 5087 3846 5158; x_wconf 73' lang='grc' dir='ltr'>δυναμένης,</span> 
     </span>
    </p>
   </div>
   <div class='ocr_carea' id='block_1_108' title="bbox 2303 5180 3490 5256">
    <p class='ocr_par' dir='ltr' id='par_1_108' title="bbox 2303 5180 3490 5256">
     <span class='ocr_line' id='line_1_108' title="bbox 2303 5180 3490 5256; baseline -0.001 -22"><span class='ocrx_word' id='word_1_704' title='bbox 2303 5184 2360 5234; x_wconf 87' lang='grc' dir='ltr'><strong>ἐν</strong></span> <span class='ocrx_word' id='word_1_705' title='bbox 2383 5182 2516 5252; x_wconf 83' lang='grc' dir='ltr'>αὐτῇ</span> <span class='ocrx_word' id='word_1_706' title='bbox 2550 5181 2955 5256; x_wconf 72' lang='grc' dir='ltr'>περιγράφεται</span> <span class='ocrx_word' id='word_1_707' title='bbox 2984 5180 3056 5244; x_wconf 84' lang='grc' dir='ltr'>ὡς</span> <span class='ocrx_word' id='word_1_708' title='bbox 3092 5183 3148 5233; x_wconf 83' lang='grc' dir='ltr'><strong>ἐν</strong></span> <span class='ocrx_word' id='word_1_709' title='bbox 3178 5182 3328 5251; x_wconf 77' lang='grc' dir='ltr'>τόπῳ</span> <span class='ocrx_word' id='word_1_710' title='bbox 3357 5180 3490 5249; x_wconf 84' lang='grc' dir='ltr'>ἰδίῳ.</span> 
     </span>
    </p>
   </div>
   <div class='ocr_carea' id='block_1_109' title="bbox 2375 5265 3846 5340">
    <p class='ocr_par' dir='ltr' id='par_1_109' title="bbox 2375 5265 3846 5340">
     <span class='ocr_line' id='line_1_109' title="bbox 2375 5265 3846 5340; baseline -0.006 -15"><span class='ocrx_word' id='word_1_711' title='bbox 2375 5272 2540 5339; x_wconf 79' lang='grc' dir='ltr'>Μηδὲ</span> <span class='ocrx_word' id='word_1_712' title='bbox 2583 5270 2927 5339; x_wconf 75' lang='grc' dir='ltr'>ἐπιστήσῃς</span> <span class='ocrx_word' id='word_1_713' title='bbox 2975 5272 3090 5326; x_wconf 73' lang='grc' dir='ltr'><strong>σὺν</strong></span> <span class='ocrx_word' id='word_1_714' title='bbox 3143 5271 3298 5340; x_wconf 82' lang='grc' dir='ltr'><strong>ὄμμα</strong></span> <span class='ocrx_word' id='word_1_715' title='bbox 3327 5272 3478 5338; x_wconf 81' lang='grc' dir='ltr'>πρὸς</span> <span class='ocrx_word' id='word_1_716' title='bbox 3498 5268 3707 5335; x_wconf 72' lang='grc' dir='ltr'>αὐτὴν.</span> <span class='ocrx_word' id='word_1_717' title='bbox 3736 5265 3846 5331; x_wconf 51' lang='lat' dir='ltr'><strong>Mn?</strong></span> 
     </span>
    </p>
   </div>
   <div class='ocr_carea' id='block_1_110' title="bbox 2301 5358 3846 5437">
    <p class='ocr_par' dir='ltr' id='par_1_110' title="bbox 2301 5358 3846 5437">
     <span class='ocr_line' id='line_1_110' title="bbox 2301 5358 3846 5437; baseline -0.005 -19"><span class='ocrx_word' id='word_1_718' title='bbox 2301 5365 2721 5437; x_wconf 80' lang='grc' dir='ltr'>ἀπερισκέπτως</span> <span class='ocrx_word' id='word_1_719' title='bbox 2759 5368 2820 5419; x_wconf 83' lang='grc' dir='ltr'><strong>τὸ</strong></span> <span class='ocrx_word' id='word_1_720' title='bbox 2851 5366 3036 5436; x_wconf 85' lang='grc' dir='ltr'>νοερὸν</span> <span class='ocrx_word' id='word_1_721' title='bbox 3063 5364 3217 5435; x_wconf 77' lang='grc' dir='ltr'><strong>ὄμμα</strong></span> <span class='ocrx_word' id='word_1_722' title='bbox 3245 5382 3338 5418; x_wconf 89' lang='grc' dir='ltr'><strong>σου</strong></span> <span class='ocrx_word' id='word_1_723' title='bbox 3387 5365 3522 5434; x_wconf 82' lang='grc' dir='ltr'>αὐτῇ</span> <span class='ocrx_word' id='word_1_724' title='bbox 3591 5358 3846 5434; x_wconf 63' lang='lat'><strong>129053936-</strong></span> 
     </span>
    </p>
   </div>
   <div class='ocr_carea' id='block_1_111' title="bbox 2306 5457 3843 5530">
    <p class='ocr_par' dir='ltr' id='par_1_111' title="bbox 2306 5457 3843 5530">
     <span class='ocr_line' id='line_1_111' title="bbox 2306 5457 3843 5530; baseline -0.007 -20"><span class='ocrx_word' id='word_1_725' title='bbox 2306 5475 2404 5529; x_wconf 79' lang='grc' dir='ltr'><strong>σῃς</strong></span> <span class='ocrx_word' id='word_1_726' title='bbox 2433 5462 2498 5528; x_wconf 81' lang='grc' dir='ltr'>τῇ</span> <span class='ocrx_word' id='word_1_727' title='bbox 2536 5460 2827 5530; x_wconf 69' lang='grc' dir='ltr'>φαντασίᾳ·</span> <span class='ocrx_word' id='word_1_728' title='bbox 2859 5459 3157 5528; x_wconf 78' lang='grc' dir='ltr'>δυνάμενος</span> <span class='ocrx_word' id='word_1_729' title='bbox 3208 5457 3415 5527; x_wconf 82' lang='grc' dir='ltr'>ταύτην</span> <span class='ocrx_word' id='word_1_730' title='bbox 3449 5457 3594 5510; x_wconf 74' lang='grc' dir='ltr'>κατὰ</span> <span class='ocrx_word' id='word_1_731' title='bbox 3642 5457 3843 5508; x_wconf 74' lang='grc' dir='ltr'>διάνοιαν</span> 
     </span>
    </p>
   </div>
   <div class='ocr_carea' id='block_1_112' title="bbox 2303 5548 3843 5620">
    <p class='ocr_par' dir='ltr' id='par_1_112' title="bbox 2303 5548 3843 5620">
     <span class='ocr_line' id='line_1_112' title="bbox 2303 5548 3843 5620; baseline 0.001 -20"><span class='ocrx_word' id='word_1_732' title='bbox 2303 5550 2768 5620; x_wconf 80' lang='grc' dir='ltr'>περισκέπτεσθαι</span> <span class='ocrx_word' id='word_1_733' title='bbox 2793 5567 2806 5581; x_wconf 78' lang='grc' dir='ltr'><strong>ο</strong></span> <span class='ocrx_word' id='word_1_734' title='bbox 2843 5553 3089 5610; x_wconf 74' lang='grc' dir='ltr'>καὶτοὺς</span> <span class='ocrx_word' id='word_1_735' title='bbox 3128 5551 3319 5618; x_wconf 80' lang='grc' dir='ltr'>λόγους</span> <span class='ocrx_word' id='word_1_736' title='bbox 3365 5549 3474 5600; x_wconf 78' lang='grc' dir='ltr'><strong>τῶν</strong></span> <span class='ocrx_word' id='word_1_737' title='bbox 3519 5550 3686 5602; x_wconf 77' lang='grc' dir='ltr'>ὅντων</span> <span class='ocrx_word' id='word_1_738' title='bbox 3707 5548 3843 5616; x_wconf 67' lang='grc' dir='ltr'>ὀρᾷν.</span> 
     </span>
    </p>
   </div>
   <div class='ocr_carea' id='block_1_113' title="bbox 2304 5641 3576 5711">
    <p class='ocr_par' dir='ltr' id='par_1_113' title="bbox 2304 5641 3576 5711">
     <span class='ocr_line' id='line_1_113' title="bbox 2304 5641 3576 5711; baseline 0.002 -18"><span class='ocrx_word' id='word_1_739' title='bbox 2304 5643 2398 5693; x_wconf 72' lang='grc' dir='ltr'><strong>καὶ</strong></span> <span class='ocrx_word' id='word_1_740' title='bbox 2427 5641 2562 5709; x_wconf 76' lang='grc' dir='ltr'>πρὸς</span> <span class='ocrx_word' id='word_1_741' title='bbox 2581 5641 2678 5711; x_wconf 81' lang='grc' dir='ltr'>τὴν</span> <span class='ocrx_word' id='word_1_742' title='bbox 2709 5643 2766 5694; x_wconf 79' lang='grc' dir='ltr'><strong>ἐν</strong></span> <span class='ocrx_word' id='word_1_743' title='bbox 2791 5641 2936 5704; x_wconf 77' lang='grc' dir='ltr'>ὅλοις</span> <span class='ocrx_word' id='word_1_744' title='bbox 2959 5642 3255 5694; x_wconf 83' lang='grc' dir='ltr'>διαϐαίνειν</span> <span class='ocrx_word' id='word_1_745' title='bbox 3287 5641 3576 5711; x_wconf 76' lang='grc' dir='ltr'>ἀλήθειαν.</span> 
     </span>
    </p>
   </div>
   <div class='ocr_carea' id='block_1_114' title="bbox 2376 5745 3843 5825">
    <p class='ocr_par' dir='ltr' id='par_1_114' title="bbox 2376 5745 3843 5825">
     <span class='ocr_line' id='line_1_114' title="bbox 2376 5745 3843 5825; baseline -0.004 -20"><span class='ocrx_word' id='word_1_746' title='bbox 2376 5753 2542 5806; x_wconf 84' lang='grc' dir='ltr'>Οὕτω</span> <span class='ocrx_word' id='word_1_747' title='bbox 2565 5754 2674 5822; x_wconf 72' lang='grc' dir='ltr'><strong>γὰρ</strong></span> <span class='ocrx_word' id='word_1_748' title='bbox 2701 5753 2963 5825; x_wconf 77' lang='grc' dir='ltr'>διαϐήσῃ</span> <span class='ocrx_word' id='word_1_749' title='bbox 2993 5754 3144 5822; x_wconf 74' lang='grc' dir='ltr'>ὕδωρ</span> <span class='ocrx_word' id='word_1_750' title='bbox 3173 5754 3519 5821; x_wconf 67' lang='grc' dir='ltr'>ἀλλότριον.</span> <span class='ocrx_word' id='word_1_751' title='bbox 3561 5751 3708 5805; x_wconf 79' lang='grc' dir='ltr'><strong>Κατὰ</strong></span> <span class='ocrx_word' id='word_1_752' title='bbox 3750 5745 3843 5801; x_wconf 80' lang='grc' dir='ltr'><strong>τοῦ·</strong></span> 
     </span>
    </p>
   </div>
   <div class='ocr_carea' id='block_1_115' title="bbox 2302 5844 3841 5920">
    <p class='ocr_par' dir='ltr' id='par_1_115' title="bbox 2302 5844 3841 5920">
     <span class='ocr_line' id='line_1_115' title="bbox 2302 5844 3841 5920; baseline -0.002 -22"><span class='ocrx_word' id='word_1_753' title='bbox 2302 5861 2392 5899; x_wconf 91' lang='grc' dir='ltr'>τον</span> <span class='ocrx_word' id='word_1_754' title='bbox 2419 5844 2529 5916; x_wconf 80' lang='grc' dir='ltr'>γὰρ</span> <span class='ocrx_word' id='word_1_755' title='bbox 2562 5845 2656 5900; x_wconf 82' lang='grc' dir='ltr'>τὸν</span> <span class='ocrx_word' id='word_1_756' title='bbox 2687 5847 2907 5918; x_wconf 79' lang='grc' dir='ltr'>τρόπον,</span> <span class='ocrx_word' id='word_1_757' title='bbox 2933 5846 3182 5919; x_wconf 76' lang='grc' dir='ltr'>ἀϐρόχως</span> <span class='ocrx_word' id='word_1_758' title='bbox 3211 5846 3430 5920; x_wconf 77' lang='grc' dir='ltr'>διέλθῃς</span> <span class='ocrx_word' id='word_1_759' title='bbox 3464 5846 3566 5919; x_wconf 76' lang='grc' dir='ltr'><strong>τὴν</strong></span> <span class='ocrx_word' id='word_1_760' title='bbox 3590 5847 3660 5919; x_wconf 70' lang='grc' dir='ltr'><strong>μὴ</strong></span> <span class='ocrx_word' id='word_1_761' title='bbox 3687 5844 3739 5910; x_wconf 81' lang='grc' dir='ltr'>ἐξ</span> <span class='ocrx_word' id='word_1_762' title='bbox 3763 5847 3841 5912; x_wconf 76' lang='grc' dir='ltr'><strong>ἁρ-</strong></span> 
     </span>
    </p>
   </div>
  </div>
