4034 6512
189 395 330 457 1309

181 509 287 577 χῆς
340 496 828 573 συμπαραχθεῖσαν
855 497 922 567 τῇ
965 492 1147 563 φύσει,
1201 493 1321 548 ἀλλ’
1375 488 1766 562 ὲπεγερθείσαν
1796 488 1842 546 Α

183 597 374 652 παθῶν
401 594 797 666 ἀγριαίνουσαν
830 589 1128 644 Θάλασσαν.

255 690 362 745 Καὶ
382 685 695 755 ὑπερϐήσῃ
727 680 998 751 ποταμὸν
1024 679 1372 746 ἀλλότριον.
1399 674 1512 730 Καὶ
1538 672 1602 727 τὸ
1621 670 1764 726 κατὰ

180 782 243 835 τδ
266 779 597 850 φαινόμενον
613 774 716 845 τῆς
747 772 963 842 φύσεως
1000 769 1158 840 ῥυτὸν
1187 768 1284 820 καὶ
1308 764 1616 834 παροδικδν,
1647 761 1676 814 δ
1697 761 1762 832 δὴ

183 872 278 925 καὶ
301 870 434 924 αὐτὸ
457 867 531 939 μὴ
559 867 679 920 κατ’
704 865 881 934 ἀρχὰς
913 858 1238 929 συγκτισθὲν
1288 857 1447 927 αὐτῇ,
1491 856 1572 918 είς
1600 850 1767 906 κατά-

183 978 370 1034 κρισιν
398 962 485 1016 διὰ
510 959 607 1030 τὴν
641 957 954 1027 παράϐασιν
983 953 1199 1014 ἔλαϐεν,
1229 950 1390 1022 ἀφεὶς
1419 948 1590 1009 κάτω,
1620 943 1765 1012 γνῶ·

180 1073 273 1107 ναι
298 1055 526 1122 φθάσεις
547 1050 646 1119 τὴν
662 1047 1022 1102 ἀναλλοίωτον
1038 1043 1215 1114 αὐτῆς
1233 1041 1375 1095 κατὰ
1397 1039 1458 1092 τὸ
1475 1034 1767 1106 νοούμενον

180 1147 473 1218 διαμονήν.

268 1327 409 1382 Ἀπὸ
434 1325 504 1378 δὲ
535 1323 754 1388 ὕδατος
800 1317 1129 1386 ἀλλοτρίου
1196 1315 1500 1382 ἀπόσχου.
1541 1307 1676 1361 Ἀπὸ
1711 1305 1769 1358 δὲ

182 1417 288 1485 τῆς
339 1415 583 1484 θολερᾶς,
635 1414 728 1465 καὶ
781 1411 927 1464 κατὰ
976 1409 1069 1462 τὸν
1100 1407 1199 1476 τῆς
1225 1405 1442 1475 φύσεως
1471 1401 1628 1468 λόγον
1659 1395 1770 1451 ἀπὸ

182 1509 290 1578 τῆς
317 1508 429 1561 τῶν
452 1506 640 1560 παθῶν
672 1504 872 1575 ἅλμης.
903 1504 975 1572 μὴ
1011 1501 1313 1570 μετάσχῃς.

257 1598 373 1654 Καὶ
414 1597 534 1653 ἀπὸ
576 1595 774 1664 πηγῆς
824 1593 1151 1659 ἀλλοτρίας
1185 1590 1270 1660 μὴ
1329 1587 1492 1654 πίῃς.
1529 1580 1772 1638 Καὶάπὸ

183 1694 292 1763 τῆς
315 1693 527 1765 ὁρατῶν
556 1691 697 1746 κατὰ
730 1691 898 1760 μόνην
943 1685 1196 1755 αἴσθησιν
1239 1681 1514 1751 γνώσεως,
1540 1676 1772 1747 βλυστα-

186 1786 394 1856 νούσης
418 1782 512 1838 οἷὰ
540 1801 682 1845 τινος
724 1781 910 1851 πηγῆς
950 1779 1050 1850 τὴν
1085 1774 1318 1848 ῥευστὴν
1346 1771 1442 1825 καὶ
1470 1765 1773 1838 παροδικὴν

187 1877 320 1930 καθ’
341 1877 534 1948 ἡδονὴν
552 1875 644 1928 καὶ
656 1874 850 1942 ὀδύνην
873 1871 1038 1941 ζωὴν,
1065 1870 1160 1922 καὶ
1179 1867 1254 1929 ὡς
1279 1863 1485 1918 οἰκείαν
1508 1864 1574 1931 τῇ
1594 1858 1774 1927 ἀλόγῳ

189 1967 358 2036 φύσει
413 1965 829 2035 ἀπεξενωμένης
881 1962 982 2032 τῆς
1032 1957 1340 2029 πεφυκυίας
1370 1954 1438 2007 τὰ
1481 1952 1612 2006 ὄντα
1633 1948 1776 2004 κατὰ

187 2062 353 2128 λόγον
379 2058 706 2113 ἐπίστασθαι
745 2057 968 2126 λογικῆς
1003 2054 1240 2123 φύσεως,
1275 2047 1348 2118 μὴ
1393 2045 1588 2117 γεύσῃ.

267 2155 410 2208 Ἵνα
447 2151 647 2206 πολὺν
676 2149 865 2219 (tione
889 2148 1131 2218 χρόνον.
1166 2144 1353 2204 Ὅπως
1385 2137 1611 2210 μόνιμον
1657 2133 1779 2188 κατ’

189 2245 406 2315 ἀρετὴν
442 2242 616 2312 ζήσῃς
645 2240 816 2309 ζωήν.

271 2333 383 2387 Καὶ
423 2330 898 2400 προστεθήσεταί
918 2344 1018 2382 σοι
1044 2327 1147 2394 ἐτη
1166 2324 1335 2393 ζωῆς.
1376 2316 1780 2384 Ἐπεκταθήσε-

197 2442 295 2479 ται
312 2424 368 2478 δέ
393 2441 473 2478 σοι
499 2424 568 2475 τὰ
591 2416 686 2492 τῆς
717 2421 1055 2492 προσκαίρου
1089 2418 1232 2488 ζωῆς
1263 2416 1381 2487 ἔτη,
1426 2406 1784 2484 μεταστειλά-

198 2518 346 2589 μενά
406 2533 467 2570 σε
500 2555 515 2578 ,
571 2516 659 2569 διὰ
711 2515 808 2585 τὴν
866 2516 922 2565 ἐν
975 2512 1184 2573 τούτοις
1233 2507 1416 2563 ἕνθεόν
1475 2522 1570 2558 σου
1627 2500 1782 2556 mitto

194 2613 380 2674 τείαν,
440 2611 578 2682 πρὸς
633 2609 733 2680 τὴν
791 2605 1332 2688 μὲλλουσανυάγήρω
1382 2599 1477 2656 καὶ
1504 2596 1782 2668 μακαρίαν

198 2705 379 2777 ζωήν.

825 2834 1079 2909 itania.
1123 2851 1180 2908 ι’.

282 3001 352 3051 α’.
385 2995 520 3060 Υἱὸς
575 2992 771 3062 σοφὸς
806 2990 1114 3058 εὐφραίνει
1173 2986 1420 3054 πατέρα.
1453 2981 1650 3037 Ἔνθεν
1703 2995 1790 3032 τοι

202 3088 370 3155 λόγος
389 3086 536 3140 τικτό
545 3103 701 3156 μενος
731 3084 827 3153 μὲν
849 3083 956 3137 ἀπὸ
978 3081 1094 3144 νοὸς
1111 3080 1253 3134 κατὰ
1277 3078 1512 3132 διάνοιαν
1532 3076 1598 3145 τῇ
1617 3071 1787 3142 ψυχῇ,

208 3178 540 3246 ἐπιστήμων
559 3176 616 3228 δὲ
638 3174 732 3228 τοῦ
756 3174 922 3236 όντως
951 3169 1141 3232 καλοῦ,
1169 3168 1455 3240 χαροποιεῖ
1485 3177 1790 3232 πνευματι-

208 3269 331 3332 κῶς
354 3266 449 3320 διὰ,
467 3269 562 3337 τῆς
579 3264 813 3334 ἀληθοῦς
836 3281 902 3316 πε
914 3264 966 3332 ρ“ι
985 3262 1095 3316 τῶν
1111 3260 1279 3314 ὄντων
1301 3259 1482 3327 δόξης.
1498 3255 1590 3308 τὸν
1617 3252 1789 3306 αἴτιον

210 3359 384 3414 αὑτοῦ
439 3359 562 3413 νοῦν
593 3357 668 3420 ὡς
702 3357 841 3411 κατὰ
897 3357 1054 3424 λόγον
1087 3353 1290 3422 ταύτης
1340 3347 1792 3418 ἐπιτυγχάνοντα,

211 3454 277 3507 ὲν
306 3452 386 3526 τῷ
409 3452 595 3520 ζητεῖν
619 3450 799 3504 αἰτίαν
826 3450 883 3501 ὲν
921 3449 1095 3502 ἅπασι
1126 3446 1244 3517 μετ’
1270 3443 1533 3514 ἐφέσεως.

299 3630 434 3692 Υἱὸς
459 3628 527 3682 δὲ
556 3628 782 3696 ἄφρων,
808 3627 972 3690 λύπη
989 3622 1185 3693 μητρί.
1219 3620 1492 3690 Λογισμὸς
1519 3619 1597 3683 δὲ,
1621 3617 1800 3671 τικτό-

223 3739 389 3794 μενος
415 3719 512 3790 μὲν
541 3719 662 3772 κατ’
684 3717 988 3788 αἴσθησινῆ
1014 3715 1314 3784 φαντασίαν
1340 3715 1405 3783 τῇ
1436 3713 1600 3782 ψυχῇ,
1617 3713 1803 3764 ἀνεπι-

222 3815 454 3881 στήμων
473 3813 530 3866 δὲ
552 3811 644 3866 τοῦ
673 3811 842 3871 ὅντως
873 3807 1060 3871 καλοῦ,
1089 3805 1268 3872 λύπης
1289 3805 1460 3866 αίτιος
1489 3792 1686 3872 ταύτῃ,
1717 3799 1804 3852 διὰ

217 3908 324 3975 τὴν
346 3905 515 3975 ψευδῆ
529 3905 638 3958 τῶν
656 3904 825 3957 ὄντων
841 3901 997 3966 δόξαν
1023 3900 1082 3964 ἐξ
1099 3898 1544 3967 ἀποτελέσματος
1567 3895 1802 3963 γίνεταιο

221 3998 530 4069 ὀρεγομένῃ
588 3995 688 4066 μὲν
743 3995 954 4064 ἡδονῆς,
1015 3987 1488 4062 περιτυγχανούσῃ
1517 3986 1574 4038 δὲ
1602 3985 1763 4056 ὀδύνῃ
1787 3999 1802 4015 ο

223 4091 308 4143 ὃτι
338 4090 491 4152 τέλος
515 4089 616 4158 τῆς
636 4087 758 4140 κατ’
790 4085 1046 4156 αἴσθησιν
1067 4083 1278 4154 ἡδονῆς,
1307 4083 1341 4152 ἡ
1373 4079 1534 4150 ὀδύνη
1560 4077 1731 4130 ἐστίν.

303 4265 370 4338 β’.
393 4267 516 4321 Οὐκ
560 4263 953 4335 ὠφελήσουσι
1006 4257 1295 4328 θησαυροὶ
1343 4256 1628 4324 ἀνόμους.
1677 4251 1811 4304 Οὐδὲ

231 4361 344 4430 γὰρ
371 4357 796 4429 συμϐαλοῦνται,
826 4353 962 4427 πρὸς
997 4351 1317 4421 ἀπαλλαγὴν
1379 4349 1486 4401 τῶν
1513 4345 1808 4415 ὀδυνηρῶν,

231 4455 458 4522 ταμιεῖα
475 4451 730 4517 πλούτου,
750 4451 860 4512 τοῖς
888 4448 964 4520 μὴ
988 4445 1130 4500 κατὰ
1159 4445 1355 4515 νόμους
1389 4441 1564 4504 θείους
1591 4436 1811 4493 κενοῦσι

230 4546 410 4600 ταῦτα
423 4547 536 4608 τοῖς
559 4542 856 4613 δεομένοις.

306 4637 671 4699 Δικαιοσύνη
719 4633 787 4687 δὲ
811 4635 1017 4702 ῥύεται
1041 4631 1113 4685 ἐκ
1158 4626 1442 4684 θανάτου.
1490 4624 1554 4676 Ἦ
1577 4622 1633 4675 δὲ
1655 4615 1809 4675 ’κατὰ

231 4734 336 4795 τὰς
373 4730 520 4793 θείας
548 4729 766 4791 ἐντολὰς
814 4725 1217 4796 ἁπαρέγκλιτος
1265 4719 1361 4773 τοῦ
1409 4715 1579 4771 καλοῦ
1609 4715 1812 4784 κρίσις,

232 4824 335 4878 τοῦ
374 4823 495 4878 καθ’
539 4821 811 4893 ἁμαρτίαν
874 4818 975 4888 τῆς
1023 4815 1202 4887 ψυχῆς
1259 4811 1592 4866 ἀπαλλάττει
1638 4805 1818 4861 mea.

235 4932 356 4968 νου.

310 5012 383 5074 γ’.
416 5006 500 5058 Οὐ
545 4999 971 5071 λιμοκτονήσει
1015 4997 1233 5064 Κύριος
1286 4989 1495 5061 ψυχὰς
1547 4987 1815 5043 δικαίων.

237 5101 352 5155 Καὶ
375 5100 436 5152 οὑ
454 5099 702 5168 στερήσει
725 5098 758 5166 ἡ
779 5090 1253 5162 παντοκρατορικὴ
1283 5086 1506 5154 δύναμις
1533 5082 1626 5136 τοῦ
1659 5079 1816 5147 Θεοῦ,

237 5197 266 5247 ὀ
292 5193 484 5247 τούτου
510 5190 871 5251 ὲνυπόστατος
895 5187 1087 5253 Λόγος,
1103 5184 1204 5252 τῆς
1227 5178 1421 5234 ἑαυτοῦ
1443 5174 1818 5248 μεταλήψεως,

223 5291 408 5356 ,ἄρτου
436 5288 499 5338 ὲκ
522 5284 616 5337 τοῦ
642 5281 867 5353 οὖρανοῦ
893 5277 1334 5336 καταϐαίνοντος,
1375 5271 1472 5330 τὰς
1495 5266 1823 5336 πειθομένας

237 5379 416 5449 αὐτῷ,
445 5381 510 5449 τῇ
541 5373 1011 5444 αὑτοδικαιοσύνῃ,
1069 5367 1246 5438 ψυχὰς
1298 5363 1406 5416 τῶν
1454 5357 1704 5413 ἐντεῦθεν
1733 5355 1817 5407 δι-

240 5471 415 5531 καίως
440 5467 872 5538 πολιτευομένων
898 5462 1040 5517 κατὰ
1086 5458 1288 5528 πρᾶξιν
1313 5454 1420 5508 τῶν
1451 5452 1621 5520 ἁγίων
1657 5446 1824 5502 αὐτοῦ

242 5579 506 5616 εντοΑων.

316 5651 491 5720 Ζωὴν
516 5650 584 5704 δὲ
612 5645 850 5705 ἀσεϐῶν
872 5642 1214 5712 ανατρέψει.
1241 5641 1353 5710 Τὴν
1379 5638 1435 5690 δὲ
1459 5635 1705 5705 φιλόῦλον
1738 5630 1827 5684 καὶ

243 5742 531 5813 φιλήδονον
567 5739 712 5809 ζωὴν
759 5737 867 5792 τῶν
907 5735 981 5806 μὴ
1007 5729 1374 5786 πιστευόντων
1404 5731 1484 5789 εἰς
1515 5725 1699 5788 αὑτὸν,
1735 5721 1830 5774 καὶ

245 5834 475 5907 (amata
491 5833 602 5902 τῷν
627 5833 726 5903 τῆς
750 5828 1095 5898 δικαιοσύνης
1123 5825 1301 5896 ἔργων
1331 5819 1616 5891 τιμώντων
1643 5815 1828 5879 αὐτὸν,

1208 375 1747 441 COMMENTARII
1775 372 1860 434 IN
1888 364 2344 432 PROVERBIA.

1871 483 1926 536 in
1958 493 2155 535 natura
2192 473 2539 547 productum,
2569 463 2664 524 sed
2719 460 3016 518 excitatum
3044 461 3100 512 et
3133 465 3426 523 empera-
3497 439 3502 443 ’

1863 585 1974 628 tmn
2001 567 2360 640 cupiditatum
2394 575 2566 616 mare.

1931 661 1998 716 Et
2021 635 2289 727 superabit
2312 655 2505 724 ﬂumen
2528 646 2874 719 peregrinum.
2904 639 2969 694 Et
2990 635 3132 707 quod
3155 635 3210 688 in
3232 639 3426 688 natura

1863 754 2164 810 secundum
2197 760 2394 803 sensus
2420 750 2503 797 est
2525 740 2729 795 ﬂuxum
2756 741 2810 789 et
2837 728 3216 786 transitorium
3239 742 3255 792 ;
3282 721 3429 792 quod

1865 844 2084 914 quidem
2123 855 2233 895 non
2263 837 2331 891 ab
2360 833 2518 890 initio
2559 843 2683 884 cum
2712 826 2803 880 illa
2826 831 3070 877 creatum
3105 825 3212 881 est,
3249 813 3340 870 sed
3372 813 3430 866 in

1866 943 2110 994 eamdem
2150 933 2416 986 rationem
2462 923 2706 978 additum
2763 923 2986 989 pr0pter
3029 907 3430 978 transgressio-

1868 1045 2016 1092 nem,
2056 1024 2198 1082 inl’ra
2234 1031 2288 1076 te
2320 1019 2623 1077 dimittens,
2661 1025 2888 1066 noscere
2921 1003 3208 1061 festinabis
3238 1002 3433 1054 inuno-

1867 1121 2029 1177 bilem
2086 1116 2214 1187 ejus
2291 1109 2592 1168 secundum
2664 1101 3046 1174 cogitationem
3097 1091 3430 1167 permansio-

1868 1230 2012 1269 nem.

1938 1305 2016 1357 Ab
2053 1317 2190 1370 aqua
2233 1293 2506 1366 peregrina
2544 1289 2764 1344 abstine.
2818 1284 2886 1339 Et
2928 1299 3051 1337 cum
3104 1278 3347 1339 turbido,
3381 1282 3437 1329 et

1871 1394 2173 1453 secundum
2219 1400 2427 1444 natura:
2467 1385 2732 1439 rationem
2784 1377 3146 1449 cupiditatum
3200 1372 3328 1425 mari
3372 1384 3438 1423 ne

1873 1500 2082 1560 partem
2113 1483 2334 1538 habeas.

1952 1574 2130 1644 Neque
2163 1571 2309 1625 bibas
2337 1567 2399 1624 de
2424 1567 2565 1637 fonte
2594 1560 2888 1632 peregrino.
2918 1555 2984 1608 Et
3039 1554 3104 1606 de
3144 1546 3440 1605 visibilium

1872 1687 1969 1743 per
1996 1671 2144 1725 solos
2176 1679 2372 1722 sensus
2398 1659 2659 1723 scientia,
2705 1650 3071 1712 scaturiente,
3106 1654 3164 1699 ut
3206 1639 3444 1711 quodam

1875 1764 2023 1818 fonte
2043 1801 2057 1825 ,
2086 1758 2287 1812 ﬂuxam
2315 1759 2370 1808 et
2407 1746 2786 1804 transitoriam
2826 1737 3124 1810 voluptatis
3154 1745 3204 1789 et
3241 1728 3447 1785 doloris

1807 1845 1847 1900 Β
1879 1854 2078 1914 vitam;
2103 1861 2268 1918 quam
2300 1857 2428 1898 vero
2461 1851 2520 1895 ut
2545 1833 2904 1892 irrationabili
2931 1836 3136 1884 naturae
3169 1820 3446 1895 propriam

1876 1943 2094 2015 expellit
2128 1935 2469 1993 rationabilis
2517 1941 2710 1985 natura
2752 1926 2819 1980 ad
2856 1939 2944 1978 res
2976 1919 3189 1974 ratione
3226 1925 3453 1983 cognos-

1877 2037 2082 2091 cendas
2115 2042 2260 2102 apta,
2287 2027 2397 2083 noli
2428 2033 2680 2096 gustare.

1954 2127 2017 2181 Ut
2048 2099 2270 2180 multum
2295 2121 2436 2175 vivas
2465 2126 2688 2184 tempus.
2709 2108 2780 2165 Ut
2805 2105 3054 2164 stabilem
3079 2115 3174 2174 per
3199 2099 3453 2152 virtutetn

1879 2225 2032 2277 vivas
2061 2223 2250 2273 vitam.

1959 2313 2024 2367 Et
2085 2310 2342 2365 addentur
2383 2303 2476 2357 tibi
2512 2299 2637 2353 anni
2679 2296 2820 2351 vitce.
2909 2285 3288 2344 Extendentur
3350 2277 3453 2331 tibi

1883 2413 2274 2460 momentaueze
2295 2397 2417 2451 vita:
2445 2393 2569 2447 anui
2593 2429 2608 2453 ,
2632 2393 2973 2443 arcessentes
2999 2388 3050 2432 te
3078 2381 3298 2446 propter
3322 2369 3458 2424 divi-

1884 2513 2008 2551 nam
2040 2503 2185 2547 tuam
2217 2493 2272 2545 in
2301 2488 2412 2543 illis
2435 2481 2629 2557 agendi
2660 2474 2968 2534 rationibus
3001 2468 3309 2526 adfuturam
3340 2460 3460 2518 sine

1884 2593 1992 2647 ﬁne
2020 2599 2073 2644 et
2101 2588 2317 2643 beatam
2346 2582 2536 2638 vitam.

2544 2810 2699 2869 CAP.
2739 2809 2810 2864 Χ.

1959 2961 2130 3018 Vsus.
2165 2959 2216 3012 1.
2269 2955 2443 3010 Filius
2489 2952 2697 3021 sapiens
2769 2945 3010 3015 iwtiﬁcat
3066 2947 3291 3010 patrem.
3340 2933 3470 2988 Inde

1892 3071 2024 3111 sane
2057 3051 2196 3106 ratio
2222 3063 2254 3103 a
2284 3053 2466 3100 mente
2508 3057 2603 3114 per
2645 3039 3031 3110 cogitationem
3070 3035 3122 3086 in
3165 3032 3347 3084 anima
3379 3041 3471 3096 ge-

1896 3153 2103 3206 nerata,
2145 3150 2380 3193 noscens
2429 3139 2608 3185 autem
2657 3127 2805 3198 quod
2849 3139 2973 3179 vere
3017 3121 3308 3191 pulchrum
3362 3120 3468 3175 est,

1818 3224 1861 3282 (ἶ
1895 3252 1988 3306 per
2019 3247 2203 3288 veram
2232 3229 2300 3283 de
2331 3227 2497 3283 rebus
2523 3221 2838 3293 opinionem
2864 3230 3085 3271 causam
3118 3211 3292 3279 ipsius
3320 3219 3474 3258 men-

1897 3335 2003 3381 te.n
2068 3320 2329 3385 laetiﬁcat,
2386 3332 2508 3388 quae
2560 3311 2861 3369 secundum
2913 3306 3178 3361 rationem
3249 3291 3471 3350 veritati

1899 3415 2164 3479 occurrit,
2208 3411 2338 3466 dum
2387 3407 2445 3462 in
2492 3403 2752 3461 omnibus
2803 3410 3028 3453 causam
3081 3391 3338 3446 ardenter
3389 3386 3476 3439 iu-

1899 3507 2092 3579 quirit.

1976 3598 2154 3653 Filius
2214 3611 2331 3650 vero
2382 3593 2600 3654 stultus,
2645 3582 2898 3642 maestitia
2948 3576 3132 3633 matri.
3201 3567 3477 3642 Cogitatio

1903 3703 2106 3754 autem,
2142 3687 2445 3744 secondum
2475 3695 2672 3738 sensus
2703 3685 2797 3732 aut
2831 3671 3172 3745 phantasiam
3205 3665 3260 3718 in
3290 3661 3476 3716 anima

1905 3794 2184 3858 generata,
2211 3781 2374 3850 hujus
2391 3793 2521 3833 vero
2540 3773 2681 3845 quod
2707 3784 2830 3824 vere
2853 3763 3142 3837 pulchrum
3166 3767 3250 3812 est
3271 3757 3477 3825 ignara,

1907 3878 2182 3936 mtestitia:
2203 3887 2368 3930 causa
2393 3870 2587 3926 animae
2617 3865 2672 3919 (it
2703 3878 2768 3918 ex
2797 3865 3015 3919 eventu,
3040 3858 3263 3924 propter
3288 3846 3479 3900 t'alsam

1907 3975 1974 4030 de
2004 3975 2164 4028 rebus
2185 3967 2524 4039 opinionem,
2558 3972 2682 4030 tunc
2723 3951 2944 4025 quidem
2977 3945 3221 4000 lietitiam
3254 3936 3478 4008 appetit,

1908 4065 2152 4121 dolorem
2192 4035 2320 4115 vero
2359 4053 2592 4114 invenit,
2636 4047 2766 4119 quia
2812 4040 2940 4098 ﬁnis
2989 4035 3159 4107 hujus
3218 4045 3341 4102 quae
3387 4042 3483 4098 per

1911 4172 2108 4216 sensus
2137 4162 2222 4210 est
2254 4150 2471 4213 laetitia,
2499 4145 2656 4200 dolor
2681 4148 2788 4196 est.

1985 4249 2150 4303 Vnus.
2197 4246 2252 4300 2.
2288 4241 2443 4296 Nihil
2491 4235 2779 4308 proderunt
2833 4225 3072 4284 thesauri
3117 4220 3316 4292 impiis.
3365 4214 3484 4270 Non

1913 4344 2058 4397 enim
2109 4339 2175 4394 ad
2227 4337 2496 4392 malorum
2534 4326 2916 4384 liberationem
2965 4319 3229 4387 adjuvant
3291 4309 3485 4365 aeraria

1913 4433 2228 4488 divitiarum
2265 4443 2360 4483 eos
2389 4424 2480 4494 qui
2508 4436 2617 4476 non
2645 4433 2708 4475 ea
2741 4415 2893 4487 juxta
2919 4413 3065 4482 leges
3096 4405 3312 4461 divinas
3340 4398 3485 4455 indi-

1916 4526 2168 4600 gentibus
2192 4522 2519 4591 largiuntur.

1985 4617 2213 4672 Iustitia
2249 4629 2366 4668 vero
2395 4607 2637 4663 liberabit
2678 4620 2711 4658 a
2759 4608 2948 4654 morte.
3000 4591 3133 4660 Quae
3168 4602 3299 4643 vero
3333 4585 3487 4655 juxta

1919 4711 2102 4766 divina
2134 4707 2384 4760 mandata
2409 4695 2822 4758 inﬂexibilisfest
2850 4691 2917 4744 de
2947 4687 3091 4742 bono
3122 4679 3418 4742 sententia,
3449 4692 3482 4731 a

1918 4802 2162 4872 periculo
2184 4795 2390 4867 peccati
2425 4792 2661 4844 animam
2690 4786 2906 4840 liberat.

1996 4979 2160 5032 Vens.
2189 4975 2241 5028 5.
2271 4971 2393 5026 Non
2419 4969 2606 5040 aﬂiiget
2640 4963 2897 5019 Dominus
2915 4959 3054 5028 fame
3084 4955 3290 5009 animas
3317 4951 3493 5021 justo-

1923 5089 2062 5128 rum.
2120 5069 2238 5124 Non
2293 5063 2525 5134 privahit
2577 5059 2721 5112 enim
2779 5054 3128 5121 omnipotens
3186 5042 3491 5101 dominatio

1926 5166 2042 5229 Dei,
2072 5155 2542 5215 consulislantiale
2571 5150 2692 5220 ejus
2747 5147 3005 5208 Verbum,
3043 5141 3126 5194 sui
3161 5135 3492 5205 receptione,

1926 5273 2062 5327 pane
2087 5253 2152 5305 de
2180 5250 2319 5305 cmlo
2349 5242 2734 5301 descendente.
2769 5237 2982 5290 animas
3015 5223 3116 5301 ip’si
3144 5225 3377 5297 justitiae
3409 5221 3495 5275 di-

1927 5353 2063 5403 vina.-
2087 5343 2426 5402 obedientes,
2467 5350 2657 5392 eorum
2690 5330 2903 5384 animas
2937 5327 3030 5392 qui
3063 5324 3148 5377 hic
3177 5318 3327 5389 juste
3375 5330 3498 5382 cge-

1927 5450 2054 5495 runl
2091 5453 2186 5506 per
2217 5442 2534 5490 sanctorum
2576 5423 2750 5495 ipsius
2791 5418 3174 5474 mandatorum
3231 5408 3498 5477 adimple-

1930 5537 2156 5589 tionem.

2009 5626 2187 5680 Vitam
2215 5630 2390 5674 autem
2437 5613 2721 5683 impiorum
2766 5606 3044 5661 subvertet.
3085 5598 3257 5651 Vitam
3313 5599 3495 5646 autent

1931 5725 2244 5772 terrestrem
2270 5718 2322 5766 et
2351 5709 2730 5774 voluptuosam
2775 5709 2965 5752 eorum
3006 5691 3095 5760 qui
3131 5702 3238 5740 non
3271 5685 3326 5736 in
3371 5693 3498 5734 eum

1932 5805 2286 5863 crediderunt
2312 5813 2409 5853 nec
2434 5767 2530 5866 per
2557 5807 2724 5862 opera
2749 5783 2982 5858 justitwe
3013 5780 3166 5833 illum
3199 5772 3415 5835 colunt,
3449 5767 3507 5824 in
