4034 6510
632 356 761 422 1311
1878 364 2233 427 PROCOPII
2272 367 2515 426 GAZASI
3709 372 3819 436 1312

622 471 879 525 acerbam
910 471 1077 526 vitam
1109 483 1426 536 convertet;
1459 474 1680 545 quando
1704 474 1925 546 quidem
1960 485 2014 531 et
2048 492 2215 545 praem

2222 478 2263 537 Α
2286 479 2366 541 είς
2419 476 2687 549 ὀδυνηρὰν
2742 479 2964 543 πάντως
3016 478 3372 551 περι-τρέψει⁹
3408 480 3468 532 ὲν
3488 480 3562 550 τῷ
3590 499 3705 537 ποτε
3741 491 3815 543 καὶ

530 560 535 565 ’
622 562 871 619 sentibus
910 564 1268 635 privabuntur
1296 576 1352 622 et
1385 566 1569 621 futura
1608 582 1719 623 non
1759 577 2123 639 assequentur

2287 571 2395 625 τῶν
2427 572 2715 642 παρόντων
2764 572 3101 643 στερηθῆναι
3130 574 3355 637 αὐτοὺς,
3385 573 3606 628 καὶτῶν
3633 577 3818 645 μελλόν·

2291 681 2400 717 των
2425 664 2499 734 μὴ
2525 666 2829 734 ἐπιτυχεῖν.

690 760 852 818 Vens.
877 763 929 819 4.
960 765 1253 834 Paupertas
1276 769 1444 821 uirum
1470 768 1736 837 deprimit.
1758 768 1969 824 Etenim
2001 768 2188 825 oriens

2355 755 2418 809 δ’.
2451 755 2634 808 Πενία
2655 753 2845 824 ἄνδρα
2868 753 3153 808 ταπεινοῖ.
3205 753 3320 805 Καὶ
3342 752 3452 823 γάρ
3476 756 3507 825 η
3530 756 3585 821 ἐξ
3605 757 3819 826 ἀμελείας

616 870 682 911 ex
720 857 1045 927 negligentia
1075 860 1442 928 spiritualium
1473 861 1628 930 juxta
1654 860 1961 914 doctrinam
1989 868 2044 915 et
2073 862 2190 914 vir-

2288 848 2559 918 ἀποτυχία
2583 848 2678 901 τοῦ
2708 848 2852 901 κατά
2896 848 3099 917 γνῶσιν
3129 847 3227 899 καὶ
3263 847 3467 917 ἀρετὴν
3496 855 3816 920 πνευματικοῦ

619 956 783 1002 Iutem
804 949 1112 1004 divitiarum
1134 951 1452 1019 indigentia,
1481 968 1606 1007 eum
1630 953 1723 1023 qui
1756 952 1920 1007 homo
1965 954 2185 1022 quidem

2288 940 2542 1007 πλούτου,
2568 941 2659 993 τὸν
2686 940 3003 1011 ὑπάρχοντα
3029 940 3197 1009 ἄνδρα
3236 940 3361 1009 μὲν,
3388 939 3462 1003 ὡς
3492 940 3642 1008 φύσει
3668 961 3818 1016 κεκτη.

614 1047 720 1100 est,
753 1055 874 1093 cum
924 1053 1112 1095 natura
1155 1044 1384 1099 sortitus
1420 1046 1491 1099 sit
1524 1045 1591 1099 ad
1626 1044 1718 1099 Dei
1748 1046 2055 1115 :imaginem
2087 1061 2188 1113 po-

2291 1032 2450 1102 μένον
2489 1033 2609 1085 κατ’
2641 1033 2827 1085 εἰκόνα
2878 1032 3012 1085 Θεοῦ
3068 1031 3303 1103 δύναμιν
3344 1032 3631 1103 δραστικήν
3659 1052 3711 1087 τε
3747 1040 3819 1094 καὶ

614 1132 838 1183 tentiam
873 1136 1105 1185 activam
1140 1142 1193 1187 et
1227 1134 1453 1189 liberam
1481 1152 1495 1199 ;
1529 1150 1652 1189 eum
1680 1150 1810 1188 vero
1844 1135 1935 1204 qui
1963 1150 2070 1188 non
2103 1141 2188 1189 est

2286 1123 2654 1188 αὐτεξούσιον,
2680 1125 2780 1176 οὐκ
2814 1124 3057 1195 ἀνδρεῖον
3079 1124 3156 1190 δὲ,
3175 1124 3255 1187 ὡς
3286 1125 3605 1193 προαιρέσει
3633 1129 3700 1199 μὴ
3726 1131 3818 1183 ἑπι-

614 1217 812 1283 virilis,
848 1221 1049 1290 quippe
1090 1223 1181 1291 qui
1223 1238 1331 1277 non
1368 1224 1629 1293 operibus
1667 1241 1763 1279 sua
1793 1226 2064 1280 electione
2093 1241 2188 1279 os-

2285 1215 2631 1285 δεικνύμενον
2653 1216 2834 1286 ἔργοις
2860 1218 2981 1269 καθ’
3042 1218 3306 1287 ὁμοίωσιν
3337 1216 3473 1269 Θεοῦ
3498 1219 3554 1270 τὸ
3588 1220 3678 1289 τῆς
3702 1224 3817 1293 εἰρη-

613 1310 851 1364 tenderit
904 1313 971 1367 ad
1030 1312 1121 1367 Dei
1164 1314 1573 1370 similitudinem
1618 1316 1785 1385 hujus
1836 1317 2185 1373 rationabilis

2289 1306 2457 1376 μένης
2498 1307 2723 1377 λογικῆς
2786 1308 3072 1376 δυνάμεως
3124 1309 3427 1378 δραστικόν
3459 1326 3517 1361 τε
3574 1312 3657 1363 καὶ
3706 1314 3817 1367 ἑλεν-

612 1402 868 1469 ροιοιιιίτε
894 1404 997 1456 vim
1033 1414 1086 1458 et
1132 1405 1456 1471 libertatem,
1505 1408 1557 1461 in
1607 1409 2064 1464 irrationabilium
2096 1425 2187 1463 cu-

2286 1397 2489 1468 θέριον,
2539 1400 2768 1467 κατάγει
2817 1401 2897 1462 εἰς
2946 1400 3192 1452 δουλείαν
3268 1401 3485 1467 ἀλόγων
3544 1403 3714 1457 παθῶν
3750 1410 3816 1460 καὶ

611 1493 898 1560 piditatum
957 1498 1276 1552 servitutem
1312 1510 1363 1553 et
1389 1498 1629 1555 dedecus
1674 1500 1917 1569 deducit,
1950 1503 2184 1571 conjun-

2284 1490 2529 1560 ἀτιμίαν,
2556 1491 3096 1562 παρασυμϐληθέντα
3110 1496 3224 1556 τοῖς
3244 1494 3522 1561 ἀνοήτοις,
3539 1496 3817 1565 ὁμοιωθέντα

610 1592 756 1639 ctum
793 1588 964 1642 brutis
1007 1598 1058 1642 et
1089 1590 1197 1643 illis
1228 1590 1459 1645 similem
1497 1591 1723 1646 factum.
2285 1581 2492 1645 αὐτοῖς.

681 1676 875 1733 Manus
918 1692 1091 1735 autem
1142 1682 1361 1751 fortium
1414 1684 1630 1739 diuitias
1706 1694 1920 1753 parant.
1980 1685 2184 1740 Activa‘.

2353 1682 2556 1748 Χεζοες
2570 1679 2639 1733 δὲ
2655 1680 2945 1747 ἀνδρείων
2972 1680 3433 1742 πλουτίζουσιν.
3470 1681 3534 1735 Δί
3556 1681 3609 1733 δὲ
3629 1700 3813 1753 πρακτι-

609 1774 790 1820 autem
824 1770 966 1824 vires
997 1786 1187 1825 eorum
1220 1773 1311 1842 qui
1346 1773 1605 1841 operibus
1650 1775 2034 1830 rationabilem
2082 1791 2181 1844 po-

2284 1773 2378 1825 καὶ
2408 1772 2666 1842 δυνάμεις
2694 1772 2805 1825 τῶν
2844 1766 3027 1843 ἔργοις
3075 1774 3547 1842 ἐπιδεικνυμένων
3573 1774 3628 1825 τὸ
3651 1776 3731 1844 τῆς
3751 1776 3813 1828 λο·

607 1859 829 1913 tentiam
858 1862 1116 1917 exhibent
1142 1880 1246 1919 non
1274 1865 1757 1924 irrationabilibus
1780 1868 2179 1936 cupiditatibus

2215 1862 2257 1921 Β
2287 1862 2453 1933 γικῆς
2500 1862 2806 1933 δυνάμεως.
2839 1866 2956 1927 τοῖς
3014 1864 3235 1932 ἀλόγοις
3290 1864 3524 1918 πάθεσιν
3570 1865 3808 1920 ἀδούλωτον

606 1952 955 2018 servientem,
988 1954 1080 2009 sed
1131 1956 1184 2010 in
1223 1971 1317 2011 cas
1354 1966 1710 2027 pugnantem.
1762 1975 1869 2013 non
1907 1958 2069 2013 modo
2098 1960 2184 2013 in-

2286 1954 2383 2007 καὶ
2433 1953 2556 2008 κατ’
2588 1955 2768 2008 αὐτῶν
2822 1956 3140 2026 δραστικὸν,
3165 1957 3230 2009 οὐ
3264 1958 3431 2024 μόνον
3493 1956 3718 2018 ἀϐλαϐεῖς
3738 1958 3809 2023 τὰς

607 2058 782 2104 tactas
816 2049 1056 2118 ipsorum
1103 2054 1315 2108 animas
1358 2062 1602 2117 servant,
1638 2055 1733 2109 sed
1767 2063 1821 2109 et
1870 2054 1993 2109 aliis
2018 2054 2185 2123 spiri-

2284 2046 2490 2099 τούτων
2520 2046 2836 2117 διατηροῦσι
2859 2046 3063 2118 ψυχας,
3095 2048 3237 2101 ἀλλά
3268 2049 3367 2102 καὶ
3393 2047 3597 2117 ἑτέροις
3620 2050 3698 2102 τοῦ
3720 2056 3803 2105 κατ’

603 2140 780 2194 tuales
812 2143 1112 2196 secundum
1145 2143 1397 2199 virtutem
1433 2156 1485 2199 et
1511 2146 1927 2216 intelligentiam
1960 2146 2184 2201 divitias

2283 2138 2486 2209 ἀρετὴν
2521 2142 2615 2191 καὶ
2642 2138 2845 2207 γνῶσιν
2868 2141 3247 2211 πνευματικοῦ
3291 2140 3532 2195 πλούτου
3568 2143 3805 2210 μεταδιδόα-

602 2231 1024 2302 impertiuntur;
1063 2251 1159 2291 eos
1185 2237 1352 2302 enim,
1376 2238 1541 2292 verbo
1564 2238 1786 2308 quidem
1820 2238 2082 2293 docentes
2115 2238 2180 2291 ad

2286 2247 2401 2283 σιν”
2432 2231 2507 2294 ὡς
2532 2233 2753 2295 τούτους
2785 2232 2929 2303 λόγῳ
2966 2235 3065 2304 μὲν
3098 2232 3498 2303 διδαπαλικῷ,
3527 2233 3652 2299 πρὸς
3671 2234 3794 2302 μέντοι

601 2325 803 2380 bonum
832 2330 1095 2395 excitant,
1138 2345 1166 2383 a
1193 2330 1335 2383 malo
1370 2341 1549 2385 autem
1588 2340 1885 2398 avertunt;
1920 2332 2184 2401 operibus

2284 2325 2487 2393 ἀγαθὸν
2516 2327 2956 2397 προτρεπόντων,
3004 2327 3096 2379 τοῦ
3121 2327 3179 2379 δὲ
3208 2325 3389 2379 κακοῦ
3421 2328 3790 2396 ἀποτρεπόντων·

601 2435 730 2473 vero
765 2421 1151 2476 continuantes
1184 2422 1407 2476 verbum
1437 2432 1490 2477 et
1515 2425 1918 2493 persuadentes
1952 2434 2009 2479 ιιι
2039 2424 2182 2479 dicta

2282 2419 2469 2491 ἔργοις
2484 2421 2541 2473 δὲ
2576 2420 2940 2491 βεϐαιούντων
2967 2422 3060 2474 τὸν
3120 2421 3305 2489 λόγον,
3340 2421 3439 2473 καὶ
3468 2420 3725 2474 πειθόντων
3744 2425 3792 2475 τὰ

600 2511 932 2582 adimpleant
955 2529 1120 2582 opera
1147 2514 1409 2569 imitando
1434 2532 1448 2579 ;
1482 2516 1685 2569 etenim

2282 2511 2373 2566 τοῦ
2410 2512 2567 2581 λόγου
2634 2516 2827 2579 ποιεῖν,
2863 2517 2921 2568 ὲν
2950 2513 3030 2585 τῷ
3080 2514 3378 2584 μιμεῖσθαι
3406 2515 3477 2567 τά
3523 2514 3648 2584 ἔργα
3678 2530 3690 2544 α
3734 2518 3803 2567 καὶ

2322 2606 2357 2658 ἀ

672 2689 837 2745 Vens.
862 2690 915 2745 5.
950 2689 1123 2745 Filius
1149 2692 1387 2748 eruditus
1418 2696 1628 2764 sapiens
1662 2696 1786 2749 erit.
1816 2693 1919 2761 Qui
1954 2695 2175 2765 quidem

2322 2619 2357 2658 α

2280 2619 2317 2673 γ
2455 2700 2587 2766 Υἱὸς
2640 2699 3133 2769 πεπαιδευμένος,
3192 2698 3395 2768 σοφὸς
3440 2698 3625 2753 ἔσται.
3661 2698 3801 2767 Ὀμὲν

595 2796 628 2835 a
662 2781 773 2837 Deo
824 2784 1118 2853 ad0ptatus
1159 2795 1242 2841 est
1286 2786 1432 2843 illius
1488 2805 1583 2859 per
1614 2805 1908 2859 operosum
1949 2789 2175 2843 institu-

2284 2793 2623 2862 υίοθετηθεὶς
2649 2792 2788 2863 Θεῷ.
2822 2792 2910 2846 διὰ
2937 2793 3036 2860 τῆς
3069 2789 3516 2863 ὲκκαθαιρούσης
3538 2791 3627 2860 τὴν
3667 2789 3801 2861 ψυχὴν

598 2883 734 2940 tum,
773 2893 800 2929 a
840 2878 1059 2932 malitia:
1102 2880 1330 2935 maculis
1370 2880 1675 2936 emundans
1721 2882 1984 2945 animam,
2025 2882 2176 2936 utili-

2280 2885 2388 2938 τῶν
2409 2885 2516 2938 ἀπὸ
2544 2886 2739 2948 κακίας
2778 2885 3010 2956 κηλίδων
3054 2885 3322 2937 ἐπιπόνου
3355 2883 3592 2951 ἀγωγῆς,
3616 2882 3696 2950 τῆς
3718 2883 3798 2933 ἀπὶ)

599 2970 725 3023 tatis
752 2970 957 3038 peritus
998 2973 1104 3026 erit
1146 2987 1268 3043 quae
1318 2974 1448 3027 oriri
1486 2975 1771 3043 poteritex
1818 2974 2032 3045 iisquae
2069 2974 2173 3045 ipsi

2280 2977 2392 3030 τῶν
2424 2977 2809 3047 ἐπερχομένων
2848 2977 2999 3048 αὐτῷ
3039 2976 3359 3047 ἀϐουλήτως
3392 2972 3645 3043 ὠφελείας
3690 2972 3801 3042 εἰδή-

593 3066 789 3111 contra
814 3060 1151 3115 voluntatem
1189 3061 1609 3130 superveniunt.

1038 3070 1151 3114 item
1189 3061 1609 3130 superveniunt.
2284 3088 2401 3140 μων
2429 3070 2631 3125 ἔσεται.

668 3151 845 3205 Stulto
879 3161 1075 3217 autem,
1128 3162 1185 3207 ut
1233 3171 1379 3208 servo
1423 3165 1617 3209 utetur.
1668 3153 1770 3221 Qui
1818 3164 2000 3210 autem
2062 3170 2171 3209 non
2201 3210 2241 3228 ﬁ

2209 3210 2241 3228 ﬂ
2350 3157 2438 3225 Τῷ
2462 3158 2530 3211 δὲ
2551 3158 2785 3228 ἄφρονι,
2820 3158 3079 3224 διακόνῳ
3109 3156 3426 3225 χρήσεται.
3454 3155 3551 3207 Τὸν
3571 3154 3621 3207 δὲ
3649 3152 3710 3222 μὴ
3731 3169 3802 3204 πε-

595 3243 699 3299 fert
729 3245 893 3301 Deum
936 3248 988 3301 in
1035 3246 1200 3301 corde
1228 3263 1349 3313 suo,
1398 3249 1442 3302 si
1487 3247 1722 3315 sapienti
1766 3246 2092 3302 afﬂictiones
2118 3260 2173 3303 et

2207 3243 2242 3265 “
2276 3252 2568 3323 ριφέροντα
2618 3251 2748 3305 Θεὸν
2780 3252 2837 3302 ἐν
2864 3251 3083 3320 καρδίᾳ,
3121 3249 3337 3317 θλίψεις
3365 3246 3512 3316 αὐτῷ
3539 3246 3624 3299 καὶ
3650 3244 3800 3304 ὀδύνας

594 3337 816 3391 dolores
858 3338 1158 3402 induxerit,
1196 3355 1390 3394 servus
1441 3340 1590 3393 illius
1621 3340 1726 3394 crit
1772 3340 1841 3393 ad
1895 3340 2166 3406 salutem;

2271 3343 2566 3412 ἐπάγοντα,
2607 3345 2889 3414 ὑπηρέτην
2946 3343 3057 3409 ἕξει
3109 3342 3249 3411 πρὸς
3283 3340 3555 3409 σωτηρίαν
3575 3338 3640 3401 ὡς
3664 3338 3737 3389 τόν
3756 3353 3799 3388 τε

593 3444 829 3498 eumque
886 3430 976 3497 qui
1040 3431 1217 3499 ipsum
1276 3440 1455 3495 vexat,
1506 3439 1567 3485 ut
1632 3431 2035 3486 benefactorem
2078 3434 2170 3500 ju-

2270 3434 2539 3487 λυποῦντα
2576 3436 2736 3488 αὐτὸν
2768 3436 3059 3505 εὐεργέτην
3113 3433 3293 3496 εἰδὼς,
3350 3434 3444 3487 καὶ
3501 3433 3572 3501 πῖι
3611 3428 3800 3498 Θεῷὲπι

594 3526 714 3572 stus
743 3521 972 3583 noverit,
1003 3532 1055 3575 et
1085 3520 1192 3575 Deo
1229 3522 1283 3575 in
1331 3522 1586 3578 omnibus
1622 3523 1829 3594 gratias
1863 3531 2011 3593 aget,
2041 3526 2171 3593 quia

1470 3522 1586 3578 ibus
1622 3523 1829 3594 gratias
1863 3531 2011 3593 aget,
2041 3526 2171 3593 quia
2270 3528 2436 3579 πᾶσιν
2460 3527 2817 3597 εὐχαριστῶν·
2851 3530 3063 3596 ὅτιπερ

594 3624 790 3677 nempe

664 3699 913 3757 Saivalus
968 3716 1047 3757 est
1101 3706 1165 3757 ab
1203 3705 1392 3760 ardore
1446 3706 1592 3776 ﬁlius
1663 3706 1909 3777 prudens.
1976 3706 2169 3762 invitis

2340 3703 2598 3771 Διεσώοη
2627 3706 2745 3758 ἀπὸ
2775 3705 3075 3772 καύματος
3104 3703 3237 3769 υίὸς
3262 3702 3522 3771 γοήμων.
3544 3698 3795 3751 Ἀκουσίων

596 3798 1014 3862 Ientationibus,
1037 3800 1129 3867 qui
1164 3800 1313 3854 novit
1337 3817 1434 3871 pro
1464 3801 1710 3855 laborum
1740 3801 2000 3871 patientia
2027 3817 2171 3855 mer-

2270 3796 2615 3867 πειρασμῶν,
2640 3797 2668 3849 ό
2697 3796 2937 3866 εἰδήμων
2969 3795 3065 3849 τοῦ
3114 3797 3257 3865 ὑπὲρ
3291 3796 3393 3866 τῆς
3436 3790 3690 3861 ὑπομονῆς
3709 3790 3792 3841 τῶν

595 3889 812 3956 cedem;
846 3900 899 3944 et
939 3892 1012 3944 ita
1046 3892 1157 3957 ille,
1182 3900 1236 3944 ut
1271 3892 1325 3945 in
1363 3908 1510 3955 area,
1545 3893 1799 3963 praesenti
1831 3892 2053 3955 Steculo,
2086 3892 2168 3945 la-

2269 3891 2447 3943 πόνων
2499 3888 2692 3959 μισθοῦ
2721 3905 2735 3918 °
2764 3890 2859 3941 καὶ
2879 3888 3021 3941 οῦτω
3049 3889 3149 3957 μὲν
3210 3882 3370 3950 οὗτος
3399 3887 3473 3948 ὡς
3500 3887 3555 3937 ὲν
3580 3883 3718 3936 ἀλωνι

593 3981 821 4037 boribus
852 3984 1037 4038 carnis
1083 3985 1306 4038 acribus
1354 3984 1646 4054 impulsus,
1693 4000 1721 4037 a
1766 3985 2166 4053 cupiditatibus

2268 3983 2496 4054 παρόντι
2529 3981 2707 4046 αἰῶνι,
2737 3983 2925 4045 πόνοις
2956 3982 3164 4054 σαρκὸς
3186 3982 3339 4046 ὀξέσι
3386 3980 3706 4051 βαλλόμενος,
3727 3970 3792 4027 οἷά

594 4088 662 4125 ex
711 4073 994 4126 nativitute
1048 4072 1123 4126 illi
1179 4073 1377 4139 insitis,
1434 4082 1493 4126 ut
1544 4091 1571 4125 a
1617 4074 1946 4144 quibusdam
1991 4075 2164 4144 paleis

2264 4092 2350 4137 τις
2380 4076 2523 4137 σῖτος
2542 4073 2650 4125 τῶν
2674 4076 2739 4127 ὲκ
2781 4075 3047 4143 γενέσεως
3096 4074 3308 4138 παθῶν,
3344 4074 3419 4137 ὥς
3439 4090 3592 4125 τινων
3614 4070 3792 4139 ἀχύρων

594 4160 949 4227 frumentum,
982 4163 1315 4230 mundatur;
1350 4174 1403 4219 et
1444 4176 1811 4235 congregatur
1845 4166 1916 4220 ab
1949 4176 2165 4221 nostra-

2265 4166 2733 4237 ἀποκαθαίρεται·
2768 4166 2863 4218 καλ⁵
2908 4168 3198 4233 συνάγεται
3247 4165 3402 4236 παρὰ
3451 4161 3541 4215 τοῦ
3590 4156 3789 4230 γεωργοῦ

592 4270 712 4307 rum
748 4257 1051 4308 animarum
1081 4257 1338 4325 agricola,
1386 4264 1444 4311 ut
1487 4258 1539 4312 in
1578 4258 1826 4328 quaedam
1859 4259 2078 4318 horrea.
2108 4258 2161 4311 in

2263 4259 2369 4311 τῶν
2392 4260 2675 4329 ἡμετέρων
2710 4258 2921 4329 ψυχῶν,
2951 4259 3027 4321 ὡς
3052 4260 3131 4321 εἵς
3188 4275 3345 4321 τινας
3401 4253 3669 4324 ἀποθήκας
3711 4250 3788 4309 τὰς

590 4355 823 4399 aeternas
852 4346 1066 4401 domos.

2262 4347 2511 4409 αἰωνίους
2540 4349 2728 4414 μονάς.

672 4437 834 4491 Vento
862 4440 1224 4509 corrumpitur
1247 4439 1298 4492 in
1332 4456 1496 4494 messe
1519 4440 1665 4511 ﬁlius
1696 4441 1987 4511 improbus.
2017 4440 2163 4495 Ven-

2333 4437 2769 4507 Ἀνεμόερθορος
2787 4439 2856 4493 δὲ
2876 4440 3098 4508 γίνεται
3123 4439 3192 4492 ἐν
3216 4438 3423 4508 ἀμητῷ
3482 4440 3605 4504 υίὸς
3628 4432 3783 4501 παρὰ·

591 4530 663 4584 tis
697 4530 1063 4598 improbitatis
1096 4533 1313 4598 pellitur
1360 4532 1413 4585 in
1453 4532 1679 4586 exitium
1732 4549 1826 4603 per
1865 4535 2160 4587 irrationa-

2193 4547 2237 4603 ι)
2263 4546 2464 4597 γομος.
2514 4531 2650 4583 Ὑπὸ
2675 4532 2784 4584 τῶν
2836 4532 3161 4601 πνευμάτων
3188 4533 3245 4585 δὲ
3268 4533 3367 4603 τῆς
3400 4531 3645 4602 πονηρίας
3664 4528 3786 4581 ἐλαύ-

588 4622 728 4678 biles
746 4623 992 4687 allectus,
1017 4624 1475 4693 quemadmodum
1500 4625 1677 4679 ventis
1697 4626 1870 4694 palea.
1898 4625 1953 4679 in
1980 4626 2160 4694 ignem

2269 4607 2555 4675 νεται’διά
2584 4622 2692 4675 τῶν
2744 4622 3068 4693 παραλόγων
3099 4625 3287 4676 παθῶν
3338 4628 3418 4688 εἰς
3438 4624 3708 4684 ἀπώλειαν,
3728 4617 3784 4678 ὡς

590 4716 855 4770 mittenda
919 4717 1115 4771 messis
1178 4732 1405 4786 operum
1458 4725 1736 4787 tempore;
1782 4719 1875 4788 qui
1926 4719 2165 4789 appellat

2268 4713 2372 4765 ὑπὸ
2395 4713 2610 4782 ἀνέμων
2639 4714 2858 4784 ἄχυρον,
2891 4714 2966 4785 τῷ
2992 4716 3124 4783 πυρὶ
3147 4715 3725 4786 παραπεμφθησόμενον
3740 4711 3785 4761 ἐν

588 4808 809 4877 quidem
828 4806 1044 4863 Patrem
1074 4825 1231 4862 suum
1260 4808 1449 4876 Deum,
1472 4820 1692 4881 propter
1719 4810 1877 4865 [idem
1906 4812 1959 4867 in
1986 4813 2160 4877 illum,

2265 4806 2343 4875 τῷ
2371 4807 2469 4876 τῆς
2497 4808 2828 4876 συγκομιδῆς
2851 4806 2957 4859 τῶν
2982 4807 3157 4877 ἔργων
3181 4809 3379 4879 καιρῷ,
3412 4810 3439 4860 ὁ
3465 4804 3780 4872 ἐπικαλούμε-

592 4901 995 4970 transgreditur
1026 4910 1208 4956 autem
1246 4910 1437 4957 sancta
1460 4902 1582 4973 ejus
1614 4912 1908 4975 praecepta.

2265 4915 2354 4962 νος
2383 4900 2479 4968 μὲν
2514 4901 2729 4970 Πατέρα
2774 4900 2966 4953 ἑαυτοῦ
3017 4898 3107 4952 τὸν
3157 4900 3287 4952 Θεὸν
3330 4902 3417 4954 διὰ
3468 4904 3561 4969 τὴν
3585 4900 3656 4959 είς
3702 4896 3780 4947 αὑ-

2263 4991 2353 5044 τὸν
2399 4992 2598 5057 πίστιν,
2654 4993 3008 5063 παραϐαίνων
3034 4994 3091 5046 δὲ
3111 4992 3210 5057 τάς
3263 4993 3424 5063 ἁγίας
3467 4991 3620 5045 αὑτοῦ
3657 4992 3777 5042 ὲντο·

1704 5110 1707 5115 α
2265 5082 2385 5148 λάς.
3495 5133 3503 5140 .

660 5166 822 5221 Vens.
851 5168 902 5223 6.
930 5167 1230 5239 Benedictio
1257 5167 1471 5221 Domini
1493 5185 1651 5239 super
1679 5180 1838 5233 caput
1853 5170 2011 5239 justi.
2038 5171 2163 5228 Lar-

2336 5181 2409 5239 ς’.
2434 5176 2692 5244 Εὐλογία
2720 5178 2939 5243 Κυρίου
2964 5176 3061 5230 ἐπὶ
3092 5177 3367 5247 κεφαλὴν
3402 5177 3639 5230 δικαίου.
3684 5169 3772 5223 Καὶ

587 5262 720 5333 gitio
746 5262 891 5316 enim
926 5263 1236 5316 sanctitatis
1290 5276 1319 5316 a
1374 5261 1606 5315 Domino
1643 5266 1890 5317 omnium
1947 5264 2054 5319 Deo
2103 5267 2159 5320 in

2260 5270 2366 5339 γὰρ
2392 5270 2673 5341 μετάδοσις
2702 5272 2799 5340 μὲν
2823 5271 3094 5339 ἁγιασμοῦ
3111 5271 3265 5342 παρὰ
3287 5271 3383 5325 τοῦ
3414 5269 3667 5323 Δεσπότου
3686 5262 3771 5316 τῶν

587 5363 753 5425 caput
782 5356 1327 5426 irreprebcnsibiliter
1356 5358 1564 5423 agentis
1591 5360 1889 5411 secundum
1926 5359 2157 5425 gratiam

2262 5362 2398 5416 ὅλων
2427 5362 2584 5427 Θεοῦ,
2618 5364 2831 5434 πρόεισι
2862 5367 3003 5420 κατά
3034 5366 3195 5436 χάριν
3227 5367 3320 5418 ἐπὶ
3352 5364 3427 5433 τῷ
3451 5360 3658 5433 ἡγεμόνι
3698 5352 3769 5406 τοῦ

585 5446 852 5516 procedit,
881 5461 1005 5501 eum
1038 5456 1212 5502 totum
1239 5445 1414 5504 media
1446 5448 1503 5501 in
1537 5454 1717 5500 mente
1744 5447 2118 5504 sanctilicans.

2261 5454 2565 5523 ἀμέμπτως
2587 5455 3022 5526 πολιτευομένου,
3052 5458 3170 5511 ὅλον
3185 5455 3369 5510 τοῦτον
3400 5454 3484 5507 διὰ
3509 5452 3657 5523 μέσον
3680 5445 3770 5505 νάκ

2261 5544 2486 5613 ἀγιάζου
2495 5562 2583 5599 σα.

658 5622 731 5679 Os
764 5634 938 5679 autem
987 5627 1268 5698 impiorum
1321 5630 1504 5683 obruet
1549 5630 1703 5685 dolor
1737 5632 2155 5701 intempestivus.

2328 5640 2525 5706 Στόμα
2552 5636 2620 5690 δὲ
2648 5638 2884 5693 ἀσεόἲῖιν
2935 5641 3197 5708 καλύψει
3234 5639 3450 5704 πένθος
3463 5637 3651 5703 ἄωρον.
3681 5630 3764 5696 Τὴν

586 5713 808 5770 Plenam
876 5726 1056 5772 autem
1115 5719 1451 5790 blasphemia
1493 5722 1800 5779 doctrinam
1851 5724 2150 5794 spirituum

2256 5728 2312 5781 δὲ
2347 5732 2550 5802 μεστὴν
2576 5730 2926 5801 βλασφημίας
2940 5730 3291 5786 διδασκαλίαν
3308 5730 3415 5784 τῶν
3435 5729 3503 5799 μὴ
3524 5721 3759 5795 τιμώντων

586 5806 805 5863 malitiae
829 5806 996 5865 Deum
1028 5826 1135 5868 non
1171 5814 1490 5883 colentium,
1519 5824 1835 5873 consternat
1866 5820 2151 5888 peccanti-

2257 5820 2390 5875 Θεὸν
2429 5824 2753 5895 πνευμάτων
2788 5824 2889 5896 τῆς
2922 5826 3203 5898 πονηρίας.
3257 5822 3502 5894 σνστείλῃ
3522 5819 3758 5891 ἡέπιγινοο
