3902 6500
52 370 220 437 1313

1105 385 1635 450 COMMENTARII
1678 391 1760 451 ΙΝ
1814 394 2269 461 PROVERBIA.

3196 397 3333 462 1314

48 490 371 587 fuﬁum-soi:
397 494 802 587 ἁμαρτάνουσιν
816 498 880 553 ἐκ
908 502 1271 571 μεταμελείας
1306 505 1378 575 μὴ
1403 506 1545 560 κατὰ
1568 508 1655 561 τδν

1775 516 1864 567 ous
1887 516 2280 582 superveniens
2316 530 2422 570 non
2445 524 2691 585 tempore
2731 527 3043 587 opportuno
3081 516 3146 570 ad
3182 532 3342 571 erro-

48 580 402 651 ἑπιτήδειον
418 586 609 656 καιρὸν
633 589 771 658 πρὸς
792 591 891 660 τὴν
911 590 1019 643 τῶν
1055 594 1409 665 ἐσφαλμένων
1438 596 1663 666 διόρθω-

48 690 177 737 σιν,
209 676 285 739 ὃς
313 679 461 732 ἐστιν
489 681 519 733 ὁ
545 682 754 750 παρὼν,
784 684 919 737 ἀλλά
936 684 1078 738 κατὰ
1100 686 1162 739 τὸ
1186 688 1381 757 μέλλον
1409 689 1663 762 διηνεκὴς

48 767 165 820 καὶ
190 769 470 840 ἀνόνητος
496 771 662 843 λύπη.

36 906 45 914 .
136 858 222 921 ζ’.
260 863 482 931 Mrtua;
518 864 753 918 δικαίου
794 869 923 934 μετ’
959 867 1279 937 ἐγκωμίων.
1334 870 1444 922 Καὶ
1472 871 1663 924 ἀνεπί-

50 950 290 1021 ληστος
337 954 435 1025 μὶν
482 955 680 1023 γνῶσις
709 956 858 1011 ἔσται
889 961 1038 1029 παρὰ
1070 959 1190 1029 Θεῷ
1218 961 1326 1014 τῶν
1357 961 1664 1032 ἀμέμπτως

53 1043 545 1115 πολιτευομένων,
600 1049 716 1116 μετ’
754 1049 991 1103 ἐπαίνων
1026 1052 1371 1123 παρεχόντων
1424 1052 1664 1124 ἀρῤητον

52 1134 436 1205 εὐφροσύνην
462 1138 663 1200 αὐτοῖς.

143 1230 386 1296 Ὄνομα
434 1229 504 1281 δὲ
535 1228 769 1283 ἀσεϐῶν
818 1230 1162 1287 σϐέννυται.
1213 1232 1278 1285 Ἦ
1303 1232 1397 1286 ἀπ’
1422 1234 1587 1289 αὑτοῦ
1603 1234 1661 1288 δὲ

59 1318 223 1371 Θεοῦ
270 1320 610 1390 προσηγορία
638 1322 747 1374 τῶν
779 1323 853 1393 μὴ
889 1322 1175 1392 τιμώντων
1196 1325 1356 1379 αὑτὸν
1384 1326 1451 1379 δι’
1484 1326 1662 1396 ἔργων

64 1409 318 1475 ἀγαθῶν
346 1412 688 1478 ἀφανίζεται,
712 1413 801 1466 διὰ
823 1414 893 1466 τὰ
919 1414 1111 1467 τούτου
1150 1415 1410 1486 ἀλλότρια
1444 1418 1659 1486 πονηρὰ

63 1502 223 1572 ἔργα
274 1503 474 1568 αὐτῶν,
514 1506 847 1576 ἀγνοουμένη
901 1506 1078 1577 αὐτῷ’
1103 1508 1244 1560 κατά
1270 1507 1350 1573 τὸ,
1379 1508 1491 1561 Οὐκ
1543 1505 1663 1563 οῖδα

62 1596 229 1665 ὑμᾶς
256 1597 443 1652 λοπόν.

142 1689 225 1759 η’.
261 1691 463 1758 fossor;
518 1691 729 1759 καρδίᾳ
768 1690 999 1755 δέξεται
1048 1692 1319 1759 ἐντολάς.
1362 1693 1420 1746 Ὀ
1446 1694 1539 1746 τὸν
1565 1692 1661 1746 τοῦ

68 1782 217 1836 Θεοῦ
253 1784 414 1851 λόγον
453 1785 771 1849 ἐνδιαθέτως
796 1787 862 1855 τῇ
893 1784 1059 1838 αὐτοῦ
1119 1785 1431 1855 περιφέρων
1488 1786 1659 1855 ψυχῇ,

1770 620 1887 658 rum
1921 609 2336 671 correctionem,
2362 609 2504 675 quod
2548 619 2629 662 est
2668 617 2882 677 tempus
2939 624 3197 679 prmsens,
3247 610 3342 665 sed

1768 694 1823 749 in
1848 694 2032 750 l‘uturo
2065 705 2325 767 perpetua
2355 708 2407 751 et
2440 699 2647 753 inutilis
2677 699 2923 753 tristitia.

1837 877 2002 933 Vens.
2033 878 2082 930 7.
2121 878 2378 933 Memoria
2400 879 2538 948 justi
2577 897 2695 932 cum
2726 880 2995 933 laudibus.
3031 879 3095 933 Et
3133 896 3343 935 memor

1768 970 1986 1039 quidem
2027 972 2269 1039 cognitio
2312 972 2417 1024 crit
2447 973 2586 1042 apud
2620 971 2785 1026 Deum
2826 987 3014 1026 eorum
3058 972 3150 1041 qui
3199 973 3339 1025 irre-

1768 1062 2213 1131 prehensibiliter
2253 1070 2444 1132 agunt,
2502 1078 2626 1117 cum
2690 1064 2947 1117 laudibus
3008 1062 3336 1117 ineﬂ‘abilem

1769 1155 1875 1209 illis
1891 1154 2126 1208 laetitiam
2147 1156 2555 1223 praestantibus.

1836 1243 1905 1297 Et
1926 1262 2109 1298 nomen
2134 1247 2413 1313 impiorum
2444 1246 2819 1316 exstinguitur.
2855 1245 2984 1301 Illud
3011 1245 3152 1315 quod
3176 1262 3205 1299 a
3230 1245 3339 1299 Deo

1768 1345 1849 1390 est
1901 1350 2096 1388 nomen
2153 1350 2343 1390 eorum
2390 1338 2485 1406 qui
2534 1337 2686 1391 illum
2735 1337 2893 1391 bonis
2935 1339 3193 1407 operibus
3229 1353 3333 1390 non

1768 1427 1976 1484 colunt.
2022 1429 2317 1491 evanescit,
2377 1444 2483 1483 non
2539 1429 2650 1497 jam
2703 1430 2810 1481 Deo
2861 1437 3068 1492 uotum,
3118 1437 3337 1499 propter

1769 1520 1907 1572 mala
1933 1535 2120 1573 eorum
2138 1536 2299 1588 opera
2322 1537 2443 1590 quae
2466 1520 2573 1575 Deo
2598 1522 2823 1576 adversa
2846 1530 2995 1576 sunt.
3019 1521 3333 1575 Secundum

1769 1607 1900 1661 illud
1938 1608 2099 1662 :Jam
2136 1609 2322 1663 nescio
2344 1624 2462 1663 vos.

1837 1700 2003 1755 Vens.
2040 1700 2092 1753 8.
2134 1699 2356 1769 Sapiens
2403 1703 2560 1756 corde
2608 1703 2855 1769 suscipiet
2894 1715 3178 1770 praecepta.
3230 1699 3333 1765 Qui

1773 1791 1864 1848 Dei
1913 1794 2135 1847 verbum
2201 1796 2350 1848 ultro
2393 1795 2447 1848 in
2492 1796 2671 1849 anima
2730 1812 2823 1849 sua
2860 1796 2985 1857 fert,
3044 1795 3331 1863 suscipiet,

72 1878 454 1949 παραδέξεται
481 1881 576 1933 καὶ
604 1881 703 1932 οὐκ
726 1879 1042 1949 ἀποπέμψει
1074 1881 1215 1933 κατὰ
1238 1881 1436 1953 πρᾶξιν
1456 1879 1525 1932 τὰ
1540 1879 1655 1933 τού-

1775 1894 1937 1959 ueQue
1964 1904 2093 1942 vero
2124 1889 2337 1959 objiciet
2364 1889 2543 1959 quoad
2577 1897 2732 1944 actus
2760 1890 2932 1959 ipsius
2964 1889 3242 1943 mandata.

74 1990 172 2026 του
208 1974 637 2044 προστάγματα.

156 2066 230 2120 '0
258 2068 331 2121 δὲ
352 2066 603 2136 ἀστεῖος
644 2069 895 2137 χείλεσι,
940 2066 1271 2128 σκολιάζων
1337 2068 1662 2120 ὑποσκελι-

66 2160 400 2228 σθήσεται.
416 2162 472 2215 '0
491 2162 547 2215 δὲ
582 2161 919 2233 μὴὲμμένων
944 2162 1031 2215 διὰ
1056 2161 1164 2214 τῶν
1184 2163 1284 2233 τῆς
1316 2157 1661 2227 δικαιοσύνης

75 2254 270 2325 ἔργων
309 2257 375 2324 τῇ
406 2254 470 2307 δι’
496 2254 788 2324 ὁμολογίας
808 2256 940 2324 τιμῇ
964 2252 1058 2307 τοῦ
1086 2251 1243 2314 Θεοῦ,
1272 2251 1533 2305 ἐκκλίνων
1579 2249 1660 2313 εἷς

77 2365 143 2401 τε
163 2348 235 2400 τὰ
253 2347 381 2400 κατ’
403 2346 637 2415 ἔλλειψιν
652 2347 751 2415 τῆς
768 2346 971 2416 ἀρετῆς
995 2345 1164 2415 πάθη,
1196 2343 1280 2413 ἐφ’
1308 2337 1389 2406 οἷς
1401 2342 1499 2405 τὰς
1510 2340 1658 2403 θείας

86 2442 166 2510 μὴ
199 2444 341 2494 ποιεῖ
371 2440 607 2503 ἐντολὰς,
649 2440 742 2494 καὶ
762 2441 840 2502 εἰς
860 2439 930 2491 τὰ
947 2439 1069 2492 καθ’
1099 2436 1427 2507 ὑπερϐολὴν,
1457 2436 1543 2504 ἐφ’
1575 2431 1659 2498 οἷς

81 2533 263 2601 ψιλοῖς
292 2534 535 2603 ῥήμασιν
553 2530 831 2603 ὁμολογῶν
856 2532 1037 2591 αὑτὸν,
1075 2532 1215 2599 μέγα
1242 2532 1448 2600 φρονεῖ.
1476 2546 1657 2600 παρα-

75 2628 430 2696 τραπήσεται
453 2627 549 2696 τῆς
594 2624 868 2695 φέρουσης
914 2626 992 2685 εἰς
1018 2623 1117 2694 τὴν
1144 2621 1358 2676 αἰώνιον
1389 2620 1533 2692 ζωὴν
1567 2623 1655 2674 εὑ-

77 2719 261 2783 θεὶας,
290 2718 413 2771 κατ’
442 2717 641 2788 ἀρετὴν
677 2716 794 2772 ὁδοῦ
818 2730 831 2744 ·
862 2716 955 2770 καὶ
979 2718 1087 2788 γὰρ

146 2813 221 2867 θ’.
264 2814 372 2877 Ὃς
392 2812 703 2879 πορεύεται
747 2809 971 2875 ἁπλῶς,
996 2809 1307 2877 πορεύεται
1338 2804 1655 2873 πεποιθώς.

80 2905 178 2965 Ὃς
226 2902 329 2967 μὲν
360 2900 561 2956 διανύει
596 2900 696 2972 τὴν
745 2900 866 2954 κατ’
900 2898 1099 2971 ἀρετὴν
1137 2900 1258 2952 ὁδὸν
1280 2897 1659 2968 ἀνυποκρίτως

76 2993 163 3045 διὰ
190 2992 358 3055 Θεὸν,
426 2993 519 3045 καὶ
577 2993 651 3062 μὴ
716 2992 1087 3061 παραμιγνύει
1133 2990 1302 3063 αὐτὴν
1345 2993 1412 3062 τῇ
1446 2991 1657 3062 πονηρᾷ

78 3086 225 3155 πρὶς
257 3085 360 3154 τὴν
382 3084 491 3136 τῶν
518 3083 726 3138 πολλῶν
749 3084 964 3152 ἀπάτην
997 3083 1228 3155 διανοίᾳ,
1263 3082 1533 3153 διέρχεται
1558 3081 1657 3152 τὴν

77 3173 343 3244 τοιαύτην
374 3174 491 3227 ὁδὸν
527 3175 600 3244 μὴ
631 3173 965 3237 πτοούμενος
997 3172 1030 3244 ἢ
1058 3174 1187 3236 τοὺς
1218 3174 1360 3227 κατά
1399 3173 1461 3226 τὸ
1484 3172 1658 3245 παρὸν

78 3267 109 3335 ἦ
145 3268 282 3330 τοὺς
322 3267 460 3321 κατὰ
496 3265 689 3337 μέλλον
717 3266 971 3335 ἐλέγχους
999 3265 1097 3336 τῆς
1127 3264 1488 3337 ὑποκρίσεως.

160 3381 229 3433 Ὃ
251 3380 321 3433 δὲ
345 3380 718 3449 διαστρέφων
755 3379 862 3445 τὰς
890 3379 1070 3445 ὀδοὺς
1119 3379 1328 3443 αὑτοῦ,
1385 3377 1655 3449 γνωσθή-

82 3486 278 3526 σεται.
318 3471 376 3524 '0
405 3472 462 3524 δὲ
496 3471 604 3524 ἀπὸ
655 3470 913 3543 ἀληθείας
961 3472 1042 3534 εἰς
1086 3470 1283 3539 ψεῦδος
1314 3469 1411 3533 τὰς
1461 3468 1657 3524 ἑαυτοῦ

84 3564 321 3634 πράξεις
392 3566 803 3636 μεταστρέφων,
856 3565 931 3627 ὡς
982 3564 1216 3633 εἴρηται,
1241 3562 1651 3633 ἐλεγχθήσεται,

82 3657 189 3709 κᾶν
215 3657 291 3726 μὴ
321 3657 376 3707 ἐν
401 3654 478 3725 τῷ
508 3656 736 3724 παρόντι
764 3655 941 3721 αἰῶνι,
962 3655 1099 3710 ἀλλά
1128 3672 1189 3726 γε
1211 3656 1268 3708 ὲν
1296 3655 1372 3726 τῷ
1409 3655 1655 3727 μέλλοντι

84 3747 475 3818 ἀναμφιϐόλως
498 3764 511 3777 ·
547 3748 740 3818 διόπερ

152 3870 208 3916 ι’.
252 3863 307 3914 '0
332 3862 596 3916 ἐννεύων
624 3861 952 3931 ὀφθαλμοῖς
981 3864 1131 3932 μετὰ
1159 3862 1365 3926 δόλου,
1405 3863 1655 3933 συνάγει

84 3955 343 4023 ἀνδράσι
370 3956 592 4022 λύπας.
631 3956 690 4009 '0
715 3956 814 4020 τὰς
849 3956 1192 4026 Θεωρητικάς
1228 3956 1486 4026 δύναμεις
1516 3957 1655 4024 ἔχων

86 4049 506 4113 ἁποϐλεπούσας
565 4048 664 4119 μὲν
730 4050 867 4118 πρὸς
914 4050 1133 4112 κακίαν,
1168 4050 1568 4112 κατανευούσας
1598 4050 1655 4103 δὲ

89 4144 221 4214 πρὸς
256 4144 743 4213 ἀσχηματισμένον
802 4144 1003 4215 ἀρετῆς
1027 4140 1179 4215 ἦθος,
1212 4144 1462 4213 συλλέγει
1495 4144 1570 4215 τῷ
1596 4163 1654 4197 τε

94 4237 235 4299 ἐντὸς
267 4235 562 4305 ἀνθρώπῳ,
615 4239 707 4289 καὶ
754 4236 831 4306 τῷ
883 4238 1056 4301 ἐκτὸς,
1112 4237 1307 4301 πόνους
1358 4238 1651 4303 διακενεῖς’

96 4321 177 4379 οἷα
218 4328 433 4396 σώματι
504 4327 602 4395 μὲν
656 4327 798 4380 κατὰ
859 4328 917 4379 τὸ
963 4327 1136 4400 παρὸν
1163 4328 1339 4382 πονῶν
1370 4329 1500 4398 περὶ
1556 4328 1655 4397 τὴν

91 4417 285 4489 ἀρετὴν
312 4418 387 4488 μὴ
423 4417 513 4471 διὰ
560 4419 713 4482 Θεὸν,
739 4418 883 4491 ψυχῇ
913 4419 969 4472 δὲ
1017 4418 1159 4473 κατά
1192 4420 1253 4473 τὸ
1302 4420 1494 4490 μέλλον
1528 4423 1657 4475 αἰω-

91 4511 209 4573 vim;
230 4510 569 4581 πιεζόμενος,
592 4511 768 4581 ἐνδείᾳ
797 4511 892 4581 τῆς
919 4512 1059 4565 κατὰ
1097 4511 1334 4566 διάθεσιν
1364 4513 1583 4582 ἀρετῆς.

165 4708 221 4760 '0
255 4706 325 4761 δὲ
366 4706 635 4775 ἐλέγχων
681 4706 828 4776 μετὰ
881 4707 1239 4776 παρῤησιάς,
1278 4708 1654 4776 εὶρηνοποιεῖ.

98 4800 153 4853 '0
180 4800 239 4852 δὲ
295 4801 669 4869 φανεροποιῶν
737 4800 880 4853 κατὰ
909 4799 969 4852 τὸ
1010 4800 1247 4862 συνειδδς
1273 4801 1659 4865 ἀνυποστόλως

88 4894 148 4960 τῇ
171 4892 343 4961 ψυχῇ,
377 4894 433 4944 ὲν
464 4891 603 4962 ἁγίῳ
629 4892 904 4960 ΙΙνεύματι
938 4892 1095 4960 λόγος
1125 4891 1281 4955 Θεοῦ,
1313 4893 1372 4944 τὸ
1394 4892 1490 4963 τῆς
1522 4894 1657 4946 ὑπο-

89 4985 319 5054 κρίσεως
340 4984 615 5037 ὑπὼδνλνον
638 5002 696 5038 τε
726 4986 820 5037 καὶ
843 4985 1107 5055 ἄκαρπον,
1133 4984 1463 5039 ἀπαλλάττει
1486 4985 1656 5056 αὐτὴν

89 5079 180 5145 τῆς
213 5076 606 5147 ὲχθραινούσης
638 5077 866 5148 ταύτην,
906 5080 999 5131 καὶ
1046 5080 1181 5149 πρὸς
1210 5077 1345 5131 Θεὸν
1396 5078 1487 5132 καὶ⁸
1516 5078 1656 5151 πρὸς

90 5172 261 5241 σάρκα
291 5173 535 5241 πονηρᾶς
568 5170 880 5229 διαθέσεως.
922 5164 925 5165 ν

157 5292 244 5339 ια’.
271 5284 439 5353 Hirri)
457 5284 605 5352 ζωῆς
633 5285 703 5337 ἐν
728 5285 872 5353 χειρὶ
901 5284 1155 5338 δικαίου.
1184 5286 1256 5339 Τὸ
1287 5284 1396 5355 γὰρ
1421 5285 1657 5356 χορηγὸν

90 5376 233 5446 ζωῆς
272 5376 495 5446 Πνεῦμα
531 5377 706 5444 ἅγιον,
747 5376 888 5429 κατά
922 5376 1084 5445 φύσιν
1115 5376 1212 5446 μὲν
1243 5377 1657 5431 ὲπαναπαύεται

90 5468 142 5519 ὲν
186 5471 251 5539 τῇ
315 5470 786 5539 παντοκρατορικῇ
812 5469 1037 5535 δυνάμει
1059 5468 1153 5520 τοῦ
1188 5468 1417 5529 δικαίου,
1452 5468 1545 5521 καὶ
1575 5469 1654 5521 δι-

91 5558 377 5619 καιοσύνας
415 5560 799 5630 ἀγαπήσαντος
843 5559 1111 5611 Δεσπότου
1169 5559 1276 5611 τῶν
1311 5558 1445 5613 ὅλων
1485 5560 1617 5613 Θεοῦ
1640 5577 1655 5591 ’

92 5647 225 5700 κατά
255 5647 417 5717 χάριν
449 5648 523 5711 δὲ,
556 5649 613 5700 ὲν
636 5647 712 5717 τῷ
769 5647 1057 5720 πρακτικῷ
1093 5647 1188 5701 τοῦ
1224 5648 1559 5719 διαιροῦντος
1595 5649 1656 5702 τὸ

94 5739 266 5805 χεῖρον
288 5738 394 5790 ἀπὸ
412 5737 505 5790 τοῦ
531 5739 858 5808 κρείττονος,
877 5739 972 5790 καὶ
999 5738 1405 5809 περιαιροῦντος
1436 5740 1504 5792 τὰ
1530 5740 1653 5791 κατ’

97 5828 323 5900 ἔλλειψιν
342 5829 437 5897 τῆς
465 5831 661 5902 ἀρετῆς
683 5832 776 5885 καὶ
807 5832 874 5886 τὰ
904 5831 1024 5885 καθ’
1051 5832 1357 5906 ὑπερϐολὴν
1377 5833 1540 5903 πάθη,
1565 5832 1656 5888 καὶ

1829 2066 2089 2135 [nsipiens
2122 2077 2292 2121 autem
2325 2068 2482 2122 labiis
2512 2068 2717 2138 oblique
2750 2068 2992 2121 incedens
3017 2067 3335 2133 supplanta-

1762 2162 1921 2215 bitur.
1960 2161 2061 2227 Qui
2094 2177 2187 2231 per
2214 2177 2381 2228 Opera
2404 2162 2630 2231 iustitiae
2668 2178 2776 2215 non
2822 2168 3132 2231 perseverat
3167 2159 3332 2213 Deum

1760 2254 2108 2309 confessione
2137 2254 2388 2316 colendo,
2420 2254 2688 2309 inclinans
2739 2254 2792 2307 in
2822 2269 2917 2307 eas
2945 2268 3065 2321 qum
3093 2268 3185 2321 per
3224 2251 3336 2303 vir-

1763 2349 1897 2401 tutis
1945 2346 2219 2401 del'ectum
2275 2358 2404 2401 sunt
2439 2346 2791 2415 cupiditates,
2818 2347 2872 2399 in
2920 2345 3119 2413 quibus
3150 2344 3334 2396 divina

1762 2440 2014 2493 mandata
2050 2456 2155 2493 non
2186 2440 2417 2509 perlicit,
2448 2448 2501 2493 et
2528 2440 2579 2492 in
2607 2454 2700 2493 eas
2728 2454 2849 2508 qua:
2877 2447 3005 2491 sunt
3036 2454 3128 2501 per
3169 2452 3331 2504 exag-

1760 2534 2122 2605 gerationem,
2149 2534 2203 2586 in
2236 2534 2435 2603 quibus
2460 2534 2616 2586 vanis
2651 2533 2831 2586 verbis
2875 2532 3113 2598 scipsum
3161 2529 3333 2583 conﬁ-

1760 2639 1877 2681 tens
1906 2626 2176 2695 superbit,
2209 2634 2484 2679 avertetur
2522 2642 2550 2678 a
2599 2634 2745 2678 recta
2787 2624 2838 2676 in
2884 2622 3049 2676 vitam
3074 2630 3332 2676 aeternam

1761 2717 1967 2773 ferente
1998 2733 2093 2788 per
2124 2720 2375 2771 virtutem
2412 2718 2497 2769 vin
2531 2735 2545 2771 ι
2574 2719 2769 2770 etenim

1831 2811 1990 2865 Vsus.
2031 2812 2084 2864 9.
2124 2810 2228 2876 Qui
2264 2810 2501 2863 ambulat
2530 2809 2858 2875 simpliciter,
2900 2805 3136 2859 antbulat
3174 2804 3335 2870 con/i-

1757 2904 1957 2959 denter.
2000 2901 2102 2969 Qui
2142 2904 2356 2970 quidem
2389 2918 2482 2972 per
2509 2903 2767 2955 virtutem
2802 2902 2907 2954 iter
2954 2899 3191 2954 absolvit
3222 2914 3331 2952 non

1758 2994 2165 3050 dissimulanter
2198 3001 2425 3064 propter
2456 2994 2644 3055 Deum,
2682 3006 2780 3046 nec
2809 3006 2928 3045 eam
2973 2990 3039 3044 ad
3074 2990 3329 3042 multitu-

1758 3087 1905 3142 dinis
1934 3087 2309 3155 deceptiouem
2351 3085 2507 3139 malae
2536 3082 2853 3153 cogitationi
2897 3080 3190 3144 immiscet,
3225 3080 3332 3133 tale

1763 3178 1865 3234 iter
1893 3179 2167 3250 percurrit
2190 3192 2297 3231 non
2326 3176 2626 3231 formidans
2658 3183 2751 3228 aut
2789 3173 3044 3242 przesenti
3094 3181 3337 3242 tempore

1761 3269 2068 3341 hypocrisis
2095 3266 2509 3323 criminationes
2543 3275 2637 3320 aut
2674 3267 2725 3319 iu
2754 3264 3021 3319 futurum.

1832 3383 1937 3449 Qui
1983 3394 2157 3437 autem
2206 3381 2455 3449 depravat
2500 3381 2612 3434 vias
2660 3397 2809 3443 suas,
2850 3376 3165 3447 manifestus
3212 3378 3332 3431 erit.

1761 3473 1864 3541 Qui
1892 3483 2070 3528 autem
2104 3490 2132 3527 a
2172 3474 2400 3528 veritate
2432 3473 2484 3527 in
2526 3472 2871 3527 mendacium
2915 3487 3045 3526 suas
3088 3474 3335 3525 actiones

1758 3564 2053 3629 Convertit,
2121 3572 2177 3618 ut
2218 3564 2423 3618 dictum
2467 3576 2573 3626 est,
2632 3561 3007 3626 convincetur,
3055 3561 3101 3615 si
3152 3561 3333 3615 minus

1760 3658 2009 3726 praesenti
2034 3658 2315 3723 smculo,at
2336 3664 2482 3713 certe
2500 3657 2680 3711 futuro
2710 3654 3082 3709 tndubitanter
3106 3671 3121 3721 ;
3141 3670 3334 3725 quam-

1755 3752 1944 3805 obrern

1828 3864 1992 3918 Vens.
2050 3864 2133 3917 10.
2188 3863 2291 3929 Qui
2333 3865 2518 3917 annuit
2563 3865 2729 3918 oculis
2768 3882 2884 3919 cum
2913 3864 3058 3930 dolo,
3130 3863 3332 3933 colligit

1757 3955 2049 4009 hominibus
2082 3956 2349 4009 tristitias.
2393 3953 2497 4021 Qui
2520 3955 2662 4009 enim
2699 3956 3154 4027 contemplativas
3186 3959 3329 4010 vires

1760 4048 1966 4100 habens
1994 4047 2192 4099 malum
2231 4047 2576 4117 aspicientes,
2612 4047 2902 4103 inuuentes
2944 4058 3119 4101 autem
3155 4048 3217 4099 ad
3260 4046 3336 4099 si-

1758 4140 2021 4192 mulatum
2068 4139 2287 4193 virtutis
2344 4154 2570 4201 morem,
2619 4139 2826 4193 homini
2890 4148 3002 4192 tum
3062 4138 3329 4201 interiori,

1766 4240 1878 4283 tum
1957 4228 2209 4283 exteriori
2285 4242 2486 4282 vacuos
2572 4228 2786 4283 labores
2867 4229 3121 4299 colligit;
3213 4243 3316 4280 cor-

1759 4337 1889 4392 pore
1941 4322 2085 4375 enim
2148 4320 2634 4389 impraesentiarum
2688 4321 2834 4374 circa
2914 4321 3168 4374 virtutem
3224 4336 3330 4372 non

1758 4402 1983 4483 propter
2030 4411 2195 4465 Deum
2253 4412 2534 4475 laborans,
2588 4412 2767 4464 anima
2824 4426 2955 4464 vero
3028 4412 3079 4463 in
3146 4409 3329 4463 futuro

1758 4514 1959 4560 aeterne
2003 4513 2252 4570 vexatus,
2298 4506 2428 4577 quia
2487 4508 2688 4559 virtute
2737 4503 2917 4572 quoad
2945 4504 3194 4557 allectum
3244 4504 3330 4557 in-

1679 4579 1733 4639 D
1761 4597 1929 4667 digct.

1833 4712 1937 4778 Qui
1964 4722 2140 4765 autem
2164 4712 2423 4779 vituperat
2451 4728 2570 4765 cum
2596 4712 2917 4772 sinceritate.
2946 4726 3129 4779 pacem
3175 4708 3325 4779 facit.

1757 4803 1914 4869 Quod
1955 4814 2135 4859 autem
2171 4805 2469 4858 secundum
2508 4806 2899 4859 conscientiam
2934 4805 3130 4858 animae
3161 4804 3328 4859 libere

1758 4897 1998 4952 declarat
2032 4898 2083 4949 in
2113 4896 2319 4965 Spiritu
2352 4904 2542 4950 sancto
2567 4888 2875 4966 hypocrisis
2903 4897 3104 4951 malum
3133 4905 3187 4950 et
3209 4897 3325 4949 ina-

1758 4991 2007 5049 nitatem.
2048 4989 2274 5043 verlmm
2333 4986 2448 5052 Dei,
2502 4988 2696 5042 liberat
2748 5003 2869 5043 eam
2918 4989 3010 5043 illa
3047 5005 3168 5059 quae
3206 5004 3325 5041 eam

1760 5082 2015 5136 molestat
2042 5089 2096 5136 et
2129 5081 2197 5134 ad
2235 5079 2400 5134 Deum
2432 5089 2485 5136 et
2528 5081 2592 5135 ad
2636 5097 2877 5145 carnem,
2912 5083 3053 5136 mala
3094 5083 3327 5152 disposi-

1757 5174 1926 5228 tione.

1832 5285 2000 5342 Vans.
2035 5286 2119 5339 ll.
2160 5283 2299 5339 Vena
2331 5288 2448 5340 vita:
2473 5286 2526 5339 in
2567 5302 2727 5339 manu
2750 5285 2908 5354 justi.
2945 5285 3143 5341 Rector
3178 5286 3323 5340 enim

1757 5378 1882 5431 vitae
1916 5376 2154 5446 Spiritus
2190 5384 2432 5440 sanctus,
2482 5374 2784 5432 secundum
2831 5386 3079 5431 naturam
3105 5377 3324 5446 quidem

1758 5469 2057 5538 aequiescit
2089 5468 2159 5536 iul
2188 5468 2322 5538 justi
2373 5468 2727 5538 omnipotenti
2776 5468 3015 5530 virtute,
3057 5479 3112 5521 et
3155 5470 3208 5521 in
3261 5484 3326 5523 eo

1757 5561 1849 5628 qui
1881 5560 2053 5630 diligit
2086 5560 2351 5628 justitias,
2389 5561 2616 5613 Domino
2643 5562 3029 5615 universorum
3056 5560 3198 5627 Deo;
3230 5577 3328 5631 per

1757 5651 1985 5720 gratiam
2017 5662 2197 5705 autem
2256 5651 2446 5721 agendi
2496 5651 2733 5705 cllieacia
2768 5650 2823 5704 in
2867 5666 2932 5705 eo
2983 5651 3075 5721 qui
3121 5652 3326 5721 pcjusa

1762 5743 1984 5798 meliore
2005 5744 2270 5799 discernit
2297 5752 2351 5799 et
2380 5745 2705 5809 cupiditates
2748 5745 3054 5798 secundum
3104 5747 3324 5799 virtutis

1759 5835 2028 5891 defectum
2066 5848 2118 5893 et
2159 5839 2628 5908 exaggerationem
2682 5836 2905 5901 adimit,
2939 5845 3001 5903 ,ει
3043 5837 3179 5892 bene
3216 5836 3322 5904 agit
