4034 6502
614 367 750 433 1315

1934 362 2287 429 PROCOPII
2344 366 2589 427 ΟΛΖᾸΞΙ

3747 372 3884 439 1316

610 497 866 551 semper;
910 480 1006 552 qui
1044 488 1223 535 autem
1268 479 1431 538 habet
1477 494 1574 550 per
1604 488 1858 535 naturam
1902 479 1963 534 in
2005 480 2189 549 seipso

2294 474 2350 533 εὖ
2385 481 2662 545 ποιοῦντος
2697 481 2823 537 ἀεί’
2860 481 2889 535 ὁ
2926 483 3027 553 μὲν
3056 482 3197 554 ἔχων
3238 483 3379 539 κατὰ
3418 484 3581 555 φύσιν
3615 490 3677 541 ἐν
3708 489 3888 557 ἑαυτῷ

600 576 982 646 'quicscentem
1058 575 1182 627 vitae
1250 584 1518 628 rectorem
1574 573 1842 643 Spiritum
1909 580 2184 635 sanctum,

616 672 756 723 Deus
786 667 1050 730 Verbum,
1097 667 1453 721 credentibus
1499 666 1553 720 in
1612 682 1673 721 se
1712 667 1878 721 vitam
1923 675 2186 719 aaternam

611 760 863 829 largitur.

685 852 758 906 Os
802 863 977 907 autem
1024 853 1172 919 impii
1234 852 1427 919 aperiet
1472 851 1765 905 interitum.
1807 848 2187 905 Peruiciosnm

612 956 793 999 autem
848 947 1138 1000 COﬂSlllUlll
1196 961 1301 1000 non
1359 946 1590 999 cotentis
1655 944 1843 1008 Deum,
1890 944 2189 998 inventm-is

613 1038 983 1107 improbitatis
1014 1038 1255 1091 dessruet
1281 1054 1309 1091 a
1343 1052 1473 1090 vero
1503 1038 1645 1089 bono
1677 1044 1865 1089 nostra
1888 1034 2187 1105 prolapsio.

614 1132 967 1185 conscientiae
1022 1132 1467 1200 reprehensione.
1540 1129 1791 1196 Quandiu
1873 1131 2019 1184 enim
2090 1144 2190 1183 nos

614 1232 1047 1277 momentaneam
1092 1222 1330 1275 laetitiam
1357 1230 1410 1275 et
1438 1223 1697 1275 caducam
1730 1219 1959 1289 gloriam
1986 1219 2185 1272 bonum

614 1328 955 1387 reputamus,
991 1316 1195 1370 dictum
1238 1315 1531 1370 consilium
1568 1327 1674 1367 non
1718 1312 2016 1374 evanescit,
2057 1310 2189 1364 falsa

612 1418 803 1465 nostra
855 1408 922 1462 de
961 1409 1107 1463 bono
1145 1408 1402 1477 opinione
1449 1406 1765 1477 expeditum
1805 1406 1905 1458 iter
1933 1404 2140 1458 habens
2173 1421 2187 1469 ;

612 1516 677 1555 ex
728 1518 793 1555 eo
828 1510 1012 1554 autem
1053 1500 1199 1570 quod
1249 1499 1535 1553 inveniunt
1570 1498 1661 1566 qui
1699 1498 1774 1551 illi
1818 1497 2084 1551 obediunt
2132 1494 2192 1548 li-

614 1610 737 1647 nem
782 1594 980 1648 lmtitia:
1005 1593 1306 1647 secundum
1331 1608 1529 1647 sensus
1562 1592 1830 1654 dolorem,
1858 1599 1913 1645 et
1952 1589 2193 1660 fugitiva:

615 1690 800 1759 gloriae
831 1690 1108 1754 dedecus;
1156 1698 1209 1741 et
1233 1690 1359 1758 quia
1392 1698 1613 1757 propter
1659 1687 1767 1741 veri
1818 1686 1939 1739 boui
1994 1684 2193 1740 exinde

614 1785 964 1838 amissionem
1026 1799 1133 1836 non
1187 1781 1299 1852 jam
1369 1781 1501 1835 illud
1567 1780 1858 1849 recipiunt,
1914 1780 2192 1833 evanescit

614 1876 721 1929 tale
752 1876 1067 1938 consilium,
1107 1890 1208 1929 nou
1242 1874 1451 1929 habens
1486 1874 1553 1928 de
1581 1883 1777 1927 caetero
1804 1872 2101 1927 ellicaciain
2137 1872 2189 1926 in

614 1971 702 2036 iis,
731 1971 820 2040 qui
854 1969 982 2023 illud
1010 1970 1121 2038 jam
1158 1984 1265 2023 non
1295 1969 1607 2022 admittunt.

686 2168 848 2223 Vens.
900 2168 985 2223 ιε.
1024 2167 1219 2223 Odium
1266 2168 1490 2221 suscitat
1548 2168 1716 2221 rixas.
1750 2166 1817 2220 Et
1863 2166 2191 2222 inimicitias

609 2262 828 2333 quidem
878 2264 1073 2315 anima:
1127 2263 1179 2316 in
1216 2276 1434 2316 carnem
1478 2273 1536 2315 ut
1588 2262 1948 2326 insidiosam,
2010 2277 2189 2330 pugna

610 2352 747 2422 legis
806 2353 987 2407 carnis
1040 2351 1302 2407 adversus
1359 2352 1529 2421 legem
1586 2352 1833 2422 spiritus,
1884 2352 2187 2407 secundum

608 2447 853 2501 laetitiam
884 2458 938 2501 et
970 2446 1239 2509 dolorem,
1272 2445 1526 2500 suscitat.

683 2562 879 2617 Omnes
931 2569 1105 2613 autem
1153 2576 1257 2613 non
1312 2561 1543 2613 rixantes
1600 2561 1796 2628 aperiet
1839 2560 2187 2627 (amicitia).

609 2654 817 2709 Omnes
850 2665 1031 2707 autem
1066 2653 1158 2722 qui
1207 2653 1507 2707 secundum
1548 2654 1812 2706 rationem
1843 2654 2037 2707 :mima:
2067 2669 2191 2706 ear-

610 2764 732 2801 nem
768 2747 1069 2814 subjiciunt
1099 2756 1151 2800 et
1189 2746 1270 2801 eis
1319 2745 1522 2815 aliquid
1580 2761 1684 2799 non
1724 2746 1944 2815 litigiosi
1998 2748 2191 2815 acqui-

610 2852 771 2903 runt.
825 2842 955 2896 dum
1010 2841 1279 2911 cujusque
1339 2841 1515 2894 anima
1572 2856 1603 2894 a
1657 2856 1824 2895 carne
1873 2842 1937 2895 ad
1985 2846 2189 2912 Optima

610 2933 925 3003 adjuvatur,
965 2949 1094 2985 caro
1124 2940 1305 2985 autem
1342 2932 1703 2985 conveniente
1744 2948 1874 2987 cura
1910 2935 1977 2986 ab
2009 2935 2187 2987 anima

610 3025 1005 3085 circumdatur,
1044 3025 1225 3078 divina
1269 3026 1477 3095 operiet
1516 3025 1777 3088 rharitas,
1812 3034 1867 3079 et
1901 3026 2189 3080 abscondi-

609 3127 718 3172 tam
761 3117 816 3172 in
842 3118 1063 3173 Christo
1096 3119 1281 3171 vivent
1312 3118 1500 3171 vitam.

682 3313 851 3368 Vens.
888 3313 974 3368 15.
1014 3313 1118 3380 Qui
1150 3328 1214 3367 ex
1243 3312 1396 3366 labiis
1423 3312 1650 3378 proferet
1680 3314 2019 3382 sapientiam,
2047 3316 2193 3385 virga

608 3410 861 3478 percutiet
916 3406 1175 3459 hominem
1200 3405 1356 3459 corde
1400 3405 1734 3476 indigentem.
1774 3404 1824 3461 is
1877 3423 2072 3477 nempe
2100 3410 2195 3479 qui

608 3517 705 3558 ore
757 3502 1001 3557 divimnn
1054 3502 1277 3555 verbum
1326 3504 1635 3565 annuntiat,
1697 3516 1781 3564 eo,
1844 3512 1902 3556 ut
1959 3504 2193 3573 quadam

611 3596 786 3665 virga,
837 3594 1091 3649 verberat
1124 3594 1422 3648 secundum
1456 3594 1852 3649 conscientiam
1899 3595 2050 3649 illum
2100 3597 2194 3668 qui

610 3687 676 3741 ad
704 3686 905 3739 bonum
936 3701 1039 3739 nou
1081 3683 1323 3754 possidet
1364 3686 1559 3739 anima:
1599 3687 1871 3740 ardorem.

680 3800 846 3855 Vens.
887 3801 972 3854 Η.
1000 3799 1274 3868 Sapientes
1307 3798 1625 3853 abscunaent
1662 3802 1964 3856 scientiam.
2008 3801 2074 3856 Et
2100 3803 2191 3872 qui

609 3892 703 3947 hei
754 3892 981 3946 verbum
1018 3893 1070 3945 in
1103 3902 1298 3946 Sancto
1338 3890 1547 3961 Spiritu
1600 3890 1904 3947 secundum
1958 3894 2190 3963 gratiam

609 3989 662 4041 in
700 4002 760 4041 se
794 3996 1138 4054 receperunt,
1172 3985 1447 4054 repellunt
1489 3986 1831 4040 sensibilium
1867 3988 2190 4051 scientiam;

607 4079 939 4148 cogitatione
968 4086 1150 4131 autem
1190 4077 1256 4130 iis
1286 4091 1408 4145 qua:
1434 4086 1563 4131 sunt
1593 4094 1757 4146 supra
1797 4094 1992 4134 sensus
2013 4096 2195 4135 assue-

608 4171 761 4235 facti,
787 4171 1127 4241 spiritualetn
1156 4185 1346 4223 eorum
1372 4171 1672 4225 secundum
1705 4169 1978 4227 efficacem
2007 4175 2194 4243 cogni-

607 4266 808 4317 tionem
853 4264 1129 4333 acripiunt
1168 4264 1477 4319 scientiam.

678 4375 749 4432 Os
783 4387 958 4430 autem
981 4378 1132 4430 stulti
1161 4377 1465 4445 proximum
1504 4387 1581 4430 est
1614 4375 1935 4445 confusioni.
1972 4375 2191 4431 Doctri-

604 4484 673 4523 na
706 4480 889 4523 autem
926 4470 1074 4534 boui,
1134 4485 1231 4539 pro
1269 4470 1391 4539 ejus
1424 4468 1836 4538 adimplctioue,
1896 4470 2187 4540 perditioni

2287 570 2702 642 ἀναπαυόμενον
2736 573 2796 625 τὸ
2815 572 2959 642 ζωῆς
2990 575 3227 646 χορηγὸν
3262 577 3491 646 Πνεῦμα
3536 578 3694 645 ᾶγιον
3753 577 3890 642 Θεὸς

2289 662 2485 731 Λόγος,
2553 665 2700 735 ζωὴν
2758 665 2975 719 αἰώνιον
3035 668 3289 738 δωρεῖται
3352 672 3467 732 τοῖς
3536 669 3889 724 πιστεύουσιν

2290 772 2462 824 αυτῳ.

2360 849 2557 917 Στόμα
2584 846 2651 901 δὲ
2717 849 2977 916 ἀσεϐοῦς
3047 852 3306 921 καλύψει
3347 852 3678 907 ἀπώλειαν.
3710 836 3890 923 τὴνδ’

2297 942 2521 1014 ὀλεθρον
2553 942 2838 1015 ὑποθήκην
2859 943 2955 1003 τοῦ
2978 944 3051 1014 μὴ
3075 944 3344 1013 τιμῶντος
3370 946 3505 998 Θεὸν
3536 947 3765 1016 εὑρετοῦ
3788 948 3882 1016 τῆς

2291 1035 2511 1099 κακίας,
2564 1034 2816 1102 ἀφανίσει
2864 1036 2897 1104 ἠ
2955 1036 3065 1088 ἀπὸ
3110 1034 3206 1088 τοῦ
3261 1036 3433 1099 ὅντως
3500 1036 3670 1089 καλοῦ
3726 1038 3886 1107 ἡμῶν

2293 1127 2586 1192 ἔκπτωσις,
2615 1127 2694 1196 τῷ
2733 1128 2942 1200 ἐλέγχῳ
2981 1128 3079 1182 τοῦ
3138 1129 3475 1193 συνειδότος’
3528 1130 3636 1193 ἕως
3684 1131 3801 1201 γὰρ
3828 1132 3886 1184 ἄν

2293 1220 2458 1289 ἡμεῖς
2517 1217 2615 1287 τὴν
2663 1219 3003 1289 πρόσκαιρον
3056 1218 3251 1290 ἡδονὴν
3310 1221 3406 1272 καὶ
3460 1220 3561 1290 τὴν
3618 1222 3881 1292 ἐπίκηρον

2293 1308 2469 1375 δόξαν,
2496 1307 2701 1375 ἀγαθὸν
2728 1308 3079 1379 λογιζόμεθα,
3122 1312 3155 1381 ἡ
3197 1310 3467 1381 εἰρημένη
3506 1312 3761 1380 ὑποθήκη
3796 1313 3875 1365 οὐκ

2293 1400 2639 1471 ἀμαυροῦται
2660 1416 2673 1430 '
2704 1403 2771 1471 τῇ
2792 1401 2981 1471 ψευδεῖ
3013 1402 3175 1473 ἡμῶν
3210 1408 3335 1473 περὶ
3364 1406 3460 1458 τοῦ
3486 1404 3701 1472 ἀγαθοῦ
3738 1404 3873 1476 δόξῃ,

2290 1490 2352 1545 τὸ
2378 1492 2605 1561 εὑεργὸν
2635 1492 2833 1563 ἔχουσα
2854 1510 2867 1524 ⁸
2904 1496 2966 1548 ἐκ
2995 1495 3052 1547 δὲ
3095 1496 3191 1549 τοῦ
3235 1497 3511 1567 εὑρίσκειν
3538 1498 3669 1559 τοὺς
3702 1497 3877 1549 πειθο-

2296 1585 2489 1657 μένους
2522 1589 2658 1658 αὑτῇ
2692 1588 2845 1651 τέλος
2866 1589 2968 1658 τῆς
3000 1590 3098 1658 μὲν
3132 1592 3251 1643 κατ’
3285 1591 3541 1660 αἴσθησιν
3570 1592 3772 1660 ἡδονῆς
3792 1592 3879 1659 τὴν

2293 1676 2507 1747 ὀδύνην,
2542 1678 2641 1746 τῆς
2668 1676 2713 1730 δ’
2761 1680 3031 1748 ὲπικήρου
3061 1680 3220 1749 δόξης
3256 1681 3355 1751 τὴν
3383 1681 3611 1751 ἀτιμίαν
3630 1694 3647 1707 ⁶
3685 1682 3779 1734 καὶ
3804 1682 3881 1735 διὲι

2294 1770 2354 1824 τὸ
2388 1769 2641 1823 ἐντεῦθεν
2693 1771 2789 1823 τοῦ
2836 1772 3007 1835 ὅντως
3049 1771 3218 1826 καλοῦ
3262 1774 3635 1843 ἁμαρτάνειν,
3687 1776 3879 1843 μηκέτι

2293 1863 2697 1933 παραδέχεσθαι
2720 1864 2913 1935 αὑτὴν,
2944 1864 3273 1933 ἀφανίζεται
3300 1866 3333 1935 ἡ
3360 1865 3589 1935 τοιαύτη
3614 1868 3875 1938 ὑποθήκη,

2296 1955 2371 2025 μὴ
2401 1955 2598 2026 ἔχουσα
2632 1956 2727 2009 τοῦ
2760 1956 2953 2011 λοιποῦ
2993 1958 3054 2010 τὸ
3089 1958 3337 2029 ἐνεργὸν,
3370 1958 3430 2010 ὲν
3460 1961 3578 2021 τοῖς
3611 1960 3688 2029 μὴ
3710 1978 3875 2030 παραρ

2291 2046 2602 2117 δεχομένοις
2629 2050 2821 2120 αὑτήν.

2365 2161 2452 2232 ιβ’.
2477 2162 2669 2230 Μῖσος
2695 2163 2907 2233 ἐγείρει
2945 2164 3165 2231 νεῖκος.
3224 2166 3336 2218 Καὶ
3390 2165 3600 2236 ἔχθραν
3645 2168 3742 2236 μὲν
3772 2169 3861 2235 τῆς

2290 2253 2471 2324 ψυχῆς
2489 2255 2631 2307 κατά
2658 2255 2757 2323 τῆς
2793 2256 3016 2326 σαρκὸς,
3037 2256 3112 2320 ὼς
3127 2257 3440 2323 ἐπιϐούλου,
3478 2258 3771 2328 διανίστησι
3801 2263 3851 2313 τὸ

2291 2344 2805 2416 ἀντιστρατεύεσθαι
2828 2347 2905 2416 τῷ
2938 2348 3086 2418 νόμῳ
3112 2347 3206 2401 τοῦ
3242 2350 3383 2414 νοὸς,
3416 2349 3541 2403 καθ’
3572 2351 3751 2421 ἡδονὴν
3776 2353 3858 2404 καί

2291 2435 2506 2506 ὀδύνην,
2542 2438 2633 2491 τὸν
2661 2438 2761 2509 τῆς
2790 2439 2993 2511 σαρκὸς
3025 2440 3210 2510 νόμον.

2362 2549 2600 2616 Πάντας
2632 2549 2701 2603 δὲ
2739 2552 2883 2619 τοὺς
2927 2551 3014 2622 μὴ
3068 2554 3583 2622 φιλονεικοῦντας
3631 2558 3867 2625 καλύψει

2294 2646 2533 2717 (φιλία).
2570 2647 2850 2711 Ἀπαντας
2868 2648 2924 2701 δὲ
2946 2649 3074 2712 τοὺς
3107 2649 3249 2701 κατὰ
3286 2648 3445 2717 λόγον
3480 2651 3869 2713 ὑποτάσσοντις

2290 2742 2357 2810 τῇ
2385 2738 2529 2811 ψυχῇ
2563 2739 2663 2810 τὴν
2696 2741 2897 2811 σάρκα,
2923 2744 3018 2795 καὶ
3047 2744 3545 2815 περιποιουμένους
3578 2745 3801 2805 ταύταις
3824 2746 3871 2796 τὸ

2290 2831 2523 2902 ἄμαχον,
2565 2834 2623 2885 ὲν
2646 2832 2726 2903 τῷ
2762 2833 2997 2887 ἑκάστου
3032 2834 3130 2906 τὴν
3160 2838 3259 2905 μὲν
3285 2836 3465 2908 ψυχὴν
3492 2836 3871 2905 συνεργεῖσθαι

2292 2926 2443 2996 παρὰ
2504 2926 2606 2995 τῆς
2664 2928 2867 2996 σαρκὸς
2899 2928 3036 2999 πρὸς
3064 2930 3135 2981 τὰ
3162 2930 3449 2989 κάλλιστα,
3486 2931 3590 2999 τὴν
3624 2930 3681 2983 δὲ
3719 2931 3875 2996 σάρκα

2288 3018 2387 3086 τῆς
2404 3017 2785 3090 προσηκούσης
2802 3020 3081 3087 ἀξιοῦσθαι
3107 3022 3261 3090 παρὰ
3282 3022 3380 3091 τῆς
3401 3022 3586 3093 ψυχῆς
3606 3022 3873 3091 προνοίας,

2292 3106 2411 3160 θεία
2435 3108 2632 3178 κρύψει
2659 3110 2869 3179 ἀγάπη,
2901 3114 3042 3164 κατὰ
3090 3114 3152 3165 τὸ
3193 3112 3292 3183 ζῇν
3318 3113 3518 3173 αὐτοὺς
3540 3113 3645 3183 τὴν
3666 3114 3725 3165 ὲν
3753 3113 3877 3184 Χρι⁹

2224 3182 2265 3240 C
2302 3198 2412 3269 στῷ
2436 3202 2832 3273 κεκρυμμένην
2864 3202 3033 3273 ζωήν.

2374 3309 2462 3380 ιγ’.
2502 3314 2606 3378 Ὃς
2657 3312 2725 3366 ἐκ
2770 3314 3023 3383 χειλέων
3077 3314 3357 3385 προφέρει
3414 3319 3667 3386 σοφίαν,
3691 3316 3878 3385 ῥάϐδῳ

2299 3405 2505 3459 τύπτει
2534 3406 2723 3474 ἄνδρα
2750 3407 3056 3476 ἀκάρδιον.
3090 3410 3207 3477 Ἀφ’
3235 3404 3309 3463 ὧν
3329 3413 3357 3464 ό
3379 3411 3466 3463 διὰ
3498 3412 3769 3481 στόματος
3797 3411 3878 3463 τὸν

2301 3496 2443 3549 θεῖον
2473 3497 2632 3567 λόγον
2658 3500 3064 3569 καταγγέλλων,
3090 3502 3313 3572 πλήττει
3346 3503 3391 3556 δ’
3428 3503 3599 3557 αὑτοῦ
3633 3505 3722 3557 διά
3748 3521 3877 3565 τινος

2299 3587 2497 3658 ρἀδου
2532 3588 2677 3642 κατά
2709 3591 2770 3643 τὸ
2794 3591 3053 3658 συνειδὸς,
3081 3594 3172 3647 τὸν
3191 3594 3267 3666 μὴ
3297 3594 3427 3667 περὶ
3454 3596 3514 3649 τὸ
3539 3595 3742 3665 ἀγαθὸν
3763 3596 3874 3664 θέρε

2300 3699 2409 3753 μην
2435 3680 2616 3753 ψυχῆς
2631 3699 2804 3756 κεκτη
2814 3685 2994 3755 μένον.

2373 3793 2454 3849 ιδ’.
2484 3797 2669 3866 Σοφοὶ
2712 3800 3062 3866 κρύψουσιν
3096 3800 3413 3868 αἴσθησιν.
3449 3803 3561 3855 Καὶ
3592 3804 3641 3854 οἱ
3675 3803 3770 3871 μὲν
3794 3801 3871 3853 τὸν

2294 3886 2389 3940 τοῦ
2407 3887 2539 3941 Θεοῦ
2564 3888 2724 3957 λόγον
2756 3894 2812 3943 ὲν
2839 3892 2981 3960 ἁγίῳ
3005 3893 3285 3962 Πνεύματι
3332 3895 3477 3947 κατὰ
3499 3895 3659 3963 χάριν
3682 3897 3870 3963 κτησὰ-

2298 3997 2448 4050 μενοι
2488 3980 2719 4043 ἕνοικον,
2749 3983 3133 4037 συστέλλουσιν
3184 3986 3295 4038 ἀπὸ
3322 3986 3432 4038 τῶν
3462 3986 3738 4056 αἰσθητῶν
3782 3987 3870 4055 τὴν

2292 4074 2581 4146 αἴσθησιν⁸
2634 4077 2776 4130 κατά
2806 4076 3050 4130 διάνοιάν
3103 4095 3163 4131 τε
3219 4079 3742 4149 ὲμφυλοχωροῦντες
3773 4083 3869 4138 τοῖς

2294 4166 2435 4239 ὑπὲρ
2475 4168 2750 4236 αἴσθησιν,
2814 4171 2908 4224 καὶ
2953 4171 3149 4242 νοεράν
3170 4172 3378 4226 τούτων
3413 4176 3535 4226 κατ’
3569 4173 3868 4244 ἔμπρακτον

2292 4260 2493 4329 γνῶσιν
2525 4261 2889 4331 λαμϐάνοντες
2911 4263 3182 4334 αἴσθησιν.

2362 4376 2557 4444 Στόμα
2586 4374 2654 4428 δὲ
2703 4378 3042 4444 προπετοῦς
3071 4377 3281 4447 ἐγγίζει
3356 4378 3673 4445 σοντι-(σῇ.
3728 4378 3861 4431 «1:6:—

2294 4466 2490 4518 σκαλία
2527 4466 2583 4519 δὲ
2644 4467 2738 4520 τοῦ
2788 4467 3021 4536 ἀγαθοῦ,
3065 4471 3167 4539 πρὸ
3221 4473 3320 4539 τῆς
3375 4470 3567 4522 τούτου
3613 4470 3859 4540 πράξεως.

607 4564 852 4634 proxima
898 4572 1015 4628 est;
1048 4577 1215 4631 opera
1259 4561 1405 4616 enim
1433 4561 1617 4616 verbis
1647 4562 1898 4631 opposita
1960 4575 2025 4615 ea
2053 4561 2189 4617 sub-

2296 4559 2585 4627 πλησιάζει
2617 4560 2889 4632 διαφθορᾷ
2909 4578 2923 4592 ⁸
2957 4557 3048 4615 οἷα
3078 4563 3186 4615 τῶν
3229 4563 3406 4632 ἔργων
3428 4563 3860 4631 ἀντικαθισταμέ-

603 4664 817 4709 vertere
846 4663 1135 4708 conantur.

681 4766 843 4822 Vens.
892 4767 979 4821 l5.
1014 4766 1330 4821 Substantia
1380 4767 1601 4820 divitum
1656 4766 1781 4819 urbs
1837 4766 2010 4831 fortis.
2047 4764 2191 4821 Sub-

604 4861 809 4915 stantia
849 4862 993 4913 erum
1027 4875 1218 4914 eorum
1254 4864 1345 4928 qui
1378 4876 1473 4930 per
1529 4861 1944 4931 intelligentiam
2011 4862 2188 4931 possi-

604 4954 733 5005 dent
776 4951 1091 5016 spirituales
1143 4951 1383 5016 divitias,
1417 4953 1599 5006 anima
1656 4959 1741 5007 est
1775 4967 1915 5022 pane.
1972 4952 2185 5006 caelesti

602 5060 722 5097 eam
744 5043 1031 5097 roborante
1058 5058 1165 5097 non
1199 5044 1470 5112 indigens,
1495 5056 1548 5098 et
1576 5046 1961 5100 mandatorum
1984 5048 2188 5099 cultrix

604 5151 727 5206 qua:
770 5136 941 5205 ipsam
978 5141 1218 5199 servant,
1262 5135 1701 5204 intelligibilibus
1741 5136 1994 5191 hostibus
2033 5139 2188 5191 inex-

603 5230 977 5300 pugnabilem.
1000 5238 1055 5283 et
1086 5228 1387 5282 virtutibus
1420 5229 1705 5282 nnmitam.

675 5336 932 5402 Confusia
982 5350 1156 5392 autent
1205 5340 1487 5408 impiorum
1536 5350 1758 5411 egestas.
1803 5340 1967 5396 Pinna
2006 5353 2187 5397 autem

604 5438 687 5484 est
725 5446 914 5484 eorum
957 5436 1047 5501 qni
1084 5435 1251 5487 Deum
1293 5450 1400 5487 non
1436 5436 1625 5488 colunt
1656 5438 1889 5505 privatio
1934 5438 2187 5491 absoluta

606 5524 911 5593 spiritualis
939 5542 1034 5597 per
1076 5529 1597 5597 contemplationem
1632 5532 1781 5584 verbi
1828 5547 1975 5597 esus,
1998 5541 2052 5585 et
2080 5532 2191 5586 vir-

606 5625 786 5669 tutum
817 5618 1265 5671 vestimentorntn
1293 5636 1308 5684 ;
1338 5635 1461 5689 qua:
1516 5621 1750 5675 Vt‘SllUlll
1794 5638 1944 5677 inore
1977 5625 2191 5679 animas

611 5720 639 5758 a
667 5707 1027 5774 cupiditatum
1069 5718 1392 5780 tempestate
1422 5711 1744 5768 defendunt.

689 5818 847 5877 Vsus.
888 5820 973 5878 16.
1030 5820 1201 5891 Opera
1238 5824 1509 5893 justorum
1563 5829 1722 5880 vitam
1776 5827 2002 5894 faciunt.
2048 5828 2185 5893 Quia

2294 4670 2401 4706 νων
2424 4656 2534 4716 τοῖς
2566 4653 2768 4722 λόγοις,
2790 4654 3015 4718 τούτους
3054 4655 3386 4726 ἀνατρέπειν
3435 4656 3858 4727 ἐπιχειρούντων.

2374 4770 2456 4825 ιε’.
2489 4770 2714 4837 Κτῆσις
2737 4772 3076 4837 πλουσίων,
3100 4774 3279 4839 πόλις
3299 4772 3510 4841 ὀχυρά.
3538 4774 3649 4828 Καὶ
3666 4790 3859 4843 περιουο

2294 4865 2385 4917 σία
2414 4864 2513 4933 μὲν
2538 4863 2648 4916 τῶν
2671 4865 3034 4934 κτησαμένων
3084 4864 3315 4918 πλοῦτον
3346 4867 3723 4936 πνευματικὸν
3745 4866 3860 4919 κιτὰ

2292 4956 2516 5024 γνῶσιν,
2542 4955 2689 5026 ψυχή
2732 4957 2884 5010 ἐστιν
2934 4957 3191 5027 ἀνενδεὴς
3223 4974 3281 5010 τε
3318 4957 3411 5011 τοῦ
3454 4959 3661 5029 ταύτης
3694 4958 3856 5027 πηρὶο

2292 5044 2477 5112 ζοντος
2526 5047 2778 5115 οὐρανίου
2835 5048 3025 5118 ἄρτου,
3064 5052 3157 5102 καὶ
3223 5049 3401 5117 φύλαξ
3451 5052 3561 5102 τῶν
3606 5050 3858 5123 τηρουσιῖνι

2292 5140 2461 5211 αὑτὴν
2493 5140 2721 5193 ἐντολῶν
2751 5139 2939 5202 αὑτοῦ,
2970 5142 3249 5195 ἀνάλωτον
3276 5146 3385 5206 τοῖς
3410 5149 3627 5214 νοητοῖς
3646 5144 3855 5215 ἐχθροῖς.

2293 5234 2387 5286 καὶ
2422 5250 2487 5285 πε
2499 5232 2918 5303 ριπεφραγμένη
2946 5235 3067 5296 ταῖς
3090 5234 3334 5303 ἀρεταῖς.

2364 5344 2655 5414 Συντριόἱι
2684 5344 2753 5397 δὲ
2812 5344 3071 5410 ἀσεϐῶν,
3130 5347 3327 5400 πενία.
3358 5347 3615 5417 Τιμωρία
3670 5348 3725 5401 δέ
3755 5348 3849 5398 ἐστι

2292 5438 2400 5491 τῶν
2437 5439 2510 5509 μὴ
2536 5438 2822 5505 τιμώντων
2845 5438 3002 5502 Θεὸν,
3037 5440 3297 5511 στέρησις
3319 5440 3587 5510 παντελὴς
3617 5442 3713 5509 τῆς
3737 5437 3850 5491 κατὰ

2294 5530 2527 5601 θεωρίαν
2551 5531 2930 5601 πνευματικῆς
2960 5531 3053 5585 τοῦ
3104 5532 3265 5600 λόγου
3324 5532 3606 5603 βρώσεως,
3648 5534 3736 5585 καὶ
3770 5531 3848 5595 τῆς

2294 5623 2587 5693 περιϐολῆς
2616 5625 2726 5675 τῶν
2764 5624 2976 5694 ἀρετῶν
2999 5639 3013 5653 ”
3064 5625 3098 5695 ἦ
3148 5643 3232 5688 τις
3262 5625 3419 5695 δίκην
3472 5626 3698 5695 ἱματίων
3724 5641 3808 5695 περ
3834 5651 3845 5659 -

2296 5718 2553 5785 φυλάττει
2584 5718 2691 5769 ἀπὸ
2723 5719 2817 5771 τοῦ
2871 5718 3142 5789 χειμῶνος
3172 5719 3279 5771 τῶν
3318 5720 3508 5773 παθιῖιν
3537 5723 3629 5783 τὰς
3677 5720 3802 5787 ψυχά
3831 5753 3842 5764 .

2375 5836 2470 5893 ις’.
2518 5831 2700 5899 Ἔργα
2755 5830 3026 5897 δικαίων,
3086 5828 3240 5900 ζωὴν
3279 5832 3459 5886 ποιεῖ.
3527 5834 3739 5901 Ὀτιπερ
3799 5830 3842 5877 1i
