3902 6508
58 375 233 443 1317
1119 375 1648 439 COMMENTARII
1688 374 1771 436 IN
1806 373 2260 435 PROVERBIA.
3217 371 3351 440 1318

61 494 190 561 μὲν
261 496 490 568 πράξεις
527 498 636 552 τῶν
678 494 1076 568 προκρινόντων
1135 490 1230 546 τοῦ
1293 489 1573 553 δοκοῦντος
1629 489 1671 568 τξ

1794 503 1993 559 nempe
2035 501 2201 558 opera
2235 501 2424 541 eorum
2472 485 2566 558 qui
2617 499 2719 541 suo
2771 485 3116 557 beneplacito
3160 503 3350 548 verum

305 562 319 568 ‘
726 562 736 568 -
827 562 838 568 '
1664 562 1671 581 Ί

56 587 267 654 ὅντως
317 594 505 659 καλὸν,
571 594 1009 649 ἁπαλλάττουσαι
1068 589 1168 651 τὰς
1210 588 1390 660 ψυχὰς
1432 588 1529 640 τοῦ
1555 587 1658 639 καθ

1791 577 1985 630 bontnn
2035 580 2392 644 anteponunt,
2445 574 2657 628 animas
2710 587 2738 626 a
2785 582 2961 629 morte
3019 591 3117 647 per
3155 591 3353 647 pecca-

58 678 379 752 ἀμαρτίαν
401 685 657 746 θανάτου.
685 686 783 754 τὴν
813 686 870 735 ἐν
913 685 1186 752 πνεύματι
1219 679 1498 750 μακαρίαν
1532 676 1671 746 ζωὴν

1791 674 1894 718 tum
1917 665 2202 720 liberantia
2223 666 2430 718 beatam
2463 664 2518 718 in
2552 665 2749 734 spiritu
2782 665 2918 735 ipsis
2949 666 3117 721 vitam
3149 669 3352 724 conci-

64 789 196 841 πρθ
205 773 458 837 ξενοῦσιν
502 779 716 841 αὑταῖς.

145 870 402 937 Καρποὶ
452 873 520 926 δὲ
569 873 826 938 ἀσεϐῶν,
881 870 1180 942 ἁμαρτίαι.
1220 869 1304 922 Τὰ
1339 867 1385 920 δ’
1413 866 1676 922 ἀποτελέ-

66 973 283 1027 σματα
306 962 418 1015 τῶν
450 965 523 1036 μὴ
547 966 831 1036 τιμώντων
859 966 1015 1030 Θεὸν,
1041 963 1138 1016 τοῦ
1165 963 1333 1025 ὅντως
1349 961 1517 1014 καλοῦ
1539 961 1677 1014 ἁπο-

65 1052 277 1121 τυχὶαι
307 1055 467 1107 εἰσίν.

159 1145 256 1208 ιζ’·
306 1145 510 1212 Ὁδοὺς
540 1145 688 1213 ζωῆς
713 1147 1017 1216 φυλάσσει
1043 1146 1300 1203 παιδεία.
1328 1146 1436 1199 Kal
1461 1145 1558 1208 τὰς
1579 1144 1678 1215 μὲν

69 1234 373 1302 φερούσας
406 1234 559 1299 θείας
581 1237 798 1300 ἐντολὰς
829 1239 910 1300 είς
946 1237 1090 1304 ζωὴν
1132 1236 1349 1288 αἰώνιον
1376 1235 1470 1298 τὰς
1499 1234 1676 1305 ψυχὰς

70 1328 253 1396 τηρεῖ
279 1327 542 1392 ἐπίπονος
570 1329 690 1384 κατ’
710 1330 914 1401 ἀρετὴν
950 1330 1139 1399 ἀγωγή
1161 1345 1176 1358 ·
1212 1327 1353 1398 αὕτη
1384 1327 1440 1381 δὲ

153 1501 418 1556 Παιδεία
457 1502 525 1556 δὲ
583 1504 1015 1577 ἀνεξέλεγκτος
1063 1504 1384 1562 πλανᾶται.
1432 1507 1497 1561 Ἠ
1553 1509 1674 1560 κατ’

75 1593 298 1664 ἀρετὴν
322 1595 576 1658 ἐπίπονος
599 1598 810 1668 ἀγωγὴ,
855 1599 903 1650 εἰ
957 1599 1032 1667 μὴ
1061 1598 1367 1670 δοκιμασθῇ
1405 1600 1474 1653 δι’
1509 1601 1675 1653 ἀκου-

77 1684 224 1736 σίων
280 1685 632 1756 πειρασμῶν,
682 1688 776 1740 καὶ
811 1689 933 1741 καθ’
956 1688 1070 1752 ἕξιν
1115 1691 1179 1758 τῇ
1209 1692 1354 1760 ψυχῇ
1390 1707 1674 1758 πεπαγιω-

80 1775 230 1845 μένη
263 1779 434 1847 φανῇ,
465 1779 789 1848 ἐκτρέπεται
804 1780 903 1850 τῆς
922 1779 1205 1848 ἀληθείας,
1234 1783 1292 1834 ὲν
1324 1783 1672 1852 προσχήματι

1778 758 1933 814 liant.

1849 848 2083 902 Fructus
2153 857 2327 903 autem
2402 849 2720 918 impiorum,
2799 860 3033 918 peccata.
3116 852 3353 909 Eﬂ'ectus

1777 953 1960 1000 autem
2014 959 2123 998 non
2178 942 2478 997 colentium
2528 941 2725 1006 Deum,
2780 945 2896 999 veri
2941 945 3070 1000 boni
3120 947 3353 1016 privatio

1777 1045 1883 1090 est.

1848 1127 2016 1182 Vens.
2047 1125 2135 1180 l7.
2174 1124 2299 1179 Viae
2330 1125 2450 1179 vita:
2485 1124 2710 1179 custodit
2743 1125 3052 1194 disciplina.
3075 1126 3138 1180 Et
3171 1126 3354 1183 divina

1775 1221 2003 1292 quidem.
2032 1222 2285 1273 mandata
2321 1234 2444 1288 quae
2475 1219 2687 1272 animas
2722 1219 2788 1271 ad
2811 1229 2973 1273 νιιειιιι
2997 1219 3201 1285 ferunt,
3233 1234 3353 1274 ser-

1775 1323 1868 1365 vat
1904 1327 2138 1382 Operosa
2178 1312 2478 1365 secundum
2515 1312 2772 1364 virtutem
2805 1312 3002 1380 agendi
3069 1313 3239 1378 ratio;
3286 1329 3350 1368 ea

1775 1411 1954 1457 autem

1849 1492 2141 1562 Disciplina
2163 1511 2278 1563 qui:
2314 1494 2696 1559 increpatione;
2726 1494 2951 1562 repellit,
2999 1505 3165 1550 errat.
3211 1496 3352 1568 0pc-

1774 1600 1896 1639 rosa
1935 1587 2234 1641 serundnin
2265 1586 2871 1655 virtutemdisciplina,
2905 1589 3014 1643 nisi
3053 1605 3148 1659 per
3196 1591 3352 1644 invo-

1774 1677 2040 1732 luntarias
2070 1678 2403 1732 tentationes
2445 1679 2728 1746 probetur,
2757 1687 2811 1733 et
2844 1681 3147 1734 secundum
3187 1681 3348 1736 habi-

1775 1775 1889 1821 tum
1925 1769 1978 1822 in
2017 1771 2197 1822 anima
2253 1770 2465 1822 lirmata
2512 1781 2794 1839 appareat,
2825 1785 2856 1824 a
2887 1772 3112 1826 veritate
3154 1774 3353 1828 averti-

77 1868 356 1938 ὲναρέτου
393 1869 685 1937 πολιτείας,
711 1873 790 1936 είς
821 1872 1126 1937 κενοδοξίαν
1151 1873 1531 1944 ἐμπίπτουσαο
1555 1874 1671 1927 ἐπεὶ

1791 1868 1898 1923 tur.
1933 1861 2116 1930 specie
2135 1870 2296 1916 rectae
2329 1864 2453 1917 vita:
2495 1866 2548 1916 in
2585 1879 2779 1918 vanam
2801 1865 3026 1933 gloriam
3053 1867 3345 1922 decidens:

78 1961 141 2012 δὲ
194 1962 298 2015 καὶ
343 1961 410 2015 δι’
438 1963 739 2034 ἀνθρώπων
791 1967 842 2018 oi
873 1965 1008 2036 πρὸς
1056 1965 1385 2035 δοκιμασίαν
1432 1966 1676 2022 ἀκούσιοι

78 2056 396 2124 πειρασμοὶ
429 2055 906 2127 ἐπισυμϐαίνουσι,
958 2059 1032 2129 μὴ
1093 2059 1471 2126 φυλαττόντων
1513 2059 1677 2114 τινῶν

77 2150 194 2218 τὴν
255 2149 594 2220 ἁκραιότητα
644 2151 744 2220 τῆς
780 2149 978 2220 ψυχῆς,
1035 2149 1132 2202 καὶ
1178 2151 1258 2214 είς
1319 2153 1474 2221 μῖσος
1507 2152 1673 2222 ἐμπι-

82 2237 370 2291 πτόντων.

173 2335 266 2397 ιη’.
295 2329 727 2382 Καλύπτουσιν
778 2329 1003 2399 ἔχθραν
1054 2333 1229 2401 χείλη
1260 2330 1478 2385 δίκαια.
1524 2331 1675 2404 Κρύ-

99 2436 296 2472 πτουσι
330 2421 429 2487 μὲν
455 2420 514 2472 τὸ
544 2423 722 2488 μῖσος,
757 2421 895 2492 ὅπερ
940 2422 998 2487 ἐξ
1024 2423 1317 2493 ὀλιγωρίας
1353 2425 1674 2494 παρανομή-

95 2527 244 2564 σασα
294 2512 437 2564 κατὰ
483 2511 724 2565 διάθεσιν
763 2514 797 2584 ἡ
840 2513 985 2584 ψυχὴ
1031 2516 1319 2586 ἐκτήσατο,
1359 2515 1507 2584 λόγοι
1545 2516 1673 2588 θείῳ

89 2605 250 2676 νόμῳ
301 2603 659 2670 δουλεύοντες,
704 2607 799 2660 καὶ
840 2610 919 2671 εἰς
973 2608 1238 2679 λοιδορίας
1295 2610 1371 2679 μὴ
1414 2611 1673 2681 ἐκτρεπό-

95 2717 277 2769 μενοι.

172 2793 270 2843 Ol'
300 2789 368 2842 δὲ
431 2789 792 2858 ἐμφέροντες
866 2788 1188 2858 λοιδορίας,
1237 2789 1673 2858 ἀφρονέστατοι

91 2886 285 2935 elder.
337 2883 401 2935 Ol.
456 2882 512 2935 δὲ
552 2881 983 2952 ὲκφανεροῦντες
1033 2882 1092 2934 τὸ
1133 2883 1339 2936 ἑαυτῶν
1371 2885 1526 2954 μῖσος
1553 2886 1670 2948 ταῖς

91 2976 210 3027 τῶν
251 2975 593 3044 μισουμένων
618 2974 892 3038 διαϐολαῖς
931 2974 1228 3047 ἄνθρωποι,
1255 2974 1373 3028 λίαν
1394 2977 1669 3049 ὑπάρχου-

94 3081 186 3117 σιν
205 3065 541 3134 ἄφρονες,ώς
562 3065 686 3128 τοὺς
710 3065 1135 3129 κακοποιοῦντας
1165 3066 1359 3129 αὐτοὺς
1391 3067 1484 3120 ἐπὶ
1508 3067 1668 3120 πλέον

93 3157 224 3212 καθ’
268 3158 476 3210 ἑαυτῶν
511 3158 891 3230 διεγείροντες,
923 3160 981 3212 ὲν
1018 3157 1096 3230 τῷ
1123 3158 1309 3228 ψόγοις
1338 3159 1551 3229 βάλλειν
1580 3160 1670 3215 ab-

92 3253 226 3313 τοὺς
261 3251 466 3304 λοιπόν.

172 3342 263 3394 ιϐ’.
317 3344 420 3395 Ἐκ
489 3345 858 3413 πολυλογίας
917 3348 1026 3399 οὐκ
1060 3346 1324 3416 ἐκφεύξῃ
1361 3331 1673 3416 ἁμαρτίαν.

105 3434 246 3485 Ἀπὸ
281 3433 377 3502 μὲν
405 3433 498 3486 τοῦ
531 3439 903 3505 μακρηγορεῖν
965 3438 1025 3490 οὗ
1069 3438 1338 3510 διαφύγῃς
1366 3439 1426 3491 τὸ
1454 3442 1676 3492 πταῖσαι

97 3525 235 3592 πρὸς
269 3525 470 3596 Θεὸν,ῆ
495 3527 630 3597 πρὸς
653 3527 973 3599 ἀνθρώπους
994 3547 1008 3561 ·
1036 3532 1131 3584 καὶ
1161 3534 1269 3603 γὰρ
1306 3531 1380 3602 μὴ
1410 3531 1676 3600 προμελε-

94 3619 207 3668 τῶν
242 3619 312 3669 τὰ
338 3618 485 3689 παρὰ
537 3618 630 3672 σοῦ
661 3620 948 3690 λεγόμενα,
986 3625 1364 3695 παροργίσεις,
1394 3625 1427 3693 ἢ
1455 3624 1588 3676 Θεὸν
1617 3626 1674 3676 ὲν

96 3707 173 3776 τῷ
208 3708 522 3776 ψεύδεσθαι,
551 3711 584 3780 ἢ
629 3710 948 3781 ἀνθρώπους
975 3714 1032 3764 ὲν
1070 3713 1148 3783 τῷ
1182 3714 1514 3782 φθέγγεσθαί
1535 3732 1587 3767 τι
1617 3713 1675 3778 ἐξ

97 3797 436 3869 ἁπροσεξίας
463 3801 599 3870 πρὸς
641 3801 845 3873 βλάϐην
876 3803 1077 3856 αὐτῶν.

169 3911 530 3980 Φειδόμενος
575 3913 645 3966 δὲ
664 3914 933 3982 χειλέων,
974 3915 1215 3983 romth
1260 3917 1396 3985 ἔσῃ.
1447 3919 1676 3989 Ἐγκρα-

93 4006 392 4071 τευόμενος
436 4005 489 4057 δὲ
543 4007 599 4058 ὲν
640 4005 840 4076 λόγοις,
877 4009 1078 4077 γνῶσιν
1121 4009 1260 4074 ἕξεις
1297 4010 1406 4062 τῶν
1449 4011 1674 4064 δεόντων

94 4095 380 4167 λεχθῆναι,
404 4097 477 4160 ὡς
497 4098 758 4170 πρότερον
783 4099 1036 4164 ἐξετάσας
1061 4099 1227 4153 ταῦτα
1247 4103 1384 4154 κατὰ
1413 4102 1669 4166 διάνοιαν,

99 4195 194 4245 καὶ
229 4192 553 4246 καταλαϐὼν
584 4197 720 4264 μήτε
765 4197 900 4268 πρὸς
958 4197 1088 4248 Θεὸν
1120 4197 1254 4266 μήτε
1301 4197 1434 4268 πρὸς
1461 4197 1672 4269 ἀνθρώ-

105 4297 237 4346 πους
291 4283 731 4353 προσκρούονταο
795 4280 896 4338 εἷθ’
923 4284 1097 4346 οὕτως
1127 4287 1507 4356 ἀνεπισφαλῶς
1543 4304 1674 4358 προ-

104 4377 280 4443 φέρων
314 4375 475 4429 αὑτά.

168 4494 238 4540 κ’.
284 4489 579 4556 ’Λργυρος
638 4491 1065 4560 πεπυρωμένος
1117 4493 1366 4564 γλῶσσα
1414 4495 1666 4550 δικαίου.

1779 1959 2067 2022 postquam
2101 1968 2229 2008 vero
2255 1960 2309 2008 et
2337 1968 2432 2023 per
2452 1954 2702 2011 homines
2734 1957 3112 2011 involuntariae
3137 1957 3202 2010 ad
3229 1973 3352 2028 pro-

1775 2041 2051 2098 b'ationem
2097 2043 2346 2098 incidunt
2379 2046 2734 2114 tentationes,
2765 2063 2873 2102 non
2911 2049 3349 2105 custodientibus

1775 2133 2100 2204 quibusdam
2127 2135 2323 2190 aninne
2349 2139 2718 2194 summitatem
2740 2146 2795 2193 et
2820 2141 2874 2194 in
2895 2140 3078 2196 odium
3100 2141 3346 2197 inciden-

1775 2226 1938 2280 tibus.

1843 2315 2010 2373 Vens.
2049 2318 2135 2375 18.
2156 2319 2501 2380 Abscondunt
2533 2323 2709 2376 odium
2729 2323 2873 2378 labia
2896 2325 3067 2393 justa.
3095 2325 3346 2383 Abscon-

1774 2405 1907 2460 dunt
1936 2407 2156 2477 quidem
2193 2411 2378 2464 odium
2415 2412 2559 2481 quod
2589 2427 2653 2466 ex
2687 2417 3095 2484 contemptione
3137 2417 3346 2486 injuste

1773 2511 1937 2569 agens
1959 2517 2053 2571 per
2083 2502 2500 2573 dispositionem
2539 2509 2721 2562 anima
2753 2509 3030 2578 concepit,
3066 2511 3228 2565 verba
3263 2511 3349 2563 ili-

1775 2590 1910 2645 vinaa
1966 2593 2071 2664 legi
2103 2593 2430 2662 obedientia,
2470 2607 2524 2652 et
2570 2599 2626 2652 in
2656 2600 3006 2670 Opprobrium
3055 2617 3165 2658 non
3215 2617 3349 2659 con-

1775 2695 1953 2736 versa.

1845 2772 1950 2838 Qui
1983 2786 2158 2830 autem
2189 2777 2424 2847 inferunt
2445 2781 2702 2846 convicia,
2735 2783 3040 2838 stultissimi
3065 2795 3206 2840 sunt.
3243 2787 3348 2854 Qui

1771 2876 1947 2919 autem
1979 2869 2270 2927 calumniis
2303 2873 2357 2927 in
2389 2888 2482 2928 eos
2511 2877 2602 2945 qui
2671 2877 2820 2945 ipsos
2869 2879 3104 2932 oderunt
3159 2881 3345 2935 odimn

1771 2973 1930 3013 suum
1965 2961 2340 3026 manifestam,
2367 2965 2532 3020 nimis
2570 2967 2726 3020 stulti
2774 2978 2925 3030 sunt,
2968 2984 3093 3022 cum
3142 2970 3349 3041 injuste

1770 3052 1920 3121 ipsos
1972 3066 2364 3126 persequentes
2405 3059 2578 3128 magis
2613 3075 2675 3113 ac
2698 3063 2869 3131 magis
2901 3071 3090 3117 contra
3120 3081 3180 3120 se
3199 3067 3351 3120 exci-

1771 3150 1907 3209 tent,
1935 3145 2062 3200 dum
2095 3163 2191 3202 eos
2219 3151 2485 3205 conviciis
2522 3150 2590 3206 de
2620 3163 2816 3206 caetero
2841 3163 3061 3209 vexant.

1843 3323 2009 3378 Vens.
2049 3325 2129 3379 l9.
2167 3324 2235 3379 In
2289 3327 2620 3400 multiloquio
2648 3347 2750 3384 non
2796 3333 3013 3403 e/Tugies
3052 3349 3345 3401 peccatum.

1776 3414 1831 3470 Si
1859 3419 2000 3470 enim
2027 3419 2256 3471 multum
2295 3418 2558 3490 loqueris,
2596 3438 2704 3475 non
2740 3427 2946 3492 poteris
2995 3428 3127 3495 quin
3174 3428 3346 3484 Deum

1775 3521 1866 3562 aut
1901 3509 2148 3565 homines
2180 3510 2424 3566 oﬂ‘endas
2455 3531 2470 3580 ;
2507 3517 2610 3569 nisi
2648 3518 2791 3570 enim
2825 3533 2945 3587 quae
2965 3519 3116 3576 dices
3143 3537 3349 3590 prisca-

1773 3616 1922 3661 veas,
1946 3601 2010 3656 ad
2037 3604 2175 3656 iram
2207 3605 2510 3660 concitahis
2547 3608 2662 3661 sive
2684 3607 2875 3672 Deum,
2912 3614 3242 3678 mentiendo,
3272 3617 3347 3670 si-

1774 3707 1836 3745 ve
1877 3693 2127 3746 homines
2155 3696 2359 3765 aliquid
2397 3712 2457 3750 ea
2491 3700 2822 3769 negligentia
2856 3702 2909 3756 in
2943 3718 3135 3758 eorum
3179 3708 3348 3760 detri-

1775 3791 2017 3836 mentum
2053 3783 2397 3852 proferendo.

1847 3895 2132 3952 Moderans
2159 3909 2333 3952 autem
2381 3901 2549 3963 labia,
2592 3905 2821 3969 prudens
2857 3908 2984 3961 eris.
3011 3906 3348 3978 Temperans

1772 3998 1952 4042 autem
2005 3991 2210 4052 verbis,
2244 3991 2665 4061 intelligentiam
2715 3997 2942 4051 habebis
2986 4015 3176 4054 eorum
3227 4020 3349 4070 quae

1773 4079 1880 4131 dici
1923 4083 2251 4147 conveniat;
2295 4083 2496 4154 quippe
2536 4091 2630 4154 qttl
2682 4095 2736 4140 et
2775 4089 3106 4158 cogitatione
3140 4107 3348 4160 prteca-

1775 4173 1940 4236 veris,
1958 4181 2015 4226 et
2037 4189 2098 4226 ea
2123 4176 2402 4243 acceperis
2427 4192 2547 4244 quae
2569 4193 2746 4244 neque
2771 4178 2936 4233 Deum
2964 4198 3142 4251 neque
3174 4183 3351 4238 homi-

1771 4279 1870 4319 nes
1901 4264 2200 4320 oll‘endant.
2242 4265 2451 4322 Deinde
2482 4269 2574 4323 illa
2609 4273 2819 4341 absque
2851 4273 3046 4328 timore
3073 4275 3344 4344 proferes.

1842 4480 2011 4539 Vsus.
2046 4483 2136 4539 20.
2166 4485 2452 4555 Argentum
2491 4486 2609 4555 igne
2649 4499 2933 4558 purgatum
2985 4487 3166 4558 lingua
3186 4491 3345 4560 justi.

95 4578 206 4630 Καὶ
229 4579 337 4648 γὰρ
358 4575 445 4631 οἷα
485 4582 582 4650 μέν
618 4599 699 4642 τις
756 4582 996 4653 ἄργυρος
1029 4587 1161 4656 πυρὶ
1188 4586 1664 4657 δεδοκιμασμένος,

1791 4572 1989 4628 Etenim
2017 4581 2277 4643 tanquam
2323 4585 2607 4645 argentum
2649 4579 2771 4646 igne
2801 4579 3087 4648 probatum
3117 4591 3199 4634 est
3223 4599 3349 4637 ver-

93 4670 244 4720 εστὶν
277 4671 304 4721 ό
338 4669 494 4737 λόγος
529 4670 621 4722 τοῦ
683 4671 821 4741 μετὰ
869 4673 1102 4743 κρίσεως
1147 4675 1452 4744 ἀμέμπτως
1505 4674 1666 4728 αὑτὸν

95 4763 491 4831 προφέροντοςο
523 4761 597 4824 ὡς
629 4763 895 4834 πρότερον
929 4767 993 4835 τῇ
1017 4765 1422 4844 κατὰαδιάνοιαν
1451 4765 1668 4836 βασάνῳ

94 4851 501 4922 ἐξεταζόμενος,
531 4855 624 4906 καὶ
646 4856 752 4905 πᾶν
775 4854 828 4906 εἴ
847 4870 898 4907 τι
919 4855 1173 4925 κίϐδηλον
1197 4855 1634 4926 ἀποϐαλλόμενος
1651 4896 1665 4920 ,

95 4944 189 4996 καὶ
218 4945 520 5015 εἰλικρινὴς
550 4947 984 5016 προφερόμενος.

164 5056 387 5124 Καρδία
411 5056 479 5110 δὲ
499 5058 759 5125 ἀσεϐοῦς
784 5060 1074 5128 ἐκλείψει.
1112 5061 1274 5131 Ψυχὴ
1300 5061 1378 5126 δὲ,
1410 5061 1470 5126 ἐξ
1493 5056 1562 5133 ἦς
1589 5061 1668 5132 τῷ

95 5147 309 5220 σώματι
336 5151 369 5219 ή
401 5148 514 5221 ζωὴ
539 5150 632 5204 τοῦ
680 5152 754 5222 μὴ
795 5154 1142 5219 ἁγαθοποιοίς
1191 5152 1366 5218 λόγοις
1409 5153 1668 5223 ἀληθείας

93 5241 360 5310 τιμῶντος
401 5241 555 5304 Θεὸν,
607 5244 859 5316 ἀτονήσει
904 5246 1038 5314 πρὸς
1094 5246 1191 5315 τὴν
1259 5246 1356 5314 τῆς
1409 5246 1668 5316 ἀληθείας

94 5332 421 5402 ἀπάντησιν,
453 5333 766 5405 ἐλεγχθεῖσα
808 5337 897 5391 ὑπ’
920 5338 1088 5406 αὐτῆς
1121 5337 1449 5408 ψευδομένη.

163 5453 234 5499 κ’.
261 5447 442 5513 Χείλη
495 5446 742 5502 δικαίων
806 5450 1125 5504 ἐπίσταται
1170 5450 1402 5520 ὑψηλά.
1461 5453 1570 5506 Καὶ
1617 5453 1666 5506 οἱ

100 5535 195 5604 μὲν
228 5535 600 5590 διδασκαλικοὶ
633 5537 764 5590 Θεῖοι
791 5539 940 5605 λόγοι
970 5537 1078 5590 τῶν
1106 5540 1168 5590 ἐκ
1205 5539 1514 5609 πρακτικῆς
1545 5539 1666 5591 πεί-

100 5644 193 5696 ρας
227 5627 364 5695 μετὰ
383 5628 616 5699 κρίσεως
633 5630 1013 5700 ἀνεπιλήπτως
1035 5631 1417 5700 προφερόντων
1448 5631 1667 5693 αὐτοὺς,

99 5717 193 5788 τὴν
230 5720 430 5786 γνῶσιν
490 5723 840 5793 ἐπιφέρονται
895 5721 1005 5775 τῶν
1050 5721 1371 5793 Θελημάτων
1402 5722 1496 5776 τοῦ
1533 5723 1668 5777 Θεοῦ

111 5810 200 5862 ἰοῦ
225 5812 639 5881 ὑπερουρανίου.

1771 4665 1896 4719 bum
1937 4665 2059 4734 ejus
2088 4666 2178 4735 qui
2224 4667 2356 4721 illud
2388 4683 2510 4720 cum
2559 4668 2768 4737 judicio
2817 4680 2870 4723 et
2902 4671 3108 4740 absque
3166 4689 3349 4743 repre-

1770 4759 2036 4814 hensione
2065 4759 2268 4814 emittit
2309 4777 2322 4813 :
2364 4761 2517 4830 prius
2576 4760 2718 4813 enim
2751 4761 3102 4831 cogitationis
3135 4766 3350 4834 experi-

1771 4863 1952 4909 mento
1979 4857 2278 4926 perfectum
2299 4863 2402 4915 cst,
2432 4865 2483 4909 et
2507 4856 2574 4910 ab
2605 4857 2754 4910 omni
2783 4861 2962 4913 scoria
3001 4864 3348 4928 Inundalum,

1769 4957 1819 5000 et
1838 4948 2052 5000 sincere
2091 4946 2378 5001 emissum.

1839 5057 1945 5114 Cor
1965 5068 2142 5112 autem
2188 5059 2338 5126 impii
2387 5058 2612 5123 deﬁciet.
2648 5059 2840 5114 Anima
2879 5069 3081 5128 autem,
3119 5079 3181 5118 ex
3239 5081 3346 5132 qua

1768 5161 1849 5206 est
1874 5152 1980 5203 vita
2008 5151 2248 5220 corpori,
2269 5150 2498 5218 ejusqui
2539 5151 2706 5206 Deum
2739 5169 2846 5206 non
2891 5154 3026 5209 bene
3056 5159 3346 5226 agentibus

1771 5245 1952 5298 verbis
1982 5244 2132 5303 colit,
2169 5244 2234 5294 :nl
2280 5258 2572 5296 occursum
2637 5247 2882 5299 veritatis
2943 5264 3049 5300 non
3121 5249 3344 5319 vigebit,

1769 5337 2018 5387 convicta
2042 5334 2110 5386 ab
2137 5333 2251 5401 ipsa
2276 5333 2569 5386 mendacii.

1842 5443 2008 5500 Vsus.
2032 5445 2123 5499 2|.
2153 5443 2324 5497 Labia
2360 5445 2634 5513 justdrum
2657 5445 2828 5497 sciunt
2863 5445 3090 5500 excelsa.
3124 5448 3190 5502 Et
3221 5465 3347 5518 qut-

1769 5541 1890 5595 dem
1930 5541 2114 5594 divina
2149 5539 2214 5592 ad
2247 5540 2557 5591 doctrinam
2589 5538 2920 5605 pertinentia
2963 5542 3122 5595 verba
3154 5557 3343 5598 eorum
3434 5610 3436 5612 ν

1771 5636 1861 5703 qtti
1897 5635 1989 5686 illa
2026 5649 2093 5687 ex
2133 5632 2316 5686 activo
2343 5641 2544 5683 conatu
2600 5646 2726 5683 cum
2755 5631 2965 5698 judicio
2998 5634 3345 5701 irreprehen-

1770 5727 2004 5779 sibiliter
2042 5725 2348 5794 proferunt,
2382 5723 2800 5792 intelligentiam
2833 5725 3072 5779 afferunt
3108 5727 3196 5782 Dei
3229 5744 3344 5782 cu:-

1773 5819 1926 5873 lcstis
1965 5819 2331 5872 voluntatum.
