3902 6502
565 357 702 424 1319

1890 355 2241 418 raecorn
2281 354 2535 447 GAZASL

3680 353 3814 416 ιω

634 473 738 542 Qui
755 484 930 530 autem
952 475 1104 532 stulti
1117 485 1261 545 sunt,
1281 477 1334 532 in
1354 487 1579 550 egestate
1603 478 1922 533 moriuntur.
1947 475 2123 530 Homi-

2303 474 2366 525 Ol
2380 470 2452 524 δὲ
2481 447 2739 539 ἄφρονες
2765 468 2835 522 ἐν
2886 467 3084 536 ἐνδείᾳ
3146 467 3538 523 τελευτῶσιν.
3575 466 3647 522 οι
3676 468 3728 522 δ’
3759 469 3814 523 ὲν

559 579 660 622 nes
683 579 862 621 autem
898 567 990 638 qui
1025 567 1190 623 Deum
1222 584 1332 624 non
1376 569 1558 626 ferunt
1591 573 1644 626 in
1697 569 1862 625 corde
1914 584 2034 632 suo,
2067 569 2120 622 in

561 659 872 730 privatione
911 675 1098 714 earum
1129 678 1250 731 quae
1273 665 1571 718 secundum
1606 666 1863 718 virtutem
1888 671 1938 716 et
1964 660 2124 714 intel-

559 750 844 820 liget-tiam
897 759 1023 804 sunt
1050 751 1362 807 divitiarum
1405 755 1677 824 propriam
1706 753 1873 807 vitam
1906 751 2121 805 ﬁniunt.

631 841 794 896 Vens.
815 840 906 895 23.
931 840 1228 896 Benedictio
1275 842 1489 897 Domini
1547 859 1702 913 super
1752 853 1910 914 caput
1965 841 2117 907 iusti.

2225 564 2424 635 καρδίᾳ
2443 563 2576 616 Θεὸν
2603 563 2677 634 μὴ
2712 563 3098 632 περιςέροντες
3125 563 3428 634 ἄνθρωποι,
3464 564 3523 616 ἐν
3555 564 3811 633 στερήσει

2223 655 2318 709 τοῦ
2337 657 2456 710 κατ’
2485 655 2682 726 ἀρετὴν
2712 655 2808 708 καὶ
2826 657 3026 724 γνῶσιν
3051 656 3428 726 πνευματικοῦ
3446 655 3689 709 πλούτου
3716 655 3811 727 τὴν

2227 745 2362 799 ίδίαν
2385 745 2529 815 ζωὴν
2557 745 2939 799 καταλύουσιν.

2295 837 2398 908 κβ’.
2428 840 2686 907 Εὑλογία
2710 839 2933 906 Κυρίου
2975 837 3078 891 ἐπὶ
3115 837 3398 905 κεφαλὴν
3435 837 3708 893 δικαίου.
3741 839 3801 892 Ἦ

555 931 774 1002 Optima
833 935 976 989 enim
1029 933 1277 988 doctrina
1324 933 1538 990 Domini
1592 936 1836 990 omnium
1891 933 1984 989 Dei
2055 933 2123 986 ad

2244 926 2334 998 τὰρ
2364 928 2672 996 πανάγαθος
2701 927 3020 982 διδασκαλία
3068 927 3163 982 τοῦ
3211 929 3496 981 Δεσπότου
3529 929 3643 980 τῶν
3673 931 3793 982 ξων

557 1024 754 1078 ducem
806 1033 1042 1078 mentem
1081 1023 1326 1094 procedit
1355 1026 1494 1095 apud
1521 1041 1644 1080 eum
1669 1025 1762 1095 qui
1799 1040 1895 1094 per
1950 1022 2124 1076 adim-

555 1114 850 1184 pletionem
905 1112 1218 1168 divinorum
1287 1115 1665 1170 mandatorum
1722 1114 2122 1184 irreprebensi-

556 1207 740 1262 biliter
779 1207 934 1275 agit;
985 1207 1114 1274 quia
1163 1206 1638 1276 contemplationis
1701 1204 2121 1259 fundamentum

554 1299 828 1352 actionem
861 1299 1074 1352 statuit.

624 1390 732 1444 Ιίία
754 1389 942 1444 divites
986 1390 1138 1460 facit.
1174 1389 1499 1459 Huiusmodi
1534 1389 1786 1444 doctrina
1836 1388 2126 1444 abundan-

552 1485 662 1532 tem
700 1480 829 1531 iacit
861 1479 1247 1547 spiritualibus
1283 1479 1589 1533 secundum
1642 1480 1900 1534 virtutem
1939 1490 1995 1535 et
2039 1479 2124 1533 in-

553 1570 910 1639 telligentiam
944 1572 1172 1635 divitiis,
1200 1588 1324 1626 eum
1353 1571 1446 1640 qui
1484 1571 1589 1640 ipsi
1621 1571 1828 1626 obedit.

632 1662 809 1733 Neque
833 1663 1058 1719 addetur
1090 1665 1174 1718 illi
1199 1666 1252 1718 in
1283 1667 1439 1718 corde
1465 1665 1709 1718 tristitia.
1742 1663 1805 1718 Et
1845 1665 1889 1720 si
1931 1664 2124 1734 hujus-

555 1755 700 1809 nzodi
750 1757 958 1810 laborat
1012 1772 1242 1826 corpore
1279 1758 1424 1811 circa
1473 1757 1747 1821 virtutem,
1786 1764 1966 1810 tamen
2016 1771 2125 1810 non

2225 1019 2382 1085 Θεοῦ,
2437 1021 2684 1090 πρόεισιν
2744 1021 2838 1074 ἐπὶ
2892 1021 2984 1074 τὸν
3033 1021 3277 1090 ἡγεμόνα
3347 1019 3481 1073 νοῦν
3532 1019 3633 1072 τοῦ
3669 1025 3782 1075 κατὰ

2227 1109 2425 1180 πρᾶξιν
2453 1111 2560 1165 τῶν
2586 1111 2742 1164 θείων
2770 1113 3002 1166 ἐντολῶν
3023 1113 3332 1182 ἀμέμπτως
3356 1111 3772 1181 πολιτευομένη,

2231 1201 2307 1267 ὡς
2334 1203 2433 1272 τὴν
2463 1201 2662 1274 πρᾶξιν
2695 1204 3024 1274 ποιουμένου
3051 1203 3284 1274 θεωρίας
3310 1202 3609 1256 ἐπίϐασιν.

2294 1375 2455 1443 Αὕτη
2491 1375 2811 1436 πλουτίζει.
2852 1375 2919 1428 Ἡ
2946 1373 3168 1446 τοιαύτη
3198 1373 3532 1428 διδασκαλία
3594 1375 3790 1444 aestas;

2225 1471 2372 1522 ποιεῖ
2391 1466 2485 1521 τοῦ
2507 1469 2630 1521 κατ’
2665 1467 2867 1540 ἀρετὴν
2891 1471 2984 1520 καὶ⁵
3008 1467 3212 1536 γνῶσιν
3238 1467 3631 1537 πνευματικοῦ
3655 1470 3795 1522 πλοῦν

2222 1577 2317 1613 του
2344 1559 2438 1613 τὸν
2460 1559 2628 1631 ταύτῃ
2663 1560 3007 1630 πειθόμενον.

2296 1651 2406 1706 Καὶ
2447 1653 2518 1706 οὐ
2555 1653 2642 1721 μὴ
2694 1650 2998 1720 προστεθῇ
3041 1649 3198 1719 αὐτῇ
3261 1652 3433 1720 λύπη
3470 1651 3546 1704 ἐν
3578 1653 3799 1720 καρδίᾳ.

2227 1745 2338 1798 Καὶ
2381 1746 2430 1798 εί
2457 1747 2484 1797 ὁ
2515 1746 2752 1808 τοιοῦτος
2775 1747 2928 1797 πονεῖ
2959 1746 3101 1796 κατὰ
3124 1744 3282 1813 σῶμα
3315 1745 3448 1816 περὶ
3463 1744 3562 1815 τὴν
3591 1746 3801 1815 aperit,

555 1850 754 1902 sentiet
783 1863 877 1916 per
911 1849 1216 1902 doctrinam
1255 1849 1308 1902 in
1339 1864 1440 1903 sua
1475 1848 1656 1902 anima
1697 1849 1938 1904 tristitiae
1970 1849 2123 1903 addi-

2244 1838 2341 1892 mc
2379 1841 2438 1892 ού
2468 1839 2681 1904 δέξεται
2707 1837 3025 1909 προσθήκην
3062 1835 3243 1907 λύπης
3270 1836 3634 1902 διδασκαλίας
3669 1841 3726 1891 ἐν
3749 1843 3804 1908 τῇ

552 1943 775 2007 tionem,
811 1957 906 2013 spe
941 1940 1138 1996 futurae
1158 1943 1425 1998 mercedis
1447 1943 1769 1998 delectatus.

621 2124 791 2181 Vens.
819 2127 911 2182 εδ.
937 2125 1002 2182 In
1027 2128 1140 2181 risu
1164 2127 1358 2182 stultus
1375 2127 1509 2197 facit
1532 2126 1697 2180 mala.
1731 2127 1795 2181 Et
1825 2142 1950 2182 cum
1983 2124 2125 2182 laeti-

551 2220 626 2274 tia
664 2221 882 2288 quidem
912 2222 1003 2290 qui
1059 2237 1164 2275 non
1199 2220 1366 2274 Deum
1401 2219 1502 2274 fert
1532 2222 1586 2274 in
1641 2221 1806 2274 corde
1846 2236 1968 2282 suo,
1997 2220 2127 2275 facit

553 2325 798 2382 peccata,
834 2316 959 2383 quia
992 2329 1098 2369 non
1131 2315 1302 2368 tristis
1331 2313 1559 2367 eﬂectus
1595 2323 1682 2368 est
1712 2313 1982 2367 minarum
2005 2312 2124 2383 ejus

552 2413 774 2467 timore,
799 2408 852 2459 in
889 2407 956 2461 iis
991 2407 1044 2459 in
1072 2407 1275 2475 quibus
1299 2405 1589 2474 delinquit.

623 2498 897 2566 Sapientia
967 2510 1140 2551 autem
1172 2498 1283 2550 viro
1338 2505 1550 2567 generat
1574 2497 1930 2564 prudentiam.
1974 2496 2125 2552 Divi-

553 2605 680 2644 num
709 2599 890 2642 autem
943 2590 1168 2644 verbum
1209 2589 1285 2642 illi
1323 2592 1411 2659 qui
1449 2593 1502 2642 in
1528 2603 1660 2642 suos
1705 2588 1931 2642 allectus
1962 2605 2126 2660 gene-

553 2696 678 2735 rose
709 2689 929 2752 pugnat.
961 2681 1014 2735 in
1039 2681 1265 2754 agendis
1290 2680 1837 2760 circumspectionem
1863 2691 2124 2752 generat;

555 2775 795 2840 Etenim,

626 2863 896 2920 Vensﬂl.
937 2862 1002 2917 In
1044 2864 1262 2920 interitu
1299 2864 1491 2935 impius
1533 2865 1892 2934 perturbatur.
1917 2863 1976 2919 In
2010 2865 2124 2936 pri-

551 2959 772 3012 vatione
798 2956 891 3012 Dei
923 2975 938 3024 ;
971 2957 1063 3027 qui
1095 2973 1220 3012 eum
1247 2972 1358 3011 non
1390 2957 1522 3012 colit
1553 2962 1852 3013 secundum
1885 2969 2130 3014 eontem-

553 3049 846 3122 plationem
878 3049 1098 3120 quidem
1148 3055 1208 3101 ut
1258 3050 1568 3114 veritatem,
1609 3049 1911 3104 secundum
1965 3048 2130 3102 actio-

553 3161 676 3200 nem
731 3153 913 3198 autem
973 3150 1031 3196 ut
1088 3143 1313 3207 bonum,
1371 3146 1723 3215 perturbatur
1784 3144 1840 3198 in
1885 3143 1956 3200 iis
2007 3157 2128 3214 qure

555 3238 857 3293 secundum
899 3235 1169 3290 deiectum
1202 3235 1426 3292 virtutis
1478 3245 1576 3292 aut
1624 3251 1911 3293 excessum
1971 3246 2124 3303 sunt,

489 3371 493 3375 .
551 3329 968 3398 cupiditatibus.

630 3421 956 3475 Desiderium
1000 3431 1176 3474 autem
1234 3421 1375 3490 justi
1434 3431 1730 3492 acceptum.
1785 3421 2126 3478 Desiderium

552 3522 731 3568 autem
767 3514 910 3568 illius
939 3515 1033 3582 qui
1066 3529 1159 3584 per
1189 3526 1392 3568 reetam
1438 3516 1606 3571 vitam
1653 3515 1821 3571 Detttn
1863 3517 2019 3581 colit,
2053 3517 2129 3571 vi-

551 3607 747 3661 delicct
775 3607 840 3660 ad
871 3621 992 3659 eum
1031 3621 1141 3673 prre
1194 3608 1408 3662 caeteris
1448 3609 1706 3664 Olllttiblls
1734 3609 1922 3674 ardor,
1962 3625 2125 3666 acce-

551 3702 862 3772 ptissimum
894 3699 1002 3755 Deo
1033 3709 1140 3767 est,

627 3792 789 3848 Vsus.
813 3794 904 3848 25.
954 3794 1195 3848 Procella
1228 3802 1558 3855 transeunte,
1593 3795 1854 3848 evanescit
1908 3793 2125 3856 impius.

552 3883 618 3938 Et
643 3889 869 3940 minima
907 3887 1126 3956 quidem
1165 3889 1475 3942 tentatione
1513 3887 1634 3941 sive
1667 3886 1974 3940 voluntaria
2009 3887 2126 3940 sive

551 3976 923 4031 involuntaria
953 3993 1018 4030 ex
1062 3979 1359 4048 improviso
1391 3979 1819 4047 superveniente
1843 3993 1872 4030 a
1894 3977 2121 4033 malitiae

549 4069 774 4138 spiritu,
829 4070 1096 4140 perditur,
1131 4073 1224 4141 qui
1278 4087 1387 4126 nou
1429 4085 1528 4142 per
1602 4071 2019 4141 temperantiam
2072 4078 2128 4125 et

550 4161 872 4231 patientiam
911 4159 1078 4214 Deum
1111 4163 1262 4216 colit.

605 4246 790 4303 Justus
843 4259 1018 4302 autem
1053 4250 1325 4304 declinans
1363 4251 1603 4305 solvatur
1631 4253 1686 4304 in
1717 4259 1990 4305 aeternum.
2022 4248 2125 4316 Qui

550 4347 734 4395 autem
768 4348 1089 4410 temperata
1121 4342 1447 4397 voluntariis
1479 4358 1575 4412 per
1606 4343 1942 4412 voluptatem
1967 4343 2126 4412 cupi-

549 4431 836 4491 ditatibus.
881 4435 1120 4487 sustinet
1180 4441 1364 4487 autem
1405 4431 1710 4488 secundum
1765 4431 2009 4488 dolorem
2045 4434 2127 4485 in-

550 4527 886 4592 voluntaria,
914 4525 1130 4598 fugiens
1166 4526 1298 4580 illud
1334 4528 1479 4598 quod
1537 4527 1838 4582 secundum
1885 4525 2122 4578 animam

549 4631 633 4677 est
670 4622 1002 4691 periculum,
1034 4624 1102 4676 ab
1141 4632 1350 4677 :eterno
1383 4622 1661 4692 supplicio
1687 4622 1976 4676 liberatur.

623 4710 788 4768 Vens.
825 4713 915 4769 26.
950 4714 1102 4769 Sicut
1137 4724 1344 4770 acetum
1397 4713 1637 4769 dentibus
1663 4715 1925 4778 nocivum,
1957 4722 2005 4768 et
2036 4713 2123 4781 [u-

548 4819 665 4857 mus
703 4805 984 4870 oculis,ita
1021 4805 1369 4876 transgressio
1387 4805 1647 4858 utentibus
1679 4805 1813 4872 ipsa.
1848 4803 2122 4870 thuetn-

550 4892 841 4947 admodum
881 4895 1093 4949 fructus
1123 4896 1452 4949 immaturus
1469 4894 1711 4948 dentium
1737 4893 1988 4947 i-ﬂicacim
2009 4891 2124 4946 olli-

549 4983 644 5049 cit,
671 4983 955 5038 oculorum
983 4993 1166 5038 autem
1183 4985 1441 5040 eﬂicaciaa
1472 4983 1680 5050 fumus,
1713 4985 1786 5039 ita
1817 4984 2120 5038 activarum

549 5084 643 5131 aut
672 5075 1221 5144 contemplativarum
1257 5076 1456 5130 anima:
1504 5077 1768 5129 virtutum
1825 5074 2120 5127 irrationa-

550 5168 677 5224 bilis
711 5167 855 5222 circa
914 5166 1141 5236 fugitiva
1179 5183 1313 5221 usus
1365 5167 1417 5221 in
1451 5182 1516 5221 eo
1569 5182 1672 5222 usu
1721 5164 2123 5236 perseveranti-

547 5260 818 5330 bus;qui
851 5259 1074 5330 quidem
1123 5259 1330 5313 activas
1363 5274 1553 5314 eorum
1605 5260 1754 5313 vires
1813 5273 1909 5327 per
1959 5257 2116 5325 inop-

550 5360 836 5422 portunam
873 5349 1203 5419 beneplaciti
1233 5347 1549 5404 fruitionem
1580 5349 1646 5403 ad
1689 5349 1802 5404 veri
1852 5350 1978 5403 boni
2025 5364 2122 5418 op-

549 5459 857 5517 portunam,
892 5453 952 5499 ut
977 5445 1246 5516 quosdam
1313 5445 1508 5500 dentes
1564 5445 1835 5501 inhabiles
1893 5443 2117 5505 reddit;

548 5536 994 5607 contemplativis
1032 5543 1240 5598 autem,
1273 5551 1426 5590 more
1459 5534 1614 5599 fumi,
1640 5537 1898 5591 tenebras
1945 5533 2122 5589 obdu-

548 5626 626 5680 cit
657 5642 672 5691 ;
705 5635 758 5681 et
790 5641 914 5680 cum
948 5625 1254 5696 abigendus
1277 5633 1419 5680 esset
1462 5641 1559 5695 per
1588 5627 2002 5696 intelligentiam
2063 5626 2120 5678 in

551 5717 770 5786 spiritu,
809 5731 916 5772 non
965 5703 1200 5788 possunt
1221 5731 1317 5772 eos
1349 5715 1599 5771 veritatis
1631 5716 1813 5774 radios
1848 5717 2118 5786 aspicere.

2230 1930 2395 1984 αύτοῦ
2425 1931 2594 2001 ψυχῇ,
2624 1933 2690 2002 τῇ
2713 1929 2885 1984 ἑλπίδι
2907 1929 3006 2000 τῆς
3034 1927 3341 1999 μελλούσης
3383 1931 3808 2001 μισθαποδοείες

2227 2023 2402 2093 ὲπευφ
2411 2025 2560 2096 ραινό
2567 2040 2745 2094 μενος.

2297 2121 2402 2184 κγ’.
2440 2117 2537 2167 Ἐν
2574 2115 2786 2185 γέλωτι
2811 2114 3015 2182 ἄφρων
3047 2115 3316 2186 πράσσει
3349 2114 3526 2169 κακὰ.
3547 2115 3666 2168 Καὶ
3701 2117 3808 2184 μετ’

2227 2207 2564 2280 εὐφροσύνης
2627 2208 2749 2278 μὲν,
2807 2209 2834 2261 ὁ
2862 2209 2994 2261 Θεὸν
3023 2209 3081 2259 ὲν
3123 2209 3327 2279 καρδίᾳ
3363 2210 3442 2280 μὴ
3471 2211 3798 2281 περιφέρων,

2227 2303 2376 2354 ποιεῖ
2437 2300 2736 2372 ἁμαρτίας,
2757 2301 2838 2354 ’ὁτι
2885 2302 3018 2372 μηδὲ
3063 2302 3359 2370 στυγνάςει
3409 2302 3494 2372 τῷ
3532 2303 3676 2373 φύᾶῳ
3700 2303 3800 2354 τῶν

2226 2393 2393 2448 αὑτοῦ
2427 2393 2690 2459 ἀπειλῶν,
2720 2395 2804 2462 ἐφ’
2836 2389 2918 2458 οἷς
2946 2395 3282 2466 πλημμελεῖ.

2308 2485 2369 2541 Ἡ
2399 2484 2468 2538 δὲ
2495 2485 2684 2555 σοφία
2739 2486 2913 2555 ἀνδρὶ
2935 2490 3115 2540 τίκτει
3145 2488 3476 2557 φρόνησιν.
3512 2486 3572 2540 '0
3599 2486 3653 2540 δὲ
3673 2487 3786 2549 Gaia;

2226 2578 2402 2647 λόγος,
2425 2577 2501 2648 τῷ
2559 2578 2701 2632 κατὰ
2744 2579 2852 2631 τῶν
2883 2579 3072 2632 παθῶν
3121 2580 3506 2651 ἀνδριζομένῳ
3536 2583 3782 2634 ἀποτίκτει

2225 2672 2325 2745 τὴν
2347 2673 2404 2726 ὲν
2426 2675 2538 2736 τοῖς
2570 2671 2866 2743 πρακτέοις
2901 2672 3182 2727 εὐϐουλίαν
3202 2689 3217 2704 ο
3252 2674 3348 2726 καὶ
3381 2674 3499 2745 γὰρ
3518 2714 3533 2738 ,

2299 2853 2400 2908 κδ’.
2445 2855 2552 2909 Ἐν
2579 2853 2848 2920 ἀπωλείᾳ
2886 2852 3116 2920 ἀσεϐὴς
3151 2852 3567 2924 περιφέρεται,
3592 2855 3651 2910 ἐν
3675 2854 3797 2908 ἁπο-

2230 2945 2396 3016 τυχία
2417 2945 2578 2999 Θεοῦο
2611 2946 2640 2998 ὁ
2664 2945 2737 3017 μὴ
2764 2944 2941 3015 τιμῶν
2971 2945 3154 3007 αὑτὸν.
3181 2947 3324 3001 κατὰ
3354 2945 3597 3018 θεωρία-ι
3621 2947 3715 3018 μὲν
3737 2948 3801 3008 ὡς

2229 3039 2510 3109 ἀλήθειαν,
2555 3040 2696 3092 κατὰ
2750 3039 2949 3110 πρᾶξιν
2997 3038 3055 3092 δὲ
3116 3037 3192 3101 ὡς
3250 3039 3483 3106 ἀγαθὸν,
3526 3043 3642 3103 τοῖς
3695 3042 3801 3092 κατ’

2231 3121 2468 3202 ἔλλειψιν
2505 3132 2605 3204 τῆς
2625 3132 2826 3204 ἀρετῆς
2855 3132 2948 3186 καὶ
2981 3131 3290 3203 ὑπερϐολὴν
3328 3132 3534 3186 πάθεσι
3561 3134 3803 3204 apag-

2232 3242 2414 3283 -πεται.

2312 3408 2629 3478 Ἐπιθυμία
2675 3405 2745 3461 δὲ
2771 3405 3008 3460 δικαίου
3049 3405 3255 3472 dextri.
3302 3407 3368 3459 ’Β
3405 3405 3597 3474 ἔφεσις
3633 3406 3690 3458 δὲ
3716 3406 3801 3458 τοῦ

2227 3503 2297 3558 δι’
2321 3503 2577 3574 ἐναρέτου
2608 3501 2884 3562 πολιτείας
2906 3500 3175 3570 τιμῶντος
3204 3499 3362 3563 Θεὸν,
3416 3499 3621 3571 δηλαδὴ
3641 3502 3670 3553 ό
3705 3503 3799 3571 πρὸ

2225 3593 2337 3648 τῶν
2359 3593 2563 3646 λοιπῶν
2603 3593 2820 3646 πάντων
2852 3591 2986 3661 πρὸς
3009 3592 3173 3645 αὑτὸν
3197 3591 3387 3655 πόθος,
3418 3590 3798 3662 εὐπρόσδεκτος

2227 3684 2402 3754 τούτῳ
2434 3683 2605 3738 ἐστίν.

2299 3783 2397 3832 κε’.
2431 3775 3009 3846 Παραπορευομένης
3044 3772 3390 3844 καταιγίδος
3409 3815 3424 3838 .
3473 3773 3784 3844 ἀφανίζεται

2223 3868 2472 3938 ἀσεϐής.
2498 3868 2608 3921 Καὶ
2660 3866 2890 3938 μερικοῦ
2948 3867 3048 3936 τῆς
3079 3863 3401 3935 πειρασμοῦ
3437 3865 3537 3916 εἴθ’
3563 3866 3787 3917 ἑκουσίον

2229 3962 2328 4014 εἶτ’
2360 3959 2641 4020 ἀκουσίου,
2701 3957 3124 4028 ἀπροσδοκήτως
3171 3955 3552 4026 ἐπερχομένου
3597 3956 3692 4007 ὑπὸ
3711 3954 3792 4006 tu}

2228 4053 2328 4124 τῆς
2368 4051 2633 4124 πονηρίας
2659 4049 2968 4122 πνεύματος
2987 4089 3003 4113 ,
3039 4047 3335 4101 ἀπόλλυται
3365 4049 3397 4100 ὁ
3429 4048 3508 4119 μὴ
3525 4047 3587 4100 δι’
3615 4049 3796 4117 ἑγκρεο

2229 4148 2378 4210 τείας
2411 4145 2507 4202 καὶ
2529 4144 2810 4214 ὑπομονῆς
2841 4143 3015 4214 τιμῶν
3033 4142 3126 4194 τὸν
3148 4141 3302 4194 Θεόν.

2299 4237 2535 4300 Δίκαιος
2566 4233 2636 4288 δὲ
2690 4233 2998 4298 ἐκκλίνας,
3040 4231 3283 4293 σώζεται
3327 4234 3420 4297 είς
3464 4232 3576 4285 τὸν
3608 4231 3789 4285 αἰῶνα.

2245 4329 2302 4383 Ὀ
2364 4327 2420 4380 δὲ
2479 4326 2948 4398 ἐγκρατευόμενος
2985 4325 3083 4394 μὲν
3124 4325 3230 4377 τῶν
3263 4323 3392 4376 καθ’
3423 4324 3618 4395 ἡδονὴν
3659 4325 3790 4376 ἑκου-

2232 4416 2362 4470 σίων
2385 4415 2593 4480 παθῶν,
2627 4414 2913 4484 ὑπομένων
2965 4414 3023 4466 δὲ
3073 4414 3141 4466 τὰ
3179 4413 3303 4466 κατ’
3332 4413 3533 4482 ὀδύνην
3564 4414 3786 4472 ἀκούσια,

2231 4505 2320 4559 τὸν
2344 4506 2484 4558 κατὰ
2506 4504 2682 4576 ψυχὴν
2711 4502 2988 4573 διαφυγὼν
3021 4502 3286 4572 κίνδυνον,
3334 4504 3531 4576 ῥύεται
3559 4506 3655 4576 τῆς
3678 4507 3788 4558 αἰω-

2151 4575 2203 4636 Ῑ)
2228 4597 2343 4650 νίου
2377 4575 2670 4658 κολάσεως.

2303 4696 2416 4755 σις’.
2443 4690 2674 4756 Ὥσπερ
2708 4688 2906 4757 ὄμφαξ
2944 4687 3156 4742 ὀδοῦσι
3194 4687 3531 4753 βλαϐερὸν,
3579 4688 3669 4740 καὶ
3702 4703 3785 4739 ια-

2228 4784 2382 4848 πνὸς
2423 4782 2706 4851 ὄμμασιν,
2762 4781 2916 4835 οὕτω
2945 4781 3287 4847 παρανομία
3319 4779 3445 4844 τοῖς
3487 4778 3784 4848 χρωμένοις

2227 4871 2403 4940 αὐτῇ.
2435 4872 2544 4925 Καὶ
2571 4871 2759 4942 ὥσπερ
2788 4871 2999 4942 καρπὸς
3024 4869 3122 4938 μὲν
3149 4871 3325 4937 ἄωρος
3349 4872 3417 4939 τῇ
3447 4868 3559 4921 τῶν
3585 4869 3783 4921 ὀδόντων

2229 4963 2483 5035 ἐνεργείᾳ
2530 4963 2871 5032 λυμαίνεται,
2910 4962 3118 5025 καπνὸς
3149 4961 3206 5013 δὲ
3233 4963 3298 5031 τῇ
3329 4959 3443 5013 τῶν
3491 4959 3780 5030 ὀφθαλμῶν.

2227 5055 2372 5107 οὕτω
2419 5053 2530 5106 τῶν
2576 5054 2677 5124 τῆς
2725 5052 2906 5124 ψυχῆς
2956 5052 3280 5123 πρακτικῶν
3315 5052 3416 5106 καὶ
3457 5048 3782 5122 θεωρητικῶν

2227 5145 2528 5216 δυνάμεων,
2561 5147 2594 5214 ὴ
2632 5145 2945 5216 παράλογος
2971 5145 3101 5215 περὶ
3145 5142 3215 5196 τὰ
3245 5142 3566 5213 πρόσκαιρα
3584 5140 3776 5212 χρῆσις.

2226 5239 2341 5300 τοῖς
2365 5239 2494 5308 περὶ
2526 5237 2732 5305 ταύτην
2786 5236 3240 5305 καταγινομένοις
3264 5251 3278 5264 ’
3304 5235 3381 5301 ὡς
3402 5235 3498 5298 τὰς
3523 5234 3624 5304 μὲν
3654 5246 3772 5299 πρα-

2227 5326 2421 5386 κτικὰς
2452 5324 2660 5378 τούτων
2688 5325 2969 5392 δυνάμεις,
2991 5318 3080 5378 οἷά
3101 5325 3206 5392 πέρ
3223 5342 3377 5389 τινας
3396 5325 3614 5386 ὀδόντας
3628 5323 3774 5388 sipu-

2225 5417 2344 5488 διᾷν
2376 5416 2624 5480 ποιοῦσα,
2649 5417 2785 5487 πρὸς
2823 5415 2914 5487 τὴν
2945 5417 3086 5470 κατὰ
3109 5418 3302 5488 καιρὸν
3324 5417 3418 5471 τοῦ
3441 5416 3606 5479 ὅντως
3634 5409 3770 5466 uel-2‘3

2228 5510 2548 5572 ἀπόλαυσιν,
2578 5508 2665 5562 διὰ
2697 5509 2793 5579 τὴν
2824 5510 2974 5580 παρὰ
3011 5512 3206 5579 καιρὸν
3229 5509 3322 5563 τοῦ
3339 5508 3646 5569 δοκοῦντος·
3673 5505 3768 5560 ταῖς

2229 5601 2284 5654 δὲ
2312 5602 2697 5672 θεωρητικαῖς,
2717 5601 2874 5672 δίκην
2909 5601 3140 5664 καπνοῦ,
3159 5601 3548 5663 ὲπισκοτοῦσα,
3572 5596 3656 5651 καὶ
3684 5590 3767 5661 πρὸ

2228 5694 2322 5746 τοῦ
2355 5689 2882 5764 ἀπε).αοἧναιάύτὴν
2905 5694 2994 5747 διὰ
3025 5694 3122 5762 τῆς
3144 5695 3201 5745 ὲν
3230 5692 3503 5764 πνεύματι
3526 5689 3757 5758 γνώσεως.

2235 5784 2312 5855 μὴ
2339 5784 2729 5858 συγχωροῦσιν,
2755 5785 2983 5850 ταύταις
3022 5783 3263 5857 καθορᾷν
3297 5785 3394 5848 τὰς
3424 5783 3518 5853 τῆς
3547 5777 3758 5851 ἀληθείας

2233 5879 2429 5948 αὐγάς.
