4034 6514
184 328 296 395 1321

1179 335 1708 397 COMMENTARII
1763 336 1843 395 IN
1886 337 2337 399 PROVERBIA.

3252 343 3383 406 1322

239 449 328 512 κζ’.
359 448 540 510 Φόϐος
579 443 726 499 Θεοῦ
752 444 1152 512 προστίθησιν
1170 448 1410 514 ἡμέρας.
1443 450 1549 502 Καὶ
1572 450 1727 513 φόϐος

1906 449 2069 505 Vsus.
2100 451 2189 504 ‘27.
2214 452 2393 505 Timor
2426 452 2633 506 Domini
2666 456 2880 521 apponit
2931 454 3059 509 dies.
3116 455 3181 509 Et
3219 460 3383 511 timor
3452 432 3455 435 Ι

181 545 265 612 μὲν
285 541 438 601 θεῖος,
462 537 818 592 ἀπαλλάττων
853 537 945 589 τοῦ
978 538 1096 591 καθ’
1126 540 1401 609 ἁμαρτίαν
1430 542 1527 609 τῆς
1542 542 1720 610 ψυχῆς

177 633 410 693 θανάτου,
467 628 770 681 ἐπεκτείνει
810 629 910 697 τῆς
947 630 1230 697 παρούσης
1261 627 1405 698 ζωῆς
1440 630 1531 682 τοῦ
1559 648 1723 700 προσ.

172 724 433 791 η).ωμένου
488 719 635 789 αὑτῷ
672 722 775 782 τὰς
830 721 1076 789 ἡμέρας·
1109 720 1489 786 μεταϐιϐάζων
1536 721 1722 774 τοῦτον

174 814 294 884 πρὸς
319 811 414 881 τὴν
438 812 613 862 ἐκεῖσε
634 810 869 879 ἄληκτον
896 810 992 862 καὶ⁵
1017 809 1294 879 μακαρίαν
1327 808 1495 878 ζωήν.

235 905 370 965 Ἔτη
423 900 492 953 δὲ
537 900 772 954 ἀσεϐῶν
812 901 1304 969 (Samaria-artat.
1339 901 1401 952 Οἱ
1452 898 1507 953 δὲ
1544 900 1721 969 χρόνοι

172 992 257 1058 τῆς
279 990 418 1058 ζωῆς
437 990 544 1043 τῶν
566 990 642 1059 μὴ
677 991 982 1060 ὲμπρὰκτῳ
1026 991 1228 1058 γνώσει
1261 989 1543 1058 τιμώντων
1569 990 1721 1055 Θεὸν,

172 1080 645 1149 ἐλαττωθήσονται,
702 1080 801 1147 τῆς
864 1079 1244 1149 πνευματικῆς
1312 1079 1723 1149 διαμαρτόντων

172 1172 330 1241 ζωῆς·
371 1189 389 1220 ι
422 1171 647 1241 Ἀνδρες
673 1172 781 1240 γὰρ
812 1172 1057 1240 αἱμάτων
1083 1172 1175 1224 καὶ
1204 1169 1532 1241 δολιότητος,
1557 1170 1617 1222 οὑ
1646 1170 1722 1240 μὴ

172 1260 489 1332 ήμισεύσωσι
518 1263 615 1324 τὰς
645 1263 857 1331 ἡμέρας
882 1263 1081 1316 αὐτῶν.
1113 1282 1132 1314 ι

235 1351 331 1420 κη’.
353 1351 701 1419 Ἐγχρονίζει
733 1352 985 1416 δικαίοις
1004 1354 1372 1421 εὐφροσύνη.
1410 1353 1519 1413 Καὶ
1541 1371 1718 1425 παρα-

175 1442 307 1513 μένει
336 1443 431 1512 μὲν
462 1445 573 1505 τοῖς
611 1443 919 1512 ἀμέμπτως
972 1444 1431 1515 πολιτευομένοις,
1479 1463 1723 1516 πνευμα-

174 1531 282 1600 τικὴ
328 1531 665 1597 ἀγαλλίασις,
722 1533 798 1595 ώς
848 1534 924 1602 μὴ
952 1534 1352 1587 καταπίπτουσι
1390 1537 1502 1598 τοῖς
1547 1552 1721 1604 προσ-

173 1625 461 1691 πίπτουσιν,
489 1625 626 1679 ἀλλὰ
659 1625 888 1680 πάντοτε
927 1630 992 1697 τῇ
1040 1627 1217 1687 ἐλπίδι
1242 1627 1348 1685 τῶν
1381 1628 1724 1699 ἐπηγγελμέ-

174 1734 265 1770 νων
284 1715 499 1782 ἀγαθῶν
544 1717 847 1787 χαίρουσιν.

1821 542 2041 609 quidem
2074 545 2297 598 divinus
2332 560 2359 597 a
2393 556 2565 598 morte
2599 548 2933 615 animaequa:
2968 563 3062 616 per
3101 559 3383 616 peccatum

1820 640 1906 685 cst
1958 632 2217 699 liberans,
2252 635 2533 703 praesentis
2566 636 2690 690 vitae
2726 637 2845 690 dies
2873 637 3117 691 extendit
3161 638 3239 691 illi
3290 639 3384 707 qui

1823 721 1928 790 ipsi
1967 724 2247 790 adhaeret;
2283 725 2627 780 transferens
2660 741 2785 781 eum
2815 726 2884 781 ad
2918 728 3065 781 illam
3094 743 3203 783 non
3240 729 3386 784 desi-

1823 820 2045 867 nentem
2079 822 2133 866 et
2160 814 2376 870 beatam
2412 816 2607 868 vitam.

1890 902 2028 957 Anni
2059 914 2237 958 autem
2265 906 2549 975 intpiorum
2574 906 2965 960 breviabuntur.
2994 905 3260 975 Tempora
3289 923 3385 962 au-

1823 1006 1929 1050 tem
1972 998 2095 1050 vita:
2120 1012 2309 1051 eorum
2334 1000 2426 1067 qui
2458 1016 2567 1054 non
2601 1002 2780 1054 activa
2818 999 3181 1069 intelligentia
3215 1000 3380 1053 Deum

1822 1085 2030 1151 colunt,
2084 1087 2480 1142 breviabuntur
2535 1107 2549 1144 :
2604 1089 2821 1159 assequi
2875 1091 3020 1145 enim
3080 1093 3385 1157 nequibunt

1822 1175 2160 1243 spiritualem
2184 1177 2347 1231 vitam
2375 1195 2387 1230 :
2415 1197 2434 1228 ι
2464 1177 2577 1233 Viri
2604 1181 2748 1233 enim
2781 1178 3105 1249 sanguinum
3122 1189 3177 1234 ct
3208 1180 3383 1235 dolosi

1822 1279 1931 1318 non
1967 1265 2331 1320 dimidiabunt
2348 1267 2468 1323 dies
2482 1283 2631 1323 suos.
2661 1286 2679 1319 ι

1894 1354 2060 1411 Vsus.
2089 1355 2180 1410 28.
2212 1356 2556 1412 Inveterascit
2570 1344 2961 1427 justislaatitia.
2985 1360 3048 1415 Et
3079 1374 3388 1432 perseverat

1823 1448 2040 1515 quidem
2077 1448 2130 1501 in
2176 1449 2246 1504 iis
2281 1449 2373 1519 qui
2406 1450 2961 1519 irrcpreliensibiliter
3010 1464 3179 1521 agunt
3225 1456 3387 1523 spiri-

1824 1536 1989 1590 tualis
2019 1538 2338 1603 exsultatio;
2369 1538 2496 1606 quia
2528 1542 3034 1607 supervenientibus
3060 1558 3166 1596 non
3200 1544 3382 1612 oppri-

1824 1637 2070 1689 muntur,
2103 1628 2196 1682 sed
2236 1638 2497 1697 perpetuo
2551 1628 2950 1698 promissorum
2992 1631 3258 1685 bonorum
3292 1647 3387 1701 spe

1824 1716 2101 1773 lmtantur.
2462 1732 2465 1735 ‘

244 1806 442 1870 Ἐλπὶς
473 1807 542 1860 δὲ
575 1806 809 1862 ἀσεϐῶν
836 1808 1102 1864 ὄλλυται.
1141 1809 1201 1869 Ἡ
1232 1809 1278 1863 δ’
1313 1810 1403 1867 ἐπὶ
1423 1812 1532 1873 τοῖς
1554 1827 1720 1879 προσ-

1893 1803 2022 1873 Spes
2056 1814 2235 1858 autem
2265 1805 2549 1875 impiorum
2580 1806 2735 1876 perit.
2783 1804 2839 1859 In
2867 1809 3263 1864 momentaneis
3293 1824 3387 1863 au-

175 1897 364 1967 καίροις
393 1899 715 1969 πεποίθησις
742 1898 850 1952 τῶν
882 1900 957 1970 μὴ
1000 1902 1118 1957 κατ’
1152 1900 1472 1970 ἔμπρακτον
1525 1902 1726 1968 γνῶσιν

174 1987 435 2056 τιμώντων
461 1988 615 2050 Θεὸν,
645 1986 946 2040 ἀπόλλυται
986 1991 1062 2059 μὴ
1102 1989 1429 2057 ἱσταμένοις,
1460 1988 1593 2042 ἀλλὰ
1627 1989 1724 2040 "ca-

175 2080 297 2148 χὲως
326 2081 771 2147 παρερχομένοις.
1509 2128 1515 2134 .

237 2168 330 2221 κδ’.
372 2168 676 2235 Ὀχύρωμα
722 2168 900 2222 ὁσίου
939 2169 1121 2237 φόϐος
1166 2168 1404 2235 Κυρίου.
1461 2167 1570 2221 Καὶ
1617 2168 1724 2237 γὰρ

177 2258 372 2329 φυλακὴ
402 2259 505 2329 μὲν
536 2260 767 2330 ὑπάρχει
792 2260 869 2329 τῷ
889 2260 1188 2329 ὑπερϐάντι
1210 2260 1306 2328 τὴν
1331 2258 1470 2311 κατὰ
1502 2259 1591 2309 τὸν
1620 2276 1721 2326 φυ-

176 2348 310 2399 σικὸν
342 2350 504 2416 νόμον
528 2349 892 2418 δικαιοσύνην,
924 2353 1015 2402 καὶ
1047 2351 1444 2421 πολιτευομένῳ
1474 2351 1614 2404 κατὰ
1636 2352 1725 2403 τὸν

176 2442 546 2509 πνευματικὸν,
571 2444 599 2495 ό
627 2442 785 2508 ἁγνὸς
830 2444 923 2493 καὶ
952 2443 1220 2511 διαμένων
1248 2444 1328 2505 εἰς
1359 2442 1531 2496 αἰῶνα
1590 2442 1723 2495 αἰῶ-

176 2548 252 2593 νος
283 2532 416 2594 Θεῖος
448 2533 631 2603 φόϐος,
656 2534 733 2595 εἰς
754 2532 812 2585 τὸ
839 2533 1107 2602 μηδέποτε
1132 2533 1386 2589 ἐκπεσεῖν
1435 2534 1595 2586 αὑτὸν
1628 2534 1727 2603 τῆς

174 2623 310 2686 θείας
337 2625 575 2693 ἀγάπης,
608 2624 969 2694 περιπεσόντα
1002 2624 1080 2684 εἰς
1111 2624 1532 2693 καταφρόνησιν.

239 2714 522 2782 Συντριϐὴ
552 2715 621 2767 δὲ
650 2714 771 2780 τοῖς
811 2712 1221 2787 ἐργαζομένοις
1252 2712 1425 2766 κακά.
1451 2712 1637 2781 Θλίψις
1669 2714 1726 2767 δὲ

177 2810 259 2859 καὶ
277 2807 564 2879 κατὰνυξις
586 2806 719 2876 πρὸς
741 2807 1013 2878 σωτηρίαν
1026 2808 1090 2859 ὲκ
1116 2804 1417 2876 μεταμέλου
1434 2808 1543 2870 τοῖς
1562 2808 1729 2876 πράτ-

175 2914 340 2948 τουσιν
364 2896 661 2966 ἁμαρτίας.

236 2988 297 3043 λ’.
337 2990 573 3054 Δίκαιος
612 2990 699 3054 εἰς
736 2987 843 3041 τὸν
878 2986 1065 3043 αἰῶνα
1117 2988 1227 3041 οὐκ
1260 2984 1526 3045 ἐνδώσει.
1566 2986 1673 3040 Καὶ
1700 2988 1728 3040 ό

179 3083 266 3150 μὲν
288 3081 592 3151 προκρίνων
618 3080 723 3133 τῶν
755 3080 1103 3151 προσκαίρων
1125 3080 1192 3132 τὰ
1216 3080 1429 3142 αἰώνια,
1454 3079 1554 3133 οὑκ
1590 3081 1726 3149 ἀμε-

1827 1900 1933 1947 tem
1964 1911 2152 1950 eorum
2194 1895 2391 1950 fiducia
2422 1896 2515 1965 qui
2556 1896 2719 1950 Deum
2743 1912 2850 1951 non
2877 1896 3065 1951 colunt
3085 1900 3385 1953 secundum

1824 1985 2057 2037 activam
2096 1985 2514 2056 intelligentiam
2568 2001 2677 2040 non
2726 1986 3021 2049 stantibus,
3058 1974 3152 2042 sed
3202 1988 3389 2055 rapide

1826 2075 2241 2130 transeuntibus
2273 2077 2438 2146 perit.

1899 2166 2064 2224 Vens.
2095 2168 2184 2222 29.
2222 2167 2505 2223 Fortitudo
2564 2168 2639 2236 pii
2694 2168 2854 2221 timor
2905 2165 3137 2222 Domini.
3173 2167 3384 2223 Etenim

1824 2260 2074 2317 custodia
2108 2260 2327 2329 quidem
2380 2268 2463 2315 est
2496 2258 2767 2329 justitiam
2820 2260 3123 2313 secundum
3179 2271 3388 2314 natura:

1826 2353 1997 2423 legem
2024 2351 2435 2406 transcendenti
2468 2360 2520 2406 et
2538 2351 2836 2405 secundum
2858 2352 3196 2420 spiritualem
3219 2353 3385 2423 legem

1826 2442 2029 2512 agenti,
2057 2451 2242 2497 castus
2288 2452 2343 2496 et
2380 2456 2737 2509 perseverans
2787 2442 2840 2494 in
2897 2443 3157 2495 sweulum
3202 2444 3387 2497 δέρουιί

1828 2534 2049 2588 divinus
2112 2533 2293 2587 timor.
2351 2533 2640 2601 Nunquam
2701 2534 2844 2586 enim
2908 2532 3388 2587 decidctadivina

1827 2626 2118 2689 charitate,
2152 2625 2200 2679 si
2234 2626 2287 2680 in
2320 2625 2791 2694 contemptionem
2818 2625 3093 2679 inciderit.

1899 2714 2154 2785 Confusio
2185 2726 2359 2769 autem
2388 2716 2470 2769 his
2498 2716 2587 2784 qui
2608 2725 2894 2785 operantur
2924 2715 3088 2777 mala.
3123 2714 3391 2795 Contritio

1828 2816 2010 2861 autem
2046 2819 2099 2860 et
2123 2809 2478 2876 compunctio
2507 2807 2573 2860 ad
2605 2809 2837 2861 salutem
2867 2821 2932 2861 ex
2960 2807 3281 2875 poenitentia
3310 2806 3391 2859 fa-

1829 2897 2105 2952 cientibus
2135 2904 2379 2965 peccata.

1900 2984 2067 3040 Vsus.
2095 2987 2184 3040 '50.
2217 2985 2405 3041 Justus
2430 2986 2483 3039 in
2515 2994 2768 3040 aeternum
2808 3002 2911 3040 non
2967 2986 3388 3040 commovebitur.

1830 3079 1933 3146 Qui
1968 3081 2109 3135 enim
2156 3080 2552 3134 niomentaneis
2582 3088 2785 3133 aeterna
2821 3079 3123 3147 anteponit,
3149 3094 3261 3131 sua:
3304 3093 3394 3133 sa-

175 3174 317 3243 λήσει
335 3175 429 3242 τῆς
452 3171 648 3227 ἑαυτοῦ
677 3175 973 3243 σωτηρίας,
1012 3172 1148 3226 ἀλλὰ
1188 3172 1348 3243 μέχρι
1378 3171 1575 3236 παντὸς
1593 3175 1727 3242 ἀμε-

1833 3172 1963 3225 lutis
1984 3185 2091 3224 non
2122 3170 2406 3240 negligens
2434 3168 2561 3233 erit,
2598 3170 2690 3223 sed
2722 3168 2985 3222 continuo
3002 3176 3055 3221 et
3079 3176 3393 3222 constanter

176 3264 453 3334 ταστρεπτί
471 3264 609 3334 πρὸς
635 3264 767 3317 Θεὸν
796 3264 1002 3317 όδεύσει
1032 3264 1150 3317 κατ’
1177 3264 1374 3334 ἀρετήν
1396 3278 1408 3290 ·
1437 3264 1726 3332 ὑπομένων

175 3354 489 3424 εὐχαρίστως
529 3353 802 3408 πάντατὰ
836 3352 1178 3425 ἐπερχόμενα
1234 3352 1382 3423 αὑτῷ
1440 3353 1581 3408 κατὰ
1628 3354 1729 3423 τὴν

176 3448 440 3518 παροῦσαν
469 3447 641 3516 ζωήν.
1317 3515 1323 3519 ,

250 3539 507 3604 ’Δσεὸεῒς
534 3539 603 3591 δὲ
627 3541 737 3593 οὐκ
774 3539 1096 3605 οἰκήσουσι
1124 3539 1259 3608 γῆν.
1296 3541 1358 3592 Oi
1386 3539 1442 3593 δὲ
1476 3538 1551 3609 μὴ
1599 3538 1732 3591 Θεὸν

176 3634 537 3704 προτιμῶντες
570 3634 785 3687 πάντων
830 3632 941 3686 τῶν
981 3632 1049 3685 δι’
1097 3632 1263 3686 αὑτοῦ
1306 3633 1627 3699 γεγονότων,
1669 3632 1731 3684 οὑ

176 3725 477 3793 ποιήσονται
531 3724 794 3793 διαμονὴν
849 3722 990 3775 κατὰ
1038 3721 1297 3786 διάθεσιν,
1349 3722 1408 3772 ὲν
1438 3724 1504 3791 τῇ
1558 3720 1733 3791 παγίᾳ

175 3814 272 3877 iis:
310 3813 415 3866 τῶν
438 3813 649 3884 ἀρετῶν
676 3826 691 3839 “
722 3813 796 3874 ὡς
825 3815 935 3874 τοῖς
965 3812 1085 3863 κατ’
1127 3811 1363 3880 ἔλλειψιν
1403 3810 1606 3864 τούτων
1640 3812 1734 3864 καὶ

176 3904 465 3975 ὑπερϐολὴν
503 3906 588 3958 ἀεὶ
619 3902 1091 3975 περιπλανώμενοι
1120 3902 1367 3955 πάθεσιν.

236 4084 327 4138 λα’,
362 4085 563 4151 Στόμα
603 4080 836 4134 δικαίου
888 4074 1205 4137 ἀποστάζει
1246 4076 1491 4145 σοφίαν.
1542 4077 1650 4129 Καὶ
1697 4079 1730 4146 ἡ

178 4176 266 4244 μὲν
294 4176 481 4246 ἡρέμα
513 4173 897 4244 προφερομένη
924 4169 1239 4223 διδασκαλία
1268 4166 1362 4220 τοῦ
1419 4168 1735 4237 προκρίνονο

174 4283 254 4327 τος
306 4266 410 4318 τῶν
460 4264 819 4334 προσκαίρων
858 4262 926 4313 τὰ
973 4260 1184 4325 αἰώνια,
1226 4259 1544 4328 μεταδίδωσι
1581 4260 1735 4329 δίκην

176 4359 438 4425 σταγόνος,
462 4356 608 4412 κατὰ
628 4356 821 4426 βραχὺ,
850 4352 1180 4422 τελειότητος
1200 4353 1311 4414 τοῖς
1340 4350 1540 4420 ταύτης
1570 4368 1734 4420 μετα-

1831 3264 1895 3317 ad
1928 3262 2095 3318 Deum
2135 3262 2434 3317 secundum
2460 3262 2720 3315 virtutem
2762 3259 3086 3324 ambulabit,
3111 3274 3235 3313 cum
3265 3275 3393 3330 gra-

1831 3355 2027 3407 tiarum
2059 3353 2275 3407 actione
2302 3353 2585 3407 sustinens
2613 3338 2795 3407 onﬂia
2814 3366 2909 3422 per
2937 3361 3261 3421 praesentem
3310 3354 3390 3405 vi-

1831 3454 1942 3499 tam
1982 3445 2445 3513 supervenientia.

1902 3536 2059 3603 [mpii
2087 3548 2265 3588 autem
2314 3551 2416 3588 non
2464 3532 2775 3587 habitabant
2831 3548 2987 3602 super
3030 3542 3248 3587 terram.
3291 3531 3394 3598 Qui

1833 3636 2014 3683 autem
2046 3643 2157 3682 non
2204 3625 2374 3682 Deum
2429 3627 2685 3681 erunibus
2730 3633 3091 3693 anteponunt,
3131 3641 3250 3694 qua:
3302 3640 3399 3694 per

1835 3719 1986 3773 illum
2049 3718 2197 3773 facta
2232 3728 2382 3781 sunt,
2416 3734 2522 3771 non
2581 3717 2686 3772 sibi
2727 3733 2823 3787 per
2871 3718 3284 3785 dispositionem
3340 3717 3395 3769 in

1833 3808 2009 3861 solido
2063 3808 2329 3862 virtutum
2387 3808 2572 3862 habitu
2625 3808 2808 3862 sedem
2879 3808 3119 3870 facient;
3183 3821 3397 3875 semper

1832 3901 1976 3953 enim
2010 3915 2103 3968 per
2132 3900 2394 3954 virtutum
2430 3898 2696 3954 defectum
2725 3907 2818 3954 aut
2842 3912 3132 3954 excessum
3180 3898 3398 3966 cupidi-

1834 3990 2041 4044 tatibus
2076 3991 2540 4060 circumagentur.

1911 4079 2074 4135 Vens.
2103 4082 2193 4136 51.
2233 4081 2455 4150 Osjuszi
2481 4081 2711 4135 distillat
2762 4080 3097 4148 sapientiam.
3129 4086 3195 4135 Et
3220 4081 3400 4136 suavi-

1836 4181 1918 4227 ter
1947 4175 2163 4242 quidem
2193 4174 2402 4242 prolata
2428 4175 2681 4227 doctrina
2720 4173 2867 4227 illius
2894 4173 2985 4242 qui
3024 4172 3249 4227 caducis
3297 4186 3397 4225 au-

1837 4266 2045 4335 teponit
2083 4276 2303 4336 teterna,
2354 4268 2513 4321 stilla:
2552 4267 2744 4330 instar,
2771 4266 2976 4321 sensim
3011 4264 3399 4334 perfectionem

1837 4361 2067 4428 largitur
2100 4359 2168 4413 iis
2191 4360 2283 4429 qui
2316 4360 2463 4413 illam
2498 4359 2812 4430 suscipiunt
2845 4377 2860 4425 ;
2894 4374 2962 4414 eo
2991 4358 3135 4429 quod
3180 4359 3214 4412 ii
3242 4357 3401 4413 facile

173 4439 537 4518 λαμϐάνουσι,
570 4449 706 4519 πρὸς
760 4449 822 4501 τὸ
868 4445 1271 4517 εὑπαράδεκτον
1332 4439 1473 4496 εἶναι
1530 4443 1727 4515 ταύτην

1838 4466 1956 4506 eam
1984 4450 2408 4521 amplectantur.

175 4541 363 4602 αὐτοῖς.

236 4629 499 4685 Γλῶσσα
524 4629 591 4683 δὲ
618 4628 835 4683 ἀδίκου
861 4626 1175 4692 ἐξολεῒται.
1211 4626 1277 4682 Ἥ
1327 4627 1384 4680 δὲ
1437 4625 1733 4694 γλωσσολο-

172 4720 259 4787 γία
278 4721 383 4774 τῶν
409 4723 480 4775 τὰ
512 4722 825 4791 πρόσκαιρα
852 4720 960 4773 τῶν
983 4720 1215 4773 αἰωνίων
1262 4718 1728 4790 προαιρουμένων,

172 4812 668 4883 ἐξαφανισθησεται,
693 4814 772 4875 εἰς
800 4812 862 4863 τὸ
888 4810 1054 4881 μηδὲν
1079 4811 1382 4881 χωρήσασα
1403 4826 1419 4842 σ
1472 4810 1566 4863 καὶ
1603 4809 1729 4878 γὰρ,

234 4904 328 4973 λβ’.
354 4905 535 4970 Χείλη
563 4902 797 4972 ἀνδρῶν
826 4902 1071 4955 δικαίων
1096 4887 1414 4961 ἀθιοστάζὲι
1467 4898 1729 4968 χάριτας.

169 4995 228 5044 Οἰ
257 4994 351 5062 μὲν
389 4994 538 5061 λόγοι
565 4994 676 5048 τῶν
732 4995 873 5046 κατὰ
920 4994 1028 5046 τῶν
1083 4993 1269 5046 παθῶν
1314 4990 1729 5060 ἀνδριζομένων,

172 5087 259 5135 καὶ
288 5086 688 5155 προκρινόντων
732 5085 793 5135 τὸ
823 5084 991 5145 δντως
1049 5084 1252 5151 ἀγαθὸν
1306 5081 1401 5135 τοῦ
1430 5080 1731 5141 δοκοῦντος,

169 5174 251 5227 διὰ
273 5176 379 5227 τῶν
408 5175 552 5228 κατὰ
588 5176 751 5243 μέρος
775 5176 911 5243 πρὸς
939 5174 1253 5245 τελειότητα
1268 5170 1605 5233 ἀναδάσεων,
1634 5169 1734 5232 τὰς

170 5266 303 5318 κατὰ
325 5266 560 5334 Χριστὸν
592 5265 907 5336 χαρίζονται
936 5264 1221 5335 προκοπὰς
1250 5280 1263 5293 ·
1300 5263 1517 5333 πρῶτον
1545 5261 1736 5315 καθαί-

174 5373 373 5425 ροντες,
408 5354 525 5409 εἶτα
556 5356 901 5424 φωτίζοντες,
933 5358 1028 5409 καὶ¹
1062 5355 1204 5408 οὑτω
1236 5352 1565 5415 τελειοῦντες
1610 5353 1734 5415 τοὺς

170 5446 519 5515 πειθομένους
552 5447 755 5509 αὑτοῖς.

232 5538 427 5604 Στόμα
455 5536 523 5588 δὲ
544 5536 782 5591 ἀσεϐῶν
810 5535 1271 5604 ἀποστρέφεται.
1317 5535 1383 5588 Ἦ
1411 5534 1467 5588 δὲ
1501 5534 1735 5606 φλυαρία

167 5625 267 5678 τῶν
308 5627 382 5696 μὴ
414 5627 480 5678 δι’
506 5628 828 5698 έμπράκτου
859 5627 1110 5695 γνώσεως
1138 5624 1424 5694 τιμώντων
1458 5624 1612 5690 Θεὸν,
1643 5642 1732 5693 μι-

170 5716 324 5785 σητέα
355 5718 471 5769 ἐστὶ
497 5719 626 5788 παρ’
657 5719 825 5787 αὐτῷ.

442 5813 708 5875 Panos.
741 5815 853 5873 Gn.
888 5812 1232 5874 LXXXVII.

1902 4626 2107 4697 Lingua
2142 4635 2319 4681 autem
2347 4626 2537 4693 injusti
2590 4624 2801 4692 peribit.
2856 4622 3189 4693 Loquacitas
3220 4635 3397 4680 autem

1832 4731 2019 4771 eorum
2040 4716 2133 4785 qui
2163 4723 2543 4768 Inomentanea
2571 4714 2794 4767 aeternis
2842 4712 3161 4782 praferunt,
3202 4729 3401 4770 evane—

1833 4814 1971 4867 scet,
2010 4807 2064 4859 in
2086 4806 2313 4858 nihilum
2343 4805 2671 4875 aufugiens:
2704 4806 2929 4869 etenim,

1905 4895 2071 4951 Vsus.
2100 4897 2189 4951 '52.
2223 4895 2392 4950 Labia
2416 4896 2684 4950 hominum
2703 4899 2971 4966 justorum
2990 4896 3255 4952 distillant
3278 4914 3402 4967 gra-

1836 4987 2145 5042 tias.Verba
2179 4988 2400 5055 quidem
2424 5003 2613 5043 eorum
2645 4988 2739 5057 qui
2770 4988 3040 5042 adversus
3067 4988 3400 5057 cupiditates

1834 5092 2099 5148 generose
2149 5086 2415 5148 pugnant,
2446 5086 2500 5133 et
2530 5092 2717 5133 verum
2765 5078 2966 5133 bonum
3018 5093 3121 5134 suo
3147 5079 3404 5149 benepla-

1837 5169 1950 5221 cito
2003 5176 2367 5236 anteponunt,
2406 5184 2500 5239 per
2532 5169 2881 5224 successivos
2909 5171 2976 5222 ad
3009 5168 3399 5237 perfectionem

1838 5268 2128 5323 ascensus,
2167 5258 2469 5313 secundum
2499 5258 2775 5313 Christum
2807 5272 3129 5328 progressus
3161 5257 3402 5327 largiuno

1840 5360 1950 5415 tur,
1987 5350 2165 5419 primo
2224 5348 2603 5419 puriﬁcantes,
2628 5348 2825 5403 deinde
2882 5348 3278 5412 illuminantes,
3313 5358 3399 5401 at-

1837 5458 1943 5513 que
1971 5443 2043 5494 ita
2077 5454 2172 5495 eos
2205 5440 2544 5509 perficientes
2567 5441 2659 5509 qui
2694 5439 2828 5508 ipsis
2859 5438 3160 5494 conﬁdunt.

1913 5530 1985 5586 0s
2024 5541 2197 5584 autem
2230 5530 2515 5599 impiorum
2553 5538 2838 5583 avsrtetur.
2869 5526 3199 5598 Loquacitas
3221 5534 3400 5580 autem

1838 5637 2028 5678 eorum
2056 5621 2151 5690 qui
2186 5636 2293 5675 non
2328 5622 2493 5675 Deum
2552 5634 2647 5690 per
2697 5619 2929 5673 activam
2985 5615 3399 5688 intelligentiam

1843 5714 2049 5779 colunt,
2086 5710 2230 5780 apud
2270 5714 2442 5784 ipsum
2465 5710 2689 5767 odibilis
2712 5722 2814 5767 est.

2890 5803 2965 5863 1&2
