4034 6512
575 337 595 400 1
686 339 713 397 ἶ
1895 329 2168 390 ῐῚὶΟΟΟΓ

2279 330 2521 391 ΟΑΖίΈΙ
3711 325 3872 389 13ἓὶ

1246 436 1398 490 CAP.
1430 434 1519 486 XI.
2185 456 2225 495 Α

2185 456 2225 495 Λ
2866 436 3114 489 ΚΕΦΑΛ.
3141 434 3236 488 IA'.

648 536 817 589 Vens.
854 534 904 586 ιι.
936 532 1152 585 btatera
1188 528 1398 591 dolosa,
1428 526 1758 579 abominatio
1801 534 1927 580 ante
1977 523 2157 578 bomi-

2322 535 2392 581 a'.
2422 527 3163 598 Ζυγοὶὸὀλιοι,,βδέλυγμα
3187 526 3446 580 ἐνώπιον
3466 527 3713 593 Κυρίου.
3746 524 3875 577 Καὶ

577 643 724 681 num.
750 623 817 677 Et
845 621 1069 693 quidem
1102 617 1168 670 ad
1194 617 1460 669 virtutum
1488 614 1735 669 delectus
1762 614 1845 669 vel
1872 628 2151 676 excessus,

2279 622 2312 671 ιι
2346 621 2443 689 μὲν
2476 620 2615 690 πρὸς
2645 620 2743 683 τὰς
2776 619 3043 687 ἐλλείψεις
3068 604 3176 671 τῶν
3209 619 3423 689 ἀρετῶν
3448 616 3654 679 καὶτὰς
3676 617 3872 684 ὕπερ·-

578 719 645 773 ad
669 717 990 772 alterutram
1025 716 1235 779 partem
1262 716 1550 776 vergentes
1583 707 1779 760 anima:
1829 704 2155 775 dispositio.-

2278 711 2440 775 ῑολάς,
2480 713 2866 783 ἐτερορῤεπείς
2914 709 3015 780 τῆς
3060 710 3239 779 ψυχῆς
3272 710 3561 773 διαθέσεις,
3598 724 3871 777 μεμιση-

580 826 698 873 nes,
734 805 967 863 odibiles
999 809 1129 857 sunt
1157 806 1284 852 ante
1311 796 1507 852 faciem
1562 797 1717 851 illius
1765 792 1861 867 qui
1905 795 2157 866 prohibet

2278 802 2419 855 ιέναι
2448 802 2589 854 είσὶν
2636 800 2948 872 ἔμπροσθεν
2987 799 3082 853 τοῦ
3121 800 3506 869 ἐντελλομένου
3556 800 3636 869 μὴ
3670 797 3871 850 ἐκκλε-

580 919 647 956 ne
672 900 1017 955 declinemus
1053 890 1123 945 ad
1158 891 1465 953 dexteram,
1492 890 1577 944 vel
1600 890 1667 945 ad
1715 888 2022 952 sinistram,
2052 885 2158 941 Do-

2270 911 2367 947 iew
2395 895 2545 964 ἡμᾶς
2587 892 2711 963 μήτ’
2748 895 2830 956 εἰς
2870 892 2938 945 τὰ
2967 891 3138 959 δεξιὰ,
3169 890 3295 962 μήτ’
3331 893 3412 955 εἰς
3460 893 3508 944 τ’
3550 890 3863 961 ἀριστερὰ,

578 994 708 1052 mini
734 990 977 1047 omnium
1004 986 1118 1049 Dei,
1149 991 1208 1037 ut
1232 998 1262 1037 a
1287 999 1414 1039 vero
1430 983 1572 1039 bono
1600 992 1653 1039 ct
1700 982 1960 1051 utrinque
2003 981 2159 1035 aber-

2271 987 2527 1037 δεσπότου
2573 984 2683 1037 τῶν
2710 983 2849 1037 ὅλων
2878 982 3036 1048 Θεοῦ,
3086 982 3161 1045 ὡς
3206 981 3301 1034 τοῦ
3346 982 3517 1044 δντως
3547 980 3719 1035 καλοῦ
3758 979 3864 1032 καὶ

580 1099 788 1143 rantes.

2256 1074 2652 1147 ἀμφοτέρωθεν
2686 1074 3124 1145 ἀμαρτάνουσαι.

650 1177 866 1230 Pondus
894 1191 1014 1228 vero
1048 1188 1252 1239 mquum
1286 1178 1577 1237 arcrptum,
1600 1168 1703 1221 illi.
1729 1166 1861 1232 Qum
1890 1165 1942 1219 in
1975 1162 2157 1219 medio

2327 1165 2625 1235 Στάθμιον
2677 1164 2747 1217 δὲ
2788 1165 3045 1230 δίκαιον,
3093 1165 3310 1218 δεκτόν
3354 1162 3535 1227 αὐτῷ.
3582 1164 3649 1216 Ἥ
3686 1163 3750 1213 ὲν
3787 1162 3858 1231 τῇ

576 1270 796 1322 virtutis
834 1267 1221 1335 contemplans
1274 1278 1389 1335 non
1433 1260 1677 1315 declinat
1713 1258 1779 1311 ad
1822 1255 2157 1325 cupiditates

2268 1258 2518 1328 μεσότητι
2550 1257 2608 1310 δὲ
2656 1258 2759 1327 τῆς
2805 1258 3009 1328 ἀρετῆς
3044 1257 3393 1325 θεωρουμένη
3424 1254 3678 1327 degant;
3706 1253 3861 1321 πρὶς

576 1360 878 1416 secundum
921 1357 1142 1410 virtutis
1192 1353 1464 1408 defectum
1532 1360 1626 1404 aut
1672 1348 2152 1419 exaggerationem

2267 1354 2323 1406 τὰ
2352 1353 2475 1407 κατ’
2514 1352 2754 1423 ἔλλειψιν
2789 1351 3000 1422 ταύτης
3044 1353 3141 1404 καὶ
3186 1350 3494 1422 ὑπερϐολὴν
3538 1348 3693 1415 πάθη
3730 1347 3860 1398 διὰ·

574 1452 769 1505 animae
798 1447 1106 1519 dispositio,
1127 1446 1201 1498 illi
1228 1446 1366 1499 bene
1393 1450 1615 1511 accepta
1645 1447 1768 1503 est;
1791 1438 1997 1508 quippe
2023 1451 2147 1507 qua:

2265 1446 2407 1509 θεσις
2444 1446 2543 1515 τῆς
2595 1444 2796 1515 ψυχῆς,
2848 1445 3247 1515 εὐπρόσδεκτος
3287 1444 3524 1513 ὑπάρχει
3576 1442 3735 1512 αὐτῷ
3776 1439 3858 1501 ὡς

572 1557 701 1595 vero
736 1541 879 1594 bono
909 1538 1149 1604 Studeat.

2254 1535 2347 1588 τοῦ
2375 1537 2545 1600 ὄντως
2574 1535 2876 1607 όρεγομένη
2908 1536 3101 1591 καλοῦ.

640 1632 809 1688 Vens.
844 1628 900 1685 2.
936 1630 1052 1696 Quo
1095 1630 1335 1697 ingressa
1372 1624 1472 1677 erit
1504 1619 1840 1683 contumelia,
1873 1619 1946 1673 ibi
1985 1628 2033 1673 et
2061 1618 2151 1672 de-

2327 1626 2391 1697 β’.
2438 1622 2521 1681 Οὗ
2574 1627 2685 1679 ἐὰν
2738 1627 2982 1695 εἰσέλθῃ
3030 1628 3236 1696 ὕϐρις,
3285 1626 3415 1681 ἐκεῖ
3460 1627 3558 1679 καί
3610 1626 3855 1695 ἀτιμία.

570 1725 750 1779 decus.
800 1723 862 1775 Et
909 1737 1075 1791 super
1113 1735 1265 1782 eum,
1316 1718 1369 1771 in
1404 1731 1564 1786 quem
1596 1716 1905 1784 ingressum
1943 1713 2048 1766 erit
2084 1727 2150 1766 ex

2266 1718 2365 1769 Kal.
2397 1718 2482 1784 ἐφ’
2518 1717 2577 1770 ὃν
2607 1717 2707 1787 μὲν
2739 1717 2805 1772 ἂν
2832 1718 3201 1771 εἰσελεύσεται
3242 1720 3299 1785 ἐξ
3328 1719 3709 1788 ὑπερηφανίας
3740 1718 3859 1787 μῶ-

572 1817 891 1886 an'Ogantia
926 1814 1185 1884 probrum
1226 1818 1415 1864 contra
1451 1807 1784 1878 proximum,
1824 1806 1995 1857 irruet
2029 1818 2141 1873 per-

2265 1826 2357 1877 μος
2392 1807 2536 1862 κατὰ
2589 1808 2683 1860 τοῦ
2722 1808 2914 1875 πέλας,
2949 1809 3095 1880 πάθη
3124 1810 3350 1879 ἀτιμίας
3376 1808 3517 1861 κατὰ
3551 1808 3858 1879 συγχώρη-

572 1911 744 1963 missu
797 1908 982 1963 divino
1035 1904 1323 1959 dedecoris
1369 1903 1549 1967 dolor,
1582 1908 1640 1954 ut
1666 1898 2028 1952 humilitatem
2061 1895 2146 1950 di-

2263 1914 2342 1950 σιν
2384 1898 2537 1951 θείαν
2572 1896 2989 1968 καταλαμϐάνει
3038 1898 3222 1960 αὐτὸν,
3264 1898 3329 1951 ἶν’
3375 1898 3715 1967 ὲκπαιδευθῇ
3748 1914 3856 1948 τα-

569 2010 707 2055 seat.

2255 1991 2648 2060 πεινοφρονεῖν.

639 2092 806 2146 Vitas.
848 2090 901 2144 '5.
948 2087 1021 2143 0s
1077 2096 1255 2139 autem
1282 2082 1577 2151 Lhumilium
1613 2088 1768 2134 curat
1808 2077 2143 2145 sapientiam.

2324 2081 2396 2150 γ’.
2416 2083 2612 2150 Στόμα
2636 2081 2703 2134 δὲ
2718 2081 3015 2136 ταπεινῶν
3032 2080 3257 2151 μελετᾷ
3295 2084 3539 2152 σοφίαν.
3554 2084 3622 2135 Ἦ
3649 2083 3704 2135 δὲ
3724 2083 3851 2135 διεί-

566 2182 770 2238 Εοξτικιι
806 2190 985 2235 autem
1024 2178 1288 2249 cogitatio
1333 2175 1424 2245 qui
1476 2187 1597 2227 sese
1645 2172 1712 2224 de
1752 2172 1868 2225 suis
1905 2167 2146 2239 peccatis

2255 2190 2370 2227 νοια
2396 2173 2504 2225 τῶν
2528 2174 2996 2245 ὲπιμεμφομένων
3024 2176 3240 2237 ἑαυτοῖς
3270 2176 3364 2227 ἐπὶ
3401 2178 3512 2239 τοῖς
3540 2175 3848 2245 παραπτιὶ-

571 2274 1000 2345 ieprehendunt,
1024 2271 1192 2325 discit
1218 2268 1563 2339 sapientiam,
1592 2264 1807 2317 initium
1841 2262 1963 2332 ejus
1996 2261 2146 2314 timo-

2256 2282 2408 2335 μασι,
2432 2265 2695 2335 μανθάνει
2724 2266 2936 2336 σοφίαν·
2966 2267 3141 2339 ἀρχὴν
3165 2266 3372 2339 ταύτης
3388 2267 3481 2319 τὸν
3508 2266 3600 2320 τοῦ
3633 2266 3842 2337 Κυρίου

569 2385 682 2423 rem
710 2366 925 2421 Domini
950 2364 1179 2418 iaciens.

1172 2403 1179 2417 ,
2254 2355 2419 2425 φόϐον
2446 2357 2765 2427 ποιουμένη.

640 2460 807 2514 Vitas.
830 2459 878 2513 ι.
900 2454 1324 2522 JIortuusjustus
1351 2446 1953 2518 reliquitpwnitentiam.
1974 2444 2147 2499 Eloc-

2322 2449 2383 2503 δ’.
2426 2449 2777 2504 Ἀποθανὼν
2810 2449 3042 2515 δίκαιος
3088 2448 3261 2503 ἔλιπε
3308 2449 3671 2519 μετάμελον.
3715 2450 3833 2503 Καὶ

562 2552 716 2604 (τὶειιε
750 2548 972 2620 quidem
996 2545 1088 2614 qui
1137 2540 1692 2611 irreprehensibiliter
1712 2537 1925 2608 agebat,
1950 2535 2030 2590 eis
2051 2535 2143 2605 qui

2256 2538 2535 2607 φονευθεὶς
2570 2537 2669 2608 μὲν
2703 2539 2731 2591 ὁ
2768 2537 3074 2608 ἀμέμπτως
3096 2538 3540 2608 πολιτευόμενος,
3578 2539 3837 2592 κατέλιπε

570 2646 747 2710 ipsum
767 2638 1107 2697 occiderunt,
1130 2630 1507 2703 pcenitcntiam
1534 2628 1759 2698 reliquit
1776 2626 1921 2681 deiis
1947 2640 2068 2696 quae
2088 2625 2145 2678 in

2252 2633 2365 2693 τοῖς
2395 2630 2558 2684 αὑτὸν
2595 2630 2991 2694 θανατώσασιν,
3036 2632 3121 2700 ἐφ’
3150 2626 3235 2695 οἷς
3265 2633 3346 2695 είς
3382 2632 3547 2684 αὐτὸν
3576 2633 3834 2701 πεπλημ-

570 2736 747 2802 ipsum
774 2728 1137 2790 admiserunt,
1159 2721 1413 2794 praesenti
1449 2719 1669 2791 quidem
1720 2725 1969 2787 tempore
2017 2730 2146 2770 con-

2257 2724 2549 2794 μελὴκασι,
2596 2722 2984 2794 μεταμέλειαν,
3030 2722 3127 2794 τὴν
3173 2724 3317 2778 κατά
3340 2724 3397 2777 τὸ
3435 2724 3609 2795 παρὸν
3644 2725 3744 2794 μὲν
3777 2725 3837 2775 τὸ

568 2824 853 2879 scientiam
892 2819 1316 2892 percutientem,
1352 2814 1539 2869 futuro
1569 2818 1752 2868 autem
1788 2808 1994 2865 saeculo
2025 2821 2146 2877 per-

2256 2814 2493 2879 συνειδὸς
2553 2815 2919 2887 πλήττουσαν,
2968 2816 3111 2869 κατά
3150 2816 3208 2870 τὸ
3251 2815 3445 2887 μέλλον
3468 2816 3524 2870 δὲ
3568 2816 3838 2887 διηνεκῶς

573 2926 737 2986 ινιιιιιο
758 2916 1100 2987 punientem.

1010 2928 1100 2966 :m.
2253 2908 2603 2973 κολάζουσαι).

640 3006 965 3076 Repentinus
1016 3010 1195 3056 autent
1242 2998 1438 3053 accidit
1466 2993 1806 3065 etjucundus
1861 2992 2145 3060 impiorum

2326 3001 2649 3069 Πρόχειρος
2696 3001 2764 3055 δὲ
2796 3002 3021 3071 γίνεται
3079 3002 3177 3055 καὶ
3229 3002 3556 3071 ἐπίχαρτος
3598 3000 3837 3056 ἀσεϐῶν

573 3100 844 3153 interitus.
874 3094 991 3149 Non
1020 3092 1289 3147 inhibitus
1330 3096 1509 3143 autem
1544 3086 1746 3141 accidit
1769 3093 1824 3139 et
1865 3082 2143 3153 jucundus

2253 3090 2542 3145 ἀπώλεια.
2594 3091 2897 3157 Ἀκώλυτος
2930 3094 2989 3146 δὲ
3036 3094 3245 3162 γίνεται
3274 3094 3369 3147 καὶ
3412 3094 3766 3165 εὐφρόσυνος,
3807 3096 3837 3147 δ

567 3193 709 3246 male
745 3188 1026 3260 agentium
1051 3195 1108 3241 et
1133 3186 1256 3239 ideo
1289 3198 1398 3237 non
1425 3179 1722 3235 colentium
1753 3177 1922 3231 Deum
1949 3172 2148 3229 interi-

2253 3181 2362 3234 τῶν
2387 3182 2735 3249 ἱκακοποιῶν,
2772 3185 2865 3238 καὶ
2895 3184 2985 3237 διὰ
3028 3184 3186 3238 τοῦτο
3233 3184 3309 3255 μὴ
3353 3184 3636 3255 τιμώντων
3678 3186 3830 3247 Θεὸν,

569 3297 695 3349 tus;
734 3282 864 3352 quia
915 3286 969 3334 et
1008 3292 1200 3349 poenas
1390 3272 1533 3327 male
1593 3277 1841 3324 actorum
1891 3266 2150 3338 praesenti

569 3387 816 3419 ipmnnm
845 3370 1140 3419 dederunt.
1176 3378 1230 3419 et
1378 3364 1489 3418 illis
1520 3361 1725 3419 iniuste
1778 3359 1973 3419 habiti,
2002 3371 2153 3413 acce-

2255 3269 2505 3341 ὄλεθρος·
2558 3271 2639 3324 ὅτι
2678 3289 2737 3325 τε
2770 3273 2869 3335 τάς
2907 3272 3063 3337 δίκας
3104 3267 3249 3328 οὗτοι
3295 3275 3404 3328 τῶν
3433 3275 3619 3339 αὐτοῖς
3648 3275 3835 3339 κακῶς

2256 3364 2685 3419 πεπραγμένων.
2732 3366 2873 3419 κατὰ
2920 3368 2980 3418 τὸ
3034 3367 3211 3419 παοδν
3261 3367 3582 3419 ἀπέδωκαν.
3634 3369 3731 3419 καὶ
3784 3369 3834 3419 οξ

544 3387 816 3444 tempore
845 3370 1141 3431 dederunt,
1176 3378 1230 3421 et
1257 3359 1329 3419 τι)
1378 3364 1489 3418 illis
1520 3361 1725 3432 injuste
1778 3359 1973 3425 habiti,
2002 3371 2137 3413 acce

2256 3364 2685 3435 πεπραγμένων,
2732 3366 2873 3419 κατὰ
2920 3368 2980 3418 τὸ
3034 3367 3211 3437 παρὸν
3261 3367 3582 3433 ἀπέδωκαν,
3634 3369 3731 3421 καὶ
3784 3369 3833 3419 οξ

569 3466 677 3536 ptis
701 3464 770 3519 ab
811 3462 1005 3518 iisdem
1032 3457 1255 3527 injuriis
1306 3454 1523 3510 liberati
1548 3460 1698 3510 sunt.

2257 3454 2386 3524 παρ’
2414 3454 2593 3507 αὐτῶν
2615 3456 2981 3528 ’κακούμενοα
3020 3458 3128 3511 τῶν
3163 3460 3294 3530 παρ’
3321 3459 3500 3513 αὐτῶν
3538 3461 3834 3513 κακώσειαν

2256 3544 2547 3616 ἀπηλλάγη
2556 3562 2674 3601 σαν.

639 3642 801 3697 Vnus.
822 3642 873 3697 5.
899 3639 1125 3694 Iustitia
1142 3635 1393 3706 simplicis
1406 3634 1583 3704 dirigit
1600 3632 1726 3685 vias.
1743 3629 1954 3684 Etenim
1969 3629 2156 3682 immo-

2327 3644 2388 3691 ε’.
2421 3640 2785 3706 Δικαιοσύνη
2833 3639 3077 3710 ἀμώμου
3130 3641 3441 3710 δρθοτομεῒ
3474 3642 3670 3708 ὁδούς.
3722 3643 3829 3697 Καὶ

567 3744 681 3789 tum
730 3736 796 3788 de
818 3732 1043 3802 agendis
1079 3728 1348 3799 judicium
1408 3722 1964 3794 irreprehensibiliter
1996 3736 2158 3790 agen-

2256 3728 2410 3798 γάρὴ
2444 3730 2691 3802 ἀρῤεπὴς
2717 3732 2809 3784 ἐπὶ
2838 3736 2952 3795 τοῖς
2986 3734 3282 3803 πρακτέοις
3318 3733 3497 3805 κρίσις
3521 3736 3616 3787 τοῦ
3648 3734 3830 3807 ἀμέμ-

570 3832 638 3886 tis
679 3825 1009 3881 inﬂexibilcs
1028 3822 1094 3878 ad
1118 3822 1446 3893 cupiditates
1463 3817 1762 3873 secundum
1786 3811 2157 3867 virtutisdel’e-

2258 3838 2408 3884 πτως
2440 3824 2887 3893 πολιτευομένου,
2927 3826 3366 3895 ἀπαρεγκλίτους
3418 3827 3555 3897 πρὸς
3604 3828 3671 3880 τὰ
3712 3827 3828 3881 κατ’

567 3934 717 3977 ctum
753 3928 845 3974 aut
877 3932 1161 3973 excessum
1226 3914 1354 3969 facit
1388 3911 1507 3982 ejus
1563 3908 1862 3965 secundum
1895 3905 2152 3960 virtutem

2257 3910 2493 3982 ἔλλειψιν
2513 3914 2613 3985 τῆς
2651 3916 2854 3985 ἀρετῆς
2887 3919 2981 3969 καὶ
3021 3916 3326 3987 ὑπερϐολὴν
3358 3918 3504 3988 πάθη
3552 3922 3699 3972 ποιεῖ
3733 3919 3827 3982 τὰς

568 4015 792 4070 semitas
824 4029 840 4077 ;
880 4008 1166 4079 inquibus
1221 4013 1344 4077 post
1388 4004 1566 4074 ipsum
1602 4000 1948 4056 ambulantes
1974 3997 2154 4051 salute

2256 4006 2377 4057 κατ’
2412 4006 2613 4077 ἀρετὴν
2656 4008 2881 4078 τρίϐους
2920 4009 3081 4061 αὑτοῦ
3116 4026 3129 4041 ·
3169 4009 3233 4073 ἃς
3262 4012 3312 4064 οἱ
3341 4012 3622 4082 ἑπομένως
3659 4014 3822 4082 τούτῳ

569 4104 716 4175 digni
754 4102 1053 4157 habentur.

2258 4097 2555 4163 ὁδεύοντες,
2590 4100 2865 4171 σωτηρίας
2900 4101 3194 4168 ἀξιοῦνταιι

644 4216 710 4270 In
739 4214 1012 4282 impietate
1040 4219 1217 4263 autem
1234 4215 1443 4262 corruet
1477 4201 1763 4273 impius.lu
1799 4199 2151 4271 ignominiam

2340 4212 2605 4277 Ἀσεϐείᾳ
2639 4211 2709 4265 δὲ
2744 4214 3083 4281 περιπίπτει
3111 4215 3352 4285 ᾶνομες.
3398 4217 3491 4280 El;
3526 4217 3747 4289 ἀτιμίαν
3770 4218 3819 4270 ιι

575 4310 665 4363 Dei
696 4322 793 4378 per
829 4303 1053 4360 malitia:
1091 4315 1257 4370 opera
1287 4298 1482 4353 incidit
1509 4298 1601 4367 qui
1634 4294 2021 4351 mandatorum
2060 4288 2151 4344 Del

2258 4301 2416 4366 Θεοῦ,
2444 4304 2532 4357 διὰ
2556 4304 2666 4357 τῶν
2693 4305 2793 4375 τῆς
2834 4305 3031 4369 κακίας
3062 4306 3259 4376 ἔργων,
3288 4309 3551 4377 ἐμπίπτει
3573 4311 3603 4363 ό
3628 4310 3820 4363 ἀθετῶν

572 4403 743 4470 legem
785 4396 1066 4467 reprobat.
1088 4393 1325 4459 Etenim,

2257 4394 2348 4447 τὸν
2372 4395 2534 4465 νόμον
2556 4394 2667 4448 τῶν
2689 4395 2783 4448 τοῦ
2807 4395 2940 4449 Θεοῦ
2962 4398 3213 4451 ἐντολῶν.
3244 4400 3353 4452 Καὶ
3384 4399 3520 4470 γὰρ,

641 4513 809 4569 Vsus.
843 4511 896 4566 6.
924 4508 1149 4564 Iustitia
1197 4507 1295 4563 viri
1345 4504 1474 4559 recti
1507 4500 1748 4556 liberabit
1775 4515 1885 4554 eos.
1914 4497 2152 4568 lrrepre-
2182 4482 2231 4540 ο

2228 4502 2231 4519 ί
2330 4516 2404 4575 ς’.
2437 4511 2802 4580 Δικαιοσύνη
2833 4512 3070 4580 ἀνδρῶν
3091 4513 3283 4581 ὀρθῶν
3302 4516 3559 4582 ῥύσεται
3589 4518 3821 4581 αὐτούς.

570 4607 859 4662 hensibilis
885 4603 1108 4675 quidem
1140 4615 1331 4657 eorum
1359 4597 1469 4652 vita
1502 4595 1596 4666 qui
1627 4607 1890 4665 generose
1920 4592 1976 4647 in
2007 4590 2156 4661 cupi-

2272 4598 2334 4652 'H
2388 4598 2488 4668 μὲν
2533 4600 2823 4670 ἄμεμπτος
2860 4602 3105 4654 πολιτεία
3143 4602 3249 4655 τῶν
3296 4602 3436 4656 κατά
3480 4604 3592 4658 τῶν
3649 4605 3825 4658 παθῶν

572 4701 770 4756 ditates
816 4706 1084 4768 pugnant,
1139 4700 1194 4749 et
1242 4688 1593 4747 inﬂexibilem
1630 4685 1699 4769 ad
1750 4685 1951 4741 malum
1988 4682 2155 4736 virtu-

2256 4690 2680 4760 ἀνδριζομένων,
2712 4693 2809 4746 καὶ
2841 4694 3241 4763 ἀπαρέγκλιτον
3266 4696 3403 4764 πρὸς
3426 4695 3629 4749 κακίαν
3651 4714 3825 4750 ποιον-

572 4792 645 4846 tis
680 4804 905 4845 cursum
940 4788 1172 4849 faciunt,
1203 4799 1301 4840 eos
1338 4781 1537 4851 eripiet
1585 4779 1654 4832 ab
1684 4792 1749 4833 eo
1780 4774 1925 4846 quod
1955 4788 2153 4829 secun-

2258 4781 2438 4850 μένων
2486 4783 2576 4836 τὸν
2626 4784 2829 4855 δρόμον
2892 4790 2990 4856 τῆς
3045 4787 3266 4858 ἀρετῆς,
3313 4788 3580 4852 ὲξελεῖται
3612 4790 3825 4851 τούτους

573 4880 702 4934 dum
732 4879 972 4932 animam
997 4890 1095 4945 per
1115 4872 1451 4943 cupiditates
1465 4870 1621 4941 juxta
1643 4864 1915 4923 delectum
1930 4860 2152 4918 virtutis

2254 4871 2349 4924 τοῦ
2385 4873 2527 4925 κατά
2556 4872 2756 4945 ψυχὴν,
2808 4874 2897 4929 διὰ
2924 4875 3031 4928 τῶν
3069 4877 3190 4929 κατ’
3218 4876 3453 4947 ἔλλειψιν
3502 4878 3605 4947 τῆς
3636 4880 3822 4950 ἀρετῆς

575 4979 670 5024 aut
690 4982 983 5025 excessum
1005 4974 1110 5031 est,
1154 4964 1421 5036 periculo,

2258 4963 2353 5017 καὶ
2387 4963 2694 5036 ὑπερϐολὴν
2734 4965 2944 5030 παθῶν,
2986 4965 3255 5023 κινδύνου.

651 5081 938 5152 Ιηιρῐειαιε
966 5088 1145 5133 autem
1178 5094 1276 5131 sua
1309 5076 1590 5144 capiuntur
1640 5076 1955 5140 peccatores.
1984 5065 2152 5119 Deum

2333 5076 2418 5144 Τῇ
2460 5077 2529 5131 δὲ
2560 5079 2806 5146 ἀσεϐείᾳ
2847 5080 3048 5134 αὐτῶν
3080 5081 3442 5136 dat/axona;
3474 5082 3823 5150 παράνομοι.

576 5173 878 5229 secundum
927 5172 1167 5227 animam
1220 5184 1329 5224 non
1382 5168 1623 5223 colentes
1661 5178 1758 5218 sua
1793 5159 2157 5231 dispositione

2257 5170 2334 5239 Τῇ
2374 5169 2430 5222 δὲ
2472 5169 2547 5241 μὴ
2588 5170 2722 5224 Θεὸν
2758 5172 2976 5242 τιμώσῃ
3024 5175 3164 5227 κατά
3213 5174 3393 5245 ψυχὴν
3424 5174 3668 5228 διαθέσει
3714 5176 3827 5227 ἑαυ-

576 5267 891 5337 rapiuntur,
939 5264 1032 5335 qui
1085 5262 1403 5318 divinorum
1440 5256 1824 5313 mandatorum
1855 5253 2027 5324 legem
2069 5264 2154 5304 re-

2255 5260 2387 5323 τῶν,
2442 5260 2764 5331 κατέχονται
2819 5264 2868 5315 οί
2918 5263 3010 5315 τὸν
3044 5264 3205 5333 νόμον
3246 5265 3357 5317 τῶν
3393 5264 3557 5317 θείων
3607 5263 3823 5318 ἐντολῶν

580 5359 835 5429 probant.

2254 5349 2594 5414 ἀθετοῦντες.

650 5474 817 5530 Vens.
875 5473 926 5527 7.
965 5470 1177 5525 Mortuo
1232 5468 1438 5521 homine
1481 5466 1651 5536 justo,
1689 5478 1793 5516 non
1849 5460 1986 5529 perit
2014 5473 2148 5526 spes.

2328 5464 2393 5527 ζ’.
2428 5464 2913 5531 Τελευτήσαντος
2929 5465 3147 5534 ἀνδρὸς
3166 5466 3360 5519 ὃικαΐο
3370 5484 3425 5529 υ,
3448 5468 3561 5519 οὐκ
3585 5466 3819 5519 ὄλλυται

590 5566 654 5619 Et
688 5574 904 5619 mortuo
928 5561 1149 5633 quidem
1183 5561 1276 5614 illo
1298 5558 1390 5629 qui
1425 5558 1480 5611 in
1513 5553 1843 5625 cupiditates
1887 5564 2152 5620 generose

2255 5554 2450 5621 ἐλπίς.
2470 5556 2582 5609 Καὶ
2599 5555 2960 5620 ἀποθανόντος
2992 5558 3089 5628 μὲν
3112 5556 3203 5611 τοῦ
3228 5556 3370 5610 κατὰ
3388 5556 3496 5609 τῶν
3514 5558 3698 5610 παθῶν
3712 5573 3817 5623 γενο

582 5655 851 5727 pugnavit
885 5661 938 5708 et
967 5669 996 5708 a
1041 5652 1264 5707 virtutis
1312 5648 1597 5705 laboribus
1654 5661 1764 5700 non
1813 5643 2070 5705 cessavit,
2102 5653 2156 5697 et

2255 5646 2420 5708 ναίως
2468 5645 2887 5717 ἀνδρισαμένου,
2930 5649 3024 5701 καὶ
3064 5649 3200 5719 πρὸς
3230 5649 3291 5701 τὸ
3338 5650 3439 5719 τῆς
3473 5648 3675 5720 ἀρετῆς
3708 5646 3812 5700 ἐπῐ-

580 5744 981 5803 momentaneis
1013 5753 1216 5802 teterna
1249 5740 1598 5814 anteposuit,
1628 5748 1956 5795 aeternorum
1982 5737 2147 5792 bono-

2258 5752 2417 5788 πονον
2485 5736 2802 5801 ἀνενδότου,
2869 5743 2963 5792 καὶ
3012 5739 3122 5793 τῶν
3195 5740 3552 5808 προσκαίρων
3607 5734 3807 5803 προκοί-
