4034 6504
143 341 283 404 139.3

1185 348 1717 409 COMMENTARII
1744 347 1825 409 IN
1864 349 2317 411 PROVERBIA.

3279 351 3409 416 meo
3464 433 3467 437 γ

132 471 328 517 ναντος
396 454 473 507 τά
519 454 737 519 αἰώνια,
791 452 1040 524 διαμένει
1101 456 1133 524 ἡ
1186 457 1281 509 ἐπὶ
1330 460 1440 519 τοῖς
1507 458 1739 519 αἰωνίοις

1850 473 1966 511 rum
2000 475 2125 528 spes
2163 461 2213 513 in
2250 476 2317 513 eo
2353 472 2675 530 perseverat
2709 470 3065 533 exspectante
3107 477 3205 532 pro
3261 467 3415 519 labo-

136 546 368 613 ἀγαθοῖς
418 546 612 599 τούτου
656 546 837 609 ἐλπὶς,
870 546 1311 617 ἀπεκδεχομένου
1337 548 1428 600 τὸν
1459 548 1600 619 ὑπὲρ
1642 549 1741 618 τῆς

136 634 429 705 ὑπομονῆς
452 635 562 687 τῶν
590 636 767 687 πόνων
792 634 1004 703 μισθόν.

219 728 292 779 Τὸ
332 726 409 779 δὲ
449 727 731 795 καύχημα
767 726 887 778 τῶν
940 724 1178 779 ἀσεϐῶν
1234 726 1507 780 ὄλλυται.
1567 727 1642 779 Τὸ
1682 727 1741 779 δὲ

136 819 224 872 ἐπί
255 836 316 871 τε
350 822 421 888 τῇ
453 819 686 889 διακένῳ
724 818 851 888 δόξῃ
886 818 980 871 καὶ
1021 818 1098 888 τῷ
1136 818 1483 888 φθειρομένῳ
1522 817 1740 889 πλούτῳ

136 912 415 981 φρύαγμα
445 912 556 964 τῶν
608 912 683 980 μὴ
722 910 792 962 δι’
825 909 1197 979 ἀγαθοεργίας
1238 910 1524 980 τιμώντων
1571 910 1735 971 Θεὸν,

136 1008 214 1065 εἰς
249 1005 315 1055 τὺ
344 1002 521 1071 μηδὲν
544 1002 915 1070 περιίσταται,
944 1000 1017 1063 ὡς
1048 1002 1253 1054 τούτων
1289 1001 1498 1072 ταχέως
1521 1002 1736 1055 διαλυο-

140 1095 345 1165 μένων,
368 1094 471 1147 καὶ
504 1095 584 1155 sl;
606 1093 668 1144 τὸ
697 1092 864 1162 μηδὲν
891 1093 1349 1163 περιισταμένων.

208 1213 281 1273 η’.
318 1206 564 1269 Δίκαιος
603 1205 671 1257 ἐκ
718 1204 905 1273 θήρας
932 1206 1193 1259 ὲκδύνει.
1229 1206 1338 1257 Καὶ
1364 1206 1392 1257 6
1429 1205 1525 1274 μὲν
1547 1204 1740 1257 ἀπονέ-

141 1316 258 1365 μων
296 1299 362 1367 τῇ
401 1295 598 1349 ἑαυτοῦ
645 1296 791 1366 ψυχῇ
838 1297 1062 1366 ἀρετὰς,
1110 1298 1204 1348 καὶ
1237 1299 1303 1367 τῇ
1344 1296 1508 1364 σαρκὶ
1538 1295 1739 1364 αὐτάρ-

137 1406 254 1451 κεις
280 1389 496 1458 τροφὰς
533 1388 626 1440 καὶ
652 1387 1039 1457 σκεπάσματα,
1079 1388 1177 1450 τὰς
1215 1387 1333 1440 κατ’
1372 1386 1608 1454 ἔλλειψιν
1639 1387 1739 1456 τῆς

140 1480 345 1551 ἀρετῆς
377 1480 477 1534 καὶ
508 1481 820 1550 ὑπερϐολὴν
879 1480 1116 1548 παγίδας
1169 1480 1262 1532 τοῦ
1311 1477 1578 1548 θηρευτοῦ
1626 1478 1737 1531 τῶν

140 1574 434 1642 ἡμετέρων
470 1572 660 1642 ψυχῶν
696 1572 1081 1643 διαδιδράσκει.

212 1679 376 1734 Ἀντ’
413 1681 602 1735 αὑτοῦ
633 1677 703 1734 δέ
726 1680 1117 1749 παραδίδοται
1158 1681 1403 1747 ἀσεϐής.
1436 1680 1584 1733 Ἀντὶ
1613 1679 1736 1733 τού-

142 1791 235 1825 του
264 1774 323 1826 δὲ
350 1774 414 1825 ὃν
440 1774 661 1827 σπεύδει
685 1774 940 1845 θηρεύειν
969 1777 997 1827 6
1026 1776 1283 1845 πονηρὸς,
1308 1774 1571 1843 ἐμπίπτει
1592 1774 1732 1826 κατὰ

143 1864 466 1933 προαίρεσιν
521 1866 601 1926 είς
649 1865 749 1927 τὰς
799 1865 1208 1935 προειρημένας
1260 1865 1492 1932 παγίδας
1524 1904 1539 1927 ,
1572 1866 1601 1916 6
1655 1864 1730 1934 μὴ

142 1953 208 2006 δι’
242 1955 572 2023 ἑμπράκτου
602 1954 859 2022 γνώσεως
899 1954 1074 2024 τιμῶν
1106 1954 1197 2006 τὸν
1223 1955 1375 2008 Θεὸν.

214 2062 278 2117 θ’.
321 2066 433 2119 Ἐν
478 2068 731 2135 στόματι
765 2065 1023 2131 ἀσεϐῶν,
1067 2066 1247 2135 παγεὶς
1286 2067 1578 2132 πολίταις.
1624 2066 1735 2118 Kal.

145 2156 250 2225 γάρ
304 2158 366 2209 ὲν
438 2157 538 2227 μὲν
596 2160 662 2228 τῇ
713 2158 969 2229 ἀπατηλῇ
1022 2157 1268 2229 ὑποθήκῃ
1311 2158 1419 2211 τῶν
1480 2159 1553 2227 μὴ
1600 2157 1735 2209 Θεὸν

147 2249 458 2319 τιμώντων,
507 2249 643 2303 ἀλλά
686 2250 784 2319 τὴν
819 2250 1078 2319 πρόνοιαν
1126 2248 1292 2302 αὐτοῦ
1342 2248 1735 2302 διαϐαλλόντων

152 2346 485 2411 πνευμάτων
538 2342 641 2411 τῆς
676 2342 961 2413 πονηρίας,
997 2341 1256 2405 ἀπιστίας
1287 2358 1347 2393 τε
1374 2340 1469 2393 καὶ
1512 2340 1738 2393 ἀνελπι-

152 2434 300 2495 στίας
338 2432 538 2502 βρόχος
564 2433 1043 2496 κατασκευάζεται
1064 2433 1176 2494 τοῖς
1209 2430 1282 2501 μὴ
1313 2434 1369 2484 ὲν
1396 2430 1471 2500 τῷ
1500 2428 1731 2501 οὐρανῷ,

150 2520 260 2573 ἀλλ’
292 2523 352 2572 ὲν
388 2524 458 2591 τῇ
486 2525 555 2589 γῇ
576 2520 636 2572 τὸ
664 2520 967 2591 πολίτευμα
999 2519 1359 2590 κεκτημένοις
1386 2517 1695 2587 ἀνθρώποις
1716 2533 1730 2548 ·

150 2616 218 2677 ὥς
254 2612 320 2667 ἂν
353 2612 437 2683 τῷ
492 2612 717 2681 τοιούτῳ
749 2610 859 2664 τῶν
890 2610 1167 2663 κολάσεων
1202 2611 1353 2679 φόὸῳ
1401 2612 1536 2680 μήτε
1573 2611 1737 2676 ἐκφυ-

150 2710 284 2774 γεῖν,
337 2707 480 2775 μήτε
526 2703 663 2773 πρὸς
708 2701 778 2755 τὰ
827 2702 939 2757 ἀνω
971 2702 1225 2772 βραϐεῖα,
1280 2701 1360 2771 τῷ
1415 2700 1551 2771 πρὸς
1598 2699 1739 2752 αὐτὰ.

157 2800 304 2868 πόθῳ
341 2799 575 2869 δραμεῖν
609 2796 731 2849 κατ’
762 2795 965 2868 ἀρετὴν
995 2796 1262 2849 δύναιντο.

222 2912 525 2977 Αἴσθησις
570 2909 640 2963 δὲ
665 2910 915 2964 δικαίων
944 2910 1176 2977 εὔοδος.
1223 2909 1289 2961 Ἦ
1325 2908 1383 2962 δὲ
1409 2907 1607 2977 γνῶσις
1629 2906 1738 2961 τῶν

160 3005 433 3076 ὲναρέτων
480 3001 713 3073 ἀνδρῶν,
759 3002 1011 3073 ἀπλανής
1064 3004 1235 3069 ἐστιν,
1294 3002 1369 3065 ώς
1412 3000 1511 3071 τὴν
1542 2999 1738 3069 πρᾶξιν

160 3098 498 3170 ποιουμένων
526 3095 761 3166 Θεωρίας
791 3094 1066 3149 ἐπίϐασιν.

225 3217 278 3264 ι’.
326 3211 435 3264 Ἔν
463 3209 707 3279 ἀγαθοῖς
733 3208 982 3263 δικαίων
1030 3208 1381 3276 κατώρθωσε
1411 3208 1614 3261 πόλιν.
1632 3206 1743 3260 Καὶ

160 3304 266 3365 τοῖς
304 3302 493 3364 καλοῖς
530 3299 628 3370 μὲν
661 3300 844 3369 ἔργοις
873 3300 968 3352 καὶ
1004 3299 1187 3368 λόγοις
1225 3299 1333 3351 τῶν
1357 3298 1615 3351 τοιούτων
1644 3300 1744 3351 ἀν-

162 3395 317 3464 δρῶν,
366 3394 640 3463 ἀπήρτισε
692 3394 791 3463 τὴν
836 3394 1035 3461 ἑαυτῆς
1099 3391 1375 3462 σωτηρίαν
1420 3390 1566 3461 ψυχὴ
1616 3384 1741 3464 ἑ.νῇ

164 3484 397 3538 πλεῖστοι
458 3484 851 3555 ἑνδιατρίόουσι
883 3483 1151 3555 λογισμοί.

231 3599 335 3651 Kal
361 3597 437 3651 ἐν
474 3598 740 3663 ἀπωλείᾳ
768 3596 1026 3660 ἀσεϐῶν,
1058 3596 1421 3665 ἀγαλλίιιμα.
1463 3594 1553 3647 Ἐν
1573 3594 1630 3647 δὲ
1666 3592 1743 3663 τῷ

166 3688 252 3739 ἀπ’
277 3686 450 3755 αὐτῆς
476 3685 771 3754 ἀφανισμῷ
794 3685 903 3737 τῶν
934 3685 1009 3755 μὴ
1030 3685 1315 3754 τιμώντων
1339 3682 1472 3735 Θεὸν
1491 3680 1742 3751 πονηρῶν

166 3776 439 3846 λογισμῶν
466 3816 481 3840 ,
531 3776 901 3846 προσγέγονεν
958 3776 1109 3844 αὐτῇ·
1141 3773 1455 3844 εὐφροσύνη
1495 3789 1744 3841 πνευμα-

168 3870 304 3937 τική.

236 3965 323 4012 ια’.
374 3960 478 4012 Ἐν
527 3956 772 4025 εὐλογίᾳ
830 3956 1059 4010 εὐθέων
1109 3953 1497 4022 ὑψωθήσεται
1542 3953 1738 4018 πόλις.

170 4049 271 4102 Kal.
302 4052 412 4121 γὰρ
449 4054 507 4104 ἐν
540 4050 636 4119 μὲν
676 4051 741 4117 τῇ
773 4047 951 4117 ἀγαθῇ
993 4046 1315 4117 διδασκαλίᾳ
1346 4045 1456 4099 τῶν
1485 4045 1743 4109 ἀπλανῶς

169 4142 521 4197 διδασκόντων
560 4144 650 4196 τὸν
696 4142 851 4209 λόγον
895 4142 991 4209 τῆς
1024 4139 1306 4210 ἀληθείας,
1351 4140 1737 4210 ἀρθήσεταιτῇ

173 4239 365 4307 φυσικῇ
427 4238 485 4287 ὲν
536 4234 807 4303 πνεύματι
853 4232 1097 4302 θεωρίᾳ,
1160 4233 1240 4292 εἰς
1291 4230 1390 4301 τὴν
1442 4234 1740 4286 ἄπταιστον

172 4325 363 4390 γνῶσιν
413 4326 522 4380 τῶν
556 4326 662 4379 ὑπὸ
707 4324 868 4393 φύσιν
923 4324 1019 4375 καὶ
1057 4321 1267 4392 χρόνον,
1297 4321 1446 4391 ψυχὴ
1474 4317 1592 4395 ὲνῇ
1623 4321 1738 4375 διά-

175 4433 319 4486 φοροι
348 4416 708 4485 περιπολοῦσι
735 4414 1005 4483 λογισμοί.

240 4531 437 4599 Στόμα
495 4529 565 4583 δὲ
630 4528 867 4583 ἀσεϐῶν
927 4528 1483 4595 κατασκαφήσεται.
1551 4528 1640 4580 Ἐν
1679 4527 1738 4580 δὲ

175 4624 285 4683 ταῖς
310 4623 619 4691 ἀπατηὶαῖς
661 4622 969 4688 ὑποθήκαις
1006 4620 1114 4672 τῶν
1176 4620 1251 4690 μὴ
1296 4618 1584 4689 τιμώντων
1609 4619 1744 4672 Θεὸν

177 4714 491 4782 πνευμάτων
514 4712 615 4781 τῆς
653 4711 938 4781 πονηρίας,
981 4713 1062 4773 εἰς
1090 4710 1410 4780 ἀλογίστους
1449 4710 1745 4779 ἐπιθυμίας

179 4805 651 4875 κατενεχθήσεται.

244 4912 329 4982 ιβ’.
370 4913 719 4981 Μυκτηρίζει
763 4913 1015 4977 πολίτας
1055 4910 1274 4977 ἐνδεὴς
1315 4907 1568 4980 φρενῶν.
1636 4908 1745 4959 Καὶ

175 5003 437 5069 διαπαίζει
469 5006 567 5074 μὲν
586 5003 929 5074 κατακρίνων
961 5003 1087 5065 τοὺς
1118 5004 1175 5054 ὲν
1197 5001 1274 5072 τῷ
1300 5001 1535 5071 παρόντι
1556 4999 1746 5068 κόσμῳ

179 5095 246 5164 μὴ
264 5096 439 5165 ὀρθῶς
460 5095 907 5164 πολιτευομένους
924 5092 1267 5163 ἀνθρώπους,
1293 5093 1321 5143 6
1350 5092 1406 5143 ὲν
1427 5089 1506 5157 τῷ
1534 5088 1607 5158 μὴ
1627 5089 1746 5139 ἐπι-

178 5188 455 5252 γινώσκειν
472 5188 570 5259 τὴν
597 5187 805 5242 οἰκείαν
823 5187 1129 5249 ἀσθενείαν,
1158 5183 1379 5253 ἐλλιπὴς
1407 5181 1742 5251 φρονήσεως.

252 5280 424 5348 Ἀνὴρ
470 5281 539 5332 δὲ
575 5281 863 5349 φρόνιμος
906 5276 1176 5344 ἡσυχίαν
1215 5274 1364 5343 ἄγει.
1403 5276 1462 5324 ’0
1491 5272 1548 5324 δὲ
1582 5274 1638 5323 ὲν
1668 5271 1747 5341 τῷ

179 5370 370 5443 ταύτην
398 5370 784 5439 ἐπιγινώσκειν
834 5370 1039 5431 τέλειος
1070 5370 1191 5430 ταῖς
1238 5366 1420 5434 φρεσὶ,
1462 5363 1746 5433 προσέχων

182 5462 365 5535 ἑαυτῷ,
403 5464 653 5534 σχολάζει
679 5480 691 5493 ο
744 5464 882 5534 μόνα
916 5462 984 5515 τά
1020 5462 1194 5513 οἰκεῖα
1229 5456 1521 5528 σφάλματα
1561 5455 1747 5519 ἐξετά-

183 5554 278 5614 ζων
304 5558 395 5610 καὶ
423 5556 827 5628 διορθούμενος.

246 5654 327 5713 ιγ’.
374 5646 545 5715 Ἀνὴρ
590 5646 936 5716 δίγλωσσος
976 5640 1387 5699 ἀποκαλύπτει
1414 5636 1651 5702 ,βουλὰς
1678 5637 1735 5689 ἐν

184 5748 321 5791 cura
334 5739 484 5806 “pz'tp.
520 5737 630 5792 Kal
662 5738 945 5808 ἅνθρωπος
970 5736 1069 5805 μὲν
1099 5733 1234 5804 πρὸς
1263 5729 1480 5797 ἀπάτην
1512 5727 1741 5796 πολλῶν,

1846 564 1964 603 rum
1998 550 2319 605 suilercntia
2354 554 2688 609 mercedem.

1914 720 2177 778 Cloriatio
2223 736 2399 779 autem
2458 727 2735 792 impiorum
2761 729 2914 797 perit.
2948 726 3005 781 In
3044 742 3181 782 vana
3233 738 3416 783 autem

1842 812 2013 881 gloria
2044 820 2098 865 et
2134 816 2591 883 corruptibilibus
2626 816 2836 869 divitiis
2868 820 3179 885 arrogantia
3222 832 3415 869 eorum

1840 907 1933 974 qui
1966 904 2137 958 Deum
2163 922 2258 974 per
2286 909 2424 961 bona
2456 922 2623 977 opera
2679 922 2788 961 non
2836 908 3026 961 colunt
3074 908 3127 960 in
3185 907 3416 961 nihilum

1842 995 2385 1066 redigitur;quippe
2440 1014 2563 1068 quae
2617 999 2783 1055 citius
2833 997 3212 1054 dissolvantur
3256 1008 3309 1053 et
3363 1000 3418 1052 in

1840 1087 2075 1141 nihilum
2104 1090 2452 1159 redigantur.

1918 1201 2081 1257 Vens.
2113 1203 2165 1257 8.
2208 1202 2398 1257 Justus
2428 1206 2491 1258 de
2542 1205 2807 1259 tendicula
2848 1203 3132 1273 egreditur.
3163 1203 3267 1270 Qui
3300 1204 3417 1257 dis-

1843 1295 2039 1349 tribuit
2090 1297 2309 1365 quidem
2351 1315 2464 1351 suze
2520 1298 2717 1352 anima:
2764 1298 2992 1351 virtutes
3012 1307 3066 1350 et
3090 1299 3241 1351 carni
3274 1297 3419 1351 ειιηί-

1838 1386 2048 1442 cientes
2075 1389 2231 1443 cibos
2276 1399 2332 1443 et
2360 1391 2651 1451 velamina,
2686 1390 2988 1444 secundum
3023 1390 3242 1443 virtutis
3267 1388 3418 1443 dell--

1839 1487 1990 1532 ctum
2027 1488 2121 1532 aut
2157 1495 2447 1536 θχοεδδυιη
2484 1492 2801 1535 nostrarum
2832 1482 3139 1534 animarum
3194 1487 3417 1533 venatu.

1839 1572 1917 1627 ris
1950 1573 2083 1626 retia
2109 1572 2319 1643 eﬂ‘ugit.

1912 1682 2022 1738 Pro
2056 1703 2113 1739 eo
2134 1695 2309 1739 autem
2343 1686 2575 1740 traditur
2598 1688 2813 1756 impius.
2846 1684 2953 1740 Pro
2968 1701 3033 1741 eo
3057 1700 3215 1755 quem
3242 1684 3420 1738 malus

1771 1809 1811 1863 Β
1842 1777 2133 1831 venatione
2171 1792 2370 1847 capere
2409 1788 2604 1843 tental,
2636 1780 2690 1832 in
2723 1781 2868 1833 dicta
2905 1779 3038 1833 retia
3074 1792 3169 1847 per
3194 1774 3421 1831 electio—

1840 1881 1961 1919 nem
1996 1867 2188 1923 incidit
2218 1867 2500 1938 quiDeum
2533 1871 2667 1924 colit
2701 1886 2797 1941 per
2820 1872 3059 1925 activam
3102 1867 3419 1940 intelligen-

1836 1960 1991 2013 tiam.

1908 2072 2077 2129 Vens.
2136 2074 2188 2128 9.
2258 2075 2320 2129 In
2383 2092 2471 2130 ore
2535 2078 2822 2145 impiorum
2874 2076 3139 2129 tendicula
3194 2073 3417 2129 civibus.

1838 2167 2053 2220 Etenim
2085 2167 2139 2219 in
2194 2168 2388 2222 doloso
2432 2184 2542 2223 non
2600 2170 2895 2223 colentium
2936 2170 3100 2222 Deum
3160 2166 3415 2225 consilio.

1838 2257 1930 2311 sed
1959 2258 2078 2325 ejus
2120 2258 2513 2326 providentiam
2553 2261 3003 2314 calumniantium
3062 2259 3280 2312 malitia:
3307 2258 3419 2327 spi-

1836 2348 2091 2412 rituum,-
2128 2349 2467 2405 inﬁdelitatis
2513 2360 2565 2405 et
2610 2352 3011 2420 deSperationis
3065 2351 3294 2418 laqueus
3349 2349 3417 2402 iis

1839 2449 2063 2509 paratur
2096 2442 2188 2509 qui
2217 2456 2322 2495 non
2350 2442 2403 2496 in
2433 2442 2597 2505 cmlo,
2630 2443 2723 2496 secl
2754 2442 2807 2495 in
2835 2451 2978 2495 terra
3011 2442 3207 2511 agendi
3232 2440 3374 2494 ratio
3396 2470 3413 2477 -

1841 2545 1961 2583 nem
1995 2528 2279 2599 possident
2312 2550 2325 2585 :
2361 2532 2562 2601 quippe
2602 2531 2694 2599 qui
2750 2531 2846 2584 tali
2887 2545 3171 2599 poenarum
3227 2530 3421 2582 timore

1838 2637 2017 2690 neque
2040 2622 2281 2691 effugere
2309 2639 2493 2692 neque
2540 2623 2607 2677 ad
2656 2638 2896 2690 superna
2948 2620 3171 2690 prmmia
3228 2635 3417 2674 eorum

1838 2712 2116 2768 desiderio
2147 2714 2450 2769 secundum
2484 2715 2739 2769 virtutem
2765 2728 2991 2769 currere
3019 2712 3254 2783 possint.

1914 2910 2155 2967 Scientia
2196 2921 2371 2965 autem
2394 2912 2666 2981 justorum
2708 2915 2906 2982 pervia.
2959 2909 3201 2965 Scientia
3236 2918 3418 2965 autem

1840 3006 2088 3061 virorum
2152 3006 2356 3060 virtute
2401 3006 2754 3076 pra‘ditornm
2796 3020 2904 3058 non
2949 3012 3131 3069 errat;
3159 3004 3417 3073 quoniam

1847 3099 2120 3154 actionem
2159 3099 2577 3153 fundamentum
2619 3097 3103 3167 colitcmplationis
3146 3105 3417 3152 statuunt.

1917 3209 2084 3264 Vatis.
2121 3210 2204 3266 10.
2237 3209 2299 3263 In
2324 3210 2471 3263 bonis
2503 3210 2777 3278 justorum
2810 3208 3086 3261 constituit
3125 3208 3415 3261 civitatem.

1845 3300 1912 3355 Et
1943 3302 2104 3355 bonis
2150 3294 2369 3371 quidem
2407 3302 2665 3371 operibus
2714 3309 2769 3355 et
2816 3300 3171 3355 sermonibus
3228 3300 3418 3354 talium

1848 3393 2127 3447 hominum
2180 3409 2334 3446 suam
2387 3393 2618 3447 salutem
2680 3393 2861 3447 anima
2924 3390 3173 3461 perfecit,
3204 3391 3257 3445 in
3314 3406 3423 3461 qua

1846 3490 2018 3543 multa
2057 3489 2409 3558 reperiuntur
2442 3487 2761 3542 ratiocinia.

1917 3598 1986 3652 Et
2009 3600 2060 3653 in
2092 3599 2382 3663 perditione
2411 3599 2695 3666 impiarum
2735 3598 3043 3652 exsultatio.
3083 3597 3161 3650 Ex
3199 3596 3420 3649 destru—

1847 3687 2027 3741 ctione
2084 3688 2225 3755 apud
2261 3687 2433 3757 ipsam
2477 3702 2585 3740 non
2628 3686 2920 3739 colentium
2957 3685 3122 3739 Deum
3154 3684 3420 3737 malorum

1845 3774 2279 3847 ratiociniorum,
2312 3774 2533 3828 advenit
2568 3774 2645 3828 illi
2680 3774 2980 3844 spiritualis
3013 3773 3220 3829 Izetitia.

1914 3970 2082 4025 Vens.
2120 3971 2207 4027 Η.
2243 3969 2307 4025 In
2344 3971 2700 4025 benedictione
2730 3979 2993 4024 rectorum
3034 3970 3268 4040 erigetur
3292 3970 3423 4022 civi-

1846 4075 1952 4119 tas.
1997 4064 2214 4117 Etenim
2252 4065 2306 4119 in
2332 4065 2475 4118 bona
2505 4063 2762 4118 doctrina
2811 4076 2999 4117 eorum
3052 4063 3147 4131 qui
3211 4062 3423 4131 absque

1844 4172 2037 4214 errore
2071 4156 2294 4212 verbum
2328 4156 2577 4211 veritatis
2612 4156 2832 4218 docent,
2885 4155 3129 4224 erigetur
3185 4153 3423 4207 naturali

1846 4246 1899 4299 in
1935 4246 2137 4316 spiritu
2189 4246 2656 4316 contemplatione
2691 4246 2745 4299 in
2779 4259 3031 4301 securam
3067 4259 3258 4299 eorum
3290 4260 3414 4313 qua:

1844 4336 1911 4390 ad
1943 4346 2198 4390 naturam
2226 4344 2277 4390 et
2312 4337 2377 4388 ad
2421 4347 2638 4405 tempus
2683 4336 2959 4405 pertinent
3001 4334 3416 4404 intelligentiam

1845 4430 2028 4484 anima
2070 4430 2123 4482 in
2159 4443 2265 4499 qua
2297 4429 2518 4483 diversa
2549 4439 2844 4482 versantur
2866 4427 3180 4480 ratiocinia.

1921 4543 1993 4597 0s
2029 4552 2207 4596 autem
2233 4543 2513 4612 impiorum
2536 4541 2854 4595 destruetur.
2891 4540 2948 4594 In
2986 4537 3192 4593 dolosis
3240 4546 3419 4589 autem

1846 4634 2099 4689 consiliis
2142 4647 2330 4687 eorum
2368 4634 2461 4701 qui
2528 4631 2695 4686 Deum
2758 4646 2866 4685 non
2931 4630 3121 4683 colunt
3203 4627 3423 4681 malitiae

1849 4724 2165 4793 spirituum,
2194 4722 2247 4775 in
2279 4720 2679 4775 irrationabilia
2708 4719 2975 4776 desideria
3011 4716 3303 4773 deferetur.

1920 4918 2086 4972 Vens.
2120 4916 2206 4973 ιε.
2246 4914 2400 4972 Ridet
2446 4920 2579 4971 cives
2612 4919 2758 4987 inops
2791 4920 3000 4976 mentis.
3041 4920 3107 4976 Et
3141 4923 3281 4978 ridet
3301 4923 3426 4993 qui-

1848 5008 1971 5063 dem
2000 5009 2269 5062 damnans
2297 5023 2394 5063 eos
2430 5008 2519 5078 qui
2562 5011 2817 5077 prasenti
2854 5020 3096 5080 tempore
3131 5028 3236 5067 non
3275 5023 3425 5068 recte

1849 5106 2035 5168 agunt.
2061 5100 2152 5168 qui
2182 5106 2361 5153 mente
2390 5099 2597 5164 deﬁcit,
2635 5100 2686 5152 in
2717 5114 2783 5154 eo
2814 5103 2961 5170 quod
3010 5104 3285 5172 prepriatn
3338 5103 3423 5156 in-

1851 5190 2161 5243 llrmitatem
2194 5203 2303 5242 non
2328 5189 2499 5241 novit.

1935 5278 2024 5333 Vir
2057 5287 2231 5332 autem
2266 5288 2510 5332 tentatus
2537 5293 2716 5346 pacem
2756 5280 2888 5349 agit.
2941 5277 3044 5344 Qui
3084 5287 3264 5335 autem
3300 5294 3420 5334 eam

1851 5390 2085 5429 noscens
2146 5372 2422 5444 perfectus
2474 5382 2655 5427 mente
2704 5381 2811 5438 est,
2838 5372 2943 5426 sibi
2995 5372 3098 5441 ipsi
3132 5372 3424 5441 invigilans

1851 5466 2123 5534 quiescit;
2153 5480 2282 5519 suos
2318 5464 2572 5534 proprios
2600 5465 2786 5535 lapsus
2840 5463 3192 5519 solummodo
3221 5478 3423 5519 curans

1850 5564 1906 5609 et
1944 5556 2254 5625 corrigens.

1922 5644 2085 5698 Vens.
2120 5646 2207 5698 l5.
2258 5644 2348 5699 Vir
2373 5645 2568 5713 duplex
2598 5645 2777 5714 lingua
2810 5646 3000 5699 revelat
3026 5643 3337 5699 sententiam
3368 5659 3422 5696 tn

1851 5737 2094 5791 consilio.
2134 5737 2200 5791 Et
2236 5738 2396 5792 homo
2429 5740 2649 5809 quidem
2689 5737 2755 5791 ad
2805 5736 3099 5793 multorum
3148 5735 3424 5799 deceptio-
