4034 6512
568 340 700 404 13.327

1934 332 2288 396 PROCOPII
2321 334 2562 394 GAZ/El

3710 332 3854 396 1323

564 474 689 511 nem
724 455 887 509 verba
924 453 1159 508 invicem
1192 450 1443 521 opposita
1492 448 1804 521 proferens,
1865 446 1918 500 in
1958 443 2146 516 pepuli

2261 443 2447 510 λόγους
2470 439 2882 511 ἀντικειμένους
2920 439 3170 510 ἀλλήλοις
3210 438 3608 509 φθεγγόμενος,
3648 444 3855 497 ἀνακα·

560 559 708 607 cmtu
737 548 942 602 revelat
971 560 1033 600 ea
1063 559 1184 615 quae
1210 544 1315 613 ipsi
1347 543 1416 597 ab
1439 543 1626 612 aliquo
1651 541 1851 595 tradita
1872 548 2002 595 sunt
2022 553 2150 592 con-

477 704 481 709 ,
562 642 708 701 silia,
749 647 805 692 et
833 637 959 691 inde
988 634 1133 705 quod
1162 634 1460 689 multorum
1494 634 1741 697 interest,
1762 632 1866 687 etsi
1900 630 2008 685 illis
2039 644 2148 684 non

562 732 638 785 ita
677 730 952 794 videatur,
982 725 1324 798 impossibile
1355 724 1558 781 reddit.

635 907 804 961 Fidus
845 916 1024 961 autem
1054 906 1250 975 spiritu
1275 904 1412 958 celat
1438 918 1541 959 res.
1578 900 1685 968 Qui
1724 908 1909 954 autem
1964 912 2028 953 ea
2091 897 2147 951 in

560 1012 747 1056 meme
779 1014 881 1055 sua
916 1006 1127 1063 servat,
1176 1010 1279 1051 nec
1327 996 1450 1065 ejus
1498 992 1819 1047 mandatum
1884 989 2147 1059 reprobat

562 1092 657 1161 qui
690 1090 792 1160 ipsi
822 1088 1045 1159 propria
1078 1101 1281 1142 arcana
1314 1084 1570 1148 conlidit,
1625 1082 1766 1138 celat
1800 1093 2148 1151 quaecunque

559 1181 912 1238 manifestata
938 1179 1329 1236 detrimentum
1358 1175 1605 1240 afferent,
1633 1181 1689 1230 et

636 1379 804 1436 Vens.
842 1379 928 1433 14.
966 1376 1167 1443 Quibus
1205 1391 1311 1428 non
1365 1382 1443 1426 est
1476 1368 1916 1441 gubernaculum,
1948 1364 2145 1419 cadunt

561 1485 621 1527 ut
653 1474 807 1542 folia.
840 1470 1058 1536 Quibus
1099 1482 1260 1522 nemo
1285 1474 1487 1535 praeest
1520 1464 1727 1532 optime
1756 1475 1950 1515 eorum
1976 1473 2145 1527 nego-

563 1569 641 1619 tia
682 1564 947 1634 dirigens,
990 1559 1231 1630 quadarn
1274 1558 1329 1611 in
1384 1571 1481 1610 eos
1531 1554 1781 1624 spirante
1816 1550 2144 1612 tentatione,

560 1675 595 1711 a
626 1657 849 1712 malitia:
875 1653 1073 1725 spiritu
1099 1650 1457 1721 dejiciuntur,
1487 1646 1745 1701 foliorum
1775 1644 1953 1699 instar
1983 1641 2147 1696 facile

565 1763 595 1801 ιι
657 1753 820 1802 vento
888 1742 1290 1811 dispersorum.
1359 1735 1652 1805 Nequeunt
1709 1732 1856 1786 enim
1929 1726 2138 1782 inimici

566 1838 853 1892 fraudibus
885 1806 1171 1898 resistere,
1208 1844 1275 1886 eo
1309 1828 1458 1899 quod
1492 1827 1679 1897 aliquo
1707 1823 1858 1894 ipsos
1894 1821 2146 1875 ﬁrmante
2174 1806 2221 1865 Β

564 1932 872 2001 privamur.

632 2146 795 2203 Salus
827 2154 1002 2200 autem
1021 2152 1100 2199 est
1122 2144 1174 2197 in
1194 2143 1359 2196 multo
1378 2140 1622 2196 consilio.
1650 2140 1909 2209 Corporis
1963 2146 2145 2192 autem

566 2239 819 2294 custodia
841 2249 926 2293 est
953 2237 1009 2290 in
1043 2234 1277 2305 plurima
1304 2229 1453 2303 apud
1486 2233 1790 2301 sapientem
1820 2229 1999 2283 virum
2036 2228 2146 2281 uti-

568 2330 701 2383 lium
733 2326 1105 2397 indagatiune.
1144 2322 1359 2377 Etenim

635 2436 805 2494 Vens.
840 2437 929 2491 15.
964 2433 1245 2504 Improbus
1296 2435 1436 2489 male
1488 2432 1623 2503 agit,
1700 2444 1818 2483 cum
1870 2426 2147 2496 justitiam

566 2528 978 2585 rammiscuerit.
1034 2526 1385 2582 Artiﬁciosus
1440 2532 1759 2580 nostrarum
1828 2520 2143 2573 animarum

569 2622 825 2676 inimicus
868 2627 925 2675 et
963 2618 1140 2673 hostis
1192 2632 1256 2671 ea
1294 2632 1417 2687 quia:
1455 2612 1825 2685 pugnantibus
1873 2610 2151 2665 nocebunt

570 2728 678 2768 non
712 2710 959 2783 perﬁciet
990 2709 1099 2765 nisi
1127 2724 1253 2764 cum
1289 2708 1572 2777 inspirans
1631 2706 1856 2761 virtutis
1890 2710 2149 2758 conatum

567 2804 933 2860 adducentem
963 2801 1033 2856 ab
1055 2800 1373 2857 hominibus
1389 2801 1685 2871 justitiam,
1710 2811 1911 2868 nempe
1936 2794 2149 2860 laudes,

566 2910 695 2952 eum
716 2895 1080 2951 immiscuerit
1114 2891 1185 2948 iis
1218 2907 1341 2964 qua!
1378 2892 1554 2963 ipsius
1587 2890 1781 2947 dextra
1824 2894 2022 2944 contra
2053 2901 2149 2942 eos

566 2997 831 3058 parantur
868 2986 1111 3042 insidiis.

638 3187 767 3243 Odit
800 3196 973 3241 autem
1008 3202 1197 3240 sonum
1232 3183 1558 3240 securitatis.
1604 3183 1885 3238 Abhorret
1940 3189 2144 3245 autem,

565 3293 666 3333 nec
694 3278 811 3331 vult
844 3276 1078 3347 proferri
1118 3275 1347 3329 verbum
1385 3272 1534 3344 quod
1562 3288 1629 3329 ex
1660 3273 1865 3337 anima,
1893 3272 2017 3341 ejus
2045 3270 2147 3323 do-

567 3369 742 3422 lorutn
766 3369 1149 3439 experimento
1198 3366 1437 3429 munita,
1476 3363 1748 3435 procedit,
1799 3371 1854 3419 et
1898 3362 2147 3417 eamdem

566 3460 927 3514 munitionem
957 3458 1247 3514 animabus
1286 3471 1410 3527 qua:
1446 3456 1552 3527 ipsi
1596 3454 1899 3537 obediunt,
1930 3454 2143 3510 statuit.

637 3655 804 3712 Vens.
843 3657 931 3725 l6,
968 3655 1168 3710 Mulier
1196 3654 1343 3737 utilis
1375 3656 1573 3710 excitat
1621 3657 1732 3711 viro
1775 3657 2030 3727 gloriam.
2084 3654 2149 3709 Et

566 3748 819 3803 serviens
856 3746 1079 3816 quidem
1111 3746 1280 3800 menti
1313 3745 1381 3799 ad
1431 3746 1823 3813 cogitationem
1871 3746 2145 3800 rationum

565 3853 688 3907 qua:
717 3840 771 3893 in
809 3840 974 3895 rebus
1010 3846 1140 3896 sunt
1180 3837 1439 3903 scientia,
1475 3839 1522 3893 si
1571 3854 1634 3892 ea
1676 3841 1810 3893 bene
1852 3846 2041 3892 utatur
2090 3847 2149 3891 ut

566 3946 669 3987 suo
696 3932 1089 3996 instrumento,
1120 3933 1325 3988 excitat
1372 3932 1450 3986 illi
1499 3931 1804 3987 secundum
1856 3931 2146 4003 cogitatio-

564 4037 690 4076 nem
727 4037 995 4094 generose
1028 4024 1083 4078 in
1138 4025 1474 4094 cupiditates
1512 4024 1780 4094 pugnanti
1835 4024 2146 4078 rationabi-

564 4114 669 4169 lem
698 4114 765 4170 de
806 4116 973 4172 rebus
1016 4118 1385 4183 sententiam;
1434 4132 1532 4187 per
1580 4131 1744 4186 quam
1806 4131 1964 4171 tuens
2017 4104 2146 4185 pro-

564 4205 743 4276 prium
792 4207 994 4275 accipit
1044 4206 1340 4274 honorem,
1372 4224 1437 4265 ex
1472 4211 1637 4266 rebus
1687 4222 2031 4279 cognoscens
2058 4225 2146 4265 re-

565 4314 686 4353 rum
722 4298 1069 4369 dignitatem.

638 4409 883 4463 Thronns
941 4419 1117 4465 autem
1152 4412 1485 4481 ignominiae,
1541 4412 1732 4466 mulier
1779 4414 1902 4465 odio
1949 4412 2144 4466 habens

2174 3138 2218 3202 C

2250 534 2442 588 λύπτει
2475 536 2543 587 τὰ
2564 531 3006 603 ὲμπιστευθέντα
3027 531 3177 600 αὐτῷ
3204 532 3359 602 παρά
3380 548 3526 595 τινος
3552 534 3851 603 σκέμματα

2250 628 2311 680 ἐν
2349 624 2661 679 συνελεύσει
2700 623 2867 677 λαοῦ’
2931 623 3233 678 κάντεῦθεν
3278 625 3346 677 τά
3385 625 3480 677 ἐπὶ
3534 624 3846 697 λυσιτελείᾳ

2251 712 2483 779 πολλῶν,
2531 712 2637 768 κᾶν
2683 714 2897 777 τούτοις
2940 712 3017 784 μὴ
3073 712 3250 778 οὕτως
3294 713 3443 784 ἔχειν
3494 714 3650 786 δοκῇ,
3702 720 3853 770 ποιεί

2248 806 2531 878 ἄπρακτα.

2322 898 2541 964 Πιστὸς
2577 897 2646 951 δὲ
2676 895 2841 966 πνοῇ
2870 897 3120 964 κρύπτει
3155 895 3497 966 πράγματα.
3544 897 3605 951 'O
3655 898 3715 951 δὲ
3746 916 3845 967 τη-

2252 990 2360 1061 ρῶν
2391 990 2560 1043 ταῦτα
2594 994 2659 1061 τῇ
2694 989 2892 1044 ἑαυτοῦ
2926 988 3099 1060 ψυχῇ,
3143 990 3339 1060 καὶμὴ
3362 989 3579 1044 ἀθετῶν
3599 991 3660 1044 τὺ
3696 1009 3841 1061 παρα

2251 1084 2505 1154 άγγελμα
2545 1083 2640 1137 τοῦ
2704 1084 3175 1154 ἑμπιστεύσαντος
3202 1083 3354 1154 αὑτῷ
3379 1084 3451 1135 τά
3495 1083 3607 1135 ἴδια
3644 1086 3845 1153 μυστή·

2252 1194 2365 1248 ρια,
2390 1177 2765 1245 συγκαλύπτει
2791 1177 2873 1230 ὅτι
2906 1178 3309 1247 φανερούμενα,
3330 1174 3537 1246 βλάϐην
3562 1176 3840 1229 ἀποτελεῖ·

2250 1271 2347 1325 καὶ

2322 1384 2405 1438 ιδ’.
2455 1380 2556 1451 οἷς
2608 1385 2694 1454 μὴ
2738 1384 2997 1454 ὑπάρχει
3050 1382 3450 1452 κυϐέρνησις,
3508 1380 3846 1437 πίπτουσιν

2248 1474 2451 1542 ὥσπερ
2482 1475 2707 1543 φύλλα.
2747 1471 2843 1537 Οἷς
2879 1476 2978 1543 μὲν
3016 1473 3091 1543 μὴ
3137 1471 3254 1525 ἔστι
3307 1471 3615 1541 προεστὼς,
3658 1470 3846 1532 καλῶς

2248 1566 2509 1636 διεξάγων
2549 1566 2620 1620 τὰ
2656 1567 2776 1621 κατ’
2812 1565 3034 1628 αὐτοὺς,
3068 1563 3402 1626 πνεύσαντός
3443 1579 3589 1625 τινος
3620 1564 3714 1615 ἐπ’
3744 1564 3846 1615 αὐ-

2248 1662 2375 1723 τοὺς
2420 1658 2754 1731 πειρασμοῦ,
2796 1658 2902 1713 ὑπὸ
2932 1657 3026 1711 τοῦ
3059 1658 3159 1728 τῆς
3208 1657 3478 1727 πονηρίας
3528 1656 3845 1726 πνεύματος

2249 1753 2706 1817 καταϐάλλονται,
2749 1753 2906 1823 δίκην
2941 1750 3157 1819 φύλλων
3205 1750 3550 1821 ῥιπτομένων
3592 1747 3841 1818 εὐχερῶς

2251 1846 2341 1900 ὑπ’
2367 1845 2604 1915 ἀνέμου·
2638 1846 2712 1914 μὴ
2749 1844 3039 1914 δυνάμενοι
3087 1841 3227 1913 πρὸς
3277 1840 3375 1904 τάς
3412 1840 3704 1910 μεθοδείας
3744 1839 3843 1892 τοῦ

2249 1937 2446 2009 ἐχθροῦ
2480 1938 2771 2007 ἀντισχεῖν,
2804 1937 2863 1989 έν
2900 1934 2978 2006 τῷ
3003 1934 3100 1988 τοῦ
3132 1933 3483 2004 στηρίζοντος
3513 1932 3844 2001 ἀποστερεῖν

2250 2030 2398 2084 σθαι.

2319 2142 2587 2210 Σωτηρία
2623 2140 2691 2194 δὲ
2726 2139 2984 2209 ὑπάρχει
3026 2138 3096 2191 ἐν
3125 2135 3327 2205 πολλῇ
3367 2135 3600 2204 βουλῇ.
3646 2135 3843 2205 Σῶμα-

2248 2250 2339 2297 τος
2358 2232 2505 2305 [cod.
2532 2232 2717 2303 σῶμα]
2739 2231 2795 2285 δὲ
2821 2230 3037 2301 φυλακή
3077 2234 3225 2284 ἐστιν
3248 2231 3309 2282 έν
3326 2232 3394 2300 τῇ
3431 2230 3667 2303 πλείστῃ
3690 2232 3840 2300 παρά

2253 2323 2402 2394 σοφῷ
2427 2323 2583 2395 ἀνδρὶ
2613 2323 2959 2393 ὲξερευνήσει
2982 2320 3078 2375 τοῦ
3110 2322 3453 2385 συνοίσοντος
3478 2338 3492 2351 ο
3534 2324 3632 2375 καὶ
3658 2323 3774 2393 γὰρ

2324 2434 2405 2491 ιε’.
2430 2437 2697 2506 Πονηρὸς
2719 2436 3048 2499 κακοποιεῒ,
3067 2435 3212 2489 ὅταν
3228 2434 3504 2504 συμμίξῃ
3525 2434 3836 2502 δικαίωμα.

2265 2528 2323 2583 ὐ
2365 2530 2749 2601 πολυμήχανος
2780 2530 2974 2605 ἐχθρὸς
3009 2530 3120 2584 τῶν
3169 2531 3458 2601 ἡμετέρων
3506 2528 3697 2599 ψυχῶν
3746 2530 3839 2581 καὶ

2255 2621 2532 2690 πολέμιος,
2574 2620 2643 2673 τὰ
2698 2622 2798 2691 μὲν
2825 2622 2962 2692 πρὸς
3009 2620 3216 2691 βλάϐην
3258 2621 3369 2673 τῶν
3417 2620 3842 2689 ἀγωνιζομένων

2253 2712 2353 2767 οὐκ
2385 2713 2570 2767 ἄλλοτε
2602 2713 2877 2778 ἀποτελεῖ,
2916 2713 2966 2764 εἰ
3009 2712 3085 2782 μὴ
3108 2711 3314 2765 ὁπόταν
3345 2710 3716 2780 ὑπαγορεύων
3743 2710 3841 2780 τὴν

2253 2804 2504 2858 ἐπίτασιν
2543 2804 2652 2857 τῶν
2692 2804 2927 2876 ἀρετῶν,
2959 2803 3059 2875 τὴν
3102 2804 3431 2872 εἰσάγουσαν
3475 2804 3538 2856 τὸ
3572 2805 3707 2875 παρ’
3748 2806 3842 2857 ἁν-

2253 2894 2487 2965 θρώπων
2526 2893 2822 2965 δικαίωμα,
2853 2892 3098 2965 δηλονότι
3129 2893 3224 2948 τὸν
3263 2892 3508 2957 ἔπαινον,
3535 2892 3835 2964 παραμίξῃ

2253 2985 2425 3055 αὐτὴν
2466 2987 2535 3056 τῇ
2589 2985 2700 3038 ἀπὸ
2757 2985 2939 3052 δεξιᾶς
3000 2984 3451 3059 συσκευαζομένῃ
3508 2987 3641 3057 παρ’
3674 2986 3843 3041 αὐτοῦ

2254 3079 2395 3131 κατά
2432 3077 2637 3132 τούτων
2672 3077 2955 3149 ἐπιϐουλῇ.

2324 3190 2512 3246 Meas?
2554 3190 2623 3245 δὲ
2660 3186 2819 3261 ἦχον
2862 3191 3226 3262 ἀσφαλείας.
3268 3191 3704 3263 Ἀποστρέφεται
3761 3191 3841 3254 δὲ,

2254 3285 2349 3338 καὶ
2380 3283 2441 3337 οὐ
2480 3282 2627 3337 θέλει
2681 3283 3091 3354 προσφέρεσθαι
3138 3283 3300 3351 λόγον
3345 3284 3756 3355 προερχόμενόν
3784 3300 3843 3337 τε

2254 3375 2320 3428 ὲκ
2349 3374 2527 3445 ψυχῆς
2561 3374 3011 3445 πεφυλαγμένης,
3053 3378 3120 3446 τῇ
3154 3376 3487 3446 πολυπειρία
3517 3376 3628 3428 τῶν
3670 3376 3839 3428 αὑτοῦ

2258 3466 2539 3535 μηχανῶν,
2573 3466 2668 3519 καὶ
2705 3466 3039 3535 ἐμποιοῦντα
3072 3467 3174 3537 τὴν
3210 3467 3385 3538 αὐτὴν
3417 3466 3669 3538 φυλακὴν
3726 3470 3843 3530 ταῖς

2254 3555 2403 3626 αὺτῷ
2424 3556 2827 3621 ὑπακουούσαις
2847 3556 3067 3628 ψυχαῖς.

2327 3677 2423 3735 ις’.
2488 3670 2661 3739 Γυνὴ
2714 3671 3054 3740 εὔχρηστος
3126 3671 3336 3741 ἐγείρει
3395 3672 3571 3741 ἀνδρὶ
3632 3674 3840 3738 δόξαν.

2257 3765 2424 3835 Rati)
2464 3764 2564 3835 μὲν
2605 3763 2800 3834 βοηθὸς
2842 3764 2925 3834 τῷ
2966 3765 3044 3835 νῷ
3083 3766 3219 3836 πρὸς
3250 3767 3588 3836 κατανόησιν
3635 3766 3743 3819 τῶν
3779 3770 3841 3819 ὲν

2256 3857 2369 3916 τοῖς
2421 3850 2540 3908 οὖσι
2594 3854 2770 3924 λόγων
2834 3856 3119 3925 αἴσθησις,
3200 3858 3383 3921 καλῶς
3445 3860 3599 3930 παρά
3652 3860 3840 3913 τούτου

2256 3946 2535 4018 χρωμένη,
2578 3948 2654 4010 ὡς
2695 3946 2926 4018 ὄργανον
2985 3948 3185 4014 αὐτοῦ,
3248 3950 3447 4022 ἀνιστᾷ
3495 3952 3649 4021 αὐτῷ
3694 3950 3835 4004 κατὰ

2254 4035 2513 4104 διάνοιαν,
2561 4038 2825 4106 γενναίως
2874 4039 3018 4093 κατὰ
3053 4040 3160 4092 τῶν
3197 4039 3389 4093 παθῶν
3426 4041 3834 4111 ἀγωνιζομένῳ,

2255 4128 2354 4197 τὴν
2385 4127 2608 4200 λογικὴν
2642 4130 2774 4200 περὶ
2819 4130 2929 4185 τῶν
2962 4130 3132 4185 όντων
3162 4130 3320 4196 δόξαν
3340 4146 3353 4159 ο
3383 4133 3510 4185 καθ’
3544 4133 3613 4203 ἢν
3653 4136 3683 4186 ὁ
3716 4131 3836 4194 νοῦς

2252 4218 2355 4287 τὴν
2390 4218 2527 4273 ἰδίαν
2570 4219 2951 4291 ἀπολαμϐάνει
2983 4222 3173 4292 τιμὴν,
3217 4221 3600 4291 ἐπιγινώσκων
3635 4226 3699 4277 ὲκ
3730 4223 3834 4277 τῶν

2251 4310 2423 4363 όντων
2451 4312 2551 4381 τὴν
2579 4311 2735 4377 ἀξίαν
2765 4313 2874 4366 τῶν
2901 4312 3094 4368 ὅντων.

2327 4428 2550 4492 Θρόνος
2614 4425 2683 4479 δὲ
2736 4427 2992 4495 ἀτιμίας,
3058 4426 3213 4497 γυνὴ
3272 4428 3548 4497 μισοῦσα
3602 4428 3820 4485 δίκαια.

559 4499 730 4568 iusta.
769 4496 941 4554 Sedes
974 4508 1159 4554 autem
1188 4500 1404 4569 injuriae.
1430 4501 1531 4568 illi,
1563 4511 1803 4556 mentem
1835 4502 1903 4555 ad
1939 4503 2140 4555 malum

2261 4515 2493 4585 Ἱδρυσις
2518 4516 2575 4570 δὲ
2606 4518 2754 4588 αὐτῷ
2789 4493 3022 4589 ὕϐρεως,
3116 4493 3253 4590 πρδς
3274 4493 3381 4590 μὲν
3403 4522 3609 4575 κακίαν
3646 4540 3832 4594 συνερο

563 4605 662 4660 per
691 4590 1132 4647 irrationabilem
1181 4593 1520 4666 caducorum
1559 4608 1803 4648 amorem
1848 4593 2141 4662 adjuvans,

568 4688 621 4733 ct
650 4681 885 4736 virtutes
917 4691 1143 4751 propter
1198 4682 1445 4738 laborem
1501 4682 1812 4738 abhorrens
1867 4683 2141 4737 scientia:

565 4777 723 4826 mens
760 4772 906 4826 enim
938 4773 1033 4841 qui
1060 4772 1138 4827 illi
1164 4773 1371 4839 obedit,
1404 4774 1456 4827 in
1489 4774 1758 4843 probroso
1785 4774 2006 4828 malitia:
2041 4774 2141 4826 ba-

566 4860 683 4916 bitu
714 4860 940 4927 insedit,
974 4861 1433 4919 irrationabiliter
1460 4863 1515 4919 in
1543 4863 1639 4919 illo
1671 4864 1988 4934 quiescens.

636 5073 743 5139 Qui
769 5074 1025 5143 di/Terunt
1084 5063 1322 5143 diuitias,
1355 5088 1559 5148 egentes
1581 5081 1899 5151 eﬁiciuntur.
1951 5081 2017 5136 Et
2047 5084 2141 5153 qui

563 5165 882 5234 spirituales
934 5167 1240 5223 secundum
1299 5170 1722 5240 intelligentiam
1767 5171 1987 5229 divitias
2032 5188 2142 5230 non

564 5264 782 5321 curant,
834 5271 1016 5327 neque
1075 5256 1145 5311 ad
1202 5260 1581 5327 operationem
1636 5262 1903 5318 virtutum
1951 5279 2145 5321 assur-

561 5353 721 5415 gunt,
782 5346 1144 5414 privationem
1178 5350 1482 5419 patiuntur.

645 5458 837 5513 Viriles
893 5470 1069 5515 autem
1119 5463 1470 5517 stabiliuntun
1514 5465 1739 5520 diuitiis.
1793 5466 1899 5533 Qui
1962 5478 2143 5524 autem

562 5556 695 5605 sunt
724 5550 1029 5605 secundum
1067 5553 1308 5607 animam
1344 5555 1625 5623 generosi,
1682 5557 1733 5610 in
1788 5558 1925 5627 ipsis
1975 5561 2142 5630 spiri-

564 5649 808 5704 tualibtts
844 5650 1219 5721 intelligentia
1243 5651 1450 5710 divitiis
1484 5654 1871 5723 stabiliun-tur,
1899 5658 2141 5716 laborem

565 5739 796 5798 viriliter
828 5742 1089 5800 ferentes.

2250 4605 2424 4674 γοῦσα
2454 4608 2533 4679 τῷ
2564 4608 2640 4678 νῷ
2674 4609 2763 4662 διὰ
2795 4610 2900 4680 τῆς
2951 4610 3148 4678 ἀλόγου
3191 4610 3302 4664 τῶν
3337 4616 3696 4683 προσκαίρων
3717 4615 3830 4686 ὀρέ-

2254 4696 2409 4766 ξεως,
2438 4699 2537 4763 τάς
2579 4700 2624 4753 δ’
2651 4701 2853 4771 ἀρετὰς
2894 4701 3355 4773 ἀποστρεφομένη
3397 4703 3486 4757 διὰ
3530 4704 3594 4757 τὸ
3630 4706 3833 4759 τούτων

2250 4791 2528 4855 ἐπίπονον,
2566 4792 2817 4863 αἴσθησις
2843 4809 2856 4823 ·
2891 4794 2919 4843 ὁ
2960 4794 3069 4863 γὰρ
3118 4793 3292 4864 ταύτῃ
3336 4794 3662 4865 πειθόμενος
3688 4798 3829 4862 νοῦς,

2252 4884 2317 4951 τῇ
2350 4882 2663 4953 ὲφυϐρίστῳ
2694 4883 2806 4948 ἕξει
2828 4884 2925 4954 τῆς
2945 4884 3141 4949 κακίας
3168 4886 3493 4956 ἐγκάθηται,
3518 4888 3822 4958 ἀλογίστως

2252 4974 2391 5044 αὐτῇ
2426 4974 2937 5047 ὲπαναπαυόμενος.
3522 5028 3527 5029 ,

2328 5085 2605 5140 Πλούτου
2660 5088 2927 5156 ὀκνηροί,
2981 5087 3208 5150 ἐνδεεῖς
3251 5106 3542 5160 τινονται.
3587 5095 3699 5149 Καὶ
3741 5094 3831 5149 τοῦ

2256 5176 2355 5247 μὲν
2398 5178 2538 5231 κατά
2595 5177 2797 5246 γνῶσιν
2853 5180 3225 5252 πνευματικοῦ
3263 5182 3521 5250 πλούτου,
3572 5189 3625 5239 οί
3672 5188 3833 5258 ρᾳθυ-

2257 5267 2502 5338 μοῦντες,
2559 5269 2656 5323 καὶ
2695 5269 2770 5341 μὴ
2813 5270 3219 5343 διανιστάμενοι
3252 5273 3392 5346 πρὸς
3437 5278 3537 5347 τὴν
3569 5279 3833 5348 ἐργασίαν

2236 5359 2360 5423 ,τῶν
2390 5361 2621 5431 ἀρετῶν,
2652 5363 2909 5433 στέρησιν
2937 5364 3307 5435 ὑπομένουσιν

2325 5476 2389 5527 Ol
2417 5472 2486 5527 δὲ
2517 5472 2776 5543 ἀνδρεὶὂι
2804 5475 3131 5543 spetam-rat
3177 5481 3440 5546 πλούτῳ.
3485 5481 3550 5537 Οί
3600 5481 3660 5537 δὲ
3702 5483 3833 5537 κατά

2251 5566 2429 5637 ψυχὴν
2461 5570 2717 5635 γενναῖοι,
2755 5568 2844 5619 ἐπ’
2873 5568 3024 5639 αὐτῷ
3061 5568 3138 5640 τῷ
3165 5574 3267 5643 τῆς
3305 5574 3560 5640 γνώσεως
3589 5594 3829 5645 πνευμα-

2251 5659 2388 5728 τικῴ
2434 5659 2649 5730 πλούτῳ
2697 5659 3064 5731 στηρίζονται,
3097 5661 3478 5738 ἀνδριζόμενοι
3529 5668 3594 5721 τὸ
3642 5670 3827 5722 ἐπίπο-

2252 5767 2360 5802 νον.
