4034 6528
236 426 374 492 1229

1272 432 1812 492 COMMENTARII
1860 432 1940 492 ΙΝ
1974 433 2422 496 PROVERBIA.

3342 425 3496 490 133%?

306 547 390 608 ιζ’.
437 542 517 611 Τῇ
546 542 719 612 ψυχῇ
755 545 941 598 αὑτοῦ
968 544 1319 614 ἀγαθοποιεῖ
1344 545 1499 613 ἀνὴρ
1523 546 1810 616 ἐλεήμων.

1990 549 2155 603 Vens.
2188 548 2277 603 17.
2313 545 2519 602 Anima
2543 561 2653 600 sua:
2678 544 2933 613 benefacit
2963 544 3038 599 vir
3065 544 3382 598 misericors.
3410 542 3477 598 Et

235 638 346 689 Καὶ
373 637 472 705 τὴν
504 636 603 704 μὲν
632 635 769 688 ίδίαν
799 635 977 705 ψυχὴν
1008 637 1309 707 εὐεργετεῖ,
1343 638 1711 701 ὲπανασώζων
1736 638 1814 690 δι’

233 725 602 795 ἀγαθοεργίας
632 725 769 795 αὐτῇ
803 724 879 786 ὡς
909 723 1045 778 Θεοῦ
1091 726 1259 779 εικόνι
1289 725 1350 778 τὸ
1383 726 1504 779 καθ’
1529 726 1810 796 ὁμοίωσιν,

232 820 263 869 ὁ
290 816 434 869 κατὰ
465 814 575 867 τῶν
604 814 791 866 παθῶν
822 814 1205 885 ἀνδριζόμενος
1224 858 1237 880 ,
1287 818 1380 870 καὶ
1422 818 1549 879 τοὺς
1595 818 1814 885 περιπί-

235 923 474 968 πτοντας
494 906 759 969 ποικίλοις
781 910 1111 977 πειρασμοῖς
1138 911 1230 961 καὶ
1248 909 1537 979 δεομένους
1553 908 1815 972 παντοίας

235 997 605 1067 χειραγωγίας
649 998 955 1067 οἰκτείρων,
982 999 1075 1052 καὶ
1125 1001 1283 1069 χεῖρα
1331 998 1583 1070 βοηθείας
1632 1000 1814 1063 αὐτοῖς

235 1090 384 1142 κατὰ
416 1089 477 1141 τὸ
503 1089 729 1143 δυνατὸν
762 1089 991 1158 ὀρέγων.

324 1178 655 1241 Ἐξόλλυσι
686 1176 754 1230 δὲ
784 1176 853 1230 τὸ
884 1177 1104 1231 ἑαυτοῦ
1139 1175 1314 1246 σῶμα
1363 1178 1395 1230 ὀ
1443 1175 1810 1245 ἀνελεήμων.

238 1268 556 1338 Διαφθείρει
602 1268 658 1320 δὲ
705 1267 766 1320 τὸ
799 1266 927 1320 ίδιον
964 1267 1146 1336 σῶμα,
1176 1268 1309 1321 ἴδιον
1338 1269 1446 1339 γὰρ
1482 1268 1576 1322 καὶ
1601 1269 1661 1321 τὸ
1690 1269 1817 1324 ἑκά-

238 1376 392 1421 στου,
421 1359 503 1410 ὅτι
528 1358 593 1409 ἐκ
618 1356 711 1409 τοῦ
741 1356 906 1410 αὑτοῦ
952 1358 1121 1426 ἐσμεν
1164 1357 1365 1421 πάντες
1407 1355 1579 1428 πηλοῦ
1621 1373 1682 1410 τε
1724 1357 1817 1411 καὶ

240 1449 547 1519 κράματος,
585 1449 616 1501 ὁ
644 1448 716 1517 μὴ
742 1446 811 1501 δι’
836 1445 1015 1501 οἶκτόν
1046 1465 1150 1501 τινι
1176 1448 1659 1519 ὲπικαμπτόμενος
1679 1486 1694 1510 ,
1723 1447 1818 1502 καὶ

236 1539 316 1602 ὡς
346 1539 571 1594 δυνατὸν
607 1538 836 1609 βοηθῶν,
865 1538 980 1592 ἀλλ’
1014 1538 1118 1592 ὲῶν
1146 1539 1335 1592 τοῦτον
1362 1542 1473 1602 τοῖς
1504 1540 1819 1609 συνέχουσιν

242 1630 407 1684 αὐτὸν
442 1632 630 1692 κακοῖς
664 1629 1018 1698 φθείρεσθαιο
1045 1631 1125 1683 ὄτι
1159 1630 1326 1683 κλείει
1366 1630 1396 1682 ὁ
1440 1629 1697 1692 τοιοῦτος,
1724 1628 1817 1682 τοῦ

239 1739 302 1774 τε
350 1721 485 1774 Θεοῦ
532 1722 625 1774 τὸν
673 1722 801 1791 περὶ
846 1720 1012 1775 αὐτὸν
1056 1722 1208 1775 ἔλεον
1251 1722 1347 1773 καὶ
1373 1719 1442 1773 τὰ
1470 1719 1578 1776 τῶν
1610 1719 1820 1774 πολλῶν

243 1810 562 1880 σπλάγχνα·
593 1811 685 1864 καὶ
706 1810 1029 1881 κατακρίνει
1058 1810 1220 1874 αὐτὸς
1249 1810 1428 1881 ἑαυτῷ
1455 1812 1521 1863 ὲκ
1564 1810 1665 1879 τῆς
1692 1809 1819 1881 περὶ

1917 641 2150 712 propriae
2197 639 2418 711 quidem
2462 638 2659 692 anima)
2698 637 2837 692 bene
2895 635 3044 700 facit,
3099 649 3327 690 servans
3379 649 3479 705 per

1913 734 2057 788 bona
2094 746 2260 802 opera
2291 731 2370 785 illi
2405 738 2463 785 ut
2501 728 2596 783 Dei
2638 726 2863 796 imagini
2892 725 3337 789 similitudinem,
3380 724 3477 794 qui

1916 832 2107 878 contra
2139 821 2472 892 cupiditates
2532 834 2799 891 generose
2838 823 3068 888 pugnat,
3101 817 3268 870 variis
3294 824 3479 871 tenta-

1916 908 2158 962 tionibus
2186 907 2501 962 cadentium
2533 915 2587 961 et
2639 903 2954 966 omnimoda
2987 903 3294 957 directione
3345 900 3481 956 indi-

1914 998 2156 1068 gentium
2182 998 2507 1055 miseretur.
2528 1002 2583 1050 et
2618 995 2809 1050 auxilii
2838 1009 3060 1049 manum
3093 992 3226 1061 illis,
3273 998 3333 1047 ut
3382 1006 3483 1061 p0-

1915 1098 2040 1154 test,
2073 1087 2265 1143 tendit.
2960 1154 2963 1155 ν

1990 1181 2227 1234 Destruit
2262 1188 2436 1233 autem
2463 1194 2647 1246 corpus
2694 1194 2850 1233 suum
2896 1176 3291 1231 immisericora.
3346 1173 3481 1231 Cor-

1917 1273 2123 1342 rumpit
2156 1278 2338 1341 autem
2385 1270 2665 1340 proprium
2703 1284 2946 1339 corpus;
2992 1268 3275 1337 proprium
3333 1265 3483 1323 enim

1917 1372 1971 1419 et
2027 1362 2322 1432 cujuslibet
2372 1375 2596 1429 corpus,
2642 1359 2902 1428 quoniam
2940 1372 3132 1414 omnes
3180 1372 3246 1412 ex
3290 1356 3482 1411 eodem

1920 1454 2034 1510 luto
2065 1460 2119 1509 et
2153 1453 2385 1507 mistura
2434 1466 2648 1514 sumus,
2684 1449 2776 1520 qui
2803 1448 3006 1503 nemini
3047 1462 3143 1515 per
3178 1445 3486 1502 misericor-

1920 1545 2065 1599 diam
2095 1543 2393 1599 inﬂectitur
2431 1555 2532 1596 nec
2569 1548 2631 1595 ut
2660 1547 2861 1609 potest,
2911 1538 3188 1603 subvenit,
3233 1536 3326 1591 sed
3359 1549 3485 1589 eum

1920 1632 2511 1706 comprehendentibus
2568 1630 2728 1685 malis
2794 1628 3071 1699 corrumpi
3123 1626 3302 1688 sinit;
3354 1624 3484 1695 quia

1918 1742 2113 1798 nempe
2142 1724 2455 1796 huiusmodi
2484 1722 2695 1779 claudit
2724 1729 2780 1776 et
2811 1720 2904 1776 Dei
2940 1719 2996 1774 in
3032 1719 3215 1789 ipsum
3269 1717 3487 1774 miseri-

1922 1819 2165 1873 cordiam
2198 1825 2251 1872 et
2279 1815 2466 1887 populi
2492 1814 2744 1881 viscera;
2788 1818 2843 1867 et
2869 1825 2927 1866 se
2958 1809 3138 1880 ipsum
3165 1807 3388 1863 damnat
3419 1821 3489 1863 ex

239 1902 335 1953 τὸν
392 1901 616 1970 πλησίον
671 1900 1045 1970 ἀσπλαγχνίας
1094 1901 1185 1953 τὸν
1246 1898 1647 1970 ἀνεπιμέλητον
1674 1941 1688 1965 ,
1745 1898 1818 1969 μὴ

1928 1924 2019 1965 sua
2058 1908 2112 1963 in
2140 1883 2452 1978 proxim—um
2482 1919 2645 1976 quem
2676 1917 2787 1959 non
2815 1908 2974 1957 curat
3015 1900 3340 1965 acerbitate,
3366 1897 3483 1969 jam

243 1991 593 2062 ἐλεούμενος,
622 1992 808 2062 ἐπειδὴ
842 1993 915 2062 μὴ
942 1992 1181 2061 ἐλέησεν.

320 2166 410 2236 ιη’.
439 2167 693 2237 Ἀσεϐὴς
722 2168 877 2223 ποιεῖ
907 2170 1053 2238 ἔργα
1081 2169 1276 2223 ἄδικα.
1306 2171 1416 2224 Καὶ
1436 2173 1465 2224 ὀ
1498 2171 1593 2240 μὲν
1630 2172 1704 2241 μὴ
1735 2190 1820 2225 τι-

247 2261 366 2328 μῶν
411 2262 503 2315 τὸν
555 2261 684 2315 Θεὸν
724 2263 801 2324 ὡς
849 2261 1239 2333 αὐτοαλήθειαν
1263 2303 1279 2326 ,
1321 2263 1709 2334 διαπράττεται
1755 2265 1823 2319 τὰ

246 2353 400 2424 παρὰ
426 2354 515 2407 τὸν
545 2354 710 2424 νόμον
734 2353 844 2409 τῶν
874 2354 1050 2423 ἁγίων
1080 2353 1242 2408 αὐτοῦ
1277 2356 1507 2409 ἐντολῶν
1544 2355 1699 2426 ἔργα.

321 2530 562 2601 Σπέρμα
595 2531 664 2585 δὲ
691 2532 954 2598 δικαίων,
983 2534 1199 2603 μισθὸς
1229 2534 1535 2602 ἀληθείας.
1572 2535 1633 2588 '0
1664 2535 1721 2589 δὲ
1747 2535 1823 2589 δί-

248 2637 357 2689 κην
388 2621 722 2692 σπέρματος,
763 2625 842 2687 είς
887 2623 987 2687 τὰς
1037 2623 1215 2694 ψυχὰς
1266 2624 1375 2678 τῶν
1426 2625 1826 2696 προκρινόντων

251 2711 321 2764 τὰ
352 2712 545 2765 αἰώνια
576 2712 684 2767 τῶν
710 2714 1078 2785 προσκαίρων,
1107 2714 1320 2769 πίπτων
1347 2717 1443 2769 καὶ
1465 2715 1826 2787 καρποφορῶν

256 2801 315 2851 τὸ
344 2800 568 2866 ἀγαθὸν,
604 2803 684 2865 είς
714 2804 1014 2873 τριάκοντα
1045 2804 1140 2857 καὶ
1168 2805 1249 2865 είς
1279 2804 1540 2874 ἑξήκοντα
1575 2805 1670 2859 καὶ
1694 2807 1824 2859 ἑκα-

242 2889 368 2952 ντδν,
394 2890 532 2955 θεῖος
563 2891 739 2960 λόγος,
766 2894 1161 2963 μισθαποδοσία
1188 2895 1425 2966 ὑπάρχει
1445 2896 1541 2949 τοῦ
1568 2896 1677 2951 τῶν
1696 2913 1831 2965 γνω-

259 2982 401 3035 στῶν
434 2983 665 3053 πέρατος
704 2985 801 3054 τῆς
835 2986 1093 3056 ἀληθείας
1136 2987 1530 3058 πιστευομένης
1578 2987 1825 3057 βεϐαίως.

271 3071 333 3123 ὐ
364 3073 471 3143 γάρ
501 3075 789 3143 προσάγων
822 3076 939 3147 Θεῷ
964 3077 1185 3148 βεϐαίαν
1208 3078 1304 3150 τὴν
1332 3081 1410 3143 είς
1438 3079 1599 3133 αὐτὸν
1628 3080 1826 3147 πίστιν,

1924 2016 2033 2054 non
2065 1997 2499 2054 misericorditer
2530 1995 2772 2060 habitus,
2805 1992 2933 2065 quia
2968 1990 3088 2061 ipse
3117 2005 3229 2045 non
3277 1989 3479 2045 miser-

1923 2102 2009 2146 tus
2033 2098 2139 2145 est.

1991 2177 2159 2235 Vens.
2194 2179 2280 2234 18.
2313 2177 2512 2248 Impius
2543 2178 2673 2247 facit
2707 2194 2865 2246 opera
2885 2177 3110 2246 iniusta.
3144 2174 3213 2229 Et
3241 2173 3332 2229 ille
3363 2171 3484 2242 qui-

1924 2272 2045 2328 dem
2076 2273 2168 2342 qui
2200 2286 2309 2325 non
2340 2270 2510 2325 Deum
2532 2278 2592 2324 ut
2615 2270 2787 2338 ipsam
2818 2268 3100 2323 veritatem
3126 2265 3279 2328 colit,
3321 2278 3486 2319 exse-

1927 2362 2114 2433 quitur
2151 2367 2343 2415 contra
2373 2358 2690 2414 divinorum
2728 2356 2849 2425 ejus
2884 2355 3270 2410 mandatorum
3308 2353 3499 2421 legem.

1924 2467 2107 2524 opera.

2000 2543 2187 2599 Semen
2219 2548 2391 2596 autem
2442 2538 2732 2608 justorum,
2784 2552 2979 2591 merces
3030 2535 3288 2589 veritatis.
3344 2533 3494 2587 More

1930 2634 2176 2698 seminis,
2210 2632 2266 2687 in
2288 2643 2480 2686 eorum
2512 2627 2723 2682 animas
2756 2628 2851 2696 qui
2878 2634 3086 2681 aeterna
3108 2624 3491 2679 nomentaneis

1931 2730 2287 2795 anteponunt,
2325 2718 2529 2776 cadens
2563 2728 2619 2774 et
2641 2717 2845 2773 bonum
2879 2716 3256 2779 fructiﬁcans,
3290 2714 3352 2767 ad
3388 2713 3489 2766 tri-

1928 2815 2074 2885 ginta
2122 2820 2177 2868 et
2238 2810 2522 2881 sexaginta
2565 2816 2621 2864 et
2658 2815 2900 2872 centum,
2938 2807 3185 2863 divinum
3233 2805 3486 2866 verbum,

1929 2903 2200 2960 mercedis
2260 2901 2495 2958 redditio
2546 2906 2631 2955 est
2686 2914 2798 2969 pra:
2850 2913 3033 2954 rerum
3090 2896 3495 2953 noscendarum

1930 2997 2186 3059 termino,
2230 2993 2461 3049 veritate
2491 2976 2723 3047 ﬁrmiter
2748 2989 2980 3046 credita.
3038 2988 3145 3054 Qui
3195 2987 3343 3042 enim
3391 2987 3499 3040 Deo

1931 3085 2140 3139 ﬁrmam
2182 3085 2234 3138 in
2275 3097 2398 3139 eum
2437 3080 2594 3136 ﬁdem
2618 3083 2870 3150 praestat,
2896 3076 2965 3131 ab
2989 3090 3057 3130 eo
3089 3074 3211 3129 vice
3245 3087 3343 3128 sua
3375 3085 3502 3125 ver-

258 3163 646 3267 ἀντιλαμϐάνει
669 3170 795 3238 παρ’
813 3168 976 3222 αὑτοῦ
998 3171 1090 3223 τὸν
1105 3170 1261 3240 λόγον
1282 3172 1380 3241 τῆς
1393 3172 1672 3243 ἀληθείας,
1695 3174 1826 3228 καθ-

1934 3177 2061 3231 bum
2094 3175 2338 3232 veritatis
2369 3173 2588 3242 accipit,
2632 3171 2815 3241 ipsum
2864 3166 3139 3223 inundans
3201 3172 3256 3221 et
3293 3177 3511 3220 secum.

262 3256 485 3322 αἰροντα
534 3256 694 3311 αὐτὸν
741 3259 835 3312 καὶ¹
884 3260 1193 3315 τελειοῦντα
1234 3262 1375 3317 κατά
1409 3264 1591 3335 χάριν,
1626 3266 1691 3335 τῇ
1724 3263 1826 3319 τῶν

1934 3266 2062 3323 dum
2093 3267 2322 3337 gratiam
2353 3263 2644 3335 perﬁciens
2691 3260 2962 3316 bonorum
3010 3272 3135 3328 qua:
3191 3269 3358 3327 supra
3404 3269 3504 3309 na-

264 3346 405 3416 ὑπὲρ
433 3348 594 3415 φύσιν
623 3350 843 3416 ἀγαθῶν
881 3352 1116 3421 μεθέξει.

336 3437 420 3490 ιϐ’.
472 3439 603 3504 Υἱὸς
630 3440 861 3507 δίκαιος
895 3443 1173 3512 γεννᾶται
1204 3447 1290 3511 είς
1333 3444 1501 3512 ζωήν.
1544 3448 1652 3505 Καὶ
1680 3447 1835 3519 γάρὸ

264 3528 364 3596 μὲν
392 3526 511 3598 Θεῷ
534 3529 866 3600 υίοθετηθεὶς
891 3530 980 3587 διὰ
1007 3533 1262 3598 πίστεως,
1293 3536 1385 3588 καὶ
1404 3535 1705 3605 ἀμέμπτως
1734 3554 1835 3591 πο-

260 3619 627 3691 λιτευόμενος,
665 3625 801 3692 πρὸς
831 3623 929 3694 τὴν
971 3628 1349 3695 πνευματικὴν
1398 3627 1494 3678 καὶ
1535 3626 1834 3698 ἀνώλεθρον

256 3711 503 3765 τίκτεται
532 3711 674 3781 ζωὴν
692 3752 707 3771 ,
738 3711 1029 3783 λαμϐάνων
1055 3716 1231 3786 ἀρχὴν
1263 3718 1363 3785 μὲν
1390 3716 1594 3787 ταύτης
1623 3718 1721 3787 τὴν
1749 3719 1836 3772 διά

260 3802 499 3865 πίστεως
533 3801 860 3871 θεογνωσίαν
881 3822 894 3835 ·
942 3806 1229 3876 προκοπὴν
1260 3807 1353 3871 δὲ,
1384 3807 1446 3860 τὸ
1482 3808 1598 3861 κατ’
1632 3809 1836 3880 ἀρετὴν

258 3888 414 3962 ἦθος.

332 3982 593 4052 Διωγμὸς
639 3983 707 4036 δὲ
739 3985 996 4052 ἀσεϐοῦς
1043 3988 1132 4051 είς
1178 3987 1457 4043 θάνατον.
1503 3988 1569 4047 Ἦ
1601 3990 1750 4044 πᾶσα
1778 3989 1835 4043 δὲ

262 4073 468 4144 σπουδὴ
489 4073 582 4127 τοῦ
600 4075 675 4145 μὴ
696 4075 763 4128 δι’
782 4077 1100 4146 ὲμπράκτου
1118 4077 1373 4145 γνώσεως
1394 4078 1659 4149 τιμῶντος
1682 4080 1835 4144 Θεὸν,

258 4163 489 4236 τελευτᾷ
517 4166 596 4230 είς
621 4165 847 4237 φθορὰν,
874 4168 950 4231 ὡς
985 4170 1386 4239 καταγινομένη
1415 4170 1541 4241 περὶ
1568 4170 1638 4225 τὰ
1671 4171 1837 4243 πρόσ-

262 4270 453 4324 καιρα.

330 4351 402 4399 κ’.
443 4346 758 4416 Βδέλυγμα
780 4349 1006 4416 Κυρίῳ,
1041 4349 1166 4403 ὁδοὶ
1207 4350 1684 4421 διεστραμμέναι.
1714 4352 1833 4406 Ὀτι

263 4450 330 4501 με
341 4435 616 4504 μισημένα
634 4437 739 4488 εἰσὶ
763 4436 913 4507 παρά
933 4437 1051 4507 Θεῷ
1077 4437 1213 4505 Ιἔργα
1236 4438 1572 4506 παρεγκεκλι
1581 4439 1718 4507 μένα
1737 4442 1834 4508 τῆς

1937 3371 2112 3416 turam
2146 3368 2274 3414 sunt
2305 3354 2749 3427 participatione.

2006 3451 2173 3507 Vens.
2224 3449 2318 3505 i9.
2399 3446 2572 3501 Filius
2622 3445 2806 3515 justus
2865 3450 3144 3515 generatur
3196 3441 3252 3495 in
3316 3439 3499 3495 vitam.

1930 3542 2146 3598 Etenim
2172 3541 2269 3612 qui
2302 3554 2332 3594 a
2366 3538 2477 3593 Deo
2504 3551 2606 3608 per
2626 3535 2790 3591 ﬁdem
2826 3535 3124 3605 adoptatur
3164 3540 3220 3587 et
3273 3531 3504 3600 irrcpre—

1941 3633 2285 3689 liensibiliter
2313 3629 2449 3701 agit,
2475 3628 2544 3683 ad
2574 3626 2920 3696 spiritualem
2939 3633 2994 3680 et
3013 3621 3501 3691 incorruptibilem

1936 3726 2180 3797 gignitur
2208 3724 2396 3787 vitam,
2425 3718 2759 3789 principium
2793 3715 2916 3785 ejus
2949 3714 3231 3784 accipiens
3269 3710 3361 3767 Dei
3407 3725 3505 3780 per

1939 3815 2060 3870 ﬁdei
2094 3813 2381 3881 notitiam;
2412 3822 2767 3882 progressum
2814 3813 3022 3871 autem,
3060 3803 3367 3861 secundum
3391 3804 3504 3856 vir-

1938 3912 2108 3959 tutem
2141 3916 2346 3956 mores.

2008 3994 2313 4047 Persecutio
2344 3997 2519 4045 autem
2553 3987 2700 4057 impii
2722 3986 2778 4041 in
2813 3995 3059 4041 mortem.
3091 3983 3283 4040 Omnis
3319 3991 3501 4037 autem

1939 4086 2103 4141 ardor
2156 4083 2279 4154 ejus
2326 4081 2419 4153 qui
2477 4094 2588 4135 non
2647 4094 2746 4149 per
2806 4077 3038 4132 activam
3087 4073 3499 4143 intelligentiam

1939 4179 2107 4234 Deum
2150 4175 2307 4241 colit,
2340 4174 2397 4228 in
2440 4170 2846 4241 corruptionem
2882 4168 3157 4240 pervenit,
3189 4175 3379 4237 utpote
3407 4163 3501 4234 qui

1938 4272 2082 4326 circa
2116 4276 2497 4324 momentanea
2527 4270 2802 4318 versatur.

2009 4359 2174 4415 Vens.
2198 4358 2289 4412 20.
2315 4355 2646 4410 Abominatio
2664 4351 2912 4417 Domino,
2936 4350 3036 4404 vice
3066 4362 3341 4419 perversae.
3362 4344 3501 4412 Quia

1939 4466 2131 4521 nempe
2160 4449 2289 4505 odio
2322 4454 2452 4507 sunt
2496 4445 2638 4516 apud
2686 4443 2855 4498 Deum
2902 4454 3067 4511 opera
3108 4452 3229 4507 qua!
3268 4452 3297 4491 a
3353 4444 3501 4491 recta

261 4523 384 4574 κατ’
405 4523 603 4594 ἀρετὴν
629 4524 842 4586 εὐθείας
868 4525 1010 4588 ὀδοῦ,
1044 4528 1180 4598 πρὸς
1208 4527 1275 4581 τά
1301 4528 1418 4581 κατ’
1441 4528 1675 4597 ἔλλειψιν
1708 4528 1826 4583 ταύ-

1940 4542 2239 4599 secundum
2267 4540 2526 4594 virtutem
2558 4537 2645 4590 via
2690 4532 2955 4590 recedunt
2996 4532 3063 4584 ad
3093 4544 3187 4585 eas
3234 4543 3357 4597 qum
3412 4543 3498 4584 se-

262 4628 362 4679 τη;
397 4613 491 4666 καὶ
520 4615 823 4687 ὑπερϐολὴν
853 4616 1022 4684 πάθη.

335 4789 696 4853 Προσδεκτοὶ
744 4791 813 4843 δὲ
854 4790 1014 4856 αὐτῷ
1061 4791 1279 4858 πάντες
1328 4792 1551 4863 ἄμωμοι
1596 4795 1664 4847 ἐν
1697 4794 1830 4860 ὁδῷ.

277 4878 589 4931 Ἀποδεκτοὶ
615 4881 672 4933 δὲ
694 4881 862 4951 αὐτῷ,
898 4882 1011 4935 ὅσοι
1038 4884 1236 4946 παντὸς
1268 4883 1460 4954 μώμου
1480 4884 1834 4956 ἀπηλλαγμέ-

260 4988 361 5037 νην
396 4972 495 5041 τὴν
522 4973 638 5044 eam
671 4974 767 5043 τῆς
796 4974 1075 5044 παρούσης
1111 4974 1257 5043 ζωῆς
1279 4973 1661 5044 διεξέρχονται.

334 5068 440 5114 κα’.
478 5064 634 5131 Χειρὶ
670 5063 871 5132 χεῖρας
899 5063 1171 5133 ἐμϐαλὼν
1207 5063 1443 5136 adiutae}
1466 5069 1577 5121 οὐκ
1625 5068 1836 5137 ἀτιμώ-

253 5173 445 5225 ρητος
473 5158 645 5212 ἔσται
677 5158 898 5213 κακῶν.
939 5160 1049 5212 Καὶ
1075 5160 1102 5211 ὁ
1138 5159 1238 5227 μὲν
1266 5161 1378 5223 τοῖς
1424 5160 1605 5223 πόνοις
1631 5161 1729 5229 τῆς
1756 5162 1837 5213 οἰ-

263 5250 417 5311 κείας
448 5249 650 5319 χειρὸς,
684 5252 810 5314 τοὺς
861 5250 970 5304 τῶν
1020 5250 1315 5322 ἀλλοτρίων
1362 5254 1562 5322 χειρῶν
1618 5254 1833 5317 πόνους,

264 5340 419 5409 παρά
445 5341 623 5395 πάντα
648 5341 855 5395 δίκαιον
880 5340 1037 5409 λόγον
1067 5341 1394 5411 προσμίξας,
1423 5343 1522 5396 οὐκ
1555 5344 1711 5407 ἐκτὸς
1745 5362 1835 5398 κο·

261 5429 699 5497 >.άσεως,εσεται,
729 5431 867 5502 ὑπὲρ
892 5427 966 5484 ὧν
995 5432 1295 5497 ἐνεδείξατο
1322 5432 1580 5503 λυπηρῶν
1614 5437 1692 5498 είς
1710 5436 1835 5499 τοὺς

265 5520 761 5591 πλεονεκτηθέντας
790 5523 921 5593 παρ’
938 5523 1126 5577 αὑτοῦ.

346 5610 407 5663 '0
436 5610 505 5664 δὲ
551 5614 818 5681 σπείρων
859 5614 1288 5681 δικαιοσύνην,
1327 5614 1583 5683 λήψεται
1616 5619 1836 5686 μισθὸν

262 5702 504 5753 πιστόν.
544 5701 603 5753 Ὃ
644 5702 699 5755 δὲ
738 5702 1045 5773 σκορπίζων
1078 5706 1155 5767 εἰς
1181 5702 1278 5766 τάς
1307 5703 1413 5755 τῶν
1440 5704 1707 5773 δεομένων
1734 5724 1832 5774 γα·

265 5790 456 5856 στέρας
496 5792 586 5847 καὶ
624 5793 729 5847 τῶν
777 5793 969 5848 ἑαυτοῦ
1002 5794 1199 5865 χειρῶν
1230 5794 1440 5859 πόνους,
1474 5796 1745 5863 ἀναλόγως
1772 5802 1830 5866 τῇ

1938 4632 2180 4686 cundum
2215 4626 2459 4698 ejusdem
2490 4624 2765 4683 defectum
2794 4630 2887 4675 aut
2908 4631 3200 4677 excessum
3246 4624 3502 4675 suntcu-

1940 4719 2222 4873 mitam}
2242 4814 2419 4861 autem
2457 4802 2737 4855 illiomnet
2780 4794 3264 4867 irreprchensibiles
3299 4795 3352 4846 in
3393 4794 3497 4848 via.

1939 4897 2157 4967 Accepti
2188 4904 2369 4950 autem
2403 4893 2481 4947 illi
2514 4894 2833 4963 quicunque
2882 4888 3031 4944 omni
3074 4887 3525 4956 reprehensione.

1938 4985 2170 5040 solutam
2204 4981 2489 5051 praesentis
2521 4980 2644 5033 vitae
2660 4978 2802 5039 viam
2828 4983 3182 5047 percurrunt.

2008 5074 2172 5131 Vsus.
2206 5074 2295 5127 2‘1.
2331 5072 2437 5138 Qui
2481 5073 2535 5125 in
2566 5086 2729 5127 manu
2776 5084 2965 5124 manus
3007 5068 3230 5137 imponit
3284 5075 3499 5137 injuste,

1937 5182 2041 5220 non
2068 5170 2316 5221 innocens
2348 5162 2613 5229 malorum
2640 5162 2763 5215 erit.
2801 5160 2902 5226 Qui
2937 5160 3083 5215 enim
3112 5159 3348 5230 propriae
3387 5174 3503 5215 ma-

1936 5274 2040 5312 nus
2064 5252 2349 5311 laboribus
2368 5254 2593 5307 aliarum
2622 5264 2879 5306 manuum
2913 5249 3131 5306 labores
3155 5256 3347 5305 contra
3382 5264 3502 5305 om-

1922 5364 2059 5411 nem
2081 5346 2284 5418 justam
2341 5343 2632 5409 rattionem
2668 5341 2967 5404 miscuerit,
3005 5355 3114 5395 non
3147 5348 3299 5397 extra
3333 5341 3500 5396 ultio-

1937 5454 2055 5494 nem
2085 5436 2211 5500 erit,
2243 5451 2341 5506 pro
2372 5435 2591 5504 injuriis
2617 5447 2756 5503 quas
2808 5447 2862 5486 tn
2896 5446 2991 5487 eos
3041 5431 3356 5489 exhibuerit
3404 5433 3497 5503 qui

1935 5530 2004 5585 ab
2034 5529 2151 5598 ipso
2175 5527 2388 5597 decepti
2421 5533 2570 5582 sunt.

2017 5618 2121 5684 Qui
2149 5627 2327 5671 autem
2360 5618 2588 5672 seminat
2630 5617 2923 5686 justitiam,
2949 5615 3161 5686 recipiet
3216 5612 3509 5669 mercedem.

1937 5708 2162 5773 ﬁdelem.
2194 5704 2466 5775 Spargens
2504 5713 2685 5761 autem
2739 5705 2796 5759 in
2840 5703 3195 5774 indigentium
3251 5712 3495 5756 ventrem

1936 5808 1988 5852 ct
2044 5814 2268 5855 suarum
2302 5813 2563 5854 manuum
2615 5796 2851 5865 labores,
2911 5812 3009 5866 pro
3064 5794 3523 5866 uniuscujusque
