4034 6508
619 381 748 446 1331

1917 397 2226 456 PROCOPI
2240 398 2265 456 Ι
2304 399 2547 459 ΟΑΖςΕί

3741 405 3876 469 1332

611 487 812 560 inopia,
849 507 875 551 a
911 500 1298 548 remunerantc
1339 493 1450 549 Deo
1482 497 1785 553 mercedem
1826 499 2039 554 firmam
2087 515 2168 555 ac-

2282 505 2442 577 χρείᾳ
2491 508 2747 570 ἑκάστου,
2783 508 2924 582 λάϐῃ
2967 510 3116 582 παρά
3167 511 3264 565 τοῦ
3313 511 3711 582 μισθαποδότου
3737 515 3872 568 θεοῦ

604 581 795 652 rip-,8“
849 597 970 649 “me
1015 597 1211 652 nempe
1265 583 1315 636 in
1359 593 1968 664 aatcrnmnmpermanet.

558 727 564 746 Ξ
673 669 840 725 Vens.
871 671 961 725 2‘2.
1000 671 1067 725 Ut
1102 673 1330 727 circulus
1364 692 1558 730 aureus
1583 677 1643 730 in
1677 680 1900 734 naribus
1932 682 2070 745 suis,
2102 684 2183 736 ita

603 762 817 816 mulieri
847 763 1101 831 improba:
1150 766 1515 834 pulchritudo.
1618 769 1681 822 Et
1717 771 2179 840 quemadmodum

601 854 818 907 aurium
851 868 1259 922 ornamentum,
1284 860 1430 928 porci
1466 860 1696 916 naribus
1715 877 2042 932 appensnm,
2065 867 2181 919 luto

601 943 865 1008 inﬁcitur,
923 946 998 1000 ita
1025 955 1081 1002 et
1117 951 1372 1005 sensibus
1403 950 1859 1010 irrationabiliter
1922 958 2077 1026 pulsa
2125 957 2178 1011 id

601 1034 753 1101 quod
783 1032 852 1087 ad
880 1034 1069 1104 gloria
1099 1039 1522 1106 prietensionem
1552 1051 1672 1093 erat
1699 1040 1849 1096 illius
1877 1043 1971 1112 qui
2005 1044 2180 1098 sensi-

601 1123 790 1178 bilinm
820 1126 1291 1195 pulchritudinem
1329 1129 1460 1185 fecit
1505 1132 1622 1186 luto
1670 1133 2020 1204 voluptatum
2081 1151 2180 1206 per

598 1213 854 1268 ardorem
884 1216 1213 1285 inquinavit.
1243 1217 1455 1272 Etenim

669 1301 838 1360 Vens.
870 1306 960 1363 25.
990 1309 1167 1362 Ardor
1189 1311 1353 1379 justi,
1392 1315 1564 1371 omnis
1613 1313 1803 1375 bonus.
1834 1317 2014 1372 Ardor
2055 1319 2181 1387 qni-

595 1398 720 1455 dem
783 1399 906 1470 ejus
949 1403 1046 1473 qui
1101 1406 1462 1463 sensibilibus
1507 1419 1698 1479 utpote
1751 1416 2174 1482 momentaneis,

595 1491 739 1547 bona
761 1508 883 1562 quae
905 1509 1074 1565 supra
1099 1512 1296 1552 sensus
1323 1507 1473 1564 sunt,
1502 1509 1692 1570 utpote
1723 1511 1958 1568 aeterna,
2012 1515 2172 1563 ante-

591 1585 771 1653 ponit,
808 1593 956 1640 totus
984 1595 1069 1642 est
1097 1589 1360 1658 optimus,
1395 1599 1583 1660 utpote
1609 1594 1891 1651 salutaris.

667 1673 796 1743 Spes
823 1685 998 1730 autem
1029 1679 1316 1748 impiorum
1354 1683 1566 1750 peribit.
1627 1683 1684 1738 lu
1734 1685 1964 1741 caducis
1991 1699 2172 1743 autem

596 1765 800 1822 ﬁducia
833 1783 1021 1823 eorum
1046 1774 1138 1840 qui
1166 1771 1334 1826 Deum
1371 1790 1468 1844 per
1487 1775 1721 1829 activam
1752 1778 2170 1849 intelligentiam

2285 599 2633 666 ἀντιμισθίαν
2665 599 2912 670 βεϐαίαν,
2941 602 3038 672 τὴν
3073 605 3130 666 ἐς
3161 603 3249 656 ἀεὶ
3277 604 3662 674 διαμένουσαν.

2359 690 2464 758 κβ’,
2491 692 2723 758 Ὠσπερ
2741 693 2986 747 ἐνώτιον
3011 696 3291 763 χρυσοῦν
3316 697 3387 749 ἐν
3400 697 3528 765 ῥινί
3557 700 3688 763 ὑὸς,
3720 700 3872 752 οὕτω

2284 782 2524 849 γυναικὶ
2557 785 2882 853 κακόφρονι
2923 787 3171 854 κάλλος.
3213 789 3322 841 Καὶ
3358 790 3614 860 καθάπερ
3655 789 3870 854 ὲνώτιος

2283 876 2511 943 κόσμος,
2554 880 2922 950 ὲνηρτημένος
2971 881 3156 954 χοίρου
3204 881 3335 952 ῥινὶ,
3361 881 3437 952 τῷ
3483 883 3734 953 βορϐόρῳ
3777 885 3870 952 ῥυ-

2285 968 2558 1022 παίνεται·
2583 969 2727 1024 οὕτω
2753 973 2846 1024 καὶ
2877 973 3132 1042 αἰσθήσει
3159 974 3460 1044 ἀλογίστως
3491 975 3790 1044 φερομένη,
3809 975 3868 1026 τὸ

2282 1059 2419 1131 πρὸς
2441 1059 2686 1114 ἑνῶτισιν
2716 1065 2813 1132 τῆς
2843 1064 3000 1133 δόξης
3026 1064 3121 1120 τοῦ
3152 1067 3519 1136 πεποιηκότος
3541 1065 3740 1127 κάλλος
3760 1067 3866 1118 τῶν

2283 1149 2579 1218 αἰσθητῶν,
2612 1151 2693 1222 τῷ
2735 1151 2983 1224 βορῦόρῳ
3015 1155 3125 1208 τῶν
3167 1156 3372 1225 ἡδονῶν
3399 1157 3525 1210 κατ’
3568 1157 3866 1227 ἐπιθυμἀν

2283 1241 2591 1311 μολύνεται.
2625 1244 2734 1297 Καὶ
2763 1245 2874 1316 γὰρ

2351 1339 2456 1401 κγ’.
2495 1334 2807 1404 Ἔπιθυμία
2859 1335 3118 1400 δικαίου,
3151 1337 3320 1393 πᾶσα
3375 1340 3597 1409 ἀγαθή.
3645 1338 3711 1392 Ἦ
3768 1340 3868 1409 μὲν

2278 1419 2465 1489 ἔφεσις
2495 1423 2588 1476 τοῦ
2631 1426 3015 1496 προκρίνοντος
3049 1429 3158 1482 τῶν
3190 1431 3557 1501 φαινομένων,
3589 1432 3667 1493 ὡς
3702 1449 3868 1501 προσ-

2279 1513 2506 1584 καίρων,
2539 1516 2609 1569 τὰ
2637 1518 2778 1590 ὑπὲρ
2820 1520 2881 1573 τὸ
2923 1523 3248 1592 φαινόμενον
3295 1525 3508 1593 ἀγαθὰ,
3542 1525 3621 1590 ὡς
3648 1527 3868 1590 αἰώνια,

2278 1603 2468 1660 ἅπασα
2498 1607 2732 1678 ὑπάρχει
2761 1609 2922 1680 καλὴ,
2952 1611 3028 1675 ὡς
3060 1613 3353 1683 σωτήριος.

2361 1697 2562 1764 Ἐλπὶς
2585 1699 2654 1752 δὲ
2683 1701 2920 1754 ἀσεϐῶν
2942 1704 3274 1760 ἀπολεῖται.
3316 1707 3379 1759 Ἦ
3396 1707 3548 1760 δ’ὲπὶ
3564 1711 3682 1768 τοῖς
3705 1727 3868 1780 προσ-

2277 1787 2493 1860 καίροις
2539 1792 2865 1860 πεποίθησις
2893 1794 3002 1848 τῶν
3035 1796 3107 1864 μὴ
3153 1795 3222 1848 δι’
3246 1798 3569 1867 ὲμπράκτου
3608 1798 3867 1866 γνώσεως

592 1873 702 1914 non
739 1859 950 1926 colunt,
983 1874 1294 1931 evanescet,
1325 1865 1379 1919 in
1405 1867 1640 1922 nihilum
1671 1869 1882 1938 abiens,
1910 1872 2168 1941 quoniam

2281 1859 2560 1949 τιμώντων
2591 1881 2723 1935 Θεὸν
2741 1859 3254 1954 ,ἀφανισθησεται,
3279 1859 3376 1952 ἐιέ
3397 1889 3459 1943 τὸ
3486 1859 3652 1960 μηδὲν
3683 1859 3869 1964 χωρὴῖ

591 1966 656 2004 ea
685 1962 1144 2024 corrumpentur.

665 2042 829 2099 Vens.
870 2045 957 2099 24.
997 2047 1104 2113 Qui
1134 2051 1353 2118 propria
1405 2053 1694 2118 seminam,
1753 2063 1876 2109 sunt
1900 2056 1987 2126 qui
2014 2056 2172 2124 plura

589 2134 824 2201 faciunt.
862 2135 928 2189 Et
963 2139 1184 2207 quidem
1235 2142 1332 2210 qui
1363 2143 1746 2213 indigentibus
1789 2147 1910 2202 sive
1948 2148 2169 2217 propria

590 2236 882 2294 spargunt,
912 2227 1028 2282 sive
1058 2229 1288 2286 virtutes
1332 2231 1749 2300 impertiuntur.
1795 2236 1832 2290 ii
1889 2244 2022 2291 sunt
2074 2236 2169 2306 qui

589 2312 647 2374 in
683 2316 1002 2385 centuplum
1058 2317 1161 2372 sibi
1203 2329 1300 2374 aut
1355 2335 1657 2392 corporeus
1713 2331 1810 2378 aut
1856 2325 2170 2395 spirituales

591 2405 814 2462 divitias
851 2409 1182 2478 acquirunt.

683 2585 817 2639 Sunt
842 2595 1018 2642 autem
1047 2589 1224 2643 aliena
1254 2603 1654 2662 congregantes,
1704 2596 1796 2665 qui
1841 2595 2162 2651 minuuntur.

585 2676 653 2730 Et
685 2692 881 2735 rursus
914 2681 1143 2749 quidam
1179 2684 1298 2738 sive
1325 2685 1559 2739 aliorum
1596 2687 1882 2743 hominum
1911 2687 2055 2743 bona
2079 2704 2168 2742 ra-

585 2770 824 2840 pientes,
856 2772 977 2828 sive
1010 2773 1322 2829 dazmonum
1356 2778 1624 2832 malitiam
1657 2779 2049 2850 suscipientes,
2079 2795 2168 2835 se-

585 2859 740 2929 ipsos
773 2861 1018 2918 minores
1042 2861 1318 2928 eﬂiciunt;
1349 2869 1659 2923 secundum
1687 2871 1835 2924 enim
1863 2887 2162 2940 corporeas

588 2953 834 3020 divitias,
867 2955 1000 3018 dant
1026 2972 1217 3025 poenas
1249 2974 1349 3027 pro
1374 2960 1442 3016 iis
1463 2977 1585 3030 quae
1613 2962 1755 3018 male
1782 2972 2164 3033 perceperunt;

589 3047 899 3100 secundum
957 3059 1140 3102 autem
1201 3049 1426 3108 divitias
1487 3054 1824 3122 spirituales,
1888 3057 2033 3124 quod
2079 3071 2168 3110 se-

587 3139 828 3200 cundum
860 3140 1119 3198 virtutem
1146 3148 1240 3198 est
1257 3145 1426 3200 decus
1449 3145 1796 3217 abjicientes,
1819 3148 2039 3204 malitiae
2064 3149 2164 3204 de-

587 3230 754 3288 decus
783 3232 886 3287 sibi
919 3235 1234 3304 acquirunt.

570 3471 573 3476 .
659 3427 858 3481 Anima
907 3429 1199 3495 benedicta,
1257 3432 1430 3484 omnis
1484 3431 1727 3501 simplex.
1763 3432 1961 3487 Anima
2021 3431 2166 3486 enim

592 3521 736 3585 apud
801 3518 970 3575 Deum
1017 3529 1072 3575 et
1131 3521 1380 3576 homines
1429 3523 1683 3577 laudibus
1735 3522 1971 3578 donatur
2019 3538 2171 3592 quae-

586 3625 805 3681 cunque
856 3620 1140 3682 permanet
1189 3628 1287 3683 per
1353 3615 1628 3682 apathiam
1691 3615 1879 3670 eadem
1945 3615 2000 3669 in
2057 3630 2166 3670 non

586 3704 826 3770 iisdem,
906 3720 1006 3760 nec
1082 3706 1594 3775 supervenientibus
1673 3707 1966 3771 turbatur,
2051 3708 2170 3762 sive

587 3795 733 3861 lteta,
789 3797 904 3850 sive
941 3797 1123 3853 tristia
1173 3796 1306 3862 sint,
1365 3807 1421 3852 ct
1469 3798 1597 3853 inde
1643 3814 1709 3852 ex
1773 3799 2168 3868 cupiditatibus

587 3888 1041 3957 compositionem
1080 3889 1386 3959 accipiens,
1442 3889 1540 3946 sed
1571 3890 1874 3960 simplicem
1931 3891 2168 3960 propriae

587 3987 798 4033 naturae
837 3997 1064 4036 servans
1095 3982 1389 4037 rationem.

662 4071 830 4126 Vens.
851 4072 961 4139 25.;
980 4072 1073 4126 Vir
1099 4082 1273 4126 autem
1294 4074 1488 4133 iratus.
1506 4090 1605 4126 non
1625 4074 1827 4128 decenti
1855 4077 2042 4144 specie.
2061 4076 2164 4142 Qui

586 4171 769 4216 autem
796 4164 847 4217 in
866 4179 962 4219 eos
991 4166 1084 4233 qui
1113 4166 1292 4234 ipsum
1329 4167 1627 4220 molestant
1661 4169 1940 4231 irascitur,
1971 4179 2055 4224 est
2085 4171 2168 4224 in-

585 4253 808 4317 decens,
863 4255 1016 4324 pacis
1071 4262 1126 4308 ct
1180 4257 1486 4310 secundum
1547 4257 1785 4312 animam
1844 4261 2164 4315 serenitatis

587 4344 892 4399 decentiam
926 4345 1217 4414 abjiciens.

657 4437 825 4494 Vens.
861 4438 952 4493 96.
989 4438 1093 4504 Qui
1124 4441 1312 4494 retinet
1360 4440 1707 4508 frumentum,
1767 4459 1885 4497 eum
1922 4445 2164 4512 gentibus

586 4528 856 4600 relinquit.
923 4529 984 4582 Et
1025 4531 1118 4599 qni
1164 4546 1273 4584 non
1334 4531 1513 4602 injicit
1569 4533 1942 4597 fructilicans,
2005 4551 2154 4588 more

583 4618 869 4682 frumenti,
904 4620 1128 4674 virtutis
1160 4620 1465 4688 ingenitum
1499 4623 1728 4676 verbum
1769 4639 1866 4693 per
1912 4634 2071 4680 actus
2103 4625 2156 4679 in
2185 4595 2239 4654 D

584 4725 829 4775 carnem,
866 4711 996 4764 sinit
1027 4711 1160 4765 illud
1193 4713 1450 4769 hostibus
1480 4721 1798 4768 nostrarum
1852 4718 2157 4771 animarum

582 4799 928 4855 daemonibus
977 4802 1442 4876 consumendum,
1480 4805 1946 4861 irrationabilium
2005 4809 2161 4878 cupi-

582 4891 820 4945 ditatum
863 4893 1124 4947 solertiae.

652 4980 960 5035 Benedictio
990 4992 1166 5037 autem
1196 4984 1250 5037 in
1287 4994 1444 5053 caput
1470 4986 1841 5054 impertientis.
1891 4991 1949 5046 In
1998 4995 2159 5050 bonis

581 5081 766 5127 autem
798 5073 906 5128 erit
945 5075 1121 5143 ipsius
1159 5075 1393 5145 ingeniti
1429 5078 1586 5131 verbi
1624 5095 1759 5136 usus
1796 5084 1940 5150 apud
1973 5096 2158 5139 recto-

579 5179 698 5219 rem
731 5165 988 5234 spiritnm
1020 5167 1144 5236 ejus
1173 5159 1265 5235 qui
1314 5169 1449 5222 illm]
1491 5172 1646 5247 carni
1690 5174 1757 5226 ad
1809 5175 2155 5248 spiritualem

577 5257 919 5315 fertilitatem
951 5258 1270 5324 impertitus
1299 5263 1402 5314 erit
1418 5301 1430 5313 .
1851 5257 1853 5259 ’

656 5349 822 5428 Vens.
855 5351 949 5405 9.7.
990 5349 1320 5406 Construens
1357 5353 1516 5430 bona,
1564 5356 1754 5424 quaerit
1785 5360 2016 5426 gratiam
2065 5362 2156 5415 bo-

577 5424 868 5507 nam..Qui
907 5442 1128 5510 quidem
1174 5445 1382 5512 optima
1443 5427 1535 5498 Dei
1571 5424 1840 5500 mandata
1874 5459 2152 5518 operatur.

574 5535 829 5602 accipere
860 5533 1083 5611 festinat
1103 5537 1444 5603 sanctissimi
1472 5536 1712 5611 Spiritus
1746 5539 1888 5594 dona
1937 5558 2059 5610 quae
2087 5543 2158 5598 ab

575 5622 729 5676 ontni
760 5623 949 5677 debito
988 5608 1214 5680 solvunt
1244 5636 1296 5678 et
1334 5608 1848 5702 supernaturalium
1882 5631 2151 5688 bonorum

580 5715 1005 5789 participatione
1035 5717 1237 5786 dignos
1267 5719 1528 5773 cilicium.

588 5797 594 5804 ’
646 5805 980 5881 Qua‘rentem
1034 5820 1205 5864 autem
1261 5811 1424 5876 male,
1489 5814 1918 5884 comprehendent
1977 5804 2148 5871 illum.

2276 1988 2416 2024 σασα
2445 1972 2503 2026 ἐν
2528 1971 2605 2043 τῷ
2640 1972 2915 2046 φθαρῆναι
2938 1977 3097 2031 αὑτά.

2344 2059 2420 2114 κδ’
2430 2102 2443 2116 .
2483 2064 2664 2117 Εἰσὶν
2709 2069 2764 2119 ot
2810 2066 2882 2120 τὰ
2915 2067 3038 2120 ἴδια
3087 2071 3473 2138 σπείροντες,
3515 2072 3574 2127 οἳ
3611 2077 3868 2128 πλείονα

2274 2153 2576 2207 ποιοῦσιν.
2619 2156 2729 2208 Καὶ
2764 2157 3074 2229 ὑπάρχουσι
3122 2161 3223 2231 μὲν
3255 2164 3306 2214 oi
3335 2164 3475 2234 πρὸς
3513 2167 3641 2228 τοὺς
3675 2167 3867 2236 δεομέ-

2274 2260 2420 2306 νους,
2474 2245 2586 2298 είτε
2636 2249 2706 2300 τὰ
2749 2250 2924 2302 οἰκεῖα
2975 2252 3237 2321 χρήματα
3285 2255 3701 2325 σκορπίζοντες,
3758 2258 3869 2310 εἴτ’

2273 2336 2485 2406 ἀρετῶν
2515 2339 2830 2408 μεταδόσεις
2859 2343 3194 2412 ποιούμενοι,
3217 2346 3415 2410 οἵτινες
3455 2349 3866 2403 ἑκατονταπλα-

2275 2428 2424 2481 σίονα
2471 2431 2682 2494 ἑαυτοῖς
2733 2434 2766 2502 ἢ
2821 2433 2913 2486 τὸν
2957 2437 3327 2510 σωματικδνῆ
3361 2442 3452 2492 τὸν
3489 2444 3866 2512 πνευματικὸν

2273 2519 2503 2574 πλοῦτον
2536 2524 2972 2593 περιποιοῦνται.
3597 2534 3600 2536 ’

2343 2613 2480 2666 Εἰσὶ
2526 2614 2596 2667 δὲ
2641 2616 2740 2669 καὶ
2787 2618 2848 2670 οἱ
2896 2618 3274 2688 συνάγοντες
3323 2621 3397 2675 τὰ
3446 2623 3769 2690 ἀλλότρια,
3809 2623 3867 2677 οἵ

2270 2707 2751 2762 ἐλαττονοῦνται.
2793 2709 3129 2780 Ὑπάρχουσι
3161 2713 3207 2764 δ’
3231 2708 3389 2776 αὖθίς
3407 2731 3576 2778 τινες,
3607 2717 3657 2768 οἶ
3685 2717 3782 2770 καὶ
3799 2718 3864 2770 τὰ

2267 2796 2377 2850 τῶν
2407 2797 2582 2852 ἄλλων
2610 2799 2708 2852 εἶτ’
2731 2799 3038 2871 ἀνθρώπων
3071 2804 3416 2872 ἁρπάζοντες
3445 2811 3733 2879 χρήματα,
3753 2811 3872 2863 εἶτε-

2273 2887 2546 2957 δαιμόνων
2577 2891 2776 2954 κακίας
2809 2893 3338 2962 μεταλαμϐάνοντες,
3373 2899 3569 2963 οἵτινες
3627 2905 3865 2971 σμικρύ-

2269 2997 2451 3033 νουσιν
2498 2981 2745 3053 ἑαυτοὺς,
2779 2984 2920 3036 κατά
2953 2986 3052 3054 μὲν
3096 2987 3190 3041 τὸν
3237 2991 3552 3059 σωματικὸν
3605 2993 3863 3060 πλοῦτον,

2267 3071 2423 3135 δίκας
2453 3074 2906 3145 εἰσπραττόμενοι
2927 3116 2940 3138 ,
2977 3078 3118 3147 ὑπὲρ
3147 3071 3222 3133 ὧν
3257 3082 3444 3145 κακῶς
3476 3084 3825 3155 ὲτελὼνησαν
3847 3105 3862 3117 ·

2269 3164 2410 3218 κατὰ
2432 3165 2490 3218 δὲ
2518 3165 2612 3220 τὸν
2643 3166 2894 3235 ψυχικὸν,
2922 3169 2997 3234 ὡς
3030 3171 3129 3241 τὴν
3153 3174 3275 3225 κατ’
3297 3175 3503 3246 ἀρετὴν
3529 3177 3700 3248 τιμὴν
3724 3180 3865 3232 ἀπο.

2195 3247 2236 3305 C
2269 3255 2614 3327 ϐαλλόμενοι,
2654 3261 2750 3313 καὶ
2798 3261 2899 3331 τῆς
2945 3263 3147 3327 κακίας
3194 3266 3419 3336 ἀτιμίαν
3471 3247 3864 3341 ἐπικτησάμε-

2270 3363 2371 3401 νοι.

2341 3439 2440 3495 κε’.
2491 3439 2666 3510 Ψυχὴ
2691 3442 3125 3513 εὐλογουμένη,
3151 3443 3323 3499 ,πᾶσα
3343 3445 3536 3512 ἁπλῆ.
3562 3447 3727 3518 Ψυχὴ
3754 3449 3862 3520 γὰρ

2270 3531 2637 3602 ἐπαινουμένη
2667 3536 2819 3603 παρά
2844 3534 2963 3606 Θεῷ
2994 3538 3088 3588 καὶ
3115 3536 3429 3606 ἀνθρώποις
3465 3539 3610 3601 ἐστὶ,
3639 3541 3798 3592 πᾶσα
3826 3544 3860 3610 ὴ

2269 3621 2602 3692 διαμένουσα
2631 3625 2768 3693 αὑτὴ
2803 3626 2895 3678 ἐπὶ
2938 3630 3053 3687 τοῖς
3096 3629 3197 3682 οὐκ
3248 3629 3420 3699 αὐτῆς
3470 3629 3540 3683 δι’
3564 3631 3859 3694 ἀπάθειαν,

2269 3713 2365 3766 καὶ
2413 3713 2487 3783 μὴ
2538 3715 2902 3778 στασιάζουσα
2948 3721 3063 3780 τοῖς
3108 3721 3537 3788 συμπίπτουσιν,
3569 3722 3679 3773 εἴτε
3731 3722 3863 3790 ἡδέα

2270 3803 2401 3870 εἷεν,
2429 3805 2539 3858 εἴτε
2561 3807 2655 3859 καὶ
2678 3809 2901 3875 ἀλγεινά
2919 3825 2932 3839 ·
2966 3811 3260 3865 κάντεῦθεν
3282 3812 3380 3882 τὴν
3409 3813 3474 3866 ὲκ
3498 3813 3693 3866 παθῶν
3717 3815 3859 3882 λαμ-

2271 3895 2508 3949 ϐάνουσα
2539 3896 2810 3961 σύνθεσιν,
2845 3899 2958 3952 ἀλλ’
2981 3901 3183 3954 ἁπλοῦν
3217 3901 3310 3957 τὸν
3339 3902 3438 3973 τῆς
3471 3902 3611 3967 ἰδίας
3639 3903 3859 3972 φύσεως

2267 3987 2704 4056 διαφυλάττουσα
2743 3991 2921 4058 λόγον.

2341 4079 2456 4145 σις’.
2494 4081 2664 4149 Ἀνὴρ
2697 4081 2765 4135 δὲ
2795 4083 3106 4151 θυμώδης,
3157 4087 3270 4139 οὐκ
3324 4086 3673 4156 εὐσχήμων.
3713 4087 3775 4140 Ὀ
3806 4087 3860 4140 δὲ

2269 4172 2407 4240 πρὸς
2435 4173 2560 4235 τοὺς
2592 4172 2896 4234 λυποῦντας
2929 4176 3092 4229 αὐτὸν
3118 4177 3495 4246 ὀργιζόμενος,
3531 4180 3670 4248 ἀσχη
3683 4182 3855 4247 μονεί,

2266 4265 2364 4334 τὴν
2389 4263 2488 4333 τῆς
2518 4266 2741 4335 εἰρήνης
2772 4265 2864 4318 καὶ
2897 4266 2994 4336 τῆς
3031 4267 3172 4320 κατὰ
3205 4269 3384 4339 ψυχὴν
3417 4271 3664 4342 γαλήνης
3695 4273 3856 4324 35x0-

2268 4356 2436 4424 σμίαν
2473 4355 2931 4424 ἀποσαλλόμενος.

2348 4447 2410 4500 '0
2438 4446 2718 4514 συνέχων
2740 4447 2930 4512 σῖτον,
2956 4450 3313 4504 ὐπολῖποιτο
3336 4452 3526 4506 αὐτὸν
3549 4453 3677 4519 τοῖς
3699 4455 3857 4508 ἔθνε-

2265 4551 2388 4591 σιν.
2431 4537 2539 4588 Καὶ
2561 4538 2588 4587 ὁ
2621 4536 2719 4607 μὲν
2744 4537 2817 4608 μὴ
2849 4539 3202 4591 καταϐάλλων
3235 4541 3327 4593 τὸν
3355 4542 3514 4611 δίκην
3545 4544 3699 4596 σίτου
3723 4563 3854 4616 καρο

2266 4625 2506 4693 ποφόρον
2532 4625 2634 4694 τῆς
2656 4626 2859 4695 ἀρετῆς
2891 4627 3131 4697 ἔμφυτον
3158 4627 3318 4695 λόγον
3348 4630 3513 4698 σαρκὶ
3543 4631 3690 4684 κατὰ
3715 4637 3852 4700 πρᾶο

2267 4714 2370 4780 ξιν,
2400 4714 2750 4784 καταλείψειε
2795 4715 2984 4768 τοῦτον
3026 4720 3522 4773 καταναλίσκεσθαι
3555 4724 3671 4784 τοῖς
3699 4724 3852 4774 amita-

2267 4806 2411 4876 μίοις
2445 4807 2553 4859 τῶν
2603 4807 2888 4876 ἡμετέρων
2922 4808 3110 4879 ψυχῶν
3141 4809 3363 4880 δαίμοσι
3385 4852 3397 4874 ,
3429 4815 3552 4876 ταῖς
3585 4815 3850 4877 ἐπινοίαις

2263 4896 2373 4949 τῶν
2399 4898 2607 4965 ἀλόγων
2639 4899 2850 4952 παθῶν.

2333 4990 2601 5058 Heloria
2624 4988 2692 5042 δὲ
2710 4993 2799 5054 εἰς
2835 4989 3114 5059 κεφαλὴν
3134 4992 3242 5045 τοῦ
3264 4994 3715 5063 μεταδιδόντος.
3733 4996 3849 5049 Ἐπ’

2264 5081 2489 5145 ἀγαθοῖς
2517 5081 2571 5134 δὲ
2604 5081 2758 5134 ἔσται
2780 5084 2812 5147 ἡ
2840 5082 3036 5152 χρῆσις
3069 5084 3233 5136 αὑτοῦ
3265 5085 3360 5137 τοῦ
3387 5088 3635 5156 ἐμφύτου
3669 5088 3842 5155 λόγου,

2265 5174 2416 5242 παρὰ
2449 5171 2528 5240 τῷ
2561 5172 2792 5241 ἡγεμόνι
2825 5172 2919 5240 νῷ,
2946 5172 3040 5225 τοῦ
3070 5174 3443 5243 μεταδιδόντος
3468 5176 3666 5230 τούτου
3688 5178 3844 5249 σαρκὶ

2263 5265 2402 5334 πρὸς
2433 5263 2812 5333 καρποφορίαν
2845 5266 3241 5334 πνευματικήν.

2333 5356 2438 5419 κζ’.
2485 5355 2947 5420 Τεκταινόμενος
2974 5355 3185 5424 ἀγαθὰ,
3209 5354 3369 5422 ζητεῖ
3384 5356 3563 5423 χάριν
3590 5357 3837 5426 ἀγαθήν,

2262 5447 2377 5500 Καὶ
2415 5447 2444 5499 ὁ
2485 5445 2584 5516 μὲν
2610 5445 2977 5515 ἐργαζόμενος
3026 5447 3123 5509 τὰς
3173 5446 3520 5514 παναγάθους
3569 5449 3666 5501 τοῦ
3713 5448 3840 5502 Θεοῦ

2265 5538 2508 5600 ἐντολὰς,
2537 5536 2756 5588 σπεύδει
2787 5535 2975 5589 λαϐεῖν
3004 5537 3097 5589 τοῦ
3117 5537 3385 5604 παναγίου
3406 5537 3723 5608 Πνεύματος
3745 5541 3839 5592 δω⁸

2269 5607 2416 5705 ρεὰν,
2444 5631 2545 5701 τὴν
2577 5629 2778 5692 παντὸς
2814 5629 3129 5699 ὀφλήματος
3158 5629 3731 5694 ἀπαλλάττουσαν,καὶ
3747 5632 3839 5701 τῆς

2267 5725 2536 5794 μεθέξεως
2571 5724 2680 5776 τῶν
2718 5724 2857 5789 ὑπὲρ
2897 5723 3057 5792 φύσιν
3095 5723 3313 5788 ἀγαθῶν
3351 5725 3628 5791 ἀξιοῦσαν.

2277 5809 2279 5811 ’
2347 5815 2741 5884 Ἐκζητοῦιοτα
2769 5813 2836 5867 δὲ
2861 5814 3041 5876 κακὰ,
3073 5815 3482 5883 καταλήψεται
3510 5817 3714 5871 αὐτόν.
3737 5815 3832 5869 Τὸν
