4034 6524
237 400 376 465 1333
1296 388 1832 453 COMMENTARII
1866 388 1951 449 IN
1981 383 2436 447 PBOVERBIA.
3351 354 3498 422 ‘33‘
3524 444 3527 447 .

227 520 288 574 δὲ
320 515 622 571 σπεύδοντα
655 510 972 565 κακοποιεῖν
991 548 1005 570 .
1039 505 1325 577 καταλάϐῃ
1353 504 1579 566 δικαίως
1610 503 1671 556 τὸ
1707 502 1814 555 πά-

1919 497 2056 553 Eum
2086 495 2181 567 qui
2219 493 2362 549 male
2397 502 2559 562 agere
2615 485 2865 551 festinat,
2922 480 3073 552 juste
3124 471 3491 570 comprehen-

233 629 383 682 σχειν
429 607 639 670 κακῶς,
666 607 777 658 εἴτε
826 601 965 657 κατά
1008 601 1070 653 τὸ
1112 567 1475 668 παρὸνηπρδς
1505 594 1811 666 διόρθωσιν,

1917 589 2049 645 dent
2078 601 2277 658 preme,
2314 585 2429 639 sive
2470 578 2727 653 praesenti
2762 585 3011 644 tempore
3066 567 3135 622 ad
3192 567 3495 619 correctio-

234 671 350 759 εἴτε
385 700 527 756 κατὰ
557 697 618 750 τὺ
654 695 846 765 μέλλον
877 692 1012 762 πρὸς
1045 689 1337 760 τιμωρίαν.

1279 706 1337 741 ιν.
1920 695 2070 744 nem,
2100 680 2217 733 sive
2258 678 2448 730 futuro
2481 673 2551 726 ad
2587 671 2872 725 ultionem.

310 743 350 757 "'
388 743 527 756 ’ν’-’ν-
568 743 616 750 "
654 743 837 765 r‘"""‘
888 743 933 762 ⁷1
995 743 1012 754 -
1105 743 1116 760 ι
1196 743 1208 758 ι

310 794 420 865 κη’.
453 794 518 846 '0
548 786 842 851 πεποιθὼς
876 783 975 837 ἐπὶ
999 782 1239 844 πλούτῳ
1261 778 1469 843 αὑτοῦ,
1498 772 1676 841 οὗτος
1715 789 1818 827 πε-

1992 769 2159 824 Vstts.
2192 769 2282 823 28.
2316 767 2420 833 Qui
2439 762 2654 833 conﬁdit
2694 761 2747 814 in
2796 755 2993 811 divitiis
3016 752 3153 816 suis,
3185 749 3277 803 ille
3328 743 3496 800 cadet.

237 838 454 945 σεῖτέιλ.
477 838 793 947 ’καίομεν
819 838 1040 944 θαρρῶν
1072 874 1163 924 ἐπὶ
1197 838 1343 932 ί-δίοις
1377 838 1486 922 εἴτε
1520 838 1820 937 χρήμασιν,

1924 860 1989 914 Et
2024 862 2117 931 qui
2154 857 2383 914 conlidit
2436 855 2656 926 quidem
2702 852 2755 905 in
2819 845 3056 918 propriis
3118 842 3235 897 sive
3274 838 3497 895 divitiis.

2306 944 2335 947 η
2701 938 2713 947 .
2781 935 2815 947 ..
2936 934 2948 947 .
3014 931 3025 947 .
3080 946 3085 947 ,
3294 924 3497 947 ..,ι.-....

240 924 454 945 υ⁵⁴⁵ι⁴⁹¹
497 924 606 936 ""'
636 924 660 932 '
697 924 785 947 r'"
828 924 953 944 ’ττι-
992 924 1027 925 ίν
1324 924 1341 932 v
1523 924 1572 937 ιη
1613 924 1645 936 .-
1807 924 1818 931 ν

240 980 356 1032 εἴτε
385 970 797 1043 κατορθώμασι.
826 965 921 1019 καὶ
972 962 1046 1033 μὴ
1076 961 1169 1014 ἐπὶ
1211 959 1290 1030 τῷ
1321 959 1460 1029 Θεῷ.
1514 960 1543 1011 6
1584 956 1825 1018 τοιοῦτος

1926 949 2042 1003 sive
2075 924 2529 1007 successibus,ﬁet
2559 954 2667 994 non
2701 938 2756 992 in
2778 935 2910 1000 Deo,
2936 928 3251 1002 huiusmodi
3293 924 3504 979 labetur

2006 1038 2035 1043 -
2175 1036 2188 1043 .
2289 1035 2322 1043 ..
2570 1031 2582 1043 .
2716 1029 2749 1043 ..
2966 1021 3310 1043 mauu,“
3393 1016 3504 1043 ΑΜ

243 1016 356 1032 ⁵⁸⁵³
388 1016 797 1043 ’ν’-*Ἴνν-ι--ηνν
972 1016 984 1033 ι
1035 1016 1046 1033 ι
1262 1016 1273 1030 ο
1411 1016 1458 1029 .-
1808 1016 1816 1018 ν

243 1065 706 1136 κατενεχθήσεται
750 1058 816 1110 ὲκ
862 1054 1011 1117 θείας
1054 1050 1519 1121 ὲγκαταλείψεως,
1559 1050 1669 1101 εῐτε
1718 1045 1826 1099 τῶν

1928 1055 1958 1093 a
2006 1038 2115 1092 Deo
2157 1035 2475 1096 derelictus,
2539 1031 2656 1086 sive
2698 1027 2906 1085 divitiis
2956 1021 3337 1083 eiﬂuentibus,
3393 1016 3506 1072 sive

2006 1131 2017 1136 -
2270 1127 2284 1136 .
2516 1126 2528 1136 .
2753 1131 2764 1136 _
3106 1114 3302 1136 dum

575 1146 969 1221 διαρρυέντων,
994 1114 1110 1196 εἴτε
1136 1140 1325 1194 τούτου
1359 1114 1653 1208 σφαλέντος
1686 1134 1828 1189 κατὰ

1731 1134 1828 1189 ατὰ
1930 1131 2055 1203 quia
2079 1127 2383 1186 secundum
2418 1126 2644 1182 verbum
2676 1131 2771 1177 aut
2792 1121 3065 1177 actionem
3096 1114 3324 1174 errabit.

249 1248 410 1314 λόγον
435 1243 469 1314 ἢ
496 1241 712 1311 πρᾶξιν.

336 1293 403 1389 ιδ
427 1293 1104 1398 δὲᾶνίιλαμόανόμενος
1127 1322 1392 1387 δικαίων,
1414 1314 1593 1387 οὗτος
1625 1319 1834 1374 ἀνατε-

2005 1312 2109 1381 Qui
2142 1318 2319 1365 autem
2374 1306 2661 1376 susceperit
2708 1304 2883 1374 justa,
2913 1302 2995 1356 hic
3024 1298 3248 1354 orietur.
3280 1293 3382 1360 Qui
3413 1306 3512 1344 au—

252 1383 393 1481 .157:
410 1383 1019 1489 ’θνδξάντιποιούμένος
1043 1383 1163 1470 καθ’
1185 1413 1298 1478 ἕξιν
1325 1383 1388 1465 τε
1408 1412 1503 1465 καὶ
1531 1383 1831 1481 ἐνέργειαν,

1935 1413 2045 1460 tem
2093 1401 2397 1473 impleverit
2444 1397 2746 1454 secundum
2805 1394 3053 1448 habitum
3106 1398 3162 1445 et
3215 1383 3513 1442 ellicaciant

255 1515 370 1568 τῶν
403 1508 826 1582 άποτρεπουσῶν
879 1507 977 1576 μὲν
1024 1504 1119 1556 τοῦ
1169 1501 1374 1565 κακοῦ,
1412 1496 1836 1570 προτρεπουσῶν

1937 1494 2123 1550 divina
2178 1492 2440 1547 mandata
2508 1504 2631 1559 qua:
2692 1502 2720 1540 a
2772 1485 2914 1538 malo
2960 1486 3237 1541 avertunt,
3304 1476 3372 1530 ad
3420 1474 3518 1528 be-

353 1563 781 1670 ⁷είςήτδδιάγαθδν
811 1563 969 1651 θείων
999 1594 1227 1648 ὲντολῶν
1246 1633 1263 1656 ,
1297 1563 1390 1645 καὶ
1411 1563 1486 1653 ὡς
1510 1563 1609 1660 την
1635 1586 1838 1641 οἰκείαν

1940 1601 2072 1642 num
2123 1592 2305 1639 autent
2359 1585 2715 1642 convertunt,
2759 1586 2815 1631 et
2858 1580 3053 1644 utpote
3105 1570 3198 1639 qui
3239 1563 3517 1637 propriam

693 1690 980 1745 ἀσθένειαν
1000 1727 1015 1750 ,
1044 1688 1123 1750 είς
1159 1654 1319 1756 μόνον
1354 1654 1591 1744 ἐλπίζων
1624 1679 1778 1740 Θεὸν,
1812 1678 1840 1729 6

1941 1676 2095 1732 novit
2125 1672 2504 1729 inﬁrmitatem
2532 1670 2591 1725 in
2621 1668 2797 1725 solum
2827 1665 2998 1719 Deum
3041 1674 3296 1731 sperans,
3326 1654 3520 1722 hujus-

540 1781 803 1853 διαφανὴς
839 1747 1131 1850 γενήσεται
1159 1747 1289 1830 ’κατ’
1342 1772 1542 1844 ἀρετὴν
1574 1772 1668 1825 καὶ
1704 1770 1843 1839 λαμ-

1945 1766 2090 1822 modi
2109 1766 2199 1821 ﬁet
2215 1762 2520 1821 secundum
2538 1761 2801 1816 virtutem
2819 1753 3193 1812 translucidus
3212 1753 3266 1805 et
3287 1747 3522 1818 fulgens.

265 1881 431 1951 πρός.
1250 1910 1251 1913 η
1432 1908 1433 1911 η
1876 1863 1919 1918 Β

340 1970 445 2024 κθ’.
483 1968 548 2021 ’0
576 1966 661 2037 μὴ
693 1961 1287 2034 συμπεριφερόμενος
1330 1954 1411 2022 τῷ
1452 1952 1670 2009 ἑαυτοῦ
1699 1950 1847 2017 οἴκῳ

2017 1962 2185 2018 Vens.
2214 1960 2304 2017 29.
2355 1958 2461 2027 Qui
2492 1974 2599 2014 non
2620 1954 2863 2028 invigilat
2889 1969 3002 2009 sua:
3034 1949 3219 2006 domui
3245 1945 3530 2001 Itwredita-

267 2058 719 2129 κληρονομήσει
749 2053 1028 2124 ἀνέμους.
1071 2050 1182 2104 Καὶ
1216 2051 1244 2103 6
1279 2048 1354 2118 μὴ
1383 2048 1503 2108 ταῖς
1543 2042 1849 2103 ἀσθενείαις

1948 2058 2023 2111 bit
2058 2064 2261 2111 ventos.
2306 2051 2374 2107 Et
2411 2051 2507 2120 qui
2555 2065 2665 2105 non
2702 2046 2953 2117 indulget
3008 2039 3312 2099 inﬁrmitati
3341 2049 3529 2093 eorum

269 2153 381 2207 τῶν
424 2153 485 2205 ὲν
528 2149 609 2219 τῷ
642 2148 755 2218 ίδίῳ
784 2145 920 2216 οἴκῳ
953 2141 1378 2211 συγγνωμονῶν,
1423 2136 1517 2191 καὶ
1568 2131 1851 2206 βαστάζων

1950 2148 2042 2218 qui
2075 2146 2131 2201 in
2162 2144 2385 2216 propria
2414 2143 2579 2198 domo
2621 2146 2771 2207 sunt,
2798 2155 2902 2195 nec
2930 2151 3050 2193 eam
3077 2133 3314 2189 sustinet
3365 2142 3535 2198 quam

273 2242 479 2304 ταύτας
524 2239 600 2304 ὡς
644 2237 892 2295 δυνατὸν.
922 2236 983 2289 τὸ
1009 2236 1242 2290 ἄστατον
1265 2232 1363 2300 τῆς
1395 2227 1601 2282 τούτων
1629 2223 1854 2295 γνώμης

1954 2248 2066 2294 tum
2102 2237 2362 2307 possibile
2379 2244 2482 2300 est,
2513 2233 2826 2291 instabilem
2860 2244 3055 2286 eorum
3091 2224 3417 2283 sententiam
3447 2220 3533 2273 lu-

276 2335 567 2407 κερδήσει,
608 2331 705 2385 καὶ
757 2329 879 2400 οὑχὶ
924 2325 1148 2388 τούτους
1197 2324 1277 2387 εἰς
1328 2321 1389 2375 τὸ
1426 2317 1723 2374 ὑπακούειν
1760 2316 1857 2369 αὑ-

1954 2329 2221 2394 crabitur,
2255 2342 2435 2397 neque
2460 2341 2557 2383 eos
2586 2326 2656 2381 ad
2700 2322 3066 2381 obediendum
3120 2318 3225 2390 ipsi
3276 2314 3530 2370 adducet.

275 2443 395 2479 του.

350 2515 684 2570 Δουλεύσει
732 2512 803 2567 δὲ
847 2511 1060 2582 ἄφρων
1103 2504 1772 2580 φρονίμῳ.’Υπηρετήσει
1804 2500 1861 2553 δὲ

2032 2503 2234 2560 Serviet
2262 2511 2439 2558 autem
2472 2501 2668 2557 stultus
2692 2497 2943 2570 sapienti.
2981 2490 3314 2549 Ministrabit
3353 2494 3537 2542 autent

281 2607 363 2675 τῷ
387 2607 641 2677 ὲχέφρονι
669 2608 698 2659 6
731 2605 804 2675 μὴ
831 2574 1079 2674 ὲχέιρρων
1144 2574 1743 2671 μετερχομένῳτοῦτον
1770 2591 1862 2644 εὑ-

1962 2593 2218 2666 prudenti
2264 2595 2610 2666 imprudens,
2648 2591 2846 2647 leniter
2890 2590 3043 2643 illum
3087 2581 3330 2648 adeunti,
3364 2586 3442 2652 et,
3476 2574 3543 2630 ad

284 2696 463 2767 φυῶς,
486 2696 581 2749 καὶ
612 2694 796 2761 ἄγοντι
828 2694 908 2755 είς
940 2692 1000 2745 τὸ
1034 2690 1171 2762 πρὸς
1199 2688 1263 2742 τὸ
1286 2686 1465 2756 ἑαυτῷ
1494 2683 1773 2755 βούλητόν.

1232 2688 1263 2742 δ
1286 2686 1465 2756 ἐαυτῷ
1494 2683 1773 2755 βουλητόν.
1964 2701 2118 2742 suam
2147 2686 2482 2742 voluntatem
2510 2683 2825 2740 adducenti.

358 2788 425 2842 λ’.
483 2787 583 2840 Ἐκ
628 2784 861 2853 καρποῦ
911 2782 1304 2847 δικαιοσύνης
1357 2779 1567 2848 φύεται
1613 2773 1868 2841 δένδρον

2037 2777 2205 2833 Vsus.
2244 2779 2334 2834 50.
2366 2778 2444 2833 De
2474 2778 2654 2847 fructu
2688 2773 2918 2845 justitim
2949 2770 3190 2825 nascitur
3214 2764 3374 2822 arbor
3404 2763 3543 2817 vitm.

287 2874 456 2943 ζωῆς.
498 2876 609 2929 Καὶ
654 2872 723 2937 ἐξ
756 2872 958 2943 ἀρετῆς
1003 2871 1100 2941 μὲν
1125 2868 1543 2939 καρπευομένης
1586 2863 1737 2934 παρὰ
1771 2864 1869 2933 τῆς

1969 2869 2035 2925 Et
2058 2870 2125 2925 de
2142 2869 2343 2925 virtute
2372 2869 2605 2939 quidem.
2625 2867 2855 2921 collecta
2888 2880 2953 2920 ex
2988 2862 3173 2917 divina
3199 2874 3321 2930 qum
3352 2870 3550 2913 secun-

289 2970 435 3024 κατὰ
464 2968 663 3038 νόμους
702 2966 848 3029 θείας
885 2962 1178 3025 πολιτείας,
1213 2960 1497 3030 βλαστάνει
1529 2959 1585 3009 ὲν
1614 2958 1681 3025 τῇ
1720 2953 1868 3024 ψυχῇ

1971 2963 2100 3019 dum
2123 2963 2269 3033 leges
2304 2970 2389 3016 est
2411 2958 2829 3031 gubernatione,
2857 2954 3196 3026 germinatin
3228 2950 3409 3005 anima
3456 2945 3549 3015 qui

288 3064 319 3114 6
369 3061 574 3131 ταύτην
623 3057 907 3129 συντηρῶν
953 3056 1110 3124 λόγος
1158 3053 1257 3122 τῆς
1283 3051 1623 3122 διακρίσεως,
1658 3045 1778 3099 καθ’
1812 3045 1872 3097 ὃν

1972 3075 2091 3117 eam
2124 3066 2416 3115 conservat
2442 3070 2626 3113 sermo
2652 3052 3029 3115 discretionis,
3057 3064 3154 3119 per
3175 3056 3334 3117 quem
3364 3049 3552 3098 custo-

290 3154 623 3223 φυλάττεται
652 3152 760 3206 ἀπὸ
791 3151 884 3205 τοῦ
920 3151 1047 3203 καθ*
1063 3145 1337 3218 ἁμαρτίαν
1368 3143 1601 3197 θανάτου
1622 3156 1634 3170 ·
1664 3139 1741 3203 ὡς
1773 3136 1875 3207 μὲν

1975 3150 2122 3205 ditur
2163 3164 2195 3204 a
2241 3149 2451 3221 peccati
2488 3155 2689 3212 morte,
2726 3160 2794 3202 eo
2826 3141 2973 3214 quod
2998 3141 3137 3200 hinc
3161 3137 3381 3209 quidem
3410 3134 3549 3188 bona

289 3210 481 3299 καλῶν
533 3245 640 3298 τῶν
693 3242 935 3315 μονίμων
969 3210 1327 3309 ἀντεχομένη,
1358 3235 1434 3299 ὡς
1480 3234 1537 3287 δὲ
1572 3229 1744 3285 κακοῦ
1774 3231 1873 3300 τῆς

1978 3222 2264 3297 manentia
2308 3241 2528 3307 retinet,
2588 3238 2717 3294 inde
2762 3253 2892 3294 vero
2939 3236 3081 3289 mala
3120 3233 3189 3287 ad
3234 3227 3554 3299 temporalia

291 3340 424 3409 περὶ
461 3337 530 3391 τὰ
566 3336 881 3408 πρόσκαιρα
921 3332 1164 3403 σχέσεως
1203 3326 1543 3398 ἀπεχομένη.
1636 3324 1643 3329 ’

1139 3348 1164 3394 ς
1203 3326 1543 3398 ἀπεχομένη·
1636 3324 1643 3329 ’
1977 3334 2341 3403 dispositione
2371 3348 2431 3390 se
2462 3331 2732 3387 continet.

379 3429 786 3498 Ἀφαιροῦνται
852 3425 923 3479 δὲ
988 3423 1168 3491 ἄωροι
1238 3419 1432 3490 ψυχαί
1496 3416 1875 3485 παρανόμων.

2049 3422 2385 3491 Auferuntur
2438 3432 2616 3474 autem
2677 3417 3058 3485 intempestiva:
3108 3414 3302 3467 anima’
3352 3410 3560 3480 iniqua-

306 3521 753 3592 Ἀφαρπάζονται
781 3517 838 3571 δὲ
864 3515 963 3585 τῆς
986 3512 1325 3585 προσκαίρου
1352 3509 1498 3577 ζωῆς
1528 3506 1632 3575 πρὸ
1659 3501 1877 3574 καιροῦ,

1982 3529 2122 3567 rum.
2158 3511 2525 3581 Abripiuntur
2581 3523 2612 3562 a
2656 3508 2944 3577 temporali
2988 3507 3098 3559 vita
3149 3511 3275 3557 ante
3327 3511 3560 3570 tempus,

302 3613 468 3682 ζινχαὶ
495 3610 603 3665 τῶν
639 3611 715 3680 μὴ
740 3606 1055 3679 τηρούντων
1084 3604 1183 3667 τὰς
1211 3603 1303 3656 τοῦ
1336 3601 1472 3654 Θεοῦ
1500 3597 1742 3662 ἐντολάς,
1773 3597 1881 3650 τῶν

1984 3607 2183 3661 animae
2213 3619 2404 3659 eorum
2433 3602 2527 3673 qui
2555 3618 2664 3657 non
2697 3608 2922 3656 servant
2954 3598 3048 3653 Dei
3074 3597 3351 3658 mandata,
3370 3594 3572 3649 diebus

298 3703 523 3775 ἡμερῶν
569 3705 669 3774 τῆς
715 3700 916 3759 κακίας
960 3697 1142 3753 αὑτῶν
1186 3694 1616 3767 κολοϐουμένων,
1645 3695 1732 3749 διὰ
1755 3693 1881 3756 τοὺς

1755 3693 1881 3756 τοὺς
1987 3699 2207 3753 malitia:
2239 3712 2428 3753 eorum
2466 3694 2824 3759 abbreviatis,
2854 3700 3079 3763 propter
3109 3690 3336 3745 electos.

297 3793 423 3845 ὲκλε
432 3791 611 3854 κτούς.

373 3883 476 3937 λα’.
521 3884 590 3936 Et
615 3884 649 3936 ό
673 3881 790 3951 μὲν
816 3880 1045 3945 δίκαιος
1068 3878 1245 3948 μόλις
1271 3874 1514 3936 σώζεται
1539 3915 1555 3941 ,
1585 3877 1618 3929 ό
1656 3873 1885 3941 ἀσεϐὴς

2060 3872 2226 3927 Vens.
2257 3871 2346 3926 3i.
2380 3869 2439 3924 Si
2455 3870 2635 3940 justus
2663 3867 2872 3939 quidem
2904 3867 2990 3921 vim
3015 3865 3275 3930 solvatur,
3305 3860 3497 3928 impius
3519 3868 3566 3910 et

300 3977 404 4032 καὶ
430 3975 775 4045 ἁμαρτωλὸς
805 3974 922 4028 ποῦ
960 3972 1270 4043 parasitae;
1309 3971 1371 4023 Ei
1400 3970 1509 4040 γάρ
1544 3970 1638 4021 καὶ
1671 3968 1831 4030 αὑτὸς
1859 3968 1887 4019 6

1986 3975 2233 4034 peccator
2291 3964 2382 4018 ubi
2411 3961 2721 4027 parebunt?
2755 3960 2812 4016 Si
2844 3960 2988 4015 enim
3023 3970 3077 4014 et
3108 3959 3224 4027 ipse
3257 3955 3350 4024 qui
3384 3954 3568 4006 divina

300 4072 403 4134 τὰς
430 4068 579 4132 Θείας
610 4067 796 4139 τηρῶν
822 4065 1041 4128 ἐντολὰς
1066 4064 1155 4118 διὰ
1179 4062 1393 4116 πολλῶν
1430 4059 1662 4123 σώζεται
1714 4059 1888 4129 μαθη-

1992 4066 2178 4114 servat
2208 4056 2491 4119 mandata,
2549 4069 2647 4125 per
2688 4053 2890 4108 multas
2935 4051 3180 4105 salvatur
3224 4046 3569 4114 disciplinas,

306 4164 514 4234 μάτων,
541 4161 650 4214 τῶν
682 4138 783 4228 μὲν
816 4157 937 4211 καθ’
959 4158 1152 4228 ἡδονὴν
1183 4154 1449 4209 ἑκουσίων
1480 4153 1666 4206 παθῶν
1696 4154 1892 4222 ἐγκρα-

1990 4148 2356 4220 jucundarum
2383 4146 2685 4217 voluptatis
2721 4143 3043 4215 passionum
3084 4154 3314 4211 compos
3370 4138 3572 4200 iactus,

304 4228 624 4324 τευόμενος,
652 4251 779 4314 τοὺς
811 4250 867 4303 δὲ
907 4247 1027 4302 κατ’
1054 4244 1249 4315 ὀδύνην
1282 4244 1626 4317 πειρασμοὺς
1674 4240 1894 4312 εὐχαρί-

1998 4241 2202 4298 doloris
2262 4255 2394 4297 vero
2429 4239 2817 4309 probationum
2874 4237 3113 4292 libenter
3161 4233 3393 4302 patiens,
3443 4228 3591 4299 quia.

307 4360 454 4407 στως
495 4341 818 4412 ὑπομένων
857 4358 875 4389 ι
902 4340 982 4392 ὅτι
1024 4337 1216 4407 βιαστή
1248 4338 1396 4389 ἐστιν
1435 4337 1468 4405 ή
1515 4333 1761 4405 βασιλεία
1784 4332 1893 4386 τῶν

2001 4353 2020 4387 ι
2068 4349 2295 4404 regnum
2340 4333 2607 4388 caelorum
2665 4333 2774 4385 vim
2832 4329 3059 4400 patitur,
3105 4334 3159 4381 et
3210 4323 3572 4379 violenti-ra-

306 4434 576 4505 οὐρανῶν,
604 4435 698 4486 καὶ
724 4430 945 4501 βιασταὶ
968 4428 1307 4500 ἁρπάζουσιν
1353 4427 1553 4497 αὑτήν·
1588 4444 1606 4477 ι
1639 4427 1667 4479 6
1703 4424 1777 4494 μὴ
1818 4424 1896 4477 δι’

1996 4426 2157 4497 piunt
2191 4425 2322 4481 illud
2348 4424 2404 4491 ¹;
2454 4443 2473 4476 ι
2536 4424 2630 4494 qui
2650 4438 2760 4478 non
2800 4437 2899 4492 per
2940 4433 3109 4489 opera
3139 4416 3368 4487 iustitiae
3407 4412 3574 4466 Deum

306 4502 489 4596 ἔργων
517 4521 863 4589 δικαιοσύνης
884 4519 1060 4590 τιμῶν
1079 4519 1170 4570 τὸν
1194 4516 1348 4581 Θεὸν,
1377 4516 1469 4569 καὶ
1500 4515 1895 4585 ἀποτυγχάνων

2001 4519 2254 4582 honorat,
2288 4525 2343 4571 et
2379 4530 2447 4571 eo
2480 4512 2791 4570 voluntarie
2823 4512 3091 4581 privatur,
3130 4515 3222 4561 aut
3244 4506 3396 4559 nullo
3418 4502 3579 4557 modo

308 4614 504 4671 τούτου
533 4612 673 4671 κατὰ
700 4611 961 4673 διάθεσιν,
992 4609 1025 4680 ἣ
1055 4607 1308 4677 οὐδαμῶς
1329 4606 1704 4677 εὑρεθήσεται,
1730 4623 1897 4659 κατα-

2002 4609 2333 4671 invenietur,
2384 4621 2510 4662 cum
2571 4605 2867 4659 damnatus
2924 4600 2998 4657 sit
3032 4598 3101 4653 ad
3132 4596 3503 4653 exclusionem
3549 4609 3578 4646 a

313 4705 527 4776 κριθεὶς
554 4705 655 4776 τὴν
680 4704 783 4757 άπὸ
812 4702 904 4756 τοῦ
928 4702 1064 4754 Θεοῦ
1089 4700 1185 4753 τοῦ
1210 4699 1486 4770 πανταχοῦ
1516 4699 1782 4770 παρόντος
1804 4699 1899 4751 καὶ

2005 4702 2117 4757 Deo
2144 4700 2238 4770 qui
2264 4698 2463 4768 ubique
2485 4695 2641 4752 adest
2685 4703 2739 4750 et
2781 4692 2966 4748 omnia
3001 4690 3211 4761 implet,
3238 4689 3313 4743 ita
3348 4685 3581 4741 utnullo

314 4797 384 4849 τὰ
408 4796 587 4851 πάντα
611 4793 964 4865 πληροῦντος,
992 4791 1265 4845 ἔκπτωσιν
1284 4807 1297 4820 '
1329 4789 1404 4853 ὼς
1454 4789 1717 4860 μηδαμῶς
1758 4790 1901 4842 κατά

2005 4793 2171 4849 modo
2203 4791 2272 4847 ad
2300 4788 2695 4845 beatitudinem
2716 4800 2872 4841 suam
2906 4799 2972 4840 eo
3001 4782 3257 4846 fruatur;
3288 4787 3383 4834 aut
3414 4791 3581 4833 unum

321 4888 377 4940 τὸ
406 4882 466 4940 εὖ
512 4882 651 4939 εἶναι
680 4883 966 4938 ἀπολαύων
994 4880 1180 4947 αὑτοῦ,
1217 4882 1359 4951 ἦπου
1407 4880 1464 4934 ὲν
1503 4880 1648 4951 μόνῳ
1683 4881 1900 4943 πάντως

2005 4887 2234 4942 omnino
2266 4899 2390 4939 esse
2421 4881 2755 4944 invenietur,
2792 4877 2868 4932 ita
2903 4884 2964 4930 ut
2992 4875 3047 4929 in
3078 4874 3184 4928 hoc
3213 4879 3427 4926 tantum
3453 4883 3579 4940 par-

322 4978 395 5048 τῷ
422 4970 596 5030 εἶναι’
639 4975 715 5039 ὼς
758 4977 903 5027 κατὰ
932 4971 1092 5027 τοῦτο
1128 4973 1288 5042 μόνον
1321 4969 1566 5040 μετέχων
1596 4968 1782 5033 αὑτοῦ,
1814 4968 1902 5022 διὰ

2007 4980 2176 5049 liceps
2203 4978 2273 5032 sit
2304 4976 2425 5046 ejus
2465 4972 2626 5043 (Dei),
2650 4987 2716 5028 eo
2744 4970 2892 5042 quod
2912 4978 3110 5040 sponte
3137 4961 3580 5023 commutaverit.

325 5071 379 5121 τὸ
407 5067 844 5132 ἀνταλλάξασθαι
870 5066 1011 5120 κατὰ
1034 5065 1281 5136 γνώμην,
1309 5061 1404 5125 τοῦ
1436 5057 1496 5115 εὖ
1530 5057 1669 5114 εἶναι
1698 5060 1805 5125 ἀεὶ,
1839 5061 1899 5113 τὸ

325 5160 424 5213 οεῦ
463 5156 603 5213 εἶναι
640 5157 748 5213 ἀεί.

1698 5060 1805 5125 ἀεὶ,
1839 5061 1899 5113 τὺ
2008 5086 2107 5139 pro
2133 5069 2269 5123 bene
2291 5081 2412 5121 esse
2440 5078 2680 5135 semper,
2718 5061 2857 5116 male
2885 5073 3102 5130 semper
3126 5072 3267 5113 esse.

322 5160 424 5228 φεῦ
463 5160 603 5213 εἶναι
640 5160 748 5213 ἀεί.

916 5317 1171 5371 ΚΕΦΑΛ.
1211 5316 1311 5370 IB’.

2651 5308 2805 5364 CAP.
2842 5306 2954 5361 Xll.

392 5442 462 5489 α’.
502 5435 565 5487 '0
596 5430 848 5505 ἀγαπῶν
874 5429 1170 5497 παιδείαν,
1201 5425 1402 5499 ἀγαπᾷ
1443 5426 1754 5493 αἴσθησιν.
1796 5429 1905 5481 Καὶ

2084 5428 2251 5485 Vens.
2287 5427 2336 5483 ι.
2369 5426 2473 5494 Qui
2527 5424 2705 5495 diligit
2747 5420 3108 5491 disciplinam,
3141 5416 3315 5487 diligit
3357 5432 3586 5470 sensum.

321 5530 431 5600 γάρ
467 5530 497 5582 6
526 5526 666 5597 ἐρῶν
697 5526 796 5595 τῆς
843 5524 980 5596 πρὸς
1028 5521 1303 5594 σωτηρίαν
1343 5518 1408 5572 δι’
1436 5519 1766 5589 ἐγκρατείας
1812 5520 1907 5581 καὶ

2016 5516 2228 5573 Etenim
2257 5514 2353 5586 qui
2414 5520 2559 5568 amat
2590 5513 2656 5567 ad
2698 5511 2930 5565 salutem
2985 5523 3081 5578 per
3136 5505 3488 5561 sobrietatem
3536 5512 3591 5558 et

324 5595 605 5690 ὑπομονῆς
633 5595 895 5672 ἐπιπόνου
918 5619 985 5689 τῇ
1016 5615 1160 5694 ψυχῇ
1190 5612 1434 5685 ἀγωγῆς,
1458 5613 1557 5684 ἐρᾷ
1586 5611 1916 5692 διακρίσεως,

2019 5608 2339 5681 patientiam
2378 5606 2571 5661 anima:
2615 5603 2857 5660 difficiles
2906 5597 3101 5656 adduci
3154 5605 3321 5667 amat,
3378 5595 3612 5653 discrcx

403 5797 417 5828 ¹
454 5796 644 5853 Matth.
682 5814 756 5853 XI.
794 5797 875 5850 19..
