4034 6538
567 380 703 445 1335

1870 386 2185 448 PROCOPI
2194 388 2219 448 Ι
2259 387 2505 449 (ἓΑΖίΕῐ

3693 394 3834 460 1336

567 503 765 554 tionem
815 518 935 571 qua:
967 517 1092 558 vere
1132 502 1409 557 bonuma
1463 503 1609 556 malo
1634 502 1783 572 juste
1826 502 2131 571 dijudieat:

2244 503 2343 572 τῆς
2371 504 2432 557 τὸ
2450 505 2627 568 ὕντως
2651 506 2857 574 ἀγαθὸν
2887 508 2980 561 καὶ
3020 510 3080 562 τὸ
3117 510 3285 563 κακὸν
3316 512 3651 577 πενταδικῶς
3682 515 3829 567 διαι-

564 608 729 645 unum
764 592 983 662 quidem
1016 592 1162 661 quod
1185 607 1294 647 non
1331 590 1668 659 dominatur,
1724 595 1957 648 alterum
1993 592 2142 663 quod

494 726 497 727 ν
566 682 672 735 late
701 690 923 751 regnat;
984 697 1151 736 unum
1192 684 1338 751 quod
1390 682 1518 736 licet
1574 682 1847 751 cogitare,
1905 682 2138 736 alterum

562 774 710 840 quod
747 775 989 843 cogitare
1032 786 1142 827 non
1188 773 1351 839 licet;
1409 787 1579 826 unum
1619 774 1764 842 quod
1806 773 1932 827 licet
1962 773 2136 842 loqui,

563 866 795 919 alterum
849 864 995 935 quod
1026 880 1138 920 non
1182 865 1311 919 licet
1366 864 1547 933 loqui:
1606 879 1772 918 unum
1811 864 1956 933 quod
2018 864 2144 918 licet

563 958 990 1026 agere,alterum
1020 957 1165 1026 quod
1190 971 1351 1026 agere
1371 970 1481 1010 non
1507 955 1660 1021 licet;
1689 971 1855 1010 unum
1885 954 2142 1024 denique,

564 1050 707 1121 quod
729 1049 1100 1118 incorruptum
1112 1087 1127 1113 ,
1145 1048 1373 1101 alterum
1390 1046 1533 1116 quod
1549 1054 1865 1117 corruptum
1882 1056 1960 1101 est
1979 1062 1997 1113 ;
2016 1046 2143 1116 quia

564 1158 628 1197 ea
659 1140 876 1210 quidem
911 1153 1033 1207 qua:
1062 1153 1129 1193 ex
1170 1138 1436 1192 inStinctu
1466 1147 1551 1193 est
1581 1138 1709 1192 boni
1739 1138 1977 1207 malique
2023 1136 2143 1193 dis-

564 1232 761 1296 cretio,
786 1246 933 1284 curm
964 1238 1024 1284 et
1058 1230 1262 1284 laboris
1291 1231 1449 1297 plena
1471 1239 1576 1294 est,
1600 1238 1788 1300 utpote
1842 1230 2045 1295 libera;
2078 1243 2141 1285 ea

566 1339 695 1378 vero
744 1338 867 1392 qua:
916 1322 1172 1391 sequitur
1223 1335 1447 1375 sensum
1508 1320 1629 1389 ejus
1660 1320 1807 1389 quod
1864 1320 2144 1388 experitur

567 1413 1117 1484 (experimentalem),
1142 1412 1449 1481 corporalis
1507 1411 1718 1465 scilicet
1766 1409 2059 1479 voluptatis
2088 1413 2143 1463 et

566 1506 797 1567 doloris,
826 1504 1082 1562 facillima
1112 1511 1198 1557 est
1224 1514 1275 1556 et
1302 1516 1461 1572 pmna
1483 1511 1654 1564 caret,
1681 1511 1869 1571 utpote
1894 1501 2140 1571 physica.

637 1592 743 1657 Qui
772 1600 948 1645 autem
982 1592 1088 1643 odit
1118 1590 1527 1657 increpationes,
1554 1589 1826 1658 insipiens.
1868 1587 1970 1653 Qui
2003 1587 2142 1655 fugit

569 1679 1043 1734 manifestatioues
1082 1692 1307 1731 suorum
1340 1687 1709 1746 peccatorum,
1743 1686 1920 1732 mente
1942 1690 2142 1730 vacua-

2247 595 2450 666 ρούσης
2468 612 2483 625 ·
2515 595 2579 648 τὸ
2612 596 2733 666 μὲν,
2775 596 2850 660 ὡς
2886 600 2961 667 μὴ
2986 601 3260 669 ἠργμένον
3278 616 3292 629 ⁶
3318 602 3380 655 τδ
3406 604 3483 667 δὲ,
3510 604 3588 668 ὡς
3609 606 3829 674 ἠργμέ-

2243 701 2333 736 νον
2354 700 2367 714 ο
2405 685 2500 737 καὶ
2536 687 2598 737 τὸ
2631 685 2750 755 μὲν,
2782 687 2859 751 ὡς
2890 689 3235 759 ἐνδεχόμενον
3264 692 3505 746 νοεῖσθαι
3529 710 3543 725 °
3566 696 3722 760 τὸδὲ,
3749 697 3826 758 ὡς

2244 774 2322 843 μὴ
2357 773 2705 843 ἐνδεχόμενον
2739 777 3009 830 νοεῖσθαι·
3035 780 3207 832 καὶτὸ
3232 780 3351 850 μὲν,
3374 783 3449 843 ὡς
3474 784 3823 854 ἐνδεχόμενοι

2242 860 2524 916 λαλεῖσθαι
2546 880 2562 897 ο
2597 864 2660 917 τὸ
2691 864 2768 931 δὲ,
2793 866 2867 928 ὠς
2899 866 2972 937 μὴ
2998 867 3352 940 ἐνδεχόμενον
3376 869 3661 925 λαλεῖσθαι
3683 889 3698 902 °
3726 877 3824 927 καὶ

2243 953 2305 1007 τὸ
2333 955 2452 1025 μὲν,
2483 955 2560 1020 ὡς
2599 957 2952 1027 ἐνδεχόμενον
2981 960 3228 1027 γίνεσθαι
3252 978 3266 994 ’
3298 963 3359 1014 τὸ
3387 963 3469 1027 δὲ,
3503 964 3578 1026 ὡς
3623 964 3699 1033 μὴ
3741 965 3825 1016 ὲν-

2243 1044 2533 1115 δεχόμενον
2567 1047 2841 1115 γίνεσθαι·
2875 1051 2970 1104 καί
2998 1052 3061 1103 τὸ
3085 1052 3202 1121 μὲν,
3227 1052 3304 1116 ὡς
3331 1053 3633 1124 ἄφθαρτον,
3659 1055 3721 1106 τὸ
3740 1054 3820 1116 δὲ,

2244 1133 2319 1197 ὡς
2354 1134 2627 1205 φθαρτόν·
2671 1139 2862 1211 ὅτιπερ
2899 1142 2933 1210 ἡ
2986 1141 3086 1211 μὲν
3131 1140 3271 1195 κατὰ
3309 1141 3506 1212 ἄλογον
3536 1142 3633 1197 τοῦ
3670 1146 3822 1206 barro;

2245 1224 2454 1291 ἀγαθοῦ
2488 1228 2582 1281 καὶ
2621 1228 2715 1281 τοῦ
2748 1229 2918 1282 κακοῦ
2958 1231 3248 1301 διάκρισις,
3290 1232 3672 1303 ἐμμελεστάτη
3705 1234 3822 1286 ἑστί

2245 1315 2341 1367 καὶ
2368 1315 2647 1383 ἐπίπονος,
2676 1318 2757 1381 ὡς
2804 1322 3199 1392 προαιρετική·
3232 1322 3264 1392 ἡ
3306 1323 3363 1375 δὲ
3410 1324 3530 1376 κατ’
3566 1324 3821 1392 αἴσθησιν

2244 1404 2339 1457 τοῦ
2370 1404 2675 1472 δοκοῦντος,
2704 1409 2872 1478 ἤγουν
2904 1411 3003 1480 τῆς
3038 1413 3354 1481 σωματικῆς
3374 1413 3572 1483 ἡδονῆς
3604 1411 3822 1480 καὶτῆς

2243 1490 2458 1561 ὀδύνης,
2499 1498 2895 1566 προχειροτάτη
2936 1499 3030 1550 καὶ
3067 1500 3287 1564 ἄπονος,
3328 1500 3405 1563 ὼς
3444 1504 3670 1570 φυσική.

2326 1589 2383 1641 Ὀ
2417 1588 2486 1641 δὲ
2505 1587 2703 1655 μισῶν
2730 1587 3042 1657 ἐλέγχους,
3068 1589 3291 1659 ἄφρων.
3328 1593 3385 1645 ’0
3406 1593 3462 1645 δὲ
3486 1595 3823 1665 ἀποστρεφόι

2247 1695 2406 1749 μενος
2434 1679 2531 1741 τὰς
2565 1676 2900 1748 φανερώσεις
2923 1678 3031 1731 τῶν
3062 1679 3226 1734 αὑτοῦ
3261 1684 3565 1752 ἁμαρτιῶν,
3587 1687 3820 1757 ἐστέρη-

567 1780 678 1835 tur,
731 1784 855 1824 cum
904 1770 1041 1823 nolit
1095 1783 1334 1838 unquam
1391 1768 1458 1823 ad
1510 1768 1841 1838 agnitionem
1888 1766 2139 1822 veritatis

2243 1787 2334 1822 ται
2363 1769 2578 1840 φρενῶν
2596 1784 2609 1798 ·
2636 1765 2726 1821 οἷα
2773 1769 2848 1840 μὴ
2892 1769 3060 1825 θέλων
3087 1772 3218 1825 ποτὲ
3246 1775 3327 1837 εἰς
3352 1775 3651 1843 ἐπίγνωσιν
3680 1778 3816 1849 ἀληο

566 1879 768 1918 ventre.

644 1955 809 2019 Vens.
837 1957 891 2013 2.
924 1957 1115 2013 Melior
1145 1959 1235 2029 qui
1272 1956 1465 2011 inuenit
1487 1954 1717 2023 gratiam
1737 1969 1769 2005 a
1799 1952 2045 2005 Domino.
2074 1951 2142 2007 Et

567 2046 777 2103 electus
805 2049 1028 2117 quidem
1067 2057 1153 2104 est
1183 2047 1325 2118 apud
1359 2045 1644 2099 Dominum
1675 2042 1916 2097 omnium
1950 2042 2138 2106 Deum,

565 2140 659 2208 qui
715 2138 992 2194 desiderio
1057 2152 1158 2195 suo
1234 2139 1302 2191 ab
1358 2136 1477 2205 ipso
1510 2133 1681 2205 gratis
1724 2132 2055 2202 impetravit.
2088 2144 2142 2186 et

566 2236 917 2299 peccatorum
973 2244 1197 2285 suorum
1257 2227 1657 2289 remissionem,
1686 2232 1739 2279 et
1810 2224 1987 2294 ipsius
2041 2221 2137 2275 Dei

564 2320 994 2388 possessionem.

646 2406 736 2460 Vir
774 2419 949 2461 autem
977 2408 1189 2479 iniquus
1222 2406 1499 2463 tacebitur.
1529 2403 1632 2469 Qui
1664 2416 1791 2457 vero
1805 2410 2138 2456 consecutus

563 2507 649 2553 est
680 2498 993 2553 facultatem
1053 2499 1247 2568 agendi
1276 2513 1400 2567 qua:
1426 2505 1578 2551 recta
1610 2502 1761 2557 sunt,
1798 2510 1973 2564 eaque
2002 2509 2138 2548 usus

565 2597 649 2644 est
681 2604 777 2659 per
800 2589 1107 2644 libertatem
1142 2597 1335 2644 contra
1369 2596 1603 2652 rectum,
1640 2603 1748 2643 non
1788 2586 1842 2640 in
1878 2585 2137 2639 omnibus

568 2680 658 2734 Dei
690 2680 858 2734 verbo
907 2680 1165 2749 indiguus
1208 2674 1531 2745 habebitur;
1572 2678 1666 2733 sed
1724 2677 1825 2732 hoc
1859 2677 2048 2739 verbo,
2077 2683 2137 2729 ut

565 2783 779 2837 semper
802 2769 971 2834 vivat,
1005 2769 1059 2822 in
1094 2768 1496 2824 resurrectione
1547 2766 1748 2836 dignus
1797 2764 2138 2834 reputabitur

570 2868 793 2930 propter
843 2857 940 2916 Dei
994 2862 1291 2915 bonitatem
1342 2875 1471 2929 erga
1538 2872 1762 2923 omnes;
1804 2857 1950 2927 quod
2005 2871 2137 2911 vero

566 2968 779 3023 semper
805 2953 961 3008 beate
982 2954 1147 3019 vivat,
1176 2952 1270 3007 Dei
1306 2952 1472 3007 verbo
1503 2948 2134 3020 indignusjudicabitur,

565 3054 789 3114 propter
823 3045 1012 3115 jipsius
1062 3044 1258 3115 judicii
1312 3059 1582 3110 errorem,
1623 3049 1677 3097 et
1710 3040 1804 3096 Dei
1835 3040 2132 3110 justitiam.

637 3222 805 3278 Vit-ns.
832 3224 885 3278 5.
923 3222 1045 3278 Non
1072 3222 1465 3293 prosperabitur
1489 3223 1641 3275 homo
1682 3238 1747 3276 ea;
1776 3220 1974 3289 iniquo.
2007 3218 2138 3273 Ete-

572 3316 685 3378 nim
744 3316 948 3370 nullum
987 3317 1189 3371 bonum
1246 3317 1453 3371 exitum
1508 3314 1727 3369 habebit
1759 3314 1923 3367 homo
1958 3328 2023 3367 ex
2052 3313 2142 3366 in-

569 3417 783 3462 sensata
818 3408 1120 3474 electione;
1152 3409 1299 3463 omni
1342 3406 1527 3464 studio
1570 3406 1691 3478 ejus
1726 3405 1792 3461 ad
1826 3404 2139 3476 corruptio-

569 3514 690 3563 nem
716 3497 1030 3555 festinante.

640 3593 862 3647 Radices
888 3603 1064 3646 autem
1095 3592 1364 3660 iustorum'
1394 3608 1498 3646 non
1544 3590 1871 3660 auferentur.
1903 3588 2132 3643 Stabiles

572 3684 639 3737 ad
676 3684 880 3738 bonum
928 3685 1151 3740 habitus
1191 3700 1378 3740 eorum
1435 3683 1531 3753 qui
1591 3681 2143 3751 irrepreliensibiliter

571 3791 691 3830 sese
745 3785 962 3846 regunt,
1004 3777 1059 3831 in
1112 3777 1301 3831 eodem
1364 3784 1513 3831 statu
1554 3782 1800 3840 manent,
1830 3789 1927 3827 nec
1957 3772 2140 3826 divelli

574 3872 801 3931 possunt
855 3865 910 3920 in
966 3867 1382 3937 sempiternum,
1436 3865 1803 3921 immutabiles
1835 3865 1981 3921 enim
2013 3871 2143 3921 sunt

570 3957 672 4018 viri
703 3954 781 4010 illi
814 3956 867 4011 in
898 3957 1350 4025 disliositionibus
1369 3959 1506 4015 suis.

645 4065 810 4123 Vsus.
854 4067 895 4122 ι.
930 4068 1124 4124 Mulier
1148 4070 1323 4139 fortis,
1347 4087 1537 4124 corona
1571 4070 1681 4124 viro
1706 4087 1818 4124 suo.
1851 4068 1917 4123 Et
1946 4085 2143 4126 sensus

572 4159 665 4227 qui
700 4159 939 4214 laborem
973 4162 1272 4226 sustinent,
1306 4162 1536 4231 gloriam
1571 4175 1755 4214 veram
1814 4161 1982 4219 menti
2014 4160 2144 4215 affe-

576 4261 723 4317 ruut,
761 4267 882 4322 quae
912 4252 993 4307 eis
1026 4252 1198 4306 utitur
1232 4263 1289 4306 ut
1324 4252 1555 4308 rationis
1589 4251 1794 4313 auxilio
1824 4252 1892 4308 ad
1934 4252 2108 4318 infalli

573 4344 737 4413 bilem
764 4361 946 4409 rerum
975 4346 1429 4417 Speculationem.

641 4545 790 4600 Sicut
810 4554 986 4601 autem
1014 4548 1071 4600 in
1098 4546 1238 4616 ligno
1262 4548 1468 4614 vermis,
1532 4548 1609 4601 sic
1661 4548 1830 4601 virum
1878 4545 2137 4615 disperdit

574 4638 765 4690 mulier
793 4636 1056 4705 maleﬁca.
1108 4635 1261 4693 Sicut
1326 4638 1529 4692 vermis
1590 4639 1795 4707 lignum
1848 4634 2141 4706 disperdit,

572 4727 919 4793 corrodeudo
945 4727 1101 4793 illud,
1128 4730 1200 4782 ita
1237 4736 1470 4784 mentem
1501 4729 1771 4797 dissipant
1805 4741 2002 4783 Sensus
2048 4728 2142 4796 qui

573 4832 695 4872 sese
715 4819 957 4871 volutant
991 4819 1043 4871 in
1076 4818 1368 4872 libidinum
1416 4819 1723 4888 putredine,
1757 4826 1812 4873 et
1863 4817 2144 4872 deducunt

573 4923 694 4962 cam
746 4924 775 4961 a
825 4924 951 4963 vera
984 4908 1088 4981 ﬁde
1126 4910 1193 4965 de
1226 4909 1332 4966 Deo
1362 4912 1606 4979 omnium
1638 4924 1806 4965 causa
1835 4918 1892 4963 et
1928 4910 1996 4965 de
2022 4908 2145 4978 ejus

574 5000 853 5070 operibus.

650 5196 814 5252 Vens.
847 5199 899 5252 5.
929 5197 1289 5269 Cogitationes
1333 5200 1624 5267 justorum,
1658 5200 1893 5269 judicia.
1924 5199 2145 5269 Cogita-

581 5295 758 5347 tiones
806 5310 997 5349 eorum
1061 5295 1152 5364 qui
1206 5310 1384 5363 neque
1426 5296 1490 5349 ad
1534 5294 1862 5348 oblivionem
1902 5294 2143 5357 virtutis,

580 5399 758 5453 neque
802 5384 869 5436 ad
926 5384 1089 5452 hujus
1146 5386 1620 5454 exaggerationem
1672 5384 1958 5447 inclinant,
2011 5383 2147 5437 nihil

580 5476 726 5531 aliud
759 5485 887 5533 sunt
917 5476 1021 5539 nisi
1054 5478 1167 5541 veri
1197 5479 1413 5547 quidem
1439 5477 1565 5544 boni
1609 5477 1825 5545 electio,
1861 5476 1985 5546 fuga
2017 5491 2147 5533 vero

578 5569 726 5621 Inali.

648 5678 949 5735 Gubernant
1001 5693 1174 5737 autent
1228 5684 1375 5749 impii
1402 5683 1567 5736 dolos.
1590 5681 1694 5747 Qui
1728 5679 2011 5736 veritatem
2037 5697 2143 5737 non

577 5772 765 5829 colunt
797 5774 1050 5830 virtutem
1083 5775 1428 5843 simulantes,
1486 5774 1612 5829 boui
1660 5774 1895 5843 malique
1945 5776 2145 5844 permi-

2167 1832 2215 1891 Β
2243 1832 2625 1925 θείας-ἐλθεῖν.

2308 1951 2378 2023 β’.
2418 1953 2731 2021 Κρείσσων
2763 1955 2796 2007 ό
2826 1952 3018 2021 εὑρὼν
3045 1953 3224 2023 χάριν
3254 1956 3415 2024 παρὰ
3450 1960 3667 2027 Κυρίῳ.
3705 1960 3809 2013 Καὶ

2237 2041 2624 2111 ἐκλελεγμένος
2662 2043 2761 2112 μέν
2796 2044 2911 2095 ἐστι
2943 2043 3091 2109 παρὰ
3134 2042 3213 2112 τῷ
3248 2045 3495 2118 Δεσπὰτῃ
3540 2047 3652 2099 τῶν
3681 2047 3810 2101 ὅλων

2237 2131 2378 2201 Θεῷ,
2424 2134 2453 2186 ὁ
2496 2132 2575 2203 τῷ
2613 2132 2807 2186 ἑαυτοῦ
2840 2132 2990 2203 πόθῳ
3018 2134 3289 2203 ἐπιτυχὼν
3317 2136 3448 2207 παρ’
3477 2136 3646 2191 αὑτοῦ
3678 2144 3810 2194 κατὰ

2238 2222 2468 2292 δωρεὰν,
2503 2226 2601 2293 τῆς
2618 2239 2682 2275 τε
2709 2224 2818 2276 τῶν
2845 2224 3059 2276 οἰκείων
3098 2224 3516 2296 ἁμαρτημάτων
3544 2228 3807 2299 ἀφέσεως,

2237 2316 2334 2368 καί
2371 2315 2471 2384 τῆς
2507 2315 2674 2368 αὐτοῦ
2711 2314 3087 2378 ἀπολαύσεως.

2327 2405 2499 2474 Ἀνὴρ
2550 2404 2619 2459 δὲ
2645 2405 2987 2475 παράνομος
3027 2409 3655 2477 παρασιωπηθήσεται.
3676 2411 3731 2465 '0
3758 2412 3810 2466 δὲ

2237 2498 2337 2569 τὴν
2370 2498 2660 2569 ποιητικὴν
2700 2498 2799 2567 μὲν
2832 2497 2944 2551 τῶν
2986 2498 3338 2569 καθηκόντων
3370 2502 3707 2571 κεκτημένος
3724 2504 3809 2555 δύ-

2238 2605 2423 2659 ναμιν,
2444 2588 2726 2659 χρώμενος
2754 2588 2799 2641 δ’
2823 2590 2961 2659 αὐτῇ
2990 2589 3140 2659 παρὰ
3165 2589 3227 2641 τὸ
3251 2590 3493 2660 καθῆκον
3519 2594 3663 2646 κατά
3687 2610 3809 2664 προ-

2238 2680 2469 2749 αίρεσιν,
2502 2680 2563 2732 οὐ
2593 2678 2734 2732 κατά
2767 2678 2947 2733 πάντα
2975 2677 3070 2731 τοῦ
3102 2678 3254 2749 παρὰ
3280 2678 3403 2750 Θεῷ
3434 2680 3809 2751 ἀπαξιωθήσε-

2236 2787 2328 2823 ται
2353 2770 2513 2837 λόγου
2535 2783 2548 2798 ³
2576 2769 2714 2823 ἀλλὰ
2744 2768 2887 2822 κατὰ
2906 2770 3011 2839 ,μὲν
3036 2770 3097 2821 τὺ
3128 2769 3215 2821 ἀεὶ
3242 2762 3403 2835 εἶναι,
3438 2771 3713 2825 τοῦτου’ὲν
3746 2776 3808 2843 τῇ

2237 2862 2533 2916 ἀναστάσει
2581 2861 2945 2931 ἀξιωθήσεται
2969 2900 2985 2924 ,
3018 2858 3107 2913 διὰ
3148 2858 3246 2923 τὴν
3300 2860 3429 2929 περὶ
3466 2862 3676 2926 πάντας
3716 2863 3808 2917 τοῦ

2237 2953 2370 3007 Θεοῦ
2396 2952 2736 3022 ἀγαθότηταο
2766 2954 2911 3006 κατὰ
2941 2953 2999 3006 δὲ
3032 2953 3094 3006 τὸ
3113 2951 3172 3007 εὗ
3197 2950 3335 3007 εἶναι
3366 2955 3476 3015 ἀεὶ,
3504 2953 3813 3026 ἀπαξιωθή-

2240 3060 2389 3098 σεται
2408 3044 2605 3108 αὐτοῦ,
2640 3043 2728 3097 διά
2756 3060 2813 3096 τε
2848 3043 2909 3096 τὸ
2932 3045 3032 3115 τῆς
3062 3043 3268 3107 οἰκείας
3306 3044 3535 3115 γνώμης
3577 3044 3814 3114 παράλο-

2162 3161 2208 3224 C
2240 3152 2357 3205 γον,
2387 3136 2491 3189 ’καὶ
2524 3136 2587 3189 τὸ
2622 3134 2715 3188 τοῦ
2753 3134 2890 3189 Θεοῦ
2925 3136 3153 3191 δίκαιον.

2312 3233 2382 3295 γ’.
2422 3228 2509 3280 Οὐ
2543 3225 2899 3295 κατορθώσει
2943 3227 3254 3295 ἄνθρωπος
3294 3227 3369 3292 ἐξ
3413 3228 3666 3295 ἀνόμου.
3704 3226 3811 3279 Καὶ

2242 3317 2352 3388 γὰρ
2391 3319 2490 3387 οὐχ
2538 3318 2650 3383 ἕξει
2682 3334 2733 3371 τι
2767 3320 3001 3389 χρηστὸν
3043 3319 3389 3388 ἀποτέλεσμα
3425 3318 3715 3388 ἄνθρωπος
3754 3317 3811 3381 ἐξ

2242 3408 2438 3476 ἀλόγου
2485 3408 2878 3479 προαιρέσεως,
2907 3408 2983 3472 ὡς
3008 3409 3210 3480 κπάσης
3247 3408 3397 3480 αὐτῷ
3434 3408 3539 3479 τῆς
3580 3408 3809 3477 σπουδῆς

2243 3503 2324 3565 εἰς
2362 3501 2569 3571 φθορὰν
2605 3500 2969 3571 τελευτώσης.

2314 3594 2380 3646 Αἰ
2408 3590 2479 3643 δὲ
2499 3590 2653 3659 ῥίζαι
2681 3589 2801 3645 τῶν
2823 3590 3071 3645 δικαίων
3094 3593 3207 3646 οὐκ
3252 3591 3709 3659 ὲξαρθήσονται.
3748 3590 3808 3641 Al

2241 3684 2300 3737 δὲ
2334 3684 2517 3751 πάγιοι
2551 3684 2679 3753 περὶ
2708 3684 2768 3736 τὸ
2796 3683 2999 3750 ἀγαθὸν
3030 3683 3169 3748 ἕξεις
3195 3683 3305 3736 τῶν
3334 3683 3643 3752 ἀμέμπτως
3664 3681 3809 3734 πολι·

2242 3777 2568 3846 τευομένων,
2607 3775 2859 3846 μενοῦσιν
2888 3777 2946 3829 ὲν
2979 3775 3160 3844 ταυτῷ
3189 3774 3603 3830 ἀναπὸσπαστοι
3628 3775 3686 3837 ἃς
3707 3773 3807 3835 ἀεὶ,

2244 3868 2319 3932 ὡς
2344 3868 2718 3921 ἀνάλλοιώτων
2756 3866 2899 3920 κατὰ
2934 3867 3193 3923 διάθεσιν.

2313 4061 2377 4115 δ’.
2417 4059 2588 4128 Γυνὴ
2625 4058 2870 4127 ἀνδρεία
2893 4099 2909 4126 ,
2939 4058 3241 4128 στέφανος
3271 4059 3351 4125 τῷ
3394 4058 3567 4127 ἀνδρί
3606 4057 3803 4127 αὐτῆς.

2245 4156 2357 4219 Καὶ
2404 4156 2437 4223 ἡ
2509 4154 2607 4223 μὲν
2660 4151 2955 4222 φερέπονος
3007 4151 3291 4222 αῖσθησις,
3365 4152 3526 4219 δόξης
3584 4149 3805 4220 ἀληθοῦς

2245 4245 2505 4317 πρόξενος
2544 4244 2755 4313 γίνεται
2788 4242 2889 4307 νοῒ,
2923 4242 3001 4313 τῷ
3031 4244 3300 4314 χρωμένῳ
3338 4243 3510 4313 ταύτῃ
3556 4243 3698 4296 κατὰ
3723 4242 3805 4294 λό-

2244 4356 2340 4407 γον
2381 4334 2562 4408 βοηθῷ
2617 4335 2755 4405 πρὸς
2817 4334 2916 4405 τὴν
2960 4336 3259 4388 ἄπταιστον
3314 4334 3547 4403 θεωρίαν
3582 4335 3693 4387 τῶν
3729 4333 3807 4385 δν-

2243 4447 2373 4484 των.

2321 4539 2547 4605 ’Ὥσπερ
2568 4535 2636 4590 δὲ
2658 4537 2727 4589 ἐν
2748 4536 2911 4603 ξύλῳ
2926 4535 3177 4600 σκώληξ
3182 4576 3197 4599 ,
3218 4535 3406 4601 οὕτως
3421 4533 3613 4603 ἄνδρα
3634 4533 3806 4588 dacil-

2245 4634 2389 4685 λυσι
2422 4626 2580 4697 γυνὴ
2634 4629 2981 4692 κακοποιός.
3027 4626 3294 4695 Καθάπερ
3325 4626 3381 4678 δὲ
3448 4624 3668 4695 σκώληξ
3702 4624 3807 4676 δια-

2245 4724 2457 4793 φθείρει
2478 4721 2657 4788 ξύλον,
2676 4716 3088 4789 διαϐιὸρώσκων
3111 4717 3260 4770 αὐτὰ
3278 4714 3424 4769 ὀὕτω
3451 4715 3543 4768 τὸν
3562 4715 3687 4768 νοῦν
3706 4717 3809 4766 δια-

2245 4814 2496 4878 σκεδάζει
2522 4811 2794 4882 αἴσθησις,
2825 4812 2857 4878 ὴ
2895 4808 3243 4878 ἰλυσπωμένη
3279 4810 3343 4877 τῇ
3371 4807 3535 4876 σήψει
3559 4806 3670 4858 τῶν
3690 4807 3808 4875 ἡδο-

2244 4903 2374 4966 νῶν,
2409 4901 2503 4953 καὶ
2536 4897 2911 4953 ἀποπλανῶσα
2946 4897 3132 4949 τοῦτον
3155 4897 3253 4965 τῆς
3276 4895 3405 4965 περί
3440 4913 3499 4949 τε
3547 4895 3685 4948 Θεοῦ
3720 4893 3808 4946 τοῦ

2246 4993 2466 5048 πάντων
2494 4990 2693 5054 αἰτίου,
2728 4992 2821 5042 καὶ
2863 4988 2972 5041 τῶν
3019 4989 3109 5041 ὑπ’
3156 4986 3321 5041 αὑτοῦ
3351 4986 3666 5057 γενομένων
3698 5003 3806 5039 κτι-

2246 5085 2467 5155 σμάτων
2491 5081 2723 5153 ἀληθοῦς
2750 5080 2930 5148 δόξης.

2314 5204 2378 5250 ε’.
2406 5193 2693 5264 Λογισμοί
2718 5192 2986 5256 δικαίων,
3030 5192 3295 5260 κρίματα.
3330 5190 3441 5243 Καὶ
3468 5190 3519 5242 οἰ
3571 5190 3670 5257 μὲν
3701 5188 3809 5241 δια-

2244 5288 2496 5357 λογισμοὶ
2527 5285 2638 5338 τῶν
2699 5286 2835 5355 μήτε
2870 5286 2949 5347 εἰς
2978 5284 3047 5336 τὰ
3074 5285 3195 5341 κατ’
3224 5281 3461 5351 ἔλλειψιν
3493 5281 3593 5349 τῆς
3616 5279 3809 5351 ἀρετῆς

2248 5381 2419 5450 πάθη,
2456 5378 2580 5448 μήτ’
2612 5378 2692 5440 εἰς
2717 5377 2784 5430 τὰ
2808 5376 2930 5429 καθ’
2959 5374 3265 5445 ὑπερϐολὴν
3318 5370 3804 5442 παρεκκλινόντων,

2246 5476 2396 5528 οὐδὲν
2422 5474 2549 5529 ἄλλο
2582 5472 2778 5542 εἰσὶνῆ
2818 5469 2909 5523 τοῦ
2956 5469 3053 5540 μὲν
3098 5467 3311 5540 ἀληθῶς
3342 5466 3551 5535 ἀγαθοῦ
3584 5466 3802 5536 αἵρεσις,

2248 5566 2339 5620 τοῦ
2366 5566 2411 5619 δ’
2429 5564 2690 5625 ὡσαύτως
2724 5558 2891 5614 κακοῦ
2925 5561 3201 5629 ἀποφυγή.

2318 5674 2747 5745 Κυϐερνῶσι.δὲ
2768 5672 3023 5737 ἀσεϐεῖς,
3050 5672 3290 5736 δόλους.
3334 5669 3649 5735 Διεξάγουσι
3679 5662 3729 5716 δὲ
3756 5664 3797 5715 οἱ

2252 5771 2348 5842 τὴν
2379 5769 2635 5847 ἀλήθειαν
2690 5768 2761 5850 μὴ
2794 5764 3059 5834 τιμῶντες
3098 5762 3215 5815 καθ’
3252 5760 3539 5831 ὑπόκρισιν
3591 5755 3793 5831 ἀρετῆς.
