4034 6510
154 380 297 446 1337

1201 388 1740 453 COMMENTARII
1791 384 1875 454 ΙΝ
1904 385 2359 455 PROVERBIA.

3292 403 3426 472 1338
3484 440 3487 443 ·

136 495 352 563 ἀγαθοῦ
385 498 480 550 καὶ
510 498 683 552 κακοῦ
716 497 1057 569 ⁴ιταριιμιξίας
1083 517 1097 531 ·
1128 500 1221 554 διὰ
1259 502 1322 554 τὸ
1350 501 1660 573 ἀνθρώποις
1682 506 1741 557 ἐν

1853 503 2085 558 stionem
2121 504 2355 567 faciunt,
2385 506 2511 573 quia
2543 505 2858 563 hominibus
2893 507 2947 563 in
2990 512 3294 580 mendacio,
3319 531 3425 571 non

139 589 355 659 ἀπάτῃ,
388 589 481 642 καὶ
504 590 567 643 οὑ
622 590 744 662 Θεῷ
801 592 859 644 ὲν
910 592 1162 663 ἀληθεὶᾳ,
1226 594 1553 658 σπουδάζειν
1609 596 1739 666 ἀρέ-

142 696 323 732 σκειν.

213 770 291 834 ς’.
321 772 501 841 Λόγοι
542 771 802 832 ἀσεϐῶν.
844 773 1013 829 δόλοι
1061 777 1149 841 εις
1193 770 1358 846 artua.
1394 776 1502 829 Καὶ
1532 776 1641 848 γὰρ
1669 778 1739 832 τά

143 859 414 915 δοκοῦντα
444 865 558 927 τοῖς
581 864 957 935 ἀκροωμένοις
989 866 1212 920 εὑνοῖκά
1248 868 1472 937 ῥήματα
1500 868 1609 921 τῶν
1639 869 1737 939 τὴν

144 951 415 1019 ἀλήθειαν
475 954 552 1026 μὴ
599 955 910 1025 τιμώντων,
964 958 1290 1012 πλάττονται
1342 960 1494 1030 παρά
1530 960 1738 1015 τούτων

146 1042 287 1114 πρὸς
322 1045 484 1112 φόνον
513 1046 619 1099 τῶν
643 1048 773 1119 παρ’
787 1048 1042 1120 αὑτῶν,ῆ
1074 1049 1479 1119 φθονουμένων,
1510 1053 1737 1122 aetna;

146 1152 268 1196 πως
300 1138 667 1206 μισουμένων,
692 1139 786 1192 καὶ
807 1140 896 1193 διὰ
916 1140 1076 1194 τοῦτο
1096 1141 1540 1212 διαϐαλλομένων
1557 1159 1569 1171 ·
1594 1143 1737 1198 ὥστε

143 1224 299 1292 ἔχειν
323 1227 707 1296 συλλήπτορας
736 1231 829 1284 τοῦ
857 1231 1097 1286 τοιούτου
1129 1233 1344 1287 ἀνοσίου
1370 1236 1737 1307 ἐπιχειρήμα-

144 1331 262 1379 τος,
294 1319 425 1380 τοὺς
459 1319 642 1372 αὑτῶν
670 1321 1081 1392 ἀκροωμένους.

221 1406 423 1474 Στόμα
452 1406 520 1459 δὲ
547 1408 772 1462 εὐθέωγ
798 1410 1005 1477 ῥύεται
1034 1413 1278 1479 αὐτούς.
1303 1413 1477 1483 Λόγος
1519 1416 1577 1469 δὲ
1624 1417 1737 1470 τῶν

146 1494 377 1562 ἀγαθῶν
404 1494 731 1568 ἀνθρώπων,
767 1502 861 1555 καὶ
914 1502 1080 1572 μηδὲν
1129 1504 1228 1573 τῆς
1267 1505 1527 1576 ἀληθείας
1547 1526 1738 1579 προτι-

150 1586 405 1654 μώντων,
441 1590 758 1659 ἐλεγκτικὸς
819 1593 916 1662 μὲν
961 1594 1071 1646 τῶν
1116 1595 1535 1663 διαϐαλλόντων,
1568 1600 1737 1670 ὑπερ.

144 1678 553 1749 απολογητικδς
581 1681 638 1734 δὲ
671 1682 780 1737 τῶν
802 1683 1263 1755 διαϐαλλομένων,
1291 1687 1580 1758 λυτροῦται
1607 1692 1736 1745 τού-

145 1785 278 1831 τους
308 1770 413 1837 τῆς
443 1771 758 1843 ἐπιϐουλῆς.

1844 594 1954 651 Deo
1987 596 2040 650 in
2073 598 2302 652 veritate
2329 598 2544 667 placere
2569 600 2812 655 student.

1908 762 2078 824 Vsus.
2110 768 2164 823 6.
2210 767 2378 823 Verba
2404 770 2707 838 impiorum,
2748 772 2957 825 insidiw
2989 774 3259 843 sanguini.
3297 771 3422 829 Ete-

1841 862 1954 914 nim
1979 876 2101 930 qua:
2129 861 2380 916 videntur
2415 862 2764 917 audientibus
2798 871 3019 919 sensata
3045 866 3209 920 verba
3243 863 3424 918 homi-

1842 967 1972 1007 num
2001 953 2255 1008 veritatis
2282 953 2659 1019 inimicorum,
2709 954 3022 1023 diriguntur
3056 955 3125 1010 ah
3173 955 3310 1023 ipsis
3367 955 3425 1009 in

1841 1040 2209 1110 perditionem
2244 1056 2436 1095 eorum
2490 1057 2631 1110 quos
2664 1043 2869 1097 invidia
2906 1053 3001 1097 aut
3056 1045 3183 1099 odio
3232 1061 3428 1114 prose-

1840 1139 2109 1198 quuntur,
2142 1139 2197 1184 et
2247 1146 2388 1200 quos
2431 1140 2725 1202 propterea
2776 1135 3211 1200 calumniantur,
3259 1138 3330 1190 ita
3364 1144 3426 1191 ut

1840 1221 2077 1277 habeant
2108 1231 2217 1276 tam
2253 1224 2403 1293 impii
2432 1224 2598 1294 hujus
2628 1226 2937 1282 conaminis
2988 1227 3273 1298 adjutores
3324 1244 3425 1283 au-

1839 1314 2048 1370 ditores
2069 1315 2239 1385 ipsos.
3000 1370 3001 1373 η

1914 1405 1985 1460 Os
2016 1418 2191 1460 autem
2225 1414 2487 1461 rectorum
2522 1407 2712 1461 liberat
2745 1424 2854 1463 eos.
2892 1408 3084 1463 Sermo
3138 1426 3269 1465 vero
3330 1411 3426 1465 bo-

1839 1512 2035 1551 norum
2092 1498 2183 1566 qui
2238 1496 2451 1551 veritati
2504 1498 2578 1551 nil
2634 1498 2960 1566 praeferunt,
2994 1500 3424 1556 calumniatores

1839 1587 2059 1657 quidem
2100 1589 2399 1649 convincit,
2436 1598 2489 1643 et
2518 1590 2784 1656 justiﬁcat
2822 1590 3229 1655 calumniatos;
3275 1593 3427 1661 ipsos

1840 1693 2058 1750 quoque
2084 1678 2306 1734 redimit
2331 1679 2401 1733 ab
2427 1679 2666 1735 insidiis.

218 1859 284 1924 ζ’.
304 1861 417 1915 Καὶ
430 1858 501 1917 οὗ
522 1863 632 1917 ἐὰν
648 1839 891 1935 στραφῇ
908 1867 1157 1936 ἀσεϐὴς,
1176 1869 1538 1939 ἀφανίζεται.
1565 1873 1734 1927 Ἔνθα

1911 1872 2149 1929 Vsas.7.
2204 1871 2525 1942 Quocnnque
2576 1889 2631 1927 se
2686 1874 2897 1927 verterit
2946 1874 3165 1942 impius,
3198 1874 3421 1928 deletur.

144 1956 253 2024 μὲν
284 1956 353 2011 ἂν
389 1959 639 2030 ἐκτραπῇ
682 1961 781 2031 τῆς
819 1964 942 2016 κατ’
982 1966 1182 2035 ἀρετὴν
1226 1967 1367 2027 ὁδοῦ,
1393 1970 1422 2021 6
1456 1969 1530 2039 μὴ
1559 1970 1735 2039 τιμῶν

1853 1961 2180 2033 luocunque
2211 1963 2354 2017 enim
2380 1961 2666 2018 diverterit
2701 1978 2729 2016 a
2764 1963 2983 2018 virtutis
3026 1966 3111 2017 via
3140 1963 3304 2017 homo
3331 1978 3425 2018 ve-

144 2046 250 2115 τὴν
278 2047 564 2119 ἀλήθειαν,
590 2049 690 2103 εἴτ’
711 2054 791 2115 εἰς
828 2052 898 2106 τά
931 2053 1085 2119 δεξιά
1113 2056 1173 2108 τὸ
1223 2057 1424 2124 ἀγαθὸν
1449 2059 1738 2130 ὑποκρινό-

142 2155 335 2205 μενος,
371 2139 470 2192 εἴτ’
500 2141 581 2203 είς
616 2141 683 2195 τὰ
732 2144 1000 2214 ἀριστερά
1049 2146 1241 2200 τούτου
1291 2148 1529 2218 ἀμελῶν,
1564 2151 1734 2205 ἀπόλ-

144 2227 328 2292 λυται,
366 2229 751 2301 διαμαρτάνων
783 2232 876 2286 τοῦ
907 2236 964 2297 ἐς
997 2236 1086 2288 ἀεὶ
1118 2236 1467 2307 διαμένοντος
1489 2240 1697 2307 ἀγαθοῦ
1718 2260 1732 2273 ·

144 2318 227 2381 ὡς
269 2320 346 2389 μὴ
377 2318 517 2390 ἔχων
549 2321 639 2375 τὸν
677 2323 811 2378 Θεὸν
847 2325 1215 2380 ἀπιδλέποντα
1248 2329 1326 2390 είς
1378 2328 1447 2381 τὰ
1474 2327 1612 2401 ἔργα
1637 2331 1736 2384 αὑ-

143 2429 267 2465 του.

213 2500 384 2557 Οἲκοι
420 2504 490 2559 δὲ
534 2506 783 2561 δικαίων
823 2509 1298 2578 παραμένουσιν.
1339 2514 1404 2565 Δί
1443 2513 1499 2567 δὲ
1541 2514 1737 2583 πάγιαι

148 2596 296 2649 κατά
324 2596 525 2665 γνῶσιν
562 2599 656 2653 καὶ
696 2601 898 2673 ἀρετὴν
939 2600 1104 2669 ἔξεις,
1154 2603 1264 2657 τῶν
1305 2605 1612 2675 ἀμέμπτως
1640 2624 1737 2659 πο-

147 2685 543 2757 λιτευομένων,
571 2692 929 2760 φυλάττονται
959 2696 1090 2767 παρ’
1123 2697 1308 2760 αὐτοῖς
1342 2699 1398 2761 ἐς
1422 2697 1512 2750 ἀεὶ
1544 2698 1693 2769 ζωήν
1719 2716 1734 2730 ο

150 2775 244 2832 οἷά
270 2797 417 2845 τινες
444 2777 580 2835 οἶκοι
625 2783 896 2849 σώζουσαι
942 2786 1166 2850 τούτους
1186 2830 1200 2853 ,
1237 2790 1381 2843 κατά
1421 2789 1520 2858 μὲν
1542 2789 1609 2843 τὸ
1637 2808 1741 2842 πα-

152 2870 250 2939 ρὸν
282 2871 393 2923 ἀπὸ
416 2871 515 2925 τοῦ
550 2874 819 2943 χειμῶνος
848 2877 944 2929 καὶ
979 2876 1074 2930 τοῦ
1115 2877 1397 2943 καύσωνος
1441 2879 1551 2933 τῶν
1589 2882 1743 2934 ἐκου-

151 2960 291 3014 σίων
322 2962 417 3015 καὶ¹
460 2962 732 3018 ἀκουσίων
782 2966 1002 3020 παθῶν
1036 2969 1179 3024 κατὰ
1198 2971 1256 3025 δὲ
1290 2972 1352 3026 τὸ
1385 2972 1601 3041 μέλλον,
1632 2973 1741 3027 ἀπὸ

149 3055 252 3122 τῆς
280 3054 500 3108 αἰωνίου
531 3055 822 3121 κολάσεως.

222 3146 531 3249 ⁴εἶ’...ξέἶόμα
571 3148 833 3249 aur-erm?
885 3152 1298 3249 étitwﬂl‘dﬁ‘ﬂtt
1339 3157 1461 3249 ὑπό
1494 3157 1734 3249 ἀνδρός,
1770 3192 1814 3249 C

153 3234 269 3286 Καὶ
298 3235 334 3303 ἡ
363 3234 463 3302 μὲν
505 3238 828 3306 παραίνεσις
872 3242 967 3294 τοῦ
1017 3244 1155 3313 πρὸς
1194 3245 1321 3308 τοὺς
1364 3245 1601 3316 τρόπους
1647 3248 1742 3301 καὶ

152 3324 285 3385 τοὺς
332 3323 525 3389 λόγους
574 3327 685 3381 τῶν
728 3330 959 3384 ἐντολῶν
983 3373 998 3396 ,
1026 3335 1126 3403 τὴν
1155 3334 1351 3389 ἑαυτοῦ
1393 3336 1572 3408 ψυχὴν
1601 3339 1745 3392 κατά

158 3414 407 3470 διάθεσιν
449 3422 946 3490 μεταποιήσαντος,
983 3426 1287 3481 ἐπαινεῖται
1331 3429 1436 3483 ὑπὸ
1470 3430 1565 3484 τοῦ
1599 3432 1743 3486 κατά

155 3508 384 3561 πάντων
416 3509 526 3562 τῶν
578 3511 768 3564 παθῶν
797 3515 1185 3586 ἀνδριζομένου
1209 3534 1223 3547 ·
1252 3520 1394 3573 κατὰ
1432 3522 1494 3575 τὸ
1541 3524 1745 3594 ἐγκρα-

156 3598 422 3653 τεύεσθαι
450 3599 551 3671 μὲν
577 3602 688 3654 τῶν
731 3604 1015 3671 ἑκουσίων,
1055 3608 1350 3678 ὑπομένειν
1378 3611 1435 3664 δὲ
1467 3613 1537 3665 τὰ
1578 3615 1745 3667 ἀκού-

159 3707 285 3743 σια*
327 3691 405 3756 ὡς
436 3694 538 3763 τὴν
567 3694 733 3748 αὑτοῦ
775 3697 953 3768 ψυχὴν
976 3701 1396 3768 καταυγάξουσα
1438 3706 1577 3772 φωτὶ
1600 3705 1746 3772 γνὼ-

158 3802 337 3849 σεως,
414 3788 510 3839 καὶ
597 3788 997 3859 ἁπροσκόπτως
1062 3791 1173 3847 τῶν
1246 3794 1527 3865 δυσχερῶν
1600 3792 1744 3866 διεξ-

158 3877 295 3943 άγου
304 3894 391 3930 σα.
802 3938 805 3947 η

232 3967 680 4038 Νωθροκάρδισς
714 3969 782 4024 δὲ
818 3974 1255 4042 μυκτηρίζεται.
1295 3977 1356 4032 '0
1388 3978 1445 4032 δὲ
1485 3980 1745 4051 δυσκίνη-

160 4077 254 4122 τος
286 4060 430 4114 κατὰ
454 4061 650 4133 ψυχὴν,
685 4064 821 4134 πρὸς
849 4066 1116 4136 ἐργασίαν
1144 4069 1254 4122 τῶν
1291 4070 1386 4124 τοῦ
1440 4072 1578 4125 Θεοῦ
1605 4075 1747 4127 ἐντο-

160 4150 295 4215 λῶν,
330 4154 659 4223 ὲμπαίζεται
690 4156 797 4210 ὑπὸ
837 4158 947 4214 τῶν
975 4161 1247 4232 δαιμόνων
1268 4167 1381 4226 τοῖς
1403 4166 1505 4234 τῆς
1520 4166 1745 4237 ἀτιμίας

162 4243 366 4299 πάθεσι
386 4263 398 4276 ·
429 4248 542 4309 καὶ,

246 4336 316 4389 θ’.
350 4338 663 4405 Κρείσσων
681 4342 839 4411 ἀνὴρ
858 4345 928 4399 ἐν
964 4346 1167 4415 ἀτιμίᾳ
1192 4345 1503 4402 δουλεύων
1525 4348 1741 4416 ἐαυτῷ,

166 4430 205 4496 ἢ
234 4432 267 4483 ό
283 4429 462 4497 τιμὴν
481 4432 673 4499 ἑαυτῷ
690 4438 1028 4504 περιτιθεὶς,
1069 4440 1165 4491 καὶ
1188 4440 1636 4510 προσδεόμενος
1651 4442 1747 4511 ἇρο

1838 2059 2054 2112 ritatem
2089 2066 2474 2123 contemnens,
2507 2057 2625 2111 sive
2654 2056 2721 2110 ad
2749 2057 3033 2111 dexteram
3088 2057 3292 2112 bonum
3318 2056 3422 2111 liu-

1833 2149 2031 2220 gendo.
2064 2149 2181 2204 sive
2219 2149 2285 2202 ad
2325 2148 2609 2204 sinistram
2649 2148 2783 2201 illud
2846 2148 3173 2217 negligenda
3197 2189 3211 2211 ,
3276 2150 3423 2217 perit

1847 2243 2112 2296 aberrans
2142 2255 2170 2292 a
2200 2239 2345 2294 bono
2376 2240 2522 2309 quod
2548 2239 2609 2293 in
2660 2239 3056 2307 sempiternum
3107 2249 3419 2307 permanet:

1843 2340 1897 2387 ut
1925 2332 2017 2402 qui
2045 2347 2154 2386 non
2187 2331 2388 2387 habeat
2412 2329 2580 2386 Deum
2609 2330 2663 2384 in
2693 2345 2858 2399 Opera
2888 2330 3008 2399 ejus
3036 2331 3419 2401 aspicientem.

1909 2518 2112 2575 Domus
2151 2530 2327 2574 autem
2364 2518 2638 2589 jastorum
2690 2528 3019 2586 permanent.
3070 2515 3316 2574 .Stabiles
3354 2518 3423 2574 ad

1842 2612 2133 2666 scientiam
2159 2623 2215 2666 et
2233 2612 2489 2666 virtutem
2508 2610 2729 2665 habitus
2754 2625 2944 2665 eorum
2962 2609 3053 2678 qui
3072 2609 3422 2678 inreprehen-

1841 2699 2079 2755 sibiliter
2110 2713 2169 2754 se
2194 2700 2531 2767 gubernant,
2572 2697 2968 2753 custodiuntur
2994 2696 3063 2751 ab
3088 2696 3228 2767 ipsis
3260 2699 3314 2750 in
3341 2696 3425 2750 vi-

1843 2799 1953 2844 tam
1996 2799 2296 2854 aeternam;
2357 2789 2517 2859 quasi
2573 2788 2769 2843 domus
2819 2787 3071 2858 quaedam
3140 2795 3427 2843 servantes

1843 2894 1962 2942 eos,
1986 2879 2039 2932 in
2064 2879 2330 2948 presenti
2357 2878 2578 2946 quidem
2604 2877 2681 2932 ab
2710 2878 2890 2933 hieme
2909 2886 2964 2933 et
3011 2878 3080 2932 ab
3107 2879 3305 2933 ardore
3336 2893 3431 2932 vo-

1844 2970 2203 3025 luntariarum
2230 2979 2283 3023 et
2308 2969 2799 3023 involuntariarum
2829 2969 3250 3038 passionum,in
3276 2970 3429 3024 futu-

1843 3078 1964 3118 rum
1998 3070 2179 3116 autem
2210 3061 2279 3116 ab
2312 3068 2517 3115 aeterno
2552 3060 2848 3131 supplicio.

1924 3153 2091 3209 Vsus.
2122 3154 2180 3207 8.
2219 3152 2292 3209 Os
2321 3152 2664 3221 intelligentis
2698 3149 2955 3206 laudatur
2988 3168 3020 3203 a
3050 3150 3182 3205 viro.
3212 3149 3429 3203 Exhor-

1848 3246 1984 3300 tatio
2030 3245 2150 3316 ejus
2201 3246 2293 3312 qui
2329 3244 2565 3298 animam
2625 3258 2781 3297 suam
2837 3243 2904 3299 ad
2949 3259 3132 3298 mores
3162 3249 3218 3297 et
3261 3242 3427 3297 verba

1848 3345 2247 3407 praeceptorum
2282 3351 2384 3406 per
2406 3336 2827 3403 dispositionem
2857 3335 3141 3402 reformat,
3170 3335 3429 3390 laudatur

1846 3429 1914 3483 ab
1944 3443 2011 3482 eo
2041 3429 2134 3498 qui
2167 3430 2221 3482 in
2255 3427 2512 3483 omnibus
2546 3428 2906 3493 passioni-bus
2945 3430 3030 3482 vir
3085 3430 3338 3493 edicitur,
3362 3444 3431 3484 eo

1846 3518 1992 3587 quod
2026 3534 2256 3588 compos
2282 3518 2356 3575 sit
2399 3518 2732 3586 placentium
2764 3528 2819 3573 et
2868 3519 3219 3589 displicentia
3250 3519 3428 3588 patia-

1847 3616 1974 3661 tur:
2016 3606 2253 3660 animam
2294 3606 2439 3660 enim
2483 3605 2646 3674 huius
2696 3605 2969 3659 illuminat
3015 3608 3134 3663 luce
3161 3607 3429 3669 scientiae.

1844 3710 1901 3755 et
1936 3703 2056 3756 sine
2089 3699 2395 3756 oﬁensione
2419 3716 2485 3755 ex
2525 3698 2775 3755 adversis
2809 3699 3017 3755 educit.

1918 3974 2112 4028 Socors
2132 3980 2320 4025 autem
2350 3971 2738 4027 subsannatar.
2765 3971 2879 4039 ‘Qui
2910 3987 3042 4028 vero
3065 3974 3247 4029 anima
3280 3974 3433 4045 piger

1844 4072 1935 4119 est
1964 4063 2035 4118 ad
2062 4065 2443 4134 impletionem
2480 4063 2790 4118 divinorum
2826 4076 3249 4136 praeceptorum,
3312 4066 3433 4125 illu-

1842 4156 1998 4210 ditur
2023 4170 2053 4209 a
2080 4155 2419 4211 dzemonibus
2450 4155 2763 4227 ignominia:
2789 4158 3012 4227 probro,
3044 4166 3097 4213 et

1921 4340 2085 4397 Vens.
2116 4340 2171 4396 9.
2198 4339 2500 4396 Melior-vir
2520 4340 2580 4395 in
2610 4342 2814 4396 vilitate
2867 4344 3096 4397 serviens
3125 4344 3249 4405 sibi,
3273 4359 3434 4412 quam

1847 4434 2101 4486 honorem
2128 4430 2231 4485 sibi
2260 4432 2660 4499 circumponens
2689 4441 2738 4485 et
2777 4448 2930 4502 egens
2950 4447 3106 4500 pane.
3134 4430 3289 4486 Sicut
3323 4448 3435 4485 me-

166 4538 298 4574 του.
337 4521 804 4596 Ὠσπερβελτίων
836 4531 865 4582 6
896 4530 954 4582 ὲν
984 4530 1169 4602 ἀδοξίᾳ
1190 4531 1308 4600 βίου
1332 4533 1616 4605 ὑπάρχων,
1655 4536 1744 4590 καὶ

1858 4526 1962 4579 lior
1986 4534 2072 4580 est
2098 4523 2291 4594 .quiin
2348 4524 2586 4593 ingloria
2630 4524 2743 4578 vita
2804 4523 3117 4578 necessaria
3161 4524 3265 4579 sibi
3304 4539 3435 4593 sup-

167 4610 310 4680 πρδς
344 4612 413 4666 τὰ
447 4615 725 4684 ἀναγκαῖα
759 4618 938 4688 ἑαυτῷ
966 4621 1249 4691 ἐπαρκῶν,
1286 4622 1432 4695 ἥπερ
1469 4628 1499 4677 6
1528 4626 1604 4695 μὴ
1656 4628 1751 4680 ἀνα

166 4703 429 4773 εχόμενος
476 4707 565 4761 διά
612 4709 919 4775 κενοδοξίαν
975 4714 1096 4771 ταῖς
1144 4713 1339 4777 ίδικαῖς
1371 4718 1558 4787 χερσὶν
1583 4719 1750 4788 ὲργά-

166 4797 381 4881 ζεσθαι,
412 4800 707 4856 κάντεῦθεν
743 4804 1050 4871 ἀναγκαίας
1087 4808 1296 4877 τροφῆς
1345 4810 1710 4880 στερούμενος
1733 4828 1748 4845 '

164 4885 313 4939 οὕτω
347 4886 570 4958 βελτίων
601 4894 696 4945 καὶ
726 4894 754 4946 6
781 4893 1171 4965 ἀνδριζόμενος
1216 4899 1358 4952 κατά
1405 4901 1515 4953 τῶν
1566 4902 1752 4956 παθῶν

167 4977 227 5027 ὲν
261 4976 534 5050 ὑποταγῇ,
569 4981 665 5033 καὶ
687 4984 1342 5057 περιποιούμενοςέαυτῷ
1385 4988 1528 5043 κατά
1554 4991 1751 5060 πρᾶξιν

166 5067 270 5130 τὰς
301 5069 521 5139 ἀρετὰς,
548 5072 695 5143 ἤπερ
720 5075 748 5126 6
793 5075 983 5128 ἑαυτὸν
1017 5077 1334 5151 καθηγητὴν
1379 5082 1748 5154 καταστήσας,

170 5161 265 5211 καὶ
294 5162 478 5233 ἐνδεὴς
510 5165 772 5238 ὑπάρχων
794 5168 888 5221 τοῦ
915 5168 1093 5240 ψυχὰς
1118 5169 1407 5243 τρέφοντος
1430 5173 1750 5246 ἐμπράκτου

170 5250 353 5316 λόγου.

240 5348 294 5394 ι’.
322 5344 558 5412 Δίκαιος
584 5350 860 5419 οὶκτεΐρει
895 5352 1100 5421 ψυχὰς
1154 5354 1394 5422 κτηνῶν
1440 5359 1646 5413 αὐτοῦ.
1694 5362 1752 5413 Ὅ

171 5434 279 5502 γὰρ
308 5436 432 5488 κατ’
460 5438 664 5510 ἀρετὴν
691 5443 916 5506 τέλειος,
940 5444 1081 5496 ἐλεεῖ
1106 5443 1280 5515 ψυχὰς
1308 5446 1418 5500 τῶν
1456 5450 1557 5519 τῆς
1588 5449 1752 5504 αὑτοῦ

174 5525 431 5599 ποίμνης,
490 5530 753 5601 έλομένας
809 5535 909 5606 τὴν
950 5536 1144 5605 ἄλογον
1204 5538 1420 5608 βιοτήν·
1461 5542 1752 5611 ἐπιμελούη

177 5635 339 5687 μενος
366 5623 531 5675 παντὶ
554 5626 739 5695 τρόπῳ
770 5627 870 5696 τῆς
898 5622 1175 5699 σωτηρίας
1198 5630 1399 5685 αὑτῶν.

269 5711 344 5761 Τὰ
368 5710 436 5763 δὲ
451 5714 782 5784 σπλάγχνα
814 5717 931 5772 τῶν
959 5719 1218 5785 ἀσεϐῶν,
1253 5723 1651 5791 ἀνελεήμονα.
1686 5725 1751 5777 Ai

170 5794 227 5861 δὲ
261 5796 534 5865 διαθέσεις
564 5801 672 5863 τῶν
699 5804 772 5881 μὴ
801 5804 1065 5877 δι’ἕργων
1092 5809 1436 5881 δικαιοσύνης
1466 5811 1750 5889 τιμώντων

1846 4617 2085 4687 peditat,
2122 4633 2286 4687 quam
2321 4618 2415 4687 qui
2447 4632 2553 4671 non
2584 4616 2769 4670 ferens
2801 4625 3024 4686 propter
3065 4632 3260 4670 vanam
3314 4618 3433 4687 glo-

1854 4709 1992 4762 riam
2023 4710 2262 4777 propriis
2287 4709 2539 4763 manibus
2577 4709 2851 4770 laborare,
2904 4715 3194 4778 propterea
3242 4723 3434 4762 neces-

1856 4798 2004 4850 sario
2035 4797 2184 4851 victu
2219 4806 2405 4860 caret;
2446 4796 2527 4851 sic
2572 4796 2767 4850 melior
2803 4805 2857 4849 et
2902 4795 2995 4864 qui
3049 4795 3280 4849 viriliter
3326 4796 3435 4863 agit

1855 4889 2104 4944 dolorem
2169 4888 2512 4958 accipiendo,
2570 4895 2625 4943 et
2692 4888 2794 4941 sibi
2851 4895 3134 4957 comparat
3182 4888 3433 4952 virtutes,

1857 4995 2019 5049 quam
2056 4979 2147 5047 qui
2194 4996 2254 5035 se
2297 4980 2489 5033 ducem
2542 4978 2909 5045 constituens,
2940 4978 3151 5050 indiget
3191 4979 3309 5051 ipse
3337 4993 3435 5033 ac-

1856 5072 2003 5128 tione
2024 5058 2145 5141 qute
2179 5072 2352 5129 nutrit
2387 5072 2621 5131 animas.

1928 5349 2092 5402 Vnus.
2129 5349 2215 5402 10.
2254 5347 2446 5403 Justus
2499 5351 2787 5404 miseratur
2833 5351 3044 5404 animas
3066 5352 3433 5420 jnmentorum

1855 5457 2093 5495 suorum.
2127 5439 2298 5495 Homo
2326 5442 2548 5496 virtutis
2576 5440 2828 5511 perlecta:
2867 5443 3168 5497 miseratur
3221 5444 3435 5501 animas

1854 5534 2233 5603 gregariorum
2284 5549 2538 5599 suorum,
2577 5538 2671 5603 qui
2703 5535 3077 5591 irrationalem
3131 5537 3296 5590 vitam
3328 5552 3432 5589 am-

1859 5628 1999 5697 plcxi
2040 5637 2190 5690 sunt,
2222 5628 2371 5681 omni
2404 5629 2566 5681 modo
2599 5628 2759 5681 saluti
2814 5645 3001 5683 eorum
3042 5632 3293 5685 studens.

1938 5720 2152 5775 Viscera
2181 5733 2356 5777 autem
2404 5723 2681 5787 impiorum
2715 5724 3178 5777 immisericordta.
3245 5722 3433 5791 Dispu-

1855 5812 2086 5871 sitioncs
2120 5829 2249 5870 vero
2275 5831 2465 5872 eorum
2506 5816 2595 5890 qui
2654 5815 2820 5875 Deum
2880 5832 2986 5871 non
3038 5815 3305 5875 honoranl
3340 5829 3432 5885 per
