4034 6514
639 360 743 420 339

1942 362 2297 424 PROCOPII
2326 362 2571 423 GAZEI

3743 348 3863 408 1310

601 484 767 536 opera
797 467 1026 538 justitim
1074 475 1203 522 sunt
1240 466 1444 523 duritia
1478 476 1534 524 et
1591 469 1890 527 obcaecatio
1922 488 2054 545 erga
2084 474 2173 529 in-

2309 472 2435 536 ιεὸν,
2466 468 2835 541 ἀσυμπαθεῖς,
2862 468 2938 531 ὠς
2978 466 3277 537 ἀδιάκριτει
3320 462 3459 535 πρὸς
3498 461 3628 524 τοὺς
3661 460 3864 515 deﬂeve-

602 560 807 614 lit-mos.

676 679 845 737 Vens.
865 683 885 736 i
905 682 951 736 l.
980 682 1084 748 Qui
1106 692 1356 752 operatur
1378 702 1530 739 suam
1557 694 1754 743 terram
1780 688 2065 757 replebitur
2084 706 2185 760 pa-

605 771 780 825 nibus.
823 771 926 837 Qui
991 774 1043 826 in
1104 776 1255 843 praxi
1294 786 1441 829 amat
1475 777 1925 847 defatigationem
1959 789 2191 836 terrena:

606 878 719 917 sua:
766 865 979 929 carnis,
1028 881 1342 935 expurgans
1384 869 1789 924 commotiones
1849 886 1973 940 quae
2027 873 2098 925 ab
2126 887 2191 927 ea

605 952 1008 1021 producuntur,
1063 963 1122 1008 ut
1176 956 1351 1009 malas
1411 957 1637 1023 herbas,
1694 961 1926 1013 rationis
1982 969 2187 1025 aratro,

608 1044 803 1110 plenus
836 1044 1100 1098 ellicictur
1156 1045 1447 1111 virtutum,
1495 1063 1618 1117 quae
1674 1050 1831 1118 panis
1868 1049 2046 1105 instar
2085 1066 2189 1104 nu-

610 1132 781 1187 triunt
818 1136 1077 1188 animam.

681 1334 789 1399 Qui
822 1344 994 1388 autem
1033 1345 1323 1405 sequuntur
1353 1353 1512 1400 vana,
1549 1337 1839 1407 indigentes
1880 1341 2054 1394 corde.
2090 1339 2193 1406 Qui

615 1427 839 1479 student
876 1426 1052 1479 inutili
1123 1428 1509 1493 temporalium
1566 1430 1925 1499 possessioni,
2007 1444 2197 1487 carent

615 1515 720 1569 hoc
754 1517 962 1580 habitu,
995 1517 1086 1586 qui
1120 1519 1327 1586 pariter
1355 1520 1654 1587 opponitur
1693 1521 1930 1576 delectui
1989 1524 2195 1578 intelli-

616 1608 811 1674 gentia:
843 1618 897 1663 et
937 1610 1057 1677 ejus
1082 1612 1372 1676 cxcessui;
1402 1613 1531 1681 quia
1570 1613 1837 1680 sapientia
1870 1612 2091 1667 habitus
2111 1622 2198 1668 est

616 1694 887 1748 delicienti
912 1705 966 1749 et
998 1698 1280 1750 excedenti
1311 1700 1594 1767 appositus
1622 1700 2033 1771 intelligentia};
2071 1701 2192 1771 ejus

615 1799 748 1837 vero
785 1785 1104 1855 indigentia,
1136 1788 1507 1859 intelligentia:
1534 1792 1779 1845 carentia
1813 1799 1915 1846 est.

690 1893 795 1957 Qui
816 1895 1184 1965 estjucundus
1207 1898 1260 1950 in
1297 1899 1540 1951 vinorum
1577 1902 2085 1964 conversationibus,
2140 1903 2196 1956 in

617 1981 729 2033 suis
774 1983 1151 2037 munitionibus
1206 1984 1461 2053 relinquet
1528 1986 1897 2055 ignominiam.
1982 1986 2194 2041 Etenim

617 2086 1004 2141 quemcunque
1031 2072 1263 2127 delectat
1315 2076 1499 2127 animo
1530 2078 1746 2127 avocari
1778 2076 1923 2128 circa
1957 2078 2195 2130 visibiles

619 2162 968 2229 apparentias
1004 2201 1020 2225 ,
1053 2178 1175 2232 qua:
1208 2164 1457 2216 \‘inorum
1493 2163 1667 2217 instar
1701 2181 1728 2217 a
1763 2165 1991 2219 veritate
2012 2166 2195 2234 egredi

619 2248 828 2303 faciunt
855 2259 1090 2305 mentem
1116 2250 1250 2320 ipsis
1286 2252 1687 2317 immerentem,
1736 2269 1837 2309 nec
1890 2256 1955 2308 ad
2014 2270 2196 2308 rerum

620 2342 863 2396 rationes
915 2343 1343 2413 aggredicntem,
1407 2344 1461 2397 in
1514 2347 1774 2413 potentiis
1821 2352 2019 2401 animae
2065 2362 2199 2411 sure,

619 2432 820 2500 quibus
852 2432 1151 2501 (potentiis)
1177 2434 1294 2502 ipsa
1318 2450 1343 2485 a
1373 2434 1640 2488 Creatore
1668 2436 1939 2490 instructa
1962 2445 2043 2491 est
2069 2452 2203 2507 qua-

621 2523 669 2576 si
702 2521 1028 2591 quibusdam
1075 2525 1510 2588 munitionibus,
1552 2541 1619 2580 ne
1679 2525 1868 2580 timeat
1924 2528 2202 2580 dzemones

621 2609 716 2677 qui
759 2612 1059 2666 secundum
1119 2625 1372 2666 naturam
1417 2615 1717 2668 visibilium
1777 2616 2097 2685 praedantur
2149 2627 2203 2671 et

622 2705 847 2769 capiunt
886 2710 1121 2756 mentem
1156 2704 1400 2773 ignaram
1435 2721 1532 2776 per
1564 2722 1799 2768 sensus;
1833 2708 1945 2774 ille,
1980 2717 2205 2779 propter

623 2807 780 2847 suam
810 2794 1093 2863 sapientia:
1121 2794 1414 2863 incuriam,
1446 2798 1589 2852 sinet
1611 2812 1670 2853 se
1690 2814 1881 2854 carere
1909 2800 2205 2858 virtutibus

623 2900 750 2954 quae
784 2885 870 2940 his
908 2888 1170 2955 potentiis
1209 2889 1476 2943 honorem
1514 2891 1832 2958 conciliant,
1858 2906 1979 2962 qua:
2007 2908 2205 2949 caren-

626 2978 727 3039 tia,
782 2966 1085 3045 prudentiae
1137 2980 1369 3045 scilicet,
1428 2983 1808 3050 temperantia:
1861 2993 1917 3037 et
1950 2982 2203 3052 iustitia),

624 3075 857 3120 vocatur
886 3076 939 3121 et
973 3078 1057 3123 est
1088 3069 1141 3123 in
1191 3071 1611 3142 concupiscibili
1648 3072 1889 3137 licentia,
1916 3074 1968 3127 in
2007 3076 2206 3131 irasci-

2294 563 2524 636 στέρους
2554 560 2713 616 εἰσίν.

2369 686 2459 740 ια’.
2506 686 2561 739 ’0
2606 682 2995 754 ἐργαζόμενος
3044 681 3161 747 τὴν
3212 680 3431 735 ἑαυτοῦ
3482 680 3623 748 γῆν,
3654 680 3867 747 ἐμπλη-

2293 779 2586 845 σθήσεται
2613 778 2827 846 ἄρτων.
2861 776 2973 829 Καὶ
2996 778 3023 829 ὁ
3048 776 3145 845 μὲν
3172 774 3481 843 φιλοπονῶν
3514 774 3657 825 κατά
3686 774 3866 840 πρᾶξιν

2294 872 2423 941 περὶ
2453 870 2550 939 τὴν
2580 867 2779 921 ἑαυτοῦ
2810 867 3004 937 χοῖκὴν
3054 866 3235 933 σάρκα
3259 907 3273 926 ,
3316 863 3709 933 ἀνακαθαίρων
3754 866 3867 923 τοὺς

2294 960 2354 1024 ἐξ
2386 960 2555 1027 αὐτῆς
2587 956 2889 1027 φυομένους
2930 955 3199 1025 ἐμπαθεῖς
3238 955 3556 1023 λογισμοὺς,
3615 952 3691 1014 ῶς
3730 970 3866 1011 τινας

2293 1050 2598 1119 τριϐόλους,
2632 1048 2713 1117 τῷ
2739 1048 2831 1100 τοῦ
2860 1048 3018 1113 λόγου
3067 1047 3305 1114 ἀρότρῳ,
3355 1044 3611 1115 ἔμπλεως
3662 1046 3867 1110 revise-

2293 1158 2385 1193 ται
2441 1141 2547 1193 τῶν
2597 1138 2754 1210 δίκην
2805 1138 2987 1208 ἄρτων
3038 1137 3356 1208 τρεφουσῶν
3408 1135 3511 1206 τὴν
3542 1134 3722 1205 ψυχὴν
3752 1136 3865 1203 apa—

2295 1230 2428 1286 τῶν.

2363 1341 2427 1391 Οἱ
2456 1337 2525 1390 δὲ
2556 1336 2879 1399 διώκοντες
2899 1335 3138 1404 μάταια,
3170 1333 3399 1400 ἐνδεεῖς
3447 1350 3710 1403 φρενῶν.
3734 1334 3794 1384 Ol
3820 1335 3868 1385 δὲ

2300 1430 2695 1494 σπουδάζοντες
2725 1429 2856 1499 περὶ
2886 1429 2983 1491 τάς
3024 1428 3132 1480 τῶν
3191 1429 3545 1499 προσκαίρων
3591 1429 3871 1495 ἀνονήτους

2302 1524 2533 1591 σχέσεις,
2565 1521 2803 1582 ἐλλιπεῖς
2846 1522 2988 1573 εἰσιν
3039 1518 3207 1584 ἕξεων
3243 1519 3543 1572 ἀντιπάλου
3574 1520 3762 1579 ἀνοίας
3789 1520 3873 1568 καὶ

2301 1613 2739 1681 ύπερνοίαςοὸτι
2792 1612 2825 1679 ἡ
2860 1611 2957 1679 μὲν
3011 1611 3294 1679 φρόνησις,
3331 1610 3445 1674 ἕξις
3496 1610 3645 1661 ἐστὶν
3697 1607 3872 1670 ἀνοίας

2300 1702 2396 1756 καὶ
2418 1701 2708 1771 ὑπερνοίας
2735 1700 3029 1764 ἀντίπαλος
3057 1715 3071 1729 ο
3108 1702 3215 1771 ήδέ
3248 1700 3454 1770 ταύτης
3485 1700 3682 1763 ἔνδεια,
3712 1699 3871 1751 ἔλλειο

2229 1806 2276 1864 Β
2304 1794 2397 1863 ψις
2428 1794 2600 1862 αὐτῆς
2628 1794 2744 1846 ἐστι
2774 1794 2915 1848 κατά
2952 1794 3160 1848 ἄνοιαν.

2373 1902 2481 1967 "Oc
2508 1902 2682 1955 ἐστιν
2708 1901 2861 1968 ἡδὺς
2901 1903 2973 1955 ἐν
3023 1902 3207 1955 οἷν-ων
3263 1901 3704 1970 διατριϐαῖς,ἑν
3762 1902 3872 1967 τοῖς

2300 1992 2518 2046 ἑαυτοῦ
2562 1992 2907 2062 ὀχυρώμασι
2937 1994 3289 2061 καταλείψει
3344 1994 3603 2063 ἀτιμίαν.
3640 1995 3749 2047 Kal.
3777 1996 3873 2062 γὰρ

2300 2085 2449 2146 ὅστις
2480 2086 2632 2140 ἐστὶν
2678 2085 3178 2157 ὲπευφραινὸμενος
3210 2088 3269 2138 ἐν
3310 2088 3429 2147 ταῖς
3461 2086 3592 2156 περὶ
3626 2086 3728 2147 τὰς
3777 2085 3871 2136 τᾶν

2300 2172 2510 2245 ὁρατῶν
2536 2173 2856 2241 ἐπιφανείας
2906 2174 3340 2245 ἀπασχολήσεσι.
3385 2174 3486 2238 τὰς
3542 2174 3699 2243 δίκην
3727 2175 3870 2226 οῖνων

2301 2260 2602 2327 ἐξιστὼσας
2631 2263 2731 2332 τῆς
2761 2264 3021 2332 ἀληθείας
3073 2266 3166 2315 τὸν
3203 2263 3432 2325 ταύταις
3480 2264 3869 2332 ἐναπομένοντα

2301 2354 2448 2421 νοῦν,
2498 2356 2594 2408 καὶ
2649 2354 2724 2427 μὴ
2765 2355 2900 2426 πρὸς
2944 2356 3070 2421 τοὺς
3099 2356 3205 2408 τῶν
3236 2355 3406 2409 ὄντων
3427 2355 3768 2409 διαϐαίνοντα
3797 2354 3870 2406 λό-

2302 2462 2456 2514 γους,
2483 2445 2541 2498 ἐν
2567 2447 2684 2510 ταῖς
2733 2446 2998 2515 δυνάμεσι
3042 2448 3142 2516 τῆς
3187 2446 3383 2500 ἐαυτοῦ
3429 2446 3608 2515 ψυχῆς
3634 2462 3649 2477 ·
3686 2442 3869 2514 αἷσπερ

2304 2535 2442 2607 αῦτη
2486 2537 2636 2607 παρὰ
2664 2536 2758 2589 τοῦ
2799 2537 3148 2608 Δημιουργοῦ
3193 2538 3613 2608 κατησφαλίσθη
3644 2537 3720 2600 ῶς
3743 2556 3871 2592 τισιν

2304 2629 2649 2701 ὀχυρώμασι,
2708 2630 2846 2700 πρὸς
2891 2630 2953 2682 τὸ
3018 2630 3093 2701 μὴ
3144 2630 3429 2697 φοϐεῖσθαι
3461 2630 3589 2693 τοὺς
3616 2631 3758 2683 κατᾶ
3786 2631 3875 2698 τὴν

2306 2719 2470 2788 φύσιν
2501 2718 2610 2772 τῶν
2639 2719 2935 2789 ὁρωμένων
2968 2720 3330 2790 λῃστεύοντας
3358 2721 3645 2791 δαίμονας,
3680 2721 3772 2773 καὶ
3807 2723 3876 2772 αἱ.

2306 2811 2753 2880 χμαλωτίζοντας
2786 2812 2877 2864 τὸν
2931 2812 3056 2865 νοῦν
3114 2812 3251 2884 πρὸς
3295 2814 3521 2881 ἄγνοιαν
3555 2813 3641 2865 διὰ
3676 2813 3775 2881 τῆς
3802 2814 3880 2865 αξ-

2308 2900 2553 2971 σθήσεως
2578 2918 2592 2932 ο
2624 2904 2651 2955 ὀ
2685 2902 2929 2965 τοιοῦτος
2962 2905 3114 2958 ἐάσει
3152 2905 3243 2958 διὰ
3281 2906 3339 2957 τὸ
3368 2905 3562 2958 ἑαυτοῦ
3587 2904 3878 2973 καταγνώ-

2311 3009 2419 3063 μην
2449 2992 2865 3063 άνεπιμέλητον.
2891 2996 2989 3065 τὴν
3021 2996 3277 3067 στέρησιν
3317 2996 3425 3049 τῶν
3453 2998 3575 3059 ταῖς
3604 2997 3872 3055 τοιαύταις

2308 3082 2571 3153 δυνάμεσι
2626 3085 3101 3156 περιποιουμὲνων
3144 3086 3311 3157 τιμὴν
3353 3087 3564 3158 ἀρετῶν
3589 3104 3604 3117 ·
3628 3089 3747 3157 ἣτις
3772 3088 3881 3137 στέο

628 3155 724 3211 bili
765 3158 1003 3228 ignavia,
1067 3160 1122 3213 in
1180 3162 1438 3216 rationali
1498 3163 1843 3232 insipientia,
1876 3165 2011 3219 etin
2041 3165 2207 3224 dictis

2312 3190 2491 3242 ρησις,
2542 3176 2662 3227 κατ’
2692 3155 2932 3245 ἔλλειψιν
2975 3155 3335 3247 σωφροσύνης
3389 3155 3661 3246 ἀνδρείας
3687 3176 3879 3245 φρονή·

627 3250 807 3304 tribus
834 3250 1192 3309 inl'erioritas.

2316 3280 2452 3327 σεως
2482 3265 2574 3317 καὶ
2597 3264 2968 3337 δικαιοσύνης,
3001 3266 3117 3319 ἐστι
3167 3267 3297 3337 περὶ
3347 3266 3449 3336 μὲν
3496 3266 3595 3336 τὴν
3625 3266 3880 3335 ἐπιθυμη-

627 3345 787 3414 τικὴν
814 3346 1065 3417 δύναμιν,
1097 3348 1363 3402 ἀκολασία
1390 3366 1403 3380 ·
1433 3351 1561 3422 περὶ
1581 3350 1637 3405 δὲ
1669 3352 1768 3421 τὴν
1790 3351 2049 3425 θυμικὴν,
2080 3353 2254 3409 δειλία
2276 3372 2291 3388 ο
2321 3358 2450 3430 περὶ
2484 3358 2540 3412 δὲ
2572 3359 2673 3431 τὴν
2717 3360 2961 3431 λογικὴν,
3010 3360 3166 3414 ἄνοια
3190 3377 3204 3391 ·
3269 3362 3365 3415 καὶ
3448 3361 3581 3433 περὶ
3638 3361 3739 3425 τάς
3806 3362 3879 3412 εἰ·

635 3438 877 3511 ρημένας
905 3444 1071 3512 τρεῖς.
1111 3443 1406 3513 μειονεξία.

708 3552 868 3610 Vens.
896 3556 980 3610 12.
997 3554 1324 3625 Cupiditates
1350 3559 1629 3628 impiorum
1651 3560 1827 3614 mala'.
1843 3560 2115 3627 Quoniam
2139 3562 2212 3617 ir-

633 3646 935 3702 ratiOnales
958 3650 1416 3718 concupiscibilis
1466 3659 1521 3705 et
1571 3651 1867 3707 irascibilis
1920 3655 2215 3723 appetitus,

634 3753 823 3792 eorum
872 3741 964 3809 qui
1020 3739 1190 3795 Deum
1250 3742 1494 3812 practice
1545 3760 1657 3798 non
1705 3744 1996 3810 honorant,
2040 3746 2217 3801 nocivi

636 3838 786 3895 sunt,
818 3830 1052 3887 virtutes
1075 3847 1262 3887 eorum
1291 3833 1551 3888 damnum
1584 3835 1888 3903 patiuntur.

710 3939 931 3996 Radices
962 3952 1138 3997 autem
1162 3943 1373 4011 piorum
1410 3943 1467 3997 in
1519 3944 1929 4009 munitionibus.
1980 3942 2219 3998 Stabiles

637 4042 770 4082 vero
803 4029 1022 4085 habitus
1052 4046 1248 4085 eorum
1298 4032 1567 4102 quijusta
1610 4036 1906 4102 practicam
1944 4033 2220 4103 cognitio—

640 4133 762 4171 nesn
796 4118 1066 4173 honorant
1098 4119 1288 4184 Deum,
1322 4121 1378 4174 in
1430 4120 1675 4190 ipsorum
1731 4120 2064 4176 custodibus
2102 4121 2221 4176 ani-

641 4222 744 4261 mae
781 4210 1036 4277 potentiis
1062 4218 1450 4280 permanenter
1481 4211 1822 4280 implantataa
1855 4222 2009 4267 sunt.

712 4316 878 4375 Vens.
923 4320 1009 4374 l3.
1066 4319 1287 4390 Propter
1334 4329 1606 4388 peccatum
1658 4320 1920 4374 labiorum
1953 4322 2137 4376 incidit
2168 4322 2222 4375 in

643 4408 856 4479 laqueos
885 4423 1153 4477 peccator.
1193 4412 1404 4468 Etenim
1442 4430 1535 4483 per
1571 4414 1979 4470 aberrationem
2034 4430 2066 4469 a
2095 4430 2222 4469 vero

643 4503 787 4557 bono
822 4504 1095 4561 facultatis
1135 4506 1619 4576 concupisclbilis,
1666 4506 1723 4561 in
1754 4522 1863 4576 qua
1894 4510 2044 4561 velut
2072 4509 2124 4561 in
2149 4506 2225 4560 la-

643 4594 750 4649 biis
777 4597 991 4662 oscula,
1055 4598 1412 4652 inveniuntur
1460 4598 1529 4653 ad
1569 4598 1869 4652 vanitatem
1912 4598 2224 4653 inclinatio—

644 4701 763 4747 nes,
798 4695 1013 4755 Cﬂplllll‘
1044 4686 1097 4741 in
1140 4688 1350 4756 laqueis
1378 4687 1606 4756 diaboli,
1638 4690 1733 4759 qui
1761 4689 1982 4744 aberrat
2035 4704 2067 4742 a
2136 4689 2222 4742 via

643 4775 954 4832 divinorum
995 4778 1403 4835 mandatorum.

720 4998 919 5068 E/fugit
951 5009 1127 5052 autem
1156 5014 1221 5052 ea:
1257 5000 1332 5053 eis
1354 4999 1556 5069 justus.
1612 4997 1760 5052 Vitat
1802 5000 1926 5052 mali
1968 4998 2215 5069 laqueos,

648 5110 741 5163 qun
782 5092 1084 5147 secundum
1123 5094 1271 5162 leges
1297 5093 1513 5146 divinas
1552 5106 1675 5146 sese
1703 5092 1858 5163 regit.

722 5315 827 5380 Qui
874 5313 1010 5367 videt
1052 5312 1207 5367 laevia
1232 5352 1247 5377 ,
1301 5312 1669 5367 misericordia
1704 5312 1897 5383 dignus
1923 5312 2221 5367 habebitur.

651 5405 755 5473 Qui
781 5407 999 5475 quidem
1037 5412 1216 5460 mente
1243 5405 1404 5460 unice
1438 5404 1754 5459 considerat
1795 5404 2076 5458 hominum
2120 5419 2223 5456 na-

652 5508 856 5560 turam,
887 5514 1006 5567 quae
1045 5498 1272 5567 aequalis
1299 5506 1382 5552 est
1432 5497 1487 5550 in
1541 5494 1817 5561 erunibus,
1875 5510 1976 5549 nec
2015 5493 2229 5563 judieat

654 5605 722 5644 ex
779 5590 1157 5659 apparentiis,
1216 5588 1354 5643 alios
1404 5587 1625 5657 quidem
1693 5585 1853 5647 viles,
1905 5586 2043 5640 alios
2101 5601 2228 5640 vero

658 5678 944 5744 sublimes,
977 5679 1068 5733 Dei
1120 5678 1497 5735 benevolentia
1524 5678 1725 5750 dignus
1775 5677 2085 5737 habebitur,
2118 5693 2225 5731 non

657 5769 988 5843 iudicandus
1017 5770 1082 5827 dc
1115 5770 1350 5842 propriis
1392 5771 1653 5845 peccatis,
1686 5785 1805 5828 cum
1845 5768 1960 5842 ipse
1995 5769 2222 5829 aliorum

2386 3570 2473 3641 ιβ’.
2516 3571 2855 3641 Ἐπιθυμίαι
2898 3570 3135 3626 ἀσεϐῶν
3191 3572 3393 3627 κακαί.
3434 3570 3649 3641 Ἐπειδὴ
3676 3571 3731 3623 al
3767 3570 3875 3624 ἄλο-

2319 3680 2403 3732 γοι
2427 3666 2546 3717 κατ’
2568 3664 2866 3734 ἐπιθυμίαν
2891 3666 2984 3718 καὶ
3012 3664 3185 3734 θυμὸν
3209 3664 3441 3735 ὀρέξεις,
3461 3663 3570 3716 τῶν
3592 3663 3664 3731 μὴ
3688 3660 3876 3730 τιμών-

2318 3772 2425 3807 των
2459 3753 2524 3806 δι*
2558 3755 2877 3825 ἐμπράκτου
2942 3753 3197 3822 γνώσεως
3236 3755 3329 3807 τὸν
3377 3754 3533 3813 Θεὸν,
3598 3752 3871 3823 βλαϐεραί’

2319 3842 2394 3907 ὡς
2424 3843 2521 3904 τὰς
2558 3842 2700 3907 ἕξεις
2735 3842 2842 3896 τῶν
2885 3842 3096 3913 ἀρετῶν
3126 3842 3547 3914 λυμαινόμεναι.

2383 3953 2450 4005 Αἱ
2478 3950 2546 4004 δὲ
2566 3950 2719 4017 ῥίζαι
2750 3949 2868 4003 τῶν
2910 3950 3178 4004 εὐσεϐῶν
3225 3951 3298 4003 ἐν
3345 3944 3709 4019 ὀχυρώμασι.
3745 3949 3800 3999 Al
3828 3946 3875 3999 δὲ

2320 4041 2519 4109 πάγιαι
2544 4041 2686 4106 ἕξεις
2715 4041 2827 4093 τῶν
2861 4043 2982 4095 κατ’
3007 4040 3329 4111 ἔμπρακτον
3381 4040 3586 4109 γνῶσιν
3620 4039 3874 4109 τιμώντωθ

2321 4134 2474 4197 Θεὸν,
2516 4136 2573 4187 ἐν
2599 4134 2720 4196 ταῖς
2743 4131 2951 4185 τούτων
2985 4134 3130 4185 κατὰ
3154 4132 3332 4202 ψυχὴν
3363 4131 3724 4201 φυλακτικαῖς
3744 4129 3877 4182 δυνά-

2324 4242 2450 4296 μεσι
2478 4224 2719 4295 μονίμως
2750 4222 3059 4293 πεπηγυῖαί
3087 4224 3248 4276 εἰσιν.

2393 4338 2482 4401 ιγ’.
2507 4332 2586 4384 Δι’
2626 4331 2917 4399 ἁμαρτίας
2938 4332 3187 4399 χειλέων
3233 4331 3511 4399 ἐμπίπτει
3538 4332 3625 4395 είς
3650 4328 3881 4397 παγίδας

2322 4420 2687 4490 ἁμαρτωλός.
2718 4419 2827 4471 Καὶ
2850 4418 2960 4489 γὰρ
2991 4418 3083 4471 διὰ
3119 4420 3215 4489 μὲν
3246 4421 3344 4481 τὰς
3369 4417 3465 4471 τοῦ
3494 4418 3665 4485 ὅντως
3692 4416 3877 4483 ἀγαθοῦ

2323 4506 2625 4576 ἀποτυχίας
2652 4504 2762 4558 τῶν
2784 4508 2884 4576 τῆς
2925 4506 3103 4576 ψυχῆς
3146 4508 3450 4576 ὀρεκτικῶν
3478 4507 3781 4573 δυνάμεων,
3812 4501 3889 4566 αἷς

2325 4600 2403 4661 ὡς
2429 4599 2486 4650 ἐν
2510 4596 2714 4667 χείλεσι
2744 4595 3045 4666 φιλήματα,
3079 4599 3135 4649 αί
3166 4598 3294 4666 περὶ
3342 4598 3412 4650 τά
3450 4599 3663 4667 μάταια
3696 4612 3893 4666 παρυφο

2330 4691 2575 4742 ίστανται
2601 4687 2839 4757 σχέσεις,
2870 4686 3152 4741 ἁλίσκεται
3202 4690 3315 4751 τοῖς
3363 4687 3461 4741 τοῦ
3508 4688 3760 4741 διαϐόλου
3815 4687 3895 4756 θη-

2254 4781 2571 4874 ΙΓρέιτροις,
2623 4781 2655 4833 ὁ
2699 4780 2800 4850 τῆς
2853 4779 2963 4834 τῶν
3017 4781 3179 4835 θείων
3224 4780 3471 4846 ,ἐντολῶν
3510 4782 3897 4851 ἀποτυγχάνων

2326 4872 2472 4927 ὀδοῦ.

2411 4996 2709 5065 Ἐκςρεύγει
2746 4995 2815 5049 δὲ
2860 4995 2930 5059 ἐξ
2977 4996 3175 5051 αὐτῶν
3231 4996 3483 5062 δίκαιος.
3530 4995 3902 5065 Διαδιδράσκει

2326 5087 2384 5140 δέ
2412 5087 2479 5141 τὰ
2504 5085 2600 5140 τοῦ
2634 5085 2872 5158 πονηροῦ
2912 5085 3185 5157 θήρατρα,
3215 5087 3243 5136 ὁ
3275 5088 3415 5138 κατὰ
3473 5086 3677 5154 νόμους
3724 5085 3896 5147 θείους

2329 5178 2764 5248 πολιτευόμενος.

2404 5307 2467 5360 '0
2494 5306 2748 5371 βλέπων
2781 5304 2934 5368 λεῖα,
2989 5304 3407 5371 ἐλεηθήσει-ται.
3458 5305 3568 5359 Καὶ
3596 5307 3624 5358 ὁ
3653 5305 3754 5375 μὲν
3779 5304 3907 5357 ἀπο·

2330 5398 2550 5452 σκοπῶν
2582 5398 2724 5451 κατά
2754 5397 2881 5451 νοῦν
2896 5397 3050 5465 ’πρὸς
3074 5397 3167 5450 τὸν
3194 5396 3390 5467 ἐπίσης
3416 5397 3476 5450 ἐν
3499 5400 3670 5449 πᾶσιν
3701 5394 3908 5465 ἀνθρώ·

2330 5508 2455 5555 ποις
2494 5489 2868 5561 θεωρούμενον
2899 5488 2994 5541 ἕνα
3018 5487 3175 5553 λόγον
3196 5487 3295 5557 τῆς
3320 5486 3507 5540 αὐτῶν
3534 5486 3780 5555 φύσεως,
3821 5482 3909 5536 καὶ

2333 5582 2410 5653 μὴ
2444 5580 2643 5651 κρίνων
2674 5580 2739 5633 ἐκ
2770 5577 2866 5632 τοῦ
2896 5577 3244 5647 φαινομένου,
3270 5576 3399 5639 τοὺς
3423 5576 3545 5645 μὲν,
3580 5571 3870 5634 ταπεινούς
3890 5588 3905 5603 ·

2333 5674 2460 5736 τοὺς
2484 5672 2564 5735 δὲ,
2600 5670 2868 5742 ὑψηλοὺς,
2893 5671 2991 5740 τῆς
3025 5670 3181 5740 παρά
3201 5668 3339 5721 Θεοῦ
3362 5667 3717 5737 συμπαθείας
3746 5666 3903 5729 aiun-

2336 5766 2591 5822 θήσεται⁶
2635 5764 2712 5836 μὴ
2755 5762 3149 5834 κριθησόμενος
3199 5762 3288 5815 ἐπὶ
3324 5762 3439 5825 τοῖς
3495 5760 3693 5814 ἑαυτοῦ
3738 5774 3902 5827 παρετ
