4034 6530
123 399 244 458 l'i'tl

1160 383 1702 446 COMMENTARII
1739 383 1821 443 IN
1861 384 2320 446 PROVERBIA.

3269 377 3408 441 1342
3461 448 3465 452 ,

121 505 427 575 πτώμασιν,
463 502 594 556 ἐπεὶ
619 501 742 570 μηδ’
779 497 940 561 αὐτὸς
983 498 1048 552 τὰ
1086 497 1193 552 τῶν
1228 498 1405 552 ἄλλων
1455 498 1672 567 ἔκρινεν
1697 515 1709 526 ·

1863 510 2045 554 eccata
2087 517 2196 556 non
2256 499 2610 571 judicaverit,
2662 497 2759 554 sed
2818 512 3015 552 omnes
3062 495 3316 550 homines
3340 511 3410 551 ex

122 597 250 650 am
301 594 524 655 πάντας
567 589 893 659 ἀνθρώπους
937 585 997 651 ἐξ
1039 586 1158 639 ῐσου
1203 587 1478 656 ἠγάπησε,
1505 585 1592 638 διὰ
1617 585 1709 637 τὸν

122 674 223 742 ἓνα⁶
237 685 397 752 λόγον
430 683 539 752 τῆς
569 681 746 734 αὐτῶν
781 678 1020 748 φύσεως.

197 799 258 850 '0
282 795 352 848 δὲ
388 792 724 849 συναντῶν
755 791 825 844 ἐν
876 790 1120 855 πύλαις,
1163 777 1442 856 exustus;
1481 786 1711 855 ψυχάς.

134 892 190 945 Ὀ
210 889 266 943 δὲ
293 889 419 950 ταῖς
446 886 565 940 τῶν
597 881 834 944 πολλῶν,
865 881 1008 935 κατὰ
1034 880 1097 933 τὸ
1137 879 1490 950 φαινόμενον,
1531 877 1716 932 ἀνισό-

123 999 242 1055 τησι
271 981 395 1033 κατ’
455 977 717 1046 αἴσθησιν
751 973 1026 1036 ὑπαντῶν,
1069 975 1129 1026 ὲν
1162 975 1275 1035 τοῖς
1309 972 1473 1041 δίκην
1530 970 1717 1025 πυλῶν

127 1072 431 1142 πεφυκόσιν
463 1070 713 1135 εἰσάγειν
744 1067 882 1136 πρὸς
907 1065 1088 1135 ψυχὴν
1115 1064 1213 1126 τὰς
1237 1064 1348 1116 τῶν
1367 1061 1582 1133 ὁρατῶν
1600 1063 1719 1114 ὲπι-

129 1164 345 1236 φινείας
387 1158 802 1230 αἰσθητηρίοις,
839 1157 936 1209 κα)⁸
984 1155 1138 1225 παρὰ
1176 1153 1286 1207 τῶν
1311 1151 1569 1206 τοιούτων
1622 1151 1719 1204 ἀν-

133 1256 390 1326 ισοτήτων
418 1250 851 1322 ἐμποδιζόμενος
880 1247 1135 1318 διαϐῆναι
1161 1246 1300 1299 κατὰ
1318 1244 1444 1297 νοῦν
1469 1243 1606 1314 πρὸς
1629 1244 1721 1296 τὸν

133 1349 222 1398 ἕνα
245 1343 344 1412 τῆς
379 1342 498 1393 τῶν
528 1337 837 1409 ἀνθρώπων
866 1337 1083 1406 φύσεως
1124 1336 1304 1403 λόγον,
1337 1333 1581 1386 ὲκπιέσει
1618 1331 1724 1402 ψυ-

135 1440 248 1506 χὰς,
285 1432 577 1496 ἀκουσίοις
611 1434 796 1493 πόνοις
836 1430 1175 1500 ἀποσμήχων
1196 1427 1391 1490 αὑτὰς,
1417 1426 1563 1480 κατὰ
1585 1442 1724 1494 συμ-

137 1525 390 1594 ϐεϐηκὸς,
423 1521 527 1576 τοῦ
560 1522 735 1595 ῥύπου
765 1522 873 1574 τῶν
911 1518 1318 1591 ἡμαρτημένων
1341 1519 1532 1578 αὑταῖς
1559 1531 1573 1545 °
1600 1515 1724 1568 ἀκό-

135 1617 314 1670 λουθον
335 1615 394 1666 δὲ
411 1615 637 1677 πάντως
661 1613 919 1684 κριθῆναι
943 1613 1038 1664 καὶ
1061 1611 1270 1672 τοῦτον,
1292 1609 1480 1680 ἐπειδὴ
1503 1609 1687 1678 ἔκρινε
1709 1621 1724 1636 ο

141 1709 229 1761 καὶ
265 1710 407 1759 πιεῖν
439 1705 551 1758 τῶν
582 1703 678 1756 τοῦ
704 1703 838 1756 Θεοῦ
867 1703 1161 1773 κριμάτων
1191 1701 1252 1754 τὸ
1292 1700 1558 1770 ἀψίνθιον,
1592 1698 1730 1769 πρὸς

143 1798 406 1868 κάθαρσιν
437 1795 552 1848 τῶν
595 1793 1005 1866 ἡμαρτημένων
1035 1791 1203 1864 αὐτῷ.

209 1907 287 1960 ιδ’.
333 1907 472 1960 Ἀπὸ
505 1906 755 1973 καρπῶν
776 1905 1097 1972 στόματος,
1116 1901 1288 1971 ψυχὴ
1314 1900 1536 1967 ἀνδρὸς
1572 1905 1727 1966 πλη-

147 1999 434 2064 σθήσεται
465 1995 732 2067 ἀγαυῶν.
769 1997 878 2048 Καὶ
905 1999 968 2048 ἐκ
1000 1995 1098 2064 μὲν
1142 1994 1250 2046 τῶν
1283 1992 1564 2063 τροφίμων
1591 1990 1733 2043 κατὰ

149 2093 315 2161 ψυχὴν
341 2090 526 2158 λόγων
558 2089 656 2158 τῆς
705 2086 1056 2149 διδασκαλίας
1091 2086 1184 2138 τοῦ
1225 2085 1296 2136 τὰ
1347 2085 1464 2136 θεῖα
1513 2085 1732 2145 πάντως

152 2183 425 2251 θελήματα
457 2179 943 2248 καταγγέλλοντος,
968 2182 1002 2249 ἡ
1025 2177 1172 2248 ψυχὴ
1195 2177 1289 2230 τοῦ
1315 2176 1454 2228 κατὰ
1485 2175 1599 2230 τῶν
1626 2192 1732 2227 πα-

156 2277 253 2329 θῶν
282 2277 698 2346 ἁνδριζομένου,
728 2273 1150 2343 πληρωθήσεται
1177 2271 1414 2344 ἀρετῶν.

229 2385 646 2453 Ἀνταπόδομα
661 2383 729 2436 δὲ
740 2381 1189 2451 χειλέωναῠτοῦ
1209 2381 1530 2446 δοθήσεται
1550 2378 1732 2444 αὐτῷ.

168 2479 498 2547 Ἀντιμισθία
527 2477 584 2528 δὲ
617 2475 716 2544 τῆς
744 2476 955 2543 ἀγαθῆς
988 2473 1181 2526 τούτου
1222 2473 1575 2535 διδασκαλίας
1632 2487 1739 2524 πα-

161 2571 555 2639 ρασχεθήσεται
573 2568 721 2638 αὐτῷ
747 2567 897 2638 παρὰ
918 2566 1014 2620 τοῦ
1049 2565 1452 2637 μισθαποδότου
1477 2563 1638 2629 Θεοῦ,
1657 2564 1741 2616 ὅτι

162 2663 332 2730 ἐξάγει
356 2662 516 2726 ἄξιον
548 2661 610 2725 ἐξ
635 2661 878 2726 ἀναξίου.

227 2770 302 2823 ιε’.
348 2769 516 2825 Ὀδοί
546 2770 824 2840 ἀφρόνων
844 2768 1010 2838 ὀρθαὶ
1064 2767 1327 2821 ἐνώπιον
1375 2763 1597 2818 αὐτῶν.
1631 2765 1744 2816 Καὶ

165 2862 224 2916 τὰ
250 2863 343 2933 μὲν
374 2860 518 2932 ἔργα
543 2859 652 2912 τῶν
681 2859 1063 2930 ὲστερημένων
1099 2859 1440 2929 φρονήσεως,
1495 2857 1744 2928 ἀπαρέγ-

166 2959 314 3010 κλιτα
335 2956 431 3010 τοῦ
485 2955 695 3025 ἀγαθοῦ
751 2954 1001 3008 δοκοῦσιν
1050 2956 1236 3016 αὐτοῖς
1257 2970 1269 2982 ο
1291 2953 1368 3016 ὡς
1394 2955 1612 3014 ἑαυτοῖς
1649 2969 1744 3004 πι-

171 3048 436 3113 στεύουσι,
479 3048 582 3102 καὶ
623 3046 698 3117 μὴ
731 3045 1146 3114 ἀνατιθεμένοις
1168 3044 1236 3096 τὰ
1270 3045 1479 3099 ἑαυτῶν
1537 3043 1747 3112 ἑτέροις

169 3138 434 3207 ἐχέφροσι,
476 3136 602 3207 μηδ’
631 3133 1000 3188 ὑπακούουσιν
1041 3132 1248 3194 αὐτοῖς.

230 3246 552 3300 Εἰσακούει
592 3242 662 3296 δὲ
721 3242 1103 3311 συμϐουλίας
1159 3240 1372 3308 σοφός.
1451 3235 1750 3291 ’Υπακούει

171 3337 222 3389 δὲ
247 3336 474 3403 ἀγαθαῖς
510 3334 840 3402 ὑποθήκαις,
870 3332 898 3382 ὁ
921 3330 1078 3393 εἰδὼς
1102 3330 1185 3381 ὅτι
1218 3327 1466 3397 φυσικῶς
1492 3316 1752 3397 πρόσκει-

174 3447 254 3482 ται
297 3429 402 3491 πᾶς
457 3429 577 3489 τοῖς
609 3425 856 3488 οἰκείοις,
881 3422 986 3476 κᾶν
1020 3422 1093 3492 μὴ
1121 3417 1223 3475 ὦσι
1254 3421 1416 3475 καλά’
1453 3419 1753 3474 κάντεῦθεν

177 3519 381 3590 ἐτέρους
409 3517 686 3572 καθιστῶν
718 3515 830 3568 τῶν
877 3514 1096 3567 οἰκείων
1144 3513 1533 3583 βουλευμάτων
1564 3511 1756 3576 ἐξετα-

180 3612 318 3675 στὰς,
345 3612 646 3681 μήτοωςείς
676 3607 831 3661 κενὸν
861 3607 1032 3678 τρέχῃ
1059 3605 1090 3677 ἢ
1120 3605 1379 3676 ἔδραμεν.

245 3726 334 3783 ις’.
371 3722 635 3788 Ἀερρων,
660 3715 1003 3783 αὐθημερὸν
1042 3711 1394 3782 ἐξαγγέλλει
1427 3710 1620 3782 ὀργὴν
1649 3713 1757 3765 αὐ-

182 3810 299 3865 τοῦ.
328 3813 482 3864 Καὶὸ
515 3809 613 3880 μὲν
637 3808 713 3879 μὴ
745 3807 890 3878 λόγῳ
918 3807 1136 3876 κρατῶν
1172 3805 1268 3858 τοῦ
1305 3804 1502 3872 θυμοῦ,
1537 3804 1652 3872 ἅμα
1681 3802 1760 3874 τῷ

1817 607 1976 662 aequo
2016 593 2291 657 dilexerit,
2335 607 2442 646 una
2470 593 2688 646 ratione
2724 589 2910 646 babita
2948 598 3162 644 natura:
3187 602 3404 642 eorum.

1895 798 2003 864 Qui
2034 807 2227 859 autem
2273 797 2501 852 occurrit
2549 795 2604 850 in
2655 795 2859 864 portis,
2903 791 3114 848 vexabit
3172 789 3406 848 animas.

1824 890 1929 955 Qui
1957 897 2144 944 autem
2175 896 2474 943 notaturus
2527 892 2857 956 apparentes
2897 883 3141 953 plurium
3167 881 3408 948 inaequa-

1825 977 2286 1042 litates,oceurrit
2309 978 2364 1030 in
2384 975 2644 1031 sensibus
2674 974 2830 1042 quasi
2865 970 3038 1040 portis
3073 967 3142 1024 ad
3171 969 3410 1022 anintam

1827 1065 2163 1119 ducentibus
2181 1063 2482 1118 visibilium
2509 1077 2691 1116 rerum
2715 1061 2950 1130 species,
2978 1056 3139 1126 etqui
3170 1055 3257 1110 bis
3285 1054 3415 1107 ina:-

1827 1160 2196 1232 qualitatibus
2224 1157 2528 1227 impeditur
2568 1172 2637 1210 ne
2667 1161 2848 1208 metue
2882 1159 3142 1220 assurgat
3177 1149 3243 1202 ad
3281 1161 3414 1201 con-

1809 1250 2217 1310 .siderationem
2281 1249 2448 1301 unius
2509 1245 2795 1300 hominum
2850 1251 3092 1303 natura},
3142 1236 3415 1308 opprimet

1832 1340 2068 1402 animas,
2103 1335 2304 1389 invitas
2350 1331 2688 1401 extergendo
2717 1330 2888 1398 ipsas,
2920 1334 2981 1379 ut
3014 1325 3194 1388 decet,
3233 1339 3263 1376 a
3295 1336 3416 1377 sor-

1833 1430 1998 1485 dibus
2035 1435 2382 1498 peccatorum
2417 1437 2681 1486 suorum;
2725 1427 2780 1473 et
2813 1431 3161 1486 consequens
3190 1413 3417 1468 omnino

1835 1535 1917 1579 est
1942 1521 2176 1591 judicari
2205 1534 2350 1581 eum,
2391 1516 2652 1586 quoniam
2695 1511 2988 1580 judicavit,
3021 1517 3084 1562 et'
3115 1505 3302 1560 bibere
3332 1503 3417 1556 di—

1836 1615 2085 1667 vinorum
2116 1610 2456 1679 judiciorum
2488 1603 2861 1667 absinthium,
2904 1609 2963 1655 ut
2992 1597 3313 1670 puriﬁcetur
3351 1609 3418 1647 ao

1838 1704 1925 1760 bis
1961 1718 2083 1773 qua:
2121 1701 2176 1754 in
2217 1699 2385 1755 Deum
2421 1697 2696 1768 peccavit.

1912 1904 2081 1958 Vens.
2105 1900 2192 1954 li.
2231 1898 2302 1953 De
2338 1896 2600 1967 fructibus
2635 1895 2764 1958 oris,
2785 1893 2968 1946 anima
2989 1891 3090 1947 uiri
3121 1886 3426 1958 implebitur

1835 1995 2004 2049 bonis.
2037 1993 2100 2045 Et
2117 2007 2180 2046 ex
2201 1988 2570 2043 nutrientibus
2589 1987 2828 2039 animam
2849 1981 3202 2038 sermonibus
3223 1977 3424 2032 doctri-

1835 2101 1919 2140 nae
1948 2084 2070 2153 ejus
2110 2084 2201 2152 qui
2227 2079 2471 2135 divinam
2497 2078 2834 2132 voluntatem
2885 2071 3176 2127 annuntiat
3200 2109 3215 2132 ,
3239 2067 3422 2122 anima

1835 2180 1956 2246 ejus
1985 2177 2078 2247 qui
2115 2190 2210 2246 per
2263 2172 2550 2244 passiones
2593 2167 2914 2230 invalescit,
2959 2160 3279 2234 implebitur
3306 2158 3422 2212 vir-

1837 2270 2075 2324 tutibus.

1912 2376 2207 2432 Retributio
2231 2372 2492 2426 [abierunt
2520 2368 2634 2438 eius
2669 2366 2889 2420 dabitur
2914 2365 2982 2417 ei.
3015 2355 3430 2415 Remttneratio—

1841 2489 1964 2528 nem
1997 2485 2123 2524 vero
2175 2467 2336 2520 bona:
2378 2477 2489 2517 sum
2527 2461 2792 2514 doctrina;
2844 2453 3066 2508 habebit
3111 2453 3224 2512 ille,
3277 2464 3307 2502 a
3338 2463 3430 2502 re-

1843 2571 2201 2617 muneratore
2224 2555 2358 2619 Deo,
2387 2568 2510 2607 cum
2539 2553 2791 2606 secernet
2815 2545 3044 2615 dignum
3073 2542 3144 2598 ab
3174 2539 3427 2609 indigno.

1917 2754 2191 2814 VensJS.
2234 2754 2347 2808 Via;-
2381 2749 2745 2821 insipientium
2777 2756 2932 2801 recta:
2974 2757 3154 2797 coram
3182 2738 3336 2809 ipsis.
3371 2733 3432 2788 Et

1847 2867 2008 2921 opera
2062 2861 2252 2904 eorum
2310 2845 2404 2914 qui
2467 2856 2630 2897 sensu
2685 2838 2988 2899 orbantur,
3054 2829 3435 2898 irreprehensa

1847 2919 2103 2994 videntur
2130 2935 2287 3006 ipsis,
2327 2932 2454 3002 quia
2485 2931 2586 2984 sibi
2620 2927 2814 2989 fidunt,
2841 2938 2942 2977 nec
2967 2937 3065 2975 sua
3103 2919 3437 2973 submittunt

1851 3033 1975 3088 aliis
2015 3029 2146 3085 viris
2188 3021 2564 3096 prudentibus,
2601 3017 2803 3088 quibus
2838 3012 3119 3069 obediaut.

1927 3249 2164 3307 Exaudit
2235 3254 2410 3299 autem
2465 3241 2692 3297 consilia
2728 3239 2963 3308 sapiens.
3020 3232 3216 3290 Obedit
3282 3227 3443 3284 bonis

1857 3340 2140 3402 consiliis,
2165 3337 2258 3406 qui
2288 3335 2394 3390 scit
2424 3332 2746 3387 naturaliter
2789 3327 3068 3382 adhaerere
3091 3338 3284 3379 omnes
3303 3321 3443 3380 suis,

1854 3431 2066 3488 etiamsi
2109 3443 2217 3482 non
2264 3424 2450 3488 bonis,
2492 3431 2547 3478 et
2595 3421 2734 3476 alios
2770 3417 3062 3474 constituit
3095 3414 3442 3486 propriarum

1861 3524 2040 3594 ipsius
2099 3516 2499 3587 cogitationum
2557 3513 2940 3583 inspectores,
2996 3522 3066 3562 ne
3118 3506 3173 3560 in
3212 3517 3445 3559 vacuum

1866 3620 2051 3672 currat
2081 3619 2175 3664 aut
2201 3604 2537 3664 cucurrerit.

1932 3723 2098 3776 Vens.
2155 3715 2243 3771 16.
2288 3711 2626 3780 Imprudens,
2674 3707 2851 3762 eadem
2883 3706 2969 3760 die
3019 3703 3259 3759 enuntiat
3309 3702 3450 3755 iram

1861 3829 2038 3867 suam.
2063 3807 2128 3861 Et
2151 3807 2241 3876 qui
2276 3819 2383 3858 non
2410 3801 2623 3856 ratione
2641 3812 2869 3867 compos
2901 3803 2984 3850 est
3008 3796 3100 3848 irae
3131 3808 3263 3855 suae,
3286 3789 3450 3846 simul

182 3901 358 3956 τοῦτον
387 3904 467 3966 εἰς
496 3901 668 3972 ὀργὴν
707 3899 1022 3970 κινηθῆναι,
1053 3897 1308 3968 ἐκφαίνει
1366 3895 1555 3962 αὑτὸν,
1591 3897 1640 3948 εἰ
1670 3895 1744 3948 δύ·

1864 3919 1928 3956 ac
1960 3902 2012 3954 in
2064 3901 2200 3954 iram
2233 3901 2505 3956 movetur,
2553 3890 2872 3952 manifestat
2915 3902 3059 3951 eam,
3105 3885 3356 3948 actibus,
3406 3883 3451 3936 si

185 4009 329 4051 ναται
351 3992 563 4064 ἔργοις,
595 3991 700 4044 εἴτ’
725 3989 818 4044 οὖν
854 3991 1057 4058 λόγοις.

251 4106 506 4170 Κρύπτει
535 4100 606 4154 δὲ
657 4100 774 4168 τὴν
817 4099 1039 4154 ἑαυτοῦ
1087 4100 1333 4169 ἀτιμίαν
1391 4099 1762 4167 πανοῦργος.

190 4194 294 4258 Οὔκ
321 4197 380 4263 ἐᾷ
423 4196 486 4248 δὲ
511 4193 636 4247 οὕτε
664 4193 846 4264 ἔργοις
870 4191 996 4244 οὔτε
1035 4191 1141 4263 μὴν
1168 4191 1349 4260 λόγοις
1379 4191 1768 4262 φανερωθῆναι

190 4285 254 4339 τὰ
268 4287 563 4358 ἀτιμοποιὰ
579 4285 749 4357 πάθη.
774 4302 847 4354 φη
857 4285 916 4354 μὶ
929 4284 994 4355 δὴ
1017 4283 1116 4355 τὴν
1136 4284 1292 4339 ἐπιθυ
1303 4285 1430 4356 μίαν
1455 4284 1655 4339 καὶτὸν
1681 4282 1772 4336 ἔκ-

1864 3993 2062 4065 possit,
2105 3998 2199 4042 aut
2233 3985 2603 4045 sermonibus.

1939 4104 2227 4161 Abscondit
2260 4111 2435 4155 autem
2465 4095 2926 4152 inhonorationem
2959 4090 3040 4144 vir
3070 4093 3302 4140 astutus.
3337 4080 3455 4136 Non

1871 4199 1999 4252 sinit
2039 4211 2216 4263 neque
2239 4193 2454 4248 actibus
2499 4203 2678 4257 neque
2713 4188 2848 4254 ipsis
2899 4178 3250 4238 sermonibus
3284 4173 3456 4226 uani-

1876 4289 2063 4345 festari
2096 4288 2491 4342 iuhonorautes
2542 4279 2900 4349 cupiditates,
2949 4266 3456 4340 concupiscentiam

191 4377 327 4434 δικον
341 4356 545 4449 ταύτης
571 4356 764 4448 θυμὸν,
783 4379 812 4430 ὁ
864 4378 1042 4430 πάντα
1069 4380 1328 4447 πράττων
1360 4377 1495 4447 μετὰ
1515 4374 1743 4444 περισκέ

1876 4384 2000 4438 dico
2043 4389 2098 4435 et
2141 4378 2304 4446 hujus
2338 4375 2590 4429 ultricem
2631 4373 2807 4432 iram,
2852 4367 2945 4436 qui
2977 4363 3162 4420 omnia
3195 4375 3320 4414 cum
3345 4356 3457 4409 cir-

191 4468 327 4536 ψεως
352 4487 366 4500 ·
405 4470 556 4553 λόγῳ
583 4468 790 4522 τούτων
819 4467 1075 4539 κρατῶνξ,
1110 4468 1215 4533 ἕως
1243 4468 1309 4522 ἂν
1331 4468 1585 4539 νεκρώσῃ
1609 4466 1772 4520 αὑτά.

261 4667 341 4733 ιζ’.
410 4667 944 4737 Ἐπιδεικνυμένην
1007 4662 1214 4722 πίστιν
1264 4667 1625 4737 ἀναγγέλλει
1675 4666 1763 4721 δί-

197 4759 494 4828 ιιαιοςχΚαὶ
519 4760 932 4829 φανερουμένην
969 4759 1069 4828 μὲν
1096 4757 1356 4828 δι’ἐργων
1387 4759 1484 4828 τὴν
1516 4759 1596 4821 εἰς
1629 4759 1765 4812 Θεὸν

197 4845 348 4900 αὐτοῦ
379 4849 566 4902 πίστιν
595 4846 965 4917 ἁνακηρύττει
1016 4848 1044 4899 ὁ
1073 4847 1378 4917 ἀμέμπτως
1411 4848 1771 4916 πολιτευόμεο

199 4952 300 5000 νος,
362 4939 436 5003 ὠς
475 4941 571 4993 καὶ
632 4939 693 4992 οὐ
730 4937 960 5010 νεκρὰν,
1011 4937 1146 4992 ἀλλὰ
1194 4937 1372 5003 ζῶσαν
1434 4940 1772 5009 κεκτημένος

202 5027 381 5098 αὑτήν.

279 5134 330 5187 '0
356 5136 423 5190 δὲ
440 5136 673 5208 μάρτυς
707 5136 829 5192 τῶν
856 5137 1103 5202 ἀδίκων,
1135 5137 1360 5203 δόιῑιος.
1378 5138 1434 5191 ’0
1455 5138 1512 5192 δὲ
1540 5137 1774 5207 βεὸαιῶν

206 5225 375 5295 ἔργοις
391 5231 458 5283 τὰ
481 5232 628 5301 παρὰ
642 5229 742 5301 τὴν
768 5229 937 5299 ὀρθὴν
961 5230 1146 5300 κρίσιν
1176 5229 1371 5281 ἑαυτοῦ
1400 5229 1772 5300 βουλεύματα,

205 5317 262 5367 τὸ
292 5319 526 5392 καθαρὸν
570 5321 669 5391 τῆς
698 5320 938 5383 πίστεως
975 5321 1410 5391 καταρρυπαίνει
1439 5324 1554 5386 τοῖς
1603 5322 1775 5377 πάθε-

211 5423 309 5463 σιν.

273 5536 360 5609 ιη’.
390 5541 565 5596 Εἰσὶν
593 5541 650 5594 οἳ
675 5541 962 5611 λέγοντες
981 5538 1423 5607 τιτρώσκουσιν
1451 5540 1532 5604 ὡς
1555 5539 1777 5610 μάχαι-

205 5643 317 5703 ραι.
349 5632 454 5688 Καὶ
512 5633 822 5702 ὑπάρχουσι
859 5633 956 5702 μὲν
991 5632 1192 5694 οἵτινες
1255 5632 1572 5702 ὁμιλοῦντες
1609 5633 1780 5701 μηδὲν

213 5716 494 5788 εἰρηνικὸν,
532 5721 968 5794 πλήττουσιτοὺς
993 5722 1294 5785 ἀκούοντας
1307 5722 1394 5775 διὰ
1415 5721 1525 5775 τῶν
1561 5722 1778 5774 οἰκείων

216 5807 482 5883 ῥημάτων,
504 5811 578 5889 ὼς
600 5812 666 5865 δι’
693 5813 870 5866 ὅπλων
892 5814 948 5864 ἐν
971 5814 1116 5888 μάχῃ
1146 5813 1453 5885 αὲροειένων
1484 5811 1616 5882 πρὸς
1637 5813 1776 5884 ἄμυ-

1879 4468 2295 4539 cumspectione
2323 4466 2455 4533 agit,
2488 4475 2614 4515 cum
2644 4459 2854 4512 ratione
2879 4469 3070 4510 carum
3111 4462 3336 4517 compos
3363 4444 3459 4510 sit,

1804 4539 1846 4594 θ
1877 4564 2054 4619 donec
2083 4557 2496 4614 mortiﬁcaverit
2527 4570 2642 4609 eas.

1945 4671 2111 4726 Vens.
2143 4669 2231 4723 l7.
2263 4666 2488 4720 Planum
2517 4660 2674 4731 ﬁdem
2709 4655 2989 4712 annuntiat
3009 4653 3211 4723 justus.
3241 4647 3309 4702 Et
3334 4663 3450 4701 ma-

1878 4763 2188 4820 nil‘estatam
2221 4773 2316 4828 per
2341 4770 2506 4826 opera
2532 4753 2690 4808 Iidem
2712 4765 2868 4806 suam
2899 4749 2954 4802 in
2990 4748 3153 4800 Deum
3176 4743 3463 4797 annuntiat

1877 4857 1970 4928 qui
2007 4851 2557 4923 irrepreltensibiliter
2601 4863 2663 4904 se
2706 4847 2866 4918 gerit,
2914 4845 3044 4916 quia
3077 4857 3188 4896 non
3216 4847 3460 4902 mortua,

1880 4949 1976 5006 sed
2015 4947 2138 5002 viva
2167 4945 2243 5000 illi
2277 4952 2382 5000 est.

1955 5131 2129 5187 Testis
2161 5139 2337 5184 autem
2372 5127 2717 5194 iuiustorum,
2753 5121 2992 5178 dolosas.
3029 5117 3133 5186 Qui
3177 5131 3311 5173 vero
3339 5129 3467 5185 ope-

1884 5225 2038 5280 ribus
2117 5221 2406 5275 conﬁrmat
2505 5217 2744 5289 cogitata
2811 5229 2910 5269 sua
2973 5213 3183 5282 [contra
3258 5216 3466 5263 rectum

1879 5311 2186 5387 judicium,
2235 5309 2360 5364 ﬁdei
2419 5308 2709 5379 puritatem
2772 5301 3166 5374 cupiditatibus
3213 5297 3330 5356 suis
3380 5297 3470 5351 in-

1884 5404 2100 5475 quinat.

1965 5531 2134 5587 Vens.
2164 5529 2251 5585 18.
2292 5527 2429 5584 Sunt
2449 5526 2537 5597 qui
2557 5524 2788 5581 dicentes
2819 5521 3097 5576 vulnerant
3117 5520 3257 5573 sicut
3289 5533 3460 5573 enses.

1887 5625 2119 5692 Quidam
2141 5621 2375 5691 suntqui
2402 5619 2535 5674 nihil
2553 5617 2835 5688 pacilicum
2853 5600 3250 5683 colloquentes,
3272 5611 3471 5666 feriunt

1892 5715 2192 5774 audientes
2215 5714 2331 5768 suis
2355 5711 2740 5773 sermonibus,
2783 5705 2945 5778 quasi
2979 5705 3150 5760 armis
3195 5704 3250 5758 in
3287 5719 3466 5774 pugna

1892 5807 2124 5878 sumptis
2149 5805 2214 5861 ad
2239 5803 2608 5860 defensionem
2631 5802 2803 5873 aequis
2837 5817 2851 5866 ;
2887 5798 3093 5856 feriunt
3111 5809 3294 5855 autem
3322 5795 3467 5861 illos,
