4034 6504
632 366 766 429 mit

1938 364 2287 427 I’HOCOPII
2328 365 2572 427 GAZzE‘I

3774 371 3909 434 ιλιι

626 488 876 555 ipsorum
902 485 1117 541 animas
1142 484 1426 541 turbando
1450 499 1518 541 eo
1546 485 1695 542 ouod
1739 484 2021 543 nesciatur
2040 486 2195 556 cujus

2307 503 2405 539 ναν
2432 488 2746 543 ἀντιπάλων
2766 503 2780 518 ·
2813 487 3113 556 πλήττουσι
3139 486 3197 541 δὲ
3215 487 3432 553 αὐτοὺς,
3462 490 3907 559 ὲκτιράσαοντες

625 578 854 647 spiritus
889 576 1022 632 sint.

694 761 915 833 Lingua:
944 763 1239 831 sapientum
1282 773 1499 819 sanant.
1542 763 1839 821 Sermones
1864 775 2047 821 autem
2105 783 2204 822 eo-

622 869 744 908 rum
775 855 869 923 qui
906 864 1111 911 norunt
1135 857 1282 926 quod
1318 857 1531 926 paciﬁci
1562 858 1790 927 spiritus
1816 868 1969 923 sunt,
2016 875 2081 914 ex
2136 875 2203 914 eo

622 941 767 1010 quod
803 944 961 997 dilati
992 943 1201 1000 fuerint
1228 947 1404 1015 gratia
1428 947 1569 1015 ejus.
1595 957 1649 1003 et
1675 948 1770 1017 qui
1806 950 2063 1004 turbatas
2082 951 2203 1003 ani-

622 1048 741 1087 mas
772 1036 956 1090 verbis
980 1037 1226 1102 paciﬁcis
1261 1038 1485 1105 sedant,
1523 1040 1591 1095 de
1621 1041 1911 1097 curatione
1950 1041 2063 1097 illis
2080 1055 2205 1098 con-

620 1124 872 1179 veniente
891 1125 1169 1193 iudicant.

691 1231 856 1289 Vens.
882 1235 968 1290 i9.
1005 1235 1176 1290 Labia
1196 1240 1403 1293 veracia
1437 1239 1674 1311 dirigunt
1706 1242 2083 1297 testimonium.
2113 1242 2203 1299 Et-

617 1326 763 1379 enim
792 1343 1074 1385 sermones
1109 1330 1399 1401 sapientiae
1420 1349 1563 1389 verre
1582 1343 1638 1388 et
1660 1336 1946 1390 veritatem
1967 1351 2075 1390 non
2103 1338 2204 1399 ﬁn-

617 1418 819 1485 gentis,
841 1418 1124 1487 injudicio
1146 1423 1479 1493 dispensati,
1499 1425 1554 1479 in
1585 1427 1743 1481 linem
1770 1436 1935 1496 agunt
1953 1428 2203 1483 veritatis

617 1511 1275 1576 contirmationem,bona
1312 1516 1573 1571 methodo
1612 1518 1955 1574 audientium
1986 1521 2201 1577 animos

616 1600 682 1653 ad
722 1603 1114 1672 plenitudinem
1144 1608 1395 1664 veritatis
1425 1618 1670 1681 agentes.

695 1803 867 1861 Testis
899 1817 1075 1863 autem
1108 1810 1246 1865 citus
1294 1814 1535 1881 linguam
1572 1815 1728 1869 habet
1780 1816 2061 1885 injustam.
2094 1820 2196 1886 Qui
2233 1837 2275 1896 Β

615 1904 796 1950 autem
847 1900 1134 1955 veritatem
1193 1906 1504 1967 annuntiat,
1546 1906 1866 1975 priusquam
1914 1909 2203 1980 disposue-

614 1987 687 2038 rit
729 1988 783 2040 in
822 1988 1031 2056 judicio
1061 2007 1344 2049 sermones
1383 2010 1514 2049 suos
1561 1998 1626 2050 ad
1672 1997 1931 2068 gaudium
1965 2010 2018 2055 et
2051 2003 2204 2056 utili-

614 2085 781 2130 tatem
815 2080 1182 2146 audienlium,
1222 2086 1390 2150 utqui
1435 2085 1624 2139 divina
1672 2103 1779 2142 non
1821 2090 2047 2160 cogitat,
2072 2093 2200 2161 quia

610 2164 814 2221 fratres
850 2183 981 2224 suos
1005 2185 1114 2223 non
1146 2172 1345 2240 diligit,
1382 2173 1478 2226 sed
1512 2188 1635 2230 sese
1684 2184 1948 2239 ostentat,
1983 2179 2109 2247 quia
2133 2179 2202 2233 ab

610 2254 933 2313 hominibus
969 2258 1156 2327 justus
1186 2260 1375 2315 haberi
1410 2262 1549 2327 vult,
1588 2263 1683 2320 ille
1710 2266 1875 2320 verba
1916 2267 2124 2338 profert
2144 2269 2199 2324 in

610 2345 871 2401 damnum
899 2348 1264 2405 audientium.

685 2546 853 2604 Vens.
880 2550 972 2605 20.
1000 2550 1164 2605 Dolus
1190 2554 1244 2605 in
1267 2556 1426 2609 corde
1451 2556 1770 2625 fabricantis
1786 2562 1949 2616 mala.
1969 2562 2033 2615 Et
2056 2579 2200 2619 com-

610 2640 797 2693 mistiu
831 2643 1051 2709 quidem
1104 2647 1430 2716 passionum
1469 2650 1520 2703 in
1557 2652 1743 2706 anima
1785 2655 1906 2725 ejus
1940 2657 2030 2725 qui
2063 2674 2199 2728 ope-

608 2741 767 2786 ratur
814 2736 1045 2790 consilia
1106 2739 1296 2804 mala;
1341 2756 1467 2810 qum
1516 2746 1828 2800 commistio
1877 2748 2079 2803 anima:
2129 2753 2195 2805 ad

611 2823 910 2894 imaginem
944 2825 1036 2882 Dei
1063 2839 1261 2885 creatae
1288 2833 1583 2901 puritatem
1619 2839 1945 2909 corrumpit.

680 2952 789 3018 Qui
820 2966 994 3009 autem
1024 2957 1207 3013 volunt
1231 2976 1440 3029 pacem,
1481 2964 1827 3025 ltetabuntur.
1874 2970 1976 3037 Qui
2007 2982 2189 3030 autem

606 3046 834 3101 solliciti
859 3058 987 3104 sunt
1018 3051 1242 3108 liberari
1272 3070 1301 3108 a
1328 3057 1710 3126 passionibus,
1731 3062 2049 3133 gaudebunt
2070 3083 2191 3124 ere-

606 3144 732 3204 ptos
761 3152 821 3192 se
848 3139 916 3193 ab
944 3142 1143 3197 animae
1190 3145 1453 3211 periculis
1488 3159 1542 3204 et
1575 3152 1773 3208 salutis
1812 3158 2017 3225 potitos
2048 3175 2061 3211 :
2093 3160 2187 3230 qui
2208 3184 2265 3243 θ

604 3226 749 3281 enim
777 3230 996 3297 quaerit,
1031 3232 1257 3299 invenit,
1282 3246 1337 3291 et
1373 3239 1615 3306 pulsanti
1644 3243 1949 3312 aperietur.

676 3426 840 3483 Vens.
869 3427 961 3484 2|.
1002 3431 1121 3485 Non
1162 3434 1388 3501 placebit
1411 3438 1561 3506 justo
1594 3441 1884 3509 quidquam
1904 3445 2188 3516 injustam.

601 3518 719 3575 Non
766 3522 968 3578 bonum
1006 3527 1284 3582 videbitur
1328 3530 1378 3585 ei
1439 3533 1533 3603 qui
1586 3534 1744 3601 juxta
1785 3537 1930 3609 leges
1972 3540 2191 3602 divinas

602 3624 662 3664 se
692 3612 852 3681 regit,
895 3630 964 3669 ne
993 3631 1160 3670 unum
1195 3619 1412 3687 quidem
1442 3637 1506 3677 ex
1540 3624 1626 3682 his
1660 3642 1782 3695 quae
1805 3632 2047 3701 suggerit
2084 3635 2189 3707 ipsi

601 3702 778 3757 malus
804 3713 996 3759 contra
1024 3706 1208 3763 divina
1250 3712 1524 3769 mandata.

673 3852 830 3921 Impii
857 3865 1035 3910 autem
1084 3859 1438 3926 implebantur
1479 3868 1659 3923 malis.
1710 3869 1813 3937 Qui
1855 3870 2023 3931 Deum
2080 3892 2188 3934 non

600 3947 791 3999 colunt
842 3964 935 4017 per
956 3966 1123 4018 opera
1157 3951 1407 4022 justitiae,
1436 3958 1809 4030 implebuntur
1839 3968 2188 4037 passionibus

600 4035 933 4102 ignominiaa.

675 4144 836 4202 Vens.
878 4150 964 4204 22.
1030 4151 1372 4210 Abominatio
1428 4157 1536 4214 Deo
1580 4162 1727 4218 labia
1772 4168 2072 4223 mendacia.
2121 4170 2188 4227 Et

599 4241 795 4293 avertit
849 4258 907 4297 se
971 4244 1214 4300 omnium
1280 4247 1545 4311 Dominus
1588 4269 1620 4309 a
1676 4256 1761 4311 sui
1813 4258 2183 4324 confessione.

597 4348 720 4409 quae
771 4350 865 4403 per
910 4350 1076 4407 opera
1126 4338 1354 4408 justitice
1400 4358 1525 4400 .non
1578 4345 1960 4417 conﬁrmatur,
2025 4356 2185 4424 quasi

599 4433 816 4479 tnortua
850 4428 942 4483 sit.

666 4554 773 4621 Qui
808 4566 982 4613 autem
1026 4561 1157 4630 facit
1200 4562 1380 4632 ﬁdem,
1432 4577 1677 4637 acceptus
1715 4571 1859 4641 apud
1903 4589 2040 4628 eum.
2073 4574 2177 4643 Qui

596 4658 778 4700 autem
838 4651 1133 4719 perfectam
1207 4656 1261 4709 in
1317 4655 1486 4711 Deum
1519 4659 1678 4714 tidem
1736 4662 1916 4725 habet.
1986 4681 2182 4737 nempe

593 4742 855 4807 operibus
899 4743 1101 4809 vivam,
1146 4746 1284 4802 bene
1329 4760 1590 4820 acceptus
1636 4753 1716 4807 illi
1741 4765 1865 4810 est:
1898 4770 2006 4811 non
2030 4759 2180 4813 enim

595 4840 938 4887 mortuorum
975 4834 1139 4904 Deus,
1174 4840 1267 4893 sed
1304 4840 1554 4897 vivorum
1595 4853 1703 4900 est.

666 4938 833 4995 Vens.
880 4943 972 4999 25.
1065 4945 1158 5000 Vir
1200 4951 1516 5023 intelligens,
1554 4955 1768 5012 thronus
1815 4975 2020 5016 sensus.
2074 4962 2180 5030 Qui

594 5048 856 5101 generose
886 5038 1281 5106 cupiditatibus
1314 5046 1546 5111 resistit,
1578 5058 1632 5103 et
1660 5050 1864 5108 divinis
1892 5058 2179 5126 praeceptis

592 5128 783 5179 annuit
815 5143 910 5195 per
925 5129 1364 5200 dispositionem,
1409 5135 1821 5196 fundamentum
1850 5155 1935 5200 est
1968 5145 2180 5204 discre-

593 5219 776 5281 tionis,
832 5221 991 5289 cujus
1048 5222 1236 5279 habitu
1291 5228 1559 5297 profunde
1609 5233 1872 5303 radicato,
1928 5240 1997 5294 ab
2027 5242 2176 5297 omni

591 5310 809 5377 quidem
855 5326 884 5364 a
912 5329 1020 5383 quo
1062 5318 1257 5372 avertit
1306 5320 1469 5385 malo,
1513 5324 1771 5388 declinat,
1838 5328 1906 5383 ad
1961 5343 2176 5387 omnem

592 5418 723 5456 vero
759 5404 824 5457 ad
858 5421 1022 5474 quam
1060 5409 1289 5480 impellit
1325 5412 1609 5481 virtutem,
1644 5416 1894 5478 inclinat.

666 5602 771 5655 (Im-
814 5617 989 5660 autem
1029 5608 1373 5678 insipientum
1411 5625 1649 5670 occurret
1698 5622 2172 5680 exsecrationibus.

590 5696 785 5749 Annua
816 5713 1003 5752 eorum
1036 5701 1130 5769 qui
1180 5700 1349 5759 Deum
1376 5704 1429 5759 in
1467 5705 1582 5776 ipsa
1620 5723 1727 5763 non
1759 5709 2173 5780 circumferunt,

594 5787 794 5844 talibus
828 5802 1079 5848 occurret
1122 5795 1299 5863 malis,
1336 5798 1517 5866 qualia
1552 5803 1673 5867 quis
1705 5802 1928 5861 inimico
1964 5808 2174 5872 precari

2306 579 2407 643 τάς
2424 579 2630 633 τούτων
2657 578 2932 650 ψυχὰς,ἐν
2950 579 3027 650 τῷ
3057 579 3133 651 μὴ
3162 580 3365 634 εἰδέναι
3394 582 3551 635 ποίου
3577 584 3687 635 εἰσὶ
3722 583 3897 636 πνεύ-

2353 688 2482 733 ατος
2489 712 2502 725 .

2424 688 2502 733 ος.

2310 687 2663 817 μαίὶλῶσσναι
2689 762 2899 833 σοφῶν
2921 763 3142 819 ἰῶνται.
3177 766 3240 817 Oi
3258 764 3315 817 δὲ
3338 764 3491 831 λόγοι
3521 764 3632 817 τῶν
3663 766 3896 817 εἰδότων

2304 850 2387 905 ὅτι
2415 853 2511 905 τοῦ
2543 854 2821 923 εἰρηνικοῦ
2845 854 3175 924 τυγχάνουσι
3218 854 3533 924 πνεύματος
3573 858 3641 909 ἐκ
3672 856 3770 908 τοῦ
3811 873 3900 907 πε-

2305 943 2664 1015 πλουτηκέναι
2688 946 2787 1016 τὴν
2820 946 2980 1018 χάριν
3003 945 3192 1011 αύτιιῦ,
3232 948 3328 1001 καὶ
3348 948 3450 1009 τὰς
3476 950 3902 1015 τεταραγμένοις

2303 1033 2480 1104 ψυχὰς
2535 1036 2775 1107 ῥήμασιν
2824 1039 3122 1107 εἰρηνικοῖς
3167 1038 3652 1109 καταπραύνοντες
3680 1078 3695 1103 ,
3726 1038 3900 1107 θερα-

2304 1127 2463 1188 πείας
2494 1125 2704 1192 ἀξιοῦσι
2728 1128 2827 1198 τῆς
2856 1129 3241 1201 προσηκούσης
3277 1130 3495 1194 αὐταῖς.

2379 1236 2462 1290 ιθ’.
2496 1238 2681 1306 Χείλη
2725 1239 2987 1307 ἀληθινὰ
3048 1242 3336 1309 κατορθοῖ
3373 1245 3739 1312 μαρτυρίαν.
3792 1245 3901 1297 Καὶ

2312 1328 2411 1397 γὰρ
2435 1329 2583 1397 λόγοι
2610 1332 2957 1401 φρονήματος
2992 1332 3251 1404 ἀληθοῦς,
3278 1336 3374 1388 καὶ
3404 1336 3480 1406 μὴ
3525 1336 3901 1405 ύποκρινομέο

2303 1434 2394 1471 νου
2434 1417 2533 1490 τὴν
2562 1420 2841 1491 ἀλήθειαν,
2879 1423 2937 1474 ὲν
2971 1422 3151 1491 κρίσει
3186 1426 3657 1495 οἰκονομούμενοι,
3691 1430 3753 1489 ἐς
3798 1429 3897 1479 πέ-

2305 1527 2406 1580 ρας
2435 1509 2581 1582 [cod.
2619 1514 2878 1587 ἑσπέρας]
2905 1515 3097 1584 ἄγουσι
3121 1516 3223 1588 τὴν
3239 1517 3339 1586 τῆς
3360 1519 3623 1588 ἀληθείας
3657 1519 3897 1589 βεϐαίω-

2305 1618 2413 1665 σιν,
2442 1601 2745 1671 εύμεθόδως
2768 1606 2868 1667 τάς
2911 1606 3023 1658 τῶν
3046 1607 3419 1677 ἀκροωμένων
3447 1608 3628 1678 ψυχὰς
3650 1610 3737 1670 είς
3760 1609 3896 1678 7:11;-

2307 1693 2566 1763 ροφορίαν
2590 1694 2692 1764 τῆς
2724 1695 2986 1767 ἀληθείας
3018 1697 3267 1767 ἄγοντες.

2374 1803 2619 1871 Μάρτυς
2656 1804 2724 1858 δὲ
2750 1806 2939 1875 ταχὺς
2990 1806 3286 1876 γλῶσσαν
3318 1810 3442 1876 ἔχει
3471 1810 3707 1864 ἄδικον.
3749 1809 3813 1864 Ὀ
3839 1812 3891 1863 δὲ

2304 1894 2668 1963 ἀπαγγέλλων
2691 1896 2793 1961 τὴν
2830 1896 3111 1967 ἀλήθειαν,
3144 1899 3252 1970 πρὸ
3297 1900 3392 1953 τοῦ
3452 1902 3890 1971 οίκονομῆσαιέν

2303 1986 2483 2056 κρίσει
2510 1988 2635 2050 τοὺς
2661 1988 2854 2040 ἑαυτοῦ
2876 1988 3069 2056 λόγους
3099 1990 3237 2059 πρὸς
3268 1992 3584 2063 παραδοχὴν
3619 1994 3715 2045 καὶ
3743 1994 3885 2061 ὼφέο

2304 2075 2455 2128 λειαν
2487 2076 2596 2129 τῶν
2622 2076 3012 2147 ἀκροωμένων,
3041 2076 3115 2140 ὡς
3152 2077 3223 2130 τά
3251 2079 3345 2131 τοῦ
3376 2078 3511 2131 Θεοῦ
3544 2078 3618 2149 μὴ
3653 2080 3881 2149 φρονιῖιν,

2302 2166 2390 2220 διὰ
2418 2166 2480 2220 τὸ
2507 2167 2645 2236 πρὸς
2694 2168 2827 2230 τοὺς
2872 2168 3133 2237 ἀδελφοὺς
3191 2169 3540 2239 ἀσυμπαθὲς,
3594 2170 3735 2223 ἀλλά
3791 2188 3882 2237 φιν

2303 2258 2523 2329 νητιῶν,
2560 2258 2647 2312 ἵνα
2699 2259 2831 2330 παρ’
2871 2259 3187 2329 ἀνθρώποις
3214 2261 3426 2323 δίκαιος
3481 2260 3739 2332 νομισθῇ,
3798 2263 3881 2314 λόο

2302 2367 2401 2417 γον
2490 2350 2773 2423 προφορὰν
2844 2350 3111 2421 κέκτηται
3158 2352 3502 2422 λυμαντικὴν
3560 2355 3672 2416 τοίς
3726 2354 3881 2407 ἀκού.

2302 2458 2444 2495 ουσι.

2372 2556 2441 2602 κ’.
2480 2552 2668 2617 Δόλος
2694 2551 2764 2605 ἐν
2814 2550 3034 2618 καρδίᾳ
3070 2552 3539 2621 τεκταινομένου
3571 2552 3750 2607 κακά.
3780 2555 3881 2607 Καὶ

2301 2644 2616 2715 παραμιξία
2660 2643 2758 2714 μὲν
2781 2642 2931 2696 παθιῖ
2950 2662 2970 2697 ι
2991 2645 3052 2696 ὲν
3087 2646 3152 2713 τῇ
3175 2643 3320 2715 ψυχῇ
3382 2644 3478 2698 τοῦ
3514 2647 3881 2715 ἐργαζομένου

2300 2737 2398 2799 τὰς
2448 2736 2732 2807 ὑποθήκας
2760 2735 2856 2789 τοῦ
2891 2736 3135 2807 πονηροῦ
3157 2753 3173 2769 ⁸
3204 2737 3270 2791 τὸ
3296 2736 3503 2808 ταύτης
3544 2739 3671 2799 κατ’
3702 2739 3884 2792 abdam

2298 2830 2434 2883 Θεοῦ
2455 2830 2695 2901 καθαρὸν
2717 2830 3133 2901 κιὸδηλεύουσα.

2366 2942 2432 2992 οἱ
2454 2940 2523 2992 δὲ
2542 2941 2983 3008 ,βουλευόμενοι
3026 2940 3299 3008 είρήνην,
3331 2942 3879 3010 εὐφρανθήσονται.

2299 3029 2363 3082 Οί
2397 3029 2453 3081 δὲ
2489 3028 2826 3099 μελετῶντες
2879 3026 3258 3098 ἐλευθεριάσαι
3305 3030 3414 3081 ἀπὸ
3446 3029 3661 3094 παθῶν,
3712 3032 3883 3099 χαρή-

2302 3138 2487 3175 σονται
2515 3119 2611 3172 τοῦ
2658 3119 2801 3172 κατά
2827 3118 3006 3191 ψυχὴν
3032 3120 3279 3173 κινδύνου
3312 3122 3624 3189 ρυσθὲντες,
3651 3122 3746 3174 καὶ
3774 3139 3883 3174 σωιη

2286 3211 2496 3282 ⁴τηρίας
2552 3211 2806 3282 τυχόντες
2834 3227 2850 3243 ·
2891 3213 2920 3265 ό
2958 3212 3065 3281 γὰρ
3094 3212 3294 3282 ζητῶν,
3340 3213 3606 3283 εὑρίσκει,
3662 3214 3754 3268 καὶ
3804 3214 3881 3285 τῷ

2296 3300 2549 3371 κρούοντι
2597 3301 2972 3371 ἀνοιγήσεται.

2365 3418 2469 3465 καθ.
2504 3412 2627 3465 Οὐκ
2650 3411 2893 3479 ἀρέσκει
2928 3410 3007 3477 τῷ
3035 3413 3242 3477 δικαίῳ
3290 3414 3476 3468 οὐδὲν
3510 3414 3740 3472 ἄδικον.
3771 3417 3875 3470 Καὶ

2291 3502 2354 3554 οὐ
2376 3501 2517 3567 δόξει
2560 3504 2659 3573 μὲν
2680 3502 2850 3557 καλὸν
2876 3503 2954 3573 τῷ
2986 3504 3128 3556 κατά
3160 3505 3359 3575 νόμους
3390 3507 3572 3570 θείους
3600 3507 3874 3561 πολιτευο-

2295 3593 2464 3663 μένῳ,
2494 3593 2615 3647 ούδὲ
2641 3594 2700 3646 ἓν
2724 3593 2835 3649 τῶν
2866 3596 3019 3665 παρά
3066 3595 3166 3666 τὴν
3203 3596 3365 3651 θείαν
3392 3600 3615 3670 ἐντολὴν
3642 3599 3747 3654 ὑπὸ
3779 3598 3870 3657 τοὺ⁹

2292 3685 2534 3757 πονηροῦ
2557 3686 2966 3758 ὑποτιθεμένων
2994 3688 3161 3759 αὐτῷ.

2365 3892 2430 3945 Ol
2458 3889 2528 3944 δὲ
2572 3891 2816 3956 ἀσεϐεῖς
2869 3892 3338 3959 vineaticos-tat
3376 3893 3600 3948 κακῶν.
3624 3897 3688 3949 Ol
3712 3897 3766 3950 δὲ
3791 3902 3861 3968 μὴ

2287 3982 2555 4054 τιμῶντες
2572 3982 2833 4054 δι’ἐργων
2852 3982 3201 4054 δικαιοσύνης
3222 3986 3385 4052 Θεὸν,
3412 3986 3861 4059 πληρωθήσονται

2286 4074 2514 4144 ἀτιμίας
2543 4074 2760 4131 παθῶν.

2360 4182 2463 4253 κβ’.
2498 4183 2818 4254 Βδέλυγμα
2854 4188 3049 4254 Κυρίῳ
3072 4188 3248 4256 χείλη
3290 4189 3529 4257 ψευδῆ.
3583 4192 3691 4246 Καὶ
3734 4192 3861 4245 ἀπο-

2287 4275 2583 4346 στρέφεται
2629 4277 2728 4345 μὲν
2763 4280 2793 4330 ὁ
2817 4277 2926 4330 τῶν
2956 4278 3094 4333 ὅλων
3121 4280 3403 4349 Δεσπότης
3438 4282 3523 4345 είς
3545 4282 3706 4335 αὐτὸν
3732 4284 3858 4351 ὁμο-

2285 4366 2492 4434 λογίαν,
2522 4368 2597 4439 μὴ
2613 4368 2683 4421 δι’
2712 4368 2889 4439 ἔργων
2931 4369 3282 4441 δικαιοσύνης
3316 4371 3739 4445 βεϐαιουμένην,
3777 4369 3860 4428 οἷα

2288 4454 2509 4524 νεκράν.
2792 4474 2801 4487 κ

2368 4562 2421 4614 '0
2452 4561 2520 4615 δὲ
2542 4562 2731 4616 ποιῶν
2780 4566 3006 4630 πίστιν,
3066 4568 3280 4634 δεκτὸς
3319 4571 3457 4637 παρ’
3503 4572 3687 4638 αὐτῷ.
3728 4574 3783 4625 '0
3814 4575 3855 4627 δ’

2282 4652 2567 4706 ἀποτελῶν
2593 4654 2694 4723 τὴν
2724 4658 2804 4717 είς
2828 4655 2960 4709 Θεὸν
2994 4658 3182 4711 πίστιν
3214 4660 3302 4712 διὰ
3345 4646 3625 4731 πράξεων
3661 4662 3853 4725 ζῶσαν,

2281 4742 2679 4811 εὐπρόσδεκτος
2727 4746 2905 4817 τούτῳ
2950 4748 3131 4801 ἐστίν⁸
3161 4750 3224 4802 ού
3260 4751 3370 4821 γὰρ
3423 4752 3848 4823 νεκρῶνδθεὸς,

2280 4834 2418 4888 ἀλλὰ
2442 4835 2660 4900 ζώντων
2690 4839 2858 4895 ἐστίν.

2353 4949 2459 5011 κγ’.
2503 4944 2684 5014 Ἀνὴρ
2706 4948 2990 5014 συνετὸς,
3018 4951 3232 5018 θρόνος
3272 4954 3637 5020 αισθήσεως.
3704 4955 3849 5009 Καὶό

2285 5036 2383 5105 μὲν
2438 5036 2704 5103 γενναίως
2756 5042 2898 5094 κατά
2928 5041 3037 5094 τῶν
3088 5044 3276 5097 παθῶν
3316 5044 3735 5114 ἀνθιστάμενος,
3766 5046 3847 5099 καὶ

2278 5129 2418 5199 πρὸς
2471 5128 2569 5193 τάς
2622 5129 2773 5194 θείας
2819 5133 3038 5198 ἐντολὰς
3070 5136 3342 5189 συννεύων
3394 5138 3540 5191 κατά
3598 5139 3842 5199 διάθεσιν,

2284 5219 2493 5290 ἴδρυσίς
2548 5223 2664 5276 ἐστι
2693 5224 3045 5294 διακρίσεως,
3078 5228 3152 5290 ὼς
3176 5228 3296 5281 καθ’
3320 5228 3434 5293 ἕξιν
3456 5229 3663 5301 ταύτης
3686 5230 3842 5282 ὲνδια·

2280 5311 2470 5377 θέτως,
2505 5314 2686 5385 πάσης
2710 5316 2807 5385 μὲν
2829 5312 2898 5389 ἦς
2927 5318 3063 5389 αὕτη
3089 5321 3393 5392 ἀποτρέπει
3437 5324 3645 5387 κακίας
3676 5321 3840 5375 ἐκκλί‹

2280 5420 2422 5456 νωνο
2482 5406 2663 5461 πᾶσαν
2694 5408 2739 5461 δ’
2773 5409 2998 5482 ἀρετὴν,
3062 5412 3200 5483 πρὸς
3250 5414 3318 5482 ἢν
3374 5414 3473 5466 καὶ
3528 5414 3835 5485 προτρέπει,

2281 5513 2472 5552 ποιων.

2350 5621 2573 5689 Καρδιά
2617 5623 2686 5675 δὲ
2708 5624 2991 5692 ἀφρόνων
3051 5628 3505 5694 συναντήσεται
3556 5630 3737 5699 ἀραῖς.
3777 5627 3834 5682 Ἥ

2277 5716 2421 5786 ψυχὴ
2447 5716 2502 5769 δὲ
2536 5717 2642 5769 τῶν
2675 5718 2748 5788 μὴ
2779 5718 2910 5771 Θεὸν
2941 5720 2999 5772 ὲν
3025 5721 3162 5791 αὐτῇ
3224 5724 3653 5793 περιφερόντων,
3678 5723 3830 5775 τοιού-

2278 5824 2388 5871 τοις
2426 5810 2725 5880 ὑπαντήσει
2763 5814 2971 5877 κακοῖς,
3027 5813 3160 5877 οἵοις
3201 5816 3265 5868 ἀν
3292 5832 3374 5879 τις
3401 5814 3595 5887 ἐχθροῦ
3642 5813 3819 5881 κατηύ-
