3958 6508
58 343 196 407 13ίῦ

1124 320 1663 388 COMMENTARII
1707 321 1789 379 ΙΝ
1829 316 2284 379 PROVEliﬂlA.

3197 299 3338 365 1346

59 451 222 513 ξατοο
275 448 354 510 ώς
389 442 639 499 ἐντεῦθεν
676 439 1072 513 περιπεσοῦσα,
1106 436 1371 497 ἑκουσίως
1410 433 1507 503 μέν
1539 432 1651 493 τοῖς

1795 436 1942 481 osset
1976 443 1987 478 :
2033 425 2164 478 inde
2198 424 2343 478 enim
2391 419 2575 483 cadet,
2619 417 2798 472 libens
2838 414 3060 485 quidem
3098 415 3152 469 in
3177 415 3335 469 indc-

55 541 408 610 ἀτιμοποιοῖς
475 537 731 599 πάθεσιν,
784 531 1060 595 ἀκουσίως
1092 529 1149 582 δὲ
1181 530 1294 591 τοῖς
1346 538 1651 595 τιμωρητι-

56 652 132 685 κοι
146 651 191 685 ἔ.

124 725 229 778 κδ’.
262 724 403 791 Χεὶρ
433 718 738 775 ἐκλεκτῶν
767 713 1058 785 κρατήσει
1104 709 1391 781 εὐχερῶς.
1414 709 1523 760 Καὶ
1544 705 1650 776 γὰρ

58 820 88 885 ἠ
130 817 232 887 μὲν
267 814 531 885 ποιητικὴ
568 813 800 880 δύναμις
827 808 937 862 τῶν
966 804 1343 875 ἐκλεγομένων
1376 801 1436 854 τὸ
1464 802 1648 869 κρεῖτ-

57 926 148 961 τον
184 909 289 961 τοῦ
346 908 610 977 χείρονος,
642 904 676 974 ἦ
708 904 825 955 ἐστι
848 901 910 954 τὸ
938 900 1179 968 λογικὸν,
1210 895 1473 959 ὑποτάξει
1497 890 1651 945 εὑκό-

55 1001 163 1062 λως
197 998 304 1062 τὰς
329 996 508 1052 αὐτῶν
531 995 749 1056 πάντως
779 990 1093 1060 παθητικὰς
1114 987 1207 1041 καὶ
1233 986 1463 1053 ἀλόγους
1488 982 1650 1036 δυνά-

63 1107 211 1161 μεες,
268 1090 372 1161 τὴν
410 1086 706 1158 ἐπιθυμίαν
737 1084 832 1137 καὶ
857 1082 948 1135 τὸν
970 1081 1167 1152 θυμὸν,
1198 1080 1295 1132 καὶ
1316 1078 1533 1145 ποιήσει
1556 1074 1654 1137 τὰς

58 1181 290 1251 ἀρετάς.

128 1272 339 1325 Δόλιοι
368 1270 437 1323 δὲ
495 1270 742 1324 ἔσονται
772 1270 860 1333 είς
892 1264 1224 1335 προνομήν.
1258 1264 1320 1315 Oi
1354 1261 1409 1314 δὲ
1440 1258 1657 1313 δολοῦν-

60 1379 151 1423 τες
200 1362 310 1431 τὴν
345 1360 629 1413 εὐσέϐειαν
654 1361 721 1429 τῇ
764 1358 904 1429 πρὸς
940 1358 1010 1409 τὰ
1052 1354 1385 1426 φθειρόμενα
1447 1352 1654 1421 σχέσει,

63 1451 378 1521 ὑπάρξουσι
413 1451 765 1523 προκείμενοι
787 1450 933 1504 κατά
970 1447 1198 1518 γνώμην
1220 1448 1300 1509 είς
1329 1445 1659 1515 διὰρπαγμα

62 1546 142 1615 τῷ
162 1545 468 1616 ἀρχεκάκῳ
493 1543 692 1614 ἐχθρῷ.

132 1644 237 1689 κε’.
272 1636 531 1703 Φοδερὸς
576 1637 760 1703 λόγος
795 1633 1052 1701 καρδίαν
1089 1631 1382 1702 ταράσσει
1434 1629 1660 1699 ἀνδρὸς

65 1730 333 1783 δικαίου.
364 1728 626 1798 Ἐπείπερ
655 1728 688 1796 ἡ
725 1726 824 1796 μὲν
852 1725 1018 1795 φόσον
1046 1724 1353 1795 ἐμποιοῦσα
1402 1724 1523 1777 θεία
1550 1724 1660 1775 τών

1756 532 1940 584 coras,
1974 517 2142 571 invita
2180 530 2309 570 vero
2336 514 2390 567 in
2438 511 2660 567 ultrices
2694 508 2999 578 passiones.

1834 701 1995 759 Vens.
2029 702 2121 757 24.
2174 700 2371 754 Manus
2423 696 2708 750 electorum
2751 690 3117 747 dominabitur
3154 688 3337 759 facile.

1756 792 1971 849 Etenim
2018 795 2193 848 activa
2224 789 2463 861 potentia
2494 800 2684 842 eorum
2733 784 2825 853 qui
2876 790 3172 838 secernunt
3201 781 3341 849 opti-

1758 899 1908 937 mum
1964 898 1994 937 a
2030 883 2287 953 pessimo,
2326 886 2446 949 qua?
2499 887 2583 932 est
2627 876 2694 929 τὸ
2749 874 3038 937 rationale,
3085 871 3342 940 subiiciet

1755 967 1920 1028 facile
1957 969 2249 1027 sensibiles
2285 966 2513 1021 omnino
2542 979 2732 1020 eorum
2763 972 2819 1019 et
2847 962 3200 1017 irrationales
3241 976 3339 1029 po-

1757 1066 1981 1127 tentias,
2022 1058 2533 1129 concupiscentiam
2574 1056 2787 1113 scilicet
2820 1063 2876 1112 et
2909 1055 3073 1117 iram.
3097 1064 3155 1111 et
3178 1069 3243 1108 ex
3278 1054 3347 1109 iis

1758 1158 1997 1211 virtutes
2020 1152 2237 1208 eﬂlciet.

1830 1246 2019 1301 Dolosi
2070 1254 2247 1297 autem
2295 1249 2449 1297 erunt
2498 1241 2554 1293 in
2600 1239 2971 1308 direptionem.
3014 1235 3120 1302 Qui
3163 1242 3346 1290 autem

1762 1343 1973 1412 lingunt
2026 1337 2279 1407 pietatem
2345 1334 2702 1390 inclinatione
2761 1331 2829 1385 ad
2890 1336 3181 1397 corruptas
3235 1341 3345 1391 res,

1762 1432 1997 1502 subjecti
2047 1437 2212 1484 erunt
2264 1427 2332 1482 ad
2390 1434 2585 1482 nutum
2647 1424 2950 1479 archimalo
3022 1421 3245 1476 inimico
3294 1420 3346 1472 in

1762 1524 1978 1579 actibus
2010 1521 2148 1575 suis.

1838 1614 2000 1669 Vens.
2051 1613 2143 1668 25.
2183 1610 2452 1665 Terribilis
2492 1621 2665 1663 sermo
2716 1622 2806 1660 cor
2848 1603 3025 1658 turbat
3056 1602 3156 1657 uiri
3189 1601 3349 1670 justi.

1767 1707 1960 1761 Divina
1995 1703 2392 1774 suppliciorum
2441 1699 2801 1754 comminatio
2838 1712 2961 1767 qua:
3000 1704 3205 1749 metum
3265 1694 3350 1746 iu-

66 1820 352 1873 κολάσεων
386 1785 610 1887 ἀπειλὴ,
789 1785 967 1887 ψυχὴν
1016 1785 1235 1886 ἐκθροεῖ
1258 1816 1353 1867 τοῦ
1383 1815 1525 1867 κατά
1549 1813 1656 1865 τῶν

1795 1803 1901 1863 ηοὶι,
1951 1798 2190 1852 animam
2238 1794 2532 1850 conturbat
2579 1794 2699 1861 ejus
2752 1791 2845 1860 qui
2890 1802 2920 1842 a
2960 1785 3353 1857 cupiditatibus

69 1910 265 1963 παθῶν
334 1910 432 1980 μὲν
485 1907 898 1978 ἀνδριζομένου,
952 1909 1075 1969 ταῖς
1114 1905 1172 1959 δὲ
1198 1905 1374 1967 θείαις
1415 1904 1659 1967 ἐντολαῖς

69 2000 523 2071 πιθαρχοῦντος,
581 1998 688 2050 ἀπὸ
716 1996 899 2067 πάσης
954 1994 1157 2057 κακίας
1208 1994 1413 2063 ταύτην
1437 1992 1663 2046 συστέλ-

68 2094 160 2143 λου
168 2108 260 2144 σα.

152 2182 427 2254 Ἀγγελία
448 2182 517 2236 δὲ
546 2181 741 2251 ἀγαθὴ
767 2181 1077 2251 εὐφραίνει
1098 2179 1306 2233 αὐτόν.
1326 2177 1389 2230 Ἡ
1418 2175 1463 2230 δ’
1492 2177 1664 2244 ἐπαγο

75 2276 234 2343 γελία
291 2276 403 2327 τῶν
465 2275 758 2344 ἀκηράτων
821 2274 1043 2340 ἀγαθῶν
1073 2272 1363 2343 χαροποιεῖ
1409 2269 1574 2322 αὑτὸν
1594 2271 1662 2339 τῇ

73 2368 254 2421 ἑλπίδι
284 2369 382 2438 τῆς
413 2369 702 2438 ἐπιτυχίας
731 2366 930 2421 αὐτῶν.

143 2468 265 2526 σις’.
301 2459 677 2529 ἐπιγνώμων
697 2458 950 2523 δίκαιος,
982 2456 1204 2511 ἑαυτοῦ
1258 2456 1441 2525 φίλος
1470 2454 1663 2508 ἔσται.

76 2550 184 2601 Καὶ
210 2548 327 2619 γὰρ
346 2550 376 2600 ὁ
406 2549 501 2618 μὲν
535 2548 893 2616 ἐπιγνώσκων
927 2545 1079 2617 φόϐῳ
1110 2546 1207 2598 καὶ
1241 2545 1393 2615 πόθῳ
1420 2544 1512 2598 τδν
1531 2544 1666 2597 Θεὸν

74 2640 148 2703 ὡς
189 2642 413 2710 κριτὴν,
439 2639 535 2692 καὶ
558 2640 616 2690 ἐν
646 2638 725 2707 τῷ
758 2638 1037 2708 προτιμᾷν
1069 2638 1171 2707 τὴν
1225 2636 1429 2698 παντὸς
1454 2634 1667 2705 ἀνθρώ-

77 2749 179 2785 που
213 2733 466 2800 ἀγάπην,
505 2732 604 2802 τὴν
627 2730 779 2783 Θείαν
810 2730 992 2800 τηρῶν
1024 2728 1266 2799 ἐντολὴν,
1308 2727 1503 2781 ἐαυτὸν
1526 2728 1666 2794 ἀγα-

79 2822 195 2874 πῶν
230 2821 297 2887 ἐξ
321 2820 764 2889 ἀποτελέσματος
821 2819 1005 2870 ἔσεται
1031 2816 1141 2880 ’ώς
1192 2814 1501 2884 ἀγαπηθεὶς
1562 2814 1669 2867 ὑπὸ

79 2913 171 2967 τοῦ
231 2911 374 2966 Θεοῦ
404 2952 419 2976 ,
471 2912 593 2966 καθ’
650 2911 774 2964 ὅσον
820 2909 983 2973 αὐτὸς
1036 2909 1297 2979 ⁴ἠγάπησε
1354 2907 1482 2969 τοὺς
1538 2908 1667 2975 ὁμο-

81 3006 265 3070 φνεῖς.

149 3097 223 3149 Αἱ
250 3091 477 3164 γνῶμαι
505 3091 627 3146 τῶν
666 3092 905 3147 ἀσεϐῶν
960 3089 1339 3156 ἀνεπιεικεῒς.
1375 3089 1440 3141 Al
1474 3087 1533 3141 δὲ
1573 3086 1669 3157 ψυ-

82 3187 242 3254 χικαὶ
279 3186 550 3249 διαθέσεις
576 3184 684 3237 τῶν
714 3186 789 3255 μὴ
824 3184 973 3254 φόϐῳ
1007 3182 1104 3236 καὶ
1140 3184 1290 3253 πόθῳ
1322 3183 1413 3235 τὸν
1443 3182 1576 3235 Θεὸν
1612 3182 1670 3233 ἐν

82 3275 289 3347 καρδίᾳ
352 3276 780 3345 περιφερόντων,
822 3274 1089 3344 ἀνήμεροι
1121 3272 1211 3325 διὰ
1240 3272 1307 3325 τά
1333 3272 1669 3342 πρόσκαιρα,

85 3368 180 3420 καὶ
206 3367 563 3438 ἀσυμπαθεῖς
620 3367 757 3436 πρὸς
805 3367 932 3428 τοὺς
989 3366 1252 3435 ὁμοφυεῖς
1314 3365 1621 3433 ὑπάρχουσι
1652 3378 1667 3393 '

86 3460 329 3513 τοιοῦτον
366 3460 421 3512 δέ
461 3458 678 3521 πάντως
704 3457 914 3510 καὶτὸν
940 3456 1151 3510 δίκαιον
1201 3455 1397 3527 κριτὴν
1454 3455 1672 3516 ἐαυτοίς

88 3553 145 3603 ἐν
173 3549 365 3620 ἡμέρᾳ
398 3547 806 3610 ἀνταποδόσεως
831 3548 1017 3614 ἕξουσι
1036 3564 1051 3577 ο
1088 3546 1162 3617 μὴ
1190 3545 1507 3615 ἐλεούμενοι
1539 3544 1673 3615 παρ’

88 3639 284 3704 αὑτοῦ,
315 3640 439 3690 ἐπεὶ
467 3639 589 3707 μηδ’
622 3638 778 3690 αὑτοὶ
801 3638 1024 3706 ἐτέρους
1048 3635 1296 3706 ἐλέησαν.

172 3727 650 3798 Ἁμαρτάνοντας
694 3728 1111 3796 καταλήψεται
1171 3726 1349 3780 κακά.
1404 3726 1519 3779 Καὶ
1549 3727 1675 3788 τοὺς

88 3822 574 3891 ἀποτυγχάνοντας
628 3820 729 3888 τῆς
773 3823 851 3883 είς
903 3819 1179 3890 σωτηρίαν
1207 3818 1448 3891 ἀγούσης
1482 3820 1675 3888 στενῆς

93 3917 185 3967 καὶ
244 3914 618 3981 τεθλιμμένης
643 3910 765 3964 ὀδοῦ
788 3911 897 3963 τών
925 3908 1158 3963 ἐντολῶν
1193 3908 1289 3961 τοῦ
1312 3908 1471 3970 Θεοῦ,
1503 3925 1675 3962 κατα-

91 4006 303 4058 λάϐωσι
358 4005 701 4075 κολάσεις·ῆ
741 4004 879 4074 πρὸς
934 4002 1204 4072 κάθαρσιν
1262 4000 1675 4071 πρόσκαιροι,ἦ

92 4098 231 4166 πρὸς
248 4096 523 4167 τιμωρίαν
551 4096 838 4165 διηνεκεῖς.

176 4190 239 4242 Ἡ
264 4187 335 4241 δὲ
356 4187 499 4253 ὁδὸς
544 4186 663 4241 τῶν
691 4187 931 4242 ἀσεϐῶν
972 4185 1275 4253 πλανήσει
1335 4186 1577 4251 αὐτούς.
1612 4184 1679 4237 Ἦ

95 4280 151 4331 δὲ
171 4282 253 4342 εἰς
308 4277 590 4333 ἀπώλειαν
630 4279 874 4347 φέρουσα
904 4277 1161 4343 πλατεῖα,
1211 4277 1307 4329 καὶ
1363 4275 1679 4345 εὐρύχωρος

98 4372 254 4441 βιοτὴ
276 4370 390 4423 τῶν
432 4372 506 4441 μὴ
526 4370 596 4423 δι’
620 4370 799 4441 ἔργων
840 4370 1186 4440 δικαιοσύνης
1214 4370 1501 4439 τιμώντων
1522 4369 1677 4433 Θεὸν,

1764 1890 1882 1945 suis
1948 1888 2304 1951 convalescit,
2348 1893 2404 1940 et
2456 1884 2659 1939 divinis
2697 1881 2883 1937 obedit
2926 1880 3242 1951 praeceptis,
3282 1878 3351 1931 ab

1764 1982 1916 2037 omni
1948 1981 2156 2036 malitia
2184 1979 2471 2036 retrahens
2501 1976 2673 2031 illam.

1841 2164 2127 2219 Nantiatio
2159 2172 2339 2217 autem
2375 2162 2514 2215 bona
2545 2160 2786 2229 letiﬁca
2821 2173 2963 2212 eum.
2992 2155 3356 2210 Annuntiatio

1770 2256 2043 2310 bonorum
2076 2254 2199 2311 sine
2224 2252 2615 2308 commistione
2660 2249 2900 2305 laetiﬁcat
2931 2263 3058 2304 eum
3100 2262 3199 2318 spe
3228 2262 3357 2318 pose

1769 2345 2039 2402 sessionis
2076 2358 2289 2399 eorum.

1842 2437 2009 2492 Vens.
2035 2436 2129 2491 26.
2175 2436 2430 2505 Cognitor
2460 2433 2660 2501 ,‘ustus,
2695 2434 2782 2485 sui
2810 2431 2977 2499 ipsius
3005 2431 3207 2483 amicus
3228 2430 3358 2484 erit.

1768 2532 1981 2587 Etenim
2014 2529 2110 2600 qui
2145 2529 2341 2583 timore
2376 2533 2430 2580 et
2483 2524 2758 2580 desiderio
2800 2521 3051 2593 agnoscit
3101 2519 3267 2576 Deum
3300 2528 3355 2575 ut

1765 2622 2026 2693 iudicem,
2060 2627 2117 2675 et
2149 2620 2204 2673 in
2252 2616 2526 2672 studendo
2558 2615 2731 2669 amori
2777 2614 3021 2668 omnium
3051 2611 3359 2671 hominum,

1770 2715 2008 2769 divinam
2034 2718 2215 2765 servat
2244 2710 2609 2774 voluntatem,
2635 2708 2877 2777 seipsqu
2902 2703 3083 2773 reipsa
3107 2702 3313 2756 amabit
3345 2718 3361 2764 ;

1769 2820 1897 2861 nam
1953 2802 2227 2857 amabitur
2271 2816 2301 2855 s
2327 2798 2440 2856 Deo
2479 2800 2534 2854 in
2578 2807 2843 2869 quantum
2880 2796 3000 2867 ipse
3036 2794 3245 2850 amavit
3284 2794 3355 2847 si-

1774 2898 1931 2953 miles
1957 2895 2090 2952 sibi.

1850 3094 2138 3149 Sententiis
2194 3091 2480 3161 impiorum
2540 3089 2651 3143 sine
2713 3085 3103 3140 misericordia.
3158 3084 3360 3139 Anium

1772 3202 1904 3244 vero
1933 3186 2326 3254 dispositiones
2369 3196 2562 3237 eorum
2600 3180 2691 3249 qui
2728 3194 2825 3233 nec
2856 3179 3051 3232 timore
3084 3192 3182 3231 nec
3217 3175 3360 3229 desi-

1773 3282 1929 3338 derio
1982 3279 2147 3334 Deum
2197 3278 2251 3331 in
2301 3276 2465 3330 corde
2499 3274 2703 3335 ferunt,
2738 3272 2861 3327 sine
2906 3268 3281 3324 misericordia
3308 3267 3361 3319 in

1773 3381 2018 3442 tempore
2058 3380 2112 3425 et
2162 3367 2280 3423 sine
2314 3366 2513 3421 allecto
2566 3380 2694 3434 erga
2731 3362 2940 3417 similes
2971 3370 3102 3415 sunt
3133 3377 3145 3413 :
3200 3360 3360 3414 talem

1773 3479 1940 3535 porro
1968 3463 2178 3533 justum
2211 3458 2453 3529 judieem
2487 3455 2590 3510 sibi
2641 3454 2927 3508 habebunt
2972 3452 3026 3505 in
3062 3451 3153 3505 die
3206 3450 3349 3504 retri-

1774 3554 2017 3613 butionis
2051 3570 2065 3607 :
2120 3567 2226 3606 non
2283 3548 2719 3605 misericordiam
2768 3546 2836 3599 ab
2869 3546 2990 3615 ipso
3022 3557 3367 3613 consequen-

1776 3658 1887 3710 tur,
1914 3644 2045 3714 quia
2076 3657 2178 3695 nec
2208 3641 2312 3711 ipsi
2345 3640 2563 3694 caeteris
2591 3636 2975 3692 misericordes
3011 3634 3256 3688 fuerunt.

1852 3736 1955 3789 Eos
1975 3734 2064 3804 qui
2084 3742 2299 3801 peccant
2316 3741 2689 3801 persequentur
2707 3728 2870 3783 mala.
2888 3728 2953 3781 Et
2975 3728 3065 3798 qui
3087 3742 3194 3780 non
3213 3726 3364 3781 inve-

1778 3828 2153 3881 niuntarctam
2169 3836 2217 3879 et
2237 3831 2526 3893 angustam
2545 3822 2686 3875 viam
2721 3836 2841 3893 quae
2862 3820 3011 3874 ducit
3030 3820 3095 3873 ad
3112 3820 3362 3881 salutem,

1776 3921 1919 3974 viam
1961 3917 2172 3973 scilicet
2200 3915 2582 3969 mandatorum
2606 3912 2721 3979 Dei,
2750 3915 2948 3968 cadent
2979 3913 3033 3967 in
3066 3911 3360 3980 supplicia,

1779 4021 1874 4068 aut
1921 4013 1989 4067 ad
2029 4011 2407 4083 purgationem
2460 4008 2819 4081 temporaria,
2865 4017 2956 4063 aut
2988 4006 3057 4062 ad
3096 4005 3365 4060 ultionem

1780 4116 2007 4161 aaterna.

1852 4196 1919 4249 Et
1950 4195 2037 4249 via
2064 4195 2349 4264 impiorum
2395 4193 2604 4247 seducet
2651 4207 2759 4246 eos.
2792 4188 2923 4257 Quae
2960 4188 3061 4243 fert
3086 4188 3151 4241 ad
3178 4188 3364 4257 perdi-

1780 4286 1984 4340 tionem
2018 4287 2125 4339 lata
2168 4294 2223 4341 et
2269 4286 2508 4353 spatiosa
2551 4288 2661 4337 vita
2713 4297 2903 4337 eorum
2963 4280 3055 4349 qui
3109 4294 3213 4333 non
3277 4294 3363 4332 co-

1782 4377 1904 4431 lunt
1932 4376 2101 4431 Deum
2164 4392 2262 4448 per
2289 4391 2454 4447 opera
2483 4375 2734 4444 iustitiae,
2762 4373 2912 4427 fallet
2946 4386 3063 4436 eos,
3100 4385 3239 4439 quas
3272 4384 3366 4424 vo-

97 4463 378 4533 ἀπατήσει
420 4463 639 4526 αὑτοὺς,
671 4462 989 4533 ἐκστήσασα
1016 4461 1093 4532 τῷ
1122 4462 1221 4532 τῆς
1272 4462 1471 4533 ἡδονῆς
1499 4461 1668 4516 δελεά·

1795 4472 2009 4543 luptatis
2049 4470 2344 4533 illecebris,
2367 4485 2398 4524 e
2419 4468 2612 4524 salutis
2646 4467 2731 4520 via
2762 4467 2980 4520 educet.

101 4571 254 4623 ματι,
279 4555 379 4623 τῆς
404 4554 483 4617 είς
521 4556 795 4625 σωτηρίαν
818 4554 1060 4624 ἀγούσης
1091 4554 1235 4608 ὁδοῦ.

165 4651 272 4715 κζ’.
302 4653 427 4704 Οὐκ
455 4651 829 4713 ἐπιτεύξεται
858 4649 1069 4716 δόλιος
1090 4649 1302 4717 θήρας.
1322 4650 1432 4701 Καὶ
1447 4649 1547 4701 οὑκ
1570 4650 1684 4701 ἐπι-

94 4742 237 4814 τύχῃ
274 4744 375 4813 μὲν
408 4745 437 4796 ὁ
466 4742 895 4813 ὑποκρινόμενος
924 4740 1025 4812 τὴν
1072 4741 1299 4811 ἀρετὴν,
1324 4741 1424 4811 τῆς
1455 4740 1684 4812 θηρευο-

99 4835 276 4904 μένης
304 4834 397 4887 ὑπ’
421 4833 589 4887 αὑτοῦ
625 4833 759 4904 παρ’
788 4832 1091 4904 ἀνθρώπιον
1115 4832 1301 4901 τιμῆς.

169 4924 385 4993 Κτῆμα
404 4924 468 4979 δὲ
497 4927 711 4994 τίμιον,
735 4925 891 4993 ἀνὴρ
916 4926 1197 4993 καθαρός.
1235 4924 1474 4994 Πρᾶγμα
1492 4923 1548 4977 δέ
1584 4923 1684 4993 τῆς

100 5020 255 5090 παρὰ
274 5018 396 5089 Θεῷ
421 5018 517 5072 καὶ
540 5017 851 5089 ἀνθρώποις
872 5018 1038 5087 τιμῆς
1053 5017 1225 5083 ἀξιον,
1239 5016 1335 5070 ἀνθ
1345 5032 1523 5085 ρωπος
1546 5032 1683 5070 παν-

96 5112 191 5175 τὸς
216 5112 393 5181 ῥύπου
430 5108 1326 5181 ἀμαρτημάτωνάπηλλαγμένος.

172 5201 286 5273 κη’.
334 5201 431 5254 Ἐν
476 5201 639 5268 ὁδοῖς
689 5202 1109 5267 δικαιοσύνης,
1167 5199 1302 5269 ζωή.
1352 5202 1466 5255 Καὶ
1494 5202 1552 5256 ἐν
1583 5203 1682 5273 μὲν

98 5298 222 5359 ταῖς
267 5295 557 5365 ἐργασίαις
583 5294 693 5348 τῶν
723 5294 817 5348 τοῦ
851 5295 987 5348 Θεοῦ
1022 5294 1274 5360 ἐντολῶν,
1304 5287 1380 5349 ὧν
1406 5295 1683 5367 πλήρωμα

100 5386 357 5456 quam.
397 5387 567 5451 ἐστὶν,
600 5386 629 5439 ὀ
679 5388 744 5439 ἐκ
784 5385 989 5456 ταύτης
1021 5387 1341 5454 τικτόμενος
1401 5390 1683 5458 φωτισμὸς

100 5478 201 5548 τῆς
232 5477 509 5545 γνώσεως,
537 5478 652 5549 ζωὴ
683 5480 919 5548 ὑπάρχει
949 5478 1043 5531 τοῦ
1074 5479 1187 5532 νοῦ.

186 5569 340 5624 Ὁδοὶ
363 5570 433 5623 δὲ
452 5572 870 5639 μνησικάκων,
898 5573 979 5636 εἰς
1040 5571 1322 5624 θάνατον.
1353 5571 1433 5623 Τὰ
1470 5571 1523 5625 δὲ
1546 5570 1680 5641 ἔργα

101 5662 214 5719 τῶν
242 5663 307 5716 τὸ
337 5668 493 5733 μῖσος
518 5666 657 5736 πρὸς
693 5666 1014 5738 ἀνθρώπους
1049 5667 1351 5736 ἀνεχόντων
1399 5670 1679 5734 ἐπίμονον,

105 5755 176 5810 δι’
196 5756 555 5830 ἀνεπίληστον
608 5760 831 5831 μνήμην
884 5760 1194 5832 συμῧάντος
1234 5760 1378 5824 τινὸς
1435 5760 1682 5833 λυπηροῦ

1862 4674 2032 4727 Vens.
2079 4670 2173 4724 2'7.
2227 4665 2349 4721 Non
2398 4673 2740 4731 consequetur
2790 4661 3004 4716 dolosas
3039 4663 3363 4713 certationes.

1790 4765 1900 4821 Nec
1931 4770 2302 4833 consequetur
2329 4759 2495 4813 homo
2544 4758 2819 4812 mentiens
2862 4757 3140 4819 virtutem,
3194 4756 3367 4808 limm-

1791 4871 1907 4911 rem
1944 4854 2094 4907 illum
2126 4866 2286 4923 quem
2323 4850 2465 4923 apud
2512 4849 2762 4902 homines
2797 4855 3046 4900 venatur.

1861 4945 2134 5000 Possessio
2156 4954 2333 4997 autem
2398 4941 2653 5011 pretiosa,
2714 4941 2791 4993 vir
2823 4954 3009 5004 purus.
3067 4940 3170 4993 lies
3225 4937 3369 5008 apud

1790 5033 1958 5089 Deum
1978 5042 2030 5087 et
2054 5031 2299 5087 homines
2330 5030 2488 5084 laude
2516 5030 2701 5100 digna,
2726 5029 2888 5083 homo
2905 5029 3048 5083 omni
3081 5030 3366 5098 culparum

1791 5126 2005 5181 macula
2056 5123 2370 5179 mundatus.

1860 5215 2026 5270 Vens.
2050 5214 2143 5270 28.
2172 5212 2238 5267 In
2268 5215 2458 5268 semita
2478 5214 2733 5284 justitiw,
2762 5216 2893 5269 vita.
2931 5212 2988 5267 In
3018 5212 3367 5269 observantia

1790 5307 1885 5363 Dei
1930 5306 2337 5371 mandatorum,
2384 5308 2436 5360 in
2489 5308 2687 5376 quibus
2737 5308 3073 5377 complendis
3126 5304 3367 5361 Charitas

1788 5408 2026 5464 constat,
2072 5399 2163 5454 lux
2227 5400 2471 5455 scientia:
2519 5415 2681 5470 quam
2723 5399 2815 5454 illa
2870 5400 3144 5470 producit,
3195 5399 3364 5453 vitam

1789 5501 2014 5563 praestat
2048 5492 2264 5545 anima».

1873 5582 1981 5637 Via:
2009 5594 2182 5637 autem
2228 5598 2515 5635 memorum
2545 5582 2777 5651 injuria,
2817 5583 2871 5635 in
2918 5595 3159 5636 mortem.
3190 5584 3364 5651 Opera

1790 5686 1971 5730 autem
2002 5692 2193 5732 eorum
2235 5678 2326 5745 qui
2368 5679 2550 5731 odium
2583 5677 2636 5730 in
2679 5676 2927 5731 homines
2962 5685 3181 5730 servant
3212 5679 3369 5729 dura-

1793 5767 1920 5833 bile,
1962 5767 2032 5823 ob
2065 5768 2411 5826 indelebilem
2459 5767 2778 5825 memoriam
2836 5768 3070 5841 alicujus
3106 5770 3369 5825 molestiae
