4034 6526
598 309 728 371 1341
1890 300 2246 362 PROCOPII
2286 298 2529 359 GAZrEl
3766 287 3903 353 ifllS

595 435 720 489 quae
744 420 812 473 ab
837 418 948 473 illis
978 417 1129 472 illata
1157 425 1241 470 est
1269 416 1322 469 in
1343 415 1515 485 ipsos,
1547 412 1756 467 ducunt
1785 427 1903 478 eos,
1933 421 2186 480 tanquam

2304 411 2435 477 παρ’
2466 407 2649 460 αὐτῶν
2683 407 2761 471 εἰς
2787 406 3004 471 αὐτοὺς.
3047 407 3243 473 ἄγουσι
3298 405 3519 467 τούτους
3547 404 3625 467 ὡς
3658 406 3901 471 ἀφιστα-

598 522 757 582 Ionge
788 511 999 565 alienos
1026 524 1055 563 a
1089 508 1360 563 cbaritate
1390 521 1512 576 qua:
1536 520 1728 559 omnes
1764 504 2000 558 virtutes
2032 518 2186 572 gene-

2301 500 2502 569 μένους
2540 499 2761 569 μακρὰν
2793 499 2892 567 τῆς
2926 499 3119 551 πασῶν
3148 497 3257 549 τῶν
3287 498 3496 568 ἀρετῶν
3521 495 3902 564 γενικωτάτης

596 612 703 668 rat,
743 604 797 656 in
847 603 1044 656 animae
1088 607 1488 669 morteni,quze
1519 605 1607 653 est
1650 604 1953 668 peccatum,
1988 610 2084 650 seu
2117 608 2186 649 se

2297 591 2543 659 ἀγάπης,
2570 592 2650 652 είς
2671 590 2763 641 τὸν
2790 590 2891 659 τῆς
2916 589 3098 658 ψυχῆς
3120 588 3372 642 θάνατον·
3401 589 3460 649 ὂς
3487 589 3637 639 ἐστιν
3660 588 3693 657 ἡ
3728 585 3904 655 ἀμαρο

595 696 811 764 paratio
844 709 874 748 ιι
906 693 1038 759 Deo,
1064 692 1180 746 vita
1215 706 1366 746 vera.

2297 682 2408 746 τία,
2432 682 2508 746 ὡς
2531 682 2814 754 χωρισμὸς
2845 681 2952 736 ἀπὸ
2985 681 3121 735 Θεοῦ
3163 682 3261 751 τῆς
3290 682 3462 743 ὅντως
3493 678 3661 750 ζωῆς.

1230 833 1386 891 CAP.
1425 832 1563 890 Xlll.

2896 826 3151 881 ΚΕΦΑΛ.
3184 824 3285 881 11".
3923 870 3931 895 ,

670 962 838 1018 νεεδ.
887 964 939 1017 1.
976 960 1149 1015 Filius
1183 971 1417 1025 astutus,
1464 961 1707 1015 obediens
1755 960 1917 1025 patri.
1973 958 2046 1011 Ex
2108 958 2186 1012 bis

2365 961 2435 1009 α’.
2468 954 2607 1020 Υἱὸς
2662 953 3033 1024 πανοῦργος.
3063 954 3337 1018 ὑπήκοος
3394 953 3595 1021 πατρί.
3638 952 3756 1003 Καὶ
3794 952 3899 1003 τῶν

595 1056 689 1125 qui
713 1053 955 1124 adoptati
998 1062 1127 1107 sunt
1155 1066 1250 1121 per
1276 1053 1458 1114 tidem,
1487 1051 1582 1119 qui
1604 1051 1789 1104 omnia
1817 1049 2000 1102 divina
2035 1063 2186 1101 man-

2296 1050 2396 1118 μὲν
2439 1049 2871 1118 υἱοθετηθέντων
2898 1048 2985 1100 6ιά
3020 1047 3279 1109 πίστεως,
3308 1049 3335 1098 ὁ
3368 1047 3550 1109 πάσας
3582 1047 3681 1108 τὰς
3745 1046 3899 1107 θείας

595 1147 721 1199 data
787 1145 1062 1207 observat,
1114 1141 1374 1197 obediens
1405 1150 1489 1196 est
1546 1140 1655 1195 Deo
1710 1151 1764 1195 et
1817 1140 1966 1193 Patri
2013 1155 2044 1192 a
2083 1154 2186 1207 quo

2292 1140 2460 1194 αὑτοῦ
2490 1140 2719 1203 ἐντολὰς
2769 1138 3161 1210 ἐργαζόμενος,
3199 1138 3463 1208 εὐπειθής
3498 1140 3712 1209 ἐστιτῴ
3752 1140 3891 1190 κατὰ

598 1238 897 1307 adoptatus
929 1237 1032 1289 fuit
1080 1236 1383 1290 secundum
1435 1237 1690 1304 gratiam,
1737 1244 1791 1289 et
1824 1234 1915 1303 qui
1948 1234 2186 1302 praaciptt

2291 1236 2450 1305 χάριν
2482 1235 2781 1305 υἰοθετησα
2802 1234 2954 1303 μένῳ
2984 1233 3168 1295 αὐτὸν,
3203 1234 3298 1285 καὶ
3319 1233 3389 1284 τὰ
3433 1231 3568 1295 πρὸς
3620 1232 3895 1303 σωτηρῐαν

597 1345 722 1399 qua:
761 1338 891 1383 sunt
921 1327 985 1380 ad
1023 1328 1275 1381 salutem.

2292 1327 2662 1398 ἐντειλαμένῳ
2691 1327 2811 1394 Θεῷ
2845 1329 2938 1380 καὶ
2962 1326 3157 1396 Πατρί.

670 1420 775 1486 Qui
823 1428 999 1472 autem
1036 1434 1139 1471 non
1169 1416 1440 1482 obediens,
1465 1419 1521 1472 in
1540 1418 1856 1486 perditione.
1887 1417 1982 1473 llle
2006 1424 2186 1471 autem

2377 1421 2430 1473 Ὀ
2455 1420 2523 1473 δὲ
2551 1421 2841 1489 ἀνήκοος,
2867 1419 2935 1472 ἐν
2962 1420 3251 1484 ἀπωλείᾳ.
3296 1418 3354 1469 '0
3382 1418 3439 1469 δέ
3469 1417 3544 1486 μὴ
3571 1415 3895 1484 πειθόμενος

596 1513 687 1581 qui
738 1511 847 1565 Deo
892 1525 1002 1563 non
1046 1516 1133 1562 est
1164 1506 1452 1572 obediens,
1496 1509 1550 1561 in
1593 1508 1936 1563 observanda
1998 1520 2186 1563 sancta

2291 1513 2429 1582 Θεῷ,
2466 1516 2545 1575 εἰς
2574 1513 2634 1565 τὸ
2666 1516 2842 1565 ποιεῖν
2866 1514 2964 1575 τὰς
3003 1512 3165 1578 ἁγίας
3200 1510 3365 1563 αὐτοῦ
3400 1509 3638 1573 ἐντολὰς,
3672 1510 3782 1561 κᾶν
3814 1509 3896 1559 ἱ.ιά

594 1606 713 1669 ejus
745 1601 1022 1667 mandata,
1067 1602 1171 1656 etsi
1198 1608 1417 1670 propter
1451 1615 1658 1654 meram
1697 1601 1856 1655 ﬁdem
1900 1602 2045 1655 ﬁlius
2068 1601 2186 1669 ejus

2290 1604 2457 1675 ψιλῆς
2486 1604 2724 1666 πίστεως
2756 1603 2868 1665 υἱὸς
2901 1603 3171 1673 κληθῆναι
3232 1602 3439 1671 ἠξιώθη
3477 1599 3665 1662 αὐτοῦ,
3700 1602 3787 1661 εἰς
3807 1600 3896 1651 τὸν

595 1697 686 1764 qui
736 1704 962 1747 vocetur
1030 1693 1280 1746 videatur
1322 1690 1545 1763 dignus,
1591 1693 1645 1745 in
1700 1691 1793 1746 Dei
1847 1694 2186 1747 aversione-in

2290 1698 2385 1749 ἀπ’
2415 1696 2580 1750 αὑτοῦ
2605 1694 2831 1759 ἀσώτως
2856 1697 3024 1767 χωρεῖ
3050 1694 3394 1766 μακρυσμόν.

596 1788 814 1841 t'tmeste
844 1783 1014 1839 cadit.
2218 1772 2260 1827 Β

666 1872 833 1928 Vsus.
872 1874 928 1929 2.
999 1872 1047 1926 Ε
1097 1873 1357 1939 fructibus
1404 1874 1639 1943 justitiw
1679 1875 1848 1928 alitur
1897 1875 2041 1943 ﬁlius
2098 1875 2186 1928 bo-

2364 1882 2431 1952 β¹.
2493 1883 2636 1938 Ἀπὸ
2692 1881 2938 1949 καρπῶν
2991 1882 3388 1949 δικαιοσύνης
3444 1880 3694 1950 φάγεται
3759 1881 3886 1941 υἱίς

597 1983 717 2019 nus.
756 1965 828 2018 Ex
857 1964 1165 2020 fructiferis
1199 1967 1520 2031 virtutibus,
1553 1983 1648 2036 per
1687 1969 1998 2022 divinorum
2034 1984 2188 2021 man-

594 2058 845 2111 datorum
872 2056 1279 2111 observantiam
1302 2059 1577 2113 nutrietur
1596 2060 1899 2113 secundum
1922 2060 2184 2123 animam,

594 2147 686 2202 ille
714 2148 809 2218 qui
843 2164 997 2202 suam
1029 2148 1377 2218 spiritualem
1414 2148 1719 2203 secundum
1763 2151 1993 2220 gratiam
2024 2150 2190 2219 adop-

594 2243 795 2295 tionem
841 2240 898 2294 in
947 2241 1095 2295 omni
1136 2242 1457 2297 obedientia
1503 2251 1799 2297 conservat
1832 2242 2186 2312 irreprehen-

593 2334 832 2388 sibilem.

662 2425 872 2482 Anima:
897 2435 1078 2479 autem
1128 2425 1605 2495 prwvaricatorum
1639 2434 1853 2491 pereunt
1902 2433 2022 2475 ante
2059 2431 2189 2476 tem-

591 2534 714 2585 pus.
738 2519 949 2572 Anima:
972 2533 1101 2572 vero
1117 2518 1335 2571 illorum
1362 2518 1455 2585 qui
1480 2515 1664 2569 divina
1681 2516 1937 2569 mandata
1960 2516 2186 2579 violant,

593 2609 901 2663 voluntarie
961 2609 1064 2663 sibi
1134 2618 1432 2679 procurant
1493 2606 1590 2661 Dei
1643 2608 2005 2669 aversionem,
2062 2616 2189 2661 ante

592 2709 810 2768 tempus
831 2700 1027 2769 judicii
1055 2708 1111 2754 et
1142 2699 1547 2777 retributionis.

670 2792 834 2848 Vens.
865 2794 920 2847 5.
964 2792 1069 2858 Qui
1116 2793 1345 2846 custodit
1373 2808 1625 2856 ossuum,
1659 2791 1892 2844 custodit
1950 2791 2188 2844 animam

590 2903 763 2941 suam.
806 2884 911 2952 Qui
954 2886 1154 2955 lingua:
1201 2901 1314 2940 Siue
1366 2886 1704 2949 dominatur,
1752 2887 1823 2938 ita
1857 2894 1917 2938 ut
1949 2885 2191 2939 inconsi-

591 2978 781 3031 derate
825 2990 935 3031 non
991 2977 1255 3047 loquatur
1306 2992 1427 3046 qua:
1459 2977 1512 3029 in
1568 2976 1738 3029 Deum
1796 2985 1890 3029 aut
1943 2977 2189 3030 homines

590 3064 901 3129 oll'endunt,
932 3063 1178 3120 custodit
1205 3065 1444 3119 animam
1479 3081 1635 3121 suam
1674 3074 1845 3119 tutam
1871 3066 1941 3120 ab
1972 3066 2189 3121 insidiis
2215 3114 2258 3170 c

590 3156 985 3212 daemoniorum
1011 3165 1068 3211 et
1102 3156 1389 3211 hominum
1417 3157 1786 3229 quarentium
1832 3160 2181 3213 oceasionem

590 3246 758 3319 hujus
784 3244 1329 3318 comprehendendae.

663 3434 769 3499 Qui
792 3443 970 3488 autem
1005 3447 1236 3502 preceps
1288 3444 1367 3488 est
1422 3432 1604 3497 labiis,
1660 3434 1875 3488 terrebit
1928 3435 2182 3503 seipsum.

590 3526 693 3593 Qui
726 3539 906 3580 autem
942 3524 1357 3580 inconsiderate
1387 3526 1651 3594 loquitur,
1696 3541 1755 3579 se
1812 3526 1929 3594 ipse
1969 3525 2022 3578 in
2072 3540 2183 3577 tne-

591 3624 706 3670 tnm
733 3615 931 3684 injicit,
971 3622 1232 3683 tanquam
1274 3615 1493 3668 locutus
1529 3615 1676 3684 quod
1727 3616 1831 3685 ipsi
1870 3615 2030 3669 all'ert
2066 3617 2184 3669 ani-

588 3725 692 3763 ma:
721 3717 816 3761 aut
844 3708 1095 3776 corporis
1141 3707 1467 3776 perieulum.

658 3800 826 3855 Vens.
858 3800 911 3852 4.
940 3798 1005 3851 In
1046 3798 1326 3853 desideriis
1358 3808 1437 3853 est
1484 3798 1653 3852 omnis
1701 3800 1926 3853 otiosus.
1967 3799 2185 3869 CuPitli-

585 3899 729 3947 tates
769 3892 875 3946 sibi
912 3900 1193 3960 comparat
1243 3889 1676 3954 irrationabiles,
1722 3892 1925 3973 οιιιιιὶεχ
1949 3895 2039 3960 qui
2090 3906 2185 3958 per

587 3984 863 4054 pfgritiam
884 3992 969 4037 est
994 3982 1226 4046 otiosus,
1254 3982 1401 4052 quod
1420 3997 1481 4037 se
1501 3997 1612 4037 non
1632 3993 1865 4052 occupat
1899 3984 1953 4035 in
1986 3998 2182 4052 opera-

588 4074 741 4127 tione
768 4072 1013 4129 virtutis.

659 4162 856 4216 Manus
877 4174 1053 4217 autem
1087 4166 1324 4219 virorum
1345 4164 1398 4217 in
1426 4166 1735 4220 sedulitate.
1764 4166 1967 4221 Activze
1996 4175 2178 4220 autem

590 4250 887 4307 facultates
914 4254 1114 4308 horum
1146 4256 1239 4323 qui
1285 4257 1527 4311 viriliter
1558 4259 1828 4312 resistunt
1857 4260 2181 4314 voluntariis

589 4348 757 4399 animi
783 4348 1157 4416 passionibus,
1177 4348 1448 4404 sullerunt
1472 4358 1654 4406 autem
1682 4352 2101 4408 involuntarias.
2123 4353 2178 4406 In

2288 1980 2533 2049 ἀγαθός.
2558 1978 2668 2031 Καὶ
2688 1978 2797 2030 ἀπὸ
2830 1977 2927 2045 μὲν
2952 1976 3061 2028 τῶν
3080 1992 3436 2047 καρποφορου
3447 1976 3624 2045 μένων
3652 1974 3881 2043 ἀρετῶν.

2288 2069 2378 2122 διά
2433 2069 2535 2139 τῆς
2592 2069 2700 2121 τῶν
2728 2067 2890 2121 θείων
2943 2068 3171 2120 ἐντολῶν
3211 2066 3498 2138 ἐργασίας,
3543 2068 3881 2136 τραφήσεται

2290 2162 2431 2215 κατὰ
2500 2162 2705 2231 ψυχὴν,
2734 2163 2762 2214 ὁ
2785 2162 2892 2230 τὴν
2925 2162 2983 2212 ἐν
3013 2160 3286 2229 πνεύματι
3336 2160 3478 2212 κατά
3505 2160 3668 2228 χάριν
3700 2158 3875 2210 υἱοθε-

2292 2255 2414 2308 σίαν
2443 2254 2612 2308 αὑτοῦ
2637 2255 2695 2307 ἐν
2715 2254 2864 2326 πάσῃ
2895 2252 3178 2323 εὐπειθείᾳ
3206 2252 3387 2323 τηρῶν
3414 2251 3636 2320 ἀψογον.

2367 2431 2566 2499 Ψυχαὶ
2607 2431 2675 2484 δὲ
2708 2433 3072 2501 παρανόμων
3141 2432 3427 2487 ὀλοῦνται
3485 2432 3687 2499 ἄωροι.
3723 2432 3793 2484 ΑΞ
3824 2433 3876 2484 δέ

2289 2523 2460 2593 ψυχαὶ
2486 2523 2596 2575 τῶν
2619 2524 2716 2585 τὰς
2736 2523 2887 2586 θείας
2916 2523 3137 2586 ἐντολὰς
3168 2523 3619 2593 παραὸαινὸντων
3648 2522 3875 2592 ὑποστή-

2292 2634 2477 2669 σονται
2506 2615 2772 2678 ἑκουσίως
2805 2616 2897 2668 τὸν
2927 2616 3035 2667 ἀπὸ
3065 2614 3200 2668 Θεοῦ
3241 2616 3589 2686 μακρυσμὸν,
3625 2615 3733 2686 πρὸ
3786 2615 3875 2667 τοῦ

2292 2705 2486 2777 καιροῦ
2520 2705 2621 2774 τῆς
2646 2706 2879 2776 κρίσεως
2910 2706 3004 2758 καὶ
3037 2706 3134 2773 τῆς
3166 2705 3592 2769 ἀνταποδόσεως.

2369 2802 2430 2865 ζ’.
2474 2797 2579 2860 Ὃς
2614 2794 2922 2863 φυλάσσει
2954 2798 3020 2847 τὸ
3054 2795 3275 2849 ἑαυτοῦ
3310 2798 3528 2865 στόμα,
3572 2796 3741 2865 τηρεῖ
3766 2796 3879 2860 τὴν

2291 2884 2507 2939 ἑαυτοῦ
2562 2883 2796 2953 ψυχήν.
2861 2885 2970 2935 Καὶ
3001 2884 3152 2946 ὅστις
3189 2884 3289 2953 μὲν
3338 2887 3532 2954 κρατεί
3553 2884 3652 2951 τῆς
3682 2879 3879 2935 ἐαυτοῦ

2292 2975 2559 3046 γλώττης,
2619 2976 2762 3029 ὣστε
2808 2976 3235 3046 ἀπερισκέπτως
3274 2975 3350 3045 μὴ
3417 2975 3753 3043 φθέγγεσθαι
3811 2974 3880 3027 τὰ

2294 3069 2430 3137 πρὸς
2460 3068 2593 3120 Θεὸν
2617 3067 2649 3137 ἢ
2685 3066 2821 3138 πρὸς
2850 3066 3173 3137 ἀνθρώπους
3202 3066 3635 3137 προσκρούοντα,
3668 3068 3873 3136 φυλάτ-

2292 3180 2375 3215 τει
2410 3162 2507 3233 τὴν
2535 3161 2716 3233 ψυχὴν
2740 3161 2933 3215 ἐαυτοῦ
2982 3162 3441 3216 ἀνεπιϐούλευτον
3468 3162 3579 3215 ἀπὸ
3602 3161 3877 3231 δαιμόνων

2288 3251 2678 3323 ἣὰνθρώπων,
2724 3250 2832 3305 τῶν
2884 3250 3193 3321 ζητούντων
3241 3250 3498 3321 ἀφορμὴν
3538 3252 3745 3320 ταύτην
3779 3251 3876 3302 λα-

2288 3345 2425 3398 δεῖν.

2371 3437 2423 3490 '0
2454 3438 2522 3491 δὲ
2550 3440 2854 3506 προπετὴς
2899 3439 3155 3508 χείλεσι,
3193 3437 3450 3505 πτοήσει
3480 3438 3689 3489 αὐτόν.
3740 3434 3801 3486 '0
3826 3434 3870 3486 δ’

2288 3535 2713 3605 ἀπερισκέπτως
2737 3532 3130 3601 φθεγγόμενος,
3160 3533 3241 3593 εἰς
3270 3530 3436 3598 φοϐον
3460 3530 3654 3583 ἑαυτὸν
3703 3529 3872 3596 ἐμὸα-

2286 3628 2367 3679 λεῖ
2388 3644 2400 3657 ·
2434 3627 2510 3689 ὡς
2553 3627 2652 3695 φθε
2675 3626 2946 3695 γξάμενός
2973 3642 3027 3677 τι
3060 3626 3320 3694 ἐπιφέροι)
3380 3622 3533 3691 αὐτῷ
3581 3622 3812 3693 ψυχικδν
3839 3623 3868 3691 ἦ

2288 3718 2602 3788 σωματικὸν
2631 3717 2900 3771 κίνδυνον.

2356 3812 2418 3865 δ’.
2458 3812 2562 3864 'Er
2585 3810 2922 3879 ἐπιθυμίαις
2947 3809 3079 3863 ἐστὶ
3126 3808 3246 3875 πᾶς
3273 3809 3508 3877 ἀεργός.
3545 3810 3653 3861 Καὶ
3671 3810 3868 3878 ὀρέξεις

2290 3904 2389 3974 μὲν
2406 3904 2671 3973 κέκτηται
2691 3904 3066 3974 παραλόγους,
3094 3903 3242 3964 ἅπας
3268 3903 3361 3955 διά
3383 3903 3659 3974 ρᾳθυμίαν
3686 3903 3863 3970 ἀργὸς.

2281 3996 2359 4059 ὡς
2393 3996 2468 4067 μὴ
2501 3996 2825 4067 ἀπασχολῶν
2856 3996 3046 4048 ἐαυτὸν
3063 3996 3122 4049 ἐν
3152 3997 3272 4059 ταῖς
3298 3995 3593 4066 ἐργασίαις
3618 3994 3711 4046 τοῦ
3738 3996 3864 4060 ἀγα-

2285 4088 2401 4141 θοῦ.

2356 4182 2560 4249 Χεῖρες
2586 4179 2657 4233 δὲ
2696 4179 2937 4248 ἀνδρῶν
2982 4180 3053 4234 ἐν
3099 4179 3434 4248 ἐπιμελείᾳ.
3470 4179 3537 4232 Ai
3560 4179 3617 4232 δὲ
3652 4194 3862 4247 πρακτι-

2283 4272 2378 4323 καὶ
2431 4271 2713 4341 δυνάμεις,
2742 4271 2851 4325 τῶν
2878 4271 3144 4340 γενναίως
3188 4271 3610 4341 ἀνθισταμένων
3637 4272 3732 4340 μὲν
3752 4273 3859 4332 tot;

2282 4364 2549 4427 ἑκουσίοις
2576 4365 2827 4426 πάθεσιν,
2882 4365 3268 4435 ὑπομενόντων
3299 4365 3356 4417 δὲ
3387 4366 3457 4419 τὰ
3488 4365 3738 4419 ἀκούσια.
3775 4365 3858 4417 Ἐν

586 4439 739 4491 omni
782 4438 979 4494 ardore
1009 4441 1302 4511 perﬁciunt
1335 4442 1562 4509 bonum,
1604 4444 1677 4497 ita
1711 4454 1769 4499 ut
1800 4446 2028 4501 omnino
2061 4461 2178 4500 ma-

2286 4457 2435 4528 πάσῃ
2467 4458 2674 4527 σπουδῇ
2707 4456 3040 4527 ἐργάζονται
3064 4462 3127 4510 τὸ
3153 4455 3384 4524 ἀγαθὸν,
3415 4456 3558 4510 ὥστε
3590 4456 3855 4518 παντελῶς

588 4530 701 4584 lum
734 4529 1019 4601 ell'ugiant.
1115 4590 1120 4595 ,

660 4621 825 4678 \‘Ens.
883 4624 937 4679 5.
994 4623 1219 4679 Verbum
1262 4626 1503 4696 iniquum
1530 4626 1712 4695 justus
1756 4628 2068 4683 detestatur.
2099 4630 2181 4683 Ab

584 4719 734 4771 omni
771 4718 1048 4772 sententia
1086 4719 1277 4789 iniqua
1313 4720 1573 4775 abhorret
1601 4722 1693 4789 qui
1719 4722 1978 4777 observat
2006 4723 2177 4792 legem

582 4805 681 4862 Dei
721 4806 1130 4869 mandatorum,
1173 4808 1246 4860 ita
1284 4816 1343 4861 ut
1375 4825 1442 4863 ne
1471 4812 1737 4865 extremis
1768 4810 1987 4880 quidem
2029 4812 2179 4865 auri-

583 4898 688 4952 bus
719 4897 850 4951 velit
891 4897 1040 4950 illam
1075 4898 1392 4955 admittere.

651 4987 854 5058 Impius
909 5000 1084 5042 autem
1118 4991 1399 5058 erubescit,
1427 5002 1477 5047 et
1524 5011 1627 5048 non
1668 4995 1874 5050 habebit
1921 4998 2173 5067 ﬁduciam

577 5078 849 5149 loquendi.
894 5078 996 5147 Qui
1037 5093 1217 5136 autem
1255 5082 1423 5138 Deum
1474 5102 1583 5140 non
1642 5087 1897 5156 honorat,
1951 5090 2173 5160 quando

582 5173 804 5242 pra-fata
866 5175 1160 5242 exponitur
1207 5179 1479 5231 sententia
1545 5194 1733 5234 coram
1785 5197 1854 5236 eo
1884 5184 1976 5252 qui
2032 5184 2172 5238 banc

579 5281 690 5319 non
751 5264 1013 5331 admittit,
1051 5266 1258 5337 pudore
1320 5270 1660 5326 sullunditur
1710 5288 1813 5327 nec
1866 5289 1962 5329 ore
1997 5276 2170 5332 libero

579 5358 781 5413 similia
811 5360 1060 5428 prolerre
1094 5362 1237 5415 valet
1274 5379 1287 5415 :
1322 5363 1526 5418 ctenim

650 5541 818 5600 Vens.
840 5545 892 5601 6.
929 5545 1159 5602 Iustitia
1184 5550 1415 5605 custodit
1445 5551 1769 5608 innocentes.
1794 5554 2155 5609 Observantia

576 5636 672 5692 Dei
715 5638 1101 5698 mandatorum
1143 5656 1435 5702 conservat
1489 5645 1542 5700 in
1589 5646 1736 5704 bono
1771 5658 2056 5720 exemptos
2091 5650 2161 5707 ab

575 5728 727 5784 omni
764 5731 995 5788 malitia.

2283 4551 2541 4617 ἐκφυγεῖν
2566 4549 2626 4601 τὸ
2645 4550 2835 4604 κακόν.

2352 4648 2414 4695 ε’.
2436 4641 2633 4710 Λόγον
2655 4641 2867 4696 ἄδικον
2888 4643 3063 4712 μισεῖ
3091 4642 3345 4709 δίκαιος.
3403 4642 3513 4696 Καὶ
3543 4640 3851 4712 παραίνεσιν

2283 4733 2381 4803 μὲν
2415 4735 2730 4805 παράνομον
2764 4735 3215 4809 ἀποστρέφεταιό
3236 4735 3423 4805 τηρῶν
3454 4735 3546 4787 τὸν
3576 4736 3743 4805 νόμον
3757 4734 3851 4787 τῶν

2278 4824 2371 4877 τοῦ
2402 4825 2536 4878 Θεοῦ
2584 4826 2836 4895 ἐντολῶν,
2868 4828 2945 4892 ὡς
2987 4829 3110 4899 μηδ’
3139 4828 3332 4900 ἄκροις
3365 4827 3470 4880 ὠσὶ
3500 4827 3673 4881 θέλων
3696 4828 3849 4896 αὐτὴν

2280 4917 2706 4988 παραδέξασθαι.
3422 4985 3431 4993 Ι

2360 5009 2604 5076 Ἀσεϐὴς
2633 5009 2704 5063 δὲ
2735 5011 3111 5081 αἰσχύνεται,
3158 5012 3257 5066 καὶ
3302 5015 3415 5083 οὐχ
3464 5013 3591 5077 ἔξει
3640 5013 3845 5080 παῤῥη·

2274 5102 2439 5155 σίαν.
2519 5102 2577 5156 '0
2624 5103 2669 5156 δ’
2722 5105 2781 5156 ἐν
2835 5104 2915 5176 τῷ
2972 5105 3355 5175 προτείνεσθαι
3408 5106 3507 5178 τὴν
3567 5106 3841 5176 εἰρημένην

2274 5193 2615 5264 παραίνεσιν,
2641 5194 2774 5248 Θεὸν
2806 5196 2884 5268 μὴ
2911 5196 3107 5268 τιμῶν,
3143 5197 3464 5268 αἰσχύνεται
3501 5198 3592 5249 τὸν
3618 5197 3691 5267 μὴ
3724 5193 3837 5247 ταύ-

2272 5302 2373 5355 την
2396 5286 2673 5357 παραδεχό
2682 5305 2873 5359 μενον,
2903 5289 2999 5343 καὶ
3020 5289 3119 5343 οὐκ
3143 5289 3225 5342 ἔτι
3258 5288 3487 5342 δύναται
3512 5287 3740 5341 ἐνώπιον
3756 5287 3837 5339 αὐ-

2272 5375 2367 5429 τοῦ
2395 5379 2913 5451 παῤῥησιασθῆναι,
2949 5381 3047 5436 καὶ
3076 5382 3146 5435 τὰ
3177 5383 3343 5453 ὅμοια
3376 5382 3731 5452 φθέγξασθαι⁸
3756 5380 3834 5435 καὶ

2270 5468 2381 5540 γὰρ

2341 5559 2417 5626 ς’.
2453 5564 2819 5632 Δικαιοσύνη
2844 5564 3159 5635 φυλάσσει
3178 5566 3467 5633 ἀκάκους.
3485 5569 3551 5623 Ἦ
3570 5572 3666 5641 μὲν
3694 5569 3830 5636 ποίη·

2272 5668 2355 5716 σις
2388 5653 2495 5706 τῶν
2536 5654 2631 5707 τοῦ
2682 5655 2818 5709 Θεοῦ
2871 5656 3103 5711 ἐντολῶν
3146 5663 3304 5731 τηρεῖ
3333 5662 3391 5715 ἐν
3415 5662 3494 5734 τῷ
3514 5661 3699 5732 ἀγαθῷ
3722 5660 3831 5720 τοὺς

2267 5746 2719 5817 ἀπηλλαγμένους
2748 5749 2929 5821 πάσης
2964 5750 3185 5814 κακίας.
