3958 6502
24 316 154 377 [249

86 430 253 493 Τοὺς
291 428 359 481 δὲ
392 429 650 495 ἀσεϐεῖς,
679 404 951 498 φαύλους
988 430 1147 482 ποιεῖ
1177 431 1451 499 ἁμαρτία.
1481 430 1621 490 Τοὺς
1652 435 1697 487 Α

24 519 63 569 ἱὲ
99 520 183 587 μὴ
210 517 288 569 δι’
314 518 582 588 ἐργασίας
615 518 722 570 τῶν
753 517 914 570 θείων
976 517 1206 571 ἐντολῶν
1232 518 1506 588 τιμῶντας
1532 519 1625 569 τὸν

24 604 418 673 εντειλάμενον
480 604 686 667 ταύτας
716 604 877 670 Θεὸν,
927 606 1134 669 κακοὺς
1181 605 1557 675 ἀπεργάζεται
1589 606 1623 675 ἡ

24 694 160 746 uti
191 694 534 765 προαίρεσιν
561 695 829 765 ἀποτυχία
861 695 953 748 τοῦ
976 696 1204 761 ἀγαθοῦ.

83 784 153 848 ζ’.
184 785 380 838 Εἰσὶν
402 788 456 839 οἱ
485 786 910 853 πλουτίζοντες
936 786 1211 851 ἑαυτοὺς,
1235 786 1433 856 μηδὲν
1454 787 1627 856 ἔχον-

23 894 134 943 τες.
212 879 339 931 Καὶ
396 879 701 949 ὑπάρχουσι
763 880 863 949 μὲν
934 880 1132 943 οϊτινες
1210 879 1623 947 περιποιοῦνται

23 971 251 1034 ἑαυτοῖς
279 970 380 1022 τὸν
409 971 533 1023 κατ’
562 970 764 1042 ἀρετὴν
815 969 1187 1041 πνευματικὸν
1226 970 1456 1025 πλοῦτον
1483 987 1496 1001 ·
1528 970 1628 1023 εἴτ’

23 1062 75 1111 ἐν
111 1060 449 1131 ὑποκρίσει,
482 1060 560 1123 ώς
587 1060 731 1113 κατὰ
763 1060 1006 1114 διάθεσιν
1046 1061 1405 1132 ἐστερημένοι
1439 1061 1625 1115 αὑτοῦ·

23 1152 119 1201 εἴτ’
152 1150 521 1216 ὲνδιαθέτως,
561 1151 636 1216 ὡς
663 1151 757 1204 τοῦ
793 1153 1106 1222 σωματικοῦ
1150 1153 1503 1223 ἀποροῦντες,
1536 1155 1631 1207 καὶ

23 1246 87 1294 τὰ
119 1243 393 1297 ἐντεῦθεν
436 1244 847 1314 προσπίπτοντα
875 1245 1100 1317 θλιὸερά
1132 1246 1473 1316 εὐχαρίστως
1500 1247 1631 1301 ὑπο-

26 1335 322 1401 μένοντες.

101 1426 220 1479 Καὶ
264 1426 431 1481 εἰσὶν
475 1428 532 1480 οἱ
575 1428 1002 1494 ταπεινοῦντες
1047 1429 1298 1496 ἑαυτοὺς
1328 1431 1397 1483 ἐν
1423 1430 1631 1496 πολλῷ

25 1519 303 1585 πλούτῳ.
344 1518 511 1582 Αὖθις
557 1520 613 1574 δὲ
650 1521 1009 1592 ὑπάρχουσιν,
1057 1524 1253 1587 οἵτινες
1300 1524 1631 1593 κατάγουσιν

27 1612 290 1675 ἑαυτοὺς,
358 1612 466 1666 εἴτε
518 1616 829 1683 πράγματι,
886 1619 948 1668 ὲκ
994 1617 1091 1686 τῆς
1135 1616 1283 1680 Θείας
1326 1618 1491 1687 τιμῆς
1536 1616 1630 1671 τοῦ

28 1704 148 1754 κατ’
199 1703 395 1756 εἰκόνα
429 1704 487 1756 ἐν
516 1704 594 1772 τῷ
651 1705 920 1758 ἀπολέσαι
968 1707 1029 1759 τὸ
1072 1706 1193 1760 καθ’
1236 1707 1514 1777 ὁμοίωσιν,
1542 1706 1633 1761 διὰ

1089 318 1629 379 COMMENTARII
1679 316 1761 375 IN
1802 317 2259 379 PROVERB-IA.

3174 326 3309 386 1350

1799 425 2000 496 [inpios
2033 439 2205 480 autem
2227 444 2418 495 pravos
2443 428 2573 495 facit
2598 444 2891 497 peccatum.
2913 430 3015 496 Qui
3045 448 3174 486 vero
3198 452 3305 488 non

1733 533 1829 587 per
1846 520 2261 574 observantiam
2282 519 2593 573 divinormn
2628 520 3011 574 mandatorum
3038 522 3309 577 honorant

1732 619 2013 663 auctorem
2046 609 2269 663 illorum
2300 608 2489 671 Deum,
2522 610 2621 663 hos
2646 611 2820 665 malos
2848 610 3009 665 elIicit
3037 612 3126 665 illa
3145 627 3308 683 quam

1732 699 2028 753 intendunt
2052 702 2326 769 neglectio
2356 701 2506 757 boni.

1802 789 1970 845 Vens.
2014 792 2066 845 7.
2102 789 2239 845 Sunt
2276 791 2367 860 qui
2407 793 2586 845 ditant
2615 794 2839 862 κίρσοι,
2866 794 2999 847 nihil
3037 794 3307 850 habentes.

1735 880 1873 937 Sunt
1907 882 2000 951 qui
2028 882 2134 935 sibi
2161 890 2422 951 armgant
2446 884 2762 952 spirituales
2810 886 3111 940 secundum
3137 888 3311 941 virtu-

1738 985 1842 1029 tem
1870 974 2091 1027 divitias
2116 990 2130 1039 ;
2158 974 2275 1027 sive
2302 973 2584 1040 simulate,
2620 976 2776 1044 quasi
2801 976 2996 1032 aﬂ'ectu
3024 978 3108 1031 his
3127 978 3310 1046 priva—

1736 1065 1812 1129 ti;
1855 1065 1969 1117 sive
2004 1064 2240 1126 sincere,
2280 1064 2371 1132 qui
2400 1064 2529 1117 dum
2556 1065 2935 1134 corporalibus
2974 1065 3185 1120 divitiis
3217 1081 3311 1119 ca-

1736 1158 1896 1205 reant
1944 1148 2070 1203 inde
2104 1150 2487 1220 contingentes
2540 1165 2818 1206 aerumnas
2844 1167 2971 1206 cum
3008 1153 3308 1223 gratiarum

1736 1244 1954 1297 actione
1984 1243 2293 1299 sustinent.
3222 1228 3225 1231 ’

1811 1422 1876 1476 Et
1910 1432 2035 1477 sunt
2075 1423 2417 1478 humiliuntes
2448 1440 2502 1478 se
2534 1425 2589 1478 in
2622 1424 2803 1480 multis
2838 1426 3069 1481 divitiis.
3103 1425 3307 1480 Iterum

1738 1526 1887 1580 sunt,
1932 1515 2025 1586 qui
2080 1530 2139 1570 se
2187 1515 2519 1582 humiliaut;
2570 1517 2686 1571 sive
2709 1531 2790 1581 re,
2834 1516 2998 1570 Deum
3037 1518 3310 1572 exterior-0

1738 1615 1947 1661 tantum
2004 1608 2213 1661 honore
2247 1610 2512 1672 colentes,
2553 1608 2832 1678 perdendo
2860 1607 3003 1679 quod
3030 1608 3164 1662 nihil
3201 1609 3308 1663 nisi

1740 1700 1979 1769 Speciem
2014 1700 2209 1763 habet,
2239 1715 2335 1769 per
2382 1702 2616 1754 abusum
2650 1701 3100 1770 superﬂuentium
3130 1710 3182 1754 et
3216 1717 3311 1754 su-

28 1795 125 1860 τῆς
152 1796 573 1865 παραχρησεως
597 1796 690 1849 τοῦ
724 1799 981 1865 περιττοῦ
1012 1800 1106 1851 καὶ
1140 1798 1281 1870 ὑπὲρ
1309 1799 1408 1868 τὴν
1431 1800 1621 1870 χρείαν

1754 1808 1826 1844 ira
1854 1794 2234 1847 necessitatem
2267 1793 2654 1846 exsistentium
2693 1793 3055 1862 corporalium
3080 1793 3313 1846 divitia-

34 1886 364 1954 σωματικοῦ
403 1886 656 1950 πλούτου,
712 1889 804 1939 καὶ
849 1890 960 1950 τοῖς
1003 1890 1222 1956 ἀλόγοις
1272 1888 1621 1961 συμφυρῆναι

33 1978 319 2029 πάθεσινυ
371 1976 482 2029 εἴτε
523 1980 865 2049 φρονήματι,
915 1980 973 2032 ὲν
1029 1978 1108 2049 τῷ
1155 1979 1481 2049 πληρώματι
1527 1980 1621 2033 τοῦ

34 2068 175 2121 κατά
198 2068 409 2137 γνῶσιν
440 2070 535 2123 καὶ
570 2070 770 2141 ἀρετὴν
802 2071 1179 2140 πνευματικοῦ
1211 2071 1470 2136 πλούτου,
1500 2073 1625 2125 ἑαυ-

34 2162 161 2222 τοὺς
189 2160 451 2227 ἀναξίους
479 2161 613 2214 Θεοῦ
643 2161 1005 2233 λογιζόμενοι.

102 2259 178 2318 η’.
216 2254 456 2320 Λύτρον
510 2252 715 2322 ψυχῆς
772 2253 1013 2321 ἀνδρὸς,
1063 2256 1096 2309 ὀ
1141 2254 1291 2321 ῑδιος
1338 2255 1620 2321 πλοῦτος.

37 2343 150 2396 Καὶ
206 2342 495 2414 ἐλευθερία
531 2343 631 2413 μέν
682 2344 797 2396 ἐστι
847 2345 945 2415 τῆς
992 2344 1171 2415 ψυχῆς
1219 2344 1316 2397 τοῦ
1362 2345 1625 2413 γενναίως

38 2434 183 2485 κατά
221 2433 336 2486 τῶν
386 2434 577 2488 παθῶν
608 2435 1022 2506 ἀνδριζομένου,
1056 2435 1154 2489 εἷθ’
1191 2437 1219 2489 ὁ
1255 2434 1627 2506 γνησιώτατος

38 2528 104 2595 τῇ
138 2525 312 2577 αὐτοῦ
345 2525 491 2595 ψυχῇ
537 2526 681 2579 κατά
715 2526 918 2595 γνῶσιν
952 2527 1048 2579 καὶ
1091 2526 1294 2597 ἀρετὴν
1330 2544 1626 2596 πνευματι-

39 2616 134 2677 κὸς
170 2614 420 2678 πλοῦτος,
452 2616 528 2677 ώς
559 2615 739 2685 πάσης
765 2616 987 2684 ἀγνοίας
1017 2618 1110 2669 καὶ
1131 2617 1328 2679 κακίας
1355 2617 1628 2669 ἀπαλλάτσ-

40 2724 150 2757 των
183 2708 356 2777 αὑτήν
383 2723 396 2736 ·
432 2706 533 2760 εἷθ’
573 2709 601 2760 ὁ
651 2708 711 2773 ἐξ
750 2708 897 2762 ίδίων
938 2709 1118 2762 πόνων
1150 2709 1437 2779 συναχθεὶς
1477 2707 1626 2778 αύτῷ

47 2799 359 2868 σωματικὸς
384 2799 464 2860 είς
493 2798 733 2871 πένητας
775 2800 1227 2871 σκορπιζόμενος,
1270 2800 1405 2870 πρὸς
1434 2799 1627 2868 λύτρον

46 2891 153 2942 τῶν
182 2890 603 2960 ἁμαρτημάτων
625 2890 813 2945 αὑτοῦ.

118 2986 364 3053 Πτωχὸς
391 2983 459 3036 δὲ
479 2986 593 3052 οὐχ
622 2985 947 3054 ὑφίσταται
993 2985 1273 3051 ἀπειλήν.
1317 2986 1374 3041 ’0
1403 2989 1628 3062 ἐστερη-

53 3076 215 3144 μένος
244 3075 302 3128 es
333 3075 584 3142 πλούτου,
631 3076 741 3129 εἴτε
784 3077 1122 3147 σωματικοῦ,
1169 3080 1277 3132 εἴτε
1329 3096 1627 3150 πνεύματι·
1658 3136 1698 3153 η

50 3168 172 3233 κοῦ,
214 3170 274 3221 ού
313 3168 557 3236 φοϐεῖται
600 3168 831 3240 ἀπειλὴν
858 3170 956 3239 τῆς
996 3170 1295 3242 μελλούσης
1333 3172 1627 3238 κολάσεως,

51 3263 131 3314 ὅτι
165 3260 368 3330 ταύτης
392 3261 457 3315 δι’
488 3260 799 3333 ἀφροσύνην
831 3267 1185 3334 καταφρονεῖ.

126 3354 169 3405 0'
223 3352 350 3418 Φῶς
370 3352 622 3419 δικαίοις
645 3352 742 3407 διὰ
764 3356 1010 3420 παντός.
1033 3356 1139 3408 Καὶ
1167 3356 1226 3409 τὸ
1256 3357 1354 3427 μὲν
1377 3360 1477 3428 τῆς
1511 3358 1630 3411 θεο-

54 3442 289 3508 γνωσίας
338 3442 473 3511 φῶς,
503 3444 566 3494 ἐκ
612 3440 704 3494 τοῦ
750 3442 852 3511 τῆς
892 3442 1238 3515 δικαιοσύνης
1269 3447 1470 3510 Ἡλίου,
1518 3450 1629 3511 τοῖς

55 3531 196 3584 κατά
221 3531 310 3584 τὸν
354 3530 495 3583 θεῖον
528 3531 690 3602 νόμον
732 3531 840 3584 τῶν
892 3533 1122 3587 ἐντολῶν
1171 3537 1625 3608 πολιτευομένοις,

55 3622 129 3685 ώς
156 3623 321 3676 ἀΐδιον
370 3622 668 3693 ἐπιλάμπει
714 3623 959 3686 ἀδύτως’
1013 3626 1155 3678 κατά
1200 3628 1299 3696 μὲν
1336 3628 1399 3680 τὸ
1430 3630 1625 3699 παρὸν,

57 3713 419 3785 ἀμυδρότερον
444 3730 459 3745 ·
492 3715 632 3768 κατά
658 3713 716 3767 δὲ
745 3715 806 3768 τὸ
849 3715 1060 3787 μέλλον,
1094 3719 1422 3791 τρανότερόν
1452 3736 1510 3772 τε
1535 3719 1628 3773 καὶ

58 3805 199 3856 καθα
208 3804 339 3875 ρώτε
348 3821 461 3875 ρον.

128 3912 257 3978 Φῶς
287 3913 352 3966 δὲ
385 3912 622 3967 ἀσεϐῶν
674 3916 1018 3970 σϐέννυται.
1059 3916 1133 3969 Τὸ
1175 3916 1233 3970 δὲ
1282 3918 1379 3989 τῆς
1408 3920 1531 3988 περ’.
1560 3919 1627 3973 τὰ

62 4004 275 4073 φθαρτᾶ
317 4004 439 4058 κατ’
477 4004 730 4073 αἴσθησιν
779 4004 1035 4073 γνώσεως
1067 4006 1344 4075 ἀπατηλὸν
1376 4008 1489 4075 φῶς
1520 4009 1627 4060 τῶν

65 4094 139 4164 μὴ
166 4094 229 4147 δι’
258 4094 428 4165 ἔργων
470 4095 816 4167 δικαιοσύνης
861 4096 1145 4167 τιμώντων
1179 4097 1330 4165 Θεὸν,
1372 4100 1509 4169 ταχὺ
1552 4099 1629 4159 ώς

66 4187 390 4258 πρόσκαιρον
446 4186 787 4256 ἀφανίζεται.

139 4278 326 4346 Ψυχαὶ
385 4278 577 4332 δόλιοι
632 4279 977 4334 πλανῶνται
1023 4280 1094 4333 ἐν
1145 4282 1474 4350 ἁμαρτίαις.
1519 4283 1629 4336 Καὶ

60 4372 228 4440 ψξχαὶ
260 4371 375 4440 μὲν,
408 4371 463 4424 αἱ
494 4369 683 4442 βόθρον
709 4374 820 4435 τοῖς
852 4371 1079 4442 πλησίον
1108 4374 1458 4445 ὀρύσσουσαι,
1486 4378 1629 4429 ἀπα-

1732 1898 1852 1935 rum
1878 1923 1893 1947 ,
1950 1890 2005 1935 et
2044 1881 2526 1936 irrationabilibus
2570 1882 2864 1936 turbantur
2910 1882 3308 1951 passiouibus;

1732 1979 1847 2032 sive
1873 1985 2071 2042 mente,
2101 1977 2449 2031 cumulantes
2471 1974 3100 2045 spiritualessecundum
3126 1976 3307 2029 scien-

1731 2072 1859 2124 tiam
1904 2077 1958 2126 et
2003 2071 2261 2125 virtutem
2297 2070 2539 2135 divitias,
2598 2085 2657 2126 se
2691 2070 2950 2141 indignos
2999 2070 3107 2125 Deo
3150 2086 3313 2139 rcpu-

1732 2169 1875 2217 tant.

1804 2252 1975 2308 Vens.
2000 2253 2053 2308 8.
2096 2252 2406 2321 Redemptio
2436 2253 2633 2307 animo:
2673 2253 2797 2317 viri,
2832 2253 3062 2323 propria!
3086 2252 3307 2308 αἰσίων.

1733 2344 1991 2399 Libertas
2020 2353 2103 2399 est
2137 2344 2333 2397 animae
2353 2344 2474 2413 ejus
2502 2344 2595 2413 qui
2630 2345 2859 2399 viriliter
2883 2352 3075 2399 contra
3098 2347 3311 2413 passio-

1736 2454 1832 2493 nes
1862 2438 2127 2502 luctatur,
2181 2438 2296 2492 sive
2330 2438 2587 2507 legitima:
2617 2436 2739 2506 ejus
2771 2437 2969 2492 animae
3004 2437 3309 2491 secumlum

1736 2529 2024 2584 scientiam
2060 2534 2114 2581 et
2145 2528 2402 2605 virtutem
2447 2526 2764 2595 spirituales
2794 2526 3019 2591 divitiae,
3054 2527 3122 2580 ab
3162 2527 3309 2580 omni

1737 2615 2045 2685 ignorantia
2086 2622 2140 2668 et
2193 2612 2403 2667 malitia
2446 2613 2684 2669 liberant
2721 2628 2881 2678 eum;
2933 2616 3048 2667 sive
3076 2614 3311 2683 propriis

1736 2708 2020 2761 laboribus
2057 2706 2306 2759 collecta}
2353 2706 2671 2791 corporales
2710 2704 2917 2759 divitia:
2950 2706 3003 2760 iu
3045 2722 3311 2776 pauperes

1736 2799 2140 2864 diﬂunduntur,
2168 2799 2233 2851 ad
2266 2799 2606 2853 liberandum
2639 2813 2668 2851 a
2701 2799 2820 2853 suis
2850 2815 2974 2854 eum
3001 2802 3260 2870 peccatis.

1806 2978 2085 3034 Hendicus
2104 2995 2208 3033 non
2237 2978 2463 3033 sustinet
2490 2980 2973 3035 comminationem.
2998 2980 3100 3049 Qui
3129 2993 3310 3037 autem

1737 3073 1985 3141 privatus
2037 3077 2122 3125 est
2166 3069 2397 3134 divitiis,
2444 3071 2561 3125 sive
2612 3072 2887 3140 corporis,
2932 3072 3049 3126 sive
3092 3075 3308 3138 animae,

1738 3179 1845 3218 non
1879 3161 2200 3217 reformidat
2238 3162 2420 3217 minas
2465 3163 2681 3217 venturi
2717 3163 2994 3234 supplicii,
3026 3165 3156 3234 quia
3190 3165 3311 3217 illas

1737 3256 1807 3309 ob
1836 3254 2033 3309 mentis
2058 3253 2432 3323 insipientiam
2461 3252 2717 3323 despicit.

1807 3344 1973 3399 Vens.
2010 3346 2064 3399 9.
2091 3343 2212 3397 Lux
2228 3345 2396 3413 justi:
2426 3360 2648 3412 semper.
2668 3343 2785 3398 Lux
2811 3343 3012 3399 divina:
3043 3343 3308 3408 scientias,

1735 3453 1765 3492 e
1789 3437 1915 3493 Sole
1944 3438 2173 3507 justitia:
2201 3447 2343 3500 orta,
2369 3437 2454 3491 bis
2498 3436 2592 3507 qui
2628 3436 2930 3491 secundum
2966 3436 3137 3506 legem
3173 3436 3310 3489 divi-

1736 3546 1860 3584 nam
1886 3531 2268 3584 mandatorum
2283 3530 2508 3601 degunt,
2533 3538 2742 3584 aeterna
2766 3537 2821 3583 et
2842 3527 3309 3597 inexstinguibilis

1735 3622 1945 3691 fulget;
1993 3622 2045 3675 in
2096 3638 2342 3691 praesens
2382 3623 2716 3688 obscurior;
2762 3620 2819 3692 in
2863 3619 3109 3675 futurum
3154 3636 3307 3685 veto,

1733 3715 1938 3771 clarior
1958 3723 2013 3770 et
2042 3715 2255 3785 purior.

1804 3920 1922 3975 Lua:
1973 3929 2150 3974 autem
2199 3920 2484 3987 impiorum
2521 3921 2901 3992 exstinguitur.
2958 3920 3075 3977 Lux
3127 3930 3306 3978 autem

1733 4013 1968 4068 mendax
2005 4027 2188 4065 rerum
2242 4013 2688 4081 corruptibilium
2732 4014 3034 4068 secundum
3080 4030 3304 4068 sensum
3369 4048 3381 4058 .

1734 4103 2002 4165 scientiae,
2038 4102 2091 4155 in
2115 4102 2200 4155 his
2223 4102 2315 4170 qui
2346 4118 2451 4156 non
2478 4118 2573 4172 per
2594 4106 3109 4174 operumjustitiam
3139 4105 3305 4157 bouu-

1737 4205 1858 4249 raut
1898 4193 2086 4258 Deum,
2120 4195 2267 4248 brevi
2301 4195 2530 4265 fugitiva
2566 4197 2865 4250 evanescit.

1804 4288 2010 4341 Anima:
2049 4288 2248 4342 dolosa:
2299 4298 2483 4341 errant
2529 4289 2581 4340 in
2628 4290 2878 4355 peccatis.
2926 4291 3156 4357 Animae,
3187 4309 3306 4362 qua:

1737 4379 1938 4433 fossam
1973 4380 2222 4448 proximo
2256 4380 2535 4443 fuderunt,
2563 4379 2938 4448 decipiuntur,
2972 4382 3191 4437 sibimet
3220 4386 3304 4436 af-

66 4463 278 4527 τῶνται,
310 4464 526 4527 ἑαυταῖς
581 4462 941 4535 προξενοῦσαι
992 4465 1288 4531 ἀπώλειαν,
1322 4468 1380 4521 ὲν
1424 4463 1503 4531 οἷς
1531 4470 1628 4540 τὴν

1754 4470 1973 4525 erentes
1993 4472 2379 4540 perditionem,
2408 4472 2463 4525 in
2489 4471 2577 4525 his
2597 4472 2798 4540 quibus
2831 4473 3063 4526 aliorum
3087 4474 3302 4529 ruiuatu

66 4554 173 4605 τῶν
204 4554 398 4624 ἑτέρων
436 4552 642 4623 βλάὸην
673 4555 1139 4625 ἐπιτεχνάζονται.

138 4645 345 4697 Δι’καιοι
370 4643 439 4697 δὲ
461 4646 823 4713 οὶκτείρουσι
846 4647 944 4700 καὶ
972 4647 1273 4701 ἐλεοῦσιν.
1302 4649 1365 4703 Οἱ
1391 4650 1460 4703 δι’
1489 4652 1626 4719 ἀγά-

70 4753 174 4805 πης
215 4736 267 4788 δὲ
298 4737 386 4789 τὸν
426 4736 567 4789 θεῖον
612 4738 776 4806 νόμον
802 4738 1159 4808 πληροῦντες,
1207 4736 1385 4796 οἶκτον
1410 4742 1624 4812 λαμόάο

69 4843 214 4879 νουσι
239 4828 339 4879 τῶν
383 4827 821 4894 δυσπαθούντων,
869 4831 964 4882 καὶ
1009 4830 1403 4900 θεραπεύουσιν
1428 4834 1627 4898 αὐτοὺς

69 4921 206 4971 κατὰ
234 4918 452 4986 δύναμιν
471 4934 485 4949 ο
517 4918 617 4988 τὴν
641 4919 847 4972 ἑαυτῶν
879 4920 1131 4973 ἐντεῦθεν
1165 4925 1627 4995 πραγματευόμε-

70 5028 148 5062 νοι
181 5010 462 5079 σωτηρίαν.

141 5107 187 5152 ι’.
234 5100 419 5165 Kaon
449 5101 577 5167 μεθ’
614 5100 834 5170 ὕϐρεως
863 5101 1123 5170 πράσσει
1150 5103 1323 5158 κακά.
1358 5104 1415 5159 ’0
1442 5107 1624 5178 πάσης

73 5191 255 5253 κακίας
283 5192 717 5261 μεμεστωμένος,
749 5193 1118 5263 ἀναισχύντως
1158 5195 1387 5265 πράττει
1429 5197 1499 5250 τὰ
1528 5215 1625 5251 πο-

75 5283 225 5354 νηρά.

132 5375 196 5425 Ol
241 5370 306 5424 δὲ
335 5370 533 5425 αὐτῶν
584 5374 1006 5444 ἐπιγνώμονες,
1054 5377 1253 5446 σοφοί.
1283 5378 1346 5432 Oi
1377 5377 1422 5431 δ’
1448 5379 1507 5431 ὲν
1542 5374 1623 5443 οἷς

73 5462 233 5515 ταῦτα
297 5464 623 5532 πράττουσιν
654 5504 669 5527 ,
743 5464 1197 5534 ἐπιγινώσκοντες
1259 5468 1359 5541 τὴν
1419 5469 1624 5522 οἰκείαν

74 5544 365 5619 ἀσθένειαν,
401 5556 492 5608 καὶ
518 5558 1088 5626 ταπεινοφρονοῦντες,
1133 5561 1254 5613 κατ’
1282 5561 1414 5614 αὐτὸ
1443 5560 1621 5626 τοῦτο,

78 5644 279 5715 μέτοχοι
306 5662 442 5709 τινος
474 5649 664 5717 σοφίας
694 5651 849 5703 εἰσίν.

143 5737 229 5791 ια’.
263 5738 538 5808 ’Υπαρξις
575 5742 1125 5813 ἐπισπουδαζομένη
1170 5741 1320 5812 μετὰ
1348 5744 1620 5814 ἀνομίας,

1734 4563 2139 4617 machinautur.

1799 4654 1948 4708 Justi
1977 4665 2153 4708 autem
2184 4655 2503 4709 miserentur
2528 4662 2580 4707 et
2605 4654 2962 4723 opitulantur.
2997 4654 3100 4721 Qui
3124 4664 3302 4712 autem

1732 4759 1828 4815 per
1855 4745 2179 4799 ebaritatcm
2209 4745 2380 4814 legem
2424 4745 2664 4798 divinam
2710 4744 3030 4814 adimplent,
3066 4746 3303 4803 infortu-

1732 4848 1986 4890 natorum
2020 4836 2372 4902 miserentur,
2413 4845 2466 4891 et
2494 4836 2839 4906 opitulantur
2870 4837 2980 4891 illis
3002 4853 3102 4908 pro
3130 4840 3305 4896 facul-

1731 4927 1963 4991 tatibus,
1994 4926 2219 4981 sibimet
2248 4926 2378 4981 inde
2412 4934 2778 4997 procurantes
2801 4928 3059 4985 salutem.

1800 5107 1971 5163 Vens.
2005 5109 2095 5164 10.
2131 5107 2315 5163 Holus
2345 5126 2464 5164 cum
2483 5113 2804 5166 contumelia
2830 5112 2961 5182 facit
2990 5113 3156 5167 mala.
3198 5112 3301 5180 Qui

1729 5201 1879 5254 omni
1932 5200 2140 5256 malitia
2188 5202 2425 5259 satiatus
2473 5214 2577 5268 est,
2639 5205 2765 5260 sine
2806 5204 3010 5259 rubore
3045 5206 3154 5272 agit
3186 5220 3302 5261 ma-

1729 5291 1897 5363 ligna.

1802 5383 1908 5449 Qui
1934 5392 2110 5438 autem
2140 5385 2222 5437 sui
2260 5384 2496 5453 ipsorum
2519 5385 2815 5456 cognitores
2846 5395 2990 5450 sunt,
3016 5388 3299 5456 sapientes.

1729 5476 1809 5531 Illi
1839 5492 1968 5530 vero
1999 5476 2054 5530 in
2078 5477 2279 5547 quibus
2304 5479 2433 5531 talia
2462 5490 2653 5550 agunt,
2686 5486 2983 5534 noscentes
3023 5481 3301 5549 propriam

1730 5565 2126 5630 inlirmitatem,
2161 5574 2215 5621 et
2239 5567 2520 5624 humiliter
2550 5574 2871 5638 sentientes,
2902 5571 2972 5626 ob
3006 5571 3059 5626 id
3100 5574 3301 5643 ipsum,

1729 5658 2026 5727 participes
2064 5658 2299 5729 alicujus
2332 5662 2616 5731 sapientiae
2650 5663 2807 5719 nunt.

1809 5747 1978 5805 Vens.
2014 5750 2098 5805 il.
2139 5750 2429 5819 Opulentia
2454 5753 2705 5821 festinata
2736 5772 2852 5810 cum
2878 5755 3167 5827 injustitia,
3201 5756 3303 5809 mi-
