4054 6518
178 318 326 385 1353

1249 315 1787 380 COMMENTARII
1828 318 1909 379 ΙΝ
1949 318 2405 381 PROVERBIA.

3309 330 3446 395 i354

259 436 315 487 Ὁ
343 433 414 487 δὲ
444 435 629 501 ἄνους
661 435 778 490 ὑπὸ
834 433 1080 505 παγίδος
1109 433 1397 489 θανεῖται.
1432 434 1491 485 '0
1512 434 1569 488 δὲ
1598 435 1759 505 ἀνόηο

1940 433 2149 489 Stultus
2201 447 2379 491 autem
2422 436 2518 491 sub
2559 437 2746 508 laqueo
2814 441 3087 495 morietur.
3135 440 3447 501 luseusatus
3524 438 3528 442 ’

167 539 269 587 τος
302 522 585 593 συσχεθεὶς
637 525 712 587 ῶς
765 524 871 578 ὑπὸ
920 523 1146 592 παγίδος
1186 524 1353 592 τινὸς,
1393 524 1494 593 τῆς
1531 525 1659 594 περὶ
1700 514 1801 578 τά

170 613 337 675 ὑλικά
359 614 479 668 κατ’
504 614 762 685 αἴσθησιν
789 614 1021 686 πλάνης,
1058 613 1136 686 τῷ
1170 614 1292 668 καθ’
1322 615 1601 685 ἁμαρτίαν
1625 615 1763 668 ὀλεῖ-

168 722 267 759 ται
306 704 547 777 θανάτῳ.

246 824 331 873 ιε’.
368 818 626 885 Σύνεσις
663 817 855 887 ἀγαθὴ
919 816 1133 872 δίδωσι
1182 817 1381 885 χάριν.
1426 814 1491 869 Ἦ
1535 816 1646 871 τῶν
1691 819 1771 872 διο

169 908 487 964 δασκόντων
518 908 829 981 τελειοτέρας
878 909 1012 979 περὶ
1051 908 1120 961 τὰ
1151 907 1269 961 θεῖα
1315 907 1596 979 ἐπιστήμη
1656 910 1769 970 τοῖς

171 1000 584 1065 διδασκομένοις
607 1000 759 1065 Θείας
790 999 1051 1069 γνώσεως
1082 998 1428 1070 μεταδίδωσι.

253 1114 327 1164 To
374 1110 442 1163 δὲ
474 1108 695 1180 γνῶναι
721 1111 912 1179 νόμον
971 1107 1241 1171 διανοίας
1288 1104 1463 1159 ἐστίν
1515 1104 1765 1174 ἀγαθῆς.

176 1201 255 1269 Τὸ
284 1200 333 1253 δ’
363 1201 567 1271 αὐτοὺς,
590 1200 719 1263 τοὺς
776 1198 1259 1269 μαθητευομένους
1288 1195 1615 1249 καταλαϐεῖν
1660 1195 1770 1248 τῶν

175 1292 589 1361 διδασκομένων
622 1292 807 1355 αὐτοῖς
847 1289 1007 1343 θείων
1038 1287 1270 1341 ἐντολῶν
1301 1288 1402 1351 τὰς
1428 1286 1623 1351 αἰτίας,
1659 1285 1772 1339 δια-

176 1383 332 1447 νοίας
356 1384 508 1436 ἐστὶν
537 1380 985 1453 εὐθυδρομούσης
1018 1380 1157 1451 πρὸς
1179 1380 1281 1449 τὴν
1310 1377 1588 1447 ἀλήθειαν.

262 1492 423 1547 Ὀὄοί
454 1492 523 1547 δὲ
551 1491 1113 1562 καταφρονούντων,
1144 1488 1516 1553 ἐνάπωλείᾳ.
1543 1486 1606 1539 Δί
1635 1485 1773 1557 πρά·

178 1582 294 1649 ξεις
325 1583 386 1637 δὲ
427 1584 536 1636 τῶν
575 1584 709 1656 περὶ
746 1585 848 1645 τὰς
896 1582 1047 1645 θείας
1084 1579 1306 1643 ἐντολὰς
1350 1577 1565 1649 ἀμελῶς
1602 1577 1772 1632 διατι-

178 1676 453 1745 θεμένων,
493 1677 623 1746 περὶ
656 1675 718 1728 τὸ
753 1674 923 1744 μηδὲν
968 1671 1384 1741 καταγίνονται’
1435 1671 1493 1724 ἐν
1519 1668 1629 1740 γὰρ
1658 1671 1772 1733 τοῖς

178 1761 305 1820 οὖσι
333 1766 397 1819 τὸ
428 1766 599 1827 κακὸν
630 1758 925 1819 οὐκέστιν.

256 1880 357 1938 ις’.
397 1873 522 1939 Πᾶς
560 1873 899 1943 πανοῦργος
949 1870 1213 1940 πράσσει
1250 1869 1402 1940 μετά
1464 1870 1795 1941 τνώσεωςμ

179 1965 368 2028 ’Δπας
400 1967 429 2017 δ
452 1964 550 2034 τὴν
588 1964 948 2035 ἐνεργητικὴν
970 1962 1164 2017 πασῶν
1189 1962 1296 2016 τῶν
1323 1962 1533 2034 ἀρετῶν
1563 1979 1763 2032 κεκτη·

182 2058 347 2128 μένος
386 2056 673 2127 φρόνησιν,
736 2055 969 2127 πράττει
1018 2055 1119 2119 τὰς
1161 2054 1363 2127 ἀρετὰς
1415 2055 1555 2125 μετά
1581 2054 1761 2124 λόγου,

177 2152 478 2220 διακρίνων
502 2151 610 2206 ἀπὸ
644 2150 737 2205 τοῦ
769 2151 978 2222 ἀγαθοῦ
1008 2152 1071 2207 τὸ
1098 2152 1292 2218 κακὸν,
1321 2152 1414 2206 καὶ
1441 2150 1585 2206 οὕτω
1608 2151 1768 2207 τοῦτο

180 2262 380 2300 ποιων.

266 2353 330 2406 '0
371 2351 441 2406 δὲ
471 2352 678 2422 ἄφρων
738 2352 1063 2417 ἐξεπέτασε
1111 2352 1227 2422 τὴν
1274 2352 1494 2409 ἑαυτοῦ
1526 2352 1762 2408 κακίαν.

192 2443 255 2498 '0
292 2445 351 2498 δέ
383 2446 612 2514 ἀνόητος
637 2446 699 2498 τὸ
726 2448 869 2500 κατὰ
899 2446 1137 2501 διάθεσιν
1176 2444 1505 2516 ἐνδομυχοῦν
1538 2449 1595 2499 ἐν
1619 2446 1769 2517 αὐτῷ

180 2533 358 2586 κακὸν
410 2532 723 2603 ἐξήπλωσε,
755 2534 846 2587 διὰ
873 2533 1128 2605 πράξεως
1174 2536 1254 2597 εἰς
1281 2534 1343 2587 τὸ
1372 2535 1604 2605 φανερὸν
1632 2536 1769 2604 ἀγα-

180 2626 321 2703 γῴν.

259 2736 347 2799 ιζ’.
401 2734 700 2801 Βασιλεὺς
746 2735 975 2804 θρασὺς
1039 2736 1315 2806 ἐμπίπτει
1359 2740 1444 2805 εἰς
1488 2737 1663 2792 κακά.
1710 2738 1769 2791 Ὁ

179 2827 279 2882 τοῦ
334 2830 458 2882 ὅλου
516 2827 808 2900 ἀνθρώπου
860 2829 1214 2899 ἡγεμονεύων
1261 2831 1407 2895 νοῦς,
1454 2832 1503 2884 εί
1553 2831 1628 2901 μὴ
1669 2829 1768 2899 τὴν

183 2920 510 2992 σωματικὴν
551 2920 935 2989 ἐπιγινώσκων
980 2922 1300 2988 ἀσθένειαν,
1344 2922 1766 2992 συγκαταϐαίνει

181 3014 351 3083 αὐτῇ,
380 3013 794 3083 διεξερχόμενος
818 3015 920 3083 τὴν
954 3016 1078 3068 κατ’
1124 3015 1324 3085 ἀρετὴν
1353 3016 1642 3086 μεσότητα,
1690 3012 1764 3077 ὡς

1877 534 2059 580 autem
2113 526 2411 596 impeditus
2455 522 2602 583 velut
2646 528 2701 583 in
2735 530 3067 598 quibusdam
3108 534 3341 598 retibus,
3390 534 3447 588 in

1873 632 1977 673 suo
2010 617 2158 672 circa
2199 620 2445 673 carnalia
2466 620 2773 676 secundum
2806 637 3032 682 sensum
3065 640 3277 692 errore,
3306 639 3448 682 mor-

1872 715 1926 763 te
1966 710 2269 765 secundum
2300 721 2583 780 peccatum
2608 712 2859 783 disperit.

1944 815 2108 874 Vens.
2154 818 2242 874 15.
2280 818 2539 875 Doctrina
2561 821 2698 875 bona
2729 822 2825 875 dat
2853 828 3105 892 gratiam.
3151 823 3455 883 Perfectior

1871 906 2185 963 docentium
2204 909 2355 964 circa
2389 925 2480 965 res
2503 911 2720 967 divinas
2759 912 3034 975 doctrina,
3069 917 3170 968 hos
3196 916 3293 985 qui
3340 917 3455 972 edi-

1874 1005 2037 1051 scunt
2061 997 2260 1052 divinae
2287 998 2530 1054 scientiae
2560 1000 2857 1071 participes
2888 1001 3039 1056 facit.

1948 1101 2279 1172 Cognoscere
2317 1114 2496 1160 autem
2547 1107 2730 1177 legem.
2765 1109 3129 1180 intelligentia:
3166 1122 3242 1165 est
3278 1113 3449 1170 bona.

1872 1192 2110 1257 Quando
2157 1202 2340 1249 autem
2393 1196 2497 1265 ipsi
2541 1197 2800 1267 discipuli
2837 1201 3315 1268 comprehendunt
3358 1204 3451 1261 Dei

1873 1283 2260 1337 mandatorum
2308 1299 2429 1354 qua:
2461 1286 2570 1342 illis
2610 1288 2884 1343 docentur
2924 1304 3143 1353 causas,
3185 1291 3450 1349 indicium

1875 1383 1963 1430 est
1993 1375 2372 1445 intelligentia:
2394 1394 2517 1447 qure
2549 1388 2696 1433 recta
2724 1381 2903 1435 tendit
2932 1383 2999 1436 ad
3034 1383 3344 1439 veritatem.

1957 1482 2068 1538 Via:
2089 1494 2267 1538 autem
2296 1495 2720 1555 contemptorum
2756 1488 2811 1542 in
2846 1488 3161 1557 perditione.
3189 1490 3452 1549 Actiones

1874 1577 2096 1632 illorum
2128 1578 2222 1648 qui
2274 1580 2425 1634 circa
2481 1579 2666 1633 divina
2717 1579 2977 1635 mandata
3019 1583 3356 1653 negligenter
3393 1598 3454 1640 se

1878 1670 2103 1732 habent,
2146 1671 2295 1725 circa
2338 1670 2569 1725 nihilum
2620 1679 2941 1737 morantur;
2974 1673 3031 1727 in
3068 1673 3270 1729 talibus
3303 1674 3446 1731 enim

1798 1777 1840 1833 Β
1870 1763 2073 1817 malum
2107 1779 2215 1818 non
2245 1772 2353 1818 est.

1944 1870 2115 1928 Vens.
2172 1871 2260 1926 16.
2320 1870 2507 1928 Omnis
2548 1862 2759 1928 astutus
2800 1873 2914 1944 agit
2952 1889 3073 1927 cum
3119 1874 3451 1946 cognitione.

1868 1966 2062 2022 Omnis
2090 1965 2187 2037 qui
2213 1959 2451 2036 plenam
2494 1965 2744 2021 omnium
2791 1966 3054 2020 virtutum
3108 1965 3342 2037 adeptus
3369 1975 3454 2022 est

1868 2058 2313 2129 intelligentiam.
2364 2057 2599 2114 virtutes
2638 2066 2861 2114 exercet
2893 2073 3018 2113 cum
3092 2059 3329 2127 ratione,
3365 2062 3453 2116 di-

1868 2148 2107 2206 scrimen
2153 2161 2323 2221 agens
2343 2148 2471 2205 boni
2503 2156 2560 2204 et
2597 2148 2748 2215 mali,
2798 2148 2990 2217 sicque
3025 2148 3159 2206 illud
3219 2150 3447 2209 faciens.

1940 2353 2048 2420 Qui
2079 2361 2259 2406 autem
2298 2352 2499 2406 stultus
2529 2360 2634 2415 est,
2665 2350 2916 2419 patefecit
2946 2368 3103 2407 suam
3138 2353 3450 2423 nequitiam.

1867 2442 2186 2500 lnsensatus
2250 2451 2433 2498 autem
2492 2443 2833 2498 reconditum
2896 2444 2950 2498 in
3007 2444 3193 2499 animo
3249 2450 3451 2501 malum

1871 2537 2160 2609 patefacit,
2200 2551 2298 2606 per
2324 2536 2596 2591 actionem
2638 2535 2774 2591 illud
2807 2537 2987 2607 palam
3035 2538 3354 2595 ostendens.

1940 2734 2111 2790 Vens.
2162 2735 2249 2789 17.
2284 2732 2398 2788 Rea:
2427 2734 2617 2787 audax
2659 2733 2804 2788 cadit
2836 2735 2890 2788 in
2932 2734 3099 2789 mala.
3136 2733 3289 2792 Mens
3333 2752 3455 2808 quae

1868 2830 2043 2878 totum
2101 2824 2374 2878 hominem
2392 2826 2549 2893 regit,
2571 2824 2676 2878 nisi
2710 2826 2959 2893 corporis
2975 2825 3263 2892 debilitati,
3288 2841 3452 2897 quam

1872 2914 2178 2985 cognoscit,
2209 2916 2483 2979 consulat,
2503 2916 2742 2971 mediam
2768 2916 2823 2970 in
2857 2916 3065 2972 virtute
3091 2918 3233 2972 viam
3264 2933 3452 2975 recur-

1869 3020 2021 3073 rens,
2068 3021 2134 3062 ex
2184 3006 2355 3060 nimia
2400 3007 2631 3060 audacia
2680 3006 2833 3062 cadit
2873 3008 2926 3062 in
2974 3008 3325 3066 dillicultates
3380 3012 3452 3068 ob

184 3105 504 3175 παράϐολος
531 3105 856 3176 περιπίπτει
878 3107 994 3169 τοῖς
1024 3105 1147 3159 καθ’
1177 3106 1485 3177 ὑπερϐολὴν
1509 3106 1607 3176 τῆς
1633 3107 1762 3176 ἁρεο

1873 3098 2340 3171 exaggerationem
2364 3100 2581 3155 virtutis
2608 3107 2777 3156 ortas.

182 3194 290 3264 τῆς
329 3194 581 3247 πάθεσιν.

262 3304 548 3373 Ἄγγελος
578 3304 647 3358 δὲ
670 3305 863 3375 σοφὸς
917 3306 1127 3374 ῥύεται
1162 3305 1365 3359 αὐτόν.
1412 3302 1771 3359 Ἀπαλλάττει

185 3396 248 3449 δὲ
277 3397 440 3450 αὐτὸν
466 3397 562 3450 τοῦ
595 3398 844 3451 τοιούτου
881 3398 1155 3460 κινδύνου,
1187 3399 1216 3450 δ
1244 3398 1341 3466 τῆς
1366 3397 1608 3466 μεγάλης
1651 3397 1773 3467 βου-

184 3486 289 3555 λῆς
316 3487 412 3541 τοῦ
448 3487 664 3559 Πατρὸς
696 3488 963 3556 Ἀγγελος
996 3504 1011 3520 ·
1041 3490 1069 3541 ὁ
1090 3486 1250 3555 σοφὸς
1283 3485 1468 3557 ίατρὸς
1490 3487 1601 3539 τῶν
1632 3488 1772 3557 ἡμε-

186 3578 369 3650 τέρων
393 3580 585 3650 ψυχῶν
633 3580 769 3643 Θεὸς
806 3580 998 3648 Λόγος,
1053 3579 1354 3649 συγχωρῶν
1388 3580 1552 3633 αὐτὸν
1588 3580 1770 3633 ποικί-

187 3670 308 3735 λοις
332 3676 653 3742 περιπεσεῖν
692 3660 925 3727 πάθεσιν
945 3689 960 3704 ·
1003 3672 1090 3726 ἵνα
1122 3671 1267 3742 μάθῃ
1304 3674 1767 3743 ταπεινοφρονεῖν,

192 3765 289 3817 καὶ
330 3763 406 3831 μὴ
431 3765 497 3833 τῇ
538 3764 779 3833 διακένῳ
813 3763 940 3835 δόξῃ
967 3762 1386 3832 ἐμματαιάζειν.

266 3877 360 3941 ιη’.
418 3874 639 3925 Πενίαν
695 3872 793 3926 καί
849 3872 1088 3942 ἀτιμίαν
1131 3868 1462 3938 ἀφαιρεῖται
1512 3868 1767 3925 παιδεία.

199 3960 268 4014 Ἦ
322 3959 432 4013 τῶν
476 3960 746 4015 ἀκουσίων
797 3962 974 4014 πόνων
1038 3961 1303 4030 ἐπαγωγὴ
1332 4000 1349 4023 ,
1389 3958 1486 4029 τὴν
1548 3960 1772 4031 σύντρο-

190 4076 294 4127 φον
332 4060 398 4128 τῇ
448 4057 571 4111 καθ’
620 4057 811 4127 ἡδονὴν
857 4054 1115 4109 στενώσει
1159 4054 1416 4125 στέρησιν
1455 4054 1549 4107 τοῦ
1604 4071 1772 4107 πνευ-

190 4144 429 4216 ματικοῦ
500 4145 773 4208 πλούτου,
848 4145 944 4199 καὶ
1000 4146 1069 4200 τὰ
1126 4143 1422 4215 ἀτιμοποιά
1474 4143 1621 4214 πάθη
1674 4161 1771 4196 πε-

196 4237 403 4305 ριαιρεῖ
429 4250 442 4265 ·
500 4237 561 4290 τὸ
605 4234 848 4299 συνειδὸς
894 4235 1242 4306 διεγείρουσα
1292 4235 1372 4297 εἰς
1412 4232 1632 4304 ἔλεγχον
1676 4232 1771 4287 τοῦ

191 4343 392 4381 κακου.

1950 3301 2187 3357 Nuntius
2222 3310 2399 3356 autem
2427 3304 2637 3370 sapiens
2672 3302 2857 3356 liberat
2879 3320 3019 3360 eum.
3049 3305 3304 3362 Custodit
3334 3324 3393 3365 se
3418 3326 3447 3364 a

1872 3390 2037 3447 simili
2076 3382 2321 3461 periculo
2357 3391 2538 3460 magni
2571 3390 2788 3446 consilii
2825 3394 3001 3462 patris
3033 3394 3314 3466 Angelus;
3362 3413 3450 3456 sa-

1872 3484 2029 3554 piens
2060 3492 2375 3538 nostrarum
2412 3484 2722 3537 animarum
2740 3484 3012 3549 medicus,
3037 3486 3181 3544 Deus
3198 3490 3447 3557 verbum,

1878 3574 2202 3640 permittens
2233 3589 2292 3628 se
2323 3573 2494 3628 variis
2538 3574 2776 3630 motibus
2803 3576 3022 3646 agitari,
3051 3587 3107 3632 ut
3128 3578 3323 3635 doceat
3349 3597 3450 3638 nos

1878 3664 2165 3718 humiliter
2205 3664 2436 3728 sentire,
2466 3679 2645 3734 neque
2677 3664 2826 3719 inani
2864 3666 3035 3733 gloria
3066 3667 3266 3725 inﬂari.

1945 3864 2119 3922 Vens.
2154 3866 2240 3921 18.
2281 3864 2671 3935 Paupertatem
2697 3875 2747 3920 et
2776 3868 3123 3938 ignominiam
3164 3869 3339 3937 aufert
3365 3869 3452 3924 di-

1875 3958 2122 4026 sciplina.
2160 3956 2447 4011 IErumnm
2472 3972 2595 4027 quae
2637 3958 2901 4013 invadunt
2945 3959 3164 4027 invitos,
3210 3962 3451 4019 animam

1878 4048 2082 4119 gaudio
2116 4048 2282 4104 simul
2314 4048 2700 4118 spiritualibus
2742 4048 2949 4105 divitiis
2986 4053 3261 4119 privatam
3311 4054 3455 4111 dite-

1875 4148 2060 4205 scunt,
2114 4139 2428 4209 vilibusque
2476 4149 2713 4210 purgant
2757 4144 3135 4211 passionihus,
3164 4148 3453 4203 conscien~

1874 4231 2009 4285 tiam
2041 4229 2334 4287 excitando
2377 4232 2432 4287 in
2465 4232 2955 4303 reprehensionem
2982 4235 3134 4291 mali.

274 4433 341 4486 'O
389 4433 457 4486 δὲ
516 4432 859 4503 φυλάσσων
915 4432 1203 4501 ἐλέγχους
1224 4473 1238 4498 ,
1302 4431 1765 4498 δοξασθήσεται.

1950 4427 2055 4493 Qui
2078 4437 2255 4482 autem
2285 4429 2714 4499 reprehensiones
2747 4431 3010 4494 observat,
3039 4433 3451 4502 glori/icabitur.

207 4522 269 4576 '0
302 4522 360 4576 δὲ
408 4525 537 4587 τοὺς
586 4523 694 4576 τῶν
731 4522 908 4576 πόνων
954 4522 1230 4591 ἐλέγχους,
1280 4521 1354 4591 μὴ
1388 4522 1456 4574 δι’
1479 4521 1770 4592 ὀλιγωρίαν

193 4612 471 4673 ἀπόλλων,
518 4612 653 4667 ἀλλά
713 4613 994 4685 συντηρῶν
1038 4611 1258 4673 τούτους
1314 4612 1444 4684 παρ’
1476 4611 1655 4682 ἐαυτῷ
1704 4612 1771 4666 δι’

191 4704 521 4775 εὐχαρίστου
568 4704 868 4776 ὑπομονῆς,
917 4703 1017 4774 τῆς
1068 4701 1220 4775 παρά
1260 4702 1380 4775 Θεῷ
1409 4702 1658 4770 τεύξεται
1689 4703 1770 4757 δό·

190 4794 315 4865 eu:-

266 4902 353 4957 ιθ’.
421 4901 761 4971 Ἐπιθυμίαι
834 4900 1116 4968 εὐσεϐὧνι
1174 4901 1472 4970 ἡδύνουσι
1536 4902 1771 4972 ⁴ψυχήν.

188 4994 260 5046 Δί
295 4992 426 5062 περὶ
473 4992 534 5045 τὸ
587 4993 793 5061 ἀγαθὸν
840 4991 1057 5061 ἐφέσεις
1105 4992 1213 5046 τῶν
1258 4992 1649 5063 ἀγαθοεργίαις
1689 5010 1773 5046 τι·

198 5084 427 5155 μὼντων
455 5084 611 5148 Θεὸν,
641 5086 708 5155 τῇ
759 5082 952 5137 τούτου
983 5084 1239 5154 ἐπιτυχίᾳ
1274 5085 1627 5154 εὐφραίνουσι
1665 5084 1772 5154 ψυ-

269 5194 317 5231 ν.

269 5194 317 5231 ν.

194 5194 459 5337 “mpm
521 5267 591 5321 δὲ
662 5267 937 5333 ἀσεϐῶν,
1014 5273 1246 5337 μακρὰν
1302 5266 1422 5322 ἀπὸ
1478 5266 1770 5335 γνώσεως.

192 5361 261 5414 Αἱ
311 5360 367 5413 δέ
421 5359 648 5430 πράξεις
721 5360 833 5416 τῶν
894 5359 968 5431 μὴ
1033 5360 1174 5413 οὕτω
1226 5358 1513 5431 τιμώντων
1578 5361 1768 5424 αὑτὸν,

192 5454 384 5525 πόῤῥω
446 5453 546 5523 τῆς
582 5453 678 5507 τοῦ
727 5453 935 5522 ἀγαθοῦ
978 5455 1084 5506 είσι
1136 5451 1412 5521 γνώσεως,
1470 5454 1545 5517 ὡς
1591 5454 1774 5523 ἄλογοι

192 5546 289 5599 καὶ
354 5544 573 5614 ἀπάτης
631 5544 826 5613 μεσταί
853 5561 868 5576 ο
924 5544 1217 5598 κάντεῦθεν
1273 5546 1489 5609 πάντως
1545 5544 1633 5599 διά
1677 5546 1775 5618 τὴν

191 5634 287 5688 τοῦ
334 5632 507 5687 κακοῦ
558 5636 795 5703 πεῖραν,ζ
826 5631 1099 5686 θλίϐουσιν
1158 5632 1223 5685 ἐκ
1276 5631 1637 5702 μεταμελείας
1669 5631 1773 5702 ψυ-

229 5727 314 5779 fv.

193 5744 314 5799 χῃν.
527 5816 806 5877 Ρηῐιοι.
854 5815 970 5878 Gn.
1016 5815 1121 5876 LX
1134 5813 1377 5876 XXVII.

1876 4517 1980 4586 Qui
2026 4521 2290 4577 aerumnis
2322 4522 2595 4576 excitatos
2631 4524 2996 4578 conscientia:
3035 4525 3290 4581 stimulos
3340 4543 3451 4584 non

1876 4613 2285 4685 parvipendens
2321 4614 2603 4685 Opprimit,
2639 4613 2736 4668 sed
2773 4614 2920 4685 apud
2951 4631 3011 4672 se
3046 4615 3192 4672 fovet
3223 4629 3380 4688 grato
3399 4630 3453 4676 et

1876 4705 2155 4759 constanti
2208 4705 2430 4770 animo,
2488 4704 2595 4759 sibi
2646 4705 2790 4774 apud
2860 4706 3031 4763 Deum
3106 4712 3452 4779 comparabit

1874 4795 2110 4850 laudem.
2176 4834 2181 4835 ν

1945 4904 2113 4959 Vens.
2156 4903 2243 4963 19.
2295 4904 2570 4960 Desideria
2616 4905 2827 4973 piorum
2869 4907 3148 4976 lreti/icant
3189 4912 3448 4967 animam.

1875 4993 2055 5047 Animi
2100 4994 2154 5047 in
2192 4994 2395 5056 bonum
2440 4996 2683 5066 impetus
2727 4996 2782 5051 in
2824 4996 2912 5051 his
2943 4999 3037 5068 qui
3076 5000 3236 5055 bonis
3269 5003 3450 5072 operi-

1876 5087 1981 5141 bus
2036 5087 2308 5141 honorant
2363 5086 2564 5153 Deum,
2618 5087 2764 5144 felici
2816 5091 2966 5144 exitu
3012 5091 3284 5148 delectant
3333 5097 3452 5149 aui-

1949 5270 2121 5337 Opera
2168 5280 2343 5325 autem
2371 5271 2653 5341 impiorum
2692 5272 2843 5344 longe
2864 5290 2897 5327 a
2925 5275 3163 5331 scientia.
3194 5279 3451 5335 Actiones

1878 5375 2005 5413 vero
2052 5360 2269 5414 illorum
2313 5362 2405 5431 qui
2480 5378 2590 5416 non
2627 5362 2701 5415 ita
2742 5364 3014 5417 honorant
3064 5364 3256 5433 Deum,
3290 5366 3451 5438 longe

1877 5457 2009 5502 sunt
2038 5463 2066 5502 a
2100 5449 2409 5519 cognitione
2446 5451 2597 5515 boni,
2647 5459 2908 5523 tanquam
2946 5456 3155 5510 ratione
3202 5468 3453 5513 carentes

1877 5549 1925 5594 et
1957 5554 2143 5594 errore
2175 5540 2385 5609 plena;
2420 5551 2474 5596 et
2505 5542 2627 5597 ideo
2656 5543 2728 5597 ob
2759 5545 3114 5601 tentationem
3136 5547 3284 5613 mali,
3304 5542 3452 5603 sem-

1880 5646 1979 5700 per
2011 5644 2304 5689 conterunt
2333 5635 2574 5689 animam
2613 5636 2951 5706 paenitentia.

3054 5819 3131 5882 ίι3
