4054 6504
584 350 725 415 1355

1921 326 2270 391 PROCOPll
2301 325 2548 389 GAZEI

3724 314 3863 382 i356

653 458 821 514 Vens.
850 457 944 514 20.
988 451 1100 522 Qui
1139 447 1388 504 ambulat
1426 460 1545 531 cunt
1576 440 1924 513 sapientibus,
1959 438 2167 508 sapiens

2339 437 2407 495 κ’.
2452 439 2506 491 '0
2534 435 3067 507 συμπορευόμενος
3101 432 3353 504 σοφοῖς,
3401 431 3594 501 σοφὸς
3641 428 3821 484 ἔσται
3847 448 3861 461 ο

577 552 680 607 erit
703 550 827 622 ;qtti
853 557 1029 601 autem
1053 541 1293 597 ambulat
1326 554 1445 592 cum
1466 534 1778 597 intentatis,
1802 538 2164 601 cognoscetur.

579 644 686 709 Qui
717 621 781 696 ad
821 635 1218 711 perfectionem
1249 637 1562 702 praeeuntes
1584 621 2161 695 magistrosimitatur,

582 709 874 808 perfectus
903 730 1070 785 etiam
1100 725 1230 789 erit,
1263 720 1628 778 assimilando
1656 733 1716 773 se
1742 731 1866 771 cum
1899 713 2033 768 illis.
2062 709 2167 777 Qui

577 806 717 883 vero
746 838 874 879 cum
926 818 1228 875 insensatis
1256 823 1429 879 errat,
1479 812 1579 867 etsi
1622 806 1893 864 occultari
1934 806 2166 865 nitatur,

593 931 762 989 opera
801 912 1151 970 tenebrarum
1186 906 1420 971 iaciens,
1475 912 1761 969 nunquam
1813 893 2043 950 omnino
2076 906 2171 945 oc-

593 982 781 1063 cultus
807 1019 931 1060 esse
956 999 1161 1072 poterit
1185 1014 1201 1064 ;
1226 986 1819 1062 divulgabunturenim
1845 984 1967 1055 ejus
1994 982 2170 1037 actio-

591 1115 691 1155 nes
727 1098 784 1152 in
820 1090 1115 1151 metuendo
1146 1086 1438 1145 tribunali.

654 1301 827 1357 Vens.
858 1299 952 1354 21.
976 1295 1292 1351 Peccatores
1319 1286 1653 1360 persequitur
1671 1280 1897 1337 malum.
1925 1275 2049 1331 llos.
2073 1272 2170 1345 qui

580 1394 768 1449 divina
815 1386 1073 1444 mandata
1116 1379 1684 1456 praetergrediuntur,
1725 1380 1930 1427 aeterna
1975 1380 2170 1438 perse-

580 1492 829 1557 quentur
863 1478 1158 1551 supplicia.

650 1592 827 1646 Justiti
851 1598 1030 1643 autem
1058 1582 1422 1639 retribucntur
1448 1578 1608 1631 bona.
1639 1572 1754 1629 Hos
1784 1584 1919 1627 vero
1942 1568 2038 1639 qui
2073 1565 2170 1620 illa

584 1689 855 1746 servant,
897 1689 1104 1733 aeterna
1152 1675 1301 1729 bona
1340 1670 1655 1739 excipient;
1714 1664 1932 1735 quando
1984 1662 2171 1731 justus

582 1773 757 1830 Judex
801 1771 1104 1829 secundum
1130 1766 1327 1822 merita
1360 1764 1563 1833 cuique
1600 1755 1945 1814 retribuerit.

655 1980 831 2037 Vitas.
868 1977 959 2033 22.
1003 1976 1190 2032 Bonus
1213 1975 1296 2029 vir
1321 1970 1639 2029 htereditare
1670 1967 1828 2039 faciet
1860 1964 2001 2035 ﬁlios
2030 1962 2178 2032 ﬁlio-

588 2091 731 2130 rum.
764 2073 870 2140 Qui
910 2081 1107 2127 natura
1164 2077 1251 2124 est
1282 2069 1482 2131 bonus,
1513 2075 1775 2133 tanquam
1801 2058 2180 2127 Deus,unige-

585 2170 736 2224 nitus
768 2165 943 2221 Filius
973 2172 1028 2219 et
1050 2162 1289 2219 Verbum
1328 2159 1421 2215 Dei
1459 2166 1513 2213 et
1550 2155 1728 2210 Patris
1758 2161 1977 2216 natura,
2002 2149 2178 2202 lactus

590 2261 777 2326 homo,
810 2256 1121 2328 possidebit
1146 2254 1291 2309 ﬁlios
1320 2248 1643 2322 spirituales
1669 2246 1871 2301 divina:
1902 2256 2015 2298 sum
2039 2254 2181 2309 prae-

592 2348 912 2412 dicationis,
953 2356 1180 2402 sanctos
1216 2342 1429 2397 scilicet
1457 2337 1763 2409 discipulos
1787 2346 1920 2390 suos
1953 2342 2010 2385 et
2045 2342 2180 2398 apo-

595 2441 799 2505 stolos,
838 2446 894 2495 et
936 2438 1158 2492 illorum
1190 2434 1358 2497 ﬁlios.
1397 2446 1541 2500 quos
1570 2431 1660 2484 isti
1697 2442 1794 2498 per
1823 2421 2179 2493 Evangelium

592 2541 944 2607 genuerunt;
977 2544 1104 2585 cum
1138 2528 1214 2582 ita
1239 2524 1628 2580 transmissum
1652 2521 1727 2575 sit
1748 2519 1953 2573 bonum
1972 2529 2038 2568 ex
2059 2512 2182 2582 ipso

593 2641 693 2697 per
720 2622 1135 2681 successionem
1168 2618 1225 2673 in
1255 2629 1449 2672 omnes
1477 2612 1774 2669 credentes
1801 2609 1857 2664 in
1887 2608 2092 2679 ipsum,
2128 2610 2183 2659 et

592 2717 959 2775 observantes
980 2718 1177 2770 sancta
1211 2706 1388 2781 ipsius
1414 2702 1693 2761 mandata.

666 2894 1130 2952 Thesaurizantur
1172 2897 1351 2945 autem
1396 2885 1567 2958 justi:
1615 2884 1818 2939 divitia:
1872 2884 2181 2955 impiorum.

594 2990 745 3057 Quos
804 2998 864 3043 ut
924 2985 1188 3058 quasdam
1243 2981 1469 3038 divitias
1526 2978 1894 3050 possederunt
1941 2978 2183 3049 pessima

597 3083 767 3138 Deum
805 3096 915 3135 non
963 3075 1206 3134 colentia
1246 3073 1541 3139 daemonia,
1565 3086 1823 3142 quosque
1860 3085 1957 3141 per
1989 3070 2176 3125 dolum

595 3174 701 3231 sibi
735 3171 1128 3233 conciliarunt.
1160 3176 1215 3224 et
1234 3167 1437 3238 quibus
1470 3173 1702 3219 utuntur
1735 3164 1804 3218 ad
1834 3178 2053 3218 omnem
2082 3177 2175 3217 vo-
2204 3153 2247 3211 C

596 3266 831 3323 luntatis
865 3280 981 3321 sua:
1015 3263 1258 3324 libitum,
1282 3261 1335 3315 lii
1375 3257 1584 3314 sanctis
1616 3256 1871 3311 Patribus
1902 3264 1956 3311 et
1986 3256 2183 3311 docto-

596 3362 752 3416 ribus
802 3355 1309 3426 adjudieabttntur,
1345 3350 1420 3403 ita
1462 3355 1522 3403 ut
1568 3348 1968 3403 daemoniorum
2006 3349 2183 3401 servi-

599 3463 713 3507 tute
756 3450 806 3504 vi
858 3449 1173 3503 eximantur
1210 3444 1279 3496 ab
1307 3442 1441 3507 illis,
1472 3441 1546 3494 ita
1588 3441 1821 3495 ditiores
1855 3439 2184 3494 facientibus

598 3560 736 3599 suos
766 3540 1098 3610 discipulos.
1125 3544 1180 3592 et
1220 3535 1287 3591 ad
1322 3535 1494 3588 Deum
1529 3531 1964 3587 adducentibus.

670 3654 837 3709 Vens.
880 3650 973 3706 25.
1005 3646 1155 3701 Justi
1186 3646 1385 3716 facient
1427 3644 1482 3698 in
1531 3643 1733 3697 divitiis
1768 3658 1935 3697 annos
1965 3642 2183 3697 multos.

604 3750 669 3805 lli
702 3749 796 3819 qui
832 3744 1136 3801 secundum
1187 3740 1409 3796 divinas
1463 3737 1609 3809 leges
1652 3737 1879 3806 degunt,
1929 3737 2186 3791 incorru-

612 3838 833 3911 ptibiles
875 3831 1179 3889 secundum
1227 3831 1484 3883 virtutem
1515 3835 1571 3880 et
1627 3825 1916 3880 scientiam
1961 3822 2186 3881 divitias

602 3931 812 4003 adepti,
846 3930 902 3984 in
928 3925 1144 3982 inﬁnita
1172 3920 1373 3979 saecula
1402 3921 1525 3975 illas
1549 3925 1900 3975 conservant.

679 4153 883 4223 lnjusti
931 4160 1110 4206 autem
1144 4147 1364 4219 perdent
1394 4144 1650 4201 celeriter.
1682 4142 1789 4209 Qui
1824 4151 2027 4210 autem,
2057 4142 2186 4198 dum

604 4251 709 4304 hos
730 4245 1080 4305 insimulant,
1106 4242 1160 4295 in
1191 4241 1307 4295 sola
1327 4237 1712 4308 corruptibilia
1738 4244 1912 4291 totum
1935 4237 2188 4292 ardorem

603 4345 899 4399 exercent,
935 4332 1093 4389 brevi
1129 4345 1228 4402 per
1255 4336 1484 4383 mortem
1536 4324 1767 4380 caducis
1803 4326 2190 4395 privabantur,

616 4429 829 4488 divitiis
852 4434 908 4483 et
935 4425 1041 4496 ipsi
1074 4418 1601 4479 condetnnabuntur
1624 4415 1691 4471 ad
1724 4415 2115 4486 perditionem.

681 4648 849 4703 Vens.
881 4638 973 4700 24.
1009 4642 1117 4710 Qui
1141 4640 1312 4711 parcit
1342 4652 1455 4692 suae
1476 4636 1657 4706 virgat,
1684 4634 1796 4689 odit
1824 4633 1994 4703 ﬁlium
2014 4648 2187 4685 suum.

607 4746 711 4810 Qui
746 4742 916 4795 lilium
963 4751 1123 4792 suum
1153 4750 1277 4788 cum
1328 4732 1544 4784 ratione
1590 4744 1696 4781 non
1748 4725 1999 4794 castigat,
2042 4725 2191 4791 virga

610 4834 951 4890 conﬁrmans
985 4843 1111 4883 cum
1156 4826 1209 4879 in
1232 4826 1399 4887 bono,
1436 4822 1574 4874 male
1600 4835 1660 4876 se
1690 4818 1857 4874 habet
1890 4832 2016 4886 erga
2040 4833 2191 4883 eum,

609 4926 741 4997 quia
775 4920 1015 4992 negliget
1046 4915 1194 4988 quod
1234 4914 1282 4969 ei
1308 4913 1551 4984 prodest.

683 5127 785 5193 Qui
809 5135 985 5179 autem
1012 5127 1177 5182 amat,
1207 5113 1489 5183 diligenter
1511 5111 1707 5167 erudit.
1732 5109 1834 5177 Qui
1868 5119 2046 5165 autem
2066 5121 2192 5178 erga

616 5222 790 5277 ﬁlium
826 5220 966 5272 bene
1007 5230 1066 5268 sc
1095 5210 1282 5274 habet,
1312 5206 1548 5261 sollicite
1574 5206 1724 5274 angit
1747 5220 1870 5259 eum
1905 5211 1963 5257 ttt
1986 5208 2197 5257 avertat

619 5332 649 5370 a
691 5312 873 5376 malis,
906 5316 960 5365 et
999 5305 1183 5377 arguit
1222 5310 1282 5356 ut
1310 5299 1549 5355 adducat
1577 5299 1642 5352 ad
1672 5298 1838 5352 bona.

690 5511 865 5567 Vens.
904 5508 996 5564 25.
1032 5505 1221 5561 Justus
1252 5502 1526 5559 comedens
1558 5499 1737 5568 implet
1762 5497 1999 5551 animum
2022 5513 2195 5551 suam.

624 5605 729 5672 Qui
783 5603 1084 5659 secundum
1133 5601 1277 5667 leges
1327 5595 1542 5649 divinas
1589 5591 1757 5663 degit,
1807 5604 1945 5660 pane
1988 5588 2199 5644 occlusti

623 5700 885 5761 nutritus,
932 5692 1229 5748 satiabitur
1255 5704 1379 5746 cum
1416 5685 1736 5759 apparuerit
1764 5683 1843 5740 i.li
1876 5682 2048 5756 gloria
2082 5681 2198 5738 Dei.

2267 536 2302 588 ὁ
2329 532 2397 586 δὲ
2444 530 2974 601 συμπορευόμενος
3016 528 3263 598 ἄφροσι,
3311 526 3756 596 γνωσθήσεται.
3807 524 3864 575 Ὀ

2266 626 2399 689 τοὺς
2432 626 2515 688 εἰς
2548 622 2870 693 τελειότητα
2910 621 3229 692 φθάσαντας
3257 618 3613 681 διδασκάλους
3659 616 3863 687 μιμοῦ-

2266 736 2454 791 μενος,
2482 718 2691 780 τέλειος
2719 704 2814 769 καὶ
2839 714 3001 776 αὐτὸς
3038 714 3211 773 ἔσται,
3244 709 3582 781 ἀφομοιώσει
3627 713 3698 780 τῇ
3728 709 3864 781 πρὸς

2268 808 2501 874 αὐτούς·
2532 811 2561 864 ό
2602 808 2661 862 δὲ
2714 808 2829 871 τοῖς
2878 805 3163 868 ἀσυνέτως
3214 803 3706 873 συναπατῶμενος,
3761 802 3861 853 κᾶν

2268 900 2560 957 λανθάνειν
2605 900 2886 967 ἐπιχειρῇ,
2934 896 3001 949 τά
3046 897 3188 966 ἔργα
3236 894 3333 948 τοῦ
3388 895 3616 957 σκότους
3662 892 3857 955 ποιῶν,

2268 994 2384 1048 ἀλλ’
2410 992 2514 1045 οὐκ
2562 992 2644 1052 είς
2694 990 2844 1043 ἅπαν
2888 986 3072 1040 λαϐεῖν
3127 985 3368 1056 δυνηθῇ“
3402 984 3861 1055 δημοσιευθήσον-

2268 1103 2359 1139 ται
2390 1084 2501 1156 γὰρ
2546 1083 2603 1137 αί
2632 1081 2830 1136 τούτου
2878 1081 3109 1154 πράξεις
3155 1080 3249 1133 ἐπὶ
3278 1077 3379 1131 τοῦ
3415 1077 3657 1149 φοϐεροῦ
3687 1075 3861 1147 βήμα-

2268 1194 2382 1241 τος.

2337 1284 2447 1340 κα’.
2506 1281 2981 1353 Ἀμαρτάνοντας
3030 1278 3461 1343 καταδιώξεται
3505 1278 3685 1332 κακά.
3733 1278 3862 1341 Τοῖς

2269 1376 2367 1437 τὰς
2393 1375 2547 1437 θείας
2587 1372 2811 1436 ἐντολὰς
2857 1370 3295 1442 παραΰαίνουσιν
3326 1372 3381 1423 αί
3415 1368 3625 1424 αίώνιοι
3654 1372 3862 1423 ἐπακο-

2268 1468 2596 1540 λουθήσουσι
2619 1464 2897 1527 κολάσεις.

2344 1577 2493 1644 Τοὺς
2514 1576 2583 1629 δὲ
2611 1575 2885 1640 δικαίους
2922 1569 3339 1639 καταλήψεται
3385 1567 3599 1639 ἀγαθά.
3636 1568 3783 1631 Τοὺς
3809 1568 3864 1621 δὲ

2273 1667 2575 1740 τηροῦντας
2604 1666 2795 1729 αὑτὰς,
2816 1667 2885 1717 τὰ
2928 1663 3126 1717 αἰώνια
3162 1660 3349 1729 ἀγαθά
3384 1659 3691 1729 καταλάϐῃ,
3720 1661 3863 1712 ὅταν

2193 1793 2243 1855 Β
2272 1761 2491 1823 πάντως
2522 1762 2551 1813 ὁ
2602 1757 2815 1820 δίκαιος
2858 1756 3053 1827 κριτὴς
3095 1754 3219 1807 κατ’
3249 1753 3411 1819 ἀξίαν
3440 1751 3683 1821 ὑπονέμῃ
3727 1750 3866 1802 ἑκά-

2278 1873 2407 1928 στῳ.

2348 1968 2453 2039 κβ’.
2492 1966 2729 2037 Ἀγαθός
2787 1964 2945 2035 ἀνὴρ
2989 1960 3440 2032 κληρονομήσει
3480 1958 3647 2025 υἱοὺς
3691 1954 3861 2011 υἱῶν.

2293 2062 2352 2115 Ὅ
2378 2059 2538 2132 φύσει
2562 2059 2789 2128 ἀγαθὸς,
2815 2057 2891 2121 ὡς
2914 2056 3067 2121 Θεὸς,
3094 2056 3392 2127 μονογενὴς
3424 2053 3551 2116 Υίὸς
3578 2052 3669 2105 καὶ
3688 2052 3865 2117 Λόγος

2277 2156 2373 2211 τοῦ
2415 2154 2553 2209 Θεοῦ
2589 2154 2684 2207 καὶ
2730 2152 2948 2224 Πατρὸς
2990 2150 3174 2221 φύσει,
3225 2149 3520 2218 γενόμενος
3556 2146 3863 2216 ἄνθρωπος.

2279 2250 2546 2320 κτήσεται
2597 2245 2765 2299 τέκνα
2809 2260 2869 2298 τε
2903 2241 3253 2313 πνευματικά
3283 2240 3386 2310 τῆς
3440 2238 3714 2304 θειοτάτης
3766 2234 3866 2287 αῦ-

2279 2339 2374 2394 τοῦ
2425 2336 2802 2400 διδασκαλίας,
2854 2336 2980 2398 τοὺς
3026 2334 3216 2403 ἁγίους
3263 2329 3433 2386 αὐτοῦ
3487 2329 3731 2399 μαθητὰς
3768 2325 3865 2379 καὶ

2280 2432 2636 2495 ἀποστόλους,
2682 2430 2778 2484 καὶ
2827 2428 3036 2482 τούτων
3081 2429 3271 2488 τέκνα,
3313 2424 3408 2487 οὒς
3455 2423 3670 2485 πάντως
3713 2413 3862 2472 οὗτοι

2281 2524 2370 2579 διὰ
2393 2523 2487 2577 τοῦ
2511 2521 2846 2590 Εὑαγγελίου
2871 2519 3171 2589 ἐγέννησαν
3196 2533 3209 2546 °
3226 2513 3592 2584 διαδιδομένου
3612 2510 3705 2564 τοῦ
3726 2510 3863 2576 ἀγα·

2282 2614 2376 2669 θοῦ
2413 2614 2472 2678 ἐξ
2504 2612 2693 2677 αὑτοῦ,
2742 2610 2887 2665 κατά
2936 2608 3190 2678 διαδοχὰς
3228 2608 3311 2670 είς
3357 2604 3567 2665 πάντας
3612 2599 3739 2663 τοὺς
3768 2616 3860 2651 πι-

2284 2707 2576 2770 στεύοντάς
2610 2722 2668 2759 τε
2699 2705 2780 2769 εἰς
2803 2702 2985 2768 αὐτὸν,
3018 2704 3111 2754 καὶ
3138 2698 3444 2772 τηροῦντας
3466 2696 3565 2759 τὰς
3590 2694 3746 2762 ἁγίας
3771 2678 3863 2743 αὖ.

2283 2801 2377 2857 τοῦ
2404 2800 2645 2863 ἐντολάς.

2358 2906 2785 2978 Θησαυρίζεται
2833 2904 2902 2959 δὲ
2963 2902 3221 2968 δικαίοις
3270 2898 3542 2964 πλοῦτος
3598 2892 3857 2949 ἀσεϐῶν.

2286 3003 2391 3068 Οὓς
2418 3003 2464 3057 δ’
2491 3001 2566 3065 ὣς
2588 3017 2709 3054 τινα
2737 2996 2967 3051 πλοῦτον
2995 2994 3299 3065 ἐκτήσαντο
3320 2993 3370 3043 oi
3397 2990 3528 3043 Θεὸν
3564 2990 3637 3058 μὴ
3659 2986 3860 3055 τιμῶν-

2285 3114 2377 3160 τες
2408 3092 2773 3164 πονηρότατοι
2801 3088 3079 3160 δαίμονες,
3100 3080 3514 3153 οἰκειωσάμενοί
3552 3095 3610 3131 τε
3636 3078 3703 3130 δι’
3726 3075 3861 3129 ἀπάο

2285 3206 2402 3259 της,
2430 3188 2526 3241 καὶ
2552 3186 2829 3257 χρώμενοι
2866 3180 3080 3241 τούτοις
3119 3176 3255 3248 πρὸς
3284 3177 3393 3228 πᾶν
3425 3174 3486 3226 τὸ
3521 3173 3703 3232 αὐτοῖς
3739 3168 3863 3238 {iou-

2285 3282 2468 3352 λητὸν,
2506 3281 2554 3333 οἱ
2582 3277 2812 3331 τοιοῦτοι
2846 3277 2961 3337 τοῖς
3000 3271 3179 3341 ἁγίοις
3209 3268 3458 3339 Πατράσι
3496 3264 3588 3318 καὶ
3610 3259 3862 3317 διδασκά-

2285 3376 2397 3436 λοις
2430 3372 2897 3441 ἀποταμιεύονται
2920 3385 2933 3399 °
2989 3366 3131 3420 ὥστε
3179 3366 3279 3436 τῆς
3319 3361 3429 3415 τῶν
3458 3357 3725 3427 δαιμόνων
3748 3352 3861 3405 Gou-

2285 3468 2436 3531 λείας
2476 3464 2910 3537 ἀφαρπασθῆναι
2950 3461 3016 3514 δι’
3061 3457 3241 3513 αὐτῶν
3265 3474 3279 3487 ·
3326 3451 3741 3523 πλουτησάντων
3762 3446 3860 3499 αῦ-

2284 3560 2413 3624 τοὺς
2448 3556 2720 3629 μαθητὰς,
2755 3555 2853 3608 καὶ
2885 3549 3358 3624 προσαγαγόντων
3385 3543 3524 3615 Θεῷ.

2356 3678 2463 3741 κγ’.
2494 3670 2719 3723 Δίκαιοι
2748 3665 3120 3733 ποιήσουσιν
3143 3661 3215 3714 ἐν
3239 3658 3485 3721 πλούτῳ
3505 3655 3605 3721 ἔτη
3636 3649 3854 3707 πολλά.

2287 3766 2352 3819 Ol
2398 3764 2539 3817 κατὰ
2595 3763 2723 3823 τοὺς
2775 3758 2955 3821 θείους
3028 3755 3229 3825 νόμους
3288 3748 3712 3819 πολιτευόμενοι,
3762 3742 3857 3795 τὸν

2288 3859 2412 3911 κατ’
2483 3854 2689 3927 ἀρετὴν
2752 3853 2849 3906 καὶ
2910 3849 3115 3919 γνῶσιν
3187 3845 3465 3916 ἄφθαρτον
3533 3839 3856 3908 κτησάμενοι

2288 3950 2542 4010 πλοῦτον,
2575 3948 2656 4010 εἰς
2688 3943 3028 4017 ἀπεράντους
3073 3940 3276 4003 αἰῶνας
3324 3934 3458 4008 παρ’
3486 3931 3631 4003 αὑτῷ
3653 3927 3855 3999 διαμεί-

2289 4058 2476 4097 νωσιν.

2364 4149 2592 4205 Ἀδικοι
2633 4144 2703 4198 δὲ
2748 4140 3120 4198 ἀπολοῦνται
3166 4136 3505 4205 συντόμως.
3540 4134 3599 4186 Οί
3642 4130 3693 4184 δὲ
3730 4127 3855 4180 τού-

2290 4259 2415 4307 τους
2450 4237 2799 4314 ἀθετοῦντες,
2839 4234 2915 4298 ὡς
2954 4228 3084 4304 περὶ
3115 4232 3183 4285 τά
3213 4228 3433 4299 φθαρτὰ
3461 4226 3597 4297 μόνα
3624 4222 3713 4292 τὴν
3743 4220 3853 4271 πᾶ-

2294 4351 2393 4389 σαν
2429 4331 2669 4400 σπουδὴν
2701 4327 3042 4397 ποιούμενοι,
3075 4322 3286 4393 ταχέως
3314 4321 3391 4391 τῷ
3416 4318 3648 4386 θανάτῳ,
3682 4312 3765 4365 τοῦ
3793 4329 3854 4364 τε

2294 4426 2561 4496 ὲπικήρου
2597 4420 3022 4494 στερηθήσονται
3068 4408 3327 4479 πλούτου,
3362 4411 3459 4464 καὶ
3498 4406 3646 4463 αὐτοὶ
3680 4419 3847 4471 παρα-

2213 4497 2268 4560 D
2297 4517 2714 4588 πεμφθήσονταῐ
2748 4512 2827 4573 εἰς
2846 4507 3143 4563 ἀπώλειαν.

2365 4629 2462 4680 κδ’.
2510 4627 2615 4690 Ὃς
2643 4621 2907 4692 φείδεται
2947 4618 3056 4685 τῆς
3084 4613 3303 4668 ἑαυτοῦ
3337 4609 3681 4678 βακτηρίας,
3699 4600 3856 4674 μισεῖ

2293 4719 2402 4773 τὸν
2425 4713 2644 4771 ἑαυτοῦ
2668 4713 2822 4768 υἱόν.
2868 4712 2965 4772 ⁸ος
2997 4707 3071 4778 μὴ
3105 4703 3396 4771 ὲπιστύφει
3419 4702 3511 4754 τὸν
3545 4696 3721 4752 ἑαυτοῦ
3743 4693 3852 4746 υἱὸν

2293 4812 2380 4865 διὰ
2414 4810 2597 4877 λόγου,
2637 4806 2793 4876 δίκην
2827 4801 3129 4874 βακτηρίας
3154 4798 3441 4867 στηρίζων
3470 4793 3656 4847 τοῦτον
3696 4791 3763 4850 εἰς
3788 4786 3848 4837 τι

2298 4903 2527 4970 ἀγαθὸν,
2564 4899 2753 4961 κακῶς
2785 4897 3053 4950 διάκειται
3106 4891 3241 4962 πρὸς
3281 4888 3467 4956 αὐτὸν,
3500 4887 3575 4950 ὡς
3602 4882 3684 4937 τοῦ
3725 4895 3847 4948 συμ-

2298 4997 2556 5069 φόροντος
2586 4991 2762 5061 τούτῳ
2797 4986 3082 5059 καταρᾳθυ
3092 4983 3226 5056 μῶν.

2381 5107 2443 5159 '0
2472 5104 2540 5158 δὲ
2591 5099 2863 5172 ἀγαπῶν,
2905 5093 3203 5166 ἐπιμελῶς
3236 5090 3528 5144 παιδεύει.
3564 5088 3620 5139 '0
3645 5085 3694 5137 δὲ
3722 5078 3844 5151 πρὸς

2295 5199 2485 5254 τοῦτον
2533 5196 2712 5256 καλῶς
2761 5190 3125 5259 διακείμενος,
3182 5180 3670 5254 μεμεριμνημένως
3697 5186 3845 5242 προσ-

2297 5290 2488 5343 κόπτει
2541 5304 2601 5339 τε
2651 5283 2813 5337 αὐτὸν
2862 5279 3188 5347 ἀποτρέπων
3239 5273 3348 5325 τῶν
3383 5271 3459 5341 μὴ
3505 5270 3735 5329 δεόντων,
3762 5261 3845 5312 καὶ

2296 5381 2541 5435 νουθετεῖ
2572 5374 3014 5449 προτρεπόμενος
3050 5368 3186 5440 πρὸς
3213 5365 3281 5419 τὰ
3316 5363 3528 5419 δέοντα.

2370 5498 2468 5547 κε’.
2505 5490 2742 5551 Δίκαιος
2779 5484 3000 5537 ἐσθίων
3063 5477 3363 5550 ἐμπλήσει
3412 5471 3625 5543 ψυχὴν
3664 5460 3843 5523 αὑτοῦ.

2314 5586 2371 5640 Ὀ
2403 5581 2547 5637 κατά
2576 5578 2773 5649 νόμους
2823 5572 3003 5634 θείους
3032 5566 3473 5635 πολιτευόμενος,
3501 5557 3696 5628 τροφὴν
3726 5554 3845 5621 ἒχων

2300 5678 2393 5732 τὸν
2423 5673 2674 5746 οὐράνιον
2722 5667 2906 5737 ἄρτον,
2958 5658 3396 5732 χορτασθήσεται
3440 5654 3499 5709 ὲν
3534 5650 3605 5723 τῷ
3643 5643 3842 5717 ὀφθῆναι
3914 5706 3921 5713 λ

2301 5767 2448 5839 αὐτῷ
2474 5765 2571 5834 τὴν
2600 5759 2757 5824 δόξαν
2788 5754 2883 5810 τοῦ
2911 5749 3070 5807 Θεοῦ.
