  <div class='ocr_page' id='page_1' title='image "/cluster/home/n/w/nwhite01/storage/ocr_20150623/87:1/hvd.32044020319117/686.png"; bbox 0 0 4054 6506; ppageno 0'>
   <div class='ocr_carea' id='block_1_1' title="bbox 252 344 391 408">
    <p class='ocr_par' dir='ltr' id='par_1_1' title="bbox 252 344 391 408">
     <span class='ocr_line' id='line_1_1' title="bbox 252 344 391 408; baseline -0.014 0"><span class='ocrx_word' id='word_1_1' title='bbox 252 344 391 408; x_wconf 79' lang='grc'><strong>1357</strong></span> 
     </span>
    </p>
   </div>
   <div class='ocr_carea' id='block_1_2' title="bbox 1249 323 2399 396">
    <p class='ocr_par' dir='ltr' id='par_1_2' title="bbox 1249 323 2399 396">
     <span class='ocr_line' id='line_1_2' title="bbox 1249 323 2399 396; baseline -0.01 0"><span class='ocrx_word' id='word_1_2' title='bbox 1249 328 1784 396; x_wconf 72' lang='lat' dir='ltr'><strong>COMMENTARII</strong></span> <span class='ocrx_word' id='word_1_3' title='bbox 1817 326 1897 386; x_wconf 83' lang='lat' dir='ltr'><strong>IN</strong></span> <span class='ocrx_word' id='word_1_4' title='bbox 1939 323 2399 385; x_wconf 60' lang='lat' dir='ltr'><strong>PROVERBIA.‘</strong></span> 
     </span>
    </p>
   </div>
   <div class='ocr_carea' id='block_1_3' title="bbox 3358 319 3500 385">
    <p class='ocr_par' dir='ltr' id='par_1_3' title="bbox 3358 319 3500 385">
     <span class='ocr_line' id='line_1_3' title="bbox 3358 319 3500 385; baseline -0.035 0"><span class='ocrx_word' id='word_1_5' title='bbox 3358 319 3500 385; x_wconf 80' lang='lat'><strong>1358</strong></span> 
     </span>
    </p>
   </div>
   <div class='ocr_carea' id='block_1_4' title="bbox 326 429 1846 523">
    <p class='ocr_par' dir='ltr' id='par_1_4' title="bbox 326 435 1829 523">
     <span class='ocr_line' id='line_1_4' title="bbox 326 435 1829 523; baseline -0.012 -16"><span class='ocrx_word' id='word_1_6' title='bbox 326 450 523 523; x_wconf 74' lang='grc' dir='ltr'>Ψυχαὶ</span> <span class='ocrx_word' id='word_1_7' title='bbox 553 450 624 505; x_wconf 73' lang='grc' dir='ltr'>δὲ</span> <span class='ocrx_word' id='word_1_8' title='bbox 644 448 904 515; x_wconf 79' lang='grc' dir='ltr'>ἀσεϐῶν,</span> <span class='ocrx_word' id='word_1_9' title='bbox 934 445 1183 513; x_wconf 76' lang='grc' dir='ltr'>ἐνδεεῖς.</span> <span class='ocrx_word' id='word_1_10' title='bbox 1219 446 1285 499; x_wconf 73' lang='lat' dir='ltr'><strong>At</strong></span> <span class='ocrx_word' id='word_1_11' title='bbox 1314 443 1488 513; x_wconf 69' lang='grc' dir='ltr'>ψυχαὶ</span> <span class='ocrx_word' id='word_1_12' title='bbox 1510 440 1568 495; x_wconf 87' lang='grc' dir='ltr'>δὲ</span> <span class='ocrx_word' id='word_1_13' title='bbox 1614 437 1723 492; x_wconf 90' lang='grc' dir='ltr'><strong>τῶν</strong></span> <span class='ocrx_word' id='word_1_14' title='bbox 1754 435 1829 507; x_wconf 83' lang='grc' dir='ltr'>μὴ</span> 
     </span>
    </p>
   </div>
   <div class='ocr_carea' id='block_1_5' title="bbox 1949 429 3531 523">
    <p class='ocr_par' dir='ltr' id='par_1_5' title="bbox 2002 429 3531 502">
     <span class='ocr_line' id='line_1_5' title="bbox 2002 429 3531 502; baseline -0.001 -16"><span class='ocrx_word' id='word_1_15' title='bbox 2002 434 2210 487; x_wconf 66' lang='lat' dir='ltr'><strong>Anime</strong></span> <span class='ocrx_word' id='word_1_16' title='bbox 2235 441 2411 487; x_wconf 87' lang='lat' dir='ltr'><strong>autem</strong></span> <span class='ocrx_word' id='word_1_17' title='bbox 2445 431 2729 501; x_wconf 81' lang='lat' dir='ltr'><strong>impiorum</strong></span> <span class='ocrx_word' id='word_1_18' title='bbox 2758 429 3072 502; x_wconf 69' lang='lat' dir='ltr'><strong>indigentes.</strong></span> <span class='ocrx_word' id='word_1_19' title='bbox 3093 429 3303 485; x_wconf 71' lang='lat' dir='ltr'><strong>Animae</strong></span> <span class='ocrx_word' id='word_1_20' title='bbox 3323 440 3504 485; x_wconf 88' lang='lat' dir='ltr'><strong>autem</strong></span> <span class='ocrx_word' id='word_1_21' title='bbox 3528 438 3531 442; x_wconf 85' lang='lat'>&#39;</span> 
     </span>
    </p>
   </div>
   <div class='ocr_carea' id='block_1_6' title="bbox 238 528 1826 615">
    <p class='ocr_par' dir='ltr' id='par_1_6' title="bbox 238 528 1826 615">
     <span class='ocr_line' id='line_1_6' title="bbox 238 528 1826 615; baseline -0.013 -15"><span class='ocrx_word' id='word_1_22' title='bbox 238 544 315 600; x_wconf 79' lang='grc' dir='ltr'>δι’</span> <span class='ocrx_word' id='word_1_23' title='bbox 365 543 736 615; x_wconf 84' lang='grc' dir='ltr'>ἀγαθοεργίας</span> <span class='ocrx_word' id='word_1_24' title='bbox 779 542 1069 614; x_wconf 78' lang='grc' dir='ltr'><strong>τιμώντων</strong></span> <span class='ocrx_word' id='word_1_25' title='bbox 1120 539 1212 593; x_wconf 81' lang='grc' dir='ltr'><strong>τὸν</strong></span> <span class='ocrx_word' id='word_1_26' title='bbox 1259 536 1418 599; x_wconf 79' lang='grc' dir='ltr'>Θεὸν,</span> <span class='ocrx_word' id='word_1_27' title='bbox 1473 531 1566 588; x_wconf 90' lang='grc' dir='ltr'><strong>τοῦ</strong></span> <span class='ocrx_word' id='word_1_28' title='bbox 1616 528 1826 599; x_wconf 77' lang='grc' dir='ltr'><strong>ἀγαθοῦ</strong></span> 
     </span>
    </p>
   </div>
   <div class='ocr_carea' id='block_1_7' title="bbox 238 620 1827 708">
    <p class='ocr_par' dir='ltr' id='par_1_7' title="bbox 238 620 1827 708">
     <span class='ocr_line' id='line_1_7' title="bbox 238 620 1827 708; baseline -0.011 -17"><span class='ocrx_word' id='word_1_29' title='bbox 238 636 609 708; x_wconf 68' lang='grc' dir='ltr'>δστερημέναι</span> <span class='ocrx_word' id='word_1_30' title='bbox 641 634 948 706; x_wconf 80' lang='grc' dir='ltr'>ὑπάρχουσι</span> <span class='ocrx_word' id='word_1_31' title='bbox 974 649 989 665; x_wconf 89' lang='grc'><strong>·</strong></span> <span class='ocrx_word' id='word_1_32' title='bbox 1012 632 1106 685; x_wconf 76' lang='grc' dir='ltr'><strong>καὶ</strong></span> <span class='ocrx_word' id='word_1_33' title='bbox 1125 629 1233 685; x_wconf 80' lang='grc' dir='ltr'>ὑπὸ</span> <span class='ocrx_word' id='word_1_34' title='bbox 1255 628 1356 699; x_wconf 84' lang='grc' dir='ltr'>τῆς</span> <span class='ocrx_word' id='word_1_35' title='bbox 1380 625 1572 681; x_wconf 79' lang='grc' dir='ltr'>τούτου</span> <span class='ocrx_word' id='word_1_36' title='bbox 1598 620 1827 685; x_wconf 84' lang='grc' dir='ltr'>ὲνδείας,</span> 
     </span>
    </p>
   </div>
   <div class='ocr_carea' id='block_1_8' title="bbox 238 721 1391 795">
    <p class='ocr_par' dir='ltr' id='par_1_8' title="bbox 238 721 1391 795">
     <span class='ocr_line' id='line_1_8' title="bbox 238 721 1391 795; baseline -0.008 -13"><span class='ocrx_word' id='word_1_37' title='bbox 238 726 323 793; x_wconf 80' lang='grc' dir='ltr'>ὡς</span> <span class='ocrx_word' id='word_1_38' title='bbox 351 726 461 783; x_wconf 81' lang='grc' dir='ltr'><strong>ὑπό</strong></span> <span class='ocrx_word' id='word_1_39' title='bbox 484 743 629 791; x_wconf 83' lang='grc' dir='ltr'>τινος</span> <span class='ocrx_word' id='word_1_40' title='bbox 648 724 821 781; x_wconf 89' lang='grc' dir='ltr'>δεινοῦ</span> <span class='ocrx_word' id='word_1_41' title='bbox 851 722 1043 795; x_wconf 87' lang='grc' dir='ltr'>λοιμοῦ</span> <span class='ocrx_word' id='word_1_42' title='bbox 1076 721 1391 794; x_wconf 82' lang='grc' dir='ltr'>τρύχονται.</span> 
     </span>
    </p>
   </div>
   <div class='ocr_carea' id='block_1_9' title="bbox 837 858 1235 941">
    <p class='ocr_par' dir='ltr' id='par_1_9' title="bbox 837 858 1235 941">
     <span class='ocr_line' id='line_1_9' title="bbox 837 858 1235 941; baseline -0.013 0"><span class='ocrx_word' id='word_1_43' title='bbox 837 858 1090 941; x_wconf 60' lang='lat' dir='ltr'><strong>usus.</strong></span> <span class='ocrx_word' id='word_1_44' title='bbox 1134 884 1235 937; x_wconf 83' lang='lat' dir='ltr'><strong>tA&#39;.</strong></span> 
     </span>
    </p>
   </div>
   <div class='ocr_carea' id='block_1_10' title="bbox 317 1005 1833 1083">
    <p class='ocr_par' dir='ltr' id='par_1_10' title="bbox 317 1005 1833 1083">
     <span class='ocr_line' id='line_1_10' title="bbox 317 1005 1833 1083; baseline -0.006 -14"><span class='ocrx_word' id='word_1_45' title='bbox 317 1019 391 1070; x_wconf 86' lang='grc' dir='ltr'><strong>α’.</strong></span> <span class='ocrx_word' id='word_1_46' title='bbox 420 1013 606 1083; x_wconf 76' lang='grc' dir='ltr'>Σοφαί</span> <span class='ocrx_word' id='word_1_47' title='bbox 632 1011 915 1083; x_wconf 78' lang='grc' dir='ltr'>γυναῖκες</span> <span class='ocrx_word' id='word_1_48' title='bbox 942 1008 1344 1079; x_wconf 82' lang='grc' dir='ltr'>ᾠκοδόμησαν</span> <span class='ocrx_word' id='word_1_49' title='bbox 1401 1006 1628 1072; x_wconf 76' lang='grc' dir='ltr'>οἴκους.</span> <span class='ocrx_word' id='word_1_50' title='bbox 1652 1005 1720 1061; x_wconf 79' lang='grc' dir='ltr'>Δί</span> <span class='ocrx_word' id='word_1_51' title='bbox 1743 1005 1833 1060; x_wconf 82' lang='grc' dir='ltr'>διὰ</span> 
     </span>
    </p>
   </div>
   <div class='ocr_carea' id='block_1_11' title="bbox 243 1094 1831 1177">
    <p class='ocr_par' dir='ltr' id='par_1_11' title="bbox 243 1094 1831 1177">
     <span class='ocr_line' id='line_1_11' title="bbox 243 1094 1831 1177; baseline 0.014 -18"><span class='ocrx_word' id='word_1_52' title='bbox 243 1106 310 1160; x_wconf 72' lang='grc' dir='ltr'>τὸ</span> <span class='ocrx_word' id='word_1_53' title='bbox 354 1108 542 1177; x_wconf 78' lang='grc' dir='ltr'><strong>τηρεῖν</strong></span> <span class='ocrx_word' id='word_1_54' title='bbox 571 1104 661 1159; x_wconf 79' lang='grc' dir='ltr'><strong>τὸν</strong></span> <span class='ocrx_word' id='word_1_55' title='bbox 712 1102 839 1157; x_wconf 82' lang='grc' dir='ltr'>καθ’</span> <span class='ocrx_word' id='word_1_56' title='bbox 879 1101 945 1155; x_wconf 76' lang='grc' dir='ltr'><strong>’ὃν</strong></span> <span class='ocrx_word' id='word_1_57' title='bbox 992 1101 1153 1168; x_wconf 83' lang='grc' dir='ltr'>λόγον</span> <span class='ocrx_word' id='word_1_58' title='bbox 1182 1099 1467 1169; x_wconf 71' lang='grc' dir='ltr'>γεγόνασιν</span> <span class='ocrx_word' id='word_1_59' title='bbox 1509 1097 1702 1166; x_wconf 67' lang='grc' dir='ltr'>σοφίας</span> <span class='ocrx_word' id='word_1_60' title='bbox 1753 1094 1831 1167; x_wconf 71' lang='grc' dir='ltr'><strong>μὴ</strong></span> 
     </span>
    </p>
   </div>
   <div class='ocr_carea' id='block_1_12' title="bbox 243 1188 1834 1269">
    <p class='ocr_par' dir='ltr' id='par_1_12' title="bbox 243 1188 1834 1269">
     <span class='ocr_line' id='line_1_12' title="bbox 243 1188 1834 1269; baseline -0.007 -18"><span class='ocrx_word' id='word_1_61' title='bbox 243 1195 579 1269; x_wconf 83' lang='grc' dir='ltr'>ἀμοιροῦσαι</span> <span class='ocrx_word' id='word_1_62' title='bbox 609 1191 1174 1269; x_wconf 45' lang='grc' dir='ltr'>ψυχαὶηεύτρέπισαν</span> <span class='ocrx_word' id='word_1_63' title='bbox 1214 1191 1459 1254; x_wconf 76' lang='grc' dir='ltr'>ἑαυταῖς,</span> <span class='ocrx_word' id='word_1_64' title='bbox 1506 1188 1650 1244; x_wconf 81' lang='grc' dir='ltr'>κατὰ</span> <span class='ocrx_word' id='word_1_65' title='bbox 1696 1190 1834 1263; x_wconf 78' lang='grc' dir='ltr'>πρᾶ-</span> 
     </span>
    </p>
   </div>
   <div class='ocr_carea' id='block_1_13' title="bbox 248 1260 1836 1360">
    <p class='ocr_par' dir='ltr' id='par_1_13' title="bbox 248 1260 1836 1360">
     <span class='ocr_line' id='line_1_13' title="bbox 248 1260 1836 1360; baseline -0.003 -19"><span class='ocrx_word' id='word_1_66' title='bbox 248 1260 358 1356; x_wconf 72' lang='grc' dir='ltr'>ξίν,</span> <span class='ocrx_word' id='word_1_67' title='bbox 382 1260 481 1352; x_wconf 69' lang='grc' dir='ltr'>τὰς</span> <span class='ocrx_word' id='word_1_68' title='bbox 508 1260 665 1360; x_wconf 80' lang='grc' dir='ltr'>δίκην</span> <span class='ocrx_word' id='word_1_69' title='bbox 692 1260 861 1340; x_wconf 68' lang='grc' dir='ltr'>οίκῶν</span> <span class='ocrx_word' id='word_1_70' title='bbox 890 1260 1000 1340; x_wconf 80' lang='grc' dir='ltr'><strong>ἀπὸ</strong></span> <span class='ocrx_word' id='word_1_71' title='bbox 1026 1283 1122 1339; x_wconf 90' lang='grc' dir='ltr'><strong>τοῦ</strong></span> <span class='ocrx_word' id='word_1_72' title='bbox 1148 1282 1420 1354; x_wconf 86' lang='grc' dir='ltr'>χειμῶνος</span> <span class='ocrx_word' id='word_1_73' title='bbox 1451 1283 1546 1337; x_wconf 83' lang='grc' dir='ltr'>καὶ</span> <span class='ocrx_word' id='word_1_74' title='bbox 1579 1282 1674 1337; x_wconf 86' lang='grc' dir='ltr'><strong>τοῦ</strong></span> <span class='ocrx_word' id='word_1_75' title='bbox 1699 1260 1836 1337; x_wconf 84' lang='grc' dir='ltr'>καύ-</span> 
     </span>
    </p>
   </div>
   <div class='ocr_carea' id='block_1_14' title="bbox 250 1374 1412 1446">
    <p class='ocr_par' dir='ltr' id='par_1_14' title="bbox 250 1374 1412 1446">
     <span class='ocr_line' id='line_1_14' title="bbox 250 1374 1412 1446; baseline -0.004 -12"><span class='ocrx_word' id='word_1_76' title='bbox 250 1396 425 1445; x_wconf 85' lang='grc' dir='ltr'>σωνος</span> <span class='ocrx_word' id='word_1_77' title='bbox 448 1380 558 1434; x_wconf 87' lang='grc' dir='ltr'><strong>τῶν</strong></span> <span class='ocrx_word' id='word_1_78' title='bbox 587 1378 779 1432; x_wconf 86' lang='grc' dir='ltr'>παθῶν</span> <span class='ocrx_word' id='word_1_79' title='bbox 810 1375 1153 1446; x_wconf 61' lang='grc' dir='ltr'>φυλαηικὰς</span> <span class='ocrx_word' id='word_1_80' title='bbox 1191 1374 1412 1446; x_wconf 80' lang='grc' dir='ltr'>ἀρετάς.</span> 
     </span>
    </p>
   </div>
   <div class='ocr_carea' id='block_1_15' title="bbox 338 1505 1836 1578">
    <p class='ocr_par' dir='ltr' id='par_1_15' title="bbox 338 1505 1836 1578">
     <span class='ocr_line' id='line_1_15' title="bbox 338 1505 1836 1578; baseline -0.002 -15"><span class='ocrx_word' id='word_1_81' title='bbox 338 1508 410 1565; x_wconf 84' lang='grc' dir='ltr'><strong><em>Ἥ</em></strong></span> <span class='ocrx_word' id='word_1_82' title='bbox 432 1507 501 1562; x_wconf 75' lang='grc' dir='ltr'>δὲ</span> <span class='ocrx_word' id='word_1_83' title='bbox 523 1508 730 1578; x_wconf 76' lang='grc' dir='ltr'>ἄφρων</span> <span class='ocrx_word' id='word_1_84' title='bbox 757 1505 1073 1577; x_wconf 81' lang='grc' dir='ltr'><strong>γενομένη,</strong></span> <span class='ocrx_word' id='word_1_85' title='bbox 1106 1505 1457 1574; x_wconf 71' lang='grc' dir='ltr'><strong>κατέσκαψε</strong></span> <span class='ocrx_word' id='word_1_86' title='bbox 1483 1506 1701 1575; x_wconf 79' lang='grc' dir='ltr'>χερσιν</span> <span class='ocrx_word' id='word_1_87' title='bbox 1729 1505 1836 1560; x_wconf 83' lang='grc' dir='ltr'><strong>αὐ-</strong></span> 
     </span>
    </p>
   </div>
   <div class='ocr_carea' id='block_1_16' title="bbox 248 1594 1835 1671">
    <p class='ocr_par' dir='ltr' id='par_1_16' title="bbox 248 1594 1835 1671">
     <span class='ocr_line' id='line_1_16' title="bbox 248 1594 1835 1671; baseline -0.006 -15"><span class='ocrx_word' id='word_1_88' title='bbox 248 1601 387 1670; x_wconf 85' lang='grc' dir='ltr'>τῆς.</span> <span class='ocrx_word' id='word_1_89' title='bbox 429 1600 495 1653; x_wconf 86' lang='grc' dir='ltr'><strong>Ἦ</strong></span> <span class='ocrx_word' id='word_1_90' title='bbox 518 1599 574 1653; x_wconf 78' lang='grc' dir='ltr'>δὲ</span> <span class='ocrx_word' id='word_1_91' title='bbox 597 1599 739 1671; x_wconf 74' lang='grc' dir='ltr'>πρὸς</span> <span class='ocrx_word' id='word_1_92' title='bbox 767 1597 995 1667; x_wconf 84' lang='grc' dir='ltr'><strong>ἀλογίαν</strong></span> <span class='ocrx_word' id='word_1_93' title='bbox 1021 1598 1294 1670; x_wconf 80' lang='grc' dir='ltr'>τραφεῖσα</span> <span class='ocrx_word' id='word_1_94' title='bbox 1319 1595 1489 1667; x_wconf 73' lang='grc' dir='ltr'>ψυχὴ,</span> <span class='ocrx_word' id='word_1_95' title='bbox 1518 1595 1616 1660; x_wconf 82' lang='grc' dir='ltr'>τὰς</span> <span class='ocrx_word' id='word_1_96' title='bbox 1645 1594 1835 1649; x_wconf 82' lang='grc' dir='ltr'>τοιαύ-</span> 
     </span>
    </p>
   </div>
   <div class='ocr_carea' id='block_1_17' title="bbox 246 1685 1837 1761">
    <p class='ocr_par' dir='ltr' id='par_1_17' title="bbox 246 1685 1837 1761">
     <span class='ocr_line' id='line_1_17' title="bbox 246 1685 1837 1761; baseline -0.005 -15"><span class='ocrx_word' id='word_1_97' title='bbox 246 1709 357 1757; x_wconf 84' lang='grc' dir='ltr'><strong>τας</strong></span> <span class='ocrx_word' id='word_1_98' title='bbox 419 1691 728 1761; x_wconf 85' lang='grc' dir='ltr'>διέφθειρεν</span> <span class='ocrx_word' id='word_1_99' title='bbox 774 1687 1011 1760; x_wconf 80' lang='grc' dir='ltr'>ἀρετάς’</span> <span class='ocrx_word' id='word_1_100' title='bbox 1065 1686 1390 1759; x_wconf 78' lang='grc' dir='ltr'>χρησαμένη</span> <span class='ocrx_word' id='word_1_101' title='bbox 1443 1686 1584 1758; x_wconf 75' lang='grc' dir='ltr'>πρὸς</span> <span class='ocrx_word' id='word_1_102' title='bbox 1638 1685 1837 1740; x_wconf 79' lang='grc' dir='ltr'>κακίαν</span> 
     </span>
    </p>
   </div>
   <div class='ocr_carea' id='block_1_18' title="bbox 1929 517 3504 592">
    <p class='ocr_par' dir='ltr' id='par_1_18' title="bbox 1929 517 3504 592">
     <span class='ocr_line' id='line_1_18' title="bbox 1929 517 3504 592; baseline -0.004 -15"><span class='ocrx_word' id='word_1_103' title='bbox 1929 535 2117 577; x_wconf 86' lang='lat' dir='ltr'><strong>eorqu</strong></span> <span class='ocrx_word' id='word_1_104' title='bbox 2163 523 2258 592; x_wconf 85' lang='lat' dir='ltr'><strong>qui</strong></span> <span class='ocrx_word' id='word_1_105' title='bbox 2291 537 2387 592; x_wconf 86' lang='lat' dir='ltr'><strong>per</strong></span> <span class='ocrx_word' id='word_1_106' title='bbox 2417 522 2592 576; x_wconf 91' lang='lat' dir='ltr'><strong>bonos</strong></span> <span class='ocrx_word' id='word_1_107' title='bbox 2633 528 2788 575; x_wconf 90' lang='lat' dir='ltr'><strong>actus</strong></span> <span class='ocrx_word' id='word_1_108' title='bbox 2833 536 2941 575; x_wconf 87' lang='lat' dir='ltr'><strong>non</strong></span> <span class='ocrx_word' id='word_1_109' title='bbox 2984 520 3264 574; x_wconf 85' lang='lat' dir='ltr'><strong>honorant</strong></span> <span class='ocrx_word' id='word_1_110' title='bbox 3312 517 3504 581; x_wconf 83' lang='lat' dir='ltr'><strong>Deum,</strong></span> 
     </span>
    </p>
   </div>
   <div class='ocr_carea' id='block_1_19' title="bbox 1936 608 3508 681">
    <p class='ocr_par' dir='ltr' id='par_1_19' title="bbox 1936 608 3508 681">
     <span class='ocr_line' id='line_1_19' title="bbox 1936 608 3508 681; baseline -0.002 -14"><span class='ocrx_word' id='word_1_111' title='bbox 1936 611 2080 667; x_wconf 90' lang='lat' dir='ltr'><strong>bono</strong></span> <span class='ocrx_word' id='word_1_112' title='bbox 2104 611 2416 681; x_wconf 78' lang='lat' dir='ltr'><strong>indigentes</strong></span> <span class='ocrx_word' id='word_1_113' title='bbox 2447 610 2621 675; x_wconf 82' lang='lat' dir='ltr'><strong>ﬁunt;</strong></span> <span class='ocrx_word' id='word_1_114' title='bbox 2644 617 2700 665; x_wconf 88' lang='lat' dir='ltr'><strong>et</strong></span> <span class='ocrx_word' id='word_1_115' title='bbox 2730 610 2835 665; x_wconf 89' lang='lat' dir='ltr'><strong>hac</strong></span> <span class='ocrx_word' id='word_1_116' title='bbox 2858 610 2985 665; x_wconf 90' lang='lat' dir='ltr'><strong>boni</strong></span> <span class='ocrx_word' id='word_1_117' title='bbox 3033 608 3356 678; x_wconf 69' lang='lat' dir='ltr'><strong>indigentia,</strong></span> <span class='ocrx_word' id='word_1_118' title='bbox 3386 616 3508 664; x_wconf 43' lang='lat' dir='ltr'><strong>tand</strong></span> 
     </span>
    </p>
   </div>
   <div class='ocr_carea' id='block_1_20' title="bbox 1931 699 3221 773">
    <p class='ocr_par' dir='ltr' id='par_1_20' title="bbox 1931 699 3221 773">
     <span class='ocr_line' id='line_1_20' title="bbox 1931 699 3221 773; baseline -0.005 -14"><span class='ocrx_word' id='word_1_119' title='bbox 1931 717 2096 773; x_wconf 89' lang='lat' dir='ltr'><strong>quam</strong></span> <span class='ocrx_word' id='word_1_120' title='bbox 2132 701 2386 758; x_wconf 84' lang='lat' dir='ltr'><strong>horribili</strong></span> <span class='ocrx_word' id='word_1_121' title='bbox 2416 699 2655 772; x_wconf 88' lang='lat' dir='ltr'><strong>quadam</strong></span> <span class='ocrx_word' id='word_1_122' title='bbox 2690 699 2835 757; x_wconf 83' lang='lat' dir='ltr'><strong>fame</strong></span> <span class='ocrx_word' id='word_1_123' title='bbox 2872 708 3221 772; x_wconf 84' lang='lat' dir='ltr'><strong>torquentur.</strong></span> 
     </span>
    </p>
   </div>
   <div class='ocr_carea' id='block_1_21' title="bbox 2559 865 2889 923">
    <p class='ocr_par' dir='ltr' id='par_1_21' title="bbox 2559 865 2889 923">
     <span class='ocr_line' id='line_1_21' title="bbox 2559 865 2889 923; baseline -0.006 0"><span class='ocrx_word' id='word_1_124' title='bbox 2559 866 2711 923; x_wconf 81' lang='lat' dir='ltr'><strong>CAP.</strong></span> <span class='ocrx_word' id='word_1_125' title='bbox 2754 865 2889 921; x_wconf 79' lang='lat' dir='ltr'><strong>XIV.</strong></span> 
     </span>
    </p>
   </div>
   <div class='ocr_carea' id='block_1_22' title="bbox 2017 991 3507 1065">
    <p class='ocr_par' dir='ltr' id='par_1_22' title="bbox 2017 991 3507 1065">
     <span class='ocr_line' id='line_1_22' title="bbox 2017 991 3507 1065; baseline -0.002 -15"><span class='ocrx_word' id='word_1_126' title='bbox 2017 996 2187 1050; x_wconf 71' lang='lat' dir='ltr'><strong>Vens.</strong></span> <span class='ocrx_word' id='word_1_127' title='bbox 2218 996 2271 1050; x_wconf 78' lang='grc'><strong>1.</strong></span> <span class='ocrx_word' id='word_1_128' title='bbox 2305 991 2583 1065; x_wconf 81' lang='lat' dir='ltr'><strong>Sapientes</strong></span> <span class='ocrx_word' id='word_1_129' title='bbox 2618 992 2867 1048; x_wconf 84' lang='lat' dir='ltr'><strong>mulieres</strong></span> <span class='ocrx_word' id='word_1_130' title='bbox 2885 991 3279 1062; x_wconf 78' lang='lat' dir='ltr'><strong>tediﬁcaverunt</strong></span> <span class='ocrx_word' id='word_1_131' title='bbox 3302 991 3507 1048; x_wconf 87' lang='lat' dir='ltr'><strong>domos.</strong></span> 
     </span>
    </p>
   </div>
   <div class='ocr_carea' id='block_1_23' title="bbox 1943 1081 3512 1153">
    <p class='ocr_par' dir='ltr' id='par_1_23' title="bbox 1943 1081 3512 1153">
     <span class='ocr_line' id='line_1_23' title="bbox 1943 1081 3512 1153; baseline -0.004 -12"><span class='ocrx_word' id='word_1_132' title='bbox 1943 1083 2077 1152; x_wconf 72' lang='lat' dir='ltr'><strong>Quae</strong></span> <span class='ocrx_word' id='word_1_133' title='bbox 2128 1084 2432 1140; x_wconf 79' lang='lat' dir='ltr'><strong>observant</strong></span> <span class='ocrx_word' id='word_1_134' title='bbox 2477 1083 2774 1148; x_wconf 86' lang='lat' dir='ltr'><strong>rationem,</strong></span> <span class='ocrx_word' id='word_1_135' title='bbox 2814 1097 2922 1153; x_wconf 88' lang='lat' dir='ltr'><strong>qua</strong></span> <span class='ocrx_word' id='word_1_136' title='bbox 2954 1081 3086 1151; x_wconf 76' lang='lat' dir='ltr'><strong>ipsa:</strong></span> <span class='ocrx_word' id='word_1_137' title='bbox 3116 1088 3397 1145; x_wconf 85' lang='lat' dir='ltr'><strong>constant,</strong></span> <span class='ocrx_word' id='word_1_138' title='bbox 3425 1095 3512 1135; x_wconf 78' lang='lat' dir='ltr'><strong>sa-</strong></span> 
     </span>
    </p>
   </div>
   <div class='ocr_carea' id='block_1_24' title="bbox 1934 1170 3512 1249">
    <p class='ocr_par' dir='ltr' id='par_1_24' title="bbox 1934 1170 3512 1249">
     <span class='ocr_line' id='line_1_24' title="bbox 1934 1170 3512 1249; baseline -0.004 -18"><span class='ocrx_word' id='word_1_139' title='bbox 1934 1176 2143 1249; x_wconf 89' lang='lat' dir='ltr'><strong>pientia</strong></span> <span class='ocrx_word' id='word_1_140' title='bbox 2201 1190 2314 1231; x_wconf 88' lang='lat' dir='ltr'><strong>nun</strong></span> <span class='ocrx_word' id='word_1_141' title='bbox 2344 1180 2601 1245; x_wconf 77' lang='lat' dir='ltr'><strong>expertes</strong></span> <span class='ocrx_word' id='word_1_142' title='bbox 2658 1171 2877 1239; x_wconf 66' lang='lat' dir='ltr'><strong>animae,</strong></span> <span class='ocrx_word' id='word_1_143' title='bbox 2932 1170 3037 1226; x_wconf 87' lang='lat' dir='ltr'><strong>sibi</strong></span> <span class='ocrx_word' id='word_1_144' title='bbox 3068 1178 3405 1241; x_wconf 87' lang='lat' dir='ltr'><strong>paraverunt</strong></span> <span class='ocrx_word' id='word_1_145' title='bbox 3445 1171 3512 1224; x_wconf 88' lang='lat' dir='ltr'><strong>ad</strong></span> 
     </span>
    </p>
   </div>
   <div class='ocr_carea' id='block_1_25' title="bbox 1937 1261 3512 1339">
    <p class='ocr_par' dir='ltr' id='par_1_25' title="bbox 1937 1261 3512 1339">
     <span class='ocr_line' id='line_1_25' title="bbox 1937 1261 3512 1339; baseline -0.006 -17"><span class='ocrx_word' id='word_1_146' title='bbox 1937 1266 2210 1339; x_wconf 88' lang='lat' dir='ltr'><strong>agendum</strong></span> <span class='ocrx_word' id='word_1_147' title='bbox 2252 1266 2489 1324; x_wconf 82' lang='lat' dir='ltr'><strong>virtutes</strong></span> <span class='ocrx_word' id='word_1_148' title='bbox 2523 1263 2727 1334; x_wconf 86' lang='lat' dir='ltr'><strong>quibus</strong></span> <span class='ocrx_word' id='word_1_149' title='bbox 2768 1263 3056 1317; x_wconf 90' lang='lat' dir='ltr'><strong>domorum</strong></span> <span class='ocrx_word' id='word_1_150' title='bbox 3105 1261 3279 1317; x_wconf 90' lang='lat' dir='ltr'><strong>instar</strong></span> <span class='ocrx_word' id='word_1_151' title='bbox 3324 1267 3512 1332; x_wconf 77' lang='lat' dir='ltr'><strong>prote-</strong></span> 
     </span>
    </p>
   </div>
   <div class='ocr_carea' id='block_1_26' title="bbox 1943 1353 3336 1431">
    <p class='ocr_par' dir='ltr' id='par_1_26' title="bbox 1943 1353 3336 1431">
     <span class='ocr_line' id='line_1_26' title="bbox 1943 1353 3336 1431; baseline -0.007 -18"><span class='ocrx_word' id='word_1_152' title='bbox 1943 1366 2144 1431; x_wconf 86' lang='lat' dir='ltr'><strong>gantur</strong></span> <span class='ocrx_word' id='word_1_153' title='bbox 2177 1364 2375 1412; x_wconf 87' lang='lat' dir='ltr'><strong>contra</strong></span> <span class='ocrx_word' id='word_1_154' title='bbox 2415 1354 2625 1426; x_wconf 80' lang='lat' dir='ltr'><strong>frigora</strong></span> <span class='ocrx_word' id='word_1_155' title='bbox 2651 1362 2706 1409; x_wconf 89' lang='lat' dir='ltr'><strong>et</strong></span> <span class='ocrx_word' id='word_1_156' title='bbox 2735 1353 2964 1409; x_wconf 88' lang='lat' dir='ltr'><strong>ardores</strong></span> <span class='ocrx_word' id='word_1_157' title='bbox 2992 1353 3336 1423; x_wconf 83' lang='lat' dir='ltr'><strong>passionum.</strong></span> 
     </span>
    </p>
   </div>
   <div class='ocr_carea' id='block_1_27' title="bbox 2014 1477 3512 1556">
    <p class='ocr_par' dir='ltr' id='par_1_27' title="bbox 2014 1477 3512 1556">
     <span class='ocr_line' id='line_1_27' title="bbox 2014 1477 3512 1556; baseline -0.008 -15"><span class='ocrx_word' id='word_1_158' title='bbox 2014 1484 2284 1556; x_wconf 86' lang='lat' dir='ltr'><strong>Insipiens</strong></span> <span class='ocrx_word' id='word_1_159' title='bbox 2329 1491 2508 1538; x_wconf 88' lang='lat' dir='ltr'><strong>autem</strong></span> <span class='ocrx_word' id='word_1_160' title='bbox 2567 1482 2740 1553; x_wconf 77' lang='lat' dir='ltr'><strong>facta,</strong></span> <span class='ocrx_word' id='word_1_161' title='bbox 2782 1480 3046 1536; x_wconf 65' lang='lat' dir='ltr'><strong>destruxit</strong></span> <span class='ocrx_word' id='word_1_162' title='bbox 3092 1480 3205 1534; x_wconf 86' lang='lat' dir='ltr'><strong>suis</strong></span> <span class='ocrx_word' id='word_1_163' title='bbox 3248 1477 3512 1531; x_wconf 85' lang='lat' dir='ltr'><strong>manibus.</strong></span> 
     </span>
    </p>
   </div>
   <div class='ocr_carea' id='block_1_28' title="bbox 1941 1570 3516 1634">
    <p class='ocr_par' dir='ltr' id='par_1_28' title="bbox 1941 1570 3516 1634">
     <span class='ocr_line' id='line_1_28' title="bbox 1941 1570 3516 1634; baseline -0.008 0"><span class='ocrx_word' id='word_1_164' title='bbox 1941 1576 2221 1634; x_wconf 79' lang='lat' dir='ltr'><strong>Conversa</strong></span> <span class='ocrx_word' id='word_1_165' title='bbox 2248 1586 2432 1633; x_wconf 84' lang='lat' dir='ltr'><strong>autem</strong></span> <span class='ocrx_word' id='word_1_166' title='bbox 2467 1575 2537 1632; x_wconf 88' lang='lat' dir='ltr'><strong>ad</strong></span> <span class='ocrx_word' id='word_1_167' title='bbox 2579 1574 2872 1631; x_wconf 80' lang='lat' dir='ltr'><strong>stultitiam</strong></span> <span class='ocrx_word' id='word_1_168' title='bbox 2907 1573 3093 1627; x_wconf 89' lang='lat' dir='ltr'><strong>anima</strong></span> <span class='ocrx_word' id='word_1_169' title='bbox 3117 1570 3255 1625; x_wconf 83' lang='lat' dir='ltr'><strong>tales</strong></span> <span class='ocrx_word' id='word_1_170' title='bbox 3287 1570 3516 1624; x_wconf 81' lang='lat' dir='ltr'><strong>virtutes</strong></span> 
     </span>
    </p>
   </div>
   <div class='ocr_carea' id='block_1_29' title="bbox 1940 1657 3515 1741">
    <p class='ocr_par' dir='ltr' id='par_1_29' title="bbox 1940 1657 3515 1741">
     <span class='ocr_line' id='line_1_29' title="bbox 1940 1657 3515 1741; baseline -0.009 -16"><span class='ocrx_word' id='word_1_171' title='bbox 1940 1672 2211 1741; x_wconf 90' lang='lat' dir='ltr'><strong>corrupit,</strong></span> <span class='ocrx_word' id='word_1_172' title='bbox 2263 1684 2331 1725; x_wconf 90' lang='lat' dir='ltr'><strong>eo</strong></span> <span class='ocrx_word' id='word_1_173' title='bbox 2380 1667 2531 1739; x_wconf 90' lang='lat' dir='ltr'><strong>quod</strong></span> <span class='ocrx_word' id='word_1_174' title='bbox 2574 1679 2676 1722; x_wconf 88' lang='lat' dir='ltr'><strong>usa</strong></span> <span class='ocrx_word' id='word_1_175' title='bbox 2714 1673 2800 1720; x_wconf 90' lang='lat' dir='ltr'><strong>est</strong></span> <span class='ocrx_word' id='word_1_176' title='bbox 2845 1663 2913 1718; x_wconf 86' lang='lat' dir='ltr'><strong>ad</strong></span> <span class='ocrx_word' id='word_1_177' title='bbox 2960 1662 3223 1718; x_wconf 77' lang='lat' dir='ltr'><strong>malitiam</strong></span> <span class='ocrx_word' id='word_1_178' title='bbox 3264 1659 3410 1730; x_wconf 86' lang='lat' dir='ltr'><strong>aptis</strong></span> <span class='ocrx_word' id='word_1_179' title='bbox 3447 1657 3515 1711; x_wconf 90' lang='lat' dir='ltr'><strong>ad</strong></span> 
     </span>
    </p>
   </div>
   <div class='ocr_carea' id='block_1_30' title="bbox 248 1747 1846 1854">
    <p class='ocr_par' dir='ltr' id='par_1_30' title="bbox 248 1747 1840 1854">
     <span class='ocr_line' id='line_1_30' title="bbox 248 1747 1840 1854; baseline -0.004 -18"><span class='ocrx_word' id='word_1_180' title='bbox 248 1747 380 1848; x_wconf 67' lang='grc' dir='ltr'>ταίς</span> <span class='ocrx_word' id='word_1_181' title='bbox 411 1747 554 1854; x_wconf 46' lang='grc' dir='ltr'>πρὸ-ς</span> <span class='ocrx_word' id='word_1_182' title='bbox 581 1747 847 1852; x_wconf 71' lang='grc' dir='ltr'>ἐργασίαν</span> <span class='ocrx_word' id='word_1_183' title='bbox 872 1747 975 1834; x_wconf 81' lang='grc' dir='ltr'><strong>τοῦ</strong></span> <span class='ocrx_word' id='word_1_184' title='bbox 1005 1747 1214 1849; x_wconf 66' lang='grc' dir='ltr'>ἀγαθοῦ</span> <span class='ocrx_word' id='word_1_185' title='bbox 1247 1747 1480 1843; x_wconf 74' lang='grc' dir='ltr'>οἰκείαις</span> <span class='ocrx_word' id='word_1_186' title='bbox 1492 1747 1799 1849; x_wconf 51' lang='grc' dir='ltr'>’δυνάμεσιν</span> <span class='ocrx_word' id='word_1_187' title='bbox 1824 1791 1840 1808; x_wconf 74' lang='grc'><strong>⁸</strong></span> 
     </span>
    </p>
   </div>
   <div class='ocr_carea' id='block_1_31' title="bbox 1949 1747 3518 1854">
    <p class='ocr_par' dir='ltr' id='par_1_31' title="bbox 1949 1747 3518 1831">
     <span class='ocr_line' id='line_1_31' title="bbox 1949 1747 3518 1831; baseline -0.007 -16"><span class='ocrx_word' id='word_1_188' title='bbox 1949 1762 2149 1815; x_wconf 89' lang='lat' dir='ltr'><strong>bonum</strong></span> <span class='ocrx_word' id='word_1_189' title='bbox 2192 1757 2622 1831; x_wconf 87' lang='lat' dir='ltr'><strong>perpetrandum</strong></span> <span class='ocrx_word' id='word_1_190' title='bbox 2670 1752 3051 1817; x_wconf 83' lang='lat' dir='ltr'><strong>facultatibus,</strong></span> <span class='ocrx_word' id='word_1_191' title='bbox 3076 1750 3223 1806; x_wconf 88' lang='lat' dir='ltr'><strong>unde</strong></span> <span class='ocrx_word' id='word_1_192' title='bbox 3248 1764 3308 1806; x_wconf 87' lang='lat' dir='ltr'><strong>se</strong></span> <span class='ocrx_word' id='word_1_193' title='bbox 3339 1747 3518 1804; x_wconf 86' lang='lat' dir='ltr'><strong>omni-</strong></span> 
     </span>
    </p>
   </div>
   <div class='ocr_carea' id='block_1_32' title="bbox 250 1867 1842 1943">
    <p class='ocr_par' dir='ltr' id='par_1_32' title="bbox 250 1867 1842 1943">
     <span class='ocr_line' id='line_1_32' title="bbox 250 1867 1842 1943; baseline -0.004 -15"><span class='ocrx_word' id='word_1_194' title='bbox 250 1875 382 1928; x_wconf 73' lang='grc' dir='ltr'>ὅθεν</span> <span class='ocrx_word' id='word_1_195' title='bbox 446 1874 666 1936; x_wconf 81' lang='grc' dir='ltr'>πάντως</span> <span class='ocrx_word' id='word_1_196' title='bbox 722 1871 924 1927; x_wconf 78' lang='grc' dir='ltr'>πάθεσι</span> <span class='ocrx_word' id='word_1_197' title='bbox 1008 1870 1367 1943; x_wconf 78' lang='grc' dir='ltr'><strong>χειμάζεσθαι</strong></span> <span class='ocrx_word' id='word_1_198' title='bbox 1428 1867 1842 1941; x_wconf 73' lang='grc' dir='ltr'>παρεσκεύασεν</span> 
     </span>
    </p>
   </div>
   <div class='ocr_carea' id='block_1_33' title="bbox 248 1964 479 2035">
    <p class='ocr_par' dir='ltr' id='par_1_33' title="bbox 248 1964 479 2035">
     <span class='ocr_line' id='line_1_33' title="bbox 248 1964 479 2035; baseline 0.009 -19"><span class='ocrx_word' id='word_1_199' title='bbox 248 1964 479 2035; x_wconf 72' lang='grc' dir='ltr'>ἑαυτήν.</span> 
     </span>
    </p>
   </div>
   <div class='ocr_carea' id='block_1_34' title="bbox 327 2085 1843 2163">
    <p class='ocr_par' dir='ltr' id='par_1_34' title="bbox 327 2085 1843 2163">
     <span class='ocr_line' id='line_1_34' title="bbox 327 2085 1843 2163; baseline -0.006 -15"><span class='ocrx_word' id='word_1_200' title='bbox 327 2092 395 2163; x_wconf 83' lang='grc' dir='ltr'><strong>β’.</strong></span> <span class='ocrx_word' id='word_1_201' title='bbox 448 2091 511 2145; x_wconf 89' lang='lat'><strong>&#39;0</strong></span> <span class='ocrx_word' id='word_1_202' title='bbox 560 2090 964 2161; x_wconf 78' lang='grc' dir='ltr'><strong>πορευόμενος</strong></span> <span class='ocrx_word' id='word_1_203' title='bbox 1012 2088 1219 2158; x_wconf 82' lang='grc' dir='ltr'><strong>ὀρθῶς,</strong></span> <span class='ocrx_word' id='word_1_204' title='bbox 1267 2087 1531 2158; x_wconf 77' lang='grc' dir='ltr'>φοϐεῖται</span> <span class='ocrx_word' id='word_1_205' title='bbox 1574 2085 1681 2141; x_wconf 86' lang='grc' dir='ltr'>τὸν</span> <span class='ocrx_word' id='word_1_206' title='bbox 1730 2089 1843 2140; x_wconf 81' lang='lat' dir='ltr'><strong>Ku-</strong></span> 
     </span>
    </p>
   </div>
   <div class='ocr_carea' id='block_1_35' title="bbox 242 2175 1843 2254">
    <p class='ocr_par' dir='ltr' id='par_1_35' title="bbox 242 2175 1843 2254">
     <span class='ocr_line' id='line_1_35' title="bbox 242 2175 1843 2254; baseline -0.004 -16"><span class='ocrx_word' id='word_1_207' title='bbox 242 2201 408 2254; x_wconf 89' lang='grc' dir='ltr'>ριον.</span> <span class='ocrx_word' id='word_1_208' title='bbox 456 2183 516 2238; x_wconf 87' lang='lat'><strong>&#39;0</strong></span> <span class='ocrx_word' id='word_1_209' title='bbox 579 2181 656 2254; x_wconf 82' lang='grc' dir='ltr'>μὴ</span> <span class='ocrx_word' id='word_1_210' title='bbox 703 2180 1105 2254; x_wconf 68' lang='grc' dir='ltr'><strong>ἐκτρεπόμενος</strong></span> <span class='ocrx_word' id='word_1_211' title='bbox 1169 2179 1280 2235; x_wconf 84' lang='grc' dir='ltr'>ἀπὸ</span> <span class='ocrx_word' id='word_1_212' title='bbox 1318 2179 1419 2249; x_wconf 80' lang='grc' dir='ltr'><strong>τῆς</strong></span> <span class='ocrx_word' id='word_1_213' title='bbox 1470 2176 1593 2231; x_wconf 85' lang='grc' dir='ltr'>κατ’</span> <span class='ocrx_word' id='word_1_214' title='bbox 1639 2175 1843 2247; x_wconf 72' lang='grc' dir='ltr'>ἀρετὴν</span> 
     </span>
    </p>
   </div>
   <div class='ocr_carea' id='block_1_36' title="bbox 253 2267 1840 2342">
    <p class='ocr_par' dir='ltr' id='par_1_36' title="bbox 253 2267 1840 2342">
     <span class='ocr_line' id='line_1_36' title="bbox 253 2267 1840 2342; baseline -0.006 -12"><span class='ocrx_word' id='word_1_215' title='bbox 253 2274 477 2339; x_wconf 75' lang='grc' dir='ltr'>εὐθείας</span> <span class='ocrx_word' id='word_1_216' title='bbox 526 2273 674 2339; x_wconf 78' lang='grc' dir='ltr'>ὁδοῦ,</span> <span class='ocrx_word' id='word_1_217' title='bbox 713 2273 807 2329; x_wconf 71' lang='grc' dir='ltr'>τὸν</span> <span class='ocrx_word' id='word_1_218' title='bbox 847 2271 1045 2327; x_wconf 77' lang='grc' dir='ltr'>ἑαυτοῦ</span> <span class='ocrx_word' id='word_1_219' title='bbox 1085 2271 1365 2342; x_wconf 88' lang='grc' dir='ltr'>Δεσπότην</span> <span class='ocrx_word' id='word_1_220' title='bbox 1394 2269 1640 2339; x_wconf 78' lang='grc' dir='ltr'>φοὸεἴται</span> <span class='ocrx_word' id='word_1_221' title='bbox 1666 2267 1800 2323; x_wconf 88' lang='grc' dir='ltr'>Θεόν</span> <span class='ocrx_word' id='word_1_222' title='bbox 1822 2283 1840 2299; x_wconf 74' lang='grc' dir='ltr'><strong>ο</strong></span> 
     </span>
    </p>
   </div>
   <div class='ocr_carea' id='block_1_37' title="bbox 252 2359 1679 2440">
    <p class='ocr_par' dir='ltr' id='par_1_37' title="bbox 252 2359 1679 2440">
     <span class='ocr_line' id='line_1_37' title="bbox 252 2359 1679 2440; baseline -0.006 -19"><span class='ocrx_word' id='word_1_223' title='bbox 252 2361 337 2440; x_wconf 80' lang='grc' dir='ltr'>τῷ</span> <span class='ocrx_word' id='word_1_224' title='bbox 366 2366 475 2439; x_wconf 79' lang='grc' dir='ltr'>γὰρ</span> <span class='ocrx_word' id='word_1_225' title='bbox 508 2365 661 2438; x_wconf 79' lang='grc' dir='ltr'>φόδῳ</span> <span class='ocrx_word' id='word_1_226' title='bbox 686 2365 897 2439; x_wconf 80' lang='grc' dir='ltr'><strong>Κυρίου</strong></span> <span class='ocrx_word' id='word_1_227' title='bbox 929 2363 1178 2420; x_wconf 72' lang='grc' dir='ltr'>ὲκκλίνει</span> <span class='ocrx_word' id='word_1_228' title='bbox 1206 2364 1317 2427; x_wconf 78' lang='grc' dir='ltr'>πᾶς</span> <span class='ocrx_word' id='word_1_229' title='bbox 1345 2361 1456 2415; x_wconf 78' lang='grc' dir='ltr'>ἀπὸ</span> <span class='ocrx_word' id='word_1_230' title='bbox 1482 2359 1679 2416; x_wconf 84' lang='grc' dir='ltr'>κακοῦ.</span> 
     </span>
    </p>
   </div>
   <div class='ocr_carea' id='block_1_38' title="bbox 342 2483 1845 2557">
    <p class='ocr_par' dir='ltr' id='par_1_38' title="bbox 342 2483 1845 2557">
     <span class='ocr_line' id='line_1_38' title="bbox 342 2483 1845 2557; baseline -0.005 -10"><span class='ocrx_word' id='word_1_231' title='bbox 342 2492 409 2546; x_wconf 89' lang='lat'><strong>&#39;0</strong></span> <span class='ocrx_word' id='word_1_232' title='bbox 440 2490 510 2546; x_wconf 75' lang='grc' dir='ltr'>δὲ</span> <span class='ocrx_word' id='word_1_233' title='bbox 537 2489 874 2552; x_wconf 72' lang='grc' dir='ltr'>σκολιάζων</span> <span class='ocrx_word' id='word_1_234' title='bbox 899 2489 1032 2556; x_wconf 84' lang='grc' dir='ltr'>ταῖς</span> <span class='ocrx_word' id='word_1_235' title='bbox 1061 2488 1227 2556; x_wconf 84' lang='grc' dir='ltr'>όδοῖς</span> <span class='ocrx_word' id='word_1_236' title='bbox 1273 2486 1482 2551; x_wconf 87' lang='grc' dir='ltr'>αὐτοῦ,</span> <span class='ocrx_word' id='word_1_237' title='bbox 1515 2483 1845 2557; x_wconf 82' lang='grc' dir='ltr'>ἀτιμασθή-</span> 
     </span>
    </p>
   </div>
   <div class='ocr_carea' id='block_1_39' title="bbox 255 2576 1847 2650">
    <p class='ocr_par' dir='ltr' id='par_1_39' title="bbox 255 2576 1847 2650">
     <span class='ocr_line' id='line_1_39' title="bbox 255 2576 1847 2650; baseline -0.005 -11"><span class='ocrx_word' id='word_1_238' title='bbox 255 2599 453 2639; x_wconf 82' lang='grc' dir='ltr'>σεται.</span> <span class='ocrx_word' id='word_1_239' title='bbox 504 2582 563 2636; x_wconf 88' lang='lat'><strong>&#39;0</strong></span> <span class='ocrx_word' id='word_1_240' title='bbox 606 2581 652 2636; x_wconf 86' lang='grc' dir='ltr'>δ’</span> <span class='ocrx_word' id='word_1_241' title='bbox 705 2583 786 2646; x_wconf 85' lang='grc' dir='ltr'><strong>είς</strong></span> <span class='ocrx_word' id='word_1_242' title='bbox 831 2581 900 2636; x_wconf 80' lang='grc' dir='ltr'>τὰ</span> <span class='ocrx_word' id='word_1_243' title='bbox 931 2580 1055 2637; x_wconf 86' lang='grc' dir='ltr'>κατ’</span> <span class='ocrx_word' id='word_1_244' title='bbox 1098 2579 1337 2650; x_wconf 74' lang='grc' dir='ltr'><strong>ἔλλειψιν</strong></span> <span class='ocrx_word' id='word_1_245' title='bbox 1376 2579 1477 2649; x_wconf 86' lang='grc' dir='ltr'><strong>τῆς</strong></span> <span class='ocrx_word' id='word_1_246' title='bbox 1505 2578 1709 2650; x_wconf 85' lang='grc' dir='ltr'>ἀρετῆς</span> <span class='ocrx_word' id='word_1_247' title='bbox 1750 2576 1847 2632; x_wconf 73' lang='grc' dir='ltr'>καὶ</span> 
     </span>
    </p>
   </div>
   <div class='ocr_carea' id='block_1_40' title="bbox 256 2669 1846 2747">
    <p class='ocr_par' dir='ltr' id='par_1_40' title="bbox 256 2669 1846 2747">
     <span class='ocr_line' id='line_1_40' title="bbox 256 2669 1846 2747; baseline -0.004 -18"><span class='ocrx_word' id='word_1_248' title='bbox 256 2673 569 2747; x_wconf 76' lang='grc' dir='ltr'>ὑπερϐολὴν</span> <span class='ocrx_word' id='word_1_249' title='bbox 625 2674 775 2745; x_wconf 74' lang='grc' dir='ltr'>πάθη</span> <span class='ocrx_word' id='word_1_250' title='bbox 818 2673 1322 2747; x_wconf 84' lang='grc' dir='ltr'>περιτρεπόμενος,</span> <span class='ocrx_word' id='word_1_251' title='bbox 1375 2671 1476 2741; x_wconf 84' lang='grc' dir='ltr'>τῆς</span> <span class='ocrx_word' id='word_1_252' title='bbox 1524 2670 1676 2742; x_wconf 89' lang='grc' dir='ltr'><strong>παρά</strong></span> <span class='ocrx_word' id='word_1_253' title='bbox 1725 2669 1846 2741; x_wconf 85' lang='grc' dir='ltr'><strong>Θεῷ</strong></span> 
     </span>
    </p>
   </div>
   <div class='ocr_carea' id='block_1_41' title="bbox 255 2760 1844 2838">
    <p class='ocr_par' dir='ltr' id='par_1_41' title="bbox 255 2760 1844 2838">
     <span class='ocr_line' id='line_1_41' title="bbox 255 2760 1844 2838; baseline -0.005 -18"><span class='ocrx_word' id='word_1_254' title='bbox 255 2767 428 2837; x_wconf 85' lang='grc' dir='ltr'>τιμῆς</span> <span class='ocrx_word' id='word_1_255' title='bbox 480 2766 913 2838; x_wconf 76' lang='grc' dir='ltr'>στερηθήσεταιο</span> <span class='ocrx_word' id='word_1_256' title='bbox 965 2765 1065 2833; x_wconf 84' lang='grc' dir='ltr'><strong>τῆς</strong></span> <span class='ocrx_word' id='word_1_257' title='bbox 1115 2764 1267 2827; x_wconf 81' lang='grc' dir='ltr'>θείας</span> <span class='ocrx_word' id='word_1_258' title='bbox 1310 2760 1590 2834; x_wconf 82' lang='grc' dir='ltr'>βασιλείας</span> <span class='ocrx_word' id='word_1_259' title='bbox 1640 2760 1844 2815; x_wconf 83' lang='grc' dir='ltr'>ἀποτυ-</span> 
     </span>
    </p>
   </div>
   <div class='ocr_carea' id='block_1_42' title="bbox 256 2857 1280 2932">
    <p class='ocr_par' dir='ltr' id='par_1_42' title="bbox 256 2857 1280 2932">
     <span class='ocr_line' id='line_1_42' title="bbox 256 2857 1280 2932; baseline -0.003 -18"><span class='ocrx_word' id='word_1_260' title='bbox 256 2859 399 2932; x_wconf 79' lang='grc' dir='ltr'>χὼν,</span> <span class='ocrx_word' id='word_1_261' title='bbox 430 2860 525 2915; x_wconf 79' lang='grc' dir='ltr'>καὶ</span> <span class='ocrx_word' id='word_1_262' title='bbox 544 2857 902 2931; x_wconf 72' lang='grc' dir='ltr'>κατακριθεὶς</span> <span class='ocrx_word' id='word_1_263' title='bbox 930 2857 1010 2922; x_wconf 89' lang='grc' dir='ltr'><strong>είς</strong></span> <span class='ocrx_word' id='word_1_264' title='bbox 1031 2857 1280 2926; x_wconf 78' lang='grc' dir='ltr'>γέενναν.</span> 
     </span>
    </p>
   </div>
   <div class='ocr_carea' id='block_1_43' title="bbox 330 2978 1847 3060">
    <p class='ocr_par' dir='ltr' id='par_1_43' title="bbox 330 2978 1847 3060">
     <span class='ocr_line' id='line_1_43' title="bbox 330 2978 1847 3060; baseline -0.009 -15"><span class='ocrx_word' id='word_1_265' title='bbox 330 2990 404 3060; x_wconf 79' lang='grc' dir='ltr'><strong>γ’.</strong></span> <span class='ocrx_word' id='word_1_266' title='bbox 440 2988 543 3045; x_wconf 81' lang='grc' dir='ltr'>Ἕκ</span> <span class='ocrx_word' id='word_1_267' title='bbox 563 2988 861 3057; x_wconf 83' lang='grc' dir='ltr'>στόματος</span> <span class='ocrx_word' id='word_1_268' title='bbox 880 2984 1159 3055; x_wconf 80' lang='grc' dir='ltr'>ἀφρόνων</span> <span class='ocrx_word' id='word_1_269' title='bbox 1196 2981 1498 3051; x_wconf 76' lang='grc' dir='ltr'>βακτηρία</span> <span class='ocrx_word' id='word_1_270' title='bbox 1516 2980 1757 3049; x_wconf 79' lang='grc' dir='ltr'>ὕϐρεως.</span> <span class='ocrx_word' id='word_1_271' title='bbox 1788 2978 1847 3033; x_wconf 90' lang='lat'><strong>&#39;0</strong></span> 
     </span>
    </p>
   </div>
   <div class='ocr_carea' id='block_1_44' title="bbox 1944 1842 3053 1922">
    <p class='ocr_par' dir='ltr' id='par_1_44' title="bbox 1944 1842 3053 1922">
     <span class='ocr_line' id='line_1_44' title="bbox 1944 1842 3053 1922; baseline -0.009 -16"><span class='ocrx_word' id='word_1_272' title='bbox 1944 1865 2016 1906; x_wconf 90' lang='lat' dir='ltr'><strong>no</strong></span> <span class='ocrx_word' id='word_1_273' title='bbox 2044 1849 2399 1922; x_wconf 87' lang='lat' dir='ltr'><strong>passionibus</strong></span> <span class='ocrx_word' id='word_1_274' title='bbox 2435 1844 2746 1920; x_wconf 87' lang='lat' dir='ltr'><strong>agitandam</strong></span> <span class='ocrx_word' id='word_1_275' title='bbox 2781 1842 3053 1915; x_wconf 87' lang='lat' dir='ltr'><strong>permisit.</strong></span> 
     </span>
    </p>
   </div>
   <div class='ocr_carea' id='block_1_45' title="bbox 2014 2055 3518 2129">
    <p class='ocr_par' dir='ltr' id='par_1_45' title="bbox 2014 2055 3518 2129">
     <span class='ocr_line' id='line_1_45' title="bbox 2014 2055 3518 2129; baseline -0.007 -10"><span class='ocrx_word' id='word_1_276' title='bbox 2014 2065 2182 2121; x_wconf 75' lang='lat' dir='ltr'><strong>Vens.</strong></span> <span class='ocrx_word' id='word_1_277' title='bbox 2217 2063 2275 2119; x_wconf 76' lang='grc'><strong>2.</strong></span> <span class='ocrx_word' id='word_1_278' title='bbox 2310 2063 2416 2129; x_wconf 78' lang='lat' dir='ltr'><strong>Qui</strong></span> <span class='ocrx_word' id='word_1_279' title='bbox 2454 2061 2693 2117; x_wconf 85' lang='lat' dir='ltr'><strong>ambulat</strong></span> <span class='ocrx_word' id='word_1_280' title='bbox 2730 2070 2865 2115; x_wconf 85' lang='lat' dir='ltr'><strong>recte</strong></span> <span class='ocrx_word' id='word_1_281' title='bbox 2896 2059 3045 2113; x_wconf 81' lang='lat' dir='ltr'><strong>timet</strong></span> <span class='ocrx_word' id='word_1_282' title='bbox 3070 2056 3380 2112; x_wconf 87' lang='lat' dir='ltr'><strong>Dominum.</strong></span> <span class='ocrx_word' id='word_1_283' title='bbox 3413 2055 3518 2123; x_wconf 86' lang='lat' dir='ltr'><strong>Qui</strong></span> 
     </span>
    </p>
   </div>
   <div class='ocr_carea' id='block_1_46' title="bbox 1943 2149 3519 2213">
    <p class='ocr_par' dir='ltr' id='par_1_46' title="bbox 1943 2149 3519 2213">
     <span class='ocr_line' id='line_1_46' title="bbox 1943 2149 3519 2213; baseline -0.008 -1"><span class='ocrx_word' id='word_1_284' title='bbox 1943 2170 2053 2213; x_wconf 89' lang='lat' dir='ltr'><strong>non</strong></span> <span class='ocrx_word' id='word_1_285' title='bbox 2078 2154 2348 2210; x_wconf 79' lang='lat' dir='ltr'><strong>avertitur</strong></span> <span class='ocrx_word' id='word_1_286' title='bbox 2376 2168 2407 2207; x_wconf 91' lang='lat' dir='ltr'><strong>a</strong></span> <span class='ocrx_word' id='word_1_287' title='bbox 2434 2162 2586 2208; x_wconf 84' lang='lat' dir='ltr'><strong>recta</strong></span> <span class='ocrx_word' id='word_1_288' title='bbox 2608 2150 2913 2208; x_wconf 88' lang='lat' dir='ltr'><strong>secundum</strong></span> <span class='ocrx_word' id='word_1_289' title='bbox 2946 2149 3204 2205; x_wconf 81' lang='lat' dir='ltr'><strong>virtutem</strong></span> <span class='ocrx_word' id='word_1_290' title='bbox 3226 2149 3335 2213; x_wconf 89' lang='lat' dir='ltr'><strong>via,</strong></span> <span class='ocrx_word' id='word_1_291' title='bbox 3358 2162 3519 2201; x_wconf 89' lang='lat' dir='ltr'><strong>suum</strong></span> 
     </span>
    </p>
   </div>
   <div class='ocr_carea' id='block_1_47' title="bbox 1942 2239 3520 2310">
    <p class='ocr_par' dir='ltr' id='par_1_47' title="bbox 1942 2239 3520 2310">
     <span class='ocr_line' id='line_1_47' title="bbox 1942 2239 3520 2310; baseline -0.005 -8"><span class='ocrx_word' id='word_1_292' title='bbox 1942 2246 2237 2303; x_wconf 84' lang='lat' dir='ltr'><strong>Dominum</strong></span> <span class='ocrx_word' id='word_1_293' title='bbox 2279 2247 2435 2302; x_wconf 89' lang='lat' dir='ltr'><strong>timet</strong></span> <span class='ocrx_word' id='word_1_294' title='bbox 2460 2243 2670 2310; x_wconf 86' lang='lat' dir='ltr'><strong>Deum;</strong></span> <span class='ocrx_word' id='word_1_295' title='bbox 2701 2244 2898 2300; x_wconf 89' lang='lat' dir='ltr'><strong>timore</strong></span> <span class='ocrx_word' id='word_1_296' title='bbox 2917 2244 3070 2299; x_wconf 87' lang='lat' dir='ltr'><strong>enim</strong></span> <span class='ocrx_word' id='word_1_297' title='bbox 3099 2239 3317 2298; x_wconf 84' lang='lat' dir='ltr'><strong>Domini</strong></span> <span class='ocrx_word' id='word_1_298' title='bbox 3349 2240 3520 2296; x_wconf 88' lang='lat' dir='ltr'><strong>decli-</strong></span> 
     </span>
    </p>
   </div>
   <div class='ocr_carea' id='block_1_48' title="bbox 1946 2335 2709 2394">
    <p class='ocr_par' dir='ltr' id='par_1_48' title="bbox 1946 2335 2709 2394">
     <span class='ocr_line' id='line_1_48' title="bbox 1946 2335 2709 2394; baseline -0.004 0"><span class='ocrx_word' id='word_1_299' title='bbox 1946 2347 2043 2394; x_wconf 88' lang='lat' dir='ltr'><strong>nat</strong></span> <span class='ocrx_word' id='word_1_300' title='bbox 2074 2338 2256 2394; x_wconf 87' lang='lat' dir='ltr'><strong>omnis</strong></span> <span class='ocrx_word' id='word_1_301' title='bbox 2296 2336 2463 2393; x_wconf 90' lang='lat' dir='ltr'><strong>homo</strong></span> <span class='ocrx_word' id='word_1_302' title='bbox 2495 2335 2709 2391; x_wconf 85' lang='lat' dir='ltr'><strong>amalo.</strong></span> 
     </span>
    </p>
   </div>
   <div class='ocr_carea' id='block_1_49' title="bbox 2019 2459 3519 2533">
    <p class='ocr_par' dir='ltr' id='par_1_49' title="bbox 2019 2459 3519 2533">
     <span class='ocr_line' id='line_1_49' title="bbox 2019 2459 3519 2533; baseline -0.006 -13"><span class='ocrx_word' id='word_1_303' title='bbox 2019 2465 2124 2533; x_wconf 86' lang='lat' dir='ltr'><strong>Qui</strong></span> <span class='ocrx_word' id='word_1_304' title='bbox 2170 2474 2343 2520; x_wconf 86' lang='lat' dir='ltr'><strong>autem</strong></span> <span class='ocrx_word' id='word_1_305' title='bbox 2378 2464 2552 2519; x_wconf 82' lang='lat' dir='ltr'><strong>deviat</strong></span> <span class='ocrx_word' id='word_1_306' title='bbox 2593 2466 2649 2518; x_wconf 83' lang='lat' dir='ltr'><strong>in</strong></span> <span class='ocrx_word' id='word_1_307' title='bbox 2692 2464 2807 2518; x_wconf 86' lang='lat' dir='ltr'><strong>suis</strong></span> <span class='ocrx_word' id='word_1_308' title='bbox 2837 2462 2958 2526; x_wconf 72' lang='lat' dir='ltr'><strong>viis,</strong></span> <span class='ocrx_word' id='word_1_309' title='bbox 3008 2477 3108 2516; x_wconf 86' lang='lat' dir='ltr'><strong>non</strong></span> <span class='ocrx_word' id='word_1_310' title='bbox 3151 2459 3519 2515; x_wconf 77' lang='lat' dir='ltr'><strong>honorabitur.</strong></span> 
     </span>
    </p>
   </div>
   <div class='ocr_carea' id='block_1_50' title="bbox 1946 2550 3524 2627">
    <p class='ocr_par' dir='ltr' id='par_1_50' title="bbox 1946 2550 3524 2627">
     <span class='ocr_line' id='line_1_50' title="bbox 1946 2550 3524 2627; baseline -0.005 -14"><span class='ocrx_word' id='word_1_311' title='bbox 1946 2559 2051 2625; x_wconf 85' lang='lat' dir='ltr'><strong>Qui</strong></span> <span class='ocrx_word' id='word_1_312' title='bbox 2095 2568 2276 2614; x_wconf 89' lang='lat' dir='ltr'><strong>autem</strong></span> <span class='ocrx_word' id='word_1_313' title='bbox 2309 2557 2654 2613; x_wconf 81' lang='lat' dir='ltr'><strong>convertitur</strong></span> <span class='ocrx_word' id='word_1_314' title='bbox 2691 2557 2759 2611; x_wconf 87' lang='lat' dir='ltr'><strong>ad</strong></span> <span class='ocrx_word' id='word_1_315' title='bbox 2790 2557 3079 2627; x_wconf 87' lang='lat' dir='ltr'><strong>passiones</strong></span> <span class='ocrx_word' id='word_1_316' title='bbox 3106 2552 3310 2623; x_wconf 87' lang='lat' dir='ltr'><strong>quibus</strong></span> <span class='ocrx_word' id='word_1_317' title='bbox 3351 2550 3524 2622; x_wconf 85' lang='lat' dir='ltr'><strong>negli-</strong></span> 
     </span>
    </p>
   </div>
   <div class='ocr_carea' id='block_1_51' title="bbox 1948 2643 3523 2722">
    <p class='ocr_par' dir='ltr' id='par_1_51' title="bbox 1948 2643 3523 2722">
     <span class='ocr_line' id='line_1_51' title="bbox 1948 2643 3523 2722; baseline -0.005 -18"><span class='ocrx_word' id='word_1_318' title='bbox 1948 2653 2098 2722; x_wconf 88' lang='lat' dir='ltr'><strong>gitur</strong></span> <span class='ocrx_word' id='word_1_319' title='bbox 2132 2649 2310 2705; x_wconf 88' lang='lat' dir='ltr'><strong>virtus</strong></span> <span class='ocrx_word' id='word_1_320' title='bbox 2332 2659 2386 2704; x_wconf 89' lang='lat' dir='ltr'><strong>et</strong></span> <span class='ocrx_word' id='word_1_321' title='bbox 2407 2648 2684 2715; x_wconf 85' lang='lat' dir='ltr'><strong>tardatur,</strong></span> <span class='ocrx_word' id='word_1_322' title='bbox 2707 2646 2917 2702; x_wconf 85' lang='lat' dir='ltr'><strong>bonore</strong></span> <span class='ocrx_word' id='word_1_323' title='bbox 2942 2646 3088 2717; x_wconf 88' lang='lat' dir='ltr'><strong>apud</strong></span> <span class='ocrx_word' id='word_1_324' title='bbox 3127 2643 3297 2698; x_wconf 88' lang='lat' dir='ltr'><strong>Deum</strong></span> <span class='ocrx_word' id='word_1_325' title='bbox 3340 2643 3523 2713; x_wconf 88' lang='lat' dir='ltr'><strong>priva-</strong></span> 
     </span>
    </p>
   </div>
   <div class='ocr_carea' id='block_1_52' title="bbox 1958 2737 3522 2810">
    <p class='ocr_par' dir='ltr' id='par_1_52' title="bbox 1958 2737 3522 2810">
     <span class='ocr_line' id='line_1_52' title="bbox 1958 2737 3522 2810; baseline -0.006 -12"><span class='ocrx_word' id='word_1_326' title='bbox 1958 2742 2131 2806; x_wconf 87' lang='lat' dir='ltr'><strong>bitur,</strong></span> <span class='ocrx_word' id='word_1_327' title='bbox 2162 2756 2194 2797; x_wconf 90' lang='lat' dir='ltr'><strong>e</strong></span> <span class='ocrx_word' id='word_1_328' title='bbox 2227 2740 2415 2797; x_wconf 89' lang='lat' dir='ltr'><strong>divino</strong></span> <span class='ocrx_word' id='word_1_329' title='bbox 2444 2754 2614 2810; x_wconf 85' lang='lat' dir='ltr'><strong>regno</strong></span> <span class='ocrx_word' id='word_1_330' title='bbox 2661 2739 2854 2810; x_wconf 88' lang='lat' dir='ltr'><strong>pulsus</strong></span> <span class='ocrx_word' id='word_1_331' title='bbox 2887 2746 2942 2795; x_wconf 90' lang='lat' dir='ltr'><strong>et</strong></span> <span class='ocrx_word' id='word_1_332' title='bbox 2978 2738 3272 2792; x_wconf 85' lang='lat' dir='ltr'><strong>damnatus</strong></span> <span class='ocrx_word' id='word_1_333' title='bbox 3315 2737 3384 2789; x_wconf 88' lang='lat' dir='ltr'><strong>ad</strong></span> <span class='ocrx_word' id='word_1_334' title='bbox 3428 2748 3522 2805; x_wconf 82' lang='lat' dir='ltr'><strong>ge-</strong></span> 
     </span>
    </p>
   </div>
   <div class='ocr_carea' id='block_1_53' title="bbox 1948 2835 2209 2891">
    <p class='ocr_par' dir='ltr' id='par_1_53' title="bbox 1948 2835 2209 2891">
     <span class='ocr_line' id='line_1_53' title="bbox 1948 2835 2209 2891; baseline -0.008 -1"><span class='ocrx_word' id='word_1_335' title='bbox 1948 2835 2209 2891; x_wconf 87' lang='lat' dir='ltr'><strong>bennam.</strong></span> 
     </span>
    </p>
   </div>
   <div class='ocr_carea' id='block_1_54' title="bbox 2021 2951 3520 3016">
    <p class='ocr_par' dir='ltr' id='par_1_54' title="bbox 2021 2951 3520 3016">
     <span class='ocr_line' id='line_1_54' title="bbox 2021 2951 3520 3016; baseline -0.007 -2"><span class='ocrx_word' id='word_1_336' title='bbox 2021 2958 2192 3016; x_wconf 62' lang='grc' dir='ltr'>νεεδ.</span> <span class='ocrx_word' id='word_1_337' title='bbox 2230 2959 2287 3015; x_wconf 75' lang='lat'><strong>5.</strong></span> <span class='ocrx_word' id='word_1_338' title='bbox 2330 2956 2415 3012; x_wconf 77' lang='lat' dir='ltr'><strong>Ea:</strong></span> <span class='ocrx_word' id='word_1_339' title='bbox 2450 2973 2541 3012; x_wconf 89' lang='lat' dir='ltr'><strong>ore</strong></span> <span class='ocrx_word' id='word_1_340' title='bbox 2566 2957 2855 3012; x_wconf 83' lang='lat' dir='ltr'><strong>stultorum</strong></span> <span class='ocrx_word' id='word_1_341' title='bbox 2896 2954 3120 3009; x_wconf 82' lang='lat' dir='ltr'><strong>baculus</strong></span> <span class='ocrx_word' id='word_1_342' title='bbox 3168 2951 3520 3007; x_wconf 77' lang='lat' dir='ltr'><strong>contumetite.</strong></span> 
     </span>
    </p>
   </div>
   <div class='ocr_carea' id='block_1_55' title="bbox 258 3045 1846 3154">
    <p class='ocr_par' dir='ltr' id='par_1_55' title="bbox 258 3045 1846 3154">
     <span class='ocr_line' id='line_1_55' title="bbox 258 3045 1846 3154; baseline -0.009 -17"><span class='ocrx_word' id='word_1_343' title='bbox 258 3045 374 3137; x_wconf 69' lang='grc' dir='ltr'><strong>τῶν</strong></span> <span class='ocrx_word' id='word_1_344' title='bbox 402 3081 656 3154; x_wconf 80' lang='grc' dir='ltr'>ἀφρόνων</span> <span class='ocrx_word' id='word_1_345' title='bbox 672 3045 868 3148; x_wconf 64' lang='grc' dir='ltr'>λόγος,</span> <span class='ocrx_word' id='word_1_346' title='bbox 899 3045 1001 3147; x_wconf 59' lang='grc' dir='ltr'><strong>θἰἀ</strong></span> <span class='ocrx_word' id='word_1_347' title='bbox 1034 3071 1129 3129; x_wconf 79' lang='grc' dir='ltr'>οἶα</span> <span class='ocrx_word' id='word_1_348' title='bbox 1174 3045 1494 3145; x_wconf 28' lang='grc' dir='ltr'>όάὸδοςντὴν</span> <span class='ocrx_word' id='word_1_349' title='bbox 1517 3045 1627 3126; x_wconf 81' lang='grc' dir='ltr'><strong>τῶν</strong></span> <span class='ocrx_word' id='word_1_350' title='bbox 1655 3045 1846 3124; x_wconf 88' lang='grc' dir='ltr'>παθῶν</span> 
     </span>
    </p>
   </div>
   <div class='ocr_carea' id='block_1_56' title="bbox 1949 3045 3525 3154">
    <p class='ocr_par' dir='ltr' id='par_1_56' title="bbox 1957 3045 3525 3119">
     <span class='ocr_line' id='line_1_56' title="bbox 1957 3045 3525 3119; baseline -0.009 -10"><span class='ocrx_word' id='word_1_351' title='bbox 1957 3052 2259 3109; x_wconf 88' lang='lat' dir='ltr'><strong>Stultorum</strong></span> <span class='ocrx_word' id='word_1_352' title='bbox 2286 3064 2491 3113; x_wconf 87' lang='lat' dir='ltr'><strong>sermo,</strong></span> <span class='ocrx_word' id='word_1_353' title='bbox 2514 3063 2625 3103; x_wconf 89' lang='lat' dir='ltr'><strong>non</strong></span> <span class='ocrx_word' id='word_1_354' title='bbox 2659 3048 2837 3119; x_wconf 89' lang='lat' dir='ltr'><strong>qualis</strong></span> <span class='ocrx_word' id='word_1_355' title='bbox 2864 3046 3019 3117; x_wconf 87' lang='lat' dir='ltr'><strong>virga</strong></span> <span class='ocrx_word' id='word_1_356' title='bbox 3052 3045 3364 3114; x_wconf 87' lang='lat' dir='ltr'><strong>passionum</strong></span> <span class='ocrx_word' id='word_1_357' title='bbox 3389 3058 3525 3097; x_wconf 85' lang='lat' dir='ltr'><strong>cou-</strong></span> 
     </span>
    </p>
   </div>
   <div class='ocr_carea' id='block_1_57' title="bbox 261 3160 1848 3244">
    <p class='ocr_par' dir='ltr' id='par_1_57' title="bbox 261 3160 1848 3244">
     <span class='ocr_line' id='line_1_57' title="bbox 261 3160 1848 3244; baseline -0.008 -18"><span class='ocrx_word' id='word_1_358' title='bbox 261 3174 426 3244; x_wconf 72' lang='grc' dir='ltr'>ὕϐριν</span> <span class='ocrx_word' id='word_1_359' title='bbox 465 3168 739 3242; x_wconf 79' lang='grc' dir='ltr'>μαστίζει,</span> <span class='ocrx_word' id='word_1_360' title='bbox 759 3168 880 3223; x_wconf 81' lang='grc' dir='ltr'>ἀλλ’</span> <span class='ocrx_word' id='word_1_361' title='bbox 911 3165 988 3231; x_wconf 86' lang='grc' dir='ltr'><strong>ῶς</strong></span> <span class='ocrx_word' id='word_1_362' title='bbox 1009 3183 1094 3229; x_wconf 83' lang='grc' dir='ltr'><strong>τις</strong></span> <span class='ocrx_word' id='word_1_363' title='bbox 1126 3165 1396 3236; x_wconf 82' lang='grc' dir='ltr'>βακτηρία</span> <span class='ocrx_word' id='word_1_364' title='bbox 1435 3161 1681 3234; x_wconf 75' lang='grc' dir='ltr'>στηρίξει</span> <span class='ocrx_word' id='word_1_365' title='bbox 1713 3160 1848 3233; x_wconf 76' lang='grc' dir='ltr'>μᾶλ-</span> 
     </span>
    </p>
   </div>
   <div class='ocr_carea' id='block_1_58' title="bbox 260 3254 1845 3335">
    <p class='ocr_par' dir='ltr' id='par_1_58' title="bbox 260 3254 1845 3335">
     <span class='ocr_line' id='line_1_58' title="bbox 260 3254 1845 3335; baseline -0.009 -16"><span class='ocrx_word' id='word_1_366' title='bbox 260 3266 356 3321; x_wconf 88' lang='grc' dir='ltr'><strong>λον</strong></span> <span class='ocrx_word' id='word_1_367' title='bbox 386 3265 559 3335; x_wconf 82' lang='grc' dir='ltr'>αὑτήν</span> <span class='ocrx_word' id='word_1_368' title='bbox 588 3279 604 3294; x_wconf 76' lang='grc' dir='ltr'><strong><em>ο</em></strong></span> <span class='ocrx_word' id='word_1_369' title='bbox 650 3262 728 3327; x_wconf 84' lang='grc' dir='ltr'>ὡς</span> <span class='ocrx_word' id='word_1_370' title='bbox 770 3262 899 3325; x_wconf 78' lang='grc' dir='ltr'>τοὺς</span> <span class='ocrx_word' id='word_1_371' title='bbox 951 3259 1253 3323; x_wconf 84' lang='grc' dir='ltr'>ἀκούοντας</span> <span class='ocrx_word' id='word_1_372' title='bbox 1306 3256 1384 3329; x_wconf 85' lang='grc' dir='ltr'><strong>μὴ</strong></span> <span class='ocrx_word' id='word_1_373' title='bbox 1430 3254 1845 3328; x_wconf 69' lang='grc' dir='ltr'>διορθούμενος,</span> 
     </span>
    </p>
   </div>
   <div class='ocr_carea' id='block_1_59' title="bbox 262 3351 1141 3426">
    <p class='ocr_par' dir='ltr' id='par_1_59' title="bbox 262 3351 1141 3426">
     <span class='ocr_line' id='line_1_59' title="bbox 262 3351 1141 3426; baseline -0.011 -14"><span class='ocrx_word' id='word_1_374' title='bbox 262 3355 383 3411; x_wconf 80' lang='grc' dir='ltr'>ἀλλ’</span> <span class='ocrx_word' id='word_1_375' title='bbox 414 3354 658 3426; x_wconf 73' lang='grc' dir='ltr'>ἑδράζων</span> <span class='ocrx_word' id='word_1_376' title='bbox 691 3354 751 3406; x_wconf 84' lang='grc' dir='ltr'>ὲν</span> <span class='ocrx_word' id='word_1_377' title='bbox 781 3354 895 3415; x_wconf 83' lang='grc' dir='ltr'>τοῖς</span> <span class='ocrx_word' id='word_1_378' title='bbox 928 3351 1141 3413; x_wconf 80' lang='grc' dir='ltr'><strong>κακοῖς.</strong></span> 
     </span>
    </p>
   </div>
   <div class='ocr_carea' id='block_1_60' title="bbox 337 3470 1849 3548">
    <p class='ocr_par' dir='ltr' id='par_1_60' title="bbox 337 3470 1849 3548">
     <span class='ocr_line' id='line_1_60' title="bbox 337 3470 1849 3548; baseline -0.007 -14"><span class='ocrx_word' id='word_1_379' title='bbox 337 3481 520 3548; x_wconf 74' lang='grc' dir='ltr'>Χείλη</span> <span class='ocrx_word' id='word_1_380' title='bbox 552 3479 621 3531; x_wconf 84' lang='grc' dir='ltr'>δὲ</span> <span class='ocrx_word' id='word_1_381' title='bbox 651 3477 862 3546; x_wconf 89' lang='grc' dir='ltr'>σοφῶν</span> <span class='ocrx_word' id='word_1_382' title='bbox 897 3476 1206 3545; x_wconf 75' lang='grc' dir='ltr'>φυλάσσει</span> <span class='ocrx_word' id='word_1_383' title='bbox 1256 3474 1497 3540; x_wconf 78' lang='grc' dir='ltr'>αὐτούς.</span> <span class='ocrx_word' id='word_1_384' title='bbox 1529 3471 1651 3525; x_wconf 85' lang='grc' dir='ltr'><strong>Τῶν</strong></span> <span class='ocrx_word' id='word_1_385' title='bbox 1681 3470 1738 3525; x_wconf 82' lang='grc' dir='ltr'>δὲ</span> <span class='ocrx_word' id='word_1_386' title='bbox 1763 3487 1849 3524; x_wconf 92' lang='grc' dir='ltr'>σο-</span> 
     </span>
    </p>
   </div>
   <div class='ocr_carea' id='block_1_61' title="bbox 264 3562 1849 3644">
    <p class='ocr_par' dir='ltr' id='par_1_61' title="bbox 264 3562 1849 3644">
     <span class='ocr_line' id='line_1_61' title="bbox 264 3562 1849 3644; baseline -0.006 -20"><span class='ocrx_word' id='word_1_387' title='bbox 264 3572 389 3644; x_wconf 81' lang='grc' dir='ltr'><strong>φῶν</strong></span> <span class='ocrx_word' id='word_1_388' title='bbox 435 3570 487 3623; x_wconf 73' lang='lat' dir='ltr'><strong>oi</strong></span> <span class='ocrx_word' id='word_1_389' title='bbox 533 3568 683 3636; x_wconf 91' lang='grc' dir='ltr'>λόγοι</span> <span class='ocrx_word' id='word_1_390' title='bbox 739 3568 799 3621; x_wconf 83' lang='grc' dir='ltr'><strong>οὐ</strong></span> <span class='ocrx_word' id='word_1_391' title='bbox 869 3568 1029 3637; x_wconf 88' lang='grc' dir='ltr'>μόνον</span> <span class='ocrx_word' id='word_1_392' title='bbox 1086 3565 1423 3637; x_wconf 83' lang='grc' dir='ltr'>διορθοῦνται</span> <span class='ocrx_word' id='word_1_393' title='bbox 1470 3564 1596 3627; x_wconf 80' lang='grc' dir='ltr'>τοὺς</span> <span class='ocrx_word' id='word_1_394' title='bbox 1643 3562 1849 3619; x_wconf 80' lang='grc' dir='ltr'>τούτων</span> 
     </span>
    </p>
   </div>
   <div class='ocr_carea' id='block_1_62' title="bbox 263 3653 1851 3733">
    <p class='ocr_par' dir='ltr' id='par_1_62' title="bbox 263 3653 1851 3733">
     <span class='ocr_line' id='line_1_62' title="bbox 263 3653 1851 3733; baseline -0.008 -15"><span class='ocrx_word' id='word_1_395' title='bbox 263 3661 677 3733; x_wconf 72' lang='grc' dir='ltr'><strong>ἀκροωμένους,</strong></span> <span class='ocrx_word' id='word_1_396' title='bbox 732 3658 869 3712; x_wconf 82' lang='grc' dir='ltr'>ἀλλὰ</span> <span class='ocrx_word' id='word_1_397' title='bbox 906 3658 1002 3712; x_wconf 71' lang='grc' dir='ltr'>καὶ</span> <span class='ocrx_word' id='word_1_398' title='bbox 1048 3658 1249 3721; x_wconf 80' lang='grc' dir='ltr'>αὐτοὺς</span> <span class='ocrx_word' id='word_1_399' title='bbox 1290 3654 1554 3728; x_wconf 79' lang='grc' dir='ltr'>τηροῦσιν</span> <span class='ocrx_word' id='word_1_400' title='bbox 1602 3654 1743 3708; x_wconf 84' lang='grc' dir='ltr'>ὥστε</span> <span class='ocrx_word' id='word_1_401' title='bbox 1774 3653 1851 3725; x_wconf 82' lang='grc' dir='ltr'>μὴ</span> 
     </span>
    </p>
   </div>
   <div class='ocr_carea' id='block_1_63' title="bbox 267 3739 1851 3824">
    <p class='ocr_par' dir='ltr' id='par_1_63' title="bbox 267 3739 1851 3824">
     <span class='ocr_line' id='line_1_63' title="bbox 267 3739 1851 3824; baseline -0.007 -16"><span class='ocrx_word' id='word_1_402' title='bbox 267 3753 595 3824; x_wconf 83' lang='grc' dir='ltr'>περιπεσεῖν</span> <span class='ocrx_word' id='word_1_403' title='bbox 638 3742 722 3813; x_wconf 77' lang='grc' dir='ltr'><strong>οἷς</strong></span> <span class='ocrx_word' id='word_1_404' title='bbox 762 3748 917 3803; x_wconf 79' lang='grc' dir='ltr'>αὐτοὶ</span> <span class='ocrx_word' id='word_1_405' title='bbox 946 3747 1350 3817; x_wconf 83' lang='grc' dir='ltr'>ἀποτρέπονται</span> <span class='ocrx_word' id='word_1_406' title='bbox 1376 3765 1391 3780; x_wconf 79' lang='grc'><em>’</em></span> <span class='ocrx_word' id='word_1_407' title='bbox 1440 3747 1500 3800; x_wconf 77' lang='grc' dir='ltr'>ὲν</span> <span class='ocrx_word' id='word_1_408' title='bbox 1536 3739 1619 3809; x_wconf 80' lang='grc' dir='ltr'><strong>οἷς</strong></span> <span class='ocrx_word' id='word_1_409' title='bbox 1646 3744 1753 3815; x_wconf 83' lang='grc' dir='ltr'><strong>γὰρ</strong></span> <span class='ocrx_word' id='word_1_410' title='bbox 1801 3745 1851 3797; x_wconf 82' lang='grc' dir='ltr'><strong>οἱ</strong></span> 
     </span>
    </p>
   </div>
   <div class='ocr_carea' id='block_1_64' title="bbox 268 3835 1855 3913">
    <p class='ocr_par' dir='ltr' id='par_1_64' title="bbox 268 3835 1855 3913">
     <span class='ocr_line' id='line_1_64' title="bbox 268 3835 1855 3913; baseline -0.006 -13"><span class='ocrx_word' id='word_1_411' title='bbox 268 3845 487 3901; x_wconf 72' lang='grc' dir='ltr'>συνετοὶ</span> <span class='ocrx_word' id='word_1_412' title='bbox 516 3841 765 3913; x_wconf 82' lang='grc' dir='ltr'>διορθοῦν</span> <span class='ocrx_word' id='word_1_413' title='bbox 808 3841 1030 3912; x_wconf 78' lang='grc' dir='ltr'>ἐτέρους</span> <span class='ocrx_word' id='word_1_414' title='bbox 1069 3838 1461 3911; x_wconf 80' lang='grc' dir='ltr'>ἐπιχειροῦσιν,</span> <span class='ocrx_word' id='word_1_415' title='bbox 1519 3835 1855 3906; x_wconf 84' lang='grc' dir='ltr'>κατασφαλί-</span> 
     </span>
    </p>
   </div>
   <div class='ocr_carea' id='block_1_65' title="bbox 268 3927 1657 4003">
    <p class='ocr_par' dir='ltr' id='par_1_65' title="bbox 268 3927 1657 4003">
     <span class='ocr_line' id='line_1_65' title="bbox 268 3927 1657 4003; baseline -0.004 -12"><span class='ocrx_word' id='word_1_416' title='bbox 268 3935 456 4002; x_wconf 80' lang='grc' dir='ltr'>ζονται</span> <span class='ocrx_word' id='word_1_417' title='bbox 488 3933 737 3999; x_wconf 77' lang='grc' dir='ltr'>ἑαυτοὺς,</span> <span class='ocrx_word' id='word_1_418' title='bbox 780 3931 856 4003; x_wconf 75' lang='grc' dir='ltr'>μὴ</span> <span class='ocrx_word' id='word_1_419' title='bbox 893 3932 962 3985; x_wconf 86' lang='grc' dir='ltr'><strong>τὰ</strong></span> <span class='ocrx_word' id='word_1_420' title='bbox 990 3933 1154 4002; x_wconf 83' lang='grc' dir='ltr'>ὃμοια</span> <span class='ocrx_word' id='word_1_421' title='bbox 1179 3930 1409 3993; x_wconf 69' lang='grc' dir='ltr'>ἐκείνοις</span> <span class='ocrx_word' id='word_1_422' title='bbox 1443 3927 1657 3985; x_wconf 86' lang='grc' dir='ltr'>παθεῖν.</span> 
     </span>
    </p>
   </div>
   <div class='ocr_carea' id='block_1_66' title="bbox 344 4054 1855 4132">
    <p class='ocr_par' dir='ltr' id='par_1_66' title="bbox 344 4054 1855 4132">
     <span class='ocr_line' id='line_1_66' title="bbox 344 4054 1855 4132; baseline -0.005 -15"><span class='ocrx_word' id='word_1_423' title='bbox 344 4070 397 4118; x_wconf 86' lang='lat' dir='ltr'><strong>t&#39;.</strong></span> <span class='ocrx_word' id='word_1_424' title='bbox 437 4056 521 4119; x_wconf 83' lang='grc' dir='ltr'><strong>Οὗ</strong></span> <span class='ocrx_word' id='word_1_425' title='bbox 554 4061 633 4132; x_wconf 84' lang='grc' dir='ltr'>μή</span> <span class='ocrx_word' id='word_1_426' title='bbox 668 4063 789 4116; x_wconf 85' lang='grc' dir='ltr'>εισι</span> <span class='ocrx_word' id='word_1_427' title='bbox 820 4060 990 4126; x_wconf 80' lang='grc' dir='ltr'>βόες,</span> <span class='ocrx_word' id='word_1_428' title='bbox 1018 4059 1235 4130; x_wconf 83' lang='grc' dir='ltr'>φάτναι</span> <span class='ocrx_word' id='word_1_429' title='bbox 1261 4057 1533 4127; x_wconf 82' lang='grc' dir='ltr'>καθαραί.</span> <span class='ocrx_word' id='word_1_430' title='bbox 1566 4054 1738 4111; x_wconf 86' lang='grc' dir='ltr'>Ἔνθα</span> <span class='ocrx_word' id='word_1_431' title='bbox 1756 4054 1855 4125; x_wconf 85' lang='grc' dir='ltr'><strong>οὐχ</strong></span> 
     </span>
    </p>
   </div>
   <div class='ocr_carea' id='block_1_67' title="bbox 269 4148 1856 4226">
    <p class='ocr_par' dir='ltr' id='par_1_67' title="bbox 269 4148 1856 4226">
     <span class='ocr_line' id='line_1_67' title="bbox 269 4148 1856 4226; baseline -0.006 -16"><span class='ocrx_word' id='word_1_432' title='bbox 269 4155 610 4226; x_wconf 73' lang='grc' dir='ltr'>ὑπάρχουσιν</span> <span class='ocrx_word' id='word_1_433' title='bbox 640 4152 823 4221; x_wconf 77' lang='grc' dir='ltr'>ἄλογοι</span> <span class='ocrx_word' id='word_1_434' title='bbox 853 4150 1142 4223; x_wconf 67' lang='grc' dir='ltr'>ἐπιθυμίαι</span> <span class='ocrx_word' id='word_1_435' title='bbox 1171 4150 1280 4203; x_wconf 85' lang='grc' dir='ltr'><strong>τῶν</strong></span> <span class='ocrx_word' id='word_1_436' title='bbox 1300 4148 1546 4221; x_wconf 84' lang='grc' dir='ltr'>ὁρατῶν,</span> <span class='ocrx_word' id='word_1_437' title='bbox 1574 4149 1690 4203; x_wconf 77' lang='grc' dir='ltr'>ἐκεῖ</span> <span class='ocrx_word' id='word_1_438' title='bbox 1717 4148 1856 4202; x_wconf 83' lang='grc' dir='ltr'>είσιν</span> 
     </span>
    </p>
   </div>
   <div class='ocr_carea' id='block_1_68' title="bbox 269 4235 1856 4316">
    <p class='ocr_par' dir='ltr' id='par_1_68' title="bbox 269 4235 1856 4316">
     <span class='ocr_line' id='line_1_68' title="bbox 269 4235 1856 4316; baseline -0.004 -16"><span class='ocrx_word' id='word_1_439' title='bbox 269 4244 694 4316; x_wconf 78' lang='grc' dir='ltr'>ἀπηλλαγμέναι</span> <span class='ocrx_word' id='word_1_440' title='bbox 722 4242 911 4298; x_wconf 86' lang='grc' dir='ltr'>παθῶν</span> <span class='ocrx_word' id='word_1_441' title='bbox 949 4241 1243 4313; x_wconf 78' lang='grc' dir='ltr'>φαντασίαι</span> <span class='ocrx_word' id='word_1_442' title='bbox 1273 4254 1288 4269; x_wconf 83' lang='grc'>⁶</span> <span class='ocrx_word' id='word_1_443' title='bbox 1317 4243 1376 4294; x_wconf 88' lang='grc' dir='ltr'>ὲν</span> <span class='ocrx_word' id='word_1_444' title='bbox 1417 4235 1505 4303; x_wconf 74' lang='grc' dir='ltr'>αἷς</span> <span class='ocrx_word' id='word_1_445' title='bbox 1536 4239 1856 4295; x_wconf 86' lang='grc' dir='ltr'>ἀποτίθεται</span> 
     </span>
    </p>
   </div>
   <div class='ocr_carea' id='block_1_69' title="bbox 277 4332 1858 4409">
    <p class='ocr_par' dir='ltr' id='par_1_69' title="bbox 277 4332 1858 4409">
     <span class='ocr_line' id='line_1_69' title="bbox 277 4332 1858 4409; baseline -0.003 -20"><span class='ocrx_word' id='word_1_446' title='bbox 277 4339 315 4409; x_wconf 75' lang='grc' dir='ltr'><strong>ἡ</strong></span> <span class='ocrx_word' id='word_1_447' title='bbox 352 4337 461 4391; x_wconf 84' lang='grc' dir='ltr'><strong>τῶν</strong></span> <span class='ocrx_word' id='word_1_448' title='bbox 488 4336 702 4406; x_wconf 85' lang='grc' dir='ltr'>ὁρατῶν</span> <span class='ocrx_word' id='word_1_449' title='bbox 730 4335 1044 4406; x_wconf 75' lang='grc' dir='ltr'>ἐπιφάνεια,</span> <span class='ocrx_word' id='word_1_450' title='bbox 1078 4334 1153 4397; x_wconf 84' lang='grc' dir='ltr'>ὡς</span> <span class='ocrx_word' id='word_1_451' title='bbox 1181 4332 1277 4388; x_wconf 82' lang='grc' dir='ltr'><strong>τοῦ</strong></span> <span class='ocrx_word' id='word_1_452' title='bbox 1312 4332 1509 4402; x_wconf 77' lang='grc' dir='ltr'>ἀλόγου</span> <span class='ocrx_word' id='word_1_453' title='bbox 1546 4333 1645 4404; x_wconf 79' lang='grc' dir='ltr'>τῆς</span> <span class='ocrx_word' id='word_1_454' title='bbox 1677 4332 1858 4403; x_wconf 76' lang='grc' dir='ltr'>ψυχῆς</span> 
     </span>
    </p>
   </div>
   <div class='ocr_carea' id='block_1_70' title="bbox 273 4428 707 4501">
    <p class='ocr_par' dir='ltr' id='par_1_70' title="bbox 273 4428 707 4501">
     <span class='ocr_line' id='line_1_70' title="bbox 273 4428 707 4501; baseline -0.005 0"><span class='ocrx_word' id='word_1_455' title='bbox 273 4429 480 4501; x_wconf 74' lang='grc' dir='ltr'><strong>μέρους</strong></span> <span class='ocrx_word' id='word_1_456' title='bbox 511 4428 707 4499; x_wconf 63' lang='grc' dir='ltr'><strong>τροφή.</strong></span> 
     </span>
    </p>
   </div>
   <div class='ocr_carea' id='block_1_71' title="bbox 339 4550 1847 4622">
    <p class='ocr_par' dir='ltr' id='par_1_71' title="bbox 339 4550 1847 4622">
     <span class='ocr_line' id='line_1_71' title="bbox 339 4550 1847 4622; baseline -0.001 -14"><span class='ocrx_word' id='word_1_457' title='bbox 339 4550 422 4610; x_wconf 87' lang='grc' dir='ltr'><strong>Οὗ</strong></span> <span class='ocrx_word' id='word_1_458' title='bbox 461 4553 529 4607; x_wconf 79' lang='grc' dir='ltr'>δὲ</span> <span class='ocrx_word' id='word_1_459' title='bbox 561 4552 763 4607; x_wconf 72' lang='grc' dir='ltr'>πολλὰ</span> <span class='ocrx_word' id='word_1_460' title='bbox 792 4551 1151 4622; x_wconf 77' lang='grc' dir='ltr'>γεννήματα,</span> <span class='ocrx_word' id='word_1_461' title='bbox 1194 4551 1421 4621; x_wconf 84' lang='grc' dir='ltr'>φανερὰ</span> <span class='ocrx_word' id='word_1_462' title='bbox 1442 4552 1594 4618; x_wconf 77' lang='grc' dir='ltr'><strong>βοὸς</strong></span> <span class='ocrx_word' id='word_1_463' title='bbox 1647 4551 1847 4619; x_wconf 82' lang='grc' dir='ltr'>ίσχύς.</span> 
     </span>
    </p>
   </div>
   <div class='ocr_carea' id='block_1_72' title="bbox 274 4641 1851 4713">
    <p class='ocr_par' dir='ltr' id='par_1_72' title="bbox 274 4641 1851 4713">
     <span class='ocr_line' id='line_1_72' title="bbox 274 4641 1851 4713; baseline -0.003 -15"><span class='ocrx_word' id='word_1_464' title='bbox 274 4642 453 4703; x_wconf 84' lang='grc' dir='ltr'>Ὅπου</span> <span class='ocrx_word' id='word_1_465' title='bbox 509 4644 564 4697; x_wconf 78' lang='grc' dir='ltr'>δὲ</span> <span class='ocrx_word' id='word_1_466' title='bbox 595 4645 643 4697; x_wconf 88' lang='grc' dir='ltr'><strong>οἱ</strong></span> <span class='ocrx_word' id='word_1_467' title='bbox 674 4642 920 4713; x_wconf 78' lang='grc' dir='ltr'>διάφοροι</span> <span class='ocrx_word' id='word_1_468' title='bbox 973 4641 1123 4710; x_wconf 87' lang='grc' dir='ltr'>λόγοι</span> <span class='ocrx_word' id='word_1_469' title='bbox 1153 4642 1262 4694; x_wconf 83' lang='grc' dir='ltr'><strong>τῶν</strong></span> <span class='ocrx_word' id='word_1_470' title='bbox 1304 4641 1538 4712; x_wconf 79' lang='grc' dir='ltr'>ὁρατῶν,</span> <span class='ocrx_word' id='word_1_471' title='bbox 1583 4641 1726 4696; x_wconf 86' lang='grc' dir='ltr'><strong>κατά</strong></span> <span class='ocrx_word' id='word_1_472' title='bbox 1754 4641 1851 4712; x_wconf 83' lang='grc' dir='ltr'><strong>τὴν</strong></span> 
     </span>
    </p>
   </div>
   <div class='ocr_carea' id='block_1_73' title="bbox 272 4732 1853 4806">
    <p class='ocr_par' dir='ltr' id='par_1_73' title="bbox 272 4732 1853 4806">
     <span class='ocr_line' id='line_1_73' title="bbox 272 4732 1853 4806; baseline -0.003 -14"><span class='ocrx_word' id='word_1_473' title='bbox 272 4739 335 4792; x_wconf 77' lang='grc' dir='ltr'>ὲν</span> <span class='ocrx_word' id='word_1_474' title='bbox 356 4736 628 4806; x_wconf 84' lang='grc' dir='ltr'>πνεύματι</span> <span class='ocrx_word' id='word_1_475' title='bbox 652 4735 885 4805; x_wconf 78' lang='grc' dir='ltr'>φυσικὴν</span> <span class='ocrx_word' id='word_1_476' title='bbox 915 4732 1174 4804; x_wconf 83' lang='grc' dir='ltr'>θεωρίαν,</span> <span class='ocrx_word' id='word_1_477' title='bbox 1196 4733 1513 4802; x_wconf 79' lang='grc' dir='ltr'>γνωστικῶς</span> <span class='ocrx_word' id='word_1_478' title='bbox 1545 4732 1853 4802; x_wconf 83' lang='grc' dir='ltr'>γεωργοῦν.-</span> 
     </span>
    </p>
   </div>
   <div class='ocr_carea' id='block_1_74' title="bbox 273 4822 1853 4896">
    <p class='ocr_par' dir='ltr' id='par_1_74' title="bbox 273 4822 1853 4896">
     <span class='ocr_line' id='line_1_74' title="bbox 273 4822 1853 4896; baseline -0.004 -14"><span class='ocrx_word' id='word_1_479' title='bbox 273 4845 388 4890; x_wconf 84' lang='grc' dir='ltr'>ται,</span> <span class='ocrx_word' id='word_1_480' title='bbox 413 4828 530 4879; x_wconf 70' lang='grc' dir='ltr'>ἐκεῖ</span> <span class='ocrx_word' id='word_1_481' title='bbox 565 4826 699 4896; x_wconf 86' lang='grc' dir='ltr'>δήλη</span> <span class='ocrx_word' id='word_1_482' title='bbox 732 4825 852 4879; x_wconf 78' lang='grc' dir='ltr'>ἐστὶ</span> <span class='ocrx_word' id='word_1_483' title='bbox 870 4822 970 4894; x_wconf 82' lang='grc' dir='ltr'>τῆς</span> <span class='ocrx_word' id='word_1_484' title='bbox 992 4822 1289 4893; x_wconf 69' lang='grc' dir='ltr'>ἐπιθυμίας</span> <span class='ocrx_word' id='word_1_485' title='bbox 1316 4824 1349 4894; x_wconf 81' lang='grc' dir='ltr'>ἡ</span> <span class='ocrx_word' id='word_1_486' title='bbox 1381 4824 1523 4877; x_wconf 85' lang='grc' dir='ltr'><strong>κατά</strong></span> <span class='ocrx_word' id='word_1_487' title='bbox 1564 4822 1726 4892; x_wconf 82' lang='grc' dir='ltr'>λόγον</span> <span class='ocrx_word' id='word_1_488' title='bbox 1765 4822 1853 4876; x_wconf 85' lang='grc' dir='ltr'><strong>δύ-</strong></span> 
     </span>
    </p>
   </div>
   <div class='ocr_carea' id='block_1_75' title="bbox 273 4912 1853 4986">
    <p class='ocr_par' dir='ltr' id='par_1_75' title="bbox 273 4912 1853 4986">
     <span class='ocr_line' id='line_1_75' title="bbox 273 4912 1853 4986; baseline -0.003 -15"><span class='ocrx_word' id='word_1_489' title='bbox 273 4933 441 4986; x_wconf 83' lang='grc' dir='ltr'>ναμις</span> <span class='ocrx_word' id='word_1_490' title='bbox 457 4932 470 4947; x_wconf 82' lang='lat'>&#39;</span> <span class='ocrx_word' id='word_1_491' title='bbox 506 4915 628 4969; x_wconf 87' lang='grc' dir='ltr'>καθ’</span> <span class='ocrx_word' id='word_1_492' title='bbox 652 4915 712 4968; x_wconf 78' lang='grc' dir='ltr'>ὃν</span> <span class='ocrx_word' id='word_1_493' title='bbox 743 4913 985 4985; x_wconf 75' lang='grc' dir='ltr'>ἠδυνήθη</span> <span class='ocrx_word' id='word_1_494' title='bbox 1007 4913 1099 4967; x_wconf 84' lang='grc' dir='ltr'><strong>τὸν</strong></span> <span class='ocrx_word' id='word_1_495' title='bbox 1124 4914 1246 4966; x_wconf 84' lang='grc' dir='ltr'>κατ’</span> <span class='ocrx_word' id='word_1_496' title='bbox 1267 4912 1519 4984; x_wconf 76' lang='grc' dir='ltr'>αἴσθησιν</span> <span class='ocrx_word' id='word_1_497' title='bbox 1551 4913 1853 4983; x_wconf 79' lang='grc' dir='ltr'>σκεδασμὸν</span> 
     </span>
    </p>
   </div>
   <div class='ocr_carea' id='block_1_76' title="bbox 272 5004 1855 5079">
    <p class='ocr_par' dir='ltr' id='par_1_76' title="bbox 272 5004 1855 5079">
     <span class='ocr_line' id='line_1_76' title="bbox 272 5004 1855 5079; baseline -0.003 -17"><span class='ocrx_word' id='word_1_498' title='bbox 272 5008 550 5079; x_wconf 75' lang='grc' dir='ltr'>διαϐῆναι,</span> <span class='ocrx_word' id='word_1_499' title='bbox 574 5007 668 5060; x_wconf 76' lang='grc' dir='ltr'><strong>καὶ</strong></span> <span class='ocrx_word' id='word_1_500' title='bbox 701 5005 904 5073; x_wconf 82' lang='grc' dir='ltr'>φθάσαι</span> <span class='ocrx_word' id='word_1_501' title='bbox 929 5006 1067 5075; x_wconf 67' lang='grc' dir='ltr'>προς</span> <span class='ocrx_word' id='word_1_502' title='bbox 1093 5004 1192 5076; x_wconf 82' lang='grc' dir='ltr'>τὴν</span> <span class='ocrx_word' id='word_1_503' title='bbox 1218 5007 1359 5060; x_wconf 84' lang='grc' dir='ltr'><strong>κατά</strong></span> <span class='ocrx_word' id='word_1_504' title='bbox 1381 5005 1505 5058; x_wconf 88' lang='grc' dir='ltr'>νοῦν</span> <span class='ocrx_word' id='word_1_505' title='bbox 1537 5007 1634 5072; x_wconf 79' lang='grc' dir='ltr'><strong>τῆς</strong></span> <span class='ocrx_word' id='word_1_506' title='bbox 1662 5008 1718 5059; x_wconf 82' lang='grc' dir='ltr'>ὲν</span> <span class='ocrx_word' id='word_1_507' title='bbox 1742 5007 1855 5068; x_wconf 83' lang='grc' dir='ltr'>τοῖς</span> 
     </span>
    </p>
   </div>
   <div class='ocr_carea' id='block_1_77' title="bbox 272 5097 994 5170">
    <p class='ocr_par' dir='ltr' id='par_1_77' title="bbox 272 5097 994 5170">
     <span class='ocr_line' id='line_1_77' title="bbox 272 5097 994 5170; baseline -0.003 -15"><span class='ocrx_word' id='word_1_508' title='bbox 272 5100 420 5164; x_wconf 80' lang='grc' dir='ltr'>ὅλοις</span> <span class='ocrx_word' id='word_1_509' title='bbox 445 5097 709 5170; x_wconf 84' lang='grc' dir='ltr'>ἀληθείας</span> <span class='ocrx_word' id='word_1_510' title='bbox 744 5098 994 5168; x_wconf 75' lang='grc' dir='ltr'>ἑνότητα.</span> 
     </span>
    </p>
   </div>
   <div class='ocr_carea' id='block_1_78' title="bbox 350 5330 1854 5401">
    <p class='ocr_par' dir='ltr' id='par_1_78' title="bbox 350 5330 1854 5401">
     <span class='ocr_line' id='line_1_78' title="bbox 350 5330 1854 5401; baseline -0.003 -13"><span class='ocrx_word' id='word_1_511' title='bbox 350 5340 413 5388; x_wconf 85' lang='grc' dir='ltr'><strong>ε’.</strong></span> <span class='ocrx_word' id='word_1_512' title='bbox 453 5333 695 5401; x_wconf 80' lang='grc' dir='ltr'>Μάρτυς</span> <span class='ocrx_word' id='word_1_513' title='bbox 722 5332 936 5398; x_wconf 83' lang='grc' dir='ltr'>πιστὸς</span> <span class='ocrx_word' id='word_1_514' title='bbox 960 5332 1033 5385; x_wconf 88' lang='grc' dir='ltr'><strong>οὺ</strong></span> <span class='ocrx_word' id='word_1_515' title='bbox 1063 5332 1371 5400; x_wconf 72' lang='grc' dir='ltr'>ψεύσεται.</span> <span class='ocrx_word' id='word_1_516' title='bbox 1424 5330 1482 5385; x_wconf 81' lang='grc' dir='ltr'>Ὀ</span> <span class='ocrx_word' id='word_1_517' title='bbox 1506 5330 1640 5393; x_wconf 82' lang='grc' dir='ltr'>Θεὸς</span> <span class='ocrx_word' id='word_1_518' title='bbox 1661 5331 1854 5400; x_wconf 86' lang='grc' dir='ltr'>Λόγος,</span> 
     </span>
    </p>
   </div>
   <div class='ocr_carea' id='block_1_79' title="bbox 277 5422 1857 5498">
    <p class='ocr_par' dir='ltr' id='par_1_79' title="bbox 277 5422 1857 5498">
     <span class='ocr_line' id='line_1_79' title="bbox 277 5422 1857 5498; baseline -0.004 -18"><span class='ocrx_word' id='word_1_519' title='bbox 277 5428 313 5498; x_wconf 79' lang='grc' dir='ltr'>ἠ</span> <span class='ocrx_word' id='word_1_520' title='bbox 345 5426 729 5497; x_wconf 76' lang='grc' dir='ltr'>αὐτοαλήθεια,</span> <span class='ocrx_word' id='word_1_521' title='bbox 754 5424 857 5497; x_wconf 80' lang='grc' dir='ltr'>τὴν</span> <span class='ocrx_word' id='word_1_522' title='bbox 892 5426 1025 5497; x_wconf 78' lang='grc' dir='ltr'>περὶ</span> <span class='ocrx_word' id='word_1_523' title='bbox 1054 5423 1121 5477; x_wconf 76' lang='grc' dir='ltr'>τὰ</span> <span class='ocrx_word' id='word_1_524' title='bbox 1154 5423 1457 5493; x_wconf 86' lang='grc' dir='ltr'>φαινόμενα</span> <span class='ocrx_word' id='word_1_525' title='bbox 1485 5422 1670 5493; x_wconf 80' lang='grc' dir='ltr'>σχέσιν</span> <span class='ocrx_word' id='word_1_526' title='bbox 1698 5422 1857 5491; x_wconf 83' lang='grc' dir='ltr'>ἡμῶν</span> 
     </span>
    </p>
   </div>
   <div class='ocr_carea' id='block_1_80' title="bbox 276 5514 1857 5591">
    <p class='ocr_par' dir='ltr' id='par_1_80' title="bbox 276 5514 1857 5591">
     <span class='ocr_line' id='line_1_80' title="bbox 276 5514 1857 5591; baseline -0.005 -17"><span class='ocrx_word' id='word_1_527' title='bbox 276 5520 496 5590; x_wconf 78' lang='grc' dir='ltr'>ἀπάτης</span> <span class='ocrx_word' id='word_1_528' title='bbox 541 5520 765 5591; x_wconf 80' lang='grc' dir='ltr'>μεστὴν,</span> <span class='ocrx_word' id='word_1_529' title='bbox 797 5520 864 5589; x_wconf 75' lang='grc' dir='ltr'>τῇ</span> <span class='ocrx_word' id='word_1_530' title='bbox 893 5518 1100 5573; x_wconf 84' lang='grc' dir='ltr'>τούτων</span> <span class='ocrx_word' id='word_1_531' title='bbox 1140 5516 1317 5587; x_wconf 83' lang='grc' dir='ltr'>φθορᾷ</span> <span class='ocrx_word' id='word_1_532' title='bbox 1349 5514 1660 5585; x_wconf 81' lang='grc' dir='ltr'>διελέγχων,</span> <span class='ocrx_word' id='word_1_533' title='bbox 1690 5514 1857 5584; x_wconf 74' lang='grc' dir='ltr'>ἀψευ-</span> 
     </span>
    </p>
   </div>
   <div class='ocr_carea' id='block_1_81' title="bbox 276 5611 559 5683">
    <p class='ocr_par' dir='ltr' id='par_1_81' title="bbox 276 5611 559 5683">
     <span class='ocr_line' id='line_1_81' title="bbox 276 5611 559 5683; baseline -0.007 -18"><span class='ocrx_word' id='word_1_534' title='bbox 276 5611 373 5683; x_wconf 80' lang='grc' dir='ltr'>δής</span> <span class='ocrx_word' id='word_1_535' title='bbox 394 5613 559 5665; x_wconf 77' lang='grc' dir='ltr'>ἐστιν.</span> 
     </span>
    </p>
   </div>
   <div class='ocr_carea' id='block_1_82' title="bbox 364 5750 1856 5826">
    <p class='ocr_par' dir='ltr' id='par_1_82' title="bbox 364 5750 1856 5826">
     <span class='ocr_line' id='line_1_82' title="bbox 364 5750 1856 5826; baseline -0.003 -18"><span class='ocrx_word' id='word_1_536' title='bbox 364 5755 613 5810; x_wconf 75' lang='grc' dir='ltr'>Ἐκκαίει</span> <span class='ocrx_word' id='word_1_537' title='bbox 644 5754 712 5817; x_wconf 81' lang='grc' dir='ltr'>δὲ</span> <span class='ocrx_word' id='word_1_538' title='bbox 743 5754 963 5826; x_wconf 75' lang='grc' dir='ltr'>ψευδῆ,</span> <span class='ocrx_word' id='word_1_539' title='bbox 991 5752 1221 5823; x_wconf 74' lang='grc' dir='ltr'>μάρτυς</span> <span class='ocrx_word' id='word_1_540' title='bbox 1254 5751 1478 5818; x_wconf 77' lang='grc' dir='ltr'>ἄδικος.</span> <span class='ocrx_word' id='word_1_541' title='bbox 1517 5750 1856 5809; x_wconf 83' lang='grc' dir='ltr'>Ὑπανάπτει</span> 
     </span>
    </p>
   </div>
   <div class='ocr_carea' id='block_1_83' title="bbox 1874 3120 3523 3216">
    <p class='ocr_par' dir='ltr' id='par_1_83' title="bbox 1874 3120 3523 3216">
     <span class='ocr_line' id='line_1_83' title="bbox 1874 3120 3523 3216; baseline -0.009 -13"><span class='ocrx_word' id='word_1_542' title='bbox 1874 3120 1919 3180; x_wconf 78' lang='lat' dir='ltr'>c</span> <span class='ocrx_word' id='word_1_543' title='bbox 1955 3146 2233 3203; x_wconf 82' lang='lat' dir='ltr'><strong>tumeliam</strong></span> <span class='ocrx_word' id='word_1_544' title='bbox 2292 3143 2565 3216; x_wconf 83' lang='lat' dir='ltr'><strong>ﬂagellat,</strong></span> <span class='ocrx_word' id='word_1_545' title='bbox 2618 3141 2714 3198; x_wconf 89' lang='lat' dir='ltr'><strong>sed</strong></span> <span class='ocrx_word' id='word_1_546' title='bbox 2772 3140 2931 3211; x_wconf 77' lang='lat' dir='ltr'><strong>quasi</strong></span> <span class='ocrx_word' id='word_1_547' title='bbox 3002 3137 3233 3194; x_wconf 87' lang='lat' dir='ltr'><strong>baculus</strong></span> <span class='ocrx_word' id='word_1_548' title='bbox 3299 3135 3523 3206; x_wconf 83' lang='lat' dir='ltr'><strong>quidam</strong></span> 
     </span>
    </p>
   </div>
   <div class='ocr_carea' id='block_1_84' title="bbox 1954 3227 3523 3319">
    <p class='ocr_par' dir='ltr' id='par_1_84' title="bbox 1954 3227 3523 3319">
     <span class='ocr_line' id='line_1_84' title="bbox 1954 3227 3523 3319; baseline -0.01 -25"><span class='ocrx_word' id='word_1_549' title='bbox 1954 3239 2097 3295; x_wconf 76' lang='lat' dir='ltr'><strong>lianc</strong></span> <span class='ocrx_word' id='word_1_550' title='bbox 2134 3235 2310 3308; x_wconf 89' lang='lat' dir='ltr'><strong>magis</strong></span> <span class='ocrx_word' id='word_1_551' title='bbox 2339 3236 2617 3299; x_wconf 85' lang='lat' dir='ltr'><strong>oblirmat,</strong></span> <span class='ocrx_word' id='word_1_552' title='bbox 2650 3231 2798 3306; x_wconf 90' lang='lat' dir='ltr'><strong>quod</strong></span> <span class='ocrx_word' id='word_1_553' title='bbox 2828 3229 3109 3287; x_wconf 79' lang='lat' dir='ltr'><strong>auditores</strong></span> <span class='ocrx_word' id='word_1_554' title='bbox 3133 3244 3244 3285; x_wconf 90' lang='lat' dir='ltr'><strong>non</strong></span> <span class='ocrx_word' id='word_1_555' title='bbox 3278 3227 3523 3319; x_wconf 72' lang='lat' dir='ltr'><strong>instruit,</strong></span> 
     </span>
    </p>
   </div>
   <div class='ocr_carea' id='block_1_85' title="bbox 1952 3324 2555 3386">
    <p class='ocr_par' dir='ltr' id='par_1_85' title="bbox 1952 3324 2555 3386">
     <span class='ocr_line' id='line_1_85' title="bbox 1952 3324 2555 3386; baseline -0.012 0"><span class='ocrx_word' id='word_1_556' title='bbox 1952 3327 2047 3386; x_wconf 88' lang='lat' dir='ltr'><strong>sed</strong></span> <span class='ocrx_word' id='word_1_557' title='bbox 2074 3327 2265 3383; x_wconf 77' lang='lat' dir='ltr'><strong>statuit</strong></span> <span class='ocrx_word' id='word_1_558' title='bbox 2299 3326 2353 3381; x_wconf 90' lang='lat' dir='ltr'><strong>in</strong></span> <span class='ocrx_word' id='word_1_559' title='bbox 2391 3324 2555 3379; x_wconf 80' lang='lat' dir='ltr'><strong>malo.</strong></span> 
     </span>
    </p>
   </div>
   <div class='ocr_carea' id='block_1_86' title="bbox 2030 3444 3527 3523">
    <p class='ocr_par' dir='ltr' id='par_1_86' title="bbox 2030 3444 3527 3523">
     <span class='ocr_line' id='line_1_86' title="bbox 2030 3444 3527 3523; baseline -0.009 -14"><span class='ocrx_word' id='word_1_560' title='bbox 2030 3454 2201 3509; x_wconf 89' lang='lat' dir='ltr'><strong>Labia</strong></span> <span class='ocrx_word' id='word_1_561' title='bbox 2231 3450 2551 3523; x_wconf 87' lang='lat' dir='ltr'><strong>sapientium</strong></span> <span class='ocrx_word' id='word_1_562' title='bbox 2581 3448 2885 3504; x_wconf 85' lang='lat' dir='ltr'><strong>custodiunt</strong></span> <span class='ocrx_word' id='word_1_563' title='bbox 2914 3463 3025 3504; x_wconf 85' lang='lat' dir='ltr'><strong>eos.</strong></span> <span class='ocrx_word' id='word_1_564' title='bbox 3058 3444 3404 3515; x_wconf 83' lang='lat' dir='ltr'><strong>Sapientium</strong></span> <span class='ocrx_word' id='word_1_565' title='bbox 3427 3458 3527 3497; x_wconf 87' lang='lat' dir='ltr'><strong>au-</strong></span> 
     </span>
    </p>
   </div>
   <div class='ocr_carea' id='block_1_87' title="bbox 1955 3538 3526 3611">
    <p class='ocr_par' dir='ltr' id='par_1_87' title="bbox 1955 3538 3526 3611">
     <span class='ocr_line' id='line_1_87' title="bbox 1955 3538 3526 3611; baseline -0.009 -7"><span class='ocrx_word' id='word_1_566' title='bbox 1955 3558 2065 3604; x_wconf 90' lang='lat' dir='ltr'><strong>tem</strong></span> <span class='ocrx_word' id='word_1_567' title='bbox 2103 3562 2414 3611; x_wconf 82' lang='lat' dir='ltr'><strong>sermones,</strong></span> <span class='ocrx_word' id='word_1_568' title='bbox 2447 3559 2556 3600; x_wconf 89' lang='lat' dir='ltr'><strong>non</strong></span> <span class='ocrx_word' id='word_1_569' title='bbox 2584 3545 2761 3598; x_wconf 88' lang='lat' dir='ltr'><strong>solum</strong></span> <span class='ocrx_word' id='word_1_570' title='bbox 2796 3543 3078 3597; x_wconf 89' lang='lat' dir='ltr'><strong>instruunt</strong></span> <span class='ocrx_word' id='word_1_571' title='bbox 3114 3554 3210 3594; x_wconf 87' lang='lat' dir='ltr'><strong>eos</strong></span> <span class='ocrx_word' id='word_1_572' title='bbox 3249 3538 3347 3608; x_wconf 89' lang='lat' dir='ltr'><strong>qui</strong></span> <span class='ocrx_word' id='word_1_573' title='bbox 3380 3538 3526 3607; x_wconf 90' lang='lat' dir='ltr'><strong>ipsos</strong></span> 
     </span>
    </p>
   </div>
   <div class='ocr_carea' id='block_1_88' title="bbox 1957 3630 3526 3707">
    <p class='ocr_par' dir='ltr' id='par_1_88' title="bbox 1957 3630 3526 3707">
     <span class='ocr_line' id='line_1_88' title="bbox 1957 3630 3526 3707; baseline -0.01 -11"><span class='ocrx_word' id='word_1_574' title='bbox 1957 3641 2211 3707; x_wconf 90' lang='lat' dir='ltr'><strong>audiunt,</strong></span> <span class='ocrx_word' id='word_1_575' title='bbox 2251 3640 2347 3696; x_wconf 89' lang='lat' dir='ltr'><strong>sed</strong></span> <span class='ocrx_word' id='word_1_576' title='bbox 2369 3638 2536 3694; x_wconf 87' lang='lat' dir='ltr'><strong>etiam</strong></span> <span class='ocrx_word' id='word_1_577' title='bbox 2571 3644 2795 3691; x_wconf 82' lang='lat' dir='ltr'><strong>servant</strong></span> <span class='ocrx_word' id='word_1_578' title='bbox 2820 3649 2916 3689; x_wconf 88' lang='lat' dir='ltr'><strong>eos</strong></span> <span class='ocrx_word' id='word_1_579' title='bbox 2949 3648 3019 3688; x_wconf 91' lang='lat' dir='ltr'><strong>ne</strong></span> <span class='ocrx_word' id='word_1_580' title='bbox 3056 3631 3257 3687; x_wconf 88' lang='lat' dir='ltr'><strong>cadant</strong></span> <span class='ocrx_word' id='word_1_581' title='bbox 3295 3630 3352 3685; x_wconf 89' lang='lat' dir='ltr'><strong>in</strong></span> <span class='ocrx_word' id='word_1_582' title='bbox 3382 3630 3526 3683; x_wconf 79' lang='lat' dir='ltr'><strong>mala</strong></span> 
     </span>
    </p>
   </div>
   <div class='ocr_carea' id='block_1_89' title="bbox 1956 3722 3529 3805">
    <p class='ocr_par' dir='ltr' id='par_1_89' title="bbox 1956 3722 3529 3805">
     <span class='ocr_line' id='line_1_89' title="bbox 1956 3722 3529 3805; baseline -0.011 -15"><span class='ocrx_word' id='word_1_583' title='bbox 1956 3750 1986 3790; x_wconf 88' lang='lat' dir='ltr'><strong>a</strong></span> <span class='ocrx_word' id='word_1_584' title='bbox 2025 3736 2225 3805; x_wconf 79' lang='lat' dir='ltr'><strong>quibus</strong></span> <span class='ocrx_word' id='word_1_585' title='bbox 2252 3731 2360 3803; x_wconf 89' lang='lat' dir='ltr'><strong>ipsi</strong></span> <span class='ocrx_word' id='word_1_586' title='bbox 2390 3735 2737 3785; x_wconf 89' lang='lat' dir='ltr'><strong>avertuntur.</strong></span> <span class='ocrx_word' id='word_1_587' title='bbox 2766 3725 2826 3781; x_wconf 90' lang='lat' dir='ltr'><strong>In</strong></span> <span class='ocrx_word' id='word_1_588' title='bbox 2851 3726 2937 3780; x_wconf 88' lang='lat' dir='ltr'><strong>bis</strong></span> <span class='ocrx_word' id='word_1_589' title='bbox 2964 3724 3116 3779; x_wconf 90' lang='lat' dir='ltr'><strong>enim</strong></span> <span class='ocrx_word' id='word_1_590' title='bbox 3150 3722 3356 3795; x_wconf 84' lang='lat' dir='ltr'><strong>quibus</strong></span> <span class='ocrx_word' id='word_1_591' title='bbox 3394 3734 3529 3792; x_wconf 86' lang='lat' dir='ltr'><strong>prn-</strong></span> 
     </span>
    </p>
   </div>
   <div class='ocr_carea' id='block_1_90' title="bbox 1955 3814 3529 3889">
    <p class='ocr_par' dir='ltr' id='par_1_90' title="bbox 1955 3814 3529 3889">
     <span class='ocr_line' id='line_1_90' title="bbox 1955 3814 3529 3889; baseline -0.01 -5"><span class='ocrx_word' id='word_1_592' title='bbox 1955 3828 2149 3884; x_wconf 89' lang='lat' dir='ltr'><strong>dentes</strong></span> <span class='ocrx_word' id='word_1_593' title='bbox 2194 3825 2470 3880; x_wconf 88' lang='lat' dir='ltr'><strong>instruere</strong></span> <span class='ocrx_word' id='word_1_594' title='bbox 2502 3828 2736 3876; x_wconf 85' lang='lat' dir='ltr'><strong>caeteros</strong></span> <span class='ocrx_word' id='word_1_595' title='bbox 2780 3818 3060 3889; x_wconf 85' lang='lat' dir='ltr'><strong>nituntur,</strong></span> <span class='ocrx_word' id='word_1_596' title='bbox 3101 3816 3315 3887; x_wconf 86' lang='lat' dir='ltr'><strong>seipsos</strong></span> <span class='ocrx_word' id='word_1_597' title='bbox 3343 3814 3529 3871; x_wconf 83' lang='lat' dir='ltr'><strong>delen-</strong></span> 
     </span>
    </p>
   </div>
   <div class='ocr_carea' id='block_1_91' title="bbox 1956 3910 2964 3982">
    <p class='ocr_par' dir='ltr' id='par_1_91' title="bbox 1956 3910 2964 3982">
     <span class='ocr_line' id='line_1_91' title="bbox 1956 3910 2964 3982; baseline -0.012 -8"><span class='ocrx_word' id='word_1_598' title='bbox 1956 3919 2092 3975; x_wconf 89' lang='lat' dir='ltr'><strong>dunt</strong></span> <span class='ocrx_word' id='word_1_599' title='bbox 2121 3933 2189 3972; x_wconf 88' lang='lat' dir='ltr'><strong>ne</strong></span> <span class='ocrx_word' id='word_1_600' title='bbox 2217 3913 2406 3971; x_wconf 86' lang='lat' dir='ltr'><strong>eadem</strong></span> <span class='ocrx_word' id='word_1_601' title='bbox 2445 3928 2511 3969; x_wconf 88' lang='lat' dir='ltr'><strong>ac</strong></span> <span class='ocrx_word' id='word_1_602' title='bbox 2542 3911 2635 3968; x_wconf 91' lang='lat' dir='ltr'><strong>isti</strong></span> <span class='ocrx_word' id='word_1_603' title='bbox 2663 3910 2964 3982; x_wconf 89' lang='lat' dir='ltr'><strong>patiantur.</strong></span> 
     </span>
    </p>
   </div>
   <div class='ocr_carea' id='block_1_92' title="bbox 2026 4033 3524 4107">
    <p class='ocr_par' dir='ltr' id='par_1_92' title="bbox 2026 4033 3524 4107">
     <span class='ocr_line' id='line_1_92' title="bbox 2026 4033 3524 4107; baseline -0.009 -6"><span class='ocrx_word' id='word_1_604' title='bbox 2026 4045 2196 4101; x_wconf 70' lang='lat' dir='ltr'><strong>Vens.</strong></span> <span class='ocrx_word' id='word_1_605' title='bbox 2224 4044 2281 4099; x_wconf 68' lang='grc'><strong>4.</strong></span> <span class='ocrx_word' id='word_1_606' title='bbox 2322 4040 2422 4096; x_wconf 88' lang='lat' dir='ltr'><strong>Ubi</strong></span> <span class='ocrx_word' id='word_1_607' title='bbox 2459 4057 2563 4095; x_wconf 87' lang='lat' dir='ltr'><strong>non</strong></span> <span class='ocrx_word' id='word_1_608' title='bbox 2607 4048 2731 4094; x_wconf 88' lang='lat' dir='ltr'><strong>sunt</strong></span> <span class='ocrx_word' id='word_1_609' title='bbox 2786 4040 2958 4101; x_wconf 78' lang='lat' dir='ltr'><strong>boues,</strong></span> <span class='ocrx_word' id='word_1_610' title='bbox 3012 4038 3273 4107; x_wconf 66' lang='lat' dir='ltr'><strong>prasepia</strong></span> <span class='ocrx_word' id='word_1_611' title='bbox 3302 4033 3524 4090; x_wconf 79' lang='lat' dir='ltr'><strong>munda.</strong></span> 
     </span>
    </p>
   </div>
   <div class='ocr_carea' id='block_1_93' title="bbox 1958 4131 3533 4200">
    <p class='ocr_par' dir='ltr' id='par_1_93' title="bbox 1958 4131 3533 4200">
     <span class='ocr_line' id='line_1_93' title="bbox 1958 4131 3533 4200; baseline -0.009 -6"><span class='ocrx_word' id='word_1_612' title='bbox 1958 4137 2061 4194; x_wconf 88' lang='lat' dir='ltr'><strong>Ubi</strong></span> <span class='ocrx_word' id='word_1_613' title='bbox 2097 4153 2207 4192; x_wconf 89' lang='lat' dir='ltr'><strong>non</strong></span> <span class='ocrx_word' id='word_1_614' title='bbox 2234 4143 2363 4192; x_wconf 90' lang='lat' dir='ltr'><strong>sunt</strong></span> <span class='ocrx_word' id='word_1_615' title='bbox 2396 4132 2802 4190; x_wconf 84' lang='lat' dir='ltr'><strong>irrationabiles</strong></span> <span class='ocrx_word' id='word_1_616' title='bbox 2832 4131 3161 4200; x_wconf 86' lang='lat' dir='ltr'><strong>cupiditates</strong></span> <span class='ocrx_word' id='word_1_617' title='bbox 3190 4145 3380 4183; x_wconf 88' lang='lat' dir='ltr'><strong>eorum</strong></span> <span class='ocrx_word' id='word_1_618' title='bbox 3412 4143 3533 4197; x_wconf 66' lang='lat' dir='ltr'><strong>qua:</strong></span> 
     </span>
    </p>
   </div>
   <div class='ocr_carea' id='block_1_94' title="bbox 1957 4208 3535 4295">
    <p class='ocr_par' dir='ltr' id='par_1_94' title="bbox 1957 4208 3535 4295">
     <span class='ocr_line' id='line_1_94' title="bbox 1957 4208 3535 4295; baseline -0.01 -7"><span class='ocrx_word' id='word_1_619' title='bbox 1957 4230 2237 4295; x_wconf 86' lang='lat' dir='ltr'><strong>videntur,</strong></span> <span class='ocrx_word' id='word_1_620' title='bbox 2268 4229 2344 4285; x_wconf 91' lang='lat' dir='ltr'><strong>ibi</strong></span> <span class='ocrx_word' id='word_1_621' title='bbox 2381 4228 2632 4283; x_wconf 79' lang='lat' dir='ltr'><strong>exsulant</strong></span> <span class='ocrx_word' id='word_1_622' title='bbox 2665 4226 2986 4295; x_wconf 87' lang='lat' dir='ltr'><strong>passionum</strong></span> <span class='ocrx_word' id='word_1_623' title='bbox 3017 4208 3308 4293; x_wconf 88' lang='lat' dir='ltr'><strong>imagines,</strong></span> <span class='ocrx_word' id='word_1_624' title='bbox 3334 4221 3386 4275; x_wconf 90' lang='lat' dir='ltr'><strong>in</strong></span> <span class='ocrx_word' id='word_1_625' title='bbox 3416 4221 3535 4290; x_wconf 84' lang='lat' dir='ltr'><strong>qui-</strong></span> 
     </span>
    </p>
   </div>
   <div class='ocr_carea' id='block_1_95' title="bbox 1960 4312 3532 4387">
    <p class='ocr_par' dir='ltr' id='par_1_95' title="bbox 1960 4312 3532 4387">
     <span class='ocr_line' id='line_1_95' title="bbox 1960 4312 3532 4387; baseline -0.008 -7"><span class='ocrx_word' id='word_1_626' title='bbox 1960 4324 2066 4380; x_wconf 89' lang='lat' dir='ltr'><strong>bus</strong></span> <span class='ocrx_word' id='word_1_627' title='bbox 2095 4321 2375 4377; x_wconf 88' lang='lat' dir='ltr'><strong>invenitur</strong></span> <span class='ocrx_word' id='word_1_628' title='bbox 2399 4334 2591 4374; x_wconf 90' lang='lat' dir='ltr'><strong>eorum</strong></span> <span class='ocrx_word' id='word_1_629' title='bbox 2636 4333 2757 4387; x_wconf 72' lang='lat' dir='ltr'><strong>qua:</strong></span> <span class='ocrx_word' id='word_1_630' title='bbox 2798 4315 3058 4369; x_wconf 86' lang='lat' dir='ltr'><strong>videntur</strong></span> <span class='ocrx_word' id='word_1_631' title='bbox 3096 4313 3330 4383; x_wconf 78' lang='lat' dir='ltr'><strong>Species,</strong></span> <span class='ocrx_word' id='word_1_632' title='bbox 3369 4312 3532 4382; x_wconf 87' lang='lat' dir='ltr'><strong>bujus</strong></span> 
     </span>
    </p>
   </div>
   <div class='ocr_carea' id='block_1_96' title="bbox 1967 4406 3251 4488">
    <p class='ocr_par' dir='ltr' id='par_1_96' title="bbox 1967 4406 3251 4488">
     <span class='ocr_line' id='line_1_96' title="bbox 1967 4406 3251 4488; baseline -0.011 -14"><span class='ocrx_word' id='word_1_633' title='bbox 1967 4417 2211 4488; x_wconf 82' lang='lat' dir='ltr'><strong>expertis</strong></span> <span class='ocrx_word' id='word_1_634' title='bbox 2236 4413 2453 4469; x_wconf 87' lang='lat' dir='ltr'><strong>ratione</strong></span> <span class='ocrx_word' id='word_1_635' title='bbox 2481 4411 2655 4483; x_wconf 86' lang='lat' dir='ltr'><strong>partis</strong></span> <span class='ocrx_word' id='word_1_636' title='bbox 2682 4409 2880 4464; x_wconf 81' lang='lat' dir='ltr'><strong>animae</strong></span> <span class='ocrx_word' id='word_1_637' title='bbox 2908 4406 3251 4461; x_wconf 86' lang='lat' dir='ltr'><strong>alimentum.</strong></span> 
     </span>
    </p>
   </div>
   <div class='ocr_carea' id='block_1_97' title="bbox 2036 4529 3537 4607">
    <p class='ocr_par' dir='ltr' id='par_1_97' title="bbox 2036 4529 3537 4607">
     <span class='ocr_line' id='line_1_97' title="bbox 2036 4529 3537 4607; baseline -0.011 -9"><span class='ocrx_word' id='word_1_638' title='bbox 2036 4542 2135 4599; x_wconf 89' lang='lat' dir='ltr'><strong>Ubi</strong></span> <span class='ocrx_word' id='word_1_639' title='bbox 2166 4550 2346 4595; x_wconf 87' lang='lat' dir='ltr'><strong>autem</strong></span> <span class='ocrx_word' id='word_1_640' title='bbox 2403 4537 2574 4592; x_wconf 86' lang='lat' dir='ltr'><strong>multa</strong></span> <span class='ocrx_word' id='word_1_641' title='bbox 2615 4534 2905 4607; x_wconf 84' lang='lat' dir='ltr'><strong>genimina,</strong></span> <span class='ocrx_word' id='word_1_642' title='bbox 2940 4530 3225 4600; x_wconf 77' lang='lat' dir='ltr'><strong>manifesta</strong></span> <span class='ocrx_word' id='word_1_643' title='bbox 3271 4539 3350 4584; x_wconf 86' lang='lat' dir='ltr'><strong>est</strong></span> <span class='ocrx_word' id='word_1_644' title='bbox 3390 4529 3537 4587; x_wconf 77' lang='lat' dir='ltr'><strong>boris</strong></span> 
     </span>
    </p>
   </div>
   <div class='ocr_carea' id='block_1_98' title="bbox 1962 4622 3536 4698">
    <p class='ocr_par' dir='ltr' id='par_1_98' title="bbox 1962 4622 3536 4698">
     <span class='ocr_line' id='line_1_98' title="bbox 1962 4622 3536 4698; baseline -0.012 -7"><span class='ocrx_word' id='word_1_645' title='bbox 1962 4637 2158 4691; x_wconf 81' lang='lat' dir='ltr'><strong>uirtus.</strong></span> <span class='ocrx_word' id='word_1_646' title='bbox 2192 4630 2421 4698; x_wconf 88' lang='lat' dir='ltr'><strong>Quando</strong></span> <span class='ocrx_word' id='word_1_647' title='bbox 2448 4639 2629 4683; x_wconf 89' lang='lat' dir='ltr'><strong>autcm</strong></span> <span class='ocrx_word' id='word_1_648' title='bbox 2672 4626 2908 4680; x_wconf 74' lang='lat' dir='ltr'><strong>diversa:</strong></span> <span class='ocrx_word' id='word_1_649' title='bbox 2938 4622 3184 4676; x_wconf 81' lang='lat' dir='ltr'><strong>rationes</strong></span> <span class='ocrx_word' id='word_1_650' title='bbox 3206 4635 3390 4675; x_wconf 88' lang='lat' dir='ltr'><strong>rerum</strong></span> <span class='ocrx_word' id='word_1_651' title='bbox 3414 4635 3536 4688; x_wconf 69' lang='lat' dir='ltr'><strong>quae</strong></span> 
     </span>
    </p>
   </div>
   <div class='ocr_carea' id='block_1_99' title="bbox 1963 4712 3536 4788">
    <p class='ocr_par' dir='ltr' id='par_1_99' title="bbox 1963 4712 3536 4788">
     <span class='ocr_line' id='line_1_99' title="bbox 1963 4712 3536 4788; baseline -0.01 -6"><span class='ocrx_word' id='word_1_652' title='bbox 1963 4728 2241 4788; x_wconf 80' lang='lat' dir='ltr'><strong>videntur,</strong></span> <span class='ocrx_word' id='word_1_653' title='bbox 2264 4721 2570 4778; x_wconf 88' lang='lat' dir='ltr'><strong>secundum</strong></span> <span class='ocrx_word' id='word_1_654' title='bbox 2596 4718 2899 4773; x_wconf 82' lang='lat' dir='ltr'><strong>naturalem</strong></span> <span class='ocrx_word' id='word_1_655' title='bbox 2932 4715 3134 4771; x_wconf 84' lang='lat' dir='ltr'><strong>mentis</strong></span> <span class='ocrx_word' id='word_1_656' title='bbox 3160 4714 3338 4768; x_wconf 79' lang='lat' dir='ltr'><strong>visum</strong></span> <span class='ocrx_word' id='word_1_657' title='bbox 3365 4712 3536 4783; x_wconf 84' lang='lat' dir='ltr'><strong>perite</strong></span> 
     </span>
    </p>
   </div>
   <div class='ocr_carea' id='block_1_100' title="bbox 1963 4804 3536 4877">
    <p class='ocr_par' dir='ltr' id='par_1_100' title="bbox 1963 4804 3536 4877">
     <span class='ocr_line' id='line_1_100' title="bbox 1963 4804 3536 4877; baseline -0.01 -3"><span class='ocrx_word' id='word_1_658' title='bbox 1963 4827 2298 4877; x_wconf 85' lang='lat' dir='ltr'><strong>tractantur,</strong></span> <span class='ocrx_word' id='word_1_659' title='bbox 2335 4825 2467 4868; x_wconf 86' lang='lat' dir='ltr'><strong>tunc</strong></span> <span class='ocrx_word' id='word_1_660' title='bbox 2521 4808 2810 4866; x_wconf 83' lang='lat' dir='ltr'><strong>manifesta</strong></span> <span class='ocrx_word' id='word_1_661' title='bbox 2838 4816 2922 4864; x_wconf 87' lang='lat' dir='ltr'><strong>est</strong></span> <span class='ocrx_word' id='word_1_662' title='bbox 2948 4806 3268 4877; x_wconf 86' lang='lat' dir='ltr'><strong>cupiditatis</strong></span> <span class='ocrx_word' id='word_1_663' title='bbox 3302 4804 3385 4859; x_wconf 79' lang='lat' dir='ltr'><strong>vis</strong></span> <span class='ocrx_word' id='word_1_664' title='bbox 3416 4819 3536 4874; x_wconf 70' lang='lat' dir='ltr'><strong>quae</strong></span> 
     </span>
    </p>
   </div>
   <div class='ocr_carea' id='block_1_101' title="bbox 1961 4894 3536 4972">
    <p class='ocr_par' dir='ltr' id='par_1_101' title="bbox 1961 4894 3536 4972">
     <span class='ocr_line' id='line_1_101' title="bbox 1961 4894 3536 4972; baseline -0.011 -6"><span class='ocrx_word' id='word_1_665' title='bbox 1961 4920 2046 4966; x_wconf 90' lang='lat' dir='ltr'><strong>est</strong></span> <span class='ocrx_word' id='word_1_666' title='bbox 2078 4907 2384 4964; x_wconf 87' lang='lat' dir='ltr'><strong>secundum</strong></span> <span class='ocrx_word' id='word_1_667' title='bbox 2418 4902 2713 4967; x_wconf 82' lang='lat' dir='ltr'><strong>rationem,</strong></span> <span class='ocrx_word' id='word_1_668' title='bbox 2744 4900 2905 4972; x_wconf 85' lang='lat' dir='ltr'><strong>cujus</strong></span> <span class='ocrx_word' id='word_1_669' title='bbox 2937 4914 3040 4971; x_wconf 85' lang='lat' dir='ltr'><strong>0pc</strong></span> <span class='ocrx_word' id='word_1_670' title='bbox 3071 4898 3162 4952; x_wconf 89' lang='lat' dir='ltr'><strong>illa</strong></span> <span class='ocrx_word' id='word_1_671' title='bbox 3190 4896 3368 4968; x_wconf 89' lang='lat' dir='ltr'><strong>potuit</strong></span> <span class='ocrx_word' id='word_1_672' title='bbox 3394 4894 3536 4949; x_wconf 84' lang='lat' dir='ltr'><strong>divi-</strong></span> 
     </span>
    </p>
   </div>
   <div class='ocr_carea' id='block_1_102' title="bbox 1967 4987 3538 5062">
    <p class='ocr_par' dir='ltr' id='par_1_102' title="bbox 1967 4987 3538 5062">
     <span class='ocr_line' id='line_1_102' title="bbox 1967 4987 3538 5062; baseline -0.011 -5"><span class='ocrx_word' id='word_1_673' title='bbox 1967 5002 2179 5058; x_wconf 89' lang='lat' dir='ltr'><strong>sionem</strong></span> <span class='ocrx_word' id='word_1_674' title='bbox 2215 4998 2522 5055; x_wconf 83' lang='lat' dir='ltr'><strong>secundum</strong></span> <span class='ocrx_word' id='word_1_675' title='bbox 2571 5006 2798 5051; x_wconf 86' lang='lat' dir='ltr'><strong>sensum</strong></span> <span class='ocrx_word' id='word_1_676' title='bbox 2845 4991 3181 5062; x_wconf 88' lang='lat' dir='ltr'><strong>transgredi,</strong></span> <span class='ocrx_word' id='word_1_677' title='bbox 3231 4997 3286 5043; x_wconf 86' lang='lat' dir='ltr'><strong>et</strong></span> <span class='ocrx_word' id='word_1_678' title='bbox 3318 4987 3538 5042; x_wconf 83' lang='lat' dir='ltr'><strong>tendere</strong></span> 
     </span>
    </p>
   </div>
   <div class='ocr_carea' id='block_1_103' title="bbox 1962 5070 3537 5165">
    <p class='ocr_par' dir='ltr' id='par_1_103' title="bbox 1962 5070 3537 5165">
     <span class='ocr_line' id='line_1_103' title="bbox 1962 5070 3537 5165; baseline -0.009 -17"><span class='ocrx_word' id='word_1_679' title='bbox 1962 5094 2026 5148; x_wconf 88' lang='lat' dir='ltr'><strong>ad</strong></span> <span class='ocrx_word' id='word_1_680' title='bbox 2064 5092 2380 5165; x_wconf 84' lang='lat' dir='ltr'><strong>generalem</strong></span> <span class='ocrx_word' id='word_1_681' title='bbox 2404 5088 2657 5145; x_wconf 85' lang='lat' dir='ltr'><strong>veritatis</strong></span> <span class='ocrx_word' id='word_1_682' title='bbox 2691 5102 2813 5157; x_wconf 80' lang='lat' dir='ltr'><strong>quae</strong></span> <span class='ocrx_word' id='word_1_683' title='bbox 2846 5085 3149 5143; x_wconf 86' lang='lat' dir='ltr'><strong>secundum</strong></span> <span class='ocrx_word' id='word_1_684' title='bbox 3178 5070 3434 5153; x_wconf 83' lang='lat' dir='ltr'><strong>spiritum</strong></span> <span class='ocrx_word' id='word_1_685' title='bbox 3450 5089 3537 5135; x_wconf 89' lang='lat' dir='ltr'><strong>est</strong></span> 
     </span>
    </p>
   </div>
   <div class='ocr_carea' id='block_1_104' title="bbox 1964 5185 2249 5240">
    <p class='ocr_par' dir='ltr' id='par_1_104' title="bbox 1964 5185 2249 5240">
     <span class='ocr_line' id='line_1_104' title="bbox 1964 5185 2249 5240; baseline -0.004 0"><span class='ocrx_word' id='word_1_686' title='bbox 1964 5185 2249 5240; x_wconf 84' lang='lat' dir='ltr'><strong>unitatem.</strong></span> 
     </span>
    </p>
   </div>
   <div class='ocr_carea' id='block_1_105' title="bbox 2035 5314 3539 5395">
    <p class='ocr_par' dir='ltr' id='par_1_105' title="bbox 2035 5314 3539 5395">
     <span class='ocr_line' id='line_1_105' title="bbox 2035 5314 3539 5395; baseline -0.013 -7"><span class='ocrx_word' id='word_1_687' title='bbox 2035 5330 2206 5387; x_wconf 75' lang='lat' dir='ltr'><strong>Vens.</strong></span> <span class='ocrx_word' id='word_1_688' title='bbox 2252 5330 2304 5386; x_wconf 87' lang='lat'><strong>5.</strong></span> <span class='ocrx_word' id='word_1_689' title='bbox 2343 5327 2512 5383; x_wconf 83' lang='lat' dir='ltr'><strong>Testis</strong></span> <span class='ocrx_word' id='word_1_690' title='bbox 2558 5323 2733 5395; x_wconf 80' lang='lat' dir='ltr'><strong>ﬁdelis</strong></span> <span class='ocrx_word' id='word_1_691' title='bbox 2769 5338 2871 5377; x_wconf 86' lang='lat' dir='ltr'><strong>non</strong></span> <span class='ocrx_word' id='word_1_692' title='bbox 2906 5319 3206 5375; x_wconf 75' lang='lat' dir='ltr'><strong>mentietur.</strong></span> <span class='ocrx_word' id='word_1_693' title='bbox 3244 5315 3389 5372; x_wconf 86' lang='lat' dir='ltr'><strong>Deus</strong></span> <span class='ocrx_word' id='word_1_694' title='bbox 3415 5314 3539 5370; x_wconf 81' lang='lat' dir='ltr'><strong>Ver-</strong></span> 
     </span>
    </p>
   </div>
   <div class='ocr_carea' id='block_1_106' title="bbox 1965 5413 3539 5490">
    <p class='ocr_par' dir='ltr' id='par_1_106' title="bbox 1965 5413 3539 5490">
     <span class='ocr_line' id='line_1_106' title="bbox 1965 5413 3539 5490; baseline -0.013 -10"><span class='ocrx_word' id='word_1_695' title='bbox 1965 5425 2117 5490; x_wconf 90' lang='lat' dir='ltr'><strong>bum,</strong></span> <span class='ocrx_word' id='word_1_696' title='bbox 2148 5423 2354 5477; x_wconf 90' lang='lat' dir='ltr'><strong>veritas</strong></span> <span class='ocrx_word' id='word_1_697' title='bbox 2387 5420 2527 5490; x_wconf 87' lang='lat' dir='ltr'><strong>ipsa,</strong></span> <span class='ocrx_word' id='word_1_698' title='bbox 2571 5416 2795 5488; x_wconf 87' lang='lat' dir='ltr'><strong>quando</strong></span> <span class='ocrx_word' id='word_1_699' title='bbox 2830 5421 3078 5468; x_wconf 88' lang='lat' dir='ltr'><strong>nostrum</strong></span> <span class='ocrx_word' id='word_1_700' title='bbox 3112 5413 3257 5467; x_wconf 88' lang='lat' dir='ltr'><strong>circa</strong></span> <span class='ocrx_word' id='word_1_701' title='bbox 3279 5423 3539 5479; x_wconf 76' lang='lat' dir='ltr'><strong>apparen-</strong></span> 
     </span>
    </p>
   </div>
   <div class='ocr_carea' id='block_1_107' title="bbox 1968 5501 3539 5579">
    <p class='ocr_par' dir='ltr' id='par_1_107' title="bbox 1968 5501 3539 5579">
     <span class='ocr_line' id='line_1_107' title="bbox 1968 5501 3539 5579; baseline -0.011 -9"><span class='ocrx_word' id='word_1_702' title='bbox 1968 5516 2041 5571; x_wconf 89' lang='lat' dir='ltr'><strong>tia</strong></span> <span class='ocrx_word' id='word_1_703' title='bbox 2087 5514 2335 5568; x_wconf 75' lang='lat' dir='ltr'><strong>liabitum</strong></span> <span class='ocrx_word' id='word_1_704' title='bbox 2384 5525 2573 5566; x_wconf 88' lang='lat' dir='ltr'><strong>errore</strong></span> <span class='ocrx_word' id='word_1_705' title='bbox 2629 5512 2845 5579; x_wconf 85' lang='lat' dir='ltr'><strong>plenum</strong></span> <span class='ocrx_word' id='word_1_706' title='bbox 2906 5505 3121 5558; x_wconf 86' lang='lat' dir='ltr'><strong>illorum</strong></span> <span class='ocrx_word' id='word_1_707' title='bbox 3166 5501 3539 5560; x_wconf 81' lang='lat' dir='ltr'><strong>destructione</strong></span> 
     </span>
    </p>
   </div>
   <div class='ocr_carea' id='block_1_108' title="bbox 1966 5605 2611 5669">
    <p class='ocr_par' dir='ltr' id='par_1_108' title="bbox 1966 5605 2611 5669">
     <span class='ocr_line' id='line_1_108' title="bbox 1966 5605 2611 5669; baseline -0.009 -8"><span class='ocrx_word' id='word_1_708' title='bbox 1966 5605 2263 5669; x_wconf 85' lang='lat' dir='ltr'><strong>convincit,</strong></span> <span class='ocrx_word' id='word_1_709' title='bbox 2304 5616 2470 5658; x_wconf 77' lang='lat' dir='ltr'><strong>verax</strong></span> <span class='ocrx_word' id='word_1_710' title='bbox 2507 5610 2611 5656; x_wconf 87' lang='lat' dir='ltr'><strong>est.</strong></span> 
     </span>
    </p>
   </div>
   <div class='ocr_carea' id='block_1_109' title="bbox 2036 5736 3539 5809">
    <p class='ocr_par' dir='ltr' id='par_1_109' title="bbox 2036 5736 3539 5809">
     <span class='ocr_line' id='line_1_109' title="bbox 2036 5736 3539 5809; baseline -0.007 -7"><span class='ocrx_word' id='word_1_711' title='bbox 2036 5748 2287 5805; x_wconf 79' lang='lat' dir='ltr'><strong>Accendit</strong></span> <span class='ocrx_word' id='word_1_712' title='bbox 2314 5756 2488 5804; x_wconf 85' lang='lat' dir='ltr'><strong>autem</strong></span> <span class='ocrx_word' id='word_1_713' title='bbox 2526 5743 2802 5800; x_wconf 83' lang='lat' dir='ltr'><strong>mendacia</strong></span> <span class='ocrx_word' id='word_1_714' title='bbox 2848 5741 2995 5797; x_wconf 85' lang='lat' dir='ltr'><strong>testis</strong></span> <span class='ocrx_word' id='word_1_715' title='bbox 3030 5740 3286 5809; x_wconf 81' lang='lat' dir='ltr'><strong>injustus.</strong></span> <span class='ocrx_word' id='word_1_716' title='bbox 3326 5736 3539 5794; x_wconf 80' lang='lat' dir='ltr'><strong>Excitat</strong></span> 
     </span>
    </p>
   </div>
  </div>
