4054 6520
522 326 655 389 1359

1818 321 2167 384 PROCOPII
2204 322 2448 383 GAZ/EI

3624 319 3769 382 1300

518 460 643 500 vero
680 443 733 497 in
762 443 920 499 nobis
952 441 1267 498 mendaeem
1303 438 1371 497 de
1420 440 1638 496 illorum
1672 438 2084 508 pulchritudine

2191 438 2229 491 δ’
2258 440 2318 492 ἐν
2343 440 2477 509 ἡμῖν
2498 438 2595 510 τὴν
2624 439 2754 510 περὶ
2772 438 2945 494 ταῦτα
2962 439 3132 510 ψευδῆ
3161 438 3256 494 τοῦ
3282 436 3449 492 καλοῦ
3470 434 3767 505 ὑπόληψιν,

513 535 827 604 opinionem
856 576 869 597 ,
911 534 998 588 hic
1048 536 1137 603 qui
1191 549 1287 602 per
1324 548 1443 587 eam
1490 531 1745 602 decipere
1790 546 1890 585 nos
1940 530 2090 584 omni

515 626 729 682 ratione
759 641 975 695 semper
1004 625 1368 679 machinatur.

592 753 760 808 Vens.
791 753 843 806 6.
884 753 1099 819 Quaeres
1131 753 1449 822 sapientiam
1495 750 1637 820 apud
1680 750 1872 813 malos,
1903 758 1953 801 et
1978 763 2080 802 non

2187 530 2333 583 seu
2355 530 2558 602 ταύτης,
2592 532 2807 603 ἀπατᾷν
2862 533 3013 602 ἡμᾶς
3058 531 3213 602 παρὰ
3259 532 3440 586 πάντα
3484 530 3644 598 λόγον
3675 530 3773 583 ἀεὶ

2190 622 2600 693 μηχανώμενος.

2260 752 2336 810 ς’.
2371 748 2664 815 Ζητήσεις
2685 751 2912 819 σοφίαν
2944 751 3104 820 παρὰ
3136 751 3362 817 κακοῖς,
3394 751 3493 805 καὶ
3521 754 3636 821 οὐχ
3664 756 3770 807 εὑ·-

513 844 763 898 iuvenies.
802 843 1149 898 Scrutabcris
1187 844 1475 909 rationem,
1504 851 1729 913 propter
1766 855 1932 910 quam
1968 853 2087 893 ma-

2191 836 2414 905 ρήσεις.
2448 840 2812 913 Ψηλαφήσεις
2858 842 3038 913 λόγον,
3088 844 3211 898 καθ’
3237 845 3296 897 ὃν
3323 845 3372 897 οἱ
3408 844 3770 914 ἐργαζόμενα

514 934 624 987 lum
681 944 848 1003 agunt
879 934 972 1003 qui
1009 934 1150 988 male
1211 941 1401 1005 agunt,
1442 948 1621 1003 neque
1661 932 1937 994 invenies,
1964 946 2087 986 eum

510 1026 659 1079 nulla
711 1027 968 1080 exsistat.
1001 1024 1130 1091 Qua:
1174 1026 1318 1081 enim
1350 1024 1442 1081 isti
1489 1032 1676 1096 agunt,
1724 1026 1844 1081 sine
1882 1024 2091 1079 ratione

511 1127 697 1187 agunt.
1892 1118 1895 1131 ’

582 1244 779 1299 Sensus
804 1254 980 1299 autem
1006 1244 1443 1316 intelligentibus,
1470 1245 1672 1315 facilis.
1698 1246 1907 1312 Quibus
1933 1260 2087 1300 mens

508 1335 674 1394 inest.
713 1337 996 1392 distinctio
1034 1338 1159 1392 boni
1195 1346 1249 1392 et
1287 1338 1413 1391 mali
1452 1337 1596 1391 haud
1636 1339 1833 1399 ardua.
1864 1352 1987 1391 cum
2020 1351 2084 1391 ex

510 1436 708 1480 natura
739 1428 855 1496 ipsa
894 1428 1055 1481 talem
1092 1427 1385 1497 impulsum
1422 1428 1681 1480 habeant.
1718 1425 1914 1480 Malum
1941 1426 2084 1481 enim

511 1518 715 1580 sciunt,
760 1526 817 1568 ut
864 1518 1080 1570 caneris
1125 1533 1231 1569 non
1286 1516 1487 1568 faciant
1530 1515 1677 1583 quod
1720 1516 1789 1569 ab
1832 1515 1938 1568 illis
1974 1514 2087 1585 pati

510 1609 709 1662 nolunt
749 1623 762 1659 :
809 1607 1012 1661 bonum
1049 1616 1252 1672 autem,
1284 1616 1343 1661 ut
1376 1606 1501 1661 aliis
1540 1605 1743 1661 faciant
1792 1606 1936 1675 quod
1983 1607 2087 1662 sibi

507 1702 575 1752 ab
610 1700 801 1755 iisdem
839 1701 1029 1753 volunt
1063 1701 1314 1756 retribui.

579 1911 749 1969 Vnus.
792 1913 844 1967 7.
890 1912 1085 1968 Omnia
1134 1914 1363 1967 adversa
1398 1912 1596 1966 homini
1628 1910 1844 1966 stolido.
1892 1908 2088 1964 Omnia

507 2005 652 2059 enim
700 2012 755 2059 et
800 2005 1042 2075 jucunda
1094 2014 1148 2060 et
1202 2020 1386 2057 amara
1431 2005 1486 2058 in
1527 2005 1918 2058 detrimentum
1960 2017 2088 2057 eve-

508 2098 667 2152 niunt
720 2097 928 2150 homini
981 2096 1190 2165 absque
1243 2097 1497 2166 ingenio,
1546 2097 1640 2165 qui
1680 2096 1733 2149 in
1776 2095 1980 2148 talibus
2030 2108 2090 2148 se

510 2188 649 2241 male
682 2187 866 2241 habet.
902 2185 1173 2241 Jucundis
1226 2187 1508 2254 sapienter
1544 2199 1651 2237 non
1691 2184 1884 2247 utitur,
1917 2181 2093 2257 quod,

508 2281 648 2334 belle
700 2281 987 2349 navigans,
1029 2276 1373 2347 tempestatis
1414 2275 1794 2338 obliviscitur;
1832 2273 2087 2327 dolorosa

508 2390 617 2428 non
658 2371 871 2435 suffert,
906 2373 1037 2441 quia
1081 2386 1147 2425 ex
1197 2370 1284 2425 his
1333 2368 1718 2423 liberationem
1762 2382 1868 2420 non
1904 2374 2089 2433 sperat

508 2479 688 2533 neque
722 2462 1056 2530 mercedem,
1092 2476 1280 2532 quam,
1318 2460 1623 2516 tolerandis
1656 2458 1857 2514 exinde
1886 2456 2087 2528 pmnis,

510 2554 765 2624 recipiet.

579 2680 749 2734 Arma
779 2696 987 2745 sensus,
1023 2679 1170 2733 labia
1200 2678 1487 2748 sapientia.
1515 2675 1587 2732 Ut
1614 2675 1906 2732 stultitiam
1933 2687 2089 2729 suam

509 2770 762 2841 abjiciat,
792 2786 943 2825 arma
985 2770 1233 2825 scientiae
1267 2778 1397 2823 sunt
1436 2767 1622 2832 verba,
1654 2782 1775 2837 qua:
1803 2767 2089 2820 veritatem

512 2864 794 2934 perlucide
825 2862 1162 2916 annuntiant
1188 2868 1244 2916 et
1275 2859 1635 2915 domesticam
1668 2858 1835 2912 vitam
1865 2856 1931 2911 ad
1963 2870 2091 2909 nor-

520 2972 663 3010 mam
700 2954 932 3009 rationis
968 2953 1242 3023 redigunt.

2186 929 2246 982 τὸ
2289 930 2462 984 κακὸν
2490 932 2737 986 ποιοῦσιν
2764 934 2915 1003 αὑτὸ,
2950 936 3046 989 καὶ
3092 936 3189 1006 οὑχ
3240 937 3496 1007 εὑρήσεις
3524 952 3539 967 '
3577 936 3769 1005 ἐπειδὴ

2189 1021 2312 1093 μηδ’
2338 1022 2576 1096 ὑπάρχει
2599 1042 2614 1058 ο
2642 1024 2679 1079 ἃ
2707 1024 2816 1095 γάρ
2842 1022 2986 1082 οὗτοι
3018 1028 3286 1093 ποιοῦσιν,
3324 1028 3537 1096 ἀλόγως
3581 1028 3772 1080 ποιοῦ.

2188 1130 2292 1171 σιν.

2258 1243 2560 1313 Αἴσθησις
2597 1245 2664 1299 δὲ
2695 1246 2854 1315 παρὰ
2883 1247 3231 1315 φρονίμοις,⁸
3248 1247 3527 1316 εὐχερής.
3568 1247 3695 1311 Τοῖς
3719 1249 3769 1303 δ’

2187 1337 2475 1407 ἐχέφροσιν
2502 1341 2533 1409 ή
2563 1338 2658 1392 τοῦ
2694 1339 2861 1392 καλοῦ
2893 1341 2987 1393 καὶ
3011 1339 3104 1393 τοῦ
3135 1342 3305 1394 κα.κοῦ
3350 1341 3626 1413 διάκρισις
3660 1345 3768 1412 ρᾳ-

2186 1430 2271 1483 δία
2295 1431 2463 1495 ἐστὶν,
2490 1431 2547 1497 ἐξ
2577 1432 2747 1502 αὑτῆς
2777 1432 2876 1503 τῆς
2906 1430 3119 1502 φύσεως
3149 1433 3247 1495 τὰς
3276 1436 3529 1504 ἀφορμὰς
3555 1436 3769 1503 ἔχουσι,

2188 1524 2281 1575 καὶ
2306 1522 2469 1577 εἰδόσι
2492 1523 2657 1576 κακὸν
2692 1524 2790 1595 μὲν
2818 1525 2879 1577 τὸ
2908 1528 3081 1577 ποιεῖν
3113 1528 3191 1589 εἰς
3220 1527 3462 1597 ἐτέρους,
3488 1526 3517 1579 ὅ
3553 1527 3627 1597 μὴ
3660 1528 3770 1579 πά-

2190 1632 2338 1684 σχειν
2369 1616 2522 1668 αὑτοὶ
2544 1617 2675 1687 παρ’
2697 1620 2764 1669 αὑ
2776 1616 2878 1669 τῶν
2908 1617 3183 1687 βούλονται
3205 1634 3219 1647 ·
3245 1618 3408 1671 καλὸν
3429 1618 3485 1670 δὲ
3507 1620 3567 1670 τὸ
3588 1622 3773 1672 ποιεῖν

2190 1708 2269 1768 είς
2296 1708 2555 1772 ἐκείνους,
2593 1707 2621 1762 δ
2657 1708 2752 1761 καὶ
2784 1710 2940 1763 αὐτοὶ
2970 1712 3196 1780 πάσχειν
3227 1711 3377 1779 παρά
3410 1712 3614 1763 τούτων
3649 1710 3774 1763 ἐθέ-

2106 1768 2150 1825 B
2188 1799 2393 1853 λουσιν.

2260 1908 2324 1973 ζ’.
2354 1906 2556 1960 Πάντα
2582 1908 2826 1961 ἐναντία
2850 1908 3019 1975 ἀνδρὶ
3052 1908 3287 1977 ἄφρονι.
3319 1910 3385 1963 ’Δ
3398 1929 3568 1963 παντα
3607 1913 3679 1964 τά
3705 1928 3771 1964 τε

2189 2000 2316 2070 ἡδέα
2351 2000 2446 2052 καὶ
2472 2000 2538 2051 τά
2566 1999 2788 2066 ἀλγεινά
2840 2000 2918 2062 είς
2947 2000 3151 2070 βλάϐην
3179 2002 3466 2055 ἀποϐαίνει
3496 2004 3573 2069 τῷ
3602 2005 3773 2075 ἀνοήο

2186 2106 2283 2159 τῳ,
2318 2088 2506 2151 κακῶς
2553 2089 2612 2140 ἐν
2640 2088 2851 2152 τούτοις
2896 2091 3089 2144 ἑαυτὸν
3137 2091 3437 2159 διεξάγοντι
3463 2109 3478 2124 ο
3519 2094 3592 2155 ὡς
3627 2096 3769 2163 μήτε

2188 2182 2298 2242 τοῖς
2320 2179 2471 2250 ἡδέσι
2501 2180 2790 2249 σωφρόνως
2814 2181 3104 2251 χρωμένῳ,
3130 2181 3219 2233 διὰ
3243 2182 3304 2234 τὸ
3334 2182 3410 2252 μὴ
3441 2183 3517 2234 ὅτ’
3548 2184 3775 2235 εὐπλοεῖ

2191 2269 2360 2337 ζάλης
2392 2271 2741 2341 μεμνῆσθαι,
2792 2272 2919 2341 μήθ’
2944 2272 3270 2341 ὑποφέροντι
3300 2272 3367 2325 τὰ
3402 2273 3649 2340 ἀλγεινὰ,
3678 2275 3772 2327 διὰ

2188 2365 2248 2417 τὸ
2287 2364 2361 2435 μὴ
2395 2366 2637 2429 ἐλπίζειν
2684 2367 2838 2421 λύσιν
2879 2367 3106 2432 τούτων,
3151 2368 3245 2420 καὶ
3283 2368 3635 2429 ἀντιμισθίαν
3669 2370 3774 2439 τῆς

2188 2452 2297 2509 τῶν
2325 2455 2410 2508 ἐπ’
2442 2456 2624 2520 αὐτοῖς
2652 2458 2828 2514 πόνων
2863 2457 3165 2529 ὑπομονῆς.

2262 2675 2457 2729 Ὅπλα
2502 2674 2572 2729 δὲ
2616 2676 2961 2743 αἰσθήσεως
3009 2680 3184 2747 χείλη
3224 2680 3407 2749 σοφά.
3447 2681 3590 2751 Πρδς
3626 2682 3685 2736 δὲ
3708 2682 3776 2736 τὺ

2191 2765 2519 2819 καταϐαλεῖν
2557 2766 2659 2835 τὴν
2683 2766 2875 2819 τούτου
2910 2768 3116 2833 ἄνοιαν,
3143 2767 3398 2835 γνώσεως
3437 2768 3595 2830 ὅπλα,
3620 2768 3775 2837 λόγοι

2190 2856 2251 2909 τὺ
2279 2856 2474 2925 ἀληθὲς
2492 2857 2705 2927 τρανῶς
2734 2858 3191 2926 ἀπαγγέλλοντες,
3220 2859 3363 2913 κατά
3395 2859 3552 2927 λόγον
3576 2859 3674 2931 τὴν
3692 2861 3780 2913 οι·-

2191 2948 2344 3007 κείαν
2374 2950 2553 3020 βιοτὴν
2585 2949 2945 3018 διεξάγοντες.

583 3078 751 3134 Vens.
789 3077 840 3132 8.
882 3077 1157 3145 Sapientia
1189 3075 1505 3129 callidorum
1560 3079 1832 3143 cognoscet
1859 3069 1971 3125 vias
2000 3084 2089 3123 eo-

2262 3077 2333 3148 η’.
2373 3080 2562 3147 Σοφία
2608 3081 2963 3150 πανούργων
3009 3080 3401 3151 ἐπιγνώσεται
3453 3081 3561 3146 τὰς
3588 3080 3778 3148 ὁδοὺς

517 3188 657 3227 rum.
684 3169 788 3235 Qui
820 3169 961 3223 bona
988 3169 1173 3224 indole
1208 3183 1303 3238 per
1332 3168 1514 3222 omnia
1555 3162 1865 3220 evenientia
1909 3170 2092 3214 trans-

513 3262 857 3333 grediuntur,
892 3271 945 3316 et
979 3261 1088 3316 illis
1124 3261 1189 3315 ad
1237 3260 1582 3313 commodum
1627 3265 1875 3321 utuntur,
1910 3257 2094 3309 sciunt

514 3355 792 3425 quomodo
832 3355 1112 3409 ambulent
1145 3371 1157 3408 :
1195 3355 1392 3408 exinde
1434 3364 1487 3406 et
1530 3352 1828 3421 pendentes
1873 3349 2094 3403 malitiae

516 3448 779 3516 scepulos
808 3456 863 3500 ct
896 3446 1154 3500 barathra
1196 3445 1484 3514 effugiunt,
1518 3444 1825 3513 inllesoque
1856 3442 1991 3511 pede
2024 3440 2091 3494 ad

518 3542 774 3595 ultimum
808 3540 1085 3594 tramitem
1116 3539 1402 3593 festinant.

592 3667 839 3723 Stultitia
874 3666 1241 3736 insipientium
1269 3667 1324 3720 in
1354 3679 1552 3719 errore.
1593 3664 1695 3729 Qui
1728 3663 1851 3718 sine
1880 3661 2094 3716 ratione

517 3757 733 3821 vivunt,
770 3767 959 3812 errant
988 3772 1019 3811 a
1058 3756 1288 3811 veritate
1319 3763 1374 3811 et
1409 3759 1476 3809 ad
1508 3754 1709 3809 bonunt
1742 3768 1850 3808 non
1883 3752 2094 3825 pertin-

514 3857 672 3921 gunl.

594 3972 759 4027 Vens.
792 3974 847 4029 9.
888 3970 1092 4028 Domus
1140 3972 1443 4043 iniquorum
1482 3972 1849 4041 puriﬁcatione
1891 3970 2094 4042 indige-

519 4066 669 4118 bunt.
739 4064 933 4118 Divina
990 4064 1248 4118 mandata
1306 4064 1760 4133 perfringentium
1822 4076 2090 4132 corpora,

520 4156 633 4219 ubi,
660 4170 760 4209 ceu
789 4156 844 4209 in
874 4156 1200 4226 quibusdam
1232 4155 1507 4219 domibus,
1534 4156 1598 4208 ad
1632 4163 1863 4208 mortem
1894 4170 2088 4223 usque,

520 4254 865 4316 permanent,
894 4246 1019 4315 quia
1054 4261 1286 4315 corpora
1320 4247 1410 4299 illa
1437 4246 1592 4314 juxta
1620 4247 1769 4302 viros
1807 4262 1939 4300 suos
1970 4262 2093 4314 pas-

518 4340 773 4394 sionibtts
808 4338 1194 4409 inquinautur,
1237 4340 1497 4408 operibus
1535 4339 1617 4392 vel
1665 4347 1858 4409 sponte
1898 4353 2093 4393 susce-

520 4432 627 4502 ptis
662 4432 747 4487 vel
777 4430 1054 4501 impositis
1086 4430 1361 4500 puriﬁcari
1397 4430 1618 4485 debent.

588 4580 787 4637 Domus
843 4592 1017 4636 autem
1080 4583 1355 4651 justornm
1418 4582 1784 4651 acceptabiles.
1847 4580 2089 4651 Corpora

514 4690 731 4740 eorum,
766 4675 860 4744 qui
890 4676 1008 4728 sine
1039 4676 1342 4728 υίιίιιιείωιιο
1370 4684 1786 4738 conversantur,
1830 4691 1927 4746 per
1957 4690 2089 4745 ope-

519 4768 787 4821 rationem
825 4767 1173 4821 deducuntur
1204 4768 1269 4819 ad
1324 4767 1490 4819 Deum
1543 4776 1597 4820 et
1640 4766 1715 4820 illi
1758 4778 1885 4821 sunt
1922 4767 2092 4821 sacri-

518 4859 706 4912 ﬁcium
738 4860 972 4912 multum
1005 4860 1360 4927 act-optabile.

596 4985 760 5040 Vens.
787 4985 875 5039 10.
910 4986 1010 5040 Cor
1036 4986 1261 5040 hominis
1298 4985 1546 5040 sensibile
1569 4985 1873 5040 dolorasum
1902 4985 2093 5039 animm

516 5078 705 5143 ipsius.
738 5077 846 5133 Cor
880 5078 1141 5142 hominis,
1176 5108 1245 5119 -—
1273 5080 1417 5146 quod
1451 5079 1576 5131 hinc
1606 5078 1869 5133 sensitive
1893 5078 2095 5147 jucun-

516 5170 623 5233 dis,
654 5170 756 5225 sibi
794 5185 823 5223 a
866 5170 1063 5240 spiritu
1096 5170 1451 5225 circumfusis
1483 5181 1752 5236 versatur,
1783 5179 1835 5224 et
1869 5171 2094 5224 irratio-

523 5264 759 5319 nabilem
793 5263 997 5319 excitat
1028 5263 1375 5333 cupidinem;
1412 5262 1560 5316 illinc
1595 5272 1798 5325 autem,
1831 5262 2095 5331 sanguine

518 5354 576 5408 in
622 5355 938 5425 pectoribus
976 5354 1242 5417 fervente,
1292 5356 1473 5408 denuo
1524 5353 1800 5407 dolorosis
1833 5369 1929 5424 per
1964 5370 2092 5408 sen-

519 5462 641 5501 sum
675 5446 915 5500 adhzerct
948 5456 999 5500 et
1037 5463 1218 5517 parem
1256 5456 1463 5499 tnotum
1500 5447 1724 5507 excitat,
1757 5471 1825 5485 --
1855 5446 2093 5498 animam

519 5537 832 5593 istiusmodi
861 5538 1104 5593 hominis
1139 5548 1194 5594 et
1224 5537 1582 5594 conscientiae
1647 5536 1867 5607 probris
1896 5552 2097 5607 angere

514 5629 829 5693 censuerit,
868 5629 1093 5698 insuper
1126 5638 1181 5683 et
1211 5629 1381 5686 variis
1418 5630 1545 5685 inde
1578 5629 1930 5701 surgentibus
1958 5630 2095 5685 irre-

516 5724 581 5776 tit
608 5720 1027 5793 cupiditatibus.

2192 3168 2410 3224 αὐτῶν.
2442 3172 2503 3223 υί
2534 3170 2711 3243 πάντα
2738 3170 2950 3240 εὐφυῶς
2975 3170 3042 3223 τὰ
3076 3172 3487 3241 προσπίπτοντα
3515 3172 3779 3241 μετερχό-

2196 3279 2370 3332 μενοι,
2402 3263 2496 3315 καὶ
2544 3263 2751 3327 τούτοις
2793 3263 2928 3333 πρὸς
2962 3262 3229 3335 ὠφέλειαν
3270 3264 3562 3334 χρώμενοι,
3596 3265 3777 3319 οἴδασι

2193 3351 2311 3413 πῶς
2354 3352 2749 3422 περιπατοῦσι·
2779 3352 3071 3407 κάντεῦθεν
3106 3354 3204 3423 τῆς
3236 3355 3432 3415 κακίας
3472 3357 3595 3419 τοὺς
3635 3374 3779 3427 κρη-

2197 3444 2361 3512 μνοὺς
2390 3445 2483 3496 καὶ
2510 3445 2579 3496 τὰ
2620 3444 2867 3515 βάραθρα
2900 3445 3301 3514 διαφεύγοντες,
3335 3448 3777 3518 ἀμετάστρεπτοι

2195 3533 2331 3604 πρὸς
2359 3534 2420 3587 τὸ
2448 3533 2673 3604 ἔσχατον
2702 3535 3010 3603 ἐπείγονται
3032 3538 3274 3600 ὀρεκτόν.

2268 3659 2463 3713 "Arma
2486 3658 2554 3712 δὲ
2574 3660 2853 3728 ἀφρόνων
2870 3660 2940 3713 ἐν
2959 3661 3183 3729 πλάνῃ.
3208 3662 3271 3714 Ol
3299 3662 3345 3715 δ’
3367 3662 3575 3730 ἀλόγως
3599 3664 3780 3733 βιοῦν·

2193 3762 2305 3810 τες,
2337 3747 2753 3802 ἀποπλανῶνται
2784 3749 2881 3818 τῆς
2907 3748 3184 3821 ἀληθείας,
3213 3753 3307 3805 καὶ
3335 3753 3775 3825 ἀποτυγχάνουσι

2191 3838 2285 3891 τοῦ
2309 3839 2537 3906 ἀγαθοῦ.

2264 3961 2328 4014 θ’.
2362 3962 2548 4014 Οἰκίαι
2575 3964 2932 4033 παρανόμων
2955 3964 3353 4034 ὀφειλήσουσι
3378 3970 3769 4036 καθαρισμόν.

2196 4052 2277 4104 Τὰ
2309 4051 2418 4105 τῶν
2452 4053 2551 4116 τὰς
2582 4053 2732 4117 θείας
2759 4056 2979 4120 ἐντολὰς
3026 4058 3477 4125 παραϐαινόντων
3518 4060 3770 4128 σώματα,

2195 4146 2252 4197 ἐν
2288 4142 2369 4207 οἷς
2400 4145 2457 4198 αἱ
2481 4145 2686 4200 τούτων
2718 4147 2905 4218 ψυχαὶ,
2931 4149 3037 4213 ἕως
3063 4150 3312 4207 θανάτου.
3340 4154 3416 4215 ῶς
3444 4170 3583 4205 τισιν
3614 4155 3775 4224 οἰκή-

2198 4256 2330 4307 μασι
2362 4241 2791 4311 παραμένουσιν,
2828 4243 3016 4313 ἐπειδὴ
3059 4248 3171 4307 τοῖς
3205 4245 3326 4297 κατ’
3355 4246 3632 4315 ἐνέργειαν
3672 4266 3773 4317 pto-

2194 4329 2440 4384 λύνονται
2495 4332 2714 4398 πάθεσι,
2769 4333 3125 4405 δεηθήσονται
3173 4336 3273 4406 τῆς
3322 4337 3390 4390 δι’
3420 4339 3684 4390 ἑκουσίων
3735 4340 3771 4411 ἦ

2121 4443 2167 4500 D
2195 4422 2466 4478 ἀκουσίων
2498 4425 2677 4479 πόνων
2707 4426 3049 4499 καθάρσεως.

2258 4574 2449 4628 ΟΙκίαι
2481 4574 2549 4628 δὲ
2578 4576 2823 4629 δικαίων
2861 4577 3079 4630 δεκταί.
3111 4577 3191 4630 Τὰ
3232 4579 3288 4630 δὲ
3322 4578 3430 4631 τῶν
3464 4579 3772 4648 ἀμέμπτως

2193 4669 2627 4741 πολιτευομένων
2660 4670 2909 4740 σώματα,
2938 4672 3077 4725 κατὰ
3118 4674 3315 4742 πρᾶξιν
3340 4672 3460 4745 Θεῷ
3495 4675 3776 4745 προσαγόο

2197 4780 2355 4830 μενα,
2392 4762 2554 4816 θυσία
2586 4763 2982 4834 εὐπρόσδεκτος
3010 4763 3181 4833 τούτῳ
3207 4764 3567 4834 ὑπάρχουσιν.

2266 5000 2318 5045 ι’.
2345 4993 2567 5060 Καρδὶα
2585 4993 2806 5061 ἀνδρὸς
2832 4994 3172 5060 αἰσθητικὴ,
3201 4995 3441 5061 λυπηρὰ
3464 4996 3639 5065 ψυχῇ
3666 4999 3771 5051 αὺ-

2193 5083 2320 5140 τοῦ.
2369 5083 2679 5155 Ἀνθρώπου
2716 5086 2933 5155 καρδία,
2966 5086 3059 5138 ἐπὶ
3096 5086 3194 5155 μὲν
3219 5089 3331 5150 τοῖς
3363 5087 3487 5140 κατ’
3520 5090 3773 5157 αἴσθησιν

2193 5174 2343 5243 ἡδέσι
2368 5174 2613 5244 διάχυσιν
2635 5176 2725 5228 τοῦ
2752 5177 2881 5246 περὶ
2905 5176 3073 5245 αὐτὴν
3104 5177 3417 5247 πνεύματος
3446 5182 3768 5249 ποιουμένη,

2192 5265 2288 5317 καὶ
2314 5264 2412 5335 τὴν
2439 5266 2632 5334 ἄλογον
2662 5265 2956 5336 ἐπιθυμίαν
2986 5266 3287 5336 ὑφιστῶσα,
3317 5268 3410 5320 ἐπὶ
3435 5269 3491 5322 δὲ
3516 5273 3624 5331 τοῖς
3650 5271 3770 5322 κατ’

2195 5356 2446 5426 αἴσθησιν
2488 5357 2776 5425 ἀλγεινοῖς,
2830 5358 2976 5422 ζέσιν
3015 5358 3105 5411 τοῦ
3156 5359 3280 5427 περὶ
3320 5358 3488 5429 αὑτὴν
3541 5360 3771 5427 αἵματος

2194 5447 2347 5510 αὖθις
2404 5449 2724 5519 ποιουμένη,
2769 5453 2863 5502 καὶ
2911 5450 2999 5502 τὸν
3043 5450 3227 5519 ὅμοιον
3263 5451 3432 5520 θυμὸν
3467 5451 3764 5519 ὑφιστῶσα,

2194 5540 2385 5591 λυπεῖν
2420 5540 2579 5592 εἴωθε
2609 5540 2701 5592 τοῦ
2733 5540 2973 5593 τοιούτου
3008 5540 3197 5611 ἀνδρὸς
3217 5540 3316 5611 τὴν
3345 5542 3546 5611 ψυχὴν,
3578 5543 3651 5610 τῷ
3675 5542 3766 5594 τοῦ

2197 5631 2499 5692 συνειδότος
2534 5632 2759 5703 ἐλέγχῳ,
2811 5631 2895 5702 ἐφ’
2932 5626 3013 5695 οἷς
3055 5631 3302 5687 ἐντεῦθεν
3344 5633 3619 5695 παντοίοις
3650 5632 3760 5685 ἀλί-

2198 5737 2385 5775 σκεται
2419 5720 2667 5776 πάθεσιν.
