4054 6506
268 372 405 436 1361

1271 381 1809 443 COMMENTARII
1849 384 1932 445 1N
1953 370 2416 448 PROVERBIA.

3404 379 3557 444 1362-

343 485 533 539 Ὀταν
574 484 628 539 δ’
667 486 1085 557 εὐφραίνηται,
1116 490 1230 544 οὐκ
1258 492 1639 561 ἐπιμίγνυται
1676 492 1849 561 ὕϐρε-

2029 494 2168 549 Dum
2225 495 2456 565 gaudent
2514 508 2570 548 se
2615 508 2718 547 non
2757 490 3064 546 immiscunt
3115 488 3356 559 injuriis.
3403 486 3542 542 Cum

265 593 397 633 σιν.
431 578 559 631 Ὅτε
588 578 645 631 δὲ
688 581 722 650 ἡ
756 580 903 650 ψυχὴ
932 582 1315 653 πνευματικὴν
1348 583 1614 654 κέκτηται
1654 585 1855 657 εύφρου

266 668 460 740 σύνην,
492 670 892 743 ὀπηλλαγμένη
927 672 1029 743 τῆς
1060 672 1170 728 τῶν
1202 674 1391 729 παθῶν
1428 674 1653 745 ἀτιμίας
1686 678 1855 732 ἐστιν.

344 802 435 849 ια’.
470 798 661 850 Οἱκίαι
690 797 929 853 ἀσεϐῶν
950 798 1491 868 ἀφανισθήσονται.
1519 803 1604 859 Τά
1629 804 1859 874 σώματα

265 887 381 939 τῶν
422 890 497 959 μὴ
532 890 600 942 δι’
631 889 1000 961 ἀγαθοεργίας
1034 890 1320 961 τιμώντων
1352 894 1506 959 Θεὸν,
1560 896 1655 951 καὶ⁵
1686 898 1715 949 6
1764 898 1860 949 κόο

270 995 412 1047 σμος
461 974 612 1036 οὗτος
661 982 718 1033 ὲν
760 973 805 1048 ᾧ
850 981 920 1035 δι’
959 982 1137 1035 αὐτῶν
1180 983 1241 1035 τὸ
1288 983 1593 1057 πολίτευμα
1624 987 1855 1057 ἔχουσι’

268 1070 403 1139 περὶ
435 1070 471 1122 ὃ.
496 1070 593 1138 οὐχ
624 1070 698 1133 ὡς
725 1072 1017 1142 παροδικὰ,
1048 1072 1163 1125 ἀλλ’
1194 1072 1270 1137 ὡς
1297 1074 1492 1129 αἰώνια
1524 1080 1859 1151 κατοικητή-

271 1175 368 1229 ρια
402 1152 547 1213 οῦτοι
578 1162 985 1233 διάκεινται,τῇ
1020 1163 1198 1236 φθορᾷ
1224 1167 1726 1238 παραδοθήσονται·
1762 1171 1860 1224 σῦν

267 1251 487 1316 τούτοις
508 1252 554 1305 δ’
580 1255 629 1307 οἱ
663 1255 895 1309 τοιοῦτοι
921 1256 1139 1322 πάντως
1164 1260 1257 1313 καὶ
1282 1260 1382 1325 τὰς
1415 1262 1665 1327 αἰωνίους
1694 1264 1860 1334 μονὰς

266 1342 658 1398 ἀπολέσουσιν.

341 1470 565 1535 Σκηναί
596 1468 665 1522 δὲ
688 1473 1139 1538 κατορθουντων
1172 1472 1528 1541 στήσονται.
1554 1476 1856 1546 Στήσονται

264 1558 322 1612 δὲ
348 1559 411 1612 τὸ
437 1562 658 1632 σαρκίον
678 1578 737 1613 τε
755 1563 849 1615 καί⁸
870 1564 898 1615 6
920 1564 1124 1633 κόσμος
1165 1568 1277 1629 τοῖς
1297 1566 1372 1629 ὣς
1390 1585 1540 1630 τινας
1559 1567 1861 1639 παροδικὰς

1960 586 2142 640 anima
2182 585 2470 656 spirituale
2516 582 2765 656 possidet
2810 581 3096 653 gaudium,
3141 595 3171 634 a
3217 578 3544 650 passionum

1959 674 2260 747 ignominia
2292 676 2464 732 libera
2493 683 2601 731 est.
3338 671 3341 673 ’

2034 801 2201 857 Vens.
2237 801 2324 855 11.
2362 801 2564 859 Domus
2600 800 2888 869 impiorum
2927 802 3265 851 evanescunt.
3298 792 3545 859 Corpora

1960 906 2176 954 eorum,
2207 892 2299 961 qui
2348 890 2518 946 Deum
2568 906 2664 960 per
2706 890 2850 943 bona
2893 901 3060 958 opera
3095 901 3206 940 non
3246 884 3544 943 honorant,

1960 998 2016 1043 et
2047 987 2285 1042 mundus
2333 987 2444 1053 hic,
2487 988 2539 1040 in
2574 1000 2686 1056 quo
2727 998 2920 1039 eorum
2951 979 3257 1051 corporalis
3291 986 3377 1032 est
3413 990 3547 1029 con-

1960 1079 2223 1136 versatio.
2245 1077 2459 1147 —quia
2484 1077 2693 1144 seipsos
2717 1075 2887 1129 relate
2913 1072 2981 1126 ad
3002 1072 3140 1136 haec,
3167 1084 3278 1123 non
3302 1067 3445 1122 sicut
3475 1064 3541 1119 ad

1960 1169 2166 1223 viatica
2200 1168 2424 1233 habent,
2456 1168 2551 1222 sed
2586 1176 2843 1236 tanquam
2886 1165 2951 1219 ad
2994 1160 3347 1219 tabernacula
3387 1166 3545 1213 aeter-

1962 1277 2055 1325 na,
2087 1289 2157 1304 --
2192 1261 2537 1331 corruptioni
2568 1260 2890 1325 tradentur;
2929 1273 3053 1313 cum
3098 1255 3185 1310 his
3227 1250 3543 1324 temporali-

1962 1353 2064 1408 bus
2092 1361 2146 1407 et
2173 1362 2407 1407 aeternas
2438 1351 2756 1417 mansiones
2788 1349 3040 1421 perdent.

2034 1480 2404 1535 Tabernacula
2444 1490 2623 1534 autem
2662 1486 2805 1532 recta
2844 1475 3111 1545 agentium
3140 1470 3375 1526 stabunt.
3413 1467 3542 1523 Sta.-

1961 1571 2100 1626 bunt
2131 1581 2185 1625 et
2216 1585 2346 1624 caro
2375 1577 2430 1625 et
2462 1569 2702 1624 mundus
2730 1567 2859 1631 illis,
2889 1565 2984 1633 qui
3021 1567 3135 1618 haec
3161 1576 3260 1616 ceu
3290 1559 3540 1630 quaedam

269 1650 478 1720 σκηνάς
502 1649 673 1705 ταῦτα
706 1652 1076 1723 λογιζομένοις
1096 1696 1110 1719 ,
1140 1656 1336 1709 εἰδόσιν
1362 1656 1442 1709 ὅτι
1463 1657 1530 1708 τὰ
1562 1658 1849 1727 φαινόμενα

1964 1662 2163 1713 viatica
2209 1660 2566 1714 tabernacula
2606 1656 2982 1712 considerant.
3031 1652 3227 1707 Sciunt
3272 1664 3544 1723 apparen-

269 1742 451 1796 πάντα
514 1743 700 1796 στάσιν
728 1744 830 1813 τὴν
858 1744 915 1795 ὲν
941 1743 1154 1811 γενέσει
1200 1746 1296 1798 καὶ
1340 1746 1516 1817 φθορᾷ
1556 1746 1739 1816 ἔχουσι
1773 1746 1861 1799 κί-

1964 1750 2037 1801 tia
2061 1749 2243 1802 omnia
2273 1765 2432 1802 suum
2466 1750 2520 1803 in
2549 1748 2766 1818 origine
2793 1753 2996 1799 statum
3028 1751 3083 1797 et
3110 1742 3162 1795 in
3189 1741 3542 1810 corruptione

264 1849 423 1902 \ch
446 1873 463 1895 ,
501 1834 598 1888 καὶ
634 1834 761 1905 μήτ’
794 1835 886 1887 ἐπὶ
909 1837 975 1905 τῇ
1008 1836 1221 1902 γενέσει
1252 1838 1459 1891 τούτων
1492 1838 1849 1907 εὐφραινομέ‹

1960 1851 2166 1895 motum
2213 1842 2442 1907 habere;
2485 1842 2608 1895 ideo
2654 1854 2752 1893 nec
2804 1838 2858 1891 in
2907 1835 3123 1905 origine
3163 1833 3538 1903 iucundorum

261 1941 377 1987 νοις
426 1926 576 1995 (μήτ’
623 1927 714 1979 ἐπὶ
757 1928 824 1997 τῇ
871 1926 1049 1998 φθορᾷ
1087 1928 1499 1999 λυπουμένων)·
1556 1928 1851 1983 κάντεῦθεν

264 2018 509 2087 στάσιμα
535 2018 602 2072 τὰ
624 2019 833 2073 dav-ara.
863 2020 921 2072 ὲν
950 2020 1167 2085 ἑαυτοῖς
1198 2022 1669 2077 ἀποδεικνύουσιν.

339 2142 428 2214 ιβ’.
462 2145 670 2199 Ἔστιν
693 2145 855 2213 ὁδὸς,
877 2145 915 2214 ἡ
939 2145 1110 2201 δοκεῖ
1126 2146 1272 2215 ὀρθὴ
1294 2143 1445 2201 εἶναι
1468 2148 1605 2216 παρ’
1627 2149 1851 2217 ἀνθρώ-

260 2252 421 2301 ποις.
470 2236 528 2289 '0
565 2239 825 2308 σαρκικδς
864 2240 961 2291 καὶ
1005 2240 1293 2309 ἀνειμένος
1329 2239 1465 2310 βίος,
1495 2239 1583 2294 διά
1627 2241 1690 2293 τὸ
1720 2242 1848 2312 ἡδυ-

260 2326 437 2388 παθὲς
466 2327 651 2393 αὐτοῦ,
680 2328 844 2392 καλὸς
872 2329 1001 2401 παρ’
1026 2329 1337 2402 ἀνθρώποις
1364 2331 1666 2402 νομίζεται,
1690 2332 1851 2403 ἄχρις

260 2417 330 2471 ἂν
351 2418 563 2482 τούτοις
591 2422 741 2491 χωρῇ
771 2420 918 2475 κατὰ
949 2420 1101 2492 ῥοῦν.
1794 2450 1797 2457 ·

338 2542 420 2597 Τὰ
462 2543 530 2597 δὲ
570 2546 884 2599 τελευταῖα
928 2546 1122 2617 αὐτῆς
1172 2548 1409 2618 ἔρχεται
1454 2551 1542 2616 εἰς
1575 2548 1849 2618 πυθμένα

259 2632 430 2700 ᾅδου.
478 2635 553 2687 Τὸ
606 2635 663 2688 δὲ
712 2636 869 2699 τέλος
920 2637 1086 2690 αὑτοῦ
1132 2639 1372 2709 καταντᾷ
1418 2640 1498 2703 εἰς
1546 2636 1846 2703 ἀπώλειαν,

258 2723 452 2795 ἐπειδὴ
481 2725 683 2795 ἀπάγει
712 2726 904 2781 τούτου
938 2727 1032 2781 τοῦ
1059 2727 1227 2793 ὅντως
1250 2728 1439 2784 καλοῦ.

330 2856 424 2918 ιγ’.
471 2850 575 2904 Ἕν
605 2853 1015 2921 εὐφροσύναις
1057 2854 1131 2909 οὐ
1168 2855 1610 2924 προσμίγνυται
1655 2855 1843 2923 λύπη.

260 2940 326 2993 Ui
360 2943 473 3006 τοῖς
504 2946 863 3017 προσκαίροις
889 2947 1298 3017 προσκείμενοι,
1322 2948 1427 3011 ἕως
1452 2947 1517 3002 ἂν
1542 2949 1848 3017 ἐπευφραί-

258 3050 445 3087 νονται
490 3035 725 3103 τούτοις,
771 3038 872 3091 οὐκ
910 3038 1258 3093 αἰσθάνονται
1305 3036 1505 3111 λύπης,
1553 3038 1620 3092 δι’
1654 3039 1847 3110 ἡδονῆς

258 3126 643 3198 ἐπικράτειαν.

336 3250 661 3309 Τελευταια
702 3256 771 3311 δὲ
814 3259 969 3327 χαρὰ
1029 3261 1117 3326 εἰς
1152 3259 1371 3325 πένθος
1399 3261 1654 3328 ἔρχεται.
1700 3259 1765 3312 Ἦ
1794 3259 1851 3312 δὲ

259 3344 489 3415 τοιαύτη
521 3347 667 3417 χαρά
699 3349 848 3401 τέλει
878 3350 1374 3421 περιγεγραμμένη
1407 3351 1746 3421 ὑπάρχουσα,
1773 3351 1853 3414 εἰς

261 3433 462 3505 θρῆνον
510 3440 754 3509 καταντᾷ
797 3439 886 3493 διὰ
936 3440 1035 3512 τὴν
1080 3441 1332 3496 ἐντεῦθεν
1379 3442 1629 3513 ἀπάτην·
1678 3444 1854 3515 χαρᾶς

259 3528 375 3599 γὰρ
407 3530 671 3603 ὲπικήρου
698 3532 870 3598 τέλος,
901 3533 1071 3604 λύπη.
1432 3565 1435 3567 >

338 3655 421 3709 ιδ’.
465 3656 586 3710 Τῶν
619 3658 837 3712 ἑαυτοῦ
868 3656 1026 3714 ὁδῶν
1059 3659 1480 3728 πλησθήσεται
1512 3662 1853 3732 θρασυκάρ-

258 3746 411 3813 διος.
447 3748 567 3801 Τῶν
591 3751 673 3812 εἰς
698 3749 978 3804 ἀπώλειαν
1006 3752 1283 3822 φερόντων
1315 3753 1617 3821 ἀλογίστων
1643 3756 1852 3823 ἐπιχει-

264 3840 530 3909 ρημάτων
574 3841 742 3894 αὐτοῦ
800 3841 1222 3913 πληρωθήσεται
1254 3845 1282 3896 6
1318 3842 1386 3895 δι’
1422 3842 1601 3914 ὄρεξιν
1630 3844 1851 3897 ἀντιλυ-

260 3928 487 3999 πήσεως
511 3932 588 4001 τῷ
613 3933 741 4004 περὶ
762 3934 991 4003 καρδίαν
1014 3934 1299 3999 ὑπερζέων
1323 3933 1537 4004 αἵματι,
1560 3934 1852 3990 κάντεῦθεν

258 4021 341 4074 ὢν
372 4021 789 4094 θρασυκάρδιος.

348 4144 491 4199 Ἀπὸ
516 4146 584 4200 δὲ
605 4147 727 4200 τῶν
750 4148 1169 4218 διανοημάτων
1189 4152 1397 4215 αὑτοῦ,
1420 4151 1577 4221 ἀνὴρ
1606 4153 1851 4223 ἀγαθός.

281 4237 416 4289 Ἀπὸ
448 4238 503 4291 δὲ
531 4238 639 4293 τῶν
678 4241 821 4294 κατά
852 4240 1009 4310 λόγον
1039 4244 1420 4314 περισκέψεων
1454 4244 1621 4298 αὑτοῦ
1679 4246 1853 4315 ἐμφο-

260 4327 587 4399 ρηθήσεται,
610 4330 990 4403 ἀγαθοεργῶν
1015 4332 1253 4399 πάντως,
1284 4333 1313 4386 6
1339 4334 1602 4404 γενναίως
1630 4335 1854 4406 ἰστάμε-

259 4437 353 4485 νος
386 4422 527 4475 κατὰ
552 4423 663 4477 τῶν
691 4424 905 4479 παθῶν.

1953 1935 2191 2006 gaudent
2243 1935 2382 2005 (nec
2430 1936 2484 1989 in
2537 1933 2894 2003 corruptione
2945 1926 3327 1996 molestorum)
3364 1948 3375 1980 :
3412 1924 3541 1980 inde

1952 2045 2072 2099 quae
2104 2030 2382 2084 instabilia
2416 2036 2546 2083 sunt
2578 2028 2632 2081 in
2673 2041 2731 2080 se
2767 2022 2988 2079 stabilia
3021 2020 3433 2075 demonstrant.

2026 2155 2189 2210 Vens.
2245 2154 2332 2207 12.
2374 2152 2468 2206 Est
2518 2152 2599 2205 ria
2646 2166 2763 2220 qua:
2808 2147 3013 2202 videtur
3066 2142 3367 2199 hominibus
3424 2156 3538 2196 esse

1952 2255 2112 2300 recta.
2150 2243 2273 2298 Vita
2307 2244 2543 2297 carnalis
2568 2252 2622 2296 et
2654 2242 2908 2305 remissa,
2937 2247 3163 2308 propter
3188 2231 3534 2289 dulcedinem

1952 2341 2179 2409 pulchra
2229 2350 2497 2408 pensatur
2545 2337 2615 2392 ab
2660 2334 3000 2398 hominibus,
3036 2331 3210 2386 donec
3262 2326 3396 2400 ipsis
3441 2341 3539 2396 per

1951 2432 2157 2487 ﬂuxum
2193 2431 2411 2484 habeat.

2024 2553 2281 2609 Extrema
2315 2553 2428 2623 ejus
2463 2552 2659 2606 vadunt
2689 2550 2756 2603 ad
2790 2558 2975 2619 portas
3009 2545 3189 2615 inferi.
3229 2540 3386 2596 Finis
3418 2541 3542 2609 ejus

1951 2645 2307 2716 perditionem
2342 2644 2490 2709 adit,
2516 2657 2639 2699 cum
2684 2638 2994 2697 istiusmodi
3040 2635 3291 2692 homines
3330 2646 3360 2685 a
3402 2647 3535 2687 vero

1952 2738 2092 2791 bono
2120 2735 2374 2789 abducat.

2021 2859 2191 2915 Vens.
2226 2861 2310 2914 15.
2352 2858 2416 2913 In
2451 2855 2653 2912 la'tiliis
2709 2870 2811 2907 non
2857 2852 3180 2906 admiscetur
3213 2851 3389 2905 dolor.
3434 2846 3539 2915 Qui

1950 2952 2294 3006 amuentibus
2333 2950 2497 3004 rebus
2534 2945 2843 3008 adhaerent,
2884 2943 3013 2997 dum
3048 2944 3115 2998 de
3149 2942 3233 2997 his
3275 2940 3535 3012 gaudent,

1950 3044 2194 3099 dolorem
2251 3057 2361 3096 non
2421 3039 2668 3096 sentiunt
2726 3042 2952 3105 propter
3001 3035 3298 3105 voluptatis
3360 3032 3540 3107 victo-

1955 3138 2117 3191 riam.

2030 3259 2340 3314 Extremum
2384 3256 2643 3328 gaudium
2669 3256 2725 3310 in
2752 3256 2949 3309 luctum
2982 3254 3138 3309 venit.
3177 3250 3329 3307 Talis
3357 3259 3538 3306 autem

1955 3355 2168 3421 laetitia,
2219 3368 2322 3407 suo
2379 3352 2472 3405 ﬁni
2528 3348 2978 3418 circumscripta,
3034 3346 3089 3400 in
3144 3347 3349 3399 luctum
3406 3344 3541 3397 abiit

1955 3457 2181 3518 propter
2243 3452 2618 3513 emergentem
2685 3441 3006 3507 fallaciam;
3072 3438 3335 3510 peritura:
3393 3437 3538 3493 enim

1951 3537 2159 3593 ltetitiaa
2188 3536 2332 3603 ﬁnis,
2361 3535 2544 3591 dolor.
3454 3550 3457 3553 ·

2024 3664 2190 3720 Vens.
2242 3664 2327 3719 14.
2372 3663 2480 3718 Viis
2528 3662 2644 3718 suis
2694 3661 2987 3731 replebitur
3032 3674 3125 3715 cor
3161 3656 3365 3711 audax.
3413 3653 3541 3710 Suis

1953 3753 2010 3809 in
2051 3752 2416 3822 perditionem
2466 3750 2811 3815 ferentibus,
2857 3745 3337 3803 irrationabilibus
3374 3756 3540 3798 cona-

1953 3845 2103 3899 tibus
2139 3844 2463 3914 replebitur.
2497 3844 2593 3915 qui
2642 3843 2710 3898 ad
2754 3840 3056 3913 iugandum
3090 3838 3359 3901 dolorem,
3392 3834 3540 3890 circa

1953 3943 2201 4005 pectora,
2234 3926 2506 4005 sanguine
2542 3932 2753 4001 fervet;
2784 3930 3006 3988 etiamsi
3035 3928 3238 3984 exinde
3263 3926 3339 3985 sit
3371 3924 3541 3982 corde

1954 4027 2175 4082 audaci.

2024 4153 2067 4208 Α
2104 4152 2517 4223 cogitationibus
2558 4153 2687 4215 suis,
2734 4152 2813 4206 uir
2857 4152 3041 4206 bonus.
3077 4149 3208 4206 Suis
3242 4149 3400 4220 juxta
3446 4162 3539 4203 ra-

1952 4246 2156 4302 tionem
2185 4244 2478 4311 ordinatis,
2508 4244 3009 4314 circumspectibus
3042 4242 3406 4305 custodictur,
3441 4239 3537 4308 qui

1955 4339 2184 4395 omnino
2217 4339 2356 4394 bene
2390 4344 2657 4409 operatur
2696 4344 2753 4400 et
2798 4349 3064 4406 generose
3111 4342 3224 4391 stat
3269 4333 3539 4390 adversus

1953 4430 2268 4501 passiones.

337 4546 419 4602 ιε’.
445 4550 704 4616 Ἀκακος
735 4551 1007 4605 πιστεύει
1034 4554 1213 4607 παντὶ
1237 4556 1417 4623 λόγῳ.
1457 4554 1516 4607 '0
1542 4555 1611 4609 τά
1633 4554 1846 4627 ὁρῶντα

2019 4554 2191 4610 Vens.
2228 4555 2316 4610 15.
2353 4552 2602 4610 Sincerus
2633 4551 2801 4607 credit
2831 4551 2975 4605 omni
3011 4550 3185 4605 verba.
3222 4549 3324 4616 Qui
3355 4564 3536 4605 emer-

258 4639 344 4702 εἰς
380 4638 584 4709 βλάϐην
610 4642 798 4706 αὑτοῦ,
822 4642 900 4706 ώς
937 4644 1183 4714 ἀνόητος.
1219 4644 1293 4717 μὴ
1326 4644 1481 4710 εἰδὼς
1521 4646 1842 4717 διακρίνειν,

258 4731 431 4783 πᾶσιν
462 4731 644 4795 ἁπλῶς
682 4733 925 4787 πείθεται
978 4730 1208 4791 οἷστισιν
1250 4738 1539 4809 ἐπιτρέπει
1591 4742 1774 4808 αὑτὸν,

258 4816 330 4872 ἂν
357 4818 453 4872 ὑπ’
478 4820 661 4875 αὐτῶν
689 4822 769 4885 εἰς
792 4822 1035 4877 κίνδυνον
1070 4826 1486 4901 συνελαύνηται.

329 5038 678 5111 Πανοῦργος
701 5040 769 5094 δὲ
785 5043 1019 5111 ἔρχεται
1045 5047 1132 5112 εἰς
1160 5046 1503 5115 μετάνοιαν.
1543 5048 1601 5103 '0
1626 5049 1682 5103 δὲ
1710 5049 1844 5122 φρόο

255 5149 437 5203 νιμος,
466 5134 567 5187 κάν
590 5150 644 5187 τι
673 5135 915 5188 τοιοῦτον
945 5137 1009 5189 ἐκ
1045 5140 1404 5207 συναρπαγῆς
1443 5141 1840 5213 παραδέξηται,

255 5224 649 5295 ἀποπέμπεται
684 5228 816 5281 αὑτό
839 5245 854 5261 ο
888 5229 1252 5299 ἐπιστάμενος
1290 5232 1499 5301 κρίνειν
1535 5235 1604 5289 τὰ
1633 5234 1733 5288 εἰτ’
1758 5237 1841 5301 εἰς

256 5314 464 5385 βλάϐην
487 5317 654 5370 αὐτοῦ
682 5317 833 5385 ὄντα,
860 5320 957 5373 εἴτ’
983 5321 1062 5384 εἰς
1086 5320 1378 5390 ὠφέλειαν.

329 5439 425 5506 ις’.
462 5441 657 5510 20576;-
690 5444 990 5512 φοϐηθεὶς,
1022 5445 1335 5509 ἐξέκλινεν
1371 5447 1491 5503 ἀπὸ
1524 5450 1736 5507 κακοῦ.
1779 5452 1840 5506 ὐ

251 5531 354 5602 τὴν
399 5534 606 5587 οἰκείαν
645 5535 1025 5605 ἐπιγινώσκων
1064 5537 1370 5603 ἀσθένειαν,
1406 5539 1690 5610 πτοηθεὶς,
1731 5543 1839 5597 ἀπὸ

251 5626 545 5697 ἀνθρώπου
576 5626 884 5693 διέζευκται
929 5631 1273 5703 παρανόμου,
1304 5632 1404 5706 τὴν
1440 5633 1500 5701 ἐξ
1529 5635 1696 5688 αὐτοῦ
1737 5653 1840 5705 φυ-

250 5716 584 5780 λαττόμενος
620 5719 845 5790 βλάϐην.

335 5803 400 5860 '0
426 5806 495 5860 δὲ
522 5808 730 5878 ἄφρων
754 5809 945 5877 ἐαυτῷ
967 5814 1281 5882 πεποιθὼς,
1304 5815 1586 5887 μίγνυται
1612 5816 1833 5887 ἀνόμῳ.

1946 4646 2127 4715 gentia
2166 4644 2269 4699 sibi
2309 4644 2364 4698 in
2402 4645 2653 4709 donmm,
2698 4641 2867 4696 veluti
2913 4639 3180 4703 stolidus,
3221 4639 3537 4694 discernere

1947 4737 2142 4800 nescit,
2177 4736 2245 4788 ab
2295 4728 2553 4789 omnibus
2597 4730 2925 4802 simpliciter
2973 4729 3197 4786 ducitur
3233 4728 3435 4798 quibus
3475 4741 3535 4782 se

1945 4826 2277 4893 committit;
2326 4827 2408 4881 sic
2453 4824 2643 4882 forsan
2689 4826 2759 4881 ab
2796 4824 2909 4880 illis
2948 4823 3005 4879 in
3044 4821 3351 4893 periculum
3399 4835 3535 4877 con-

1942 4915 2191 4987 jicietur.

2016 5042 2261 5099 Callidus
2323 5051 2500 5098 autem
2557 5043 2693 5097 venit
2745 5041 2814 5097 ad
2866 5041 3055 5096 mentis
3114 5039 3528 5095 conversionem.

1944 5135 2191 5192 Prudens
2219 5136 2384 5200 extim,
2409 5135 2513 5191 etsi
2546 5134 2675 5205 quid
2697 5150 2763 5190 ex
2790 5132 3146 5203 subreptione
3169 5129 3526 5195 contraxcrit,

1944 5227 2049 5282 hoc
2085 5235 2267 5281 tamen
2306 5225 2522 5295 rejicit;
2561 5225 2875 5279 discernere
2917 5231 3096 5294 potest
3135 5237 3259 5294 qua:
3299 5222 3403 5292 ipsi
3440 5223 3525 5277 vel

1944 5320 1999 5373 in
2032 5319 2292 5372 damnum
2321 5317 2408 5372 vel
2442 5317 2496 5372 in
2527 5315 2876 5371 commodum
2903 5315 3185 5371 eveniunt.

2012 5442 2178 5500 Vens.
2218 5444 2306 5498 16.
2346 5440 2569 5507 Sapiens
2623 5441 2931 5510 perterritus
2986 5439 3218 5496 declinat
3276 5457 3310 5495 a
3359 5438 3527 5496 malo.

1942 5535 2043 5602 Qui
2092 5535 2366 5605 propriam
2417 5533 2627 5588 noverit
2672 5532 3041 5604 fragilitatem,
3086 5532 3527 5600 pertimescenda

1942 5644 2001 5685 se
2025 5628 2287 5700 disiungit
2303 5627 2369 5682 ab
2387 5625 2610 5682 homine
2626 5627 2834 5699 iniquo,
2852 5640 3053 5682 cavens
3070 5627 3140 5681 ab
3159 5625 3280 5697 ejus
3299 5625 3523 5682 damno.

2011 5814 2357 5872 Stultuseibi
2384 5813 2577 5887 ﬁdens,
2624 5814 2872 5869 miscetur
2903 5813 3106 5887 iniqua.
3149 5810 3254 5880 Qui
3286 5820 3371 5869 est
3403 5812 3525 5867 sine.
