3958 6498
566 361 706 430 1363

1903 393 2255 455 PROCOPII
2285 398 2531 459 GAZJEI

3703 410 3821 476 ιευι

557 489 764 549 meme.
799 500 906 538 non
954 484 1084 555 Deo,
1126 490 1229 546 sibi
1276 503 1458 550 autem
1524 499 1771 569 confidit,
1816 500 1885 560 ab
1922 506 2108 562 homin

557 572 771 601 Αἶα-2η.--
835 579 977 601 Ine---
1033 598 1091 601 μ-
1134 584 1155 601 ρ
1187 586 1197 596 ·
1353 595 1364 601 -
1512 592 1523 601 .
1732 596 1744 601 -
1828 597 1839 601 -

2259 510 2319 563 '0
2347 511 2404 565 δὲ
2431 513 2682 585 ἀνόητος,
2704 516 2806 572 οὐκ
2839 516 2934 572 ἐπὶ
2958 519 3081 591 Θεῷ
3114 520 3362 593 θαρρῶν,
3389 521 3605 595 ἀλλ’ὲᾷ
3629 527 3820 601 ἐαυτῷ,

555 572 772 631 divinas
835 579 980 649 leges
1030 584 1441 657 periringente,
1510 592 1565 647 in
1631 596 1941 665 periculum
2004 616 2141 656 con-

553 668 801 734 iicictur.

625 794 792 854 Vsus.
844 802 926 855 17.
969 803 1269 863 Iracundus
1307 828 1426 867 cum
1474 816 1959 877 inconsideratione
2002 824 2135 894 agit.

553 887 657 954 Qui
693 891 801 947 cito
840 893 906 947 ad
942 896 1077 951 iram
1118 909 1390 968 movetur,
1419 907 1546 975 quia
1589 925 1697 965 non
1736 887 2137 985 circumspicit.

550 997 673 1050 qua:
702 986 883 1053 poenis
912 987 1078 1057 digna
1108 1002 1237 1046 sunt
1262 1005 1562 1065 perpetrat.

630 1106 725 1161 Vir
750 1111 981 1178 prudens
1012 1115 1184 1172 multa
1212 1119 1418 1189 su/fert.
1456 1122 1560 1190 Qui
1602 1126 1747 1182 vires
1792 1137 1846 1183 et
1893 1140 2131 1187 mentem

547 1196 732 1290 habet,
768 1203 1088 1260 considerat
1121 1224 1243 1276 qua:
1284 1213 1496 1282 agenda
1548 1226 1701 1281 sunt,
1737 1218 2002 1290 pleraque
2045 1224 2130 1278 in-

544 1288 894 1357 opinatornin
924 1295 1156 1352 viriliter
1187 1300 1451 1356 sustinet.

614 1416 783 1472 Stntti
810 1423 1076 1478 malitiam
1106 1427 1210 1481 sibi
1241 1429 1581 1499 dispertiunt.
1613 1434 1939 1490 Sortinntnr
1969 1437 2126 1493 stulti

2245 601 2323 673 τῷ
2352 604 2480 668 τοὺς
2513 604 2692 668 θείους
2727 608 3010 665 ἀθετοῦντι
3040 611 3262 684 νόμους,
3310 615 3671 683 ἐπικινδύνως
3703 637 3820 675 συν.

2242 694 2666 767 ἀναστρέφεται.

2312 823 2397 888 ιζ’.
2445 823 2771 895 Ὀξύθυμος
2802 828 3069 898 πράσσει
3098 831 3253 901 μετὰ
3274 832 3591 903 ἀϐουλίας.
3639 835 3701 892 '0
3725 856 3813 892 τα·

2237 914 2381 987 χέως
2411 918 2734 989 κινούμενος
2774 922 2856 986 είς
2891 923 3083 995 Θυμὸν,
3120 924 3353 996 πράττει
3402 927 3812 999 ἀπερισκέπτως

2236 1008 2304 1063 τὰ
2328 1009 2605 1076 κολάσεως
2636 1010 2786 1077 ἄξια.

2320 1133 2492 1203 Ἀνὴρ
2524 1135 2593 1189 δὲ
2623 1138 2934 1208 φρόνιμος,
2964 1141 3168 1195 πολλὰ
3196 1142 3513 1213 ὑποφέρει.
3551 1143 3616 1199 Ὅ
3648 1147 3692 1213 δ’
3721 1148 3807 1201 ἀν-
3874 1217 3881 1222 ,

2232 1222 2408 1292 δρεϊος
2432 1226 2526 1279 καὶ
2553 1230 2829 1301 νουνεχής,
2861 1230 3213 1302 λογιζόμενος
3247 1234 3309 1287 τὸ
3336 1235 3643 1305 πρακτέον,
3674 1238 3807 1292 πλεῖ-

2232 1331 2336 1369 στα
2361 1316 2471 1370 τῶν
2490 1317 2807 1389 ἀϐουλήτων
2839 1321 3103 1394 ὑπομένει
3134 1326 3420 1393 γενναίως.

2304 1447 2392 1512 ιη’.
2424 1442 2778 1511 Μεριοῦνται
2802 1444 3061 1516 ἄφρονες
3082 1449 3319 1504 κακίαν.
3360 1448 3801 1519 Ἐπιμερίπνται

544 1512 830 1575 malitiam.
861 1516 989 1584 quia
1024 1528 1249 1587 propter
1294 1536 1556 1577 sensuum
1608 1524 1916 1593 illecebras,
1951 1543 2010 1585 se
2043 1530 2108 1584 in-

2229 1533 2276 1586 οί
2309 1533 2527 1604 ἀνόητοι
2555 1536 2657 1603 τὴν
2689 1512 2912 1606 κακίαν,
2950 1512 3151 1604 ὠςήδιά
3191 1542 3258 1594 τὰ
3297 1544 3365 1612 τῇ
3401 1512 3662 1613 αἰσθήσει
3688 1562 3802 1617 τερ-

540 1602 717 1659 viccm
757 1605 952 1661 odiunt
991 1618 1045 1663 ct
1084 1610 1152 1664 ab
1186 1610 1419 1668 invicem
1450 1614 1735 1672 odiuntur.

2227 1625 2358 1693 πνά,
2393 1626 2677 1696 μισοῦντες
2706 1629 2990 1703 ἀλλήλους,
3021 1632 3116 1686 καὶ
3142 1634 3233 1687 ὑπ’
3264 1633 3516 1705 ἀλλήλων
3546 1634 3799 1709 μισούμε-

2226 1733 2329 1770 νοι.

610 1816 811 1874 Callidi
882 1822 1118 1877 sensibus
1179 1827 1472 1893 potiuntur.
1547 1826 1853 1884 Prtnlentes
1914 1846 2108 1888 sensus

2297 1848 2362 1899 Ol
2390 1845 2458 1899 es
2499 1847 2846 1917 πανοῦργοι,
2877 1849 3295 1919 κρατήσουσιν
3326 1851 3698 1919 αισθήσεως.
3738 1851 3797 1906 Οί

534 1906 693 1976 juxta
734 1910 1001 1967 rationem
1036 1912 1366 1972 submittunt
1398 1935 1411 1971 :
1444 1926 1496 1973 et
1525 1919 1629 1973 sibi
1672 1923 2017 1993 congenitum
2059 1932 2119 1980 et

538 2000 915 2058 consociatum
947 2004 1201 2076 diligent.

609 2124 778 2183 Vsus.
811 2128 900 2185 19.
931 2128 1133 2186 Cadent
1167 2134 1299 2189 mali
1331 2151 1509 2190 coram
1549 2137 1732 2207 iustis.
1763 2138 1824 2194 In
1858 2138 1998 2195 facie
2025 2155 2118 2197 eo-

539 2232 659 2273 rum
694 2220 790 2290 qni
819 2235 927 2277 nan
958 2223 1260 2279 vincuntur
1292 2240 1323 2280 a
1356 2230 1498 2282 malo
1528 2229 1623 2283 sed
1654 2232 1880 2286 vincunt
1912 2232 2114 2288 malum

537 2309 594 2363 in
628 2309 793 2377 bono,
835 2312 1120 2369 oll‘endunt
1148 2316 1249 2374 illi.
1278 2318 1368 2385 qui
1410 2334 1641 2389 prOpere
1665 2321 1718 2374 in
1746 2322 1937 2377 vitium
1986 2337 2115 2377 cur-

537 2409 697 2468 runt;
735 2403 967 2459 aliorum
1000 2407 1146 2461 enim
1175 2408 1438 2465 virtutem
1468 2410 1827 2467 erubescunt.

606 2622 673 2679 Et
698 2626 850 2694 impii
873 2626 942 2681 ad
960 2640 1141 2695 portas
1158 2630 1428 2699 justorum
1454 2631 1781 2689 ministrant.
1806 2632 1908 2701 Qui
1942 2632 2111 2691 Deum

533 2731 631 2787 per
683 2719 826 2775 bona
869 2735 1039 2791 opera
1088 2738 1194 2776 non
1251 2723 1543 2791 honorant,
1585 2726 1758 2795 portis
1803 2718 2110 2794 hominum,

533 2809 653 2865 sine
700 2810 1006 2868 offensione
1055 2815 1394 2879 viventium,
1441 2817 1779 2885 inserviunt;
1838 2819 1911 2874 ibi
1969 2820 2112 2876 insi-

532 2898 682 2968 dent,
718 2905 818 2960 hOS
872 2912 1052 2961 autem
1101 2907 1403 2979 cillagitant
1448 2917 1505 2964 ut
1550 2910 1654 2966 Sibi
1700 2910 1887 2967 divina
1939 2912 2111 2983 itnpeo

531 3002 647 3049 tren
656 3002 696 3050 ί.

599 3118 767 3177 Vsus.
810 3120 902 3179 20.
954 3122 1129 3179 Amici
1175 3125 1352 3180 odient
1401 3125 1598 3181 amicos
1646 3142 1922 3198 pauperes.
1977 3125 2103 3193 Qui,

526 3219 753 3282 propter
811 3213 1202 3280 substantiam,
1250 3214 1518 3285 quosdam
1576 3214 1831 3287 diligunt,
1880 3214 2102 3271 eosdem

526 3302 834 3374 despiciunt
863 3320 989 3360 cum
1022 3304 1233 3362 divitiis
1263 3306 1593 3363 exciderint.

598 3411 769 3466 Amici
798 3412 1022 3467 divitum
1056 3412 1229 3469 multi.
1258 3413 1416 3483 Apud
1448 3430 1588 3485 quos
1620 3421 1846 3470 manent
1876 3413 2102 3479 divitiae,

527 3499 660 3565 hos,
702 3502 960 3558 utilitatis
1014 3517 1220 3569 causa,
1268 3511 1456 3558 amant
1515 3506 1697 3562 multi.
1738 3505 1912 3561 Aliter
1954 3523 1968 3560 :
2008 3505 2105 3575 qui

529 3600 748 3664 propter
781 3595 1088 3663 passiones,
1133 3594 1422 3665 spiritibus
1452 3595 1661 3653 caelesti
1696 3597 1867 3667 gloria
1899 3605 1954 3651 et
1990 3598 2105 3666 spi-

528 3685 708 3739 rituali
763 3686 1045 3756 opulentia
1099 3686 1363 3757 dejectis,
1414 3688 1745 3753 inserviunt,
1791 3688 1860 3742 ab
1905 3688 2100 3743 iisdem

525 3775 817 3841 recedent;
856 3776 1124 3846 permittit
1175 3775 1348 3843 Deus,
1404 3786 1499 3843 ut,
1550 3778 1616 3833 ad
1670 3778 2100 3849 redemptionem

525 3874 875 3934 peccatorum
905 3882 1034 3937 erga
1066 3868 1314 3935 spiritus,
1346 3869 1722 3941 castigentur;
1756 3878 1944 3924 amant
1975 3884 2103 3925 san-

523 3964 646 4011 ctos
678 3954 905 4024 angelos
937 3957 1079 4027 apud
1116 3972 1254 4028 quos
1287 3957 1459 4028 gloria
1504 3967 1691 4014 manet
1724 3965 1779 4014 et
1812 3973 1922 4013 non
1970 3958 2102 4016 levis

521 4044 710 4115 gratia:
750 4045 1046 4102 thesaurus
1076 4068 1089 4102 :
1124 4048 1193 4104 ab
1238 4048 1323 4104 liis
1365 4047 1702 4118 adjuvantur
1734 4058 1787 4103 et
1818 4049 1885 4104 ad
1928 4049 2098 4105 Deum

524 4147 896 4195 revertuntur.

588 4339 751 4395 Vens.
795 4339 888 4394 2|.
939 4338 1046 4406 Qui
1093 4340 1310 4407 despicit
1372 4358 1689 4413 pauperem,
1739 4353 1942 4411 peccat.
1990 4345 2097 4411 Qui

515 4430 597 4485 vel
630 4447 794 4485 unmn
837 4432 891 4486 in
926 4431 1221 4502 indigentia
1262 4432 1579 4498 viventium,
1610 4437 1935 4503 contemnit,
1966 4436 2095 4491 irri-

511 4522 680 4577 tando
714 4522 904 4588 Deum,
935 4522 1002 4577 ad
1038 4522 1241 4578 bonum
1278 4538 1388 4579 non
1419 4524 1662 4596 attingit.

584 4628 689 4694 Qui
729 4631 1009 4687 miseretur
1034 4646 1346 4701 pauperum,
1374 4631 1736 4689 beatissimus.
1768 4632 1876 4701 Qui
1913 4633 2092 4691 vicem

509 4722 780 4787 omnium,
813 4720 1034 4778 fortuna
1061 4722 1454 4792 decidentium,
1485 4726 1655 4792 dolet,
1692 4725 1802 4783 Deo
1830 4732 1918 4783 est
1946 4726 2093 4781 mul-

510 4820 627 4867 tum
661 4814 1038 4884 acceptabilis.

584 4920 749 4978 Vens.
784 4923 876 4980 29.
912 4922 1170 4981 Errantes
1197 4926 1405 4997 injusti,
1436 4928 1705 4998 fabricant
1734 4929 1902 4984 mala.
1928 4928 2091 4984 Tem-

506 5015 791 5086 poralibus
821 5015 1058 5087 decepti,
1089 5020 1181 5089 qui
1213 5034 1320 5074 non
1352 5020 1656 5075 secundum
1693 5021 1840 5091 leges
1872 5020 2088 5077 divinas

506 5112 927 5173 conversantur,
965 5123 1131 5179 opera
1164 5110 1471 5181 iniquitatis
1502 5110 1812 5181 perficiunt.

573 5325 1005 5386 Misericordiam
1035 5339 1083 5385 et
1118 5330 1391 5385 veritatem
1432 5330 1703 5401 fabricant
1743 5332 1889 5386 boni.
1915 5331 2079 5389 Mise-

2219 1936 2276 1990 δὲ
2306 1938 2562 2009 φρόνιμοι
2586 1940 2728 1994 κατά
2746 1938 2904 2008 λόγον
2924 1942 3021 2013 τὴν
3043 1943 3297 2013 αἴσθησιν
3324 1944 3691 2011 ὑποτάξουσι·
3712 1945 3796 1998 καὶ

2219 2027 2281 2082 τὸ
2307 2028 2565 2099 συγγενὲς
2584 2030 2679 2084 καὶ
2704 2029 2976 2100 ὁμόφυλον
3002 2033 3408 2106 ἀγαπήσουσιν.

2293 2156 2375 2210 ιθ’.
2424 2155 2857 2222 Ὀλισθήσουσι
2882 2158 3055 2213 κακοὶ
3084 2158 3290 2214 ἔναντι
3319 2158 3590 2229 ἀγαθῶν.
3627 2160 3794 2230 Προσ-

2216 2249 2506 2319 κρούουσιν
2546 2252 2595 2303 οί
2628 2250 2794 2316 ὀξέως
2826 2254 2908 2315 είς
2937 2250 3135 2306 κακίαν
3170 2252 3475 2323 τρέχοντες,
3513 2253 3789 2307 κατέναντι

2214 2342 2323 2396 τῶν
2373 2342 2447 2415 μὴ
2498 2343 2819 2415 νικωμένων
2875 2344 2981 2397 ὑπὸ
3032 2342 3127 2397 τοῦ
3182 2343 3380 2409 κακοῦ,
3422 2345 3567 2399 ἀλλὰ
3608 2344 3790 2398 νικῶν-

2213 2449 2321 2485 των
2349 2434 2406 2485 ἐν
2430 2432 2508 2504 τῷ
2538 2432 2731 2506 ἀγαθῷ
2758 2433 2818 2488 τὸ
2842 2434 3032 2501 κακὸν,
3058 2434 3160 2506 τὴν
3185 2433 3394 2488 τούτων
3421 2436 3635 2507 ἀρετὴν
3661 2434 3789 2488 αἰδε-

2215 2524 2455 2588 σθέντες.
2594 2532 2597 2533 ⁷

3040 2580 3069 2593 ’ὓ

2281 2647 2390 2702 Καὶ
2412 2648 2651 2717 ἀσεϐεῖς
2675 2650 3076 2719 θεραπεύουσι
3103 2650 3288 2720 θύρας
3311 2650 3583 2706 δικαίων.
3614 2651 3719 2706 Καὶ
3740 2652 3784 2705 oi

2214 2738 2290 2811 μὴ
2310 2740 2377 2794 δι’
2393 2741 2761 2814 ἀγαθοεργίας
2789 2743 3054 2814 τιμῶντες
3074 2743 3228 2808 Θεὸν,
3262 2744 3460 2807 πύλαις
3481 2743 3785 2798 δουλεύουσι

2211 2833 2318 2887 τῶν
2343 2833 2777 2905 πολιτευομένων
2804 2835 3131 2906 ἀμέμπτως,
3156 2837 3589 2909 παρεδρεύοντες
3612 2840 3670 2891 έν
3692 2838 3779 2891 αύ-

2209 2926 2351 2991 ταϊς,
2390 2924 2486 2979 καὶ
2526 2924 2751 2990 τούτους
2795 2926 3245 2997 ὲκλιπαοοῦντες,
3274 2928 3350 2993 ὡς
3393 2929 3459 2984 ἂν
3503 2930 3694 2993 uinci;
3729 2929 3783 2981 τὸ

2208 3013 2363 3068 Θεῖον
2397 3015 2816 3083 έξιλεὼσωνται.

2282 3148 2350 3196 κ’.
2402 3142 2571 3197 Φίλοι
2614 3145 2959 3214 μισήσουσι
3004 3146 3220 3217 φίλους
3266 3150 3569 3217 πτωχούς.
3610 3151 3672 3204 0i
3700 3148 3780 3203 διὰ

2209 3233 2466 3303 χρήματα
2506 3233 2831 3301 ἀγαπῶντές
2866 3251 3042 3303 τινας,
3072 3237 3509 3309 ἀποστρέφονται
3540 3239 3773 3303 τούτους,

2206 3322 2632 3388 ἐκπεπτωκότας
2664 3324 2865 3380 αὐτῶν.

2275 3434 2444 3489 ΦΙλοι
2471 3433 2541 3488 δὲ
2568 3435 2885 3489 πλουσίων
2915 3434 3156 3490 πολλοὶ.
3189 3430 3285 3500 Οἷς
3324 3435 3383 3490 δὲ
3415 3438 3722 3509 παραμένει
3748 3438 3777 3491 6

2204 3523 2453 3589 πλοῦτος,
2498 3524 2726 3589 τούτους
2776 3526 3033 3593 ἀγαπῶσι
3078 3524 3168 3580 διὰ
3209 3527 3272 3581 τὰ
3303 3528 3541 3598 χρειώδη
3578 3528 3771 3583 πολλοί.

2207 3615 2279 3668 Ἣ
2307 3616 2401 3668 κοιλ¹
2449 3614 2652 3679 ἄλλως·
2691 3617 2743 3669 oi
2787 3617 2876 3670 διὰ
2917 3614 3107 3670 παθῶν
3151 3616 3551 3688 θεραπεύοντες
3580 3620 3648 3673 τά
3682 3620 3772 3690 τῆς

2201 3706 2408 3761 ἀνωθεν
2425 3705 2583 3778 δόξης
2611 3708 2707 3760 καὶ
2732 3707 2828 3762 τοῦ
2858 3710 3229 3782 πνευματικοῦ
3251 3711 3479 3765 πλούτου
3501 3713 3773 3767 ἐκπεπτω-

2201 3796 2338 3851 κότα
2360 3798 2460 3867 τῆς
2484 3798 2745 3870 πονηρίας
2777 3800 3085 3873 πνεύματα,
3108 3804 3545 3877 ἀποστρέφονται
3575 3806 3738 3860 ταῦτα
3754 3846 3768 3871 ,

2202 3892 2551 3964 συγχωρήσει
2597 3891 2735 3946 Θεοῦ
2784 3893 2878 3947 ὑπ’
2930 3895 3112 3949 αὐτῶν
3160 3897 3588 3967 τιμωρούμενοι,
3646 3898 3771 3968 πρὸς

2199 3980 2411 4036 ἔκτισιν
2438 3983 2548 4037 τῶν
2575 3986 2983 4057 ἡμαρτημένων
3014 3988 3195 4051 αὐτοῖς
3217 4005 3232 4019 ·
3266 3988 3525 4057 ἀγαπῶσι
3561 3990 3622 4043 δὲ
3658 3991 3769 4052 τοὺς

2198 4074 2386 4142 ἁγίους
2416 4077 2704 4145 ἀγγέλους,
2732 4072 2813 4140 οἷς
2838 4080 2871 4149 ἡ
2895 4078 3022 4143 δόξα
3048 4082 3142 4133 καὶ
3168 4082 3195 4132 ὁ
3217 4079 3447 4143 πλοῦτος
3469 4081 3767 4153 παραμένει

2197 4169 2297 4237 τῆς
2322 4168 2545 4239 χάριτος
2562 4170 2623 4223 ού
2651 4170 2858 4242 βραχύς
2880 4187 2895 4202 ·
2926 4172 3055 4243 παρ’
3074 4173 3254 4227 αὐτῶν
3282 4172 3661 4245 βοηθούμενοι,
3686 4174 3767 4226 καὶ

2198 4258 2336 4328 πρὸς
2362 4259 2494 4314 Θεὸν
2526 4262 2969 4333 ἐπιστρέφοντες.

2268 4371 2375 4419 κα¹.
2421 4364 2484 4419 Ὃ
2503 4366 2795 4436 ἀτιμάζων
2812 4371 3061 4438 πένητα,
3084 4370 3428 4440 ἁμαρτάνει.
3462 4373 3521 4426 '0
3541 4372 3639 4427 καὶ
3660 4371 3764 4435 ἑνὸς

2198 4459 2553 4529 καταφρονῶν
2593 4459 2703 4513 τῶν
2728 4458 3015 4524 συζώντων
3049 4464 3244 4535 ἐνδείᾳ,
3279 4466 3651 4535 ἀποτυγχάνει
3676 4464 3758 4519 τού

2124 4533 2169 4588 Ῐ)
2196 4550 2384 4618 καλοῦ,
2411 4551 2759 4624 παροργίζων
2784 4553 2936 4607 Θεόν.

2280 4657 2344 4712 '0
2385 4657 2573 4713 ἐλεῶν
2607 4658 2905 4728 πτωχοὺς,
2938 4661 3334 4729 μακαριστός.
3390 4661 3450 4716 '0
3474 4662 3530 4716 δὲ
3565 4662 3759 4724 πάντας

2191 4749 2478 4821 οἰκτείρων
2516 4751 2645 4813 τοὺς
2675 4751 2770 4804 τοῦ
2806 4752 3040 4807 πλούτου
3072 4756 3471 4820 ἀποπεσόντας,
3508 4757 3758 4811 tinniat.

2193 4860 2320 4906 κτος
2340 4845 2577 4916 ὑπάρχει
2607 4842 2747 4915 Θεῷ.

2261 4950 2367 5020 κβο.
2425 4948 2810 5020 Πλανὼμενοι
2866 4950 3080 5017 ἄδικοι,
3146 4956 3527 5011 τεκταίνουσι
3591 4955 3750 5011 κακά.

2202 5041 2579 5112 Ἀπατώμενοι
2620 5044 2732 5106 τοῖς
2774 5044 3137 5116 προσκαίροις
3186 5046 3236 5099 oi
3281 5046 3357 5117 μὴ
3398 5048 3536 5102 κατά
3573 5050 3751 5119 νόμους

2189 5131 2367 5193 Θείους
2403 5131 2829 5202 πολιτευόμενοι,
2880 5134 2949 5186 τὰ
3005 5134 3143 5204 ἔργα
3189 5135 3610 5206 διαπράττονται
3665 5138 3751 5206 τῆς

2186 5224 2437 5294 ἀνομίας.

2262 5334 2481 5386 Ἔλεον
2522 5331 2591 5385 δὲ
2620 5332 2718 5386 καὶ
2749 5332 3039 5399 ἀλήθειαν
3071 5335 3494 5389 τεκταίνουσιν
3527 5336 3744 5406 ἀγαθοί.

502 5420 800 5478 ricordiam
824 5439 956 5496 erga
973 5425 1291 5496 congenitos
1308 5432 1361 5480 ct
1378 5424 1666 5481 scientiam
1691 5425 1937 5480 veritatis
1961 5441 2081 5495 quae

2230 5424 2289 5476 ὸν
2314 5423 2370 5476 δὲ
2399 5423 2537 5493 πρὸς
2571 5424 2695 5487 τοὺς
2719 5426 2980 5493 ὁμοφυεῖς
3009 5424 3158 5478 ἔλεον
3196 5426 3293 5479 καὶ
3321 5428 3421 5497 τὴν
3451 5428 3747 5497 ἐπιστήμην

502 5511 627 5565 finis
659 5514 1170 5583 cognoscendorum
1204 5523 1310 5583 est,
1333 5524 1663 5585 praeparant,
1699 5530 1795 5585 per
1816 5530 2008 5571 omnes
2029 5526 2083 5571 et

2229 5516 2281 5586 ἧς
2327 5514 2607 5585 ἀληθείας,
2659 5515 2693 5586 ἢ
2742 5515 2896 5579 τέλος
2944 5516 3063 5568 ἐστὶ
3106 5516 3218 5569 τῶν
3256 5517 3532 5583 γνωστῶν,
3588 5533 3746 5570 κατα-

501 5602 826 5672 appetitivas
866 5612 919 5659 et
962 5604 1291 5661 theoreticas
1338 5605 1648 5670 facultates,
1700 5604 2079 5663 sanctissimas

2229 5607 2509 5671 κευάζουσι
2555 5606 2644 5660 διὰ
2689 5607 2879 5661 πασῶν
2925 5610 3034 5662 τῶν
3073 5609 3375 5681 ὁρεκτικῶν
3416 5627 3475 5663 τε
3513 5610 3607 5662 καὶ
3650 5609 3746 5663 τῶν

505 5689 597 5745 Dei
621 5692 927 5747 voluntates
954 5694 1328 5749 observando.

2183 5698 2533 5769 θεωρητικῶν
2561 5698 2866 5769 δυνάμεων,
2898 5702 2947 5754 οἱ
2970 5702 3037 5756 τὰ
3062 5702 3354 5770 πανάγαθα
3382 5701 3476 5756 τοῦ
3497 5700 3631 5755 Θεοῦ
3654 5717 3741 5770 τη-

2186 5789 2406 5855 ροῦντες
2440 5791 2739 5857 θελήματα.
