4054 6492
185 386 333 451 1385
1229 379 1764 444 COMMENTARII
1793 376 1875 439 1N
1916 377 2375 441 PROVERBIA.
3304 351 3447 416 1³⁸⁸
3528 441 3532 445 .

262 498 386 553 οὐκ
405 495 757 551 ἐπίστανται
786 492 965 550 ἔλεον
992 492 1091 549 καὶ
1113 493 1323 549 πίστιν
1340 494 1619 559 τέκτονες
1648 507 1757 544 κα-
1792 493 1827 550 Α

1937 487 2365 544 Misericordia":
2397 494 2447 541 et
2483 483 2640 553 [idem
2676 496 2779 536 non
2835 473 3138 544 intelligunt
3173 465 3314 538 fabri
3342 481 3452 518 ma-

182 591 332 645 κῶν.
378 590 452 644 Ού
484 587 815 659 γινώσκουσι
845 586 906 643 τδ
944 588 1082 660 πρὸς
1116 588 1245 651 τοὺς
1274 586 1560 658 δεομένους
1600 558 1771 647 ἔλεος,

1934 597 2072 635 rum.
2108 579 2226 633 Non
2299 584 2536 632 noscunt
2580 568 3009 629 misericordiam
3068 574 3197 631 erga
3257 558 3453 626 inopes

185 681 287 733 καὶ
311 678 412 751 τὴν
442 654 575 748 πρὸς
592 678 725 732 Θεὸν
754 677 964 742 πίστιν,
990 654 1039 731 οῖ
1062 677 1131 731 τὰ
1159 654 1454 748 παράνομα
1475 672 1778 746 ἐργαζόμε-

1934 686 2055 741 eque
2078 670 2236 724 (idem
2273 672 2329 723 in
2373 668 2564 732 Deum,
2592 665 2683 733 qui
2718 658 3067 729 iniquitatem
3097 654 3404 721 operantur
3432 661 3448 709 ;

186 788 307 824 νοι·
358 736 406 824 ei
448 736 558 841 vim
603 770 900 841 ἐτύγχανον
933 736 1255 842 ἐλεήμονες,
1284 736 1391 823 οὐκ
1422 736 1777 837 ἄν’ἧρπαξον

1936 771 2082 819 enim
2137 763 2180 816 si
2216 760 2452 815 fuissent
2506 753 2922 815 misericordes,
2966 748 3143 802 aliena
3207 754 3315 795 non
3352 736 3456 792 eri-

187 859 431 931 ἀφειδῶς
459 861 525 915 τὰ
559 859 837 931 ἀλλότρια.
1880 856 1968 927 pui

278 986 723 1057 Ἐλεημοσύναι
765 985 835 1040 δὲ
874 986 975 1041 καί
1018 985 1274 1053 πίστεις,
1307 985 1469 1054 παρὰ
1500 996 1781 1038 τεκτοσιν

190 1078 455 1146 ἀγαθῶν.
499 1079 607 1132 Καὶ
641 1080 687 1132 εί
720 1079 903 1132 πίστιν
935 1079 1073 1151 πρὸς
1096 1078 1230 1131 Θεὸν
1259 1078 1486 1148 βεϐαίαν
1515 1076 1780 1143 ἐκέκτηνι

190 1184 282 1229 το,
313 1168 415 1219 ούκ
446 1166 512 1220 ἂν
546 1166 654 1219 τῶν
691 1167 925 1221 ἐντολῶν
973 1165 1139 1221 αὑτοῦ
1187 1165 1591 1236 κατεφρόνουν·
1632 1164 1683 1215 οῖ
1735 1160 1780 1214 δ’

1934 1178 1992 1217 an
2016 1160 2386 1231 despicerent.
2418 1154 2667 1210 Gemitus
2701 1153 2753 1204 iu
2782 1159 3050 1217 pauperes
3083 1151 3136 1198 et
3160 1136 3361 1194 lidu'cia
3400 1134 3460 1188 in

193 1259 475 1329 οἰκτιρμοί⁴
504 1257 613 1311 τῶν
664 1259 911 1329 πενήτων
966 1259 1061 1311 καὶ
1108 1258 1164 1311 αῖ
1219 1225 1524 1327 πρὸς-Θεὸν
1570 1253 1783 1315 πίστεις

1934 1268 2055 1308 eum
2117 1225 2250 1304 sunt
2300 1247 2445 1318 apud
2496 1244 2699 1299 bonum
2731 1243 3023 1309 operantes
3057 1252 3071 1287 :
3107 1225 3460 1286 absconditas

196 1353 311 1404 εῖσὶ
336 1316 489 1423 παρὰ
507 1352 621 1414 τοῖς
646 1316 1039 1421 ἐργαξομένοις
1061 1349 1129 1403 τὰ
1153 1316 1368 1414 ἀγαθάς
1395 1347 1456 1412 ἐξ
1476 1346 1652 1418 ἔργων
1678 1345 1786 1398 δει-

1934 1344 2193 1398 uimaruui
2236 1316 2461 1395 suarum
2487 1333 3046 1403 dispositiones,erga
3072 1322 3242 1379 Deum
3283 1325 3338 1377 et
3354 1316 3458 1371 ιιοση

198 1441 429 1496 κνύουσι
457 1444 560 1505 τὰς
592 1442 984 1514 κεκρυμμένας
1014 1442 1151 1513 πρὸς
1180 1440 1313 1495 Θεὸν
1340 1440 1437 1494 καὶ
1463 1436 1786 1508 ἀνθρώπους

1934 1437 2085 1499 lines,
2115 1450 2179 1488 ex
2210 1430 2469 1502 operibus
2499 1426 2907 1482 demonstrant.

196 1533 442 1603 ψυχικὰς
468 1532 739 1598 διαθέσεις
767 1534 968 1588 αὐτῶν.

274 1659 383 1727 κγ’.
451 1661 546 1712 Ἑν
590 1659 770 1713 παντί
824 1659 1181 1729 μεριμνῶντι
1222 1657 1425 1712 ἔνεστι
1469 1655 1783 1727 περισσόν,

1965 1650 2131 1704 Vens.
2163 1648 2255 1703 25.
2285 1646 2353 1701 In
2399 1657 2707 1715 unoquoque
2734 1636 2967 1694 sollicito
3008 1633 3143 1687 inest
3198 1623 3470 1682 abundau-

201 1749 299 1819 Τῷ
329 1715 1101 1821 μεμεριμνημένωίζτγτοῦντι
1129 1751 1188 1804 ἐν
1217 1749 1382 1802 παντὶ
1411 1715 1698 1819 πράγματι
1727 1747 1788 1801 τὸ

1937 1761 1989 1798 a.
2015 1740 2173 1796 Omni
2203 1741 2256 1793 in
2298 1754 2357 1793 re
2394 1751 2585 1791 verum
2643 1734 2848 1787 bonum
2893 1724 3128 1782 sollicite
3176 1715 3466 1791 quaareuti,

202 1808 381 1905 δντῶς
403 1808 595 1907 καλόν,
722 1808 983 1912 ὑπάρχει,
1023 1841 1051 1895 ὃ
1092 1844 1201 1895 πᾶν
1241 1808 1590 1911 ἀσυγκρίτως
1620 1838 1789 1910 ὑπέρ·
1824 1823 1827 1873 Ὗ

1934 1851 2060 1891 num
2116 1833 2348 1889 invcniri
2384 1838 2490 1894 est,
2522 1824 2669 1897 quod
2716 1816 3226 1890 incomparabiliter
3286 1808 3470 1865 omnia

203 1949 408 1997 κειται,
464 1933 494 1985 ὁ
553 1932 715 2004 μόνος
762 1931 982 1987 πάντων
1030 1930 1204 1995 αἴτιος
1245 1933 1342 1985 καὶ⁵
1393 1930 1534 2001 ὑπὲρ
1613 1931 1791 1983 πάντα

1934 1938 2151 2001 uperat,
2175 1960 2246 1972 -
2285 1926 2377 1981 ille
2407 1922 2652 1980 omnium
2678 1930 2861 1973 rerum
2891 1924 3059 1969 causa
3084 1914 3138 1963 et
3166 1918 3330 1975 super
3354 1916 3473 1953 om-

203 2022 365 2088 Θεός.

294 2149 352 2201 Ὀ
382 2147 453 2202 δὲ
477 2148 627 2217 ἡδὺς
659 2149 759 2203 καὶ
795 2149 1138 2219 ἀνάλγητος
1175 2146 1247 2201 ἐν
1276 2145 1478 2213 ἐνδείᾳ
1509 2145 1701 2200 ἔσται.
1734 2144 1796 2200 '0

206 2240 266 2294 δὲ
301 2241 607 2313 ἡδυπαθὴς,
642 2243 737 2296 καὶ
784 2242 860 2314 μὴ
916 2241 1094 2295 πονῶν
1135 2240 1265 2311 περὶ
1305 2239 1368 2293 τὸ
1399 2239 1568 2304 ὅντως
1608 2238 1796 2307 καλὸν,

212 2334 584 2405 ἐστερημένος
611 2333 765 2389 ἐσται
792 2333 1005 2389 τούτου.

288 2459 388 2514 κδ’.
422 2461 726 2531 Στέφανος
750 2461 980 2532 σοφῶν,
1007 2462 1273 2529 πλοῦτος
1301 2460 1522 2517 αὐτῶν.
1551 2462 1678 2525 Τοῖς
1707 2478 1805 2530 με·

1894 2025 1985 2078 nia
2014 2021 2176 2076 Deus.

1969 2150 2073 2216 Qui
2111 2147 2373 2209 suaris,et
2399 2142 2451 2195 in
2472 2136 2781 2208 indigentia,
2802 2125 3123 2186 insensibilis
3149 2122 3269 2177 erit.
3298 2115 3478 2172 Mollis

1899 2213 2040 2299 etde
2072 2254 2199 2294 vero
2226 2238 2368 2291 bono
2398 2248 2507 2288 non
2540 2230 2820 2291 laborans,
2849 2223 2947 2280 illo
2971 2213 3352 2275 irustrabitur.

1976 2454 2142 2508 Vens.
2182 2452 2275 2507 ει.
2332 2448 2541 2506 Corona
2592 2442 2938 2514 sapientium,
2993 2434 3195 2490 divitia:
3270 2407 3476 2485 eorum.

214 2550 287 2606 τὰ
310 2550 471 2620 λόγου
518 2517 810 2607 πλουτοῦσι
829 2517 1213 2626 "caenam,
1242 2517 1612 2626 όιμαράντινος
1641 2517 1804 2608 αὗται

1934 2545 2008 2612 Qui
2048 2546 2192 2598 enim
2244 2540 2459 2594 ratione
2513 2551 2643 2591 suas
2694 2539 2896 2602 augent
2948 2527 3204 2590 virtutes,
3258 2520 3341 2575 lue
3370 2517 3481 2572 illis

218 2642 380 2713 δόξης
404 2644 647 2714 γίνονται
673 2645 959 2715 στέφανος.

309 2767 381 2823 ’11
425 2768 496 2822 δὲ
537 2769 805 2839 διατριϐὴ
855 2770 1153 2842 ἀφρόνων,
1202 2771 1382 2837 κακή.
1427 2770 1488 2824 '0
1523 2770 1569 2824 δ’
1601 2773 1659 2824 ἐν
1696 2772 1810 2834 τοῖς

1908 2632 2385 2693 imiuarcescibilis
2413 2628 2599 2701 gloria:
2628 2638 2833 2680 corona
2862 2619 3138 2676 evenient.

1993 2760 2207 2818 Viveudi
2263 2759 2399 2811 ratio
2454 2754 2774 2816 stultorum,
2809 2746 2972 2803 mala.
3030 2742 3127 2798 Illa
3164 2735 3486 2795 stolidorum

232 2860 485 2929 ματαίοις
510 2860 619 2915 τῶν
646 2831 1322 2935 ἀνοήτωνψπερισπασμὸς,
1346 2831 1558 2927 κακὸς,
1598 2861 1676 2926 ὡς
1712 2831 1811 2931 τῆς

1934 2850 2338 2921 :ircumvagatio
2368 2849 2424 2903 iu
2447 2846 2600 2903 vanis
2620 2842 2783 2905 mala,
2809 2835 2974 2893 veluti
3007 2832 3074 2886 ad
3103 2841 3294 2901 plenas
3321 2831 3487 2879 aeter-

232 2951 456 3006 αίωνίου
480 2952 758 3017 κολάσεως
787 2953 1071 3025 πρόξενος.

306 3084 407 3133 κε’.
448 3078 721 3134 Ῥύονεται
744 3082 950 3150 ψυχὰς
975 3080 1044 3136 ἐκ
1071 3079 1277 3134 κακῶν
1308 3079 1541 3149 μάρτυς
1572 3079 1810 3144 πιστός.

1912 2961 2015 3003 nas
2048 2954 2221 3000 actor.

1986 3069 2157 3127 Vens.
2186 3066 2279 3121 ‘25.
2319 3063 2491 3119 Testis
2531 3059 2706 3131 ﬁdelis
2743 3054 2949 3109 animos
2983 3062 3048 3105 ea:
3079 3043 3236 3101 malis
3283 3037 3491 3131 eripiet.

248 3170 548 3235 Ἐξελεῖται
598 3126 781 3241 ψυχὰέ
988 3126 1813 3243 ἁμαρτιῶνίδήτδν

1987 3162 2216 3217 Animos
2246 3175 2275 3214 a
2301 3126 2543 3226 peccatis
2570 3157 2745 3213 eruet,
2774 3147 2866 3218 qui
2908 3145 3068 3199 docet
3098 3135 3324 3193 verbum
3357 3126 3496 3185 veri-

238 3262 391 3326 θείας
427 3261 583 3332 λόγον
618 3263 904 3330 διδάσκων,
937 3264 1033 3319 καὶ
1064 3264 1255 3320 τοῦτον
1291 3264 1352 3332 ἐξ
1382 3263 1557 3335 ἔργων
1588 3262 1815 3317 πιστού-

1941 3257 2045 3314 atis
2076 3261 2133 3312 et
2171 3250 2305 3308 illud
2330 3246 2585 3320 operibus
2611 3245 2917 3297 asseverat.

242 3368 427 3422 μενος.

282 3494 696 3596 ,Ἑκκαίει-δὲ
725 3495 924 3567 ψευδῆ
952 3496 1180 3565 δόλιος.
1241 3496 1564 3565 Ἑξανάπτει
1615 3497 1675 3553 δὲ
1717 3497 1819 3570 τὴν

238 3586 351 3638 τῶν
373 3586 566 3640 παθῶν
593 3587 883 3660 ἀπατηλὴν
904 3589 1155 3660 κάμινον,
1178 3591 1207 3643 ὁ
1228 3591 1578 3660 προσχήματι
1599 3589 1696 3644 τοῦ
1719 3607 1822 3643 κα·

1990 3489 2183 3547 Exurit
2219 3494 2393 3541 autem
2416 3477 2687 3551 fallaciter
2711 3469 2964 3528 callidus.
3004 3463 3259 3534 Iniquum
3287 3453 3498 3551 passio-

1920 3598 2052 3641 num
2079 3578 2357 3636 caminum
2388 3549 2660 3633 accendit,
2690 3564 2808 3636 qui,
2829 3561 2932 3617 sub
2960 3556 3145 3628 specie
3190 3549 3341 3615 boni,
3365 3561 3501 3619 pro-

237 3676 337 3731 λοῦ
367 3678 757 3751 προτιθέμενος
768 3640 1124 3747 ⁸τίὣιένανῗτίον,

1934 3676 2078 3750 ponit
2109 3668 2451 3730 contrarium
2499 3669 2555 3719 et
2579 3656 2919 3716 incautiores
2959 3649 3244 3707 hominum
3277 3640 3500 3711 decipit.

238 3768 427 3822 αὐτῶν
453 3770 741 3837 ἐξαπατῶν
767 3771 877 3826 τῶν
905 3771 1231 3845 ἀνθρώπων.

319 3901 433 3960 κς’.
475 3897 572 3949 Ἑν
610 3897 773 3965 φόϐῳ
806 3898 1049 3967 Κυρίου,
1080 3897 1259 3964 ἐλπίς
1306 3899 1538 3968 ἰσχύος.
1587 3899 1675 3951 Ἐν
1709 3901 1821 3962 τοῖς

240 3983 334 4036 διὰ
360 3983 596 4049 πίστεως
620 3985 700 4056 τῷ
731 3987 881 4058 φόὸῳ
916 3986 1122 4059 Κυρίου
1151 3987 1465 4041 ἐκκλίνασιν
1493 3987 1601 4041 ἀπὸ
1626 3988 1820 4052 κακοῦ,

245 4072 407 4138 ἐλπὶς
450 4073 741 4144 ὑφίσταται
777 4076 979 4148 ἰσχύος,
1023 4076 1123 4149 τῆς
1159 4077 1269 4132 τῶν
1314 4076 1475 4130 θείων
1530 4079 1825 4148 ποιητικῆς

244 4164 510 4219 ἐντολῶν·
563 4166 703 4236 μετὰ
756 4166 863 4237 γὰρ
912 4166 975 4221 τὸ
1016 4167 1261 4221 ἐκκλῖναι
1300 4166 1524 4231 τούτους
1565 4167 1674 4221 ἀπὸ
1723 4186 1826 4221 κα-

244 4253 370 4319 κοῦ,
414 4251 501 4308 οἷα
546 4254 786 4321 δούλους,
829 4257 910 4329 τῷ
968 4256 1076 4310 τῶν
1117 4256 1397 4311 κολάσεων
1442 4256 1615 4329 φόϐῳ,
1649 4261 1824 4313 ποιεῖν

246 4347 407 4494 ,ἕτιέ
417 4346 621 4416 ἀγαθὸν
644 4347 719 4413 ὡς
745 4348 1010 4419 μισθίους,
1042 4352 1108 4422 τῇ
1132 4349 1240 4403 τῶν
1268 4348 1574 4422 μελλόντων
1602 4349 1827 4419 ἀγαθῶν

314 4458 353 4493 π
415 4458 454 4494 ι.

314 4440 454 4496 πίδι.

328 4584 460 4653 Τοῖς
507 4585 578 4639 δὲ
632 4584 913 4639 τέκτοσιν
940 4583 1219 4658 [τέκνοις]
1257 4584 1443 4640 αὐτοῦ
1486 4588 1833 4655 καταλείψει

249 4676 502 4746 ἔρεισμα
526 4676 788 4747 είρήνης.
822 4678 945 4741 Τοῖς
966 4677 1022 4731 δέ
1049 4676 1371 4748 ἠξιωμένοις
1400 4676 1466 4729 δι’
1490 4677 1709 4745 αγάπης
1738 4679 1833 4748 τῆς

252 4768 349 4821 τοῦ
417 4770 619 4839 Κυρίου
690 4769 962 4832 υἱοθεσίας
1021 4770 1180 4832 αὐτὸς
1237 4770 1508 4841 ἐπαφήσει
1564 4771 1592 4823 ὁ
1634 4769 1839 4840 Κύριος

252 4859 353 4933 τὴν
382 4860 666 4931 ὰτρεψίαν,
687 4862 953 4925 ἀπαθείας
976 4862 1274 4933 ἑδραίωμα.

328 5005 431 5069 κζ’.
469 5006 655 5070 Φόϐος
682 5006 925 5073 Κυρίου,
959 5004 1120 5074 πηγὴ
1151 5003 1302 5071 ζωῆς
1320 5020 1332 5036 ’
1359 5003 1521 5057 ποιεῖ
1542 5003 1610 5056 δὲ
1636 5001 1838 5055 smu-

255 5116 388 5153 νειν
445 5098 515 5151 ἐκ
565 5096 818 5166 παγίδος
870 5096 1148 5151 θανάτου.
1214 5097 1271 5149 '0
1321 5096 1462 5157 θεῖος
1528 5094 1691 5161 φόϐος
1730 5092 1839 5144 τῶν

259 5190 542 5257 ζωογόνων
572 5190 675 5258 τῆς
703 5188 1114 5258 νενεκρωμένης
1135 5190 1201 5257 τῇ
1228 5186 1473 5258 ἁμαρτίᾳ
1497 5186 1674 5255 ψυχῆς
1699 5184 1839 5238 ἑπτὰ

261 5282 617 5351 χαρισμάτων
643 5280 738 5334 τοῦ
772 5280 1084 5353 Πνεύματος
1114 5280 1351 5349 ὑπάρχει
1373 5279 1513 5349 ἀρχή
1539 5295 1553 5308 ο
1585 5272 1660 5331 ὧν
1685 5277 1842 5339 τέλος

262 5376 297 5445 ἠ
354 5378 514 5443 σοφία
569 5377 753 5442 ἐστὶν,
802 5374 878 5438 ὡς
920 5374 1270 5442 τελειωτική·
1307 5366 1460 5434 οὗτος
1508 5371 1565 5424 δὲ
1609 5373 1637 5423 ό
1678 5369 1843 5439 φόϐος

263 5466 672 5537 παρασκευάζει
730 5463 1021 5532 ἐκφεύγειν
1077 5463 1185 5516 ἀπὸ
1228 5463 1527 5534 ἁμαρτίας,
1571 5463 1606 5534 ἢ
1651 5462 1843 5533 βρόχος

262 5560 525 5629 τυγχάνει
547 5559 725 5629 ψυχῆς
748 5559 827 5622 εἰς
858 5555 1156 5610 ἀπώλειαν.

337 5703 444 5773 κη’.
489 5702 592 5757 Ἐν
631 5699 842 5766 πολλῷ
878 5700 1036 5754 ἔθνει
1086 5699 1238 5763 δόξα
1263 5696 1590 5763 βασιλέως.
1636 5695 1725 5747 Ἑν
1767 5691 1846 5761 τῷ

268 5795 461 5866 πλήθει
508 5796 616 5850 τῶν
667 5794 835 5849 ἐθνῶν
880 5796 915 5867 ἡ
953 5793 1079 5862 δόξα
1139 5790 1233 5848 τοῦ
1271 5789 1659 5862 παμϐασιλέως
1687 5785 1845 5851 Θεοῦ,

1859 4516 1906 4573 D

1990 3897 2158 3954 Vens.
2188 3891 2280 3947 ‘26.
2303 3889 2370 3945 In
2408 3889 2597 3943 timore
2628 3878 2865 3943 Domini,
2917 3890 3033 3945 spes
3082 3872 3260 3943 ﬁrma.
3291 3865 3351 3923 In
3392 3865 3502 3920 illis

1924 4004 2051 4059 spes
2092 3986 2247 4040 ﬁrma
2281 3979 2549 4049 exsurgit,
2582 3972 2700 4045 qui,
2725 3985 2792 4026 ex
2843 3966 3042 4022 timore
3079 3959 3300 4017 Domini
3332 3955 3506 4012 decli-

1926 4048 2059 4135 nant
2093 4091 2123 4129 a
2155 4073 2298 4129 malo
2344 4085 2442 4141 per
2462 4048 2467 4049 ί
2489 4064 2668 4127 ﬁdem,
2698 4060 2881 4116 divina
2913 4054 3167 4113 mandata
3202 4048 3497 4122 perlicien-

1927 4180 2054 4225 tem.
2089 4164 2302 4221 Etenim
2342 4174 2489 4223 cum,
2522 4167 2809 4213 servorum
2856 4162 3030 4213 more,
3063 4160 3095 4200 a
3145 4142 3290 4201 malo
3322 4153 3508 4195 reces-

1928 4261 2121 4325 serint,
2157 4263 2382 4328 propter
2411 4248 2806 4322 suppliciorum
2827 4243 3105 4302 timorem,
3134 4237 3338 4292 bonum
3375 4247 3507 4301 ope-

1930 4351 2103 4408 raturi
2141 4327 2293 4414 sunt,
2326 4344 2479 4401 velut
2507 4335 2855 4400 mercenarii,
2881 4332 2979 4405 qui
3008 4331 3152 4387 bona
3196 4327 3383 4383 futura
3411 4339 3511 4378 ex-

1930 4449 2204 4516 spectant.

2010 4581 2057 4638 F
2060 4583 2170 4637 iliis
2217 4580 2327 4635 suis
2354 4576 2604 4649 fulcimen
2633 4570 2780 4642 pacis
2815 4566 3091 4636 relinquet.
3126 4559 3233 4616 Per
3259 4557 3506 4613 clmrita—

1936 4692 2041 4733 tcnt
2076 4677 2129 4731 in
2180 4674 2321 4728 ﬁlios
2368 4668 2583 4726 Domini
2629 4660 2881 4735 adoptari
2931 4659 3203 4730 dignatos,
3236 4654 3353 4723 ipse
3404 4650 3512 4704 Do-

1940 4769 2123 4825 minus
2151 4764 2348 4820 eﬂiciet
2376 4762 2606 4831 insuper
2627 4752 2931 4818 interritos,
2945 4762 3151 4820 eosque
3172 4745 3297 4802 ideo
3319 4752 3514 4799 contra

1939 4858 2223 4931 passiones
2286 4852 2547 4909 ﬁrmabit.

2010 5001 2176 5055 Vens.
2203 4999 2294 5054 27.
2312 4997 2494 5051 Timor
2526 4992 2762 5055 Domini,
2781 4990 2899 5061 fons
2930 4988 3073 5054 vitta,
3097 4984 3228 5057 facit
3245 4997 3311 5038 ex
3330 4981 3516 5053 laqueo

1941 5094 2123 5147 mortis
2150 5092 2395 5161 e/fugere.
2433 5087 2662 5142 Divinus
2694 5085 2880 5150 timor,
2912 5088 3121 5151 septem
3162 5076 3384 5131 illorum
3412 5071 3520 5141 spi-

1941 5183 2217 5240 ritualinm
2281 5180 2702 5242 charismatum,
2768 5188 2891 5245 qua:
2970 5170 3233 5231 animam,
3286 5169 3517 5235 peccato

1944 5280 2236 5336 mortuam,
2267 5269 2565 5331 viviﬁcant,
2596 5275 2651 5321 et
2683 5278 2916 5336 quorum
2952 5260 3077 5316 linis
3114 5264 3199 5314 est
3250 5252 3520 5326 sapientia

1943 5366 2088 5421 velut
2110 5362 2420 5434 perliciens,
2435 5388 2507 5399 —
2532 5359 2621 5413 ille
2636 5365 2818 5410 autem
2837 5354 3003 5407 timor
3044 5355 3316 5418 praeparat
3333 5343 3399 5398 ad
3423 5343 3513 5398 fu-

1940 5457 2195 5530 giendum
2229 5460 2531 5522 peccatum,
2551 5464 2659 5519 quo
2689 5449 2913 5518 laqueus
2950 5439 3276 5514 perditionis
3309 5435 3522 5491 anima-

1947 5551 2051 5606 bus
2091 5547 2413 5603 invenietur.

2017 5692 2181 5746 Vens.
2213 5688 2304 5744 ‘28.
2339 5685 2406 5741 In
2449 5682 2617 5738 multa
2663 5688 2811 5752 gente
2853 5674 3025 5745 gloria
3078 5672 3235 5743 regis.
3281 5670 3340 5725 In
3393 5669 3529 5723 mul-

1949 5782 2184 5839 titudine
2220 5780 2460 5852 gcntium
2504 5772 2675 5846 gloria
2725 5770 2951 5849 omnino
3004 5764 3150 5835 regis
3224 5761 3341 5829 Dei,
3395 5774 3524 5814 cum
