4054 6514
532 362 663 427 1367

1830 365 2183 432 PROCOPII
2210 366 2455 429 GAZzEI

3663 373 3800 440 1368

520 479 769 534 venerint
801 477 868 531 ad
900 479 1080 549 ipsum
1119 487 1174 534 et
1196 480 1322 544 alte,
1350 495 1448 551 per
1481 480 1664 548 tidem,
1692 497 1885 539 verum
1932 483 2102 539 Deum

2230 484 2623 555 τροσελθόντων
2645 484 2795 559 αὐτῷ
2832 487 2925 543 καὶ
2943 489 3136 544 τοῦτον
3156 488 3651 562 ἀνακηρυττόντων
3674 493 3802 551 ora»

520 568 987 624 deuuntiaverint.

597 695 661 749 In
710 694 918 764 defectu
983 693 1184 763 populi,
1231 693 1473 764 confusio
1532 692 1778 763 potentis.
1840 693 1975 750 Cum
2031 705 2113 767 ty-

520 801 729 841 rannns
760 787 851 842 ille
902 786 1215 841 animarum
1276 793 1593 841 nostrarum
1647 794 1701 842 et
1756 786 1958 850 hostis,
2000 787 2106 842 hoc

521 880 684 933 modo
705 879 1065 933 lrustrabitur
1087 886 1240 933 tanta
1276 877 1656 945 multitudine,
1677 894 1842 949 quam
1868 893 1966 949 per
2000 878 2115 933 ido-

525 971 797 1025 lolatrian:
847 970 1207 1041 acquisierat,
1263 999 1335 1012 —
1388 970 1563 1041 gloria
1618 970 1741 1042 ejus
1798 968 2113 1040 subiacebit.

520 1078 720 1119 τυιιιιε.

591 1187 758 1243 Vens.
787 1187 879 1243 29.
915 1187 1007 1243 Vir
1046 1189 1389 1259 longanimis,
1427 1190 1625 1244 multus
1682 1190 1739 1244 in
1782 1199 1971 1244 mente.
2004 1187 2110 1257 Qui

524 1280 827 1335 secundum
874 1281 1143 1336 rationem
1188 1282 1403 1337 animos
1445 1280 1703 1336 domatet
1731 1281 1988 1337 dolorosa
2018 1296 2112 1351 ge-

2215 574 2471 647 ἁληθινδν
2497 576 2587 634 διὰ
2617 578 2882 646 πίστεως.

2298 702 2396 755 Ἐν
2420 700 2491 756 δὲ
2520 702 2790 774 ἐκλείψει
2810 701 2988 772 λαοῦ,
3016 710 3314 777 πντρισὴ
3347 709 3683 767 δυνάστου.
3718 713 3802 768 Ἐν

2213 794 2270 848 δὲ
2293 795 2371 865 τῷ
2397 795 2541 851 οὕτω
2575 795 2922 871 ζημιωθῆναι
2950 800 3043 856 τὸν
3070 801 3335 874 τύραννον
3376 805 3489 858 τῶν
3519 805 3803 878 ἡμετέρων

2211 888 2404 959 ψυχῶν
2431 890 2527 943 καὶ
2557 891 2837 962 πολέμιον,
2862 891 2925 946 τδ
2946 894 3191 949 τοιοῦτον
3218 896 3428 966 πλῆθος
3454 898 3485 951 δ
3507 898 3576 951 δι’
3601 899 3802 954 εἰδωλο-

2213 980 2473 1052 λατρείας
2501 981 2847 1057 ἐκτήσατο,ὴ
2878 984 3009 1053 δόξα
3045 983 3213 1041 αὐτοῦ
3239 988 3320 1050 είς
3354 985 3489 1058 χοῦν
3526 1005 3801 1063 κατασκη-

2214 1072 2403 1127 νώσει.

2288 1197 2391 1253 κθ’.
2422 1201 2826 1272 Μακρόθυμος
2858 1202 3037 1271 ἀνὴρ,
3074 1205 3271 1273 πολὺς
3293 1206 3365 1261 ἐν
3390 1206 3709 1275 φρονήσει.
3746 1206 3803 1261 '0

2214 1290 2355 1345 κατὰ
2392 1292 2550 1361 λόγον
2585 1294 2804 1366 κρατῶν
2834 1296 2929 1349 τοῦ
2956 1295 3156 1367 θυμοῦ,
3190 1300 3284 1353 καὶ
3321 1300 3593 1367 γενναίως
3627 1302 3805 1370 φέρων

524 1384 725 1425 nerose
766 1368 979 1435 suffert,
1014 1371 1107 1440 qui
1141 1370 1640 1442 eireumspiciendo
1694 1371 1827 1426 facit
1858 1382 1914 1428 et
1974 1372 2112 1428 dicit

2230 1382 2281 1436 ιὰ
2310 1384 2556 1453 ἀλγεινὰ,
2610 1387 2753 1457 μετὰ
2792 1388 3177 1459 περισκέψεως
3205 1390 3377 1445 ποιῶν
3422 1392 3522 1446 καὶ
3561 1368 3739 1461 λέγων
3771 1394 3807 1447 ἃ.

524 1462 669 1531 quod
701 1469 946 1531 oportet,
975 1462 1068 1518 ille
1092 1462 1386 1519 manifeste
1413 1472 1650 1519 mentem
1692 1464 1878 1521 habet.

598 1588 1009 1654 Pusillanimus,
1032 1590 1186 1644 valde
1217 1608 1421 1648 amens.
1451 1591 1551 1656 Qui
1602 1599 1823 1661 propter
1845 1590 2108 1661 pusillum

528 1680 771 1735 animum
811 1682 919 1735 cito
950 1682 1164 1736 iniram
1201 1683 1446 1747 ell‘ertur,
1478 1699 1616 1754 quas
1642 1698 1751 1738 non
1784 1691 2004 1753 oportet
2027 1682 2110 1737 fa-

527 1778 603 1829 cit
625 1785 678 1831 et
712 1776 867 1841 dicit,
894 1777 983 1830 hic
1008 1787 1093 1832 est
1118 1792 1328 1832 amens.

601 1902 763 1960 Vnus.
790 1904 880 1960 ‘50.
903 1902 1054 1959 Mitis
1084 1906 1181 1969 vir,
1209 1903 1385 1959 cordis
1404 1904 1655 1959 medicus.
1674 1902 1777 1970 Qui
1801 1902 1987 1959 animo
2011 1918 2120 1959 non

530 1995 806 2062 turbatur,
840 2010 1031 2050 eorum
1052 2009 1242 2060 causa,
1269 1996 1473 2066 quibus
1498 1997 1640 2051 alius
1672 1997 1723 2049 in
1755 1996 1931 2065 ipsum
1964 1995 2122 2049 alier-

478 2099 483 2104 ‘
531 2097 641 2151 tur,
670 2087 765 2144 sed
809 2088 957 2142 illata
987 2088 1092 2144 sibi
1142 2089 1378 2145 viriliter
1408 2090 1717 2160 perpetitur
1757 2096 1811 2143 et
1862 2088 2122 2143 adversa-

536 2177 674 2231 rium
722 2180 963 2233 suaviter
996 2178 1149 2245 adiit,
1182 2193 1280 2249 per
1348 2193 1502 2234 suam
1560 2178 1912 2233 tolerantiam
1958 2186 2119 2233 sanat

533 2268 800 2323 turbitam
842 2266 1083 2324 animam
1119 2267 1371 2325 alterius.

611 2504 772 2564 Tinea
826 2508 1052 2570 ossium,
1090 2521 1179 2560 cor
1230 2505 1493 2559 sensibile.
1533 2503 1689 2559 Sicut
1741 2502 1930 2560 teredo
1985 2517 2112 2560 ossa

534 2600 801 2665 currodit,
834 2599 912 2653 ita
943 2613 1060 2661 cor,
1088 2597 1233 2667 quod
1269 2606 1470 2666 praesto
1503 2604 1588 2651 est
1615 2596 1873 2651 sensibus
1927 2595 2114 2666 (modo

535 2689 795 2757 iucundis
847 2687 1220 2758 superetiluet,
1250 2686 1414 2741 modo
1466 2686 1678 2743 doloris
1732 2687 2110 2757 exturbatur),

538 2781 808 2838 ﬁrmiores
860 2783 1055 2835 animae
1104 2782 1396 2850 potentias,
1426 2782 1478 2834 in
1508 2780 1858 2851 passionibus
1905 2789 2115 2835 natura:

539 2872 830 2943 disperdit.

612 3092 717 3160 Qui
764 3093 1123 3147 calumniatur
1177 3107 1481 3162 pauperem,
1523 3102 1803 3161 exasperat
1861 3092 2114 3161 factorem

2210 1472 2310 1539 δεῖ,
2345 1478 2645 1547 περιφανὲς
2676 1479 2945 1551 κέκτηται
2974 1481 3258 1553 φρόνημα.

2294 1603 2357 1657 '0
2401 1606 2471 1659 δὲ
2505 1606 2901 1678 ὀλιγόψυχος,
2946 1610 3212 1679 ἰσχυρῶς
3253 1611 3484 1680 ἄφρων.
3528 1612 3587 1667 '0
3617 1614 3675 1667 δέ
3719 1614 3808 1667 δά

2214 1696 2583 1767 μικροψυχίαν
2628 1700 2839 1768 ταχέως
2889 1701 3261 1772 ἐκφερόμενος
3308 1705 3391 1768 εἰς
3436 1704 3631 1775 θυμὸν,
3664 1705 3701 1759 ἃ
3734 1708 3810 1776 μὴ

2147 1825 2193 1881 Β
2219 1788 2301 1842 δεῖ
2328 1789 2498 1843 ποιῶν
2529 1806 2589 1843 τε
2617 1791 2710 1844 καὶ
2734 1791 2929 1860 λέγων,
2952 1794 3145 1864 ἄφρων
3174 1796 3343 1850 ἐστίν.

2298 1913 2364 1966 λ’.
2393 1915 2749 1984 Πραῢθυμος
2769 1914 2947 1983 ἀνὴρ,
2986 1916 3236 1986 καρδίας
3261 1919 3482 1986 ἰατρός.
3527 1918 3585 1973 '0
3617 1918 3695 1989 μὴ
3715 1918 3809 1973 ἐκ·

2226 2006 2639 2075 ταρασσόμενος
2663 2006 2742 2077 τῷ
2770 2006 2926 2077 θυμῴ
2952 2008 3011 2061 ἐν
3035 2002 3118 2071 οἷς
3138 2026 3223 2073 τις
3248 2011 3543 2079 ἐκφέρεται
3570 2011 3691 2064 κατ’
3712 2011 3809 2065 αὖ·

2224 2096 2342 2159 τοῦ,
2377 2096 2517 2150 ἀλλὰ
2545 2097 2809 2165 γενναίως
2841 2099 3024 2168 φέρων
3070 2101 3139 2152 τὰ
3178 2102 3309 2168 παρ’
3338 2100 3505 2153 αὐτοῦ
3529 2099 3679 2171 αὑτῷ
3705 2101 3799 2153 ἐπ-

2224 2189 2519 2260 ερχόμενα,
2556 2190 2651 2243 καὶ
2678 2191 2901 2261 πραέως
2932 2191 3092 2244 αὑτὸν
3133 2192 3555 2263 μετερχόμενος,
3583 2192 3678 2246 διὰ
3705 2192 3807 2260 τῆς

2228 2282 2363 2345 ιδίας
2387 2279 2762 2347 ἀνεξικακίας,
2800 2284 2904 2354 τὴν
2942 2284 3359 2355 τεταραγμένην
3394 2283 3605 2337 ἐκείνου
3639 2283 3805 2356 θερα-

2225 2374 2384 2427 πεύει
2409 2374 2612 2446 ψυχήν.

2293 2501 2417 2571 Σὴς
2463 2502 2533 2556 δὲ
2575 2503 2827 2571 ὀστέων,
2865 2502 3081 2572 καρδία
3126 2504 3469 2572 αἰσθητικὴ.
3498 2504 3714 2577 ’Ὠσπερ
3750 2504 3809 2559 δέ

2222 2613 2308 2659 τις
2356 2593 2575 2667 σκώληξ
2642 2595 3033 2667 διαϐιϐρώσκει
3092 2598 3259 2662 ὀστᾶ,
3314 2597 3460 2652 οὕτω
3515 2597 3715 2665 καρδία
3772 2600 3807 2667 ἡ

2221 2685 2456 2757 ἑτοίμως
2519 2685 2641 2737 κατ’
2685 2684 2937 2755 αἴσθησιν
2986 2688 3099 2749 τοῖς
3156 2686 3257 2756 μὲν
3324 2687 3477 2757 ἡδέσι
3524 2687 3809 2757 διαχεομέ-

2222 2795 2309 2847 νη,
2343 2780 2458 2841 τοῖς
2496 2777 2540 2830 δ’
2569 2777 2837 2846 ἀλγεινοῖς
2878 2778 3347 2851 ἐκταραττομένη,
3378 2779 3479 2842 τὰς
3508 2778 3809 2842 τονωτικὰς

2221 2868 2322 2938 τῆς
2346 2868 2525 2939 ψυχῆς
2577 2868 2835 2941 δυνάμεις
2864 2870 2944 2934 είς
2977 2872 3046 2923 τὰ
3071 2870 3221 2943 παρὰ
3240 2871 3404 2940 φύσιν
3432 2869 3582 2941 πάθη
3606 2886 3810 2923 καταν-

2221 2960 2458 3015 αλίσκει.

2291 3093 2393 3145 λα’.
2454 3092 2518 3145 Ὀ
2562 3092 2969 3162 συκοφαντῶν
3019 3093 3272 3161 πένητα,
3329 3094 3656 3163 παροξύνει
3703 3093 3814 3148 τὸν

540 3181 679 3251 ejus.
708 3180 810 3247 Qui
853 3180 1057 3235 homini
1090 3196 1304 3250 semper
1324 3179 1614 3251 indigenti,
1649 3191 1909 3253 tanquam
1959 3181 2115 3236 inde-

2230 3184 2561 3249 ποιήσαντα
2582 3186 2790 3239 αὐτόν.
2828 3185 2889 3239 '0
2915 3185 2993 3256 τῷ
3018 3186 3105 3238 ἀεὶ
3128 3186 3317 3251 ἐνδεεῖ,
3341 3185 3417 3250 ὡς
3439 3186 3815 3257 ἀπροστατεύ-

543 3274 721 3340 tenso,
744 3288 843 3329 sua
877 3272 1096 3343 propria
1115 3272 1245 3328 vitia
1275 3272 1486 3343 objicit,
1505 3272 1749 3330 fictorem
1784 3275 1922 3344 ejus,
1946 3272 2117 3330 Deum

543 3373 831 3437 provocat.

615 3496 722 3563 Qui
750 3496 977 3551 honorat
1008 3496 1192 3561 Deum,
1225 3498 1504 3552 miseretur
1559 3500 1826 3569 pauperis.
1862 3497 1988 3566 Qui,
2022 3500 2121 3555 bo-

547 3590 636 3644 nis
663 3589 945 3659 operibus,
980 3588 1195 3643 Patrem
1222 3590 1276 3643 in
1302 3589 1459 3645 cretis
1498 3589 1752 3655 honorat,
1784 3604 1966 3646 rerum
1996 3591 2122 3648 ino-

547 3695 667 3750 pem
694 3680 854 3735 (Μιυι
886 3689 962 3744 et,
990 3682 1043 3735 in
1074 3690 1341 3750 quantum
1369 3688 1568 3753 potest,
1605 3682 1850 3753 adjuvat.

620 3894 787 3951 Vens.
821 3897 911 3952 52.
933 3897 996 3951 In
1028 3900 1233 3953 malitia
1258 3916 1381 3965 sua,
1404 3900 1593 3966 peribit
1632 3900 1847 3969 impius.
1880 3899 1940 3955 ln
1991 3914 2116 3971 pro-

548 3988 688 4058 pria,
720 3998 906 4042 etnon
940 3988 993 4043 in
1024 3997 1239 4058 patrum
1275 3992 1359 4045 vel
1385 3992 1619 4045 ﬁliorum
1655 3993 1863 4046 malitia
1897 3992 2121 4062 peribit,

547 4079 641 4149 qui
679 4078 845 4132 Deum
881 4092 979 4148 per
1028 4079 1169 4133 bona
1202 4096 1366 4150 opera
1399 4097 1505 4137 non
1537 4083 1789 4137 honorat.
1826 4083 1931 4150 Qui
1981 4084 2125 4138 tilio-

550 4184 671 4222 rum
705 4176 759 4223 et
796 4168 1065 4233 omnium,
1094 4169 1196 4223 sub
1228 4184 1390 4225 manu
1418 4172 1909 4244 ejusdegentium,
1933 4189 2124 4229 curam

551 4273 659 4313 non
696 4257 883 4323 habet,
916 4289 987 4299 —
1012 4259 1281 4313 rationem
1318 4259 1531 4325 reddet,
1572 4276 1681 4317 non
1736 4263 1805 4318 de
1854 4277 1944 4329 eo,
1972 4264 2127 4333 quod

552 4346 607 4401 hi
641 4348 767 4403 mali
816 4350 1112 4414 evaserint,
1145 4354 1239 4404 sed
1275 4351 1420 4420 quod
1451 4352 1565 4421 ipse
1596 4352 1664 4408 de
1701 4368 1891 4409 eorum
1950 4354 2129 4411 salute

552 4453 662 4493 non
696 4443 995 4496 curaverit.
1032 4440 1267 4507 llursus,
1302 4448 1355 4495 et
1384 4442 1434 4495 hi
1462 4443 1996 4509 condemnabuntur,
2016 4459 2125 4500 non

2221 3293 2322 3346 τῳ,
2345 3276 2678 3346 προσάπτων
2725 3276 2799 3329 τὰ
2846 3275 3042 3330 ἐαυτοῦ
3072 3277 3400 3348 αἰτιάματα,
3445 3276 3539 3331 τὸν
3567 3277 3815 3350 πλάστην

2222 3366 2390 3421 αὑτοῦ
2424 3367 2752 3439 παροργίζει
2776 3367 2927 3421 Θεόν.

2299 3493 2365 3548 Ὀ
2415 3492 2486 3548 δὲ
2538 3494 2725 3563 τιμῶν
2774 3496 2982 3557 αὑτὸν,
3016 3494 3175 3549 ἐλεεῖ
3233 3496 3497 3565 πτωχόν.
3542 3495 3604 3548 '0
3654 3494 3705 3547 δ’
3756 3498 3815 3548 ἐν

2223 3586 2614 3660 ἀγαθοεργίαις
2640 3586 2733 3640 τὸν
2765 3590 2822 3641 ὲν
2851 3588 3098 3658 οὐρανοῖς
3124 3587 3344 3658 Πατέρα
3373 3586 3575 3657 τιμῶν,
3608 3588 3815 3640 οἰκτεί-

2229 3696 2312 3752 ρει
2340 3680 2434 3733 τὸν
2470 3678 2582 3734 ἀπὸ
2611 3678 2844 3732 πλούτου
2882 3679 3139 3746 πεσόντα,
3168 3680 3263 3734 καὶ
3296 3679 3372 3744 ὡς
3406 3678 3634 3733 δυνατὸν
3659 3679 3815 3747 αὐτῷ

2227 3772 2434 3844 βοηθεῖ.

2300 3897 2400 3970 λβν.
2442 3899 2542 3953 Ἐν
2572 3899 2753 3967 κακίᾳ
2781 3898 2968 3954 αὑτοῦ
3017 3898 3329 3954 ἀπολεῖται
3352 3897 3599 3965 ἀσεϐής.
3638 3899 3816 3968 Ἐντῇ

2232 3989 2339 4062 [δίᾳ
2371 3990 2565 4061 κακίᾳ,
2602 3991 2699 4045 καὶ
2733 3990 2808 4061 μὴ
2837 3993 2905 4062 τῇ
2946 3990 3053 4044 τῶν
3087 3991 3343 4060 πατέρων
3374 3990 3408 4061 ἢ
3448 3990 3681 4053 τέκνων,
3712 3993 3819 4044 ἁπ-

2227 4083 2431 4136 ολεῖται
2451 4085 2479 4136 ὁ
2512 4082 2587 4155 μὴ
2607 4083 2674 4136 δι’
2697 4082 2918 4151 ἀγαθῶν
2949 4083 3125 4154 ἔργων
3147 4083 3323 4153 τιμῶν
3352 4083 3443 4137 τὸν
3464 4083 3622 4137 Θεόν.
3656 4083 3819 4135 Ἀπο-

2229 4168 2414 4223 δίδωσι
2464 4170 2574 4242 γὰρ
2626 4170 2785 4239 λόγον
2828 4174 2858 4225 ὁ
2911 4172 2987 4242 μὴ
3037 4171 3148 4225 τῶν
3190 4173 3398 4226 τέκνων
3442 4172 3541 4226 καὶ
3572 4172 3681 4225 τῶν
3714 4172 3819 4225 ὑπὸ

2231 4263 2389 4331 χεῖρα
2426 4262 2795 4332 ποιησάμενος
2832 4263 3171 4332 ἐπιμέλειαν,
3208 4264 3308 4334 οὐχ
3352 4264 3435 4318 ὅτι
3479 4259 3625 4319 οὗτοι
3656 4265 3819 4317 κακοὶ

2232 4354 2499 4422 ἐγένοντο,
2528 4353 2643 4406 ἀλλ’
2668 4355 2749 4407 ὅτι
2777 4355 2941 4418 αὐτὸς
2984 4357 3088 4426 τῆς
3133 4355 3410 4427 σωτηρίας
3441 4355 3651 4409 τούτων
3674 4358 3818 4425 ἡμέ-

2233 4445 2366 4517 λησε
2390 4462 2403 4475 ·
2450 4446 2612 4499 πάλιν
2652 4446 2698 4499 δ’
2721 4440 2870 4499 οὗτοι
2899 4447 3343 4518 κατακρίνονται,
3384 4448 3446 4500 οὐ
3468 4447 3558 4500 διὰ
3588 4448 3687 4519 τὴν
3709 4448 3818 4501 τῶν

556 4542 783 4602 propter
824 4541 1036 4603 patrum
1092 4542 1147 4589 et
1196 4534 1545 4590 dominorum
1596 4538 2000 4609 negligentiam,
2030 4537 2124 4596 sed

2234 4543 2485 4613 πατέρων
2513 4544 2610 4596 καὶ
2639 4542 2920 4598 δεσποτῶν
2956 4543 3243 4614 ἀμέλειαν,
3265 4542 3381 4597 ἀλλ’
3406 4543 3489 4596 ὅτι
3519 4542 3676 4595 αὐτοὶ
3715 4559 3817 4595 κα-

554 4625 697 4694 qnod
732 4626 833 4696 ipsi
868 4627 995 4683 mali
1026 4625 1154 4682 lacti
1182 4628 1311 4684 sint.

625 4749 731 4815 Qui
750 4752 1036 4821 conﬁditin
1068 4752 1317 4819 Domino,
1342 4758 1428 4810 sui
1452 4757 1616 4823 ipsius
1632 4756 1916 4810 sanctitate
1923 4756 2128 4826 justus.

557 4840 660 4907 Qui
689 4843 742 4894 in
781 4857 962 4896 rerum
1002 4854 1330 4900 cunctarum
1369 4846 1679 4911 Dominum,
1718 4860 1938 4901 onmem
1979 4862 2131 4917 spem

558 4949 713 4988 suam
758 4935 995 5003 reponit,
1020 4935 1206 5003 justus
1229 4944 1408 4991 estex
1454 4936 1792 5007 perfectione
1827 4952 1924 4993 sua
1962 4937 2133 4992 relate

557 5027 625 5081 ad
668 5024 858 5091 Deum,
899 5035 953 5082 et
1006 5043 1114 5105 non
1148 5043 1213 5082 ex
1248 5030 1480 5084 aliorum
1511 5030 1772 5101 operibus
1819 5038 1874 5085 et
1922 5031 2135 5086 actibus

563 5120 765 5183 rectis;
798 5120 1097 5190 requiritur
1143 5121 1290 5177 enim
1337 5137 1367 5176 a
1417 5122 1598 5190 nobis,
1634 5136 1692 5179 ut
1740 5140 1805 5179 ex
1855 5123 2134 5179 laboribus

560 5215 766 5272 nostris
802 5213 1089 5271 Dominum
1132 5218 1485 5276 honoremus.

632 5341 796 5397 Vsus.
821 5343 910 5397 55.
945 5341 1011 5397 1η
1040 5345 1194 5399 corde
1234 5344 1387 5408 bono,
1432 5344 1707 5415 requiescit
1758 5344 2038 5412 sapientia.
2078 5343 2136 5400 In

562 5432 769 5499 anima,
796 5449 919 5504 qua:
976 5436 1299 5491 charitatetn
1345 5437 1398 5490 in
1442 5435 1609 5491 Deum
1656 5447 1710 5490 et
1742 5436 1793 5490 in
1828 5438 2133 5505 proximum

562 5525 828 5595 possidet,
854 5541 1035 5581 rerum
1058 5528 1370 5583 divinarum
1411 5536 1466 5582 et
1507 5528 1869 5583 humanarum
1904 5527 2139 5583 scientia

561 5617 885 5687 requiescit:
953 5618 1043 5673 cui
1094 5618 1280 5673 obedit
1310 5618 1363 5673 in
1423 5618 1681 5674 omnibus
1729 5626 1783 5673 et
1823 5617 2137 5686 neutiquam

560 5707 878 5777 apponitur,
902 5716 1047 5761 amat
1084 5710 1229 5764 enim
1267 5707 1458 5776 Deum,
1491 5709 1647 5780 cujus
1677 5725 1947 5765 summam
1985 5707 2141 5763 boni-

567 5811 730 5857 tatem
759 5803 1005 5872 agnoscit
1038 5813 1087 5858 et
1118 5802 1562 5873 omnipotentiam
1595 5821 1611 5874 ς
1648 5804 1894 5859 homines
1924 5817 2141 5874 quoque

2236 4635 2326 4688 κοὶ
2354 4636 2668 4703 γεγόνασιν.

2317 4762 2382 4814 '0
2415 4760 2485 4813 δὲ
2515 4760 2817 4826 πεποιθὼς
2865 4760 2965 4814 ἐπὶ
3004 4762 3241 4830 Κύριον,
3281 4758 3367 4828 τῇ
3398 4759 3618 4815 ἑαυτοῦ
3654 4760 3817 4813 ε’σιόκ

2234 4868 2365 4919 τητι
2398 4851 2649 4918 δίκαιος.
2695 4851 2754 4905 Ὀ
2806 4852 2851 4905 δ’
2894 4852 2989 4905 ἐπὶ
3035 4851 3127 4905 τὸν
3177 4852 3272 4905 τοῦ
3310 4851 3515 4915 παντὸς
3542 4852 3817 4920 Δεσπότην

2240 4945 2423 5006 πάσας
2450 4943 2786 5013 ἀναθέμενος
2820 4944 2920 5006 τὰς
2956 4943 3202 5007 ἐλπίδας,
3236 4944 3473 5013 ὑπάρχει
3499 4943 3727 5006 δίκαιος,
3752 4947 3815 5011 τῇ

2240 5035 2436 5089 ἑαυτοῦ
2486 5036 2621 5105 πρὸς
2658 5036 2861 5105 Κύριον
2894 5035 3215 5106 τελειότητι,
3252 5035 3347 5089 καὶ
3380 5035 3481 5088 οὐκ
3516 5034 3818 5106 ἀλλοτρίοις

2237 5129 2421 5200 ἔργοις
2459 5128 2553 5181 καὶ
2585 5127 3034 5199 κατορθώμασιν
3074 5128 3134 5193 ἐξ
3166 5128 3313 5183 ἰδίων
3343 5126 3452 5198 γὰρ
3489 5126 3817 5198 πονημάτων

2236 5220 2404 5289 τιμᾷν
2436 5218 2529 5271 τὸν
2555 5218 2758 5289 Κύριον
2790 5218 3191 5290 ἀπαιτούμεθα.

2309 5344 2411 5413 λγ’.
2457 5347 2561 5400 Ἐν
2592 5344 2808 5413 καρδίᾳ
2852 5343 3050 5413 ἀγαθῇ
3084 5345 3457 5399 ἀναπαύεται
3476 5345 3688 5414 σοφία.
3730 5345 3818 5399 Ἑν

2238 5435 2383 5507 ψυχῇ
2416 5436 2731 5506 κεκτημένῃ
2764 5435 2865 5505 τὴν
2899 5436 2977 5499 εἰς
3011 5434 3145 5488 Θεὸν
3180 5436 3275 5489 καὶ
3307 5434 3405 5505 τὴν
3434 5435 3665 5506 πλησίον
3685 5436 3815 5504 ἀγά-

2242 5547 2372 5598 πην,
2406 5531 2438 5599 ή
2468 5529 2577 5581 τῶν
2625 5528 2787 5581 θείων
2816 5528 2913 5582 καὶ
2947 5528 3057 5582 τῶν
3089 5527 3448 5598 ἀνθρωπίνων
3479 5528 3817 5598 πραγμάτων

2244 5620 2525 5690 ἐπιστήμη
2582 5620 3029 5674 ἐπαναπαύεται·
3090 5619 3261 5689 ταύτῃ
3329 5618 3705 5689 πειθαρχοῦσα
3761 5620 3817 5671 ἐν

2243 5710 2438 5775 ἅπασι,
2474 5709 2568 5762 καὶ
2615 5709 2739 5779 μηδ’
2766 5708 3021 5763 ὁπωσοῦν
3064 5708 3417 5778 ἀντικειμένη
3442 5724 3456 5737 ·
3492 5708 3684 5779 ἀγαπᾷ
3713 5705 3815 5775 γὰρ

2244 5801 2398 5867 Θεὸν,
2452 5801 2511 5853 τὸ
2564 5800 2873 5869 πανάγαθον
2927 5798 3093 5856 αὑτοῦ
3144 5798 3578 5865 ἐπιγινώσκουσα
3625 5796 3715 5851 καὶ
3759 5795 3815 5848 τὸ
