4054 6530
198 383 349 448 1369

1330 387 1863 449 COMMENTARII
1903 388 1987 451 IN
2020 390 2470 456 PROVERBIA.

196 496 619 566 παντοδύναμον
638 510 651 525 ³
702 495 797 549 καὶ
828 495 1020 567 ἀγαπᾷ
1054 494 1397 567 ἀνθρώπους,
1428 500 1489 551 τὸ
1520 497 1783 566 συγγενὲς

1886 507 2056 564 amat,
2089 516 2230 570 quos
2271 503 2375 558 sibi
2407 505 2733 575 congenitos
2766 507 2892 569 scit,
2925 513 2981 561 et
3011 505 3308 561 humanam
3352 520 3464 561 non

194 588 398 647 εἰδυῖα,
432 589 525 640 καὶ
553 590 650 657 τὴν
674 586 1023 658 ἀνθρωπίνην
1055 588 1139 658 μὴ»
1154 588 1427 655 ἀγνοοῦσα
1460 590 1744 643 ἀσθένειαν
1766 606 1782 621 ·

196 680 297 732 καὶ
342 679 433 731 διὰ
474 680 631 732 τοῦτο
668 679 805 749 πρὸς
834 681 960 743 τοὺς
990 682 1249 752 ὁμοφυεῖς
1291 682 1627 749 ἀνεξικάκως
1667 682 1787 737 δια-

197 771 437 841 κειμένη
465 770 561 823 καὶ
591 771 915 841 συμπαθῶς.

301 900 394 952 Er
415 896 482 949 δὲ
514 897 726 965 καρδίᾳ
752 897 1032 966 ἀφρόνων
1070 899 1142 953 οὐ
1175 897 1649 969 διαγινώσκεται.
1696 898 1785 950 Ἐν

198 987 261 1043 δὲ
322 992 394 1060 τῇ
449 988 558 1041 τῶν
613 988 822 1056 ἀλόγως
876 989 1309 1059 πολιτευομένων
1352 988 1521 1059 ψυχῇ,
1588 989 1693 1042 κᾶν
1747 990 1780 1059 ἠ

198 1080 431 1149 τοιαύτη
481 1080 762 1149 ἐπιστήμη
794 1079 1020 1148 δυνάμει
1062 1080 1232 1142 ἐστὶν,
1277 1080 1393 1133 ἀλλ’
1434 1077 1528 1134 οὖν
1566 1081 1784 1148 ἀγνοεῖ-

198 1189 318 1237 ται,
343 1172 469 1246 ἐπεὶ.
508 1172 581 1241 μὴ
612 1171 965 1242 προϐέϐηκαν
1004 1173 1083 1234 εἰς
1123 1172 1438 1241 ἐνέργειαν·
1477 1171 1782 1241 φανέρωσις

197 1262 312 1333 γάρ
330 1264 449 1315 ἐστι
472 1264 571 1334 τῆς
590 1262 870 1333 δυνάμεως
895 1264 928 1334 ἡ
950 1262 1203 1334 ἐνέργεια
1228 1305 1244 1329 ,
1268 1262 1458 1333 ὥσπερ
1476 1263 1572 1333 τῆς
1596 1261 1783 1326 οὐσίας

198 1353 235 1424 ὴ
257 1353 511 1422 δύναμις.

273 1494 371 1548 λδθ.
400 1496 762 1561 Δικαιοσύνη
780 1493 936 1563 ὐψοῖ
957 1493 1152 1561 ἔθνος.
1196 1493 1258 1547 Ἢ
1286 1494 1427 1547 κατὰ
1452 1490 1686 1562 Χριστὸν
1707 1490 1786 1543 δι-

199 1586 469 1655 καιοσύνη
504 1586 714 1651 δοξάζει
742 1585 803 1638 τὸ
836 1584 1133 1638 πιστεῦσαν
1156 1587 1237 1648 εἰς
1260 1584 1421 1639 αὑτὸν
1441 1584 1594 1652 ἆγιον
1611 1582 1781 1643 ἔθνοςο

199 1677 262 1728 ἐν
281 1678 393 1747 γὰρ
419 1678 583 1729 παντὶ
612 1678 753 1732 ἔθνει
803 1679 831 1731 ὁ
861 1676 1229 1747 ἐργαζόμενος
1259 1676 1320 1730 τὸ
1348 1675 1549 1744 ἀγαθὸν
1596 1673 1785 1736 δεκτὸς

198 1766 355 1821 αὐτῶ
384 1770 553 1822 ἐστιν.

290 1868 759 1949 Ἐλασσονοῦσι.
795 1893 865 1947 δὲ
903 1894 1103 1963 φυλὰς
1148 1893 1447 1963 ἁμαρτίαι.
1489 1893 1784 1947 ’Υπο6ι6ά-

198 1985 358 2048 ζουσι
406 1987 461 2039 δέ
501 1988 601 2050 τὰς
639 1985 1038 2058 Ἰσραηλιτικὰς
1069 1985 1240 2057 φυλὰς
1269 1987 1324 2040 αἱ
1356 1984 1692 2056 παρανομίαι
1719 1984 1787 2049 ἃς

197 2081 531 2149 εἰργάσαντο
561 2082 640 2142 εἰς
672 2079 928 2150 Χριστόν.

274 2206 370 2260 λε’.
405 2208 619 2271 Δεκτὸς
644 2207 917 2271 βασιλεῖ’,
945 2206 1249 2274 ὑπηρέτης
1273 2207 1537 2274 νοήμων.
1572 2204 1784 2258 Εὕα-πό·

197 2298 392 2361 δεκτος
413 2297 492 2367 τῷ
518 2298 850 2368 παμϐασιλεῖ
876 2299 969 2351 καὶ
995 2297 1104 2351 τῶν
1154 2298 1291 2352 ὅλων
1316 2297 1435 2369 Θεῷ
1457 2299 1484 2351 ὁ
1507 2295 1661 2359 είδὼς
1686 2294 1784 2349 αὑ-

197 2390 299 2443 τοῦ
325 2391 387 2443 τδ
411 2390 621 2461 θέλημα
651 2391 748 2443 καὶ
779 2391 966 2474 ποιῶν.

282 2539 364 2609 Τῇ
395 2539 463 2592 δὲ
496 2539 713 2594 ἐαυτοῦ
764 2540 1092 2609 εὐστροφίᾳ
1147 2538 1478 2608 ἀφαιρεῖται
1522 2538 1780 2606 ἀτιμίαν.

248 2627 377 2695 ὗτος
401 2632 476 2694 δέ,
501 2632 602 2685 κᾶν
623 2649 675 2685 τι
705 2632 768 2685 ἐκ
796 2630 1147 2703 ωναρπαγῆς
1176 2631 1368 2700 ἄτιμον
1395 2628 1778 2699 διαπράξηται,

200 2725 272 2793 τῇ
309 2723 506 2794 ταχείᾳ
541 2724 842 2792 ἐπιστροφῇ
876 2722 1182 2793 διορθοῦται
1213 2721 1365 2786 αὐτὸ,
1396 2721 1492 2774 καὶ
1526 2720 1627 2791 τῆς
1663 2719 1783 2773 ἀτι-

207 2814 339 2885 μίας
365 2814 555 2867 ἑαυτὶν
588 2813 937 2868 ἀπαλλάττει.

803 2984 1055 3038 ΚΕΦΑΛ.
1089 2982 1188 3038 1Ε’.

280 3117 351 3174 α’.
398 3118 574 3189 Ὀργὴ
618 3118 929 3172 ἀπόλλυσι
964 3118 1060 3172 καί
1094 3118 1443 3188 φρονίμους.
1476 3119 1571 3182 Εἰς
1610 3118 1781 3189 Θυμδν

1890 590 2104 660 ignorat
2129 591 2520 663 fragilitatem;
2555 604 2842 667 propterea
2885 598 3184 651 toleranter
3210 605 3265 651 et
3304 611 3457 665 sym-

1888 679 2103 747 pathice
2123 679 2391 752 disposita
2414 691 2497 737 est
2527 698 2655 755 erga
2684 699 2817 739 suos
2850 686 3223 740 consociatos.

1963 892 2024 948 In
2059 893 2216 948 corde
2271 897 2559 949 amentium
2607 914 2711 952 non
2763 897 3117 967 dijudicatur.
3168 896 3225 953 lu
3281 897 3463 953 anima

1888 985 2192 1047 hominum,
2244 986 2698 1043 irrationabiliter
2742 990 3216 1052 conversantium,
3253 991 3354 1045 etsi
3404 990 3461 1044 in

1886 1079 2127 1148 potentia
2163 1077 2288 1133 talis
2318 1077 2537 1134 adesset
2566 1080 2819 1147 scientia,
2857 1089 3100 1136 attamen
3126 1096 3234 1135 non
3260 1080 3462 1150 digno-

1885 1170 2225 1239 scitur,quia
2259 1169 2324 1223 ad
2360 1172 2736 1241 operationem
2800 1189 2908 1227 non
2975 1173 3246 1243 procedit.
3284 1172 3461 1226 Mani-

1887 1261 2101 1316 festatio
2127 1262 2272 1316 enim
2316 1264 2572 1333 potentiae
2598 1273 2680 1318 est
2703 1267 2949 1335 operatio
2970 1268 3117 1321 sicut
3145 1274 3198 1319 et
3221 1264 3462 1334 potentia

1884 1362 1969 1408 est
2000 1352 2370 1408 manifestatio
2404 1356 2757 1410 exsistentiae.

1963 1497 2126 1554 Vens.
2157 1498 2246 1553 54.
2292 1497 2521 1555 Iustitia
2552 1502 2720 1554 elevat
2752 1511 2979 1569 gentem.
3007 1498 3140 1565 Quae.
3160 1499 3461 1554 secundum

1884 1592 2162 1647 Christum
2196 1602 2282 1647 est
2304 1593 2543 1661 justitia,
2564 1593 2875 1648 credentem
2895 1593 2950 1646 in
2979 1592 3158 1655 illum,
3191 1590 3463 1661 gloriﬁcat

1878 1690 2097 1751 gentem
2156 1691 2420 1737 sanctam.
2464 1681 2519 1735 In
2570 1683 2719 1735 omni
2762 1682 2907 1737 enim
2963 1690 3142 1751 gente,
3198 1680 3291 1750 qui
3334 1679 3465 1733 iacit

1886 1771 2108 1834 bonum,
2139 1769 2361 1825 Christo
2399 1781 2782 1838 estacceptus.

1960 1897 2196 1951 Peccatis
2240 1906 2418 1951 autem
2462 1897 2629 1952 tribus
2669 1897 3000 1951 minuuntur.
3039 1896 3265 1962 Quasin
3294 1894 3453 1951 Chri-

1889 1999 2031 2043 stum
2079 1989 2353 2044 admisere
2418 1989 2758 2058 iniquitates,
2792 1990 2877 2043 ha:
2909 1988 3237 2043 israeliticas
3283 1985 3462 2041 tribus

1890 2079 2204 2135 detrahunt.

1954 2206 2122 2262 Vens.
2147 2207 2237 2262 35.
2266 2207 2519 2275 Acceptus
2559 2216 2636 2262 est
2682 2208 2791 2278 regi
2833 2208 3075 2260 minister
3136 2203 3458 2273 intelligens.

1890 2295 2115 2350 Multum
2168 2308 2425 2365 acceptus
2467 2306 2573 2362 est,
2603 2311 2781 2350 rerum
2838 2304 3161 2349 cunctarum
3238 2292 3370 2362 Regi
3406 2300 3461 2343 et

1888 2387 2023 2453 Deo,
2046 2388 2140 2457 qui
2171 2389 2387 2443 noverit
2403 2388 2523 2457 ejus
2563 2387 2899 2447 voluntatem
2926 2395 2980 2440 et
3000 2383 3211 2439 fecerit.

1961 2535 2064 2602 Qui
2098 2534 2395 2588 tractabilis
2430 2543 2507 2589 est
2540 2549 2690 2586 suam
2734 2520 3072 2603 ignominiam
3112 2531 3319 2586 adimit.
3352 2528 3462 2584 Ta-

1887 2623 1955 2679 lis
1976 2626 2142 2685 enim,
2171 2624 2271 2679 etsi
2304 2625 2433 2693 quid
2495 2624 2768 2677 inhonesti
2803 2637 2865 2675 ex
2909 2622 3202 2690 fragilitate
3242 2632 3462 2675 contra—

1889 2719 2051 2776 xerit.
2103 2717 2204 2769 hoc
2232 2724 2484 2786 prompta
2511 2715 2873 2770 conversione
2923 2721 3140 2784 reparat
3170 2722 3223 2767 et
3271 2726 3395 2768 sese
3423 2727 3453 2764 a

1889 2810 2106 2880 probris
2144 2808 2382 2863 redimit.

2517 2975 2670 3030 CAP.
2705 2972 2823 3031 XV.

1960 3111 2122 3166 Vens.
2154 3111 2205 3165 ί.
2233 3106 2327 3163 Ira
2380 3109 2549 3179 perdit
2585 3119 2631 3163 et
2660 3109 3016 3179 intelligentes.
3047 3106 3196 3162 Cum.
3231 3106 3286 3162 in
3322 3107 3446 3162 ani-

204 3208 385 3279 ἀρχὴν
408 3179 600 3277 {iob-cet
630 3208 766 3278 πρὸς
794 3179 1108 3279 ἐνέργειαν,υ
1180 3179 1325 3263 ἐστιν
1350 3179 1511 3281 ὀργὴ,
1543 3179 1783 3279 κινηὸἐν·

1889 3221 2008 3261 mos
2059 3207 2138 3275 (in
2165 3205 2298 3259 illud
2332 3204 2671 3275 Operationis
2690 3203 3042 3273 principium,
3060 3202 3203 3272 quod
3222 3202 3303 3256 ira
3326 3203 3457 3270 est),

204 3316 301 3361 τες
333 3301 428 3353 καὶ
458 3303 750 3370 νουνεχεῖς,
782 3300 1011 3371 κινδύνῳ
1030 3300 1246 3370 ψυχικῷ
1266 3318 1323 3353 τε
1355 3301 1472 3371 ἅμα
1501 3302 1780 3365 πολλάκις,

206 3391 305 3443 καὶ
338 3391 633 3461 σωματικῷ
680 3392 1138 3462 περιπίπτουσιν·
1182 3390 1279 3444 ἐὰν
1323 3391 1379 3444 δὲ
1425 3408 1573 3446 ουτοι
1618 3391 1781 3457 οὓτω,

207 3478 365 3550 πόσῳ
390 3497 456 3548 γε
489 3480 689 3550 μᾶλλον
718 3481 989 3549 appianae;

293 3581 637 3671 Ἃπόκρισις
657 3603 721 3657 δὲ
747 3604 1175 3659 ὐποπίπτουσα
1196 3602 1556 3672 ἀποστρέφει
1574 3602 1783 3671 θυμόν.

166 3702 169 3705 ’
220 3695 517 3763 Ἀπολογία
556 3696 612 3749 δέ
650 3694 1073 3765 ὑποκλινομένη,
1104 3696 1200 3748 καὶ
1250 3698 1324 3767 μὴ
1358 3695 1781 3760 ἀντιπίπτουσα,

208 3787 385 3856 θυμὸν
413 3787 831 3856 καταμαλάσσει
865 3788 960 3839 καὶ
986 3788 1018 3857 ή
1028 3804 1093 3857 με
1104 3789 1206 3857 ροῖ.

282 3914 475 3980 Λόγος
534 3911 602 3964 δὲ
655 3910 925 3979 σκληρὸς
972 3911 1182 3979 ἐγείρει
1232 3910 1430 3979 ὀργάς.
1501 3910 1677 3981 Ῥῆμα
1726 3908 1784 3962 δέ

204 4007 409 4077 τραχὺ,
440 4004 694 4074 πλῆττον,
721 4004 801 4067 εἰς
831 4002 1001 4073 ὀργὰς
1031 4003 1339 4057 ὑπανάπτει
1374 4001 1565 4072 θυμόν.

282 4130 549 4185 Γλῶσσα
608 4132 816 4200 σοφῶν
894 4132 1055 4186 καλὰ
1111 4130 1446 4184 ἐπίσταται.
1512 4128 1575 4181 Oi
1631 4126 1783 4195 σοφοὶ

207 4220 393 4285 ἀγαθὰ
414 4221 589 4273 οἴδασι
615 4222 948 4290 φθέγγεσθαι
970 4223 1065 4275 καὶ
1083 4219 1400 4289 οίκωφελεῖν
1424 4218 1547 4281 τοὺς
1572 4217 1786 4271 ἀκούον-

204 4325 330 4366 τας.

282 4434 478 4501 Στόμα
495 4434 562 4485 δὲ
589 4434 868 4502 ἀφρόνων
890 4433 1243 4503 ἀναγγέλλει
1268 4432 1440 4488 κακά.
1466 4434 1527 4486 Oi
1548 4432 1605 4487 δέ
1628 4432 1786 4504 ἀνόη-

1883 3308 1937 3355 et
1968 3300 2071 3370 ipsi
2103 3306 2282 3353 mente
2311 3297 2596 3360 callentes,
2627 3311 2792 3366 quam
2838 3296 3137 3365 saepissime
3155 3293 3456 3364 periculum

1883 3391 2081 3445 anima:
2136 3387 2297 3443 simul
2328 3396 2383 3442 et
2421 3387 2671 3455 corporis
2721 3385 3002 3452 subeunt;
3035 3384 3079 3438 si
3111 3382 3179 3438 de
3236 3382 3322 3437 his
3356 3383 3454 3448 ita,

1882 3488 2090 3553 quanto
2117 3480 2288 3549 magis
2315 3478 2383 3533 de
2409 3478 2727 3533 amentibus
2759 3476 2784 3531 ἲ

1955 3607 2241 3677 Responsio
2271 3607 2583 3661 submissior
2603 3607 2746 3661 sedet
2773 3606 3031 3660 animum.
3051 3602 3153 3670 Qui
3190 3616 3455 3671 responsa

1883 3701 2085 3755 blanda
2145 3700 2312 3754 refert
2343 3708 2398 3755 et
2436 3715 2544 3754 non
2600 3697 3017 3769 pert'ractantia,
3082 3696 3284 3751 mulcet
3340 3692 3455 3747 aniv

1887 3808 2033 3845 mum
2067 3799 2121 3846 et
2146 3791 2325 3860 placat

1953 3917 2137 3971 Sermo
2169 3917 2334 3969 durus
2360 3914 2557 3968 excitat
2583 3913 2741 3966 iram.
2763 3910 2999 3966 Verbum
3027 3920 3306 3981 asperum,
3326 3916 3456 3973 puu-

1883 4026 2038 4081 gens,
2074 4006 2319 4063 incendit
2357 4006 2570 4060 animos
2597 4003 2667 4056 ad
2706 4002 2865 4056 iram.

1953 4136 2116 4189 Vsus.
2155 4134 2211 4188 2.
2255 4132 2461 4203 Lingua
2504 4131 2816 4198 sapientiam
2864 4124 3085 4194 pulchra
3137 4120 3329 4175 noscit.
3359 4116 3461 4175 Sa-

1885 4228 2098 4298 pientes
2133 4225 2277 4279 hona
2305 4224 2486 4278 sciunt
2514 4218 2759 4289 proferre
2789 4223 2843 4271 et
2880 4211 3231 4267 audientibus
3279 4209 3459 4265 inser—

1885 4322 2024 4376 vire.

1959 4444 2032 4501 0s
2077 4443 2363 4497 amentium
2424 4438 2636 4493 nuntiat
2706 4434 2872 4489 mala.
2925 4430 3120 4486 Stolidi
3185 4424 3455 4483 contraria

206 4540 293 4577 τοι
338 4523 408 4576 τὰ
465 4524 680 4577 ἐναντία
755 4524 1030 4585 λαλοῦσιν.
1090 4526 1154 4576 ἐκ
1204 4523 1641 4594 περισσεύματος
1686 4523 1783 4593 τῆς

1892 4539 2177 4609 pretantur
2238 4549 2302 4589 ex
2360 4527 2694 4587 abundantia
2749 4524 2957 4589 cordis,
3012 4530 3066 4579 et
3113 4517 3455 4573 audientibus

208 4614 463 4683 καρδίας,
493 4616 585 4669 καὶ
613 4610 750 4679 τοὺς
770 4616 975 4670 τούτων
1013 4615 1396 4686 ἀκροωμένους
1431 4614 1780 4685 βλάπτουσιν.

280 4748 351 4811 γ’.
389 4742 486 4794 Ἐν
500 4743 677 4796 παντὶ
702 4722 862 4809 τόπῳ
890 4742 1184 4812 ὀφθαλμοὶ
1204 4742 1424 4807 Κυρίου
1454 4741 1787 4795 σκοπεύου-

209 4848 314 4885 σιν
370 4832 629 4901 ἀγαθούς
681 4850 744 4886 τε
792 4834 890 4886 καὶ
941 4835 1183 4899 κακούς.
1234 4834 1321 4885 Ἐν
1360 4833 1509 4905 πάσῃ
1549 4835 1615 4903 τῇ
1646 4835 1715 4901 γῇ
1759 4833 1786 4883 ὀ

209 4922 317 4973 τῶν
348 4921 485 4974 ὅλων
512 4924 786 4991 Δεσπότης
817 4926 1121 4977 ἐπισκοπεῖ·
1146 4925 1271 4987 τούς
1312 4941 1370 4977 τε
1391 4923 1496 4976 τῶν
1540 4923 1786 4991 παναγά-

211 5014 319 5065 Οων
374 5012 541 5065 αὑτοῦ
589 5013 821 5066 ἐντολῶν
861 5016 1176 5085 πληρωτὰς,
1218 5016 1314 5069 καὶ
1357 5016 1483 5079 τοὺς
1526 5017 1787 5069 τάναντία

210 5105 414 5158 τούτων
440 5105 838 5176 ἐργαζομένους
862 5123 878 5138 ’
909 5108 1002 5159 καὶ
1024 5108 1199 5170 οὐδεὶς
1221 5108 1311 5160 τδν
1335 5108 1673 5178 παντέφορον
1690 5108 1785 5160 ab.

210 5194 307 5246 τοῦ
343 5195 568 5264 λέληθεν
612 5195 887 5264 ὀφθαλμόν
908 5212 923 5226 ⁸
958 5195 1037 5248 διὸ
1074 5195 1450 5265 φριττέτωσαν
1478 5198 1575 5267 μὲν
1600 5199 1787 5270 ἁμαρ-

212 5286 484 5350 τάνοντες,
517 5288 793 5351 εὐέλπιδες
820 5287 863 5339 δ’
897 5288 1116 5358 ἦτωσαν
1159 5288 1644 5360 ἀγαθοεργοῦντες.

283 5412 346 5467 δ’.
380 5413 577 5478 Ἴασις
624 5412 930 5481 γλώσσης,
980 5414 1235 5482 δένδρον
1282 5414 1449 5483 ζωῆς.
1496 5416 1721 5470 Γλῶσσα
1752 5419 1786 5488 ἡ

214 5504 323 5558 ἀπὸ
372 5504 464 5557 τοῦ
497 5506 832 5575 ἁμαρτάνειν
893 5508 951 5561 ἐν
1001 5507 1182 5572 λόγοις
1231 5508 1647 5580 θεραπευθεῖσα,
1690 5513 1787 5583 τὴν

215 5593 271 5657 Cr
294 5595 481 5661 ογόνον
517 5595 860 5649 διδασκαλίαν
892 5597 986 5651 τοῦ
1028 5599 1334 5669 πνεύματος
1360 5640 1373 5663 ,
1401 5603 1518 5665 ταῖς
1546 5601 1651 5654 τῶν
1683 5620 1788 5672 μα-

214 5680 241 5735 P
264 5682 593 5751 ;tauoy.évwv
607 5686 1034 5755 νενεκρωμέναις
1055 5690 1118 5759 τῇ
1142 5689 1333 5761 ἀγνοίᾳ
1361 5689 1577 5761 ψυχαῖς,
1602 5688 1788 5762 ὥσπερ

216 5789 269 5827 τι
298 5773 514 5845 δένδρον
545 5781 905 5850 καρποφορεῖ.

1890 4639 2105 4687 nocent.

1955 4755 2121 4809 Vens.
2141 4754 2197 4807 ’5.
2219 4749 2283 4805 In
2306 4745 2449 4801 omni
2488 4745 2602 4798 loco
2643 4740 2785 4797 oculi
2818 4737 3034 4793 Domini
3076 4735 3348 4789 observant
3373 4732 3455 4785 bo-

1897 4866 1992 4905 nos
2027 4856 2076 4901 et
2103 4843 2293 4897 malos.
2336 4838 2392 4891 In
2412 4836 2557 4891 omni
2592 4843 2761 4894 terra,
2805 4844 2987 4884 rerum
3017 4831 3336 4881 cunctarum
3359 4821 3461 4875 Do-

1886 4942 2071 4995 minus
2100 4932 2415 5004 speculatu‘r
2439 4939 2493 4983 et
2515 4932 2834 4981 sanctorum
2864 4920 3041 4990 ipsius
3080 4914 3459 5004 mandatorum

1889 5001 2145 5081 factores
2175 5030 2230 5075 et
2263 5017 2517 5089 apposita
2581 5019 2852 5080 agentes;
2896 5022 2998 5062 nec
3056 5005 3199 5059 ullus
3240 5001 3461 5071 effugiet

1886 5116 2102 5172 oculum
2121 5123 2449 5182 quacunque
2508 5106 2815 5159 intentum:
2855 5100 3000 5161 ideo,
3035 5094 3464 5150 contremiscant

1887 5212 2227 5280 peccatores,
2255 5201 2523 5255 bonorum
2576 5204 2758 5251 autem
2805 5196 3122 5262 operatores
3156 5199 3306 5255 spem
3357 5198 3467 5236 ma-

1888 5313 2049 5372 gnam
2082 5296 2316 5349 faveant.

1953 5423 2119 5478 Vens.
2156 5420 2209 5475 4.
2232 5416 2441 5472 Medela
2482 5414 2700 5484 lingula,
2733 5408 2893 5463 arbor
2920 5408 3064 5462 vitaz.
3090 5402 3245 5471 Qum,
3289 5413 3318 5452 a
3343 5413 3464 5468 pec.

1888 5516 2063 5573 cando
2101 5514 2155 5567 in
2217 5511 2419 5573 verbis,
2458 5517 2651 5563 sanata
2705 5512 2788 5558 est
2836 5502 3042 5571 lingua,
3096 5494 3459 5550 viviﬁcantem

1889 5605 2191 5664 doctrinam
2232 5601 2481 5671 spiritus,
2507 5593 2922 5651 intbuentlorum
2965 5586 3270 5648 animabus,
3306 5581 3461 5651 igno-

1888 5696 2064 5751 rantia
2098 5692 2385 5758 emortuis,
2413 5688 2636 5761 profert,
2676 5683 2841 5742 veluti
2878 5680 3045 5737 arbor
3071 5677 3277 5734 fructus
3306 5675 3456 5730 suos.

3329 396 3468 464 1370
3571 486 3575 490 ἢ
