3958 6516
572 376 700 442 1371

641 497 749 563 Qui
774 493 1003 551 custodit
1032 510 1169 555 ean,
1199 493 1486 561 replebitur
1521 492 1736 562 spiritu.
1769 490 1871 558 Qui
1909 507 2035 545 cum
2063 492 2146 544 in-
2176 493 2223 549 Δ

571 588 873 657 telligentia
932 586 1171 655 linguam
1236 586 1305 639 ab
1352 585 1631 653 peccando
1686 584 1945 646 custodit,
1996 583 2155 638 donis

571 682 807 751 Spiritus
858 680 1037 735 sancti
1085 679 1408 747 replebitur,
1447 677 1607 748 cujus
1637 676 2041 748 receptaculum
2075 676 2158 730 fa-

572 782 697 830 ctus
729 781 815 828 est
845 780 1070 843 propter
1109 772 1306 827 mentis
1339 772 1652 842 puritatem.

645 990 807 1047 Vens.
849 992 900 1047 5.
935 991 1144 1047 Stultus
1197 992 1385 1046 irridet
1432 992 1773 1061 disciplinam
1802 992 1996 1060 patris.
2054 990 2156 1059 Qui

576 1086 698 1141 sine
726 1094 906 1139 mente
939 1094 1046 1150 est,
1079 1087 1304 1140 monitis
1326 1086 1576 1157 magistri
1622 1087 1705 1141 sui
1744 1085 1944 1140 illudit.

650 1306 755 1373 Qui
786 1306 1043 1361 mandata
1083 1305 1336 1370 custodit,
1370 1290 1638 1360 callidior.
1669 1305 1774 1373 Qui
1806 1306 2158 1375 prudentium

581 1414 757 1465 more,
818 1407 1088 1470 praecepta
1149 1400 1399 1469 magistri
1462 1400 1743 1463 observat,
1802 1408 2157 1470 augmentum

580 1490 951 1562 intelligentiae
980 1492 1196 1560 recipit,
1219 1492 1535 1563 quotidiein
1567 1492 1711 1548 bono
1739 1493 2051 1563 proﬁciens.

650 1712 819 1769 Vens.
852 1714 906 1768 6.
935 1712 1228 1779 lujustitia
1259 1724 1538 1778 crescente,
1571 1713 1833 1783 fortitudo
1883 1713 2071 1769 multa.
2103 1712 2160 1768 In

1899 374 2253 437 PROCOPII
2294 376 2537 440 ΟΑΖίΕΙ

3720 376 3853 443 ΠΕ

2335 491 2399 547 '0
2426 492 2497 547 es
2520 493 2842 565 συντηρῶν
2867 495 3087 566 αὐτὴν,
3114 496 3543 565 πλησθήσεται
3577 498 3847 565 Πνεῦμα-

2258 599 2381 649 τος.
2409 585 2581 648 Αὐτὸς
2610 584 2667 638 δὲ
2688 588 2716 639 ό
2749 586 3032 656 φυλάττων
3077 587 3176 641 σὺν
3206 590 3271 660 τῇ
3295 588 3512 659 διανοέᾳ
3547 586 3652 658 τὴν
3679 588 3848 655 715::-

2257 693 2356 729 ταν
2385 676 2479 729 τοῦ
2509 679 2586 748 μὴ
2612 678 2973 750 ἁμαρτάνειν,
3002 680 3113 734 τῶν
3149 680 3245 734 τοῦ
3288 681 3562 748 παναγίου
3597 680 3845 749 Πνεῦμα-

2212 838 2217 844 .
2257 782 2348 829 τος
2390 766 2768 837 πλησθήσεται
2811 770 3199 839 χαρισμάτων,
3244 771 3455 842 δοκεῖον
3500 772 3843 840 χρηματίσας

2259 857 2425 911 αὐτοῦ
2455 858 2547 911 διὰ
2572 860 2691 922 νοὸς
2721 862 3092 933 καθαρότητα.

2331 993 2395 1040 ε’.
2445 988 2689 1057 Ἀςρρων
2736 990 3079 1059 μυκτηρίζει
3140 992 3420 1046 παιδείαν
3482 993 3727 1059 πατρός.
3783 994 3837 1046 ὐ

2260 1078 2487 1148 ἀνόητος
2540 1081 2801 1161 ἐμπαίζει
2851 1086 2916 1154 τῇ
2963 1083 3060 1137 τοῦ
3115 1086 3315 1139 οἰκείου
3351 1085 3681 1138 διδασκάλω
3724 1102 3835 1137 Wa.

2261 1169 2438 1226 θεσία.

2347 1300 2401 1354 '0
2437 1300 2507 1354 δὲ
2545 1301 2887 1369 φυλάσσων
2928 1302 3204 1369 ἐντολὰς,
3245 1308 3751 1374 πανουργότερος.
3780 1305 3835 1356 Ὁ

2261 1392 2320 1447 δὲ
2368 1392 2438 1445 τὰ
2485 1392 2700 1458 τούτου,
2734 1394 2809 1456 ὡς
2837 1395 3121 1466 φρόνιμος,
3168 1394 3342 1448 ποιῶν
3383 1396 3834 1465 παραγγέλματι,

2265 1485 2589 1556 προσθήκην
2628 1486 2945 1556 φρονήσεως
2975 1486 3214 1557 δέχεται,
3256 1488 3339 1551 εἱς
3369 1486 3434 1539 τὸ
3472 1486 3683 1555 ἀγαθὸν
3721 1489 3838 1554 ὁστι-

2267 1578 2432 1650 μέραι
2462 1577 2757 1641 ἐπιδιδούς.

2338 1713 2411 1773 ς’.
2442 1708 2546 1761 Ἐν
2568 1704 2982 1775 πλεοναζούσῃ
3015 1706 3374 1774 δικαιοσύνῃ
3404 1706 3593 1775 ἰσχὺς
3628 1706 3839 1768 παι-ἰή.

583 1806 889 1876 spiritualis
938 1806 1072 1875 legis
1130 1807 1382 1877 iustitia,
1448 1823 1571 1876 qua:
1633 1814 1688 1861 ct
1740 1807 2051 1861 naturalem
2108 1814 2162 1862 et

2288 1801 2366 1853 Ἐν
2386 1802 2451 1869 τῇ
2485 1798 2580 1852 τοῦ
2610 1798 2985 1869 πνευματικοῦ
3020 1801 3184 1870 νόμου
3205 1798 3550 1873 δικαιοσύνῃ,
3573 1803 3643 1867 τῇ
3682 1800 3839 1866 ὕπερ-

582 1897 842 1968 scriptam
861 1899 1092 1952 multum
1131 1907 1380 1967 superat,
1408 1906 1560 1952 tanta
1590 1908 1677 1954 est
1725 1899 1926 1953 divinae
1975 1899 2164 1967 gratia:

2288 1892 2538 1965 ἰαλλούσῃ
2563 1893 2660 1962 τὴν
2688 1891 2782 1946 τοῦ
2825 1891 3056 1962 φυσικοῦ
3078 1909 3137 1945 τε
3178 1892 3273 1945 καὶ
3298 1892 3395 1945 τοῦ
3419 1891 3697 1962 γραπτοῦ,
3728 1910 3839 1944 τος-

584 1988 712 2057 (qua
746 1988 871 2058 quis
892 1988 1148 2060 dignatus
1171 1986 1357 2059 fuerit)
1389 1989 1651 2059 potentia,
1676 1997 1737 2044 ut
1762 2005 1868 2043 non
1896 1988 2045 2043 solas
2066 2004 2162 2042 ua-

584 2085 720 2130 turae
757 2078 1068 2147 passiones,
1096 2076 1194 2131 sed
1245 2077 1418 2147 ipsam
1463 2092 1685 2148 quoque
1736 2084 1993 2130 naturam
2041 2075 2163 2129 vin-

582 2173 696 2220 cat.

658 2290 819 2361 Impt'i
844 2292 1103 2347 radicitus
1132 2292 1197 2347 de
1224 2302 1367 2349 terra
1413 2290 1675 2362 peribunt.
1713 2291 1817 2357 Qui
1852 2291 2021 2345 Deum
2069 2307 2167 2362 per

588 2399 759 2453 opera
796 2400 906 2439 non
955 2384 1253 2449 honorant,
1300 2395 1474 2439 morte
1502 2384 1571 2440 de
1610 2392 1757 2440 terra
1786 2386 2163 2450 destrucntur,

585 2491 712 2530 cum
747 2475 863 2541 illo,
895 2477 962 2531 ad
998 2485 1219 2531 terrena
1258 2486 1528 2548 respectu,
1554 2478 1658 2534 sub
1692 2494 1803 2548 quo
1839 2478 2035 2532 animm
2053 2493 2167 2534 suae

587 2570 844 2638 perituris
869 2571 1034 2625 rebus
1067 2570 1138 2623 ita
1167 2578 1296 2624 sunt
1324 2570 1517 2637 aﬂixaa,
1552 2580 1610 2626 ut
1652 2573 1795 2627 inter
1826 2572 2169 2643 incorrupti-

587 2658 718 2715 bilia
749 2660 930 2715 nolint
960 2660 1271 2717 transferri.

653 2880 906 2935 Domibus
955 2879 1230 2948 justorum
1279 2880 1543 2952 fortitudo
1600 2881 1792 2938 multa.
1826 2882 2167 2953 Corporibus

584 2988 800 3040 eorum,
834 2974 926 3043 qui
953 2974 1137 3028 divina
1170 2974 1425 3029 mandata
1480 2974 1801 3031 custodiunt
1832 2976 1962 3047 (ipsi
2018 2974 2165 3030 enim

587 3065 642 3119 in
675 3065 761 3119 bis
810 3065 1139 3135 corporibus
1182 3065 1250 3119 ad
1290 3074 1523 3121 mortem
1560 3081 1755 3135 usque,
1805 3076 2063 3137 tanquam
2110 3067 2165 3121 in

2264 1984 2403 2054 αύτη
2438 1985 2589 2054 παρά
2618 1984 2719 2050 τῆς
2760 1985 2910 2047 Θείας
2962 1985 3184 2055 χάριτος
3216 1984 3296 2053 τῷ
3331 1984 3543 2053 ταύτης
3572 1983 3841 2046 ἀξιωθέντι

2263 2078 2515 2147 δύναμις,
2556 2075 2699 2129 ὥστε
2736 2078 2810 2147 μὴ
2844 2075 3004 2145 μόνον
3039 2076 3107 2129 τὰ
3131 2075 3284 2146 παρὰ
3328 2073 3496 2145 φύσιν
3521 2073 3697 2144 πάθη,
3724 2076 3841 2129 iiii

2264 2171 2361 2223 καὶ
2393 2169 2565 2240 αὐτὴν
2596 2169 2696 2239 τὴν
2739 2168 2901 2238 φύσιν
2930 2170 3110 2240 νικᾷν.

2341 2300 2405 2351 Οἱ
2427 2297 2497 2350 δὲ
2533 2296 2773 2364 ἀσεϐεῖς
2825 2295 3112 2366 ὀλόρῤιζοι
3136 2298 3202 2351 ἐκ
3228 2296 3343 2365 γῆς
3374 2298 3686 2352 ὀλοῦνται.
3717 2300 3774 2349 υἱ
3794 2298 3842 2349 δὲ

2270 2386 2345 2458 μὴ
2390 2387 2457 2440 δι’
2481 2387 2846 2460 ἀγαθοεργίας
2886 2387 3152 2456 τιμῶντες
3183 2388 3339 2449 Θεὸν,
3373 2388 3835 2457 ὲξοὶοθρευθήτον-

2265 2497 2354 2533 ται
2384 2478 2462 2549 τῷ
2492 2478 2707 2547 Θανάτῳ
2741 2480 2804 2532 ἐκ
2836 2479 2937 2549 τῆς
2970 2480 3093 2549 γῆς,
3130 2480 3267 2549 μετὰ
3300 2482 3399 2550 τῆς
3432 2482 3564 2549 περὶ
3597 2482 3666 2532 τὰ
3696 2483 3839 2549 γῆῖνι

2270 2571 2509 2642 σχέσεως
2533 2589 2546 2603 ·
2576 2571 2696 2625 καθ’
2730 2574 2796 2642 ἣν
2822 2572 2880 2626 αἱ
2912 2571 3117 2625 τούτων
3148 2572 3337 2641 ψυχαὶ,
3380 2574 3511 2641 περὶ
3539 2573 3608 2625 τὰ
3643 2572 3841 2641 φθαρτὰ

2268 2664 2657 2734 παγιωθεῖσαι,
2696 2664 2835 2736 πρὸς
2868 2664 2936 2718 τὰ
2982 2664 3237 2736 ἄφθαρτα
3272 2664 3747 2736 μεταφυτευθῆναι
3785 2665 3837 2716 οὐ

2269 2754 2575 2827 βούλονται.

2333 2884 2533 2951 Οἶκοις
2563 2884 2811 2937 δικαίων
2854 2882 3024 2951 ἰσχὺς
3072 2881 3294 2947 πολλή.
3339 2882 3430 2935 Ἐν
3460 2884 3577 2943 rei;
3614 2881 3723 2933 τῶν
3755 2880 3842 2943 ei;

2269 2976 2416 3041 θείας
2464 2976 2682 3039 ἐντολὰς
2716 2972 3102 3046 ἐργαζομένων
3142 2974 3413 3044 σώμασιν,
3441 2970 3525 3037 οἷς
3558 2970 3727 3039 οὗτοι,
3760 2970 3843 3028 οἶά

2268 3085 2409 3122 τισιν
2427 3067 2619 3130 οἴκοις,
2649 3067 2811 3138 μέχρι
2829 3066 3061 3120 θανάτου
3085 3066 3486 3137 παραμένουσι,
3512 3066 3683 3135 πολλὴ
3707 3068 3843 3135 παρὰ

587 3157 865 3223 domibus,
897 3159 1270 3228 permanent),
1300 3166 1453 3213 tanta
1488 3159 1629 3215 inest
1663 3159 1839 3213 virtus
1882 3174 1979 3229 per
2025 3158 2167 3214 divi-

2288 3158 2371 3229 ιῆς
2402 3156 2554 3220 Θείας
2589 3156 2812 3227 χάριτος
2840 3156 3072 3226 δύναμις
3090 3172 3104 3184 ·
3128 3155 3268 3208 ὥστε
3292 3156 3361 3208 τὰ
3385 3158 3444 3209 ἐν
3464 3156 3651 3217 αὐτοῖς
3681 3159 3844 3225 ἐμφυ-

586 3265 713 3304 nam
755 3252 1007 3318 gratiam,
1040 3261 1098 3305 ut
1158 3252 1404 3307 obtectas
1464 3252 1519 3306 in
1565 3267 1626 3309 se
1684 3252 1992 3323 passiones,
2037 3261 2165 3307 actu

2288 3250 2500 3305 lsdowa
2563 3248 2710 3319 πάθη
2764 3248 2907 3302 κατὰ
2952 3247 3152 3318 πρᾶξιν
3195 3248 3560 3318 ἀπονεκροῦν,
3607 3248 3703 3301 καὶ
3754 3250 3840 3312 τὰς

587 3342 921 3397 mortiﬁceut
949 3352 1003 3398 et
1027 3344 1256 3399 virtutes
1286 3344 1580 3400 extollant.

661 3464 893 3520 Fructus
924 3467 1209 3537 impiorum
1241 3467 1506 3535 peribunt.
1539 3468 1714 3539 Opera
1747 3484 1961 3536 eorum,
1983 3470 2165 3540 -—qni

589 3554 782 3622 Deum,
819 3573 916 3625 per
945 3561 1112 3613 vitam
1155 3560 1353 3615 virtute
1409 3560 1702 3629 integram,
1730 3578 1836 3614 non
1870 3561 2164 3626 honorant,

586 3678 659 3690 —-
686 3647 752 3702 ad
784 3648 1014 3702 nihilum
1060 3649 1311 3713 abibunt,
1347 3649 1573 3720 perinde
1614 3662 1678 3707 ac
1710 3652 1879 3709 relate
1929 3654 1998 3708 ad
2050 3655 2169 3709 sola

589 3741 969 3811 corruptibilia
1005 3752 1191 3799 essent
1218 3742 1438 3799 eﬂ'ecta.

662 3869 828 3926 Vsus.
853 3871 902 3925 7.
932 3870 1094 3925 Labia
1127 3873 1445 3939 sapientium
1476 3874 1655 3928 sensui
1682 3873 2004 3942 alligantur.
2038 3873 2171 3930 Ver-

592 3961 658 4015 ba
720 3963 1050 4031 sapientium
1094 3963 1379 4031 judicandi
1414 3965 1673 4021 facultate
1721 3974 2167 4024 connectuntur:

591 4051 683 4105 ubi
717 4064 951 4121 oportet,
987 4061 1042 4110 et
1074 4055 1295 4125 quando
1341 4066 1397 4111 et
1434 4060 1712 4128 quomodo
1765 4067 2004 4130 oportet,
2037 4074 2171 4130 pro-

594 4140 865 4197 feruntur.

665 4266 773 4323 Cor
797 4270 1085 4323 amentium
1117 4288 1223 4326 non
1266 4282 1346 4328 est
1371 4291 1634 4332 securum.
1669 4277 1863 4332 Anima
1897 4278 2169 4351 insipien-

591 4360 752 4423 tium,
787 4361 841 4416 in
898 4362 1096 4419 timore
1132 4363 1345 4419 Domini
1400 4382 1505 4422 non
1569 4369 1881 4424 custoditur
1911 4370 1980 4426 ab
2034 4372 2168 4438 illis,

595 4467 719 4522 quae
746 4460 941 4508 contra
974 4455 1244 4509 rationem
1283 4468 1434 4522 sunt,
1458 4457 1708 4526 judiciis.

671 4574 834 4631 Vens.
854 4575 907 4631 8.
941 4576 1226 4647 Sacriﬁcia
1256 4579 1537 4649 impiorum
1567 4581 1893 4639 abominatio
1925 4584 2168 4643 Domino.

592 4667 821 4731 Alaiicit,
852 4683 1036 4722 rerum
1067 4670 1309 4723 omnium
1349 4671 1633 4738 Dominus,
1664 4675 1807 4729 dona
1850 4677 1950 4745 ipsi
1989 4677 2171 4731 oblata

595 4759 665 4814 ab
717 4758 1054 4823 hominibus.
1086 4762 1178 4830 qui
1226 4764 1378 4829 prius
1414 4779 1540 4818 cum
1584 4766 1833 4835 patribus
1893 4782 2000 4822 non
2043 4776 2175 4822 sunt

598 4851 938 4907 reconciliati
961 4860 1017 4907 et
1040 4869 1136 4922 per
1171 4853 1500 4910 charitatem
1534 4857 1588 4912 in
1623 4874 1722 4913 eos
1769 4862 1915 4930 (qure
1945 4869 2027 4915 est
2057 4860 2175 4929 ple-

599 4943 790 4997 nitudo
842 4945 977 5016 legis
1026 4955 1078 4999 et
1109 4936 1559 5016 prOplietarum),
1600 4954 2005 5008 venerationem
2070 4954 2174 5025 ipsi

598 5052 706 5092 non
739 5038 1073 5094 tribuerunt.

674 5144 884 5212 Preces,
907 5155 1042 5202 recte
1064 5147 1440 5217 incedentium,
1466 5162 1691 5222 accepta:
1731 5154 1873 5220 apud
1904 5170 2043 5208 cum.
2070 5152 2175 5209 De-

600 5241 946 5311 precationes
975 5256 1163 5296 eorum
1192 5242 1439 5309 exaudit,
1472 5246 1567 5316 qui
1592 5248 1759 5303 vitam
1786 5262 1943 5303 suam
1978 5262 2177 5301 secun-

599 5334 729 5389 dum
766 5334 955 5390 divina
987 5337 1243 5392 mandata
1275 5338 1545 5415 dirigunt.

674 5438 838 5497 Vens.
873 5442 927 5497 9.
957 5442 1300 5499 Abominatio
1334 5445 1583 5511 Domino,
1609 5450 1705 5504 via:
1734 5450 1929 5520 impiae.
1961 5451 2179 5509 Odiosa!

602 5542 731 5587 sunt
764 5549 947 5589 rerum
986 5546 1316 5591 cunctarum
1351 5537 1611 5604 Domino,
1650 5550 1911 5612 tanquam
1944 5546 2177 5600 manda-

604 5622 674 5679 tis
695 5624 815 5693 ejns
849 5628 1132 5698 oppositae,
1163 5644 1357 5685 omnes
1386 5630 1488 5685 illa:
1515 5630 1582 5685 ad
1618 5632 1780 5686 vitam
1819 5635 2176 5703 pertinentes,

606 5718 1163 5780 imlnstriaa,b0mini3
1196 5722 1488 5793 istius,qui
1525 5723 1692 5778 Deum
1726 5740 1819 5795 per
1852 5724 1992 5780 bona
2014 5739 2179 5795 Opera

605 5822 713 5862 non
754 5808 1005 5864 honorat.

2269 3343 2470 3419 ἀρετὰς
2504 3342 2757 3413 ύφιστᾷν.

2341 3467 2565 3536 Καρποὶ
2598 3466 2667 3520 δὲ
2696 3465 2934 3521 ἀσεϐῶν
2954 3464 3346 3521 ἀπολοῦνται.
3384 3467 3465 3519 Τὰ
3492 3465 3554 3519 δὲ
3582 3466 3716 3536 ἔργα
3744 3465 3841 3517 τῶν

2273 3561 2347 3632 μὴ
2376 3561 2443 3614 δι’
2471 3560 2726 3629 ἐναρέτου
2756 3557 2871 3629 βίου
2898 3555 3187 3626 τιμώντων
3232 3557 3367 3611 Θεὸν
3400 3560 3745 3628 χωρήσουσιν
3768 3559 3838 3619 εἰς

2270 3654 2443 3716 οὐδὲν,
2478 3653 2553 3716 ὠς
2580 3652 2710 3722 περὶ
2738 3650 2806 3704 τὰ
2831 3649 3050 3721 φθαρτὰ
3082 3650 3220 3720 μόνα
3248 3650 3679 3719 κατατινόμενα.

2344 3869 2410 3936 ζ’.
2443 3870 2623 3936 Χείλη
2664 3868 2734 3922 δὲ
2763 3867 2974 3938 σοφῶν
2997 3867 3232 3923 δέδεται
3268 3867 3575 3935 αισθήσει.
3608 3867 3670 3922 Oi
3705 3867 3835 3935 λόγος

2270 3962 2379 4016 τῶν
2411 3961 2590 4030 σοφῶν
2627 3961 2957 4028 δεσμοῦνται
3020 3964 3086 4031 τῇ
3135 3959 3436 4030 διακρίσει,
3465 3962 3599 4015 ὅπου
3640 3962 3736 4025 δεῖ,
3759 3964 3837 4012 καὶ

2273 4055 2385 4120 ὅτε,
2416 4053 2511 4108 καὶ
2538 4053 2614 4117 ὡς
2640 4052 2721 4106 δεῖ
2750 4053 3175 4125 προφερόμενοι.

2344 4274 2569 4343 Καρδία
2598 4274 2667 4328 δὲ
2698 4273 2999 4344 ἀφρόνων,
3031 4274 3144 4327 οὐκ
3166 4270 3475 4341 ἀσφαλής.
3522 4270 3593 4325 Ἢ
3624 4271 3764 4341 ψυχὴ
3790 4271 3835 4323 δε

2272 4366 2381 4421 τῶν
2409 4367 2653 4437 ἀνοήτων
2692 4366 2753 4418 οὑ
2795 4365 3140 4433 πεφύλακται
3169 4365 3229 4417 ὲν
3258 4362 3392 4434 θείῳ
3414 4364 3587 4433 φόϐῳ,
3620 4364 3726 4416 ἀπὸ
3746 4362 3837 4414 τῶν

2275 4457 2602 4528 παραλόγων
2629 4457 3052 4529 ἐνθυμημάτων.

2346 4589 2416 4655 η’.
2451 4583 2666 4639 Θυσίαι
2690 4581 2947 4647 ἀσεϐῶν,
2965 4581 3283 4653 βδέλυγμα
3303 4583 3519 4653 Κυρίῳ.
3565 4581 3835 4651 Ἀποστρέ-

2276 4693 2435 4746 cpe-cat
2469 4676 2497 4728 ὁ
2524 4675 2632 4729 τῶν
2669 4674 2807 4728 ὅλων
2842 4674 3123 4743 Δεσπότης
3154 4674 3225 4726 τὰ
3272 4675 3662 4744 προσαγόμενα
3704 4672 3832 4743 αὐτῷ

2273 4767 2422 4837 δῶρα
2461 4766 2612 4838 παρὰ
2639 4765 2751 4819 τῶν
2796 4764 2873 4836 μὴ
2919 4764 3187 4836 πρότερον
3238 4765 3708 4835 διαλλαττομένων
3735 4769 3832 4825 τοῖς

2275 4859 2549 4928 ἀδελφοῖς,
2580 4858 2674 4911 καὶ
2704 4856 2793 4910 διὰ
2823 4858 2926 4928 τῆς
2962 4859 3043 4920 εἰς
3073 4857 3271 4921 αὐτοῦς
3296 4858 3520 4927 ἀγάπης
3549 4859 3688 4929 (ἥτις
3731 4856 3832 4910 ἔστι

2276 4952 2551 5025 πλήρωμα
2575 4952 2737 5021 νόμου
2767 4951 2862 5003 καὶ
2895 4948 3211 5021 προφητῶν)
3246 4952 3304 5003 τὸ
3362 4948 3530 5013 σέϐας
3553 4947 3831 5018 aucupor-

2276 5061 2383 5097 των
2420 5042 2589 5114 αὐτῷ.
2896 5044 2907 5053 ”

2346 5154 2539 5224 Εὑχαὶ
2580 5152 2649 5208 δὲ
2701 5153 3196 5208 κατευθυνόντων
3249 5148 3450 5205 deum!
3502 5151 3637 5220 παρ’
3667 5147 3825 5215 αὐτῷ.

2278 5246 2644 5316 Προσδέχεται
2670 5245 2727 5299 δὲ
2747 5244 2848 5309 τὰς
2872 5243 3144 5309 ἐντεύξεις
3171 5242 3280 5295 τῶν
3303 5242 3444 5295 κατᾶ
3467 5243 3563 5306 τὰς
3590 5243 3732 5305 θείας
3752 5242 3827 5294 αὖ·

2276 5337 2372 5392 τοῦ
2407 5337 2626 5400 ἐντολὰς
2656 5335 3093 5390 κατευθυνόντων
3121 5335 3221 5406 τὴν
3252 5333 3462 5387 ἑαυτῶν
3493 5334 3690 5404 βιοτήν.

2350 5445 2415 5499 θ’.
2451 5444 2767 5515 Βδέλυγμα
2789 5444 3000 5512 Κυρίῳ,
3033 5442 3159 5497 ὁδοὶ
3187 5441 3467 5509 ἀσεϐοῦς.
3499 5442 3708 5509 Μισητά
3737 5442 3823 5491 εἰει

2280 5536 2358 5607 τῷ
2401 5536 2497 5589 τοῦ
2533 5535 2734 5597 παντὸς
2776 5535 3044 5606 Δεσπότῃ,
3088 5534 3166 5598 ὡς
3214 5534 3349 5605 παρ’
3397 5532 3609 5602 ἐντολὴν
3654 5530 3822 5584 τούτου

2282 5629 2618 5700 ὑπάρχοντα,
2662 5627 2732 5682 τὰ
2763 5627 2907 5682 κατὰ
2950 5626 3065 5697 βίον
3103 5625 3514 5699 ἐπιτηδεύματα
3555 5623 3641 5678 τοῦ
3669 5625 3745 5694 μὴ
3767 5620 3822 5675 δι’

2282 5722 2503 5793 ἀγαθῶν
2531 5720 2709 5794 ἔργων
2736 5720 3006 5793 τιμῶντος
3032 5719 3216 5775 αὐτόν.
