4054 6534
159 406 309 470 1373

1228 406 1763 468 COMMENTARII
1801 407 1877 467 ΙΝ
1921 407 2381 472 ΡιιΟνΕιωιΑ.

3301 397 3437 465 137i

232 515 578 582 Διώκοιτας
598 513 666 568 δὲ
684 513 1085 581 δικαιοσύνην
1127 510 1350 583 ἀγαπᾷ.
1370 514 1509 577 Τοὺς
1538 515 1593 567 δὲ
1623 515 1750 585 πρὸς

1939 515 2317 587 Ρενδείίιιεηιεε
2342 517 2621 586 justitiam
2652 524 2818 570 autat.
2854 514 3003 583 Illos,
3035 512 3128 583 qui
3165 511 3230 566 ad
3265 512 3433 566 vitam

152 606 252 656 τῖεν
296 605 528 677 θεοφιλῆ
558 591 680 675 βιωῖ
701 604 1052 668 σπεύδοντας,
1088 604 1164 668 ὡς
1190 606 1309 659 κατ’
1331 605 1550 677 ιντοὶαὴν
1585 604 1750 659 αὐτοῦ

154 693 648 767 πολιτευομένους,
685 694 1016 759 ἀσπάζεται.

230 842 293 893 ι’.
325 840 575 893 ΠαιδεΙα
621 838 851 893 ἀκάκου
879 837 1211 908 γνωρίζεται
1235 837 1351 892 ὑπὸ
1386 837 1505 890 τῶν
1534 838 1752 905 παρόν-

152 945 304 985 των.
355 931 420 983 Ἦ
451 930 543 983 τοῦ
576 929 945 1001 ἀπλουστέρου
976 930 1070 982 καὶ
1105 929 1301 992 κακίας
1328 928 1749 998 ἀπηλλαγμένου

154 1017 451 1083 νουθεσία,
478 1020 837 1082 ἀνυπόστολος
860 1017 995 1074 οὖσα
1018 1029 1112 1073 καί
1138 1018 1365 1090 φοὸερά,
1394 1018 1751 1089 καταλαμδά-

154 1124 323 1161 νεται
354 1110 449 1163 καὶ
492 1110 636 1180 παρά
662 1109 772 1163 τῶν
802 1108 876 1173 ὠς
903 1112 961 1163 ὲν
984 1110 1202 1181 παρόδῳ
1233 1108 1437 1179 ταύτης
1466 1108 1751 1180 ἀκροωμὲ⁸

156 1216 299 1253 ναηκ

228 1327 303 1378 οι
323 1325 393 1378 δὲ
411 1324 735 1394 μισοῦντες
755 1323 1065 1393 ἐλέγχους,
1085 1323 1447 1379 τελευτῶσιν
1460 1326 1749 1395 αἰσχρῶς.

159 1416 229 1467 Οί
268 1416 331 1469 δὲ
369 1418 496 1479 τοὺς
524 1415 774 1469 ἐντεῦθεν
805 1416 1071 1485 φανεροὺς
1109 1415 1216 1469 τῶν
1259 1418 1475 1469 οἰκείων
1503 1419 1753 1487 ἁμαρτη-

163 1506 364 1575 μάτων
389 1506 645 1576 ἐλέγχους
672 1507 1167 1577 ἀποστρεφόμενοι,
1201 1510 1267 1577 τῇ
1294 1508 1548 1579 αἰσχίστῃ
1572 1509 1751 1562 αὐτῶν

162 1599 346 1668 κακία
382 1599 897 1669 ὲνσποθνήσκουσιν,
934 1600 1186 1669 μένοντες
1218 1599 1305 1652 διὰ
1341 1601 1541 1664 παντὸς
1569 1600 1749 1672 ἀδιόρο

161 1690 364 1745 Θωτοι.

240 1814 337 1867 ια’.
375 1815 562 1885 ’ᾼδης
610 1814 709 1869 καί
754 1814 1040 1879 ἀπώλεια,
1075 1816 1305 1884 φανερὰ
1338 1817 1499 1885 παρὰ
1522 1817 1713 1883 Κυρίῳ
1741 1834 1755 1847 ·

161 1902 298 1969 πῶς
346 1906 483 1973 οὐχί
530 1906 628 1958 καί
680 1907 739 1959 αἱ
784 1903 1025 1972 καρδίαι
1078 1903 1195 1958 τῶν
1232 1905 1595 1973 άνθρώπων;
1649 1905 1757 1957 Καὶ

161 1998 355 2050 πάντα
390 1997 457 2051 τά
490 2000 622 2067 ἡμῖν
666 1997 1025 2066 ἀγνοούμενα,
1058 1992 1168 2050 οἷον
1200 1997 1228 2049 ὁ
1271 1997 1482 2066 ἀφανὴς
1507 1996 1668 2059 τόπος
1698 1997 1757 2048 ὲν

158 2080 209 2154 ᾧ
243 2088 391 2157 μετά
418 2088 685 2153 διάζευξιν
718 2086 831 2158 τὴν
863 2088 971 2141 ἀπὸ
1002 2087 1113 2141 τῶν
1164 2089 1431 2157 σωμάτιον
1470 2087 1751 2155 διάγουσιν

161 2180 224 2231 αι.
260 2179 437 2249 ψυχαὶ
466 2181 572 2250 πρὸ
602 2181 700 2251 τῆς
745 2181 1093 2243 ἀναστάσεως
1126 2182 1224 2251 (Ξ),
1258 2182 1350 2233 καὶ
1394 2180 1532 2249 αὐτὴ
1566 2181 1600 2250 ἡ
1648 2179 1756 2233 ἀπὸ

162 2267 312 2321 Θεοῦ
356 2269 631 2331 ἔκπτωσις
690 2270 756 2339 ἢν
815 2270 864 2322 οί
927 2269 1239 2339 ἁμαρτωλοὶ
1296 2270 1752 2340 κατακρίνονται,

162 2359 430 2431 γνώριμα
472 2360 622 2432 παρά
649 2360 724 2431 τῷ
761 2361 868 2415 τῶν
896 2362 1032 2415 ὅλων
1064 2362 1310 2434 Δεσπότῃ
1339 2363 1445 2415 είσί
1467 2380 1481 2395 ο
1511 2362 1606 2415 καὶ
1638 2363 1756 2427 πῶς

160 2452 273 2505 οὐκ
326 2452 614 2506 ἐπίσταται
669 2453 763 2507 καὶ
822 2454 948 2517 τοὺς
998 2455 1104 2507 τῶν
1156 2455 1391 2525 καρδιῶν
1438 2454 1591 2523 ήμῶν
1639 2454 1755 2508 δια-

160 2541 504 2612 λογισμούςς
553 2543 881 2613 Φοϐηθῶμεν
935 2539 1028 2596 οὖν
1066 2542 1173 2596 ἀπὸ
1218 2543 1507 2614 προσώπου
1565 2544 1751 2605 αὐτοῦ,

162 2631 216 2682 oi
281 2633 351 2685 τά
402 2632 613 2701 πονηρά
658 2631 1109 2703 διαλογιζόμενοι,
1165 2632 1242 2696 ὡς
1294 2633 1595 2703 ἐφορῶντος
1660 2633 1757 2688 καὶ

163 2734 371 2773 ταυτα.

245 2844 335 2914 ιβ’.
359 2847 479 2900 Οὐκ
507 2848 805 2916 ἀγαπήσει
829 2850 1193 2917 ἀπαίδευτος
1224 2850 1368 2917 τοὺς
1392 2850 1755 2920 ἐλέγχοντας

176 2938 392 2993 αὐτόν.
427 2939 542 2993 Οὐκ
580 2940 885 2995 ἀσπάσεται
929 2944 957 2995 ὁ
1005 2943 1251 3012 ἀμύητος
1282 2942 1373 2996 τοῦ
1420 2943 1585 2996 καλοῦ
1628 2944 1754 3005 τοὺς

1860 604 1970 659 Deo
2003 616 2211 677 gratam
2253 608 2533 673 festinant,
2579 609 2735 680 quasi
2777 607 2937 678 juxta
3003 605 3258 660 mandata
3313 603 3435 673 ejus

1861 706 2272 761 conversantes,
2300 697 2499 767 diligit.

1929 832 2096 889 Vnus.
2113 835 2200 891 l0.
2230 835 2521 905 Disciplina
2538 836 2849 901 innocentis,
2877 835 3216 907 cognoscitur
3239 850 3271 886 α
3292 847 3433 901 pra:-

1856 928 2111 982 sentibus.
2147 927 2512 997 Simplicioris
2560 939 2613 984 et
2660 945 2687 981 a
2725 928 2933 982 malitia
2997 927 3159 980 soluti
3205 923 3433 985 munita,

1855 1031 1979 1071 cum
2035 1018 2398 1072 inverecunda
2452 1021 2560 1073 sint
2602 1029 2655 1074 et
2714 1019 2990 1083 timenda,
3036 1013 3423 1085 suscipiuntur

1856 1110 2019 1164 etiam
2043 1110 2111 1165 ab
2134 1110 2294 1181 ipsis,
2332 1111 2425 1179 qui
2458 1113 2798 1168 transeundo
2823 1113 2913 1169 illa
2944 1111 3272 1167 audiverint.

1928 1325 2032 1392 Qui
2047 1326 2427 1394 increpationes
2448 1325 2655 1389 odiunt,
2674 1325 3018 1395 ignominiose
3042 1327 3201 1381 vitam
3219 1327 3425 1397 ﬁnierit.

1862 1415 1967 1482 Qui
2015 1416 2306 1471 evidentes
2340 1418 2687 1487 propriorum
2719 1418 3041 1472 delictorum
3086 1420 3428 1490 reprobatio-

1858 1521 1957 1558 nes
1984 1505 2275 1574 objiciunt,
2314 1505 2367 1559 in
2423 1505 2741 1565 turpissima
2793 1520 2889 1559 sua
2930 1508 3284 1576 perversitate
3310 1521 3425 1563 mo-

1858 1595 2088 1663 rientur,
2116 1596 2245 1666 quia
2294 1610 2509 1658 semper
2536 1594 2931 1666 indisciplinati
2972 1602 3280 1652 remanent.

1927 1814 2095 1870 Vens.
2131 1815 2217 1871 il.
2251 1814 2497 1884 Infernus
2527 1823 2577 1870 et
2607 1813 2834 1884 perditio
2869 1818 3140 1881 perspecta
3163 1816 3286 1864 sunt
3314 1808 3426 1865 Do-

1858 1908 1997 1960 mino
2022 1923 2152 1965 :cur
2172 1925 2272 1962 non
2303 1909 2571 1961 hominum
2592 1906 2754 1961 corda
2772 1907 2796 1959 ?
2815 1903 3009 1960 Omnia
3033 1902 3192 1958 nobis
3218 1902 3421 1971 ignota,

1856 2001 2035 2066 qualis
2076 2001 2367 2055 invisibilis
2392 2001 2482 2054 ille
2512 2000 2688 2060 locus.
2718 1999 2773 2052 in
2798 2012 2907 2067 quo
2933 2003 3055 2065 post
3090 1993 3424 2064 disjunctio-

1857 2106 1983 2145 nem
2024 2106 2053 2144 a
2081 2091 2406 2159 corporibus
2436 2098 2489 2143 et
2520 2098 2648 2145 ante
2676 2085 3161 2149 resurrectionem,
3181 2082 3425 2137 habitant

1856 2182 2071 2247 animae,
2109 2183 2216 2235 imo
2246 2190 2300 2237 et
2336 2181 2608 2237 excidium
2642 2196 2671 2234 a
2719 2180 2850 2243 Deo,
2882 2177 2949 2233 ad
2974 2176 3117 2247 quod
3160 2182 3418 2242 peccato—

1858 2290 1943 2329 res
1975 2275 2324 2337 damnantur,
2372 2272 2658 2326 manifesta
2711 2278 2841 2325 sunt
2880 2284 3060 2323 rerum
3093 2272 3421 2320 cunctarum

1861 2362 2091 2417 Domino
2123 2379 2137 2428 ;
2170 2370 2225 2416 et
2279 2361 2554 2432 quomodo
2588 2377 2693 2414 non
2726 2360 2861 2416 st-iet
2895 2357 3260 2428 cogitationes
3288 2369 3417 2407 cor-

1856 2452 2006 2507 dium
2022 2457 2330 2507 nostrorum
2349 2453 2372 2505 ἳ
2393 2451 2890 2506 Contremisramus
2908 2464 3037 2518 ergo
3066 2457 3194 2501 ante
3225 2446 3420 2500 faciem

1854 2543 1975 2613 ejus
2012 2544 2106 2614 qui
2132 2544 2273 2597 mala
2309 2543 2642 2613 cogitamus,
2680 2542 2808 2611 quia
2843 2548 2898 2595 et
2923 2540 3039 2593 llaec
3074 2535 3356 2609 perspicit.

1925 2852 2205 2907 Vens.12.
2241 2850 2677 2917 lndisciplinatus
2726 2866 2830 2903 non
2891 2856 3037 2903 amat
3086 2845 3425 2915 corripientes

1854 2944 2046 3012 ipsum.
2078 2943 2179 3009 Qui
2217 2943 2358 2997 bono
2404 2958 2514 2996 non
2545 2950 2631 2997 est
2674 2942 2947 3004 initiatus,
2987 2942 3425 2994 demonstrantes

172 3047 313 3098 φανε
324 3031 677 3101 ροποιοῦντας
701 3031 848 3103 αὑτῷ
873 3032 942 3085 τὰ
960 3033 1149 3097 κακῶς
1165 3033 1603 3105 διαπραττόμενα
1620 3035 1750 3104 παρ’

1854 3037 1955 3108 ipsi
1981 3052 2101 3108 qua:
2138 3036 2280 3091 male
2333 3035 2625 3106 peregerit,
2650 3033 2966 3104 neutiquam
3017 3030 3424 3101 complectitur.

163 3121 360 3176 αὐτοῦ.

244 3248 407 3302 Μετὰ
434 3247 503 3301 δὲ
541 3246 751 3318 σοφῶν
791 3249 904 3317 οὐχ
957 3247 1258 3317 ὁμιλήσει.
1306 3249 1415 3301 Καὶ
1463 3249 1602 3320 μετὰ
1641 3250 1752 3303 τῶν

167 3336 580 3404 διασαφούντων
596 3336 743 3407 αὐτῷ
768 3338 828 3391 τὸ
857 3337 1019 3391 καλὸν
1068 3339 1128 3392 οὐ
1152 3338 1493 3408 συλλαλήσει,
1514 3340 1590 3402 ὡς
1614 3342 1751 3410 μήτε

166 3431 271 3501 τὴν
298 3432 391 3485 τοῦ
423 3431 594 3486 κακοῦ
625 3432 824 3503 φυγὴν,
858 3433 999 3505 μήτε
1026 3433 1126 3505 τὴν
1146 3432 1242 3487 τοῦ
1270 3434 1435 3488 καλοῦ
1464 3434 1752 3506 ἐπιτυχίαν

169 3520 380 3576 ποθῶν.

247 3649 337 3720 ιγ’.
369 3652 629 3719 Καρδίας
649 3653 1147 3723 εὐφραινομέγης,
1170 3654 1380 3711 θάλλει
1402 3655 1747 3723 πρόσωπον.

169 3742 281 3796 Τοῦ
324 3742 466 3797 κατὰ
497 3744 596 3813 τὴν
626 3744 1018 3814 κεκρυμμένην
1062 3744 1303 3800 διάθεσιν
1343 3746 1445 3813 τῆς
1486 3744 1686 3814 ψυχῆς,
1714 3743 1748 3813 ἢ

170 3834 268 3888 ἐπὶ
300 3835 414 3898 τοῖς
438 3834 548 3888 τῶν
574 3838 927 3907 προσκαίρων
953 3837 1158 3907 ἡδέσιν,
1189 3837 1222 3908 ἢ
1257 3840 1325 3905 τῇ
1360 3836 1470 3889 τῶν
1516 3836 1749 3890 αἰωνίων

169 3923 395 3991 ἀγαθῶν
439 3924 611 3978 ἑλπίδι
658 3925 1027 3996 ἀγαλλομένου
1094 3926 1293 3997 φαιδρά
1345 3927 1379 3997 ἡ
1448 3926 1572 3994 ὄψις
1611 3924 1747 3979 καθ-

170 4015 504 4087 ictuum-rip
529 4015 676 4069 ἔνδον
697 4016 886 4070 τούτου
909 4017 1389 4089 χαρακτηρίζουσα
1405 4016 1743 4087 ἀγαλλίασιν.

254 4136 352 4190 Ἐν
376 4135 445 4189 δὲ
478 4136 700 4203 λύπαις
727 4137 938 4205 οὔσης,
973 4136 1401 4205 σκυθρωπάζει.
1428 4135 1536 4190 Τοῦ
1565 4137 1609 4191 δ’
1649 4131 1748 4191 αὖ·

171 4226 259 4290 Θις
283 4226 427 4281 κατά
454 4226 516 4280 τὸ
554 4226 817 4298 κρυπτὸν,
849 4226 948 4280 εἰτ’
992 4228 1084 4281 ἐπὶ
1112 4230 1225 4290 τοῖς
1256 4228 1368 4283 τῶν
1395 4229 1747 4299 προσκαίρων

169 4321 434 4389 ἀνιαροῖς,
470 4319 577 4373 είτε
608 4319 686 4389 τῷ
719 4319 869 4390 φόϐῳ
905 4319 1015 4373 τῶν
1060 4320 1434 4391 ἀτελευτήτων
1468 4320 1746 4375 κολάσεων

1926 3258 2058 3314 Cum
2080 3259 2400 3327 sapientibus
2438 3272 2727 3312 sermonem
2762 3273 2863 3311 non
2895 3256 3123 3311 habebit.
3151 3256 3286 3311 Cum
3325 3270 3425 3311 ex-

1854 3351 2208 3419 planantibus
2240 3350 2341 3420 ipsi
2361 3351 2587 3416 bonum,
2615 3363 2724 3403 non
2763 3349 3128 3418 colloquetur,
3167 3346 3295 3415 quia
3325 3360 3427 3401 nec

1852 3442 2037 3512 fugere
2066 3458 2097 3497 a
2134 3442 2276 3496 malo
2312 3456 2413 3496 nec
2448 3441 2718 3511 attingere
2740 3439 2809 3495 ad
2864 3439 3089 3504 bonum,
3120 3437 3422 3495 desiderat.

1922 3658 2087 3714 Vens.
2125 3658 2210 3712 15.
2241 3655 2411 3712 Corde
2435 3656 2667 3717 (tutante,
2695 3653 2926 3725 ﬂorescit
2956 3651 3154 3711 vultus.
3196 3650 3421 3720 Siquis.

1846 3751 2000 3821 juxta
2050 3750 2326 3803 obtectum
2368 3748 2562 3801 animae
2600 3746 2867 3806 habitum,
2895 3743 2977 3795 vel
3014 3740 3081 3795 de
3110 3737 3427 3809 temporali-

1853 3844 1954 3897 bus
1998 3840 2281 3909 jncundis,
2327 3838 2410 3891 vel
2454 3837 2521 3890 de
2553 3836 2746 3889 fiducia
2778 3834 3044 3887 bonorum
3094 3838 3425 3884 aeternorum

1851 3927 2178 3998 congaudet.
2206 3924 2524 3996 perlucidus
2548 3923 2669 3991 ejus
2696 3930 2951 3992 aspectus
2989 3920 3263 3974 internum
3291 3931 3427 3988 gau-

1849 4019 1999 4075 dium
2022 4017 2090 4071 ad
2122 4018 2301 4071 vivum
2327 4014 2633 4085 exprimit..

1918 4142 1984 4197 In
2022 4141 2302 4206 dolorosis,
2341 4141 2706 4197 obnubilatur.
2740 4137 2974 4201 Rursus,
3009 4136 3054 4192 si
3083 4134 3206 4205 quis
3260 4132 3423 4203 juxta

1848 4241 2053 4289 statum
2116 4249 2274 4288 suum
2334 4230 2743 4293 absconditum,
2794 4228 2876 4283 vel
2917 4232 2985 4283 de
3040 4224 3424 4296 temporalium

1848 4322 2055 4377 odiosis
2078 4322 2161 4377 vel
2188 4320 2255 4375 de
2279 4321 2475 4375 timore
2499 4320 2839 4375 inflnltorum
2876 4323 3274 4372 tormentorum
3291 4312 3426 4367 afﬂi-

171 4410 474 4481 ἀνιωμένου
527 4410 770 4481 κατηφὲς
801 4411 1033 4481 ὑπάρχει
1061 4410 1122 4464 τὸ
1152 4412 1444 4482 πρόσωπον
1470 4452 1487 4477 ,
1525 4412 1624 4483 τὴν
1656 4413 1747 4466 ὲνσ

1854 4423 2058 4478 clatur,
2097 4414 2310 4468 tristem
2344 4413 2507 4467 habet
2532 4411 2764 4474 vultum,
2785 4408 2875 4478 qui
2909 4407 3175 4471 dolorem,
3196 4419 3263 4459 ex
3295 4400 3424 4457 imis

168 4499 513 4572 δομυχοῦσαν
564 4504 631 4574 τῇ
656 4500 802 4573 ψυχῇ
857 4502 1025 4557 αὐτοῦ
1064 4501 1245 4573 λύπην
1294 4504 1535 4573 προάγον
1564 4504 1644 4567 είς
1685 4504 1749 4557 τὸ

170 4590 441 4663 ἐμφανές.

246 4715 307 4769 ιδ’
314 4758 327 4774 .
357 4715 583 4785 Καρδία
612 4714 757 4784 ὀρθή
779 4714 939 4783 ζητεῖ
959 4717 1272 4786 αἴσθησιν.
1317 4716 1382 4770 Ἠ
1413 4717 1549 4789 πρὸς
1576 4717 1635 4771 τὸ
1656 4717 1748 4771 εὗ-

171 4807 266 4872 θὲς
297 4808 483 4877 ὁρῶσα
511 4806 677 4877 ψυχὴ,
715 4807 932 4861 σπεύδει
958 4808 1058 4877 τὴν
1091 4808 1187 4861 τοῦ
1214 4808 1380 4861 καλοῦ
1408 4809 1502 4860 καὶ
1526 4808 1618 4861 τοῦ
1647 4826 1747 4862 κα-

170 4899 272 4953 κοῦ
298 4900 568 4969 διάκρισιν
598 4899 903 4969 κτήσασθαι
930 4941 945 4966 ,
974 4900 1060 4953 ἵνα
1084 4900 1158 4972 μὴ
1181 4900 1276 4954 τοῦ
1303 4899 1467 4953 κα.λοῦ
1494 4900 1554 4954 τὸ
1579 4900 1746 4953 κακὸν

169 4994 527 5062 προαιρῆται,
552 4989 716 5043 καλὸν
739 4990 899 5045 τοῦτο
930 4990 1245 5062 νομίζουσα.

243 5136 442 5204 Στόμα
486 5134 555 5188 δὲ
585 5135 958 5190 ἀπαιδεύτων
1010 5133 1171 5202 ζητεῖ
1211 5134 1386 5190 κακά.
1434 5135 1515 5189 Τὰ
1545 5135 1602 5189 δὲ
1644 5136 1746 5208 ρη-

173 5241 322 5295 ματα
366 5225 477 5279 τῶν
508 5226 583 5296 μὴ
626 5226 980 5296 διδαχθέντων
1023 5228 1086 5281 τὸ
1141 5228 1343 5296 ἀγαθὸν
1382 5228 1519 5299 πρὸς
1564 5228 1747 5299 ἐριδας

171 5316 268 5370 καὶ
306 5320 486 5387 μάχας
516 5316 818 5385 ιπιίγεται.

245 5449 328 5500 ιε’.
358 5442 563 5498 Πάντα
602 5443 708 5498 τὸν
742 5442 965 5513 χρόνον
989 5442 1043 5496 οι
1069 5439 1359 5512 ὀφθαλμοί
1387 5439 1507 5496 τῶν
1543 5443 1746 5497 κακῶν

1854 4506 2051 4560 anima!
2080 4505 2411 4569 secessibus,
2444 4504 2497 4558 in
2530 4509 2780 4574 apertum
2808 4496 3085 4570 producit.

1923 4722 2089 4778 Vens.
2125 4722 2215 4777 Η.
2241 4720 2348 4775 Cor
2380 4726 2599 4781 rectum,
2630 4716 2820 4786 quozrit
2873 4730 3102 4770 sensum.
3146 4713 3280 4780 Quae
3331 4710 3423 4782 ju-

1852 4822 1999 4869 stum
2036 4813 2264 4883 respicit
2303 4810 2508 4874 anima,
2547 4809 2626 4863 ad-
2664 4808 2964 4864 discrimen
3021 4807 3168 4862 inter
3206 4806 3412 4860 bonum

1851 4917 1905 4961 et
1939 4906 2138 4957 malum
2193 4901 2586 4973 acquirendum
2646 4908 2922 4969 properat,
2956 4915 3046 4963 ne,
3097 4897 3229 4953 boni
3276 4896 3420 4957 loco.

1849 4999 2051 5054 malum
2091 4997 2362 5069 praeferat,
2393 4994 2538 5066 quod
2570 4995 2758 5049 forsan
2786 4993 2990 5049 bonum
3019 4997 3259 5063 putaret.

1921 5141 1994 5199 0s
2027 5141 2564 5211 indisciplinatorunt,
2584 5139 2774 5208 qucrit
2800 5139 2968 5193 mala.
2997 5134 3169 5189 Verba
3205 5147 3419 5197 eorum,

1849 5230 1943 5300 qui
1978 5230 2180 5285 bonum
2242 5245 2351 5285 non
2400 5228 2740 5295 didicerunt,
2799 5228 2868 5284 ad
2916 5223 3319 5297 disputationes
3364 5230 3422 5281 et

1849 5336 2058 5393 pugnas
2085 5319 2368 5378 festinant.

1924 5446 2086 5503 Vsus.
2115 5446 2203 5503 15.
2237 5446 2396 5505 Omni
2429 5456 2681 5518 tempore,
2708 5445 2848 5501 oculi
2876 5443 3137 5499 malorum
3161 5440 3417 5509 recipiunt

1680 5620 1917 5680 NOTAi.

240 5736 321 5808 t2)
353 5734 603 5808 Procopii
634 5744 794 5793 aetate
823 5738 1063 5793 nondum
1092 5746 1211 5795 erat
1247 5738 1400 5795 ﬁrme
1430 5740 1500 5794 ab
1544 5739 1732 5795 Eccle-

1840 5752 1965 5797 ante
2000 5756 2291 5811 corporum
2322 5739 2783 5811 resurrectionem
2814 5748 2916 5807 pro
2942 5732 3139 5790 merito
3166 5733 3249 5789 vel
3305 5748 3407 5805 pu-

172 5805 500 5876 simjudicio
533 5805 755 5866 definita
803 5810 1071 5866 sententia
1101 5810 1168 5867 de
1211 5811 1500 5867 animabus
1560 5810 1722 5867 etiam
1831 5811 2043 5869 niendis
2070 5805 2151 5868 vel
2187 5811 2410 5882 praemio
2468 5807 2791 5864 alliciendis.
