4054 6556
615 411 751 476 1375
1900 405 2249 467 PROCOPII
2279 405 2521 465 GAZAEI
3738 389 3887 455 1376

612 522 782 577 mata.
816 521 917 576 Per
946 535 1161 576 omnem
1209 520 1399 583 vitam,
1430 518 1578 575 oculi
1617 532 1809 575 eorum
1859 519 1952 588 qui
1993 528 2179 573 contra
2212 576 2213 580 η

2285 516 2723 585 προσδέχονται
2750 512 2926 567 κακά.
2953 511 3111 582 Παρά
3135 510 3316 565 πᾶσαν
3340 507 3439 578 τὴν
3463 506 3632 576 ζωὴν,
3665 503 3747 557 τὰ
3778 502 3885 569 δμ-

613 614 877 668 rationem
909 618 1095 682 agunt,
1128 611 1245 666 suis
1276 611 1489 666 actibus
1522 618 1938 665 consentancam
1962 623 2176 679 poenam

2289 625 2440 676 ματα
2496 608 2604 659 τῶν
2646 605 2713 659 τά
2754 604 3039 677 παράλογα
3080 600 3562 673 διαπραττομένων
3592 595 3889 668 τιμωρίαν

614 706 906 773 recipiunt,
942 702 1227 772 strepitum
1258 702 1670 771 sempiternum.

2284 699 2547 767 ἀνάλογον
2596 700 2716 761 ταῖς
2764 695 3041 759 τοιαύταις
3093 693 3402 763 ἐκδέχονται
3455 689 3734 762 πράξεσιν
3792 686 3885 740 διὰ

2281 789 2484 851 παντὸς
2514 786 2741 859 οορυὸού
2751 803 2906 856 μενα.

686 894 819 948 Boni
866 905 1040 948 autem
1078 909 1279 963 semper
1303 893 1648 961 requiescunt.
1672 890 1776 958 Qui
1808 890 1946 946 bene
1988 898 2178 961 agunt,

2355 901 2419 951 Οἱ
2448 896 2515 949 δὲ
2543 895 2750 965 ἀγαθοί
2785 892 3157 962 ἡσυχάζουσι
3180 889 3531 954 διαπαντός.
3563 888 3631 941 Ol.
3650 887 3701 941 δ’
3732 884 3880 953 ἀγα-

613 986 991 1057 imperturbati
1023 1001 1247 1055 prorsus
1272 992 1461 1041 erunt.

2281 984 2652 1056 Θοεργοῦντες,
2685 985 2950 1055 ἀτάραχοι
2986 982 3052 1036 δι’
3083 982 3206 1035 ὅλου
3233 982 3617 1051 τυγχάνουσιν.

687 1095 846 1150 Vsus.
878 1095 964 1148 16.
998 1094 1186 1148 Melior
1218 1103 1295 1148 est
1332 1110 1455 1162 pars
1488 1092 1660 1146 minor
1697 1108 1813 1145 cum
1858 1091 2043 1144 timore
2073 1089 2183 1144 Do-

2356 1092 2449 1159 ις’.
2482 1094 2796 1160 Κρείσσων
2820 1090 3004 1161 μικρὰ
3028 1091 3198 1160 μερὶς
3222 1089 3373 1159 μετὰ
3397 1090 3591 1158 φόϐου
3615 1086 3873 1155 Kvpt'ov.

613 1185 761 1239 mini.
817 1185 1101 1239 Pulchrior
1142 1194 1225 1239 est
1290 1186 1422 1240 levis
1473 1198 1636 1253 opum
1693 1185 1869 1254 portio
1898 1199 2021 1239 cum
2072 1185 2181 1240 Do-

2288 1183 2537 1238 Καλλίων
2589 1183 2705 1235 ἐστὶ
2745 1182 2972 1251 βραχεῖα
3026 1182 3323 1251 χρημάτων
3371 1181 3672 1249 ἀπόμοιρα,
3730 1178 3876 1245 μετα

611 1276 745 1329 mini
775 1277 969 1331 timore
996 1276 1089 1345 qui
1120 1275 1425 1329 necessaria
1454 1275 1725 1342 concedit,
1764 1282 1819 1330 et
1868 1276 2178 1345 cupidinem

2284 1276 2428 1329 Θείου
2450 1275 2638 1344 φόϐου,
2685 1273 3092 1343 συγχωροῦντος
3131 1274 3227 1342 μὲν
3257 1273 3317 1326 τὸ
3348 1272 3633 1342 χρειῶδες,
3666 1270 3781 1341 τὴν
3820 1268 3876 1321 δὲ

613 1367 868 1432 habendi,
902 1382 931 1421 a
962 1374 1140 1421 mente
1172 1366 1415 1421 dimittit.

2282 1368 2689 1437 φιλοχρήματον
2718 1366 3134 1428 ἀναστέλλοντος
3173 1363 3418 1434 γνώμην.

681 1470 853 1539 Quam
894 1474 1127 1528 thesauri
1160 1475 1338 1543 magni
1371 1473 1564 1542 absque
1593 1474 1798 1528 timore.
1831 1473 2030 1527 Contra
2061 1488 2178 1539 eos,

2350 1478 2420 1530 Ἦ
2450 1474 2741 1543 θησαυροί
2771 1472 3013 1543 μεγάλοι
3034 1473 3183 1541 μετὰ
3209 1472 3485 1541 ἀφοϐίας.
3529 1470 3709 1542 ’Υπὲρ
3738 1468 3876 1530 τοὺς

612 1565 704 1634 qui
742 1563 948 1617 ditandi
974 1571 1027 1617 et
1058 1562 1333 1617 dividendi
1365 1562 1659 1632 cupiditate
1710 1563 1884 1630 (unllo
1925 1564 2084 1617 modo
2112 1564 2181 1617 ti-

2282 1566 2640 1637 πλεονεκτικῇ
2671 1566 2965 1635 Ἶδιαιρέσει,
2999 1566 3092 1619 καὶ¹
3140 1565 3216 1637 μὴ
3264 1563 3666 1635 συστελλομένη
3713 1560 3876 1629 φόὸῳ

612 1653 751 1706 mori
788 1650 999 1705 Domini
1047 1653 1364 1717 submissa),
1432 1654 1631 1707 multos
1683 1662 1736 1707 et
1790 1669 2014 1724 magnos
2039 1670 2175 1708 con-

2281 1658 2437 1720 Θεοῠ,
2468 1656 2867 1726 συναγομένους
2904 1656 3340 1719 πολυταλάντους
3364 1654 3695 1725 Θησαυροὺς,
3730 1652 3875 1720 ὓλην

612 1742 833 1797 trahunt
861 1743 1165 1805 thesauros,
1218 1742 1498 1795 materiam
1532 1743 1669 1813 ignis
1692 1743 2175 1812 inexstinguibilis.

1692 1743 2175 1812 ilIeXSlinguibiliso
2282 1752 2377 1804 τοῦ
2414 1751 2683 1821 μηδέποτε
2714 1749 3076 1818 σϐεννυμένου
3102 1748 3293 1817 πυρός.

586 1891 594 1898 .
684 1852 844 1905 Vens.
883 1852 968 1904 i7.
1004 1848 1195 1903 Melius
1219 1860 1296 1903 est
1320 1849 1603 1919 hospitium
1625 1850 1825 1904 olerum
1881 1868 1999 1906 cum
2041 1856 2177 1907 ami-

2353 1860 2438 1924 ιζ’.
2474 1860 2786 1926 Κρείσσων
2824 1856 3110 1923 ξενισμὸς
3152 1854 3440 1923 λαχάνων
3467 1852 3617 1919 πρὸς
3644 1851 3873 1919 φιλίαν

610 1946 736 1998 citia
759 1954 805 1998 et
836 1946 1028 2014 gratia.
1082 1943 1370 1998 Pulehrius
1395 1950 1449 1998 et
1497 1942 1880 1998 dumicmniutn
1930 1947 2180 2016 simplex,

2284 1951 2379 2002 καί
2415 1948 2612 2016 χάριν.
2639 1948 2758 1999 Ἔτι
2783 1964 2840 1999 τε
2865 1944 3102 1998 καλλίων
3126 1946 3275 1995 ἐστὶν
3298 1940 3523 2008 εὐτελὴς
3540 1940 3746 1995 δίαιτα.
3782 1937 3873 1987 λά-

608 2039 755 2092 olera
786 2038 897 2091 sola
928 2036 1123 2105 hospiti
1179 2051 1279 2090 suo
1325 2037 1376 2089 in
1427 2036 1608 2091 cibum
1656 2037 1925 2107 apposita,
1959 2037 2093 2093 adeo
2123 2050 2182 2095 ut

2284 2056 2421 2109 χανα
2452 2039 2586 2108 μόνα
2618 2039 2695 2097 είς
2738 2036 2979 2088 ἑστίασιν
3031 2033 3180 2098 ξένου
3214 2034 3367 2101 παρὰ
3412 2048 3558 2091 τινος
3603 2027 3870 2099 προτιθέ-

610 2129 712 2197 ipsi
736 2129 845 2181 sint
882 2136 1033 2198 grata
1060 2136 1110 2181 et
1136 2142 1374 2182 amorem
1411 2126 1726 2191 concilient,

2285 2146 2441 2198 μενα,
2476 2128 2617 2180 ὥστε
2644 2128 2819 2197 τούτῳ
2845 2124 3172 2197 χαρίσασθαι
3192 2125 3287 2177 καὶ⁸
3307 2122 3406 2193 τὴν
3440 2122 3660 2190 ἀγάπην
3688 2117 3866 2173 αὐτοῦ

2282 2219 2609 2289 κτήσασθαι.

678 2326 849 2392 Quam
884 2328 1077 2382 vitulus
1103 2345 1136 2381 a
1163 2328 1382 2397 prwsepi
1419 2344 1536 2382 cum
1561 2328 1702 2384 odio.
1748 2329 1920 2394 Quam
1975 2332 2179 2387 vitulus

2357 2328 2433 2382 Ἢ
2445 2327 2682 2395 μόσχος
2705 2325 2824 2379 ἀπὸ
2849 2324 3080 2393 φάτνης
3103 2323 3255 2393 μετὰ
3278 2322 3519 2389 ἔχθρας.
3553 2320 3625 2372 Ἦ
3656 2319 3866 2389 μόιῖος

609 2420 948 2485 saginatusa
1010 2417 1235 2487 przesepi
1297 2432 1421 2471 cum
1478 2417 1624 2481 odio,
1677 2417 1727 2471 id
1785 2427 1886 2482 est,
1930 2418 2180 2489 ﬁngentis

2284 2420 2526 2483 σιτευτὸς
2555 2418 2663 2472 ἀπὸ
2690 2419 2896 2488 φάτνης
2919 2417 3057 2487 μετά
3082 2416 3275 2484 μίσους
3297 2414 3393 2465 τοῦ
3422 2412 3860 2481 ύποκρινομένου

606 2503 830 2556 omnino
863 2517 1126 2565 amorem.
1168 2512 1225 2557 ut
1261 2505 1478 2558 occulte
1515 2504 1691 2559 inviso
1745 2505 1945 2576 hospiti
2006 2505 2181 2577 quod-

2281 2511 2498 2573 πάντως
2526 2511 2767 2579 ἀγάπην,
2799 2508 2934 2579 πρὸς
2958 2508 3019 2560 τό
3042 2506 3246 2577 βλάϐην
3269 2504 3393 2558 τινὰ
3420 2503 3498 2573 τῷ
3539 2501 3860 2573 μισουμένης)

605 2593 728 2647 dam
759 2593 1145 2648 detrimentum
1183 2594 1406 2649 inferat.

1355 2603 1406 2649 .t.
2280 2598 2583 2667 λεληθότως
2615 2600 2956 2666 ἐπενεγκεῖν.

678 2698 843 2755 Vsus.
880 2699 966 2754 18.
1032 2698 1123 2753 Vir
1161 2700 1455 2755 iracundus
1480 2716 1749 2769 praeparat
1790 2718 2041 2773 pugnam.
2073 2704 2177 2770 Qui

2351 2713 2441 2778 ιη’.
2479 2707 2651 2775 Ἀνὴρ
2676 2705 2951 2776 θυμώδης
3012 2702 3447 2772 παρασκευάζει
3467 2702 3693 2769 μάχην.
3728 2702 3855 2752 Ἀνο

605 2792 713 2847 cito
747 2792 798 2845 in
850 2793 983 2846 iram
1032 2802 1282 2847 movetur
1316 2794 1638 2865 plerumque
1687 2811 1896 2865 pugnas
1959 2796 2014 2848 in
2061 2797 2177 2849 ani-

2281 2797 2498 2869 θρωπος
2536 2797 2702 2863 ὀξέως
2751 2798 3070 2866 κινούμενος
3109 2796 3242 2865 πρὸς
3297 2794 3491 2865 θυμὸν,
3546 2795 3856 2847 ύπανάπτει

606 2883 802 2938 mabus
838 2882 1103 2938 incendit.

2284 2891 2464 2960 μάχας
2490 2892 2609 2952 ταῖς
2637 2890 2834 2959 ψυχαῖς
2863 2888 2972 2941 τῶν
3004 2887 3236 2942 πολλῶν.

677 2991 1012 3063 Longanimis
1036 3002 1209 3047 autem
1232 3003 1280 3047 et
1297 2993 1634 3047 exoriendam
1652 2994 1819 3050 sedat.
1839 2994 1938 3061 Qui
1968 2995 2177 3051 ratioite

2349 3000 2739 3066 Μακρόθυμος
2772 2999 2840 3051 δὲ
2872 2998 2969 3050 καί
2994 2997 3106 3063 τὴν
3128 2996 3485 3065 μέλλουσαν
3508 2996 3845 3062 καταπραῦο

606 3083 741 3138 iram
778 3084 1040 3145 duminat,
1074 3092 1127 3138 et
1155 3098 1316 3153 quam
1350 3084 1647 3141 iracundus
1686 3086 1739 3139 in
1778 3086 1895 3155 ipso
1949 3087 2173 3155 jamjam

2278 3105 2387 3144 νει.
2436 3092 2491 3142 'U
2520 3088 2574 3141 δὲ
2604 3088 2748 3157 λόγῳ
2778 3090 2994 3159 κρατῶν
3020 3090 3114 3140 τοῦ
3150 3086 3349 3156 θυμοῦ,
3379 3087 3473 3139 καὶ
3505 3087 3572 3155 ἥν
3617 3088 3645 3138 ὁ
3672 3086 3855 3155 θυμώ-

605 3176 881 3239 exeitavit,
934 3190 1193 3245 pugnam,
1242 3175 1413 3243 sistit,
1447 3176 1704 3247 illiusque
1742 3176 1877 3231 iram
1944 3192 2040 3232 sua
2084 3192 2178 3246 pa-

2281 3178 2376 3247 δης
2416 3178 2598 3246 μέλλει
2628 3181 2685 3231 ὲν
2720 3180 2895 3248 τούτῳ
2924 3179 3189 3249 διεγεῖραι
3224 3178 3427 3247 μάχην,
3470 3176 3850 3242 καταστέλλει,

609 3264 794 3318 tientia
824 3263 1113 3320 demulcet.

2279 3275 2344 3341 τῇ
2383 3271 2488 3341 ίδίᾳ
2541 3272 2863 3342 ἀνεξικακίᾳ
2904 3270 2998 3325 καὶ
3039 3271 3131 3322 τὸν
3177 3270 3387 3322 ἐκείνου
3446 3268 3853 3339 καταπραΰνων

2280 3361 2471 3429 Θυμόν.
3161 3409 3171 3417 .

685 3466 846 3520 Vens.
870 3465 952 3520 l9.
982 3466 1074 3519 Vir
1090 3467 1402 3535 longanimis
1424 3468 1716 3537 exstinguet
1732 3469 1923 3538 ignem.
1944 3468 2044 3534 Qui
2081 3485 2175 3539 po-

2347 3469 2736 3535 Μακρόθυμος
2785 3467 2941 3534 ἀνὴρ
2975 3464 3335 3519 κατασϐέσει
3369 3465 3509 3533 πῦρ.
3556 3465 3616 3518 '0
3641 3464 3738 3518 τοῦ
3759 3464 3850 3517 Gu-

605 3568 727 3612 tens
755 3567 833 3613 est
868 3558 981 3621 iraa,
1009 3567 1062 3612 et
1085 3559 1306 3614 viriliter
1331 3558 1604 3622 dolorosa,
1639 3560 1707 3613 ab
1735 3560 1842 3613 alio
1871 3561 1974 3614 sibi
2004 3561 2174 3627 illata,

2280 3559 2380 3629 μού
2428 3558 2880 3622 κατεξουσιάζων,
2930 3558 3026 3610 καὶ
3076 3557 3339 3623 γενναίως
3386 3556 3664 3625 φέρωντά

606 3645 864 3708 sustinet,
897 3650 1267 3704 dissensiones
1316 3666 1439 3705 cum
1466 3664 1529 3705 eo
1566 3650 1809 3716 dirimit;
1861 3653 2177 3709 adamanter

2274 3666 2418 3711 τινος
2439 3650 2757 3718 ὲπαγόμενα
2784 3648 3024 3717 λυπηρὰ,
3052 3647 3149 3710 τὰς
3179 3647 3295 3717 μετ’
3318 3647 3483 3699 αὐτοῦ
3512 3647 3848 3701 καταπαύσει

606 3739 758 3793 illum
790 3737 925 3793 adiit
957 3748 1010 3793 et.
1036 3738 1102 3793 ad
1138 3740 1397 3809 paciﬁcas
1439 3739 1718 3810 pactiones
1752 3743 1919 3797 venit.

2275 3737 2561 3802 διενέξεις,
2614 3737 2889 3806 μετελθὼν
2920 3738 3109 3791 τοῦτον
3159 3737 3372 3807 φιλίως,
3408 3738 3503 3790 καὶ
3539 3740 3617 3801 εἰς
3650 3741 3851 3807 εἰρηνι-

2276 3828 2377 3892 κὰς
2407 3846 2470 3881 συ
2480 3827 2767 3894 μὸιϐάσεις
2802 3827 2994 3883 ἑλοὼν.

679 3941 883 4009 Impius
914 3950 1089 3993 autem
1142 3940 1341 3993 excitat
1390 3940 1579 4010 magis.
1655 3938 1790 3995 Cum
1862 3941 2175 3996 mandatum

2355 3936 2410 3988 Ὀ
2466 3934 2536 3988 δὲ
2578 3936 2805 4001 ἀσεϐὴς
2846 3935 3042 4004 ἐγείρῃ
3078 3933 3341 4003 μᾶλλον.
3378 3934 3437 3987 '0
3463 3934 3520 3987 δὲ
3563 3935 3649 3986 διὰ
3688 3934 3747 3987 τὸ
3776 3933 3846 4004 μὴ

607 4032 906 4088 charitates
933 4046 1037 4083 non
1068 4030 1366 4094 custodiat,
1406 4029 1571 4084 Deum
1611 4045 1719 4084 non
1757 4030 2007 4094 honoret,
2057 4048 2172 4085 ma-

2274 4028 2461 4099 τηρεῖν
2509 4028 2607 4097 τὴν
2645 4027 2866 4098 ἐντολὴν
2912 4028 3012 4095 τῆς
3056 4026 3298 4096 ἀγάπης,
3339 4026 3472 4078 Θεὸν
3528 4027 3602 4095 μὴ
3652 4026 3844 4096 τιμῶν,

606 4122 691 4193 gis
721 4122 968 4176 ascendit
991 4128 1044 4173 et
1065 4134 1296 4189 pugnas,
1327 4120 1450 4189 quia
1484 4120 1857 4175 indesinenter
1911 4120 2173 4189 decertat,

2276 4118 2550 4189 ύπανὰψει
2580 4119 2781 4188 μᾶλλον
2816 4118 2914 4180 τὰς
2948 4118 3239 4189 διαμάχαις,
3288 4117 3608 4186 φιλονεικῶν
3643 4117 3848 4171 datati-

605 4218 661 4267 et
689 4224 840 4265 suam
868 4209 1112 4263 stabilire
1147 4194 1341 4278 quaerit
1366 4208 1718 4263 voluntatem.

2276 4229 2512 4272 παυστα,
2548 4212 2643 4263 καὶ
2678 4209 2872 4280 στῆσαι
2901 4209 3078 4279 ζητῶν
3110 4211 3167 4263 τὸ
3191 4208 3385 4263 ἑαυτοῦ
3413 4209 3624 4279 θέλημα

688 4316 797 4371 Via:
847 4318 1115 4386 pigrorum
1172 4324 1482 4370 sternuntur
1529 4317 1717 4383 spinis.
1782 4316 1987 4372 Bonum
2063 4334 2172 4374 non

2349 4319 2435 4373 ιϐ’.
2462 4317 2609 4372 Ὀδοί
2635 4317 2881 4386 ἀεργῶν,
2906 4318 3270 4385 ἐστρωμέναι
3294 4315 3605 4382 ἀκάνθαις.
3633 4314 3753 4367 Τῶν
3776 4315 3848 4385 μὴ

604 4406 982 4475 operantibus,
1024 4405 1152 4459 vitae
1180 4404 1361 4459 exitus
1402 4405 1591 4474 repleti
1621 4413 1749 4460 sunt
1774 4406 1922 4460 curis
1971 4414 2027 4462 et
2080 4424 2176 4462 au-

2276 4410 2656 4480 ὲργαζομένων
2705 4408 2765 4462 τὸ
2801 4408 3003 4477 ἀγαθὸν
3045 4409 3101 4459 αί
3166 4406 3387 4471 διέξοδοι
3423 4406 3526 4476 τῆς
3574 4406 3720 4477 ζωῆς
3754 4423 3850 4458 πει

603 4496 918 4560 xietatibus,
958 4511 1079 4565 qum
1113 4497 1476 4565 undecunque
1518 4512 1635 4565 eos,
1666 4498 1950 4569 spinarum
2002 4516 2204 4564 more,-

2243 4536 2251 4577 μ
2278 4502 2383 4571 πλη
2394 4500 2635 4571 ρωμέναι
2661 4500 2769 4552 εἰσὶ
2802 4498 3083 4569 μεριμνῶν
3116 4497 3212 4551 καὶ
3237 4497 3554 4566 φροντίδων,
3586 4495 3844 4565 πανταχό-

603 4589 852 4644 dolenter
884 4595 1150 4658 pungunt.

2280 4593 2369 4646 οεν
2399 4592 2594 4653 αὐτοὺς
2623 4591 2780 4659 δίκην
2804 4588 3055 4642 ἀκανθῶν
3085 4587 3351 4655 ἀλγεινῶς
3380 4585 3840 4640 κατακεντουσῶν.

673 4696 1053 4753 Generosorum
1079 4709 1275 4764 autem,
1315 4699 1519 4770 faciles.
1548 4699 1661 4756 Viae
1689 4700 1933 4766 fortium,
1973 4703 2063 4772 qui
2089 4703 2170 4756 la-

2346 4703 2416 4753 Αί
2438 4698 2506 4751 δὲ
2538 4697 2656 4752 τῶν
2678 4697 2989 4765 ἀνδρείων,
3019 4696 3195 4750 λεῖαι.
3233 4698 3296 4749 Αἱ
3338 4696 3394 4748 δὲ
3417 4696 3527 4749 τῶν
3566 4694 3842 4763 γενναίων,

601 4787 753 4844 horis
790 4806 932 4846 onus
954 4806 1050 4845 sua
1081 4792 1285 4846 virtute
1318 4794 1538 4858 tollunt,
1576 4794 1644 4847 ab
1676 4793 1761 4849 his
1795 4796 2050 4850 omnibus
2076 4810 2171 4849 ex-

2278 4788 2374 4843 καὶ
2400 4788 2476 4859 τῷ
2511 4787 2752 4861 ὲπιπόνῳ
2769 4787 3250 4858 ἐγκαρτερούντων
3278 4788 3380 4857 τῆς
3405 4788 3630 4857 ἀρετῆς,
3663 4785 3844 4839 πασῶν

605 4879 937 4949 pediuntur;
987 4882 1040 4935 in
1092 4881 1257 4949 Deum
1303 4884 1448 4939 enim
1484 4886 1663 4940 solum
1704 4901 1858 4940 suam
1900 4896 2171 4958 reponunt

2276 4880 2480 4934 τούτων
2517 4880 2933 4950 ἀπηλλαγμέναι
2963 4880 3120 4940 εἰσὶν,
3144 4879 3220 4943 ὡς
3249 4878 3370 4946 Θεῷ
3404 4879 3548 4948 μόνῳ
3586 4875 3848 4947 ἀναθεμέτ

606 4969 1047 5026 sollicitudinem.

2278 4991 2382 5026 νων
2413 4972 2509 5044 τὴν
2541 4972 2668 5045 περὶ
2700 4973 2899 5035 αὐτοὺς
2930 4972 3223 5043 μέριμναν.

676 5076 840 5134 Vens.
868 5079 958 5134 20.
988 5078 1160 5134 Filius
1188 5082 1396 5148 sapiens
1427 5084 1666 5151 la'tiﬁcat
1694 5092 1920 5153 patrem.
1952 5084 2106 5150 Quod
2140 5100 2169 5139 a

2347 5079 2416 5136 κ’.
2447 5079 2577 5147 Υἱὸς
2627 5081 2819 5150 σοφὸς
2864 5081 3167 5149 εὐφραίνει
3203 5077 3455 5144 πατέρα.
3498 5078 3571 5149 Ὀ,
3595 5076 3703 5131 ἀπὸ
3735 5075 3844 5138 νοὸς

607 5183 785 5225 mente
811 5181 996 5226 natum
1020 5180 1123 5237 est,
1160 5173 1290 5227 illud
1318 5174 1430 5228 veri
1460 5182 1516 5229 et
1565 5175 1691 5229 boni
1734 5176 1880 5230 haud
1912 5177 2170 5246 ignorans

2276 5166 2614 5243 τικτόμενος,
2660 5175 2980 5243 ἐπιστήμων
3021 5173 3113 5225 τοῦ
3149 5171 3317 5233 ὅντως
3355 5170 3521 5223 κα.λοῦ
3568 5170 3841 5239 λογισμὸς,

604 5261 894 5331 judicium,
922 5265 1171 5333 corporis
1197 5274 1376 5320 motus
1405 5266 1678 5334 sapienter
1695 5266 1913 5321 ordinat
1938 5277 1991 5321 ct
2010 5268 2165 5336 quasi

2275 5264 2492 5318 τάσσων
2528 5263 2908 5334 ἐπιστημόνως
2932 5263 3030 5333 τὴν
3059 5261 3152 5314 τοῦ
3201 5260 3453 5331 σώματος
3495 5262 3731 5329 κίνησιν,
3760 5260 3842 5311 καὶ

608 5353 763 5407 freno
793 5354 1011 5409 habitus
1052 5370 1079 5407 a
1128 5356 1390 5412 dedecore
1447 5357 1667 5411 cohibet
1699 5365 1752 5411 et
1777 5358 1844 5412 ad
1879 5361 2071 5414 melius
2093 5358 2168 5413 die

2276 5355 2436 5407 οἱονεί
2460 5372 2566 5408 τινι
2600 5353 2802 5425 χαλινῷ
2824 5356 2923 5425 τῆς
2950 5353 3087 5425 πρὸς
3108 5354 3339 5405 ἀτοπίαν
3366 5353 3541 5422 φορᾶς
3572 5351 3838 5421 ἀναχαιτί-

607 5442 765 5513 rigit;
802 5443 875 5497 ita
929 5444 1153 5498 omnino
1182 5445 1518 5515 spiritualem
1552 5446 1792 5501 laetitiam
1822 5457 2097 5517 procurat.

2277 5445 2384 5510 ζων
2410 5448 2561 5512 αὐτὸ,
2608 5448 2703 5499 καὶ
2745 5446 2883 5516 πρὸς
2929 5447 2990 5499 τὸ
3024 5445 3234 5515 βέλτιον
3277 5444 3627 5515 μεταφέρων,
3676 5442 3836 5514 χαρὰν

2277 5539 2655 5607 πνευματικὴν
2675 5538 2751 5607 τῷ
2779 5537 2856 5607 νῷ
2880 5537 3151 5606 προξενεῖ.

682 5623 856 5678 Filius
909 5635 1083 5678 autem
1134 5626 1356 5681 stolidus
1436 5626 1654 5696 despicit
1709 5637 1931 5681 matrem
1993 5645 2166 5684 suam.

2356 5628 2484 5692 Υἱὸς
2515 5626 2582 5678 δὲ
2610 5627 2811 5694 ἄφρων
2840 5624 3177 5695 μυκτηρίζει
3222 5623 3448 5692 μητέρα
3481 5621 3683 5676 αὐτοῦ.
3726 5621 3777 5670 ’0
3794 5617 3830 5668 δ’

608 5716 762 5782 Quod
820 5731 1007 5771 rursus
1064 5732 1093 5770 a
1148 5733 1304 5773 sensu
1370 5718 1709 5789 progenitum
1744 5730 1825 5773 est
1877 5719 2166 5789 judicium,

2277 5718 2383 5771 ἀπὸ
2409 5717 2713 5788 αἰσθήσεως
2754 5711 2912 5778 αὖθις
2952 5715 3291 5783 τικτόμενος,
3323 5712 3710 5781 ἀνεπιστήμων
3748 5705 3826 5758 τοῦ

609 5807 725 5863 veri
757 5806 881 5862 boni
908 5805 1183 5876 ignorans,
1214 5808 1580 5866 calumniatur
1614 5824 1856 5879 sensum,
1880 5809 2038 5880 cujus
2069 5811 2167 5868 fal-

2276 5813 2443 5877 ὅντως
2476 5809 2639 5865 καλοῦ
2668 5809 2948 5880 λογισμὸς,
2992 5807 3271 5863 διαϐάλλει
3303 5805 3402 5877 τὴν
3443 5804 3713 5876 αἴσθησιν,
3740 5798 3823 5868 τὴν
