4054 6496
674 333 813 399 1379

742 444 1112 514 Eteetnosynis
1156 453 1204 497 et
1247 441 1373 514 ﬁdei
1410 442 1617 500 actibus
1678 453 1978 515 purgantur
2003 453 2243 513 peccata.
2278 451 2322 506 Α

672 536 1070 593 Misericordiis
1150 534 1204 589 in
1249 549 1520 606 pauperes
1575 543 1632 590 et
1687 535 1906 591 ﬁduciis
1949 535 2006 590 in
2064 533 2257 600 Deum,

678 626 837 697 quasi
879 626 933 680 in
969 623 1277 691 Fartorem,
1312 623 1653 695 provisorem
1684 632 1737 679 et
1766 624 2033 691 judicem,
2062 624 2263 679 eluun-

673 728 765 775 tur
799 717 928 774 illia
958 717 1100 773 bono
1131 726 1185 772 et
1209 718 1436 773 veritate
1467 717 1771 783 discessus,
1808 718 1905 788 qui
1962 732 2059 789 per
2092 717 2257 790 fragi-

676 813 884 870 litatem
923 820 980 867 et
1018 811 1387 881 ignorantiam
1445 809 1674 867 admissi
1713 810 1938 866 iuerint.

752 938 817 996 In
850 940 1037 996 timore
1069 938 1280 994 Domini
1305 939 1538 993 declinat
1568 939 1741 995 omnis
1780 956 1813 993 α
1860 940 2031 993 malo.
2064 936 2259 994 Divino

674 1039 732 1085 et
761 1030 1042 1085 dominico
1077 1030 1298 1095 timore,
1326 1045 1393 1085 ex
1426 1029 1531 1084 fide
1560 1030 1919 1100 procedente,
1953 1030 2256 1099 nequitiam

675 1121 943 1192 eﬂ'ugiunt
973 1135 1199 1184 omnes;
1239 1135 1362 1173 nam
1395 1122 1490 1189 qui
1528 1120 1707 1175 credit
1735 1119 1790 1174 in
1822 1118 2073 1181 Domino,
2094 1116 2260 1171 casti-

677 1214 951 1283 gationem
988 1214 1166 1279 timet,
1199 1225 1363 1282 quam
1399 1210 1640 1267 timendo
1666 1211 1906 1267 abstinet
1931 1226 1962 1265 a
1986 1208 2260 1281 passioni-

676 1307 800 1361 bus.

748 1430 919 1487 Vens.
948 1431 1041 1486 ‘28.
1091 1430 1271 1487 Corda
1313 1430 1591 1500 juslorum
1634 1439 1825 1483 curant
1860 1430 1923 1484 de
1968 1428 2093 1499 ﬁde.
2125 1427 2259 1495 Quae

671 1524 829 1594 juxta
857 1527 1005 1596 leges
1028 1525 1246 1580 divinas
1278 1533 1680 1579 conversantur
1717 1526 1913 1579 animae
1974 1523 2258 1592 obsequiis

675 1617 989 1671 divinorum
1044 1617 1429 1671 mandatorum
1466 1615 1794 1669 incumbunt
1858 1630 2092 1685 semper.
2128 1614 2257 1685 quia

582 1763 585 1765 ,
675 1708 979 1765 secundum
1015 1717 1252 1763 mentem
1285 1722 1518 1778 peccare
1543 1706 1759 1761 nolunt.

746 1928 819 1985 0s
858 1928 1142 1996 impiorum
1195 1924 1476 1995 respondet
1525 1923 1692 1980 mala.
1751 1923 1920 1978 Deum
1974 1938 2073 1993 per
2114 1921 2255 1977 bona

671 2034 838 2090 opera
878 2034 987 2072 non
1049 2018 1474 2079 honorantibus,
1506 2024 1563 2071 et
1604 2016 1905 2086 ipsummet
1954 2015 2104 2068 vocis
2160 2028 2256 2067 or-

669 2125 873 2181 ganon,
901 2109 1042 2162 mala
1067 2124 1132 2162 ex
1158 2107 1498 2162 abundantia
1529 2106 1712 2161 cordis
1750 2104 1993 2175 proferet
2022 2105 2255 2158 interro-

668 2202 851 2274 ganti;
883 2200 1014 2270 quid
1049 2200 1195 2254 enim
1232 2198 1508 2254 commodi
1545 2198 1755 2253 diceret
1779 2197 1944 2251 homo
1993 2195 2088 2266 qui
2120 2194 2253 2248 nihil

669 2292 802 2349 boni
828 2290 1074 2363 cogitati

741 2420 985 2489 Accepta:
1014 2417 1243 2472 Domino
1267 2416 1363 2471 vite
1387 2415 1682 2485 justorum.
1722 2398 1953 2467 Mulium
1999 2418 2254 2483 accepta-

670 2512 810 2568 biles
832 2510 1071 2589 \Domino
1097 2520 1152 2564 et
1175 2508 1421 2565 omnium
1454 2523 1637 2562 rerum
1674 2505 1783 2562 Deo
1823 2506 2034 2562 semita:
2062 2520 2253 2561 eorum

670 2602 765 2674 qui
811 2601 931 2656 sine
968 2599 1293 2661 oll‘ensione,
1329 2596 1631 2653 secundum
1683 2596 1974 2651 scientiam
2025 2604 2080 2649 et
2114 2595 2257 2649 veri-

672 2704 841 2749 tatem
884 2682 1099 2757 vivu’nt,
1145 2690 1315 2744 Deum
1351 2697 1784 2759 consequentur,
1846 2689 1939 2757 qui
1986 2689 2110 2742 linis
2162 2701 2256 2740 co-

672 2785 1115 2859 gnoscendorum
1146 2792 1252 2845 est,
1282 2782 1492 2838 scilicet
1519 2782 1742 2846 veritas,
1772 2788 1825 2835 et
1858 2781 1981 2836 linis
2011 2779 2253 2851 agendo-

670 2894 816 2943 rum,
852 2876 1108 2931 videlicet
1133 2875 1373 2929 bonitas.

745 2986 849 3041 Per
873 3002 962 3041 eos
1003 2984 1166 3039 etiam
1204 2982 1502 3037 adversam
1554 2980 1693 3051 ﬁunt
1740 2981 1918 3035 amici.
1972 2980 2077 3036 Per
2127 2980 2250 3043 hos,

671 3084 861 3148 utpote
898 3076 990 3145 qui
1024 3074 1161 3129 alios
1186 3087 1422 3143 purgare
1478 3076 1533 3124 et
1586 3083 1977 3125 consummare
2013 3070 2248 3130 valeant,

669 3131 834 3224 etiam
864 3131 1025 3237 ii-qui
1062 3180 1159 3235 per
1187 3131 1465 3219 inalitiam
1499 3170 1555 3215 et
1584 3161 1863 3216 inscitiam
1906 3158 2017 3215 Deo
2055 3161 2251 3213 advcr-
2279 3131 2324 3194 (ἶ

671 3270 889 3321 santur,
923 3268 1215 3330 postquam
1255 3256 1576 3326 passionum
1610 3253 1873 3309 sordibus
1913 3252 2162 3308 defmcati
2201 3261 2256 3306 et

672 3353 1000 3424 ignorantiae
1042 3351 1280 3420 caligine
1342 3347 1557 3402 liberati
1601 3354 1776 3410 sunt,
1821 3361 1919 3415 per
1992 3346 2255 3401 virtutem

671 3456 835 3516 atque
871 3444 1293 3515 intelligentiam
1322 3440 1433 3495 Deo
1471 3439 1861 3495 conciliantur.

746 3572 912 3629 Vens.
936 3572 1026 3628 29.
1054 3570 1230 3641 Longe
1270 3569 1413 3623 abest
1448 3567 1704 3622 Dominus
1757 3566 1822 3621 ab
1861 3568 2062 3637 impiis.
2130 3566 2259 3635 Pro:

670 3666 759 3722 cul
787 3666 929 3720 Deus
952 3666 1019 3718 ab
1051 3664 1119 3719 iis
1146 3671 1279 3727 stat,
1309 3660 1404 3732 qui
1447 3661 1602 3716 illum
1638 3676 1736 3731 per
1775 3660 1918 3715 bona
1954 3676 2119 3731 opera
2145 3678 2255 3716 non

672 3758 965 3821 honorant,
996 3771 1066 3810 ne
1119 3754 1187 3809 ad
1228 3752 1647 3809 similitudinem
1700 3752 1851 3808 illius
1914 3751 2120 3807 faciant
2158 3754 2255 3808 bo-

742 3976 932 4030 Preces
960 3974 1233 4044 justorum
1249 3972 1490 4028 exaudit.
1518 3972 1667 4027 Votis
1698 3986 1915 4039 eorum,
1935 3972 2027 4043 qui
2053 3988 2253 4028 secun-

674 4068 805 4122 dum
842 4069 1011 4137 legem
1046 4066 1165 4135 ejus
1189 4072 1606 4132 conversantur,
1654 4080 1714 4120 se
1762 4066 1975 4121 facilem
2018 4068 2248 4137 praebet;

672 4159 824 4226 ipsos
854 4157 1025 4222 enim,
1059 4162 1284 4227 propter
1325 4154 1711 4220 imitationem,
1737 4155 1881 4210 inter
1931 4170 2065 4211 suos
2092 4170 2252 4211 assu-

672 4249 795 4305 mit.

744 4353 937 4409 Melior
982 4364 1059 4409 est
1111 4364 1344 4425 qtta’stus
1403 4370 1599 4424 parvus
1655 4372 1774 4409 cum
1822 4354 2041 4424 justitia
2092 4369 2249 4422 quam

671 4447 828 4501 multi
858 4448 1149 4513 productus
1196 4462 1316 4519 cum
1374 4446 1671 4516 iniquitate.
1704 4445 1894 4499 Melior
1928 4452 2013 4499 est
2048 4460 2250 4513 parvus

671 4552 737 4592 ex
773 4534 941 4604 iustis
981 4534 1260 4588 laboribus
1309 4542 1631 4604 proventus,
1688 4533 1753 4588 ad
1795 4533 1910 4587 sola
1975 4531 2251 4586 sullicicns

671 4626 1008 4695 necessaria,
1042 4640 1207 4696 quam
1234 4625 1390 4680 lucra
1420 4612 1594 4680 multa
1628 4639 1830 4696 rapace
1864 4624 2091 4677 avaritia
2117 4638 2253 4677 con-

668 4727 880 4792 gerata.

741 4843 848 4899 Cor
881 4843 1106 4898 hominis
1136 4844 1381 4913 expendit
1400 4843 1574 4914 justa,
1611 4844 1687 4897 ita
1724 4851 1781 4897 ut
1814 4844 1906 4897 sub
1944 4842 2048 4897 Deo
2101 4859 2252 4914 gres-

672 4952 763 4990 sus
812 4952 937 4989 suos
976 4936 1199 5006 dirigat.
1254 4937 1465 4991 Animae
1515 4937 1659 4992 illius
1701 4938 1813 5007 (qui
1850 4937 2081 4991 viriliter
2142 4948 2251 4992 stat

672 5033 859 5080 contra
883 5026 1166 5095 passiones
1182 5027 1355 5094 suas),
1377 5024 1701 5079 revolvenda
1719 5033 1847 5079 sunt
1865 5024 1959 5079 Dei
1976 5024 2248 5090 mandaui,

670 5114 746 5169 ita
775 5123 833 5168 ut
856 5122 1015 5167 actus
1040 5128 1170 5168 suos
1190 5112 1245 5167 in
1276 5111 1421 5166 bono
1443 5112 1664 5183 dirigat.

743 5306 907 5362 Vens.
945 5308 1035 5362 50.
1084 5305 1286 5361 Oculus
1330 5307 1655 5375 prospiciens
1690 5306 1827 5361 bona
1857 5324 1949 5362 cor
1984 5308 2247 5377 laetiﬁcat.

670 5394 877 5451 Divinis
910 5396 1187 5452 mandatis
1215 5398 1285 5451 ab
1304 5402 1486 5451 anima
1518 5400 1759 5469 practice
1788 5400 2043 5469 gustatis,
2087 5400 2250 5455 intel-

666 5488 841 5559 ligens
869 5489 957 5543 ille
986 5490 1293 5557 spiritualis
1325 5491 1540 5551 oculus,
1582 5492 1675 5561 qui
1708 5490 2037 5559 (theoretice
2082 5491 2247 5546 verba

666 5580 803 5649 legis
833 5580 1106 5652 percipit),
1154 5580 1210 5635 in
1246 5581 1496 5637 videndis
1546 5583 1655 5635 illis
1717 5581 1989 5651 spirituali
2045 5584 2246 5654 gaudio

666 5672 903 5725 animam
938 5673 1132 5742 replet,
1165 5682 1479 5746 gustantem
1518 5684 1573 5729 et
1608 5670 1904 5741 videntem,
1940 5675 2069 5745 quia
2118 5691 2245 5732 sua-

668 5764 751 5820 vis
780 5764 1067 5821 Dominus.

1965 330 2290 392 PROCOPI
2298 331 2323 391 Ι
2364 329 2609 391 ΟΛΖᾸΞΙ

2435 439 2911 510 Ἐ.1εημοσύναις
2957 441 3055 495 καὶ
3120 443 3407 496 πίστεσιν
3447 441 3963 513 ἀποκαθαίρονται

2362 533 2661 602 ἁμαρτίαι.
2686 532 2814 595 Τοῖς
2856 532 3160 604 οίκτιρμοϊς
3235 534 3342 586 τῶν
3379 535 3649 605 πενήτων,
3681 536 3790 589 καὶ
3841 535 3962 595 cui;

2362 626 2444 687 εἰς
2476 625 2568 678 τὸν
2602 624 2738 678 Θεὸν
2782 623 3052 691 πίστεσιν,
3111 625 3189 689 ὠς
3245 626 3587 696 Δημιουργδν
3612 633 3705 680 καὶ
3730 640 3964 697 προνοη-

2360 713 2460 787 τὴν
2491 715 2583 769 καὶ
2613 715 2829 785 κριτὴν,
2858 714 3218 769 ὲκπλύνονται
3248 716 3306 767 αἱ
3328 714 3423 769 τοῦ
3470 716 3680 785 ἀγαθοῦ
3724 716 3832 768 καὶ
3859 714 3960 782 τῆς

2361 808 2621 881 ἀληθείας
2670 808 2759 863 διά
2784 808 2983 864 κακίαν
3006 810 3100 862 καὶ
3126 809 3347 877 ἄγνοιαν
3374 808 3687 878 ἀποτυχίαν..

2438 936 2522 1001 Τῷ
2550 935 2619 989 δὲ
2650 936 2814 1006 φόϐῳ
2852 935 3077 1002 Κυρίου
3128 934 3395 989 suum
3437 932 3556 1000 πᾶς
3584 935 3702 989 ἀπὸ
3736 930 3957 986 κακοῦ.

2359 1026 2451 1098 Τῷ
2487 1028 2533 1081 δ’
2585 1029 2652 1081 ὲκ
2699 1028 2938 1090 πίστεως
2961 1026 3092 1097 θείῳ
3117 1027 3215 1079 καὶ
3269 1026 3584 1096 Δεσποτικῷ
3641 1026 3804 1094 φόϐῳ
3850 1025 3959 1078 ἀπὺ

2357 1122 2458 1191 τῆς
2484 1120 2686 1183 κακίας
2744 1119 3108 1190 ἐκφεύγουσιν
3146 1120 3389 1183 ἅπαντες
3422 1134 3437 1150 ⁸
3468 1120 3497 1171 ὁ
3524 1120 3808 1171 πιστεύων
3844 1118 3952 1185 γὰρ

2361 1212 2441 1283 τῷ
2472 1213 2680 1284 Κυρίῳ,
2714 1212 2962 1281 φοϐεῖται
2993 1212 3093 1283 τὴν
3116 1210 3341 1265 κόλασιν
3374 1228 3390 1244 ’
3419 1212 3448 1264 ὁ
3477 1212 3534 1265 δὲ
3593 1210 3809 1278 ταύτην
3861 1227 3955 1277 φο-

2362 1302 2649 1376 6ούμενος,
2678 1304 3077 1375 ἐγκρατεύεται
3112 1302 3223 1358 ἀπὸ
3250 1302 3362 1355 τῶν
3388 1302 3601 1357 παθῶν.

2432 1437 2538 1502 κη’.
2578 1432 2823 1500 Καρδιάι
2849 1430 3099 1483 δικαίων
3126 1427 3429 1498 μελετῶσι
3458 1430 3711 1493 πίστεις.
3744 1425 3818 1478 Δί
3852 1424 3954 1477 τῶν

2359 1523 2501 1577 κατά
2523 1524 2651 1587 τοὺς
2678 1523 2858 1582 θείους
2884 1522 3083 1593 νόμους
3126 1521 3561 1590 πολιτευομένων
3591 1519 3801 1588 ψυχαὶ,
3834 1519 3953 1579 ταῖς

2360 1614 2497 1685 πρὸς
2552 1615 2649 1677 τὰς
2679 1612 3018 1675 Δεσποτικάς
3069 1611 3292 1674 ἐντολὰς
3344 1611 3677 1671 εὐπειθείαις
3710 1610 3954 1678 Evam-

2357 1703 2579 1758 λοῦνται
2602 1704 2919 1769 διαπαντὸς,
2952 1704 3027 1769 ὡς
3060 1704 3196 1777 μηδὲ
3231 1703 3375 1758 κατά
3421 1702 3657 1757 διάνοιαν
3685 1702 3957 1772 ἁμαρτά·

2293 1802 2334 1856 Β
2363 1812 2473 1849 νειν
2494 1794 2840 1867 βουλόμεναι.

2430 1924 2627 1991 Στόμα
2664 1923 2733 1977 δὲ
2759 1923 2997 1979 ἀσεϐῶν
3015 1924 3407 1994 ἀποκρίνεται
3430 1920 3604 1977 κακά.
3633 1922 3762 1975 Τῶν
3787 1921 3847 1974 δέ
3882 1920 3953 1989 μὴ

2356 2015 2423 2069 δι’
2447 2015 2665 2085 ἀγαθῶν
2694 2015 2871 2086 ἔργων
2902 2016 3189 2087 τιμώντων
3211 2016 3366 2083 Θεὸν,
3400 2016 3494 2070 καὶ
3517 2015 3652 2068 αὐτὸ
3704 2014 3780 2068 τὸ
3840 2032 3951 2081 αω-

2357 2108 2574 2178 νητικὺν
2630 2106 2885 2178 ὄργανον,
2941 2110 3007 2161 ὲκ
3040 2108 3476 2178 περισσεύματος
3533 2106 3634 2175 τῆς
3688 2106 3949 2176 mpsim.

2358 2217 2495 2267 πονη
2506 2201 2581 2271 ρὰ
2602 2203 2717 2263 τοῖς
2749 2199 3025 2271 ἐρωτῶσιν
3066 2200 3417 2269 ἀπολογεῖται
3451 2216 3464 2229 ·
3493 2198 3546 2251 τί
3575 2200 3685 2269 γὰρ
3713 2197 3789 2250 ἂν
3814 2200 3950 2267 χρή-

2358 2309 2517 2364 σιμον
2547 2292 2840 2362 φθέγξαιτο
2869 2293 2897 2345 ὁ
2935 2294 3007 2365 μή
3047 2312 3100 2347 τι
3129 2292 3504 2363 διανοούμενος
3533 2290 3740 2360 ἀγαθὸν
3765 2307 3784 2356 ;

2425 2418 2631 2470 Δεκταὶ
2654 2416 2814 2485 παρὰ
2839 2418 3032 2486 Κυρίῳ
3056 2418 3191 2487 ὁδοί,
3233 2415 3471 2486 ἀνδρῶν
3512 2416 3787 2471 δικαίων.
3845 2415 3949 2467 Εὐ.

2358 2507 2691 2581 παράδεκτοι
2716 2508 2796 2579 τῷ
2829 2508 3018 2580 Κυρίῳ
3042 2510 3260 2563 πάντων
3302 2508 3424 2580 Θεῷ
3450 2509 3506 2562 ai
3548 2509 3691 2561 κατὰ
3736 2506 3946 2575 γνῶσιν

2358 2602 2454 2653 καὶ
2483 2599 2685 2671 ἀρετὴν
2714 2600 2824 2653 τῶν
2853 2602 3161 2671 ἀμέμπτως
3214 2600 3478 2672 βιούντων
3514 2602 3734 2672 πορεῖαι
3769 2616 3787 2630 ο
3820 2601 3941 2651 ἑπι-

2357 2688 2738 2757 τυγχανόντων
2757 2687 2950 2752 αὐτοῦ,
2980 2683 3072 2741 οἷα
3114 2689 3212 2759 μὲν
3243 2688 3432 2753 τέλους
3488 2688 3597 2741 τῶν
3657 2687 3941 2757 γνωστῶν,

2355 2780 2432 2843 ὡς
2460 2779 2753 2851 ἀληθείας
2791 2775 2880 2833 οἷα
2914 2780 2972 2834 δὲ
2994 2781 3182 2845 τέλους
3226 2780 3336 2834 τῶν
3360 2781 3644 2854 πρακτῶν,
3669 2780 3749 2844 ὠς
3805 2781 3948 2848 ἀγα-

2359 2870 2474 2926 θοῦ.

2430 2999 2532 3054 Διά
2552 2998 2621 3054 δὲ
2651 2997 2851 3053 αὐτῶν
2875 2997 2976 3052 καί
3007 3000 3063 3053 oi
3100 2996 3300 3068 ἐχθροί
3316 2999 3486 3067 φίλοι
3524 2998 3829 3067 γίνονται.
3852 2996 3947 3049 Διὶ

2357 3089 2562 3143 τούτων
2584 3090 2661 3155 δὲ,
2686 3090 2762 3153 ὼς
2786 3090 3100 3161 δυναμένων
3129 3091 3224 3145 καὶ
3282 3088 3503 3161 ἑτέρους
3528 3088 3824 3159 καθαίρειν
3852 3089 3946 3140 καὶ

2358 3180 2619 3244 τελειοῦν,
2641 3182 2737 3236 καὶ
2754 3181 2913 3235 αὐτοὶ
2933 3183 2981 3235 οἱ
3008 3181 3098 3234 διὰ
3127 3180 3329 3234 κακίαν
3358 3181 3453 3234 καὶ
3479 3180 3707 3247 ἄγνοιαν
3736 3179 3946 3248 θεομα-

2357 3292 2464 3345 χοι,
2495 3274 2589 3327 τοῦ
2618 3272 2900 3344 μολυσμοῦ
2934 3272 3043 3325 τῶν
3077 3272 3268 3326 παθῶν
3303 3271 3693 3343 καθαρθέντες,
3727 3272 3829 3323 καὶ
3858 3269 3944 3322 τοῦ

2360 3366 2587 3428 σκότους
2609 3365 2708 3435 τῆς
2740 3365 2964 3433 ἀγνοίας
2998 3362 3430 3433 ἀπαλλαγέντες,
3458 3360 3580 3433 Θεῷ
3607 3361 3677 3414 δι’
3730 3361 3939 3433 ἀρετῆς

2356 3459 2451 3511 καὶ
2475 3457 2730 3528 γνώσεως
2760 3457 3115 3513 οίκειοῦνται.

2424 3582 2531 3639 κθ’.
2562 3582 2814 3649 Μακρὰν
2846 3582 3059 3651 ἀπέχει
3101 3583 3246 3648 Θεὸς
3286 3582 3408 3636 ἀπὸ
3440 3581 3701 3637 ἀσεϐῶν.
3738 3582 3939 3651 nesse

2352 3675 2381 3729 ὁ
2415 3674 2545 3738 Θεὸς
2598 3676 2707 3728 τῶν
2751 3675 2828 3746 μὴ
2866 3674 2933 3727 δι’
2987 3673 3354 3744 ἀγαθοεργίας
3430 3674 3713 3743 τιμώντων
3782 3674 3937 3727 αὑτὸν

2352 3766 2645 3830 διίσταται,
2676 3767 2752 3830 ὡς
2782 3768 2859 3838 μὴ
2891 3766 3017 3820 καθ’
3043 3765 3303 3838 ὁμοίωσιν
3331 3765 3499 3820 αὐτοῦ
3555 3765 3935 3837 ἐργαζομένων

2351 3857 2413 3911 τὸ
2438 3858 2661 3925 ἀγαθόν.

2424 3982 2651 4051 Εὐχαῖς
2676 3982 2746 4037 δὲ
2781 3984 3031 4038 δικαίων
3048 3983 3363 4039 ὑπακούει.
3415 3983 3528 4046 Τὰς
3564 3982 3609 4037 δ’
3669 3982 3936 4047 ἐντεύξεις

2350 4070 2459 4122 τῶν
2490 4071 2631 4122 κατά
2660 4071 2861 4142 νόμους
2890 4072 3056 4126 αὐτοῦ
3087 4072 3525 4144 πολιτευομένων
3542 4074 3848 4142 προσίεται,
3866 4075 3935 4137 ὡς

2351 4162 2441 4215 διὰ
2478 4163 2767 4233 μιμήσεως
2798 4163 3189 4234 οἰκειουμένων
3208 4164 3379 4235 αὐτῷ.

2422 4354 2739 4423 Ιῲείσσων
2791 4356 2965 4426 ὀλίγη
3019 4356 3209 4426 λῆψις
3236 4358 3385 4426 μετὰ
3442 4356 3853 4424 δικαιοσύνης,
3892 4361 3927 4426 ἦ

2353 4448 2556 4499 πολλὰ
2578 4446 2920 4516 γεννήματα
2942 4450 3093 4518 μετὰ
3130 4449 3386 4515 ἀδικίας.
3440 4450 3717 4519 Κρείττων
3787 4451 3928 4503 ἐστὶν

2356 4542 2419 4591 ἐκ
2462 4539 2687 4592 δικαίων
2754 4541 2931 4593 πόνων
2968 4542 3141 4613 μικρά
3172 4542 3425 4612 εἰσφορὰ,
3478 4545 3559 4606 είς
3592 4544 3727 4613 μόνα
3768 4546 3930 4613 ἑπαγ-

2356 4632 2527 4683 κοῦσα
2565 4632 2636 4683 τὰ
2664 4633 2960 4700 ἀναγκαῖα,
3010 4636 3042 4705 ἦ
3073 4635 3284 4706 μεγάλη
3333 4635 3392 4702 ἐξ
3450 4636 3709 4708 ἁρπαγῆς
3746 4638 3877 4690 πλεο
3904 4663 3929 4679 ο

2356 4720 2589 4784 εκτικῶς
2620 4721 3086 4794 θησαυριζομένη.

2425 4849 2649 4915 Καρδία
2677 4849 2898 4918 ἀνδρὸς
2922 4852 3242 4919 λογιζέσθω
3274 4851 3499 4916 δίκαια,
3525 4853 3628 4907 ἵνα
3665 4853 3780 4908 ὑπὸ
3829 4852 3923 4906 τοῦ

2357 4941 2507 4993 Θεοῦ
2540 4940 2831 5010 διορθωθῇ
2871 4944 2943 4997 τὰ
2973 4944 3307 5013 διαδήματα
3334 4945 3546 5000 αὐτοῦ.
3584 4947 3647 4999 Ἠ
3670 4948 3815 5017 ψυχὴ
3838 4944 3920 4998 τιῦ

2354 5032 2498 5083 κατά
2527 5030 2637 5082 τῶν
2686 5030 2873 5085 παθῶν
2914 5030 3305 5102 ἀνδριζομένου
3341 5031 3662 5085 διανοείσθω
3691 5034 3787 5096 τὰς
3835 5030 3919 5084 τοῦ

2352 5120 2490 5174 Θεοῦ
2518 5120 2741 5184 ἐντολάς
2768 5136 2783 5152 ο
2813 5120 2888 5184 ὠς
2920 5121 2989 5174 ἂν
3020 5121 3292 5175 ὑπἀὐτοῦ
3312 5124 3754 5178 κατευθυνθῶσιν
3773 5129 3830 5179 ὲν
3855 5126 3919 5195 τῷ

2352 5212 2542 5282 ἀγαθῴ
2572 5212 2667 5265 τοῦ
2698 5212 2939 5265 τοιούτου
2965 5213 3254 5283 ἀνθρώπου
3284 5216 3342 5267 αί
3372 5216 3625 5286 πράξεις.

2420 5315 2484 5369 λ’.
2512 5314 2755 5383 Θεωρῶν
2782 5316 3093 5385 ὀφθαλμὸς
3122 5317 3299 5385 καλὰ,
3324 5321 3635 5387 εὐφραίνει
3666 5321 3911 5389 καρδίαν.

2352 5406 2463 5476 Τῆς
2488 5406 2806 5475 πρακτικῶς
2831 5409 3179 5478 γευσαμένης
3216 5409 3395 5478 ψυχῆς
3438 5410 3548 5463 τῶν
3578 5412 3739 5463 θείων
3781 5414 3911 5465 ἐντο-

2350 5497 2478 5562 λῶν,
2519 5498 2547 5549 ὁ
2570 5497 2789 5563 θεωρῶν
2813 5500 2939 5563 τοὺς
2969 5498 3162 5567 λόγους
3200 5501 3383 5555 αὐτῶν
3416 5502 3603 5571 νοερδς
3631 5503 3910 5572 ὀφθαλμὲς,

2349 5592 2407 5643 ὲν
2463 5593 2531 5661 τῇ
2590 5590 2795 5645 τούτων
2825 5591 3061 5663 αὑτοψίᾳ
3094 5594 3268 5663 χαρᾶς
3314 5595 3695 5664 πνευματικῆς
3726 5596 3910 5661 ταύτην

2349 5684 2570 5753 πληροῖ,
2599 5683 2949 5757 γευσαμένην
2980 5686 3075 5740 καὶ
3113 5686 3459 5758 θεασαμένην
3485 5687 3568 5741 ὅτι
3613 5688 3840 5758 χρηστὸς
3886 5691 3908 5739 ὁ

2348 5774 2575 5846 Κύριος.
