3958 6502
56 301 216 370 1381
1162 326 1695 392 COMMENTARII
1731 332 1811 394 IN
1844 334 2299 397 PROVERBIA.
3223 345 3357 412 1382

124 426 331 498 Φήμη
376 430 445 483 δὲ
494 430 686 502 ἀγαθὴ
731 437 952 491 πιαίνει
999 438 1172 497 ὀστᾶ.
1228 441 1295 495 Ἦ
1322 442 1366 495 δ’
1393 444 1454 509 ἐξ
1504 445 1656 515 ἀκοῆς

1851 445 2006 500 Bona
2035 446 2186 515 fama
2216 448 2429 517 saginat
2455 465 2596 504 ossa.
2623 448 2788 506 Fama
2832 452 2903 509 de
2946 454 3147 511 divinis
3202 474 3356 513 tuan-

49 515 252 585 μόνης
312 519 625 576 εἰσδύνουσα
672 525 754 589 είς
806 526 986 598 ψυχὴν
1040 529 1151 583 τῶν
1217 530 1377 585 θείων
1435 535 1656 589 ἐντολῶν

1780 537 1923 592 datis
1964 539 2207 593 animam
2243 554 2339 609 per
2368 540 2545 596 solum
2578 544 2826 599 auditum
2865 556 3194 617 occupante,
3228 565 3354 605 cum

48 605 265 676 φήμη.
302 608 358 663 ἐν
385 612 452 681 τῇ
481 610 689 666 τούτων
730 616 941 687 ἱστορία
976 617 1166 689 τρέφει
1198 621 1298 684 τὰς
1319 621 1475 691 δίκην
1495 623 1656 676 ὀστῶι

1780 626 2021 697 exposita
2053 626 2281 694 fuerint,
2309 629 2521 684 vividas
2543 632 2738 687 animae
2764 635 2929 696 vires.
2948 636 3157 693 ossium
3179 653 3354 707 more,

48 701 387 765 τονωτικάς
413 701 619 774 ταύτης
651 705 936 779 δυνάμεις,
968 709 1514 780 διανιστῶσαταύτας
1530 716 1656 787 πρὸς

1780 714 2027 771 nutriunt
2059 724 2114 772 et
2138 717 2261 772 illas
2296 719 2363 773 ad
2399 721 2736 789 operaticum
2770 725 3011 795 erigunt.

50 790 352 858 ἐργασίαν
385 793 586 851 αὐτῶν.

131 915 254 986 λβ⁸.
297 920 402 986 Ὃς
429 921 746 976 ἀπωθεῖται
785 924 1082 991 παιδείαν,
1138 928 1311 998 μισεῖ
1335 929 1557 984 ἑαυτόν
1586 946 1601 962 ⁸
1633 934 1667 986 ό

50 1005 128 1092 δὲ
162 1008 381 1076 τηρῶν
408 1013 725 1082 ἐλέγχους.
761 1016 965 1086 ἀγαπᾷ
1010 1019 1127 1086 τὴν
1155 1020 1373 1075 ἑαυτοῦ
1430 1023 1664 1092 ψυχήν.

70 1091 656 1169 Ὀἱ-ἀποπεμπόμενος
675 1103 801 1167 τοὺς
829 1105 964 1174 πρὸς
1010 1106 1297 1178 διόρθωσιν
1349 1091 1669 1181 ἐπιτιμητι-

54 1187 206 1249 κοὺς
245 1189 465 1257 λόγους,
496 1194 690 1263 ἐχθρὸς
716 1196 909 1249 ἐαυτοῦ
935 1198 1345 1262 ἀποδείκνυται.
1405 1202 1480 1262 ὡς
1528 1205 1667 1257 ἁπο-

58 1282 459 1350 στρεφόμενος
480 1283 550 1336 τά
601 1286 950 1358 συμφέροντα
994 1289 1171 1360 ἐαυτῷ
1214 1308 1227 1323 ’
1274 1294 1302 1345 ό
1329 1292 1387 1345 δὲ
1442 1293 1668 1358 τούτους

53 1370 204 1439 παρ’
246 1373 429 1444 ἐαυτῷ
459 1374 767 1443 φυλάσσων,
803 1379 945 1447 φιλεῖ
971 1380 1069 1453 τὴν
1104 1384 1297 1438 ἐαυτοῦ
1324 1385 1525 1458 ψυχὴν,
1569 1386 1667 1459 τὴν

56 1466 359 1536 σωτηρίαν
393 1467 597 1538 ταύτης
627 1469 824 1538 ζητῶν.

129 1592 252 1663 λγ’.
286 1596 473 1662 Φόϐος
489 1597 735 1664 Κυρίου.
762 1597 999 1653 παιδεία
1025 1600 1121 1653 καὶ
1159 1601 1349 1670 σοφία
1374 1602 1471 1655 καί
1505 1601 1663 1671 ἁρχὴ

1841 932 2007 987 Vsus.
2050 931 2139 987 52.
2180 933 2285 999 Qui
2323 936 2512 1005 objicit
2559 937 2918 1009 disciplinam,
2965 961 3175 999 sensum
3206 947 3355 1013 odit;

1768 1022 1859 1090 qui
1910 1034 2088 1076 autem
2129 1024 2514 1089 increpationes
2578 1032 2832 1093 custodit,
2889 1032 3064 1103 diligit
3116 1038 3351 1090 animant

1769 1127 1945 1164 suam.
2009 1112 2114 1177 Qui
2168 1114 2496 1183 castigantia
2550 1119 2734 1183 verba,
2776 1121 2829 1174 in
2863 1137 3017 1177 suam
3046 1127 3351 1180 correctio-

1772 1217 1896 1256 nem
1938 1206 2166 1265 emissa.
2204 1207 2499 1274 respuerit,
2534 1210 2618 1263 sui
2655 1210 2834 1280 ipsius
2866 1214 3125 1271 inimicus
3158 1226 3348 1273 osten-

1768 1295 1939 1359 ditur,
1992 1297 2137 1365 quod
2193 1298 2297 1352 sibi
2352 1300 2695 1369 proficientia
2739 1305 3056 1374 abjecerit;
3111 1309 3204 1378 qui
3257 1311 3349 1367 illa

1769 1385 1914 1437 intra
1967 1400 2027 1439 se
2105 1386 2396 1453 custodit,
2456 1386 2635 1460 diligit
2687 1393 2928 1448 animam
3001 1405 3056 1451 et
3112 1400 3348 1456 salutem

1766 1475 1983 1544 (μιαί-ἧι.

1839 1597 2008 1654 Vens.
2040 1600 2129 1655 3'5.
2169 1601 2353 1657 Timor
2378 1602 2592 1658 Domini
2622 1606 2902 1676 disciplina
2955 1619 3005 1665 et
3059 1614 3347 1683 sapientia.

49 1683 268 1752 δόξης
314 1686 785 1755 ἀποκριθήσεται
833 1689 1011 1759 αὐτῇ.
1069 1692 1130 1744 '0
1185 1694 1517 1757 Δεσποτικὸς
1568 1698 1656 1748 καὶ

1780 1699 1815 1744 ιι
1844 1692 2056 1745 initium
2107 1690 2294 1763 ρίου-ἕω
2338 1696 2724 1763 respondebunt
2773 1700 2877 1754 illi.
2929 1701 3246 1760 Dominicus
3295 1716 3350 1761 et

52 1778 214 1840 θεῖος
247 1778 415 1847 φόόος
461 1780 587 1843 τοὺς
620 1779 720 1849 μὲν
746 1785 1083 1854 πρακτικοὺς
1115 1786 1358 1841 παιδεύει
1390 1789 1656 1842 ἐκκλίνειν

1780 1782 1983 1837 livinus
2004 1784 2169 1838 timor
2187 1795 2412 1855 agentes
2433 1789 2626 1844 edocet
2662 1798 2722 1845 ut
2748 1792 3024 1849 declinent
3063 1811 3093 1850 a
3122 1800 3265 1853 malo
3295 1810 3350 1854 et

54 1866 174 1919 ἀπὸ
198 1869 405 1935 κακοῦ,
431 1873 526 1924 καὶ
552 1874 725 1925 ποιεῖν
756 1875 957 1942 ἀγαθόν
984 1891 1001 1908 ο
1037 1879 1165 1939 τοὺς
1192 1876 1249 1930 δὲ
1281 1878 1654 1949 θεωρητικοὺς

1780 1875 1972 1928 'aciant
2007 1875 2212 1929 bonum
2263 1896 2276 1932 :
2326 1880 2744 1937 considerantes
2799 1892 2981 1938 autem
3030 1889 3221 1943 sanius
3260 1892 3348 1945 in-

56 1960 293 2028 σοφίζει
331 1963 621 2032 ἐκφεύγειν
684 1965 784 2034 τὴν
807 1968 930 2020 κατ’
964 1968 1216 2037 αἴσθησιν
1266 1972 1505 2042 ἀπάτην,
1564 1972 1656 2025 καὶ

1780 1967 1925 2020 ιιτιιίι
1961 1974 2020 2021 ιιι
2051 1967 2298 2023 fallacias
2336 1985 2601 2026 sensuum
2634 1979 2810 2027 vitent
2839 1984 2893 2029 ct
2916 1986 3097 2033 mente
3122 1974 3347 2051 capiant

54 2056 281 2123 χωρεῖν
304 2055 442 2124 πρὸς
469 2055 568 2127 τὴν
598 2058 739 2110 κατὰ
774 2058 900 2111 νοῦν
933 2060 991 2112 ἐν
1027 2061 1301 2130 πνεύματι
1325 2061 1525 2130 γνῶσιν
1548 2064 1656 2117 τῶν

1780 2059 2103 2128 tpiritualem
2123 2059 2271 2115 illam
2305 2064 2616 2123 scientiam.
2644 2080 2766 2135 qua:
2790 2066 2936 2121 circa
2974 2084 3155 2124 rerum
3202 2074 3347 2127 exsi-

53 2144 116 2195 ἐν
145 2145 279 2207 τοῖς
310 2142 431 2198 οὖσι
459 2145 634 2215 λόγων
669 2163 683 2177 ⁸
714 2150 771 2203 ἐν
795 2144 875 2212 οἷς
902 2150 1034 2215 Θεὸς
1082 2152 1266 2215 αὐτοῖς
1296 2155 1409 2216 τοῖς
1441 2153 1656 2225 θεωρη-

1780 2152 2015 2206 ιιθηιίαηι
2053 2154 2443 2209 versatur.His
2482 2156 2535 2210 in
2568 2158 2733 2215 rebus
2766 2161 2993 2215 omnino
3024 2163 3344 2221 manifesta-

51 2238 255 2297 τικςτς
290 2240 509 2302 πάντως
552 2241 1044 2314 ἐμφανιοθήσεται,
1079 2245 1108 2297 ό
1135 2246 1309 2311 αἴτιος
1338 2246 1439 2317 τῆς
1480 2248 1539 2302 ἐν
1588 2250 1656 2319 τῇ

1780 2239 1914 2292 ιὶιιιι·
1947 2240 2269 2295 theoreticie
2300 2242 2411 2297 illis
2443 2242 2613 2304 Deus.
2642 2246 2737 2317 qui
2767 2255 2853 2303 est
2890 2262 3060 2305 causa
3094 2252 3263 2306 totius
3288 2253 3342 2308 in

54 2328 256 2383 κτίσει
289 2331 734 2403 μεγαλειότητος.

661 2477 916 2533 ΚΕΦΑΛ.
946 2480 1066 2547 ις’.

131 2607 216 2657 α’.
255 2601 460 2654 Πάντα
498 2601 571 2657 τὰ
593 2601 739 2674 ἔργα
770 2604 877 2657 τοῦ
913 2608 1219 2675 ταπεινοῦ,
1242 2610 1472 2679 φανερὰ
1502 2610 1662 2679 παρὰ

60 2691 142 2758 τῷ
158 2691 309 2758 Θεῷ.
329 2694 484 2748 Πᾶσα
508 2696 541 2765 ἡ
563 2695 813 2767 ἐνάρετος
833 2696 1075 2751 πολιτεία
1100 2699 1192 2752 τοῦ
1210 2702 1656 2773 ταπεινόφρονος,

57 2783 167 2835 κᾶν
216 2784 548 2852 κέκρυπται,
584 2785 660 2855 μὴ
687 2785 786 2857 τὴν
814 2787 945 2858 παρ’
998 2788 1306 2860 ἀνθρώπων
1355 2790 1513 2857 δόξαν
1563 2792 1661 2863 ζη-

59 2871 318 2936 τοῦντος,
372 2872 511 2925 ἀλλὰ
563 2873 684 2945 Θεῷ
714 2875 847 2947 δήλη
908 2878 1240 2950 καθέστηκε,
1284 2880 1361 2951 τῷ
1397 2881 1658 2948 ἐπιγινώ-

61 2979 258 3016 σκοντι
324 2963 488 3017 αὑτὸν
551 2967 616 3018 ἐκ
679 2965 780 3037 τῆς
808 2968 979 3039 καλῆς
1040 2970 1149 3024 τῶν
1180 2971 1357 3043 ἔργων
1396 2973 1661 3041 ἀναστρο-

63 3073 204 3126 εξηςο

1760 2327 2044 2384 creatione
2073 2331 2499 2402 magnitudinis.

2391 2472 2544 2529 CAP.
2576 2474 2715 2532 XVI.

1832 2593 2001 2650 Vens.
2032 2596 2089 2650 2.
2160 2595 2358 2653 Omnia
2409 2616 2568 2669 apera
2628 2603 2857 2661 hominis
2890 2609 3176 2677 manifesta
3222 2623 3347 2666 sunt

1760 2686 1903 2746 apud
1936 2686 2118 2742 Deum.
2144 2686 2422 2746 Praastans
2471 2698 2827 2751 conversatio
2880 2698 3119 2755 hominis
3168 2702 3237 2757 de
3288 2719 3347 2758 se

1764 2772 2044 2828 humiliter
2070 2775 2388 2837 sentientis.
2432 2779 2650 2835 etiamsi
2690 2784 3018 2839 abscondita
3062 2787 3135 2842 sit
3206 2788 3348 2858 (ipse

1761 2865 1906 2918 enim
1940 2880 2047 2918 non
2076 2866 2276 2935 quaerit
2304 2868 2533 2935 gloriam
2564 2874 2706 2941 apud
2740 2875 3041 2944 homines),
3072 2878 3127 2931 in
3154 2887 3347 2948 aperto

1762 2964 1869 3011 stat
1898 2972 2082 3010 curam
2113 2956 2239 3023 Deo,
2266 2963 2625 3028 cognoscenti
2656 2963 2811 3018 illum
2837 2982 2902 3020 ex
2944 2968 3176 3038 pulchra
3216 2986 3348 3041 ope-

1778 3062 1899 3101 rum
1944 3048 2213 3119 gestione.

130 3162 206 3218 δ’.
242 3166 308 3219 Ol
331 3164 402 3219 δὲ
450 3165 690 3232 ἀσεϐεῖς
725 3168 795 3222 ἐν
821 3167 1012 3238 ἡμέρᾳ
1039 3170 1198 3239 κακῇ
1251 3169 1555 3225 όλοῦνται.
1589 3170 1653 3222 (li

1832 3172 2000 3231 Vsus.
2044 3177 2098 3231 4.
2130 3175 2295 3248 [mpii
2332 3180 2385 3234 in
2414 3180 2500 3235 die
2529 3180 2673 3234 mala
2690 3182 2955 3250 peribunt.
2989 3182 3094 3249 Qui
3142 3199 3251 3241 non
3273 3200 3345 3241 ex

62 3254 119 3307 δὲ
146 3255 231 3328 μὴ
264 3256 324 3322 ἐξ
348 3256 523 3328 ἐργων
545 3258 887 3331 δικαιοσύνης
921 3260 1188 3331 τιμῶντες
1210 3261 1366 3328 Θεὸν,
1397 3263 1657 3336 ἐνήμέρᾳ

62 3344 246 3415 ὀργῆς
275 3346 440 3399 αὐτοῦ
479 3350 575 3401 καὶ
595 3349 1028 3418 ἀνταποδόσεως,
1094 3352 1427 3407 ἀπολοῦνται
1479 3373 1659 3427 παρα-

68 3438 428 3509 πεμφθέντες
468 3442 549 3504 είς
578 3442 829 3509 γέενναν.

136 3573 206 3621 ε’.
253 3568 612 3637 Ἀκάθαρτος
650 3571 810 3638 παρὰ
837 3572 1031 3639 Κυρίῳ
1046 3571 1164 3639 πᾶς
1187 3573 1652 3642 ὺψηλοιιάρδιος.

72 3658 317 3729 Βέὸηλος
357 3660 508 3730 παρὰ
540 3660 619 3731 τῷ
656 3661 752 3715 τοῦ
812 3664 1015 3725 παντὸς
1058 3665 1336 3737 Δεσπότῃ.
1398 3665 1499 3719 κᾶν
1541 3665 1655 3736 βίου

68 3751 426 3821 καθαρότητα
460 3752 848 3815 ἐπιδείκνυται,
898 3754 1115 3820 ἀλαζὼν
1146 3755 1294 3821 ἅπας
1327 3759 1423 3811 καὶ
1452 3758 1658 3831 ὑπερη-

70 3859 244 3909 φανος
276 3858 292 3873 ·
319 3843 705 3899 ἀντιτάσσεται
739 3847 868 3917 (γὰρ
892 3848 1054 3917 Θεῷ).

140 3969 307 4036 Xsth
334 3969 403 4022 δὲ
426 3968 629 4039 χεῖρας
643 3970 715 4039 ἐμ
726 3971 926 4024 ὄαλὼν
953 3970 1196 4036 ἀδίκως,
1230 3973 1343 4026 οὐκ
1378 3974 1655 4040 ἀθωωθήο

68 4078 268 4115 σεται.
307 4061 445 4115 ’0δέ
482 4061 564 4132 τῷ
595 4060 829 4132 καμάτῳ
873 4063 973 4132 τῆς
1013 4064 1222 4126 οἰκείας
1284 4064 1469 4134 χειρὸς
1526 4066 1656 4129 τοὺς

69 4154 184 4205 τῶν
233 4152 534 4223 ἀλλοτρίων
583 4153 785 4224 χειρῶν
830 4154 1028 4217 πόνους
1060 4155 1212 4227 παρὰ
1241 4158 1420 4210 πάντα
1448 4156 1655 4209 δίκαιον

70 4243 233 4313 λόγον
269 4243 599 4315 προσμίξας,
632 4244 693 4297 οὐ
732 4243 982 4309 τεύξεται
1018 4245 1348 4317 συγγνώμης
1370 4248 1522 4317 παρὰ
1558 4246 1652 4299 τοῦ

68 4334 288 4388 δικαίου
312 4335 418 4389 τῶν
458 4336 597 4388 ὅλων
630 4336 823 4409 κριτοῦ
885 4339 944 4393 ἐν
980 4338 1165 4409 ἡμέρᾳ
1213 4338 1651 4402 άνταποδόσεως.

1766 3267 2031 3335 upcrihus
2057 3268 2285 3338 justitiae
2312 3271 2480 3325 Deum
2518 3272 2815 3336 honorant,
2848 3274 2903 3326 in
2942 3273 3032 3328 die
3060 3276 3153 3329 ira:
3173 3285 3228 3330 et
3255 3292 3343 3332 re-

1758 3356 2079 3414 tributionis
2117 3360 2288 3431 ipsius
2313 3363 2590 3431 peribunt,
2627 3363 2861 3419 immissi
2895 3364 2948 3418 in
2977 3366 3307 3436 gehennam.

1833 3573 1998 3630 Vsus.
2041 3578 2095 3633 5.
2128 3577 2378 3647 Impurus
2429 3582 2571 3651 apud
2615 3581 2905 3637 Dominum
2946 3587 3115 3641 omnis
3145 3587 3340 3644 elatus.

1763 3663 2058 3733 Prolanus,
2086 3670 2230 3739 apud
2282 3687 2464 3726 rerum
2500 3680 2743 3729 omnium
2782 3675 3094 3742 Dominum,
3126 3680 3341 3736 etiamsi

1762 3757 1890 3810 vita:
1945 3760 2237 3827 puritatem
2271 3776 2381 3830 pra:
2428 3778 2487 3816 se
2530 3762 2719 3829 ferret,
2774 3767 2955 3820 omnis
3002 3767 3244 3837 jactator
3274 3772 3344 3828 'et

1757 3847 2046 3903 sublimis:
2087 3850 2412 3906 adversatur
2444 3854 2611 3922 (enim
2643 3855 2801 3927 Deo).

1826 3975 2052 4031 Manum
2103 3980 2157 4032 in
2219 3998 2409 4036 manus
2453 3986 2545 4054 qui
2566 3986 2764 4055 injuste
2804 3990 3001 4061 injicit,
3046 3994 3191 4048 haud
3236 3996 3341 4051 im-

1757 4085 1923 4138 purus
1983 4069 2168 4125 abibit.
2220 4072 2324 4138 Qui
2382 4075 2556 4130 lahori
2606 4083 2841 4150 propria!
2898 4100 3092 4140 manus
3144 4104 3342 4159 operas

1760 4162 1991 4214 aliarum
2051 4176 2311 4216 manuum
2349 4177 2541 4221 contra
2582 4186 2802 4227 omnem
2831 4174 3037 4243 justam
3071 4182 3339 4234 rationem

1762 4251 2135 4314 admiscnerit,
2201 4270 2230 4307 a
2276 4255 2429 4324 justo
2488 4272 2821 4318 cunctorum
2876 4266 3087 4334 judice,
3150 4271 3206 4323 in
3253 4271 3342 4327 die

1766 4344 2166 4408 retributionis,
2206 4352 2419 4402 veniam
2461 4366 2571 4405 non
2601 4353 2889 4410 obtinebit.

154 4462 339 4532 Ἀρχὴ
366 4464 510 4518 ὁδοῦ
537 4464 785 4534 ἀγαθῆς,
804 4465 871 4518 τὸ
901 4466 1095 4519 ποιεῖν
1116 4466 1333 4522 δίκαια.
1361 4469 1653 4543 Εἰσαγωγή

1833 4463 2053 4519 Initium
2088 4468 2183 4521 υἷα
2209 4470 2377 4534 bonw,
2401 4472 2575 4541 facere
2593 4478 2767 4544 justa.
2801 4477 3148 4563 lntroitus'ad
3174 4484 3336 4537 vitam

72 4552 192 4604 ἐστι
218 4555 319 4622 τῆς
341 4554 638 4623 εὐαρέστου
673 4554 792 4625 Θεῷ
846 4554 1031 4624 βιοτῆς
1091 4558 1124 4627 ἡ
1158 4556 1245 4609 διὰ
1272 4558 1381 4609 τῶν
1413 4558 1654 4611 ἀντικει-

74 4645 259 4713 μένων
290 4647 359 4715 τῇ
400 4647 571 4717 κακίᾳ
604 4647 784 4717 ἔργων
818 4647 1084 4720 κάθαρσις
1122 4650 1230 4707 τῶν
1264 4650 1453 4704 παθῶν
1484 4668 1498 4683 ·
1535 4652 1652 4722 μεθ’

70 4740 137 4809 ἣν
161 4739 195 4809 ἡ
229 4739 481 4810 προκοπή
506 4756 565 4791 τε
606 4741 753 4810 καὶὴ
786 4742 1085 4805 τελείωσις.

141 4862 332 4917 Δεκτὰ
378 4863 447 4917 δὲ
480 4865 639 4934 παρὰ
688 4866 810 4932 Θεῷ
835 4867 1079 4935 μᾶλλον
1136 4868 1174 4937 ἢ
1228 4870 1394 4923 θύειν
1410 4871 1649 4928 θυσίαν.

73 4955 467 5025 Εὑπρὸσδεκτα
499 4957 555 5010 δὲ
586 4959 655 5011 τὰ
683 4957 907 5012 τοιαῦτα
939 4958 1075 5030 ἔργα
1111 4960 1229 5032 Θεῷ
1280 4962 1418 5032 ὑπὲρ
1442 4962 1652 5032 ἀλόγων

72 5044 229 5109 ζώων
253 5046 681 5119 ὁλοκαυτώματα
714 5065 729 5080 ·
775 5050 850 5114 ὡς
882 5051 980 5120 τῆς
1027 5053 1231 5123 σαρκὸς
1258 5054 1554 5124 νεκροῦντα
1591 5056 1653 5109 τὸ

72 5138 354 5209 φρόνημα,
426 5139 523 5193 καὶ
561 5141 766 5212 ταύτην
817 5143 1112 5212 εὐάρεστον
1142 5145 1290 5215 αὐτῷ
1332 5145 1523 5199 θυσίαν
1582 5147 1651 5201 δι’

71 5228 331 5301 ἐναρέτου
361 5231 639 5297 πολιτείας
666 5234 1060 5290 ἀποτελοῦντα.

154 5446 220 5502 '0
243 5448 438 5516 ζηλῶν
474 5450 580 5505 τόν
610 5452 851 5520 Κύριον,
878 5451 1124 5522 εὑρήσει
1145 5453 1372 5525 γνῶσιν
1387 5457 1537 5527 μετά
1560 5458 1649 5513 δι-

1764 4554 1873 4609 Dco
1897 4564 2200 4625 acceptam,
2233 4569 2318 4613 est
2350 4564 2661 4630 puriﬁcatio
2696 4571 3014 4635 passionum
3052 4554 3148 4641 per
3174 4591 3338 4643 opera

1764 4647 1985 4700 malitiae
2042 4652 2329 4718 opposita;
2392 4669 2518 4708 cum
2560 4656 2654 4709 illa
2689 4666 2744 4712 et
2809 4660 3091 4729 profectus
3128 4674 3179 4718 et
3214 4681 3341 4735 pro-

1762 4736 1944 4790 lectio.

1833 4864 1988 4929 Apud
2020 4863 2188 4916 Deum
2238 4869 2404 4937 magis
2451 4883 2661 4942 accepta
2730 4893 2889 4947 quam
2923 4882 3234 4950 sacriﬁcare
3255 4902 3343 4939 sa-

1761 4955 1987 5022 criﬁcia.
2034 4956 2205 5011 Multo
2236 4964 2548 5030 acceptiora
2619 4977 2747 5021 sunt
2792 4969 3023 5027 Domino
3066 4976 3339 5044 ejusmodi

1760 5062 1947 5115 opera,
1972 5063 2135 5116 quam
2158 5051 2480 5107 holocausta
2502 5056 2960 5116 irrationabilium
2980 5068 3338 5121 animalium:

1760 5143 1955 5209 spiritu
2017 5144 2161 5195 enim
2206 5147 2540 5203 mortiﬁcant
2597 5167 2841 5231 carnem,
2900 5173 3089 5227 quam,
3151 5170 3342 5216 sancta

1759 5233 2180 5289 conversatione
2214 5250 2337 5304 sua,
2376 5239 2429 5292 in
2460 5239 2566 5297 Deo
2589 5252 2806 5314 gratum
2852 5248 3183 5304 sacriﬁcium
3219 5269 3343 5323 per-

1760 5322 1969 5378 liciunt.

1832 5455 1938 5522 Qui
1988 5460 2178 5527 quwrit
2248 5460 2568 5532 Dominum},
2607 5465 2829 5523 inveniet
2900 5471 3177 5526 scientiam
3224 5490 3343 5530 cum

72 5542 424 5607 καιοσύνης,
462 5541 520 5595 '0
554 5543 689 5595 Θεοῦ
721 5544 997 5615 ἐπιτυχεῖν
1055 5548 1363 5617 ἐφιέμενος,
1396 5549 1647 5615 τεύξεται

1784 5552 1991 5606 nstitia.
2034 5549 2138 5617 Qui
2188 5552 2279 5606 Dei
2323 5558 2651 5626 assequendi
2695 5561 2929 5631 cupidus
2974 5574 3081 5631 est,
3119 5580 3343 5638 coinpa-

72 5633 169 5703 τῆς
192 5633 515 5703 ἐμπράκτου
542 5635 798 5702 γνώσεως
818 5637 925 5689 τῶν
954 5638 1127 5707 ἁγίων
1170 5639 1335 5693 αὑτοῦ
1392 5641 1644 5700 ἐντολῶν.

142 5741 292 5799 Οἱδὲ
321 5741 506 5815 ὀρθῶς
537 5741 855 5818 ζητοῦντες
906 5747 1115 5819 αὑτὸν,
1160 5749 1535 5821 εὑρήσουσιν
1570 5755 1649 5809 εί·

1757 5646 1905 5700 rabit
1936 5646 2040 5702 sibi
2068 5650 2366 5717 practicam
2397 5652 2684 5709 scientiam
2707 5656 3092 5715 mandatorum
3121 5663 3265 5731 ejus.

1827 5758 1932 5827 Qui
1982 5770 2119 5816 recte
2182 5766 2454 5846 requirunt
2489 5784 2628 5837 eum,
2681 5770 2937 5827 invenient
2979 5790 3181 5845 pacem.
3217 5778 3342 5843 Qui,
