4054 6496
599 319 741 385 1383
1932 312 2283 376 PROCOPII
2314 312 2557 376 GAZAZI
3751 310 3901 377 1384

594 430 901 489 secundum
935 427 1205 492 ordinem,
1242 432 1392 481 recte
1425 423 1494 479 ad
1528 423 1819 481 Dominum
1851 425 2183 494 procedunt,

2303 424 2505 493 orjrnr.
2528 427 2592 478 Οἱ
2617 426 2673 479 δὲ
2705 425 2846 479 κατὰ
2860 423 3015 491 τάξιν
3042 423 3470 496 εὐθυποροῦντες
3501 427 3636 498 πρὸς
3652 428 3896 495 Κύριον.

596 538 776 594 neque
810 519 1026 576 delectu
1053 517 1279 573 virtutis
1323 532 1502 585 neque
1534 531 1764 571 excessu
1794 515 1849 571 in
1902 519 2190 587 passiones

2303 519 2394 570 καὶ
2444 520 2582 586 μήτε
2610 516 2746 586 πρὸς
2764 516 2839 569 -τὰ
2881 515 3006 570 κατ’
3040 516 3284 586 ἔλλειψιν
3334 521 3431 586 τῆς
3462 518 3667 587 ἀρετῆς
3704 516 3897 586 πάθη,

595 614 811 672 deversi
862 612 1089 679 fuerint,
1148 608 1614 680 perfectissimam
1683 607 2189 679 impassibilitalem

2303 609 2437 679 μήτε
2464 608 2604 677 πρὸς
2628 608 2696 661 τὰ
2728 607 2857 660 καθ’
2883 607 3192 679 ὑπερϐολὴν
3219 608 3571 677 τρεπόμενοι,
3600 608 3899 661 τελειοτάο

608 710 689 780 (in
716 715 983 778 quantum
1019 703 1233 759 homini
1262 702 1547 774 possibile)
1575 701 1973 772 obsequenter.

667 816 876 872 Cuncta
907 831 1064 883 opera
1089 814 1305 867 Domini
1326 824 1444 867 cum
1469 811 1885 883 justitia.Justa
1913 818 2043 866 sunt
2072 825 2192 863 om-

596 908 715 973 nia,
758 922 1102 977 quaecunque
1149 920 1329 959 rerum
1368 915 1695 958 cunctarum
1753 902 2016 958 Dominus
2056 902 2188 956 etre-

597 1001 755 1055 ccrit.
791 1000 847 1053 Si
882 1000 1060 1053 bonus
1090 998 1365 1068 alnigitur,
1399 997 1656 1067 praesenti
1689 1005 1933 1066 tempore
1954 997 2191 1066 castiga-

597 1101 689 1145 tur
720 1091 776 1144 in
805 1092 1008 1157 quibus
1042 1098 1305 1158 tanquam
1335 1088 1500 1142 homo
1527 1086 1785 1156 deliquit;
1824 1088 1900 1141 ita
1930 1095 1987 1140 ut
2018 1087 2071 1141 in
2103 1086 2188 1142 Ῑιιο

599 1189 725 1233 turo
779 1179 929 1233 solas
984 1178 1251 1233 bonorum
1312 1191 1538 1246 onerum
1601 1176 1990 1232 retributiones
2036 1190 2192 1231 rece-

600 1283 814 1341 pturtts.

677 1382 1021 1439 Custodielur
1046 1382 1241 1449 tmpius
1268 1382 1323 1435 in
1382 1381 1520 1435 diem
1562 1381 1780 1435 malam.
1821 1380 2084 1436 Servatur
2132 1381 2186 1435 in

599 1471 855 1542 praesenti
889 1470 1038 1533 felix,
1072 1470 1163 1539 qui
1207 1469 1372 1523 Deum
1409 1485 1503 1539 per
1541 1468 1681 1523 bona
1727 1485 1892 1539 opera
1943 1484 2048 1523 non
2092 1468 2190 1523 lto-

600 1571 781 1617 norat.
810 1560 1169 1629 Long-animis
1193 1568 1279 1615 est
1305 1559 1450 1616 Deus
1481 1562 1649 1615 relate
1702 1560 1770 1615 ad
1815 1561 1966 1615 illum
2014 1576 2188 1631 usque

601 1652 655 1705 in
681 1652 821 1705 diem
856 1652 949 1704 ἧπτε
967 1659 1020 1704 et
1039 1649 1541 1714 tnanil‘estationis;
1579 1667 1724 1706 nunc
1763 1653 2022 1707 retribuit
2046 1655 2187 1707 bona

2291 714 2413 769 της,
2450 696 2526 760 ὡς
2561 697 2782 765 ἐφικτὸν
2825 697 3120 769 ἀνθρώπῳ,
3148 696 3423 760 ἀπαθείας
3461 698 3898 769 ἀξιωθήσονται.

2363 814 2426 862 ε’.
2471 806 2675 861 Πάντα
2717 807 2787 861 τὰ
2810 810 2955 878 ἔργα
2992 809 3216 878 Κυρίου
3258 810 3413 879 μετὰ
3466 808 3899 875 δικαιοσύνης.

2291 897 2494 955 Δίκαια
2546 900 2726 953 πάντα
2776 900 2879 952 ὅσα
2913 899 2981 953 ἂν
3009 899 3038 951 ὁ
3070 900 3179 951 τῶν
3213 900 3351 953 ὅλων
3385 901 3661 969 Δεσπότης
3692 902 3838 969 ποιῇ
3881 916 3898 929 ’

2291 990 2396 1045 κᾶν
2418 990 2624 1059 ἀγαθὸς
2644 991 2701 1044 δὲ
2736 990 2836 1061 μὲν
2869 993 3183 1063 δυσπραγῇ,
3208 993 3617 1063 τιμωρούμενος
3652 992 3809 1047 κατὰ
3838 992 3901 1045 τδ

2292 1085 2488 1155 παρὸν,
2521 1077 2597 1138 ὧν
2626 1084 2702 1148 ὡς
2726 1084 3017 1155 ἄνθρωπος
3040 1085 3469 1155 ἐπλημμέλησεν
3511 1103 3527 1116 ·
3548 1087 3700 1149 ὅπως
3740 1085 3901 1138 κατὰ

2289 1177 2351 1231 τὸ
2417 1177 2611 1247 μέλλον
2646 1177 2815 1249 μόνας
2851 1177 2961 1233 τῶν
3010 1177 3233 1247 ἀγαθῶν
3286 1178 3466 1249 ἔργων
3500 1179 3741 1248 λήψεται
3794 1179 3904 1240 τὰς

2291 1269 2414 1323 ἀντι
2421 1268 2666 1339 μισθίας.
3582 1304 3591 1309 ,

2361 1385 2747 1440 Φυλάσσεται
2785 1384 2855 1438 δὲ
2896 1385 2931 1436 ὁ
2973 1384 3204 1453 ἀσεϐὴς
3254 1386 3343 1452 εις
3397 1387 3627 1455 ἡμέραν
3663 1385 3903 1453 κακήν.

2291 1478 2370 1548 Τη
2382 1480 2554 1548 ρεῖται
2588 1478 2645 1531 δὲ
2674 1477 2971 1548 εὐπραγῶν
3010 1477 3152 1532 κατὰ
3176 1477 3239 1531 τὸ
3271 1478 3464 1548 παρὸν,
3492 1481 3521 1532 ὀ
3554 1480 3631 1549 μὴ
3659 1479 3729 1532 δι’
3755 1481 3909 1545 ἀγαο

2291 1567 2549 1639 θοεργίας
2596 1569 2773 1640 τιμῶν
2802 1569 2896 1622 τὸν
2919 1568 3053 1622 Θεόν
3088 1585 3102 1597 ·
3163 1569 3655 1640 μακροθυμοῦντος
3687 1570 3907 1622 τούτου

2292 1659 2380 1711 ἐπ’
2408 1657 2576 1729 αὐτῷ,
2610 1654 2715 1722 ἕως
2739 1660 2954 1731 ἡμέρας
2988 1658 3158 1729 ὀργῆς
3186 1659 3283 1713 καὶ
3328 1659 3752 1729 ἀποκαλύψεως,
3803 1662 3907 1711 καὶ

599 1745 730 1814 quia
770 1743 979 1813 pulchri
1017 1744 1146 1812 quid
1180 1744 1352 1812 egerit
1384 1743 1510 1797 ille:
1540 1744 1646 1797 scit
1670 1744 1815 1798 enim
1852 1744 1999 1799 Deus
2023 1745 2184 1799 talem

2303 1750 2639 1812 ὶποδιδόντος
2660 1749 2812 1819 αὑτῷ
2842 1750 3023 1818 ἀγαθὰ
3046 1749 3161 1815 νῦν,
3191 1748 3312 1802 ἀνθ’
3340 1750 3464 1803 ὅτου
3505 1751 3825 1819 εἰργάσατό
3853 1767 3907 1801 τι

600 1837 919 1899 hominem,
961 1837 1162 1889 exltiuc
1216 1836 1527 1897 dolorosus,
1586 1835 1653 1888 ad
1724 1844 1872 1889 recta
1910 1852 2188 1907 nunquam

599 1942 724 1982 esse
752 1924 1150 1979 reducendum.

672 2035 841 2094 Vens.
868 2039 955 2092 l0.
996 2037 1265 2093 Divinatio
1296 2037 1349 2090 in
1379 2036 1534 2093 labiis
1561 2036 1718 2106 regis.
1760 2037 1819 2088 In
1849 2036 2192 2092 sermonibus

597 2131 825 2184 omnino
857 2132 1001 2200 regis
1040 2131 1130 2185 Dei
1163 2130 1472 2184 futurorum
1502 2138 1584 2183 est
1617 2130 1878 2199 pronotio
1913 2147 1927 2184 :
1976 2129 2191 2200 suppli-

599 2220 684 2273 eia
716 2232 916 2275 aeterna
950 2223 1192 2273 minatur
1232 2219 1657 2289 peccatoribus:
1693 2220 1837 2273 bona
1891 2230 2074 2273 autem
2112 2219 2195 2273 in-

603 2313 758 2365 linita
801 2314 1068 2384 promittit
1121 2314 1253 2375 illis,
1310 2312 1403 2383 qui
1486 2312 1864 2367 indesinenter
1933 2311 2194 2367 mandata

600 2408 723 2478 ejus
749 2413 937 2460 sancta
971 2404 1282 2476 perﬁciunt.

669 2604 733 2659 In
753 2604 960 2675 judicio
985 2620 1087 2658 non
1114 2604 1314 2658 errabit
1341 2621 1398 2659 os
1424 2604 1559 2673 ejus.
1601 2604 1787 2659 Relate
1838 2603 1906 2659 ad
1948 2604 2192 2659 futurum

593 2695 866 2766 judicium
904 2696 1273 2765 superjustos
1302 2701 1357 2749 et
1392 2703 1712 2765 peccatores
1735 2696 2045 2765 justissima
2101 2696 2193 2752 Dei

601 2782 902 2847 sententia,
937 2782 1146 2850 absque
1180 2796 1372 2837 errore
1402 2789 1489 2837 est
1516 2799 1530 2836 :
1557 2782 1745 2853 itaque
1774 2783 1874 2837 hos
1901 2783 2190 2855 justiticat,

606 2872 734 2929 illos
765 2882 949 2928 autem
975 2873 1329 2928 condemnat.

2294 1845 2479 1908 καλὸν,
2505 1843 2694 1913 ἐπειδὴ
2722 1839 2832 1895 οἶδε
2863 1841 3053 1897 τοῦτον
3082 1842 3160 1913 μὴ
3196 1840 3287 1895 διὰ
3310 1842 3421 1895 τῶν
3445 1842 3683 1898 ἐνταῦθα
3703 1842 3907 1912 λυπη-

2298 1934 2405 2005 ρῶν
2434 1933 2769 2004 διορθωθησό
2777 1949 2961 2003 μενον.

2362 2053 2414 2100 ι’.
2444 2046 2743 2100 Μαντεῗον
2771 2046 2871 2099 ἐπὶ
2902 2044 3134 2115 χείλεσι
3159 2043 3487 2119 βασιλέως.
3532 2043 3620 2096 Ἐν
3650 2044 3772 2106 τοῖς
3808 2043 3905 2097 λό-

2294 2155 2412 2209 γοις
2440 2138 2532 2192 τοῦ
2562 2138 2951 2209 παμϐασιλέως
2982 2137 3141 2204 Θεοῦ,
3166 2139 3201 2208 ἡ
3230 2137 3341 2191 τῶν
3368 2136 3673 2205 μελλόντων
3704 2136 3901 2188 Eva“.

2297 2232 2607 2303 πρόγνωσις
2668 2246 2683 2261 ·
2758 2230 3117 2294 ἀπειλοῦντος
3199 2230 3301 2299 μὲν
3363 2231 3476 2292 τοῖς
3532 2228 3901 2298 ἀμετανόητα

2303 2324 2715 2396 ἁμαρτάνουσιν
2754 2324 2973 2378 αἰώνιον
3012 2324 3235 2377 κόλασιν
3267 2364 3283 2389 ,
3317 2321 3804 2392 ἐπαγγελλομένου
3838 2321 3902 2373 δὲ

2296 2420 2411 2478 τοῖς
2476 2416 2905 2488 ἁπαραλείπτως
2946 2416 3342 2486 ἐργαζομένοις
3360 2414 3462 2478 τὰς
3491 2413 3655 2482 ἁγίας
3714 2411 3902 2466 αὑτοῦ

2296 2508 2540 2572 ἐντολὰς,
2572 2509 2640 2561 τὰ
2663 2508 3000 2578 ἀτελεύτητα
3031 2507 3230 2576 ἀγαθά.

2379 2623 2484 2676 Ἐν
2505 2621 2573 2676 δὲ
2598 2623 2794 2691 κρίσει
2847 2623 2920 2675 οὐ
2942 2619 3029 2690 μὴ
3055 2618 3338 2687 πλανηθῇ
3360 2619 3427 2672 τὸ
3456 2619 3651 2687 στόμα
3671 2616 3899 2670 αὐτοῦ.

2309 2714 2375 2767 ἹΙ
2415 2714 2473 2767 δὲ
2527 2714 2669 2768 κατὰ
2722 2713 2822 2785 τὴν
2860 2713 3164 2784 μέλλουσαν
3222 2712 3406 2783 κρίσιν
3458 2711 3549 2765 ἐπί
3568 2728 3624 2763 τε
3666 2712 3787 2770 τοῖς
3820 2709 3904 2761 δι-

2302 2807 2479 2869 καίοις
2512 2808 2607 2859 καὶ
2635 2808 2746 2867 τοῖς
2778 2804 3124 2877 ἁμαρτωλοῖς
3162 2804 3479 2872 δικαιοτάτη
3522 2802 3718 2856 τούτου
3756 2800 3906 2855 17:6-

2299 2915 2485 2967 φασις,
2522 2897 2774 2969 ἁπλανής
2794 2900 2941 2951 ἐστιν
2957 2936 2974 2962 ,
3009 2896 3086 2960 ὡς
3114 2895 3331 2967 ἀληθῶς
3347 2895 3472 2958 τοὺς
3496 2894 3591 2965 μὲν
3612 2892 3907 2948 δικαιοῦν-

2299 3004 2411 3052 τος,
2441 2989 2566 3052 τοὺς
2593 2989 2652 3042 δὲ
2688 2990 3135 3059 κατακρίνοντας.

672 3084 835 3141 Vens.
860 3086 879 3139 1
900 3087 944 3142 ι.
967 3084 1185 3140 Pondus
1214 3087 1451 3151 trutina,
1469 3087 1683 3157 iustitia
1706 3087 1847 3154 apud
1887 3088 2191 3143 Dominum.

2382 3106 2472 3160 ια’.
2514 3103 2693 3171 Ῥοπὴ
2749 3102 2947 3173 ζυγοῦ,
3003 3102 3359 3170 δικαιοσύνη
3413 3101 3572 3169 παρὰ
3636 3100 3899 3168 Kvplcv.

606 3176 786 3233 Veluti
814 3187 1017 3233 statera
1045 3178 1111 3232 ad
1145 3179 1324 3248 majus
1367 3180 1579 3248 pondus
1615 3181 1868 3245 inclinat,
1907 3182 1986 3235 sic
2009 3198 2188 3236 rerum

2303 3196 2503 3269 υἷάπερ
2540 3216 2623 3260 τις
2657 3196 2821 3264 ζυγὸς
2852 3195 2988 3265 πρὸς
3018 3194 3079 3247 τὸ
3116 3194 3299 3248 πλεῖον
3334 3194 3435 3263 τῆς
3485 3193 3656 3262 ὁλκῆς
3677 3194 3899 3263 ῥέπων,

600 3272 844 3327 omnium
887 3270 1100 3325 Domini
1126 3271 1361 3339 justitia,
1384 3286 1571 3341 quam,
1602 3271 1655 3325 in
1679 3272 1766 3326 die
1794 3272 2006 3341 judicii,
2025 3288 2193 3343 opera

600 3374 790 3422 nostra
817 3365 958 3419 bona
1000 3373 1055 3417 et
1076 3365 1219 3417 mala
1249 3363 1575 3433 ponderabit
1605 3382 1619 3431 ;
1646 3365 1692 3419 si
1755 3366 2004 3434 graviora
2042 3367 2195 3421 inve-

603 3459 748 3513 nerit
774 3473 941 3528 opera
966 3458 1131 3521 bona,
1179 3456 1524 3527 justilicabit,
1550 3457 1630 3511 sic
1651 3466 1831 3513 autem
1865 3460 2026 3523 mala,
2060 3475 2194 3514 con-

602 3545 903 3600 dettmabit.

678 3660 849 3725 Opera
883 3655 998 3725 ejus
1020 3654 1252 3711 lancula:
1277 3655 1467 3725 justw.
1521 3654 1788 3711 Beneﬁcia
1814 3656 1935 3725 ejus
1954 3673 2109 3729 atque
2136 3659 2193 3713 in

602 3762 797 3805 omnes
827 3747 1213 3803 etl'undentur:
1275 3749 1329 3801 in
1366 3747 1776 3803 resurrectione
1809 3749 1959 3804 dabit
2010 3751 2192 3805 omni-

607 3841 711 3896 bus
773 3842 1239 3911 incorruptionem
1288 3843 1587 3897 voluntatis
1630 3849 1685 3895 et
1730 3851 1960 3904 naturae,
2011 3845 2083 3896 ita
2136 3853 2195 3899 ut

605 3950 709 3988 nec
740 3934 960 3989 malitiae
1002 3951 1103 3990 nec
1138 3937 1299 3990 morti
1332 3936 1564 4006 subjecti
1596 3915 1998 4002 sint;'attamen
2026 3952 2196 3992 unus-

603 4028 858 4096 quisque,
910 4044 1009 4098 pro
1060 4029 1275 4084 ratione
1333 4029 1604 4084 factorum
1634 4032 1688 4087 in
1756 4030 1863 4085 vita
1917 4046 2037 4097 sua,
2108 4045 2194 4085 re-

604 4122 794 4190 cipiet.

686 4251 853 4309 Vens.
890 4252 978 4308 12.
1011 4252 1355 4307 Abominatio
1380 4255 1488 4325 regi
1512 4256 1713 4323 faciens
1757 4256 1924 4310 mala.
1976 4255 2193 4311 Invisus

604 4352 688 4398 est
728 4345 917 4397 mundi
962 4343 1214 4409 Domino,
1264 4348 1356 4414 qui
1403 4360 1567 4414 opera
1633 4345 1759 4398 facit
1818 4355 2010 4399 contra
2072 4344 2193 4415 ejus

605 4442 913 4503 prmcepta;
944 4434 1142 4488 etenim
1179 4450 1274 4504 per
1330 4452 1470 4501 eam,
1505 4453 1624 4504 qua:
1662 4437 1817 4506 juxta
1877 4439 2023 4506 leges
2048 4437 2189 4490 divi-

604 4539 708 4579 nas
750 4535 859 4587 est,"
888 4527 1381 4594 conversationem,
1411 4528 1698 4582 ordinatur
1732 4527 1909 4580 anima
1939 4542 2036 4581 ceu
2068 4526 2187 4596 qui-

604 4617 728 4671 dam
784 4618 1017 4672 thronus
1071 4618 1137 4673 ad
1185 4604 1681 4688 requiescendum;
1713 4617 1796 4675 sic
1826 4618 1881 4673 in
1914 4633 1978 4674 ea
2020 4618 2186 4684 Deus,

604 4726 789 4766 rerum
821 4711 1067 4764 omnium
1106 4725 1295 4765 causa.

678 4818 815 4874 Cum
856 4818 1070 4887 jus::'tia
1103 4828 1441 4887 pra'paratur
1490 4817 1708 4872 thronus
1748 4817 1972 4887 imperii.
2024 4815 2190 4871 Valde

607 4910 979 4979 accrptabiles
1010 4920 1144 4966 sunt
1182 4911 1289 4965 Deo
1314 4913 1557 4965 omnium
1591 4912 1703 4981 regi
1736 4922 1785 4965 et
1811 4909 2010 4980 cupido
2032 4917 2085 4963 et
2107 4910 2189 4961 in-

603 4999 867 5077 dignatio,
890 4998 1189 5053 secundttm
1215 5007 1423 5053 rectum
1447 4998 1712 5068 judicium
1740 4998 2037 5052 ordinath
2074 4996 2189 5049 haec

605 5104 751 5143 entm
797 5088 999 5143 bonum
1053 5089 1249 5161 diligit,
1294 5088 1385 5144 illa
1418 5097 1601 5145 autern
1650 5089 1854 5143 malum
1907 5087 2190 5143 abomina-

602 5188 714 5235 tur.

679 5290 848 5347 Vens.
884 5293 971 5346 15.
1001 5290 1167 5347 Grata
1188 5294 1297 5363 regi
1318 5294 1646 5362 labiajusta.
1677 5291 1859 5362 Diligit
1887 5303 2188 5353 sermones,

605 5384 698 5453 qui
735 5385 1021 5439 veritatem
1054 5384 1389 5439 conﬁtentur
1419 5393 1472 5437 et
1524 5383 1870 5437 mandacium
1924 5397 2031 5434 non
2088 5379 2192 5433 tin-

602 5484 736 5547 gunt
764 5487 988 5547 propter
1017 5476 1269 5531 timorem
1306 5475 1609 5530 hominum.

664 5587 826 5643 Vens.
877 5588 965 5644 H.
998 5587 1093 5642 Ira
1142 5589 1298 5659 regis,
1332 5589 1548 5641 nuntius
1599 5584 1958 5640 mortis.Cum
2006 5597 2203 5637 rerum

601 5679 846 5731 Omnium
892 5678 1176 5739 Dominus.
1212 5676 1521 5733 secundum
1571 5676 1840 5746 judicium
1886 5683 1939 5729 et
1973 5674 2036 5728 ad
2068 5688 2191 5727 cor-

602 5770 926 5842 rectionem,
962 5772 1349 5830 tribulationes
1380 5772 1435 5828 in
1474 5771 1726 5842 praesenti
1759 5768 1992 5838 inducit,
2023 5766 2191 5825 veluti

2293 3290 2465 3351 οὕτως
2483 3292 2516 3358 ἡ
2547 3286 2641 3342 τοῦ
2673 3290 2736 3339 As
2746 3286 2942 3339 σπότου
2963 3285 3073 3338 τῶν
3091 3286 3228 3339 ὅλων
3252 3284 3589 3355 δικαιοσύνη,
3613 3284 3683 3337 τὰ
3704 3284 3902 3351 ἀγαθὰ

2293 3382 2452 3454 ἡμῶν
2478 3382 2613 3453 ἔργα
2637 3382 2729 3433 καὶ
2751 3381 2817 3433 τὰ
2842 3379 3073 3451 πονηρὰ,
3090 3380 3148 3430 ὲν
3178 3378 3362 3448 ἡμέρᾳ
3391 3376 3650 3447 κρίσεως,
3677 3376 3893 3428 ταλαν-

2292 3476 2528 3531 τεύουσα
2565 3492 2579 3505 ·
2612 3474 2706 3528 καὶ
2746 3475 2793 3527 εἰ
2820 3474 2919 3543 μὲν
2950 3474 3020 3525 τὰ
3048 3471 3193 3525 καλὰ
3244 3471 3382 3540 ἔργα
3408 3470 3630 3522 πλείονα
3654 3468 3892 3539 εὑρεθῇ,

2285 3568 2579 3623 δικαιοῦσα
2611 3584 2626 3599 ’
2657 3566 2783 3619 εἰδὲ
2804 3565 2874 3619 τὰ
2906 3564 3077 3629 κακὰ,
3105 3562 3536 3631 κατακρίνουσα.

2372 3681 2450 3736 Τὰ
2474 3680 2542 3734 δὲ
2564 3682 2709 3748 ἔργα
2742 3664 2967 3743 αὐτοῦ,¹
2988 3676 3247 3745 στὰθμια
3296 3675 3521 3729 δίκαια.
3546 3674 3611 3727 Αἱ
3648 3672 3697 3726 δ’
3728 3672 3896 3742 εὔερ-

2294 3773 2477 3841 γεσίαι
2502 3771 2694 3824 τούτου
2758 3770 2953 3840 ἐπίσης
2976 3769 3057 3831 εἰς
3088 3769 3295 3830 πάντας
3316 3765 3894 3836 ὲκκέχυνται,δωρου-

2298 3861 2462 3933 μένου
2497 3863 2662 3915 πᾶσιν
2693 3862 2749 3912 ὲν
2770 3862 2836 3929 τῇ
2887 3858 3185 3912 ἀναστάσει
3216 3857 3279 3909 τὸ
3326 3859 3428 3925 τῆς
3496 3856 3891 3927 προαιρέσεως

2296 3956 2392 4008 καὶ
2420 3954 2482 4007 τὸ
2510 3954 2609 4021 τῆς
2636 3952 2855 4022 φύσεως
2875 3951 3155 4021 ἄφθαρτον
3192 3964 3207 3980 ο
3264 3949 3343 4013 ὼς
3372 3949 3573 4012 κακίας
3598 3949 3695 4001 καὶ
3722 3946 3891 4000 θανά-

2294 4064 2389 4101 του
2422 4046 2619 4117 μηκέτι
2670 4044 3080 4115 ἐνεργουμένων
3115 4061 3129 4075 ’
3178 4043 3284 4097 κᾶν
3331 4042 3562 4103 ἕκαστος
3602 4039 3890 4102 ἀναλόγως

2273 4138 2662 4212 ,ἀπολαμὸἀνῃ
2687 4140 2800 4202 τοῖς
2845 4136 3264 4207 πεπραγμένοις
3291 4135 3349 4189 ὲν
3399 4136 3466 4204 τῇ
3504 4131 3670 4186 αὑτοῦ
3706 4130 3885 4201 βιοτῇ.

2370 4248 2459 4320 ιβ’.
2485 4248 2801 4318 Βδέλυγμα
2828 4247 3087 4312 ,βασιλεῖ
3105 4249 3137 4299 ό
3158 4244 3347 4299 ποιῶν
3402 4243 3581 4298 κακά.
3631 4242 3885 4311 Μισητός

2297 4343 2413 4395 ἐστι
2444 4340 2523 4410 τῷ
2562 4339 2658 4394 τοῦ
2698 4338 2900 4403 παντὸς
2953 4339 3217 4411 Δεσπότῃ,
3248 4336 3308 4401 ὃς
3366 4336 3436 4390 τὰ
3500 4334 3627 4402 παρ’
3663 4333 3885 4403 ἐντολὴν

2298 4431 2465 4485 αὑτοῦ
2487 4431 2627 4502 ἔργα
2651 4434 2796 4485 ποιεῖ
2830 4446 2844 4460 ⁸
2876 4431 2964 4486 διὰ
3016 4431 3126 4501 γὰρ
3152 4430 3248 4501 τῆς
3279 4427 3423 4483 κατὰ
3450 4428 3650 4498 νόμους
3702 4425 3884 4486 θείους

2292 4524 2570 4588 πολιτείας
2619 4524 2996 4596 εὐτρεπίζεται
3038 4524 3071 4594 ἡ
3135 4522 3281 4593 ψυχὴ
3325 4522 3407 4583 εἰς
3471 4520 3530 4573 τὸ
3578 4517 3884 4573 ἀναπαύειν

2292 4616 2369 4682 ὣς
2395 4634 2478 4681 τις
2506 4616 2715 4688 θρόνος,
2746 4617 2831 4687 ἐφ’
2873 4618 3039 4687 ἑαυτῇ
3080 4615 3236 4680 Θεὸν,
3292 4613 3393 4684 τὴν
3427 4612 3648 4666 πάντων
3676 4610 3878 4664 αἰτίαν.

2378 4813 2541 4870 Μετὰ
2566 4813 2676 4883 τὰρ
2702 4812 3093 4878 δικαιοσύνης
3148 4809 3507 4878 ἐτοιμὰζεται
3530 4810 3747 4877 θρόνος
3773 4809 3877 4876 ἀρ·

2309 4905 2448 4975 χῆς.
2504 4905 2889 4976 Εὐπρνῖσδεκτα
2944 4904 3064 4974 Θεῷ
3115 4903 3190 4973 τῷ
3236 4902 3452 4954 πάντων
3508 4899 3737 4970 βασιλεῖ,
3766 4900 3875 4969 ἦτε

2294 4995 2559 5065 ἐπιθυμία
2590 4995 2683 5048 καὶ
2714 4995 2744 5047 ὁ
2776 4992 2966 5063 θυμὸς,
2995 4994 3124 5046 ὅταν
3162 4992 3280 5044 κατ’
3316 4989 3483 5060 ὀρθὴν
3512 4989 3763 5061 κρίσιν,ή
3783 4988 3875 5058 μὲν

2294 5088 2356 5142 τὸ
2381 5088 2585 5157 ἀγαθὸν
2621 5086 2785 5155 φιλεῖ,
2834 5087 2862 5139 ὁ
2891 5085 2947 5138 δὲ
2982 5084 3044 5138 τὸ
3074 5083 3239 5138 κακὸν
3274 5081 3647 5153 βδελύττηται.

2375 5290 2467 5352 ιγ’.
2502 5285 2690 5339 Δεκτὰ
2713 5284 2975 5349 ,βασιλεῖ
3006 5286 3178 5353 χειλη
3208 5285 3427 5339 δίκαια.
3471 5285 3799 5350 Ἀσπάζεται
3826 5285 3867 5337 δ’

2293 5371 2447 5441 οὗτος
2476 5382 2602 5440 τοὺς
2636 5376 3030 5447 ὁμολογοῦντας
3065 5377 3128 5429 τδ
3168 5377 3367 5446 ἀληθὲς
3422 5377 3639 5445 λόγους,
3673 5379 3764 5431 καὶ
3791 5378 3857 5447 μὴ

2294 5469 2757 5541 ὑποκρινομένους
2791 5467 2851 5521 τὸ
2899 5467 3094 5538 ψεῦδος
3121 5468 3206 5521 διὰ
3242 5469 3407 5538 φόϐον
3436 5468 3796 5538 ἀνθρώπινον.

2370 5583 2451 5636 ιδ’.
2505 5585 2702 5652 Θυμύς
2748 5582 3097 5649 βασιλέως,
3165 5581 3421 5651 ἅγγελος
3480 5583 3761 5635 θανάτου.
3802 5581 3855 5631 Ἡ

2292 5676 2435 5729 κατὰ
2468 5675 2646 5744 κρίσιν
2679 5674 2771 5727 τοῦ
2805 5674 3075 5728 Δεσπότου
3106 5675 3215 5726 τῶν
3247 5674 3384 5727 ὅλων
3448 5676 3710 5742 ἐπαγωγὴ
3739 5674 3861 5745 πρὸς

2292 5764 2601 5837 διόρθωσιν,
2651 5765 2760 5821 τῶν
2805 5764 2951 5821 κατὰ
3009 5766 3069 5817 τὸ
3129 5764 3303 5834 παρὸν
3349 5762 3633 5835 θλιδεμῖιν,
3663 5763 3735 5827 ὥς
3783 5776 3860 5824 τις
