4054 6560
227 411 356 474 1385

1225 404 1759 466 COMMENTARII
1821 405 1903 466 IN
1943 407 2396 468 PROVERBIA.

219 526 442 596 ἅγγελος
467 520 773 593 προμηνύει
800 521 899 590 τὴν
927 519 1021 570 ἐπὶ
1039 519 1152 582 τοῖς
1198 518 1588 591 ἀμετανοήτοις
1637 519 1775 574 κατὰ

1901 522 1998 590 [uis
2021 523 2250 577 nuntius
2281 525 2744 592 impcenitentibus
2766 525 3011 596 praedicit
3042 525 3164 580 illos
3185 526 3238 579 in
3264 523 3446 580 futuro

216 619 276 673 τὸ
297 617 484 691 μέλλον
514 615 770 686 στέρησιν
797 613 985 694 αὐτοῦ,
1007 611 1106 682 τῆς
1131 611 1300 675 ὄντως
1327 611 1494 682 ζωῆς.

297 752 464 819 Ἀνὴρ
487 749 554 803 δὲ
577 748 790 818 σοφὸς,
818 746 1162 812 ἑξιλάσεται
1189 747 1398 801 αὐτόν,
1427 746 1698 809 Γενναίως
1726 746 1780 800 δ’

220 843 513 914 ὑπομείνας
559 843 628 894 τὰ
672 838 914 907 ἀλγεινά,
973 839 1000 891 ὁ
1049 837 1299 890 ἐντεῦθεν
1333 838 1392 890 ὲν
1435 838 1783 908 συναισθήσει

220 935 505 1006 γενόμενος
557 932 663 985 τῶν
693 930 910 984 οἰκείων
968 928 1480 1000 πλημμελημάτων,
1536 927 1632 982 καὶ
1682 927 1786 997 τῆς

219 1028 303 1080 ἐπ’
340 1027 522 1088 αὐτοῖς
548 1021 850 1094 μελλούσης
880 1021 1179 1086 κολάσεως,
1215 1021 1312 1074 καὶ
1351 1019 1443 1074 τὸν
1475 1019 1606 1073 ἴδιον
1668 1018 1784 1088 βίον

219 1119 671 1191 διορθωσάμενος,
699 1115 792 1172 τὸν
822 1114 922 1185 μὲν
983 1113 1153 1184 θυμὸν
1204 1112 1372 1166 αὐτοῦ
1426 1112 1784 1182 ἀποστρέψει.

222 1209 576 1262 ἐπισπάσεται
609 1206 666 1258 δὲ
690 1205 788 1276 τὴν
818 1203 1126 1275 εὐμένειαν.

293 1350 370 1397 ιε’.
422 1342 517 1394 Ἑν
543 1338 688 1409 φωτί
717 1335 883 1406 ζωῆς,
912 1337 1043 1402 υἱὸς
1062 1333 1389 1400 βασιλέως.
1435 1333 1523 1384 Ἐν
1544 1331 1623 1400 τῷ
1651 1328 1791 1400 φωτὶ

223 1437 454 1506 ὑπάρχει
479 1432 587 1486 τῶν
612 1429 840 1484 ἐντολῶν
885 1429 980 1482 τοῦ
1010 1428 1111 1496 τῆς
1137 1425 1486 1495 δικαιοσύνης
1528 1422 1737 1483 Ἠλίου,
1762 1421 1791 1472 ὁ

221 1527 308 1582 διὰ
326 1526 426 1596 τῆς
451 1526 528 1587 είς
551 1523 683 1576 Θεὸν
701 1522 810 1576 ’καὶ
837 1521 930 1575 τὸν
958 1519 1186 1590 πλησίον
1234 1517 1476 1586 ἀγάπης,
1508 1515 1620 1578 υἱὸς
1650 1513 1794 1566 κατὰ

225 1619 381 1688 χάριν
417 1614 581 1670 αὐτοῦ
604 1611 698 1666 τοῦ
727 1614 950 1667 πάντων
974 1608 1324 1673 δεσπόζοντος
1352 1604 1603 1675 γενέσθαι
1626 1618 1794 1655 κατα-

225 1710 456 1776 ξιωθείς.

296 1827 360 1878 οἱ
384 1824 452 1877 δὲ
482 1819 844 1890 προσδεκτοὶ
893 1818 1075 1884 αὐτῷ,
1106 1817 1307 1886 ὥσπερ
1337 1816 1520 1885 νέφος
1555 1815 1793 1883 ὄψιμον.

227 1919 289 1971 Ol
319 1917 376 1970 δὲ
411 1914 826 1987 προσδεχόμενοι
861 1914 993 1982 παρ’
1023 1910 1215 1976 αὑτοῦ,
1243 1911 1316 1973 ὼς
1342 1910 1429 1962 διὰ
1460 1908 1557 1979 τὴν
1591 1908 1670 1968 είς
1699 1906 1794 1959 αὐ-

225 2010 317 2062 τὸν
336 2008 519 2061 πίστιν
537 2006 612 2078 τῷ
643 2005 794 2076 φόϐῳ
819 2004 926 2058 τῶν
957 2003 1232 2058 κολάσεων
1260 1999 1545 2063 δουλικῶς,
1570 1998 1678 2052 ἀπὸ
1700 1995 1794 2050 τοῦ

227 2099 492 2170 προτέρου
520 2099 620 2167 τῆς
643 2099 840 2160 κακίας
867 2095 1005 2167 βίου,
1023 2095 1118 2149 ἐπὶ
1139 2095 1283 2147 τέλει
1301 2094 1398 2164 τῆς
1427 2093 1634 2153 οἰκείας
1651 2087 1797 2158 ζωῆς

227 2195 665 2266 ἐπιστρέφοντες,
697 2195 790 2246 καὶ
835 2193 934 2255 τὰς
969 2190 1048 2260 τῷ
1109 2189 1338 2260 φλογμῷ
1373 2188 1482 2241 τῶν
1531 2185 1796 2240 ἑκουσίων

229 2290 438 2353 παθῶν,
494 2289 673 2359 πάσης
733 2287 1109 2357 πνευματικῆς
1181 2283 1384 2342 νοτίδος
1443 2279 1797 2352 στερηθείσας

226 2382 401 2452 ψυχὰς
433 2379 885 2450 καθυγραίνοντες
912 2381 978 2449 τῆ
997 2377 1084 2431 διὰ
1101 2375 1393 2440 κατάνυξιν
1413 2373 1522 2426 τῶν
1547 2369 1797 2442 δακρύων

233 2481 350 2550 ῥοῇ,
379 2475 560 2546 ὀψίμῳ
585 2475 795 2528 ἐοίκασι
821 2473 978 2543 νέφει
1028 2471 1124 2525 καὶ
1149 2469 1446 2542 δροσίζοντι
1472 2467 1569 2536 τὴν
1602 2465 1798 2536 ξηραν-

231 2569 412 2622 θεῖσαν
443 2567 545 2637 γῆν
570 2565 645 2636 τῷ
677 2564 888 2635 θερινοῦ
931 2563 1174 2634 φλογμοῦ
1202 2559 1464 2615 καύσωνι.

301 2685 396 2746 ις’.
421 2679 677 2735 Νοσσιαί
727 2678 948 2747 σοφίας
1005 2676 1379 2745 αἱρετώτεραι
1417 2671 1695 2749 χρυσίου.
1731 2671 1797 2723 Αἱ

227 2774 320 2828 τοῦ
359 2772 476 2836 νοὸς
493 2772 823 2843 θεωρητικαὶ
867 2770 1030 2836 ἕξεις,
1059 2771 1126 2833 ἃς
1167 2763 1320 2830 οὗτος
1359 2765 1583 2835 δυνάμει
1610 2762 1798 2832 σοφίας

229 2864 488 2935 πηγνύων
541 2865 599 2915 ὲν
656 2861 945 2932 πνεύματι,
1002 2859 1094 2914 ἐπί
1122 2877 1181 2913 τε
1205 2861 1272 2930 τῇ
1316 2855 1564 2926 αἰσθήσει
1608 2855 1701 2908 καὶ
1729 2855 1798 2922 τῇ

229 2956 519 3028 φαντασίᾳ,
571 2958 627 3009 ὲν
657 2955 880 3019 ταύταις
931 2954 1029 3016 τὰς
1063 2953 1189 3024 περὶ
1218 2951 1326 3005 τῶν
1369 2950 1535 3002 ὄντων
1579 2946 1800 3017 ἀληθεῖς

227 3051 385 3115 δόξας
423 3049 564 3103 κατὰ
617 3049 853 3104 διάνοιαν
882 3043 972 3101 οἶά
998 3063 1152 3108 τινας
1201 3042 1476 3112 ἀπογεννᾷ
1517 3041 1795 3104 νεοττοὺς,

231 3140 639 3211 προτιμώτεραι
676 3139 906 3211 όδρύζου
946 3137 1194 3208 χρυσίου,
1229 3135 1304 3198 ὡς
1327 3136 1384 3187 ὲν
1408 3134 1538 3203 πυρὶ
1566 3136 1684 3195 ταῖς
1709 3131 1799 3184 λο-

1882 628 2006 667 vera
2037 614 2145 668 vita
2174 615 2466 669 orbandos.

1966 749 2057 802 Vir
2083 751 2293 819 sapiens
2321 750 2629 820 propitiabit
2668 750 2842 805 illum.
2891 749 2995 816 Qui
3030 750 3286 806 dolorosa
3318 751 3450 804 viri-

1883 841 2006 894 liter
2044 841 2269 908 sull'ert,
2327 843 2457 897 hinc
2509 842 2853 913 propriorum
2911 843 3239 897 delictorum
3315 857 3454 897 con-

1890 935 2144 1002 scientia,
2167 935 2315 989 illius
2345 943 2522 990 autem
2544 935 2709 990 futuri
2729 935 3008 1004 supplicii,
3029 949 3183 988 suam
3213 933 3378 988 vitam
3398 934 3450 988 iu

1887 1025 2082 1080 melius
2117 1027 2349 1092 reducit,
2382 1027 2518 1081 iram
2554 1027 2648 1083 Dei
2675 1029 2945 1082 avertitet
2971 1027 3091 1095 cjus
3123 1025 3454 1082 benevolen-

1887 1116 2018 1170 tiam
2050 1116 2153 1172 sibi
2181 1125 2485 1188 comparat.

1962 1340 2128 1396 Vens.
2160 1340 2246 1394 15.
2271 1340 2334 1394 In
2352 1339 2546 1393 lumine
2561 1339 2680 1392 vita:
2694 1339 2836 1408 ﬁlius
2854 1337 3028 1408 Regis.
3051 1337 3105 1390 In
3122 1337 3328 1392 lumine
3349 1335 3461 1407 agit

1893 1433 2269 1487 mandatorum
2294 1430 2440 1485 Solis
2453 1429 2699 1500 iustitiae,
2728 1445 2854 1501 erga
2879 1428 3043 1484 Deum
3072 1438 3125 1482 et
3149 1429 3458 1498 proximum

1893 1520 2181 1581 charitate,
2210 1519 2354 1573 lilius
2397 1534 2494 1588 per
2529 1521 2760 1588 gratiam
2789 1518 2967 1588 ipsius
2993 1517 3235 1570 omnium
3272 1514 3456 1568 Denti-

1894 1611 2102 1664 naloris
2138 1608 2252 1663 licri
2284 1609 2606 1678 promeruit.

1970 1831 2074 1898 Qui
2117 1841 2293 1886 autem
2325 1833 2528 1902 accepti
2553 1840 2677 1886 sunt
2709 1832 2781 1898 ei,
2823 1832 2960 1886 velut
2987 1831 3152 1884 imber
3177 1829 3460 1883 serotinus.

1899 1923 2002 1990 Qui
2054 1934 2235 1980 autem
2291 1925 2500 1994 accepti
2554 1932 2684 1979 sunt
2735 1924 2802 1977 ab
2848 1924 2991 1992 ipso,
3045 1931 3319 1990 quatenus
3368 1934 3464 1989 per

1899 2013 2057 2069 ﬁdem
2082 2015 2139 2070 in
2172 2016 2348 2083 ipsum
2376 2015 2674 2085 servilique
2703 2029 2993 2085 ptenarum
3018 2021 3189 2075 metu,
3223 2027 3252 2065 a
3282 2011 3464 2080 priore

1897 2123 2153 2177 perverso
2178 2110 2344 2172 victu,
2387 2109 2453 2162 ad
2499 2109 2657 2162 linem
2705 2109 2940 2178 propriae
2965 2108 3114 2170 vitae,
3141 2121 3200 2160 se
3227 2118 3462 2158 conver-

1898 2208 2038 2266 tunt,
2083 2209 2247 2271 atque
2277 2201 2514 2265 animas,
2539 2201 2976 2256 voluntariarum
3032 2197 3222 2252 ardore
3252 2195 3462 2266 passiov

1897 2304 2028 2342 num
2060 2291 2206 2343 omni
2234 2289 2506 2358 spirituali
2545 2290 2776 2344 humore
2809 2290 3053 2355 orbatas,
3089 2285 3465 2357 compunctioo

1899 2382 1984 2437 nis
2014 2381 2378 2452 lacrymarum
2412 2383 2545 2437 rivis
2580 2383 2837 2453 irrigant,
2872 2383 3033 2438 imbri
3083 2381 3324 2436 scrotino
3353 2388 3462 2434 tero

1897 2485 2125 2540 ramque
2165 2472 2336 2527 aestivi
2368 2472 2572 2528 caloris
2602 2483 2736 2529 aestu
2793 2473 3155 2529 dessiccatam
3193 2471 3464 2541 irriganti,

1899 2561 2108 2618 similes
2146 2573 2295 2618 sunt.

1971 2674 2137 2731 Vens.
2178 2677 2258 2733 16.
2307 2677 2444 2733 Nidi
2493 2679 2768 2747 sapientiae
2813 2678 3272 2733 desiderabiliores
3313 2691 3466 2730 auro.

1903 2766 2266 2838 SpeCulativw
2289 2772 2490 2825 mentis
2517 2773 2892 2841 operatioues,
2927 2786 3066 2841 quas
3100 2771 3214 2839 ipsa
3250 2769 3469 2840 sapien~

1902 2857 1988 2911 tiae
2030 2869 2230 2914 Virtute
2276 2875 2613 2930 componens
2659 2862 2716 2915 in
2764 2861 3044 2916 intellectu
3082 2876 3358 2930 sensuque
3405 2875 3469 2912 ac

1901 2949 2312 3021 imaginatione,
2357 2953 2428 3006 ibi
2477 2968 2634 3008 veras
2664 2954 2811 3006 circa
2844 2968 2908 3007 ea
2953 2968 3058 3022 qua
3090 2961 3219 3007 sunt
3261 2951 3468 3006 doctri-

1901 3056 2019 3103 nas,
2065 3057 2161 3110 per
2211 3044 2619 3111 cogitationem,
2672 3045 2819 3096 velut
2878 3043 3170 3113 quamdam
3217 3053 3469 3114 procreat

1903 3131 2084 3183 avium
2123 3133 2350 3201 prolem,
2378 3134 2581 3203 obryso
2613 3135 2962 3203 praeferenda
2985 3143 3115 3190 sunt
3146 3150 3300 3197 auro,
3335 3151 3469 3205 qua-

229 3235 416 3302 γικαϊς
457 3232 710 3303 βασάνοις
759 3229 1208 3300 δοκιμαζόμεναι,
1272 3228 1365 3280 καὶ
1416 3225 1560 3278 κατὰ
1599 3225 1797 3292 γνῶσιν

1901 3231 2058 3278 tenus
2081 3226 2310 3279 rationis
2336 3226 2688 3282 teutamcntis
2707 3227 2836 3281 utin
2865 3226 2986 3296 igne
3006 3230 3245 3296 probatae
3269 3243 3465 3282 secun-

230 3326 492 3398 άμείωτοι
522 3323 904 3394 εὑρισκόμεναι

299 3439 558 3497 Νοσσιαὶ
603 3437 672 3490 δὲ
726 3435 1098 3506 φρονήσεως,
1129 3429 1501 3500 αἱρετώτεραι
1522 3429 1673 3498 ὑπὲρ
1697 3432 1800 3498 ἀρ-

230 3536 462 3604 γύριον.
517 3532 580 3584 Δί
609 3530 666 3584 δὲ
695 3527 790 3582 τοῦ
819 3528 979 3595 λόγου
1011 3524 1313 3597 πρακτικαὶ
1345 3523 1510 3588 ἕξεις,
1551 3522 1615 3587 ἃς
1646 3518 1802 3585 οὗτος

229 3625 460 3694 δυνάμει
495 3623 809 3693 φρονήσεως
873 3620 963 3672 ἐπὶ
1006 3621 1074 3689 τῇ
1113 3616 1378 3688 ἐπιθυμίᾳ
1410 3617 1505 3669 καὶ
1533 3615 1612 3686 τῷ
1645 3615 1802 3687 θυμῷ

231 3715 518 3788 πηγνύων,
562 3716 619 3767 ὲν
673 3713 883 3774 τούτοις
919 3709 1040 3764 κατ’
1088 3710 1416 3762 ἐπιστασίαν
1451 3708 1553 3770 τὰς
1602 3707 1803 3778 ἀρετὰς

228 3805 326 3863 οἷά
377 3823 526 3869 τινας
573 3803 822 3866 νεοττοὺς
873 3801 1132 3870 προάγει,
1187 3799 1454 3868 ἀργυρίου
1498 3797 1802 3865 τηλαυγοῦς

230 3896 663 3971 προτιμόηεραι,
717 3893 807 3948 διὰ
848 3892 964 3962 βίου
1015 3890 1365 3962 καθαρότητα
1413 3891 1508 3945 καὶ
1554 3889 1802 3958 λαμπρό-

232 4005 398 4059 τητα.

309 4101 397 4166 ιζ’.
434 4099 621 4169 Τρίὸοι
664 4095 814 4165 ζωῆς
871 4094 1261 4148 ἐκκλίνουσιν
1320 4092 1437 4145 ἀπὸ
1471 4089 1691 4144 κακῶν.
1740 4091 1803 4143 Δί

232 4193 358 4246 κατ’
387 4190 589 4262 ἀρετὴν
617 4188 728 4242 ἀπὸ
759 4185 1070 4256 εἰσαγωγῆς
1118 4185 1206 4238 διὰ
1237 4183 1520 4254 προκοπῆς
1554 4183 1688 4254 πρὸς
1716 4199 1804 4234 τε-

232 4283 488 4350 λειότητα
518 4281 734 4348 πορεῖαι
788 4277 889 4348 τῆς
925 4274 1300 4344 πνευματικῆς
1323 4272 1467 4344 ζωῆς
1495 4271 1590 4325 τοῦ
1615 4273 1806 4343 εὐαρε-

235 4376 384 4427 στεῖν
414 4369 533 4440 Θεῷ
559 4368 900 4430 σπεύδοντος,
957 4365 1033 4428 ὼς
1075 4366 1254 4429 πάσας
1313 4362 1670 4436 κατορθοῦσαι
1706 4363 1806 4426 τὰς

229 4465 479 4531 ἐντολὰς,
511 4464 692 4516 πᾶσαν
735 4459 936 4516 κακίαν
962 4459 1343 4528 ἐκφεύγουσιν.

1899 3313 2138 3385 dumque
2171 3315 2455 3371 scientiam
2486 3317 2711 3387 integras
2744 3326 2992 3389 repertae.

1973 3428 2040 3483 Et
2082 3429 2513 3498 nidiprudentite
2551 3433 2891 3499 pretiosiores
2918 3442 3159 3502 argento.
3207 3432 3468 3489 Practicae

1903 3541 2082 3578 autem
2137 3525 2366 3580 rationis
2410 3525 2784 3590 operationes,
2830 3539 2967 3595 quas
3002 3525 3118 3594 ipsa
3161 3525 3470 3595 prudentiae

1903 3615 2126 3678 virtute,
2179 3613 2233 3666 in
2259 3614 2542 3667 voluntate
2582 3623 2636 3666 et
2686 3615 2739 3666 in
2791 3612 2960 3667 corde
2993 3629 3345 3682 componens,
3394 3616 3468 3669 ibi

1904 3717 2000 3770 per
2051 3703 2451 3757 iucubationem
2486 3703 2719 3758 virtutes
2771 3705 2916 3757 sicut
2949 3705 3239 3773 quamdam
3287 3708 3468 3760 avium

1905 3792 2110 3861 prolem
2147 3793 2424 3862 producit,
2461 3806 2687 3865 argento
2729 3795 3063 3864 prol‘ulgenti
3098 3806 3321 3867 propter
3351 3799 3472 3853 vita:

1904 3882 2194 3952 puritatem
2224 3894 2276 3938 et
2309 3884 2607 3940 claritatem
2639 3895 2767 3940 sunt
2805 3887 3167 3954 prtelereudae.

1979 4085 2144 4140 Vens.
2173 4087 2258 4140 l7.
2287 4086 2504 4142 Semitce
2543 4088 2661 4142 vita:
2692 4087 2963 4143 declinant
3000 4107 3033 4143 a
3064 4091 3245 4145 malis.
3275 4091 3357 4144 Illi
3387 4108 3446 4147 se

1908 4179 2150 4233 cundum
2185 4179 2438 4232 virtutem
2475 4179 2544 4233 ab
2580 4181 2805 4234 exordio
2827 4221 2842 4247 ,
2876 4197 2972 4250 per
3005 4197 3350 4252 progressus,
3381 4200 3476 4239 us-

1909 4286 2015 4340 que
2041 4270 2107 4325 ad
2135 4271 2430 4325 terminum
2453 4272 2700 4326 tramites
2731 4273 2784 4326 in
2809 4275 3081 4344 spirituali
3103 4275 3342 4332 hominis
3367 4277 3475 4332 Deo

1908 4363 2126 4430 placere
2175 4364 2434 4419 conantis
2484 4364 2622 4431 vita,
2653 4377 2928 4434 quatenus
2974 4374 3169 4421 cuncta
3222 4369 3474 4422 mandata

1910 4455 2196 4520 ordinant,
2230 4471 2446 4511 omnem
2472 4457 2736 4512 malitiam
2770 4458 3060 4528 elfugiunt.

322 4577 527 4647 Μῆκος
554 4574 624 4630 δὲ
644 4576 812 4640 βίου,
841 4573 969 4628 ὁδοὶ
1001 4573 1415 4638 δικαιοσύνης.
1469 4564 1634 4625 Λῦται
1673 4570 1729 4623 δὲ
1756 4572 1798 4623 αἱ

1985 4567 2280 4637 Longitudo
2319 4581 2494 4624 autem
2540 4573 2682 4636 vitae,
2739 4571 2836 4625 via:
2869 4572 3124 4641 justitiaz.
3175 4571 3306 4643 Ipsa:
3348 4591 3476 4629 vero

233 4673 384 4726 κατὰ
413 4671 539 4734 τοὺς
578 4670 758 4732 θείους
813 4670 1014 4738 νόμους
1063 4667 1352 4732 πολιτεῖαι,
1407 4666 1550 4735 ζωῆς
1597 4664 1806 4718 ποιοῦσι

233 4763 590 4832 παράτασιν·
651 4759 760 4814 ἀπὸ
811 4760 911 4830 τῆς
982 4757 1322 4828 προσκαίρου
1391 4758 1528 4828 πρὸς
1598 4757 1696 4826 τὴν
1751 4758 1809 4809 ὲν

234 4853 365 4922 Θεῷ
413 4851 768 4922 ἀτελεύτητον
791 4891 806 4916 ,
860 4849 988 4913 τοὺς
1037 4848 1327 4920 ἑλομένους
1391 4848 1560 4912 αὐτὰς
1629 4864 1809 4920 παρα-

235 4943 580 5014 πέμπουσαι.

329 5059 391 5111 '0
421 5057 750 5126 δεχόμενος
785 5055 1084 5119 παιδείαν,
1132 5055 1200 5109 ἐν
1250 5055 1490 5124 ἀγαθοῖς
1523 5054 1712 5109 ἔσται.
1751 5055 1809 5107 ’0

235 5147 582 5218 εὐχαρίστως
611 5147 897 5216 ὑπομένων
921 5147 1020 5210 τὰς
1041 5147 1148 5199 τῶν
1169 5147 1439 5200 ἀκουσίων
1467 5147 1646 5199 πόνων
1673 5145 1810 5216 πρὸς

235 5238 528 5311 διόρθωσιν
557 5239 871 5307 ἐπαγωγὰς,
905 5239 1017 5303 ἔξει
1037 5239 1458 5308 μισθαποδοσίαν
1476 5240 1543 5293 τὰ
1566 5242 1622 5294 ἐν
1635 5240 1808 5306 ἐπαγ-

232 5331 452 5402 γελίαις
479 5330 675 5399 ἀγαθά.

329 5445 392 5500 '0
414 5443 482 5498 δὲ
502 5445 839 5514 φυλάσσων
880 5443 1194 5512 ἐλέγχους,
1248 5443 1705 5513 σοφισθήοεται,
1751 5445 1808 5496 ’0

233 5539 299 5593 δὲ
325 5537 508 5609 τηρῶν
526 5538 622 5599 τὰς
637 5536 953 5605 δηλοποιοὺς
976 5536 1158 5603 πάσης
1182 5536 1378 5598 κακίας
1405 5535 1552 5598 θείας
1569 5533 1805 5600 ἐντολάς,

232 5629 338 5685 τοῦ
370 5630 538 5692 ὅντως
565 5627 771 5698 ἀγαθοῦ
799 5628 1120 5698 ἐπιστήμων
1151 5629 1454 5698 γενήσεται.

305 5747 427 5810 Ὃς
459 5741 765 5812 φυλάσσει
822 5742 932 5806 τὰς
984 5738 1203 5794 ἑαυτοῦ
1259 5739 1457 5807 ὀδοὺς,
1490 5741 1660 5811 τηρεῖ
1697 5740 1809 5808 τὴν

233 5831 463 5888 ἑαυτοῦ
489 5830 721 5900 ψυχήν.
758 5832 852 5892 ⁸ος
876 5830 962 5881 διὰ
994 5829 1137 5880 θεῖον
1170 5827 1338 5895 φόϐον
1364 5832 1524 5902 τηρεῖ
1561 5833 1657 5893 τὰς
1687 5832 1805 5884 κατ’

524 5924 796 5983 Ριτιιοι..
830 5921 946 5982 Gn.
978 5921 1339 5984 LXXXVII.

1905 4659 2062 4729 juxta
2103 4659 2317 4716 divinas
2363 4662 2508 4732 leges
2549 4662 2742 4732 agendi
2795 4663 2898 4717 via:
2936 4662 3106 4716 vitam
3151 4664 3473 4732 extendunt,

1910 4751 2180 4822 siquidem
2211 4751 2280 4805 ab
2322 4766 2386 4806 ea
2417 4768 2540 4822 quae
2579 4762 2958 4809 momentanea
2995 4761 3082 4808 est
3106 4752 3217 4807 vita
3252 4755 3321 4810 ad
3354 4771 3473 4811 eam

1907 4860 2030 4915 quae
2063 4846 2188 4900 inde
2245 4855 2330 4900 est
2381 4847 2737 4916 sempiterna,
2777 4849 2868 4918 qui
2892 4856 3200 4918 sequuntur
3233 4862 3328 4905 eas
3351 4865 3476 4920 pcr-

1909 4939 2136 4990 ducunt.

1982 5051 2086 5116 Qui
2113 5051 2449 5120 disciplinam
2482 5052 2684 5119 recipit,
2743 5054 2796 5105 in
2831 5053 2980 5107 bouis
3023 5056 3145 5108 erit.
3182 5053 3282 5118 Qui
3322 5062 3476 5123 grate

1909 5144 2143 5197 sustinet
2173 5143 2572 5197 iuvoluutarios
2596 5143 2812 5198 labores
2835 5145 2901 5198 ad
2932 5146 3328 5200 correctionem
3347 5159 3476 5200 con-

1908 5234 2173 5290 ducentes
2200 5235 2507 5290 mercedem
2536 5235 2756 5290 habebit
2794 5237 3063 5306 promissa
3097 5236 3259 5291 bona.

1981 5445 2086 5512 Qui
2116 5455 2289 5499 autem
2311 5446 2622 5499 documenta
2644 5457 2840 5508 servat,
2871 5447 3075 5511 sapiens
3101 5446 3210 5512 fiet.
3243 5443 3345 5510 Qui
3382 5443 3475 5497 de-

1911 5539 2334 5592 monstrationes
2363 5537 2542 5592 oumis
2575 5539 2950 5606 perversitatis
2983 5538 3253 5602 observat,
3289 5535 3473 5591 divina

1910 5639 2179 5700 pra-cepta
2211 5630 2328 5683 veri
2349 5629 2476 5684 boni
2501 5640 2813 5728 cognoscet.

1982 5738 2087 5804 Qui
2138 5740 2365 5792 custodit
2410 5741 2522 5793 vias
2564 5757 2712 5806 suas,
2753 5741 2988 5811 invigilat
3041 5756 3195 5810 super
3242 5741 3471 5794 animum

1910 5845 2082 5886 suam.
2128 5831 2231 5895 Qui
2276 5831 2346 5889 ob
2392 5832 2484 5888 Dei
2515 5835 2765 5892 timorem
2823 5836 2939 5892 vias
2996 5851 3126 5892 suas
3175 5834 3473 5894 secundum

2979 5928 3050 5988 Ῐιῖι

3306 411 3443 472 1386
3531 445 3534 449 -
