4054 6502
603 342 738 406 1387

1924 335 2269 395 PROCOPII
2304 335 2543 393 ΟΑΖίΕῐ

3719 333 3860 397 1388

599 466 854 516 virtutem
880 469 1084 525 servat,
1122 461 1197 513 ita
1241 468 1296 512 ut
1327 475 1355 511 a
1388 458 1583 512 semita
1616 457 1744 513 boni
1779 472 1885 510 non
1916 458 2171 522 declinet,

2277 457 2477 527 ἀρετὴν
2500 458 2727 527 πορείας
2785 456 2975 521 αὑτοῦ,
3007 458 3083 519 εἰς
3134 457 3195 508 τὸ
3227 455 3304 525 μὴ
3334 456 3428 508 τοῦ
3473 454 3678 523 ἀγαθοῦ
3711 472 3861 528 παρ-

604 565 780 610 tutam
814 570 843 607 a
877 553 1084 607 malitia
1114 553 1391 623 propriam
1423 550 1667 603 custodit
1696 548 1956 602 animam.

669 742 773 807 Qui
821 756 939 793 vero
974 753 1125 792 suam
1159 736 1319 789 vitam
1368 742 1535 799 autat,
1564 733 1647 785 ori
1697 747 1794 784 suo
1832 737 2031 799 parcet.
2067 727 2171 793 Qui

597 848 728 887 vero
766 830 1104 901 spiritualem
1149 827 1314 880 vitam
1353 833 1411 877 ut
1455 824 1559 877 sibi
1596 820 1913 875 rationabili
1947 834 2169 887 compe-

598 932 826 983 tentem,
875 920 1076 989 diligit,
1116 916 1287 971 multa
1321 914 1542 983 quidem
1590 913 1793 977 audiet,
1838 924 2010 978 pauca
2043 924 2171 963 vero

600 1013 876 1080 loquetur,
906 1008 971 1062 ad
996 1005 1303 1061 iaciendum
1326 1003 1541 1072 quidem
1566 1016 1626 1054 ea
1646 1014 1765 1068 quze
1789 998 1979 1052 didicit
2004 998 2167 1061 bona,

598 1117 708 1155 non
756 1098 1091 1169 loquendum
1127 1104 1307 1149 autem
1352 1092 1418 1146 de
1453 1093 1519 1146 iis
1558 1106 1680 1160 qua:
1732 1090 1975 1144 nondum
2011 1087 2173 1143 intel-

598 1196 741 1248 lectu
772 1200 1104 1247 consecutus
1140 1198 1247 1251 est,
1292 1202 1393 1242 nec
1430 1186 1625 1241 eximie
1665 1193 1857 1238 contra
1884 1183 2171 1238 veritatem

598 1280 1054 1351 delinquendum.

666 1376 803 1429 Ante
841 1373 1209 1428 contritionem
1238 1368 1469 1437 procedit
1505 1367 1725 1437 injuria.
1760 1366 2022 1420 Praecedit
2054 1381 2171 1436 pm-

600 1480 726 1519 nam
762 1464 959 1517 animae
988 1464 1151 1518 verbo
1184 1460 1456 1513 damnatae
1496 1455 1861 1528 ignominiosa
1889 1454 2069 1523 culpa,
2115 1461 2173 1506 ut

599 1554 871 1606 actionem
903 1566 1097 1605 causa.

670 1642 835 1698 Vens.
893 1642 981 1696 18.
1044 1642 1179 1694 Ante
1244 1639 1454 1709 lapsum
1533 1646 1709 1690 autem
1792 1633 2169 1700 imprudentia.

600 1733 779 1802 ipsum
834 1739 1017 1786 autem
1071 1732 1270 1785 anima:
1323 1728 1614 1799 eulpabilis
1678 1728 1917 1797 lapsum,
1980 1740 2172 1793 sapere

2275 547 2659 618 εκτρὲπεσθαι,
2718 546 2998 600 ἀκίνδυνον
3029 546 3138 599 ἀπὸ
3191 546 3390 610 κακίας
3421 546 3523 617 τὴν
3569 546 3707 600 ίδίαν
3747 565 3857 616 φυ-

2274 639 2462 691 λάσσει
2495 638 2694 708 ψυχήν.

2353 728 2617 798 Ἀγαπῶν
2662 729 2731 783 δὲ
2789 728 2942 794 ζωὴν
2988 728 3197 791 αὑτοῦ,
3231 730 3502 797 φείσεται
3546 729 3854 797 στόματος

2272 818 2478 873 αὐτοῦ.
2529 819 2585 871 ’0
2618 818 2677 871 δὲ
2727 818 3109 887 ἀσπαζόμενος
3138 818 3234 889 τὴν
3262 818 3337 881 ὡς
3367 818 3579 888 λογικῷ
3609 821 3859 890 πρέπου-

2274 928 2374 963 σαν
2406 909 2554 979 αὑτῷ
2576 910 2950 980 πνευματικὴν
2978 908 3182 978 βιοτὴν,
3202 911 3371 963 πολλὰ
3394 912 3491 981 μὲν
3509 912 3854 972 ἐνωτίσεται,

2273 1000 2429 1069 ὀλίγα
2482 1000 2538 1053 δὲ
2591 1000 2886 1069 φθέγξεται
2916 1016 2930 1030 ο
2983 999 3122 1052 ὥστε
3166 1002 3425 1071 πράττειν
3468 1002 3569 1071 μὲν
3605 1001 3639 1054 ἀ
3681 1001 3859 1071 μεμάο

2274 1093 2438 1165 θηκεν
2458 1092 2655 1162 ἀγαθά,
2687 1093 2761 1163 μὴ
2788 1093 2967 1160 λέγειν
2988 1092 3045 1145 δὲ
3071 1094 3197 1163 περὶ
3220 1087 3295 1147 ῶν
3328 1096 3494 1163 μήπω
3532 1093 3854 1155 κατέλαϐεν,

2274 1190 2366 1241 καὶ
2399 1188 2496 1257 τῆς
2526 1187 2782 1257 ἀληθείας
2806 1185 3056 1239 ἐντεῦθεν
3088 1186 3496 1258 διαμαρτάνειν.

2344 1375 2461 1442 Πρό
2483 1374 2810 1443 συντριϐῆς
2858 1374 3086 1442 ἡγεῖται
3142 1375 3327 1443 ῦόρις.
3376 1377 3714 1446 Προηγεῖται
3767 1394 3855 1429 τι·

2277 1466 2487 1536 μωρίας
2521 1467 2577 1518 δὲ
2614 1468 2647 1537 ἠ
2697 1470 2763 1537 τῇ
2812 1467 2954 1537 λόγῳ
2979 1468 3318 1539 τετιμημένῃ
3343 1468 3487 1539 ψυχῇ
3531 1468 3859 1539 ἀτιμοποιδς

2273 1558 2537 1629 ἁμαρτία,
2575 1557 2649 1621 ὼς
2679 1557 2828 1611 αἰτία
2859 1559 3130 1613 αἰτιατοῦ.

2343 1658 2433 1722 ιη’.
2476 1652 2593 1719 Πρὸ
2616 1651 2683 1704 δὲ
2708 1651 3038 1721 πτώματος,
3070 1654 3520 1721 κακοφροσύνη.
3573 1652 3747 1706 Αὑτοῦ
3793 1653 3857 1706 δὲ

2274 1743 2367 1795 τοῦ
2418 1743 2540 1796 καθ’
2606 1744 2881 1814 ἁμαρτίαν
2937 1744 3170 1815 ψυχικοῦ
3220 1746 3551 1815 πτώματος,
3607 1746 3667 1798 τὸ
3719 1762 3857 1816 φρο-

601 1826 742 1880 ultra
778 1824 924 1894 quod
962 1823 1119 1878 decet
1154 1836 1345 1892 sapere
1391 1830 1445 1874 et
1482 1834 1594 1873 non
1643 1834 1839 1889 sapere
1865 1818 1932 1872 ad
1956 1818 2171 1888 sapien-

2276 1836 2385 1886 νεῖν
2412 1834 2543 1903 παρ’
2581 1833 2610 1886 ὃ
2646 1804 2737 1888 ’δεέ
2772 1804 3139 1906 φρονεέν,”καὶ
3170 1836 3247 1906 μὴ
3306 1804 3521 1906 φρονεῖν
3537 1804 3629 1900 εἰς
3658 1804 3855 1889 cii-cru»-

599 1927 750 1970 tiam.

668 2006 834 2062 Vsus.
876 2006 962 2062 19.
999 2005 1189 2060 Melior
1218 2017 1293 2059 est
1341 2006 1474 2059 lenis
1508 2003 1666 2058 corde
1700 2016 1823 2054 cum
1851 1998 2168 2052 humilitate.

600 2098 787 2151 Melior
881 2108 965 2153 est
1034 2098 1125 2167 qui
1213 2106 1433 2167 pr0pter
1499 2096 1680 2149 victus
1774 2091 2169 2151 modicitatem,

600 2188 844 2239 laborum
898 2201 1122 2241 suorum
1174 2201 1315 2239 onus
1366 2194 1422 2239 et
1464 2182 1700 2237 inediam
1746 2180 2012 2250 patienter
2047 2192 2174 2232 sus-

598 2278 751 2330 tinet.

668 2368 840 2433 Quam
884 2365 1121 2420 dividens
1170 2365 1343 2435 spolia
1384 2380 1502 2417 cum
1559 2361 1817 2429 superbis.
1853 2360 2026 2425 Quam
2070 2358 2174 2411 ista

598 2459 885 2529 tyrannice
921 2458 1144 2528 rapiens
1176 2458 1593 2527 portionemque
1623 2466 1833 2523 ponens
1870 2465 1993 2505 cum
2025 2448 2173 2502 debi-

599 2554 732 2606 lium
766 2550 1199 2621 spoliatoribus;
1235 2549 1495 2619 quoniam
1530 2547 1696 2601 Deum
1725 2544 1812 2598 hic
1849 2543 2009 2596 habet
2034 2542 2176 2593 ulto-

598 2660 738 2710 rem,
770 2644 861 2697 ille
885 2657 1013 2697 vero
1034 2642 1401 2697 defensorem.

668 2736 836 2791 Vens.
868 2736 962 2791 20.
1017 2733 1258 2789 Prudens
1321 2736 1378 2788 in
1430 2732 1683 2802 negotiis,
1740 2728 1958 2797 reperiet
2020 2728 2173 2779 bona.

599 2829 774 2884 llomo
801 2830 1059 2899 prudens,
1080 2828 1391 2897 diligentem
1417 2824 1761 2895 negotiorum
1780 2817 2174 2887 experientiam

599 2925 849 2989 adeptus,
889 2932 919 2970 a
956 2918 1233 2988 pejoribns
1266 2916 1489 2972 meliora
1529 2913 1870 2974 discernens,
1901 2908 2014 2963 haec
2054 2905 2173 2961 feli-

600 3015 735 3065 ritcr
758 3010 1047 3065 obtinebit.
1770 3070 1777 3075 _

674 3102 741 3156 Et
771 3104 860 3173 qui
893 3118 1035 3171 spem
1064 3102 1120 3155 in
1164 3100 1272 3154 Deo
1302 3100 1524 3169 reponit,
1553 3098 1735 3151 beatus
1762 3103 1858 3149 est.
1906 3090 2009 3157 Qui
2048 3101 2176 3143 vero

601 3205 769 3249 totum
805 3211 954 3265 spem
985 3210 1140 3249 suam
1168 3194 1277 3249 Deo
1311 3192 1601 3247 committit
1634 3198 1687 3245 et
1717 3204 1825 3243 non
1858 3184 2085 3241 conﬁdit
2116 3182 2171 3237 in

601 3289 920 3358 semetipso,
953 3301 1167 3356 semper
1197 3284 1444 3340 meminit
1482 3302 1494 3338 :
1529 3283 1637 3337 nisi
1678 3280 1961 3340 Dominus,
2000 3276 2173 3345 ipsius

602 3395 814 3442 amore,
849 3377 1171 3432 custodierit
1202 3377 1438 3430 animam
1472 3375 1737 3427 adversus
1769 3368 2091 3423 insidiantes
2118 3364 2169 3417 ei

602 3472 835 3542 spiritus
870 3484 1126 3538 nequam,
1173 3466 1378 3521 frustra
1410 3465 1593 3536 vigilat
1627 3458 1983 3532 quicustodit
2020 3470 2171 3518 eam;

600 3572 654 3616 et
686 3577 908 3615 rursum
934 3579 947 3615 :
982 3560 1085 3613 nisi
1116 3560 1233 3629 ipse
1255 3572 1375 3612 eam
1401 3556 1769 3610 habitaculum
1800 3552 1903 3606 sibi
1938 3549 2173 3619 Spiritus

602 3656 989 3716 architectura,
1037 3649 1399 3714 adiﬁeaverit,
1438 3649 1489 3702 in
1530 3662 1730 3700 vanum
1778 3642 2049 3698 laboravit
2075 3640 2170 3710 qui

601 3761 721 3799 eam
757 3743 1004 3813 suscepit
1036 3738 1433 3796 zediticandam.

679 3962 840 4019 Vens.
893 3963 984 4017 2i.
1020 3961 1293 4032 Sapientes
1324 3971 1373 4017 et
1404 3960 1684 4032 prudentes
1724 3968 1909 4013 vocant
1940 3969 2172 4014 eontem-

603 4056 837 4125 plibiles.
898 4054 1002 4121 Qui
1058 4055 1344 4109 veritatem
1392 4058 1733 4125 cognoscunt
1779 4058 2174 4120 assumuntque

605 4146 712 4201 sibi
752 4145 899 4215 quod
926 4145 1129 4200 bonum
1160 4153 1265 4207 est,
1289 4154 1343 4199 et
1374 4144 1499 4197 talia
1526 4144 1709 4199 verbis
1739 4152 1792 4197 et
1821 4142 2076 4211 operibus
2103 4141 2172 4197 ad

604 4237 949 4292 audientium
980 4246 1035 4291 et
1072 4236 1371 4292 videntium
1420 4236 1709 4289 utilitatem
1756 4244 1943 4305 aperte
1972 4235 2171 4305 praedi-

604 4336 754 4395 cant,
787 4343 883 4383 eos
906 4328 1153 4398 plerique
1187 4328 1437 4383 homines
1465 4335 1518 4382 et
1557 4334 1776 4397 propter
1803 4326 2075 4383 sermonis
2109 4326 2173 4380 li-

604 4422 866 4477 bertatem
918 4430 972 4476 et
1014 4428 1239 4492 propter
1285 4423 1409 4475 vitae
1457 4421 1803 4475 severitatem
1849 4420 2170 4475 calumniari

604 4521 893 4568 conantur.

678 4626 784 4690 Qui
817 4635 995 4680 autem
1030 4626 1210 4679 dulces
1238 4634 1363 4679 sunt
1388 4626 1441 4679 in
1468 4626 1705 4692 eloquio,
1734 4628 1901 4696 magis
1935 4628 2171 4683 audient.

673 4716 778 4780 Qui
805 4722 989 4770 autem
1023 4730 1087 4769 ea
1118 4730 1241 4784 qua:
1270 4717 1485 4784 placent
1505 4716 1854 4772 audientibus
1877 4717 2174 4787 loquuntur

604 4820 657 4863 ct
693 4810 975 4864 veritatem
1030 4808 1399 4874 abscondunt,
1442 4810 1627 4879 plures
1672 4811 1740 4864 de
1781 4825 1844 4865 se
1894 4825 2174 4867 sermones

606 4901 828 4955 audient
852 4902 954 4956 sibi
996 4901 1235 4972 gratiose
1264 4902 1460 4956 dictos.
1491 4901 1556 4955 Et
1584 4908 1746 4956 erunt
1775 4902 2092 4959 seductores
2120 4912 2176 4959 et

605 4992 839 5047 seducti.

678 5102 844 5158 Vsus.
872 5104 964 5160 22.
1000 5102 1246 5175 Cognitio
1277 5105 1481 5174 adeptis
1507 5114 1584 5159 est
1609 5104 1728 5174 fons
1758 5105 1899 5160 vitaz.
1926 5104 2175 5161 Circum-

605 5195 886 5263 spicientia
916 5198 1116 5250 mentis
1144 5212 1233 5250 res
1264 5204 1548 5266 perceptas
1590 5196 1975 5265 excogitantis.
2006 5196 2174 5267 adep-

605 5286 677 5337 tis
721 5298 841 5337 eam
882 5294 965 5338 est
1018 5285 1269 5339 scatebra
1314 5285 1617 5353 spiritualis
1676 5284 1940 5351 scientiae,
1989 5300 2172 5340 rerum

604 5389 802 5431 causas
831 5374 1137 5431 inveniens.

680 5575 933 5631 Doctrina
964 5587 1143 5633 autem
1170 5578 1477 5643 stultorum,
1508 5576 1677 5632 mala.
1722 5576 1969 5635 Scientia
1992 5590 2171 5637 autem

604 5681 797 5720 eorum
830 5672 921 5737 qui
965 5671 1372 5727 inconsiderate
1412 5671 1616 5741 aliquid
1649 5670 1923 5741 arripiunt
1966 5674 2047 5728 vel
2079 5675 2173 5729 de-

607 5756 868 5826 iormant,
888 5775 993 5817 non
1015 5772 1100 5821 est
1131 5762 1309 5827 bona;
1339 5762 1607 5834 siquidem
1639 5770 1841 5818 temere
1862 5764 2167 5820 secundum

2275 1944 2511 1997 φρονειν.

2348 2017 2775 2087 ιθ’.Ιιζρείσσων
2825 2019 3173 2087 πραΰθυμος
3220 2018 3372 2087 μετὰ
3414 2019 3853 2085 ταπεινώσεως.

2275 2110 2525 2164 Καλλίων
2558 2114 2706 2165 ἐστὶν
2739 2114 2767 2165 ὁ
2800 2113 2887 2165 διὰ
2916 2112 3031 2182 βίου
3061 2112 3352 2173 εὐτέλειαν,
3395 2113 3734 2176 ἀνεξικάκως
3757 2115 3857 2183 φέ-

2279 2220 2386 2273 ρων
2415 2202 2513 2272 τὴν
2544 2205 2650 2257 τῶν
2676 2205 2893 2259 οἰκείων
2922 2206 3249 2275 πονημάτων
3279 2206 3553 2275 στέρησιν.

2354 2366 2431 2418 ἺΙ
2456 2366 2524 2431 ὃς
2551 2365 2857 2434 διαιρεῖται
2895 2366 3099 2421 σκῦλα
3148 2368 3297 2436 μετὰ
3332 2366 3657 2436 ὑϐριστῶν.
3695 2368 3855 2439 Παρά

2274 2454 2365 2507 τὸν
2392 2454 2562 2508 ταῦτα
2596 2457 2932 2527 τυραννικῶς
2949 2458 3371 2531 ἀφαιρούμενον,
3405 2459 3499 2512 καὶ
3518 2460 3620 2530 τὴν
3658 2461 3853 2531 μερίδα

2276 2545 2557 2617 τιθέμενον
2593 2550 2731 2618 μετά
2774 2551 2882 2603 τῶν
2912 2550 3396 2621 κατεπαιρομένων
3425 2550 3535 2603 τῶν
3564 2550 3809 2605 ἀσθενῶν
3833 2568 3849 2583 ⁸

2275 2640 2356 2692 ὅτι
2389 2640 2480 2693 τὸν
2513 2641 2645 2694 Θεὸν
2672 2643 2701 2695 ὁ
2729 2644 2826 2712 μὲν
2856 2642 2967 2713 ἔχει
2991 2643 3226 2709 ἔκδικον,
3260 2645 3289 2695 ὁ
3315 2643 3370 2695 δὲ
3399 2644 3671 2713 τιμωρόν.

2347 2741 2414 2788 κ’.
2440 2735 2696 2800 Συνετὲς
2725 2735 2794 2788 ἐν
2810 2735 3174 2805 πράγμασιν,
3215 2733 3463 2802 εὑρετὴς
3490 2735 3753 2804 ἀγαθῶν.
3794 2736 3850 2783 ’0

2276 2822 2531 2894 νουνεχὴς
2592 2825 2687 2875 καὶ
2720 2826 2917 2894 πεῖραν
2948 2824 3282 2892 κεκτημένος
3311 2825 3511 2895 ἀκριϐῆ
3540 2827 3653 2877 τῶν
3710 2844 3851 2897 πραο

2276 2912 2522 2983 γμάτων,
2555 2914 2662 2967 ἀπὸ
2683 2914 2792 2967 τῶν
2823 2914 3082 2986 χειρόνων
3114 2914 3405 2985 διακρίνων
3442 2916 3512 2969 τὰ
3542 2917 3851 2987 κρείττονα,

2277 3006 2512 3077 ὑπάρχει
2545 3008 2749 3059 τούτων
2770 3007 3057 3077 ἐπιτυχής.

2350 3102 2649 3169 Πεποιθὼς
2681 3103 2750 3155 δὲ
2777 3102 2878 3155 ἐπὶ
2915 3102 3057 3168 Θεῷ,
3086 3105 3474 3173 μακαριστός.
3513 3104 3571 3157 ’0
3594 3105 3653 3158 δὲ
3674 3108 3856 3159 πᾶσαν

2278 3192 2376 3263 τὴν
2404 3192 2598 3247 ἑαυτοῦ
2629 3192 2821 3246 ἐλπίδα
2854 3194 2971 3263 Θεῷ
3000 3195 3296 3261 ἀνατιθεὶς,
3334 3196 3427 3248 καὶ
3459 3196 3536 3267 μὴ
3561 3198 3648 3265 ἐφ’
3678 3198 3857 3267 ἑαυτῷ

2276 3282 2512 3361 θαρρῶν,
2546 3284 2807 3353 τυγχάνει
2826 3284 3154 3354 ἀείμνηστος
3178 3300 3190 3313 ⁸
3228 3287 3277 3338 εί
3312 3284 3387 3355 μὴ
3414 3286 3521 3354 γὰρ
3546 3286 3754 3358 Κύριος
3777 3289 3857 3358 τῷ

2274 3373 2466 3426 ἑαυτοῦ
2492 3374 2641 3444 φόϐῳ
2659 3374 2883 3442 φυλάξει
2912 3374 3091 3444 ψυχὴν
3118 3375 3226 3428 ἀπὸ
3251 3376 3358 3429 τῶν
3389 3377 3855 3432 ἐπιϐουλευόντων

2274 3465 2411 3535 αὐτῇ
2448 3467 2773 3535 πνευμάτων
2816 3465 2915 3532 τῆς
2972 3464 3258 3537 πονηρίας,
3296 3467 3376 3528 είς
3429 3467 3588 3520 κενὸν
3616 3469 3853 3539 ἐγρηγό-

2275 3572 2440 3626 ρησεν
2465 3557 2493 3608 ὁ
2521 3556 2725 3626 ταύτην
2740 3556 2923 3626 τηρῶν
2949 3573 2963 3585 ·
2999 3558 3094 3609 καὶ
3129 3558 3178 3609 εί
3228 3556 3303 3628 μὴ
3328 3557 3487 3610 πάλιν
3514 3560 3543 3611 ὁ
3585 3562 3752 3623 αὐτὸς
3778 3564 3855 3614 οἱ-

2274 3651 2566 3720 κοδομήσει
2587 3648 2758 3720 αὐτὴν
2804 3650 3122 3719 οἰκητήριον
3152 3651 3327 3721 ἑαυτῷ
3358 3655 3423 3723 τῇ
3460 3654 3851 3725 άρχιτεκτονίᾳ

2273 3740 2366 3793 τοῦ
2414 3730 2761 3811 Πνεύματος,
2810 3741 3091 3811 άνηνύτως
3134 3744 3464 3798 ἐσπούδασεν
3493 3746 3852 3817 ὁοίκοδομείν

2272 3830 2477 3901 ταύτην
2508 3830 2825 3900 ἐπιχειρῶν.

2341 3970 2447 4016 κα¹.
2490 3962 2637 4029 Τοὺς
2665 3962 2898 4032 σοφοὺς
2942 3964 3042 4017 καὶ
3071 3964 3393 4030 συνετοὺς,
3431 3966 3720 4035 φαύλους
3751 3984 3849 4021 κα-

2271 4054 2512 4109 λοῦσιν.
2547 4056 2685 4119 Τοὺς
2717 4056 3086 4123 γινώσκοντας
3114 4058 3213 4127 τὴν
3242 4058 3522 4128 ἀλήθειαν,
3555 4060 3654 4111 καὶ
3670 4061 3851 4129 αἱρου-

2274 4145 2471 4213 μένους
2489 4144 2550 4197 τὸ
2566 4146 2788 4214 ἀγαθὸν,
2812 4148 2909 4200 καὶ
2932 4148 3106 4200 ταῦτα
3127 4148 3303 4215 λόγοις
3322 4150 3415 4201 καὶ
3443 4148 3630 4220 ἔργοις
3650 4151 3849 4204 ἀνυπο-

2274 4236 2475 4299 στόλως
2501 4237 2888 4308 κηρύττοντας,
2920 4240 3055 4308 πρός
3076 4257 3135 4292 τε
3168 4240 3265 4311 τὴν
3284 4241 3392 4293 τῶν
3409 4242 3724 4296 ἀκουόντων
3753 4245 3845 4297 καὶ

2273 4327 2380 4380 τῶν
2436 4327 2683 4398 ὁρώντων
2741 4329 3026 4397 ὠφέλειαν,
3079 4331 3129 4383 οἱ
3180 4332 3363 4385 πολλοὶ⁵
3396 4332 3504 4384 τῶν
3543 4333 3849 4407 ἀνθρώπιον

2273 4417 2578 4471 διαϐάλλειν
2614 4420 2981 4490 ἐπιχειροῦσιν
3019 4421 3108 4473 διά
3137 4437 3197 4473 τε
3236 4421 3296 4473 τὸ
3318 4422 3411 4475 τοῦ
3447 4423 3610 4492 λόγου
3631 4428 3848 4497 παρρη-

2204 4496 2247 4551 Ῑ)
2278 4510 2576 4576 σιαστικὺν,
2614 4516 2709 4564 καὶ
2736 4511 2797 4564 τὸ
2817 4511 2910 4564 τοῦ
2939 4512 3054 4581 βίου
3086 4512 3337 4584 σκληρόν.

2350 4627 2417 4678 Οἱ
2438 4624 2506 4677 δὲ
2537 4626 2783 4693 γλυκεῖς
2805 4625 2876 4678 ἐν
2899 4625 3081 4694 λόγῳ,
3127 4626 3341 4680 πλεῖον
3366 4628 3759 4684 ἀκούσονται.
3783 4633 3844 4684 Οἱ

2272 4716 2331 4769 δὲ
2359 4716 2428 4769 τά
2458 4716 2593 4786 πρὸς
2611 4716 2770 4786 χάριν
2798 4718 2911 4779 τοῖς
2933 4717 3304 4787 ἀκροωμένοις
3334 4719 3721 4790 φθεγγόμενοι,
3753 4722 3843 4775 καὶ

2274 4806 2606 4877 κρύπτοντες
2666 4808 2765 4879 τὴν
2822 4808 3082 4878 ἀλήθειαν
3105 4846 3121 4872 ,
3183 4810 3445 4862 πλειόνων
3490 4810 3667 4879 λόγων
3716 4814 3842 4866 ἀντ·

2274 4897 2656 4967 ακροάσονται,
2678 4896 2815 4967 πρὸς
2832 4897 2989 4969 χάριν
3004 4898 3310 4968 λεγομένων
3328 4898 3510 4962 αὐτοῖς
3527 4916 3544 4931 °
3576 4902 3675 4954 καὶ
3688 4901 3839 4955 ἔσον-

2272 5005 2361 5041 ται
2395 4987 2711 5051 ἀπατῶντες
2736 4990 2831 5042 καὶ
2859 4988 3244 5059 ἀπατώμενοι.;

2342 5100 2444 5170 κβθ.
2475 5099 2645 5168 Πηγὴ
2684 5097 2853 5166 ζωῆς,
2904 5098 3113 5153 ἔννοια
3137 5099 3260 5166 τοῖς
3298 5101 3708 5169 κεκτημένοις.
3777 5104 3838 5156 Ἦ

2274 5193 2413 5245 κατά
2438 5191 2678 5243 διάνοιαν
2701 5194 2799 5261 τῆς
2822 5190 2932 5244 τῶν
2955 5190 3227 5262 αἰσθητῶν
3252 5193 3547 5258 φαντασίας
3583 5196 3840 5265 περίσκε-

2272 5286 2384 5354 ψις,
2421 5286 2536 5347 τοῖς
2566 5284 2927 5354 κεκτημένοις
2958 5284 3147 5353 αὐτὴν,
3177 5282 3365 5354 βρύοις
3388 5286 3504 5336 ἐστὶ
3535 5300 3840 5355 πνευματι·

2274 5380 2376 5449 κῆς
2424 5378 2700 5447 γνώσεως,
2764 5376 2864 5440 τὰς
2932 5376 3109 5439 αἰτίας
3136 5376 3244 5429 τῶν
3294 5376 3637 5446 πραγμάτων
3688 5377 3837 5449 εὑρίο

2276 5486 2497 5526 σκουσα.

2343 5579 2588 5632 Παιδεία
2646 5578 2715 5632 δὲ
2750 5579 3050 5647 ἀφρόνων,
3083 5579 3257 5646 κακή.
3289 5578 3434 5632 Ἡδὲ
3464 5581 3707 5651 μάθησις
3733 5579 3838 5634 τῶν

2274 5668 2568 5737 ἀλογίστως
2618 5667 2960 5739 ὀρεγομένων
3018 5670 3191 5736 τινὸς,
3248 5670 3281 5740 ἢ
3340 5673 3835 5742 ἀποστρεφομένων

2276 5762 2425 5827 αὐτὸ,
2454 5763 2513 5815 οὐ
2539 5760 2677 5832 καλή
2711 5764 2855 5815 ἐστιν
2877 5779 2889 5792 ·
2925 5760 3109 5835 ἐπειδὴ
3140 5762 3513 5827 ἀναξετάστως
3533 5760 3679 5819 οὗτοι
3700 5764 3835 5819 κατά
