3958 6526
128 387 295 454 1389

1173 392 1703 452 COMMENTARII
1743 393 1820 451 ΙΝ
1852 394 2308 457 PROVERBIA.

3268 390 3402 454 1390

124 504 311 573 μόνον
341 503 402 555 τὸ
433 506 500 573 τῇ
559 500 810 572 αἰσθήσει
860 501 1070 567 δοκοῦν,
1096 503 1338 556 ἐπαινεῖν
1384 504 1627 574 ἢψέγειν
1657 505 1712 556 τδ

1830 508 1992 558 solam
2045 522 2242 561 sensus
2292 502 2760 560 existimationem
2809 504 3031 558 laudare
3067 501 3149 556 vel
3194 504 3404 570 vitupe-

121 595 461 666 παρατυχδν
491 594 895 665 μεμαθήκασιν.

211 694 326 754 κγ’.
361 685 591 754 Καρδία
627 684 846 755 σοφοῦ.
897 685 1107 751 νοήσει
1134 686 1206 740 τὰ
1246 686 1365 740 ἀπὸ
1423 686 1530 740 τοῦ
1565 686 1719 739 ἰδίου

118 780 463 850 στόματος.
495 778 602 831 Τοῦ
642 778 862 832 συνετοῦ
902 780 934 848 ὴ
964 778 1109 849 ψυχὴ
1133 778 1403 846 γνώσεται
1454 778 1719 850 πρότερον

118 871 207 923 τὰ
260 870 447 923 δέοντα
497 868 764 941 ῥηθῆναι,
820 870 915 923 καὶ
970 868 1113 922 οὕτω
1173 868 1347 922 ταῦτα
1409 869 1719 938 προαγάγει

118 961 234 1013 τοῦ
289 960 591 1030 σώματος’
628 962 722 1014 καὶ
778 961 895 1031 οὐχ,
933 961 1008 1025 ὡς
1070 960 1251 1030 ἔτυχε,
1303 959 1370 1012 τά
1416 962 1489 1030 μὴ
1529 959 1718 1012 δέοντα

74 1104 99 1127 ³
122 1050 459 1118 φθέγξεται.

220 1143 359 1197 Ἐπὶ
390 1144 458 1195 δὲ
490 1145 724 1211 χείλεσι
770 1143 1011 1212 φορέσει
1055 1144 1578 1213 ἑπιγνωμοσύνην.
1620 1144 1718 1197 ao.

119 1236 229 1298 τὸς
259 1236 317 1288 δὲ
343 1236 437 1287 ἐπὶ
456 1240 521 1306 τῇ
545 1236 651 1287 τῶν
674 1236 905 1305 χειλέων
942 1234 1143 1299 ἀνοίξει
1186 1234 1563 1306 περιϐαλεῖται
1593 1236 1717 1287 έπίι

123 1344 344 1394 γνωσιν
372 1327 465 1380 τοῦ
496 1328 800 1398 πρέποντος
828 1327 1045 1399 καιροῦ,
1080 1330 1161 1389 είς
1188 1329 1249 1381 τὸ
1282 1330 1459 1381 εἰπεῖν
1482 1328 1516 1382 ἃ
1548 1330 1715 1399 λαλη-

126 1418 306 1489 θῆναι
340 1419 655 1491 προέγνωκε
697 1422 903 1473 δέοντα.

209 1510 317 1562 κδ’.
341 1512 528 1578 Κηρία
545 1510 803 1578 μέλιτος,
824 1512 993 1579 λόγοι
1026 1510 1231 1565 καλοί.
1276 1512 1339 1563 Ol
1391 1511 1527 1582 πρὸς
1569 1511 1715 1564 διδα-

131 1600 376 1655 σκαλίαν
421 1602 616 1669 ἀγαθοὶ
676 1602 844 1671 λόγοι,
886 1601 1043 1670 δίκην
1090 1601 1305 1672 μέλιτος
1353 1601 1582 1673 κηρίων,
1611 1602 1717 1655 eici.

124 1692 587 1762 διεσκευασμένοι
620 1693 915 1756 πολυειδῶς
935 1710 947 1722 ο
973 1691 1113 1745 ὥστε
1146 1691 1495 1764 καταλλήλως
1517 1696 1584 1765 τῇ
1608 1692 1717 1746 τῶν

127 1786 447 1856 δεχομένων
482 1787 705 1857 δυνάμει
730 1786 1117 1857 ἁρμόττεσθαι.

1826 612 1947 649 rare
1982 598 2125 665 quod
2152 599 2397 651 occurrit
2427 597 2765 653 didicerunt.

1898 688 2059 743 Vens.
2090 689 2182 743 9.3.
2210 689 2314 744 Cor
2358 692 2612 761 sapientis
2659 689 2916 761 cogitabit
2956 703 3072 757 qua:
3111 685 3311 755 profert
3346 705 3402 737 os

1819 782 1953 851 ejus.
1984 781 2278 838 Prudentis
2305 786 2488 837 anima
2530 784 2683 853 prius
2730 792 3023 852 cognoscet
3057 795 3120 835 ea
3148 795 3271 849 quae
3295 780 3400 832 diti

1821 877 2103 941 convenit,
2128 877 2323 945 sicque
2358 876 2449 929 illa
2474 885 2600 931 ante
2620 891 2682 930 os
2711 876 2993 944 producet,
3020 888 3118 928 nec
3144 888 3265 941 qtae
3294 887 3400 924 non

1820 979 2061 1041 oportet,
2096 982 2155 1025 ut
2179 973 2440 1033 occurrit,
2472 972 2744 1041 loquetur.

1894 1155 1961 1210 Et
1996 1158 2047 1209 in
2078 1156 2236 1210 labiis
2275 1155 2515 1224 portabit
2556 1155 2984 1223 intelligentiam.
3020 1152 3136 1221 ipse
3172 1164 3299 1202 vero
3336 1148 3401 1202 ad

1818 1249 2021 1302 ostium
2074 1247 2343 1301 laltiorum
2395 1245 2801 1300 observantiam
2845 1242 2990 1295 modi
3029 1238 3405 1292 convenientis

1819 1338 2194 1392 circumducet
2221 1338 2287 1391 atl
2313 1336 2644 1406 loquendum
2675 1350 2738 1389 ea
2776 1349 2899 1404 qum
2931 1338 3299 1402 congruenter
3319 1328 3403 1382 dio

1823 1428 1997 1481 cenda
2035 1428 2429 1497 pra-cognovit.

1886 1517 2056 1574 Vens.
2082 1519 2174 1573 9.4.
2196 1518 2372 1572 Favus
2401 1519 2572 1572 mellis
2607 1516 2813 1586 pulchri
2862 1530 3151 1567 sermones.
3176 1511 3401 1566 Sermo-

1818 1627 1914 1667 nes
1948 1612 2013 1664 atl
2046 1611 2429 1664 erudiendium
2465 1610 2613 1675 boni,
2637 1608 2742 1662 favi
2778 1606 2955 1661 mellis
2990 1606 3190 1663 instar,
3216 1603 3403 1655 multi-

1821 1702 2066 1755 formiter
2095 1702 2167 1755 ita
2219 1702 2611 1770 disponuntur,
2645 1709 2705 1755 ut
2734 1710 2858 1771 apte
2889 1698 3285 1769 accipientium
3317 1695 3401 1749 fa-

1818 1792 2009 1847 cultati
2037 1793 2544 1847 accommodentur.

206 1852 546 1949 ὶέιύκασμα
603 1852 671 1933 δὲ
723 1852 941 1946 abstine,
1000 1881 1163 1948 ἴασις
1195 1881 1425 1951 ψυχῆς.
1479 1881 1543 1935 Ἠ
1573 1882 1630 1934 δὲ
1660 1883 1712 1934 ὲν

1892 1885 1961 1939 Ει
1996 1885 2217 1940 dulcedo
2248 1902 2429 1940 eorum
2459 1886 2653 1940 anima:
2680 1884 2917 1939 sanatio.
2945 1882 3077 1947 Quae
3104 1886 3155 1934 in
3177 1878 3256 1933 eis
3277 1878 3401 1933 abs-

128 1972 349 2035 τούτοις
373 1973 791 2044 έγκεκρυμμένη
843 1973 918 2037 ὡς
966 1974 1022 2027 ἐν
1057 1992 1163 2028 τισι
1220 1974 1469 2046 σίμϐλοις
1513 1975 1716 2044 γλυκυ-

127 2064 276 2134 τάτη
309 2064 509 2132 γνῶσις
528 2065 626 2135 τῆς
654 2065 936 2137 ἀληθείας,
957 2067 1225 2138 θεραπεία
1242 2068 1480 2140 ὑπάρχει
1505 2068 1708 2139 ψυχῆς,

127 2156 366 2219 σκότους
396 2157 561 2227 αὐτὴν
586 2158 809 2225 ἀγνοίας
862 2160 1300 2213 ἁπαλλάττουσα.

206 2253 310 2299 κε’.
340 2247 519 2301 Εἰσὶν
547 2246 671 2300 ὁδοί
710 2247 1003 2302 δοκοῦσαι
1033 2243 1187 2303 εἶναι
1215 2249 1379 2317 ὀρθαί
1409 2247 1585 2315 ἀνδρί
1601 2266 1613 2278 ·
1642 2250 1715 2302 τὰ

122 2337 341 2407 μέντοι
400 2339 713 2394 τελευταῖα
774 2340 974 2394 αὐτῶν
1021 2342 1239 2406 ,ϐλέπει
1293 2344 1381 2407 εις
1442 2340 1714 2409 πυθμένα

125 2433 308 2499 ᾅδου.
353 2433 685 2504 Ύπάρχουσι
715 2434 980 2487 πολιτεῖαί
1021 2453 1185 2499 τινες,
1216 2434 1271 2489 αἶ
1309 2434 1398 2487 διὰ
1428 2434 1489 2486 τὸ
1515 2432 1681 2504 ὲπίκη
1700 2464 1712 2472 -

132 2544 236 2597 ρον
268 2527 366 2596 ἡδὶ)
398 2526 493 2579 καὶ
522 2527 783 2593 ἐπίδοξον,
804 2526 1116 2598 νομίζονταί
1150 2544 1254 2580 τινι
1285 2526 1559 2599 ἀνθρώπῳ
1580 2542 1712 2593 τυγ-

128 2618 322 2687 χάνειν
354 2617 547 2671 καλαί·
568 2619 707 2672 τὰδὲ
736 2619 861 2688 τέλη
888 2618 1112 2680 τούτων,
1137 2621 1216 2682 είς
1243 2618 1404 2689 βάθος
1435 2617 1712 2680 ἀπωλείας

125 2712 258 2781 δρᾷ.
292 2710 407 2779 Τῆς
452 2710 560 2780 γάρ
610 2711 731 2764 κατ’
786 2712 1039 2781 αἴσθησιν
1090 2711 1304 2781 ἡδονῆς,
1342 2710 1495 2771 τέλος
1549 2708 1710 2779 ὀδύνη

126 2800 254 2855 ἐστί
276 2818 289 2832 ο
323 2802 415 2855 καὶ
440 2802 535 2871 τῆς
564 2802 810 2855 διακένου
843 2803 1022 2872 δόξης.
1058 2806 1090 2873 ἡ
1119 2803 1336 2873 ἀτιμία.

202 2901 320 2960 κς.
357 2895 537 2961 Ἀνὴρ
574 2896 643 2947 ἐν
674 2897 884 2962 πόνοις
914 2895 1088 2949 πονεῖ
1135 2895 1348 2961 ἑαυτῷ,
1387 2899 1484 2951 καὶ
1514 2898 1710 2952 ἐκϐιά-

126 2984 288 3047 ζεται
316 2987 532 3041 ἑαυτοῦ
554 2987 667 3056 τὴν
698 2986 1019 3042 ἀπώλειαν.
1060 2988 1377 3057 Ἄνθρωπός
1397 3008 1483 3053 τις
1513 2990 1590 3060 τῷ
1628 2990 1712 3042 δο-

125 3080 250 3132 κεῖν
283 3080 474 3150 μοχθεῖ
513 3080 652 3149 ὑπὲρ
706 3080 923 3143 ἑαυτοῦ,
963 3083 1019 3133 ἐν
1052 3081 1272 3151 μόχθοις
1303 3082 1519 3145 πολλοῖς
1548 3082 1710 3135 πλεο-

126 3172 403 3235 νεκτικῶς
452 3172 696 3225 πλουτῶν
717 3212 730 3236 ,
787 3172 881 3226 καὶ
916 3172 1256 3243 τυραννικῶς
1307 3172 1667 3243 δοξαζόμενος
1692 3190 1707 3204 °
1738 3202 1779 3255 ε

126 3264 257 3316 ἐπεὶ
278 3263 337 3316 δὲ
371 3263 613 3327 κίνδυνος
636 3264 808 3318 ταῦτα
840 3264 1040 3335 ψυχῆς,
1086 3264 1383 3334 βιαστικῶς
1411 3268 1710 3320 ἐπισπᾶται

126 3357 156 3409 ό
182 3356 429 3417 τοιοῦτος
454 3355 543 3410 τὸν
575 3357 705 3409 ἴδιον
742 3357 861 3410 δλεθ
872 3376 981 3427 ρον.

238 3450 283 3500 0
314 3447 517 3515 μέντοι
540 3449 809 3515 σκολιὸς,
836 3450 934 3503 ἐπὶ
961 3449 1039 3515 τῷ
1073 3450 1291 3504 ἑαυτοῦ
1327 3452 1576 3520 στόματι
1607 3469 1713 3520 5:0-

117 3537 221 3606 ρεῖ
266 3538 382 3605 τὴν
408 3538 730 3593 ἀπώλειαν.
787 3540 845 3595 Ὀ
880 3540 1061 3611 μέντοι
1096 3540 1321 3611 γνώμην
1373 3541 1512 3612 ἔχων
1552 3560 1710 3611 στρε-

127 3630 290 3701 ϐλὴν,
326 3630 422 3684 καὶ
453 3631 709 3701 βλάπτειν
761 3633 848 3686 ἀεὶ
897 3633 1156 3703 μελετῶν,
1191 3634 1253 3685 οὐ
1291 3633 1489 3686 πολλοῦ
1534 3632 1711 3687 δεῖται

126 3720 385 3789 καμάτου
408 3723 487 3785 είς
510 3722 712 3793 βλάϐην
741 3722 906 3776 αὑτοῦ
933 3740 945 3753 ⁸
976 3724 1113 3777 ἀλλά
1151 3726 1301 3793 παρά
1330 3724 1409 3796 τῷ
1443 3726 1557 3795 ίδίῳ
1591 3727 1712 3779 στό-

130 3829 271 3882 ματι
318 3813 411 3866 τὸν
468 3814 662 3868 ἑαυτοῦ
719 3816 1042 3886 ἐπιφέρεται
1103 3817 1354 3887 ὄλεθρον·
1436 3819 1710 3888 προξενῶν

128 3906 414 3959 ἀπώλειαν
440 3908 639 3979 έαυτῷ,
668 3909 727 3973 ἐξ
747 3902 822 3963 ὧν
860 3908 1018 3962 εἴωθε
1055 3908 1406 3978 φθέγγεσθαι⁸
1438 3911 1589 3981 παρά
1614 3911 1710 3979 μὲν

128 3999 297 4065 Θεοῦ,
325 3998 424 4068 τὴν
470 4002 611 4054 κατά
643 4002 850 4073 ψυχήν·
886 4000 1036 4072 παρά
1069 4002 1124 4055 δὲ
1160 4002 1269 4055 τῶν
1308 4002 1711 4074 ὲνωτιζομένων

128 4089 201 4142 τὰ
230 4091 365 4161 παρ’
391 4091 556 4143 αὐτοῦ
576 4091 866 4162 λεγόμενα,
894 4091 992 4164 τὴν
1024 4092 1165 4146 κατά
1192 4092 1373 4163 σῶμα.

205 4182 312 4246 κζ’.
342 4182 513 4250 Ἀνὴρ
537 4184 761 4253 ἄφρων,
787 4185 1035 4253 ὀρύσσει
1062 4184 1252 4249 ἐαυτῷ
1274 4186 1446 4241 κακά,
1465 4186 1710 4260 Ἀνθρω-

130 4290 235 4336 πος
259 4273 317 4334 ὃς
350 4273 509 4343 μὴτά
543 4275 737 4328 ἑαυτοῦ
793 4276 1142 4345 συμφέροντα
1169 4275 1554 4344 διαλογίζεται,
1586 4276 1709 4330 καθ’

132 4364 333 4419 ἑαυτοῦ
359 4365 664 4436 ἐξευρίσκει
695 4367 761 4421 τά
794 4367 1082 4438 βλαπτικὰ,
1106 4368 1338 4423 ἐπινοῶν
1365 4370 1433 4423 τά
1472 4372 1606 4440 πρὸς
1630 4370 1710 4422 ol-

132 4457 293 4511 κείαν
314 4457 610 4514 ἀπώλειαν.

1818 1978 2079 2033 conditur
2107 1985 2166 2032 ut
2202 1978 2255 2032 in
2300 1977 2631 2048 quibusdam
2666 1976 2921 2031 alveariis
2959 1972 3280 2028 dulcissima
3307 1986 3399 2023 ve-

1817 2067 2001 2123 ritatis
2042 2068 2289 2137 cognitio
2322 2068 2590 2121 medicina
2618 2076 2703 2121 est
2726 2068 2954 2120 aninue:
2991 2064 3131 2117 hanc
3153 2062 3400 2131 ignoran-

1817 2160 1904 2214 tiae
1931 2161 2169 2214 tenebris
2201 2160 2420 2214 liberat.

1886 2251 2050 2307 Vens.
2080 2250 2170 2304 25.
2201 2248 2335 2304 Sunt
2365 2250 2463 2303 via:
2494 2264 2610 2317 qua:
2636 2248 2876 2301 videntur
2904 2247 3103 2298 homini
3133 2255 3311 2311 rectae,
3349 2254 3399 2298 et

1816 2354 1991 2397 tamen
2031 2343 2325 2395 novissima
2364 2358 2548 2395 eorum
2582 2340 2651 2391 ad
2703 2339 2954 2409 abyssum
3010 2339 3205 2407 inferni
3232 2339 3400 2390 dedu-

1813 2447 1957 2491 cunt.
1988 2437 2300 2490 Occurrunt
2326 2433 2577 2506 quicdam
2615 2433 2715 2486 vim
2741 2449 2861 2501 qua:
2896 2439 3115 2502 propter
3138 2432 3397 2485 caducam

1808 2528 2214 2600 jucunditatem
2266 2535 2320 2582 et
2365 2528 2595 2596 gloriam
2630 2527 2847 2580 cuidam
2886 2524 3094 2578 homini
3140 2532 3399 2593 putantur

1812 2621 2031 2675 evenire
2099 2621 2280 2685 bonae;
2347 2619 2441 2674 sed
2508 2620 2689 2673 exitus
2728 2634 2920 2672 earum
2973 2618 3027 2671 in
3079 2618 3396 2669 barathrum

1814 2709 2133 2778 perditionis
2152 2716 2381 2778 spectat.
2408 2708 2692 2763 Sensualis
2719 2710 2862 2761 enim
2890 2707 3181 2776 voluptatis
3214 2706 3401 2761 termi-

1814 2815 1919 2853 nus
1946 2809 2030 2855 est
2058 2800 2449 2864 conturbatio;
2482 2806 2535 2852 et
2569 2800 2748 2852 inanis
2782 2798 2991 2865 glorise,
3020 2797 3396 2866 opprobrium.

1888 2893 2164 2949 Vens.9.6.
2210 2897 2381 2948 Homo
2424 2895 2675 2948 laborans
2730 2895 2939 2946 laborat
2993 2895 3092 2947 sibi
3146 2906 3399 2961 suamque

1812 2996 2084 3057 extorquet
2107 2988 2478 3054 perditionem.
2516 2988 2689 3041 llomo
2715 2987 2935 3055 quidam
2984 2986 3049 3039 ad
3083 2984 3396 3055 [algendum

1813 3080 2027 3134 laborat
2075 3080 2201 3145 sibi,
2246 3081 2299 3133 in
2341 3080 2527 3133 multis
2575 3080 2854 3133 laboribus
2884 3077 3082 3147 cupide
3118 3078 3398 3130 ditesccns

1814 3178 1868 3224 et
1907 3171 2143 3239 superbe
2178 3171 2417 3240 glorians
2453 3188 2465 3223 :
2500 3187 2623 3225 cum
2672 3180 2853 3224 autem
2892 3172 3004 3224 haec
3044 3181 3171 3223 sunt
3204 3168 3400 3221 anima:

1816 3260 2153 3329 periculum,
2214 3262 2483 3315 violenter
2555 3262 2643 3315 ille
2704 3277 2857 3313 suam
2924 3260 3154 3313 attrahit
3214 3257 3399 3329 perni-

1813 3363 1973 3403 CIC").

1880 3445 2106 3496 Astutus
2140 3454 2315 3496 autem
2360 3445 2415 3497 in
2451 3462 2539 3498 ore
2570 3462 2664 3499 suo
2691 3446 2827 3515 gerit
2867 3445 3103 3498 ruinam.
3139 3443 3397 3509 Quivero

1812 3536 2101 3591 scientiam
2134 3536 2299 3591 habet
2340 3537 2588 3593 dolosam
2625 3549 2681 3593 et
2709 3554 2923 3609 semper
2957 3553 3155 3591 nocere
3183 3538 3391 3597 studet.

1811 3628 1860 3682 ei
1895 3644 2003 3682 non
2041 3629 2214 3684 multo
2245 3646 2385 3701 opus
2419 3640 2503 3687 est
2531 3631 2714 3686 labore
2748 3632 2813 3684 ad
2857 3646 3013 3684 suam
3058 3630 3391 3699 perniciem:

1812 3720 1905 3775 sed
1944 3721 1999 3774 in
2036 3736 2131 3775 ore
2159 3723 2382 3792 proprio
2418 3739 2573 3777 suam
2619 3724 2830 3776 ruinam
2868 3723 3029 3792 gerit.
3059 3721 3139 3775 Ex
3173 3722 3238 3775 iis
3272 3737 3395 3790 qtae

1811 3813 1995 3868 dicere
2048 3816 2337 3869 consuevit
2382 3816 2485 3869 sibi
2538 3823 2692 3885 parat
2751 3815 3141 3885 perditionem,
3198 3814 3396 3867 anima:

1811 3907 2030 3977 quidem
2071 3909 2214 3977 apud
2262 3908 2452 3972 Deum,
2484 3909 2737 3978 corporis
2772 3922 2950 3963 autem
2986 3908 3128 3979 apud
3163 3922 3259 3964 eos
3299 3907 3394 3978 qui

1811 4000 1977 4056 verba
2006 4001 2181 4071 ipsius
2214 4001 2467 4059 audiunt.

1880 4184 2047 4241 Vens.
2084 4186 2175 4241 27.
2230 4186 2324 4241 Vir
2357 4187 2658 4256 imprudens
2696 4188 2831 4257 fodit
2872 4188 2972 4243 sibi
3015 4189 3177 4243 mula.
3222 4188 3393 4244 llomo

1811 4272 1901 4342 qui
1920 4272 1986 4327 ad
2016 4288 2073 4327 se
2096 4274 2420 4344 pertinentia
2443 4292 2552 4331 non
2578 4288 2879 4348 computat,
2907 4280 3170 4334 adversus
3195 4288 3393 4334 semet-

1813 4364 1987 4433 ipsum
2034 4366 2245 4421 invenit
2298 4368 2513 4433 nociva,
2559 4370 2886 4439 excogitans
2927 4384 3049 4439 qua:
3081 4369 3289 4423 ducunt
3324 4370 3389 4422 ad

1812 4456 1983 4525 ipsius
2018 4458 2255 4511 ruinam.

217 4548 346 4601 Ἐπὶ
395 4547 464 4601 δὲ
498 4547 614 4603 τῶν
644 4549 862 4605 ἑαυτοῦ
920 4547 1168 4618 χειλέων
1193 4547 1533 4617 θησαυρίζει
1561 4550 1699 4618 πῦρ.

1884 4549 1952 4602 Et
1978 4549 2029 4605 in
2055 4550 2215 4604 labiis
2245 4551 2358 4604 suis
2392 4552 2719 4604 thesaurizat
2750 4552 2943 4619 ignem.
2981 4550 3045 4603 Et
3072 4552 3126 4605 in
3164 4565 3259 4605 ore
3289 4567 3392 4605 Sno

145 4641 236 4694 Ἐν
260 4641 318 4695 δὲ
343 4641 424 4713 τῷ
473 4642 701 4713 στόματι
742 4643 930 4707 αὐτοῦ,
969 4643 1192 4708 συνάγει
1224 4643 1472 4713 ῥήματα,
1510 4643 1711 4697 κακίαν

132 4733 359 4788 ἃπασαν
387 4734 682 4790 ἐκκαίοντα
708 4736 855 4807 παρά
880 4737 992 4797 τοῖς
1021 4735 1331 4789 ἀκούουσιν.

207 4831 316 4896 κη’.
358 4826 526 4895 Ἀνὴρ
553 4827 823 4893 σκολιὸς,
845 4825 1237 4895 διαπέμπεται
1264 4825 1439 4881 κακά.
1469 4826 1711 4898 ιἌνθρω-

130 4934 239 4981 πος
263 4918 402 4973 κατά
446 4918 675 4990 γνώμην
736 4918 1013 4990 στρεϐλὺς,
1036 4919 1398 4990 παραπέμπει
1417 4918 1504 4971 διὰ
1527 4918 1711 4987 μέσων

128 5009 243 5062 τῶν
259 5010 578 5077 ἐπιτηδείων
592 5012 670 5075 εἰς
688 5013 747 5064 τὸ
759 5012 1051 5082 ὑπουργεῖν
1071 5011 1139 5064 τά
1160 5009 1325 5065 αὐτοῦ
1346 5010 1707 5079 βουλεύματα,

129 5098 263 5164 τοὺς
288 5100 346 5152 ὲν
379 5103 444 5171 τῇ
486 5100 633 5172 ψυχῇ
681 5100 844 5153 αὑτοῦ
885 5099 1293 5170 μελετωμένους
1346 5098 1531 5160 δόλους
1570 5096 1711 5149 κατά

130 5190 245 5244 τῶν
277 5190 614 5258 ἀγαπώντων
653 5190 935 5259 ἀλλήλους.

206 5282 317 5336 Kal
349 5280 669 5349 ,λαμπτῆρα
712 5279 895 5334 δόλου
938 5280 1272 5347 πυρσεύσει
1321 5279 1558 5345 κακοῖς·
1608 5279 1708 5331 καὶ

132 5371 460 5441 διαχωρίζει
501 5374 739 5441 φίλους.
793 5372 904 5424 Καὶ
955 5369 1099 5423 οὕτω
1150 5372 1356 5441 πυρσὸν
1404 5369 1709 5423 ὑπανάπτει

134 5465 355 5534 ἀπάτης
386 5466 444 5516 έν
469 5466 581 5526 τοῖς
634 5462 1027 5533 πειθαρχοῦσιν
1074 5457 1220 5534 α’ὗτῷ
1262 5463 1556 5533 ὑπουργοῖς
1609 5462 1709 5532 τῆς

136 5554 338 5617 κακίας
358 5571 371 5584 ·
407 5556 502 5609 καὶ
529 5555 617 5609 διά
644 5557 869 5624 τούτων,
904 5556 979 5620 ὡς
1016 5556 1082 5609 δι’
1109 5557 1358 5629 ὀργάνων
1389 5556 1709 5621 τινῶν,τοὺς

138 5646 453 5716 ἡνωμένους
504 5647 569 5699 δι’
624 5648 845 5718 ἀγάπης
899 5648 1246 5719 εἰλικρινοῦς,
1308 5649 1403 5700 ἀπ’
1466 5648 1709 5719 ἀλλήλων

137 5737 424 5806 διίστησιν,
457 5738 655 5809 ἔχθραν
680 5740 783 5792 ἀνά
813 5739 975 5811 μέσον
997 5741 1175 5795 αὐτῶν
1206 5739 1481 5807 ἐμϐαλών.

208 5831 310 5887 κθν.
331 5831 510 5900 Ἀνὴρ
535 5833 876 5899 παράνομος
937 5831 1327 5901 ἀποπειρᾶται
1367 5832 1581 5902 φίλων,
1611 5831 1707 5885 καὶ

1812 4641 1975 4695 verba
2007 4656 2222 4695 omnem
2244 4643 2507 4696 malitiam
2528 4641 2670 4711 apud
2696 4642 2978 4697 auditores
3009 4643 3387 4704 accendentia,

1810 4729 2040 4798 colligit.

1885 4819 2050 4876 Vens.
2098 4821 2187 4875 28.
2254 4821 2346 4876 Vir
2401 4832 2612 4877 astutus
2666 4823 2923 4894 dispergit
2982 4824 3147 4878 mala.
3214 4824 3390 4879 Homo

1812 4914 2040 4968 scientia
2080 4913 2328 4977 dolosas.
2361 4915 2505 4968 inter
2559 4915 2811 4969 homines
2848 4915 2913 4970 ad
2946 4913 3236 4969 favendum
3272 4917 3390 4970 suis

1811 5006 2059 5060 consiliis
2102 5006 2350 5071 idoneos,
2376 5022 2515 5077 quos
2548 5008 2603 5061 in
2634 5006 2797 5061 corde
2820 5022 2921 5062 suo
2961 5008 3257 5061 meditatus
3304 5016 3391 5059 est

1810 5098 1988 5163 dolos,
2020 5099 2285 5155 adversus
2316 5109 2561 5154 mutuam
2592 5100 2861 5155 habentes
2876 5099 3389 5164 dilectionem,dis-

1811 5191 2065 5247 seminat.

1881 5282 1951 5335 Et
1975 5282 2145 5351 facem
2186 5284 2401 5337 astutia:
2440 5282 2708 5337 succendit
2754 5284 3034 5352 perversis.
3088 5282 3388 5351 amicosque

1810 5374 2092 5443 disiungit.
2129 5373 2196 5426 Et
2228 5374 2309 5428 sic
2343 5372 2572 5427 fallaciae
2604 5372 2777 5427 facem
2815 5374 2957 5428 inter
2983 5372 3304 5427 obedientes
3335 5373 3385 5424 ei

1810 5465 2188 5536 perversitatis
2215 5465 2497 5533 operarios
2527 5463 2842 5529 succendit;
2877 5474 2929 5518 et
2958 5479 3054 5533 per
3078 5478 3194 5529 eos,
3224 5462 3385 5531 quasi

1810 5570 1905 5625 per
1954 5555 2201 5625 quaedam
2234 5554 2622 5617 instrumenta,
2664 5554 2910 5610 sinceros
2942 5546 3213 5615 homines,
3253 5553 3385 5607 cha-

1810 5646 1972 5700 ritate
2005 5646 2295 5708 adunatos,
2330 5646 2397 5700 ab
2421 5646 2654 5700 invicem
2677 5646 2916 5716 seiungit
2950 5644 3131 5701 medio
3164 5645 3381 5698 illorum

1810 5740 2149 5795 inimicitiam
2179 5739 2499 5809 ingerendo.

1882 5831 2047 5889 Vens.
2076 5832 2166 5889 9.9.
2214 5830 2308 5887 Vir
2354 5833 2587 5898 iniustus
2622 5836 2821 5889 amicos
2865 5844 3031 5890 tentat
3065 5842 3114 5886 et
3147 5845 3238 5898 per
3269 5828 3381 5883 vias

3329 6046 3345 6074 Ι
