4054 6502
577 384 703 450 1391

1933 393 2287 457 PROCOPII
2329 390 2572 450 GAZ.-El

3717 369 3850 432 139:7.

577 521 681 558 non
711 506 874 561 bonas
914 525 1000 562 eos
1031 509 1266 565 abducit.
1303 513 1474 569 llouiu
1515 515 1825 570 divinorum
1872 516 2156 570 mandato-

2278 509 2476 578 ὶπάγει
2499 507 2720 571 αὐτοὺς
2739 504 2919 567 ὁδοὺς
2936 503 3044 554 οὐκ
3063 495 3307 569 ἀγαθάς.
3330 490 3462 545 ’Λνθ
3471 503 3655 562 ρωπος
3674 501 3850 553 παρα-

579 615 698 654 rum
747 606 1140 671 transgressor,
1173 605 1497 673 quibusdam
1535 617 1784 661 mutuam
1825 608 2154 662 charitateiu

579 691 792 760 adeptis
823 692 1037 761 sibique
1069 703 1260 747 mutuo
1299 695 1690 752 auxiliantibus
1715 713 1914 752 nocere
1941 697 2153 759 volens,

578 798 675 836 eos
697 785 742 836 si
767 784 1014 853 quaedam
1040 787 1132 840 alii
1156 797 1345 842 contra
1367 790 1506 844 alios
1529 791 1860 846 offendicula
1885 788 2160 858 recipiunt

581 885 784 942 tentat;
813 887 867 932 et
895 894 926 933 a
965 880 1058 935 tali
1085 880 1374 936 charitatis
1407 890 1557 938 statu
1601 882 1667 937 ad
1699 883 1810 939 odii
1843 881 2160 938 contentio-

580 985 676 1025 nes
708 970 880 1025 ducit.

663 1155 822 1214 Vens.
839 1160 926 1215 50.
945 1160 1049 1227 Qui
1069 1176 1186 1213 vero
1201 1159 1406 1228 deﬁxos
1425 1168 1556 1214 tenet
1573 1159 1753 1214 oculos
1768 1161 1960 1230 cogitat
1972 1175 2159 1228 prava,

581 1261 629 1302 et
658 1253 744 1320 qui
775 1269 871 1306 sua
895 1253 1098 1305 mordet
1131 1251 1273 1304 labia
1301 1260 1491 1304 cuncta
1523 1250 1668 1302 mala
1697 1249 1924 1318 peragit.
1962 1248 2068 1314 Qui
2104 1249 2157 1301 in

584 1344 701 1399 suis
733 1345 911 1400 oculis
937 1345 1217 1398 inmobilis
1241 1350 1544 1413 permanet,
1575 1343 1628 1395 in
1660 1342 1742 1396 eis
1768 1355 2024 1409 perversa
2049 1354 2163 1393 me-

585 1438 814 1500 ditatur,
861 1446 913 1492 ct
943 1439 1164 1508 propria
1211 1437 1469 1492 mordens
1521 1435 1683 1499 labia,
1731 1444 1926 1489 cuncta
1957 1449 2077 1503 qua:
2110 1433 2162 1485 iu

587 1531 667 1584 cis
699 1529 995 1584 meditatus
1025 1541 1108 1586 est
1137 1531 1277 1584 mala
1311 1529 1603 1601 signiﬁcat.

663 1720 762 1773 llic
815 1722 1055 1774 caminus
1108 1731 1187 1776 est
1239 1722 1566 1791 iniquitatis.
1606 1719 1755 1774 Talis
1805 1718 1973 1789 igitur
2007 1717 2168 1772 homo

588 1815 741 1868 locus
771 1814 1077 1881 iniquitatis
1093 1825 1198 1882 est,
1217 1816 1319 1870 sibi
1346 1821 1696 1870 occurrentes
1713 1812 2010 1866 inhumane
2032 1825 2164 1864 con-

587 1922 830 1962 sumens.

665 2000 826 2055 Vens.
858 2002 945 2055 5|.
979 2000 1188 2056 Corona
1218 2001 1405 2072 gloria:
1434 2010 1707 2063 senectus;
1736 2000 1788 2053 in
1818 2000 1916 2054 viis
1937 1997 2168 2067 justitia:

588 2096 869 2152 invenitur.
906 2096 1254 2152 Manifestum
1293 2099 1359 2152 de
1390 2097 1740 2168 passionibus
1769 2095 2013 2150 victoriae
2046 2094 2171 2147 bra-

587 2190 770 2253 Iieum,
821 2188 945 2244 vitae
1005 2191 1268 2244 terminus
1300 2200 1414 2252 est;
1477 2189 1531 2242 in
1581 2187 1943 2242 exsecutione
1986 2194 2168 2238 autem

586 2279 900 2334 divinorum
950 2281 1337 2336 mandatorum
1389 2282 1492 2336 iste
1552 2280 1820 2335 terminus
1869 2277 2168 2334 invenitur.

587 2374 693 2439 Qui
731 2376 878 2430 enim
916 2390 946 2428 a
989 2375 1279 2444 juventute
1328 2375 1594 2432 adversus
1647 2372 1901 2429 libidines
1953 2371 2170 2426 divino-

590 2482 710 2520 rum
763 2469 1119 2523 exsecutione
1163 2468 1550 2522 mandatorum
1597 2466 1953 2526 colluctatur.
1995 2479 2172 2532 usque

589 2561 656 2614 ad
688 2570 1023 2616 senectutem
1057 2561 1345 2616 victoriam
1377 2560 1444 2614 de
1468 2561 1535 2614 iis
1573 2560 1736 2614 habet
1767 2556 2169 2620 absconditam,

591 2660 778 2722 utpote
811 2652 1166 2708 manifestum
1207 2653 1356 2707 illius
1382 2652 1645 2706 brabeuiu
1679 2653 1732 2706 in
1781 2651 1900 2721 ipso
1935 2646 2172 2703 termino

589 2753 938 2820 exspectans.
1075 2735 1082 2748 ’

664 2834 830 2889 Vens.
864 2835 952 2889 5'2.
989 2833 1184 2888 Melior
1205 2843 1280 2887 est
1317 2834 1396 2887 vir
1424 2833 1631 2901 patiens
1666 2831 1818 2901 forti,
1863 2838 1913 2884 et
1938 2827 2174 2882 domitor

589 2930 686 2982 ira:
732 2929 922 2981 melior
962 2926 1108 2981 urbis
1154 2936 1535 2995 expugnatura.
1583 2925 1774 2981 Melior
1823 2933 1908 2979 est
1956 2921 2175 2977 fortiter

593 3024 773 3078 ferens
795 3037 1071 3076 aerumnas
1096 3022 1164 3076 ab
1180 3021 1362 3090 aliquo
1385 3020 1490 3075 sibi
1523 3019 1998 3090 supervenientes,
2015 3025 2070 3070 et
2093 3015 2174 3070 sic

592 3118 807 3171 ratione
834 3116 1067 3171 domans
1093 3115 1361 3180 animum,
1385 3119 1444 3167 ut
1471 3113 1808 3182 reciprocam
1828 3127 1937 3164 non
1957 3118 2175 3180 appetat

2263 603 2434 673 ϐάτης
2463 601 2572 653 τῶν
2600 598 2694 652 τοῦ
2727 597 2862 650 Θεοῦ
2894 593 3146 654 ἐντολῶν,
3177 586 3376 660 βλάψαι
3405 581 3562 643 τινας
3593 576 3849 648 βουλόμε-

2263 716 2348 760 νος
2373 670 2750 765 κεκτημένους
2781 691 2917 763 πρὸς
2957 686 3224 757 ἀλλήλους
3258 681 3480 750 ἀγάπην
3512 675 3611 728 καὶ
3636 671 3729 725 ὑπ’
3757 670 3848 724 ἁλ-

2261 791 2442 862 λήλων
2473 785 2893 860 βοηθουμένους,
2928 778 3215 851 δοκιμάζει
3247 775 3490 835 τούτους,
3541 767 3591 820 εί
3641 764 3712 818 τὰ
3735 765 3852 817 κατ’

2263 856 2511 954 ἀλλήλων
2536 856 2783 952 δέχονται
2830 875 3102 931 σκάνδαλα
3126 890 3140 903 θ
3175 869 3269 925 καὶ
3319 865 3426 920 ἀπὸ
3453 863 3555 933 τῆς
3599 856 3854 926 τοιαύτης

2265 951 2478 1046 ἀγαθῆς
2522 951 2849 1036 διαθέσεως,
2913 969 3035 1038 ἄγει
3101 963 3299 1026 αὐτοὺς
3349 961 3429 1022 εἰς
3467 951 3855 1021 διαλογισμοῖς

2269 1071 2479 1142 μίσους.

2335 1163 2401 1219 λ’,
2431 1158 2724 1230 Στηρίζων
2783 1157 2851 1210 δὲ
2918 1150 3268 1224 ὀφθαλμοὺς
3315 1146 3525 1208 αὑτοῦ,
3564 1139 3852 1208 λογίζεται

2265 1252 2742 1324 διεστραμμένα·
2804 1245 3146 1302 ἐπιδάκνων
3183 1240 3252 1294 δὲ
3280 1238 3402 1303 τοῖς
3450 1235 3737 1304 χείλεσιν
3754 1230 3852 1281 αἰ·-

2267 1347 2397 1412 τοῦ,
2433 1344 2606 1414 ὁρίζει
2628 1342 2826 1396 πάντα
2847 1340 2918 1393 τὰ
2949 1335 3127 1391 κακοί.
3167 1330 3432 1400 Ἐφιστῶν
3461 1328 3518 1380 δὲ
3550 1326 3638 1378 ἐπ’
3662 1322 3854 1382 αὖτοὺς

2267 1442 2395 1503 τοὺς
2427 1437 2619 1493 ἑαυτοῦ
2647 1433 2981 1505 ὀφθαλμοὺς,
3020 1427 3225 1500 μελετᾷ
3249 1422 3372 1478 κατ’
3396 1420 3581 1474 αὐτῶν
3611 1414 3851 1485 πονηρά·

2271 1534 2363 1608 καὶ
2388 1531 2459 1584 τά
2489 1531 2596 1583 tam
2630 1528 2787 1599 χείλη
2852 1523 3150 1579 ἐκδάκνων,
3182 1518 3346 1572 τυποῖ
3393 1513 3578 1568 πάντα
3620 1507 3692 1561 τά
3728 1507 3852 1576 παρ’

2270 1623 2436 1678 αὐτοῦ
2464 1621 2584 1677 κατ’
2615 1619 2794 1674 αὐτῶν
2823 1614 3192 1689 μελετώμενα.

2344 1713 2532 1781 Οὗτος
2590 1713 2841 1784 κάμινός
2895 1710 3028 1763 ἐστι
3084 1704 3319 1766 κακίας.
3363 1697 3422 1751 '0
3452 1695 3587 1765 γοῦν
3616 1690 3852 1751 τοιοῦτος

2274 1811 2370 1866 ἄνθ
2381 1827 2561 1883 ρωπος
2607 1805 2720 1878 πῦρ
2741 1802 2941 1865 κακίας
2958 1799 3096 1865 ἐστὶ,
3116 1793 3310 1870 μισάνθ
3320 1793 3518 1858 ρώπως
3535 1788 3662 1850 τοῦς
3681 1801 3853 1856 παρα-

2275 1907 2645 1976 τυγχάνοντας
2684 1893 3107 1951 καταδαπανῶν.

2341 1969 2445 2052 λα’.
2477 1993 2805 2061 Στέφανος,
2835 1985 3192 2055 καυχήσεως
3223 1979 3412 2050 γῆρας
3438 1993 3452 2007 ·
3491 1974 3567 2027 ἐν
3599 1971 3667 2024 δὲ
3699 1969 3856 2036 ὁδοῖς

2271 2087 2664 2152 δικαιοσύνης
2689 2081 3051 2149 εὑρίσκεται.
3078 2075 3152 2127 Τὸ
3175 2068 3473 2143 δηλωτικὸν
3494 2063 3750 2136 βραϐεῖον
3763 2062 3855 2132 τῆς

2273 2179 2415 2234 κατὰ
2450 2176 2560 2231 τῶν
2597 2171 2788 2226 παθῶν
2818 2168 2996 2237 νίκης,
3033 2164 3094 2218 τὸ
3143 2162 3236 2216 τοῦ
3266 2159 3410 2230 βίου
3470 2155 3628 2216 τέλος
3679 2149 3820 2202 ἐστίν
3842 2164 3857 2179 ο

2273 2277 2331 2328 ἐν
2363 2273 2420 2326 δέ
2442 2271 2558 2332 ταῖς
2597 2264 2886 2338 ἐργασίαις
2912 2258 3023 2313 τῶν
3045 2255 3139 2310 τοῦ
3167 2252 3302 2308 Θεοῦ
3337 2249 3572 2305 ἐντολῶν
3604 2244 3668 2298 τὸ
3693 2241 3855 2296 τοιοῦ-

2271 2384 2364 2421 τον
2389 2363 2540 2427 τέλος
2570 2360 2923 2430 εὑρίσκεται·
2964 2353 3031 2406 ἐκ
3076 2349 3327 2417 νεότητος
3353 2344 3464 2414 γάρ
3490 2359 3580 2404 τις
3612 2335 3858 2407 ἀγωνιζό-

2277 2476 2436 2532 μενος
2488 2453 2630 2508 κατὰ
2679 2451 2792 2505 τῶν
2841 2445 3032 2502 παθῶν
3053 2442 3155 2514 ¹διὰ
3180 2443 3279 2511 τῆς
3307 2437 3419 2492 τῶν
3443 2435 3608 2489 θείων
3634 2427 3859 2484 ἐντολῶν

2276 2520 2562 2622 ἐργασίας,
2603 2543 2798 2613 ἄδηλον
2829 2539 2943 2610 ἔχει
2975 2537 3136 2608 μέχρι
3166 2534 3356 2604 γήρως
3381 2529 3479 2600 τὴν
3509 2525 3639 2581 κατ’
3691 2520 3862 2575 αὐτῶν

2275 2611 2454 2714 νίκην,
2493 2640 2569 2703 ὡς
2602 2636 2665 2690 τὸ
2693 2611 2920 2703 ταύτης
2965 2626 3262 2702 δηλωτικὸν
3294 2623 3572 2696 βραϐεῖον.
3629 2619 3691 2670 ἐν
3722 2611 3864 2682 αὑτῷ

2275 2734 2352 2805 τῷ
2380 2733 2526 2786 τέλει
2558 2725 3022 2796 ἀπεκδεχόμενος.

2346 2823 2447 2897 λβ’.
2491 2823 2809 2892 Κρείσσων
2853 2815 3010 2884 ἀνὴρ
3068 2811 3454 2883 μακρόθυμος
3497 2800 3795 2873 ἰσχυροῦ’
3833 2802 3862 2853 ό

2275 2923 2344 2977 δὲ
2369 2893 2600 2988 κρατῶν
2652 2913 2859 2985 ὀργῆς,
2910 2909 3214 2978 κρείσσων
3247 2893 3864 2969 καταλαμϐανομένου

2277 2986 2476 3070 πόλιν.
2524 3008 2777 3064 Καλλίων
2833 3004 2981 3056 ἐστὶν
3012 3002 3040 3053 ὁ
3078 2994 3346 3069 γενναίως
3395 2991 3581 3061 φέρων
3617 2989 3692 3042 τά
3721 2986 3866 3055 παρά

2275 3125 2420 3172 τινος
2446 3103 2592 3174 αὑτῷ
2613 3097 2958 3171 ἐπερχόμενα
2990 3089 3232 3162 λυπηρὰ,
3249 3087 3343 3142 καὶ
3367 3085 3512 3155 λόγῳ
3537 3079 3760 3153 κρατῶν
3775 3079 3865 3131 τοῦ

593 3209 921 3274 molestiam,
945 3222 1109 3277 quam
1141 3207 1232 3273 qui
1261 3212 1448 3260 contra
1478 3204 1736 3272 iniuriam
1769 3201 2170 3271 hujuscemodi,

2278 3198 2626 3270 θυμοῦ,ῶστε
2659 3193 2734 3263 μὴ
2759 3185 3054 3260 ὀρέγεσθαι
3080 3184 3182 3253 τῆς
3202 3179 3408 3234 τούτων
3432 3173 3864 3244 ἀντιλυπήσεως,

593 3314 750 3354 suam
792 3297 1037 3353 ostendit
1068 3301 1415 3362 potestatein.
1447 3293 1550 3359 Qui
1587 3302 1790 3359 autem,
1819 3292 1921 3347 etsi
1951 3293 2178 3345 alterum

594 3392 863 3447 molestia:
917 3390 1252 3445 desiderium
1301 3388 1563 3443 cohibere
1604 3402 1713 3442 non
1757 3385 1957 3456 potuit,
2013 3398 2042 3436 a
2097 3384 2180 3439 sic

592 3484 840 3539 vicissim
864 3483 1226 3545 uiolestando,
1263 3495 1578 3552 quanquam
1603 3487 1924 3550 potestatem
1944 3477 2176 3536 habens.

593 3577 759 3632 etiam
825 3576 1086 3640 abstinet,
1147 3573 1400 3642 superior
1466 3579 1551 3626 est
1616 3570 1710 3624 illo
1777 3569 1871 3639 qui
1940 3569 2177 3638 primum

595 3673 772 3744 ipsius
807 3671 1070 3733 animam,
1118 3669 1172 3722 in
1195 3681 1303 3736 qua
1329 3664 1603 3736 cogitante
1636 3661 2053 3733 gubernationis
2090 3675 2179 3716 re-

593 3769 778 3839 gimen
816 3764 908 3819 hic
951 3762 1135 3827 habet,
1178 3759 1554 3816 contristavit:
1589 3773 1714 3812 nam
1747 3773 1777 3811 a
1813 3756 1926 3812 Deo
1952 3755 2027 3810 illi
2059 3757 2184 3826 qui-

596 3859 719 3914 dem
753 3856 1029 3928 patientiae
1067 3867 1234 3907 causa
1294 3848 1601 3905 mercedem
1672 3857 1802 3902 sunt
1864 3845 2180 3916 accepturi;

598 3955 654 4009 hi
680 3968 810 4008 vero
843 3945 1375 4022 pcenam,siquidem
1405 3959 1594 4001 eorum
1635 3941 2020 4011 unusquisque
2053 3952 2183 4007 erga

600 4044 911 4116 proximum
944 4053 1198 4110 perverse
1227 4037 1360 4107 egit.

674 4132 842 4187 Vens.
879 4129 1062 4186 53.111
1113 4129 1292 4182 sinum
1333 4128 1512 4180 omnia
1540 4133 1873 4179 revertuntur
1920 4121 2185 4192 injustis;

603 4245 637 4281 a
672 4224 780 4278 Deo
831 4231 1006 4275 autem
1051 4221 1244 4274 omnia
1277 4227 1402 4272 sunt
1437 4217 1612 4286 justa.
1658 4215 1762 4281 Qui
1799 4221 2001 4268 nocent
2037 4211 2184 4274 aliis.

601 4321 658 4374 in
687 4319 931 4388 ipsorum
962 4313 1268 4385 perniciem
1300 4318 1524 4366 vertunt
1575 4324 1636 4364 ea
1669 4324 1792 4378 quze
1833 4317 2028 4362 contra
2050 4305 2187 4361 alios

601 4410 926 4482 proferunt;
959 4404 1028 4458 ab
1067 4403 1457 4457 universorum
1489 4410 1672 4455 autem
1699 4397 1954 4463 Domino,
1988 4396 2187 4466 justis-

604 4507 804 4560 sitnum
851 4499 964 4554 exit
995 4497 1301 4568 judicium;
1351 4496 1552 4566 quippe
1589 4494 1682 4564 qui
1731 4491 1990 4546 omnibus
2027 4489 2185 4561 juxta

604 4611 770 4668 opera
798 4607 988 4651 eorum
1014 4590 1289 4646 retribuit.

1223 4679 1375 4736 CAP.
1408 4677 1570 4733 XVII.

677 4781 844 4836 VEBS.
871 4782 916 4834 ι.
931 4777 1123 4832 Melior
1139 4783 1215 4828 est
1232 4769 1465 4825 buccella
1487 4763 1955 4838 cumjucunditate
1975 4771 2024 4816 et
2039 4777 2186 4832 pace.

608 4871 800 4928 Melior
828 4877 912 4925 est
940 4868 1091 4923 solus
1116 4863 1274 4935 panis
1293 4859 1536 4932 jucunde
1563 4871 1818 4913 comesus
1841 4869 1964 4909 cum
1992 4851 2192 4907 animai

609 4960 1008 5033 tranquillitate
1039 4965 1094 5012 et
1120 4951 1414 5009 concordia
1437 4948 1503 5002 ad
1540 4962 1752 5002 omnes.

683 5031 1059 5120 Quamdontus
1084 5045 1266 5100 multis
1290 5041 1437 5096 bonis
1461 5050 1508 5094 et
1531 5038 1747 5109 injustis
1772 5034 1996 5090 victimis
2010 5031 2189 5102 plena,

612 5161 732 5200 cum
753 5141 958 5214 jurgio.
993 5139 1167 5205 Quam
1201 5129 1609 5189 domus-omnis
1640 5126 1860 5198 generis
1891 5123 2192 5177 esculentis

612 5247 668 5292 et
701 5233 902 5290 hostiis
940 5245 1007 5286 ex
1044 5226 1233 5299 rapina
1277 5223 1482 5296 repleta
1518 5235 1642 5275 cum
1673 5223 1906 5273 vexante
1950 5215 2188 5269 animam

614 5324 923 5384 inimicitia.

684 5417 852 5472 Vens.
887 5413 944 5467 2.
980 5409 1172 5466 Servus
1199 5408 1410 5476 sapiens
1449 5400 1678 5459 dominis
1717 5398 1898 5453 stultis
1940 5397 2192 5451 domina-

616 5513 783 5567 bitur.
837 5509 942 5576 Qui
995 5503 1316 5561 libidinibus
1370 5499 1542 5555 servit
1595 5509 1862 5565 suamque
1910 5489 2190 5563 propriam

618 5603 868 5677 agnoscit
914 5598 1309 5661 inﬁrmitatem,
1359 5600 1415 5646 et
1470 5589 1538 5645 de
1599 5588 1666 5644 iis
1724 5601 1847 5657 qua:
1895 5581 2193 5639 committit

619 5673 998 5768 paenitentiam
1050 5691 1233 5753 habet,
1286 5685 1506 5739 tandem
1555 5680 1768 5736 ratione
1816 5673 2194 5732 dominabitur

621 5766 807 5844 stultis
843 5781 1162 5837 libidinibus
1193 5777 1364 5847 ipsius
1407 5775 1645 5829 animam
1680 5769 1963 5842 tyrannice
2001 5766 2188 5840 oppri-

624 5879 926 5937 mentibus.

2282 3261 2425 3361 ὑπὲρ
2446 3261 2609 3341 αὑτὸν
2777 3281 2861 3344 είς
2924 3274 3131 3349 βλάϐην
3176 3270 3368 3324 τούτου
3410 3267 3514 3338 τὴν
3549 3264 3684 3318 ἰδίαν
3709 3261 3866 3314 ἐνδει-

2282 3355 2547 3453 κνύμενος
2573 3376 2832 3447 δύναμιν
2865 3372 2926 3436 ὃς
2948 3371 3006 3425 δὲ
3047 3367 3153 3422 κᾶν
3184 3366 3282 3436 τὴν
3310 3361 3494 3435 ὄρεξιν
3524 3358 3626 3427 τῆς
3656 3355 3868 3409 ἀντιλυ-

2283 3479 2504 3548 πήσεως
2533 3471 2830 3540 κατασχεῖν
2867 3466 2943 3538 μὴ
2971 3462 3280 3530 δεδύνηται,
3313 3453 3480 3512 αὑτοῦ
3512 3451 3610 3507 τοῦ
3651 3449 3864 3504 ἀντιλυ-

2283 3538 2548 3640 πήσαι,εῑ
2581 3565 2673 3618 καὶ
2691 3538 2931 3622 δυνατῶς
2961 3555 3096 3627 ἔχει,
3130 3551 3418 3621 ἀπέχεται,
3471 3543 3715 3598 καλλίων
3748 3538 3868 3640 ἐστὶ

2247 3676 2260 3689 ⁸
2284 3663 2378 3718 τοῦ
2405 3660 2701 3732 φθάνοντος
2726 3653 2827 3726 τὴν
2858 3650 3051 3706 τούτου
3072 3647 3313 3716 λυπῆσαι
3343 3638 3546 3711 ψυχὴν.
3570 3638 3628 3690 ἐν
3719 3625 3866 3694 οὗτος

2285 3723 2430 3810 κατά
2455 3751 2695 3806 διάνοιαν
2758 3723 2820 3799 το
2861 3739 3169 3808 πολίτευμα
3213 3733 3518 3803 κέκτηται·
3571 3724 3730 3797 παρὰ
3767 3723 3862 3791 γὰρ

2285 3846 2443 3913 Θεοῦ,
2482 3844 2531 3896 οἱ
2566 3841 2664 3913 μὲν
2701 3835 2928 3909 μισθοὺς
2957 3831 3054 3900 τῆς
3090 3823 3369 3894 ὑπομονῆς
3406 3821 3595 3913 ἕνεκεν
3643 3813 3864 3868 ἀπεκδέ-

2286 3953 2494 4009 χονται,
2525 3934 2573 3986 οἱ
2616 3930 2674 3982 δὲ
2700 3923 3006 3997 τιμωρίας·
3038 3920 3121 3972 ὅτι
3171 3916 3404 3974 ἕκαστος
3441 3905 3626 3962 αὐτῶν
3662 3902 3861 3970 διετέθη

2288 4029 2425 4100 πρὸς
2447 4025 2538 4079 τὸν
2568 4021 2741 4083 πέλας
2780 4013 2986 4076 κακῶς.

2361 4122 2463 4190 λγ’.
2493 4119 2596 4183 Εὶς
2617 4113 2888 4171 κόλπους
2903 4106 3215 4174 ἐπέρχεται
3241 4098 3437 4153 πάντα
3461 4093 3586 4160 τοῖς
3617 4091 3860 4152 ἀδίκοις-ο

2290 4183 2449 4284 παρα
2492 4208 2560 4262 δὲ
2601 4203 2825 4273 Κυρίου
2868 4199 3066 4253 πάντα
3121 4193 3343 4247 δίκαια.
3379 4187 3506 4250 Τοῖς
3546 4183 3865 4253 βλάπτουσιν

2290 4306 2531 4378 ἐτέρους,
2576 4299 2656 4361 εἰς
2706 4292 2914 4348 οἰκείαν
2977 4286 3366 4357 ἐπιστρέφουσι
3425 4276 3635 4350 βλάϐην
3668 4275 3705 4329 ἃ
3745 4272 3870 4342 apo;

3152 4374 3190 4378 __
3303 4369 3328 4378 _
3406 4367 3430 4378 _
3505 4366 3552 4378 _.
3685 4364 3700 4378 ,
3825 4358 3840 4378 ,

2294 4358 2312 4361 _
2333 4358 2340 4360 _
2361 4358 2395 4378 ,δ
2493 4358 2530 4367 η
2638 4358 2649 4361 ,

2290 4398 2517 4457 τούτους
2546 4387 2916 4444 ἐνδείκνυται·
2945 4379 3099 4450 παρὰ
3148 4374 3206 4428 δὲ
3237 4369 3332 4425 τοῦ
3363 4367 3475 4422 τῶν
3503 4366 3646 4420 ὅλων
3672 4358 3870 4415 Asand-

2291 4507 2384 4546 του
2429 4489 2464 4555 ἡ
2494 4452 2814 4545 δικαιοτάτη
2835 4473 2974 4543 αῦτη
3008 4469 3190 4541 κρίσις
3221 4463 3532 4536 ἐξέρχεται,
3590 4452 3871 4512 ἀποδιδόν-

2210 4563 2265 4622 Ῐ)
2294 4601 2383 4646 τος
2414 4583 2548 4633 πᾶσι
2571 4573 2715 4630 κατὰ
2737 4571 2806 4624 τὰ
2832 4568 2971 4639 ἔργα
3001 4562 3202 4619 αὐτῶν.

2858 4657 3137 4712 ΖΚΕΦΑΛ.
3181 4655 3280 4706 ΙΖ’.

2365 4768 2434 4818 α’.
2465 4756 2782 4830 Κρεισσων
2815 4749 3019 4820 ψωμὸς
3073 4745 3204 4816 μεθ’
3255 4737 3484 4809 ἡδονῆς
3537 4737 3609 4790 ὲν
3643 4735 3866 4803 εἷρήνῃ.

2295 4828 2544 4921 Καλλίων
2574 4848 2721 4903 ἐστὶν
2742 4846 2903 4917 ἄρτος
2930 4841 3090 4914 μόνος
3136 4835 3306 4909 ἡδέως
3351 4831 3670 4898 ἐσθιόμενοι,
3702 4828 3760 4880 ὲν
3785 4843 3868 4891 γαν

2295 4951 2430 5020 λήνῃ
2452 4943 2632 5014 ψυχῆς
2654 4939 2748 4992 καὶ
2773 4933 2998 5004 ὁμονοίᾳ
3024 4933 3090 5001 τῇ
3123 4929 3259 5000 πρὸς
3290 4924 3558 4982 ἅπαντας.

2371 5009 2446 5094 “il
2467 5009 2636 5099 οἶκος
2659 5028 2902 5096 πλήρης
2944 5021 3186 5092 ἀγαθῶν
3223 5015 3470 5073 πολλῶν
3510 5012 3611 5065 καὶ
3663 5009 3872 5064 ἀδίκων

2298 5129 2574 5202 θυμάτων
2621 5123 2771 5196 μετὰ
2835 5119 3055 5189 μάχης.
3115 5115 3188 5168 Ἦ
3271 5111 3418 5164 οἰκία
3470 5099 3870 5173 πεπληρωμένη

2297 5189 2733 5296 καρυκευμάτων
2761 5254 2777 5278 ,
2829 5214 2922 5268 καὶ
2978 5207 3228 5280 σφαγίων
3279 5203 3338 5268 ἐξ
3398 5197 3684 5272 ἁρπαγῆς,
3751 5189 3870 5263 μετὰ

2298 5313 2499 5386 ἔχθρας
2529 5301 3076 5381 παραπικραινούσης
3102 5298 3301 5370 ψυχήν.

2369 5371 2434 5478 βί.
2480 5371 2728 5469 bimi-mc
2766 5371 3008 5467 νοήμων
3039 5371 3326 5463 κρατήσει
3355 5379 3680 5438 δεσποτῶν
3707 5371 3869 5445 ἀφρό-

2293 5518 2438 5556 νων.
2471 5497 2530 5551 Ὀ
2563 5495 2761 5550 πάθεσι
2796 5485 3085 5550 δουλεύων,
3122 5483 3216 5536 καὶ
3244 5478 3341 5551 τὴν
3365 5477 3576 5530 οἰκείαν
3619 5464 3865 5536 ἐπιγινώ-

2297 5611 2442 5648 σκων
2493 5588 2798 5646 ἀσθένειαν.
2828 5581 2924 5636 καὶ
2976 5574 3254 5650 μετανοῶν
3299 5570 3384 5641 ἐφ’
3412 5562 3495 5630 οἷς
3543 5558 3865 5634 πλημμελεῖ,

2295 5679 2450 5758 ἄρξει
2475 5681 2606 5736 ποτὲ
2648 5676 2734 5731 διὰ
2760 5674 2920 5742 λόγου
2949 5669 3059 5724 τῶν
3086 5668 3183 5739 τὴν
3215 5663 3402 5718 τούτου
3452 5655 3630 5727 ψυχὴν
3678 5665 3868 5721 “cupav-

2298 5779 2533 5833 νούντων
2572 5768 2900 5844 παραλόγων
2940 5761 3148 5818 παθῶν.
