3958 6502
115 389 286 453 1393

1149 393 1685 458 COMMENTARII
1748 401 1830 461 IN
1872 403 2325 464 PROVERBIA.

3253 402 3384 466 1394

225 503 330 555 Ἔν
348 500 417 553 δὲ
439 499 722 568 ἀδελφοῖς
743 501 1020 555 διελεῖται
1049 503 1224 571 μέρη.
1267 506 1354 558 Ἐν
1377 506 1432 559 δὲ
1459 513 1576 571 ταῖς
1597 509 1715 579 περῖ

1899 510 1966 564 Et
1996 513 2132 565 inter
2165 513 2356 580 fratres
2391 510 2580 564 dividet
2607 521 2799 577 partes.
2844 511 2950 566 Sed
3004 511 3144 566 inter
3193 516 3388 566 anima:

107 588 200 641 τὸ
232 588 439 656 ἀγαθὸν
468 588 819 656 ὀμονοούσαις
869 590 1126 661 ψυχικαῖς
1171 593 1470 665 δυνάμεσι,
1498 599 1587 650 τὸν
1619 599 1715 652 ἕνα

103 677 296 748 λόγον
343 682 441 749 τῆς
489 680 689 751 ἀρετῆς
733 682 812 743 εὶς
861 681 1146 755 διαφόρους
1170 686 1370 755 ἀρετὰς
1414 688 1712 759 διαιρήσει,

106 771 347 842 ἑκάστῃ
376 770 602 840 δυνάμει
641 773 930 842 ἀπονέμων
965 773 1064 844 τὴν
1101 777 1413 847 πρόσφορον
1434 794 1447 806 ·
1484 775 1618 847 οἷον,
1647 785 1712 852 τῇ

111 861 243 928 μὲν
292 862 683 932 ἐπιθυμητικῇ,
715 863 813 932 τὴν
858 864 1337 937 σωφροσύνηνοτῇ
1383 867 1439 921 δέ
1485 869 1711 942 θυμικῇ,

106 951 234 1022 τὴν
269 950 545 1021 ἀνδρείαν·
576 954 640 1022 τῇ
691 951 747 1004 δέ
796 949 1100 1024 λογιστικῇ,
1134 955 1234 1024 τὴν
1285 955 1580 1027 φρόνησιν’
1625 961 1715 1013 καὶ

107 1045 258 1106 ταῖς
284 1041 456 1106 ὅλαις,
484 1044 584 1112 τὴν
615 1042 964 1113 δικαιοσύνην
1004 1046 1061 1097 ἐν
1100 1044 1176 1116 τῷ
1201 1045 1298 1111 τὰς
1328 1048 1591 1118 ἐλλείψεις
1621 1053 1714 1104 καὶ

107 1133 235 1196 τὰς
274 1133 579 1205 ὑπερϐολὰς
617 1135 908 1203 ἐκφεύγειν
945 1135 1055 1188 τῶν
1093 1137 1323 1206 ἀρετῶν.

197 1255 270 1317 γ’.
305 1248 534 1316 ’Ὥσπερ
564 1247 929 1318 δοκιμάζεται
957 1249 1027 1302 ἐν
1052 1252 1279 1319 καμίνῳ
1316 1251 1572 1322 ἄργυρος
1613 1254 1708 1307 καὶ

111 1341 404 1408 χρυσὸς,
452 1341 643 1406 οὕτως
689 1341 967 1394 ἐκλεκτοὶ
1017 1341 1253 1409 καρδίαι
1302 1343 1460 1412 παρὰ
1496 1346 1710 1412 Κυρίῳ.

117 1432 405 1503 Καθάπερ
428 1431 572 1502 ήτοῦ
603 1430 844 1503 ἀργύρου
876 1430 1056 1500 φύσις,
1093 1434 1187 1486 καὶ
1214 1435 1248 1504 ὴ
1275 1435 1366 1488 τοῦ
1399 1436 1625 1506 χρυσοῦ,
1655 1438 1711 1489 αἱ

114 1522 242 1577 τῶν
271 1523 478 1576 λοιπῶν
510 1522 649 1576 ὑλῶν
678 1523 1022 1594 τιμιώτεραι,
1054 1525 1112 1578 ἐν
1154 1526 1232 1597 τῷ
1274 1531 1406 1598 πυρὶ
1429 1527 1712 1595 ἐξετάζον-

113 1631 244 1679 ται,
293 1614 454 1686 είπερ
497 1611 606 1667 εἷεν
651 1615 964 1685 ἀκίϐδηλον
995 1618 1421 1688 τοιουτοτρόπως
1467 1621 1561 1673 καὶ
1602 1621 1712 1674 τῶν

121 1705 349 1758 πολλῶν
377 1707 435 1760 αἱ
466 1707 792 1778 προέχουσαι
825 1707 966 1762 κατὰ
995 1709 1222 1780 γνώμην
1249 1711 1440 1781 ψυχαὶ,
1461 1713 1611 1783 παρὰ
1635 1713 1711 1784 τῷ

119 1799 245 1852 τῶν
293 1798 432 1853 ὅλων
481 1799 725 1870 Δεσπότῃ
758 1800 898 1869 Θεῷ.
954 1802 1032 1873 Τῇ
1073 1801 1182 1871 γὰρ
1222 1804 1351 1874 περὶ
1403 1805 1567 1858 αὑτοῦ
1615 1809 1710 1860 καὶ⁹

119 1890 242 1942 τῶν
276 1889 442 1943 αὑτοῦ
473 1891 794 1960 ποιημάτων
819 1891 1009 1964 ἀληθεῖ
1035 1892 1182 1967 δόξῃ,
1207 1899 1301 1949 καὶ
1325 1901 1444 1961 ταῖς
1468 1900 1713 1968 παναγάο

124 1981 249 2045 θοις
281 1981 447 2035 αὑτοῦ
474 1983 735 2048 ἐντολαῖς,
762 1985 824 2038 τὸ
850 1986 994 2038 κατὰ
1021 1988 1223 2055 γνῶσιν
1244 1990 1302 2042 ἐν
1321 1993 1440 2054 ταῖς
1464 1993 1713 2062 λογικαῖς

122 2073 394 2141 βασάνοις
425 2074 581 2146 δίκην
610 2076 811 2147 χρυσοῦ
843 2078 1136 2146 ἁμείωτον,
1155 2083 1249 2134 καὶ
1277 2082 1337 2134 τὸ
1368 2083 1489 2136 κατ’
1513 2083 1713 2154 ἀρετὴν

121 2165 190 2214 ἐν
224 2162 360 2232 βίῳ,
393 2163 548 2234 δίκην
576 2165 816 2236 ἀργύρου
868 2167 1122 2235 διαφανὲς
1167 2171 1262 2224 καὶ
1312 2170 1563 2242 λαμπρὸν
1605 2173 1712 2225 τῶν

120 2254 393 2309 τοιούτων
428 2255 613 2326 ψυχῶν
648 2256 1024 2328 δοκιμάζεται.

202 2367 268 2420 δ’.
309 2369 504 2434 Κακὸς
540 2370 832 2424 ὑπακούει
879 2371 1188 2440 γλώσσαις
1237 2373 1617 2443 παρανόμων.
1651 2372 1713 2425 '0

126 2460 477 2530 κεκτημένος
500 2461 726 2532 γνώμην
755 2462 952 2534 κακὴν,
986 2466 1106 2527 ταῖς
1141 2464 1496 2533 συμϐουλίαις
1526 2463 1712 2517 πείθε-

124 2567 228 2604 ται
271 2551 380 2605 τῶν
426 2552 500 2624 μὴ
528 2555 885 2624 τηρησάντων
914 2556 1003 2608 τὸν
1032 2556 1190 2625 λόγον
1221 2557 1344 2609 καθ’
1369 2557 1429 2610 ὃν
1458 2557 1714 2625 γεγόνασι

127 2643 237 2714 τῆς
275 2644 542 2716 πονηρίας
580 2647 928 2717 πνευμάτων.

209 2756 447 2822 Δίκαιος
477 2756 545 2809 δὲ
569 2759 640 2811 οὐ
673 2759 960 2829 προσέχει
990 2761 1220 2830 χείλεσι
1247 2760 1557 2830 ψευδέσιν,
1575 2763 1634 2813 '0
1659 2760 1716 2814 δὲ

133 2845 310 2909 θείοις
336 2847 522 2916 νόμοις
551 2850 815 2916 ὑπείκων,
844 2853 945 2915 τὰς
973 2853 1257 2923 ἀπατηλὰς
1286 2854 1570 2926 ὑποθήκας
1617 2855 1718 2908 αὑ-

135 2935 258 2990 τῶν
297 2939 359 2990 οὑ
397 2939 702 3008 προσίεται.

215 3055 281 3102 ε’.
319 3048 382 3102 '0
413 3049 756 3120 καταγελῶν
774 3053 1031 3120 πτωχοῦ,
1057 3054 1381 3119 παροξύνει
1415 3053 1521 3107 τὸν
1547 3054 1719 3122 Ποιή-

1818 604 2091 673 potentias
2144 605 2211 656 ad
2264 605 2465 657 bonum
2515 605 2920 672 conspirantes,
2958 618 3118 656 unam
3171 603 3386 657 virtutis

1819 696 2084 749 rationem
2131 695 2198 748 ad
2243 695 2426 750 varias
2455 695 2688 748 virtutes
2732 694 3050 757 disjribuet,
3090 695 3387 764 unicuique

1818 787 2072 857 potentiae
2109 790 2518 842 convenientem
2567 788 2893 854 assignans;
2944 788 3045 850 sic,
3072 787 3380 856 appetitivze

1818 879 2250 946 moderantiam;
2281 880 2542 934 animosaa
2572 877 2987 946 fortitudinem;
3015 879 3269 933 rationali
3301 893 3386 932 sa-

1818 971 2106 1041 pientiam;
2139 978 2193 1024 et
2222 970 2480 1024 omnibus
2507 969 2778 1038 juStitiam
2829 969 2896 1024 ad
2929 969 3175 1024 defectus
3212 976 3266 1023 et
3292 984 3385 1021 ex-

1816 1075 2003 1114 cessus
2038 1059 2093 1114 in
2121 1058 2417 1113 virtutibus
2449 1057 2792 1113 devitandos.

1884 1264 2049 1319 Vens.
2080 1263 2136 1318 '5.
2172 1261 2319 1317 Sicut
2353 1265 2407 1316 in
2444 1262 2660 1331 fornace
2699 1263 2991 1329 probantur
3026 1273 3298 1332 argentum
3339 1268 3387 1312 et

1817 1377 2030 1426 aurum,
2056 1361 2136 1413 ita
2167 1376 2198 1412 a
2236 1360 2342 1412 Deo
2377 1359 2543 1411 electa
2577 1358 2761 1409 corda.
2792 1356 3259 1421 Quemadmodum
3296 1371 3386 1408 ar-

1813 1457 1957 1527 genti
1979 1465 2032 1510 et
2067 1455 2185 1509 auri
2213 1453 2564 1513 substantize,
2599 1466 2719 1520 quae
2749 1451 2962 1504 caeteris
2988 1452 3232 1506 materiis
3260 1459 3388 1504 sunt

1815 1550 2197 1618 pretiosiores,
2235 1548 2291 1600 in
2323 1547 2450 1617 igne
2475 1551 2784 1607 tentantur,
2816 1559 2884 1596 an
2925 1557 3112 1598 revera
3147 1543 3258 1596 sint
3289 1557 3389 1611 pu-

1815 1655 1909 1706 rae,
1941 1639 2015 1693 ita
2044 1652 2074 1691 a
2103 1635 2235 1702 Deo,
2263 1637 2511 1690 omnium
2541 1633 2910 1696 dominatore,
2945 1633 3238 1687 multorum
3272 1633 3388 1686 ani.

1813 1748 1914 1787 ma:
1963 1731 2178 1786 ratione
2224 1727 2621 1798 praecellentes.
2668 1723 2884 1778 Etenim
2934 1727 3066 1779 vero
3107 1724 3176 1777 de
3226 1737 3292 1778 eo
3337 1730 3390 1775 et

1814 1826 1989 1896 ipsius
2017 1821 2277 1893 operibus
2310 1819 2566 1874 doctrina
2610 1823 2775 1886 atque
2804 1816 3026 1884 optimis
3072 1814 3194 1882 ejus
3237 1829 3390 1867 man-

1815 1918 1981 1981 datis,
2029 1914 2176 1985 quod
2229 1911 2529 1968 secundum
2579 1909 2870 1964 scientiam
2924 1908 2978 1962 in
3034 1906 3392 1961 rationalibus

1814 2005 2170 2064 tentamentis
2217 2003 2367 2058 velut
2411 2016 2606 2056 aurum
2657 2009 2744 2057 est
2789 2001 3089 2070 integrum,
3136 2007 3191 2054 et
3242 1999 3386 2068 quod

1814 2100 2114 2158 secundum
2157 2098 2420 2151 virtutem
2472 2097 2527 2149 in
2562 2095 2674 2148 vita
2720 2093 2866 2149 sicut
2915 2099 3201 2162 argentum
3250 2092 3392 2144 luci-

1813 2195 1941 2248 dum
1985 2190 2442 2262 splendidumque
2483 2185 2674 2240 talium
2708 2184 3016 2239 animarum
3052 2192 3158 2247 est,
3198 2182 3390 2253 digno-

1786 2275 1796 2285 ’
1815 2285 2010 2342 scitur.

1885 2398 2058 2454 Vens.
2089 2397 2146 2451 ιι.
2178 2393 2358 2448 Malus
2396 2391 2702 2462 iniquorum
2736 2388 2933 2458 linguis
2960 2403 3141 2441 aurem
3172 2385 3388 2457 praebet.

1813 2493 1917 2560 Qui
1959 2491 2155 2544 malam
2190 2488 2352 2540 habet
2385 2490 2650 2546 mentem,
2694 2485 2929 2550 nequam
2963 2478 3255 2545 spirituum
3294 2475 3391 2546 qui

1817 2584 2088 2638 rationem
2118 2581 2173 2633 in
2208 2592 2317 2648 qua
2354 2576 2468 2630 nati
2495 2581 2653 2630 erant
2689 2587 2800 2627 non
2845 2576 3227 2636 servaverunt,
3255 2583 3393 2624 con-

1816 2676 1955 2730 siliis
1985 2679 2157 2742 paret.
2421 2747 2426 2752 I

1887 2786 2078 2841 Justus
2111 2790 2284 2836 autem
2308 2778 2466 2833 labiis
2496 2775 2841 2832 mendacibus
2877 2791 2982 2830 non
3013 2772 3260 2828 attendit.
3285 2769 3392 2838 Qui

1820 2886 1999 2933 autem
2045 2875 2252 2940 legibus
2302 2871 2505 2926 divinis
2536 2877 2722 2940 paret,
2775 2867 3004 2921 fallaces
3043 2881 3232 2922 eorum
3273 2863 3392 2933 opi-

1820 2969 2013 3024 niones
2045 2981 2155 3020 non
2187 2963 2398 3033 recipit.

1891 3083 2055 3138 Vens.
2093 3081 2144 3135 5.
2207 3078 2310 3144 Qui
2355 3091 2636 3147 pauperem
2707 3072 2892 3127 irridet
2945 3069 3228 3124 Factorem
3279 3069 3394 3138 ejus

140 3158 344 3198 σαντα
385 3144 588 3196 αὐτόν.
625 3144 684 3197 ’0
715 3145 1006 3209 ἐξουθενῶν
1052 3146 1142 3198 τὸν
1191 3145 1444 3211 πλούτου,
1472 3141 1554 3211 οἷς
1589 3147 1715 3210 Θεὸς

1834 3182 2119 3242 exasperat.
2151 3171 2253 3238 Qui
2307 3168 2514 3238 spernit
2572 3165 2848 3220 hominem
2903 3161 3134 3227 divitiis,
3187 3160 3399 3229 judicio

142 3237 440 3291 ἐπίσταται
485 3238 768 3307 κρίμασιν,
803 3239 1351 3303 ἁποπεσόντα,αὑτὸν
1397 3241 1487 3293 τὸν
1533 3240 1722 3293 τούτου

144 3331 529 3401 ῐῙλαστουργδν
558 3331 880 3402 παροργίζει
902 3348 915 3361 ’
943 3333 1023 3386 ὅτι
1060 3332 1134 3402 μὴ
1157 3333 1248 3384 τὸν
1267 3331 1549 3404 ἄνθρωπον
1571 3334 1723 3403 τιμᾷ,

141 3426 207 3476 τὸ
234 3423 578 3494 τιμιώματον
605 3423 725 3491 Θεῷ
754 3425 939 3493 κτῆμα
961 3425 1055 3476 καὶ
1077 3425 1430 3491 οἰκειότατον,
1461 3424 1596 3478 ἀλλὰ
1624 3425 1725 3495 γῆς

147 3519 384 3590 ῥέουσαν
420 3518 553 3589 ὓλην
591 3521 686 3573 καὶ
722 3520 872 3572 κάτω
912 3519 1204 3590 μένουσαν.

234 3701 289 3755 '0
324 3701 392 3756 δὲ
415 3701 514 3755 ἐπι
517 3703 738 3770 χαίρων
760 3702 1170 3774 ἀπολλυμένῳ
1189 3744 1204 3768 ,
1239 3704 1352 3758 οὐκ
1373 3702 1724 3771 ἀθωωθήσε-

143 3813 264 3850 rat.
287 3797 398 3850 Καὶ
419 3798 447 3850 ὁ
469 3795 784 3865 ἐπεγγελῶν
810 3795 911 3866 τῷ,
931 3795 1043 3848 εἴτε
1072 3795 1211 3848 κατὰ
1226 3794 1424 3866 ψυχὴν,
1444 3796 1554 3848 εἴτε
1584 3794 1724 3848 κατὰ

145 3889 313 3958 σῶμα
343 3887 724 3952 κινδυνεύοντι,
742 3889 842 3942 οὐκ
870 3886 1160 3950 ἀνεύθυνος
1187 3885 1390 3951 ἔσεται,
1414 3885 1550 3940 ἀλλὰ
1570 3887 1725 3948 δίκας

143 3981 261 4034 εῐτε
290 3980 434 4034 κατὰ
459 3980 520 4033 τὸ
543 3980 736 4052 παρὸν,
766 3981 876 4032 εἴτε
906 3979 1046 4032 κατὰ
1073 3978 1135 4032 τὸ
1167 3977 1721 4050 μέλλον,εῐσπραχθή-

146 4089 306 4126 σεται
339 4073 490 4142 παρὰ
531 4071 626 4124 τοῦ
667 4071 880 4125 δικαίου
905 4071 1118 4142 κριτοῦ,
1145 4069 1329 4142 ἐπειδὴ
1355 4068 1527 4133 οὕτως
1548 4072 1722 4140 ἀσυμο

145 4163 341 4228 παθῶς
378 4163 508 4235 περὶ
544 4162 635 4216 τὸν
671 4163 885 4233 ὁμοφυῆ
922 4163 1158 4232 διετέθη.

231 4255 294 4308 '0
319 4254 388 4309 δὲ
414 4251 1088 4323 ἐπισπλαγχνιζόμενος,
1112 4250 1525 4320 ἐλεηθήσετιιι.
1561 4252 1632 4318 ’οζ
1661 4251 1717 4303 δέ

147 4346 434 4418 σπλάγχνα
465 4346 649 4409 ἐλέους
679 4345 988 4413 ὑπανοίγων
1019 4342 1188 4414 αὑτῷ,
1236 4343 1327 4397 τὸν
1351 4341 1446 4396 τοῦ
1476 4341 1611 4395 Θεοῦ
1642 4345 1720 4404 εἰς

147 4439 344 4494 ἑαυτὸν
381 4439 742 4494 ἐπισπάσεται
779 4436 960 4491 ἔλεον·
1003 4435 1245 4506 ἐλεηθεὶς
1279 4435 1354 4500 ὡς
1392 4435 1646 4506 ἠλέησεν.

221 4628 298 4688 ς’.
339 4619 650 4690 Στέφανος.
678 4622 982 4688 ’γερόντων
1035 4620 1216 4674 τέκνα
1281 4621 1525 4674 τέκνων.
1587 4620 1722 4684 Δόξα

148 4714 339 4781 ὥσπερ
362 4715 474 4776 τοῖς
495 4712 615 4766 καθ’
640 4711 854 4782 ἠλικίαν
876 4711 1287 4782 πρεσϐυτέροις,
1308 4711 1411 4765 υἱοὶ
1434 4712 1542 4765 τῶν
1568 4713 1720 4777 υἱῶν,

147 4805 293 4859 οὕτω
336 4807 449 4868 τοῖς
497 4803 639 4856 κατὰ
672 4803 886 4856 σύνεσιν
918 4807 1187 4876 γηραιοῖς,
1218 4806 1265 4856 οἱ
1297 4805 1362 4856 ἐκ
1388 4803 1497 4856 τῶν
1531 4821 1723 4874 γεννη-

150 4899 350 4951 θέντων
401 4896 582 4958 αὑτοῖς
631 4895 717 4948 διὰ
770 4896 870 4966 τῆς
924 4896 1301 4966 πνευματικῆς
1366 4895 1719 4959 διδασκαλίας

147 4987 524 5059 ὁμοιοτρόπως
555 4987 946 5056 ἀποτεχθέντες
970 5003 982 5018 ·
1012 4987 1144 5040 διότι
1177 4988 1277 5040 ούκ
1305 4986 1510 5050 ἀτελῶς
1544 4987 1722 5041 ἐδίδα-

150 5083 269 5147 ξαν,
299 5079 413 5134 ἀλλ’
440 5078 642 5149 ἐτέρων
664 5078 1015 5142 διδασκάλους
1042 5080 1168 5142 τοὺς
1206 5079 1439 5142 οἰκείους
1462 5079 1721 5134 ἀποτελέ-

151 5191 242 5227 σαι
283 5171 512 5241 ῐσχυσαν
555 5171 824 5241 μαθητάς.

221 5265 514 5332 Καύχημα
540 5262 608 5314 δὲ
639 5261 884 5328 τέκνων,
906 5261 1156 5329 πατέρες
1185 5263 1403 5317 αὐτῶν.
1445 5262 1721 5335 Καύχημα

144 5359 204 5411 δὲ
232 5357 486 5428 καθάπερ
511 5355 622 5408 τῶν
648 5355 786 5408 κατὰ
815 5356 990 5426 σάρκα
1014 5356 1168 5420 υἱῶν,
1196 5357 1243 5408 οἱ
1282 5355 1488 5409 τούτων
1520 5358 1716 5424 γονεῖς,

142 5450 240 5502 τὸν
267 5447 432 5502 αὑτὸν
451 5447 648 5519 τρόπον
673 5449 774 5501 ’καὶ
798 5448 904 5500 τῶν
935 5447 1072 5500 κατὰ
1102 5446 1317 5517 πνεῦμα
1339 5486 1354 5509 ,
1383 5447 1433 5500 ol
1468 5464 1715 5517 πνευμα-

145 5541 316 5596 τικῶς
363 5540 588 5602 τούτους
633 5540 1021 5604 ἀποτεκόντεςο
1058 5540 1151 5594 καὶ
1199 5540 1307 5610 γὰρ
1349 5540 1425 5602 ὡς
1471 5539 1562 5592 ἐπί
1611 5557 1720 5594 τινι

150 5632 360 5701 κλήρῳ,
387 5632 455 5702 τῇ
482 5631 702 5703 εὐκλείᾳ
727 5631 838 5685 τῶν
874 5635 1236 5704 γεννητόρων,
1272 5635 1319 5686 oi
1352 5632 1455 5686 υἱοὶ
1487 5632 1718 5702 ἐναϐρύ-

148 5738 354 5775 νονται.

226 5813 332 5869 Τοῦ
365 5816 610 5881 πιστοῦ,
632 5816 772 5884 ὅλος
805 5821 837 5873 o'
863 5821 1088 5888 κόσμος
1123 5819 1238 5874 τῶν
1261 5817 1592 5890 χρημάτων.
1612 5818 1714 5871 Τοῦ

1828 3267 1972 3338 quod
2002 3266 2143 3319 Deus
2167 3261 2338 3327 novit,
2358 3259 2701 3318 destitutum,
2726 3256 2906 3325 ipsum
2930 3251 3246 3319 hujusmodi
3291 3249 3398 3303 Fa-

1828 3366 2033 3412 ctorem
2072 3354 2285 3418 irritat;
2315 3349 2440 3420 quia
2476 3363 2584 3402 non
2617 3342 3144 3400 honorathomiuem
3175 3356 3396 3411 posses-

1828 3450 2036 3506 sionem
2084 3445 2192 3501 Deo
2236 3443 2476 3497 maxime
2510 3439 2808 3508 pretiosam
2860 3450 2922 3489 ac
2953 3437 3257 3503 propriam,
3302 3433 3396 3486 sed

1827 3538 2187 3597 substantiam
2215 3552 2244 3592 e
2285 3543 2432 3590 terra
2467 3531 2778 3587 efﬂuentem
2811 3536 2866 3583 et
2905 3526 3138 3581 inferius
3171 3541 3397 3580 manen—

1827 3643 1955 3688 tem.

1899 3722 1966 3777 Et
1997 3723 2086 3792 qui
2119 3722 2280 3775 ruina
2312 3719 2531 3773 lwtatur
2561 3715 2803 3779 alterius,
2836 3728 2942 3766 non
2963 3713 3060 3764 erit
3090 3709 3396 3776 impunitus.

1827 3816 1928 3882 Qui
1977 3816 2094 3870 sive
2128 3815 2310 3868 anima
2345 3811 2462 3866 sive
2521 3823 2752 3878 corpore
2809 3805 3214 3874 periclitantem
3270 3801 3397 3854 irri-

1827 3906 1941 3970 det,
1975 3920 2080 3958 non
2113 3904 2220 3958 erit
2253 3901 2582 3972 impunitus,
2619 3897 2712 3952 sed
2743 3896 2858 3950 sive
2883 3894 2935 3947 in
2974 3890 3246 3962 praesenti.
3287 3889 3409 3945 sive-

1828 4000 1880 4052 in
1926 3996 2129 4060 futuro,
2164 3995 2309 4064 quod
2344 4007 2558 4061 acquum
2593 3999 2700 4056 est,
2720 3996 2971 4056 reposcet
3000 3985 3068 4039 ab
3102 3983 3196 4036 illo
3219 3981 3400 4052 justus

1821 4091 2007 4160 judex,
2039 4104 2104 4142 eo
2135 4087 2276 4157 quod
2309 4085 2520 4154 absque
2553 4078 2932 4136 misericordia
2975 4075 3055 4132 sic
3097 4089 3224 4144 erga
3264 4087 3402 4127 con-

1826 4177 2080 4232 tribulem
2114 4191 2174 4230 se
2195 4172 2471 4228 habuerit.

1896 4267 2000 4332 Qui
2036 4275 2212 4320 autem
2242 4263 2546 4318 misericors
2568 4268 2648 4315 est
2669 4255 3090 4313 misericordiam
3120 4267 3398 4320 conseque-

1825 4371 1930 4414 tur.
1961 4359 2063 4425 Qui
2097 4367 2278 4412 autem
2311 4358 2360 4412 ei
2397 4357 2609 4412 viscera
2638 4347 3033 4408 misericordiae
3062 4344 3270 4414 pandit,
3307 4342 3396 4393 Dei

1825 4447 2266 4506 misericordiam
2296 4449 2350 4501 in
2383 4461 2442 4502 se
2475 4450 2786 4500 convertet:
2822 4441 2964 4494 sicut
2993 4437 3255 4492 misertus
3292 4440 3397 4488 est.

1753 4532 1798 4588 ι)
1829 4545 1910 4600 sic
1945 4539 2379 4597 misericordiam
2405 4535 2693 4592 obtinebit.

1899 4636 2063 4691 Vens.
2095 4636 2149 4688 6.
2182 4632 2393 4688 Corona
2443 4645 2626 4684 senum
2677 4625 2781 4695 ﬁlii
2818 4621 3082 4692 ﬁliorum.
3127 4614 3399 4682 Quemad-

1825 4731 2046 4786 modum
2078 4725 2250 4798 gloria
2303 4725 2698 4792 longaevorum,
2753 4715 2846 4770 lilii
2882 4713 3141 4776 ﬁliorum,
3186 4708 3260 4761 ita
3307 4722 3394 4760 sa-

1824 4821 2026 4893 pientia
2072 4797 2264 4874 senum
2307 4812 2506 4885 gloria,
2543 4809 2657 4864 nati
2689 4823 2754 4863 ex
2788 4806 2867 4860 eis
2903 4818 3043 4874 quos
3081 4800 3185 4870 ipsi
3235 4797 3396 4867 spiri-

1825 4911 1955 4966 tuali
2001 4908 2289 4978 disciplina
2330 4912 2662 4976 genueram.
2713 4897 2926 4952 Etenim
2976 4909 3086 4948 non
3131 4900 3398 4962 perpetuo

1824 5006 2150 5068 docuerunt,
2173 4998 2268 5054 sed
2298 4996 2590 5066 magistros
2619 4993 2852 5046 aliorum
2879 5002 3008 5044 suos
3037 4985 3291 5056 proprios
3320 4979 3401 5035 di.

1823 5095 2061 5164 seipulos
2091 5090 2350 5162 perﬁcere
2381 5089 2692 5142 valuerunt.

1893 5267 1960 5320 Et
1988 5267 2158 5337 gloria
2193 5265 2426 5336 ﬁliorum
2462 5272 2639 5332 patres
2667 5277 2870 5315 eorum.
2905 5259 3060 5314 Sicut
3095 5258 3396 5314 carnalium

1821 5360 2053 5414 ﬁliorum
2083 5358 2278 5428 gloria,
2311 5357 2551 5424 ipsorum
2587 5355 2885 5424 genitores,
2913 5353 2991 5407 sic
3020 5352 3208 5406 eodem
3238 5352 3398 5407 modo

1820 5449 2184 5522 spiritualium
2205 5456 2455 5502 natorum
2476 5445 2645 5499 decus
2665 5451 2792 5498 sunt
2815 5443 2906 5513 qui
2927 5443 3420 5512 spiritualilereos..

1818 5551 2146 5614 genuerunt.
2166 5540 2302 5594 Nam
2330 5548 2388 5592 ut
2413 5539 2480 5592 de
2505 5536 2739 5607 quadam
2764 5534 3100 5602 haereditate,
3123 5535 3191 5590 de
3221 5535 3393 5604 gloria
3410 5570 3421 5584 ι.

1821 5646 2035 5707 patrum
2071 5635 2165 5689 lilii
2199 5632 2530 5702 gloriantur.

1892 5817 1970 5869 Αιι
2014 5816 2217 5886 ﬁdelem
2255 5814 2570 5870 universitas
2608 5811 3006 5869 thesaurorum.
3033 5808 3133 5875 Qui
3171 5808 3412 5863 ﬁrmam.
