4054 6500
560 434 700 501 i395

1868 429 2216 490 PROCOPII
2255 429 2299 486 G
2312 426 2496 485 ΑΖιἘΙ

3683 409 3814 476 1396

557 546 610 599 in
635 549 801 600 lteum
827 543 1057 612 adeptus
1088 550 1172 596 est
1208 540 1390 602 fidem,
1425 538 1596 607 ipsius
1626 545 1710 592 est
1741 544 1854 589 tota
1895 537 2117 590 divitia-

2244 533 2450 585 ιεϐαίαν
2477 532 2556 593 εἰς
2590 529 2723 582 Θεὸν
2758 525 3098 597 κεκτημένου
3121 523 3327 586 πίστιν,
3348 521 3496 576 ἆπαν
3525 517 3588 571 τδ
3609 517 3807 586 πλῆθός

559 657 678 694 rum
721 639 1030 696 multitudo.
1063 645 1250 706 utpote
1279 635 1372 706 qui
1413 634 1658 688 omnium
1692 630 2034 687 Fabricatori
2066 646 2130 687 ac

556 733 830 802 provisori
853 745 912 785 se
946 729 1255 782 committet
1285 736 1337 781 et
1367 725 1566 780 exinde
1600 739 1762 778 omne
1791 722 2128 778 desiderium

557 823 809 892 complet.
844 820 944 876 Hie
975 820 1142 882 enim,
1169 818 1306 872 nihil
1331 819 1493 873 etiam
1515 816 1743 881 habens,
1774 816 1959 870 omnia
1985 831 2116 886 pos-

558 915 723 972 Sidet.

632 1031 713 1084 Ad
741 1027 1006 1097 inﬁdelem
1049 1043 1166 1081 vero
1216 1024 1489 1096 nequidem
1525 1023 1732 1078 obolus.
1755 1022 1911 1077 Illius
1945 1029 2127 1075 autem

558 1125 648 1189 qui
693 1122 798 1175 Deo
848 1136 952 1174 non
990 1119 1236 1179 conlidit,
1284 1133 1385 1171 nec
1417 1133 1558 1170 unus
1606 1125 1690 1171 est
1728 1115 1940 1178 obolus,
1997 1114 2130 1167 nihil

561 1214 726 1268 fidum
760 1221 814 1267 et
838 1213 1034 1267 stabile
1079 1210 1392 1282 possidens,
1430 1209 1654 1264 etiamsi
1693 1207 1916 1262 multam
1948 1207 2129 1278 possi-

566 1307 695 1361 deat
719 1306 1038 1360 divitiarum
1069 1305 1308 1375 copiam.

633 1419 796 1476 Vsus.
825 1421 878 1474 7.
914 1418 1038 1474 Non
1068 1426 1353 1489 congruent
1393 1415 1716 1483 imprudenti
1747 1413 1897 1468 labia
1920 1411 2128 1483 ﬁdelia.

561 1513 642 1568 Illi
670 1513 760 1581 qui
785 1514 953 1567 Deum
978 1513 1029 1566 in
1057 1511 1338 1565 cordenon
1369 1509 1525 1579 gerit,
1553 1509 1669 1562 sive
1692 1514 1836 1560 metu
1866 1515 2129 1572 tanquam

562 1605 874 1667 Dominum,
892 1604 1006 1657 sive
1028 1618 1213 1656 amore
1237 1610 1494 1668 tanquam
1516 1599 1735 1653 Patrem
1757 1613 1854 1668 per
1876 1597 2128 1667 gratiam,

563 1696 844 1753 credibilia
870 1710 978 1748 non
1007 1703 1168 1749 erunt
1207 1693 1380 1762 ipsius
1415 1700 1608 1746 sancta
1640 1701 1934 1759 praecepta.

634 1808 746 1862 Nec
762 1809 910 1878 justo
942 1807 1088 1860 labia
1130 1804 1430 1861 mendacia.
1459 1801 1567 1856 Nec
1609 1803 1657 1856 ei
1693 1802 1786 1870 qui
1827 1801 2128 1856 secundum

2232 628 2350 679 ἐστι
2377 623 2486 676 τῶν
2516 622 2849 693 χρημάτων,
2882 617 3030 688 αὐτῷ
3065 616 3145 685 τῷ
3171 610 3500 684 Δημιουργῷ
3530 609 3641 662 τῶν
3681 609 3809 662 ὅλων

2232 718 2326 772 καὶ
2355 716 2626 786 προνοητῇ
2657 710 2849 765 ἑαυτὸν
2885 706 3251 771 ἀνατιθέντος,
3284 702 3542 758 κακεῖθεν
3572 699 3807 772 πληρου-

2235 809 2398 879 μένου
2451 807 2552 877 τὴν
2605 805 2827 876 χρείαν·
2879 801 2962 856 διὸ
3011 793 3191 866 οὗτος,
3221 798 3315 851 καὶ
3361 795 3532 868 μηδὲν
3564 793 3812 865 gluma

2233 903 2412 955 πάντα
2448 897 2693 966 κατέχει.

2305 1011 2416 1068 Τοῦ
2447 1009 2516 1064 δὲ
2545 1009 2832 1068 ἀπίστου,
2871 1004 3013 1060 οὐδὲ
3055 1003 3291 1068 ὀϐολός.
3331 998 3438 1054 Τοῦ
3485 999 3548 1053 δέ
3589 998 3711 1069 Θεῷ
3742 999 3810 1068 μὴ

2233 1101 2604 1166 πιστεύοντος,
2631 1098 2739 1151 οὐδ’
2763 1096 2949 1160 ὀϐολός
2979 1097 3128 1148 ἐστιν
3162 1090 3240 1155 εἷς
3264 1131 3280 1154 ,
3312 1090 3476 1163 μηδὲν
3507 1088 3708 1143 πιστὸν
3730 1105 3808 1140 κερ

2231 1191 2507 1262 κτημένου
2543 1192 2639 1244 καὶ
2674 1189 2913 1260 βέϐαιον,
2941 1184 3044 1239 κᾶν
3095 1184 3300 1255 πολλὴν
3345 1175 3505 1246 οὗτος
3550 1181 3812 1252 κέκτηται

2231 1286 2556 1357 περιουσίαν
2595 1284 2914 1356 χρημάτων.

2302 1399 2368 1463 ζ’.
2414 1399 2536 1466 Οὐχ
2566 1397 2815 1466 ἁρμόσει
2842 1395 3056 1465 ἄφρονι
3096 1391 3269 1463 χείλη
3314 1387 3523 1443 πιστά.
3565 1388 3685 1440 Οὐκ
3727 1386 3813 1439 εὑ·-

2232 1488 2566 1559 παράδεκτοι
2590 1487 2805 1540 ἔσονται
2827 1487 2907 1558 τῷ
2943 1486 3016 1556 μὴ
3046 1483 3398 1554 περιφέροντι
3432 1479 3568 1533 Θεὸν
3592 1479 3654 1531 ἐν
3679 1495 3811 1544 καρ-

2229 1579 2349 1651 δίᾳ,
2379 1577 2479 1630 εἴθ’
2507 1576 2582 1639 ὡς
2611 1577 2887 1646 Δεσπότην
2909 1575 3079 1646 φόϐῳ,
3109 1574 3208 1627 εἶθ’
3233 1572 3308 1635 ὡς
3339 1570 3483 1625 κατὰ
3508 1570 3674 1641 χάριν
3699 1570 3812 1622 Πα-

2231 1670 2366 1740 τέρα
2397 1669 2569 1738 πόθῳ,
2603 1671 2658 1722 αἱ
2695 1669 2845 1736 ἅγιαι
2869 1666 3032 1721 αὑτοῦ
3067 1663 3296 1718 ἐντολαί.

2305 1779 2458 1834 Οὐδὲ
2485 1777 2691 1843 δικαίῳ
2723 1778 2896 1845 χειλη
2937 1774 3156 1845 ⁸ψευδῆ.
3199 1773 3333 1827 Οὐδέ
3376 1771 3456 1840 τῷ
3496 1770 3619 1824 κατ’
3649 1767 3811 1828 αὑτὰς

563 1901 667 1953 ista
715 1901 867 1963 vivit,
916 1899 1137 1952 fallaces
1168 1897 1368 1951 diaboli
1396 1895 1708 1950 doctrinae:
1754 1894 1937 1949 nullus
1986 1892 2132 1949 enim

2245 1870 2663 1941 πολιτευομένῳ,
2693 1871 2746 1922 αἱ
2794 1869 2886 1922 τοῦ
2915 1867 3158 1920 διαϐόλου
3187 1864 3465 1932 ἁπατηλαὶ
3499 1862 3805 1929 ὑποθῆκαι·

564 1991 674 2045 Deo
699 2002 752 2045 et
777 1989 947 2044 Satan
986 1988 1197 2044 servire
1233 1994 1436 2054 potest.

636 2100 802 2155 Vens.
845 2100 898 2153 8.
942 2097 1141 2153 Merces
1177 2097 1478 2168 gratiarum
1511 2095 1799 2163 disciplina
1845 2091 2135 2146 utentibus.

563 2193 665 2247 Per
716 2194 970 2246 mandata
1024 2191 1274 2245 mercede
1314 2189 1636 2243 conducunt
1662 2186 1906 2256 Spiritus
1959 2184 2140 2240 sancti

563 2286 703 2339 dona
729 2285 792 2338 ad
826 2285 1186 2339 deducentem
1211 2284 1278 2336 ab
1299 2281 1555 2352 opposito
1581 2282 1633 2334 in
1665 2279 1872 2334 bonum
1893 2289 2137 2332 nostram

563 2385 728 2436 vitam
762 2381 1162 2437 institutionem
1185 2395 1282 2436 eos
1305 2380 1394 2449 qui
1427 2379 1568 2432 hanc
1584 2377 1898 2430 admittunt.
1922 2374 2142 2444 Absque

564 2477 710 2530 enim
735 2476 965 2546 spiritus
995 2471 1174 2540 donis,
1195 2476 1414 2535 timore,
1453 2472 1699 2541 inquam,
1733 2467 2056 2523 fortitudine
2087 2475 2144 2521 et

566 2569 814 2633 caeteris,
868 2569 1106 2625 neminis
1141 2568 1251 2622 vita
1306 2565 1693 2620 mandatorum
1743 2561 2037 2632 disciplina
2083 2560 2138 2613 iu

567 2661 762 2714 melius
805 2669 1064 2714 mutatur.

639 2857 978 2928 Quocumque
1003 2873 1058 2911 se
1088 2857 1302 2911 verterit
1324 2895 1340 2917 ,
1375 2853 1729 2925 prosperabit.
1763 2850 1907 2906 Bene
1941 2864 2138 2920 proce-

567 2950 658 3005 det
687 2950 814 3004 talis
845 2950 1140 3014 institutio,
1174 2949 1258 3002 vel
1296 2948 1348 3002 in
1383 2946 1628 3002 adversis
1664 2961 1680 2998 :
1712 2943 1962 2998 insinuat
2010 2941 2139 3010 qui-

568 3042 690 3095 dem
720 3041 774 3096 in
806 3042 1116 3107 alacritate,
1151 3039 1520 3112 iucundorum
1555 3037 1988 3093 moderationem
2016 3051 2032 3101 ;
2083 3033 2137 3088 in

569 3133 864 3190 afﬂictione
887 3145 1089 3195 autem,
1122 3133 1480 3188 molestorum
1517 3129 1888 3186 tolerantiam.

643 3327 804 3382 Vens.
839 3327 891 3381 9.
921 3327 1026 3393 Qui
1056 3326 1191 3381 celat
1220 3326 1436 3390 delicta,
1461 3324 1651 3394 quwrit
1680 3323 1995 3377 amicitiam.
2029 3320 2137 3388 Qui

571 3417 824 3474 seandala
847 3418 917 3471 ab
943 3417 1066 3471 aliis
1094 3417 1198 3473 sibi
1224 3415 1350 3470 data
1380 3414 1732 3478 dissimulat,
1760 3427 1884 3467 cum
1909 3412 1987 3468 eis
2007 3413 2145 3466 ami-

573 3510 756 3563 citiam
789 3518 1008 3564 nectere
1043 3509 1213 3578 cupit.

645 3620 750 3684 Qui
795 3628 970 3672 autem
1001 3634 1033 3671 α
1073 3619 1290 3672 celando
1314 3617 1577 3681 abhorret,
1609 3616 1812 3669 amicos
1843 3624 1894 3669 et
1925 3616 2144 3682 propin-

572 3728 702 3782 quos
746 3710 956 3765 dividit.
1007 3710 1109 3775 Qui
1157 3720 1338 3764 autem
1393 3725 1424 3764 a
1471 3708 1677 3763 talibus
1717 3707 2138 3762 dissimulandis

576 3803 858 3869 abhorret,
909 3802 1112 3856 alienat
1158 3810 1211 3855 et
1259 3801 1548 3870 diligentes
1598 3814 1658 3854 se
1705 3807 1757 3853 et
1793 3797 1898 3853 sibi
1948 3813 2148 3866 genere

573 3895 911 3964 propinquos
947 3911 960 3946 :
1002 3907 1128 3946 nam
1171 3892 1416 3946 vicissim
1454 3885 2004 3958 factajudicantibus
2037 3887 2147 3943 im-

577 3987 840 4059 possibile
862 3995 944 4042 est
977 4002 1087 4040 non
1120 3983 1354 4039 inveniri
1385 3983 1664 4039 scandala.

645 4189 808 4244 Vatis.
837 4189 925 4242 10.
959 4188 1251 4243 Conterunt
1273 4187 1429 4240 mintv
1450 4202 1543 4239 cor
1571 4185 1869 4254 prudentis.
1909 4183 2152 4238 Proterit

575 4291 628 4336 et
653 4283 720 4336 ab
753 4281 1110 4335 inclinatione
1156 4280 1208 4332 in
1250 4279 1452 4332 malum
1502 4277 1698 4331 avertit
1726 4277 2014 4347 prudentis
2035 4276 2154 4330 ani-

576 4390 721 4430 mam
768 4373 941 4428 solum
993 4373 1157 4428 etiam
1208 4373 1435 4426 verbum
1479 4370 1928 4424 comminativum
1979 4369 2151 4425 :talis

575 4465 722 4518 enim
770 4467 853 4518 vir
902 4463 1088 4533 fugere
1134 4463 1276 4518 mala
1325 4462 1606 4532 praevenit,
1652 4469 1947 4532 antequam
1989 4475 2051 4516 ea
2082 4461 2154 4516 sit

575 4564 862 4625 expertus.

650 4667 959 4735 Imprudens
991 4679 1165 4721 autem
1193 4665 1516 4735 ﬂagellatus,
1554 4681 1656 4718 non
1701 4664 1992 4719 erudiatur.
2042 4665 2152 4716 lm-

577 4761 820 4827 prudens
854 4767 1059 4822 autem,
1110 4757 1273 4812 etiam
1310 4768 1432 4826 post
1478 4756 1664 4827 plagas
1714 4766 1934 4826 propter
1978 4757 2153 4826 ipsius

578 4849 776 4904 delicta
820 4849 925 4903 sibi
961 4847 1219 4911 inﬂictas,
1263 4863 1433 4916 quare
1461 4847 1826 4901 tentationum
1869 4847 2147 4906 incursus.

580 4941 944 5012 permission‘e
986 4941 1196 5006 divina,
1233 4941 1337 4996 sibi
1366 4938 1695 5003 inferantur,
1726 4955 1833 4993 non
1868 4939 2148 5010 agnoscit;

579 5032 887 5103 exindeque
920 5031 1082 5085 vitam
1115 5047 1270 5087 suam
1302 5045 1409 5085 non
1443 5027 1733 5084 reformat.

657 5240 820 5294 Vens.
881 5240 966 5294 ll.
1013 5238 1410 5295 Controversias
1454 5240 1677 5293 suscitat
1721 5237 1892 5291 omnis
1958 5234 2151 5288 malus.

581 5329 932 5384 Contradicit
975 5329 1067 5384 Dei
1117 5329 1391 5384 mandatis
1435 5330 1619 5385 omnis
1650 5328 1868 5398 quisihi
1899 5326 2156 5398 proponit

583 5423 808 5486 malum,
837 5437 1113 5477 excusans
1136 5424 1519 5477 excusationes
1549 5423 1602 5475 in
1643 5420 1904 5491 peccatis.

653 5556 911 5610 Dominus
930 5569 1104 5610 autem
1131 5556 1369 5627 angelum
1421 5555 1882 5609 immisericordem
1917 5554 2161 5607 immittet

582 5651 653 5704 ei.
698 5647 1060 5720 Omnipotens
1125 5661 1308 5704 autem
1372 5651 1512 5703 Dens
1555 5648 1803 5702 ultricem
1860 5647 2160 5715 potentiam

587 5741 853 5797 adversus
885 5758 1007 5796 eum
1066 5742 1347 5802 immittet,
1398 5756 1516 5809 qme
1567 5740 1771 5806 justam
1814 5739 1989 5808 ipsius
2025 5739 2162 5791 iram

585 5841 777 5886 contra
816 5833 967 5886 illum
1004 5833 1052 5886 ci
1107 5833 1418 5887 denuntiet.
1453 5831 1554 5897 Qui
1596 5834 1743 5885 enim
1790 5833 1854 5886 ad
1905 5829 2163 5886 mandata

2181 1999 2191 2006 ς
2241 1967 2417 2029 οὗδεὶς
2454 1966 2562 2034 γὰρ
2601 1963 2720 2032 Θεῷ
2759 1964 2852 2015 καὶ
2889 1961 3065 2014 Σατᾶν
3105 1957 3377 2011 δουλεύειν
3413 1955 3662 2008 δύναται.

2310 2085 2380 2151 η’.
2419 2076 2647 2142 Μισθὸς
2673 2075 2950 2144 χαρίτων,
2976 2073 3013 2141 ἡ
3039 2072 3276 2126 παιδεία
3305 2069 3432 2136 τοῖς
3464 2064 3809 2138 χρωμένοις.

2241 2169 2575 2224 Μισθοῦνται
2601 2168 2690 2220 διὰ
2716 2167 2825 2218 τῶν
2859 2163 3107 2224 ἐντολῶν,
3139 2163 3206 2215 τά
3234 2161 3328 2215 τοῦ
3353 2159 3622 2227 παναγίου
3663 2156 3815 2212 [Ινεὺο

2245 2280 2413 2333 ματος
2435 2261 2769 2331 χαρίσματα,
2798 2259 2879 2320 εἰς
2911 2255 3008 2326 τὴν
3034 2256 3371 2326 μετάγουσαν
3401 2252 3510 2306 ἀπὸ
3537 2249 3634 2302 τοῦ
3668 2251 3812 2302 ἐναν-

2239 2355 2356 2408 τίου
2416 2354 2497 2416 εἰς
2540 2351 2601 2404 τὸ
2651 2349 2856 2419 ἀγαθὸν
2906 2349 2998 2402 τὸν
3048 2348 3314 2418 ἡμέτερον
3349 2345 3463 2415 βίον
3513 2343 3812 2403 παίδευσιν,

2239 2449 2366 2511 τοὺς
2393 2446 2678 2517 μετιόντας
2704 2444 2872 2514 αὐτήν
2894 2458 2908 2472 ·
2940 2441 3070 2495 ἄνευ
3104 2439 3210 2510 γὰρ
3238 2437 3348 2490 τῶν
3373 2436 3468 2489 τοῦ
3501 2434 3816 2502 Πνεῦματος

2240 2540 2616 2612 χαρισμάτων,
2646 2536 2739 2590 τοῦ
2789 2533 2979 2603 φόϐου,
3007 2533 3171 2602 φημὶ,
3203 2531 3296 2584 καὶ
3338 2530 3438 2599 τῆς
3487 2527 3697 2596 ἰσχύος,
3729 2526 3817 2577 καὶ

2239 2634 2348 2685 τῶν
2381 2630 2602 2694 λοιπῶν,
2638 2627 2761 2681 οὐδέ
2787 2642 2935 2688 τινος
2970 2624 3082 2695 βίος
3116 2625 3182 2693 τῇ
3209 2622 3316 2674 τῶν
3344 2619 3578 2673 ἐντολῶν
3619 2633 3817 2684 κατορ-

2241 2723 2404 2776 θώσει
2443 2721 2579 2792 πρὸς
2617 2720 2678 2775 τὸ
2718 2717 2927 2788 βέλτιον
2968 2714 3378 2787 μεταϐάλλεται.

2314 2832 2396 2893 Οὗ
2429 2837 2481 2890 δ’
2507 2835 2586 2889 ἂν
2611 2832 2966 2901 ἐπιστρέψῃ,
3010 2827 3463 2894 εὐοδωθήσεται.
3503 2823 3818 2893 Εὑθυπορή-

2242 2949 2324 2984 σει
2369 2929 2426 2982 δὲ
2475 2929 2510 2998 ὴ
2557 2925 2783 2994 τοιαύτη
2818 2923 3098 2986 παίδευσις
3126 2923 3221 2975 καὶ
3258 2922 3315 2972 ἐν
3364 2921 3476 2981 τοῖς
3509 2916 3812 2980 ἐναντίοις,

2240 3016 2545 3089 ἐμποιοῦσα
2583 3015 2678 3066 ἐπὶ
2712 3012 2812 3082 μὲν
2840 3014 2961 3074 ταῖς
3002 3009 3289 3079 εὐθυμίαις
3310 3049 3325 3072 ,
3358 3006 3689 3076 ἐγκράτειαν
3715 3003 3818 3054 τῶν

2237 3111 2439 3182 ἡδέων·
2471 3109 2564 3161 ἐπὶ
2593 3106 2650 3158 δέ
2673 3107 2803 3167 ταῖς
2831 3102 3184 3173 δυσθυμίαις,
3206 3098 3481 3170 ὑπομονὴν
3507 3097 3620 3150 τῶν
3643 3095 3818 3165 ἀλγει-

2174 3230 2217 3288 C
2252 3207 2377 3262 νῶν.

2315 3321 2380 3374 θ’.
2426 3323 2524 3384 Ὃς
2576 3317 2826 3386 κρύπτει
2869 3311 3235 3378 ἀδικήματα,
3289 3306 3444 3375 ζητεῖ
3489 3306 3720 3376 φιλίαν.
3760 3304 3817 3356 Ὁ

2243 3411 2503 3483 παρορῶν
2545 3409 2614 3463 τὰ
2649 3409 2779 3478 παρ’
2801 3405 3006 3476 ἐτέρων
3046 3406 3125 3466 εἰς
3165 3401 3327 3455 αὐτὸν
3356 3401 3620 3470 γινόμενα
3657 3397 3819 3450 σκάν-

2243 3503 2396 3567 δαλα,
2426 3501 2584 3556 ποθεί
2609 3500 2672 3554 τὸ
2701 3495 3083 3570 συμφιλιάζειν
3112 3495 3316 3556 αὐτοῖς.

2320 3615 2424 3680 Ὃς
2452 3612 2520 3666 δὲ
2553 3610 2720 3679 μισεῖ
2739 3610 3043 3677 κρύπτειν,
3072 3606 3338 3671 διίστησι
3367 3603 3590 3672 φίλους
3618 3602 3718 3655 καὶ
3741 3601 3820 3654 ol-

2246 3709 2470 3771 κεΙους.
2501 3707 2599 3768 Ὃς
2629 3704 2676 3757 δ’
2699 3701 3103 3772 ἀποστρέφεται
3129 3698 3192 3750 τὸ
3215 3695 3670 3768 παραϐλέπεσθαι
3699 3693 3822 3746 ταῦ·

2245 3815 2336 3856 τα,
2368 3795 2644 3866 ἐχθραίνει
2694 3791 2824 3854 τούς
2869 3808 2929 3844 τε
2975 3787 3262 3858 φιλοῦντας
3292 3788 3474 3848 αὑτὸν,
3507 3787 3602 3840 καὶ
3630 3785 3822 3846 αὐτοὺς

2245 3889 2371 3951 τοὺς
2399 3887 2544 3942 κατὰ
2571 3886 2726 3955 γένος
2753 3881 3274 3954 προσῳκειωμένους
3321 3878 3503 3950 αὐτῷ·
3553 3879 3675 3940 τοῖς
3721 3875 3821 3944 γὰρ

2251 3980 2597 4050 ἀνακρίνουσι
2628 3977 2698 4030 τὰ
2730 3975 3002 4046 ἀλλήλων,
3033 3972 3292 4028 ἀδύνατον
3341 3969 3416 4040 μὴ
3467 3967 3816 4037 εὑρίσκεσθαι

2251 4073 2544 4127 σκάνδαλα.

2321 4193 2371 4240 ι’.
2414 4185 2719 4252 Συηριϐει
2741 4179 2957 4247 ἀπειλὴ
2984 4174 3236 4245 καρδία-ν
3257 4172 3575 4243 φρονίμου.
3618 4168 3816 4238 sum;

2253 4279 2346 4332 καὶ
2373 4279 2474 4346 τῆς
2509 4277 2644 4349 πρὸς
2678 4276 2739 4328 τὸ
2768 4273 2936 4326 κακὸν
2959 4269 3139 4342 ὁρμῆς
3169 4263 3484 4322 ἀναστέλλει
3510 4262 3615 4332 τὴν
3651 4259 3818 4330 ψυχὴν

2251 4371 2342 4423 τοῦ
2375 4369 2682 4440 ἐχέφρονος,
2712 4366 2805 4420 καὶ
2849 4365 3006 4436 μόνος
3047 4358 3399 4429 ἀπειλητικδς
3447 4355 3643 4423 λόγος’
3697 4370 3822 4424 προσ

2253 4463 2444 4532 φθάνει
2470 4463 2578 4530 γάρ
2617 4459 2644 4510 ό
2689 4456 2928 4520 τοιοῦτος
2957 4455 3095 4526 ἀνὴρ
3129 4451 3226 4523 τὴν
3263 4449 3372 4504 τῶν
3404 4448 3596 4503 κακῶν
3624 4447 3818 4517 φυγὴν,

2180 4565 2224 4620 D
2253 4556 2358 4628 πρὸ
2387 4558 2485 4625 τῆς
2519 4553 2714 4624 πείρας
2753 4550 2956 4605 αὐτῶν.

2327 4669 2568 4736 ’Ἄφρων
2603 4663 2672 4716 δὲ
2711 4659 3122 4732 μαστιγωθεὶς,
3149 4661 3260 4713 οὐκ
3289 4655 3739 4710 αὶσθάνεται.⁹0
3769 4653 3822 4706 δὲ

2252 4759 2500 4830 ἀνόητος,
2531 4755 2624 4810 καὶ
2654 4753 2787 4825 μετὰ
2817 4752 2915 4815 τὰς
2944 4749 3382 4820 ἐπενηνεγμένας
3413 4746 3564 4814 αὐτῷ
3589 4745 3806 4815 πληγάς

2251 4852 2363 4906 τῶν
2394 4846 2942 4920 πεπλημμελημένων
2976 4843 3124 4914 αὐτῷ
3168 4842 3373 4904 ἕνεκεν,
3417 4839 3515 4893 οὐκ
3562 4837 3822 4906 ἐπιγινώ-

2254 4959 2374 4995 σκει
2413 4942 2555 5002 τίνος
2599 4939 2760 5008 χάριν
2788 4937 2843 4989 αἱ
2873 4936 2980 4988 τῶν
3011 4931 3335 5005 πειρασμῶν
3364 4931 3629 5000 ἐπιφοραὶ
3650 4972 3665 4993 ,
3700 4945 3824 4996 συγ-

2254 5033 2492 5104 χωρήσει
2537 5029 2681 5101 θείᾳ,
2712 5029 2886 5097 τούτῳ
2917 5027 3211 5095 ἐπάγονται
3233 5041 3246 5055 ο
3295 5021 3597 5077 κάντεῦθεν
3626 5022 3723 5075 τὸν
3750 5020 3822 5073 οε·

2256 5125 2397 5177 κεῖον
2428 5121 2540 5192 βίον
2573 5122 2634 5174 οὐ
2665 5119 2893 5190 διορθοῖ.

2327 5233 2417 5287 ια’.
2455 5230 2825 5298 ’Δντιλοτίας
2873 5227 3083 5297 ἐγείρει
3125 5224 3244 5290 πᾶς
3278 5223 3481 5288 κακός.
3524 5220 3820 5287 Ἀντιλέγει

2255 5327 2373 5388 ταῖς
2392 5325 2486 5378 τοῦ
2506 5321 2640 5376 Θεοῦ
2673 5322 2935 5383 ἐντολαῖς,
2959 5321 3064 5382 πᾶς
3092 5315 3518 5390 προαιρούμενος
3537 5315 3602 5368 τὸ
3621 5315 3817 5368 κακόν’

2258 5414 2725 5485 προφασιζόμενος
2755 5409 3054 5481 προφάσεις
3082 5411 3138 5461 ἐν
3172 5406 3487 5478 ἁμαρτίαις.

2345 5551 2408 5604 '0
2453 5549 2520 5603 δὲ
2561 5549 2772 5616 Κύριος
2820 5545 3076 5616 ἄγγελοι·
3119 5539 3493 5609 ὰνελεήμονα
3533 5537 3819 5605 ἐκπέμψαι

2262 5641 2440 5713 αὐτῷ.
2483 5643 2540 5693 '0
2565 5640 2620 5693 δὲ
2647 5637 2739 5692 τοῦ
2763 5637 2960 5698 παντὸς
2983 5635 3252 5702 Δεσπότης
3276 5632 3426 5695 Θεὸς,
3447 5626 3817 5698 τιμωρητικήν

2264 5736 2490 5804 δύναμιν
2551 5730 2898 5798 ἐξαποστελεῖ
2947 5729 3036 5779 ἐπ’
3081 5725 3242 5780 αὑτὸν
3273 5764 3287 5784 ,
3347 5720 3816 5789 καταγγέλλουσαν

2265 5825 2436 5892 τούτῳ
2458 5824 2556 5893 τὴν
2581 5825 2699 5877 κατ’
2731 5820 2894 5877 αὑτοῦ
2931 5817 3144 5872 δικαίαν
3171 5816 3357 5870 τούτου
3387 5815 3577 5885 ὀργήν.
3623 5812 3680 5863 ’ὓ
3713 5810 3812 5878 γὰρ
