4054 6528
234 451 370 518 1397

1281 439 1811 502 COMMENTARI]
1857 438 1932 496 ΙΝ
1977 435 2432 494 PRUVEllBlA.

3359 432 3493 494 1398
3536 436 3540 440 “

229 567 478 642 ματαίως
500 560 941 636 προδαλλόμενος
969 555 1271 629 προφάσεις
1293 595 1308 620 ,
1342 556 1422 619 εἰς
1440 555 1503 608 τὸ
1535 553 1611 626 μὴ
1640 556 1819 607 ποιεῖν

1940 549 2018 604 )ei
2045 563 2152 602 non
2189 543 2564 616 adimplenda,
2621 541 2826 597 l‘rustra
2851 541 3246 596 excusationes
3273 541 3493 611 allegat,

226 660 296 713 τὰ
329 653 636 711 Δεσποτικά
685 648 1111 721 προστάγματα,
1151 645 1509 718 παροργίζων
1538 645 1704 707 Θεὸν,
1734 644 1812 698 δι-

225 751 399 813 καίως
427 747 536 800 τῶν
563 746 694 816 παρ’
721 740 886 796 αὐτοῦ
922 741 1178 812 πειρᾶται
1208 738 1456 810 πληγῶν.

302 841 390 914 ιβ’.
433 837 804 910 Ὲιιπεσεῖται
819 834 1075 906 μέριμνα
1095 832 1268 901 ἀνδρὶ
1289 831 1560 901 νοήμονα
1579 826 1812 898 Ἑπέλθῃ

229 933 434 1006 μελέτη
481 929 736 1002 διηνεκὴς
784 926 1006 982 πάντων
1031 925 1140 980 τῶν
1170 924 1379 978 ἐκεῖθεν
1421 920 1810 992 δικαστηρίων,

226 1027 504 1101 ἀνθρώπῳ
531 1025 790 1093 νοννεχεῖ,
823 1021 917 1076 καὶ
940 1021 1053 1084 τοῖς
1072 1017 1430 1090 προσκαίροις
1457 1016 1549 1070 τὸν
1578 1014 1705 1068 νοῦν
1739 1013 1815 1084 μὴ

228 1113 782 1188 αἰχμαλωτιζομένῳ.
1328 1109 1332 1113 ’

311 1210 376 1262 οι
406 1206 474 1259 δὲ
506 1205 766 1274 ἄφρονες
790 1197 1239 1268 διαλογιοῦνται
1294 1191 1470 1249 κακά.
1528 1192 1592 1246 Οἱ
1637 1190 1696 1244 δὲ
1739 1189 1814 1260 μὴ

228 1298 626 1374 περιφέροντες
675 1292 808 1347 Θεὸν
842 1293 900 1346 ὲν
932 1289 1132 1362 καρδίᾳ
1155 1329 1171 1354 ,
1204 1284 1589 1356 διαλογισμοὺς
1634 1282 1817 1348 ἕξουσι

233 1392 529 1466 πονηροὺς,
556 1389 632 1451 ὡς
667 1387 849 1458 μόνοις
879 1382 1269 1455 προσκείμενοι
1297 1381 1412 1442 τοῖς
1443 1378 1725 1449 φθαρτοῖς.

308 1487 397 1552 ιγ’.
425 1481 532 1546 Ὃς
558 1475 859 1533 ἀποδώσει
895 1471 1053 1527 κακὰ
1078 1471 1213 1527 ἀντὶ
1243 1469 1501 1540 ἀγαθῶν,
1540 1469 1613 1522 οὐ
1649 1482 1818 1531 κινη-

233 1576 484 1644 θήσεται
511 1571 666 1624 κακὰ
689 1569 758 1622 ἐκ
783 1566 890 1620 τοῦ
917 1567 1088 1621 οἴκου
1109 1562 1318 1618 αὑτοῦ.
1361 1560 1818 1631 Νεκρωθήσονται

233 1668 334 1721 καὶ
357 1662 760 1719 ἀποϐαλοῦνται
787 1660 886 1729 τὴν
915 1658 1150 1727 κίνησιν,
1186 1654 1256 1707 τὰ
1282 1652 1432 1723 πάθη
1471 1652 1569 1722 τῆς
1619 1649 1818 1720 σαρκὸς

235 1759 333 1813 τοῦ
385 1756 589 1828 ταύτην
640 1753 1055 1817 ῦπωπιάζοντος
1102 1749 1198 1803 καὶ
1248 1747 1554 1810 θλίϐοντος,
1604 1743 1720 1798 ἀνθ’
1747 1737 1822 1794 ὧν

1918 643 2145 696 irritans
2177 640 2351 696 Deum
2385 639 2454 694 ab
2486 639 2606 710 ipso
2629 636 2780 708 juste
2813 636 2985 708 plagis
3016 642 3282 690 tentatur.

1985 825 2150 880 Vens.
2169 823 2256 878 12.
2294 821 2414 876 Viro
2444 821 2687 889 prudenti
2711 820 3006 876 incumbent
3037 834 3200 874 curre.
3227 816 3497 873 Continua

1915 926 2242 972 cunctorum
2299 914 2633 984 iudiciorum
2675 915 2912 984 desuper
2963 928 3096 968 cura
3133 912 3352 968 devenit
3381 910 3500 965 viro

1918 1008 2178 1079 prudenti
2207 1008 2300 1078 qui
2334 1022 2491 1062 suam
2530 1015 2771 1060 mentem
2803 1004 2968 1060 rebus
2997 1002 3369 1074 praesentibus
3384 1017 3501 1056 ser-

1917 1103 2102 1157 viliter
2137 1101 2378 1155 additam
2402 1114 2510 1154 non
2543 1106 2718 1154 tenet.

1991 1196 2314 1266 Insipientes
2343 1204 2520 1250 autem
2567 1194 2707 1248 male
2746 1193 3148 1263 colloquuntur.
3184 1190 3288 1257 Qui
3319 1199 3502 1245 autem

1920 1291 1974 1344 in
2008 1289 2174 1344 corde
2201 1306 2311 1344 non
2343 1289 2526 1343 ferunt
2554 1289 2722 1342 Deum
2752 1287 3029 1358 colloquia
3066 1285 3348 1340 habebunt
3377 1300 3503 1354 per»

1920 1397 2103 1444 versa,
2131 1393 2395 1451 tanquam
2437 1380 2546 1437 soli
2590 1379 2950 1447 subiacentes
2976 1379 3324 1448 corruptelas.

1989 1473 2159 1530 Vens.
2215 1475 2301 1529 13.
2348 1473 2452 1538 Qui
2502 1489 2598 1540 pro
2639 1473 2788 1527 bonis
2841 1472 2984 1525 mala
3035 1470 3236 1536 reddet,
3262 1471 3408 1524 illius
3439 1485 3505 1523 ex

1920 1566 2078 1620 domo
2119 1567 2264 1620 mala
2294 1583 2397 1620 non
2425 1565 2668 1619 exibunt.
2702 1562 3506 1619 Mortiﬁeabunturdestituen-

1925 1668 2123 1727 turque
2159 1665 2306 1711 motu
2342 1655 2528 1710 carnis
2554 1655 2844 1725 passiones
2881 1653 2936 1707 in
2970 1668 3036 1707 eo
3067 1652 3161 1722 qui
3196 1651 3336 1706 hanc
3371 1651 3507 1706 alili-

1924 1752 2008 1822 git
2055 1767 2119 1806 ac
2163 1751 2374 1806 cruciat
2419 1764 2521 1819 pro
2555 1748 2873 1802 carnalibus
2912 1747 2982 1801 ab
3013 1747 3137 1802 istis
3169 1745 3270 1800 sibi
3304 1760 3507 1815 suppe-

233 1850 412 1906 ταῦτα
467 1848 745 1922 ἐπεγείρει
796 1845 946 1916 αὑτῷ
999 1842 1274 1915 σαρκικῶν
1322 1837 1665 1912 ἡδυπαθειῶν
1695 1853 1706 1866 ·
1765 1835 1821 1888 αῖ

1940 1841 2114 1896 litatis
2147 1839 2548 1908 voluptatibus,
2575 1853 2695 1908 quae
2723 1853 2753 1890 a
2783 1837 2977 1892 multis
3004 1845 3279 1891 vocantur
3309 1836 3466 1890 bona:
3491 1853 3506 1890 :

233 1947 348 2009 τοῖς
385 1905 599 2006 πολλοῖς
621 1905 932 2011 νομίζονται
963 1905 1186 2005 ἀγαθαί.
1204 1934 1268 1988 Ἡ
1292 1905 1398 2002 γάρ
1429 1929 1566 2002 σάρξ
1593 1929 1818 2001 οἰκητή-

1940 1947 2066 1987 caro
2099 1933 2243 1987 enim
2273 1931 2645 1986 habitaculum
2693 1938 2780 1986 est
2821 1930 3037 1991 animos,
3062 1944 3160 1999 per
3195 1943 3384 1998 quam,
3421 1937 3508 1980 ut-

237 2039 355 2111 ριόν
379 2038 498 2090 ἐστι
527 2036 627 2104 τῆς
655 2031 865 2104 ψυχῆς·
901 2030 967 2083 δι’
1001 2029 1068 2101 ἢν
1116 2027 1190 2091 ὼς
1231 2025 1457 2096 λογικήν
1492 2039 1549 2076 τε
1586 2022 1682 2075 καὶ
1711 2038 1820 2073 νοε-

240 2128 361 2201 ρὰν,
391 2127 489 2182 ἄνθ
501 2142 681 2197 ρωπος
707 2124 802 2176 καὶ
829 2120 942 2174 ἔστι
973 2121 1068 2174 καὶ
1094 2119 1312 2186 λέγεται
1339 2118 1371 2187 ή
1382 2115 1497 2185 μῶν
1531 2114 1781 2174 ἕκαστος.

313 2221 394 2274 ιδ’.
430 2217 752 2283 Ἰἰξουσίαν
794 2213 1003 2267 δίδωσι
1051 2213 1277 2280 λόγοις,
1313 2205 1471 2276 ἀρχὴ
1511 2203 1818 2258 δικαιοσύ-

234 2327 385 2380 ⁴νιηςο
421 2308 764 2380 προηγεῖται
799 2306 866 2360 δὲ
900 2304 1010 2373 τῆς
1042 2302 1301 2368 ἐνδείας,
1326 2299 1544 2365 στάσις
1577 2296 1678 2351 καὶ
1710 2294 1820 2365 μά-

237 2427 338 2480 χη.
382 2404 723 2476 Ἐλευθερίαν
753 2402 986 2472 παρέχει
1016 2400 1130 2460 τοῖς
1158 2397 1358 2466 λόγοις,
1399 2395 1479 2457 εἰς
1520 2391 1585 2444 τὸ.
1625 2392 1820 2460 ἀπερι-

239 2502 535 2565 καλύπτως
561 2497 922 2569 ἀπαγγέλλειν
949 2495 1010 2546 τὸ
1033 2490 1253 2563 ἀληθὲς,
1271 2489 1331 2543 τὸ
1357 2491 1420 2542 ἐκ
1444 2487 1542 2557 τῆς
1566 2485 1819 2557 ἐναρέτου

240 2595 517 2656 πολιτείας
541 2593 683 2648 κατὰ
711 2593 817 2646 τῶν
848 2588 1037 2642 παθῶν
1067 2585 1268 2658 κράτος
1289 2600 1302 2613 ⁸
1341 2583 1532 2636 ἕπεται
1555 2579 1611 2633 δὲ
1633 2579 1696 2648 τῇ
1723 2577 1821 2647 τῆς

243 2691 448 2762 σαρκὸς
476 2692 612 2760 πρὸς
637 2687 694 2740 τὸ
727 2683 964 2755 πνεῦμα,
991 2681 1086 2735 καὶ
1113 2678 1207 2732 τοῦ
1233 2677 1351 2747 βίου
1381 2674 1518 2746 πρὸς
1547 2673 1637 2726 τὸν
1663 2671 1822 2739 λόγον

241 2781 726 2841 ἀντικαταστάσει,
759 2780 791 2848 ἡ
824 2775 975 2845 παρὰ
1009 2771 1174 2845 μέρος
1205 2770 1306 2840 τῆς
1347 2765 1604 2837 ἀληθείας
1653 2762 1822 2816 ἔλλει-

238 2878 370 2949 ψις·
400 2877 529 2930 ὅταν
559 2873 667 2943 γὰρ
724 2870 798 2941 μὴ
842 2867 919 2938 τῷ
969 2867 1115 2936 λόγῳ
1174 2865 1202 2916 ὁ
1259 2862 1372 2933 βίος
1417 2859 1818 2930 συμμαρτυρῇ,

242 2971 461 3040 ἀνάγκη
501 2965 762 3038 χωλεύειν
792 2959 1027 3016 ἐνταῦθα
1058 2959 1159 3029 τὴν
1189 2956 1465 3026 ἀλήθειαν.

316 3060 404 3116 ιε’.
436 3061 542 3126 Ὃς
583 3057 818 3111 δίκαιον
863 3054 1053 3121 κρίνει
1095 3050 1204 3105 τὸν
1243 3049 1473 3114 ἄδικον,
1507 3046 1718 3101 ἄδικον
1757 3045 1826 3098 δὲ

244 3153 358 3206 τὸν
380 3150 637 3214 δίκαιον,
658 3145 992 3215 ἀκάθαρτος
1016 3143 1112 3197 καὶ
1139 3139 1483 3208 ,βδελυκτὸς
1502 3139 1660 3208 παρὰ
1681 3136 1823 3202 Θεῷ.

1927 2034 2051 2095 pote
2077 2025 2400 2081 rationalem
2430 2033 2484 2080 et
2511 2024 2930 2094 intelligentem,
2954 2021 3338 2093 unusquisque
3403 2037 3506 2076 no-

1927 2128 2103 2175 strum
2140 2133 2193 2176 et
2229 2130 2314 2176 est
2343 2129 2397 2175 et
2426 2117 2834 2175 diciturhomo.

2005 2215 2173 2270 Vens.
2210 2212 2298 2265 M.
2337 2211 2660 2266 Potestatem
2688 2215 2912 2278 prwsrat
2961 2204 3290 2261 sermonibus
3327 2213 3512 2257 aucto-

1928 2313 2060 2366 ritas
2086 2308 2296 2363 uirtutis
2322 2320 2340 2367 :
2362 2304 2611 2372 praecedit
2643 2311 2816 2356 autem
2837 2301 3097 2369 defectum
3119 2299 3304 2351 seditio
3336 2308 3385 2351 et
3414 2314 3511 2364 pn-

1939 2421 2063 2474 gna.
2092 2401 2424 2456 Libertatem
2465 2395 2668 2464 praebet
2700 2393 3074 2455 sermonibus,
3113 2391 3179 2445 ad
3208 2400 3394 2460 aperte
3421 2405 3512 2444 ve-

1933 2510 2056 2551 rum
2096 2488 2562 2550 annuntiandum,
2595 2502 2719 2557 qua:
2750 2503 2814 2541 ex
2843 2479 2976 2538 vita?
2992 2484 3289 2538 virtutibus
3319 2493 3512 2537 contra

1931 2589 2218 2661 passiones
2264 2584 2443 2637 oritur
2483 2588 2750 2650 potestas.
2789 2578 3056 2648 Sequitur
3099 2585 3284 2629 autem
3323 2574 3512 2648 carnis

1932 2681 2200 2734 adversus
2219 2676 2478 2746 spiritum
2508 2681 2562 2727 et
2591 2671 2718 2726 vitae
2752 2678 2950 2726 contra
2981 2669 3250 2723 rationem
3282 2669 3512 2730 luctam,

1934 2787 1963 2825 a
1993 2769 2242 2826 veritatis
2269 2774 2428 2836 parte
2449 2762 2691 2818 defectio
2726 2780 2739 2817 :
2776 2776 2902 2816 cum
2938 2761 3084 2816 enim
3113 2759 3314 2813 rationi
3355 2757 3513 2812 testi-

1931 2862 2178 2917 monium
2215 2859 2324 2913 vita
2377 2871 2486 2911 non
2527 2853 2726 2918 reddit,
2748 2851 2949 2910 exinde
2980 2851 3268 2908 veritatem
3300 2850 3513 2905 claudi-

1929 2973 1993 3012 (ιιι
2001 2972 2058 3011 re
2104 2968 2335 3010 necesse
2374 2959 2480 3006 est.

2002 3048 2170 3105 Vsus.
2203 3047 2289 3102 l5.
2323 3045 2428 3110 Qui
2460 3043 2718 3113 iniustum
2737 3039 2949 3110 iudicat
2970 3040 3193 3106 iustum,
3211 3037 3513 3106 iustumque

1932 3145 2216 3214 injustam,
2237 3140 2488 3194 scelestus
2536 3146 2586 3192 et
2617 3133 2993 3189 abominobtlis
3035 3142 3157 3186 ante
3193 3131 3380 3186 Deum.
3409 3131 3513 3197 Qui

252 3247 352 3307 ’ος
381 3241 590 3314 νομίζει
616 3241 706 3294 τὸν
737 3241 834 3311 μὲν
867 3236 1276 3309 παραϐαίνοντα
1300 3235 1398 3298 τὰς
1429 3231 1578 3296 θείας
1608 3230 1827 3295 ἐντολὰς

1940 3237 2123 3291 divina
2165 3232 2427 3288 mandata
2473 3227 2968 3297 transgredientem
3004 3233 3164 3279 vocat
3203 3224 3408 3278 bonum
3444 3223 3515 3278 ad

1959 3328 1971 3335 .
2043 3327 2054 3335 .
2100 3325 2112 3335 .
2209 3323 2222 3335 ι
2395 3320 2407 3332 ο
2525 3318 2596 3335 γι·
2695 3317 2912 3335 1--.--η-
2995 3321 3319 3335 ...ςι--ι-ι..-..
3351 3328 3364 3335 -
3421 3311 3512 3335 :II-

248 3333 478 3404 ἀγαθὸν,
508 3333 584 3397 ὼς
613 3332 895 3402 ἀπατῆσαι
945 3330 1041 3383 καὶ
1098 3327 1299 3400 βλάψαι
1336 3326 1587 3396 ἰσχυρόν·
1640 3324 1732 3377 τὸν
1777 3323 1834 3376 δὲ

247 3427 456 3490 ταύτας
482 3423 755 3498 τηροῦντα
774 3465 790 3491 ,
839 3423 1009 3476 κακὸν
1038 3421 1113 3485 ὡς
1149 3420 1486 3488 ἀνεξικάκως
1522 3417 1594 3471 τὰ
1622 3416 1842 3488 λυπηρὰ

255 3521 516 3592 φέροντα,
551 3517 648 3573 καὶ
677 3517 754 3587 τῷ
785 3516 1044 3583 ἐπάγοντι
1092 3513 1241 3585 αὑτῷ
1271 3512 1444 3567 ταῦτα
1495 3511 1571 3582 μὴ
1625 3509 1840 3565 ἀντιπί-

256 3630 483 3676 πτοντα,
518 3611 774 3682 ἐμπαθὴς
819 3611 967 3662 ἐστιν
1018 3611 1046 3662 ὁ
1095 3606 1361 3670 τοιοῦτος·
1405 3607 1497 3660 καὶ
1543 3604 1632 3658 διὰ
1684 3603 1843 3658 τοῦτο

260 3706 412 3778 παρὰ
431 3705 549 3776 Θεῷ
565 3704 644 3778 τῷ
663 3703 884 3767 ἀπαθεῖ,
909 3701 1159 3774 μισητὸς.
1183 3721 1199 3752 ι
1223 3699 1361 3753 Οὐαὶ
1373 3699 1482 3770 γὰρ
1497 3701 1607 3762 τοῖς
1620 3698 1842 3767 λέγουσι

257 3800 321 3855 τὸ
352 3799 590 3870 πονηρὸν
616 3797 799 3863 καλὸν,
826 3796 921 3849 καὶ
949 3795 1010 3848 τὸ
1039 3793 1201 3847 καλὸν
1232 3793 1488 3864 πονηρόν.
1524 3812 1542 3843 ι

332 3921 432 3980 ις’.
466 3915 590 3968 ἰνα
609 3912 667 3966 τι
684 3910 922 3978 ὑπῆρξε
937 3907 1212 3979 χρήματα
1232 3907 1447 3976 ἄφρονι
1465 3923 1484 3973 ;
1504 3904 1844 3972 κτήσασθαι

261 4008 372 4077 γὰρ
399 4005 626 4074 σοφίαν
666 4001 950 4071 ἀκάρδιος
997 4001 1069 4054 οὐ
1116 3998 1464 4068 δυνήσεται.
1506 3997 1602 4060 Τίς
1631 3998 1665 4068 ἡ
1697 3996 1844 4049 αἰτία

261 4095 358 4152 τοῦ
387 4093 692 4166 κτήσασθαι
724 4092 975 4157 πλοῦτον,
1030 4091 1122 4143 τὸν
1159 4089 1235 4161 μὴ
1273 4091 1332 4142 ἐν
1364 4088 1559 4160 καρδίᾳ
1587 4089 1720 4142 Θεὸν
1749 4104 1845 4140 πε-

265 4190 592 4260 ριφέροντα;
640 4185 856 4257 Ἐπειδὴ
882 4184 955 4255 μὴ
977 4181 1087 4237 οἶδε
1118 4183 1301 4245 καλῶς
1337 4182 1486 4252 αὐτῷ
1515 4180 1841 4254 χρήσασθαι.

273 4281 334 4335 '0
356 4281 467 4352 γὰρ
502 4279 738 4332 ἐνταῦθα
765 4278 839 4349 μὴ
858 4277 1170 4348 περιφέρων
1202 4275 1364 4330 αὑτὸν
1384 4315 1399 4340 ,
1431 4274 1546 4344 φῶς
1574 4273 1705 4327 ὅντα
1731 4289 1848 4326 νοε-

267 4371 382 4442 ρὺν,
417 4373 564 4442 σχεῖν
609 4371 882 4440 διάκρισιν
930 4370 1031 4440 τὴν
1078 4368 1394 4439 διαιροῦσαν
1441 4367 1500 4421 τὸ
1544 4369 1724 4437 χεῖρον
1751 4364 1845 4418 τοῦ

269 4465 576 4537 κρείττονος
612 4465 712 4519 οὐκ
745 4463 974 4534 ἰσχύσει.

345 4581 451 4647 Ὃς
483 4579 728 4648 ὑψηλὸν
751 4577 909 4631 ποιεῖ
937 4576 1045 4630 τὸν
1069 4575 1288 4630 ἑαυτοῦ
1318 4570 1506 4638 οἷκον,
1526 4572 1684 4642 ζητεῖ
1701 4588 1849 4628 συν-

267 4670 506 4741 τριϐήνσ
541 4673 573 4724 ὁ
613 4669 680 4722 δὲ
713 4665 1046 4727 σκολιάζων
1090 4665 1196 4720 τοῦ
1224 4664 1460 4734 μαθεῖν,
1505 4663 1849 4734 ἐμπεσεῖται

269 4767 360 4830 εις
395 4760 571 4818 κακά.
607 4765 703 4826 Ὃς
735 4760 861 4830 ὑψοῖ
888 4761 948 4812 τὸ
983 4759 1110 4812 ἴδιον
1158 4757 1379 4827 σκῆνος,
1411 4757 1491 4820 εἰς
1519 4755 1579 4809 τὸ
1612 4755 1713 4824 τῆς
1746 4755 1850 4825 ψυ-

273 4856 376 4926 χῆς
406 4850 862 4923 κατεπαίρεσθαι,
890 4849 1046 4902 ποθεῖ
1073 4848 1171 4920 τὴν
1198 4848 1333 4901 ἰδίαν
1367 4846 1672 4901 ἀπώλειαν·
1707 4848 1803 4901 καὶ
1824 4849 1852 4902 ὁ

273 4943 525 5000 ἐντεῦθεν
549 4943 636 4996 διὰ
659 4942 757 5014 τὴν
779 4941 882 5011 τῆς
908 4939 1227 5012 σωματικῆς
1252 4939 1852 5011 ἀλογίαςςὲπικράτειαν

274 5035 697 5106 ἐμποδιζόμενος
725 5033 930 5101 γνῶναι
962 5035 1024 5086 τὸ
1058 5033 1226 5097 ὄντως
1255 5032 1440 5098 καλὸν,
1473 5035 1853 5105 περιπεσεῖται

272 5131 385 5193 τοῖς
417 5127 762 5199 φθοροποιοῖς
795 5125 1046 5179 πάθεσιν.

348 5240 436 5308 ιζ’.
477 5244 582 5308 Εις
603 5241 802 5297 πάντα
829 5239 1038 5309 καιρὸν
1055 5242 1234 5310 φίλος
1258 5238 1573 5307 ὑπαρχέτω
1595 5254 1715 5294 σοι.
1737 5238 1854 5308 Θεῷ

273 5335 580 5407 προσφιλὴς
609 5333 749 5390 εἷναι
772 5332 1039 5398 σπούδαζε
1060 5375 1073 5400 ,
1097 5331 1156 5396 ὃς
1177 5333 1355 5386 πάντα
1374 5332 1466 5385 τὸν
1487 5333 1678 5402 χρόνον
1702 5332 1854 5386 ἔσται

277 5444 363 5480 σοι
400 5426 637 5498 ἀρωγός.

363 5541 637 5612 Ἀδελφοί
664 5541 734 5594 ἐν
758 5541 1046 5609 ἀνάγκαις
1075 5540 1360 5610 χρήσιμοι
1382 5539 1661 5594 ἔστωσαν
1679 5557 1692 5571 ·
1717 5541 1854 5594 τού-

280 5651 389 5689 του
422 5633 532 5706 γὰρ
563 5634 738 5704 χάριν
767 5633 1111 5703 γεννῶνται.
1152 5634 1214 5686 ΟΞ
1247 5633 1304 5688 δὲ
1340 5633 1426 5687 διὰ
1461 5633 1558 5702 τὴν
1589 5634 1856 5702 ὀμοφυῖαν

283 5731 379 5785 καὶ
401 5730 460 5784 τὸ
481 5729 538 5782 ἓν
567 5731 646 5792 εἰς
675 5729 762 5783 τὸν
785 5730 918 5781 Θεὸν
950 5727 1113 5791 σέϐας
1134 5725 1372 5797 ἀδελφοὶ,
1403 5727 1629 5797 θάτερος
1647 5726 1858 5798 θατέρῳ

286 5821 550 5894 βοηθείτω
582 5823 640 5875 ὲν
677 5820 1057 5890 περιστάσεσιο
1089 5819 1280 5873 τούτου
1327 5819 1435 5892 γὰρ
1482 5819 1669 5873 ἕνεκεν
1717 5819 1858 5874 κατά

282 5933 342 5970 τε
367 5916 463 5988 τὴν
491 5914 652 5986 φύσιν
677 5914 770 5969 καὶ
800 5914 897 5985 τὴν
929 5913 1095 5985 χάριν
1113 5913 1174 5969 τὸ
1202 5914 1462 5984 συγγενὲς
1495 5911 1707 5985 ἔχουσιν
1734 5928 1745 5944 ⁸
1779 5913 1855 5967 ἵν’

1941 3323 2317 3396 deeipiendam
2394 3317 2918 3388 impediendamque
2995 3321 3367 3383 potestatem;
3421 3311 3516 3365 illa

1939 3432 2069 3471 vero
2103 3413 2529 3471 custodientem,
2581 3408 2831 3470 malum,
2881 3414 3068 3475 utpote
3110 3404 3380 3474 patienter
3402 3416 3520 3458 mo-

1941 3511 2078 3565 lesta
2126 3508 2420 3568 ferentem,
2469 3511 2524 3558 et
2559 3501 2636 3555 illi
2680 3500 2774 3570 qui
2807 3499 3060 3568 congerit
3103 3497 3211 3552 ista
3252 3496 3356 3550 sibi
3407 3510 3519 3550 non

1942 3601 2314 3662 resistentem,
2353 3596 2480 3650 talis
2531 3593 2760 3649 libidine
2789 3607 2970 3646 camus
3003 3601 3109 3653 est,
3137 3598 3191 3644 et
3223 3588 3345 3642 ideo
3378 3587 3521 3657 apud

1943 3692 2112 3748 Deum
2134 3691 2227 3760 qui
2255 3688 2512 3760 passione
2530 3701 2639 3740 non
2662 3691 2912 3738 movetur
2946 3682 3188 3736 odiosus.
3216 3699 3234 3731 ι
3260 3678 3346 3733 Vae
3373 3680 3521 3734 enim

1943 3784 2194 3852 iniquum
2231 3779 2546 3836 dicentibus
2575 3777 2803 3841 bonum,
2840 3784 2894 3829 et
2918 3774 3120 3828 bonum
3151 3773 3373 3825 malum.
3410 3791 3428 3824 ι

2018 3893 2296 3949 VERS.16.
2335 3890 2401 3946 Ut
2425 3890 2552 3962 quid
2585 3889 2902 3942 obvenerunt
2928 3886 3252 3956 imprudenti
3280 3885 3480 3940 divitiw
3504 3887 3529 3939 ?

1944 3990 2137 4044 Amens
2160 3988 2300 4041 enim
2338 3984 2659 4052 sapientiam
2681 3996 2993 4048 comparare
3027 3995 3129 4033 non
3152 3980 3363 4046 poterit.
3396 3976 3530 4044 Quae

1945 4096 2113 4137 causa
2166 4078 2388 4134 divitias
2428 4073 2749 4146 possidendi
2802 4073 2850 4126 ei
2907 4073 3001 4142 qui
3055 4073 3222 4126 Deum
3259 4071 3314 4124 in
3365 4069 3530 4124 corde

1946 4189 2053 4229 non
2079 4172 2294 4244 gestat?
2333 4169 2619 4240 Siquidem
2646 4169 2882 4224 cisbene
2922 4167 3000 4220 uti
3025 4164 3223 4220 nescit.
3256 4161 3360 4229 Qui
3383 4162 3528 4216 enim

1947 4265 2150 4322 ibidem
2175 4280 2286 4320 non
2307 4271 2486 4334 gestat
2520 4261 2696 4329 illum,
2737 4259 2832 4330 qui
2867 4259 3052 4313 lumen
3076 4264 3164 4312 est
3195 4254 3528 4326 prudentiae,

1943 4357 2211 4428 judicium
2257 4355 2400 4428 quod
2434 4354 2595 4428 pejus
2624 4368 2655 4407 a
2687 4351 2915 4408 meliore
2971 4349 3247 4405 discernit
3277 4347 3550 4401 obtinere-

1949 4467 2061 4506 non
2097 4451 2322 4522 poterit.

2027 4568 2135 4636 Qui
2166 4565 2334 4620 altam
2364 4563 2494 4632 facit
2526 4562 2741 4614 domum
2759 4555 3113 4628 suamquterit
3137 4553 3532 4614 contritionem;

1957 4669 2007 4718 et
2041 4661 2130 4729 qui
2152 4658 2220 4711 ad
2247 4654 2584 4724 disciplinam
2615 4667 2716 4706 non
2739 4658 2876 4703 recte
2908 4647 3072 4700 tendit
3105 4648 3158 4700 in
3188 4644 3330 4698 mala
3357 4643 3532 4700 cadat.

1953 4752 2057 4820 Qui
2089 4765 2250 4805 suutu
2301 4747 2510 4801 exaltat
2547 4743 2989 4808 tabernaculum,
3029 4749 3088 4794 ut
3124 4742 3370 4809 insurgat
3412 4737 3548 4792 aui-

1955 4859 2068 4905 ma,
2102 4856 2258 4897 suam
2306 4837 2585 4894 desiderat
2624 4835 2878 4902 ruinam;
2918 4843 2974 4888 et
3017 4833 3112 4904 qui
3150 4833 3372 4895 exinde,
3406 4845 3532 4884 car-

1954 4936 2064 4990 nali
2097 4932 2332 4986 amentia
2356 4929 2708 5012 prievalente,
2742 4941 2771 4981 a
2807 4925 3193 4997 cognoscendo
3222 4939 3349 5002 vere
3389 4923 3538 4978 bono

1957 5029 2273 5099 impeditur,
2300 5024 2354 5080 in
2395 5025 2656 5080 exitiosas
2691 5024 2990 5093 passiones
3023 5017 3249 5073 incidet.

1972 5248 1976 5251 ‘
2030 5237 2192 5291 Vens.
2243 5235 2331 5290 l7.
2379 5232 2445 5286 In
2493 5247 2646 5285 omne
2696 5240 2894 5296 tempus
2935 5228 3141 5281 amicus
3177 5227 3244 5280 sit
3273 5225 3384 5280 tibi.
3427 5225 3537 5278 Deo

1956 5331 2189 5386 dilectus
2223 5343 2349 5384 esse
2389 5327 2583 5388 stude,
2648 5323 2739 5392 qui
2789 5321 2938 5375 οιιιιιί
2985 5330 3232 5390 tempore
3278 5320 3384 5374 erit
3430 5317 3534 5380 tibi

1957 5423 2269 5479 auxiliator.

2032 5537 2255 5594 Fratres
2278 5539 2333 5590 in
2373 5532 2776 5590 necessitatibus
2816 5529 2978 5583 utiles
3005 5528 3111 5584 sint
3139 5543 3156 5582 :
3184 5528 3256 5581 ad
3276 5526 3374 5579 hoc
3388 5526 3535 5578 enim

1959 5631 2074 5686 nati
2096 5640 2238 5686 sunt.
2263 5629 2366 5695 Qui
2393 5625 2876 5695 consanguinitate
2899 5621 3202 5690 eademque
3220 5635 3347 5689 erga
3368 5618 3535 5672 Deum

1960 5724 2228 5794 religione
2267 5731 2396 5775 sunt
2447 5721 2647 5774 fratres
2695 5719 2752 5772 in
2809 5714 3240 5772 necessitatibus
3274 5712 3536 5766 auxilium

1962 5815 2301 5874 unusalteri
2346 5822 2608 5886 praestent
2636 5832 2648 5866 :
2681 5813 2748 5868 ad
2787 5813 2890 5866 hoc
2919 5811 3064 5866 cnim
3103 5818 3302 5864 natura
3331 5806 3543 5877 gratia-

1960 5927 2068 5982 quc
2109 5907 2506 5980 consanguinei
2546 5916 2698 5977 sunt,
2745 5915 2827 5973 ut,
2890 5905 3034 5962 sicut
3082 5905 3244 5959 unius
3293 5900 3564 5956 mettth
