4054 6496
585 387 724 450 1399

1878 394 2199 458 ΡΒΟΟΟΡΙ
2207 400 2231 457 Ι
2265 399 2510 460 GAZIEI

3720 402 3846 468 1400

575 501 859 571 corporis,
921 511 1084 573 caput
1132 503 1389 559 habentis
1449 503 1769 569 Christum,
1821 506 1878 562 in
1935 517 2146 579 tempor

2248 561 2250 574 ,
2283 513 2356 575 ὡς
2380 513 2497 576 ἑνὸς
2529 512 2666 584 μέλη
2702 513 2977 584 σώματος,
2996 513 3236 585 κεφαλὴν
3265 514 3482 584 ἔχοντος
3503 514 3596 568 τὸν
3619 515 3846 586 Χριστὸν

575 593 924 648 necessitatis
953 594 1056 648 sibi
1082 603 1278 648 mutuo
1305 595 1666 649 auxilieutnr.

651 683 811 736 Vnus.
843 683 930 737 18.
965 682 1054 735 Vir
1083 685 1339 753 insipiens
1368 685 1578 752 plaudit
1605 684 2004 757 congaudctque
2033 689 2154 751 sibi,

575 783 632 826 ut
654 776 742 844 qui
763 775 1043 842 sponsione
1066 777 1346 844 spopondit
1380 793 1478 846 pro
1502 777 1674 830 amico
1709 795 1826 832 suo.
1863 777 2035 834 Homo
2063 781 2156 850 qui

574 881 676 920 nec
713 883 811 921 sua
843 882 944 921 nec
977 869 1210 921 aliorum
1241 869 1528 922 commoda
1552 870 1696 939 sapit
1723 911 1738 933 ,
1770 871 1856 924 sui
1893 885 2084 926 amans
2103 881 2158 926 et

574 973 684 1014 non
727 958 836 1014 Deo
889 960 1164 1029 placitus,
1206 959 1417 1031 plaudit
1466 962 1688 1030 quidem
1735 971 1790 1016 et
1851 963 2158 1033 congaudet

575 1051 681 1106 sibi
716 1052 783 1106 de
818 1052 886 1107 iis
926 1069 1049 1122 qua:
1075 1054 1210 1108 dicit
1239 1063 1295 1107 et
1345 1054 1492 1124 agit:
1535 1055 2000 1125 quemadmodum
2049 1057 2153 1112 sibi

574 1148 882 1214 gratulatur
932 1145 999 1200 de
1054 1146 1336 1216 voluptate
1379 1147 1567 1200 carnis
1619 1162 1734 1201 suae
1776 1148 2012 1211 dilectae,
2056 1150 2154 1218 qui

571 1235 713 1290 hanc
762 1235 980 1290 tandem
1016 1236 1071 1289 in
1116 1247 1296 1290 actum
1340 1237 1687 1302 tradendam,
1725 1247 1785 1290 ut
1817 1240 2027 1293 virtute
2058 1239 2152 1294 de-

571 1327 768 1390 bitum,
811 1309 1064 1398 spondet,
1102 1344 1203 1384 nec
1234 1328 1301 1382 ad
1324 1329 1710 1384 mandatorum
1743 1334 2149 1387 exsecutionem

572 1434 690 1472 eam
719 1419 988 1474 stimulat.

639 1599 709 1654 Et
762 1620 920 1673 super
960 1603 1108 1658 labia
1141 1623 1242 1658 sua
1282 1607 1497 1676 viasque
1524 1623 1653 1662 suas
1685 1609 1857 1680 ignem
1888 1609 2150 1664 thesauri-

573 1705 680 1748 χαι.
717 1693 781 1748 Ει
808 1697 988 1752 verbis
1027 1708 1081 1751 et
1113 1699 1387 1761 moribus,
1422 1715 1518 1768 per
1543 1709 1712 1754 totam
1746 1701 1924 1771 ipsius
1955 1704 2143 1767 vitam,

573 1788 751 1851 ignem
799 1797 1064 1843 aeternum
1101 1790 1205 1842 sibi
1253 1791 1614 1856 thesaurizat,
1655 1794 1756 1848 etsi
1801 1793 1868 1849 de
1915 1794 1981 1850 iis
2024 1811 2149 1866 qua:

573 1880 689 1948 ipse
712 1887 932 1950 reputat
953 1883 1095 1936 bona
1126 1881 1361 1936 laetetur.

644 2058 808 2117 Vnus.
845 2062 932 2117 19.
971 2063 1076 2129 Qui
1097 2067 1326 2134 peccatis
1351 2066 1673 2134 delectatur,
1703 2068 1898 2139 gaudet
1931 2069 2150 2140 jurgiis.

571 2152 952 2210 Perversitatis
980 2171 1172 2213 amans
1204 2173 1477 2227 perversa:
1498 2175 1764 2215 sensuum
1789 2161 1924 2231 legis
1955 2161 2153 2216 adver-

570 2262 665 2300 sus
714 2248 942 2316 spiritus
1005 2250 1178 2321 legem
1249 2253 1554 2310 rebellione
1601 2256 1804 2326 gaudet
1865 2255 2155 2326 ipsamque

570 2340 782 2408 peccati
816 2340 1219 2410 iustigatricem
1249 2331 1691 2410 sensualitatem,
1718 2347 1920 2417 spiritu
1951 2345 2152 2401 fortio-

570 2448 680 2484 rem
719 2432 980 2502 reddens,
1015 2451 1171 2489 suam
1201 2438 1501 2506 perniciem
1526 2441 1744 2509 quierit.

640 2656 745 2722 Qui
792 2658 997 2711 exultat
1035 2661 1228 2712 ostium
1276 2675 1458 2728 suum,
1488 2663 1678 2728 quwrit
1721 2662 1957 2716 ruinam.
1999 2661 2155 2719 Sicut

568 2751 713 2803 enim
745 2749 1098 2818 voluptarius
1122 2765 1152 2803 a
1181 2749 1291 2806 Deo
1322 2764 1547 2822 propter
1565 2754 1752 2809 carnis
1778 2754 2007 2811 delicias
2037 2755 2153 2812 dis-

565 2841 734 2904 cedit,
761 2841 834 2893 ita
867 2849 922 2893 et
953 2843 1248 2909 superbus,
1291 2853 1514 2912 propter
1545 2843 1738 2897 animae
1759 2845 2150 2913 ignorantiam,

566 2930 736 2986 Deum
784 2929 1054 2985 bonorum
1085 2932 1330 2985 omnium
1368 2943 1653 2988 auctorem
1694 2949 1818 2989 esse
1868 2937 2148 3003 nesciens,

567 3022 802 3091 ideoque
825 3022 930 3076 sibi
967 3037 1195 3093 magnos
1218 3039 1514 3081 successus
1547 3026 1895 3082 adscribens.

641 3135 803 3189 Vens.
831 3134 922 3189 20.
955 3134 1060 3202 Qui
1090 3135 1224 3190 duro
1265 3136 1422 3191 corde
1451 3147 1556 3204 est,
1585 3155 1689 3192 non
1713 3139 1944 3192 occurrit
1972 3139 2146 3196 bouis.

2268 603 2514 677 βοηθοῖεν
2551 605 2802 676 ἀλλήλοις
2841 608 2900 660 ἐν
2937 607 3128 678 χρείας
3165 605 3364 678 καιρῷ.

2338 697 2428 769 ιη’.
2463 697 2636 767 Ἀνὴρ
2661 698 2868 768 ἄφρων
2907 683 3212 767 ἐπικροτεῖ
3254 700 3351 753 καὶ
3391 700 3695 767 ἐπιχαίρει
3719 701 3845 755 ἑαυ-

2263 792 2363 857 τῷ,
2388 793 2469 859 ὡς
2497 793 2594 847 καὶ
2624 793 2999 864 ἐγγυώμενος
3024 794 3209 864 ἐγγύῃ
3241 792 3348 847 τὸν
3370 793 3596 848 ἑαυτοῦ
3648 796 3841 862 φίλον.

2269 886 2590 957 Ἀνθρωπος
2619 888 2646 940 ὁ
2684 887 2759 958 μὴ
2785 887 3002 957 φρονῶν
3029 888 3099 941 τὰ
3131 886 3311 957 ἑαυτῷ
3337 887 3432 940 καὶ
3467 886 3683 958 ἑτέροις
3717 905 3844 958 συμρ

2265 980 2521 1051 φέροντα,
2553 981 2898 1051 αὑτάρεσκος
2949 982 3212 1052 ὑπάρχων
3259 982 3354 1035 καὶ
3412 981 3490 1052 μὴ
3535 981 3840 1050 θεάρεοτος,

2263 1072 2630 1141 ὲπικαυχᾶται
2663 1073 2760 1141 μὲν
2788 1074 2883 1126 καὶ
2912 1073 3266 1144 εὐφραίνεται
3299 1072 3502 1142 ἑαυτῷ,
3534 1071 3627 1141 ἐφ’
3653 1068 3736 1134 οἷς
3763 1073 3839 1125 λέ-

2261 1178 2348 1231 γει
2389 1180 2448 1216 τε
2497 1164 2594 1217 καὶ
2639 1167 2822 1228 πειεῖ,
2881 1165 3134 1236 καθάπερ
3177 1164 3580 1235 ἐπαγγέλλεται
3617 1167 3686 1234 τῇ
3733 1165 3836 1233 ἡδυ-

2260 1257 2464 1327 παθείᾳ
2479 1256 2575 1309 τοῦ
2595 1255 2927 1327 προσφιλοῦς
2951 1255 3118 1310 αὐτοῦ
3142 1257 3393 1328 σαρκίον,
3411 1257 3509 1310 καὶ
3523 1259 3553 1310 ὁ
3574 1255 3738 1309 τοῦτο
3756 1258 3838 1309 ἐπὶ

2258 1347 2402 1401 τέλει
2452 1349 2743 1403 ἀποδοῦναι
2774 1350 2916 1404 κατὰ
2949 1347 3150 1420 πρᾶξιν
3196 1349 3256 1403 τὸ
3304 1350 3466 1420 χρέος
3498 1350 3601 1418 τῆς
3647 1349 3836 1420 ἀρετῆς

2257 1436 2628 1508 ἐγγυώμενος,
2659 1439 2752 1491 καὶ
2786 1438 2862 1509 μὴ
2888 1437 3205 1510 διερεθίζων
3234 1440 3368 1493 αὐτὸ
3397 1439 3535 1510 πρὸς
3584 1440 3834 1509 ἐργασίαν

2257 1527 2366 1578 τῶν
2405 1527 2657 1583 ἐντολῶν.

2340 1615 2471 1670 Ἐπὶ
2503 1616 2572 1670 δὲ
2596 1618 2717 1672 τῶν
2746 1619 2965 1674 ἑαυτοῦ
2994 1618 3245 1689 χειλέων
3277 1620 3376 1673 καὶ
3409 1619 3570 1674 ὁδῶν
3595 1620 3714 1688 πῦρ
3739 1622 3834 1686 θη-

2255 1706 2539 1774 σαυρίζει.
2575 1708 2663 1760 Ἐν
2706 1708 2764 1761 δὲ
2807 1711 2918 1773 τοῖς
2945 1707 3076 1780 παρ’
3100 1709 3226 1779 ὃλην
3257 1710 3424 1763 αὐτοῦ
3453 1710 3553 1781 τὴν
3583 1709 3726 1780 ζωὴν
3754 1710 3833 1762 λό-

2253 1815 2372 1865 γοις
2402 1815 2462 1851 τε
2493 1798 2588 1851 καὶ
2616 1799 3038 1871 ἐπιτηδεύμασι,
3069 1801 3131 1854 τὸ
3160 1799 3377 1855 αἰώνιον
3409 1802 3830 1874 ἅποθησαυρῖζει

2189 1890 2230 1945 Β
2259 1890 2372 1962 πῦρ
2406 1890 2582 1961 ἐαυτῷ
2602 1933 2616 1957 ,
2649 1891 2752 1944 κᾶν
2782 1894 2948 1965 χαίρῃ
2991 1893 3086 1947 ἐπὶ
3122 1894 3331 1958 τούτοις
3359 1894 3435 1960 ὡς
3466 1897 3831 1966 νομιζομένοις

2257 1983 2406 2053 αὐτῷ
2444 1985 2694 2052 ἀγαθοῖς.

2331 2072 2415 2125 t0'.
2457 2076 2931 2146 Φιλαμαρτήμων
2952 2076 3146 2146 χαίρει
3161 2076 3403 2146 μάχαις.
3435 2078 3495 2131 ὐ
3519 2079 3619 2149 τῆς
3647 2078 3831 2142 κακίας

2256 2165 2487 2237 ἐραστὴς
2539 2168 2968 2239 ὲπευφραίνεται
3021 2172 3141 2232 ταῖς
3193 2170 3512 2241 κατάὑτὴν
3551 2171 3649 2224 τοῦ
3679 2173 3830 2241 νόμον

2254 2257 2354 2327 τῆς
2384 2257 2689 2329 αἰσθήσεως
2719 2261 2856 2333 πρὸς
2888 2261 2980 2314 τὸν
3027 2262 3194 2333 νόμον
3227 2260 3324 2315 τοῦ
3368 2263 3494 2326 νοὸς
3543 2266 3830 2317 ἀντικατα-

2257 2350 2532 2415 στάσεσιν,
2566 2351 2662 2404 καὶ
2708 2352 2880 2424 αὐτὴν
2935 2353 3032 2425 τὴν
3079 2355 3182 2424 τῆς
3231 2355 3510 2426 ἁμαρτίας
3537 2356 3830 2424 εἰσαγωγὺν

2255 2440 2507 2511 αἴσθησιν
2552 2443 3020 2514 ἐπικρατεστέραν
3066 2446 3238 2498 ποιῶν
3275 2446 3370 2499 τοῦ
3402 2445 3544 2511 νοὸς,
3591 2449 3832 2518 ἐπιζητεῖ

2253 2533 2353 2604 τὴν
2395 2534 2530 2588 ἰδίαν
2569 2536 2872 2593 ἀπώλειαν.

2336 2648 2542 2718 Tit-(Iw
2569 2652 2759 2719 θύραν
2785 2653 3028 2720 ἑαυτοῦ,
3071 2652 3234 2722 ζητεῖ
3250 2655 3606 2722 συντριϐήν.
3631 2656 3830 2726 Ὥσπερ

2252 2744 2360 2815 γὰρ
2405 2747 2433 2797 ό
2475 2745 2792 2814 φιλήδονος,
2822 2746 2958 2800 Θεοῦ
2987 2747 3277 2815 ἀφίσταται
3325 2747 3415 2801 διὰ
3461 2749 3672 2820 σαρκὸς
3711 2749 3830 2819 i369-

2255 2837 2486 2908 πάθειαν
2513 2854 2526 2868 ο
2559 2838 2701 2890 οὓτω
2723 2839 2817 2892 καὶ
2838 2841 2866 2892 ὁ
2895 2840 3260 2910 αύτάρεσκος,
3293 2840 3381 2894 διὰ
3411 2841 3594 2910 ψυχῆς
3617 2840 3829 2909 ἄγνοιαν

2257 2927 2331 3000 μὴ
2363 2928 2516 2992 εἰδὼς
2549 2931 2682 2984 Θεὸν
2713 2925 2853 2984 εἶναι
2885 2933 3106 2985 πάντων
3132 2931 3239 2986 τῶν
3267 2932 3450 2986 καλῶν
3475 2934 3688 3001 αἴτιον,
3712 2934 3830 2986 κάν-

2250 3021 2442 3074 τεῦθεν
2481 3023 2660 3093 ἑαυτῷ
2697 3024 3021 3094 ἐπιγράφων
3056 3024 3127 3078 τὰ
3159 3023 3586 3096 κατορθώματα.

2321 3144 2390 3190 κ’.
2429 3135 2490 3190 '0
2520 3135 2589 3190 δὲ
2629 3138 3109 3207 σκληροκάρδιος
3129 3178 3144 3203 ,
3173 3141 3244 3193 οὐ
3267 3119 3546 3207 συναντᾷ
3571 3140 3826 3210 ἀγαθοῖς.

565 3220 668 3286 Qui
698 3223 998 3276 secundum
1035 3226 1274 3278 animam
1306 3226 1387 3281 sic
1416 3227 1722 3283 indurescit
1751 3236 1805 3282 et
1832 3239 2026 3283 contra
2056 3231 2143 3284 di-

2257 3229 2315 3282 Ὀ
2342 3229 2387 3282 δ’
2408 3229 2549 3282 οὕτω
2572 3230 2713 3284 κατὰ
2738 3230 2918 3301 ψυχὴν
2949 3231 3408 3302 σκληρυνόμενος,
3438 3234 3537 3285 καὶ
3571 3235 3705 3304 πρὸς
3728 3234 3825 3298 τὰς

564 3315 723 3369 vinas
753 3315 899 3384 leges
922 3317 1262 3382 recitleitrat,
1290 3319 1639 3374 obvenientia
1673 3320 1841 3390 justis
1865 3322 2008 3376 bona
2033 3338 2144 3376 non

565 3404 856 3458 obtinebit.

649 3514 739 3567 l’ir
775 3516 954 3586 lingua
989 3517 1278 3582 versatilis,
1326 3519 1524 3574 incidet
1569 3523 1622 3575 in
1666 3525 1834 3580 mala.
1867 3524 1971 3590 Qui
2012 3541 2144 3581 suas

566 3620 690 3658 (ιιι-ιιι
726 3603 836 3661 Deo
867 3610 1284 3672 conventiones,
1320 3609 1375 3663 in
1411 3621 1728 3667 sanctorum
1765 3617 1944 3685 ipsius
1987 3633 2145 3671 man—

567 3695 820 3752 datorum
863 3699 1248 3756 observatione
1297 3714 1632 3774 constantes,
1671 3716 1870 3772 mutat,
1919 3710 1972 3762 in
2019 3725 2145 3780 pas-

567 3789 753 3844 siones
782 3789 1097 3861 ignominiaa
1124 3793 1366 3848 decidet.

638 3901 802 3955 Vens.
837 3901 929 3956 2L
985 3902 1091 3958 Cor
1128 3917 1307 3960 autem
1335 3909 1636 3978 insipientis
1671 3915 1770 3965 erit
1820 3914 2140 3981 possidentis

563 3992 699 4046 illud
735 3996 1014 4051 utrestilia.
1050 3997 1249 4052 Anima
1283 3998 1403 4069 ejus
1419 4002 1512 4071 qui
1539 4002 1702 4056 Deum
1735 4019 1836 4058 nec
1869 4005 2019 4058 timet
2040 4020 2144 4060 nec

563 4081 743 4151 diligit
775 4084 1009 4153 ideoque
1035 4087 1182 4140 circa
1211 4090 1468 4146 mandata
1499 4095 1734 4161 superba
1755 4094 2144 4164 dedignatione

562 4181 672 4236 est,
705 4175 988 4231 continuis
1027 4179 1382 4234 conscientia:
1402 4185 1938 4254 exprobrationibns,
1968 4187 2144 4256 ipsius

565 4264 734 4319 ultrix
769 4265 903 4319 erit.

635 4375 762 4430 Non
801 4377 1018 4432 [celatur
1057 4393 1209 4448 pater
1243 4385 1306 4437 de
1335 4384 1453 4454 ﬁlio
1483 4387 1902 4456 indisciplinato.
1934 4391 2142 4463 Impru-

560 4468 712 4523 deuti
759 4471 1194 4530 ratiocinatione
1236 4492 1345 4531 non
1392 4481 1596 4550 gaudet
1639 4485 1878 4552 animus,
1919 4488 2046 4557 quia
2076 4506 2139 4544 ex

2249 3320 2401 3384 θείας
2431 3321 2740 3375 ἀντιτυπῶν
2778 3324 2997 3385 ἐντολὰς
3016 3362 3031 3388 ,
3061 3323 3169 3377 τῶν
3199 3325 3579 3395 ἀποκειμένων
3605 3327 3718 3388 τοῖς
3752 3326 3828 3379 δι-

2246 3417 2424 3481 καίοις
2461 3419 2564 3471 οὐκ
2600 3419 2863 3490 ἐπιτυχὴς
2899 3419 3108 3488 γίνεται
3145 3419 3388 3489 ἀγαθῶν.

2330 3531 2509 3599 Ἀνὴρ
2551 3532 2953 3600 εὐμετάϐολος
2995 3532 3246 3610 γλώσσῃ
3274 3575 3287 3596 ,
3344 3533 3697 3603 ἐμπεσεῖται
3747 3537 3824 3600 εἰς

2245 3622 2420 3680 κακά.
2457 3624 2516 3676 Ὀ
2565 3624 2802 3688 εὐκόλως
2849 3624 3078 3678 ἀλλοιῶν
3126 3625 3227 3688 τὰς
3277 3627 3357 3689 είς
3395 3627 3531 3680 Θεὸν
3562 3627 3825 3696 συνθήκας

2244 3715 2428 3780 αὐτοῦ,
2460 3715 2517 3768 αἳ
2548 3716 2805 3787 τηρήσεις
2835 3717 2944 3771 τῶν
2989 3717 3159 3786 ἁγίων
3196 3718 3366 3772 αὐτοῦ
3397 3720 3541 3773 εἰσιν
3580 3718 3820 3782 ἐντολῶν,

2245 3806 2477 3860 πάθεσιν
2511 3810 2737 3878 ἀτιμίας
2776 3813 3178 3880 περιπεσεῖται.

2316 3927 2421 3974 καν.
2461 3921 2685 3989 Καρδία
2735 3920 2804 3974 δὲ
2847 3922 3129 3992 ἄφρονος,
3163 3924 3351 3993 ὀδύνη
3375 3925 3458 3991 τῷ
3486 3927 3821 3997 κεκτημένῳ

2245 4012 2458 4079 αὑτήν.
2499 4013 2564 4066 Ἠ
2596 4013 2742 4084 ψυχὴ
2771 4014 2866 4068 τοῦ
2894 4016 2968 4087 μὴ
2998 4017 3160 4086 φόϐον
3195 4016 3339 4070 θεῖον
3368 4021 3715 4091 κεκτημένου
3735 4022 3814 4072 καὶ

2245 4105 2408 4159 πόθον
2428 4146 2443 4171 ,
2483 4107 2776 4162 κάντεῦθεν
2803 4110 3291 4183 καταφρονητικῶς
3322 4111 3677 4183 διακειμένου
3703 4114 3814 4184 περὶ

2242 4198 2342 4262 τὰς
2371 4200 2609 4269 ἐντολὰς,
2639 4203 2878 4273 τιμωρὸς
2905 4202 3052 4257 ἔσται
3083 4203 3250 4257 αὐτοῦ
3276 4207 3387 4270 τοῖς
3407 4205 3502 4259 τοῦ
3528 4207 3816 4269 συνειδότος

2246 4290 2546 4355 ἀνενδότοις
2587 4291 2849 4362 ἐλέγχοις.

2318 4405 2440 4457 Οὐκ
2484 4397 2860 4474 εὐφραίνεται
2919 4406 3116 4477 πατὴρ
3177 4407 3275 4462 ἐπὶ
3316 4408 3426 4474 υἱῷ
3463 4409 3817 4476 ἀπαιδεύτῳ.

2245 4495 2322 4548 Οὐ
2355 4496 2534 4565 χαίρει
2562 4496 2687 4560 νοῦς
2727 4499 2820 4550 ἐπὶ
2865 4497 3110 4572 λογισμῷ
3172 4501 3439 4573 ἀσυνέτῳ,
3489 4503 3577 4574 ὂξτι
3631 4506 3697 4557 ὲκ
3727 4506 3818 4575 τῆς

559 4560 926 4616 seusualitate
958 4563 1271 4634 subadjuva
1305 4569 1551 4638 spuriam
1585 4572 1799 4642 sibique
1841 4575 2146 4633 absimilem

563 4645 704 4669 ειι---.
739 4650 924 4669 _-_-_!.

2252 4560 2573 4659 ὑπηρέτιδος
2608 4589 2796 4643 τούτου
2837 4560 3166 4664 αἰσθήσεως,
3195 4595 3350 4650 νόθον
3385 4560 3480 4649 καὶ
3505 4568 3707 4669 ’ἐαυτῷ
3733 4560 3818 4652 cii;-

561 4645 708 4700 illam
733 4650 950 4718 genuit.

635 4776 813 4834 Filius
854 4793 1030 4836 autent
1064 4786 1275 4854 sapiens
1309 4803 1458 4842 suam
1488 4801 1710 4845 matrem
1739 4794 2007 4863 lmti/icat.
2038 4794 2138 4850 Ju-

559 4869 762 4924 dicium
809 4882 990 4927 autem
1037 4877 1305 4944 prudens,
1345 4883 1605 4949 operibus
1636 4883 1864 4952 iustitiae
1901 4885 2139 4942 iazt'iﬁcat

559 4960 1067 5034 sapientiam,quze,
1095 4982 1158 5020 ex
1196 4969 1380 5023 animo
1427 4977 1714 5038 consorte,
1747 4975 1903 5041 illud,
1929 4992 2131 5046 praece-

557 5056 650 5118 pta
678 5049 855 5120 ipsius
885 5055 1071 5108 omnia
1103 5057 1410 5127 complens,
1445 5063 1675 5131 peperit.

626 5252 795 5311 Vens.
823 5254 914 5310 22.
947 5254 1053 5311 Cor
1086 5256 1268 5311 (rerum
1302 5259 1479 5314 valere
1507 5261 1658 5330 facit.
1697 5265 1891 5318 Anima
1919 5283 2134 5338 semper

554 5343 958 5416 laztatanquam
989 5347 1548 5408 indesinenternrans
1583 5363 1641 5408 ut
1674 5373 1782 5410 non
1821 5375 1999 5424 suam,
2037 5360 2129 5413 sed

554 5437 728 5494 solam
768 5438 862 5494 Dei
911 5441 1249 5496 voluntatem
1293 5454 1539 5513 qumrat,
1594 5447 1826 5517 ideoque
1873 5451 1926 5503 in
1982 5452 2130 5505 omni

552 5529 994 5597 circumstantia,
1021 5545 1073 5588 et
1103 5535 1148 5588 si
1174 5535 1353 5591 tristis
1381 5547 1548 5602 esset,
1574 5539 1778 5609 gratias
1809 5550 1954 5611 agat,
1975 5543 2128 5598 vale-

552 5620 796 5679 tudinem
830 5625 947 5680 suis
969 5628 1230 5695 potentiis
1258 5629 1490 5685 confert.

625 5825 866 5883 [laminis
901 5841 1077 5884 autem
1134 5835 1300 5887 tristis
1343 5835 1684 5890 ea‘siccantur
1737 5856 1882 5896 ossa.
1927 5839 2120 5897 Mentis

2245 4677 2434 4748 όμοιον
2459 4677 2648 4733 τοῦτον
2683 4681 2973 4735 ἀπέτεκεν.

2320 4790 2455 4856 Υἱὸς
2490 4790 2558 4846 δὲ
2611 4794 2920 4864 φρόνιμος.
2977 4798 3283 4866 εὐφραίνει
3328 4800 3561 4868 μητέρα
3608 4803 3812 4858 αὐτοῦ.

2241 4882 2518 4952 Λογισμὸς
2545 4883 2589 4936 δ’
2623 4885 2892 4954 ἐχέφρων,
2923 4888 3117 4960 τέρπει
3138 4889 3226 4943 διὰ
3253 4891 3362 4944 τῶν
3399 4891 3499 4962 τῆς
3531 4893 3810 4946 δικαιοσύο

2239 4990 2335 5042 νης
2373 4973 2550 5044 ἔργων
2605 4976 2704 5046 τὴν
2761 4979 3134 5034 ἀποτεκοῦσαν
3187 4981 3372 5036 τοῦτον
3426 4985 3678 5039 σύνοικον
3727 4986 3812 5040 τοῦ

2239 5062 2331 5116 νοῦ
2384 5066 2610 5134 σοφίαν,
2665 5067 2765 5133 τὰς
2817 5071 3105 5143 ὑποθήκας
3169 5075 3372 5148 ταύτης
3432 5078 3619 5142 πάσας
3676 5081 3812 5150 πλη-

2242 5172 2372 5227 ρων.

2307 5274 2411 5345 κβ’.
2457 5277 2680 5345 Καρὸἰα
2701 5284 3164 5355 εὐφραινομένη,
3193 5290 3459 5344 εὐεκτεῖν
3491 5291 3673 5348 ποιεῖ.
3695 5294 3808 5346 Ψυ-

2235 5366 2303 5438 χὴ
2349 5369 2578 5423 πάντοτε
2609 5373 2894 5445 χαίρουσα,
2918 5377 2994 5440 ὡς
3012 5378 3368 5443 ἀδιαλείπτως
3395 5385 3806 5453 προσευχομένη

2233 5458 2399 5512 διὰτὸ
2428 5461 2502 5533 μὴ
2540 5463 2600 5516 τὸ
2638 5465 2788 5529 ἴδιον,
2817 5467 2954 5520 ἀλλὰ
2986 5471 3145 5540 μόνον
3195 5473 3256 5524 τὸ
3293 5472 3386 5524 τοῦ
3429 5473 3565 5526 Θεοῦ
3625 5474 3806 5544 ζητεῖν

2233 5549 2445 5622 θέλημα
2471 5571 2484 5583 ·
2511 5556 2804 5610 κάντεῦθεν
2838 5563 2894 5612 ἐν
2919 5564 3083 5616 παντὶ
3114 5566 3504 5635 συναντήματι,
3529 5566 3633 5620 κᾶν
3655 5569 3803 5621 ἀνια-

2235 5643 2326 5710 ρὸν
2365 5644 2448 5713 εἴη
2479 5646 2843 5718 εὐχαριστεῖν,
2887 5652 3160 5707 ἀπάθειαν
3212 5657 3332 5718 ταῖς
3393 5658 3598 5727 ἑαυτῆς
3653 5676 3803 5729 περι-

2233 5738 2463 5788 ποιεῖται
2489 5738 2776 5810 δυνάμεσι.

2311 5846 2544 5916 Ἀνδρος
2571 5851 2639 5904 δὲ
2659 5856 2937 5920 λυπηροῦ
2977 5857 3320 5928 ξηραίνεται
3365 5860 3537 5918 ὀστᾶ.
3593 5861 3698 5915 Τοῦ
3738 5861 3791 5914 δὲ
