4054 6534
221 414 355 478 1401

1317 408 1859 472 COMMENTARII
1899 408 1981 469 IN
2021 406 2476 468 PROVERBIA.

214 528 625 604 προσκειμένου
654 526 776 589 νοὸς
808 524 1188 597 προσκαίροις,
1234 524 1330 580 καὶ
1374 525 1470 579 ἐπὶ
1496 527 1562 597 τῇ
1592 524 1785 577 τούτωι

1902 521 2269 593 praesentibus
2330 521 2670 592 subiacentis
2710 530 2765 578 et
2807 523 2876 579 de
2915 538 3109 579 eorum
3174 524 3476 579 amissione

212 622 523 692 ἀνιωμένου
547 620 743 691 φθορᾷ,
766 618 837 672 τά
865 620 1048 702 διανοή
1060 635 1231 687 ματα,
1258 618 1295 673 ἃ
1316 618 1473 689 δίκην
1500 618 1675 671 ὀστῶν
1700 617 1799 670 αὑ-

210 716 309 769 τὸν
331 714 703 786 ὑπερείδουσι,
735 712 836 783 τῆς
860 710 1134 780 ζωογόνου
1161 710 1540 781 πνευματικῆς
1592 708 1797 772 νοτίδος

210 808 563 879 ἐστέρηνται.

284 921 391 989 κγ’.
427 916 759 987 Λαμϐάνων
789 915 949 985 δῶρα
974 916 1044 969 ἐν
1069 918 1275 981 κόλπῳ
1290 915 1528 983 ἀδίκως,
1550 918 1623 971 οὐ
1653 934 1795 972 κατ-

208 1013 533 1068 ευοδοῦται
559 1013 627 1065 ἐν
679 1009 843 1077 ὁδοῖς
866 1025 880 1041 ·
913 1009 1180 1064 ἐκκλίνει
1212 1008 1323 1080 γὰρ
1357 1008 1538 1076 ὀδοὺς
1578 1008 1798 1063 δικαιο-

209 1108 431 1175 σύνης.
473 1106 532 1161 Ὀ
579 1103 1032 1176 παραλαμϐάνων
1098 1105 1236 1174 μετά
1299 1103 1682 1175 περιχαρείας,
1719 1102 1796 1166 ὥς

205 1216 332 1252 τινα
362 1198 532 1268 δῶρα,
574 1197 632 1249 ἐν
670 1195 750 1266 τῷ
779 1194 923 1247 κατά
956 1193 1196 1248 διάνοιαν
1225 1193 1439 1265 ταμείῳ
1485 1195 1584 1265 τῆς
1618 1193 1794 1265 ψυχῆς

205 1290 544 1361 ἀδιακρίτως
581 1289 683 1352 τάς
716 1288 826 1342 τῶν
866 1290 1137 1360 δαιμόνων
1174 1289 1461 1358 ἀπατηλὰς
1488 1288 1790 1357 ὑποθήκας,

206 1384 310 1454 οὐχ
337 1383 586 1455 εὑρίσκει
618 1383 676 1435 ἐν
707 1385 827 1445 ταῖς
867 1381 1036 1436 αὑτοῦ
1084 1381 1315 1453 πράξεσι
1351 1381 1504 1446 τέλος
1555 1382 1620 1435 τὸ
1652 1382 1794 1450 ἀγα-

208 1478 334 1530 θόν’
362 1478 665 1546 ἐπειδήπερ
729 1474 1101 1546 ἀπολιμπάνει
1160 1475 1259 1538 τὰς
1301 1474 1647 1545 δικαιοτέρας
1696 1474 1792 1529 τοῦ

205 1571 344 1624 Θεοῦ
391 1570 646 1635 ἐντολὰς,
673 1568 731 1625 αἱ
783 1569 923 1640 πρὸς
968 1568 1403 1636 αὑτὸννάγουσιν
1447 1568 1523 1632 ὡς
1564 1568 1792 1640 ἔσχατον

204 1663 457 1732 ὀρεκτόν.

270 1780 378 1834 κδ’.
429 1780 761 1847 Πρόσωπον
806 1779 1089 1841 συνετὸν,
1144 1777 1366 1846 ἀνδρὸς
1426 1778 1644 1848 σοφοῦ.
1682 1778 1790 1831 Τοῦ

1897 614 2139 669 dolentis
2186 614 2591 683 cogitationes,
2642 630 2765 685 quae
2796 615 2949 669 velut
2983 630 3110 672 nssa
3154 615 3477 671 suffulciunt

1896 707 2068 773 illam,
2102 707 2413 763 viviﬁcante
2444 706 2673 778 spiritus
2702 707 2932 765 bumore
2969 709 3365 765 destituuntur.

1978 932 2134 974 Vsus.
2156 918 2248 973 25.
2274 927 2341 972 In
2365 919 2486 972 sinu
2516 935 2735 973 munera
2771 919 3021 990 colligens
3051 920 3265 990 injuste,
3286 922 3341 975 in
3375 923 3473 975 viis

1897 1030 2003 1068 non
2031 1023 2387 1084 prosperatur
2418 1028 2436 1067 :
2464 1016 2697 1069 declinat
2724 1017 2863 1070 enim
2908 1035 2939 1071 a
2973 1018 3069 1071 viis
3088 1017 3335 1085 justitiw.
3369 1018 3472 1083 Qui

1894 1121 2020 1160 cum
2042 1105 2417 1161 exsultatione
2431 1105 2579 1160 velut
2604 1107 2849 1177 quadam
2869 1110 3011 1161 dona
3032 1108 3085 1161 in
3111 1106 3471 1163 intellectuali

1896 1197 2095 1252 anima:
2144 1196 2457 1251 conditorio
2494 1196 2719 1253 fallaces
2768 1196 3032 1254 daemonis
3079 1198 3473 1253 instructiones

1896 1290 2194 1345 indiscrete
2225 1291 2441 1360 recipit,
2469 1290 2528 1344 in
2563 1291 2826 1361 operibus
2869 1293 2986 1346 suis
3017 1307 3125 1347 non
3156 1291 3365 1346 invenit
3391 1292 3474 1346 fe-
3502 1364 3505 1373 1

1894 1382 2055 1437 licem
2080 1382 2288 1438 exitum
2316 1401 2331 1450 ;
2362 1382 2635 1453 siquidem
2665 1385 3356 1455 transgrediturjusliores
3379 1385 3474 1440 Dei
3502 1378 3505 1417 Ῡ

1894 1476 2042 1546 leges
2092 1490 2215 1545 qua:
2251 1476 2315 1528 ad
2364 1476 2519 1530 illum
2555 1483 2819 1546 tanquam
2856 1475 2925 1530 ad
2955 1476 3322 1532 desideratum
3365 1468 3506 1531 εει-ι’

1894 1566 2104 1621 minum
2134 1567 2364 1621 ducunt.

1966 1770 2133 1827 Vens.
2183 1771 2275 1828 24.
2336 1772 2584 1828 Hominis
2626 1775 2885 1839 sapientis
2930 1775 3099 1844 facies
3150 1776 3468 1848 intelligens.

205 1870 425 1941 ἔχοντος
446 1870 538 1923 τὸν
561 1868 655 1924 τοῦ
686 1867 823 1923 Θεοῦ
852 1869 1047 1938 Λόγον,
1076 1867 1176 1940 τὴν
1206 1869 1539 1937 αὑτοσοφίαν
1554 1868 1785 1933 ένοικον,

1890 1863 2042 1920 Illius
2064 1865 2155 1934 qui
2179 1864 2274 1920 Dei
2301 1866 2565 1930 Verbum,
2597 1867 2923 1938 sapientiam
2960 1869 3156 1938 ipsam,
3193 1871 3245 1924 in
3274 1880 3473 1927 semet-

205 1962 639 2034 συνεσταλμένος
664 1962 692 2014 ὁ
724 1961 837 2033 βίος
856 1978 872 1994 ·
907 1962 964 2025 ὃς
999 1962 1100 2033 τὴν
1126 1963 1307 2032 ἀφανῆ
1331 1962 1432 2031 τῆς
1462 1961 1642 2032 ψυχῆς
1686 1978 1787 2031 χα-

207 2057 533 2130 ρακτηρίζει
567 2055 847 2109 διάθεσινο
890 2054 1179 2126 ἐγκρατῶς
1235 2055 1334 2124 μὲν
1386 2056 1501 2117 τοῖς
1549 2052 1787 2122 παροῦσι

201 2144 519 2215 χρωμένου,
554 2143 663 2196 τῶν
686 2142 744 2195 δὲ
774 2142 1083 2214 μελλόντων
1124 2143 1323 2208 ὑλικῶς
1354 2145 1540 2215 τυχεῖν
1586 2145 1786 2211 ἀγωνι-

201 2236 265 2301 ξο
274 2237 461 2307 μένου.

267 2356 334 2407 Οἱ
369 2351 438 2405 δὲ
466 2351 763 2421 ὀφθαλμοί
787 2351 897 2406 τοῦ
929 2350 1215 2421 ἄφρονος,
1240 2352 1335 2405 ἐπ’
1364 2351 1518 2421 ἄκρα
1547 2351 1682 2423 τῆς.
1718 2354 1784 2407 Ai

197 2445 244 2498 δ’
273 2444 427 2513 ὄψεις
458 2445 552 2497 τοῦ
592 2444 668 2514 μὴ
712 2443 845 2497 Θεὸν
886 2443 1279 2516 περιφέροντος
1335 2446 1394 2498 ἐν
1444 2446 1664 2517 καρδίᾳ,
1718 2445 1787 2499 τὰ

199 2538 424 2610 πέρατα
470 2536 824 2590 διασκοποῦσι
891 2537 995 2607 τῆς
1044 2538 1182 2607 γῆς,
1214 2538 1262 2591 εί
1307 2536 1530 2591 δυνατὸν
1582 2537 1787 2608 ταύτην

198 2630 544 2721 περιλαϐεῖν,
572 2633 667 2684 καὶ
697 2631 880 2700 πάσης
908 2632 1172 2685 δεσπόσαι
1209 2632 1404 2702 αὑτῆς.

273 2752 377 2800 κε’.
418 2744 597 2814 Ὀργὴ
630 2744 830 2813 πατρί,
874 2745 1006 2812 υίὸς
1045 2744 1270 2814 ἄφρων.
1320 2744 1396 2797 Τὸ
1434 2743 1556 2799 κατ’
1587 2744 1784 2798 ἐπιθυ-

200 2840 336 2911 μίαν
371 2840 738 2911 ὑφιστάμενον
775 2840 1047 2910 διανόημα
1073 2841 1137 2892 ἐκ
1165 2839 1483 2911 παραλόγου
1534 2839 1628 2892 τοῦ
1661 2839 1784 2902 νοὸς

201 2932 346 3002 μετά
381 2934 480 3003 τῆς
503 2931 809 3000 αἰσθήσεως
838 2930 1183 3001 συμπλοκῆς,
1217 2930 1366 3001 αὑτῷ
1422 2930 1521 3000 μὲν
1562 2929 1641 3000 τῷ
1683 2929 1784 2994 νοῒ,

197 3024 277 3087 ῶς
322 3023 538 3095 πατρὶ,
606 3023 898 3095 παραίτιον
956 3023 1170 3091 γίνεται
1214 3023 1365 3085 Θείας
1417 3022 1622 3093 ὀργῆς⁸
1665 3022 1787 3092 ἦτις

198 3114 468 3187 ἀνακωχὴ
497 3115 599 3186 τῆς
629 3114 895 3185 χορηγίας
932 3114 1044 3168 τῶν
1089 3114 1478 3185 πνευματικῶν
1517 3114 1788 3185 χαρισμά-

200 3225 314 3261 των
340 3207 513 3261 ἐστίν.

275 3319 388 3374 Καὶ
422 3318 607 3386 ὀδύνη
628 3317 701 3387 τῇ
714 3319 979 3389 τεκούσῃ
1006 3320 1213 3374 αὐτόν.
1244 3320 1323 3390 Τῇ
1340 3304 1406 3372 δέ
1434 3317 1783 3391 ἀποτεκοὺσῃ

200 3412 367 3466 τοῦτο
396 3412 667 3483 αἰσθήσει,
696 3407 785 3466 οἷα
813 3414 1002 3483 μητρὶ,
1026 3411 1219 3483 ὀδύνην
1244 3414 1613 3482 περιποιεῖται
1642 3426 1655 3439 ·
1684 3411 1783 3464 πό-

202 3522 319 3569 νοις
350 3505 628 3569 ἀκουσίοις
658 3504 1046 3574 δαμαζομένης
1070 3503 1174 3575 τῆς
1204 3504 1428 3574 σαρκὸς,
1461 3505 1603 3559 κατὰ
1634 3503 1786 3557 θείαν

203 3595 559 3669 συγχώρησιν
588 3597 664 3661 ὼς
708 3598 774 3651 ἂν
813 3597 1110 3664 ἐπιγνῶσιν
1162 3596 1352 3667 ἄμφω,
1384 3598 1413 3652 ὃ
1444 3616 1505 3651 τε
1532 3600 1656 3662 νοῦς
1692 3599 1788 3652 καὶ

202 3691 238 3761 ἡ
272 3690 545 3760 αἴσθησις,
578 3690 652 3762 μὴ
674 3691 1006 3761 παρανόμως
1055 3689 1308 3761 ἀλλήλοις
1348 3692 1783 3761 συμπλέκεσθαι,

202 3785 301 3839 καὶ⁵
330 3786 451 3839 ἀντὶ
485 3786 689 3857 ἀρετῆς
720 3784 921 3838 κακίαν
950 3785 1277 3856 ἀπογεννᾷν.

274 3896 390 3961 κς’.
421 3896 687 3965 Ζημιοῦν
717 3895 909 3963 ἄνδρα
932 3895 1185 3963 δίκαιον,
1220 3898 1294 3951 οὐ
1322 3898 1535 3951 καλόν.
1558 3896 1633 3951 Td
1647 3898 1786 3952 ἀπο-

202 3990 421 4058 στερεῖν
457 3987 664 4059 ἀρετῆς
688 3987 782 4039 τὸν
827 3985 1035 4057 ταύτης
1079 3988 1535 4060 ἐπιμελούμενον,
1578 3990 1672 4043 καὶ
1707 3992 1784 4055 είς

198 4084 271 4136 τά
295 4082 419 4135 κατ’
460 4080 698 4150 ἔλλειψιν
728 4080 899 4149 αὑτῆς
946 4080 1305 4151 περιτρέπειν
1338 4081 1510 4152 πάθη,
1541 4082 1642 4134 οὑκ
1669 4080 1785 4135 ἔστι

201 4176 392 4240 καλὸν,
429 4174 535 4228 κᾶν
560 4173 648 4227 διά
680 4174 742 4226 τὸ
770 4173 914 4226 λεῖον
943 4173 1046 4244 τῆς
1075 4173 1270 4243 ἡδονῆς
1312 4172 1456 4227 οὕτω
1487 4174 1640 4246 δοκῇ.

277 4306 434 4362 Οὐδὲ
467 4305 641 4361 ὅσιον
668 4304 1087 4361 ἐπιϐουλεύειν
1138 4304 1470 4371 δυνάσταις
1508 4304 1781 4373 δικαίοις.

202 4401 309 4454 Οὐδ
340 4401 488 4454 ὅσιον
520 4399 774 4471 ὑπάρχει,
826 4400 887 4454 τὸ
921 4399 1045 4453 καθ’
1079 4399 1387 4471 ὑπερϐολὴν
1438 4402 1537 4470 τῆς
1584 4401 1784 4471 ἀρετῆς

201 4494 377 4556 πάθος
396 4492 739 4545 ἐπιτίθεσθαι
765 4494 881 4555 τοῖς
916 4492 1017 4563 τὴν
1073 4492 1375 4562 ἐπιθυμίαν
1409 4492 1518 4545 τῶν
1549 4494 1670 4548 κατ’
1700 4492 1785 4547 αῖ-

1888 1958 2010 2027 ipso
2055 1957 2240 2023 habet,
2295 1959 2641 2027 compositus
2683 1968 2770 2016 est
2822 1961 3041 2015 vivendi
3085 1962 3317 2026 modus,
3375 1965 3472 2034 qui

1889 2052 2223 2108 invisibilem
2278 2052 2475 2107 anima:
2520 2060 2725 2108 statum
2784 2056 3151 2112 manifestat:
3187 2058 3469 2113 moderate

1887 2144 2107 2215 quidem
2159 2144 2333 2199 utitur
2392 2145 2758 2214 praesentibus
2787 2186 2802 2210 ,
2848 2147 2944 2203 sed
2988 2148 3239 2205 obtinere
3286 2149 3470 2205 futura

1888 2238 2116 2292 omnino
2146 2237 2454 2293 contendit.

1961 2349 2116 2405 Oculi
2145 2359 2325 2404 autem
2354 2351 2505 2405 stulti
2524 2350 2593 2403 ad
2627 2362 2867 2405 extrema
2898 2362 3070 2408 terrae.
3102 2351 3258 2408 Oculi
3284 2361 3471 2409 autem

1888 2441 2011 2512 ejus
2040 2441 2135 2511 qui
2177 2440 2347 2496 Deum
2372 2442 2429 2497 in
2465 2450 2690 2511 pectore
2725 2458 2834 2497 non
2878 2453 3075 2512 gestat,
3115 2444 3251 2499 ﬁnes
3284 2454 3467 2507 terrae,
3572 2506 3583 2513 ἱ

1889 2550 1957 2588 an
1984 2535 2246 2605 possibile
2280 2535 2353 2591 sit
2382 2550 2501 2589 eam
2561 2535 3029 2605 comprehendere
3057 2538 3215 2607 eique
3244 2536 3343 2591 toti
3374 2537 3472 2592 do-

1888 2629 2110 2694 minari,
2154 2631 2633 2699 perspeculantur.

1978 2742 2140 2798 Vens.
2164 2744 2257 2798 25.
2290 2743 2384 2797 Ira
2401 2744 2543 2812 patri
2584 2744 2731 2813 ﬁlius
2755 2743 2976 2800 stultus.
3021 2742 3271 2798 Errantis
3301 2742 3471 2797 animi

1889 2837 2172 2907 cogitatio,
2193 2838 2484 2893 desideriis
2509 2840 2831 2909 subiacens,
2864 2837 3218 2891 concurrenti
3241 2849 3471 2891 sensua-

1889 2929 2065 2992 litate,
2095 2929 2199 2999 ipsi
2228 2929 2450 2998 quidem
2480 2930 2687 2994 animo,
2724 2937 2985 2997 tanquam
3033 2927 3198 2997 patri,
3228 2926 3467 2980 divinam

1890 3021 2128 3091 inspirat
2160 3020 2323 3085 iram,
2357 3037 2483 3091 quae
2531 3021 2681 3081 velut
2706 3020 2951 3075 anchora
2976 3019 3149 3089 jacta,
3181 3018 3469 3089 dirigenti-

1890 3113 1995 3170 bus
2023 3114 2256 3184 spiritus
2283 3114 2468 3181 donis,
2493 3115 2744 3186 quaedam
2778 3114 2945 3169 statio
2969 3120 3074 3167 est.

1960 3337 2029 3393 Et
2060 3339 2218 3394 dolor
2253 3340 2302 3393 ei
2322 3355 2438 3411 qua:
2466 3342 2643 3411 genuit
2683 3354 2826 3393 eum.
2864 3337 2977 3393 Hoc
3021 3346 3201 3393 autem
3234 3354 3467 3395 sensua-

1886 3431 2024 3486 litati
2067 3432 2327 3502 parienti,
2365 3442 2425 3485 ut
2458 3432 2643 3496 matri,
2678 3445 2971 3485 maerorem
3022 3429 3306 3499 producit:
3355 3430 3470 3484 Deo

1888 3524 2241 3595 permittente
2289 3539 2509 3580 carnem
2564 3523 2755 3578 invitis
2799 3522 3083 3578 laboribus
3138 3522 3372 3589 domari,
3409 3536 3467 3578 ut

1888 3625 2193 3687 agnoscant
2222 3616 2406 3682 ambo,
2434 3616 2881 3671 animusscilicet
2910 3624 2966 3671 et
2985 3616 3338 3683 sensualitas,
3360 3632 3466 3671 non

1886 3707 2173 3777 illegitimo
2223 3707 2476 3776 amplexu
2550 3705 2901 3762 commisceri
2960 3720 3062 3760 nec
3093 3705 3212 3760 loco
3250 3707 3467 3762 virtutis

1887 3797 2215 3869 pravitatem
2249 3812 2535 3867 generare.

1961 3909 2129 3967 Vens.
2158 3912 2250 3967 26.
2279 3911 2498 3968 Loedere
2526 3914 2739 3984 justum
2770 3930 2874 3969 non
2910 3925 2988 3970 est
3015 3914 3227 3969 bonum.
3262 3914 3307 3968 A
3353 3914 3465 3969 vir-

1888 4011 2007 4058 tute
2030 4004 2267 4059 avellere
2293 4005 2387 4075 qui
2413 4006 2607 4063 virtuti
2637 4007 2843 4073 studet,
2882 4023 3126 4079 eumque
3149 4007 3216 4061 ad
3249 4010 3465 4077 passio-

1888 4109 1986 4150 nes
2014 4095 2105 4150 ubi
2132 4094 2309 4151 virtus
2344 4095 2530 4153 deﬁcit
2559 4096 2835 4153 deducere
2880 4112 2991 4152 non
3030 4105 3115 4154 est
3144 4099 3371 4166 bonum,
3420 4100 3466 4153 i-

1886 4194 1974 4257 cet
2001 4188 2073 4244 ob
2102 4188 2456 4246 dulcedinem
2484 4190 2784 4261 voluptatis
2808 4191 2890 4247 sic
2911 4192 3183 4247 videatur.

1959 4325 2072 4381 Nec
2108 4338 2310 4383 rectum
2344 4328 2514 4400 justis
2546 4331 2875 4401 principibus
2919 4330 3192 4386 insidiari.
3224 4330 3341 4385 Non
3381 4344 3466 4387 est

1886 4435 2099 4491 :rquum
2136 4437 2304 4479 onera
2336 4426 2559 4479 virtutis
2584 4440 2749 4497 supra
2780 4424 2999 4479 modum
3027 4425 3134 4480 illis
3161 4425 3465 4494 imponere,

1888 4513 1985 4582 qui
2036 4517 2377 4571 sensualium
2408 4517 2754 4586 voluptatum
2792 4517 3066 4571 desideria
3114 4517 3365 4571 vicerunt
3412 4526 3466 4571 et

200 4583 397 4655 σθησιν
436 4584 608 4653 ἡδέων
660 4584 938 4654 νικήσασι,
998 4584 1091 4636 καὶ
1150 4584 1629 4640 καθυποτάσσουσι
1684 4585 1783 4656 τὴν

1889 4620 2109 4661 carnem
2143 4622 2299 4663 suam
2334 4583 2644 4677 spirituiad
2680 4609 2938 4662 mandata
2970 4607 3063 4664 Dei
3116 4609 3460 4680 adimplenda

200 4676 386 4747 σάρκα
430 4674 509 4745 τῷ
541 4673 814 4743 πνεύματι
845 4674 912 4727 δι’
948 4677 1215 4747 ἐργασίας
1242 4676 1351 4731 τῶν
1377 4676 1471 4730 τοῦ
1512 4676 1646 4730 Θεοῦ
1693 4679 1783 4732 ἐν·

197 4767 374 4821 τολῶν
399 4783 415 4799 ο
452 4766 686 4837 λαθραία
734 4768 843 4837 γάρ
894 4768 1043 4820 ἐστιν
1094 4768 1305 4839 ἐχθρῶν
1342 4768 1452 4821 ἀπὸ
1491 4768 1671 4834 δεξιᾶς
1722 4769 1782 4823 τὺ

196 4859 442 4914 τοιοῦτον
482 4859 747 4922 ἐπίθεσις.
794 4859 954 4913 Ἀλλά
998 4859 1162 4912 καλὸν
1199 4860 1296 4930 μὲν
1346 4860 1564 4923 πάντως
1607 4861 1780 4927 ἐστὶν,

198 4949 289 5007 οἷα
315 4954 542 5018 δίκαιον,
571 4954 633 5008 τὸ
666 4955 806 5008 κατὰ
836 4955 927 5007 τὸν
958 4953 1186 5023 φυσικὸν
1216 4955 1379 5025 νόμον
1409 4954 1501 5007 καὶ
1526 4957 1617 5008 τὸν
1647 4972 1783 5025 γρα-

200 5048 354 5113 πτὸν,
398 5052 571 5104 ποιεῖν
600 5068 721 5103 τινα
751 5052 830 5114 είς
864 5049 1107 5120 ἐτέρους,
1141 5049 1169 5101 ὂ
1199 5050 1294 5103 καὶ
1320 5050 1401 5113 είς
1431 5051 1623 5103 ἑαυτὸν
1646 5051 1776 5121 παρ’

198 5141 427 5196 ἐκείνων
456 5142 701 5211 γίνεσθαι
729 5143 896 5209 θέλει,
936 5145 1032 5197 καὶ
1062 5144 1284 5215 ἀγαπᾷν
1325 5143 1418 5196 τὸν
1449 5143 1675 5215 πλησίον
1701 5145 1777 5208 ῶς

196 5236 391 5289 ἑαυτόν
416 5252 429 5265 ·
457 5237 603 5291 ὅσιον
627 5236 685 5290 δὲ
722 5238 784 5290 τὸ
819 5238 963 5290 κατὰ
992 5236 1083 5289 τὸν
1110 5235 1484 5307 πνευματικὸν
1518 5236 1674 5301 αὖθις
1692 5238 1780 5290 νό-

199 5344 321 5398 μον,
351 5329 575 5400 ἀγαπᾷν
604 5330 730 5393 τοῦς
778 5328 1032 5400 ἐχθροὺς,
1074 5330 1168 5381 καὶ
1207 5328 1388 5392 καλῶς
1433 5331 1606 5381 ποιεῖν
1666 5332 1778 5393 τοῖς

198 5420 454 5491 μισοῦσιν
473 5421 635 5477 αὐτόν
655 5436 671 5453 ο
709 5422 803 5475 καὶ
829 5420 1001 5485 οὕτως
1022 5420 1301 5490 διαμένειν
1336 5421 1625 5488 ἄτρεπτον.
1652 5422 1778 5473 Πει-

198 5513 421 5585 σθῶμεν
454 5514 634 5567 τοίνυν
668 5513 789 5586 Θεῷ
832 5513 909 5585 τῷ
947 5512 1124 5568 ταῦτα
1157 5514 1601 5585 νομοθετήσαντι,
1633 5513 1779 5577 ὅπως

196 5606 527 5677 κληρονόμοι
558 5608 659 5677 τῆς
690 5606 856 5658 αὑτοῦ
904 5605 1185 5675 βασιλείας
1226 5602 1545 5675 γενώμεθα·
1575 5605 1671 5659 καὶ
1705 5604 1780 5675 μὴ

195 5703 601 5777 ὑπακούσωμεν
623 5704 700 5775 τῷ
736 5703 994 5775 διαϐόλῳ,
1027 5707 1319 5776 ἐκτρέπειν
1360 5706 1507 5777 ἡμᾶς
1536 5705 1779 5774 ἐπειχει-

199 5797 382 5869 ροῦντι
411 5801 510 5870 τῆς
536 5798 738 5869 ἀρετῆς
769 5800 847 5862 είς
889 5800 958 5854 τὰ
1003 5802 1125 5854 κατ’
1154 5799 1395 5869 ἔλλειψιν
1436 5797 1642 5868 ταύτης
1684 5796 1779 5848 καὶ

1886 4699 2264 4754 submiserunt
2296 4717 2310 4754 :
2350 4699 2456 4755 hoc
2489 4702 2635 4755 enim
2693 4702 3048 4756 inimicorum
3080 4719 3109 4758 a
3143 4704 3351 4759 dextris
3386 4705 3461 4758 la-

1885 4799 2008 4845 tens
2035 4798 2120 4845 est
2152 4790 2332 4848 dolus.
2358 4791 2495 4847 Illud
2536 4800 2717 4846 autem
2746 4802 2831 4847 est
2854 4793 3075 4863 quidem
3104 4796 3331 4850 omnino
3358 4795 3458 4850 bo-

1886 4897 2037 4947 mnu,
2064 4882 2209 4936 sicut
2237 4882 2469 4952 justum,
2513 4884 2658 4953 quod
2683 4884 2807 4953 quis
2833 4885 2993 4955 juxta
3029 4885 3201 4957 legem
3230 4895 3460 4941 natura-

1886 4973 1992 5029 lem
2030 4983 2085 5030 et
2117 4975 2289 5046 legem
2325 4975 2589 5045 scriptam
2623 4976 2676 5030 in
2712 4977 2852 5032 alios
2882 4985 3008 5049 agat
3042 4977 3189 5048 quod
3216 4980 3295 5033 ‘ab
3340 4980 3467 5035 aliis

1888 5066 1993 5122 sibi
2031 5067 2146 5123 ﬁeri
2178 5068 2351 5138 cupit,
2375 5079 2428 5125 et
2456 5069 2771 5139 proximum
2800 5072 2948 5126 'sicut
2988 5072 3228 5142 seipsum
3247 5072 3461 5142 diligat;

1887 5169 2137 5217 sanctum
2162 5171 2369 5227 autem,
2389 5163 2535 5232 quod
2555 5163 2703 5233 quis,
2720 5163 2873 5232 juxta
2903 5164 3246 5234 spiritualem
3266 5164 3463 5233 legem,

1887 5252 2143 5309 inimicos
2173 5254 2367 5325 diligat
2391 5265 2445 5309 et
2474 5254 2791 5311 odientibus
2817 5271 2878 5311 se
2902 5254 3245 5321 benefaciat;
3282 5261 3339 5308 ut
3383 5253 3465 5307 sie

1886 5350 2210 5398 constanter
2265 5354 2603 5413 permaneat.
2643 5346 2938 5401 Pareamus
2986 5347 3156 5417 igitur
3210 5346 3319 5401 Deo
3357 5344 3461 5399 ista

1888 5433 2267 5503 prtecipienti,
2316 5444 2376 5489 ut
2434 5435 2678 5492 haeredcs
2726 5437 2847 5506 ejus
2902 5438 3052 5508 regni
3100 5437 3275 5493 simus
3310 5449 3459 5489 :nou

1889 5531 2070 5577 autem
2111 5528 2456 5592 praebeamus
2489 5528 2913 5583 auremdiabolo
2950 5528 3044 5599 qui
3076 5545 3177 5583 nos
3203 5544 3232 5580 a
3258 5528 3462 5581 virtute

1888 5612 1946 5667 in
1988 5615 2277 5684 passiones
2316 5617 2405 5672 ubi
2442 5628 2575 5673 sunt
2605 5616 2832 5671 virtutis
2858 5617 3109 5673 defectus
3139 5618 3226 5673 vel
3265 5632 3461 5672 exces-

1889 5720 2008 5770 sus,
2042 5716 2292 5763 avertere
2326 5716 2586 5778 conatur,
2623 5723 2692 5764 ne
2730 5709 2785 5765 in
2815 5709 2999 5782 ignem
3032 5708 3137 5782 ipsi
3168 5716 3235 5764 et
3252 5706 3461 5776 angelis

1887 5796 2007 5866 ejus
2033 5810 2286 5868 paratum
2322 5802 2697 5861 demittamur.

196 5887 507 5960 ὑπερϐολὴν
550 5889 698 5962 πάθη
730 5908 744 5923 ο
816 5892 903 5946 ’ίνα
952 5892 1027 5964 μὴ
1070 5892 1560 5965 παραπεμφθῶμεν
1612 5890 1691 5953 εἰς
1732 5887 1843 5959 πῦρ
1893 5890 1955 5943 τὸ
2000 5892 2406 5966 ἡτοιμασμένον
2445 5894 2592 5965 αὑτῷ
2637 5896 2728 5949 καὶ
2790 5898 2902 5959 τοῖς
2953 5895 3200 5965 ἀγγέλοις
3272 5890 3461 5949 αὑτοῦ.

3340 407 3477 470 1402
3574 458 3578 461 γ
