4054 6498
590 415 611 478 1
624 418 726 480 403

1888 422 2237 485 PROCOPII
2282 426 2526 487 GAZAEI

3678 426 3820 489 HM

664 525 829 580 Vens.
866 524 956 579 27.
1002 523 1106 589 Qui
1134 525 1282 578 timet
1311 540 1373 578 ne
1408 524 1616 578 verbum
1650 526 1845 580 durum
1871 528 2139 595 adhibeat,

2315 533 2417 596 κζ’.
2450 535 2555 600 Ὃς
2595 534 2859 603 φείδεται
2894 534 3059 603 ῥῆμα
3094 535 3459 602 προελέσθαι
3512 537 3819 604 σκληρὸν,

525 628 557 670 λ
582 619 795 687 sapiens
846 625 944 671 est.
981 616 1083 682 Qui
1113 624 1271 671 cavet
1320 632 1390 671 ne
1423 617 1545 672 loco
1576 619 1848 675 sermonis
1896 636 1993 676 cor
2029 623 2145 689 pla-

581 710 762 765 rantis
792 723 1100 763 sermonem
1127 708 1257 763 illud
1291 716 1706 777 exasperantem
1738 709 2017 776 adhibeat,
2047 712 2147 765 hu-

585 805 801 852 nianam
846 795 1216 851 inﬁrmitatem
1290 798 1464 850 novit.
1512 795 1586 850 Ea
1639 796 1860 852 indutos
1906 797 2145 867 dejicere

583 906 693 945 non
719 890 835 943 vult
870 888 963 943 sed
998 888 1215 943 fulcire.
1264 886 1392 943 Illos
1436 896 1619 943 autem
1654 903 1686 943 a
1724 887 1925 958 quibUs
1951 897 2145 943 contra

583 996 643 1037 se
696 980 965 1051 quispiam
1010 979 1259 1034 irritatur
1291 989 1346 1034 et
1377 978 1483 1033 sibi
1518 978 1800 1035 molestias
1839 978 2007 1035 infert
2052 995 2145 1050 pa-

582 1073 784 1129 tienter
808 1072 1066 1128 sustinet.

566 1218 571 1225 ν
664 1182 756 1236 Vir
783 1191 957 1237 autem
972 1182 1290 1254 longanimis
1316 1189 1580 1238 sensatus.
1610 1183 1785 1238 Homo
1806 1191 1891 1240 est
1921 1185 2012 1253 qui
2036 1200 2143 1240 non

584 1273 799 1344 ignorat
838 1273 1005 1328 Deum
1060 1290 1183 1329 esse
1221 1275 1444 1330 cuilibet
1469 1276 1813 1330 occurrentia
1848 1276 2144 1345 disponen-

583 1371 711 1427 tem,
750 1372 804 1418 et
835 1364 957 1418 ideo
995 1365 1410 1419 contristantem
1435 1379 1515 1429 se,
1549 1365 1697 1419 velut
1721 1380 1752 1418 a
1786 1366 1953 1420 Satan
1981 1381 2146 1420 vexa-

583 1465 717 1519 tum,
751 1456 1072 1519 miseretur,
1103 1463 1158 1510 et
1197 1457 1267 1510 ab
1312 1456 1419 1511 ista
1441 1456 1733 1512 vexatione
1764 1471 1890 1512 eum
1918 1456 2145 1512 omnino

583 1555 815 1602 conatur
852 1548 1107 1603 avellere.

654 1769 819 1825 Vens.
860 1770 953 1825 28.
1012 1769 1340 1837 Imprudenti
1392 1771 1717 1839 sapientiam
1752 1769 2141 1840 interroganti,

2244 623 2605 694 ἐπιγνώμων.
2651 626 2710 678 '0
2744 625 3202 697 ὑποστελλόμενος
3232 628 3342 697 πρὸ
3359 626 3457 679 τοῦ
3484 627 3822 691 λειαίνοντος

2245 717 2475 788 καρδίαν
2503 717 2683 787 λόγου,
2714 717 2929 771 ἑλέσθαι
2964 716 3056 771 τὸν
3077 718 3286 788 ταύτην
3323 720 3685 790 τραχύνοντα,
3715 722 3823 791 τὴν

2245 808 2590 879 ἀνθρωπίνην
2609 804 2749 861 οἶδεν
2763 809 3051 864 ἁσθενειαν
3075 828 3089 842 ·
3112 811 3208 865 καὶ
3230 814 3355 876 τοὺς
3380 818 3823 884 περικειμένους

2245 899 2432 971 αὐτὴν,
2462 900 2522 953 οὑ
2569 900 2820 969 βούλεται
2879 902 3261 969 καταϐάλλειν,
3310 904 3447 959 ἀλλὰ
3484 904 3820 975 βαστάζειν·

2243 992 2272 1044 ὁ
2307 990 2352 1043 δ’
2368 992 2453 1059 ἐφ’
2475 988 2557 1056 οἷς
2577 1010 2662 1055 τις
2681 992 2926 1057 ὀξύνεται
2947 995 3068 1048 κατ’
3092 994 3284 1061 αὑτοῦ,
3307 996 3400 1050 καὶ
3422 996 3620 1060 ὀδύνας
3644 997 3823 1067 τούτῳ

2244 1085 2462 1154 ἐπάγει,
2492 1085 2854 1151 ἁνεξικακῶν.

2314 1198 2706 1266 Μακρόθυμος
2766 1198 2835 1252 δὲ
2891 1198 3068 1268 ἀνὴρ,
3137 1199 3441 1269 φρόνιμος.
3488 1200 3821 1270 ’Δνθρωτοὴ

2244 1286 2393 1339 ἐστιν
2424 1286 2580 1351 εἰδὼς
2600 1288 2680 1340 ὅτι
2707 1288 2822 1342 ἐστι
2861 1289 3014 1354 Θεὸς,
3057 1289 3165 1342 τῶν
3215 1290 3427 1360 ἑκάστῳ
3483 1291 3823 1362 πεπραγμέ-

2246 1395 2351 1433 νων
2382 1379 2695 1450 ὲξεταστης,
2736 1381 3029 1435 κάντεῦθεν
3066 1380 3157 1435 τὸν
3194 1380 3469 1435 λυποῦντα
3510 1384 3701 1446 αὑτὸν,
3744 1383 3825 1447 ὡς

2245 1469 2351 1523 ὑπὸ
2375 1469 2469 1522 τοῦ
2499 1471 2714 1525 Σατανᾶ
2742 1472 3182 1543 ἐπηρεαζόμενον
3225 1472 3365 1527 ἐλεεῖ
3392 1490 3409 1504 ο
3442 1476 3538 1527 καὶ
3573 1475 3677 1544 τῆς
3697 1475 3825 1527 τοὺφ

2244 1579 2338 1615 του
2375 1562 2661 1634 ἐπηρείας,
2696 1563 3052 1635 πολυτρόπως
3087 1564 3276 1619 τοῦτον
3304 1566 3678 1621 ἀπαλλάττειν
3694 1571 3826 1620 ἐπι-

2244 1655 2440 1724 χειρεῖ.

2322 1772 2429 1837 κη’.
2471 1768 2733 1837 Ἀνοήτῳ
2759 1768 3204 1837 ἐπερωτήσαντι
3230 1770 3473 1839 σοφίαν,
3504 1770 3693 1839 σοφία
3715 1774 3824 1823 λο-

583 1862 843 1929 sapientia
884 1861 1233 1929 reputabitur.
1266 1862 1518 1932 Ignarus,
1558 1878 1665 1916 una
1702 1861 1935 1931 sapienti
1978 1862 2139 1914 inter-

2246 1861 2616 1930 γισθήσεται.
2673 1860 2731 1914 'O
2754 1861 2993 1932 ἀμαθὴς,
3046 1861 3211 1929 σοφὸς
3262 1862 3684 1933 νομισθήσεται,
3726 1879 3821 1914 σο-

586 1954 865 2022 rogatione
912 1952 1094 2020 facta,
1145 1954 1492 2022 reputabitur
1569 1954 1813 2023 sapiens.
1868 1951 2139 2007 Putabunt

2250 1951 2355 2023 φὴν
2393 1951 2762 2023 ποιησάμενος
2794 1952 2953 2022 μόνον
3005 1952 3271 2023 ἐρώτησιν
3296 1971 3310 1984 ⁸
3345 1952 3559 2018 δόξουσι
3620 1954 3728 2021 γάρ
3767 1956 3821 2007 οξ

583 2042 727 2093 enim
787 2041 1075 2097 audientes
1122 2042 1274 2097 illum
1313 2044 1576 2098 scientem
1623 2044 1768 2113 quod
1824 2044 2145 2113 interrogat,

584 2134 950 2206 interrogatos
980 2145 1192 2193 tentare
1234 2152 1304 2192 an
1339 2138 1628 2207 quaesitum
1665 2139 1864 2192 sciant.

655 2247 759 2313 Qui
781 2258 953 2303 autem
971 2267 1023 2303 se
1042 2262 1243 2305 mutum
1268 2252 1468 2321 fecerit,
1500 2251 1729 2321 prudens
1755 2268 1863 2305 esse
1884 2248 2144 2304 credetur.

2249 2043 2559 2111 ἀκούοντες,
2598 2046 2681 2099 ὅτι
2710 2044 2916 2109 εἰδὼςὸ
2949 2047 3147 2116 ἐρωτᾷ,
3184 2046 3466 2116 δοκιμάζει
3508 2048 3638 2110 τοὺς
3680 2049 3821 2118 ἐρω-

2246 2136 2543 2208 τωμένους,
2586 2136 2719 2189 εἰτὸ
2746 2134 3098 2208 ἐρωτώμενον
3130 2136 3358 2190 οἴδασιν.

2327 2249 2574 2305 Ἐννεὸν
2597 2248 2664 2303 δέ
2694 2268 2786 2314 τις
2826 2248 3043 2303 ἑαυτὸν
3089 2248 3373 2318 ποιήσας,
3404 2252 3571 2314 δόξει
3612 2254 3820 2319 φρόνι-

584 2338 686 2405 Qui
737 2350 916 2396 autem
974 2346 1389 2400 occurrentibus
1437 2360 1495 2400 se
1543 2346 1797 2400 silentem
1844 2358 1907 2398 ac
1934 2352 2139 2398 mutum

2242 2361 2357 2413 μος
2382 2339 2554 2397 εἶναι.
2604 2344 2662 2395 ’0
2688 2342 2743 2395 δὲ
2771 2340 3044 2411 σιωπηλὸν
3086 2342 3183 2394 καὶ
3216 2341 3398 2395 ἔννουν
3421 2346 3533 2407 τοῖς
3563 2361 3818 2414 nam?»

585 2434 909 2497 ostenderit,
946 2436 1257 2504 opinionem
1305 2438 1413 2492 illis
1454 2438 1715 2506 praebebit
1780 2436 1847 2491 de
1891 2450 1972 2501 se,
2002 2434 2139 2505 quod

2248 2438 2401 2509 χοῦσι
2431 2437 2613 2504 δείξας
2641 2437 2854 2500 ἑαυτὸν,
2886 2434 3153 2504 ὑπόληψιν
3181 2434 3391 2499 τούτοις
3424 2436 3655 2506 παρέξει
3691 2435 3820 2505 περὶ

588 2524 825 2591 prudens
861 2536 942 2580 est
969 2545 983 2582 :
1013 2530 1349 2583 verebuntur
1376 2530 1520 2584 enim
1554 2528 1717 2585 istum
1750 2540 1809 2584 ut
1846 2532 2139 2600 sapientem

2248 2530 2442 2584 ἑαυτοῦ
2462 2529 2538 2592 ὡς
2575 2528 2821 2598 ἐχέφρων
2845 2528 2992 2579 ἐστίν
3012 2542 3026 2556 ·
3065 2527 3530 2596 ὑποσταλήσονται
3558 2528 3674 2597 γάρ
3695 2527 3821 2579 τοῦ-

588 2630 695 2667 ηοη
736 2617 985 2672 valentes
1026 2630 1247 2690 propter
1290 2621 1411 2691 ejus
1454 2622 1732 2677 silentium
1765 2622 2041 2693 quomodo
2088 2637 2139 2677 se

2245 2641 2334 2676 τον
2355 2622 2429 2686 ὡς
2445 2621 2691 2690 νουνεχῆ,
2732 2618 2805 2689 μὴ
2843 2618 3120 2688 ἰσχύοντες
3138 2619 3227 2672 διὰ
3253 2620 3355 2689 τὴν
3376 2619 3542 2672 αὑτοῦ
3578 2618 3817 2689 σιωπὴν,

588 2705 782 2762 habeat
809 2707 1234 2779 deprehendere.

1178 2866 1331 2923 CAP.
1365 2867 1549 2925 XVIII.

654 3011 816 3069 Vens.
862 3015 912 3069 1.
948 3016 1267 3074 Occasiones
1293 3021 1486 3091 quierit
1528 3022 1621 3091 qui
1662 3021 1771 3075 vult
1811 3020 2049 3075 recedere
2078 3019 2142 3074 ab

584 3106 779 3160 a’mico.
819 3107 1296 3178 ()pportuuitatem
1336 3112 1532 3181 quaerit
1555 3113 1650 3182 qui
1683 3112 1796 3167 vult
1845 3113 2141 3166 amicitiam

2246 2716 2398 2778 ὅπως
2426 2715 2558 2783 ἔχει.
2596 2710 2941 2768 καταλαϐεῖν.

2833 2868 3085 2927 ΚΕΦΑΛ.
3138 2873 3248 2926 IH’.

2314 3029 2382 3083 α’.
2419 3028 2751 3098 Προφάσεις
2785 3027 2945 3094 ζητεῖ
2969 3026 3125 3095 ἀνὴρ
3164 3027 3541 3095 ,ϐουλόμενος
3584 3025 3818 3096 χωρίζε-

2243 3125 2385 3176 σθαι
2408 3120 2526 3175 ἀπὸ
2549 3121 2761 3189 φίλων.
2795 3118 3073 3190 Ἀφορμὰς
3105 3118 3441 3187 πανταχόθεν
3480 3118 3637 3188 ζητεῖ
3662 3121 3690 3171 ὁ
3720 3120 3817 3171 θέ-

584 3210 857 3266 rumpere,
883 3214 1005 3253 cum
1022 3201 1204 3256 nullus
1234 3202 1305 3255 sit
1323 3203 1668 3258 rationabilis
1696 3211 1991 3273 praetextus
2012 3204 2139 3258 abo-

2244 3213 2352 3266 λων
2389 3212 2638 3267 διαλῦσαι
2694 3211 2910 3281 φιλίαν·
2945 3211 3067 3262 ἐπεὶ
3116 3210 3357 3281 μηδεμία
3392 3212 3540 3263 ἐστὶν
3592 3209 3817 3274 εὔλογος

584 3289 729 3344 lendi
770 3291 1094 3347 charitatem
1144 3309 1264 3363 quae
1287 3293 1624 3350 dominicum
1668 3296 1985 3351 mandatum
2042 3312 2140 3351 ex-

583 3382 749 3438 sistit.

654 3512 814 3568 Omni
844 3525 1072 3584 tempore
1108 3518 1207 3572 erit
1255 3519 1662 3587 exprobrabitis.
1697 3522 1855 3577 Omni
1900 3531 2145 3595 tempore

582 3615 962 3661 contemnetnr
999 3610 1117 3672 iste,
1163 3609 1234 3664 ab
1286 3610 1603 3667 hominibus
1642 3614 1864 3683 quidem
1906 3616 1961 3669 in
2007 3619 2141 3682 vita,

580 3707 771 3765 utpote
799 3699 850 3752 in
885 3701 1124 3756 amicitia
1156 3702 1431 3759 instabilis
1454 3744 1468 3770 ,
1511 3719 1541 3759 a
1587 3705 1696 3761 Deo
1744 3718 1922 3761 autem
1957 3709 2010 3762 in
2036 3725 2143 3764 saa-

580 3790 704 3844 culo
739 3790 944 3857 futuro,
989 3794 1116 3863 quia
1156 3795 1481 3852 cbaritatem
1518 3813 1639 3868 quae
1675 3800 2009 3869 praecipuum
2059 3810 2143 3857 est

582 3881 724 3938 inter
748 3883 836 3940 Dei
878 3887 1135 3941 mandata
1166 3891 1391 3946 omnino
1424 3892 1681 3963 neglexit.

649 4094 812 4150 Vens.
851 4096 906 4150 2.
948 4096 1067 4151 Non
1102 4116 1232 4169 opus
1268 4103 1423 4157 habet
1451 4096 1715 4172 sapientia
1759 4110 1805 4161 is
1831 4109 1920 4179 qui
1942 4110 2140 4181 indiget

578 4188 734 4242 corde
760 4202 778 4240 :
815 4189 985 4257 magis
1011 4193 1148 4243 enim
1176 4192 1394 4247 ducitur
1422 4197 1753 4265 insipientia.
1778 4198 1881 4265 Qui
1910 4204 2139 4271 pruden-

580 4278 652 4329 tia
684 4286 854 4338 caret.
892 4295 1000 4335 non
1038 4284 1246 4352 appetit
1289 4285 1616 4355 sapientiam
1656 4289 1784 4358 quia
1828 4292 2009 4347 anima
2052 4308 2139 4347 rae

580 4370 769 4424 tionali
807 4372 1178 4430 irrationalem
1210 4390 1436 4434 carnem
1476 4395 1584 4434 non
1611 4383 1845 4453 subigit;
1874 4384 2137 4440 mundum

577 4461 812 4531 diligens
834 4463 1001 4518 Deum
1029 4481 1139 4520 non
1163 4475 1329 4522 amat.
1358 4470 1533 4527 Corde
1556 4471 1929 4544 insipientiam
1965 4477 2138 4547 magis

577 4570 736 4622 quam
772 4560 1039 4612 rationem
1069 4559 1336 4629 sequitur.

646 4770 811 4827 Vens.
847 4773 901 4827 ὅ.
932 4771 1156 4844 Impius,
1191 4795 1309 4832 cum
1348 4781 1400 4833 in
1428 4784 1751 4853 profundum
1790 4791 1989 4844 venerit
2013 4806 2137 4859 pec-

576 4871 837 4928 catorum,
882 4870 1207 4935 contemnit;
1243 4870 1334 4925 sed
1366 4877 1604 4945 sequitur
1622 4895 1739 4933 eum
1763 4881 2056 4951 ignominia
2086 4894 2137 4938 et

574 4953 936 5046 opprobrium.
969 4959 1199 5025 Quando
1248 4963 1316 5019 de
1356 4966 1534 5022 salute
1565 4985 1664 5024 sua
1701 4970 2013 5041 desperavit
2041 4978 2133 5046 qui

574 5044 734 5100 bonis
758 5047 1016 5116 operibus
1052 5049 1224 5106 Deum
1250 5070 1359 5110 non
1385 5059 1538 5125 colit,
1571 5060 1822 5116 timorem
1868 5064 2042 5135 ipsius
2060 5044 2131 5122 rex

575 5139 796 5208 propria
833 5141 1014 5196 anima
1056 5145 1280 5201 omnino
1323 5150 1587 5218 expellit;
1634 5160 1690 5207 et
1723 5154 2137 5223 deprehendunt

573 5243 698 5282 eum
744 5232 1028 5299 passiones
1072 5234 1383 5304 ignominiae
1412 5246 1467 5293 et
1510 5248 1734 5311 propter
1756 5257 1851 5299 eas
1889 5246 2133 5301 omnium

572 5330 937 5393 contemptus.

643 5454 804 5513 Vens.
829 5459 883 5513 4.
922 5461 1074 5530 Aqua
1108 5464 1373 5532 profunda
1397 5484 1570 5524 sermo
1600 5471 1653 5524 in
1688 5472 1842 5528 corde
1864 5477 1987 5531 viri.
2013 5475 2131 5531 Mo-

571 5561 684 5602 rem
713 5550 875 5607 habet
904 5569 1056 5623 aqua:
1094 5558 1535 5626 profundissima:
1564 5564 1655 5618 Dei
1680 5567 1905 5622 verbum
1928 5570 1983 5624 in
2016 5573 2135 5626 ani-

570 5658 660 5695 ma
698 5643 817 5711 ejus
854 5646 948 5714 qui
1003 5663 1266 5716 generose
1310 5664 1501 5708 contra
1553 5657 1839 5727 passiones
1871 5661 2129 5720 luctatur.

571 5733 842 5805 Abyssum
886 5739 1131 5797 scientiae
1164 5753 1347 5798 mente
1382 5746 1683 5820 vestigans,
1738 5751 2131 5823 imperscruta-

572 5824 732 5880 bilem
773 5832 1098 5900 sapientiam
1128 5836 1355 5892 invenit.

2249 3303 2520 3374 πρόφασις
2551 3307 2630 3368 εὶς
2672 3305 2733 3356 τὸ
2771 3303 2869 3373 τὴν
2914 3302 3135 3373 ἀγάπην
3196 3304 3431 3367 ἀθετεῖν,
3478 3301 3815 3373 Δεσποτικὴν

2246 3396 2494 3467 ὑπάρχου
2503 3413 2599 3450 σαν
2633 3396 2880 3466 ἐντολήν.

2329 3534 2429 3587 Ἐν
2456 3531 2636 3586 παντὶ
2673 3531 2743 3584 δὲ
2800 3530 2979 3600 καιρῷ
3033 3530 3445 3595 ἐπονείδιστος
3490 3529 3685 3583 ἔσται.
3722 3528 3817 3580 Ἐν

2245 3626 2404 3678 παντὶ
2440 3624 2495 3676 δὲ
2516 3622 2692 3695 καιρῷ
2719 3622 3211 3691 ὲξουδενωθήσεται
3233 3625 3259 3674 ὀ
3278 3621 3541 3684 τοιοῦτος,
3558 3621 3691 3690 παρ’
3720 3621 3814 3672 ἀνα

2244 3718 2476 3790 Θρὼπων
2513 3718 2639 3789 μὲν,
2686 3718 2827 3771 κατὰ
2878 3719 2937 3770 τὸ
2970 3719 3166 3789 παρὸν,
3204 3720 3281 3780 ὡς
3320 3719 3387 3769 τὰ
3436 3716 3575 3786 πρὸς
3625 3716 3810 3785 φιλίαν

2243 3812 2529 3874 ἁϐἐϐαιος’
2561 3812 2716 3882 παρὰ
2741 3812 2798 3863 δὲ
2822 3810 2955 3864 Θεοῦ
3013 3811 3155 3864 κατὰ
3202 3810 3264 3863 τὸ
3317 3810 3529 3879 μέλλον,
3575 3810 3653 3873 ὡς
3713 3809 3811 3877 τῆς

2241 3903 2613 3975 γενικωτάτης
2635 3904 2748 3957 τῶν
2769 3904 2933 3957 αὑτοῦ
2957 3903 3185 3957 ἐντολῶν
3205 3902 3305 3973 τῆς
3331 3903 3553 3971 ἀγάπης
3592 3904 3808 3963 πάντως

2242 3994 2531 4066 ὑπεριδών.

2314 4126 2378 4198 β’.
2411 4128 2492 4181 Οὐ
2522 4126 2729 4195 χρείαν
2793 4127 2919 4198 ἔχει
2963 4128 3205 4197 σοφίας,
3263 4126 3478 4193 ἐνδεὴς
3530 4124 3795 4195 φρενῶν

2235 4219 2474 4291 μᾶλλον
2508 4221 2617 4289 γὰρ
2640 4219 2842 4289 ἄγεται
2878 4222 3216 4291 ἀφροσύνῃ.
3262 4220 3320 4273 '0
3352 4222 3675 4290 φρονήσεως
3700 4218 3802 4269 λει-

2241 4310 2493 4382 πόμενος,
2532 4310 2620 4363 διὰ
2648 4310 2708 4363 τὸ
2741 4310 2815 4381 μὴ
2840 4314 2905 4381 τῇ
2927 4312 3116 4383 λογικῇ
3144 4312 3285 4382 ψυχῇ
3320 4309 3417 4381 τὴν
3454 4309 3649 4376 ἄλογον
3679 4310 3803 4375 σάρ-

2240 4418 2312 4454 κα
2336 4398 2790 4466 καθυποτάσσειν,
2825 4402 2923 4455 οὑκ
2959 4401 3210 4473 ὀρέγεται
3245 4402 3438 4471 σοφίας
3464 4416 3479 4428 ’
3509 4400 3592 4453 ὅτι
3616 4398 3801 4467 φιλόῦ·

2240 4492 2333 4557 λος
2361 4491 2455 4559 ὢν,
2490 4492 2589 4563 οὑχ
2642 4494 2878 4565 ὑπάρχει
2926 4494 3209 4562 φιλόθεοςο
3240 4494 3331 4546 καὶ
3398 4492 3507 4563 γάρ
3566 4492 3726 4545 πλέον
3775 4490 3804 4541 ὁ

2169 4584 2215 4639 Ῑ)
2241 4584 2480 4648 τοιοῦτος
2509 4587 2576 4656 τῇ
2609 4586 2821 4657 ἀλογίᾳ,
2851 4586 2886 4658 ἢ
2931 4586 3008 4657 τῷ
3052 4586 3195 4656 λόγῳ
3230 4586 3427 4639 ἕπεται
3474 4585 3618 4638 κατὰ
3658 4582 3801 4651 ίγνὼο

2242 4691 2372 4747 μην.

2306 4816 2376 4877 γ’.
2404 4810 2589 4863 Ὅταν
2608 4811 2755 4878 ἔλθῃ
2776 4810 3002 4877 ἀσεϐὴς
3037 4812 3123 4876 είς
3150 4809 3345 4875 βάθος
3367 4808 3591 4873 κακῶν,
3620 4825 3797 4863 nata-

2236 4900 2473 4971 ερρονεῒ⁸
2498 4901 2808 4971 ἐπέρχεται
2855 4902 2924 4954 δὲ
2958 4901 3120 4969 αὐτῷ
3156 4902 3359 4971 ἀτιμία
3406 4902 3505 4955 καὶ
3547 4900 3797 4966 ὄνειδος.

2248 4992 2441 5046 Ὁπότε
2467 4993 2689 5063 ἀπογνῷ
2718 4994 2817 5063 τὴν
2862 4994 3136 5065 σωτηρίαν
3170 4977 3426 5047 ἑαυτοῦὸ
3458 4992 3531 5063 μὴ
3564 4993 3631 5045 δι’
3666 4994 3799 5059 ἀγα-

2238 5084 2361 5159 θῶν,
2377 5084 2555 5157 ἔργων
2583 5086 2756 5156 τιμῶν
2783 5085 2874 5139 τὸν
2905 5086 3059 5152 Θεὸν,
3085 5085 3175 5140 τὸν
3204 5084 3367 5154 φόϐον
3397 5083 3566 5137 αὑτοῦ
3607 5099 3799 5136 παντε-

2234 5176 2344 5239 λῶς
2373 5176 2625 5231 ἐκϐάλλει
2674 5178 2771 5247 τῆς
2837 5177 2973 5240 ἰδίας
3012 5177 3222 5248 ψυχῆςο
3250 5177 3343 5229 καὶ
3393 5175 3797 5245 καταλαμϐάνει

2235 5264 2397 5318 αὑτὸν
2429 5265 2500 5319 τά
2530 5265 2677 5336 πάθη
2704 5267 2801 5336 τῆς
2827 5266 3069 5337 ἀτιμίας,
3098 5268 3191 5319 καὶ
3220 5266 3253 5335 ἡ
3298 5264 3448 5333 παρὰ
3490 5264 3709 5317 πάντων
3737 5264 3797 5316 δι’

2235 5355 2374 5410 αὑτὰ
2396 5354 2759 5426 ἐξουθένησις.

2303 5487 2366 5541 δ’.
2403 5487 2586 5556 Ὑδωρ
2619 5487 2803 5552 βαθὺ,
2827 5488 3007 5555 λόγος
3030 5488 3100 5541 ἐν
3117 5488 3331 5557 καρδίᾳ
3357 5488 3598 5557 ἀνδρός.
3632 5490 3793 5557 Δίκην

2236 5575 2425 5641 ὓδατος
2450 5577 2749 5648 βαθυτάτου
2777 5577 3011 5648 ὑπάρχει
3037 5579 3065 5631 ό
3099 5577 3239 5641 θεῖος
3266 5579 3423 5646 λόγος
3454 5582 3513 5632 ὲν
3543 5583 3611 5650 τῇ
3650 5582 3793 5649 ψυχῇ

2234 5668 2327 5721 τοῦ
2358 5669 2619 5737 γενναίως
2648 5668 2716 5722 τά
2744 5668 2892 5739 πάθη
2916 5669 3421 5732 καταπαλαίσαντος
3443 5686 3457 5700 ο
3485 5670 3584 5741 τὴν
3628 5671 3790 5724 ἄϐυσ-

2236 5776 2327 5813 σον
2365 5760 2463 5829 τῆς
2500 5761 2752 5828 γνώσεως
2793 5759 2956 5812 αὑτοῦ
2990 5760 3319 5831 ὲρευνῶντος
3350 5761 3491 5815 κατὰ
3532 5762 3787 5824 διάνοιαν,

2237 5852 2329 5905 καὶ
2363 5851 2786 5923 ἁνεξηρεύνητον
2823 5851 3029 5922 ταύτην
3079 5854 3443 5925 εὑρίσκοντος.
