4054 6494
187 416 329 487 1405

1248 412 1777 477 COMMENTARII
1806 411 1890 472 IN
1924 409 2378 472 PROVERBIA.

260 527 535 599 Ποταμὸς
560 526 629 580 δὲ
646 524 973 593 ἀναπηδῶν
990 522 1088 579 καί
1109 524 1272 594 πηγὴ
1304 524 1470 593 ζωῆς.
1505 523 1602 579 Ἐκ
1636 524 1755 577 στό-

1928 520 2151 575 Flumen
2186 530 2360 575 autem
2392 524 2685 578 scaturiens
2708 533 2757 578 et
2775 524 2892 593 fons
2917 526 3056 579 vita'.
3085 524 3162 579 Ex
3198 539 3293 580 ore
3324 541 3423 578 au—

194 638 365 691 ματος
400 620 459 674 δὲ
481 618 574 672 τοῦ
606 618 895 688 εἰρημένου
930 616 1142 687 ἀνδρὸς,
1176 610 1331 681 οὗτος
1357 618 1385 669 6
1414 616 1571 684 λόγος
1597 615 1755 687 δίκην

190 708 437 782 ποταμοῦ
491 706 967 780 πλημμυροῦντος,
1020 707 1115 760 καὶ
1184 706 1294 760 τῶν
1355 706 1549 760 ἑαυτοῦ
1593 706 1757 778 ὁρίων

190 803 682 872 ὐπερεκχεομένου,
717 802 810 852 καὶ
837 800 937 869 τὴν
964 797 1489 870 συμπαρακειμένην
1519 796 1623 867 γῆν
1658 796 1759 866 ἄρ-

189 894 370 957 δοντος
399 892 493 947 καὶ
536 891 880 963 καρποφόρον
925 890 1334 953 ἁποτελοῦντος,
1356 887 1757 952 διδασκαλικῶς

191 985 615 1057 προερχόμενος,
665 983 902 1053 πηγάζει
948 978 1007 1038 εὖ
1057 979 1197 1038 εἶναι
1248 982 1481 1053 ζωτικὴν
1506 981 1758 1051 δύναμιν.

264 1084 327 1132 ε’.
368 1076 675 1147 Θαυμάσαι
727 1076 1051 1145 πρόσωπον
1101 1075 1380 1142 ἀσεϐοῦς,
1427 1076 1499 1130 οὐ
1547 1075 1756 1129 καλόν.

197 1169 364 1240 Ὀψιν
388 1169 803 1239 καταπλαγῆναι
830 1168 1110 1231 δυνάστου,
1140 1168 1273 1221 Θεὸν
1298 1166 1373 1239 μὴ
1403 1166 1671 1238 τιμῶντος
1690 1165 1757 1219 δι’

193 1260 584 1332 ἀγαθοεργίας,
612 1260 710 1313 οὐκ
738 1260 884 1312 ἔστιν
912 1258 1222 1315 ἐπαινετόν.

270 1353 424 1408 οὐδὲ
452 1353 623 1407 ὅσιον
650 1352 952 1407 ἐκκλίνειν
969 1353 1036 1406 τὸ
1064 1352 1298 1407 δίκαιον
1320 1351 1389 1405 ἐν
1414 1352 1628 1419 κρίσει.
1656 1350 1761 1403 O6-

194 1446 253 1499 δὲ
277 1447 423 1499 ὅσιον
450 1445 536 1497 διὰ
567 1444 657 1497 τὸν
686 1444 744 1511 ἐξ
786 1444 951 1498 αὐτοῦ
1012 1442 1197 1511 φόϐον,
1238 1444 1295 1496 ὲν
1341 1442 1520 1513 κρίσει
1563 1440 1756 1512 ἐκτρέ-

196 1536 394 1590 πεσθαι
435 1534 530 1588 τοῦ
559 1534 793 1601 δικαίου,
823 1534 924 1588 κᾶν
955 1534 1050 1588 τοῦ
1090 1533 1231 1588 κατὰ
1270 1533 1361 1587 τὸν
1399 1532 1626 1603 φυσικὸν
1669 1531 1758 1584 νό-

200 1646 303 1698 μον
325 1628 557 1691 δικαίου,
588 1628 622 1697 ή
645 1626 788 1680 κατὰ
824 1626 915 1679 τὸν
944 1624 1312 1695 πνευματικὸν
1347 1625 1509 1695 νόμον
1543 1623 1758 1694 ὁσιότης

196 1719 516 1790 ὑπέρκειται
542 1717 756 1788 φύσεως
795 1716 931 1787 πρὸς
958 1717 1029 1770 τὰ
1061 1716 1200 1786 ὑπὲρ
1238 1715 1399 1786 φύσιν
1440 1713 1759 1781 ὲξιστῶντος

194 1809 291 1863 τοῦ
322 1809 649 1879 πνεύματος.

1865 621 1970 669 tem
1996 613 2206 684 praefati
2221 614 2321 668 viri
2347 615 2435 669 hic
2446 630 2626 671 sermo
2641 617 2707 671 ad
2723 616 3030 671 doctrinam
3045 617 3422 687 progrediens,

1861 703 2130 759 scaturire
2154 702 2284 759 facit
2311 704 2581 759 vivificam
2605 707 2716 761 vim
2750 706 3051 772 felicitatis,
3071 707 3424 777 quemadmo-

1861 796 1989 851 dum
2018 795 2214 850 ﬂumeu
2244 796 2387 866 quod
2408 805 2689 865 exaestuat,
2710 805 2864 854 extra
2884 799 3097 853 alveum
3128 799 3425 855 effunditur

1862 897 2179 961 terramque
2212 889 2553 961 adiacentem
2607 890 2845 961 irrigans
2872 889 3106 946 fertilem
3134 890 3316 947 efﬁcit.

1930 1072 2098 1131 Vens.
2134 1072 2188 1129 5.
2224 1071 2421 1127 Mirari
2446 1089 2719 1143 personam
2748 1076 2898 1145 impii
2927 1117 2941 1141 ,
2972 1093 3075 1131 non
3103 1086 3178 1132 est
3210 1077 3425 1129 bonum.

1862 1163 1938 1221 De
1967 1165 2119 1220 vultu
2146 1165 2414 1235 potentis‘,
2450 1164 2611 1220 bonis
2663 1168 2923 1235 operibus
2961 1183 3068 1222 non
3108 1168 3424 1222 llOflOl'aliliS

1860 1256 2031 1311 Deum
2065 1254 2456 1324 obstupescere
2499 1270 2605 1309 non
2634 1265 2720 1310 est
2749 1255 3045 1311 laudabile.

1931 1346 2113 1419 Neque
2136 1355 2377 1402 sanctum
2396 1345 2659 1401 declinare
2679 1347 2887 1417 justum
2913 1350 2967 1402 in
2986 1349 3213 1418 judicio.
3240 1349 3425 1420 Neque

1861 1451 2111 1495 sanctum
2151 1439 2222 1494 ob
2263 1439 2504 1510 potentis
2533 1447 2736 1494 metum
2765 1479 2781 1505 ,
2812 1440 2864 1493 in
2912 1440 3120 1510 judicio
3150 1442 3426 1497 declinare

1860 1533 2079 1604 ajusto,
2115 1532 2331 1588 etiamsi
2379 1532 2446 1587 de
2470 1530 2624 1601 justo
2682 1530 2981 1586 secundum
3010 1532 3177 1602 legem
3208 1543 3426 1587 natura-

1860 1624 1964 1681 lem
1998 1632 2213 1696 agatur.
2256 1623 2530 1678 Sanctitas
2566 1623 2711 1677 enim
2750 1624 3053 1678 secundum
3089 1624 3262 1695 legem
3317 1625 3427 1694 spi-

1861 1716 2112 1771 ritualem
2151 1722 2372 1785 praestat
2397 1722 2670 1780 naturam,
2701 1713 2899 1784 spiritu
2945 1729 3064 1769 eam
3100 1716 3166 1769 ad
3205 1730 3267 1770 ea
3306 1731 3428 1786 quae

1861 1821 2028 1877 supra
2064 1816 2316 1861 naturam
2354 1814 2483 1861 sunt
2534 1806 2919 1859 transferente.

269 1906 344 1965 ς’.
373 1900 554 1966 Χείλη
591 1897 870 1967 ἄφρονος,
924 1897 1181 1968 ἄγουσιν
1225 1893 1412 1949 αὑτὸν
1449 1895 1536 1958 είς
1581 1892 1766 1983 κακά³

1933 1896 2097 1952 Vsus.
2133 1897 2187 1951 6.
2245 1895 2417 1950 Labia
2471 1896 2626 1950 stulti
2689 1895 2891 1949 ducunt
2957 1911 3075 1949 eum
3140 1896 3194 1947 in
3253 1894 3420 1949 mala.

204 1992 271 2044 Ἢ
296 1989 560 2059 ἐπιθυμία
599 1990 692 2041 καὶ
724 1992 751 2042 ὁ
777 1989 947 2059 θυμὸς
997 1986 1090 2041 τοῦ
1128 1986 1202 2057 μὴ
1238 1986 1380 2057 λόγῳ
1427 1985 1602 2039 ταῦτα
1653 1985 1754 2036 ὲπ-

194 2083 433 2153 έχοντος,
464 2082 578 2135 ἀλλ’
606 2081 872 2149 ἀγομένου
897 2079 987 2133 ὑπ’
1017 2078 1195 2133 αὐτῶν
1226 2077 1544 2146 ἀλογίστως,
1577 2076 1669 2129 καὶ
1690 2076 1757 2128 δι’

192 2175 375 2229 αὐτῶν
398 2173 473 2237 ὡς
500 2172 587 2227 διὰ
614 2172 838 2242 χειλέων
870 2172 930 2225 τὸ
978 2170 1294 2240 παρατυχὸν
1339 2168 1483 2222 ἅπαν
1512 2168 1757 2232 ἀσπαζο-

194 2268 383 2338 μένου,
419 2268 498 2330 εἰς
525 2267 705 2319 πᾶσαν
739 2265 994 2336 φέρουσιν
1031 2262 1193 2317 αὐτὸν
1221 2261 1517 2333 ἁμαρτίαν.

266 2442 339 2498 T6
364 2441 432 2495 δὲ
454 2442 647 2511 στόμα
674 2441 863 2495 αὑτοῦ
891 2439 955 2494 τὸ
987 2438 1178 2509 θρασὺ
1198 2478 1214 2503 ,
1251 2439 1510 2493 θάνατον
1554 2437 1762 2491 ἐπικα-

192 2532 402 2587 λεῖται.
439 2532 506 2585 Ἦ
548 2531 606 2585 δὲ
646 2529 836 2585 τούτου
874 2529 1165 2599 φαντασία,
1210 2530 1242 2597 ἡ
1292 2528 1445 2596 δίκην
1496 2528 1761 2596 στόματος

194 2622 543 2695 προπετοῦς,
584 2622 683 2693 τὴν
735 2621 874 2675 κατὰ
922 2621 1160 2675 διάνοιαν
1208 2620 1433 2691 λογικὴν
1476 2620 1633 2685 δόξαν
1684 2619 1760 2689 μὴ

192 2716 560 2787 ἀναμένουσα,
587 2714 723 2768 ἀλλὰ
749 2712 1351 2786 προκαταλαμϐάνουσα
1380 2714 1622 2765 ἐπαινεῖν
1650 2729 1702 2765 τι
1726 2711 1759 2783 ἢ

191 2807 406 2877 ψέγειν,
435 2806 510 2871 ὡς
567 2805 793 2876 ἔτυχεν,
840 2807 1134 2859 ἐπισπᾶται
1191 2804 1290 2875 τὴν
1340 2804 1462 2857 κατ’
1485 2804 1762 2875 ἐνέργειαν

196 2898 488 2970 ἁμαρτίαν,
518 2897 553 2967 ἢ
589 2898 765 2968 ψυχῆς
804 2900 917 2950 ἐστι
956 2897 1203 2958 θάνατος.

268 2991 337 3057 ζ’.
377 2990 571 3059 Στόμα
586 2990 863 3060 ἄφρονος,
883 2986 1174 3057 συντριϐἡ
1197 2985 1357 3052 αὐτῷ
1374 3001 1391 3017 ⁶
1411 2984 1565 3041 τὰδὲ
1585 2985 1761 3054 χειλη

195 3082 405 3145 αὑτοῦ,
424 3080 601 3151 παγίς
624 3080 698 3149 τῇ
720 3080 892 3149 ψυχῇ
917 3079 1123 3134 αὑτοῦ.
1160 3078 1225 3131 Ἡ
1249 3077 1357 3149 γὰρ
1380 3076 1646 3146 φαντασία
1665 3074 1762 3129 τοῦ

200 3174 277 3245 μὴ
320 3174 410 3227 τὸν
437 3172 531 3226 τοῦ
561 3171 695 3226 Θεοῦ
730 3172 892 3241 φόϐον
926 3174 982 3225 ἐν
1011 3169 1212 3241 καρδίᾳ
1255 3168 1532 3238 φέροντος,
1567 3165 1764 3237 συνθλᾷ

198 3231 389 3319 τοῦτον
407 3278 422 3294 ⁸
450 3266 530 3327 εἰς
556 3263 661 3333 γῆν
690 3231 1026 3316 κατασπῶσα
1052 3231 1115 3314 τδ
1142 3231 1306 3313 αῦτοῦ
1330 3231 1587 3330 ιρρόνημα
1606 3272 1619 3286 ·
1653 3260 1687 3329 ὴ
1710 3231 1767 3310 δὲ
1793 3231 1835 3289 c

199 3356 461 3427 ἐπιθυμία
501 3354 690 3409 τούτου
737 3354 831 3408 καὶ⁵
875 3356 903 3408 6
933 3354 1122 3423 θυμὸς,
1147 3353 1248 3423 τὴν
1291 3350 1458 3405 αὐτοῦ
1489 3349 1665 3421 ψυχὴν
1694 3349 1770 3414 ὣς

199 3465 311 3501 τισι
345 3446 637 3519 θηράτροις
665 3443 960 3517 ἀπατηλῶς
989 3447 1104 3509 τοῖς
1135 3442 1492 3515 προσκαίροις
1521 3442 1771 3496 συνδέουο

201 3556 309 3592 σιν.

269 3633 343 3699 η’.
391 3626 706 3695 Ὀκνηροὺς
735 3623 1092 3689 καταϐάλλει
1117 3625 1331 3694 φόϐος·
1356 3623 1550 3693 ψυχαὶ
1577 3623 1645 3677 δὲ
1666 3624 1773 3678 ἁν-

198 3721 525 3791 δρογύνων,
540 3718 961 3773 πεινάσουσιν.
982 3718 1117 3781 Τοὺς
1135 3713 1657 3787 καταρᾳθυμοῦντας
1674 3714 1771 3786 τῆς

199 3814 311 3867 τῶν
340 3811 498 3865 θείων
524 3810 749 3865 ἐντολῶν
774 3808 1054 3880 ἐργασίας,
1090 3810 1123 3879 ἡ
1151 3808 1353 3878 ταύτης
1378 3806 1639 3877 ἐργασίας
1661 3806 1771 3860 δει-

202 3903 294 3956 λία
320 3900 683 3955 καταπίπτειν
720 3901 893 3952 ποιεῖ’
919 3900 973 3951 αἱ
1005 3898 1061 3951 δὲ
1083 3898 1253 3968 ψυχαὶ
1294 3896 1424 3961 τῶν,
1451 3896 1527 3960 ὠς
1565 3896 1773 3967 ἀνδρῶν

205 3990 305 4060 μὲν
334 3990 744 4060 θρασυνομένων
771 3991 829 4041 ὲν
854 3990 967 4051 τοῖς
1016 3987 1307 4059 μοχθηροῖς
1334 3987 1535 4058 ἔργοις,
1559 3988 1651 4041 καὶ
1676 3986 1769 4040 τοῦ

207 4082 337 4135 ἰδίου
364 4079 608 4135 κινδύνου
641 4079 1126 4150 κατατολμώντων,
1157 4080 1233 4143 ὡς
1264 4078 1538 4148 γυναικῶν
1577 4078 1634 4131 δὲ
1662 4078 1772 4131 δει-

202 4174 533 4245 λαινομένων
562 4176 620 4227 ὲν
645 4176 755 4237 τοῖς
783 4173 988 4236 καλοῖς,
1018 4172 1111 4225 καὶ
1144 4171 1281 4244 πρὸς
1306 4173 1404 4242 τὴν
1432 4172 1567 4224 ἰδίαν
1600 4188 1772 4241 σωτη-

206 4266 326 4337 ρίαν
344 4266 748 4319 ἁποκνευόντων
759 4262 902 4337 [cod.
922 4262 1369 4336 ἀποκναιὸντων],
1381 4266 1447 4335 τῇ
1462 4263 1554 4317 τοῦ
1568 4262 1769 4333 ἀγαθοῦ

201 4358 380 4429 ἐνδείᾳ
404 4356 749 4429 λιμώξουσιν.

280 4449 345 4503 θ’.
381 4448 445 4503 '0
478 4447 564 4519 μὴ
605 4447 847 4517 ἰώμενος
868 4448 1055 4502 αὐτὸν
1088 4447 1157 4501 ἐν
1184 4447 1309 4512 τοῖς
1332 4447 1527 4517 ἔργοις
1556 4448 1762 4515 αὐτοῦ,

1862 1988 2151 2058 Appetitus
2182 1987 2631 2057 concupiscibilis
2699 1994 2754 2040 et
2799 1988 3071 2056 appetitus
3136 1985 3425 2040 irascibilis

1863 2081 1983 2149 ejus
2016 2081 2108 2150 qui
2134 2080 2343 2134 ratione
2367 2080 2490 2135 illas
2546 2095 2657 2133 non
2688 2081 2954 2139 continet.
2982 2078 3075 2132 sed
3100 2079 3168 2131 ab
3196 2078 3303 2132 illis
3332 2078 3425 2132 ab-

1864 2171 2084 2227 ducitur
2112 2180 2165 2224 et
2198 2186 2295 2241 per
2330 2171 2449 2225 illos
2486 2172 2639 2241 quasi
2695 2185 2789 2241 per
2862 2169 3003 2224 labia
3058 2168 3426 2239 quodcunque

1863 2280 1986 2321 sors
2016 2262 2202 2318 tulerit
2232 2262 2612 2333 amplectitur,
2658 2264 2714 2319 in
2775 2278 2935 2319 omne
2985 2279 3109 2319 cum
3158 2263 3425 2318 inducunt

1865 2368 2175 2427 peccatum.

1937 2447 2009 2501 Et
2037 2464 2093 2501 os
2142 2445 2257 2515 ejus
2300 2449 2480 2499 audax
2514 2457 2731 2499 mortem
2763 2445 2995 2500 invocat.
3058 2445 3236 2515 Hujus
3289 2446 3425 2500 ima-

1868 2538 2077 2608 ginatio
2107 2578 2123 2603 ,
2152 2539 2297 2593 sicut
2321 2553 2385 2593 os
2417 2553 2680 2608 praeceps,
2726 2553 2847 2605 quae
2874 2546 3040 2593 recta:
3060 2539 3260 2592 rationi
3296 2554 3427 2593 con-

1867 2631 2058 2686 formis
2100 2639 2183 2685 est
2217 2630 2528 2700 opinionem
2567 2645 2673 2685 non
2702 2630 2884 2686 ferens
2918 2669 2934 2695 ,
2974 2632 3069 2685 sed
3125 2632 3244 2685 sine
3274 2630 3425 2699 judi-

1867 2725 1954 2780 cio
1987 2740 2051 2779 ac
2074 2724 2284 2779 delectu
2314 2724 2522 2794 aliquid
2548 2724 2772 2778 laudare
2823 2733 2916 2778 aut
2954 2725 3261 2794 vituperare
3291 2740 3428 2795 prae-

1873 2815 2110 2885 judicat,
2168 2814 2235 2869 ad
2293 2828 2350 2868 se
2411 2814 2541 2869 totis
2587 2814 2798 2870 viribus
2859 2815 3084 2870 attrahit
3145 2825 3424 2885 peccatum

1866 2906 2011 2976 quod
2042 2920 2191 2959 mors
2217 2913 2300 2960 est
2325 2906 2539 2959 animae.

1942 2996 2106 3052 Vsus.
2148 2998 2200 3050 7.
2243 2996 2315 3051 Os
2359 2994 2703 3063 imprudentis
2766 2997 3003 3049 contusio
3043 2997 3137 3063 ei,
3188 3005 3237 3049 et
3283 2996 3425 3048 labia

1869 3086 2059 3156 ipsius,
2090 3084 2309 3155 laqueus
2364 3084 2558 3137 anima:
2600 3083 2737 3153 ejus.
2778 3084 3095 3156 lmaginatio
3151 3084 3269 3155 ejus
3334 3087 3426 3155 qui

1871 3175 1965 3230 Dei
1994 3176 2243 3229 timorem
2277 3174 2331 3227 in
2378 3172 2545 3228 corde
2576 3188 2687 3227 non
2714 3182 2923 3239 servat,
2953 3183 3426 3245 conquassateum

1871 3268 1937 3321 ad
1979 3275 2181 3320 terram
2241 3265 2526 3319 attrahens
2552 3265 2913 3335 cogitationes
2947 3265 3086 3334 ejus.
3142 3266 3427 3336 Appelitus

1870 3358 2322 3428 concupiscibilis
2352 3367 2531 3412 autem
2564 3358 2714 3413 illius
2740 3373 2803 3413 ac
2833 3360 3108 3429 appetitus
3132 3360 3427 3415 irascibilis

1870 3450 2028 3519 quasi
2052 3449 2380 3520 quibusdam
2406 3449 2615 3520 laqueis
2642 3450 2879 3506 animam
2905 3452 3076 3521 ipsius
3100 3452 3264 3507 rebus
3292 3461 3427 3507 tem-

1870 3544 2150 3613 poralibus
2188 3543 2527 3598 devinciunt.

1944 3634 2107 3690 Vsus.
2150 3634 2201 3689 8.
2242 3634 2467 3705 Pigrum
2527 3630 2709 3703 dejicit
2752 3637 2953 3690 timor:
3014 3636 3207 3689 anima:
3257 3644 3429 3690 autem

1870 3729 2290 3797 e/feminatorum
2320 3729 2573 3784 esuriant.
2607 3728 2732 3783 Illos
2773 3728 2867 3797 qui
2917 3727 3194 3797 ncgligunt
3218 3726 3429 3781 divino-

1872 3839 1993 3877 rum
2042 3823 2426 3876 mandatorum
2468 3822 2868 3892 operationem,
2903 3819 3051 3874 illius
3095 3820 3429 3889 operationis

1872 3911 2136 3967 timiditas
2171 3912 2424 3967 decidere
2454 3911 2605 3965 facit.
2638 3910 2846 3963 Anima:
2876 3918 3054 3963 autem
3102 3921 3289 3962 eorum
3336 3909 3427 3977 qui

1871 4011 1932 4055 ut
1978 4003 2081 4057 viri
2113 4003 2333 4072 quidem
2379 4011 2512 4056 sunt
2564 3999 2802 4053 audaces
2852 3997 2919 4051 ad
2969 4012 3134 4068 opera
3174 3999 3433 4062 ntala,et

1872 4093 1939 4148 ad
1966 4096 2247 4165 proprium
2297 4092 2605 4162 periculum
2655 4089 2986 4151 adeundum,
3040 4087 3198 4157 quasi
3234 4088 3430 4143 mulie-

1871 4196 1962 4235 res
2013 4190 2193 4236 autem
2242 4181 2417 4235 timidi
2452 4190 2582 4235 sunt
2627 4179 2679 4233 in
2735 4178 2895 4233 bonis
2950 4178 3208 4247 operibus
3263 4188 3318 4233 et
3361 4178 3430 4233 ad

1871 4276 2145 4345 propriam
2187 4276 2415 4331 salutem
2446 4274 2609 4346 pigri,
2652 4273 2831 4343 inopia
2861 4272 2990 4327 boui
3021 4272 3286 4326 esurient.

1940 4456 2106 4512 Vsus.
2155 4458 2208 4512 9.
2252 4458 2354 4523 Qui
2403 4474 2505 4510 non
2526 4460 2765 4509 medetur
2789 4455 2891 4509 sibi
2936 4456 2994 4508 in
3025 4454 3268 4523 operibus
3295 4455 3430 4515 suis,

202 4541 468 4609 ἀδελφός
512 4541 640 4594 ἐστι
687 4539 795 4594 τοῦ
839 4538 1278 4609 λυμαινομένου
1322 4539 1555 4594 ἑαυτόν.
1588 4540 1648 4594 Ὀ
1694 4542 1766 4611 μὴ

1872 4550 2039 4619 frater
2063 4562 2139 4605 est
2187 4549 2450 4617 perdentis
2506 4548 2757 4615 seipsum.
2822 4545 2925 4613 Qui
2978 4561 3075 4615 per
3124 4559 3290 4614 opera
3321 4545 3431 4598 vir-

202 4632 293 4687 διέι
323 4631 432 4686 τῶν
464 4631 637 4702 ἔργων
678 4632 776 4700 τῆς
814 4631 1012 4703 ἀρετῆς
1049 4631 1404 4685 ἀπαλλάττων
1438 4630 1629 4685 ἑαυτὸν
1660 4632 1766 4684 τῶν

1877 4643 2008 4699 tutis
2042 4660 2148 4697 non
2178 4642 2371 4696 liberat
2404 4656 2463 4695 se
2488 4649 2755 4710 quantum
2800 4644 2979 4709 potest
3026 4651 3055 4690 a
3083 4636 3432 4707 passionibus

204 4724 327 4779 καθ’
352 4723 467 4788 ἓξιν
513 4724 611 4792 τῆς
654 4723 925 4794 ἁμαρτίας
965 4722 1178 4786 παθῶν,
1209 4722 1411 4792 ἀδελφὰ
1465 4726 1650 4794 φρονεῖ
1695 4721 1773 4793 τῷ

204 4814 325 4868 κατ’
347 4814 627 4885 ἐνέργειαν
646 4813 853 4884 ταύτης
877 4814 1078 4884 μᾶλλον
1097 4814 1290 4868 ἑαυτὸν
1316 4814 1769 4869 καταδλάπτοντι.

201 4906 270 4960 Et
305 4903 380 4976 μὴ
417 4904 527 4975 γὰρ
553 4905 646 4958 καὶ
675 4907 775 4974 τὴν
808 4905 951 4958 κατὰ
993 4905 1230 4959 διάθεσιν
1271 4906 1424 4976 ῥίζαν
1452 4906 1549 4976 τῆς
1577 4906 1773 4971 κακίας

206 4996 437 5052 σπεύσει
462 4996 733 5050 ὲκσπάσαι
759 5013 873 5060 τις,
906 4997 1132 5059 κλάδους
1164 4997 1382 5059 πάντως
1407 4999 1659 5069 πονηρῶν
1682 4998 1772 5051 λο-

205 5086 421 5158 γισμῶν
451 5086 803 5158 ἀναθαλήσει,
828 5086 923 5141 καὶ
954 5087 1046 5140 τὸν
1075 5089 1269 5158 πικρὸν
1294 5084 1449 5151 αὖθις
1472 5088 1572 5158 τῆς
1594 5089 1773 5160 ἁμαρ-

202 5175 327 5238 τίας
365 5173 485 5229 κατ’
516 5175 797 5247 ἐνέργειαν
838 5175 1181 5247 προσενέγκῃ
1218 5177 1448 5246 καρπόν.

279 5272 332 5321 ι’.
371 5269 472 5320 Ἐκ
495 5268 931 5337 μεγαλωσύνης
955 5268 1192 5336 ισχύος,
1218 5267 1479 5336 φανερόν
1498 5267 1564 5321 τὸ
1588 5269 1774 5339 ὄνομα

206 5359 449 5428 Κυρίου.
483 5359 579 5413 Ἐκ
620 5361 719 5430 τῆς
742 5360 1157 5431 κηρυττομένης
1187 5361 1292 5412 ὑπὸ
1323 5360 1503 5431 πάσης
1530 5361 1629 5432 τῆς
1658 5363 1773 5415 κτί-

207 5473 346 5520 σεως
373 5455 614 5527 μεγάλης
634 5454 913 5525 δυνάμεως
934 5454 1024 5507 τοῦ
1046 5453 1317 5507 Δεσπότου
1339 5454 1453 5507 τῶν
1467 5456 1602 5509 ὅλων
1617 5454 1770 5521 Θεοῦ,

207 5548 421 5619 φανερὰ
456 5549 491 5617 ἡ
527 5544 717 5599 τούτου
756 5545 958 5614 γνῶσις
996 5544 1356 5617 καθέστηκεν.

279 5656 447 5723 Αὐτῷ
476 5656 546 5711 δὲ
572 5656 1057 5727 προσδραμόντες
1076 5658 1312 5725 δίκαιοι,
1335 5658 1649 5727 ὑψοῦνται.
1692 5660 1768 5730 Τῇ

210 5749 268 5800 δὲ
299 5749 519 5818 τοιαύτῃ
551 5747 748 5816 γνώσει
778 5750 1169 5821 προσελθόντες
1191 5750 1280 5803 διὰ
1310 5750 1541 5812 πίστεως
1570 5750 1662 5803 καὶ
1686 5752 1773 5819 φό-

210 5839 327 5906 ϐου,
348 5840 398 5892 οἱ
428 5838 487 5893 τὸ
514 5838 684 5905 ὅντως
724 5841 950 5909 ἀγαθὸν,
969 5843 1062 5897 τοῦ
1083 5840 1435 5906 νομιζομένου
1459 5844 1773 5900 προκρίνον-

1872 4734 2103 4803 peccati,
2140 4732 2338 4788 similia
2373 4731 2577 4798 cogitat
2604 4744 2669 4783 ac
2715 4728 2807 4783 ille
2841 4728 2937 4797 qui
2989 4727 3229 4794 seipsqu
3260 4725 3429 4781 lazdit.

1870 4823 2005 4880 Nam
2046 4825 2153 4878 nisi
2189 4824 2314 4893 quis
2373 4836 2472 4891 pro
2508 4819 2655 4873 virili
2706 4827 2861 4889 parte
2904 4817 3127 4873 malitia:
3191 4816 3428 4871 radicem

1871 4915 2161 4970 extrahere
2229 4911 2474 4976 studeat,
2508 4909 2775 4963 malarum
2804 4908 3198 4979 cogitationum
3250 4922 3435 4961 ramos

1870 5006 2094 5060 omnino
2136 5004 2409 5059 virescere
2445 5000 2576 5055 facit
2619 5014 2947 5071 amarosque
2979 4999 3180 5054 iterum
3222 4996 3432 5067 peccati

1870 5096 2081 5153 fructus
2128 5097 2256 5152 totis
2288 5094 2497 5150 viribus
2558 5090 2789 5163 profert.

1936 5276 2302 5333 Vens.i0.Ex
2333 5276 2726 5346 magniﬁcentia
2746 5273 3076 5344 fortitudinis
3104 5287 3294 5326 nomen
3321 5268 3429 5325 Do.

1872 5370 2001 5423 mini
2025 5367 2419 5437 manifestatur.
2444 5367 2520 5420 Ex
2557 5380 2749 5435 magna
2789 5363 3029 5434 potentia
3055 5362 3426 5427 Dei,0tnnium

1870 5460 2114 5525 Domini,
2142 5462 2210 5514 ab
2268 5460 2523 5514 universa
2571 5458 2845 5512 creatione
2890 5455 3203 5527 praedicata,
3252 5456 3428 5509 mani-

1871 5553 2008 5607 festa
2034 5553 2241 5607 exstitit
2290 5551 2410 5620 ejus
2442 5550 2698 5621 cognitio.

1946 5666 2009 5720 Ei
2037 5674 2212 5719 autem
2240 5671 2568 5717 occurrentes
2591 5661 2729 5730 justi
2746 5661 3075 5718 excitantur.
3102 5661 3203 5729 Qui
3237 5673 3421 5719 autem

1871 5757 1939 5812 ad
1970 5758 2118 5812 illam
2151 5755 2517 5825 cognitionem
2548 5760 2846 5806 accurrunt
2872 5766 2969 5820 per
3000 5751 3160 5806 fidem
3195 5760 3250 5807 et
3306 5768 3422 5808 me-

1871 5860 2007 5904 tum.
2046 5854 2097 5899 et
2133 5859 2317 5900 verum
2359 5843 2559 5899 bonum
2592 5842 2644 5899 ei
2688 5842 2829 5899 uuod
2859 5840 3164 5898 aestimatur
3222 5844 3424 5899 bonum

3290 410 3425 476 14οθ
3538 439 3543 443 ι
