4054 6506
574 399 708 463 1407

1862 392 2219 454 PROCOPII
2259 392 2501 453 GAZAEI

3692 387 3838 453 1408

570 516 952 580 anteponunt,
983 520 1012 559 a
1044 504 1362 561 carnalibus
1402 503 1748 575 terrenisque
1776 504 1842 558 ad
1892 506 2143 575 spiritua-

2267 521 2357 569 ςες,
2378 500 2798 571 ἀνάγονταιάπὸ
2819 502 2929 557 τῶν
2950 503 3225 574 σαρκικῶν
3254 502 3352 557 καὶ
3368 503 3573 574 γηΐνων
3601 504 3746 575 πρὸς
3766 506 3839 557 τὰ

569 604 641 657 lia
695 619 760 657 ac
802 598 1047 655 cmlestia
1092 595 1520 652 transferuntur.

640 694 805 749 Vens.
846 692 935 747 11.
981 690 1300 747 Substantia
1346 686 1523 742 divitis
1569 689 1669 743 viri
1752 689 1874 743 urbs
1916 689 2141 743 munita.

568 783 889 841 Substantia
946 797 1138 837 eorum
1183 780 1279 848 qui
1322 780 1583 835 virtutem
1644 795 1710 834 ac
1776 779 2146 849 cognitionem

568 875 860 947 possident
911 871 1155 925 cmlestis
1226 876 1316 925 est
1376 869 1699 938 metropolis
1753 868 1973 923 insidiis
2035 884 2147 924 non

570 978 784 1038 patens,
828 962 1269 1035 inexpugnabilis
1302 979 1317 1029 ;
1349 976 1538 1016 eorum
1581 962 1672 1030 qui
1702 962 1884 1015 omnia
1910 976 2147 1031 praesen-

572 1060 645 1114 tia
688 1065 1049 1112 contemnunt
1110 1064 1170 1109 ut
1220 1055 1372 1109 illius
1419 1054 1664 1108 civitatis
1701 1055 1849 1108 cives
1884 1053 2039 1110 ﬁant.

643 1145 829 1201 Gloria
860 1156 1036 1199 autem
1082 1145 1197 1213 ejus
1258 1160 1570 1213 magnopere
1622 1142 1921 1197 obumbrat.
1958 1142 2148 1199 Gratia

574 1250 759 1295 autem
824 1237 1164 1293 sanctissimi
1231 1236 1497 1307 Spiritus,
1532 1251 1655 1307 qua:
1699 1236 1853 1291 illius
1909 1238 2149 1292 civitatis

574 1341 657 1387 cst
676 1332 872 1401 gloria,
903 1346 1045 1400 quos
1082 1328 1245 1396 hujus
1286 1330 1438 1383 cives
1472 1328 1669 1397 dignos
1711 1328 1903 1384 habuit
1929 1330 2031 1384 hac
2053 1346 2150 1401 per

574 1424 803 1495 gratiam
849 1420 1211 1486 deiﬁcatione,
1236 1422 1464 1476 multum
1510 1422 1566 1475 in
1612 1422 1716 1476 hac
1756 1421 1863 1476 vita
1916 1424 2151 1495 protegit

576 1524 768 1570 contra
799 1513 1069 1569 maculam
1093 1528 1125 1567 a
1154 1512 1551 1581 cupiditatibus
1576 1512 1918 1583 adspersam.

651 1608 813 1664 Vens.
882 1607 969 1662 12.
1011 1607 1305 1677 Antequam
1352 1617 1676 1672 conteratur,
1735 1608 2003 1663 exaltatur
2060 1626 2151 1663 cor

578 1696 825 1761 hominis,
864 1705 912 1749 et
946 1705 1226 1764 antequam
1248 1696 1605 1766 gloriﬁcetur,.
1626 1697 1959 1754 humiliatur.
1972 1698 2151 1756 Causa

577 1788 774 1840 animae
820 1787 1008 1855 lapsus
1054 1786 1177 1855 ejus
1207 1793 1293 1840 est
1332 1786 1600 1841 exaltatio
1636 1831 1650 1853 ,
1686 1788 2149 1858 quemadmodum

2248 592 2596 665 πνευματικά
2632 594 2726 647 καὶ
2763 593 3015 665 οὐράνια.

2318 692 2407 741 ια’.
2433 684 2730 755 ’Υπαρξις
2757 685 3072 740 πλουσίων
3090 728 3107 753 ,
3138 685 3317 751 πόλις
3346 685 3557 756 ὀχυρά.
3601 688 3841 757 Περιουο

2248 780 2337 833 σία
2361 778 2469 833 τῶν
2495 776 2595 851 τὴν
2620 775 2827 851 ἀρετὴν
2856 779 2952 832 καὶ
2983 778 3081 850 τὴν
3109 779 3314 847 γνῶσιν
3346 778 3837 853 πεπλουτηκότων,

2247 873 2281 942 ἡ
2311 873 2423 928 ἀνω
2453 873 2572 925 ἐστὶ
2603 870 3014 943 μητρόπολις,ἡ
3039 870 3465 942 ἀνεπιϐούλητος
3501 873 3597 925 καὶ
3622 874 3843 926 ἀνάλωο

2244 982 2337 1029 τος
2355 978 2371 995 ⁸
2400 964 2578 1019 πάντα
2603 964 2944 1035 προϊεμένων
2986 965 3057 1019 τά
3098 965 3380 1035 παρόντα,
3415 964 3490 1029 ὡς
3519 966 3590 1019 ἂν
3618 966 3839 1039 ἐκείνης

2246 1057 2460 1111 πολῖται
2492 1058 2777 1127 γένωνται.

2334 1149 2395 1203 Ἠ
2437 1149 2507 1204 δὲ
2552 1150 2702 1215 δόξα
2740 1150 2931 1220 αὐτῆς
2952 1149 3107 1221 μέγα
3136 1150 3490 1213 ἐπισκιάζει.
3524 1154 3593 1207 Ἡ
3642 1154 3703 1207 δὲ
3742 1154 3830 1207 τοῦ

2248 1238 2513 1305 παναγίου
2544 1238 2862 1310 Πνεύματος
2896 1240 3056 1311 χάρις
3076 1280 3092 1305 ,
3121 1241 3269 1311 ἤπερ
3301 1242 3447 1296 ἐστὶν
3477 1243 3703 1315 ἐκείνης
3743 1245 3841 1311 τῆς

2248 1332 2456 1395 πόλεως
2485 1330 2725 1399 εὔκλεια,
2751 1333 2828 1397 ὡς
2859 1334 2985 1397 τοὺς
3008 1334 3213 1405 ταύτης
3234 1334 3454 1400 πολίτας
3477 1336 3715 1401 ἀξιοῦσα
3742 1338 3847 1405 τῆς

2249 1423 2390 1477 κατά
2419 1423 2579 1494 χάριν
2606 1424 2855 1489 θεώσεως
2874 1467 2889 1492 ,
2919 1427 2979 1479 οὑ
3015 1426 3228 1497 μικρῶς
3258 1428 3537 1483 κάνταῦθα
3571 1428 3847 1498 φυλάττει

2248 1513 2355 1567 ἀπὸ
2395 1515 2491 1584 τῆς
2531 1514 2624 1570 τοῦ
2668 1516 2912 1587 φλογμοῦ
2954 1518 3062 1571 τῶν
3101 1520 3292 1573 παθῶν
3334 1520 3733 1591 μελανώσεως.

2324 1606 2411 1676 ιβ’.
2455 1606 2575 1675 Πρὸ
2619 1607 2948 1678 συντριϐῆς
3002 1608 3265 1677 ὑψοῦται
3314 1611 3529 1679 καρδία
3571 1611 3845 1680 ἀνδρὸς,

2250 1699 2348 1751 καὶ
2377 1699 2489 1767 πρὸ
2522 1699 2707 1768 δόξης
2734 1701 3138 1759 ταπεινοῦται.
3176 1703 3335 1757 Attia
3362 1705 3455 1758 τοῦ
3481 1705 3621 1758 κατά
3652 1706 3848 1776 ψυχὴν

2250 1790 2601 1863 πτῶματοςή
2633 1793 2837 1865 ταύτης
2864 1796 3012 1849 ἐστὶν
3052 1795 3303 1868 ἔπαρσις,
3346 1797 3539 1867 ῶσπερ
3572 1798 3643 1851 αὖ
3673 1800 3709 1869 ἡ
3739 1814 3848 1851 τα-

576 1878 858 1932 humilitas
885 1891 1054 1931 causa
1095 1886 1179 1931 est
1208 1878 1435 1933 honoris
1490 1879 1636 1949 apud
1692 1878 1889 1937 Deum.
1952 1880 2143 1937 Omnis

2267 1886 2645 1958 τεινοφροσύνη
2668 1888 2769 1956 τῆς
2799 1888 2951 1961 παρὰ
2983 1888 3101 1960 Θεῷ
3137 1889 3305 1961 τιμῆς
3323 1906 3339 1922 ο
3367 1892 3478 1954 πᾶς
3500 1891 3611 1961 γὰρ
3630 1891 3659 1943 ὁ
3682 1890 3847 1960 ὑψῶν

574 1971 723 2027 enim
757 1970 853 2040 qui
893 1985 952 2025 se
983 1970 1187 2025 cxaltat
1247 1970 1637 2026 humiliabitur
1662 2011 1679 2037 ,
1712 1973 1807 2042 qui
1854 1983 2034 2029 autem
2088 1988 2149 2029 se

578 2063 830 2119 humiliat
863 2061 1215 2117 exaltabitur.

649 2154 813 2210 Vens.
858 2154 946 2208 15.
988 2154 1093 2219 Qui
1147 2155 1299 2223 prius
1352 2154 1628 2224 respondet
1690 2172 1851 2225 quam
1889 2156 2145 2222 audierit,
2235 2152 2242 2161 ’

578 2245 798 2300 stultum
824 2261 878 2300 se
899 2261 1009 2299 esse
1037 2244 1384 2309 demonstrat,
1420 2255 1468 2299 et
1491 2247 1883 2314 vituperatione
1906 2247 2147 2319 dignum.

577 2336 680 2403 Qui
712 2352 832 2393 sese
860 2335 1103 2391 defendit
1129 2338 1455 2407 priusquam
1485 2337 1712 2393 auribus
1742 2340 1982 2409 accipiat
2001 2339 2150 2410 quod

575 2428 681 2499 ipsi
709 2428 946 2493 dicitur,
1005 2428 1261 2483 amentia:
1297 2428 1544 2484 defensio
1608 2429 1728 2499 ejus
1778 2430 2152 2488 manifestatio

576 2520 780 2582 evadit,
806 2520 933 2592 quia
960 2536 1071 2575 non
1094 2519 1577 2591 intelligitdictum
1600 2532 1661 2576 ut
1690 2522 1769 2576 illi
1796 2524 2149 2594 respondeat.

579 2614 704 2667 ldeo
733 2622 791 2668 et
834 2612 1211 2667 contemnitur
1256 2612 1324 2667 ab
1358 2613 1615 2670 omnibus
1650 2615 1853 2686 quibus
1884 2617 2154 2690 colloqui-

579 2714 686 2758 llll‘.

656 2794 819 2851 Vens.
861 2794 950 2850 14.
992 2794 1251 2850 Furorem
1282 2795 1383 2849 viri
1419 2795 1633 2869 mitigat
1672 2814 1853 2854 servus
1898 2798 2151 2870 prudens.

580 2886 717 2942 Iram
752 2887 991 2943 hominis
1042 2889 1194 2943 sedat
1255 2888 1498 2959 prudens
1564 2890 1805 2949 famulus
1856 2894 2155 2951 solertibus

578 2979 783 3035 verbis.

650 3072 1059 3129 Pusillanimem
1090 3080 1272 3128 autem
1317 3072 1601 3129 dominum
1645 3074 1691 3131 si
1720 3078 1844 3148 quis
1890 3080 2150 3146 sustinet,

581 3166 948 3223 admiratione
992 3166 1215 3237 dignus.
1245 3164 1400 3223 Solet
1427 3169 1575 3227 enim
1606 3168 1697 3224 ille
1720 3170 1882 3225 irasci
1914 3172 1971 3227 in
2001 3174 2151 3228 omni

580 3259 895 3326 occasione,
925 3258 970 3313 si
1003 3257 1219 3312 accidat
1253 3268 1313 3313 ut
1355 3258 1563 3329 aliquid
1596 3276 1707 3316 non
1761 3262 1919 3331 juxta
1986 3264 2156 3320 bene-

581 3352 843 3423 placitum
888 3350 1211 3420 perﬁciatur
1257 3366 1326 3406 ex
1372 3351 1687 3422 ignorantia
1732 3356 1876 3411 servi
1924 3356 2155 3410 manda-

583 3454 698 3500 tum
747 3458 860 3499 non
916 3443 1299 3513 adimplcntis,
1332 3445 1423 3499 cui
1464 3460 1607 3515 saepe
1652 3445 1954 3505 inhumane
1990 3447 2157 3520 ﬂagra

584 3534 779 3603 inﬁgit.
2100 3544 2107 3555 ’

657 3624 822 3681 Vens.
864 3625 953 3681 15.
992 3624 1099 3682 Cor
1139 3624 1418 3696 prudentis
1446 3626 1684 3695 possidet
1747 3643 1984 3683 sensum.
2026 3628 2160 3682 Ani-

584 3734 674 3775 ma
720 3718 844 3789 ejus
884 3718 981 3790 qui
1035 3716 1207 3773 Deum
1258 3727 1440 3773 mente
1496 3717 1725 3789 profert,
1777 3718 1980 3790 accipit
2040 3718 2159 3774 dis-

586 3811 885 3867 cretionem
914 3824 1038 3880 quae
1065 3824 1095 3863 a
1121 3809 1308 3879 pejore
1354 3809 1555 3865 melius
1579 3810 1889 3880 distinguit;
1930 3812 2160 3866 manda-

588 3913 643 3959 ta
702 3903 796 3959 Dei
867 3902 1169 3972 adimplere
1223 3901 1392 3972 cupit,
1455 3910 1567 3955 tum
1629 3918 1694 3957 ea
1757 3918 1879 3973 quae
1930 3918 1961 3957 a
2014 3903 2160 3959 malo

588 4002 887 4060 avertunt,
919 4002 1035 4048 tum
1080 4007 1144 4048 ea
1181 4008 1302 4062 qua:
1346 3993 1412 4049 ad
1465 3994 1723 4050 virtutem
1770 3996 2157 4054 adhortantur.

658 4198 827 4251 Aures
893 4205 1071 4250 autent
1143 4197 1463 4264 sapientium
1540 4208 1784 4268 quierunt
1839 4198 2157 4255 doctrinam.

587 4288 823 4344 Auditus
854 4294 1038 4342 autem
1078 4302 1269 4341 eorum
1302 4288 1397 4358 qui
1429 4288 1601 4345 divini
1641 4289 1795 4345 verbi
1861 4301 1993 4346 sunt
2034 4307 2161 4363 par-

596 4379 815 4449 ticipes,
858 4392 969 4432 non
1033 4377 1155 4432 solo
1204 4376 1298 4432 Dei
1330 4378 1498 4434 verbo
1545 4391 1675 4436 sunt
1725 4383 2007 4447 contenti,
2064 4384 2159 4441 sed

588 4486 687 4541 per
720 4468 1134 4525 meditationem
1186 4477 1508 4525 scrutantur
1536 4473 1701 4525 etiam
1768 4472 1935 4543 hujus
2010 4476 2158 4531 verbi

590 4576 835 4626 sensum,
876 4560 1053 4615 donec
1118 4561 1445 4631 perveniant
1516 4562 1584 4616 ad
1620 4562 1674 4617 id
1725 4566 1869 4634 quod
1924 4574 2048 4632 est,
2101 4578 2160 4623 ut
2190 4596 2237 4654 ι)

592 4653 760 4716 Deus,
801 4665 969 4721 supra
999 4651 1201 4707 mentis
1241 4649 1683 4721 conceptionem.

658 4745 823 4800 Vens.
848 4743 936 4799 16.
970 4743 1181 4799 Donum
1224 4744 1451 4798 hominis
1487 4744 1682 4799 dilatat
1740 4762 1882 4812 eum,
1938 4756 1990 4801 et
2019 4748 2159 4814 apud

589 4837 847 4907 principes
872 4835 1053 4891 sedere
1079 4836 1210 4906 facit
1257 4854 1397 4892 eum.
1437 4838 1677 4909 Spiritus
1735 4843 1912 4895 sancti
1956 4840 2161 4896 donum

591 4932 735 5002 quod
772 4929 970 5000 accipit
1000 4931 1184 4996 homo,
1219 4931 1373 4987 ducit
1396 4947 1520 4987 eum
1557 4932 1613 4987 in
1636 4948 1955 4989 mensuram
1982 4934 2162 4990 aetatis

590 5020 943 5093 plenitudinis
958 5019 1181 5076 Christi.
1198 5019 1331 5077 Cum
1350 5022 1513 5076 homo
1536 5037 1567 5076 a
1588 5022 1781 5075 timore
1800 5021 1984 5075 divino
2016 5023 2166 5075 ince-

594 5118 673 5188 pit
711 5124 765 5171 et
798 5114 925 5171 aliis
970 5114 1170 5170 exinde
1191 5114 1357 5171 donis
1383 5116 1579 5180 crevit,
1603 5115 1756 5169 illum
1780 5115 2088 5170 consolidat
2108 5124 2165 5169 et

594 5208 786 5266 sedere
816 5206 952 5262 facit
975 5223 1098 5263 cum
1134 5207 1203 5263 iis
1226 5205 1321 5278 qui
1342 5206 1641 5279 participes
1668 5214 1799 5262 sunt
1826 5207 2162 5278 perﬁcientis

593 5301 874 5373 sapientiae
901 5316 1025 5371 quae
1051 5299 1146 5355 dat
1176 5300 1346 5356 robur
1380 5301 1447 5356 ad
1478 5299 1815 5371 subigendos
1872 5299 2163 5372 pravitatis

595 5393 844 5464 spiritus,
886 5392 1163 5447 mendacii
1215 5401 1491 5449 auctores.
1536 5390 1693 5446 Illum
1728 5406 1757 5445 a
1810 5392 2162 5462 passionibus

593 5485 965 5557 pmiﬁcatum,
997 5493 1052 5541 et
1080 5500 1177 5556 per
1206 5485 1618 5541 meditationem
1645 5484 2011 5539 illuminatum
2070 5499 2164 5538 co-

595 5580 854 5648 gnitionc,
906 5577 1209 5649 perfectum
1259 5578 1313 5631 in
1352 5578 1637 5634 soliditate
1672 5576 1899 5631 virtutis
1949 5575 2163 5631 consti-

596 5672 718 5727 luit.

670 5848 835 5909 VERS.
875 5851 960 5908 l7.
993 5851 1190 5940 Justus
1217 5860 1493 5907 accusator
1521 5852 1605 5907 sui
1645 5852 1699 5906 in
1733 5849 1997 5920 principio
2048 5866 2159 5905 ser-

2249 1979 2444 2034 ἐαυτδν
2466 1983 2995 2054 ταπεινωθήσεται,ό
3018 1985 3075 2039 δὲ
3100 1986 3374 2040 ταπεινῶν
3400 1986 3593 2039 ἑαυτὸν
3617 1985 3849 2055 ὑψωθή-

2249 2089 2423 2130 σεται.

2321 2173 2412 2235 ιγ’.
2443 2168 2543 2235 “Oc
2570 2169 2959 2238 ἀποκρίνεται
2979 2171 3167 2241 λόγον
3191 2170 3337 2239 πρὶν
3354 2171 3643 2233 ἀκοῦσαι,
3660 2172 3852 2241 ἀφρὸς

2251 2262 2412 2329 σύνη
2452 2261 2627 2316 ἐστὶν
2663 2262 2824 2326 αὐτῷ
2863 2263 2961 2316 καὶ
2994 2262 3246 2328 ὄνειδος.
3288 2262 3377 2333 Τῷ
3408 2264 3843 2333 ἀπολογουμένῳ

2253 2353 2386 2424 πρὶν
2416 2356 2527 2416 τοῖς
2551 2352 2653 2407 ὠσὶ
2679 2352 2930 2417 δέξασθαι
2956 2354 3017 2407 τὸ
3047 2354 3197 2427 παρά
3224 2372 3366 2417 τινος
3392 2355 3567 2426 τούτῳ
3599 2355 3843 2422 λεγόμε-

2256 2463 2369 2511 νον,
2410 2445 2598 2511 ἀνοίας
2632 2448 2666 2517 ἡ
2713 2445 2943 2514 τοιαύτη
2995 2448 3259 2517 ἀπολογία
3309 2448 3599 2519 παραίτιος
3626 2448 3847 2517 γίνεται

2254 2536 2341 2590 ὅτι
2373 2536 2447 2608 μὴ
2480 2536 2693 2606 συνίησι
2720 2536 2780 2590 τὸ
2817 2536 3112 2607 λεγόμενον
3132 2578 3148 2603 ,
3186 2538 3273 2592 ἵνα
3300 2538 3437 2610 πρὸς
3474 2538 3610 2591 αὐτὸ
3654 2538 3847 2607 φθεγ-

2257 2624 2447 2697 ξηταιο
2493 2627 2743 2681 ἐντεῦθεν
2787 2626 2843 2681 δὲ
2892 2629 2985 2681 καὶ
3035 2628 3435 2696 ὲξουδενώσεως
3482 2629 3637 2701 παρά
3692 2631 3845 2681 πᾶσι

2255 2720 2370 2783 τοῖς
2396 2720 2836 2790 ἐντυγχάνουσιν.

2329 2810 2412 2865 ιδ’.
2455 2810 2657 2880 Θυμὸν
2682 2810 2905 2880 ἀνδρὸς
2935 2812 3187 2880 πραΰνει»
3222 2812 3493 2881 θεράπων
3518 2812 3845 2882 φρόνιμος.

2268 2902 2470 2974 Ὀργῆν
2511 2901 2801 2973 ἀνθρώπου
2845 2903 3197 2959 καταστέλλει
3232 2906 3487 2977 νουνεχὴς
3525 2906 3849 2979 ὑπηρέτης

2256 2994 2448 3061 δεξιῶς
2478 2994 2644 3048 αὐτὸν
2676 2996 3074 3067 μετερχόμενος

2329 3087 2681 3159 Μικρόψυχον
2709 3087 2755 3142 δ’
2777 3089 3063 3160 ἄνθρωπον
3090 3088 3148 3142 af
3164 3108 3249 3155 τις
3272 3090 3582 3161 ὐπενέγκει,
3610 3092 3713 3146 θαύ
3726 3111 3857 3163 μα-

2258 3197 2348 3243 τος
2381 3179 2530 3244 aeto;
2549 3195 2564 3211 ⁶
2600 3179 2757 3233 εἴωθε
2786 3180 2895 3251 γὰρ
2922 3176 3078 3245 οὗτος
3102 3183 3417 3254 ὀργίζεσθαι
3442 3187 3532 3238 καὶ
3554 3187 3635 3248 εἰς
3655 3186 3720 3239 τὸ
3756 3202 3861 3237 τυ-

2257 3270 2370 3341 χὸν,
2401 3273 2450 3324 εἰ
2484 3272 2666 3343 συμϐῇ
2699 3272 2774 3344 μὴ
2802 3272 3235 3344 ἀποτελεσθῆναι
3259 3277 3401 3330 κατά
3437 3277 3495 3329 τὸ
3521 3277 3663 3347 αὐτῷ
3695 3279 3857 3348 βου-

2256 3363 2438 3436 λητὸν,
2464 3364 2526 3429 ἐξ
2555 3366 2778 3434 ἀγνοίας
2802 3364 2898 3418 τοῦ
2928 3364 3004 3438 μὴ
3028 3366 3186 3420 τοῦτο
3206 3368 3604 3441 πληρώσαντος,
3626 3366 3673 3438 ᾧ
3695 3370 3858 3423 πολ-

2259 3455 2416 3519 λάκις
2441 3456 2689 3526 ἀνηλεῶς
2720 3455 2990 3527 ἐπιφέρει
3022 3459 3115 3511 καὶ
3142 3459 3414 3530 μάστιγας

2333 3620 2414 3668 ιε’.
2451 3614 2675 3683 Καρδία
2694 3618 2985 3686 φρονίμου
3026 3617 3234 3675 κτᾶται
3252 3619 3557 3687 αισθησιν.
3593 3620 3661 3673 Ἥ
3687 3620 3856 3692 ψυχὴ

2259 3709 2351 3764 τοῦ
2378 3712 2771 3784 περιφέροντος
2802 3713 2933 3768 Θεὸν
2962 3714 3103 3768 κατά
3128 3712 3387 3779 διάνοιαν,
3421 3712 3851 3785 προσλαμϐάνει

2258 3804 2531 3875 διάκρισιν
2562 3805 2661 3877 τὴν
2685 3805 3003 3878 διαιροῦσαν
3032 3806 3093 3860 τὸ
3122 3807 3367 3876 κρεῖττον
3397 3806 3504 3860 ἀπὸ
3527 3806 3619 3860 τοῦ
3651 3808 3851 3878 χείρο-

2261 3907 2380 3958 νος·
2414 3896 2525 3949 τῶν
2554 3896 2980 3968 ἀποτρεπουσῶν
3012 3896 3112 3967 μὲν
3141 3896 3236 3950 τοῦ
3261 3896 3463 3961 κακοῦ,
3491 3914 3855 3969 apo-spanos-

2264 3983 2373 4036 σῶν
2422 3984 2481 4038 δὲ
2529 3985 2670 4055 πρὸς
2702 3986 2764 4039 τὸ
2791 3986 2955 4041 καλὸν
2985 3984 3214 4040 ἐντολῶν
3247 3986 3433 4055 αὑτοῦ,
3468 3988 3610 4043 κατά
3637 3988 3855 4060 πρᾶξιν

2262 4076 2702 4151 ἀντιποιουμένῃ.

2336 4165 2484 4225 Ὦτα
2512 4171 2582 4226 δὲ
2610 4174 2823 4243 σοφῶν
2857 4172 3015 4243 ζητεῖ
3049 4176 3310 4232 ἔννοιαν.
3350 4178 3415 4230 Δί
3450 4176 3493 4229 δ’
3516 4177 3681 4231 ἀκοαὶ
3731 4175 3857 4229 τῶν

2265 4267 2645 4336 μετασχόντων
2686 4266 2781 4322 τοῦ
2814 4267 2960 4322 θείου
3009 4270 3190 4339 λόγου,
3219 4271 3319 4324 οὐκ
3359 4269 3658 4341 ἀρκοῦνται
3693 4269 3857 4340 μόνῳ

2261 4355 2340 4426 τῷ
2368 4356 2558 4411 τούτου
2595 4358 2767 4430 ῥητῷ,
2796 4359 2910 4412 ἀλλ’
2931 4361 3263 4430 ἀνερευνῶσι
3300 4361 3443 4415 κατὰ
3482 4360 3719 4431 Θεωρίαν
3750 4363 3858 4412 καὶ

2262 4447 2323 4502 τὸ
2347 4449 2513 4503 αὑτοῦ
2534 4453 2744 4522 νοητὸν,
2780 4452 2885 4516 ἕως
2905 4452 2971 4507 ἂν
2998 4453 3276 4523 φθάσωσιν
3302 4456 3381 4518 είς
3402 4454 3462 4507 τὸ
3482 4454 3673 4507 τούτου
3700 4454 3855 4524 ὑπὲρ

2264 4542 2586 4613 κατάληψιν,
2628 4545 2704 4608 ὡς
2740 4544 2899 4599 Θεοῦ.

2335 4736 2429 4795 ις’.
2490 4731 2650 4800 Δόμα
2694 4731 3009 4800 ἀνθρώπου
3052 4730 3411 4785 ἐκπλατύνει
3461 4730 3685 4795 αὑτὸν,
3740 4734 3845 4784 καὶ

2263 4823 2421 4891 παρὰ
2439 4821 2768 4891 δυνάσταις
2789 4823 3081 4884 καθιζάνει
3112 4824 3317 4880 αὐτόν.
3357 4824 3420 4876 Ἡ
3444 4822 3539 4876 τοῦ
3566 4823 3851 4891 παναγίου

2264 4914 2582 4986 Πνεῦματος
2612 4917 2809 4989 δωρεὰ,
2843 4917 2912 4989 ἢν
2943 4916 3212 4987 λαμϐάνει
3239 4915 3545 4987 ἄνθρωπος,
3572 4918 3702 4985 ἄγει
3727 4916 3850 4968 τοῦ·

2262 5027 2354 5063 τον
2374 5012 2454 5074 εἰς
2478 5010 2674 5081 μέτρον
2698 5009 2918 5082 ἡλικίας
2940 5010 3032 5063 τοῦ
3057 5008 3422 5082 πληρώματος
3446 5009 3543 5063 τοῦ
3564 5009 3808 5079 Χριστοῦ
3830 5028 3844 5040 ·

2263 5103 2372 5157 ἀπὸ
2399 5104 2567 5172 φόϐου
2591 5103 2739 5157 θείου
2764 5105 3084 5175 ἀρχόμενον,
3107 5105 3200 5157 καὶ
3221 5106 3333 5167 τοῖς
3354 5103 3482 5173 ἑξῆς
3506 5104 3847 5174 χαρίσμασιν

2265 5196 2711 5267 ὲπεκτεινόμενον
2758 5198 2853 5251 καὶ
2899 5195 3039 5267 μετά
3067 5194 3175 5249 τῶν
3209 5195 3591 5266 μετασχόντων
3616 5197 3720 5265 τῆς
3756 5212 3847 5247 τε-

2264 5288 2533 5343 λειοποιοῦ
2566 5288 2780 5358 σοφίας,
2808 5288 2910 5359 τῆς
2940 5288 3297 5359 ἐνισχυούσης
3322 5288 3513 5341 τοῦτον
3541 5289 3626 5351 είς
3654 5288 3718 5340 τὸ
3742 5305 3846 5339 κα-

2263 5383 2678 5439 ταδυναστεύειν
2715 5382 2827 5436 τῶν
2870 5382 2939 5438 τά
2979 5382 3147 5454 ψευδῆ
3177 5380 3585 5450 ὑποτιθεμένων
3615 5383 3717 5451 τῆς
3748 5397 3847 5432 πο-

2265 5488 2458 5549 νηρίας
2500 5476 2855 5547 πνευμάτων,
2901 5474 3281 5544 ἐγκαθιδρύειο
3312 5472 3452 5544 μετά
3494 5471 3557 5526 τὸ
3605 5473 3846 5543 καθᾶραι

2264 5572 2451 5625 παθῶν
2491 5571 2635 5626 κατὰ
2679 5572 2899 5643 πρᾶξιν,
2932 5570 3027 5623 καὶ
3075 5568 3307 5637 φωτίσαι
3340 5566 3663 5636 γνωπικῶς
3710 5568 3848 5619 κατὰ

2265 5662 2516 5733 θεωρίαν,
2532 5662 2743 5716 τέλειον
2768 5660 2931 5716 αὑτὸν
2950 5658 3378 5715 ἀποκαθιστῶσα
3396 5660 3465 5729 τῇ
3482 5659 3537 5710 ὲν
3556 5657 3633 5728 τῷ
3656 5655 3853 5725 ἀγαθῷ

2263 5754 2515 5827 ἀτρεψίᾳ.

2338 5849 2426 5913 ιζ’.
2465 5849 2699 5914 Δίκαιος
2729 5847 2946 5904 ἑαυτοῦ
2978 5845 3308 5915 κατήγορος
3331 5846 3400 5900 ἐν
3450 5844 3853 5912 accusatoria,
