3958 6498
49 346 71 408 1
88 346 206 411 409

1152 345 1685 407 COMMENTARII
1721 345 1805 406 IN
1844 344 2296 407 PBOVERBIA.

3193 346 3329 414 1410

45 461 162 523 ’ος
194 457 295 511 τὸν
322 456 485 527 νόμον
513 456 613 529 τῆς
638 457 719 522 είς
749 456 881 511 Θεὸν
914 457 1008 511 καὶ
1043 456 1135 512 τὸν
1170 458 1397 529 πλησίον
1429 458 1652 531 ἀγάπης

1787 457 1947 511 tonis.
1990 454 2094 523 Qui
2127 457 2299 526 legem
2330 456 2618 512 charitatis
2661 457 2715 512 in
2750 456 2915 513 Deum
2964 467 3017 512 et
3044 457 3096 511 in
3140 465 3328 529 proxi-

42 554 252 622 τηρεῖ,
286 551 717 622 προηγουμένως
749 550 874 604 οὔτε
908 550 1056 621 Θεῷ,
1088 551 1212 605 οὔτε
1244 552 1350 625 μὴν
1382 553 1652 623 ἀνθρώπῳ

43 646 161 713 τὴν
190 643 414 697 οῐανοῦν
443 643 650 715 μέμψιν
672 644 868 712 ἐπάγει
895 660 908 673 ·
935 643 1050 697 ἀλλ’
1074 644 1268 699 ἑαυτὸν
1289 646 1530 700 αἰτιᾶται
1557 648 1654 718 ἐφ’

46 732 141 801 οἷς
176 736 539 809 πλημμελεῖ·
570 736 692 806 μεθ’
716 736 745 789 ὃ
773 737 990 801 πάντως
1031 738 1130 808 τὴν
1174 739 1307 810 παρ’
1328 738 1654 812 ἀμφοτέρων

46 830 367 894 ὲξαιτεῖται
402 830 766 902 συμπάθειαν.

150 922 255 988 Ὠς
294 922 348 975 δ’
386 921 464 976 ἂν
505 921 802 993 ἐπιϐάλλῃ
856 925 890 976 ὁ
932 922 1231 987 ἀντίδικος
1256 966 1271 988 ,
1322 925 1650 995 ἐλέγχεται.

68 1014 373 1069 Ἐντεῦθεν
401 1015 457 1068 δὲ
482 1013 665 1078 καθὼς
693 1014 758 1067 ἂν
789 1014 963 1085 τούτῳ
995 1015 1278 1089 προσϐάλῃ
1305 1018 1334 1069 ὁ
1364 1017 1657 1078 ἀντίπαλος

57 1109 178 1159 τῶν
234 1108 521 1178 ἡμετέρων
570 1106 791 1176 ψυχῶν,
821 1107 931 1160 εἴτε
979 1108 1115 1179 πρὸς
1167 1108 1514 1179 βλασφημίαν
1560 1108 1658 1162 τοῦ

58 1198 212 1251 Θεοῦ
266 1198 487 1269 κινῆσαι
532 1198 721 1251 τοῦτον
768 1199 1081 1270 ἐπιχειρῶν,
1114 1200 1225 1253 εἴτε
1274 1200 1412 1271 πρὸς
1458 1200 1658 1270 ἔχθραν

59 1291 166 1343 τοῦ
208 1289 466 1360 ἀδελφοῦ,
506 1290 852 1361 ἡττώμενος,
892 1291 1182 1363 ἀνίσχυρος
1219 1292 1511 1347 δείκνυται.

149 1390 250 1453 ιη’.
283 1384 648 1453 Ἀντιλογίας
687 1385 864 1438 παύει
899 1383 1143 1453 κλῆρος.
1195 1384 1260 1438 Ἠ
1310 1387 1658 1457 καταγομένη

79 1477 197 1529 ἀπὸ
223 1474 361 1529 Θεοῦ
388 1476 466 1539 ῶς
492 1493 575 1539 τις
609 1476 873 1546 πατρικὸς
899 1477 1121 1547 κλῆρος,
1142 1478 1231 1530 ἐπὶ
1256 1479 1382 1541 τοὺς
1407 1478 1661 1543 ἀξιωθέν·

72 1586 177 1632 τας
223 1570 326 1637 τῆς
359 1568 522 1621 αὐτοῦ
552 1568 694 1621 κατὰ
727 1567 887 1640 χάριν
930 1569 1223 1634 υἱοθεσίας,
1263 1570 1359 1624 τοῦ
1393 1571 1661 1640 παναγίου

82 1659 417 1730 Πνεύματος
461 1661 660 1732 δωρεὰ,
692 1663 803 1722 τοῖς
848 1660 948 1731 μὲν
994 1662 1326 1733 άρτιγενέσι,
1354 1662 1515 1717 παύει
1565 1664 1663 1729 τὰς

74 1754 421 1817 ἀντιθέσεις·
450 1753 548 1825 τὴν
576 1753 759 1807 πίστιν
784 1752 994 1816 τούτοις
1024 1753 1357 1817 ἐπαύξουσα,
1386 1755 1480 1808 καὶ
1513 1756 1661 1828 φόϐῳ
1697 1808 1733 1861 Β

79 1845 215 1917 θείῳ
248 1844 689 1900 καταστέλλουσα
719 1844 866 1916 πάθη
908 1846 977 1899 τά
1009 1847 1129 1909 ταῖς
1159 1846 1399 1910 ἐντολαῖς
1428 1847 1663 1901 ἀντικεί-

84 1955 248 2008 μενα.

165 2032 268 2084 Ἑν
295 2028 365 2083 δὲ
397 2028 724 2097 δυνάσταις
758 2028 951 2099 ὁρίζει.
994 2029 1116 2093 Τοῖς
1162 2030 1208 2084 δ’
1228 2030 1546 2102 ἀνδρωθεῖσι
1595 2033 1662 2104 τῇ

82 2123 297 2183 πίστει,
329 2122 423 2175 καὶ
464 2121 570 2175 τῶν
612 2121 800 2174 παθῶν
830 2122 1306 2193 περιγενομένοις,
1333 2124 1664 2196 περιγράφει

82 2213 184 2284 τὴν
209 2214 533 2284 ἐνέργειαν,
563 2215 623 2268 ὲν
653 2214 848 2277 αὐταῖς
890 2216 1012 2278 ταῖς
1045 2214 1114 2269 τὰ
1144 2216 1293 2287 πάθη
1326 2217 1667 2272 καταπαλαι-

86 2309 287 2371 σάσαις
318 2306 556 2369 ἐντολαῖς
596 2305 691 2361 τοῦ
726 2305 863 2360 Θεοῦ
883 2324 896 2338 ·
935 2308 1011 2371 ὡς
1056 2308 1123 2362 ἂν
1148 2307 1287 2381 αὕτη
1334 2312 1415 2375 είς
1442 2311 1542 2376 τάς
1569 2313 1669 2382 τῆς

86 2403 298 2473 ἀρετῆς
325 2403 399 2473 μὴ
425 2401 644 2472 ὲκκλίνῃ
670 2402 999 2473 ὑπερδολάς.

156 2495 249 2549 ιθν.
291 2493 569 2563 Ἆδελςρός
588 2494 707 2549 ὑπὸ
727 2495 995 2564 ἀδελφοῦ
1009 2495 1442 2566 βοηθούμενος,
1459 2498 1539 2564 ὡς
1561 2498 1666 2552 πό-

85 2592 188 2654 λις
217 2586 410 2656 ὀχυρὰ
431 2585 527 2640 καὶ
559 2586 771 2655 ὑψηλή
794 2605 807 2618 ·
867 2588 1063 2657 ίσχύει
1089 2588 1177 2655 δὲ,
1197 2588 1399 2658 ὥσπερ
1439 2594 1671 2662 redeas-

88 2676 359 2747 .1ιωμένη
383 2679 873 2746 μεμοχλευμένον
885 2677 1227 2741 βασίλειον.
1270 2677 1429 2748 Ψυχὴ
1453 2678 1587 2748 πρὸς
1607 2678 1673 2732 τά

91 2769 367 2823 κάλλιστα
404 2769 504 2821 ὑπὸ
538 2768 632 2821 τοῦ
670 2768 964 2836 συγγενοῦς
992 2767 1218 2838 σαρκίον
1246 2766 1672 2838 συνεργουμένη,

91 2863 259 2933 δίκην
286 2862 493 2923 πόλεως
527 2862 730 2932 ὀχυρᾶς
758 2878 817 2914 τε
864 2860 958 2915 καὶ
989 2859 1220 2932 ὑψηλῆς,
1250 2863 1360 2924 τοῖς
1411 2860 1507 2931 μὲν
1540 2859 1677 2914 καθ’

94 2956 415 3028 ὑπερϐολὴν
445 2954 544 3021 τῆς
570 2957 773 3025 ἀρετῆς
804 2954 1000 3009 πάθεσι
1034 2953 1185 3024 μένει
1208 2952 1676 3017 ἀνεπιϐούλευτοςο

97 3052 183 3113 ὡς
230 3047 694 3121 μετριοφρονοῦσα
727 3046 804 3118 τῷ
835 3047 982 3123 πόνῳ
1026 3048 1126 3117 τῆς
1169 3046 1371 3117 ἀρετῆς
1394 3089 1409 3109 ,
1444 3046 1532 3101 διά
1580 3046 1679 3119 τὴν

1758 562 1905 600 mum
1953 556 2160 607 servat,
2209 563 2384 617 neque
2422 547 2533 603 Deo
2590 564 2767 619 neque
2827 551 3032 603 homini
3093 551 3365 622 primam,

1756 653 2138 708 quamcunque
2163 637 2615 708 vituperationem
2656 641 2870 705 tribuit,
2903 640 2998 696 sed
3040 656 3098 696 se
3149 642 3328 711 ipsum
3359 652 3363 658 ‘

1758 738 1982 785 accusat
2023 730 2092 785 de
2133 731 2369 800 propriis
2397 731 2575 800 culpis
2615 750 2628 787 :
2681 740 2970 803 propterea
3007 732 3101 788 Dei
3156 735 3333 788 homi-

1758 838 1999 892 numque
2026 823 2251 877 omnino
2289 823 2394 879 sibi
2424 824 2684 880 conciliat
2720 826 3041 881 amicitiam.

1829 912 1963 970 Cum
1992 931 2112 969 vero
2165 914 2417 986 adjeccrit
2467 917 2811 973 adversarius
2868 920 3131 990 arguitur.
3195 919 3333 974 Hinc

1760 1013 1940 1061 autem
1971 1008 2441 1077 quemadmodum
2481 1010 2526 1065 si
2577 1025 2740 1079 quem
2766 1019 2941 1066 tentat
2980 1010 3332 1067 adversarius

1760 1096 2068 1151 animarum
2096 1109 2439 1162 nostrarum,
2472 1115 2597 1154 eum
2652 1101 2937 1171 impellere
2988 1102 3169 1158 nitens
3219 1102 3335 1157 sive

1761 1186 1827 1239 ad
1875 1186 2273 1257 blasphemiam
2307 1190 2365 1244 in
2397 1190 2593 1255 Deum,
2643 1192 2760 1248 sive
2796 1193 2865 1247 ad
2903 1193 3089 1248 odium
3120 1192 3330 1257 fratris,

1760 1278 1944 1335 vietus
1973 1279 2365 1339 imbecillitatis
2393 1285 2663 1353 arguitur.

1831 1367 2000 1426 Vsus.
2050 1369 2136 1426 18.
2177 1370 2641 1430 Contradictiones
2690 1376 2839 1428 sedat
2891 1392 3031 1431 sors.
3095 1376 3335 1445 Spiritus

1763 1460 1939 1516 sancti
1971 1462 2173 1517 donum
2192 1465 2339 1535 quod
2363 1480 2393 1519 a
2422 1465 2531 1522 Deo
2554 1467 2835 1521 derivatur
2857 1468 3015 1538 quasi
3042 1468 3334 1523 btet-editas

1762 1555 2009 1625 quaedam
2036 1563 2286 1627 paterna,
2305 1558 2360 1613 in
2383 1574 2480 1615 eos
2506 1560 2603 1630 qui
2626 1560 2775 1631 digni
2804 1560 2974 1615 habiti
3004 1569 3134 1617 sunt
3160 1560 3337 1630 ipsius

1764 1648 2068 1704 secundum
2100 1650 2331 1721 gratiam
2365 1651 2703 1722 adoptionis,
2739 1667 2937 1708 recens
2966 1651 3090 1707 ﬁdei
3124 1652 3339 1723 genito-

1766 1756 1886 1795 rum
1915 1740 2290 1800 dissensiones
2318 1744 2495 1808 sedat,
2547 1744 2685 1816 ipsis
2745 1743 2907 1799 ﬁdem
2966 1744 3220 1811 augendo
3284 1752 3340 1798 et

1762 1831 1959 1887 timore
1991 1829 2087 1887 Dei
2126 1833 2452 1903 expellendo
2489 1836 2777 1905 passiones
2805 1832 3083 1889 mandatis
3112 1842 3339 1887 contra-

1762 1924 1897 1978 rias.

1835 2015 1907 2070 Et
1960 2018 2016 2073 in
2070 2019 2433 2089 potentutibus
2515 2019 2724 2090 deﬁnit.
2768 2019 2841 2073 lis
2892 2017 2985 2090 qui
3046 2017 3149 2072 viri
3210 2016 3340 2072 facti

1766 2109 1977 2165 suntin
2020 2108 2128 2165 ﬁde
2193 2111 2593 2181 passionesquc
2649 2110 3025 2178 subiecerunt,
3067 2108 3342 2164 actionem

1767 2201 2173 2258 circumscribit
2213 2204 2269 2259 in
2296 2204 2418 2259 istis
2449 2203 2545 2258 Dei
2584 2204 2861 2259 mandatis
2901 2217 3025 2273 quas
3074 2200 3342 2256 adversus

1768 2293 2056 2365 passiones
2087 2296 2391 2362 luctantur,
2422 2312 2493 2351 ne
2536 2296 2631 2350 illa
2678 2296 2746 2351 ad
2797 2310 3087 2352 excessum
3118 2293 3343 2349 virtutis

1769 2384 2007 2440 declinet

1842 2475 2010 2536 Vens.
2042 2478 2131 2535 19.
2174 2478 2363 2532 Frater
2394 2494 2427 2531 a
2475 2478 2641 2540 fratre
2673 2477 2888 2548 adjutus
2923 2488 3176 2547 tanquam
3218 2482 3343 2535 urbs

1772 2569 1979 2621 munita
2007 2577 2055 2622 et
2085 2568 2320 2635 excelsa;
2352 2568 2625 2623 invalescit
2643 2580 2818 2623 autem
2846 2577 3100 2639 tanquam
3146 2571 3346 2641 funda-

1776 2670 1887 2712 tum
1915 2674 2152 2729 regnum.
2193 2661 2393 2713 Anima
2419 2660 2486 2714 ad
2519 2662 2721 2729 optima
2755 2674 2787 2713 a
2831 2660 3007 2714 sodali
3050 2677 3217 2717 carne
3242 2664 3342 2718 ad-

1771 2750 1891 2823 juta
1914 2752 2109 2808 similis
2130 2761 2215 2808 est
2235 2752 2355 2807 urbi
2383 2753 2612 2808 munitae
2630 2760 2686 2808 et
2711 2754 2962 2810 excelsae.
2992 2753 3349 2814 Passionibus

1776 2843 1995 2914 quidem
2026 2858 2122 2912 per
2154 2859 2440 2899 excessum
2476 2844 2705 2900 virtutis
2744 2856 2927 2900 manet
2953 2847 3351 2919 inexpugnabi-

1778 2943 1869 3002 lis,
1891 2938 2022 3006 quia
2041 2937 2285 2992 laborem
2320 2936 2707 3005 virtutisjuxta
2735 2937 2925 2993 carnis
2971 2938 3347 2995 inﬁrmitatem

1781 3034 2056 3090 moderat.
2118 3028 2484 3085 Passionibus
2552 3036 2732 3082 autem
2776 3044 2873 3099 per
2932 3029 3202 3084 defectuum
3252 3046 3353 3085 nec

101 3120 398 3197 ἀσθένειαν
445 3138 544 3207 τῆς
592 3137 822 3207 σαρκόςο
858 3120 981 3200 τοῖς
1000 3136 1055 3189 δὲ
1084 3137 1208 3190 κατ’
1230 3135 1467 3205 ἔλλειψιν
1524 3137 1673 3191 nam

1793 3125 1995 3179 iterum
2030 3123 2264 3192 capitur,
2289 3120 2417 3189 quia
2441 3130 2675 3175 mentem
2707 3120 2773 3174 ad
2805 3120 3113 3190 spiritualia
3138 3122 3347 3190 dirigit,

104 3232 210 3301 οὐχ
244 3229 524 3283 ἁλίσκεται
550 3228 778 3281 πάθεσιν
797 3244 811 3260 ο
850 3228 926 3291 ὡς
954 3228 1091 3297 πρὸς
1118 3228 1178 3280 τὸ
1209 3226 1426 3297 πνεῦμα
1446 3226 1537 3280 τὸν
1562 3227 1685 3281 νοῦν

110 3325 414 3392 ἀνάγουσα,
432 3320 510 3391 τῷ
543 3318 668 3390 ὕψει
687 3322 787 3391 τῆς
812 3317 1086 3389 γνώσεως,
1108 3319 1196 3372 διὰ
1215 3319 1276 3372 τὸ
1300 3321 1499 3372 οἰκεῖον
1526 3319 1687 3383 ἀξίω-

115 3434 195 3486 μα
213 3429 230 3446 ⁸
266 3414 487 3467 δύναται
515 3412 573 3466 δὲ
604 3411 797 3478 ταῦτα,
828 3414 949 3475 ταῖς
976 3411 1071 3465 τοῦ
1102 3412 1437 3475 ἐνοικοῦντος
1465 3414 1522 3466 ὲν
1550 3412 1686 3483 αύτῇ

114 3507 267 3560 θείου
281 3504 421 3559 Πνεύ
430 3522 598 3576 ματος
618 3502 1422 3575 ὲνεργείαις,διαφυλαττομένη
1441 3503 1691 3574 καθάπερ

116 3598 636 3671 κατησφαλισμένον
661 3599 719 3652 ὲν
744 3597 962 3667 μοχλοῖς
988 3596 1230 3667 σιδηροῖς
1256 3595 1520 3667 βασιλέως
1547 3596 1693 3665 οἰκη-

115 3693 329 3764 τήριονμ

193 3783 264 3837 κ’.
301 3783 435 3837 Ἀπὸ
464 3781 709 3852 καρπῶν
731 3783 1029 3850 στόματος
1058 3781 1212 3849 ἀνὴρ
1237 3780 1539 3851 πίμπλησι
1573 3798 1694 3835 κοι-

121 3874 270 3928 λίαν
298 3873 503 3928 αὑτοῦ.
541 3874 689 3950 Ἀπὸ.
706 3873 815 3926 τῶν
852 3869 1280 3943 προφερομένων
1320 3872 1384 3925 ὲκ
1431 3871 1697 3940 στόματος

124 3966 339 4035 ἀγαθοῦ
369 3965 693 4020 διδασκάλου
719 3964 914 4033 λόγων,
941 3963 969 4016 ὁ
994 3962 1069 4035 μὴ
1088 3966 1205 4025 ταῖς
1231 3963 1445 4032 ἡδοναῖς
1472 3962 1698 4035 ὲκθηλυ-

126 4060 373 4128 νόμενος,
410 4057 608 4127 πληροῖ
634 4055 731 4127 τὴν
761 4054 969 4109 τούτων
1000 4053 1255 4124 δεκτικήν
1287 4070 1346 4106 τε
1376 4052 1472 4106 καὶ
1509 4070 1699 4123 κατερ-

128 4151 399 4220 γαστικὴν
436 4149 672 4202 διάνοιαν
709 4148 927 4213 ἑαυτοῦ,
967 4145 1216 4199 πλουτῶν
1255 4146 1488 4199 σύνεσιν.

214 4243 357 4297 Ἀπὸ
391 4241 460 4294 δέ
497 4239 743 4310 καρπῶν
771 4239 1020 4309 χειλέων
1048 4237 1233 4293 αὐτοῦ
1277 4236 1700 4307 ἐμπλησθήσε-

133 4353 249 4390 ται.
286 4334 419 4387 Ἀπὸ
444 4334 502 4387 δὲ
528 4333 635 4385 τῶν
669 4334 732 4385 ὲκ
760 4333 854 4386 τοῦ
888 4332 1016 4385 ἰδίου
1048 4330 1315 4401 στόματος
1341 4328 1699 4400 πληρωθήσε-

134 4447 225 4482 ται
252 4428 447 4497 λόγων,
480 4428 538 4479 ὲν
566 4423 646 4495 τῷ
672 4423 943 4479 διδάσκειν
987 4422 1081 4477 καὶ
1127 4421 1430 4493 οἰκοδομεῖν
1462 4421 1678 4493 ἐτέρους

138 4521 388 4588 ἔμπλεως
426 4519 617 4589 σοφίας
653 4516 963 4587 γενόμενος.

1785 3215 2077 3273 altitudine
2115 3213 2470 3282 cognitionis,
2526 3227 2623 3281 per
2666 3213 2946 3283 propriam
3003 3214 3351 3284 dignitatem.

1787 3306 1915 3363 llaec
1944 3314 2129 3361 autem
2185 3304 2400 3360 efﬁcere
2436 3311 2619 3373 potest
2642 3319 2739 3372 per
2787 3304 3059 3360 actionem
3116 3305 3358 3377 Spiritus

1790 3397 1967 3455 sancti
2015 3398 2070 3453 in
2119 3411 2179 3453 se
2235 3394 2608 3451 inhabitantis
2641 3395 2942 3462 custodita,
2990 3398 3151 3466 quasi
3210 3396 3357 3468 regia

1792 3492 1987 3550 ferreis
2020 3490 2267 3546 vectibus
2295 3487 2529 3544 munita.

1866 3761 2035 3817 Vsus.
2074 3758 2164 3813 90.
2200 3755 2276 3810 De
2320 3754 2579 3824 fructibus
2632 3752 2741 3807 oris
2776 3752 2854 3806 vir
2910 3752 3089 3821 implet
3138 3758 3363 3804 ventrem

1797 3870 1969 3909 suum.
2004 3847 2368 3907 Sermonibus
2402 3861 2469 3900 ex
2499 3860 2594 3899 ore
2626 3844 2755 3898 boni
2787 3843 3145 3913 praeceptoris
3179 3857 3369 3911 proce-

1798 3943 2057 3999 dentibus
2081 3940 2174 4012 qui
2196 3935 2575 4007 voluptatibus
2606 3950 2715 3990 non
2744 3935 3025 3989 emollitus
3040 3946 3148 3997 est.
3174 3934 3369 4004 implet

1798 4034 2190 4106 cogitationem
2266 4044 2422 4086 suam
2479 4043 2602 4099 qua:
2663 4028 2856 4097 recipit
2890 4042 2954 4081 ac
3013 4027 3253 4096 perlicit,
3287 4026 3368 4081 sic

1800 4130 1980 4185 ditatis
2006 4126 2357 4180 intellectum.

1873 4216 1940 4270 Et
1969 4217 2032 4272 de
2070 4214 2324 4286 fructibus
2365 4213 2605 4267 laborum
2641 4225 2857 4266 suorum
2907 4209 3239 4278 implebitur.
3297 4207 3373 4262 De

1804 4310 1991 4367 verbis
2022 4326 2144 4381 qum
2172 4325 2239 4363 ex
2270 4323 2366 4363 ore
2398 4321 2498 4362 suo
2522 4305 2830 4375 procedunt
2875 4303 3212 4372 implebitur.
3244 4302 3373 4371 quia

1806 4406 1935 4461 dum
1968 4404 2274 4458 doctrinam
2329 4400 2452 4456 aliis
2504 4399 2812 4470 dispensat,
2859 4396 3055 4465 plenus
3106 4394 3373 4462 sapientia

1684 4460 1699 4487 ν
1734 4508 1784 4570 υ
1806 4460 2005 4555 evadit.

210 4573 622 4678 καναὸάνάτος
644 4573 742 4664 καὶ
765 4573 903 4677 (ini),
1030 4608 1181 4677 χειρί
1214 4605 1520 4677 γλώσσης.
1560 4607 1673 4659 Κατ

1881 4592 2046 4647 Vsus.
2075 4590 2165 4647 21.
2196 4586 2344 4642 Mors
2362 4593 2411 4639 et
2440 4584 2566 4647 vita,
2597 4583 2653 4636 in
2685 4595 2846 4634 manu
2881 4573 3159 4648 linguw.E
3184 4574 3373 4644 lingua

139 4711 419 4781 ἐνέργειαν
445 4707 544 4775 τῆς
572 4673 841 4775 γλώττης,
863 4673 975 4755 εἴτε
1006 4673 1377 4771 θ-ανατηφόρος
1401 4699 1581 4767 λόγος,
1601 4700 1673 4751 et:

1809 4684 2057 4756 procedit
2086 4694 2268 4735 sermo
2313 4676 2406 4740 qui
2442 4675 2535 4729 dat
2588 4673 2705 4728 sive
2749 4677 2978 4725 mortem
3026 4673 3142 4722 sive
3180 4673 3371 4728 vitam;

1890 4778 1900 4781 -
1988 4776 2038 4781 η.
2280 4778 2289 4781 Α
2423 4768 2436 4781 ι
2556 4772 2569 4781 .
2632 4764 2693 4781 1-
2710 4779 2729 4781 _
2750 4777 2768 4781 -
2825 4777 2845 4781 _
2862 4758 3069 4781 ..-ΡΛ-..Α
3147 4770 3371 4781 -..οι-..-ιη

461 4758 840 4870 προέρχεταί,
874 4795 950 4860 ὼς
993 4758 1299 4864 δυναμένης
1620 4810 1673 4846 κε

1811 4778 1939 4848 quia
1986 4776 2076 4830 illa
2113 4778 2297 4843 potest
2331 4768 2472 4823 mala
2521 4772 2577 4821 et
2632 4764 2775 4818 bona
2823 4758 3095 4832 proferre,
3143 4770 3379 4828 quorum

142 4852 683 4965 Eaddtpbéyrecéo’n
702 4906 715 4921 ’
748 4852 823 4944 ὧν
859 4852 947 4943 τὰγ
975 4886 1074 4958 μὲν
1103 4852 1198 4940 καὶ
1230 4852 1388 4955 σῶμα
1416 4852 1510 4939 κοὶέ
1538 4884 1673 4957 ψ.»χῆ

1814 4870 2000 4940 priora
2033 4864 2251 4936 quidem
2278 4875 2477 4931 corpus
2503 4865 2558 4914 et
2585 4856 2824 4911 animam
2864 4852 3148 4917 occidunt,
3179 4858 3377 4920 poste-

144 4954 567 5053 θάνατοῦσιίτὰ
602 4986 648 5038 δ’
678 4954 1381 5055 ἀμφότερανζωογονοῦσιν.
1554 4954 1563 4957 ν
1617 4954 1645 4956 Π
1671 4954 1673 4957 ν

1814 4963 1964 5018 riora
1997 4967 2178 5014 autem
2213 4954 2512 5010 vivitlcant.

1902 5052 1925 5058 -
1980 5052 1992 5058 -
2467 5055 2477 5058 _
3249 5030 3292 5058 __.

221 5082 284 5134 Ol
304 5078 373 5133 δὲ
404 5038 983 5147 κρατοῦντέςθαῠέῆς
1029 5038 1265 5126 ἔδονται
1283 5068 1424 5135 τοὺς
1448 5068 1673 5137 καρποὺ

1888 5052 1993 5120 Qui
2027 5061 2201 5105 autem
2244 5047 2480 5116 dirigunt
2515 5060 2652 5108 eam,
2688 5038 2952 5096 comedent
2999 5038 3203 5106 [ructus
3243 5038 3379 5099 eius.

1828 5142 1852 5147 -
1911 5144 1920 5147 _
2300 5138 2311 5147 _
2434 5145 2441 5147 _
3001 5125 3250 5147 ΗΑΛ-μ
3304 5123 3346 5147 Α,

148 5172 357 5240 αὐτῆς.
401 5125 471 5224 Οἵ
503 5170 548 5223 δ’
575 5125 863 5238 ἐπέχοντες
888 5125 1114 5235 ταύτην,
1151 5164 1248 5219 καὶ
1295 5125 1673 5234 πονηρὰνφθέτ

1818 5142 1925 5210 Qui
1955 5153 2135 5196 autem
2165 5138 2450 5194 continent
2484 5150 2601 5191 eam
2626 5174 2642 5199 ,
2685 5148 2788 5187 nec
2828 5130 2971 5185 mala
2998 5125 3253 5197 proferre
3303 5125 3382 5176 si-

2037 5234 2055 5240 ⁸
2430 5230 2440 5240 ⁸
2531 5238 2537 5240 -
2748 5223 2786 5240 λι
2812 5224 2852 5240 ⁸-
2898 5219 3173 5240 Α.-.Ιε--ι,.-
3209 5214 3358 5240 ..ιηιη

150 5217 357 5240 --ν--ιγ
407 5217 462 5224 ν-
509 5217 529 5223 ν
577 5217 860 5238 --τ-,υηη
1101 5217 1113 5231 ν
1220 5217 1223 5219 -
1421 5217 1454 5234 ..
1568 5217 1580 5232 .
1670 5217 1673 5227 ‹

150 5266 339 5334 γεσθαι
367 5263 439 5333 μὴ
464 5259 894 5332 συγχωροῦντες,
918 5258 1026 5311 τῶν
1047 5257 1332 5327 ζωογονεῖν
1350 5256 1477 5320 τοὺς
1502 5253 1673 5310 ἀκούο

1818 5243 1980 5301 nunt,
2032 5234 2274 5289 fructum
2320 5230 2547 5302 capiunt
2579 5242 2648 5283 ex
2678 5223 2859 5281 verbis
2894 5219 3176 5275 audientes
3209 5217 3388 5271 viviti-

150 5325 247 5422 τας
282 5325 603 5426 δυναμένῶν
635 5325 895 5425 ῥημάτων
932 5325 1314 5404 ἀπολαύουσιν.

1819 5346 1949 5387 care
1970 5325 2298 5384 valentibus.

1890 5422 1933 5429 --
2118 5419 2185 5429 η..
2269 5417 2303 5429 Α
2353 5417 2366 5429 .
2421 5416 2432 5428 .
2572 5413 2606 5429 ο.
2746 5410 2916 5429 ις----.--
2950 5406 3134 5429 ι.-.,.....
3196 5400 3365 5429 ἐκ...κέ

222 5406 619 5518 κβῖ.-εὗρε
635 5406 905 5514 ⁸γῦναῖκα
927 5437 1178 5510 ἀγαθὴν,
1200 5434 1341 5507 εὗρε
1369 5437 1631 5508 χάριτας.
1664 5436 1673 5454 ⁴

1890 5422 2058 5478 Vsus.
2114 5419 2208 5474 ἓξ.
2261 5417 2366 5486 Qui
2414 5413 2607 5469 invenit
2647 5410 2920 5465 mulierem
2947 5406 3160 5469 bonam,
3196 5406 3390 5456 invenit

153 5545 249 5614 τὴν
271 5540 469 5603 παντὸς
496 5536 660 5593 καλοῦ
683 5535 863 5591 αἰτίαν
890 5534 1083 5602 σοφίαν
1110 5533 1355 5587 σύνοικον
1380 5531 1673 5603 κτησάμεν‹

1822 5525 2043 5597 gratias.
2069 5519 2222 5576 Mens
2244 5533 2365 5589 quae
2391 5514 2636 5586 possidet
2668 5510 3016 5581 sapientiam,
3047 5503 3232 5560 omnis
3260 5500 3391 5601 boni

154 5636 301 5702 νοῦς,
336 5635 608 5705 ἐκτήσατο
640 5632 734 5685 καὶ
760 5630 829 5684 τὰ
857 5628 1019 5682 λοιπὰ
1045 5626 1139 5681 τοῦ
1179 5624 1446 5694 παναγίου
1478 5622 1673 5694 Πνεύμ‹

1823 5613 2180 5689 principium,
2227 5609 2477 5682 possidet
2519 5606 2749 5675 insuper
2782 5602 2888 5657 alia
2937 5598 3176 5670 Spiritus
3214 5598 3392 5697 sancti

157 5693 627 5798 τος-γαρίσματα,
655 5722 717 5776 τὸ
742 5722 840 5794 τῆς
874 5721 1163 5787 συνέσεως,
1198 5721 1260 5774 τὸ
1303 5693 1403 5785 τῆς
1449 5693 1671 5787 γνώσει»

1824 5711 1991 5772 dona,
2030 5706 2233 5762 donum
2265 5701 2474 5759 scilicet
2513 5698 2847 5760 intellectus,
2874 5693 3077 5749 donum
3121 5693 3390 5751 scientiae,

159 5780 697 5890 Sb-t%;.éﬂ;ﬂﬁttrlg,
725 5780 911 5887 τὸτῆς
945 5780 1161 5885 βουλῆς,
1186 5812 1247 5867 τὸ
1274 5780 1610 5882 τῆς-ίσγύος,
1632 5826 1673 5863 κ‹

1828 5802 2031 5859 donum
2058 5797 2376 5870 prudentite,
2410 5795 2615 5850 donum
2644 5789 2884 5856 consilii,
2933 5786 3135 5843 donum
3182 5780 3401 5857 fortitu-l

3418 5284 3426 5323 l
