4054 6502
575 341 707 409 1411

1870 344 2223 406 PROCOPII
2256 344 2501 407 GAZIEI

3706 348 3842 414 14ιῖ

575 458 753 521 diuis,
804 468 859 513 et
906 455 1110 511 donum
1170 458 1409 513 timoris.
1463 458 1692 526 Accepit
1740 465 1920 510 autem
1968 474 1999 510 a
2044 456 2154 511 Deo

2257 458 2316 511 τὸ
2344 458 2439 512 τοῦ
2466 457 2863 527 φόϐου.Ἔλα6ε
2893 459 2950 512 δὲ
2985 461 3132 529 παρὰ
3166 459 3303 511 Θεοῦ
3347 458 3539 524 ύγείαν
3568 466 3714 511 κατά
3740 460 3844 529 ψυ-

577 551 870 606 sanitatem
920 550 1140 611 animae,
1200 549 1550 619 puriﬁcatus,
1594 548 1931 603 illuminatus
1982 558 2148 618 atque

2258 550 2378 621 χὴν,
2422 551 2720 621 καθαρθείς
2757 569 2815 603 τε
2857 552 2950 605 καὶ
2989 554 3275 620 φωτισΟέις
3317 554 3409 606 καὶ
3449 552 3782 616 τελειωθείς.

575 644 882 714 perfectus.

650 734 819 789 Vens.
856 736 948 788 25.
987 734 1092 798 Qui
1118 734 1332 801 expellit
1364 735 1636 787 mulierem
1677 738 1894 799 bonam,
1934 735 2153 804 expellit

580 828 794 882 bonum.
838 826 939 892 Qui
968 834 1193 896 propter
1223 824 1483 880 allectum
1514 825 1579 879 ad
1613 827 1923 891 scnsibilia,
1969 826 2155 897 rejicit

578 919 1033 974 intellectualium
1068 918 1389 989 sapientiam
1425 918 1477 971 in
1520 925 1815 989 semetipso
1844 919 2156 974 inhabitan-

577 1019 687 1067 tem
724 1027 845 1082 quae
880 1011 1069 1064 talium
1117 1025 1285 1065 causa
1335 1017 1420 1065 est
1453 1009 1743 1072 bonorum,
1789 1011 1975 1065 omnia
2014 1011 2152 1066 bona

578 1123 700 1176 qua:
728 1122 795 1160 ex
831 1106 924 1159 illa
948 1105 1252 1175 procedunt
1290 1105 1456 1159 simul
1486 1120 1614 1159 cum
1647 1121 1712 1160 ea
1746 1106 1955 1176 dejicit.

654 1198 759 1263 Qui
793 1208 967 1251 autem
989 1206 1123 1251 tenet
1152 1197 1689 1265 adulteram,stultus
1721 1210 1771 1254 et
1800 1202 2017 1270 impius.
2049 1202 2151 1269 Qui

583 1286 910 1356 sapientiam
985 1286 1214 1340 dimittit
1268 1303 1605 1358 sensumque
1661 1300 1955 1347 conservat
2006 1292 2157 1346 ialla-

583 1391 700 1430 cem
736 1416 751 1439 ,
786 1391 887 1430 nec
913 1376 1082 1431 Deum
1120 1378 1177 1432 in
1218 1378 1387 1434 corde
1410 1378 1647 1450 profert,
1683 1396 1786 1437 nec
1809 1380 1965 1436 illum
1993 1382 2157 1453 justi-

582 1468 672 1523 tia:
699 1470 960 1539 aperibus
985 1470 1137 1526 colit.

1180 1653 1338 1709 CAP.
1396 1654 1541 1711 XIX.

655 1741 823 1799 Vens.
855 1744 908 1798 5.
951 1743 1325 1815 Imprudentia
1360 1749 1463 1801 viri
1510 1759 1683 1803 uastat
1713 1751 1825 1805 vias
1859 1752 1994 1821 ejus.
2021 1750 2155 1822 Ejus

581 1835 675 1903 qui
716 1834 783 1887 ad
821 1836 990 1891 Deum
1047 1853 1160 1893 non
1204 1839 1451 1909 respicit,
1502 1842 1598 1897 sed
1653 1857 1839 1897 amore
1880 1843 2154 1915 decipitur

583 1929 993 1997 temporalium,
1042 1930 1380 1989 irrationalis
1427 1941 1509 1988 est
1565 1942 1769 1991 motus.
1814 1934 1958 1989 Nihil
2000 1938 2156 2005 proti-

582 2018 735 2073 ciunt
774 2019 949 2089 ipsius
974 2022 1183 2090 studia,
1217 2024 1347 2094 quia
1388 2040 1511 2079 cum
1574 2027 2029 2097 corruptibilibus
2074 2030 2155 2084 si-

580 2115 693 2169 mul
714 2124 1024 2172 transeunt.

648 2208 1068 2263 Accusatautem
1092 2208 1259 2264 Deum
1286 2210 1340 2263 in
1361 2210 1517 2264 corde
1542 2227 1658 2265 suo.
1677 2211 1770 2267 [lle
1787 2225 1853 2266 ex
1880 2210 2152 2267 dementia

580 2309 688 2349 non
720 2311 947 2364 pravum
1000 2312 1159 2351 suum
1194 2297 1461 2367 judicium
1495 2310 1743 2363 accusat,
1773 2301 1917 2370 quod
1945 2316 2070 2355 vera
2101 2311 2157 2356 et

581 2390 956 2457 permanentia
1022 2400 1382 2446 contemnens
1433 2391 1488 2445 in
1522 2392 1907 2462 corruptibilia
1937 2409 2152 2449 omnem

579 2480 823 2535 ostendit
852 2481 1130 2546 ardorem,
1175 2482 1270 2537 sed
1299 2484 1509 2537 Deum:
1547 2484 1679 2553 quia
1723 2494 2155 2555 corrumpuntur

579 2586 642 2625 ea
676 2587 798 2641 quae
831 2580 961 2626 sunt
991 2574 1335 2642 corruptioni
1365 2574 1628 2631 obnoxia.

654 2662 820 2718 Vens.
869 2662 924 2717 4.
970 2663 1179 2717 Πίυἱιὶιε
1222 2666 1425 2718 addunt
1464 2667 1665 2719 amicos
1715 2666 1933 2721 multos.
1982 2665 2156 2736 Spiri-

580 2756 755 2811 tuales
789 2756 995 2811 divitiae
1024 2757 1242 2813 virtutis
1276 2765 1331 2811 et
1365 2757 1633 2822 scientize,
1675 2758 1798 2815 illas
1847 2759 2152 2829 possidenti

579 2850 874 2905 conferunt
903 2866 1026 2906 cum
1060 2851 1334 2906 charitate
1382 2852 1438 2904 in
1478 2850 1648 2906 Deum
1701 2861 1755 2907 et
1799 2853 1854 2907 in
1904 2853 2154 2909 homines

581 2943 928 2998 charitatem.
957 2942 1094 2997 Nam
1134 2943 1408 2997 charitate
1438 2942 1494 2997 in
1526 2942 1780 3000 homines
1813 2945 2060 3003 charitas
2097 2948 2152 3001 in

581 3036 752 3091 Deum
782 3034 1175 3091 manifestatur
1213 3045 1377 3105 atque
1403 3036 1695 3107 probatur.

653 3222 814 3293 Inops
851 3235 1031 3277 autem
1070 3232 1120 3277 et
1153 3222 1219 3277 ab
1255 3224 1425 3279 amico
1468 3241 1620 3296 quem
1666 3224 1817 3280 habet
1869 3227 2152 3287 deseritur.

582 3316 683 3382 Qui
702 3316 1122 3371 divitiistalibus
1138 3316 1390 3372 consulto
1417 3327 1587 3380 caret,
1614 3333 1645 3371 ιι
1676 3316 1785 3373 Deo
1815 3318 2153 3389 disceditqni

584 3411 720 3463 adeo
767 3408 957 3462 dilexit
981 3425 1103 3463 eum
1137 3417 1197 3463 ut
1234 3424 1343 3463 non
1364 3409 1524 3464 modo
1546 3425 1672 3464 cum
1701 3426 1732 3465 e
1760 3411 1931 3465 nihilo
1967 3412 2034 3467 ad
2060 3426 2155 3466 ex—

583 3502 890 3556 sistentiam
927 3503 1200 3565 eduxerit,
1250 3502 1472 3573 vitaque
1521 3503 1810 3559 donaverit
1843 3519 1908 3559 ac
1942 3508 2155 3561 ratione

582 3594 842 3663 omnique
882 3594 989 3647 alia
1042 3610 1224 3649 rerum
1251 3596 1410 3665 cepia
1451 3595 1676 3666 dignum
1712 3597 1998 3663 habuerit,
2059 3599 2155 3654 sed

584 3687 748 3740 etiam
782 3686 1124 3757 unigenitum
1167 3686 1368 3742 Filium
1402 3705 1560 3744 suum
1598 3704 1696 3760 pro
1734 3690 1829 3745 illo
1855 3691 2014 3745 morti
2045 3700 2157 3745 tra-

583 3775 806 3831 diderit.

654 3955 824 4011 Vens.
871 3955 926 4010 5.
966 3954 1136 4009 Testis
1172 3954 1345 4025 falsus
1398 3972 1503 4009 non
1536 3958 1637 4010 erit
1680 3956 1990 4024 impunitus.
2030 3956 2157 4009 Dia-

583 4048 743 4103 bolus
787 4049 882 4119 qui
922 4050 1125 4102 malum
1176 4048 1513 4103 mendaciter
1560 4047 1748 4102 laudat
1795 4056 1851 4104 et
1902 4048 1968 4103 ad
2020 4048 2153 4103 illud

585 4146 928 4211 operandom
955 4141 1205 4194 hortatur
1236 4141 1535 4205 hominem,
1570 4142 1793 4196 malitia:
1818 4155 2032 4211 poenas,
2056 4156 2156 4212 pro

584 4247 669 4297 eo,
710 4247 739 4286 a
770 4231 919 4300 justo
951 4231 1143 4302 judice
1189 4230 1420 4287 subibit.

654 4417 760 4485 Qui
795 4424 969 4471 autem
998 4424 1215 4470 accusat
1262 4416 1460 4486 inique,
1505 4432 1609 4470 non
1646 4416 1878 4486 effugiet.
1919 4414 2022 4481 Qui
2063 4430 2155 4470 au-

585 4519 691 4563 tem
723 4509 792 4564 de
833 4509 901 4564 iis
956 4523 1077 4578 quae
1124 4507 1346 4563 admisit
1401 4508 1578 4578 ipsum
1630 4509 1909 4563 diabolum
1956 4516 2153 4578 praeter

582 4600 849 4653 rationem
884 4609 1131 4669 accusat,
1165 4612 1275 4652 non
1305 4598 1507 4654 exinde
1533 4614 1751 4654 omnem
1790 4598 2013 4670 eﬂ‘ugiet
2038 4614 2156 4668 pm-

585 4707 711 4745 nam
750 4692 884 4762 quia
908 4690 1128 4745 diabolo
1162 4708 1270 4746 non
1314 4692 1541 4746 obedire
1590 4691 1792 4763 potuit.
1845 4690 2062 4747 Reddet
2102 4700 2158 4746 et

583 4785 701 4854 ipse
741 4786 1008 4839 rationem
1043 4784 1173 4853 quia
1222 4784 1479 4839 mandata
1498 4784 1779 4841 Crea‘oris
1827 4784 2156 4855 contempsit

582 4891 647 4931 ac
686 4876 866 4944 paruit
894 4874 1024 4929 mali
1062 4875 1521 4946 suggestionibus.

652 5052 818 5108 Vens.
860 5054 914 5108 6.
955 5052 1113 5107 Multi
1138 5053 1315 5107 colunt
1344 5068 1623 5121 personam
1664 5054 1821 5124 regis.
1874 5052 2029 5108 Multi
2058 5068 2153 5109 co-

580 5163 702 5200 ram
744 5147 966 5217 regibus
998 5145 1067 5199 ad
1107 5145 1354 5217 ipsorum
1401 5147 1685 5201 servitium
1738 5147 1913 5203 zelum
1967 5156 2154 5203 osten-

580 5240 753 5309 dunt;
790 5253 933 5311 pone
960 5248 1141 5295 autem
1187 5240 1433 5297 sentiunt
1457 5240 1762 5295 contraria.

656 5417 840 5473 Omnis
878 5428 1052 5473 autem
1085 5417 1259 5471 malus
1284 5418 1345 5486 ﬁt
1401 5417 1738 5486 opprobrium
1779 5418 1907 5473 viro.
1960 5418 2151 5475 Omnis

2183 1811 2227 1867 Β

2181 3112 2308 3229 cgl

2183 4522 2227 4579 D

2326 728 2433 798 κγ’.
2465 731 2561 795 Ὃς
2614 729 2893 783 ἐκϐάλλει
2950 728 3185 798 ἀγαθὴν
3222 728 3509 799 γυναῖκα,
3558 727 3845 783 ἐκϐάλλει

2254 814 2464 885 ἀγαθά.
2496 818 2591 881 Ὃς
2617 813 2711 869 οὖν
2735 817 3033 871 ἀπελαύνει
3066 818 3126 882 ἐξ
3148 818 3336 884 αὐτοῦ,
3357 819 3449 872 διά
3476 819 3581 889 τὴν
3608 818 3751 888 πρὸς
3776 819 3845 871 τὰ

2256 906 2490 978 αἰσθητά
2525 908 2735 979 σχέσιν,
2763 910 2863 980 τὴν
2894 909 3037 963 κατά
3064 909 3127 962 τὸ
3151 909 3340 981 νοερὸν
3376 908 3532 981 αὐτῷ
3564 910 3843 964 συνοικοῦ-

2258 1015 2378 1063 σαν,
2410 1000 2504 1052 καὶ
2551 1000 2809 1055 τοιούτων
2860 1000 3081 1070 ἀγαθῶν
3128 1001 3310 1055 αἰτίαν
3362 1002 3582 1071 σοφίαν,
3637 1018 3839 1055 συναπ-

2256 1090 2475 1144 ελαύνει
2513 1092 2650 1163 αὐτῇ
2690 1095 2785 1146 καὶ
2822 1093 2891 1147 τά
2928 1094 2985 1160 ἐξ
3023 1094 3194 1164 αὐτῆς
3232 1094 3431 1162 ἀγαθά.

2342 1182 2404 1233 '0
2432 1181 2501 1233 δὲ
2542 1182 2809 1250 κατέχων
2831 1183 3161 1252 μοιχαλίδα
3180 1224 3195 1246 ,
3224 1184 3431 1253 ἄφρων
3459 1184 3559 1239 καὶ
3590 1185 3835 1253 ἀσεϐής.

2267 1275 2327 1327 'U
2356 1274 2412 1328 δὲ
2440 1274 2644 1344 ταύτην
2677 1276 2776 1344 μὲν
2808 1275 3063 1330 ἀπολύων
3085 1316 3099 1339 ,
3128 1276 3227 1348 τὴν
3257 1277 3300 1329 δ’
3322 1277 3615 1349 ἀπατηλην
3649 1276 3842 1347 αἴσθη-

2258 1385 2344 1421 σιν
2391 1368 2831 1439 παρακατέχων,
2864 1370 2927 1423 ού
2971 1370 3259 1440 περιφέρει
3305 1371 3365 1424 ὲν
3418 1372 3621 1443 καρδία
3668 1372 3839 1425 Θεόν·

2255 1458 2383 1513 οὔτε
2439 1460 2546 1532 μὴν
2596 1460 2685 1514 διὰ
2732 1460 2845 1515 τῶν
2896 1462 2997 1532 τῆς
3045 1462 3396 1535 δικαιοσύνης
3432 1464 3617 1535 ἔργων
3656 1467 3847 1517 τοῦτον

2257 1552 2416 1623 τιμᾷ.

2843 1643 3101 1698 ΚΕΦΑΛ.
3141 1644 3247 1699 ΙΘ’.

2332 1738 2402 1802 γ’.
2450 1732 2795 1803 Ἀφροσύνη
2841 1734 3065 1803 ἀνδρὸς
3094 1736 3457 1806 Jugale-erat
3519 1738 3627 1805 τὰς
3666 1738 3849 1804 ὀδοὺς

2253 1822 2460 1879 αὐτοῦ.
2482 1824 2589 1877 Τοῦ
2619 1825 2694 1897 μὴ
2713 1825 2850 1897 πρὸς
2878 1826 3011 1881 Θεὸν
3026 1828 3368 1900 ἀφορῶντος,
3391 1830 3531 1883 ἀλλά
3557 1834 3624 1901 τῇ
3659 1831 3846 1901 σχέσει

2252 1917 2363 1970 τῶν
2394 1918 2748 1989 προσκαίρων
2776 1919 2959 1990 ἠπατη
2970 1921 3154 1990 μένου,
3182 1923 3215 1991 ἡ
3246 1922 3537 1991 ἀλόγιστος
3582 1924 3804 1993 κίνησις
3827 1940 3842 1954 ·

2253 2011 2334 2074 είς
2358 2010 2421 2063 τὸ
2448 2011 2616 2082 μηδὲν
2646 2014 2791 2065 ποιεῖ
2812 2015 3127 2084 προχωρεῖν
3157 2014 3225 2067 τὰ
3248 2014 3441 2068 τούτου
3470 2016 3846 2087 ἐπιτηδεύμα-

2253 2121 2345 2169 τα,
2386 2103 2462 2169 ὡς
2499 2107 2615 2168 τοῖς
2652 2105 2914 2176 φθαρτοῖς
2954 2106 3451 2177 συναφανιζόμενα.

2330 2195 2443 2249 Τὸν
2467 2196 2536 2249 δὲ
2571 2196 2721 2251 Θεὸν
2753 2197 3009 2253 αἰτιᾶται
3050 2197 3127 2267 τῇ
3175 2199 3389 2268 καρδίᾳ
3420 2198 3630 2254 αὑτοῦ.
3675 2198 3845 2263 AM;

2253 2284 2301 2338 δ’
2324 2285 2381 2351 ἐξ
2410 2286 2600 2349 ἀνοίας
2626 2285 3022 2357 ἐπιμέμφεται,
3052 2288 3175 2359 οὐχὶ
3203 2292 3271 2358 τῇ
3307 2288 3491 2361 φαύλῃ
3516 2290 3837 2360 προαιρέσει

2255 2374 2419 2428 αὑτοῦ
2440 2416 2455 2439 ,
2491 2375 2526 2447 ἢ
2555 2376 2623 2427 τὰ
2656 2375 2787 2429 ὄντα
2823 2377 2916 2430 καὶ
2945 2376 3176 2447 μένοντα
3205 2378 3586 2447 καταλείψασα
3618 2380 3758 2450 περὶ
3778 2381 3839 2433 τὰ

2256 2465 2472 2537 φθαρτά
2497 2469 2679 2521 πᾶσαν
2708 2468 2945 2539 σπουδὴν
2973 2468 3373 2534 ἐπιδείκνυται,
3402 2470 3541 2525 ἀλλὰ
3568 2470 3698 2541 Θεῷ
3722 2486 3736 2498 ⁸
3766 2471 3839 2524 ὅτι

2255 2558 2569 2629 φθείρονται
2610 2560 2680 2612 τὰ
2720 2559 2883 2629 φύσει
2922 2558 3161 2630 φθαρτά.

2324 2650 2387 2703 δ’.
2440 2650 2713 2717 Πλοῦτος
2754 2652 3119 2719 προστίθησι
3162 2650 3381 2720 φίλους
3431 2651 3734 2718 πολλοὺς.
3782 2651 3839 2704 '0

2254 2742 2376 2795 κατ’
2402 2740 2605 2813 ἀρετὴν
2656 2744 2751 2795 καὶ
2793 2742 2993 2812 γνῶσιν
3042 2742 3413 2813 πνευματικὸς
3462 2742 3721 2808 πλοῦτος,
3765 2744 3840 2812 τῷ

2254 2834 2586 2906 κτησαμένῳ
2637 2835 2828 2900 αὐτὸν,
2861 2833 3191 2905 προστίθησι
3233 2836 3298 2905 τῇ
3346 2838 3426 2898 εἰς
3463 2834 3599 2888 Θεὸν
3648 2836 3839 2906 ἀγάπῃ

2255 2928 2349 2981 καὶ
2394 2926 2491 2997 τὴν
2538 2926 2676 2999 πρὸς
2706 2928 2916 2991 πάντας
2949 2925 3272 2997 ἀνθρώπους
3296 2942 3311 2956 ο
3342 2928 3378 2998 ἡ
3402 2928 3510 2996 γάρ
3541 2929 3681 2999 πρὸς
3713 2932 3841 2981 τού-

2254 3038 2379 3085 τους
2416 3020 2609 3093 ἀγάπη
2637 3060 2652 3086 ,
2692 3022 2793 3091 τῆς
2832 3020 2970 3092 πρὸς
3010 3018 3145 3073 Θεόν
3181 3022 3329 3072 ἐστιν
3366 3020 3591 3091 ἀγάπης
3626 3020 3841 3073 ἀπόδειο

2312 3129 2339 3173 ς

2339 3202 2402 3257 '0
2429 3202 2497 3256 δὲ
2522 3202 2759 3272 πτωχὸς
2808 3202 2908 3257 καὶ
2939 3202 3057 3257 ἀπὸ
3103 3202 3210 3257 τοῦ
3241 3199 3623 3270 ὑπάρχοντος
3653 3202 3840 3271 φίλου

2254 3292 2574 3365 χωρίζεται.
2614 3296 2672 3347 ὐ
2722 3294 2780 3346 δὲ
2833 3293 3133 3365 πτωχεύων
3179 3293 3273 3347 τοῦ
3306 3294 3558 3347 τοιούτου
3604 3293 3838 3346 πλούτου

2254 3388 2396 3442 κατὰ
2424 3386 2745 3459 προαίρεσιν
2770 3427 2788 3455 ,
2816 3388 2910 3440 καὶ
2942 3386 3111 3440 αὑτοῦ
3146 3386 3444 3455 ἀφίσταται
3470 3386 3567 3439 τοῦ
3596 3385 3837 3439 τοιοῦτον

2253 3481 2641 3552 ἀγαπήσαντος
2687 3480 2851 3535 αὐτὸν
2880 3480 3040 3545 Θεοῦ,
3088 3482 3164 3545 ὡς
3206 3481 3280 3552 μὴ
3319 3480 3479 3550 μόνον
3507 3481 3575 3533 ὲκ
3617 3479 3714 3533 τοῦ
3762 3480 3837 3551 μὴ

2253 3575 2405 3639 ὄντος
2431 3575 2513 3638 είς
2545 3573 2606 3627 τὸ
2632 3568 2773 3629 εἶναι
2800 3576 3147 3645 παραγαγεῖν
3172 3574 3270 3627 καὶ
3302 3571 3451 3643 ζωῆς
3489 3572 3835 3642 μεταδοῦναι,

2254 3669 2349 3721 καὶ
2379 3668 2522 3738 λόγῳ
2567 3669 2834 3737 τιμῆσαι,
2872 3668 2970 3720 καὶ
3011 3666 3193 3736 πάσης
3232 3664 3400 3735 ἄλλης
3431 3663 3663 3729 ἀξιῶσαι
3711 3683 3838 3736 προ-

2253 3761 2423 3827 νοίας,
2447 3761 2585 3815 ἀλλὰ
2612 3762 2707 3814 καὶ
2747 3760 2838 3813 τὸν
2882 3758 3147 3830 μονογενῆ
3179 3756 3349 3812 αὐτοῦ
3379 3758 3509 3811 Υίὸν
3544 3758 3687 3830 ὑπὲρ
3716 3759 3836 3812 τού-

2252 3866 2345 3903 του
2384 3849 2565 3903 δοῦναι
2605 3851 2687 3913 εἰς
2726 3848 2975 3904 θάνατον.

2325 3947 2385 3995 ε’.
2426 3940 2670 4011 Μάρτυς
2699 3940 2956 4010 ψευδὴς,
2996 3942 3107 3995 οὐκ
3156 3938 3527 4009 ἀτιμώρητος
3567 3940 3832 3995 ἔσται.⁹0

2254 4034 2312 4087 τὸ
2349 4033 2522 4086 κακὸν
2552 4033 2761 4104 ψευδῶς
2791 4033 3028 4087 ἐπαινῶν
3068 4032 3300 4102 δαίμων,
3331 4034 3426 4088 καί
3477 4033 3617 4103 πρὸς
3666 4035 3831 4103 ἔργα·

2255 4125 2377 4178 σίαν
2417 4126 2610 4180 τούτου
2652 4126 2745 4179 τὸν
2775 4125 3064 4198 ἄνθρωπον
3089 4124 3513 4195 ἐκκαλούμενος,
3545 4126 3704 4189 δίκας
3732 4126 3830 4194 ὐφ-

2254 4217 2365 4284 έξει
2389 4218 2520 4289 περὶ
2544 4218 2643 4289 τῆς
2674 4218 2941 4288 πονηρίας
3001 4220 3167 4275 αὐτοῦ
3194 4219 3412 4286 ἕνεκεν,
3442 4220 3600 4293 παρὰ
3628 4220 3724 4274 τοῦ
3754 4220 3829 4274 δι-

2254 4309 2410 4363 καίου
2449 4310 2657 4380 κριτοῦ.

2333 4404 2397 4459 Ὀ
2426 4404 2478 4458 δ’
2499 4404 2773 4474 ἐγκαλῶν
2796 4406 3036 4473 ἀδίκως,
3061 4409 3133 4461 οὺ
3156 4406 3558 4476 διαφεύξεται.
3597 4405 3657 4458 '0
3679 4405 3831 4474 519‘

2254 4495 2336 4561 οἷς
2368 4499 2674 4569 ἁμαρτάνει
2718 4500 2881 4553 αὑτὸν
2922 4499 3013 4555 τὸν
3045 4500 3279 4571 δαίμονα
3306 4498 3634 4569 αἰτιώμενος
3662 4518 3828 4568 παρα-

2257 4592 2452 4660 λόγως,
2482 4592 2573 4646 διὰ
2602 4592 2664 4648 τὸ
2696 4591 2956 4647 δύνασθαι
2988 4593 3062 4664 μὴ
3096 4592 3394 4646 ὑπακούειν
3431 4592 3605 4659 αὐτῷ,
3635 4593 3734 4644 οὐκ
3755 4593 3829 4643 ὲν-

2253 4681 2445 4735 τεῦθεν
2469 4682 2561 4749 ίεῑς
2602 4682 2746 4736 ἆπαν
2772 4682 2987 4755 ἐκφύγῃ
3012 4683 3110 4754 τὴν
3139 4683 3389 4736 κόλασιν·
3418 4683 3697 4736 ἀποδώσει
3725 4684 3827 4752 γὰρ

2254 4771 2445 4838 λόγους
2475 4775 2569 4827 καὶ
2595 4767 2750 4837 οὗτος
2770 4813 2785 4839 ,
2820 4773 2853 4845 ἢ
2885 4773 3027 4828 κατά
3062 4772 3124 4826 τὸ
3159 4774 3337 4845 παρὸν
3365 4773 3399 4843 ἢ
3438 4774 3583 4827 κατά
3610 4774 3674 4826 τὺ
3703 4774 3825 4843 μέλο

2254 4866 2366 4934 λον,
2391 4868 2471 4922 ὅτι
2504 4867 2600 4931 τὰς
2631 4868 2852 4931 ἐντολὰς
2898 4866 2991 4921 τοῦ
3025 4868 3265 4921 Κτίστου
3314 4868 3824 4938 παραϐλεψάμενος,

2254 4961 2374 5023 ταῖς
2412 4960 2714 5029 ὑποθήκαις
2750 4960 2980 5031 ἐπείσθη
3016 4958 3114 5013 τοῦ
3154 4959 3419 5031 Πονηροῖκ

2325 5058 2399 5118 ς’.
2438 5052 2663 5107 Πολλοὶ
2712 5053 3113 5122 θεραπεύουσι
3157 5052 3448 5121 πρόσωπα
3496 5051 3820 5117 βασιλέως.

2253 5144 2317 5197 Οἱ
2345 5144 2529 5198 πολλοὶ
2551 5144 2670 5198 κατ’
2695 5145 2818 5216 ὄψιν
2843 5144 2951 5199 τῶν
2974 5144 3240 5216 βασιλέων
3263 5144 3393 5215 περὶ
3412 5143 3511 5215 τὴν
3533 5143 3823 5215 θεραπείαν

2251 5235 2458 5291 τούτων
2488 5236 2885 5302 σπουδάζουσιν
2903 5252 2919 5267 ·
2950 5236 3176 5290 ὄπισθεν
3198 5235 3277 5302 δὲ,
3306 5235 3574 5289 τάναντία
3605 5233 3821 5306 φρονοῦο

2253 5344 2357 5382 σιν.

2319 5420 2446 5488 Πᾶς
2472 5420 2541 5476 δὲ
2563 5424 2597 5477 ό
2628 5421 2813 5490 κακὸς
2855 5422 3077 5493 γίνεται
3131 5419 3364 5487 ὄνειδος
3395 5419 3595 5488 ἀνδρί.
3640 5420 3753 5485 Πᾶς
3779 5419 3818 5471 δ’

581 5520 763 5565 autem
794 5512 873 5566 sic
910 5511 1048 5565 male
1087 5511 1355 5578 sentiens,
1388 5525 1421 5565 a
1455 5520 1602 5567 recte
1645 5512 1907 5567 sentienti
1953 5519 2013 5567 ut
2042 5512 2148 5566 im-

2254 5511 2278 5563 e
2305 5510 2490 5573 κακῶς
2514 5510 2654 5563 οὕτω
2680 5510 2909 5582 φρονῶν,
2943 5508 3093 5581 παρὰ
3115 5507 3193 5580 τῷ
3219 5507 3573 5580 σταθερογνώ
3584 5525 3711 5579 μονι
3741 5510 3819 5573 ἐξ·

582 5611 771 5672 postor
802 5603 1192 5657 contemnitur.

658 5692 816 5748 Vens.
853 5694 905 5749 7.
935 5695 1238 5763 Quicunque
1276 5694 1499 5763 fratrem
1566 5698 1773 5767 inopem
1817 5698 1949 5761 odit,
1989 5698 2149 5753 etiam

584 5786 651 5842 ab
674 5788 910 5840 amicitia
933 5786 1081 5857 longe
1103 5787 1223 5841 erit.
1256 5787 1361 5854 Qui
1386 5789 1615 5847 fratrem
1641 5806 1706 5846 ex
1740 5791 1920 5846 anima
1965 5791 2144 5864 repel-

2248 5602 2545 5657 ουθένωται
2581 5603 2657 5667 ὡς
2691 5600 2966 5658 ἀπατεὼν.

2322 5694 2385 5761 ζ’.
2426 5694 2552 5762 Πᾶς
2581 5695 2650 5762 ὃς
2686 5695 2953 5766 ἀδελφὸν
2976 5696 3215 5765 πτωχὸν
3241 5694 3440 5763 μισεῖ,
3472 5692 3569 5747 καί
3616 5694 3815 5761 φιλίας

2243 5790 2482 5859 μακρὰν
2526 5789 2715 5846 ἕσται.
2754 5789 2812 5843 '0
2864 5791 2930 5849 ἐκ
2977 5788 3151 5861 ψυχῆς
3206 5786 3683 5858 ἀπσστρεφόμενος
3725 5784 3811 5837 τὸν
