  <div class='ocr_page' id='page_1' title='image "/cluster/home/n/w/nwhite01/storage/ocr_20150623/87:1/hvd.32044020319117/714.png"; bbox 0 0 4054 6492; ppageno 0'>
   <div class='ocr_carea' id='block_1_1' title="bbox 173 312 310 378">
    <p class='ocr_par' dir='ltr' id='par_1_1' title="bbox 173 312 310 378">
     <span class='ocr_line' id='line_1_1' title="bbox 173 312 310 378; baseline 0.007 -1"><span class='ocrx_word' id='word_1_1' title='bbox 173 312 310 378; x_wconf 73' lang='grc'><strong>1413</strong></span> 
     </span>
    </p>
   </div>
   <div class='ocr_carea' id='block_1_2' title="bbox 1198 316 2349 381">
    <p class='ocr_par' dir='ltr' id='par_1_2' title="bbox 1198 316 2349 381">
     <span class='ocr_line' id='line_1_2' title="bbox 1198 316 2349 381; baseline 0.003 -4"><span class='ocrx_word' id='word_1_2' title='bbox 1198 316 1737 380; x_wconf 80' lang='lat' dir='ltr'><strong>COMMENTARII</strong></span> <span class='ocrx_word' id='word_1_3' title='bbox 1775 320 1861 380; x_wconf 90' lang='lat' dir='ltr'><strong>IN</strong></span> <span class='ocrx_word' id='word_1_4' title='bbox 1896 320 2349 381; x_wconf 81' lang='lat' dir='ltr'><strong>PROVERBIA.</strong></span> 
     </span>
    </p>
   </div>
   <div class='ocr_carea' id='block_1_3' title="bbox 3300 313 3434 381">
    <p class='ocr_par' dir='ltr' id='par_1_3' title="bbox 3300 313 3434 381">
     <span class='ocr_line' id='line_1_3' title="bbox 3300 313 3434 381; baseline -0.015 -1"><span class='ocrx_word' id='word_1_5' title='bbox 3300 313 3434 381; x_wconf 74' lang='grc'><strong>1414</strong></span> 
     </span>
    </p>
   </div>
   <div class='ocr_carea' id='block_1_4' title="bbox 168 429 1786 506">
    <p class='ocr_par' dir='ltr' id='par_1_4' title="bbox 168 429 1760 506">
     <span class='ocr_line' id='line_1_4' title="bbox 168 429 1760 506; baseline 0.002 -21"><span class='ocrx_word' id='word_1_6' title='bbox 168 431 416 503; x_wconf 79' lang='grc' dir='ltr'>ὀμοφυῆ,</span> <span class='ocrx_word' id='word_1_7' title='bbox 448 430 602 502; x_wconf 79' lang='grc' dir='ltr'>ἐνδεῆ</span> <span class='ocrx_word' id='word_1_8' title='bbox 636 430 768 485; x_wconf 77' lang='grc' dir='ltr'>ὄντα</span> <span class='ocrx_word' id='word_1_9' title='bbox 791 429 901 484; x_wconf 83' lang='grc' dir='ltr'>τῶν</span> <span class='ocrx_word' id='word_1_10' title='bbox 928 429 1007 502; x_wconf 82' lang='grc' dir='ltr'>τῷ</span> <span class='ocrx_word' id='word_1_11' title='bbox 1042 432 1260 503; x_wconf 83' lang='grc' dir='ltr'>σώματι</span> <span class='ocrx_word' id='word_1_12' title='bbox 1288 435 1601 504; x_wconf 81' lang='grc' dir='ltr'>αναγκαίων</span> <span class='ocrx_word' id='word_1_13' title='bbox 1630 433 1663 506; x_wconf 79' lang='grc' dir='ltr'>ἢ</span> <span class='ocrx_word' id='word_1_14' title='bbox 1695 436 1760 506; x_wconf 77' lang='grc' dir='ltr'>τῇ</span> 
     </span>
    </p>
   </div>
   <div class='ocr_carea' id='block_1_5' title="bbox 1887 429 3533 506">
    <p class='ocr_par' dir='ltr' id='par_1_5' title="bbox 1889 433 3533 506">
     <span class='ocr_line' id='line_1_5' title="bbox 1889 433 3533 506; baseline -0.001 -17"><span class='ocrx_word' id='word_1_15' title='bbox 1889 437 1927 489; x_wconf 89' lang='lat' dir='ltr'><strong>it</strong></span> <span class='ocrx_word' id='word_1_16' title='bbox 1977 436 2310 492; x_wconf 86' lang='lat' dir='ltr'><strong>necessariis</strong></span> <span class='ocrx_word' id='word_1_17' title='bbox 2361 435 2581 505; x_wconf 84' lang='lat' dir='ltr'><strong>corpori</strong></span> <span class='ocrx_word' id='word_1_18' title='bbox 2637 434 2755 490; x_wconf 86' lang='lat' dir='ltr'><strong>sive</strong></span> <span class='ocrx_word' id='word_1_19' title='bbox 2815 433 3014 489; x_wconf 80' lang='lat' dir='ltr'><strong>animae</strong></span> <span class='ocrx_word' id='word_1_20' title='bbox 3071 433 3434 506; x_wconf 75' lang='lat' dir='ltr'><strong>indigentem,</strong></span> <span class='ocrx_word' id='word_1_21' title='bbox 3529 437 3533 441; x_wconf 83' lang='lat'><strong>&#39;</strong></span> 
     </span>
    </p>
   </div>
   <div class='ocr_carea' id='block_1_6' title="bbox 168 521 1762 597">
    <p class='ocr_par' dir='ltr' id='par_1_6' title="bbox 168 521 1762 597">
     <span class='ocr_line' id='line_1_6' title="bbox 168 521 1762 597; baseline -0.004 -21"><span class='ocrx_word' id='word_1_22' title='bbox 168 523 341 593; x_wconf 71' lang='grc' dir='ltr'>ψυχῇ,</span> <span class='ocrx_word' id='word_1_23' title='bbox 369 523 463 575; x_wconf 72' lang='grc' dir='ltr'><strong>καὶ</strong></span> <span class='ocrx_word' id='word_1_24' title='bbox 494 522 570 592; x_wconf 78' lang='grc' dir='ltr'><strong>μὴ</strong></span> <span class='ocrx_word' id='word_1_25' title='bbox 602 521 891 593; x_wconf 77' lang='grc' dir='ltr'>οἰκτείρων</span> <span class='ocrx_word' id='word_1_26' title='bbox 913 522 1098 587; x_wconf 75' lang='grc' dir='ltr'>αὐτὸν,</span> <span class='ocrx_word' id='word_1_27' title='bbox 1120 524 1215 577; x_wconf 72' lang='grc' dir='ltr'><strong>καὶ</strong></span> <span class='ocrx_word' id='word_1_28' title='bbox 1247 527 1409 595; x_wconf 79' lang='grc' dir='ltr'>χεῖρα</span> <span class='ocrx_word' id='word_1_29' title='bbox 1439 525 1616 597; x_wconf 76' lang='grc' dir='ltr'>τούτῳ</span> <span class='ocrx_word' id='word_1_30' title='bbox 1640 526 1762 596; x_wconf 77' lang='grc' dir='ltr'>ὀρέ-</span> 
     </span>
    </p>
   </div>
   <div class='ocr_carea' id='block_1_7' title="bbox 1862 527 3449 599">
    <p class='ocr_par' dir='ltr' id='par_1_7' title="bbox 1862 527 3449 599">
     <span class='ocr_line' id='line_1_7' title="bbox 1862 527 3449 599; baseline -0.001 -17"><span class='ocrx_word' id='word_1_31' title='bbox 1862 529 2069 599; x_wconf 81' lang='lat' dir='ltr'><strong>quique</strong></span> <span class='ocrx_word' id='word_1_32' title='bbox 2108 529 2259 583; x_wconf 85' lang='lat' dir='ltr'><strong>nulla</strong></span> <span class='ocrx_word' id='word_1_33' title='bbox 2299 528 2354 583; x_wconf 91' lang='lat' dir='ltr'><strong>in</strong></span> <span class='ocrx_word' id='word_1_34' title='bbox 2394 543 2519 583; x_wconf 92' lang='lat' dir='ltr'><strong>eum</strong></span> <span class='ocrx_word' id='word_1_35' title='bbox 2568 535 2751 581; x_wconf 89' lang='lat' dir='ltr'><strong>motus</strong></span> <span class='ocrx_word' id='word_1_36' title='bbox 2809 527 3183 581; x_wconf 82' lang='lat' dir='ltr'><strong>misericordia</strong></span> <span class='ocrx_word' id='word_1_37' title='bbox 3214 542 3449 582; x_wconf 90' lang='lat' dir='ltr'><strong>manum</strong></span> 
     </span>
    </p>
   </div>
   <div class='ocr_carea' id='block_1_8' title="bbox 169 612 1786 689">
    <p class='ocr_par' dir='ltr' id='par_1_8' title="bbox 169 612 1762 689">
     <span class='ocr_line' id='line_1_8' title="bbox 169 612 1762 689; baseline 0.002 -21"><span class='ocrx_word' id='word_1_38' title='bbox 169 630 287 681; x_wconf 84' lang='grc' dir='ltr'><strong>γων</strong></span> <span class='ocrx_word' id='word_1_39' title='bbox 316 612 394 675; x_wconf 83' lang='grc' dir='ltr'>ὡς</span> <span class='ocrx_word' id='word_1_40' title='bbox 419 613 667 681; x_wconf 83' lang='grc' dir='ltr'>δυνατὸν,</span> <span class='ocrx_word' id='word_1_41' title='bbox 696 615 764 668; x_wconf 78' lang='grc' dir='ltr'><strong>τὰ</strong></span> <span class='ocrx_word' id='word_1_42' title='bbox 794 616 956 684; x_wconf 86' lang='grc' dir='ltr'>ὃμοια</span> <span class='ocrx_word' id='word_1_43' title='bbox 993 616 1243 670; x_wconf 82' lang='grc' dir='ltr'>πείσεται</span> <span class='ocrx_word' id='word_1_44' title='bbox 1281 618 1377 671; x_wconf 84' lang='grc' dir='ltr'><strong>καὶ</strong></span> <span class='ocrx_word' id='word_1_45' title='bbox 1425 618 1611 683; x_wconf 73' lang='grc' dir='ltr'>αὐτὸς,</span> <span class='ocrx_word' id='word_1_46' title='bbox 1661 621 1762 689; x_wconf 86' lang='grc' dir='ltr'>τῆς</span> 
     </span>
    </p>
   </div>
   <div class='ocr_carea' id='block_1_9' title="bbox 1887 612 3438 689">
    <p class='ocr_par' dir='ltr' id='par_1_9' title="bbox 1887 617 3438 689">
     <span class='ocr_line' id='line_1_9' title="bbox 1887 617 3438 689; baseline 0.002 -19"><span class='ocrx_word' id='word_1_47' title='bbox 1887 619 1911 671; x_wconf 76' lang='lat' dir='ltr'><strong>:i</strong></span> <span class='ocrx_word' id='word_1_48' title='bbox 1972 634 2084 672; x_wconf 90' lang='lat' dir='ltr'><strong>non</strong></span> <span class='ocrx_word' id='word_1_49' title='bbox 2149 620 2410 689; x_wconf 84' lang='lat' dir='ltr'><strong>porrigit,</strong></span> <span class='ocrx_word' id='word_1_50' title='bbox 2475 633 2601 673; x_wconf 88' lang='lat' dir='ltr'><strong>cum</strong></span> <span class='ocrx_word' id='word_1_51' title='bbox 2669 623 2885 686; x_wconf 87' lang='lat' dir='ltr'><strong>potest,</strong></span> <span class='ocrx_word' id='word_1_52' title='bbox 2947 617 3135 670; x_wconf 87' lang='lat' dir='ltr'><strong>eadem</strong></span> <span class='ocrx_word' id='word_1_53' title='bbox 3200 626 3255 672; x_wconf 93' lang='lat' dir='ltr'><strong>et</strong></span> <span class='ocrx_word' id='word_1_54' title='bbox 3322 618 3438 688; x_wconf 90' lang='lat' dir='ltr'><strong>ipse</strong></span> 
     </span>
    </p>
   </div>
   <div class='ocr_carea' id='block_1_10' title="bbox 170 704 1760 780">
    <p class='ocr_par' dir='ltr' id='par_1_10' title="bbox 170 704 1760 780">
     <span class='ocr_line' id='line_1_10' title="bbox 170 704 1760 780; baseline 0.005 -23"><span class='ocrx_word' id='word_1_55' title='bbox 170 704 312 758; x_wconf 74' lang='grc' dir='ltr'>Θεοῦ</span> <span class='ocrx_word' id='word_1_56' title='bbox 369 704 786 776; x_wconf 81' lang='grc' dir='ltr'><strong>φιλανθρωπίας</strong></span> <span class='ocrx_word' id='word_1_57' title='bbox 835 706 1135 778; x_wconf 82' lang='grc' dir='ltr'><strong>διαστήσας</strong></span> <span class='ocrx_word' id='word_1_58' title='bbox 1184 709 1472 780; x_wconf 71' lang='grc' dir='ltr'>πόρρωθεν</span> <span class='ocrx_word' id='word_1_59' title='bbox 1529 709 1760 765; x_wconf 78' lang='grc' dir='ltr'>ἑαυτόν.</span> 
     </span>
    </p>
   </div>
   <div class='ocr_carea' id='block_1_11' title="bbox 1862 705 3434 779">
    <p class='ocr_par' dir='ltr' id='par_1_11' title="bbox 1862 705 3434 779">
     <span class='ocr_line' id='line_1_11' title="bbox 1862 705 3434 779; baseline 0.002 -21"><span class='ocrx_word' id='word_1_60' title='bbox 1862 707 2104 776; x_wconf 81' lang='lat' dir='ltr'><strong>patietur</strong></span> <span class='ocrx_word' id='word_1_61' title='bbox 2144 708 2275 778; x_wconf 89' lang='lat' dir='ltr'><strong>quia</strong></span> <span class='ocrx_word' id='word_1_62' title='bbox 2321 722 2443 762; x_wconf 87' lang='lat' dir='ltr'><strong>sese</strong></span> <span class='ocrx_word' id='word_1_63' title='bbox 2483 722 2512 759; x_wconf 88' lang='lat' dir='ltr'><strong>a</strong></span> <span class='ocrx_word' id='word_1_64' title='bbox 2549 705 2646 760; x_wconf 87' lang='lat' dir='ltr'><strong>Dei</strong></span> <span class='ocrx_word' id='word_1_65' title='bbox 2707 705 3088 760; x_wconf 83' lang='lat' dir='ltr'><strong>misericordia</strong></span> <span class='ocrx_word' id='word_1_66' title='bbox 3142 710 3434 779; x_wconf 78' lang='lat' dir='ltr'><strong>separavit.</strong></span> 
     </span>
    </p>
   </div>
   <div class='ocr_carea' id='block_1_12' title="bbox 174 796 1786 874">
    <p class='ocr_par' dir='ltr' id='par_1_12' title="bbox 174 799 1764 874">
     <span class='ocr_line' id='line_1_12' title="bbox 174 799 1764 874; baseline 0.004 -23"><span class='ocrx_word' id='word_1_67' title='bbox 174 800 397 869; x_wconf 76' lang='grc' dir='ltr'>Ὠσπερ</span> <span class='ocrx_word' id='word_1_68' title='bbox 433 799 543 869; x_wconf 83' lang='grc' dir='ltr'><strong>γὰρ</strong></span> <span class='ocrx_word' id='word_1_69' title='bbox 564 799 728 862; x_wconf 81' lang='grc' dir='ltr'>αὐτὸς</span> <span class='ocrx_word' id='word_1_70' title='bbox 774 799 985 869; x_wconf 83' lang='grc' dir='ltr'><strong>διετέθη</strong></span> <span class='ocrx_word' id='word_1_71' title='bbox 1035 801 1166 872; x_wconf 77' lang='grc' dir='ltr'>περὶ</span> <span class='ocrx_word' id='word_1_72' title='bbox 1197 802 1287 855; x_wconf 79' lang='grc' dir='ltr'>τὸν</span> <span class='ocrx_word' id='word_1_73' title='bbox 1317 804 1561 874; x_wconf 80' lang='grc' dir='ltr'>ὁμοφυῆ,</span> <span class='ocrx_word' id='word_1_74' title='bbox 1591 802 1764 867; x_wconf 78' lang='grc' dir='ltr'>οὕτως</span> 
     </span>
    </p>
   </div>
   <div class='ocr_carea' id='block_1_13' title="bbox 1887 796 3438 874">
    <p class='ocr_par' dir='ltr' id='par_1_13' title="bbox 1887 796 3438 868">
     <span class='ocr_line' id='line_1_13' title="bbox 1887 796 3438 868; baseline 0.003 -16"><span class='ocrx_word' id='word_1_75' title='bbox 1887 797 2337 864; x_wconf 53' lang='lat' dir='ltr'><strong>Quemadmodum</strong></span> <span class='ocrx_word' id='word_1_76' title='bbox 2366 799 2513 854; x_wconf 89' lang='lat' dir='ltr'><strong>enim</strong></span> <span class='ocrx_word' id='word_1_77' title='bbox 2558 797 2677 868; x_wconf 80' lang='lat' dir='ltr'><strong>ipse</strong></span> <span class='ocrx_word' id='word_1_78' title='bbox 2711 796 2869 852; x_wconf 90' lang='lat' dir='ltr'><strong>fratri</strong></span> <span class='ocrx_word' id='word_1_79' title='bbox 2903 797 3052 865; x_wconf 88' lang='lat' dir='ltr'><strong>fecit,</strong></span> <span class='ocrx_word' id='word_1_80' title='bbox 3090 802 3165 853; x_wconf 91' lang='lat' dir='ltr'><strong>ita</strong></span> <span class='ocrx_word' id='word_1_81' title='bbox 3199 811 3256 856; x_wconf 89' lang='lat' dir='ltr'><strong>et</strong></span> <span class='ocrx_word' id='word_1_82' title='bbox 3294 801 3438 857; x_wconf 88' lang='lat' dir='ltr'><strong>Deus</strong></span> 
     </span>
    </p>
   </div>
   <div class='ocr_carea' id='block_1_14' title="bbox 174 890 1513 964">
    <p class='ocr_par' dir='ltr' id='par_1_14' title="bbox 174 890 1513 964">
     <span class='ocr_line' id='line_1_14' title="bbox 174 890 1513 964; baseline 0.005 -21"><span class='ocrx_word' id='word_1_83' title='bbox 174 892 330 960; x_wconf 80' lang='grc' dir='ltr'>αὐτῷ</span> <span class='ocrx_word' id='word_1_84' title='bbox 372 892 547 964; x_wconf 85' lang='grc' dir='ltr'>κρίσει</span> <span class='ocrx_word' id='word_1_85' title='bbox 585 890 772 963; x_wconf 74' lang='grc' dir='ltr'>δικαία</span> <span class='ocrx_word' id='word_1_86' title='bbox 809 892 1191 963; x_wconf 86' lang='grc' dir='ltr'>διατεθήσεται</span> <span class='ocrx_word' id='word_1_87' title='bbox 1229 894 1323 947; x_wconf 73' lang='grc' dir='ltr'>καὶ</span> <span class='ocrx_word' id='word_1_88' title='bbox 1361 894 1513 959; x_wconf 87' lang='grc' dir='ltr'>Θεός.</span> 
     </span>
    </p>
   </div>
   <div class='ocr_carea' id='block_1_15' title="bbox 253 984 1763 1058">
    <p class='ocr_par' dir='ltr' id='par_1_15' title="bbox 253 984 1763 1058">
     <span class='ocr_line' id='line_1_15' title="bbox 253 984 1763 1058; baseline 0.003 -21"><span class='ocrx_word' id='word_1_89' title='bbox 253 986 497 1039; x_wconf 85' lang='grc' dir='ltr'>Ἔννοια</span> <span class='ocrx_word' id='word_1_90' title='bbox 542 984 733 1053; x_wconf 70' lang='grc' dir='ltr'>ἀγαθὴ</span> <span class='ocrx_word' id='word_1_91' title='bbox 776 984 900 1051; x_wconf 78' lang='grc' dir='ltr'>τοῖς</span> <span class='ocrx_word' id='word_1_92' title='bbox 927 985 1159 1039; x_wconf 74' lang='grc' dir='ltr'>εἰδόσιν</span> <span class='ocrx_word' id='word_1_93' title='bbox 1215 986 1411 1056; x_wconf 82' lang='grc' dir='ltr'>αὐτὴν</span> <span class='ocrx_word' id='word_1_94' title='bbox 1447 987 1646 1058; x_wconf 56' lang='lat' dir='ltr'><strong>cry-tsi.</strong></span> <span class='ocrx_word' id='word_1_95' title='bbox 1700 989 1763 1041; x_wconf 87' lang='grc' dir='ltr'>Ἡ</span> 
     </span>
    </p>
   </div>
   <div class='ocr_carea' id='block_1_16' title="bbox 178 1062 1766 1151">
    <p class='ocr_par' dir='ltr' id='par_1_16' title="bbox 178 1062 1766 1151">
     <span class='ocr_line' id='line_1_16' title="bbox 178 1062 1766 1151; baseline 0.001 -19"><span class='ocrx_word' id='word_1_96' title='bbox 178 1078 329 1149; x_wconf 78' lang='grc' dir='ltr'>ἀτελῆ</span> <span class='ocrx_word' id='word_1_97' title='bbox 362 1062 658 1148; x_wconf 32' lang='grc' dir='ltr'>περὶτΘεοῦ</span> <span class='ocrx_word' id='word_1_98' title='bbox 684 1078 907 1146; x_wconf 83' lang='grc' dir='ltr'>γνῶσις,</span> <span class='ocrx_word' id='word_1_99' title='bbox 937 1078 971 1151; x_wconf 82' lang='grc' dir='ltr'><strong>ἢ</strong></span> <span class='ocrx_word' id='word_1_100' title='bbox 1004 1078 1271 1148; x_wconf 82' lang='grc' dir='ltr'><strong>κρείττων</strong></span> <span class='ocrx_word' id='word_1_101' title='bbox 1302 1081 1420 1133; x_wconf 71' lang='grc' dir='ltr'>ἐστὶ</span> <span class='ocrx_word' id='word_1_102' title='bbox 1449 1080 1632 1151; x_wconf 82' lang='grc' dir='ltr'><strong>πάσης</strong></span> <span class='ocrx_word' id='word_1_103' title='bbox 1658 1079 1766 1133; x_wconf 83' lang='grc' dir='ltr'><strong>τῶν</strong></span> 
     </span>
    </p>
   </div>
   <div class='ocr_carea' id='block_1_17' title="bbox 181 1173 1769 1246">
    <p class='ocr_par' dir='ltr' id='par_1_17' title="bbox 181 1173 1769 1246">
     <span class='ocr_line' id='line_1_17' title="bbox 181 1173 1769 1246; baseline 0 -19"><span class='ocrx_word' id='word_1_104' title='bbox 181 1176 328 1245; x_wconf 85' lang='grc' dir='ltr'><strong>μετά</strong></span> <span class='ocrx_word' id='word_1_105' title='bbox 352 1173 484 1227; x_wconf 83' lang='grc' dir='ltr'>Θεὸν</span> <span class='ocrx_word' id='word_1_106' title='bbox 509 1174 789 1241; x_wconf 83' lang='grc' dir='ltr'>γνώσεως,</span> <span class='ocrx_word' id='word_1_107' title='bbox 820 1175 936 1237; x_wconf 85' lang='grc' dir='ltr'>τοῖς</span> <span class='ocrx_word' id='word_1_108' title='bbox 970 1175 1111 1227; x_wconf 78' lang='grc' dir='ltr'>κατὰ</span> <span class='ocrx_word' id='word_1_109' title='bbox 1148 1174 1337 1228; x_wconf 85' lang='grc' dir='ltr'>πίστιν</span> <span class='ocrx_word' id='word_1_110' title='bbox 1363 1175 1651 1246; x_wconf 89' lang='grc' dir='ltr'>μυηθεῖσιν</span> <span class='ocrx_word' id='word_1_111' title='bbox 1672 1176 1769 1229; x_wconf 82' lang='grc' dir='ltr'>αὑ·-</span> 
     </span>
    </p>
   </div>
   <div class='ocr_carea' id='block_1_18' title="bbox 175 1266 1768 1338">
    <p class='ocr_par' dir='ltr' id='par_1_18' title="bbox 175 1266 1768 1338">
     <span class='ocr_line' id='line_1_18' title="bbox 175 1266 1768 1338; baseline 0.001 -18"><span class='ocrx_word' id='word_1_112' title='bbox 175 1267 279 1338; x_wconf 80' lang='grc' dir='ltr'>τὴν</span> <span class='ocrx_word' id='word_1_113' title='bbox 331 1267 650 1337; x_wconf 84' lang='grc' dir='ltr'>πλησιάσει,</span> <span class='ocrx_word' id='word_1_114' title='bbox 690 1266 880 1337; x_wconf 71' lang='grc' dir='ltr'>πόρρω</span> <span class='ocrx_word' id='word_1_115' title='bbox 929 1267 1148 1321; x_wconf 84' lang='grc' dir='ltr'>πάντων</span> <span class='ocrx_word' id='word_1_116' title='bbox 1191 1268 1299 1321; x_wconf 82' lang='grc' dir='ltr'>τῶν</span> <span class='ocrx_word' id='word_1_117' title='bbox 1364 1269 1612 1323; x_wconf 87' lang='grc' dir='ltr'>ἀπίστων</span> <span class='ocrx_word' id='word_1_118' title='bbox 1659 1271 1768 1337; x_wconf 88' lang='grc' dir='ltr'>ἀφ-</span> 
     </span>
    </p>
   </div>
   <div class='ocr_carea' id='block_1_19' title="bbox 180 1362 473 1430">
    <p class='ocr_par' dir='ltr' id='par_1_19' title="bbox 180 1362 473 1430">
     <span class='ocr_line' id='line_1_19' title="bbox 180 1362 473 1430; baseline 0.01 -19"><span class='ocrx_word' id='word_1_119' title='bbox 180 1362 473 1430; x_wconf 59' lang='lat' dir='ltr'><strong>commisi.</strong></span> 
     </span>
    </p>
   </div>
   <div class='ocr_carea' id='block_1_20' title="bbox 263 1452 1770 1525">
    <p class='ocr_par' dir='ltr' id='par_1_20' title="bbox 263 1452 1770 1525">
     <span class='ocr_line' id='line_1_20' title="bbox 263 1452 1770 1525; baseline -0.001 -18"><span class='ocrx_word' id='word_1_120' title='bbox 263 1454 435 1520; x_wconf 73' lang='grc' dir='ltr'>Ἀνὴρ</span> <span class='ocrx_word' id='word_1_121' title='bbox 467 1452 535 1505; x_wconf 84' lang='grc' dir='ltr'>δὲ</span> <span class='ocrx_word' id='word_1_122' title='bbox 579 1452 871 1522; x_wconf 83' lang='grc' dir='ltr'>φρόνιμος</span> <span class='ocrx_word' id='word_1_123' title='bbox 899 1452 1146 1520; x_wconf 82' lang='grc' dir='ltr'><strong>εὑρήσει</strong></span> <span class='ocrx_word' id='word_1_124' title='bbox 1186 1452 1399 1520; x_wconf 79' lang='grc' dir='ltr'>αὑτήν.</span> <span class='ocrx_word' id='word_1_125' title='bbox 1454 1454 1661 1525; x_wconf 89' lang='grc' dir='ltr'>Πεῖραν</span> <span class='ocrx_word' id='word_1_126' title='bbox 1711 1452 1770 1506; x_wconf 82' lang='grc' dir='ltr'>δὲ</span> 
     </span>
    </p>
   </div>
   <div class='ocr_carea' id='block_1_21' title="bbox 182 1542 1771 1615">
    <p class='ocr_par' dir='ltr' id='par_1_21' title="bbox 182 1542 1771 1615">
     <span class='ocr_line' id='line_1_21' title="bbox 182 1542 1771 1615; baseline -0.002 -16"><span class='ocrx_word' id='word_1_127' title='bbox 182 1546 393 1615; x_wconf 78' lang='grc' dir='ltr'><strong>ταύτης</strong></span> <span class='ocrx_word' id='word_1_128' title='bbox 429 1544 658 1615; x_wconf 71' lang='grc' dir='ltr'>λήψεται</span> <span class='ocrx_word' id='word_1_129' title='bbox 705 1543 905 1613; x_wconf 82' lang='grc' dir='ltr'>διαρκῆ</span> <span class='ocrx_word' id='word_1_130' title='bbox 941 1543 968 1594; x_wconf 89' lang='grc' dir='ltr'>ὁ</span> <span class='ocrx_word' id='word_1_131' title='bbox 1001 1542 1262 1610; x_wconf 81' lang='grc' dir='ltr'>γενναίως</span> <span class='ocrx_word' id='word_1_132' title='bbox 1302 1543 1374 1596; x_wconf 84' lang='grc' dir='ltr'>τὰ</span> <span class='ocrx_word' id='word_1_133' title='bbox 1416 1543 1563 1613; x_wconf 81' lang='grc' dir='ltr'>πάθη</span> <span class='ocrx_word' id='word_1_134' title='bbox 1595 1559 1771 1596; x_wconf 87' lang='grc' dir='ltr'>κατα-</span> 
     </span>
    </p>
   </div>
   <div class='ocr_carea' id='block_1_22' title="bbox 183 1633 1771 1706">
    <p class='ocr_par' dir='ltr' id='par_1_22' title="bbox 183 1633 1771 1706">
     <span class='ocr_line' id='line_1_22' title="bbox 183 1633 1771 1706; baseline -0.002 -17"><span class='ocrx_word' id='word_1_135' title='bbox 183 1637 483 1700; x_wconf 77' lang='grc' dir='ltr'>παλαίσας,</span> <span class='ocrx_word' id='word_1_136' title='bbox 522 1637 619 1690; x_wconf 78' lang='grc' dir='ltr'>καὶ</span> <span class='ocrx_word' id='word_1_137' title='bbox 644 1635 787 1689; x_wconf 88' lang='grc' dir='ltr'><strong>κατά</strong></span> <span class='ocrx_word' id='word_1_138' title='bbox 826 1635 983 1704; x_wconf 84' lang='grc' dir='ltr'>λόγον</span> <span class='ocrx_word' id='word_1_139' title='bbox 1014 1635 1112 1705; x_wconf 84' lang='grc' dir='ltr'><strong>τὴν</strong></span> <span class='ocrx_word' id='word_1_140' title='bbox 1154 1634 1337 1705; x_wconf 75' lang='grc' dir='ltr'>σχέσιν</span> <span class='ocrx_word' id='word_1_141' title='bbox 1377 1634 1623 1706; x_wconf 79' lang='grc' dir='ltr'>περάσας</span> <span class='ocrx_word' id='word_1_142' title='bbox 1662 1633 1771 1687; x_wconf 84' lang='grc' dir='ltr'><strong>τῶν</strong></span> 
     </span>
    </p>
   </div>
   <div class='ocr_carea' id='block_1_23' title="bbox 185 1725 1765 1799">
    <p class='ocr_par' dir='ltr' id='par_1_23' title="bbox 185 1725 1765 1799">
     <span class='ocr_line' id='line_1_23' title="bbox 185 1725 1765 1799; baseline -0.001 -16"><span class='ocrx_word' id='word_1_143' title='bbox 185 1730 387 1784; x_wconf 83' lang='grc' dir='ltr'>ύλικῶν</span> <span class='ocrx_word' id='word_1_144' title='bbox 411 1747 425 1762; x_wconf 74' lang='grc' dir='ltr'><strong>ο</strong></span> <span class='ocrx_word' id='word_1_145' title='bbox 454 1725 540 1783; x_wconf 76' lang='grc' dir='ltr'>οἶα</span> <span class='ocrx_word' id='word_1_146' title='bbox 573 1730 752 1784; x_wconf 85' lang='grc' dir='ltr'>πάντα</span> <span class='ocrx_word' id='word_1_147' title='bbox 782 1727 973 1791; x_wconf 83' lang='grc' dir='ltr'>διαϐὰς</span> <span class='ocrx_word' id='word_1_148' title='bbox 999 1727 1069 1780; x_wconf 87' lang='grc' dir='ltr'><strong>τά</strong></span> <span class='ocrx_word' id='word_1_149' title='bbox 1100 1728 1205 1781; x_wconf 68' lang='grc' dir='ltr'>ὑπὸ</span> <span class='ocrx_word' id='word_1_150' title='bbox 1238 1728 1430 1799; x_wconf 82' lang='grc' dir='ltr'>χρόνον</span> <span class='ocrx_word' id='word_1_151' title='bbox 1460 1728 1554 1780; x_wconf 77' lang='grc' dir='ltr'><strong>καὶ</strong></span> <span class='ocrx_word' id='word_1_152' title='bbox 1580 1726 1765 1796; x_wconf 84' lang='grc' dir='ltr'>φύσιν,</span> 
     </span>
    </p>
   </div>
   <div class='ocr_carea' id='block_1_24' title="bbox 1859 891 2561 962">
    <p class='ocr_par' dir='ltr' id='par_1_24' title="bbox 1859 891 2561 962">
     <span class='ocr_line' id='line_1_24' title="bbox 1859 891 2561 962; baseline 0.001 -17"><span class='ocrx_word' id='word_1_153' title='bbox 1859 892 2013 962; x_wconf 90' lang='lat' dir='ltr'><strong>justo</strong></span> <span class='ocrx_word' id='word_1_154' title='bbox 2047 892 2259 961; x_wconf 89' lang='lat' dir='ltr'><strong>judicio</strong></span> <span class='ocrx_word' id='word_1_155' title='bbox 2289 891 2452 948; x_wconf 78' lang='lat' dir='ltr'><strong>faciet</strong></span> <span class='ocrx_word' id='word_1_156' title='bbox 2491 892 2561 946; x_wconf 89' lang='lat' dir='ltr'><strong>ei.</strong></span> 
     </span>
    </p>
   </div>
   <div class='ocr_carea' id='block_1_25' title="bbox 1938 983 3439 1056">
    <p class='ocr_par' dir='ltr' id='par_1_25' title="bbox 1938 983 3439 1056">
     <span class='ocr_line' id='line_1_25' title="bbox 1938 983 3439 1056; baseline -0.002 -15"><span class='ocrx_word' id='word_1_157' title='bbox 1938 983 2203 1055; x_wconf 78' lang='lat' dir='ltr'><strong>Cogitatio</strong></span> <span class='ocrx_word' id='word_1_158' title='bbox 2269 985 2406 1040; x_wconf 92' lang='lat' dir='ltr'><strong>bona</strong></span> <span class='ocrx_word' id='word_1_159' title='bbox 2468 987 2749 1042; x_wconf 82' lang='lat' dir='ltr'><strong>scientibus</strong></span> <span class='ocrx_word' id='word_1_160' title='bbox 2804 1003 2923 1042; x_wconf 87' lang='lat' dir='ltr'><strong>eam</strong></span> <span class='ocrx_word' id='word_1_161' title='bbox 2982 986 3439 1056; x_wconf 83' lang='lat' dir='ltr'><strong>appropinquabit.</strong></span> 
     </span>
    </p>
   </div>
   <div class='ocr_carea' id='block_1_26' title="bbox 1870 1078 3442 1149">
    <p class='ocr_par' dir='ltr' id='par_1_26' title="bbox 1870 1078 3442 1149">
     <span class='ocr_line' id='line_1_26' title="bbox 1870 1078 3442 1149; baseline -0.001 -17"><span class='ocrx_word' id='word_1_162' title='bbox 1870 1078 2109 1148; x_wconf 83' lang='lat' dir='ltr'><strong>Simplex</strong></span> <span class='ocrx_word' id='word_1_163' title='bbox 2180 1078 2273 1134; x_wconf 88' lang='lat' dir='ltr'><strong>Dei</strong></span> <span class='ocrx_word' id='word_1_164' title='bbox 2329 1080 2594 1149; x_wconf 81' lang='lat' dir='ltr'><strong>cognitio,</strong></span> <span class='ocrx_word' id='word_1_165' title='bbox 2649 1083 2800 1135; x_wconf 89' lang='lat' dir='ltr'><strong>omni</strong></span> <span class='ocrx_word' id='word_1_166' title='bbox 2857 1094 3047 1133; x_wconf 89' lang='lat' dir='ltr'><strong>corum</strong></span> <span class='ocrx_word' id='word_1_167' title='bbox 3108 1093 3232 1148; x_wconf 81' lang='lat' dir='ltr'><strong>quae</strong></span> <span class='ocrx_word' id='word_1_168' title='bbox 3285 1087 3442 1132; x_wconf 81' lang='lat' dir='ltr'><strong>extra</strong></span> 
     </span>
    </p>
   </div>
   <div class='ocr_carea' id='block_1_27' title="bbox 1868 1168 3444 1241">
    <p class='ocr_par' dir='ltr' id='par_1_27' title="bbox 1868 1168 3444 1241">
     <span class='ocr_line' id='line_1_27' title="bbox 1868 1168 3444 1241; baseline -0.001 -17"><span class='ocrx_word' id='word_1_169' title='bbox 1868 1170 2037 1225; x_wconf 88' lang='lat' dir='ltr'><strong>Deum</strong></span> <span class='ocrx_word' id='word_1_170' title='bbox 2102 1180 2231 1227; x_wconf 92' lang='lat' dir='ltr'><strong>sunt</strong></span> <span class='ocrx_word' id='word_1_171' title='bbox 2282 1168 2599 1241; x_wconf 88' lang='lat' dir='ltr'><strong>cognitione</strong></span> <span class='ocrx_word' id='word_1_172' title='bbox 2674 1171 3009 1241; x_wconf 82' lang='lat' dir='ltr'><strong>pretiosior,</strong></span> <span class='ocrx_word' id='word_1_173' title='bbox 3064 1170 3135 1225; x_wconf 90' lang='lat' dir='ltr'><strong>iis</strong></span> <span class='ocrx_word' id='word_1_174' title='bbox 3200 1170 3293 1240; x_wconf 91' lang='lat' dir='ltr'><strong>qui</strong></span> <span class='ocrx_word' id='word_1_175' title='bbox 3347 1186 3444 1240; x_wconf 91' lang='lat' dir='ltr'><strong>per</strong></span> 
     </span>
    </p>
   </div>
   <div class='ocr_carea' id='block_1_28' title="bbox 1870 1263 3443 1335">
    <p class='ocr_par' dir='ltr' id='par_1_28' title="bbox 1870 1263 3443 1335">
     <span class='ocr_line' id='line_1_28' title="bbox 1870 1263 3443 1335; baseline -0.002 -17"><span class='ocrx_word' id='word_1_176' title='bbox 1870 1265 2030 1319; x_wconf 78' lang='lat' dir='ltr'><strong>fidem</strong></span> <span class='ocrx_word' id='word_1_177' title='bbox 2066 1264 2171 1334; x_wconf 89' lang='lat' dir='ltr'><strong>ipsi</strong></span> <span class='ocrx_word' id='word_1_178' title='bbox 2202 1272 2331 1317; x_wconf 86' lang='lat' dir='ltr'><strong>sunt</strong></span> <span class='ocrx_word' id='word_1_179' title='bbox 2381 1264 2581 1317; x_wconf 85' lang='lat' dir='ltr'><strong>initiati</strong></span> <span class='ocrx_word' id='word_1_180' title='bbox 2618 1264 3115 1335; x_wconf 86' lang='lat' dir='ltr'><strong>appropinquabit;</strong></span> <span class='ocrx_word' id='word_1_181' title='bbox 3153 1263 3222 1318; x_wconf 89' lang='lat' dir='ltr'><strong>ab</strong></span> <span class='ocrx_word' id='word_1_182' title='bbox 3265 1263 3443 1318; x_wconf 85' lang='lat' dir='ltr'><strong>omni-</strong></span> 
     </span>
    </p>
   </div>
   <div class='ocr_carea' id='block_1_29' title="bbox 1872 1355 2888 1427">
    <p class='ocr_par' dir='ltr' id='par_1_29' title="bbox 1872 1355 2888 1427">
     <span class='ocr_line' id='line_1_29' title="bbox 1872 1355 2888 1427; baseline 0.001 -17"><span class='ocrx_word' id='word_1_183' title='bbox 1872 1357 1973 1410; x_wconf 89' lang='lat' dir='ltr'><strong>bus</strong></span> <span class='ocrx_word' id='word_1_184' title='bbox 2011 1363 2192 1411; x_wconf 90' lang='lat' dir='ltr'><strong>aulem</strong></span> <span class='ocrx_word' id='word_1_185' title='bbox 2222 1355 2537 1411; x_wconf 87' lang='lat' dir='ltr'><strong>infidelibus</strong></span> <span class='ocrx_word' id='word_1_186' title='bbox 2568 1358 2730 1427; x_wconf 86' lang='lat' dir='ltr'><strong>longe</strong></span> <span class='ocrx_word' id='word_1_187' title='bbox 2757 1365 2888 1412; x_wconf 84' lang='lat' dir='ltr'><strong>stat.</strong></span> 
     </span>
    </p>
   </div>
   <div class='ocr_carea' id='block_1_30' title="bbox 1953 1447 3447 1521">
    <p class='ocr_par' dir='ltr' id='par_1_30' title="bbox 1953 1447 3447 1521">
     <span class='ocr_line' id='line_1_30' title="bbox 1953 1447 3447 1521; baseline 0.001 -18"><span class='ocrx_word' id='word_1_188' title='bbox 1953 1447 2046 1503; x_wconf 88' lang='lat' dir='ltr'><strong>Vir</strong></span> <span class='ocrx_word' id='word_1_189' title='bbox 2084 1448 2310 1517; x_wconf 77' lang='lat' dir='ltr'><strong>prudens</strong></span> <span class='ocrx_word' id='word_1_190' title='bbox 2356 1451 2577 1504; x_wconf 78' lang='lat' dir='ltr'><strong>inveniet</strong></span> <span class='ocrx_word' id='word_1_191' title='bbox 2625 1468 2763 1504; x_wconf 86' lang='lat' dir='ltr'><strong>eam.</strong></span> <span class='ocrx_word' id='word_1_192' title='bbox 2831 1450 3007 1519; x_wconf 86' lang='lat' dir='ltr'><strong>Hujus</strong></span> <span class='ocrx_word' id='word_1_193' title='bbox 3061 1460 3242 1505; x_wconf 89' lang='lat' dir='ltr'><strong>autem</strong></span> <span class='ocrx_word' id='word_1_194' title='bbox 3283 1465 3447 1521; x_wconf 72' lang='lat' dir='ltr'><strong>expe-</strong></span> 
     </span>
    </p>
   </div>
   <div class='ocr_carea' id='block_1_31' title="bbox 1871 1540 3448 1611">
    <p class='ocr_par' dir='ltr' id='par_1_31' title="bbox 1871 1540 3448 1611">
     <span class='ocr_line' id='line_1_31' title="bbox 1871 1540 3448 1611; baseline 0 -18"><span class='ocrx_word' id='word_1_195' title='bbox 1871 1541 2125 1595; x_wconf 88' lang='lat' dir='ltr'><strong>rientiam</strong></span> <span class='ocrx_word' id='word_1_196' title='bbox 2160 1540 2517 1595; x_wconf 79' lang='lat' dir='ltr'><strong>sufficientem</strong></span> <span class='ocrx_word' id='word_1_197' title='bbox 2554 1541 2779 1597; x_wconf 87' lang='lat' dir='ltr'><strong>habebit</strong></span> <span class='ocrx_word' id='word_1_198' title='bbox 2828 1542 2920 1610; x_wconf 89' lang='lat' dir='ltr'><strong>qui</strong></span> <span class='ocrx_word' id='word_1_199' title='bbox 2958 1555 3224 1611; x_wconf 79' lang='lat' dir='ltr'><strong>generose</strong></span> <span class='ocrx_word' id='word_1_200' title='bbox 3253 1540 3448 1595; x_wconf 85' lang='lat' dir='ltr'><strong>adver-</strong></span> 
     </span>
    </p>
   </div>
   <div class='ocr_carea' id='block_1_32' title="bbox 1873 1634 3446 1704">
    <p class='ocr_par' dir='ltr' id='par_1_32' title="bbox 1873 1634 3446 1704">
     <span class='ocr_line' id='line_1_32' title="bbox 1873 1634 3446 1704; baseline -0.001 -16"><span class='ocrx_word' id='word_1_201' title='bbox 1873 1648 1970 1689; x_wconf 89' lang='lat' dir='ltr'><strong>sus</strong></span> <span class='ocrx_word' id='word_1_202' title='bbox 1994 1634 2277 1704; x_wconf 85' lang='lat' dir='ltr'><strong>passiones</strong></span> <span class='ocrx_word' id='word_1_203' title='bbox 2300 1634 2614 1700; x_wconf 56' lang='lat' dir='ltr'><strong>,reluctans,</strong></span> <span class='ocrx_word' id='word_1_204' title='bbox 2642 1634 2800 1703; x_wconf 80' lang='lat' dir='ltr'><strong>juxta</strong></span> <span class='ocrx_word' id='word_1_205' title='bbox 2829 1635 3098 1688; x_wconf 90' lang='lat' dir='ltr'><strong>rationem</strong></span> <span class='ocrx_word' id='word_1_206' title='bbox 3139 1634 3446 1687; x_wconf 89' lang='lat' dir='ltr'><strong>mundanos</strong></span> 
     </span>
    </p>
   </div>
   <div class='ocr_carea' id='block_1_33' title="bbox 1875 1726 3447 1797">
    <p class='ocr_par' dir='ltr' id='par_1_33' title="bbox 1875 1726 3447 1797">
     <span class='ocr_line' id='line_1_33' title="bbox 1875 1726 3447 1797; baseline -0.003 -16"><span class='ocrx_word' id='word_1_207' title='bbox 1875 1726 2154 1796; x_wconf 87' lang='lat' dir='ltr'><strong>superavit</strong></span> <span class='ocrx_word' id='word_1_208' title='bbox 2199 1726 2466 1793; x_wconf 65' lang='lat' dir='ltr'><strong>allectus,</strong></span> <span class='ocrx_word' id='word_1_209' title='bbox 2508 1728 2603 1797; x_wconf 90' lang='lat' dir='ltr'><strong>qui</strong></span> <span class='ocrx_word' id='word_1_210' title='bbox 2651 1728 2833 1782; x_wconf 90' lang='lat' dir='ltr'><strong>omnia</strong></span> <span class='ocrx_word' id='word_1_211' title='bbox 2885 1726 3206 1796; x_wconf 86' lang='lat' dir='ltr'><strong>temporalia</strong></span> <span class='ocrx_word' id='word_1_212' title='bbox 3244 1739 3311 1778; x_wconf 93' lang='lat' dir='ltr'><strong>ac</strong></span> <span class='ocrx_word' id='word_1_213' title='bbox 3344 1738 3447 1778; x_wconf 82' lang='lat' dir='ltr'><strong>na—</strong></span> 
     </span>
    </p>
   </div>
   <div class='ocr_carea' id='block_1_34' title="bbox 184 1812 1786 1893">
    <p class='ocr_par' dir='ltr' id='par_1_34' title="bbox 184 1820 1763 1893">
     <span class='ocr_line' id='line_1_34' title="bbox 184 1820 1763 1893; baseline -0.001 -18"><span class='ocrx_word' id='word_1_214' title='bbox 184 1825 283 1875; x_wconf 84' lang='grc' dir='ltr'><strong>καί</strong></span> <span class='ocrx_word' id='word_1_215' title='bbox 322 1823 458 1893; x_wconf 79' lang='grc' dir='ltr'>πρὸς</span> <span class='ocrx_word' id='word_1_216' title='bbox 484 1822 646 1876; x_wconf 81' lang='grc' dir='ltr'>αὐτὸν</span> <span class='ocrx_word' id='word_1_217' title='bbox 688 1821 867 1891; x_wconf 84' lang='grc' dir='ltr'>ἁγνῶς</span> <span class='ocrx_word' id='word_1_218' title='bbox 908 1820 1239 1892; x_wconf 79' lang='grc' dir='ltr'>ἀναδραμὼν</span> <span class='ocrx_word' id='word_1_219' title='bbox 1285 1821 1378 1875; x_wconf 87' lang='grc' dir='ltr'><strong>τὸν</strong></span> <span class='ocrx_word' id='word_1_220' title='bbox 1417 1821 1558 1890; x_wconf 82' lang='grc' dir='ltr'>ὑπὲρ</span> <span class='ocrx_word' id='word_1_221' title='bbox 1587 1821 1763 1874; x_wconf 86' lang='grc' dir='ltr'>πάντα</span> 
     </span>
    </p>
   </div>
   <div class='ocr_carea' id='block_1_35' title="bbox 1887 1812 3448 1893">
    <p class='ocr_par' dir='ltr' id='par_1_35' title="bbox 1892 1817 3448 1887">
     <span class='ocr_line' id='line_1_35' title="bbox 1892 1817 3448 1887; baseline -0.004 -15"><span class='ocrx_word' id='word_1_222' title='bbox 1892 1818 2063 1872; x_wconf 88' lang='lat' dir='ltr'><strong>uralia</strong></span> <span class='ocrx_word' id='word_1_223' title='bbox 2127 1817 2404 1873; x_wconf 87' lang='lat' dir='ltr'><strong>transiens</strong></span> <span class='ocrx_word' id='word_1_224' title='bbox 2427 1858 2442 1882; x_wconf 90' lang='lat'><strong>,</strong></span> <span class='ocrx_word' id='word_1_225' title='bbox 2473 1818 2540 1870; x_wconf 90' lang='lat' dir='ltr'><strong>ad</strong></span> <span class='ocrx_word' id='word_1_226' title='bbox 2573 1833 2696 1871; x_wconf 89' lang='lat' dir='ltr'><strong>eum</strong></span> <span class='ocrx_word' id='word_1_227' title='bbox 2748 1825 2939 1873; x_wconf 86' lang='lat' dir='ltr'><strong>sancte</strong></span> <span class='ocrx_word' id='word_1_228' title='bbox 2966 1828 3294 1887; x_wconf 80' lang='lat' dir='ltr'><strong>progressus</strong></span> <span class='ocrx_word' id='word_1_229' title='bbox 3345 1823 3448 1878; x_wconf 86' lang='lat' dir='ltr'><strong>est,</strong></span> 
     </span>
    </p>
   </div>
   <div class='ocr_carea' id='block_1_36' title="bbox 184 1912 346 1966">
    <p class='ocr_par' dir='ltr' id='par_1_36' title="bbox 184 1912 346 1966">
     <span class='ocr_line' id='line_1_36' title="bbox 184 1912 346 1966; baseline 0.012 -2"><span class='ocrx_word' id='word_1_230' title='bbox 184 1912 346 1966; x_wconf 85' lang='grc' dir='ltr'>Θεόν.</span> 
     </span>
    </p>
   </div>
   <div class='ocr_carea' id='block_1_37' title="bbox 271 2005 1764 2077">
    <p class='ocr_par' dir='ltr' id='par_1_37' title="bbox 271 2005 1764 2077">
     <span class='ocr_line' id='line_1_37' title="bbox 271 2005 1764 2077; baseline -0.001 -18"><span class='ocrx_word' id='word_1_231' title='bbox 271 2005 335 2059; x_wconf 89' lang='lat'><strong>&#39;0</strong></span> <span class='ocrx_word' id='word_1_232' title='bbox 369 2006 570 2060; x_wconf 73' lang='grc' dir='ltr'><em>πολλὰ</em></span> <span class='ocrx_word' id='word_1_233' title='bbox 606 2006 945 2061; x_wconf 81' lang='grc' dir='ltr'><strong>κακοποιῶν</strong></span> <span class='ocrx_word' id='word_1_234' title='bbox 982 2009 1395 2077; x_wconf 78' lang='grc' dir='ltr'>τελεσιουργεῒ</span> <span class='ocrx_word' id='word_1_235' title='bbox 1429 2006 1665 2060; x_wconf 76' lang='grc' dir='ltr'>κακίαν.</span> <span class='ocrx_word' id='word_1_236' title='bbox 1707 2005 1764 2059; x_wconf 90' lang='grc' dir='ltr'>Ὀ</span> 
     </span>
    </p>
   </div>
   <div class='ocr_carea' id='block_1_38' title="bbox 186 2097 1763 2168">
    <p class='ocr_par' dir='ltr' id='par_1_38' title="bbox 186 2097 1763 2168">
     <span class='ocr_line' id='line_1_38' title="bbox 186 2097 1763 2168; baseline -0.002 -18"><span class='ocrx_word' id='word_1_237' title='bbox 186 2097 330 2151; x_wconf 88' lang='grc' dir='ltr'>πάνυ</span> <span class='ocrx_word' id='word_1_238' title='bbox 362 2097 715 2168; x_wconf 83' lang='grc' dir='ltr'>ἁμαρτάνων,</span> <span class='ocrx_word' id='word_1_239' title='bbox 750 2099 811 2150; x_wconf 81' lang='grc' dir='ltr'><strong>ού</strong></span> <span class='ocrx_word' id='word_1_240' title='bbox 844 2098 967 2152; x_wconf 87' lang='grc' dir='ltr'>καθ’</span> <span class='ocrx_word' id='word_1_241' title='bbox 1001 2097 1115 2163; x_wconf 76' lang='grc' dir='ltr'>ἕξιν</span> <span class='ocrx_word' id='word_1_242' title='bbox 1149 2097 1309 2167; x_wconf 87' lang='grc' dir='ltr'>μόνον</span> <span class='ocrx_word' id='word_1_243' title='bbox 1334 2097 1435 2168; x_wconf 82' lang='grc' dir='ltr'>τὴν</span> <span class='ocrx_word' id='word_1_244' title='bbox 1461 2097 1763 2168; x_wconf 88' lang='grc' dir='ltr'>ἁμαρτίαν,</span> 
     </span>
    </p>
   </div>
   <div class='ocr_carea' id='block_1_39' title="bbox 184 2188 1167 2260">
    <p class='ocr_par' dir='ltr' id='par_1_39' title="bbox 184 2188 1167 2260">
     <span class='ocr_line' id='line_1_39' title="bbox 184 2188 1167 2260; baseline 0.001 -18"><span class='ocrx_word' id='word_1_245' title='bbox 184 2189 325 2242; x_wconf 80' lang='grc' dir='ltr'><strong>ἀλλά</strong></span> <span class='ocrx_word' id='word_1_246' title='bbox 352 2192 448 2241; x_wconf 77' lang='grc' dir='ltr'><strong>καὶ</strong></span> <span class='ocrx_word' id='word_1_247' title='bbox 470 2188 588 2243; x_wconf 86' lang='grc' dir='ltr'>κατ’</span> <span class='ocrx_word' id='word_1_248' title='bbox 614 2189 900 2260; x_wconf 82' lang='grc' dir='ltr'>ἐνέργειαν</span> <span class='ocrx_word' id='word_1_249' title='bbox 938 2190 1167 2243; x_wconf 80' lang='grc' dir='ltr'>ὲκτελεῖ.</span> 
     </span>
    </p>
   </div>
   <div class='ocr_carea' id='block_1_40' title="bbox 266 2279 1769 2351">
    <p class='ocr_par' dir='ltr' id='par_1_40' title="bbox 266 2279 1769 2351">
     <span class='ocr_line' id='line_1_40' title="bbox 266 2279 1769 2351; baseline -0.002 -17"><span class='ocrx_word' id='word_1_250' title='bbox 266 2283 368 2347; x_wconf 82' lang='grc' dir='ltr'><strong>’³ος</strong></span> <span class='ocrx_word' id='word_1_251' title='bbox 394 2280 463 2333; x_wconf 81' lang='grc' dir='ltr'>δὲ</span> <span class='ocrx_word' id='word_1_252' title='bbox 483 2280 716 2349; x_wconf 81' lang='grc' dir='ltr'>ἐρεθίζει</span> <span class='ocrx_word' id='word_1_253' title='bbox 743 2282 949 2351; x_wconf 76' lang='grc' dir='ltr'>λόγοις</span> <span class='ocrx_word' id='word_1_254' title='bbox 972 2321 986 2345; x_wconf 88' lang='grc'><strong>,</strong></span> <span class='ocrx_word' id='word_1_255' title='bbox 1016 2283 1086 2334; x_wconf 85' lang='grc' dir='ltr'>οὺ</span> <span class='ocrx_word' id='word_1_256' title='bbox 1118 2279 1577 2347; x_wconf 80' lang='grc' dir='ltr'>διασωθήσεται.</span> <span class='ocrx_word' id='word_1_257' title='bbox 1627 2280 1684 2333; x_wconf 96' lang='lat'><strong>&#39;0</strong></span> <span class='ocrx_word' id='word_1_258' title='bbox 1712 2280 1769 2332; x_wconf 85' lang='grc' dir='ltr'>δὲ</span> 
     </span>
    </p>
   </div>
   <div class='ocr_carea' id='block_1_41' title="bbox 1874 1909 2823 1982">
    <p class='ocr_par' dir='ltr' id='par_1_41' title="bbox 1874 1909 2823 1982">
     <span class='ocr_line' id='line_1_41' title="bbox 1874 1909 2823 1982; baseline -0.001 -17"><span class='ocrx_word' id='word_1_259' title='bbox 1874 1911 1969 1982; x_wconf 88' lang='lat' dir='ltr'><strong>qui</strong></span> <span class='ocrx_word' id='word_1_260' title='bbox 2006 1925 2173 1980; x_wconf 90' lang='lat' dir='ltr'><strong>super</strong></span> <span class='ocrx_word' id='word_1_261' title='bbox 2213 1910 2400 1964; x_wconf 88' lang='lat' dir='ltr'><strong>omnia</strong></span> <span class='ocrx_word' id='word_1_262' title='bbox 2454 1919 2582 1974; x_wconf 82' lang='lat' dir='ltr'><strong>stat,</strong></span> <span class='ocrx_word' id='word_1_263' title='bbox 2629 1909 2823 1965; x_wconf 89' lang='lat' dir='ltr'><strong>Deum.</strong></span> 
     </span>
    </p>
   </div>
   <div class='ocr_carea' id='block_1_42' title="bbox 1937 1998 3448 2069">
    <p class='ocr_par' dir='ltr' id='par_1_42' title="bbox 1937 1998 3448 2069">
     <span class='ocr_line' id='line_1_42' title="bbox 1937 1998 3448 2069; baseline -0.001 -15"><span class='ocrx_word' id='word_1_264' title='bbox 1937 1998 2113 2054; x_wconf 84' lang='lat' dir='ltr'><strong>Multa</strong></span> <span class='ocrx_word' id='word_1_265' title='bbox 2142 1999 2483 2069; x_wconf 76' lang='lat' dir='ltr'><strong>malefaciens</strong></span> <span class='ocrx_word' id='word_1_266' title='bbox 2500 2042 2515 2066; x_wconf 92' lang='lat'><strong>,</strong></span> <span class='ocrx_word' id='word_1_267' title='bbox 2535 2000 2760 2068; x_wconf 73' lang='lat' dir='ltr'><strong>explebit</strong></span> <span class='ocrx_word' id='word_1_268' title='bbox 2782 1998 3065 2053; x_wconf 84' lang='lat' dir='ltr'><strong>malitiam.</strong></span> <span class='ocrx_word' id='word_1_269' title='bbox 3087 1998 3191 2065; x_wconf 86' lang='lat' dir='ltr'><strong>Qui</strong></span> <span class='ocrx_word' id='word_1_270' title='bbox 3216 1999 3448 2054; x_wconf 88' lang='lat' dir='ltr'><strong>multum</strong></span> 
     </span>
    </p>
   </div>
   <div class='ocr_carea' id='block_1_43' title="bbox 1869 2087 3451 2159">
    <p class='ocr_par' dir='ltr' id='par_1_43' title="bbox 1869 2087 3451 2159">
     <span class='ocr_line' id='line_1_43' title="bbox 1869 2087 3451 2159; baseline 0.003 -16"><span class='ocrx_word' id='word_1_271' title='bbox 1869 2098 2088 2158; x_wconf 89' lang='lat' dir='ltr'><strong>peccat,</strong></span> <span class='ocrx_word' id='word_1_272' title='bbox 2119 2105 2227 2143; x_wconf 92' lang='lat' dir='ltr'><strong>non</strong></span> <span class='ocrx_word' id='word_1_273' title='bbox 2252 2090 2415 2144; x_wconf 91' lang='lat' dir='ltr'><strong>modo</strong></span> <span class='ocrx_word' id='word_1_274' title='bbox 2446 2104 2541 2159; x_wconf 90' lang='lat' dir='ltr'><strong>per</strong></span> <span class='ocrx_word' id='word_1_275' title='bbox 2570 2087 2823 2144; x_wconf 67' lang='lat' dir='ltr'><strong>aﬂ‘ectum</strong></span> <span class='ocrx_word' id='word_1_276' title='bbox 2852 2097 3135 2159; x_wconf 85' lang='lat' dir='ltr'><strong>peccatum</strong></span> <span class='ocrx_word' id='word_1_277' title='bbox 3165 2090 3318 2155; x_wconf 82' lang='lat' dir='ltr'><strong>facit,</strong></span> <span class='ocrx_word' id='word_1_278' title='bbox 3353 2092 3451 2147; x_wconf 83' lang='lat' dir='ltr'><strong>sed</strong></span> 
     </span>
    </p>
   </div>
   <div class='ocr_carea' id='block_1_44' title="bbox 1868 2180 2787 2249">
    <p class='ocr_par' dir='ltr' id='par_1_44' title="bbox 1868 2180 2787 2249">
     <span class='ocr_line' id='line_1_44' title="bbox 1868 2180 2787 2249; baseline 0.001 -15"><span class='ocrx_word' id='word_1_279' title='bbox 1868 2182 2031 2234; x_wconf 88' lang='lat' dir='ltr'><strong>etiam</strong></span> <span class='ocrx_word' id='word_1_280' title='bbox 2066 2180 2195 2233; x_wconf 90' lang='lat' dir='ltr'><strong>totis</strong></span> <span class='ocrx_word' id='word_1_281' title='bbox 2229 2180 2436 2234; x_wconf 81' lang='lat' dir='ltr'><strong>viribus</strong></span> <span class='ocrx_word' id='word_1_282' title='bbox 2469 2195 2563 2249; x_wconf 88' lang='lat' dir='ltr'><strong>per</strong></span> <span class='ocrx_word' id='word_1_283' title='bbox 2586 2187 2787 2235; x_wconf 90' lang='lat' dir='ltr'><strong>actum.</strong></span> 
     </span>
    </p>
   </div>
   <div class='ocr_carea' id='block_1_45' title="bbox 1941 2269 3453 2338">
    <p class='ocr_par' dir='ltr' id='par_1_45' title="bbox 1941 2269 3453 2338">
     <span class='ocr_line' id='line_1_45' title="bbox 1941 2269 3453 2338; baseline 0.001 -14"><span class='ocrx_word' id='word_1_284' title='bbox 1941 2271 2047 2338; x_wconf 85' lang='lat' dir='ltr'><strong>Qui</strong></span> <span class='ocrx_word' id='word_1_285' title='bbox 2072 2271 2336 2326; x_wconf 84' lang='lat' dir='ltr'><strong>contendit</strong></span> <span class='ocrx_word' id='word_1_286' title='bbox 2368 2270 2558 2336; x_wconf 79' lang='lat' dir='ltr'><strong>verbis,</strong></span> <span class='ocrx_word' id='word_1_287' title='bbox 2607 2288 2714 2325; x_wconf 89' lang='lat' dir='ltr'><strong>non</strong></span> <span class='ocrx_word' id='word_1_288' title='bbox 2751 2269 3066 2325; x_wconf 75' lang='lat' dir='ltr'><strong>salaubitur.</strong></span> <span class='ocrx_word' id='word_1_289' title='bbox 3120 2271 3223 2337; x_wconf 87' lang='lat' dir='ltr'><strong>Qui</strong></span> <span class='ocrx_word' id='word_1_290' title='bbox 3270 2281 3453 2326; x_wconf 88' lang='lat' dir='ltr'><strong>autem</strong></span> 
     </span>
    </p>
   </div>
   <div class='ocr_carea' id='block_1_46' title="bbox 188 2358 1786 2447">
    <p class='ocr_par' dir='ltr' id='par_1_46' title="bbox 188 2375 1769 2447">
     <span class='ocr_line' id='line_1_46' title="bbox 188 2375 1769 2447; baseline -0.001 -18"><span class='ocrx_word' id='word_1_291' title='bbox 188 2376 278 2430; x_wconf 85' lang='grc' dir='ltr'>διὰ</span> <span class='ocrx_word' id='word_1_292' title='bbox 302 2376 409 2429; x_wconf 83' lang='grc' dir='ltr'><strong>τῶν</strong></span> <span class='ocrx_word' id='word_1_293' title='bbox 440 2376 748 2447; x_wconf 68' lang='grc' dir='ltr'>αἰσθήσεων</span> <span class='ocrx_word' id='word_1_294' title='bbox 783 2377 908 2440; x_wconf 79' lang='grc' dir='ltr'>τοὺς</span> <span class='ocrx_word' id='word_1_295' title='bbox 954 2375 1224 2446; x_wconf 78' lang='grc' dir='ltr'>ἐμπαθεῖς</span> <span class='ocrx_word' id='word_1_296' title='bbox 1274 2375 1440 2430; x_wconf 79' lang='grc' dir='ltr'>αὐτοῦ</span> <span class='ocrx_word' id='word_1_297' title='bbox 1474 2375 1769 2445; x_wconf 80' lang='grc' dir='ltr'>λογισμοὺς</span> 
     </span>
    </p>
   </div>
   <div class='ocr_carea' id='block_1_47' title="bbox 1887 2358 3452 2447">
    <p class='ocr_par' dir='ltr' id='par_1_47' title="bbox 1887 2358 3452 2433">
     <span class='ocr_line' id='line_1_47' title="bbox 1887 2358 3452 2433; baseline -0.003 -17"><span class='ocrx_word' id='word_1_298' title='bbox 1887 2377 1969 2433; x_wconf 60' lang='lat' dir='ltr'><strong>per</strong></span> <span class='ocrx_word' id='word_1_299' title='bbox 2001 2376 2202 2416; x_wconf 90' lang='lat' dir='ltr'><strong>sensus</strong></span> <span class='ocrx_word' id='word_1_300' title='bbox 2247 2361 2450 2415; x_wconf 82' lang='lat' dir='ltr'><strong>excitat</strong></span> <span class='ocrx_word' id='word_1_301' title='bbox 2497 2359 2867 2428; x_wconf 81' lang='lat' dir='ltr'><strong>cogitationes</strong></span> <span class='ocrx_word' id='word_1_302' title='bbox 2921 2373 3051 2413; x_wconf 90' lang='lat' dir='ltr'><strong>suas</strong></span> <span class='ocrx_word' id='word_1_303' title='bbox 3099 2358 3452 2427; x_wconf 89' lang='lat' dir='ltr'><strong>passionibus</strong></span> 
     </span>
    </p>
   </div>
   <div class='ocr_carea' id='block_1_48' title="bbox 189 2465 1770 2539">
    <p class='ocr_par' dir='ltr' id='par_1_48' title="bbox 189 2465 1770 2539">
     <span class='ocr_line' id='line_1_48' title="bbox 189 2465 1770 2539; baseline -0.001 -18"><span class='ocrx_word' id='word_1_304' title='bbox 189 2468 497 2539; x_wconf 85' lang='grc' dir='ltr'><strong>διεγείρων⁹</strong></span> <span class='ocrx_word' id='word_1_305' title='bbox 522 2467 585 2520; x_wconf 78' lang='grc' dir='ltr'><strong>ού</strong></span> <span class='ocrx_word' id='word_1_306' title='bbox 605 2466 1107 2537; x_wconf 86' lang='grc' dir='ltr'>διαφυλαχθήσεται</span> <span class='ocrx_word' id='word_1_307' title='bbox 1133 2466 1275 2520; x_wconf 86' lang='grc' dir='ltr'>κατὰ</span> <span class='ocrx_word' id='word_1_308' title='bbox 1302 2465 1483 2537; x_wconf 78' lang='grc' dir='ltr'>ψυχὴν</span> <span class='ocrx_word' id='word_1_309' title='bbox 1506 2465 1770 2535; x_wconf 87' lang='grc' dir='ltr'>ἀϐλαϐής.</span> 
     </span>
    </p>
   </div>
   <div class='ocr_carea' id='block_1_49' title="bbox 199 2561 1777 2635">
    <p class='ocr_par' dir='ltr' id='par_1_49' title="bbox 199 2561 1777 2635">
     <span class='ocr_line' id='line_1_49' title="bbox 199 2561 1777 2635; baseline -0.001 -20"><span class='ocrx_word' id='word_1_310' title='bbox 199 2583 219 2615; x_wconf 76' lang='grc' dir='ltr'><strong>ι</strong></span> <span class='ocrx_word' id='word_1_311' title='bbox 269 2562 330 2617; x_wconf 83' lang='grc' dir='ltr'><strong>ὐ</strong></span> <span class='ocrx_word' id='word_1_312' title='bbox 365 2563 475 2635; x_wconf 82' lang='grc' dir='ltr'>γὰρ</span> <span class='ocrx_word' id='word_1_313' title='bbox 496 2562 773 2633; x_wconf 73' lang='grc' dir='ltr'>ἐμϐλέψας</span> <span class='ocrx_word' id='word_1_314' title='bbox 797 2562 1020 2631; x_wconf 75' lang='grc' dir='ltr'>γυναικὶ</span> <span class='ocrx_word' id='word_1_315' title='bbox 1049 2561 1186 2633; x_wconf 82' lang='grc' dir='ltr'>πρὸς</span> <span class='ocrx_word' id='word_1_316' title='bbox 1217 2561 1278 2615; x_wconf 81' lang='grc' dir='ltr'><strong>τὸ</strong></span> <span class='ocrx_word' id='word_1_317' title='bbox 1311 2562 1652 2631; x_wconf 82' lang='grc' dir='ltr'>ἐπιθυμῆσαι</span> <span class='ocrx_word' id='word_1_318' title='bbox 1680 2561 1777 2614; x_wconf 83' lang='grc' dir='ltr'>αὐ-</span> 
     </span>
    </p>
   </div>
   <div class='ocr_carea' id='block_1_50' title="bbox 189 2653 1696 2726">
    <p class='ocr_par' dir='ltr' id='par_1_50' title="bbox 189 2653 1696 2726">
     <span class='ocr_line' id='line_1_50' title="bbox 189 2653 1696 2726; baseline -0.002 -17"><span class='ocrx_word' id='word_1_319' title='bbox 189 2655 317 2726; x_wconf 78' lang='grc' dir='ltr'>τῆς,</span> <span class='ocrx_word' id='word_1_320' title='bbox 345 2656 449 2726; x_wconf 67' lang='grc' dir='ltr'>ἤδη</span> <span class='ocrx_word' id='word_1_321' title='bbox 481 2656 800 2726; x_wconf 80' lang='grc' dir='ltr'>ἐμοίχευσεν</span> <span class='ocrx_word' id='word_1_322' title='bbox 833 2654 1003 2726; x_wconf 75' lang='grc' dir='ltr'>αὐτὴν</span> <span class='ocrx_word' id='word_1_323' title='bbox 1028 2655 1086 2709; x_wconf 81' lang='grc' dir='ltr'><strong>ὲν</strong></span> <span class='ocrx_word' id='word_1_324' title='bbox 1113 2657 1178 2725; x_wconf 83' lang='grc' dir='ltr'>τῇ</span> <span class='ocrx_word' id='word_1_325' title='bbox 1213 2654 1418 2726; x_wconf 79' lang='grc' dir='ltr'>καρδίᾳ</span> <span class='ocrx_word' id='word_1_326' title='bbox 1447 2653 1635 2707; x_wconf 80' lang='grc' dir='ltr'>αὑτοῦ.</span> <span class='ocrx_word' id='word_1_327' title='bbox 1677 2671 1696 2706; x_wconf 73' lang='grc' dir='ltr'><strong>ι</strong></span> 
     </span>
    </p>
   </div>
   <div class='ocr_carea' id='block_1_51' title="bbox 266 2744 1778 2818">
    <p class='ocr_par' dir='ltr' id='par_1_51' title="bbox 266 2744 1778 2818">
     <span class='ocr_line' id='line_1_51' title="bbox 266 2744 1778 2818; baseline -0.003 -15"><span class='ocrx_word' id='word_1_328' title='bbox 266 2752 344 2818; x_wconf 86' lang='grc' dir='ltr'>η’.</span> <span class='ocrx_word' id='word_1_329' title='bbox 389 2747 443 2800; x_wconf 87' lang='lat'><strong>&#39;0</strong></span> <span class='ocrx_word' id='word_1_330' title='bbox 479 2745 776 2816; x_wconf 79' lang='grc' dir='ltr'>κτώμενος</span> <span class='ocrx_word' id='word_1_331' title='bbox 824 2748 1147 2817; x_wconf 73' lang='grc' dir='ltr'>φρόνησιν,</span> <span class='ocrx_word' id='word_1_332' title='bbox 1196 2744 1400 2816; x_wconf 80' lang='grc' dir='ltr'><strong>ἀγαπᾷ</strong></span> <span class='ocrx_word' id='word_1_333' title='bbox 1441 2746 1680 2800; x_wconf 78' lang='grc' dir='ltr'>ἑαυτόν.</span> <span class='ocrx_word' id='word_1_334' title='bbox 1720 2745 1778 2799; x_wconf 88' lang='lat'><strong>&#39;0</strong></span> 
     </span>
    </p>
   </div>
   <div class='ocr_carea' id='block_1_52' title="bbox 194 2834 1778 2911">
    <p class='ocr_par' dir='ltr' id='par_1_52' title="bbox 194 2834 1778 2911">
     <span class='ocr_line' id='line_1_52' title="bbox 194 2834 1778 2911; baseline -0.001 -20"><span class='ocrx_word' id='word_1_335' title='bbox 194 2836 642 2911; x_wconf 85' lang='grc' dir='ltr'>προσλαμϐάνων</span> <span class='ocrx_word' id='word_1_336' title='bbox 682 2838 946 2910; x_wconf 76' lang='grc' dir='ltr'>φρόνησιν</span> <span class='ocrx_word' id='word_1_337' title='bbox 972 2840 1040 2909; x_wconf 80' lang='grc' dir='ltr'>τῇ</span> <span class='ocrx_word' id='word_1_338' title='bbox 1079 2837 1293 2908; x_wconf 79' lang='grc' dir='ltr'>αἱρέσει</span> <span class='ocrx_word' id='word_1_339' title='bbox 1318 2834 1413 2890; x_wconf 80' lang='grc' dir='ltr'>τοῦ</span> <span class='ocrx_word' id='word_1_340' title='bbox 1443 2836 1778 2908; x_wconf 84' lang='grc' dir='ltr'>κρείττονος,</span> 
     </span>
    </p>
   </div>
   <div class='ocr_carea' id='block_1_53' title="bbox 191 2928 1780 3001">
    <p class='ocr_par' dir='ltr' id='par_1_53' title="bbox 191 2928 1780 3001">
     <span class='ocr_line' id='line_1_53' title="bbox 191 2928 1780 3001; baseline -0.002 -17"><span class='ocrx_word' id='word_1_341' title='bbox 191 2930 295 2985; x_wconf 82' lang='grc' dir='ltr'>τοῦ</span> <span class='ocrx_word' id='word_1_342' title='bbox 324 2929 520 2985; x_wconf 76' lang='grc' dir='ltr'>ἑαυτοῦ</span> <span class='ocrx_word' id='word_1_343' title='bbox 551 2930 897 3001; x_wconf 79' lang='grc' dir='ltr'>ἐπιμελεῖται</span> <span class='ocrx_word' id='word_1_344' title='bbox 948 2929 1355 2999; x_wconf 82' lang='grc' dir='ltr'>συμφέροντος’</span> <span class='ocrx_word' id='word_1_345' title='bbox 1399 2930 1484 2982; x_wconf 83' lang='grc' dir='ltr'>ὅτι</span> <span class='ocrx_word' id='word_1_346' title='bbox 1526 2929 1598 2982; x_wconf 86' lang='grc' dir='ltr'><strong>τὰ</strong></span> <span class='ocrx_word' id='word_1_347' title='bbox 1634 2928 1780 2999; x_wconf 74' lang='grc' dir='ltr'>ψυχῇ</span> 
     </span>
    </p>
   </div>
   <div class='ocr_carea' id='block_1_54' title="bbox 196 3018 1722 3096">
    <p class='ocr_par' dir='ltr' id='par_1_54' title="bbox 196 3018 1722 3096">
     <span class='ocr_line' id='line_1_54' title="bbox 196 3018 1722 3096; baseline -0.003 -17"><span class='ocrx_word' id='word_1_348' title='bbox 196 3026 295 3080; x_wconf 77' lang='grc' dir='ltr'><strong>καὶ</strong></span> <span class='ocrx_word' id='word_1_349' title='bbox 333 3024 548 3095; x_wconf 85' lang='grc' dir='ltr'>σώματι</span> <span class='ocrx_word' id='word_1_350' title='bbox 579 3026 826 3096; x_wconf 86' lang='grc' dir='ltr'>σωτήρια</span> <span class='ocrx_word' id='word_1_351' title='bbox 859 3024 1166 3094; x_wconf 84' lang='grc' dir='ltr'>οἰκονομεῖν</span> <span class='ocrx_word' id='word_1_352' title='bbox 1190 3018 1330 3075; x_wconf 81' lang='grc' dir='ltr'>οἶδεν</span> <span class='ocrx_word' id='word_1_353' title='bbox 1370 3023 1405 3092; x_wconf 81' lang='grc' dir='ltr'>ἡ</span> <span class='ocrx_word' id='word_1_354' title='bbox 1437 3022 1722 3093; x_wconf 85' lang='grc' dir='ltr'>φρόνησις.</span> 
     </span>
    </p>
   </div>
   <div class='ocr_carea' id='block_1_55' title="bbox 275 3114 1856 3210">
    <p class='ocr_par' dir='ltr' id='par_1_55' title="bbox 275 3114 1856 3210">
     <span class='ocr_line' id='line_1_55' title="bbox 275 3114 1856 3210; baseline -0.003 -39"><span class='ocrx_word' id='word_1_355' title='bbox 275 3118 383 3184; x_wconf 87' lang='grc' dir='ltr'>Ὃς</span> <span class='ocrx_word' id='word_1_356' title='bbox 409 3117 717 3186; x_wconf 81' lang='grc' dir='ltr'>φυλάσσει</span> <span class='ocrx_word' id='word_1_357' title='bbox 748 3119 1070 3186; x_wconf 77' lang='grc' dir='ltr'>φρόνησιν,</span> <span class='ocrx_word' id='word_1_358' title='bbox 1103 3115 1355 3185; x_wconf 80' lang='grc' dir='ltr'>εὑρήσει</span> <span class='ocrx_word' id='word_1_359' title='bbox 1380 3114 1592 3183; x_wconf 78' lang='grc' dir='ltr'>ἀγαθά.</span> <span class='ocrx_word' id='word_1_360' title='bbox 1639 3114 1700 3167; x_wconf 89' lang='lat'><strong>&#39;0</strong></span> <span class='ocrx_word' id='word_1_361' title='bbox 1729 3114 1786 3166; x_wconf 84' lang='grc' dir='ltr'>δὲ</span> <span class='ocrx_word' id='word_1_362' title='bbox 1813 3152 1856 3210; x_wconf 72' lang='lat' dir='ltr'>c</span> 
     </span>
    </p>
   </div>
   <div class='ocr_carea' id='block_1_56' title="bbox 196 3206 1787 3281">
    <p class='ocr_par' dir='ltr' id='par_1_56' title="bbox 196 3206 1787 3281">
     <span class='ocr_line' id='line_1_56' title="bbox 196 3206 1787 3281; baseline -0.002 -18"><span class='ocrx_word' id='word_1_363' title='bbox 196 3210 388 3281; x_wconf 83' lang='grc' dir='ltr'>τηρῶν</span> <span class='ocrx_word' id='word_1_364' title='bbox 430 3209 640 3281; x_wconf 85' lang='grc' dir='ltr'>ταύτην</span> <span class='ocrx_word' id='word_1_365' title='bbox 688 3209 808 3262; x_wconf 84' lang='grc' dir='ltr'>κατ’</span> <span class='ocrx_word' id='word_1_366' title='bbox 854 3207 1141 3279; x_wconf 77' lang='grc' dir='ltr'>ἐνέργειαν</span> <span class='ocrx_word' id='word_1_367' title='bbox 1184 3206 1280 3261; x_wconf 83' lang='grc' dir='ltr'>τοῦ</span> <span class='ocrx_word' id='word_1_368' title='bbox 1328 3207 1521 3273; x_wconf 84' lang='grc' dir='ltr'>καλοῦ,</span> <span class='ocrx_word' id='word_1_369' title='bbox 1567 3207 1677 3260; x_wconf 86' lang='grc' dir='ltr'>τῶν</span> <span class='ocrx_word' id='word_1_370' title='bbox 1726 3206 1787 3260; x_wconf 81' lang='grc' dir='ltr'>ὲν</span> 
     </span>
    </p>
   </div>
   <div class='ocr_carea' id='block_1_57' title="bbox 199 3299 1227 3371">
    <p class='ocr_par' dir='ltr' id='par_1_57' title="bbox 199 3299 1227 3371">
     <span class='ocr_line' id='line_1_57' title="bbox 199 3299 1227 3371; baseline -0.003 -16"><span class='ocrx_word' id='word_1_371' title='bbox 199 3301 566 3371; x_wconf 76' lang='grc' dir='ltr'>ἐπαγγελίαις</span> <span class='ocrx_word' id='word_1_372' title='bbox 600 3299 825 3369; x_wconf 85' lang='grc' dir='ltr'>ἀγαθῶν</span> <span class='ocrx_word' id='word_1_373' title='bbox 857 3299 1227 3362; x_wconf 79' lang='grc' dir='ltr'>ὲπιτεύξεται.</span> 
     </span>
    </p>
   </div>
   <div class='ocr_carea' id='block_1_58' title="bbox 273 3387 1790 3463">
    <p class='ocr_par' dir='ltr' id='par_1_58' title="bbox 273 3387 1790 3463">
     <span class='ocr_line' id='line_1_58' title="bbox 273 3387 1790 3463; baseline -0.005 -15"><span class='ocrx_word' id='word_1_374' title='bbox 273 3396 337 3448; x_wconf 81' lang='grc' dir='ltr'>θ’.</span> <span class='ocrx_word' id='word_1_375' title='bbox 360 3391 877 3463; x_wconf 65' lang='grc' dir='ltr'>Μάρτυςὶψευδὴς,</span> <span class='ocrx_word' id='word_1_376' title='bbox 897 3393 1009 3446; x_wconf 82' lang='grc' dir='ltr'>οὐκ</span> <span class='ocrx_word' id='word_1_377' title='bbox 1043 3390 1406 3461; x_wconf 82' lang='grc' dir='ltr'>ἀτιμώρητος</span> <span class='ocrx_word' id='word_1_378' title='bbox 1422 3390 1616 3444; x_wconf 79' lang='grc' dir='ltr'>ἔσται.</span> <span class='ocrx_word' id='word_1_379' title='bbox 1659 3387 1716 3442; x_wconf 94' lang='lat'><strong>&#39;0</strong></span> <span class='ocrx_word' id='word_1_380' title='bbox 1730 3387 1790 3441; x_wconf 83' lang='grc' dir='ltr'>δὲ</span> 
     </span>
    </p>
   </div>
   <div class='ocr_carea' id='block_1_59' title="bbox 200 3478 1793 3559">
    <p class='ocr_par' dir='ltr' id='par_1_59' title="bbox 200 3478 1793 3559">
     <span class='ocr_line' id='line_1_59' title="bbox 200 3478 1793 3559; baseline -0.006 -18"><span class='ocrx_word' id='word_1_381' title='bbox 200 3487 307 3557; x_wconf 76' lang='grc' dir='ltr'><strong>τὴν</strong></span> <span class='ocrx_word' id='word_1_382' title='bbox 334 3487 473 3559; x_wconf 80' lang='grc' dir='ltr'>πρὸς</span> <span class='ocrx_word' id='word_1_383' title='bbox 503 3486 572 3540; x_wconf 79' lang='grc' dir='ltr'><strong>τά</strong></span> <span class='ocrx_word' id='word_1_384' title='bbox 608 3486 945 3557; x_wconf 78' lang='grc' dir='ltr'>φθειρόμενα</span> <span class='ocrx_word' id='word_1_385' title='bbox 974 3483 1158 3554; x_wconf 81' lang='grc' dir='ltr'>σχέσιν</span> <span class='ocrx_word' id='word_1_386' title='bbox 1204 3482 1360 3552; x_wconf 76' lang='grc' dir='ltr'>ἡμῶν</span> <span class='ocrx_word' id='word_1_387' title='bbox 1399 3479 1639 3536; x_wconf 81' lang='grc' dir='ltr'>ἐπαινῶν</span> <span class='ocrx_word' id='word_1_388' title='bbox 1673 3478 1793 3534; x_wconf 84' lang='grc' dir='ltr'>δαί·</span> 
     </span>
    </p>
   </div>
   <div class='ocr_carea' id='block_1_60' title="bbox 208 3570 1788 3650">
    <p class='ocr_par' dir='ltr' id='par_1_60' title="bbox 208 3570 1788 3650">
     <span class='ocr_line' id='line_1_60' title="bbox 208 3570 1788 3650; baseline -0.006 -17"><span class='ocrx_word' id='word_1_389' title='bbox 208 3598 350 3650; x_wconf 87' lang='grc' dir='ltr'>μων,</span> <span class='ocrx_word' id='word_1_390' title='bbox 385 3581 447 3633; x_wconf 83' lang='grc' dir='ltr'>τὸ</span> <span class='ocrx_word' id='word_1_391' title='bbox 468 3579 874 3650; x_wconf 80' lang='grc' dir='ltr'>ἡτοιμασμένον</span> <span class='ocrx_word' id='word_1_392' title='bbox 907 3576 1055 3648; x_wconf 84' lang='grc' dir='ltr'>αὐτῴ</span> <span class='ocrx_word' id='word_1_393' title='bbox 1078 3576 1175 3629; x_wconf 54' lang='grc' dir='ltr'><strong>καὶ¹</strong></span> <span class='ocrx_word' id='word_1_394' title='bbox 1201 3577 1312 3639; x_wconf 90' lang='grc' dir='ltr'>τοῖς</span> <span class='ocrx_word' id='word_1_395' title='bbox 1340 3574 1597 3644; x_wconf 86' lang='grc' dir='ltr'>ἀγγέλοις</span> <span class='ocrx_word' id='word_1_396' title='bbox 1622 3570 1788 3627; x_wconf 78' lang='grc' dir='ltr'>αὐτοῦ</span> 
     </span>
    </p>
   </div>
   <div class='ocr_carea' id='block_1_61' title="bbox 207 3669 835 3741">
    <p class='ocr_par' dir='ltr' id='par_1_61' title="bbox 207 3669 835 3741">
     <span class='ocr_line' id='line_1_61' title="bbox 207 3669 835 3741; baseline -0.005 -17"><span class='ocrx_word' id='word_1_397' title='bbox 207 3670 327 3741; x_wconf 81' lang='grc' dir='ltr'>πῦρ</span> <span class='ocrx_word' id='word_1_398' title='bbox 358 3671 458 3723; x_wconf 83' lang='grc' dir='ltr'><strong>ούκ</strong></span> <span class='ocrx_word' id='word_1_399' title='bbox 482 3669 835 3739; x_wconf 76' lang='grc' dir='ltr'>ἐκφεύξεται.</span> 
     </span>
    </p>
   </div>
   <div class='ocr_carea' id='block_1_62' title="bbox 285 3755 1792 3830">
    <p class='ocr_par' dir='ltr' id='par_1_62' title="bbox 285 3755 1792 3830">
     <span class='ocr_line' id='line_1_62' title="bbox 285 3755 1792 3830; baseline -0.006 -13"><span class='ocrx_word' id='word_1_400' title='bbox 285 3766 392 3830; x_wconf 87' lang='grc' dir='ltr'>Ὃς</span> <span class='ocrx_word' id='word_1_401' title='bbox 416 3762 467 3816; x_wconf 85' lang='grc' dir='ltr'>δ’</span> <span class='ocrx_word' id='word_1_402' title='bbox 498 3761 574 3817; x_wconf 84' lang='grc' dir='ltr'>ἂν</span> <span class='ocrx_word' id='word_1_403' title='bbox 612 3761 886 3829; x_wconf 80' lang='grc' dir='ltr'>ἐκκαύσῃ</span> <span class='ocrx_word' id='word_1_404' title='bbox 922 3761 1163 3827; x_wconf 84' lang='grc' dir='ltr'>κακίαν,</span> <span class='ocrx_word' id='word_1_405' title='bbox 1201 3756 1512 3812; x_wconf 77' lang='grc' dir='ltr'>ἀπολεῖται</span> <span class='ocrx_word' id='word_1_406' title='bbox 1554 3756 1655 3809; x_wconf 81' lang='grc' dir='ltr'><strong>ὑπ’</strong></span> <span class='ocrx_word' id='word_1_407' title='bbox 1684 3755 1792 3808; x_wconf 85' lang='grc' dir='ltr'><strong>αὺ-</strong></span> 
     </span>
    </p>
   </div>
   <div class='ocr_carea' id='block_1_63' title="bbox 206 3848 1795 3925">
    <p class='ocr_par' dir='ltr' id='par_1_63' title="bbox 206 3848 1795 3925">
     <span class='ocr_line' id='line_1_63' title="bbox 206 3848 1795 3925; baseline -0.007 -14"><span class='ocrx_word' id='word_1_408' title='bbox 206 3856 341 3925; x_wconf 80' lang='grc' dir='ltr'>τῆς.</span> <span class='ocrx_word' id='word_1_409' title='bbox 390 3855 447 3908; x_wconf 80' lang='grc' dir='ltr'><strong>Ὀ</strong></span> <span class='ocrx_word' id='word_1_410' title='bbox 485 3855 542 3909; x_wconf 78' lang='grc' dir='ltr'><strong>δὲ</strong></span> <span class='ocrx_word' id='word_1_411' title='bbox 576 3854 668 3907; x_wconf 72' lang='grc' dir='ltr'><strong>τὸν</strong></span> <span class='ocrx_word' id='word_1_412' title='bbox 708 3853 1049 3925; x_wconf 73' lang='grc' dir='ltr'>ἐμϐληθέντα</span> <span class='ocrx_word' id='word_1_413' title='bbox 1080 3854 1139 3906; x_wconf 81' lang='grc' dir='ltr'>ὲν</span> <span class='ocrx_word' id='word_1_414' title='bbox 1175 3854 1242 3922; x_wconf 81' lang='grc' dir='ltr'>τῇ</span> <span class='ocrx_word' id='word_1_415' title='bbox 1278 3849 1443 3903; x_wconf 76' lang='grc' dir='ltr'>αὑτοῦ</span> <span class='ocrx_word' id='word_1_416' title='bbox 1492 3848 1638 3919; x_wconf 78' lang='grc' dir='ltr'>ψυχῇ</span> <span class='ocrx_word' id='word_1_417' title='bbox 1693 3848 1795 3917; x_wconf 76' lang='grc' dir='ltr'>τῆς</span> 
     </span>
    </p>
   </div>
   <div class='ocr_carea' id='block_1_64' title="bbox 208 3939 1794 4021">
    <p class='ocr_par' dir='ltr' id='par_1_64' title="bbox 208 3939 1794 4021">
     <span class='ocr_line' id='line_1_64' title="bbox 208 3939 1794 4021; baseline -0.009 -16"><span class='ocrx_word' id='word_1_418' title='bbox 208 3948 445 4021; x_wconf 81' lang='grc' dir='ltr'>ἀνομίας</span> <span class='ocrx_word' id='word_1_419' title='bbox 470 3946 676 4018; x_wconf 80' lang='grc' dir='ltr'>πυρσὸν</span> <span class='ocrx_word' id='word_1_420' title='bbox 704 3945 855 4018; x_wconf 85' lang='grc' dir='ltr'><strong>παρά</strong></span> <span class='ocrx_word' id='word_1_421' title='bbox 885 3943 980 3999; x_wconf 82' lang='grc' dir='ltr'>τοῦ</span> <span class='ocrx_word' id='word_1_422' title='bbox 1004 3944 1251 4015; x_wconf 86' lang='grc' dir='ltr'>φθορέως</span> <span class='ocrx_word' id='word_1_423' title='bbox 1285 3942 1485 4007; x_wconf 85' lang='grc' dir='ltr'>Σατᾶν,</span> <span class='ocrx_word' id='word_1_424' title='bbox 1515 3942 1656 3994; x_wconf 79' lang='grc' dir='ltr'>κατὰ</span> <span class='ocrx_word' id='word_1_425' title='bbox 1675 3939 1794 3992; x_wconf 84' lang='grc' dir='ltr'>διά-</span> 
     </span>
    </p>
   </div>
   <div class='ocr_carea' id='block_1_65' title="bbox 211 4032 1794 4111">
    <p class='ocr_par' dir='ltr' id='par_1_65' title="bbox 211 4032 1794 4111">
     <span class='ocr_line' id='line_1_65' title="bbox 211 4032 1794 4111; baseline -0.009 -13"><span class='ocrx_word' id='word_1_426' title='bbox 211 4046 363 4099; x_wconf 85' lang='grc' dir='ltr'>θεσιν</span> <span class='ocrx_word' id='word_1_427' title='bbox 394 4041 684 4111; x_wconf 75' lang='grc' dir='ltr'>ὑπανάψας</span> <span class='ocrx_word' id='word_1_428' title='bbox 730 4042 828 4095; x_wconf 75' lang='grc' dir='ltr'><strong>καὶ</strong></span> <span class='ocrx_word' id='word_1_429' title='bbox 873 4038 1094 4110; x_wconf 79' lang='grc' dir='ltr'>πρᾶξιν,</span> <span class='ocrx_word' id='word_1_430' title='bbox 1126 4034 1658 4107; x_wconf 82' lang='grc' dir='ltr'>ἀποτεφρωθήσεται</span> <span class='ocrx_word' id='word_1_431' title='bbox 1701 4032 1794 4084; x_wconf 83' lang='grc' dir='ltr'>ὑπ’</span> 
     </span>
    </p>
   </div>
   <div class='ocr_carea' id='block_1_66' title="bbox 213 4130 1125 4205">
    <p class='ocr_par' dir='ltr' id='par_1_66' title="bbox 213 4130 1125 4205">
     <span class='ocr_line' id='line_1_66' title="bbox 213 4130 1125 4205; baseline -0.009 -13"><span class='ocrx_word' id='word_1_432' title='bbox 213 4135 385 4192; x_wconf 82' lang='grc' dir='ltr'>αὐτοῦ</span> <span class='ocrx_word' id='word_1_433' title='bbox 413 4135 515 4205; x_wconf 80' lang='grc' dir='ltr'>τὴν</span> <span class='ocrx_word' id='word_1_434' title='bbox 551 4135 650 4205; x_wconf 81' lang='grc' dir='ltr'>τῆς</span> <span class='ocrx_word' id='word_1_435' title='bbox 678 4133 856 4203; x_wconf 72' lang='grc' dir='ltr'>ψυχῆς</span> <span class='ocrx_word' id='word_1_436' title='bbox 888 4130 1125 4195; x_wconf 81' lang='grc' dir='ltr'>εὐεξίαν.</span> 
     </span>
    </p>
   </div>
   <div class='ocr_carea' id='block_1_67' title="bbox 290 4215 1798 4295">
    <p class='ocr_par' dir='ltr' id='par_1_67' title="bbox 290 4215 1798 4295">
     <span class='ocr_line' id='line_1_67' title="bbox 290 4215 1798 4295; baseline -0.009 -13"><span class='ocrx_word' id='word_1_437' title='bbox 290 4233 343 4282; x_wconf 89' lang='grc' dir='ltr'>ι’.</span> <span class='ocrx_word' id='word_1_438' title='bbox 380 4229 464 4281; x_wconf 85' lang='grc' dir='ltr'><strong>Οὐ</strong></span> <span class='ocrx_word' id='word_1_439' title='bbox 489 4227 781 4295; x_wconf 81' lang='grc' dir='ltr'>συμφέρει</span> <span class='ocrx_word' id='word_1_440' title='bbox 813 4223 1029 4293; x_wconf 79' lang='grc' dir='ltr'>ἄφρονι</span> <span class='ocrx_word' id='word_1_441' title='bbox 1059 4220 1280 4290; x_wconf 77' lang='grc' dir='ltr'>τρυφὴ,</span> <span class='ocrx_word' id='word_1_442' title='bbox 1305 4219 1402 4274; x_wconf 81' lang='grc' dir='ltr'><strong>καί</strong></span> <span class='ocrx_word' id='word_1_443' title='bbox 1429 4218 1537 4274; x_wconf 83' lang='grc' dir='ltr'><strong>ἐὰν</strong></span> <span class='ocrx_word' id='word_1_444' title='bbox 1559 4215 1798 4285; x_wconf 83' lang='grc' dir='ltr'>οίκέτης</span> 
     </span>
    </p>
   </div>
   <div class='ocr_carea' id='block_1_68' title="bbox 215 4307 1798 4389">
    <p class='ocr_par' dir='ltr' id='par_1_68' title="bbox 215 4307 1798 4389">
     <span class='ocr_line' id='line_1_68' title="bbox 215 4307 1798 4389; baseline -0.008 -17"><span class='ocrx_word' id='word_1_445' title='bbox 215 4318 473 4389; x_wconf 77' lang='grc' dir='ltr'>ἄρξηται</span> <span class='ocrx_word' id='word_1_446' title='bbox 520 4317 649 4387; x_wconf 84' lang='grc' dir='ltr'>μεθ’</span> <span class='ocrx_word' id='word_1_447' title='bbox 706 4316 927 4383; x_wconf 78' lang='grc' dir='ltr'>ὕϐρεως</span> <span class='ocrx_word' id='word_1_448' title='bbox 987 4312 1401 4366; x_wconf 84' lang='grc' dir='ltr'>δυναστεύειν.</span> <span class='ocrx_word' id='word_1_449' title='bbox 1470 4307 1798 4377; x_wconf 83' lang='grc' dir='ltr'>Ἀσυντελής</span> 
     </span>
    </p>
   </div>
   <div class='ocr_carea' id='block_1_69' title="bbox 216 4390 1800 4481">
    <p class='ocr_par' dir='ltr' id='par_1_69' title="bbox 216 4390 1800 4481">
     <span class='ocr_line' id='line_1_69' title="bbox 216 4390 1800 4481; baseline -0.011 -16"><span class='ocrx_word' id='word_1_450' title='bbox 216 4413 368 4465; x_wconf 73' lang='grc' dir='ltr'>ἐστιν</span> <span class='ocrx_word' id='word_1_451' title='bbox 388 4409 421 4481; x_wconf 80' lang='grc' dir='ltr'><strong>ἡ</strong></span> <span class='ocrx_word' id='word_1_452' title='bbox 445 4411 541 4478; x_wconf 82' lang='grc' dir='ltr'><strong>τῆς</strong></span> <span class='ocrx_word' id='word_1_453' title='bbox 567 4407 803 4478; x_wconf 81' lang='grc' dir='ltr'>φυσικῆς</span> <span class='ocrx_word' id='word_1_454' title='bbox 825 4404 935 4458; x_wconf 82' lang='grc' dir='ltr'><strong>τῶν</strong></span> <span class='ocrx_word' id='word_1_455' title='bbox 962 4390 1177 4473; x_wconf 66' lang='grc' dir='ltr'>ὁρατῶν</span> <span class='ocrx_word' id='word_1_456' title='bbox 1208 4399 1441 4471; x_wconf 89' lang='grc' dir='ltr'>θεωρίας</span> <span class='ocrx_word' id='word_1_457' title='bbox 1464 4396 1800 4470; x_wconf 77' lang='grc' dir='ltr'>ἐντρύφησις</span> 
     </span>
    </p>
   </div>
   <div class='ocr_carea' id='block_1_70' title="bbox 1874 2447 3455 2521">
    <p class='ocr_par' dir='ltr' id='par_1_70' title="bbox 1874 2447 3455 2521">
     <span class='ocr_line' id='line_1_70' title="bbox 1874 2447 3455 2521; baseline -0.004 -12"><span class='ocrx_word' id='word_1_458' title='bbox 1874 2454 2115 2519; x_wconf 88' lang='lat' dir='ltr'><strong>deditas,</strong></span> <span class='ocrx_word' id='word_1_459' title='bbox 2139 2453 2323 2507; x_wconf 89' lang='lat' dir='ltr'><strong>anima</strong></span> <span class='ocrx_word' id='word_1_460' title='bbox 2352 2452 2472 2521; x_wconf 87' lang='lat' dir='ltr'><strong>ejus</strong></span> <span class='ocrx_word' id='word_1_461' title='bbox 2509 2466 2620 2505; x_wconf 88' lang='lat' dir='ltr'><strong>non</strong></span> <span class='ocrx_word' id='word_1_462' title='bbox 2651 2451 2957 2505; x_wconf 77' lang='lat' dir='ltr'><strong>servabitur</strong></span> <span class='ocrx_word' id='word_1_463' title='bbox 2984 2450 3173 2505; x_wconf 65' lang='lat' dir='ltr'><strong>illaesa.</strong></span> <span class='ocrx_word' id='word_1_464' title='bbox 3212 2468 3231 2501; x_wconf 85' lang='lat'><strong>(</strong></span> <span class='ocrx_word' id='word_1_465' title='bbox 3262 2447 3455 2504; x_wconf 89' lang='lat' dir='ltr'><strong>Omnis</strong></span> 
     </span>
    </p>
   </div>
   <div class='ocr_carea' id='block_1_71' title="bbox 1875 2541 3456 2618">
    <p class='ocr_par' dir='ltr' id='par_1_71' title="bbox 1875 2541 3456 2618">
     <span class='ocr_line' id='line_1_71' title="bbox 1875 2541 3456 2618; baseline -0.008 -14"><span class='ocrx_word' id='word_1_466' title='bbox 1875 2551 2023 2604; x_wconf 88' lang='lat' dir='ltr'><strong>enim</strong></span> <span class='ocrx_word' id='word_1_467' title='bbox 2058 2548 2150 2618; x_wconf 92' lang='lat' dir='ltr'><strong>qui</strong></span> <span class='ocrx_word' id='word_1_468' title='bbox 2188 2545 2491 2616; x_wconf 75' lang='lat' dir='ltr'><strong>inspexerit</strong></span> <span class='ocrx_word' id='word_1_469' title='bbox 2526 2544 2817 2597; x_wconf 83' lang='lat' dir='ltr'><strong>mulierem</strong></span> <span class='ocrx_word' id='word_1_470' title='bbox 2851 2542 2917 2595; x_wconf 88' lang='lat' dir='ltr'><strong>ad</strong></span> <span class='ocrx_word' id='word_1_471' title='bbox 2953 2541 3456 2613; x_wconf 87' lang='lat' dir='ltr'><strong>concupiscendum</strong></span> 
     </span>
    </p>
   </div>
   <div class='ocr_carea' id='block_1_72' title="bbox 1877 2635 3325 2712">
    <p class='ocr_par' dir='ltr' id='par_1_72' title="bbox 1877 2635 3325 2712">
     <span class='ocr_line' id='line_1_72' title="bbox 1877 2635 3325 2712; baseline -0.008 -14"><span class='ocrx_word' id='word_1_472' title='bbox 1877 2660 2021 2706; x_wconf 87' lang='lat' dir='ltr'><strong>eam,</strong></span> <span class='ocrx_word' id='word_1_473' title='bbox 2050 2644 2161 2712; x_wconf 90' lang='lat' dir='ltr'><strong>jam</strong></span> <span class='ocrx_word' id='word_1_474' title='bbox 2197 2640 2505 2695; x_wconf 77' lang='lat' dir='ltr'><strong>mmchatus</strong></span> <span class='ocrx_word' id='word_1_475' title='bbox 2525 2647 2608 2693; x_wconf 86' lang='lat' dir='ltr'><strong>est</strong></span> <span class='ocrx_word' id='word_1_476' title='bbox 2639 2654 2758 2693; x_wconf 85' lang='lat' dir='ltr'><strong>eam</strong></span> <span class='ocrx_word' id='word_1_477' title='bbox 2788 2637 2844 2691; x_wconf 90' lang='lat' dir='ltr'><strong>in</strong></span> <span class='ocrx_word' id='word_1_478' title='bbox 2883 2636 3048 2691; x_wconf 90' lang='lat' dir='ltr'><strong>corde</strong></span> <span class='ocrx_word' id='word_1_479' title='bbox 3084 2650 3185 2689; x_wconf 90' lang='lat' dir='ltr'><strong>suo</strong></span> <span class='ocrx_word' id='word_1_480' title='bbox 3221 2635 3265 2688; x_wconf 83' lang='grc'>⁷.</span> <span class='ocrx_word' id='word_1_481' title='bbox 3305 2652 3325 2685; x_wconf 72' lang='grc' dir='ltr'><strong>ι</strong></span> 
     </span>
    </p>
   </div>
   <div class='ocr_carea' id='block_1_73' title="bbox 1948 2727 3459 2802">
    <p class='ocr_par' dir='ltr' id='par_1_73' title="bbox 1948 2727 3459 2802">
     <span class='ocr_line' id='line_1_73' title="bbox 1948 2727 3459 2802; baseline -0.005 -13"><span class='ocrx_word' id='word_1_482' title='bbox 1948 2735 2115 2789; x_wconf 71' lang='lat' dir='ltr'><strong>Vsus.</strong></span> <span class='ocrx_word' id='word_1_483' title='bbox 2148 2733 2202 2788; x_wconf 92' lang='lat'><strong>8.</strong></span> <span class='ocrx_word' id='word_1_484' title='bbox 2234 2734 2340 2799; x_wconf 85' lang='lat' dir='ltr'><strong>Qui</strong></span> <span class='ocrx_word' id='word_1_485' title='bbox 2360 2732 2592 2802; x_wconf 83' lang='lat' dir='ltr'><strong>possidet</strong></span> <span class='ocrx_word' id='word_1_486' title='bbox 2616 2730 2982 2797; x_wconf 83' lang='lat' dir='ltr'><strong>prudentiam,</strong></span> <span class='ocrx_word' id='word_1_487' title='bbox 3008 2727 3183 2797; x_wconf 83' lang='lat' dir='ltr'><strong>diligit</strong></span> <span class='ocrx_word' id='word_1_488' title='bbox 3207 2727 3459 2796; x_wconf 90' lang='lat' dir='ltr'><strong>seipsum.</strong></span> 
     </span>
    </p>
   </div>
   <div class='ocr_carea' id='block_1_74' title="bbox 1881 2818 3467 2896">
    <p class='ocr_par' dir='ltr' id='par_1_74' title="bbox 1881 2818 3467 2896">
     <span class='ocr_line' id='line_1_74' title="bbox 1881 2818 3467 2896; baseline -0.008 -15"><span class='ocrx_word' id='word_1_489' title='bbox 1881 2827 1983 2894; x_wconf 86' lang='lat' dir='ltr'><strong>Qui</strong></span> <span class='ocrx_word' id='word_1_490' title='bbox 2011 2826 2361 2896; x_wconf 87' lang='lat' dir='ltr'><strong>prudentiam</strong></span> <span class='ocrx_word' id='word_1_491' title='bbox 2396 2824 2647 2893; x_wconf 84' lang='lat' dir='ltr'><strong>adjungit</strong></span> <span class='ocrx_word' id='word_1_492' title='bbox 2679 2823 2869 2892; x_wconf 89' lang='lat' dir='ltr'><strong>optimi</strong></span> <span class='ocrx_word' id='word_1_493' title='bbox 2910 2820 3192 2884; x_wconf 86' lang='lat' dir='ltr'><strong>elcctioni,</strong></span> <span class='ocrx_word' id='word_1_494' title='bbox 3237 2818 3306 2872; x_wconf 92' lang='lat' dir='ltr'><strong>dc</strong></span> <span class='ocrx_word' id='word_1_495' title='bbox 3336 2832 3467 2888; x_wconf 59' lang='lat' dir='ltr'><strong>proa</strong></span> 
     </span>
    </p>
   </div>
   <div class='ocr_carea' id='block_1_75' title="bbox 1884 2911 3465 2990">
    <p class='ocr_par' dir='ltr' id='par_1_75' title="bbox 1884 2911 3465 2990">
     <span class='ocr_line' id='line_1_75' title="bbox 1884 2911 3465 2990; baseline -0.005 -18"><span class='ocrx_word' id='word_1_496' title='bbox 1884 2919 2001 2990; x_wconf 89' lang='lat' dir='ltr'><strong>pria</strong></span> <span class='ocrx_word' id='word_1_497' title='bbox 2041 2918 2280 2973; x_wconf 84' lang='lat' dir='ltr'><strong>utilitate</strong></span> <span class='ocrx_word' id='word_1_498' title='bbox 2319 2925 2514 2983; x_wconf 87' lang='lat' dir='ltr'><strong>curat;</strong></span> <span class='ocrx_word' id='word_1_499' title='bbox 2570 2915 2702 2985; x_wconf 88' lang='lat' dir='ltr'><strong>quia</strong></span> <span class='ocrx_word' id='word_1_500' title='bbox 2738 2911 3221 2968; x_wconf 83' lang='lat' dir='ltr'><strong>conservationem</strong></span> <span class='ocrx_word' id='word_1_501' title='bbox 3266 2911 3465 2964; x_wconf 76' lang='lat' dir='ltr'><strong>anima:</strong></span> 
     </span>
    </p>
   </div>
   <div class='ocr_carea' id='block_1_76' title="bbox 1885 3003 3090 3080">
    <p class='ocr_par' dir='ltr' id='par_1_76' title="bbox 1885 3003 3090 3080">
     <span class='ocr_line' id='line_1_76' title="bbox 1885 3003 3090 3080; baseline -0.008 -13"><span class='ocrx_word' id='word_1_502' title='bbox 1885 3028 1948 3067; x_wconf 87' lang='lat' dir='ltr'><strong>ac</strong></span> <span class='ocrx_word' id='word_1_503' title='bbox 1977 3010 2227 3080; x_wconf 89' lang='lat' dir='ltr'><strong>corporis</strong></span> <span class='ocrx_word' id='word_1_504' title='bbox 2259 3023 2563 3079; x_wconf 80' lang='lat' dir='ltr'><strong>procurare</strong></span> <span class='ocrx_word' id='word_1_505' title='bbox 2594 3009 2748 3061; x_wconf 89' lang='lat' dir='ltr'><strong>novit</strong></span> <span class='ocrx_word' id='word_1_506' title='bbox 2776 3003 3090 3075; x_wconf 80' lang='lat' dir='ltr'><strong>prudentia.</strong></span> 
     </span>
    </p>
   </div>
   <div class='ocr_carea' id='block_1_77' title="bbox 1958 3092 3465 3170">
    <p class='ocr_par' dir='ltr' id='par_1_77' title="bbox 1958 3092 3465 3170">
     <span class='ocr_line' id='line_1_77' title="bbox 1958 3092 3465 3170; baseline -0.007 -13"><span class='ocrx_word' id='word_1_507' title='bbox 1958 3104 2060 3169; x_wconf 86' lang='lat' dir='ltr'><strong>Qui</strong></span> <span class='ocrx_word' id='word_1_508' title='bbox 2088 3101 2321 3156; x_wconf 86' lang='lat' dir='ltr'><strong>custodit</strong></span> <span class='ocrx_word' id='word_1_509' title='bbox 2350 3101 2691 3170; x_wconf 88' lang='lat' dir='ltr'><strong>prudentiam</strong></span> <span class='ocrx_word' id='word_1_510' title='bbox 2729 3098 2951 3152; x_wconf 81' lang='lat' dir='ltr'><strong>inveniet</strong></span> <span class='ocrx_word' id='word_1_511' title='bbox 2998 3095 3154 3149; x_wconf 89' lang='lat' dir='ltr'><strong>bona.</strong></span> <span class='ocrx_word' id='word_1_512' title='bbox 3194 3093 3298 3160; x_wconf 91' lang='lat' dir='ltr'><strong>Qui</strong></span> <span class='ocrx_word' id='word_1_513' title='bbox 3333 3092 3465 3148; x_wconf 80' lang='lat' dir='ltr'><strong>totis</strong></span> 
     </span>
    </p>
   </div>
   <div class='ocr_carea' id='block_1_78' title="bbox 1888 3191 3463 3257">
    <p class='ocr_par' dir='ltr' id='par_1_78' title="bbox 1888 3191 3463 3257">
     <span class='ocr_line' id='line_1_78' title="bbox 1888 3191 3463 3257; baseline -0.006 -7"><span class='ocrx_word' id='word_1_514' title='bbox 1888 3196 2102 3250; x_wconf 87' lang='lat' dir='ltr'><strong>viribus</strong></span> <span class='ocrx_word' id='word_1_515' title='bbox 2141 3194 2291 3249; x_wconf 89' lang='lat' dir='ltr'><strong>illam</strong></span> <span class='ocrx_word' id='word_1_516' title='bbox 2332 3194 2473 3249; x_wconf 86' lang='lat' dir='ltr'><strong>bene</strong></span> <span class='ocrx_word' id='word_1_517' title='bbox 2510 3199 2717 3257; x_wconf 80' lang='lat' dir='ltr'><strong>servat,</strong></span> <span class='ocrx_word' id='word_1_518' title='bbox 2764 3191 2909 3245; x_wconf 91' lang='lat' dir='ltr'><strong>bona</strong></span> <span class='ocrx_word' id='word_1_519' title='bbox 2962 3197 3290 3257; x_wconf 84' lang='lat' dir='ltr'><strong>assequctur</strong></span> <span class='ocrx_word' id='word_1_520' title='bbox 3334 3200 3463 3256; x_wconf 85' lang='lat' dir='ltr'><strong>pro-</strong></span> 
     </span>
    </p>
   </div>
   <div class='ocr_carea' id='block_1_79' title="bbox 1889 3288 2084 3343">
    <p class='ocr_par' dir='ltr' id='par_1_79' title="bbox 1889 3288 2084 3343">
     <span class='ocr_line' id='line_1_79' title="bbox 1889 3288 2084 3343; baseline -0.026 0"><span class='ocrx_word' id='word_1_521' title='bbox 1889 3288 2084 3343; x_wconf 89' lang='lat' dir='ltr'><strong>missa.</strong></span> 
     </span>
    </p>
   </div>
   <div class='ocr_carea' id='block_1_80' title="bbox 1958 3364 3467 3443">
    <p class='ocr_par' dir='ltr' id='par_1_80' title="bbox 1958 3364 3467 3443">
     <span class='ocr_line' id='line_1_80' title="bbox 1958 3364 3467 3443; baseline -0.008 -11"><span class='ocrx_word' id='word_1_522' title='bbox 1958 3377 2125 3433; x_wconf 71' lang='lat' dir='ltr'><strong>Vens.</strong></span> <span class='ocrx_word' id='word_1_523' title='bbox 2154 3376 2208 3432; x_wconf 87' lang='lat'><strong>9.</strong></span> <span class='ocrx_word' id='word_1_524' title='bbox 2243 3375 2410 3430; x_wconf 83' lang='lat' dir='ltr'><strong>Testis</strong></span> <span class='ocrx_word' id='word_1_525' title='bbox 2434 3374 2606 3443; x_wconf 77' lang='lat' dir='ltr'><strong>falsus</strong></span> <span class='ocrx_word' id='word_1_526' title='bbox 2643 3389 2746 3426; x_wconf 89' lang='lat' dir='ltr'><strong>non</strong></span> <span class='ocrx_word' id='word_1_527' title='bbox 2774 3372 3068 3441; x_wconf 86' lang='lat' dir='ltr'><strong>impunitus</strong></span> <span class='ocrx_word' id='word_1_528' title='bbox 3105 3369 3229 3422; x_wconf 84' lang='lat' dir='ltr'><strong>erit.</strong></span> <span class='ocrx_word' id='word_1_529' title='bbox 3261 3364 3467 3420; x_wconf 83' lang='lat' dir='ltr'><strong>Diabo-</strong></span> 
     </span>
    </p>
   </div>
   <div class='ocr_carea' id='block_1_81' title="bbox 1891 3460 3467 3535">
    <p class='ocr_par' dir='ltr' id='par_1_81' title="bbox 1891 3460 3467 3535">
     <span class='ocr_line' id='line_1_81' title="bbox 1891 3460 3467 3535; baseline -0.01 -8"><span class='ocrx_word' id='word_1_530' title='bbox 1891 3473 1977 3527; x_wconf 88' lang='lat' dir='ltr'><strong>lus</strong></span> <span class='ocrx_word' id='word_1_531' title='bbox 2013 3469 2267 3525; x_wconf 70' lang='lat' dir='ltr'><strong>aﬂectum</strong></span> <span class='ocrx_word' id='word_1_532' title='bbox 2287 3475 2541 3522; x_wconf 90' lang='lat' dir='ltr'><strong>nostrum</strong></span> <span class='ocrx_word' id='word_1_533' title='bbox 2564 3465 2631 3520; x_wconf 92' lang='lat' dir='ltr'><strong>ad</strong></span> <span class='ocrx_word' id='word_1_534' title='bbox 2665 3480 2731 3520; x_wconf 91' lang='lat' dir='ltr'><strong>ea</strong></span> <span class='ocrx_word' id='word_1_535' title='bbox 2752 3480 2871 3535; x_wconf 68' lang='lat' dir='ltr'><strong>qua:</strong></span> <span class='ocrx_word' id='word_1_536' title='bbox 2889 3471 3314 3532; x_wconf 87' lang='lat' dir='ltr'><strong>corrumpuntur</strong></span> <span class='ocrx_word' id='word_1_537' title='bbox 3346 3460 3467 3513; x_wconf 91' lang='lat' dir='ltr'><strong>lau-</strong></span> 
     </span>
    </p>
   </div>
   <div class='ocr_carea' id='block_1_82' title="bbox 1890 3555 3470 3631">
    <p class='ocr_par' dir='ltr' id='par_1_82' title="bbox 1890 3555 3470 3631">
     <span class='ocr_line' id='line_1_82' title="bbox 1890 3555 3470 3631; baseline -0.008 -11"><span class='ocrx_word' id='word_1_538' title='bbox 1890 3565 2029 3620; x_wconf 90' lang='lat' dir='ltr'><strong>dans</strong></span> <span class='ocrx_word' id='word_1_539' title='bbox 2056 3577 2168 3617; x_wconf 87' lang='lat' dir='ltr'><strong>non</strong></span> <span class='ocrx_word' id='word_1_540' title='bbox 2196 3560 2421 3631; x_wconf 76' lang='lat' dir='ltr'><strong>etfugiet</strong></span> <span class='ocrx_word' id='word_1_541' title='bbox 2444 3559 2622 3629; x_wconf 82' lang='lat' dir='ltr'><strong>ignem</strong></span> <span class='ocrx_word' id='word_1_542' title='bbox 2653 3558 2762 3628; x_wconf 90' lang='lat' dir='ltr'><strong>ipsi</strong></span> <span class='ocrx_word' id='word_1_543' title='bbox 2791 3566 2847 3612; x_wconf 87' lang='lat' dir='ltr'><strong>et</strong></span> <span class='ocrx_word' id='word_1_544' title='bbox 2880 3557 3093 3628; x_wconf 81' lang='lat' dir='ltr'><strong>angelis</strong></span> <span class='ocrx_word' id='word_1_545' title='bbox 3121 3555 3237 3625; x_wconf 87' lang='lat' dir='ltr'><strong>ejus</strong></span> <span class='ocrx_word' id='word_1_546' title='bbox 3262 3568 3470 3626; x_wconf 68' lang='lat' dir='ltr'><strong>praepa-</strong></span> 
     </span>
    </p>
   </div>
   <div class='ocr_carea' id='block_1_83' title="bbox 1893 3666 2099 3714">
    <p class='ocr_par' dir='ltr' id='par_1_83' title="bbox 1893 3666 2099 3714">
     <span class='ocr_line' id='line_1_83' title="bbox 1893 3666 2099 3714; baseline -0.01 0"><span class='ocrx_word' id='word_1_547' title='bbox 1893 3666 2099 3714; x_wconf 88' lang='lat' dir='ltr'><strong>ratum.</strong></span> 
     </span>
    </p>
   </div>
   <div class='ocr_carea' id='block_1_84' title="bbox 1967 3737 3471 3816">
    <p class='ocr_par' dir='ltr' id='par_1_84' title="bbox 1967 3737 3471 3816">
     <span class='ocr_line' id='line_1_84' title="bbox 1967 3737 3471 3816; baseline -0.005 -15"><span class='ocrx_word' id='word_1_548' title='bbox 1967 3748 2071 3816; x_wconf 86' lang='lat' dir='ltr'><strong>Qui</strong></span> <span class='ocrx_word' id='word_1_549' title='bbox 2094 3742 2389 3801; x_wconf 88' lang='lat' dir='ltr'><strong>accenderit</strong></span> <span class='ocrx_word' id='word_1_550' title='bbox 2417 3742 2637 3807; x_wconf 83' lang='lat' dir='ltr'><strong>malum,</strong></span> <span class='ocrx_word' id='word_1_551' title='bbox 2674 3740 2867 3806; x_wconf 86' lang='lat' dir='ltr'><strong>peribit</strong></span> <span class='ocrx_word' id='word_1_552' title='bbox 2914 3739 2970 3792; x_wconf 89' lang='lat' dir='ltr'><strong>in</strong></span> <span class='ocrx_word' id='word_1_553' title='bbox 3021 3754 3101 3792; x_wconf 89' lang='lat' dir='ltr'><strong>eo.</strong></span> <span class='ocrx_word' id='word_1_554' title='bbox 3157 3737 3471 3807; x_wconf 88' lang='lat' dir='ltr'><strong>lniquitatis</strong></span> 
     </span>
    </p>
   </div>
   <div class='ocr_carea' id='block_1_85' title="bbox 1895 3830 3469 3911">
    <p class='ocr_par' dir='ltr' id='par_1_85' title="bbox 1895 3830 3469 3911">
     <span class='ocr_line' id='line_1_85' title="bbox 1895 3830 3469 3911; baseline -0.01 -15"><span class='ocrx_word' id='word_1_555' title='bbox 1895 3843 2073 3911; x_wconf 83' lang='lat' dir='ltr'><strong>ignem</strong></span> <span class='ocrx_word' id='word_1_556' title='bbox 2112 3841 2169 3894; x_wconf 88' lang='lat' dir='ltr'><strong>in</strong></span> <span class='ocrx_word' id='word_1_557' title='bbox 2200 3838 2441 3891; x_wconf 88' lang='lat' dir='ltr'><strong>animam</strong></span> <span class='ocrx_word' id='word_1_558' title='bbox 2470 3849 2501 3887; x_wconf 91' lang='lat' dir='ltr'><strong>a</strong></span> <span class='ocrx_word' id='word_1_559' title='bbox 2543 3834 2817 3903; x_wconf 88' lang='lat' dir='ltr'><strong>perditore</strong></span> <span class='ocrx_word' id='word_1_560' title='bbox 2846 3830 3049 3886; x_wconf 86' lang='lat' dir='ltr'><strong>Satana</strong></span> <span class='ocrx_word' id='word_1_561' title='bbox 3082 3830 3345 3900; x_wconf 85' lang='lat' dir='ltr'><strong>injectum</strong></span> <span class='ocrx_word' id='word_1_562' title='bbox 3379 3830 3469 3902; x_wconf 84' lang='lat' dir='ltr'><strong>qui</strong></span> 
     </span>
    </p>
   </div>
   <div class='ocr_carea' id='block_1_86' title="bbox 1895 3923 3477 3995">
    <p class='ocr_par' dir='ltr' id='par_1_86' title="bbox 1895 3923 3477 3995">
     <span class='ocr_line' id='line_1_86' title="bbox 1895 3923 3477 3995; baseline -0.003 -9"><span class='ocrx_word' id='word_1_563' title='bbox 1895 3932 2094 3987; x_wconf 73' lang='lat' dir='ltr'><strong>ali‘eetu</strong></span> <span class='ocrx_word' id='word_1_564' title='bbox 2118 3928 2406 3987; x_wconf 88' lang='lat' dir='ltr'><strong>succendit</strong></span> <span class='ocrx_word' id='word_1_565' title='bbox 2440 3933 2496 3981; x_wconf 88' lang='lat' dir='ltr'><strong>et</strong></span> <span class='ocrx_word' id='word_1_566' title='bbox 2525 3933 2673 3989; x_wconf 90' lang='lat' dir='ltr'><strong>actu,</strong></span> <span class='ocrx_word' id='word_1_567' title='bbox 2697 3924 2770 3980; x_wconf 89' lang='lat' dir='ltr'><strong>ab</strong></span> <span class='ocrx_word' id='word_1_568' title='bbox 2798 3939 2863 3980; x_wconf 92' lang='lat' dir='ltr'><strong>eo</strong></span> <span class='ocrx_word' id='word_1_569' title='bbox 2894 3926 3095 3980; x_wconf 84' lang='lat' dir='ltr'><strong>animae</strong></span> <span class='ocrx_word' id='word_1_570' title='bbox 3121 3923 3242 3995; x_wconf 78' lang='lat' dir='ltr'><strong>ejus</strong></span> <span class='ocrx_word' id='word_1_571' title='bbox 3264 3923 3477 3981; x_wconf 79' lang='lat' dir='ltr'><strong>sanitas</strong></span> 
     </span>
    </p>
   </div>
   <div class='ocr_carea' id='block_1_87' title="bbox 1896 4020 2441 4079">
    <p class='ocr_par' dir='ltr' id='par_1_87' title="bbox 1896 4020 2441 4079">
     <span class='ocr_line' id='line_1_87' title="bbox 1896 4020 2441 4079; baseline -0.009 -1"><span class='ocrx_word' id='word_1_572' title='bbox 1896 4024 2180 4079; x_wconf 83' lang='lat' dir='ltr'><strong>exinanita</strong></span> <span class='ocrx_word' id='word_1_573' title='bbox 2226 4020 2441 4077; x_wconf 84' lang='lat' dir='ltr'><strong>evadet.</strong></span> 
     </span>
    </p>
   </div>
   <div class='ocr_carea' id='block_1_88' title="bbox 1884 4191 3490 4270">
    <p class='ocr_par' dir='ltr' id='par_1_88' title="bbox 1884 4191 3490 4270">
     <span class='ocr_line' id='line_1_88' title="bbox 1884 4191 3490 4270; baseline -0.012 -9"><span class='ocrx_word' id='word_1_574' title='bbox 1884 4256 1897 4261; x_wconf 56' lang='grc' dir='ltr'><strong><em>η</em></strong></span> <span class='ocrx_word' id='word_1_575' title='bbox 1968 4204 2138 4261; x_wconf 69' lang='lat' dir='ltr'><strong>Vens.</strong></span> <span class='ocrx_word' id='word_1_576' title='bbox 2168 4202 2255 4256; x_wconf 82' lang='grc'><strong>10.</strong></span> <span class='ocrx_word' id='word_1_577' title='bbox 2297 4199 2419 4256; x_wconf 88' lang='lat' dir='ltr'><strong>Non</strong></span> <span class='ocrx_word' id='word_1_578' title='bbox 2447 4206 2667 4270; x_wconf 82' lang='lat' dir='ltr'><strong>prosunt</strong></span> <span class='ocrx_word' id='word_1_579' title='bbox 2693 4194 2858 4251; x_wconf 88' lang='lat' dir='ltr'><strong>stulto</strong></span> <span class='ocrx_word' id='word_1_580' title='bbox 2893 4192 3122 4257; x_wconf 77' lang='lat' dir='ltr'><strong>deliciw,</strong></span> <span class='ocrx_word' id='word_1_581' title='bbox 3174 4192 3275 4247; x_wconf 88' lang='lat' dir='ltr'><strong>etsi</strong></span> <span class='ocrx_word' id='word_1_582' title='bbox 3303 4191 3490 4261; x_wconf 78' lang='lat' dir='ltr'><strong>fantu—</strong></span> 
     </span>
    </p>
   </div>
   <div class='ocr_carea' id='block_1_89' title="bbox 1898 4284 3479 4362">
    <p class='ocr_par' dir='ltr' id='par_1_89' title="bbox 1898 4284 3479 4362">
     <span class='ocr_line' id='line_1_89' title="bbox 1898 4284 3479 4362; baseline -0.01 -12"><span class='ocrx_word' id='word_1_583' title='bbox 1898 4296 1982 4350; x_wconf 88' lang='lat' dir='ltr'><strong>lus</strong></span> <span class='ocrx_word' id='word_1_584' title='bbox 2001 4293 2220 4362; x_wconf 78' lang='lat' dir='ltr'><strong>incipiat</strong></span> <span class='ocrx_word' id='word_1_585' title='bbox 2237 4308 2360 4345; x_wconf 89' lang='lat' dir='ltr'><strong>cum</strong></span> <span class='ocrx_word' id='word_1_586' title='bbox 2378 4288 2698 4344; x_wconf 84' lang='lat' dir='ltr'><strong>contumelia</strong></span> <span class='ocrx_word' id='word_1_587' title='bbox 2720 4285 3007 4340; x_wconf 87' lang='lat' dir='ltr'><strong>dominari.</strong></span> <span class='ocrx_word' id='word_1_588' title='bbox 3034 4284 3275 4355; x_wconf 74' lang='lat' dir='ltr'><strong>Physica:</strong></span> <span class='ocrx_word' id='word_1_589' title='bbox 3297 4296 3479 4337; x_wconf 88' lang='lat' dir='ltr'><strong>rerum</strong></span> 
     </span>
    </p>
   </div>
   <div class='ocr_carea' id='block_1_90' title="bbox 1900 4376 3484 4453">
    <p class='ocr_par' dir='ltr' id='par_1_90' title="bbox 1900 4376 3484 4453">
     <span class='ocr_line' id='line_1_90' title="bbox 1900 4376 3484 4453; baseline -0.011 -9"><span class='ocrx_word' id='word_1_590' title='bbox 1900 4386 2205 4444; x_wconf 84' lang='lat' dir='ltr'><strong>visibilium</strong></span> <span class='ocrx_word' id='word_1_591' title='bbox 2237 4380 2721 4453; x_wconf 82' lang='lat' dir='ltr'><strong>contemplationis</strong></span> <span class='ocrx_word' id='word_1_592' title='bbox 2743 4378 2959 4434; x_wconf 60' lang='lat' dir='ltr'><strong>deliciae</strong></span> <span class='ocrx_word' id='word_1_593' title='bbox 2990 4376 3329 4446; x_wconf 85' lang='lat' dir='ltr'><strong>imperfectae</strong></span> <span class='ocrx_word' id='word_1_594' title='bbox 3351 4383 3484 4431; x_wconf 88' lang='lat' dir='ltr'><strong>sunt</strong></span> 
     </span>
    </p>
   </div>
   <div class='ocr_carea' id='block_1_91' title="bbox 214 4469 1786 4576">
    <p class='ocr_par' dir='ltr' id='par_1_91' title="bbox 214 4469 1786 4576">
     <span class='ocr_line' id='line_1_91' title="bbox 214 4469 1786 4576; baseline -0.011 -17"><span class='ocrx_word' id='word_1_595' title='bbox 214 4504 297 4576; x_wconf 79' lang='grc' dir='ltr'>τῷ</span> <span class='ocrx_word' id='word_1_596' title='bbox 332 4469 634 4571; x_wconf 70' lang='grc' dir='ltr'>ἀλογίστως</span> <span class='ocrx_word' id='word_1_597' title='bbox 669 4469 853 4562; x_wconf 77' lang='grc' dir='ltr'>αὐτοῖς</span> <span class='ocrx_word' id='word_1_598' title='bbox 882 4469 1229 4551; x_wconf 81' lang='grc' dir='ltr'>ἐπιϐάλλοντι</span> <span class='ocrx_word' id='word_1_599' title='bbox 1252 4511 1266 4525; x_wconf 90' lang='grc'><strong>·</strong></span> <span class='ocrx_word' id='word_1_600' title='bbox 1296 4469 1419 4556; x_wconf 82' lang='grc' dir='ltr'>ταῖς</span> <span class='ocrx_word' id='word_1_601' title='bbox 1451 4469 1786 4564; x_wconf 56' lang='grc' dir='ltr'>γὰρτούτωκ</span> 
     </span>
    </p>
   </div>
   <div class='ocr_carea' id='block_1_92' title="bbox 1887 4469 3485 4576">
    <p class='ocr_par' dir='ltr' id='par_1_92' title="bbox 1904 4469 3485 4550">
     <span class='ocr_line' id='line_1_92' title="bbox 1904 4469 3485 4550; baseline -0.011 -14"><span class='ocrx_word' id='word_1_602' title='bbox 1904 4483 1954 4536; x_wconf 91' lang='lat' dir='ltr'><strong>ei</strong></span> <span class='ocrx_word' id='word_1_603' title='bbox 2000 4479 2096 4550; x_wconf 90' lang='lat' dir='ltr'><strong>qui</strong></span> <span class='ocrx_word' id='word_1_604' title='bbox 2130 4478 2253 4532; x_wconf 88' lang='lat' dir='ltr'><strong>illas</strong></span> <span class='ocrx_word' id='word_1_605' title='bbox 2284 4475 2452 4531; x_wconf 90' lang='lat' dir='ltr'><strong>stulte</strong></span> <span class='ocrx_word' id='word_1_606' title='bbox 2494 4471 2859 4527; x_wconf 89' lang='lat' dir='ltr'><strong>considerat:</strong></span> <span class='ocrx_word' id='word_1_607' title='bbox 2901 4484 3088 4524; x_wconf 91' lang='lat' dir='ltr'><strong>earum</strong></span> <span class='ocrx_word' id='word_1_608' title='bbox 3124 4469 3269 4523; x_wconf 89' lang='lat' dir='ltr'><strong>enim</strong></span> <span class='ocrx_word' id='word_1_609' title='bbox 3318 4481 3485 4537; x_wconf 88' lang='lat' dir='ltr'><strong>appa-</strong></span> 
     </span>
    </p>
   </div>
   <div class='ocr_carea' id='block_1_93' title="bbox 218 4579 1808 4662">
    <p class='ocr_par' dir='ltr' id='par_1_93' title="bbox 218 4579 1808 4662">
     <span class='ocr_line' id='line_1_93' title="bbox 218 4579 1808 4662; baseline -0.009 -15"><span class='ocrx_word' id='word_1_610' title='bbox 218 4592 571 4662; x_wconf 81' lang='grc' dir='ltr'>ὲπιφανείαις</span> <span class='ocrx_word' id='word_1_611' title='bbox 610 4588 973 4660; x_wconf 78' lang='grc' dir='ltr'>ὲναπομ-ένειο</span> <span class='ocrx_word' id='word_1_612' title='bbox 1022 4586 1098 4658; x_wconf 82' lang='grc' dir='ltr'>μὴ</span> <span class='ocrx_word' id='word_1_613' title='bbox 1145 4586 1444 4655; x_wconf 86' lang='grc' dir='ltr'>δυνάμενος</span> <span class='ocrx_word' id='word_1_614' title='bbox 1484 4581 1693 4646; x_wconf 86' lang='grc' dir='ltr'>ταύτας</span> <span class='ocrx_word' id='word_1_615' title='bbox 1738 4579 1808 4634; x_wconf 86' lang='grc' dir='ltr'>δι’</span> 
     </span>
    </p>
   </div>
   <div class='ocr_carea' id='block_1_94' title="bbox 218 4674 1805 4757">
    <p class='ocr_par' dir='ltr' id='par_1_94' title="bbox 218 4674 1805 4757">
     <span class='ocr_line' id='line_1_94' title="bbox 218 4674 1805 4757; baseline -0.007 -19"><span class='ocrx_word' id='word_1_616' title='bbox 218 4684 537 4757; x_wconf 83' lang='grc' dir='ltr'>ἀφροσύνην</span> <span class='ocrx_word' id='word_1_617' title='bbox 562 4682 823 4753; x_wconf 84' lang='grc' dir='ltr'>περάσαι,</span> <span class='ocrx_word' id='word_1_618' title='bbox 864 4681 959 4735; x_wconf 71' lang='grc' dir='ltr'><strong>καὶ</strong></span> <span class='ocrx_word' id='word_1_619' title='bbox 989 4681 1115 4742; x_wconf 81' lang='grc' dir='ltr'>τοὺς</span> <span class='ocrx_word' id='word_1_620' title='bbox 1149 4677 1572 4750; x_wconf 81' lang='grc' dir='ltr'>κεκρυμμένους</span> <span class='ocrx_word' id='word_1_621' title='bbox 1593 4674 1805 4729; x_wconf 88' lang='grc' dir='ltr'>τούτων</span> 
     </span>
    </p>
   </div>
   <div class='ocr_carea' id='block_1_95' title="bbox 218 4766 1807 4847">
    <p class='ocr_par' dir='ltr' id='par_1_95' title="bbox 218 4766 1807 4847">
     <span class='ocr_line' id='line_1_95' title="bbox 218 4766 1807 4847; baseline -0.007 -17"><span class='ocrx_word' id='word_1_622' title='bbox 218 4778 418 4847; x_wconf 77' lang='grc' dir='ltr'>λόγους</span> <span class='ocrx_word' id='word_1_623' title='bbox 445 4774 773 4830; x_wconf 86' lang='grc' dir='ltr'>καταλαϐεῖν</span> <span class='ocrx_word' id='word_1_624' title='bbox 794 4790 807 4803; x_wconf 85' lang='grc'><strong>·</strong></span> <span class='ocrx_word' id='word_1_625' title='bbox 859 4773 1111 4841; x_wconf 86' lang='grc' dir='ltr'>καθάπερ</span> <span class='ocrx_word' id='word_1_626' title='bbox 1141 4772 1290 4824; x_wconf 74' lang='grc' dir='ltr'>ἐστὶν</span> <span class='ocrx_word' id='word_1_627' title='bbox 1328 4769 1477 4835; x_wconf 77' lang='grc' dir='ltr'>αὐτῷ</span> <span class='ocrx_word' id='word_1_628' title='bbox 1514 4766 1807 4830; x_wconf 83' lang='grc' dir='ltr'>ἀσυντελὲς</span> 
     </span>
    </p>
   </div>
   <div class='ocr_carea' id='block_1_96' title="bbox 221 4857 1807 4935">
    <p class='ocr_par' dir='ltr' id='par_1_96' title="bbox 221 4857 1807 4935">
     <span class='ocr_line' id='line_1_96' title="bbox 221 4857 1807 4935; baseline -0.008 -11"><span class='ocrx_word' id='word_1_629' title='bbox 221 4873 322 4924; x_wconf 73' lang='grc' dir='ltr'><strong>καὶ</strong></span> <span class='ocrx_word' id='word_1_630' title='bbox 351 4868 412 4923; x_wconf 76' lang='grc' dir='ltr'><strong>τὸ</strong></span> <span class='ocrx_word' id='word_1_631' title='bbox 457 4868 708 4922; x_wconf 77' lang='grc' dir='ltr'>ἐντεῦθεν</span> <span class='ocrx_word' id='word_1_632' title='bbox 752 4866 1076 4935; x_wconf 86' lang='grc' dir='ltr'>συμϐαῖνον,</span> <span class='ocrx_word' id='word_1_633' title='bbox 1122 4862 1363 4933; x_wconf 88' lang='grc' dir='ltr'>ὁπηνίκα</span> <span class='ocrx_word' id='word_1_634' title='bbox 1403 4862 1463 4915; x_wconf 82' lang='grc' dir='ltr'>τὸ</span> <span class='ocrx_word' id='word_1_635' title='bbox 1492 4857 1807 4931; x_wconf 83' lang='grc' dir='ltr'>ὑποχείριον</span> 
     </span>
    </p>
   </div>
   <div class='ocr_carea' id='block_1_97' title="bbox 220 4950 1805 5033">
    <p class='ocr_par' dir='ltr' id='par_1_97' title="bbox 220 4950 1805 5033">
     <span class='ocr_line' id='line_1_97' title="bbox 220 4950 1805 5033; baseline -0.008 -16"><span class='ocrx_word' id='word_1_636' title='bbox 220 4965 291 5033; x_wconf 81' lang='grc' dir='ltr'>τῇ</span> <span class='ocrx_word' id='word_1_637' title='bbox 331 4962 478 5032; x_wconf 73' lang='grc' dir='ltr'>ψυχῇ</span> <span class='ocrx_word' id='word_1_638' title='bbox 511 4960 694 5030; x_wconf 81' lang='grc' dir='ltr'>σῶμα,</span> <span class='ocrx_word' id='word_1_639' title='bbox 724 4958 1054 5029; x_wconf 80' lang='grc' dir='ltr'>ἐπιχειρήσῃ</span> <span class='ocrx_word' id='word_1_640' title='bbox 1102 4954 1191 5009; x_wconf 80' lang='grc' dir='ltr'>διὰ</span> <span class='ocrx_word' id='word_1_641' title='bbox 1216 4955 1327 5008; x_wconf 86' lang='grc' dir='ltr'><strong>τῶν</strong></span> <span class='ocrx_word' id='word_1_642' title='bbox 1370 4954 1583 5024; x_wconf 82' lang='grc' dir='ltr'>ἀτίμων</span> <span class='ocrx_word' id='word_1_643' title='bbox 1613 4950 1805 5005; x_wconf 81' lang='grc' dir='ltr'>παθῶν</span> 
     </span>
    </p>
   </div>
   <div class='ocr_carea' id='block_1_98' title="bbox 223 5051 979 5124">
    <p class='ocr_par' dir='ltr' id='par_1_98' title="bbox 223 5051 979 5124">
     <span class='ocr_line' id='line_1_98' title="bbox 223 5051 979 5124; baseline -0.005 -17"><span class='ocrx_word' id='word_1_644' title='bbox 223 5052 431 5124; x_wconf 83' lang='grc' dir='ltr'>ταύτης</span> <span class='ocrx_word' id='word_1_645' title='bbox 463 5051 979 5117; x_wconf 82' lang='grc' dir='ltr'>κατεξανίστασθαι.</span> 
     </span>
    </p>
   </div>
   <div class='ocr_carea' id='block_1_99' title="bbox 304 5132 1810 5211">
    <p class='ocr_par' dir='ltr' id='par_1_99' title="bbox 304 5132 1810 5211">
     <span class='ocr_line' id='line_1_99' title="bbox 304 5132 1810 5211; baseline -0.008 -14"><span class='ocrx_word' id='word_1_646' title='bbox 304 5149 392 5198; x_wconf 86' lang='grc' dir='ltr'>ια’.</span> <span class='ocrx_word' id='word_1_647' title='bbox 438 5140 749 5211; x_wconf 77' lang='grc' dir='ltr'>Ἔλεήμων</span> <span class='ocrx_word' id='word_1_648' title='bbox 773 5140 928 5210; x_wconf 83' lang='grc' dir='ltr'>ἀνὴρ</span> <span class='ocrx_word' id='word_1_649' title='bbox 971 5139 1372 5210; x_wconf 83' lang='grc' dir='ltr'>μακρόθυμος.</span> <span class='ocrx_word' id='word_1_650' title='bbox 1418 5136 1476 5189; x_wconf 85' lang='grc' dir='ltr'>Ὁ</span> <span class='ocrx_word' id='word_1_651' title='bbox 1513 5132 1810 5205; x_wconf 85' lang='grc' dir='ltr'>συμπαθὴς</span> 
     </span>
    </p>
   </div>
   <div class='ocr_carea' id='block_1_100' title="bbox 227 5222 1814 5307">
    <p class='ocr_par' dir='ltr' id='par_1_100' title="bbox 227 5222 1814 5307">
     <span class='ocr_line' id='line_1_100' title="bbox 227 5222 1814 5307; baseline -0.009 -16"><span class='ocrx_word' id='word_1_652' title='bbox 227 5235 525 5307; x_wconf 75' lang='grc' dir='ltr'>ἄνθρωπος</span> <span class='ocrx_word' id='word_1_653' title='bbox 572 5235 806 5306; x_wconf 83' lang='grc' dir='ltr'>ὑπάρχει</span> <span class='ocrx_word' id='word_1_654' title='bbox 850 5233 946 5286; x_wconf 74' lang='grc' dir='ltr'><strong>καὶ</strong></span> <span class='ocrx_word' id='word_1_655' title='bbox 965 5232 1305 5299; x_wconf 78' lang='grc' dir='ltr'>ἀνεξίκακος,</span> <span class='ocrx_word' id='word_1_656' title='bbox 1337 5226 1643 5283; x_wconf 87' lang='grc' dir='ltr'>ἀδικεῖσθαι</span> <span class='ocrx_word' id='word_1_657' title='bbox 1678 5222 1814 5296; x_wconf 81' lang='grc' dir='ltr'>μᾶλ-</span> 
     </span>
    </p>
   </div>
   <div class='ocr_carea' id='block_1_101' title="bbox 230 5325 1009 5398">
    <p class='ocr_par' dir='ltr' id='par_1_101' title="bbox 230 5325 1009 5398">
     <span class='ocr_line' id='line_1_101' title="bbox 230 5325 1009 5398; baseline -0.006 -16"><span class='ocrx_word' id='word_1_658' title='bbox 230 5330 325 5383; x_wconf 88' lang='grc' dir='ltr'><strong>λον</strong></span> <span class='ocrx_word' id='word_1_659' title='bbox 361 5325 688 5398; x_wconf 85' lang='grc' dir='ltr'>αἱρούμενος</span> <span class='ocrx_word' id='word_1_660' title='bbox 717 5326 749 5396; x_wconf 84' lang='grc' dir='ltr'>ἦ</span> <span class='ocrx_word' id='word_1_661' title='bbox 778 5325 1009 5379; x_wconf 85' lang='grc' dir='ltr'>ἀδικεῖν.</span> 
     </span>
    </p>
   </div>
   <div class='ocr_carea' id='block_1_102' title="bbox 310 5410 1808 5488">
    <p class='ocr_par' dir='ltr' id='par_1_102' title="bbox 310 5410 1808 5488">
     <span class='ocr_line' id='line_1_102' title="bbox 310 5410 1808 5488; baseline -0.007 -15"><span class='ocrx_word' id='word_1_662' title='bbox 310 5418 385 5473; x_wconf 85' lang='grc' dir='ltr'><strong>Τὸ</strong></span> <span class='ocrx_word' id='word_1_663' title='bbox 408 5418 478 5472; x_wconf 84' lang='grc' dir='ltr'>δὲ</span> <span class='ocrx_word' id='word_1_664' title='bbox 509 5418 791 5488; x_wconf 84' lang='grc' dir='ltr'>καύχημα</span> <span class='ocrx_word' id='word_1_665' title='bbox 836 5415 1022 5470; x_wconf 82' lang='grc' dir='ltr'>αὑτοῦ</span> <span class='ocrx_word' id='word_1_666' title='bbox 1056 5412 1369 5484; x_wconf 81' lang='grc' dir='ltr'>ἐπέρχεται</span> <span class='ocrx_word' id='word_1_667' title='bbox 1419 5410 1808 5481; x_wconf 80' lang='grc' dir='ltr'>παρανόμοις.</span> 
     </span>
    </p>
   </div>
   <div class='ocr_carea' id='block_1_103' title="bbox 316 5503 1814 5581">
    <p class='ocr_par' dir='ltr' id='par_1_103' title="bbox 316 5503 1814 5581">
     <span class='ocr_line' id='line_1_103' title="bbox 316 5503 1814 5581; baseline -0.009 -13"><span class='ocrx_word' id='word_1_668' title='bbox 316 5513 461 5567; x_wconf 82' lang='grc' dir='ltr'>Ὀδὲ</span> <span class='ocrx_word' id='word_1_669' title='bbox 507 5512 628 5567; x_wconf 82' lang='grc' dir='ltr'>κατ’</span> <span class='ocrx_word' id='word_1_670' title='bbox 681 5510 963 5581; x_wconf 82' lang='grc' dir='ltr'>ἀλήθειαν,</span> <span class='ocrx_word' id='word_1_671' title='bbox 1011 5509 1079 5562; x_wconf 86' lang='grc' dir='ltr'>δι’</span> <span class='ocrx_word' id='word_1_672' title='bbox 1127 5507 1193 5578; x_wconf 76' lang='grc' dir='ltr'>ἢν</span> <span class='ocrx_word' id='word_1_673' title='bbox 1240 5505 1355 5577; x_wconf 75' lang='grc' dir='ltr'>ἔχει</span> <span class='ocrx_word' id='word_1_674' title='bbox 1406 5503 1814 5576; x_wconf 82' lang='grc' dir='ltr'>μακροθυμίαν,</span> 
     </span>
    </p>
   </div>
   <div class='ocr_carea' id='block_1_104' title="bbox 237 5594 1817 5671">
    <p class='ocr_par' dir='ltr' id='par_1_104' title="bbox 237 5594 1817 5671">
     <span class='ocr_line' id='line_1_104' title="bbox 237 5594 1817 5671; baseline -0.007 -12"><span class='ocrx_word' id='word_1_675' title='bbox 237 5605 461 5667; x_wconf 73' lang='grc' dir='ltr'>ἔπαινος</span> <span class='ocrx_word' id='word_1_676' title='bbox 491 5603 678 5668; x_wconf 80' lang='grc' dir='ltr'>αὑτοῦ,</span> <span class='ocrx_word' id='word_1_677' title='bbox 712 5605 822 5667; x_wconf 85' lang='grc' dir='ltr'>τοῖς</span> <span class='ocrx_word' id='word_1_678' title='bbox 850 5601 1038 5656; x_wconf 82' lang='grc' dir='ltr'>τοῦτον</span> <span class='ocrx_word' id='word_1_679' title='bbox 1071 5598 1221 5671; x_wconf 75' lang='grc' dir='ltr'>παρὰ</span> <span class='ocrx_word' id='word_1_680' title='bbox 1263 5597 1362 5669; x_wconf 86' lang='grc' dir='ltr'>τὴν</span> <span class='ocrx_word' id='word_1_681' title='bbox 1399 5597 1551 5652; x_wconf 84' lang='grc' dir='ltr'>θείαν</span> <span class='ocrx_word' id='word_1_682' title='bbox 1596 5594 1817 5667; x_wconf 79' lang='grc' dir='ltr'>ἐντολὴν</span> 
     </span>
    </p>
   </div>
   <div class='ocr_carea' id='block_1_105' title="bbox 310 5779 778 5846">
    <p class='ocr_par' dir='ltr' id='par_1_105' title="bbox 310 5779 778 5846">
     <span class='ocr_line' id='line_1_105' title="bbox 310 5779 778 5846; baseline -0.006 -11"><span class='ocrx_word' id='word_1_683' title='bbox 310 5781 332 5813; x_wconf 89' lang='grc'><strong>⁷</strong></span> <span class='ocrx_word' id='word_1_684' title='bbox 369 5780 556 5836; x_wconf 76' lang='lat' dir='ltr'><strong>Matth.</strong></span> <span class='ocrx_word' id='word_1_685' title='bbox 597 5795 661 5846; x_wconf 79' lang='grc' dir='ltr'><strong>ν,</strong></span> <span class='ocrx_word' id='word_1_686' title='bbox 690 5779 778 5834; x_wconf 72' lang='lat'><strong>9.8.</strong></span> 
     </span>
    </p>
   </div>
   <div class='ocr_carea' id='block_1_106' title="bbox 1904 4560 3484 4632">
    <p class='ocr_par' dir='ltr' id='par_1_106' title="bbox 1904 4560 3484 4632">
     <span class='ocr_line' id='line_1_106' title="bbox 1904 4560 3484 4632; baseline -0.013 -1"><span class='ocrx_word' id='word_1_687' title='bbox 1904 4574 2103 4632; x_wconf 90' lang='lat' dir='ltr'><strong>rentiis</strong></span> <span class='ocrx_word' id='word_1_688' title='bbox 2137 4573 2487 4631; x_wconf 82' lang='lat' dir='ltr'><strong>immoratur,</strong></span> <span class='ocrx_word' id='word_1_689' title='bbox 2515 4581 2625 4620; x_wconf 88' lang='lat' dir='ltr'><strong>non</strong></span> <span class='ocrx_word' id='word_1_690' title='bbox 2651 4565 2840 4619; x_wconf 88' lang='lat' dir='ltr'><strong>valens</strong></span> <span class='ocrx_word' id='word_1_691' title='bbox 2880 4560 3223 4630; x_wconf 81' lang='lat' dir='ltr'><strong>superficiem</strong></span> <span class='ocrx_word' id='word_1_692' title='bbox 3258 4567 3484 4628; x_wconf 62' lang='lat' dir='ltr'><strong>printer-</strong></span> 
     </span>
    </p>
   </div>
   <div class='ocr_carea' id='block_1_107' title="bbox 1904 4650 3488 4740">
    <p class='ocr_par' dir='ltr' id='par_1_107' title="bbox 1904 4650 3488 4740">
     <span class='ocr_line' id='line_1_107' title="bbox 1904 4650 3488 4740; baseline -0.011 -19"><span class='ocrx_word' id='word_1_693' title='bbox 1904 4667 2057 4740; x_wconf 84' lang='lat' dir='ltr'><strong>gredi</strong></span> <span class='ocrx_word' id='word_1_694' title='bbox 2090 4673 2143 4720; x_wconf 92' lang='lat' dir='ltr'><strong>et</strong></span> <span class='ocrx_word' id='word_1_695' title='bbox 2169 4662 2414 4718; x_wconf 90' lang='lat' dir='ltr'><strong>occultas</strong></span> <span class='ocrx_word' id='word_1_696' title='bbox 2448 4674 2637 4713; x_wconf 86' lang='lat' dir='ltr'><strong>earum</strong></span> <span class='ocrx_word' id='word_1_697' title='bbox 2675 4655 2958 4725; x_wconf 86' lang='lat' dir='ltr'><strong>percipere</strong></span> <span class='ocrx_word' id='word_1_698' title='bbox 2980 4652 3245 4706; x_wconf 90' lang='lat' dir='ltr'><strong>rationes.</strong></span> <span class='ocrx_word' id='word_1_699' title='bbox 3278 4650 3488 4716; x_wconf 88' lang='lat' dir='ltr'><strong>Quem-</strong></span> 
     </span>
    </p>
   </div>
   <div class='ocr_carea' id='block_1_108' title="bbox 1904 4740 3485 4819">
    <p class='ocr_par' dir='ltr' id='par_1_108' title="bbox 1904 4740 3485 4819">
     <span class='ocr_line' id='line_1_108' title="bbox 1904 4740 3485 4819; baseline -0.011 -5"><span class='ocrx_word' id='word_1_700' title='bbox 1904 4756 2197 4814; x_wconf 88' lang='lat' dir='ltr'><strong>admodum</strong></span> <span class='ocrx_word' id='word_1_701' title='bbox 2247 4753 2387 4808; x_wconf 87' lang='lat' dir='ltr'><strong>nihil</strong></span> <span class='ocrx_word' id='word_1_702' title='bbox 2423 4751 2499 4805; x_wconf 90' lang='lat' dir='ltr'><strong>illi</strong></span> <span class='ocrx_word' id='word_1_703' title='bbox 2541 4748 2758 4819; x_wconf 88' lang='lat' dir='ltr'><strong>proficit</strong></span> <span class='ocrx_word' id='word_1_704' title='bbox 2803 4744 3023 4817; x_wconf 89' lang='lat' dir='ltr'><strong>quando</strong></span> <span class='ocrx_word' id='word_1_705' title='bbox 3082 4742 3285 4799; x_wconf 91' lang='lat' dir='ltr'><strong>accidit</strong></span> <span class='ocrx_word' id='word_1_706' title='bbox 3337 4740 3485 4811; x_wconf 87' lang='lat' dir='ltr'><strong>quod</strong></span> 
     </span>
    </p>
   </div>
   <div class='ocr_carea' id='block_1_109' title="bbox 1904 4834 3485 4920">
    <p class='ocr_par' dir='ltr' id='par_1_109' title="bbox 1904 4834 3485 4920">
     <span class='ocr_line' id='line_1_109' title="bbox 1904 4834 3485 4920; baseline -0.012 -14"><span class='ocrx_word' id='word_1_707' title='bbox 1904 4864 2106 4920; x_wconf 90' lang='lat' dir='ltr'><strong>corpus</strong></span> <span class='ocrx_word' id='word_1_708' title='bbox 2159 4848 2357 4902; x_wconf 85' lang='lat' dir='ltr'><strong>animae</strong></span> <span class='ocrx_word' id='word_1_709' title='bbox 2394 4844 2770 4912; x_wconf 87' lang='lat' dir='ltr'><strong>mancipatum</strong></span> <span class='ocrx_word' id='word_1_710' title='bbox 2811 4839 3079 4896; x_wconf 88' lang='lat' dir='ltr'><strong>adversus</strong></span> <span class='ocrx_word' id='word_1_711' title='bbox 3118 4838 3265 4894; x_wconf 89' lang='lat' dir='ltr'><strong>illam</strong></span> <span class='ocrx_word' id='word_1_712' title='bbox 3303 4834 3485 4905; x_wconf 89' lang='lat' dir='ltr'><strong>turpi-</strong></span> 
     </span>
    </p>
   </div>
   <div class='ocr_carea' id='block_1_110' title="bbox 1906 4935 3079 5013">
    <p class='ocr_par' dir='ltr' id='par_1_110' title="bbox 1906 4935 3079 5013">
     <span class='ocr_line' id='line_1_110' title="bbox 1906 4935 3079 5013; baseline -0.01 -12"><span class='ocrx_word' id='word_1_713' title='bbox 1906 4943 2114 5001; x_wconf 91' lang='lat' dir='ltr'><strong>tudinis</strong></span> <span class='ocrx_word' id='word_1_714' title='bbox 2143 4940 2498 5013; x_wconf 84' lang='lat' dir='ltr'><strong>passionibus</strong></span> <span class='ocrx_word' id='word_1_715' title='bbox 2531 4937 2820 5006; x_wconf 83' lang='lat' dir='ltr'><strong>insurgere</strong></span> <span class='ocrx_word' id='word_1_716' title='bbox 2846 4935 3079 4990; x_wconf 88' lang='lat' dir='ltr'><strong>nitatur.</strong></span> 
     </span>
    </p>
   </div>
   <div class='ocr_carea' id='block_1_111' title="bbox 1979 5109 3494 5190">
    <p class='ocr_par' dir='ltr' id='par_1_111' title="bbox 1979 5109 3494 5190">
     <span class='ocr_line' id='line_1_111' title="bbox 1979 5109 3494 5190; baseline -0.013 -7"><span class='ocrx_word' id='word_1_717' title='bbox 1979 5125 2151 5183; x_wconf 72' lang='lat' dir='ltr'><strong>Vens.</strong></span> <span class='ocrx_word' id='word_1_718' title='bbox 2181 5124 2271 5179; x_wconf 78' lang='grc' dir='ltr'>Η.</span> <span class='ocrx_word' id='word_1_719' title='bbox 2311 5119 2621 5176; x_wconf 76' lang='lat' dir='ltr'><strong>Misericors</strong></span> <span class='ocrx_word' id='word_1_720' title='bbox 2654 5119 2733 5174; x_wconf 77' lang='lat' dir='ltr'><strong>vir</strong></span> <span class='ocrx_word' id='word_1_721' title='bbox 2762 5116 3079 5190; x_wconf 83' lang='lat' dir='ltr'><strong>longanimis</strong></span> <span class='ocrx_word' id='word_1_722' title='bbox 3125 5122 3226 5167; x_wconf 88' lang='lat' dir='ltr'><strong>est.</strong></span> <span class='ocrx_word' id='word_1_723' title='bbox 3272 5109 3494 5166; x_wconf 87' lang='lat' dir='ltr'><strong>Patiens</strong></span> 
     </span>
    </p>
   </div>
   <div class='ocr_carea' id='block_1_112' title="bbox 1911 5200 3495 5287">
    <p class='ocr_par' dir='ltr' id='par_1_112' title="bbox 1911 5200 3495 5287">
     <span class='ocr_line' id='line_1_112' title="bbox 1911 5200 3495 5287; baseline -0.015 -9"><span class='ocrx_word' id='word_1_724' title='bbox 1911 5229 1999 5278; x_wconf 88' lang='lat' dir='ltr'><strong>est</strong></span> <span class='ocrx_word' id='word_1_725' title='bbox 2036 5219 2121 5272; x_wconf 72' lang='lat' dir='ltr'><strong>vir</strong></span> <span class='ocrx_word' id='word_1_726' title='bbox 2166 5214 2543 5287; x_wconf 86' lang='lat' dir='ltr'><strong>compatiens;</strong></span> <span class='ocrx_word' id='word_1_727' title='bbox 2580 5210 2909 5282; x_wconf 90' lang='lat' dir='ltr'><strong>injustitiam</strong></span> <span class='ocrx_word' id='word_1_728' title='bbox 2957 5206 3069 5278; x_wconf 90' lang='lat' dir='ltr'><strong>pati</strong></span> <span class='ocrx_word' id='word_1_729' title='bbox 3096 5218 3263 5275; x_wconf 89' lang='lat' dir='ltr'><strong>quam</strong></span> <span class='ocrx_word' id='word_1_730' title='bbox 3309 5200 3495 5257; x_wconf 84' lang='lat' dir='ltr'><strong>facere</strong></span> 
     </span>
    </p>
   </div>
   <div class='ocr_carea' id='block_1_113' title="bbox 1915 5311 2143 5371">
    <p class='ocr_par' dir='ltr' id='par_1_113' title="bbox 1915 5311 2143 5371">
     <span class='ocr_line' id='line_1_113' title="bbox 1915 5311 2143 5371; baseline -0.018 0"><span class='ocrx_word' id='word_1_731' title='bbox 1915 5311 2143 5371; x_wconf 83' lang='lat' dir='ltr'><strong>mavult.</strong></span> 
     </span>
    </p>
   </div>
   <div class='ocr_carea' id='block_1_114' title="bbox 1992 5383 3497 5477">
    <p class='ocr_par' dir='ltr' id='par_1_114' title="bbox 1992 5383 3497 5477">
     <span class='ocr_line' id='line_1_114' title="bbox 1992 5383 3497 5477; baseline -0.017 -16"><span class='ocrx_word' id='word_1_732' title='bbox 1992 5406 2061 5461; x_wconf 87' lang='lat' dir='ltr'><strong>Et</strong></span> <span class='ocrx_word' id='word_1_733' title='bbox 2114 5406 2365 5477; x_wconf 84' lang='lat' dir='ltr'><strong>gloriatio</strong></span> <span class='ocrx_word' id='word_1_734' title='bbox 2419 5404 2533 5474; x_wconf 84' lang='lat' dir='ltr'><strong>ejus</strong></span> <span class='ocrx_word' id='word_1_735' title='bbox 2581 5410 2659 5456; x_wconf 83' lang='lat' dir='ltr'><strong>est</strong></span> <span class='ocrx_word' id='word_1_736' title='bbox 2714 5397 2894 5467; x_wconf 85' lang='lat' dir='ltr'><strong>iniqua</strong></span> <span class='ocrx_word' id='word_1_737' title='bbox 2947 5387 3314 5459; x_wconf 73' lang='lat' dir='ltr'><strong>prmtergredi.</strong></span> <span class='ocrx_word' id='word_1_738' title='bbox 3356 5383 3497 5440; x_wconf 74' lang='lat' dir='ltr'><strong>Vera</strong></span> 
     </span>
    </p>
   </div>
   <div class='ocr_carea' id='block_1_115' title="bbox 1922 5479 3500 5568">
    <p class='ocr_par' dir='ltr' id='par_1_115' title="bbox 1922 5479 3500 5568">
     <span class='ocr_line' id='line_1_115' title="bbox 1922 5479 3500 5568; baseline -0.015 -11"><span class='ocrx_word' id='word_1_739' title='bbox 1922 5510 2103 5557; x_wconf 89' lang='lat' dir='ltr'><strong>autem</strong></span> <span class='ocrx_word' id='word_1_740' title='bbox 2138 5500 2258 5554; x_wconf 87' lang='lat' dir='ltr'><strong>laus</strong></span> <span class='ocrx_word' id='word_1_741' title='bbox 2286 5497 2408 5568; x_wconf 89' lang='lat' dir='ltr'><strong>ejus</strong></span> <span class='ocrx_word' id='word_1_742' title='bbox 2439 5509 2547 5566; x_wconf 91' lang='lat' dir='ltr'><strong>qua</strong></span> <span class='ocrx_word' id='word_1_743' title='bbox 2587 5487 3058 5563; x_wconf 80' lang='lat' dir='ltr'><strong>longanimitatem</strong></span> <span class='ocrx_word' id='word_1_744' title='bbox 3094 5482 3259 5537; x_wconf 89' lang='lat' dir='ltr'><strong>habet</strong></span> <span class='ocrx_word' id='word_1_745' title='bbox 3311 5479 3368 5533; x_wconf 90' lang='lat' dir='ltr'><strong>in</strong></span> <span class='ocrx_word' id='word_1_746' title='bbox 3404 5492 3500 5533; x_wconf 87' lang='lat' dir='ltr'><strong>eos</strong></span> 
     </span>
    </p>
   </div>
   <div class='ocr_carea' id='block_1_116' title="bbox 1923 5569 3499 5667">
    <p class='ocr_par' dir='ltr' id='par_1_116' title="bbox 1923 5569 3499 5667">
     <span class='ocr_line' id='line_1_116' title="bbox 1923 5569 3499 5667; baseline -0.018 -16"><span class='ocrx_word' id='word_1_747' title='bbox 1923 5594 2017 5667; x_wconf 91' lang='lat' dir='ltr'><strong>qui</strong></span> <span class='ocrx_word' id='word_1_748' title='bbox 2049 5600 2241 5650; x_wconf 83' lang='lat' dir='ltr'><strong>contra</strong></span> <span class='ocrx_word' id='word_1_749' title='bbox 2292 5589 2388 5646; x_wconf 90' lang='lat' dir='ltr'><strong>Dei</strong></span> <span class='ocrx_word' id='word_1_750' title='bbox 2426 5586 2750 5647; x_wconf 87' lang='lat' dir='ltr'><strong>mandatum</strong></span> <span class='ocrx_word' id='word_1_751' title='bbox 2802 5581 2955 5637; x_wconf 90' lang='lat' dir='ltr'><strong>illum</strong></span> <span class='ocrx_word' id='word_1_752' title='bbox 2993 5573 3198 5645; x_wconf 86' lang='lat' dir='ltr'><strong>injuria</strong></span> <span class='ocrx_word' id='word_1_753' title='bbox 3248 5569 3499 5629; x_wconf 85' lang='lat' dir='ltr'><strong>afficiunt</strong></span> 
     </span>
    </p>
   </div>
  </div>
