4054 6530
570 362 708 427 1415

1860 346 2213 410 PROCOPII
2238 347 2483 408 GAZIEI

3684 342 3809 407 1416

564 480 957 553 insipientibus
998 474 1201 533 (rustra
1230 473 1491 535 adhaeret,
1541 470 1637 541 qui
1674 469 1913 541 elogium
1954 468 2165 537 majus,

2267 465 2516 519 :6txoi3mv
2550 466 2703 537 παρὰ
2727 463 2835 518 τῶν
2871 462 3124 535 ἀφρόνων
3154 461 3365 532 ψευδῶς
3403 460 3767 530 προσάπτεται
3790 480 3805 493 ο

564 582 691 633 esse
729 572 997 644 injuriam
1045 568 1246 633 facere,
1304 580 1471 637 quam
1527 562 1673 618 ferre
1721 576 1887 633 posse
1924 575 1988 615 ac
2034 559 2144 613 Deo

565 670 791 741 placere
824 670 1041 736 putant.

636 844 785 900 Vens
817 840 905 895 l2.
932 838 1085 909 Regis
1118 834 1458 891 comminatio
1483 832 1678 888 similis
1706 829 1943 901 fremitui
1960 828 2149 883 leonis-

567 937 733 1006 Regis
774 935 889 990 sive
932 930 1217 987 terrestris
1247 929 1363 984 sive
1391 925 1634 983 caelestis
1669 939 1853 981 sermo
1889 937 2001 992 quo
2033 935 2151 992 pte-

569 1043 694 1084 nam
726 1028 990 1092 minatur,
1021 1023 1221 1078 similis
1272 1030 1357 1077 est
1389 1020 1593 1088 rugitui
1643 1017 1845 1080 leonis,
1893 1017 2149 1069 timorem

568 1122 762 1175 mortis
809 1118 1065 1188 inspirat.
1120 1116 1249 1171 ldeo
1300 1127 1485 1169 sermo
1538 1112 1629 1166 ille
1685 1109 1983 1165 animabus
2026 1122 2151 1178 qum

571 1214 727 1267 illum
759 1217 1099 1280 acceperunt
1130 1206 1326 1263 suadet
1370 1214 1428 1259 ut
1458 1220 1488 1258 a
1532 1204 1679 1258 malo
1714 1218 1839 1259 sese
1877 1211 2148 1257 avertant.

646 1304 921 1373 Tanquam
976 1309 1153 1354 autem
1183 1314 1269 1353 ros
1318 1312 1473 1364 super
1500 1295 1746 1359 herbam,
1782 1296 1859 1349 sic
1898 1294 2149 1349 hilaritas

572 1394 1190 1466 ejus.Quemadmodum
1208 1406 1297 1445 ros
1326 1389 1651 1444 matutinum
1686 1387 1908 1442 herbam
1942 1402 1973 1441 e
2005 1394 2150 1441 terra

575 1496 758 1538 natam
793 1499 824 1539 a
875 1484 1011 1540 solis
1061 1482 1356 1537 ardoribus
1396 1488 1631 1545 recreat,
1692 1477 1992 1534 siccitatem
2033 1478 2151 1549 ejus

578 1577 838 1647 irrigans,
892 1574 969 1629 ita
1012 1589 1177 1629 omne
1225 1572 1456 1629 verbum
1495 1579 1838 1626 mansuetum
1889 1569 2036 1640 quod
2082 1585 2151 1624 ex

578 1685 672 1724 ore
705 1670 850 1739 regis
905 1668 1021 1724 sive
1075 1667 1357 1722 terrestris
1404 1665 1522 1720 sive
1572 1663 1817 1720 caelestis
1874 1663 2148 1735 procedit,

580 1761 824 1816 laborem
863 1760 1134 1815 bonorum
1163 1773 1389 1827 operum
1419 1756 1540 1827 ejus
1580 1758 1676 1829 qui
1721 1756 1937 1827 pondus
1976 1764 2031 1812 et
2061 1772 2152 1811 ar-

582 1853 771 1907 dorem
814 1852 921 1906 diei
972 1852 1117 1914 tulit,
1176 1851 1498 1905 consolatur
1546 1864 1643 1921 spe
1680 1850 1948 1905 mercedis
1986 1865 2149 1920 quam

589 1945 817 2013 recipiet
843 1958 941 2013 pro
970 1944 1063 1997 tali
1093 1942 1298 1997 labore.

656 2036 821 2093 Vens.
874 2039 959 2093 15.
998 2036 1163 2091 Dolor
1198 2038 1368 2106 patris
1412 2038 1558 2107 ﬁlius
1618 2038 1945 2110 imprudens.
1987 2038 2154 2094 Menti

585 2146 709 2200 qua:
760 2131 910 2184 illum
964 2132 1189 2200 protulit
1235 2131 1488 2187 confusio
1535 2133 1898 2190 stultissimus
1947 2149 2153 2189 sermo.

588 2224 692 2289 Qui
720 2224 861 2278 enim
889 2225 1097 2292 profert
1128 2239 1251 2294 quae
1283 2239 1394 2278 non
1424 2232 1659 2295 oportet,
1682 2224 2011 2296 insipientia:
2042 2240 2158 2279 ma-

588 2316 823 2372 nifestus
851 2317 1055 2370 evadit.

660 2404 783 2459 Non
825 2422 961 2474 pura
996 2416 1114 2460 vota
1143 2406 1206 2460 de
1239 2407 1472 2462 mercede
1510 2409 1822 2463 meretricis.
1856 2408 2159 2464 Immundas

588 2504 767 2551 autem
797 2504 925 2551 sunt
944 2498 1335 2566 promissiones
1365 2514 1429 2554 ex
1448 2500 1779 2571 cogitatione
1802 2508 2017 2556 terrena
2050 2501 2161 2557 Deo

589 2589 762 2643 factm.
814 2589 964 2644 llanc
1016 2591 1423 2667 cogitationem,
1462 2599 1523 2646 ut
1556 2593 1862 2648 mercedem
1897 2597 2160 2651 meretrix

589 2692 620 2729 a
648 2686 827 2730 mente
847 2676 1047 2747 excipit
1076 2678 1409 2733 irrationalis
1434 2693 1651 2744 sensus,
1681 2691 1905 2749 prapter
1933 2691 2159 2751 porten-

591 2778 768 2822 tosum
818 2768 990 2835 ipsius
1032 2783 1155 2822 cum
1200 2769 1289 2823 illa
1334 2771 1747 2825 commercium.
1795 2772 1956 2825 Multi
2012 2774 2156 2828 enim

590 2859 760 2915 multa
810 2860 919 2915 Deo
966 2862 1291 2929 pollicentur
1341 2862 1406 2916 ad
1444 2862 1799 2917 obtinendum
1842 2866 1910 2918 ab
1942 2879 2008 2919 eo
2035 2880 2161 2935 per-

590 2951 764 3007 ituras
789 2952 1026 3007 divitias.
1054 2951 1199 3018 Quas
1231 2952 1625 3023 promissiones
1683 2962 1875 3025 utpote
1906 2957 2158 3013 sordidas

594 3044 837 3114 ipsisque
867 3045 1089 3101 nocivas
1116 3044 1258 3101 Deus
1285 3046 1481 3115 rejicit.
1513 3065 1531 3097 ι
1558 3046 1749 3103 Petltis
1765 3049 1933 3115 enim,
1964 3050 2162 3123 inquit,

595 3142 651 3188 et
681 3148 784 3189 non
803 3135 1226 3206 obtinetis,quia
1254 3138 1391 3192 male
1421 3136 1688 3207 petitis”.
1722 3156 1745 3192 ι

669 3309 833 3367 Vens.
862 3312 948 3366 M.
988 3311 1212 3366 Domum
1249 3323 1299 3368 et
1334 3316 1692 3371 substantiam
1719 3319 1961 3375 dividunt
1988 3330 2168 3391 patres

596 3406 797 3473 pueris.
839 3405 1151 3463 Intellectus
1188 3409 1358 3462 nostri
1401 3408 1647 3475 domum,
1688 3427 1910 3468 carnem
1945 3430 2174 3485 prorsus

599 3498 915 3553 sensibilem
950 3506 1003 3552 et
1040 3499 1158 3566 ejus
1188 3514 1571 3571 quemcunque
1618 3500 1869 3559 affectum
1891 3545 1905 3570 ,
1938 3508 2175 3577 propriis

599 3590 1022 3660 cegitationibus
1051 3589 1301 3646 dividunt
1333 3602 1542 3649 mentes
1571 3611 1693 3664 quae
1743 3596 1866 3652 illas
1898 3614 2170 3670 concepe-

601 3692 752 3749 runt,
801 3683 1097 3753 unicuique
1135 3698 1324 3739 earum
1363 3686 1751 3755 cogitationum
1788 3691 2093 3750 tribuentes
2124 3704 2178 3752 et

602 3777 786 3831 carnis
812 3779 1123 3833 sensorium
1149 3779 1294 3849 quod
1328 3780 1431 3850 ipsi
1461 3782 1723 3852 competit
1747 3790 1800 3839 et
1826 3800 1988 3840 usum
2015 3787 2177 3857 juxta

604 3870 914 3926 intellectus
943 3870 1199 3927 allectum
1232 3872 1347 3928 sive
1376 3874 1445 3929 ad
1477 3876 1682 3930 malum
1716 3880 2078 3947 operandum.

674 4139 719 4193 A
752 4138 861 4192 Deo
896 4147 1071 4192 autem
1102 4147 1317 4208 aptatur
1364 4140 1555 4195 mulier
1596 4142 1731 4197 viro.
1774 4144 1858 4200 Al)
1886 4147 2176 4203 universo-

606 4249 727 4287 rum
766 4230 997 4285 Domino
1049 4238 1158 4286 stat
1199 4232 1395 4286 animae
1434 4234 1822 4293 intellectualis
1853 4254 1976 4294 cum
2016 4257 2180 4299 carne

609 4324 858 4381 sensibili
888 4324 1225 4394 conjunctio.
1263 4323 1386 4379 Ideo
1414 4324 1533 4395 ejus
1567 4328 1712 4396 quod
1755 4339 1981 4387 mortem
2034 4347 2180 4392 amat

2249 560 2529 628 ἐγκώμιον
2554 553 2697 612 εἶναι
2727 554 3056 627 νομιζόντων
3083 554 3141 608 τὸ
3160 552 3423 608 δύνασθαι
3457 551 3662 605 ἀδικεῖν
3687 552 3808 621 μᾶλ-

2249 652 2360 718 λον,
2393 653 2426 723 ἦ
2474 652 2538 706 τὸ
2581 651 2842 707 δύνασθαι
2873 652 3062 721 φέρειν
3106 650 3177 704 τὰ.
3204 649 3541 718 ἀδικήματα,
3582 646 3677 699 καὶ
3701 648 3809 718 Θεῷ

2250 745 2506 799 ἐντεῦθεν
2542 745 2881 815 εὐαρεστεῖν.

2320 832 2410 905 ιβ’.
2434 834 2741 901 Βασιλέως
2778 834 3022 902 ἀπειλὴ,
3070 831 3241 902 ὁμοία
3269 827 3523 901 ,ϐρυγμῷ
3556 830 3809 897 λέοντος.

2251 926 2363 980 Καὶ
2391 926 2485 980 τοῦ
2513 927 2760 995 ἐπιγείου
2807 926 3073 996 βασιλέως
3114 924 3210 979 καὶ
3242 922 3336 976 τοῦ
3368 924 3651 995 οὐρανίου,
3679 926 3707 976 6
3731 941 3809 976 κο-

2250 1017 2439 1081 λάσεις
2467 1018 2712 1071 ἀπειλῶν
2741 1017 2923 1087 λόγος,
2946 1017 3118 1088 βρυχή
3131 1034 3256 1087 ματι
3293 1015 3436 1069 ἔοικε
3460 1014 3702 1077 λέοντος,
3733 1018 3809 1082 ei.

2250 1111 2344 1164 6ον
2360 1110 2676 1181 ὲμποιοῦντι
2688 1109 2919 1163 θανάτου
2930 1126 2943 1141 ⁶
2955 1107 3145 1180 διόπερ
3157 1111 3184 1162 ὁ
3196 1109 3355 1177 λόγος
3366 1099 3523 1170 οὗτος
3544 1106 3722 1159 πείθει
3734 1110 3806 1170 τὰς

2250 1205 2438 1259 τοῦτον
2461 1203 2917 1276 παραδεξαμένας
2938 1203 3117 1274 ψυχὰς
3141 1203 3448 1273 ἀπέχεσθαι
3473 1202 3588 1255 τῶν
3621 1202 3807 1255 κακῶν.

2323 1297 2556 1364 Ὥσπερ
2585 1296 2653 1349 δὲ
2688 1295 2909 1363 δρόσος
2934 1297 3031 1349 ἐπὶ
3068 1296 3278 1365 χόρτῳ,
3307 1295 3497 1360 οὕτως
3532 1294 3601 1347 τὸ
3627 1295 3815 1362 [λαρὸν

2251 1387 2460 1443 αὐτοῦ.
2509 1387 2777 1458 Καθάπερ
2824 1387 2880 1440 δὲ
2916 1387 3114 1458 ἑωθινὴ
3163 1388 3374 1460 δρόσος,
3413 1388 3583 1459 χλόην
3630 1389 3694 1440 ἐκ
3731 1391 3817 1457 ﬁ;

2252 1480 2552 1552 φυομένην,
2572 1481 2671 1550 τῆς
2686 1479 2921 1552 ἡλιακῆς
2938 1481 3242 1534 ἀνακτᾶται
3258 1480 3607 1550 φλογὼσεως,
3629 1481 3823 1551 αὐχμὸν

2252 1576 2343 1631 τὸν
2374 1579 2439 1631 ὲκ
2480 1577 2687 1648 ταύτης
2716 1576 3172 1643 κατανοτίζουσα,
3209 1575 3355 1631 οὕτω
3397 1577 3493 1629 καὶ
3523 1576 3588 1628 τὸ
3630 1577 3823 1647 ἥμερον

2253 1662 2315 1723 οὗ
2343 1668 2408 1722 ἂν
2439 1670 2617 1733 είποις
2662 1666 2950 1740 βασίλέως,
2982 1669 3015 1741 ἢ
3045 1668 3139 1722 τοῦ
3184 1669 3427 1737 ἐπιγείου
3460 1668 3496 1739 ἢ
3542 1668 3641 1722 τοῦ
3678 1670 3823 1721 ἐπου-

2257 1761 2465 1833 ρανίου,
2493 1761 2583 1817 τὸν
2607 1763 2699 1815 ἐπὶ
2720 1766 2785 1834 τῇ
2811 1761 2992 1833 ἀγαθῇ
3021 1761 3252 1832 ἐργασίᾳ
3278 1762 3438 1814 πόνον
3467 1760 3565 1814 τοῦ
3590 1762 3654 1814 τὸ
3677 1761 3826 1834 βάρος

2254 1852 2349 1905 καὶ
2368 1852 2460 1905 τὸν
2489 1851 2754 1907 καύσωνα
2786 1852 2885 1922 τῆς
2907 1853 3123 1924 ἡμέρας
3147 1851 3544 1923 βαστάσαντος,
3581 1869 3827 1922 παραμιμ-

2253 1944 2501 2017 θεῖταιτῇ
2521 1945 2698 1999 ἐλπίδι
2716 1946 2825 1998 τῶν
2847 1945 2987 2017 ὑπὲρ
3004 1945 3098 1998 τοῦ
3118 1944 3360 1999 τοιούτου
3384 1944 3551 1998 πόνου
3570 1945 3820 2014 ἁμειϐῶν.

2322 2045 2411 2107 ιγ’.
2438 2042 2711 2111 Αίσχύνη
2731 2042 2904 2110 πατρὶ
2940 2041 3072 2107 υίὸς
3112 2041 3333 2111 ἄφρων.
3368 2041 3597 2111 ’Λτιμία
3622 2040 3699 2110 τῷ
3723 2058 3827 2109 γεν-

2254 2133 2441 2203 νήτορι
2471 2132 2570 2203 νῷ,
2601 2134 3003 2204 ἀφρονέστατος
3039 2133 3224 2201 λόγος’
3254 2135 3283 2187 6
3316 2134 3425 2205 γὰρ
3466 2132 3830 2204 φθεγγόμενος

2256 2225 2323 2279 τὰ
2353 2224 2428 2297 μὴ
2455 2224 2667 2293 δέοντα,
2697 2226 2925 2298 ἀνόητος
2954 2225 3250 2280 δείκνυται.

2330 2400 2574 2471 Καίοῠχ
2606 2402 2784 2472 ἁγναί
2821 2401 2993 2473 εὐχαὶ
3022 2401 3144 2457 ἀπὸ
3168 2399 3554 2472 μισθώματος
3582 2400 3828 2470 ἑταίρας.

2271 2491 2661 2563 ’Ᾱκάθαρτοιδέ
2674 2493 2805 2545 εἰσιν
2824 2493 2879 2545 αί
2891 2492 2999 2545 ἀπὸ
3008 2490 3269 2561 λογισμοῦ
3285 2491 3540 2560 φιλοΰλου
3559 2491 3705 2561 πρὸς
3719 2492 3831 2545 Θεὸν

2261 2584 2677 2655 ύποσχέσεις·ὃν
2690 2583 3057 2654 λογισμὸν,ῶς
3073 2583 3329 2655 μίσθωμα
3358 2583 3562 2655 πόρνη,
3602 2586 3640 2655 ἡ
3662 2587 3836 2655 πὸρῤω

2279 2674 2376 2728 τοῦ
2400 2676 2565 2746 λόγου
2596 2675 2824 2729 νεύουσα
2854 2675 3106 2745 αἴσθησις
3135 2674 3402 2746 λαμϐάνει
3431 2674 3546 2728 ἀπὸ
3576 2674 3677 2727 τοῦ
3710 2675 3835 2738 νοὸς,

2265 2767 2356 2823 διὰ
2391 2768 2493 2840 τὴν
2526 2768 2644 2840 μετ’
2687 2769 2858 2840 αὐτῆς
2898 2767 3089 2822 τούτου
3137 2768 3447 2839 παράλογον
3478 2768 3837 2837 συμπλοκήν·

2267 2861 2455 2915 πολλοὶ
2502 2861 2610 2933 γὰρ
2642 2861 2815 2915 πολλὰ
2849 2860 3237 2931 ὑπισχνοῦνται
3268 2859 3406 2930 Θεῷ,
3446 2860 3591 2932 ὑπὲρ
3626 2861 3722 2914 τοῦ
3753 2863 3841 2914 λα-

2270 2953 2386 3009 ϐεῖν
2430 2957 2559 3025 παρ’
2603 2955 2769 3010 αὐτοῦ
2807 2954 3036 3009 πλοῦτον
3083 2954 3465 3025 φθειρόμενον·
3501 2956 3571 3017 ἃς
3620 2957 3843 3026 ὑπόσχεο

2272 3064 2386 3111 σεις
2432 3049 2462 3100 6
2493 3048 2625 3112 Θεὸς
2670 3047 2746 3112 ὡς
2792 3047 3043 3121 ῥυπαρας
3081 3048 3178 3102 καὶ
3223 3048 3580 3119 ἀσυμφόρους
3628 3050 3839 3111 αὐτοῖς,

2197 3153 2243 3217 α
2273 3141 2696 3213 ἀποστρέφεταυ
2746 3161 2765 3195 ι
2799 3144 3009 3196 Αἰτεῖτε
3038 3142 3176 3214 γὰρ,
3223 3142 3381 3212 φησὶ,
3414 3142 3514 3195 καὶ⁵
3544 3142 3606 3197 ού
3636 3143 3842 3214 λαμϐά-

2271 3250 2414 3298 νετε,
2438 3235 2574 3289 διότι
2606 3233 2795 3297 κακῶς
2822 3236 3043 3289 αἰτεῖτε.
3072 3253 3091 3285 ι

2347 3329 2428 3382 ιδ’.
2470 3324 2651 3382 Οἷκον
2684 3326 2783 3381 καί
2816 3325 3078 3395 ὕπαρξιν
3102 3325 3407 3396 μερίζουσι
3436 3326 3699 3395 πατέρες
3725 3343 3845 3383 παι-

2273 3421 2398 3476 σίν.
2431 3421 2505 3474 Τδ
2545 3419 2639 3473 τοῦ
2672 3419 2860 3492 νοεροῦ
2905 3418 3065 3491 ημῶν
3110 3420 3448 3491 οἰκητήριον,
3489 3421 3717 3483 πάντως
3756 3421 3845 3491 τὴν

2274 3511 2599 3584 αίσθητικὴν
2649 3512 2850 3582 σάρκα,
2881 3512 2975 3565 καὶ
3013 3510 3115 3584 τὴν
3146 3512 3308 3566 ποιὰν
3350 3512 3544 3566 τούτου
3589 3512 3842 3573 διάθεσιν,

2274 3606 2591 3676 διανέμουσι
2627 3605 2741 3667 τοῖς
2762 3603 2983 3668 οἰκείοις
3011 3604 3314 3673 λογισμοῖς,
3338 3605 3387 3656 oi
3418 3604 3632 3658 τούτων
3663 3606 3847 3673 γεννή-

2273 3714 2432 3769 τορες
2477 3696 2597 3759 νόες
2629 3695 3031 3767 προσνέμοντες
3074 3693 3437 3761 αὐτεξουσίως
3479 3696 3705 3765 ἑκάστῳ
3746 3696 3846 3746 τῶν

2274 3786 2533 3841 τοιούτων
2558 3784 2858 3856 λογισμῶν,
2878 3785 2939 3838 τό
2960 3801 3020 3838 τε
3056 3784 3366 3857 πρόσφορον
3399 3785 3555 3856 αὐτῷ
3590 3785 3845 3856 αἰσθητή-

2279 3897 2391 3952 ριον
2434 3881 2533 3950 τῆς
2568 3880 2790 3951 σαρκὸς,
2824 3878 2919 3933 καὶ
2958 3878 3058 3949 τὴν
3102 3878 3296 3931 τούτου
3347 3878 3493 3933 κατὰ
3520 3879 3623 3951 τὴν
3664 3880 3848 3949 vosin

2275 3970 2539 4037 διάθεσιν,
2568 3972 2679 4026 εἴτε
2707 3971 2845 4044 πρὸς
2868 3971 2930 4025 τὸ
2957 3969 3186 4041 ἀγαθὸν,
3217 3972 3326 4024 εἴτε
3362 3971 3499 4043 πρὸς
3528 3970 3593 4025 τὸ
3615 3972 3848 4042 πονηρὸν

2276 4066 2495 4136 χρῆσιν.

2348 4157 2514 4225 Παρὰ
2535 4156 2758 4226 Κυρίου
2780 4154 3087 4226 ἁρμόζεται
3108 4155 3263 4226 γυνὴ
3292 4153 3482 4223 ἀνδρί.
3504 4154 3667 4223 Παρὰ
3691 4153 3747 4207 δὲ
3765 4152 3846 4204 τοῦ

2277 4251 2550 4305 Δεσπότου
2575 4251 2685 4304 τῶν
2718 4250 2857 4305 ὅλων
2908 4249 3299 4323 παραμείνασα
3346 4250 3379 4319 ἠ
3412 4247 3553 4317 μετὰ
3585 4247 3683 4301 τοῦ
3720 4249 3850 4299 κατὰ

2277 4343 2456 4413 ψυχὴν
2479 4340 2693 4411 νοεροῦ,
2725 4340 2828 4411 τῆς
2852 4340 3175 4412 αίσθητικῆς
3207 4338 3409 4411 σαρκὸς
3442 4337 3626 4407 μίξις*
3660 4338 3743 4391 διὸ
3772 4340 3851 4391 ού-

609 4418 888 4475 societatis
922 4418 1088 4471 vitam
1132 4418 1338 4471 amanti
1384 4419 1538 4473 nullo
1590 4422 1752 4476 modo
1798 4425 2040 4493 prodest,
2084 4430 2165 4483 sed

2280 4434 2466 4506 δαμῶς
2508 4433 2866 4505 συμϐαλεῖται
2894 4433 2972 4504 τῷ
3014 4431 3263 4503 φιλοζὼῳ
3293 4431 3352 4484 τὸ
3394 4431 3677 4500 φιλόῦλον,
3728 4432 3851 4485 ἀλλὰ

608 4515 791 4584 potius
822 4510 981 4566 laedet
1012 4511 1167 4577 illud,
1210 4511 1335 4581 quia
1367 4527 1465 4582 per
1506 4514 1839 4586 impietatem
1885 4524 2165 4580 exacerbal

2289 4495 2488 4599 μάλλον
2529 4495 2721 4599 βλάψει
2743 4495 2955 4591 τοῦτον,
2977 4495 3052 4589 ὡς
3081 4495 3214 4579 Θεὸν
3235 4495 3332 4579 τὸν
3353 4495 3454 4597 της
3487 4525 3643 4597 ζωῆς
3666 4524 3848 4589 αίτιον,

608 4604 777 4660 Deum
808 4604 931 4659 vitae
958 4613 1265 4659 auctorem.

684 4697 847 4753 Vens.
877 4698 966 4753 15.
1010 4697 1187 4752 Pavor
1216 4697 1409 4755 detinet
1437 4701 1797 4771 eﬁ'eminatum
1826 4719 1846 4758 :
1878 4707 2058 4762 anima
2080 4724 2178 4762 auo

611 4798 712 4844 tem
746 4790 906 4844 otiosi
926 4791 1143 4845 esuriet.
1172 4789 1351 4856 Quiut
1384 4794 1469 4847 vir
1492 4794 1712 4863 quidem
1749 4796 1989 4853 animum
2019 4799 2180 4855 habet

610 4882 680 4935 ad
732 4882 871 4936 mala
904 4882 1292 4952 perpetranda,
1334 4883 1734 4956 audaciamque
1782 4888 1849 4943 ad
1898 4893 2179 4961 proprium

612 4973 955 5029 subeundum
995 4974 1332 5043 periculum,
1389 4978 1567 5047 parcit
1612 4990 1793 5035 autem
1845 4982 1973 5051 sibi,
2007 4985 2183 5043 instar

612 5064 885 5129 mulieris,
934 5064 992 5121 in
1031 5067 1292 5136 operibus
1324 5068 1485 5125 bonis
1532 5081 1587 5126 et
1617 5073 1684 5127 ad
1730 5076 2006 5147 propriam
2038 5080 2188 5134 salu-

612 5164 723 5211 tem
759 5156 909 5229 piger
936 5166 1020 5213 est
1047 5173 1064 5214 ε
1099 5159 1313 5229 ignavia
1339 5160 1407 5213 ad
1433 5162 1655 5220 virtutis
1681 5166 1923 5224 laborem
1955 5171 2189 5243 impedi-

612 5258 705 5305 tur
730 5266 839 5321 quo
857 5254 1039 5309 minus
1066 5252 1213 5307 illam
1228 5252 1511 5308 colendam
1525 5264 1701 5313 curet.
1717 5259 1909 5316 Anima
1926 5263 2047 5334 ejus
2066 5270 2195 5337 quia

616 5345 673 5399 in
700 5344 955 5401 virtutem
1005 5361 1226 5417 operam
1290 5362 1398 5402 non
1454 5349 1762 5420 impendit,
1826 5354 2012 5427 in0pia
2066 5359 2194 5417 boni

618 5437 845 5492 esuriet.

689 5526 853 5584 Vens.
888 5529 977 5585 16.
1021 5530 1126 5597 Qui
1175 5533 1422 5603 custodit:
1452 5538 1783 5603 mandatum,
1830 5552 2003 5595 servat
2042 5560 2193 5601 suam

620 5623 878 5679 animum.
908 5621 1013 5689 Qui
1055 5624 1150 5682 Dei
1189 5625 1446 5683 mandata
1488 5645 1598 5686 non
1639 5635 2040 5708 transgreditur
2076 5640 2192 5697 ani-

695 5811 749 5842 "
776 5807 964 5866 Iacob.
1002 5827 1074 5878 Iv,
1107 5814 1160 5867 3.

2284 4624 2371 4678 διὰ
2400 4622 2463 4676 τὸ
2491 4622 2776 4691 ἀφιλόθεον
2806 4620 3211 4691 παροξύναντα.

2358 4721 2441 4771 ιε’.
2467 4713 2667 4768 Δειλία
2704 4712 2941 4782 κατέχει
2978 4711 3381 4781 ἀνδρόγυνον·
3422 4710 3596 4781 ψυχὴ
3637 4710 3707 4763 δὲ
3740 4710 3855 4778 ἀερ-

2283 4808 2417 4881 γοῦ,
2452 4807 2746 4861 πεινάσει.
2777 4805 2881 4859 Τὸν
2909 4805 2986 4868 ὡς
3023 4804 3193 4876 ἄνδρα
3235 4805 3333 4874 μὲν
3368 4803 3779 4875 θρασυνόμενον
3807 4804 3853 4854 ἐν

2286 4906 2401 4967 τοῖς
2435 4902 2731 4973 μοχθηροῖς
2761 4898 2965 4970 ἔργοις,
3001 4899 3095 4953 καὶ
3126 4897 3221 4952 τοῦ
3253 4898 3384 4952 ίδίου
3418 4897 3674 4950 κινδύνου
3702 4912 3853 4950 κατα-

2290 4993 2592 5067 τολμῶντα,
2638 4992 2958 5063 φειδόμενον
2988 4990 3045 5044 δὲ
3072 4989 3261 5055 αὑτοῦ,
3300 4989 3556 5058 γυναικὸς
3599 4990 3779 5058 δίκην,
3807 4990 3853 5040 ἐν

2290 5090 2406 5151 τοῖς
2433 5087 2644 5151 καλοῖς,
2666 5084 2764 5139 καὶ
2793 5082 2929 5157 πρὸς
2950 5083 3053 5153 τὴν
3083 5083 3221 5137 ἰδίαν
3262 5082 3539 5153 σωτηρίαν
3569 5080 3853 5135 ἀποκνευό-

2297 5199 2477 5255 μενον,
2513 5184 2545 5251 ἡ
2586 5179 2723 5252 πρὸς
2756 5179 2847 5234 τὸν
2890 5178 3053 5232 πόνον
3082 5178 3183 5248 τῆς
3207 5176 3409 5248 ἀρετῆς
3460 5176 3725 5246 ἀτολμὲα,
3764 5192 3855 5227 κω-

2288 5276 2407 5331 λύει
2432 5274 2572 5329 ὥστε
2598 5274 2672 5344 μὴ
2703 5270 3087 5343 ἐπιμελεῖσθαι
3118 5268 3262 5323 κατὰ
3286 5268 3486 5341 πρᾶξιν
3510 5267 3691 5338 αὐτῆς
3709 5283 3723 5298 ο
3746 5264 3854 5318 τού-

2290 5384 2384 5422 του
2416 5366 2474 5420 δὲ
2500 5366 2533 5437 ή
2555 5363 2724 5435 ψυχὴ,
2755 5362 2833 5426 ὡς
2871 5360 2947 5433 μὴ
2976 5360 3103 5431 περὶ
3121 5360 3219 5431 τὴν
3244 5359 3345 5431 τῆς
3372 5360 3579 5432 ἀρετῆς
3606 5357 3855 5431 ἐργασίαν

2293 5458 2729 5532 φιλοπονοῦντος,
2762 5456 2988 5528 λιμώξει
3022 5457 3089 5527 τῇ
3122 5453 3300 5526 ἐνδείᾳ
3333 5453 3429 5506 τοῦ
3461 5450 3693 5521 ἀγαθοῦ.

2372 5559 2470 5619 ις’.
2503 5553 2608 5615 Ὃς
2632 5548 2937 5621 φυλάσσει
2971 5546 3253 5615 ἐντολὴν,
3290 5544 3453 5616 τηρεῖ
3500 5543 3619 5611 τὴν
3655 5538 3853 5596 ἑαυτοῦ

2306 5643 2537 5716 ψυχήν.
2568 5646 2665 5708 Ὃς
2698 5642 2771 5712 μὴ
2804 5640 3133 5712 παραϐαίνει
3162 5637 3311 5692 θείαν
3341 5635 3582 5707 ἐντολὴν,
3611 5634 3853 5705 φυλάσσει
