4054 6492
199 340 338 404 1417

1260 317 1792 400 COMMENTARU
1844 337 1925 398 IN
1966 338 2396 400 enovanma

3332 337 3465 401 ιιιδ

193 457 293 527 τὴν
314 451 512 508 ἑαυτοῦ
536 452 714 524 ψυχὴν
738 452 847 507 ἀπὸ
874 451 984 507 τῶν
1008 453 1473 508 ἐπιϐουλευόντων
1503 456 1674 526 ταύτῃ
1695 455 1775 508 διὰ

1888 469 2032 508 mam
2065 469 2219 510 suam
2269 454 2508 510 custodit
2541 469 2567 508 a
2605 455 2786 526 pravis
2827 454 3114 526 spiritibus
3157 457 3246 525 qui
3283 459 3332 510 ei
3374 474 3470 528 per

193 547 461 602 ποικίλων
491 543 700 606 παθῶν,
732 545 833 614 τῆς
863 545 1128 615 πονηρίας
1157 545 1505 616 πνευμᾶτων.

278 639 333 692 '0
362 637 432 691 δὲ
465 636 860 706 καταφρονῶν
903 635 1022 688 τῶν
1060 636 1277 690 ἑαυτοῦ
1309 633 1486 698 ὁδῶν,
1535 636 1779 691 ἀπολεῖ-

190 751 308 786 ται.
357 731 416 782 ὐ
443 729 489 782 δ’
520 728 741 800 ἀμελῶς
780 731 909 800 περὶ
937 727 1035 794 τὰς
1067 727 1218 792 Θείας
1250 729 1471 792 ἐντολὰς
1505 731 1784 801 διακείμε-

187 841 308 886 νος,
349 821 407 876 αἲ
439 821 596 892 δίκην
617 819 753 874 ὁδῶν
779 821 1008 886 ἄγουσιν
1035 821 1200 873 αὐτὸν
1237 821 1374 892 προς
1393 821 1548 885 Θεὸν,
1589 823 1782 877 τούτου

187 917 514 968 ἐκπεσεῖται
567 912 661 967 τοῦ
717 912 1000 983 πανταχοῦ
1048 913 1314 985 παρόντος
1345 916 1442 968 καὶ
1492 915 1559 970 τὰ
1603 917 1783 971 πάντα

189 1007 299 1077 πλη
311 1007 553 1079 ροῦντος.

268 1095 356 1162 ιζ’.
400 1096 660 1162 Δανείζει
713 1094 836 1160 Θεῷ
871 1095 903 1149 ὁ
936 1092 1125 1149 ἐλεῶν
1164 1097 1424 1163 πτωχόν.
1469 1097 1528 1147 Ὀ
1565 1096 1781 1166 συμπάο

187 1189 345 1243 θειαν
377 1188 520 1241 κατὰ
567 1187 628 1240 τὸ
663 1188 841 1257 παρὸν
873 1188 952 1248 ei;
994 1185 1084 1238 τὸν
1115 1187 1346 1240 πλούτου
1381 1189 1780 1245 ἐκπεπτωκότα

188 1281 666 1350 ἐπιδεικνύμενος,
701 1281 793 1332 τὸν
825 1279 957 1331 Θεὸν
984 1279 1268 1350 χρεώστην
1301 1284 1462 1334 ποιεῖ.

263 1374 426 1429 Κατὰ
475 1373 542 1426 δὲ
575 1373 642 1425 τὸ
697 1372 851 1440 δόμα
887 1370 1078 1425 αὑτοῦ
1135 1371 1549 1426 ἀνταποδώσει
1595 1371 1774 1440 αὐτῷ.

202 1466 612 1521 Ἀνταποδώσει
638 1466 691 1519 δὲ
720 1461 875 1528 οὗτος
892 1464 1042 1535 αὐτῷ
1068 1466 1124 1515 ἐν
1149 1467 1212 1534 τῇ
1234 1468 1438 1536 φρικτῇ
1462 1466 1626 1518 αὑτοῦ
1647 1485 1781 1538 παρη

188 1559 372 1628 ουσία,
427 1557 614 1624 ἀξίους
659 1556 759 1625 τῆς
803 1554 971 1609 αὐτοῦ
1012 1557 1094 1618 εἰς
1139 1555 1228 1606 τὸν
1285 1555 1440 1625 ὲνδεῆ
1484 1555 1780 1621 διαθέσεως

188 1649 320 1714 τοὺς
355 1647 605 1718 μισθούς.

265 1748 358 1811 ιη’.
393 1739 644 1796 Παίδευε
665 1742 798 1793 υἱόν
820 1755 958 1793 σουο
985 1739 1173 1804 οὕτως
1191 1739 1299 1808 γὰρ
1320 1741 1490 1794 ἔσται
1507 1741 1714 1796 εὔελπι
1724 1762 1774 1806 ς.

1888 544 2073 600 varias
2105 545 2394 615 passiones
2425 545 2786 603 insidiantur.

1958 637 2065 704 Qui
2104 647 2279 691 autem
2322 640 2534 710 negligit
2568 657 2694 693 suos
2730 641 2864 703 vias,
2889 640 3101 709 peribit.
3140 641 3244 708 Qui
3283 650 3467 696 autem

1889 729 1941 780 in
1997 729 2388 785 observatione
2429 730 2520 784 Dei
2558 733 2968 796 mandatorum,
3007 749 3130 805 qua:
3167 731 3327 804 quasi
3365 731 3472 787 vim

1883 831 2007 870 eum
2043 817 2251 874 ducunt
2289 820 2357 874 ad
2391 820 2579 884 Deum,
2617 822 2896 893 negligens
2928 831 3032 886 est,
3055 822 3326 880 deliciela
3356 819 3470 878 Deo

1883 910 1976 979 qui
2012 913 2218 981 ultique
2255 927 2496 981 praesens
2523 923 2610 969 est
2638 923 2689 968 et
2723 914 2910 969 omnia
2939 913 3148 986 intplett

1958 1087 2122 1142 Vens.
2158 1089 2243 1144 17.
2291 1090 2586 1146 Feneratur
2632 1093 2856 1149 Domino
2899 1096 2989 1165 qui
3019 1097 3295 1152 miseretur
3330 1091 3480 1168 paup.

1881 1182 2042 1244 peris.
2075 1183 2250 1236 Homo
2283 1199 2430 1237 nunc
2465 1187 2899 1242 misericordiam
2933 1190 3233 1246 ostendens
3260 1191 3314 1246 in
3339 1207 3467 1248 eum

1891 1272 1984 1342 qui
2020 1271 2243 1327 fortuna
2275 1275 2500 1341 excidit,
2533 1280 2864 1335 creditorem
2900 1281 3031 1336 facit
3070 1284 3260 1340 Deum.

1955 1363 2255 1420 Secundum
2285 1367 2472 1422 datum
2501 1369 2614 1438 ejus
2639 1372 2888 1426 retribuet
2915 1376 2980 1428 ei.
3017 1375 3158 1434 Deus
3191 1389 3376 1437 autem
3408 1383 3464 1437 in

1885 1459 2116 1513 terribili
2145 1476 2246 1515 suo
2277 1462 2514 1518 adventu
2535 1462 2760 1534 dignam
2777 1466 2862 1521 sui
2887 1466 3114 1525 allectus
3135 1470 3195 1524 in
3215 1481 3463 1544 egentem

1883 1552 2076 1607 reddet
2113 1556 2443 1612 mercedem.

1951 1732 2117 1789 Vens.
2145 1733 2234 1789 18.
2280 1733 2452 1791 Erudi
2477 1739 2651 1808 ﬁlium
2678 1753 2859 1808 tuum;
2888 1745 2966 1799 sic
2999 1749 3138 1800 enim
3179 1751 3279 1802 erit
3313 1751 3346 1801 ὁ
3368 1770 3466 1806 .mc

186 1835 457 1906 Παραίνει
488 1835 556 1888 τὰ
578 1834 766 1887 δέοντα
793 1832 871 1902 τῷ
907 1831 1126 1903 φυσικῷ
1155 1835 1266 1884 εἴτε
1299 1835 1392 1887 καὶ
1421 1833 1500 1904 τῷ
1527 1851 1775 1904 πνευμα-

1881 1824 2012 1892 spei.
2049 1825 2228 1883 ltldoce
2249 1844 2369 1897 qua:
2392 1829 2595 1885 decent
2623 1834 2795 1888 ﬁlium
2840 1844 2994 1892 tuutn
3037 1841 3154 1894 sive
3188 1845 3465 1898 carnalem

185 1929 328 1997 τικῷ
360 1944 454 1980 σου
485 1925 586 1998 υἱῷ
609 1943 623 1958 ο
661 1924 914 1978 ἐντεῦθεν
946 1924 1055 1994 γὰρ
1087 1926 1241 1995 παρὰ
1273 1924 1408 1977 Θεοῦ
1443 1926 1777 1995 κομίσασθαι

183 2021 406 2072 ὲλπίσει
432 2019 501 2072 τὰ
524 2017 706 2088 ἁγαθά
726 2035 738 2048 ·
772 2020 842 2070 τὰ
867 2016 986 2087 Θεῴ
1008 2018 1280 2089 εὑάρεστα
1306 2018 1560 2088 μυηθεὶς,
1591 2019 1685 2072 καὶ
1711 2021 1775 2090 τῇ

182 2114 467 2184 φιλοπόνῳ
494 2112 700 2166 τούτων
729 2110 990 2182 ἐργασίᾳ,
1016 2110 1086 2163 τὰ
1121 2113 1178 2164 ὲν
1209 2110 1566 2180 ἐπαγγελίαις
1595 2110 1779 2180 ἁγαθὰ

186 2206 312 2260 ὲκδε
321 2207 384 2276 χό
393 2221 574 2275 μενος.

257 2301 364 2364 Εἰς
397 2297 464 2350 δὲ
492 2297 659 2365 ὓϐριν
691 2295 776 2365 μὴ
823 2294 1073 2364 ἐπαίρου
1102 2293 1178 2363 τῇ
1221 2295 1398 2364 ψυχῇ
1429 2311 1569 2350 σου.
1604 2297 1698 2360 Εἰς
1720 2297 1778 2350 δὲ

185 2391 250 2444 τὸ
277 2389 533 2461 ἡγεῖσθαι
557 2388 718 2441 αὑτὸν
743 2386 936 2452 κακὸν,
971 2387 1066 2439 καὶ
1086 2386 1196 2440 ἀπὸ
1225 2385 1321 2439 σοῦ
1355 2387 1666 2450 ἐκκόπτειν,
1702 2388 1778 2459 μὴ

178 2477 427 2552 διέγειρε
459 2480 556 2552 τὴν
582 2480 765 2552 ψυχήν
800 2496 894 2532 σου
929 2481 988 2532 ὲν
1021 2477 1098 2549 τῷ
1142 2479 1466 2550 συμϐαίνειν
1493 2480 1779 2535 λυπεῖσθαι

186 2577 271 2638 είς
301 2574 499 2627 αὐτόν’
535 2574 620 2626 ἵνα
657 2573 732 2644 μὴ
757 2573 977 2637 πάντως
1009 2572 1274 2642 μισόπαις
1309 2573 1668 2644 κατακριθῇς.

255 2667 346 2721 ιθ’.
387 2668 714 2736 Κακόφρων
756 2666 934 2733 ἀνὴρ,
978 2667 1181 2719 πολλὰ
1228 2664 1675 2734 ζημιωθήσεται.
1721 2668 1778 2720 Ὀ

182 2765 257 2818 τὰ
291 2765 482 2818 δέοντα
517 2763 595 2834 μὴ
643 2762 860 2833 φρονῶν
900 2761 1209 2834 ἄνθρωπος,
1245 2761 1337 2814 τοῦ
1385 2761 1616 2816 πλούτου
1671 2763 1778 2816 τῶν

184 2856 406 2927 ἀρετῶν
457 2856 892 2926 στερηθήσεται’
923 2854 1004 2906 ὅτι
1039 2854 1115 2924 μὴ
1158 2852 1382 2922 διαιρῶν
1423 2853 1483 2905 τὸ
1531 2855 1778 2923 κρεῖττον

184 2948 300 3000 ἀπὸ
324 2945 421 3000 τοῦ
469 2947 736 3018 χείρονος,
788 2947 934 3000 ποιεῖ
958 2944 1035 3008 ὡς
1071 2944 1228 3014 ἔτυχε
1266 2945 1326 2999 τὸ
1360 2945 1550 3008 κακὸν,
1573 2945 1778 3016 ζημίαν

181 3040 562 3109 ὑψιστάμενος
589 3039 685 3092 τοῦ
711 3038 900 3092 καλοῦ.

265 3131 412 3186 Ἐὰν
427 3130 494 3185 δὲ
511 3132 880 3200 λοιμεύηται,
905 3129 1004 3184 καὶ
1024 3129 1138 3197 τὴν
1152 3129 1366 3199 ψυχὴν
1384 3131 1572 3185 αὑτοῦ
1591 3147 1778 3200 προσ-

183 3223 388 3290 θήσει.
439 3223 495 3276 '0
519 3223 576 3276 δὲ
612 3223 700 3278 διὰ
731 3223 1000 3294 πονηρίας
1050 3225 1393 3295 περιουσίαν,
1428 3227 1527 3293 τῆς
1578 3223 1778 3293 φθορο-

186 3317 348 3370 ποιοῦ
382 3315 546 3369 αὑτοῦ
583 3316 784 3379 κακίας
811 3318 902 3370 καὶ
929 3316 1136 3385 ἑτέροις
1167 3317 1500 3386 μεταδιδοὺς,
1534 3317 1778 3387 προσθή-

186 3427 274 3462 σει
337 3409 398 3461 τὸ
443 3409 539 3462 καὶ
601 3409 774 3479 αὐτὴν
827 3409 930 3479 τὴν
992 3409 1129 3462 ἰδίαν
1184 3409 1530 3480 ζημιωθῆναι
1593 3408 1774 3481 ζωήν·

187 3501 610 3570 ἑκκοπτομένης
637 3499 804 3554 αὐτοῦ
831 3501 933 3571 τῆς
962 3501 1144 3572 ψυχῆς
1177 3501 1284 3571 πρὸ
1322 3501 1492 3572 ὧρας,
1528 3502 1669 3556 ὥστε
1702 3504 1776 3574 μὴ

187 3595 463 3665 ὑπάρχειν
489 3596 568 3658 είς
600 3594 806 3665 βλάϐην
839 3595 1070 3650 πολλῶν.

259 3691 367 3738 κα’.
409 3686 650 3747 Ἀκουε,
687 3685 800 3749 υἱὲ,
827 3687 1112 3740 παιδείαν
1147 3688 1373 3753 πατρός
1391 3702 1533 3748 σου.
1567 3688 1666 3740 ἵνα
1705 3681 1774 3741 εὖ

182 3794 289 3832 σοι
308 3777 551 3846 γένηται
571 3779 664 3832 ἐπ’
680 3779 956 3848 ἐσχάτων
973 3795 1110 3833 σου.
1131 3779 1408 3850 Εὐπειθὴς
1431 3779 1543 3844 ἔσο,
1563 3781 1772 3843 τέκνον,

183 3871 309 3931 ταῖς
341 3868 478 3938 ἐμοῦ
501 3868 596 3920 τοῦ
631 3870 956 3922 διδασκάλου
999 3887 1091 3922 σου
1136 3870 1442 3933 νουθεσίαις
1467 3890 1480 3902 ο
1509 3871 1595 3924 ἵνα
1637 3874 1775 3941 μετὰ

183 3961 248 4013 τὸ
291 3961 641 4032 καθαρθῆναι
679 3960 872 4015 παθῶν
897 3963 993 4014 καὶ
1027 3963 1310 4033 φωτισμὸν
1344 3963 1604 4028 δέξασθαι
1631 3965 1774 4032 γνώ-

186 4070 356 4120 σεως,
385 4052 556 4125 εὕρῃς
584 4056 643 4107 ὲν
672 4055 748 4126 τῷ
775 4055 876 4125 τῆς
909 4054 1178 4127 κινήσεώς
1209 4073 1303 4108 σου
1333 4057 1499 4115 τέλει.
1524 4057 1586 4109 τὸ
1610 4058 1776 4128 ἐσχαο

184 4163 282 4200 τον
309 4147 557 4218 ὀρεκτὸν,
583 4148 671 4201 διὰ
709 4147 770 4200 τὸ
799 4147 926 4201 νοῦν
959 4149 1196 4219 περᾶσαι
1227 4150 1404 4202 πάντα
1429 4150 1497 4202 τὰ
1527 4149 1654 4203 ὅντα
1681 4152 1774 4204 καὶ

186 4241 269 4303 εἰς
305 4242 398 4293 τὸν
442 4241 649 4294 τούτων
689 4239 882 4308 αἴτιον,
915 4243 1010 4294 καὶ
1056 4241 1196 4312 ὑπὲρ
1233 4241 1406 4295 ταῦτα
1437 4243 1772 4315 ὑπάρχοντα,

187 4333 530 4402 καταντῆσαι
560 4332 712 4385 Θεόν.

1881 1918 1996 1971 sive
2021 1919 2385 1987 spiritualem.
2441 1922 2578 1978 Ilinc
2610 1926 2755 1980 enim
2796 1942 2826 1979 a
2868 1928 2979 1984 Deo
2999 1939 3293 2001 ’repnrtare
3318 1935 3464 1990 bona

1881 2010 2144 2076 sperabit.
2183 2011 2252 2066 lis
2291 2027 2414 2081 quae
2463 2012 2575 2069 Deo
2604 2017 2810 2085 placita
2865 2030 2993 2074 sunt
3043 2021 3331 2088 initiatus,
3373 2041 3468 2094 per

1879 2102 2195 2172 diligentem
2241 2121 2432 2161 eorum
2470 2109 2940 2182 adimpletionem,
3004 2117 3142 2170 bona
3189 2119 3464 2187 promissa

1880 2196 2131 2265 accipiet.

1951 2286 2034 2338 Ad
2071 2291 2444 2344 contumeliam
2474 2302 2653 2347 autem
2693 2311 2755 2350 ne
2776 2298 2997 2352 eleveris
3027 2301 3207 2356 animo
3259 2311 3371 2357 tuo.
3407 2302 3462 2357 Si

1882 2378 2097 2434 aet-idat
2131 2389 2189 2435 ut
2242 2399 2339 2452 per
2378 2400 2504 2438 eum
2541 2386 2734 2443 dolore
2778 2389 3056 2457 alliciaris,
3103 2407 3170 2448 ne
3217 2395 3461 2448 animum

1883 2479 2036 2524 tuum
2065 2473 2273 2529 excites
2306 2475 2374 2530 ad
2409 2476 2721 2532 ducendum
2763 2481 2918 2536 illum
2966 2484 3198 2547 malum,
3227 2501 3464 2556 cumque

1881 2577 1910 2614 a
1933 2572 1983 2616 te
2007 2567 2398 2636 separandum,
2423 2585 2494 2624 ne
2511 2585 2739 2640 prorsus
2759 2573 2943 2628 odisse
2961 2590 3188 2644 puerum
3212 2582 3464 2646 arguat-is

1956 2654 2088 2711 Van.
2123 2657 2208 2713 19.
2250 2658 2298 2713 Μ
2309 2662 2393 2716 ale
2423 2664 2662 2732 cogitans
2686 2664 2766 2717 uir
2792 2665 2962 2720 multa
2983 2667 3180 2722 damna
3204 2671 3459 2738 patietur.

1889 2744 2163 2804 Virtutum
2194 2751 2404 2808 divitils
2444 2757 2657 2811 carebit
2679 2799 2694 2824 ,
2721 2757 2817 2827 qui
2849 2776 2971 2831 quae
2993 2761 3189 2816 decent
3225 2779 3332 2818 non
3368 2781 3463 2818 co-

1884 2838 2050 2908 gitat.
2107 2841 2246 2907 Quia
2297 2857 2328 2897 a
2373 2850 2622 2915 pessimo
2657 2864 2766 2904 non
2813 2851 3106 2923 distinguit
3147 2857 3417 2925 optimum
3445 2899 3461 2922 ,

1885 2932 2120 2997 malum,
2196 2944 2253 2988 ut
2299 2939 2612 3009 contingit,
2673 2952 2960 3010 operatur,
3011 2945 3273 3002 damnum
3329 2949 3459 3003 boni

1882 3023 2113 3090 patiens.

1957 3113 2020 3169 Si
2047 3127 2218 3170 autent
2239 3119 2553 3188 corruperit,
2581 3131 2638 3175 et
2672 3124 2908 3178 animam
2938 3141 3092 3180 suam
3135 3128 3315 3184 addet.
3355 3131 3460 3197 Qui

1884 3214 2065 3260 autem
2100 3210 2168 3264 ob
2199 3213 2488 3280 gravitatis
2531 3228 2816 3270 excessum
2868 3217 3010 3273 alios
3052 3222 3280 3278 malitia:
3339 3242 3456 3282 sua:

1883 3301 2249 3370 corruptricis
2291 3307 2591 3377 participes
2631 3307 2851 3377 etIecit,
2899 3311 3065 3366 addet
3114 3317 3280 3371 etiam
3330 3337 3459 3390 pro-

1881 3394 2056 3462 priattt
2102 3399 2330 3466 perdere
2378 3401 2572 3457 vitam.
2631 3405 2827 3460 Anima
2873 3405 2999 3476 ejus
3054 3417 3185 3465 ante
3236 3420 3458 3486 tempus

1879 3489 2186 3555 excidetur,
2223 3507 2290 3547 ne
2319 3496 2507 3551 multis
2537 3506 2753 3558 noceat.

1954 3665 2120 3722 Vens.
2145 3668 2236 3724 20.
2280 3671 2456 3734 Audi,
2500 3676 2619 3742 fili,
2659 3677 3003 3748 disciplinam
3041 3686 3214 3752 patris
3245 3689 3360 3748 tui,
3397 3700 3454 3742 ut

1879 3759 2090 3826 sapiens
2123 3760 2198 3814 sis
2249 3760 2304 3813 in
2355 3764 2657 3819 novissimis
2711 3771 2839 3826 tuis.
2886 3770 3086 3829 Doeilis
3126 3783 3282 3840 esto,
3337 3777 3455 3845 ﬁli,

1878 3849 2355 3907 admonitionibus
2403 3856 2540 3910 meis
2585 3872 2724 3926 quas
2761 3863 3020 3932 praecipio
3043 3864 3174 3932 tibi,
3219 3879 3278 3922 ut
3306 3883 3458 3938 post-

1877 3957 2040 4009 quam
2103 3958 2132 3995 a
2191 3945 2542 4013 passionibus
2629 3949 2800 4008 fueris
2866 3957 3191 4023 purillcatus
3260 3963 3456 4030 cogni-

1873 4035 2156 4106 tionisque
2226 4039 2409 4094 lumen
2499 4046 2820 4114 acceperis,
2903 4049 3154 4106 invenias
3219 4051 3272 4106 in
3353 4055 3458 4107 line

1876 4136 2060 4182 motus
2117 4131 2233 4193 tui,
2289 4134 2616 4204 novissima;
2651 4136 3039 4194 desiderabilia
3065 4161 3104 4206 ,·
3137 4151 3196 4195 ut
3246 4143 3458 4198 scilicet

1873 4221 2057 4272 omnia
2107 4225 2399 4290 praesentia
2453 4238 2632 4284 mente
2681 4232 3156 4302 praetergrediens,
3209 4234 3318 4290 Deo
3362 4239 3454 4305 qui

1877 4310 2072 4366 borum
2105 4327 2271 4369 causa
2317 4325 2404 4374 est
2429 4325 2484 4372 et
2505 4320 2598 4387 qtti
2631 4336 2798 4392 super
2829 4323 2945 4379 haec
2971 4326 3159 4379 omnia
3215 4331 3453 4393 exsistit,

1875 4418 2162 4461 occurras.

259 4519 370 4565 κα’.
409 4511 628 4565 Πολλοὶ
661 4515 941 4583 λογισμοί
989 4515 1059 4566 ἐν
1110 4513 1324 4579 καρδίᾳ
1372 4513 1611 4580 ἀνδρός.
1661 4512 1772 4582 Τὴν

1947 4515 2121 4574 Vana.
2150 4519 2239 4576 2|.
2311 4520 2501 4578 Multw
2529 4527 2882 4594 cogitationes
2929 4530 2984 4582 in
3007 4532 3173 4586 corde
3203 4534 3324 4588 viri.
3362 4534 3454 4590 Dt-

182 4606 428 4658 διάνοιαν
450 4605 540 4656 τοῦ
565 4605 854 4676 ἀνθρώπου
873 4605 1120 4675 διάφοροι
1143 4603 1478 4673 διαδέχονται
1502 4603 1768 4674 λογισμοί·

183 4694 322 4746 ποτὲ
347 4693 391 4744 δ’
414 4694 608 4763 ἐκείνῳ
637 4694 1088 4765 προστιθεμένου,
1130 4697 1219 4746 καὶ
1244 4698 1309 4764 τῇ
1334 4695 1442 4746 τῶν
1466 4694 1773 4747 ἀλλοιωτῶν

181 4785 473 4839 ἀλλοιώσει
511 4785 1020 4855 συναλλοιουμένου.

267 4879 332 4931 Ἡ
368 4878 436 4930 δὲ
459 4878 665 4945 ,ϐουλὴ
693 4877 800 4931 τοῦ
831 4880 1056 4946 Κυρίου
1090 4881 1177 4944 εἰς
1220 4880 1328 4932 τὸν
1364 4879 1551 4934 αἰῶνα
1580 4881 1768 4950 μένει.

183 4971 258 5025 Τὸ
287 4972 333 5024 δ’
363 4973 455 5026 ἐπὶ
479 4973 614 5025 πᾶσι
648 4973 787 5026 θεῖον
818 4975 911 5025 καὶ
952 4972 1282 5025 Δεσποτικὺν
1313 4972 1544 5045 θέλημα,
1565 4976 1772 5044 ἁμεταο

181 5066 406 5135 κίνητον
436 5069 515 5128 είς
542 5066 634 5119 τὸν
658 5065 876 5119 ἅπαντα
904 5065 1151 5134 διαμένει
1172 5066 1372 5120 αίῶναο
1403 5068 1523 5120 ὅθεν
1549 5070 1577 5122 ὁ
1597 5068 1770 5138 τούτῳ

179 5160 553 5230 προσερείσας
585 5158 645 5211 τὸ
677 5160 778 5228 τῆς
822 5156 1002 5227 ψυχῆς
1044 5158 1221 5228 ὄμμα,
1257 5158 1352 5211 καὶ
1396 5162 1497 5230 τῆς
1537 5161 1646 5212 τῶν
1682 5179 1770 5213 κι-

177 5252 463 5322 νουμένων
502 5251 774 5320 ὑπεριδὼν
824 5252 1214 5324 ματαιότητος,
1247 5254 1440 5321 γέγονε
1483 5255 1578 5307 καὶ
1607 5257 1770 5319 αὐτὸς

177 5348 453 5417 ἄτρεπτος
496 5349 563 5418 τῇ
611 5344 900 5399 ἀλλοιώσει
951 5346 1058 5399 τῶν
1097 5346 1407 5400 ἀλλοιωτῶν
1451 5347 1525 5418 μὴ
1573 5348 1764 5402 συναλο

176 5437 513 5506 λοιούμενος.
1269 5497 1287 5508 ἐ

250 5533 360 5603 κβκ
392 5531 629 5598 Ιιάρστνίς
655 5531 821 5600 ἀνδρὶ
847 5532 1252 5600 ἐλεημοσύνη.
1275 5533 1628 5602 Καρποφορεῖ
1649 5532 1767 5604 Θεῷ

175 5625 487 5696 ἄνθρωπος,
545 5625 644 5690 τὴν
675 5625 810 5692 πρδς
848 5626 973 5687 τοὺς
1013 5627 1275 5693 ὁμοφυεῖς
1329 5625 1763 5694 συμπάθειαν-ἥ

175 5721 294 5771 ἐστι
342 5717 495 5780 τέλος
546 5717 654 5768 τῶν
705 5715 935 5786 ἀρετῶν,
991 5717 1063 5780 ὼς
1117 5717 1282 5784 νόμον
1333 5716 1428 5768 καὶ
1471 5715 1764 5786 προφητῶν

175 5813 472 5883 πλήρωμα.

186 5911 192 5917 ’
495 5903 768 5963 ΡΑτηοι..
801 5902 918 5959 (in.
963 5901 1327 5960 LXXXV”.

1875 4625 2048 4664 versa:
2098 4613 2151 4666 in
2199 4627 2382 4669 mente
2428 4616 2666 4671 hominis
2710 4621 3077 4690 cogitationes
3115 4623 3217 4678 sibi
3259 4641 3452 4681 succe-

1875 4701 2032 4756 dunt.
2087 4704 2402 4774 Aliquando
2447 4715 2630 4762 autem
2662 4710 2791 4765 huic
2824 4713 2898 4766 rei
2937 4715 3172 4769 intendit
3207 4719 3448 4773 animum

1873 4803 1928 4848 et
1957 4798 2120 4850 modo
2148 4800 2494 4854 mutabilium
2527 4805 2829 4859 mutatione
2861 4807 3203 4862 intmutatnr.

1944 4887 2241 4944 Consilium
2303 4903 2482 4947 autem
2530 4893 2745 4949 Domini
2813 4897 2868 4950 in
2934 4899 3189 4953 saxulum
3251 4910 3448 4955 manet.

1874 4981 2052 5050 Super
2081 4985 2336 5038 universa
2373 4997 2555 5041 autem
2593 4987 2686 5042 Dei
2740 5005 2805 5044 ac
2845 4989 3058 5047 Domini
3095 4994 3351 5050 voluntas
3393 4997 3447 5049 in

1872 5076 2054 5127 Omnia
2086 5075 2283 5130 stecula
2317 5088 2602 5148 permanet
2638 5079 2887 5136 immuta.
2924 5082 3078 5137 Unde
3116 5084 3209 5154 qui
3250 5085 3448 5140 anima:
3501 5143 3517 5160 '

1871 5166 2088 5219 oculum
2126 5167 2254 5222 huic
2291 5169 2482 5231 aﬂixit,
2515 5183 2779 5228 eteorum
2827 5191 2948 5244 quae
2979 5187 3270 5231 moventur
3311 5191 3446 5230 con-

1872 5260 2094 5325 tempsit
2125 5260 2453 5329 vanitatem,
2495 5267 2669 5320 evasit
2694 5277 2751 5321 et
2783 5269 2901 5337 ipse
2941 5268 3204 5326 immotus
3224 5309 3240 5335 ,
3272 5277 3449 5323 muta-

1871 5348 2019 5404 tione
2054 5352 2399 5407 mutabilium
2432 5369 2538 5408 nou
2576 5357 2928 5414 immutatus.

1943 5530 2107 5588 Vens.
2151 5533 2240 5588 22.
2273 5532 2506 5590 Fructus
2540 5538 2650 5591 viro
2679 5538 3033 5609 cleemosyna.
3080 5538 3188 5594 Deo
3219 5538 3450 5595 fruclilic

1870 5634 1952 5676 cat
1991 5627 2085 5695 qtti
2135 5627 2188 5680 in
2223 5629 2504 5697 proximos
2533 5632 2780 5686 ostendit
2822 5631 3280 5687 miscricordiam.
3327 5630 3451 5685 Ila‘c

1864 5727 1951 5771 est
1983 5717 2247 5786 perfectio
2271 5721 2555 5789 virtutum,
2583 5731 2636 5778 et
2660 5723 2793 5792 legis
2817 5739 2880 5780 ac
2906 5729 3296 5794 prophetarum
3337 5724 3449 5791 plc-

1867 5809 2084 5866 nitudo.

3021 5905 3097 5961 t3
