4054 6502
590 386 726 454 1419

595 585 782 640 Melior
830 589 913 637 est
967 578 1060 650 qui
1124 579 1356 633 scientia
1409 590 1562 634 earet
1593 589 1648 634 et
1705 579 1988 649 inculpate
2043 578 2177 632 vivit

595 696 759 753 quam
795 679 842 735 is
872 677 966 748 qui
1010 677 1242 734 scicntia
1280 671 1433 730 dives
1471 689 1578 728 non
1615 673 1954 742 inculpatam
2007 686 2173 742 quam

593 773 848 848 promisit
875 771 987 828 Deo
1013 768 1494 826 conversationem
1531 762 1798 821 ostendit.

665 948 836 1002 Vnus.
867 945 958 1001 23.
1006 945 1190 1002 Timor
1222 941 1439 997 Domini
1469 941 1538 994 ad
1567 940 1729 994 vitam
1768 939 1900 994 viro.
1952 935 2055 1004 Qui
2108 935 2179 990 ob

599 1041 817 1097 Domini
853 1039 1105 1094 timorem
1133 1037 1318 1092 divina
1347 1034 1670 1102 exsequitur
1705 1029 1986 1094 mandata,
2019 1028 2072 1082 in
2099 1028 2181 1084 eis

566 1126 568 1128 ’
597 1131 806 1188 invenit
834 1132 999 1185 vitam
1030 1129 1280 1200 spiritus,
1299 1128 1483 1181 lumen
1511 1125 1721 1181 scilicet
1749 1121 2107 1194 cognitionis.

673 1309 872 1365 Carens
924 1315 1100 1362 autem
1149 1305 1337 1358 timore
1371 1344 1385 1367 ,
1435 1302 1735 1357 morabitur
1796 1302 1855 1355 in
1909 1301 2037 1356 locis
2090 1298 2182 1354 ubi

603 1423 705 1460 non
732 1402 971 1473 invigilat
1015 1401 1256 1454 scientia.
1289 1397 1392 1465 Qui
1421 1407 1600 1450 autem
1644 1395 1738 1449 Dei
1774 1395 1973 1448 timore
2009 1400 2182 1457 caret,

607 1495 918 1564 requiescet
946 1493 1000 1546 in
1033 1492 1102 1547 iis
1129 1505 1250 1561 qua:
1283 1504 1391 1544 non
1423 1487 1637 1541 ratione
1661 1487 1964 1542 secundum
1998 1487 2182 1542 scien-

604 1589 736 1641 tiam
763 1585 1170 1642 examinantur.
1197 1583 1290 1638 sed
1320 1582 1375 1636 in
1405 1580 1664 1650 operibus
1697 1577 2028 1649 iniquitatis,
2055 1594 2186 1650 ope-

606 1677 781 1742 ribus,
831 1683 890 1730 ut
927 1674 1225 1745 contingit,
1259 1670 1681 1727 occurrentibus
1723 1685 1954 1742 quorum
1986 1685 2184 1742 opera-

603 1770 686 1824 tio
767 1768 988 1838 quidem
1048 1768 1382 1836 voluptatem
1437 1763 1792 1817 inhaerentem
1844 1761 2032 1828 habet,
2087 1765 2180 1818 sed

1886 375 2241 437 PROCOPII
2279 376 2523 437 GAZ/El

664 491 856 547 Melior
895 497 1072 544 autem
1111 501 1308 558 pauper
1348 486 1527 557 justus
1559 504 1716 558 quam
1746 487 1974 542 mendax
1999 489 2164 541 dives.
2199 494 2232 550 ιι

3729 376 3864 440 1420

2346 490 2662 557 Κρείσσων
2683 488 2751 542 δὲ
2785 490 3021 559 πτωχὸς
3050 488 3302 556 δίκαιος,
3327 491 3366 561 ἢ
3402 492 3702 558 πλούσιος
3723 492 3870 560 ψεύ-

2279 597 2452 644 στης.
2480 580 2727 635 Καλλίων
2758 581 2817 634 δέ
2851 583 3000 635 ἐστιν
3041 581 3230 652 ἐνδεὴς
3268 582 3529 652 γνώσεως
3555 582 3865 653 ἀμέμπτως

2274 673 2723 743 πολιτευόμενος,
2763 673 2902 744 ὑπὲρ
2948 672 3041 728 τὸν
3096 673 3435 728 πλουτοῦντα
3483 675 3631 730 κατά
3668 675 3866 742 γνῶσιν

2280 766 2376 818 καὶ
2402 764 2499 836 τὴν
2537 765 2828 836 ἄμεμπτον
2870 765 3174 832 πολιτείαν,
3204 768 3270 837 ἦν
3311 767 3430 839 Θεῷ
3465 769 3763 839 ὑπέσχετο,
3795 771 3866 840 μὴ

2279 854 2749 925 ἐπιδεικνύμενον.

2352 948 2458 1010 κγ’.
2492 944 2680 1010 Φόϐος
2726 946 2968 1014 Κυρίου,
3003 948 3093 1014 είς
3136 945 3292 1016 ζωὴν
3327 948 3520 1017 ἀνδρί.
3563 949 3626 1002 '0
3663 946 3744 1018 τῷ
3781 951 3868 1002 As-

2283 1035 2530 1106 σποτικῷ
2582 1037 2732 1108 φόϐῳ
2759 1039 2859 1102 τὰς
2910 1038 3059 1103 θείας
3099 1041 3287 1113 τηρῶν
3335 1040 3582 1106 ἐντολὰς,
3624 1041 3868 1109 εὑρίσκει

2283 1127 2342 1177 ὲν
2366 1127 2562 1190 αὐταῖς
2584 1127 2685 1200 τὴν
2706 1128 2853 1201 ζωὴν
2880 1130 2974 1184 τοῦ
2999 1132 3116 1199 νοῦ,
3140 1134 3358 1198 πάντως
3377 1133 3466 1187 τὸν
3486 1134 3589 1205 τῆς
3617 1132 3868 1202 γνώσεως

2286 1219 2596 1289 φωτισμόν.

2367 1308 2430 1362 '0
2461 1308 2530 1362 δὲ
2562 1310 2786 1379 ἄφοϐος
2835 1313 3276 1382 αὑλισθήσεται
3300 1314 3370 1368 ἐν
3389 1315 3620 1381 τόποις,
3651 1308 3748 1380 οἷς
3769 1319 3874 1369 οὐκ

2284 1397 2610 1452 ἐπισκοπεῖ
2632 1399 2873 1470 γνῶσις.
2922 1401 2981 1458 'O
3018 1402 3075 1456 δὲ
3108 1403 3204 1457 τοῦ
3249 1404 3396 1457 θείου
3435 1404 3607 1474 φόὸου
3649 1405 3874 1474 ἐστερη-

2290 1490 2472 1560 μένος,
2505 1492 3027 1565 ἐπαναπαυθήσεται
3064 1498 3179 1559 τοῖς
3211 1495 3285 1567 μὴ
3317 1496 3462 1567 λόγῳ
3496 1496 3644 1549 κατά
3677 1496 3877 1564 γνῶσιν

2287 1583 2723 1656 ὲξεταζομένοις,
2775 1588 2893 1641 ἀλλ’
2935 1589 3010 1652 ὠς
3044 1588 3204 1660 ἔτυχε
3253 1591 3648 1662 προϐαίνουσιν
3698 1590 3878 1660 ἐργοις

2285 1679 2384 1746 τῆς
2415 1678 2666 1749 ἀνομίας,
2700 1677 2736 1732 ἃ
2767 1685 3292 1754 περιγεγραμμένον
3316 1683 3453 1755 μόνῃ
3482 1687 3550 1755 τῇ
3586 1682 3792 1755 πράξει
3821 1683 3879 1736 τὸ

2288 1768 2387 1839 ἡδὺ
2419 1769 2717 1842 κέκτηνται
2763 1773 2884 1841 μετ’
2913 1774 3084 1846 αὐτὴν
3116 1775 3224 1829 ὑπὸ
3264 1777 3364 1847 τῆς
3409 1776 3607 1847 ὀδύνης
3637 1777 3879 1845 διαδεχό-

607 1877 730 1931 qua:
767 1859 1018 1929 sequitur
1055 1857 1232 1912 dolor.
1263 1855 1417 1913 Finis
1450 1855 1597 1909 enim
1635 1869 1898 1910 sensuum
1933 1855 2183 1926 volupta-

2301 1879 2464 1932 μενα·
2498 1865 2650 1929 τέλος
2687 1866 2797 1938 γὰρ
2839 1867 2937 1938 τῆς
2967 1867 3088 1922 κατ’
3127 1867 3382 1942 αἴσθησιν
3425 1869 3626 1940 ἡδονῆς
3651 1871 3688 1940 ἡ
3722 1869 3879 1940 ὀδύνη

609 1953 682 2006 tis
713 1951 892 2005 dolor.

685 2044 846 2097 Vens.
879 2040 968 2094 24.
1023 2040 1126 2105 Qui
1169 2040 1442 2094 abscondit
1488 2041 1542 2094 in
1586 2042 1762 2095 sinum
1807 2057 1961 2095 suum
2001 2057 2188 2094 manus

610 2137 826 2206 injuste,
849 2135 1104 2204 ncqueori
1123 2131 1331 2204 quidem
1352 2133 1646 2188 admovebit
1669 2151 1782 2188 eas.
1799 2133 1903 2200 Qui
1918 2134 1987 2188 ob
2004 2134 2190 2188 carnis

611 2228 849 2283 laborem
868 2227 921 2280 in
937 2225 1168 2280 colenda
1193 2225 1696 2295 virtute,practicas
1710 2227 1905 2288 anima:
1918 2224 2191 2295 potentias

612 2321 780 2378 stulte
810 2319 1099 2375 abscondit
1130 2333 1230 2374 nec
1267 2319 1388 2373 illas
1418 2320 1657 2388 explicat
1686 2318 1754 2372 ad
1785 2317 2062 2388 implenda
2096 2315 2193 2372 Dei

614 2415 910 2480 mandata,
956 2414 1196 2467 fructum
1238 2412 1459 2466 virtutis
1503 2428 1534 2466 e
1588 2427 1756 2465 carne
1806 2419 2029 2466 terrena
2081 2425 2189 2464 non

611 2504 856 2573 colliget,
884 2519 1063 2573 neque
1093 2503 1197 2556 hoc
1232 2502 1334 2570 ipsi
1360 2501 1770 2570 jucundissimo
1797 2499 1974 2553 fructu
2005 2510 2193 2570 pascet

616 2596 887 2648 animam:
911 2609 1042 2648 caro
1061 2595 1205 2648 enim
1229 2608 1349 2662 quae
1376 2591 1886 2661 justitiai'operibus
1913 2591 1980 2644 ab
2007 2591 2192 2643 anima

617 2702 726 2742 non
757 2687 1029 2741 addicitur
1055 2701 1231 2756 neque
1271 2683 1584 2754 adjuvalur,
1618 2683 1738 2738 loco
1771 2681 1985 2736 fructus
2015 2683 2193 2736 virtu-

619 2781 713 2844 tis,
771 2778 878 2849 ipsi
917 2777 1125 2848 profert
1174 2776 1494 2847 ignominiaa
1541 2775 1827 2846 passiones
1877 2791 2000 2843 quae
2043 2775 2194 2830 velut

616 2874 788 2945 spinae
818 2873 966 2927 illam
999 2869 1357 2927 conscientiae
1383 2868 1625 2925 stimulis
1653 2877 1924 2940 pungunt.

689 3137 975 3193 “£35.25.
1041 3136 1328 3192 Pestilente
1381 3137 1654 3208 ﬂagellato
1702 3137 1899 3191 stultus
1965 3137 2196 3190 astutior

617 3231 702 3302 ﬁt.
731 3230 868 3285 Cum
900 3231 989 3285 ille
1018 3231 1114 3300 qui
1146 3232 1510 3301 corruptricis
1559 3229 1848 3298 pravitatis
1895 3230 2196 3300 participes

618 3325 758 3379 alios
803 3322 987 3378 en‘ecit
1013 3363 1028 3389 ,
1077 3323 1170 3377 dat
1198 3339 1391 3394 pinnas
1414 3365 1428 3388 ,
1481 3325 1676 3377 melior
1709 3323 1767 3376 lit
1798 3323 1890 3392 qui
1921 3338 2042 3394 qua:
2091 3339 2199 3377 non

617 3417 815 3472 decent
847 3417 1148 3485 cogitabat,
1170 3416 1237 3470 ab
1273 3416 1682 3470 irrationalibus
1721 3416 1908 3468 anima
1943 3415 2200 3484 appetiti-

619 3511 723 3563 bus
751 3511 1065 3563 abstractus
1093 3508 1160 3562 ad
1196 3507 1418 3562 meliora
1456 3507 1764 3561 contendit.

693 3601 756 3656 Si
794 3611 970 3654 autem
1007 3600 1322 3667 corripueris
1356 3600 1525 3652 virum
1552 3600 1900 3668 prudentem,
1947 3601 2197 3670 cogitabit

623 3709 855 3748 sensum.
913 3691 971 3746 Si
1038 3701 1220 3746 autem
1288 3691 1498 3746 homini
1559 3691 1794 3760 sapienti
1851 3691 2200 3746 demonstras

621 3800 746 3838 eum
771 3799 892 3853 quae
915 3799 1025 3836 non
1057 3782 1346 3851 Oportebat
1381 3783 1674 3838 admisisse
1700 3825 1714 3848 ,
1760 3783 1961 3838 bonum
1996 3799 2023 3837 a
2058 3783 2201 3836 nialo

625 3882 771 3926 recta
799 3873 1140 3926 discretione
1167 3871 1473 3942 distinguet
1501 3874 2024 3942 cxprobrationibus
2053 3873 2203 3928 exci-
2242 3918 2244 3921 .

625 3970 774 4016 tatus
803 3965 866 4015 ad
907 3963 1310 4033 exquirendum
1347 3979 1470 4034 quae
1501 3965 1685 4020 facere
1719 3965 1896 4020 debet.

701 4136 867 4193 Vens.
900 4138 992 4193 26.
1035 4138 1140 4205 Qui
1182 4139 1467 4195 inhonorat
1509 4151 1719 4211 patrem
1752 4153 1801 4197 et
1839 4143 2053 4210 expellit
2093 4159 2206 4196 ma-

631 4241 765 4286 trem
798 4248 972 4298 suam,
1017 4232 1371 4301 confundetur
1410 4243 1458 4287 et
1502 4235 1885 4304 exprobrabilis
1920 4239 2040 4292 erit.
2100 4238 2201 4306 Qui

626 4325 911 4379 caelestem
989 4323 1208 4379 Patrem
1269 4326 1574 4380 secundum
1649 4332 1884 4397 gratiam
1942 4333 2204 4398 Operibus

622 4417 856 4488 justitia}
899 4432 1006 4471 non
1065 4417 1297 4472 honorat
1346 4425 1402 4472 et
1447 4417 1570 4487 ejus
1606 4434 1728 4488 quae
1757 4419 1812 4472 in
1836 4421 2015 4477 vitam.
2052 4422 2202 4476 illum

629 4511 816 4580 genuit
875 4508 1118 4562 divinam
1160 4508 1471 4562 doctrinam
1522 4509 1770 4579 repellit,
1821 4510 1889 4564 ab
1948 4513 2204 4566 omnibus
2242 4508 2588 4604 υζξπᾷξαδ

631 4604 940 4671 repelletur,
971 4608 1161 4671 utpote
1185 4602 1279 4671 qui
1310 4601 1586 4657 caelestem
1615 4600 1829 4658 Patrem
1869 4605 2093 4658 mutavit
2113 4621 2208 4672 pro

630 4694 846 4750 diabolo
885 4710 1049 4765 quem
1080 4695 1212 4749 colit
1238 4709 1334 4765 per
1364 4694 1650 4765 passiones
1682 4694 2023 4765 ignominiae]

704 4921 869 4976 Vnus.
907 4920 999 4974 27.
1037 4918 1214 4973 Filius
1262 4921 1506 4974 amittens
1549 4921 1815 4976 custodire
1865 4922 2205 4992 disciplinam

628 5014 796 5084 patris
821 5011 1166 5078 meditabitur
1191 5012 1400 5082 eloquia
1427 5013 1592 5067 mala.
1615 5013 1720 5079 Qui
1747 5029 1841 5084 per
1869 5015 2024 5069 [idem
2049 5030 2078 5068 a
2105 5015 2211 5069 Deo

629 5106 930 5160 secundum
962 5104 1193 5175 gratiam
1234 5103 1288 5157 in
1316 5103 1486 5158 ﬁlium
1528 5104 1840 5176 adeptatus,
1883 5107 2087 5162 omittit
2113 5107 2211 5161 ob-

631 5212 854 5253 servare
891 5195 988 5250 Dei
1027 5205 1082 5252 et
1131 5199 1301 5268 patris
1327 5202 1583 5253 mandata
1651 5216 1772 5270 qua:
1802 5201 2058 5256 decenter
2111 5217 2209 5255 no-

629 5300 802 5343 stram
849 5289 1020 5343 vitam
1063 5290 1444 5354 moderantur,
1502 5292 1778 5345 contraria
1801 5293 2088 5361 cogitabit.
2131 5291 2209 5345 Ad

630 5383 743 5437 haec
759 5380 1010 5436 facienda
1031 5381 1182 5436 illum
1204 5382 1435 5452 impellit
1454 5385 1683 5452 quieum
1703 5384 1929 5456 perdere
1951 5393 2206 5451 conatur,

633 5475 894 5529 inimicus
924 5474 1233 5528 animarum
1267 5484 1606 5532 nostrarum.

704 5565 866 5619 Vnus.
899 5566 989 5621 28.
1019 5566 1123 5632 Qui
1153 5566 1369 5635 spondet
1395 5586 1614 5637 puerum
1643 5571 2059 5640 imprudentem,
2086 5588 2212 5625 con-

633 5658 850 5710 tumelia
888 5658 1561 5728 aﬁicietjustiﬁcatimtem.
1594 5660 1702 5728 Qui
1753 5679 1954 5733 corpus
2011 5663 2207 5717 animae

630 5748 998 5818 mancipatum
1042 5765 1107 5805 ac
1159 5766 1255 5820 per
1303 5767 1361 5806 se
1413 5753 1733 5809 irrationale
1766 5757 1816 5809 iu
1865 5757 1971 5810 ﬁne
1994 5757 2214 5811 virtutis

631 5838 1020 5906 perfectionem
1072 5851 1421 5910 operaturum
1456 5845 1737 5915 spondet,
1784 5865 1882 5904 uec
1913 5848 2043 5903 illud
2087 5848 2210 5902 data

2292 1973 2460 2011 εστιν.

2363 2050 2463 2104 κδ’.
2508 2051 2562 2103 Ὀ
2586 2051 2936 2122 ἐγκρύπτων
2963 2057 3050 2124 είς
3078 2055 3186 2111 τὸν
3205 2057 3443 2111 κόλπον
3462 2055 3658 2110 αὑτοῦ
3684 2055 3880 2124 χεῖρας

2291 2141 2531 2209 ἀδίκως,
2558 2144 2700 2199 οὐδὲ
2722 2146 2802 2213 τῷ
2822 2149 3072 2218 στόματι
3093 2151 3164 2203 οὐ
3179 2149 3265 2218 μὴ
3288 2150 3650 2220 προσαγάγῃ
3676 2148 3876 2214 αὑτάς.

2303 2236 2363 2288 Ὀ
2405 2237 2492 2290 διὰ
2527 2237 2589 2290 τὸ
2633 2239 2777 2292 κατὰ
2823 2241 3003 2310 σάρκα
3050 2241 3307 2294 ἐπίπονον
3353 2242 3452 2311 τῆς
3489 2243 3725 2312 ἀρετῆς,
3763 2241 3880 2312 κρύ-

2294 2346 2444 2381 πτων
2477 2329 2620 2384 κατὰ
2672 2330 2851 2403 ψυχὴν
2891 2332 3196 2401 ἀλογίστως
3239 2332 3340 2396 τὰς
3383 2334 3712 2403 πρακτικὰς
3742 2334 3880 2386 sava.

2298 2441 2420 2492 μεις
2455 2425 2648 2494 αὐτῆς,
2687 2426 2778 2478 καὶ
2828 2427 2902 2497 μὴ
2953 2426 3213 2479 ἐκτείνων
3256 2427 3461 2490 ταύτας
3500 2429 3587 2490 εἰς
3623 2429 3880 2496 ἐργασίαν

2293 2513 2400 2566 τῶν
2429 2514 2522 2566 τοῦ
2558 2513 2694 2567 Θεοῦ
2725 2516 2977 2580 ἐντολῶν,
3009 2521 3068 2570 οὐ
3101 2517 3361 2587 θρέψεται
3394 2519 3489 2570 τὸν
3525 2518 3657 2570 κατ’
3691 2519 3882 2589 ἀρετὴν

2294 2603 2506 2674 καρπὸν
2549 2605 2753 2674 γηῖνου·
2776 2607 2996 2676 σαρκὸς,
3036 2608 3129 2660 καὶ
3324 2608 3421 2678 τὴν
3458 2607 3666 2660 ἑαυτοῦ
3703 2607 3883 2679 θρέψει

2293 2695 2471 2768 ψυχὴν
2509 2697 2587 2766 τῷ
2621 2698 2824 2769 ἡδίστῳ
2857 2699 2995 2771 αὐτῇ
3029 2699 3217 2770 τοιῷδε
3257 2697 3456 2770 καρπῷ
3481 2716 3496 2729 ο
3531 2700 3566 2770 ἡ
3597 2699 3712 2767 γὰρ
3756 2699 3886 2768 σὰρξ

2295 2788 2479 2860 ἔργοις
2525 2790 2892 2860 δικαιοσύνης,
2942 2791 3048 2845 ὑπὸ
3091 2793 3195 2862 τῆς
3235 2792 3414 2862 ψυχῆς
3444 2791 3521 2862 μὴ
3557 2791 3884 2860 φιλοπονου-

2299 2880 2458 2952 μένη,
2486 2881 2606 2934 ἀντὶ
2630 2881 2723 2934 τοῦ
2755 2883 2876 2935 κατ’
2899 2881 3101 2955 ἀρετὴν
3132 2883 3370 2954 καρποῦ,
3395 2881 3690 2935 ἀνατέλλει
3718 2881 3886 2952 ταύτῃ

2296 2973 2519 3044 ἀτιμίας
2548 2973 2726 3043 πάθη,
2759 2973 2915 3043 δίκην
2946 2973 3197 3027 ἀκανθῶν
3225 2973 3303 3045 τῷ
3335 2973 3548 3045 ἐλέγχῳ
3582 2974 3683 3027 τοῦ
3714 2991 3888 3027 συντι-

2296 3065 2446 3128 δότος
2478 3065 2921 3119 κατακεντοῦντα
2949 3067 3143 3137 αὑτήν.

2371 3165 2470 3213 κε’.
2507 3159 2730 3228 Λοιμοῦ
2756 3158 3263 3229 μαστιγουμένου,
3303 3159 3509 3227 ἄφρων
3546 3159 3889 3229 πανουργόο

2301 3269 2471 3321 τερος
2504 3253 2748 3323 γίνεται.
2785 3252 2890 3305 Τοῦ
2922 3253 3020 3322 τῆς
3052 3251 3380 3324 φθοροποιοῦ
3405 3251 3613 3315 κακίας
3643 3253 3742 3306 καὶ
3773 3253 3890 3305 ἐτέ-

2305 3362 2419 3415 ροις
2469 3345 2867 3415 μεταδιδόντος,
2908 3343 3344 3415 τιμωρουμένου,
3400 3344 3716 3415 βελτιοῦται
3756 3347 3784 3399 ὁ
3823 3346 3888 3399 τὰ

2307 3440 2380 3510 μὴ
2420 3439 2610 3493 δέοντα
2653 3440 2888 3509 φρονῶν,
2919 3439 3346 3509 συστελλόμενος
3385 3440 3494 3493 ἀπὸ
3541 3440 3657 3492 τῶν
3717 3440 3892 3508 ἀλογί-

2306 3551 2450 3608 στων
2473 3534 2682 3604 ὁρμῶν,
2710 3536 2801 3586 καὶ
2830 3534 3284 3602 ἐπεκτεινόμενος
3318 3532 3454 3604 πρὸς
3478 3533 3549 3586 τὰ
3576 3532 3888 3602 κρείττονα.

2386 3627 2528 3681 Ἐὰν
2549 3625 2616 3678 δὲ
2632 3624 2890 3696 ἐλέγχῃς
2906 3624 3096 3694 ἄνδρα
3112 3625 3422 3693 φρόνιμον,
3441 3624 3668 3692 νοήσει
3692 3625 3890 3690 alcon-

2305 3737 2427 3775 σιν.
2475 3718 2601 3772 Ἐὰν
2632 3719 2687 3771 δὲ
2719 3717 3013 3788 δηλοποιῇς
3052 3717 3120 3768 τὰ
3162 3715 3236 3786 μὴ
3270 3715 3480 3780 δέοντα,
3533 3715 3885 3784 πραττόμενα

2304 3809 2579 3882 ἀνθρώπῳ
2619 3811 2892 3881 ἐχέφρονι,
2937 3807 3224 3879 καταλάὸῃ
3268 3807 3566 3877 διάκρισιν,
3621 3807 3727 3878 τὴν
3764 3808 3888 3861 διαι-

2309 3905 2510 3976 ροῦσαν
2549 3903 2608 3957 τὸ
2638 3907 2883 3972 κρεῖττον
2915 3901 3022 3955 ἀπὸ
3054 3901 3149 3954 τοῦ
3181 3903 3446 3974 χείρονος,
3481 3904 3606 3965 ταῖς
3635 3903 3890 3972 ἐπιτιμή-

2310 4015 2427 4050 σεσι
2462 3995 2864 4066 διεγειρύμενος
2895 3995 3031 4065 πρὸς
3064 3993 3164 4066 τὴν
3204 3995 3315 4047 τῶν
3339 3993 3471 4064 παρ’
3509 3993 3686 4047 αὐτοῦ
3723 3995 3888 4066 πράτ-

2305 4089 2496 4142 τεσθαι
2527 4088 2829 4159 μελλόντων
2860 4087 3130 4152 ἐξέτασιν.

2378 4187 2492 4245 κς·’.
2527 4181 2587 4233 Ὀ
2611 4179 2901 4250 ἀτιμάζων
2924 4179 3172 4249 πατέρα,
3205 4179 3302 4233 καί
3329 4182 3766 4248 ἀπωθούμενος
3787 4198 3892 4249 μη-

2309 4273 2448 4341 τέρα
2474 4273 2682 4337 αὐτοῦ,
2707 4272 3320 4340 καταισχυνθήσεται,
3353 4273 3450 4326 καὶ
3473 4273 3892 4338 ἐπονείδιστος

2309 4367 2498 4420 ἔσται.
2545 4369 2602 4419 '0
2635 4366 2726 4418 τὸν
2757 4369 2814 4418 ἐν
2857 4366 3103 4437 οὐρανοῖς
3147 4365 3288 4418 κατά
3334 4364 3496 4435 χάριν
3529 4365 3780 4434 Πατέρα,
3823 4365 3891 4436 μὴ

2308 4460 2395 4516 διὰ
2425 4459 2532 4513 τῶν
2571 4460 2670 4530 τῆς
2699 4459 3046 4530 δικαιοσύνης
3084 4458 3261 4531 ἔργων
3294 4459 3490 4528 τιμῶν,
3521 4459 3620 4510 καὶ
3649 4458 3752 4528 τὴν
3779 4475 3894 4526 γεν-

2595 4549 2682 4602 τὸν
2707 4549 2784 4612 εἰς
2816 4548 2982 4619 ζωὴν,
3008 4548 3157 4601 θείαν
3187 4547 3432 4601 παιδείαν
3461 4547 3522 4611 ἐξ
3565 4548 3771 4600 ἐαυτοῦ
3796 4549 3894 4600 ἀπ-

2312 4644 2575 4709 ελαύνων,
2608 4642 3016 4713 ἐντραπήσεται
3061 4641 3211 4712 παρὰ
3245 4642 3430 4694 πᾶσι-ν
3458 4640 3536 4704 ὡς
3579 4639 3678 4693 τοῦ
3723 4641 3780 4692 ἐν
3807 4645 3891 4693 οἱ·

2316 4739 2500 4808 ρανοῖς
2541 4737 2752 4808 Πατρέις
2811 4734 3286 4805 άνταλλαξάμενος
3342 4736 3433 4788 τὸν
3487 4733 3770 4801 διάϐολον,
3812 4735 3892 4788 καὶ

2314 4829 2544 4883 πάθεσιν
2575 4829 2800 4898 ἀτιμίας
2828 4827 3152 4898 θεραπεύων
3185 4827 3368 4881 αὐτόν.

2383 4920 2485 4986 κζ.
2526 4919 2658 4986 Υἱὸς
2676 4920 3152 4990 ἀπολειπόμενος
3179 4917 3445 4990 φυλάξαι
3473 4919 3765 4974 παιδείαν
3792 4936 3894 4972 πα-

2314 5016 2469 5082 τρὸς,
2495 5012 2816 5083 μελετήσει
2841 5011 3056 5080 ῥήσεις
3085 5011 3292 5078 κακᾶς.
3337 5012 3397 5066 '0
3415 5013 3503 5066 διὰ
3521 5014 3769 5078 πίστεως
3785 5013 3892 5084 Θεῴ

2315 5107 2457 5159 κατά
2487 5105 2649 5177 χάριν
2683 5104 3039 5174 υἱοθετηθεὶς,
3073 5102 3390 5158 καταλιπὼν
3413 5104 3474 5158 τὸ
3525 5107 3777 5175 τηρῆσαι
3803 5105 3890 5166 τας

2315 5198 2464 5261 θείας
2497 5197 2714 5258 ἐντολὰς
2746 5196 2802 5248 αἳ
2831 5197 2922 5249 τὸν
2956 5198 3222 5267 ἡμέτερον
3256 5195 3370 5266 βίον
3424 5195 3661 5259 δεόντως
3708 5195 3894 5268 ῥυθμί-

2313 5290 2488 5356 ζουσι,
2524 5288 2891 5358 διαλογίσεται
2914 5288 2982 5342 τά
3011 5291 3231 5344 ἐναντία
3250 5305 3266 5320 °
3295 5289 3331 5343 ἃ
3359 5287 3550 5342 τοῦτον
3594 5290 3892 5360 προτρέπει

2315 5383 2577 5452 πράττειν
2640 5385 2668 5435 ὁ
2723 5381 3020 5452 ἐπιχειρῶν
3052 5381 3317 5435 ἀπολέσαι
3342 5380 3527 5446 αὑτὸν,
3575 5381 3773 5452 ἐχθρὸς
3796 5380 3892 5434 τῶν

2315 5478 2598 5548 ἡμετέρων
2640 5475 2844 5546 ψυχῶν.

2389 5577 2496 5640 κη’.
2541 5571 2593 5622 '0
2637 5568 3010 5639 ἐγγυώμενος
3044 5567 3228 5621 παῖδα
3261 5566 3518 5635 ἄφρονα,
3570 5567 3889 5635 καθι..νὸρι’ζει

2314 5660 2622 5731 δικαίωμα.
2670 5660 2726 5711 ’0
2756 5660 2816 5712 τὸ
2847 5658 3169 5723 ὑπεξούσιον
3187 5660 3250 5729 τῇ
3269 5657 3436 5728 ψυχῇ,
3463 5657 3559 5711 καὶ¹
3590 5657 3716 5711 καθ’
3741 5659 3889 5711 ἑαυτὸ

2317 5752 2508 5820 ἄλογον
2541 5751 2721 5822 σῶμα,
2753 5752 2846 5804 ἐπὶ
2871 5750 3016 5803 τέλει
3059 5749 3353 5803 ἀποδοῦναι
3405 5749 3548 5802 κατὰ.
3597 5750 3798 5822 πρᾶξιν
3834 5749 3888 5800 τὸ

2317 5843 2470 5908 τέλος
2499 5843 2598 5914 τῆς
2632 5842 2833 5914 ἀρετῆς
2855 5841 3227 5913 ἐγγυώμενος,
3260 5841 3358 5897 καὶ
3414 5841 3490 5913 μὴ
3522 5843 3670 5897 κατά
3700 5844 3761 5896 τὸ
3791 5860 3888 5896 πα-
