4054 6510
270 371 401 437 1421

1308 389 1845 452 COMMENTARII
1890 393 1969 455 IN
2012 395 2461 464 PROVERRIA.

3399 420 3535 488 1422
3558 435 3562 439 ’

268 482 364 553 ρον
423 484 561 555 πρὸς
602 486 703 557 τὴν
756 489 851 543 τοῦ
880 490 1048 546 καλοῦ
1077 494 1340 566 ἐργασίαν
1372 499 1656 570 διεγείρων
1690 500 1817 553 αὐτὸ

1919 504 2107 573 _copia
2174 510 2241 562 ad
2287 510 2412 565 boni
2453 518 2827 585 operationem
2855 524 3094 593 excitat,
3141 544 3250 585 non
3306 532 3542 592 honorat

262 574 326 626 οὗ
377 577 511 647 τιμᾷ
552 576 645 630 τὸν
680 579 992 637 δικαιοῦντα
1018 585 1166 641 θεῖον
1193 589 1358 660 νόμον
1386 591 1515 654 τοὺς
1546 592 1849 661 τηροῦντας

262 666 451 728 αὐτὸν,
467 666 541 732 ὠς
557 670 625 722 τὰ
641 671 700 723 ἐν
719 672 896 745 τούτῳ
913 676 1341 750 ἀπηγορευμένα
1360 682 1845 754 διαπραττόμενος.

334 760 533 827 Στόμα
580 759 649 813 δὲ
679 762 919 817 ἀσεϐῶν
953 770 1304 825 καταπίεται
1352 774 1609 840 κρίσεις.
1662 774 1771 837 Τὰς
1802 774 1846 826 δ’

260 852 562 921 ἀπολογίας
591 855 773 919 πάσας
811 858 921 912 τῶν
957 863 1033 932 μὴ
1068 862 1135 915 δι’
1165 865 1532 938 ἀγαθοεργίας
1562 868 1847 939 τιμώντων

260 943 417 1008 Θεὸν,
450 948 793 1001 οἰκειώσεται
825 949 857 1021 ἠ
892 956 1033 1006 κατὰ
1059 955 1120 1007 τὸ
1157 956 1351 1025 μέλλον
1407 960 1847 1029 ἀπαραλόγιστος

259 1037 442 1106 κρίσις
497 1039 686 1103 αὐτοῦ,
736 1044 877 1095 κατά
934 1046 994 1098 τὸ
1024 1046 1293 1117 διελέγξαι
1326 1050 1528 1116 ταύτας
1562 1056 1640 1116 εἰς
1673 1057 1844 1111 κατά-

257 1148 442 1199 κρισιν
484 1131 592 1183 τῶν
630 1135 1092 1206 προϐαλλομένων
1146 1141 1337 1208 αὐτὰς,
1390 1145 1485 1196 καὶ
1540 1145 1842 1202 καταλῦσαι

256 1221 477 1276 ἃπασαν
507 1224 802 1293 πρόφασιν.

329 1314 434 1367 κθν.
499 1315 925 1385 Ἑτοιμάζονται
980 1321 1345 1391 ἀκολάστοις
1372 1327 1683 1399 μάστιγες,
1739 1332 1837 1384 καί

254 1407 519 1473 τιμωρίαι
552 1411 771 1476 ὁμοίως
801 1411 1086 1479 ἄφροσιν.
1122 1416 1548 1487 Εὑτρεπίζονται
1572 1426 1683 1485 τοῖς
1717 1426 1838 1476 κατ’

254 1499 545 1567 ἐνέργειαν
577 1503 957 1572 ἁμαρτάνουσι
990 1498 1306 1578 σωματικαὶ
1341 1511 1550 1566 ὀδύναι’
1584 1518 1675 1569 καὶ
1732 1516 1836 1586 ψυ-

249 1591 402 1658 χικαὶ
422 1591 689 1656 ὡσαύτως
719 1593 907 1659 λύπαι,
944 1601 1056 1661 τοῖς
1085 1600 1227 1654 κατά
1266 1602 1508 1658 διάνοιαν
1540 1608 1792 1662 πταίουσι
1818 1627 1832 1640 ·

250 1684 394 1736 κατὰ
428 1687 526 1756 μὲν
543 1686 601 1738 τὸ
629 1688 823 1758 παρὸν,
858 1693 993 1760 πρὸς
1023 1693 1370 1765 ἐπιστροφὴν
1392 1702 1485 1751 καὶ
1504 1699 1792 1772 διόρθωσιν
1816 1719 1831 1734 ·

248 1775 393 1829 κατὰ
426 1777 483 1830 δὲ
506 1778 721 1848 μέλλον,
750 1782 828 1844 εἰς
856 1783 1232 1839 ἀνταπόδοσιν.

850 1914 1102 1969 ΚΕΦΑΛ.
1138 1918 1221 1971 K’.

314 2028 383 2076 α’.
432 2024 814 2091 Ἀκόλαστον,
844 2014 1035 2094 οἶνος·
1071 2032 1556 2100 καίὑὸριστικὸν,
1584 2038 1831 2105 μέθη.⁹0

240 2108 719 2186 οἷνος,ὲπιθυμιῶν
737 2121 883 2172 ἐστιν
896 2120 1193 2186 ἀλογίστων
1212 2126 1515 2195 παραίτιος,
1532 2129 1630 2198 τὴν
1651 2132 1828 2200 σάρκα

239 2207 618 2277 ἐκθερμαίνων
650 2208 760 2262 τῶν
804 2210 878 2279 μὴ
941 2211 1245 2281 χρωμένων
1302 2216 1451 2286 αύτῷ
1511 2219 1821 2288 ἐγκρατῶς,

239 2300 333 2350 καὶ
375 2300 662 2371 διεγείρων
728 2302 950 2365 τούτους
996 2301 1133 2373 πρὸς
1199 2305 1375 2374 μίξεις
1403 2308 1674 2376 αἰσχράςδ
1733 2312 1828 2363 καὶ

238 2392 560 2459 ἁτιμοποιὸς
595 2394 888 2463 ὑπάρχειή
946 2396 1108 2465 μέθη,
1172 2397 1593 2469 ἀπεργαζομένη
1643 2402 1825 2472 παραυ

237 2498 412 2549 φρονα
438 2484 529 2536 τὸν
562 2484 850 2553 μεθύοντα.

311 2575 435 2641 Πᾶς
461 2576 529 2630 δὲ
555 2578 762 2646 ἄφρων
789 2579 1081 2645 τοιούτοις
1111 2581 1541 2649 συμπλέκεται.
1596 2586 1708 2649 Πᾶς
1766 2585 1824 2639 δὲ

234 2670 344 2731 ζῶν
380 2669 705 2737 ἀλογίστως,
733 2673 845 2733 τοῖς
874 2671 1078 2742 ὁμοίως
1098 2672 1427 2742 βλάπτουσιν
1460 2676 1823 2749 ὲμπεριστρέ-

234 2778 419 2828 φεται.

307 2854 374 2923 β’.
398 2857 480 2908 Οὐ
504 2854 766 2923 διαφέρει
783 2856 1005 2924 ἀπειλὴ
1022 2857 1332 2922 ,ϐασιλέως
1348 2859 1538 2927 θυμοῦ
1549 2859 1817 2926 λέοντος.

235 2947 459 3001 Ἔοικεν
506 2951 537 3018 ἢ
595 2949 796 3021 ἀπειλὴ
854 2950 946 3003 τοῦ
1018 2949 1416 3020 παμϐασιλέως
1467 2951 1603 3004 Θεοῦ
1664 2954 1820 3025 θυμῴ

230 3038 465 3103 λέοντος,
517 3039 681 3107 φόϐον
721 3040 955 3094 θανάτου
989 3043 1271 3110 ἐπάγοντι.

311 3132 380 3183 ’0
412 3133 479 3183 δὲ
526 3134 887 3199 παροξύνων
931 3134 1140 3199 αὑτὸν,
1196 3134 1521 3202 ἁμαρτάνει
1566 3137 1655 3201 εἰς
1700 3134 1817 3203 τὴν

1955 593 2125 664 legem
2158 598 2396 654 divinam
2421 618 2543 675 quae
2576 607 2933 671 observantes
2955 632 3074 672 eam
3102 619 3389 690 justificat,
3409 629 3537 697 quia

1950 701 2072 755 quae
2101 689 2463 756 prohibentur
2490 697 2558 752 ab
2592 700 2682 754 illa
2709 716 2986 772 operatur.

2022 776 2094 832 0s
2124 792 2298 835 autent
2323 787 2909 855 impiorum'devorabit
2935 800 3170 867 judicia.
3206 806 3412 865 Omnes
3440 825 3539 865 ex-

1948 866 2259 923 cusationes
2288 886 2477 927 eorum
2502 879 2594 946 qui
2626 880 2782 938 bonis
2805 889 3066 956 operibus
3096 891 3261 950 Deum
3295 913 3402 957 non
3434 901 3537 956 lio-

1948 966 2167 1022 norant,
2201 964 2438 1033 excipiet
2462 968 2762 1040 aliquando
2808 978 3093 1039 inl’allibile
3122 988 3240 1056 ejus
3262 988 3531 1057 judicium

1946 1046 2013 1099 ad
2065 1050 2499 1124 redarguendum
2540 1077 2635 1117 eas
2677 1066 2731 1121 in
2789 1072 3304 1135 condemnationem
3340 1098 3531 1140 eorum

1945 1138 2036 1205 qui
2076 1142 2361 1208 proferunt
2403 1165 2498 1206 eas
2544 1165 2598 1208 et
2658 1157 2725 1212 ad
2772 1163 3073 1221 tollendum
3118 1184 3334 1227 omnem
3385 1191 3527 1246 pra:-

1946 1239 2177 1288 textum.

2016 1321 2177 1379 Vsus.
2234 1329 2325 1385 29.
2353 1330 2626 1390 Parantur
2672 1340 3140 1413 inlemperantibus
3197 1352 3437 1426 ﬂagella,
3472 1370 3522 1415 et

1940 1416 2203 1483 supplicia
2234 1424 2481 1481 similiter
2502 1430 2942 1501 imprudentibus.
2980 1440 3249 1502 Parantur
3278 1456 3525 1522 corporis

1939 1506 2158 1563 dolores
2192 1523 2319 1567 actu
2366 1523 2742 1590 peccantibus,
2763 1517 2904 1581 sicut
2949 1539 3002 1585 et
3042 1535 3208 1589 animi
3261 1554 3526 1598 man-ores

1940 1596 2005 1652 iis
2046 1601 2137 1668 qui
2178 1614 2357 1661 mente
2410 1608 2724 1680 oﬂ‘endunt,
2777 1617 2829 1672 in
2877 1629 3121 1692 tempore
3160 1632 3413 1696 praesenti
3456 1635 3524 1687 ad

1939 1694 2356 1750 conversionem
2386 1706 2440 1753 et
2465 1706 2924 1775 emendationem,
2948 1712 3001 1765 in
3032 1714 3217 1773 futuro
3249 1730 3431 1776 autem
3454 1724 3521 1777 ad

1938 1779 2374 1840 retributionem.

2578 1925 2729 1980 CAP.
2767 1928 2883 1984 XX.

2010 2025 2176 2084 Vens.
2214 2030 2265 2085 l.
2303 2030 2606 2089 Luxuriosa
2640 2054 2722 2091 res
2747 2079 2760 2102 ,
2800 2042 2996 2109 vinum,
3038 2054 3089 2098 et
3138 2052 3519 2107 contumeliosa

1931 2116 2180 2173 ebrietas.
2213 2119 2409 2177 Vinum
2437 2142 2659 2183 carnem
2689 2133 3089 2192 excalelaciens
3118 2139 3516 2199 irrationalium

1932 2223 2100 2262 causa
2131 2222 2217 2266 est
2250 2218 2588 2283 appeti’tuum
2637 2222 2691 2273 in
2724 2222 2791 2276 iis
2828 2224 2921 2292 qui
2964 2227 3054 2281 illo
3094 2245 3201 2285 non
3236 2235 3516 2291 moderate

1932 2309 2184 2366 utuntur,
2222 2305 2454 2375 illosque
2484 2311 2685 2365 excitat
2726 2314 2795 2368 ad
2827 2324 3015 2386 turpes
3048 2324 3377 2381 concubitus
3408 2345 3421 2380 :
3459 2336 3514 2383 et

1930 2397 2329 2451 contumeliosa
2401 2410 2485 2454 est
2527 2404 2791 2472 ebrietas,
2848 2414 2979 2480 quia
3024 2424 3291 2471 amentem
3350 2420 3513 2475 ellicit

1927 2486 2167 2541 ebrium.
2563 2565 2569 2571 '
3000 2504 3003 2507 “

2003 2576 2190 2632 Omnis
2213 2592 2390 2635 autem
2424 2586 2677 2655 insipiens
2712 2592 2907 2645 talibus
2935 2609 3295 2652 conversatur.
3320 2599 3511 2658 Omnis

1929 2683 2114 2725 autem
2152 2675 2544 2733 irrationaliter
2578 2684 2798 2749 vivens,
2840 2686 3093 2743 similiter
3126 2692 3512 2763 insipientibus

1922 2763 2242 2818 delectatur.

1995 2849 2155 2906 Vens.
2190 2855 2242 2908 2.
2296 2855 2417 2911 Non
2464 2860 2642 2929 differt
2686 2869 3028 2923 comminatio
3067 2877 3203 2941 regis
3246 2893 3280 2928 a
3326 2876 3507 2945 furore

1922 2938 2106 2994 leonis.
2145 2941 2351 3001 Similis
2390 2960 2472 3004 est
2504 2954 2646 3020 regis
2678 2971 2863 3025 regum
2904 2959 2997 3013 Dei
3034 2967 3387 3022 comminatio
3421 2971 3507 3026 lu-

1928 3030 2039 3081 rori
2076 3030 2280 3097 leonis;
2317 3051 2440 3089 nam
2475 3040 2724 3095 timorem
2757 3049 2947 3102 mortis
2974 3050 3202 3105 inducit.

1994 3120 2099 3186 Qui
2136 3138 2383 3192 provocat
2423 3146 2561 3195 eum,
2596 3146 2774 3202 peccat
2808 3140 2863 3190 in
2908 3143 3143 3197 animum
3183 3162 3357 3203 suam.
3399 3151 3501 3218 Qui

228 3220 450 3275 ἑαυτοῦ
482 3223 709 3293 ψυχήν.
751 3222 809 3278 Ὀ
844 3225 891 3277 δ’
922 3225 1082 3278 αὑτὸν
1123 3225 1213 3277 τὸν
1264 3227 1482 3279 πάντων
1539 3228 1817 3297 Δεσπᾴτην

1924 3206 2089 3262 Deum
2120 3218 2363 3269 outnium
2392 3217 2680 3275 Dominum
2706 3225 2913 3292 irritat,
2940 3232 3192 3298 quamvis
3222 3249 3366 3303 saape
3393 3254 3503 3293 non

228 3313 363 3365 Θεὸν
418 3314 790 3384 παροργίζων,
846 3314 951 3367 κᾶν
1007 3314 1081 3383 μὴ
1118 3314 1439 3385 κινδυνεύσῃ
1481 3316 1625 3368 κατά
1658 3316 1815 3385 σῶμα

231 3403 513 3466 πολλάκις,
542 3403 616 3467 ὡς
644 3406 672 3456 ὁ
706 3404 812 3457 ὑπὸ
841 3403 935 3456 τοῦ
964 3405 1261 3474 εἰρημένου
1303 3404 1467 3475 θηρὸς
1509 3404 1813 3475 βιϐρωσκο-

233 3513 418 3563 μενος,
450 3494 573 3547 κατ’
606 3494 776 3565 αὐτὴν
798 3495 1098 3548 κινδυνεύει
1133 3493 1231 3565 τὴν
1257 3495 1391 3547 ἰδίαν
1426 3495 1625 3566 ψυχὴν,
1679 3497 1813 3550 Θεοῦ

226 3589 327 3655 τῆς
361 3589 513 3651 ὄντος
540 3588 684 3655 ζωῆς
715 3586 1160 3656 στερισκόμενος.

298 3686 369 3746 τ’.
394 3681 550 3741 Δόξα
569 3679 764 3746 ἀνδρὶ,
799 3678 1290 3746 ἀποστρέφεσθαι
1313 3679 1638 3745 λοιδορίας.
1665 3680 1811 3752 Τιμὴ

222 3774 303 3842 τῷ
334 3772 607 3842 ἀνθρώπῳ
640 3769 777 3836 ἐστὶ,
810 3771 870 3823 τὸ
902 3773 1079 3839 μισεῖν
1106 3770 1204 3832 τὰς
1252 3772 1373 3823 κατ’
1406 3769 1582 3824 ἄλλων
1626 3770 1808 3824 διαϐο-

222 3864 320 3926 ita;
338 3864 651 3926 ’ἐπαινετὸς
674 3864 780 3932 γάρ
814 3863 961 3913 ἐστιν
978 3861 1006 3912 ὁ
1032 3860 1292 3923 τοιοῦτος,
1321 3861 1397 3923 ὡς
1432 3861 1518 3913 διὰ
1546 3861 1606 3914 τὸ
1631 3864 1810 3931 μισεῖν

221 3959 322 4021 τὰς
357 3957 498 4010 κατά
526 3956 621 4008 τοῦ
653 3955 881 4023 ἀδελφοῦ
914 3954 1201 4025 λοιδορίας,
1235 3953 1327 4007 τὸν
1356 3954 1584 4023 ἀδελφὺν
1607 3955 1681 4027 μὴ
1716 3973 1801 4024 μισ

224 4052 364 4103 σὼν”
395 4051 583 4119 ὥσπερ
612 4046 679 4102 αὖ
701 4048 899 4119 ψεκτός
933 4051 1085 4101 ἐστιν
1106 4048 1134 4098 ὁ
1158 4047 1246 4099 διὰ
1281 4047 1341 4098 τὸ
1376 4046 1451 4116 μὴ
1487 4050 1666 4116 μισεῖν
1707 4047 1807 4109 τὰς

221 4143 342 4194 κατ’
374 4141 540 4195 αὑτοῦ
562 4141 828 4211 λοιδορίας
861 4139 1049 4192 τοῦτον
1087 4136 1279 4208 μισῶν.

292 4233 417 4301 Πᾶς
439 4234 506 4285 δὲ
534 4234 738 4302 ἄφρων
752 4233 1043 4296 τοιούτοις
1074 4230 1510 4299 συμπλέκεται.
1536 4231 1634 4283 Διὰ
1650 4229 1807 4284 τοῦτο

218 4330 273 4381 δὲ
303 4329 412 4392 πᾶς
443 4330 470 4380 ὁ
497 4328 570 4399 μὴ
602 4328 744 4382 κατὰ
759 4326 917 4395 λόγον
947 4325 1220 4390 ἐξετάζων
1245 4324 1315 4377 τὰ
1341 4324 1559 4388 ἑαυτοῦ,
1592 4324 1685 4376 καὶ
1707 4323 1806 4394 τὴν

217 4420 372 4474 δοκὸν
434 4421 638 4473 οἰκείου
677 4417 961 4489 ὀφθαλμοῦ
1030 4418 1285 4471 ἐκϐαλεῖν
1329 4417 1598 4479 σπεύδων,
1644 4433 1805 4487 περι-

219 4518 445 4567 σκοπεῖν
474 4514 674 4567 ἐθέλων
698 4513 759 4565 τὸ
793 4514 849 4564 ὲν
876 4511 955 4582 τῷ
981 4511 1249 4583 ὀφθαλμῷ
1271 4510 1366 4616 τοῦ
1404 4510 1633 4616 ἀδελξροῦ
1660 4510 1797 4579 κάρ·
1830 4561 1874 4616 D

216 4623 334 4672 «ρος,
359 4605 455 4658 καὶ
472 4606 646 4674 τούτῳ
666 4604 993 4674 ὲπεγγελᾷν,
1026 4606 1142 4664 τοῖς
1165 4603 1432 4665 τοιούτοις
1458 4601 1791 4672 ἀνθρώποις,

213 4697 523 4750 διαδολεῦσι
550 4698 788 4761 παντως,
819 4695 1337 4765 συναναστρέφεται.

285 4810 350 4864 δ’.
395 4807 856 4877 Ὀνειδιζόμενος
900 4806 1182 4874 ὀκνηρὸς,
1243 4808 1355 4859 οὐκ
1408 4806 1796 4875 αἰσχύνεταιο

212 4904 503 4968 ὡσαύτως
534 4904 628 4956 καὶ
680 4905 712 4956 ό
741 4898 1151 4969 δανειῶμενος
1184 4898 1359 4953 σῖτον
1379 4899 1449 4951 ἐν
1474 4898 1697 4965 ἀμητῷ.
1740 4898 1798 4949 '0

216 4994 459 5062 ῥᾴθυμος
489 4995 616 5063 περὶ
642 4994 741 5062 τὴν
772 4992 878 5045 τῶν
907 4992 1118 5063 ἀρετῶν
1146 4991 1427 5062 ἐργασίαν,
1463 4990 1551 5043 διὰ
1579 4990 1640 5041 τὸ
1667 4989 1796 5042 τού-

211 5099 323 5133 των
356 5082 634 5148 ἐπίπονον,
661 5083 998 5150 ὲλεγκτικοῖς
1031 5081 1211 5149 λόγοις
1253 5081 1358 5134 ὑπὸ
1413 5078 1527 5132 τοῦ
1548 5079 1799 5133 διδασκα-

212 5175 330 5228 λίου
358 5175 705 5245 βαλλόμενος,
728 5177 830 5229 οὐκ
847 5175 1080 5228 αἰδεῖται
1101 5191 1113 5203 ·
1141 5173 1452 5235 ἀκολούθως
1483 5172 1540 5224 δὲ
1576 5172 1671 5224 καὶ
1694 5171 1722 5223 ὁ
1741 5175 1797 5225 ὲν

212 5269 291 5339 τῷ
327 5269 577 5338 μέλλοντι
603 5267 781 5332 αἰῶνι,
818 5266 941 5320 καθ’
967 5267 1026 5321 ὃν
1056 5270 1113 5318 ἐν
1135 5265 1451 5334 ἀγαλλιάσει
1480 5263 1797 5332 συλλέγουσι

211 5362 323 5413 τῶν
351 5362 571 5413 οἰκείων
600 5361 780 5414 πόνων
809 5363 937 5423 τοὺς
970 5362 1219 5432 καρποὺς
1256 5362 1304 5412 οἰ
1340 5360 1481 5412 κατά
1510 5359 1600 5412 τὸν
1657 5377 1797 5431 παρ-

208 5454 344 5505 όντα
379 5456 434 5505 ὲν
465 5454 697 5523 δάκρυσι
752 5454 1093 5524 σπείροντες,
1136 5455 1235 5523 τῆς
1268 5451 1400 5522 παρ’
1440 5452 1645 5519 ἐτέρων
1676 5453 1791 5503 ὲπι·

213 5544 443 5612 κουρίας
457 5543 730 5614 δεόμενος,
757 5543 897 5597 ὥστε
915 5545 1017 5615 τὴν
1041 5542 1313 5614 λιμώττου
1324 5561 1419 5597 σαν
1447 5544 1554 5595 τῶν
1578 5542 1797 5611 ἀγαθῶν

215 5633 356 5686 ἰδίαν
389 5633 587 5705 ψυχὴν,
612 5638 725 5699 τοῖς
757 5636 979 5689 ἐκείνων
1001 5634 1200 5708 θρέψαι
1218 5636 1352 5705 πονή
1364 5651 1518 5705 μασι,
1543 5631 1684 5685 κατά
1705 5634 1794 5686 τὸν

215 5727 277 5778 ὲν
299 5726 657 5795 Εὑαγγελίοις
689 5728 965 5795 πλούσιον,
998 5728 1092 5782 καὶ
1114 5727 1213 5791 τὰς
1248 5728 1437 5801 μωρὰς
1468 5725 1791 5827 παρθένους..

215 5818 506 5891 ἀνηνύτοις
546 5821 839 5891 ἰεπιχειρῶν
870 5823 969 5874 οὐκ
996 5821 1342 5890 αἰσχύνεταιο
1383 5822 1410 5873 ὁ
1464 5818 1571 5888 γὰρ
1602 5819 1658 5869 ἐν
1715 5832 1792 5885 τῳ

1921 3315 2147 3370 corpore
2173 3308 2531 3374 periclitetur,
2566 3323 2624 3366 ut
2653 3315 2740 3370 ille
2769 3319 2861 3387 qui
2890 3338 2918 3372 a
2946 3322 3170 3390 praefata
3200 3327 3375 3384 bestia
3407 3332 3505 3388 de-

1921 3404 2165 3462 voratur,
2197 3401 2376 3453 anima
2414 3406 2534 3473 ejus
2552 3410 2915 3478 periclitatur,
2949 3417 3078 3484 quia
3111 3418 3360 3487 privatur
3393 3423 3503 3482 Deo

1916 3490 2009 3558 qui
2049 3504 2178 3544 vera
2212 3493 2318 3547 vita
2344 3506 2449 3551 est.

1984 3666 2150 3723 Vsus.
2184 3670 2240 3723 5.
2284 3674 2468 3727 Honor
2509 3685 2587 3730 est
2627 3677 2830 3734 homini
2875 3691 3202 3743 contemnere
3246 3692 3495 3760 injurias.

1912 3764 2102 3820 Honor
2129 3776 2212 3821 est
2239 3768 2480 3838 homini,
2512 3774 2698 3830 odisse
2725 3777 2956 3833 aliormu
2995 3783 3319 3843 calumnias.
3348 3788 3495 3846 Lau-

1910 3859 2126 3916 dandus
2155 3864 2299 3917 enim
2328 3874 2411 3919 est
2436 3867 2559 3920 talis
2578 3870 2705 3937 quia
2729 3888 2852 3924 eum
2882 3872 3070 3930 fratris
3103 3877 3331 3948 injurias
3352 3884 3487 3949 odit,

1910 3950 2131 4006 fratrem
2145 3961 2326 4010 tamen
2341 3970 2449 4010 non
2465 3956 2598 4012 odit.
2616 3960 3083 4024 Quemadmodum
3101 3970 3495 4039 vituperandus

1906 4055 1991 4101 est
2021 4048 2111 4117 qui
2142 4049 2270 4103 dum
2321 4064 2429 4106 non
2454 4050 2643 4107 fratris
2665 4053 2781 4108 odit
2810 4056 3065 4127 injurias,
3092 4060 3318 4119 fratrem
3353 4066 3491 4122 odit.

1985 4226 2168 4281 Omnis
2208 4236 2382 4281 autem
2422 4228 2672 4299 insipiens
2711 4231 2975 4288 similibus
3015 4237 3329 4305 congaudet.
3363 4239 3491 4296 Ideo

1906 4321 2087 4376 onmis
2126 4321 2405 4391 quirecta:
2450 4322 2649 4377 rationi
2674 4338 2828 4378 suam
2853 4331 3326 4385 conversationem
3378 4348 3485 4389 non

1907 4415 2219 4470 conformat
2248 4429 2348 4469 nec
2377 4415 2561 4470 studet
2605 4431 2669 4470 ex
2696 4417 2857 4471 oculo
2888 4433 2989 4472 suo
3026 4420 3233 4475 trabem
3266 4438 3483 4493 eruere,

1905 4503 2035 4557 dum
2060 4505 2178 4558 vult
2212 4503 2544 4572 redarguere
2564 4506 2821 4574 stipulam
2843 4507 2896 4559 in
2924 4509 3085 4564 oculo
3106 4510 3311 4579 fratris,
3334 4531 3487 4571 eum-
3536 4538 3539 4539 ν

1904 4612 2010 4666 que
2044 4597 2298 4661 irridere,
2334 4597 2537 4652 talibus
2585 4597 2900 4655 hominibus
2927 4588 3167 4660 'omnino
3220 4607 3483 4665 crimina-

1902 4690 2116 4744 toribus
2145 4697 2526 4744 conversatur.

1974 4806 2141 4862 Vens.
2158 4808 2213 4861 4.
2235 4809 2603 4875 Exprobratus
2627 4808 2773 4878 piger
2800 4825 2903 4863 non
2930 4812 3309 4882 confunditur;
3333 4819 3484 4874 simi-

1903 4899 2021 4952 liter
2050 4908 2099 4953 et
2132 4899 2221 4970 qui
2258 4899 2452 4967 [tenore
2483 4901 2673 4968 accipit
2704 4901 3024 4969 frumentum
3071 4906 3123 4959 in
3161 4924 3345 4964 messe.
3378 4910 3482 4979 Qui

1903 4991 2179 5061 negligens
2215 4999 2299 5047 est
2332 4992 2388 5045 in
2424 4994 2577 5061 praxi
2612 4992 2878 5047 virtutum
2920 5005 3145 5067 propter
3175 5015 3362 5056 earum
3406 5005 3486 5058 la-

1902 5085 2110 5146 borem,
2139 5084 2530 5154 redargutoriis
2564 5086 2808 5156 magistri
2843 5088 3023 5143 verbis
3055 5090 3341 5150 lacessitus
3372 5111 3481 5150 non

1900 5175 2207 5241 erubescit;
2248 5174 2440 5229 eodem
2472 5175 2635 5229 modo
2665 5176 2759 5245 qui
2802 5176 2854 5230 in
2889 5185 3134 5248 tempore
3172 5181 3381 5249 futuro,
3423 5186 3477 5242 in

1900 5281 2010 5335 quo
2043 5282 2165 5319 cum
2197 5267 2560 5320 exsultatione
2596 5266 2840 5321 laborum
2868 5284 3093 5324 suorum
3119 5271 3330 5329 fructus
3364 5279 3478 5332 col-

1901 5361 2075 5429 ligunt
2115 5359 2206 5427 qui
2241 5360 2296 5412 in
2347 5359 2602 5430 lacrymis
2638 5360 2689 5413 in
2733 5370 2979 5431 tempore
3019 5370 3273 5433 praesenti
3312 5372 3480 5424 semi-

1900 5458 2064 5515 nant,
2120 5450 2327 5503 auxilio
2372 5465 2560 5503 eorum
2605 5449 2810 5520 indiget
2845 5460 2901 5505 ut
2951 5468 3142 5510 eorum
3196 5458 3478 5517 laboribus

1900 5558 2054 5597 suam
2088 5541 2325 5595 animam
2354 5539 2685 5594 esurientem
2716 5542 2978 5609 enutriat,
3008 5554 3065 5597 ut
3094 5545 3145 5597 in
3188 5546 3479 5618 Evangelia

1900 5634 2073 5687 malus
2106 5632 2257 5688 dives
2304 5642 2359 5687 et
2396 5632 2558 5686 fatua:
2592 5632 2862 5702 virgines,
2900 5635 3259 5705 impossibilia
3292 5648 3478 5709 petens

1900 5741 1963 5779 ac
1996 5726 2272 5780 incassum
2320 5724 2561 5789 enitens,
2610 5740 2719 5780 non
2754 5727 3134 5786 confunditur.
3182 5731 3287 5798 Qui
3330 5734 3474 5789 enim

1900 5827 2145 5886 tempore
2178 5814 2555 5870 retributionis
2594 5818 2871 5874 erubescit
2903 5819 3060 5878 bonis
3103 5822 3353 5895 indigens
3400 5827 3478 5882 in-
