4054 6500
536 437 670 502 1423

1824 407 2176 473 PROCOPII
2217 403 2456 465 GAZ.’EI

3660 388 3781 452 1424

533 553 733 614 veniri,
761 541 1035 602 erubescit
1068 548 1120 594 et
1140 539 1200 593 in
1226 545 1470 604 tempore
1503 527 1756 601 praesenti
1782 523 2118 598 operationis
2150 574 2152 581 ,

2261 520 2317 589 ἧς
2350 515 2761 577 άνταποδόσεως
2793 510 2972 582 καιρῷ
3014 511 3327 579 αἰδούμενος
3361 510 3648 580 εὑρεθῆναι
3689 513 3786 564 τῶν

535 649 602 702 de
629 638 949 713 negligenda
981 631 1202 689 virtutis
1234 630 1386 698 praxl
1420 621 1696 691 redargui.

611 920 777 972 Vens.
809 915 862 969 5.
897 910 1052 980 Aqua
1081 901 1345 974 profunda
1365 937 1377 960 ,
1411 891 1691 948 consilium
1719 889 1775 941 in
1811 884 1968 939 corde
1995 881 2114 936 uiri.

542 1011 732 1069 Simile
776 1016 860 1062 est
910 973 1444 1072 aquaeinexhausta:
1489 981 1781 1039 consilium
1827 977 1881 1030 in
1939 973 2119 1028 anima

541 1103 780 1161 hominis
811 1094 1110 1153 occultum.

613 1196 717 1252 Sed
764 1194 916 1246 homo
961 1184 1171 1254 sapiens
1228 1174 1504 1232 exhauriet
1548 1167 1706 1224 illud.
1749 1163 1882 1218 Illud
1940 1168 2120 1215 autem

544 1304 710 1346 omne
738 1286 885 1350 eluet
912 1279 995 1332 vir
1027 1252 1278 1343 sapiens.
1310 1267 1356 1320 A
1385 1263 1566 1319 verbis
1607 1257 1827 1329 quidem
1869 1252 1989 1322 ejus
2029 1265 2124 1318 0p-

545 1345 676 1439 tinie
714 1346 869 1432 illum
911 1370 1221 1441 dignoscet.
1263 1359 1346 1414 Ah
1380 1355 1638 1427 operibus
1681 1356 1863 1404 autem
1910 1345 2004 1399 illa
2038 1356 2125 1396 rae

548 1437 824 1531 iionaliter
850 1437 1151 1534 indagabit.
1183 1454 1361 1526 Opera
1388 1448 1535 1506 enim
1561 1445 1824 1501 denotant
1851 1437 2124 1494 allectum.

623 1647 787 1702 Vens.
820 1643 873 1699 6.
908 1639 1164 1710 Magnum
1201 1633 1354 1686 homo
1389 1637 1436 1683 et
1478 1623 1766 1696 pretiosum
1805 1619 1883 1673 uir
1926 1613 2130 1670 miseri-

549 1756 687 1797 cors.
715 1737 820 1802 Qui
844 1745 1062 1791 sursum
1099 1727 1155 1781 in
1194 1723 1362 1778 Deum
1404 1716 1650 1787 respicit.
1695 1720 1754 1766 ut
1793 1711 1845 1765 in
1875 1710 2132 1776 archety-

2223 611 2444 678 ἀγαθῶν
2470 607 2675 678 ὲνέεὴς,
2716 604 3036 674 αίσχὺνεται
3070 604 3166 657 καὶ
3206 605 3262 655 ὲν
3312 602 3393 674 τῷ
3427 604 3652 672 παρόντι
3700 605 3788 674 τῆς

2223 703 2488 773 ἐργασίας

2225 796 2409 850 καλόν.

2563 696 2780 770 καιρῷ,
2845 696 3054 767 ἀμελὴς
3115 697 3478 767 ἐλεγχόμενος
3546 699 3672 768 περὶ
3739 700 3792 752 τὸ

2298 895 2359 942 ε’.
2394 887 2587 957 ’Υδωρ
2615 886 2778 952 βαθὺ
2803 882 3011 950 ,ϐουλὴ
3037 882 3107 935 ἐν
3133 881 3348 950 καρδίῃ
3394 878 3638 948 ἀνδρός.
3677 881 3796 932 Δυσ-

2229 977 2537 1048 εξαντλήτῳ
2563 977 2739 1030 ἔοικεν
2788 975 2964 1038 ὑδατι,
2992 971 3053 1025 τὸ
3085 974 3143 1024 ὲν
3173 971 3319 1042 ψυχῇ
3357 969 3648 1039 ἀνθρώπου
3673 970 3797 1031 τινὸς

2230 1071 2617 1140 κεκρυμμένον
2651 1067 2947 1139 βούλευμα.

2314 1160 2499 1227 Ἀνὴρ
2526 1159 2593 1213 δὲ
2627 1159 2920 1228 φρόνιμος
2941 1154 3307 1220 ἐξαντλήσει
3336 1151 3554 1217 αὐτὴν.
3583 1151 3748 1205 Τοῦτο
3764 1153 3803 1205 δ’

2232 1250 2499 1322 ἀναμάξει
2537 1250 2704 1313 ἆπαν,
2747 1248 3008 1319 νουνεχὴς
3075 1246 3394 1319 ἄνθρωπος’
3431 1245 3542 1298 ἀπὸ
3583 1245 3680 1314 μὲν
3709 1246 3806 1298 τῶν

2235 1346 2498 1416 ῥημάτων
2529 1341 2718 1408 αὑτοῦ,
2755 1339 3060 1411 εὑμεθόδως
3093 1337 3256 1391 αὑτὸν
3286 1333 3561 1406 μετελθὼν
3583 1373 3599 1397 ,
3635 1334 3736 1387 ἀπὸ
3757 1336 3809 1387 δὲ

2233 1435 2341 1487 τῶν
2366 1433 2541 1505 ἔργων
2563 1432 2752 1497 αὑτοῦ,
2784 1433 3083 1502 ἐρευνήσας
3110 1429 3252 1483 αὑτά
3280 1427 3422 1482 κατά
3445 1426 3634 1494 λόγον·
3662 1426 3812 1495 ἔργον

2236 1530 2344 1599 γὰρ
2378 1525 2652 1590 ἀπόδειξις
2685 1523 3004 1585 διαθέσεως.

2309 1625 2382 1685 ς’.
2409 1616 2576 1687 Μέγα
2619 1615 2954 1684 ἄνθρωπος,
2988 1610 3085 1666 καὶ
3114 1611 3312 1680 τίμιον
3340 1606 3498 1677 ἀνὴρ
3527 1605 3814 1676 ἐλεήμων.

2253 1713 2311 1766 Ὀ
2339 1713 2452 1766 όινω
2484 1711 2564 1774 είς
2619 1708 2756 1763 Θεὸν
2801 1706 3037 1778 βλέπων,
3077 1704 3154 1768 ὡς
3178 1703 3316 1774 πρὸς
3349 1701 3683 1773 ἀρχέτυπον,
3714 1701 3815 1752 τῶν

553 1847 702 1903 pum,
733 1825 912 1883 omnia
943 1832 1157 1876 terrena
1194 1823 1587 1871 contemnens,
1621 1812 1674 1860 et
1709 1801 2001 1873 imaginem
2034 1794 2131 1851 Dei

2261 1805 2442 1875 τηῒνων
2471 1804 2687 1858 πάντων
2718 1797 3026 1872 ὑπερορῶν,
3050 1795 3146 1850 καὶ
3168 1797 3230 1849 τὸ
3253 1794 3374 1848 κατ’
3399 1794 3592 1847 είκόνα
3620 1793 3817 1863 τηρῶν,

554 1882 927 1979 conservans,
970 1927 1036 1968 eo
1096 1909 1216 1980 ipso
1264 1905 1524 1960 omnibus
1576 1894 2010 1968 aspectabilihus
2058 1896 2140 1943 est

2261 1913 2302 1948 ιν
2333 1894 2509 1965 τούτῳ
2554 1894 2696 1964 ὑπὲρ
2745 1892 2925 1945 πάντα
2954 1889 3074 1942 ἐστὶ
3128 1887 3198 1942 τὰ
3232 1885 3512 1959 ὁρώμενα·
3561 1886 3659 1937 καὶ
3706 1886 3822 1937 ὁτὲι

556 2012 827 2083 superior.
860 2005 964 2073 Qui
995 2015 1262 2074 generose
1286 1997 1554 2050 adversus
1584 1988 1871 2062 passiones
1899 1984 2142 2083 luctatur"

556 2059 795 2083 ωηεν-⁷η-
815 2059 826 2061 ς
870 2059 906 2073 -ιν
996 2059 1026 2074 u—
1585 2059 1602 2062 ν

551 2115 614 2165 et
646 2108 698 2159 in
729 2101 980 2157 homines
1017 2097 1162 2152 sicut
1191 2090 1430 2145 Deusest
1465 2083 1804 2144 misericors,
1842 2080 1950 2134 Deo
1973 2059 2139 2132 simul

554 2210 612 2256 et
643 2192 963 2252 hominibus
993 2189 1196 2243 charos
1227 2187 1388 2237 estet
1421 2173 1784 2232 honorabilis.

639 2289 827 2344 Virum
897 2290 1074 2336 autem
1133 2274 1343 2347 ﬁdelem
1393 2273 1514 2340 quis
1584 2263 1860 2320 inveniet?
1917 2257 2144 2314 Diliicile

559 2394 645 2440 est
676 2377 928 2436 invenire
958 2375 1237 2428 hominem
1281 2368 1491 2420 firmam
1524 2363 1580 2415 in
1615 2359 1786 2414 Deum
1822 2356 1980 2410 tidem
2015 2368 2147 2423 ope-

564 2478 718 2532 ribus
749 2469 1126 2528 ostendentem
1163 2476 1178 2515 :
1208 2459 1363 2532 pauci
1392 2459 1534 2513 enim
1567 2461 1694 2509 sunt
1723 2451 1815 2522 qui
1857 2456 2142 2519 angustam

565 2577 620 2622 et
652 2573 867 2621 arctam
900 2559 1044 2613 viam
1078 2552 1388 2608 inveniunt.
1439 2545 1534 2600 Vir
1562 2553 1744 2598 autem
1775 2541 1841 2596 ad
1874 2540 2142 2608 agendum

568 2669 730 2730 aptus
766 2654 973 2710 dicitur
1022 2647 1115 2718 qui
1151 2643 1443 2716 passiones
1473 2650 1740 2710 generose
1778 2631 2005 2702 Subigit,
2047 2642 2145 2682 nec

570 2729 830 2808 setisuum
860 2738 1234 2812 voluptatibus
1274 2741 1357 2790 est
1402 2729 1770 2787 eliemiuatus.

642 2927 809 2982 Vens.
849 2924 898 2976 7.
926 2920 1030 2988 Qui
1064 2923 1403 2971 conversatur
1421 2912 1534 2964 sine
1568 2903 1954 2976 vituperatione
1986 2901 2041 2955 in
2060 2899 2147 2965 iu-

572 3022 750 3083 stitia,
773 3018 948 3070 beatos
982 3011 1122 3081 ﬁlios
1154 3023 1280 3060 suos
1315 3003 1594 3071 relinquet.
1625 2998 1726 3064 Qui
1752 2996 1957 3049 mundo
1983 2989 2152 3046 corde

573 3114 668 3168 Dei
701 3109 956 3166 mandata
1013 3100 1242 3173 requirit
1291 3098 1410 3152 sine
1447 3089 1893 3150 dissimulatione
1929 3094 1984 3140 et
2011 3098 2150 3139 vana

2245 1987 2393 2057 πάθη
2426 1985 2695 2054 γενναίως
2723 1981 3140 2044 καταπαλαίσας
3167 2020 3183 2048 ,
3218 1981 3312 2033 καὶ
3345 1976 3643 2048 συμπαθὴς
3693 1977 3824 2044 πρὸς

2244 2077 2565 2148 ἀνθρώπους
2592 2075 2669 2129 ὢν
2688 2067 3116 2144 καθ”όμοίωσιν
3141 2069 3300 2136 Θεοῦ,
3334 2070 3519 2140 τίμιος
3553 2067 3650 2120 καὶ
3696 2065 3825 2136 παρ’

2245 2169 2394 2240 αὑτῷ
2433 2170 2529 2223 καὶ
2557 2169 2681 2239 παρ’
2713 2165 3020 2239 ἀνθρώποις
3047 2164 3309 2234 ὑπάρχει.

2325 2262 2540 2332 Ἄνδρα
2566 2261 2635 2316 δὲ
2663 2261 2905 2327 πιστὸν,
2940 2261 3120 2330 ἔργον
3141 2256 3365 2325 εὑρεῖν.
3382 2253 3659 2327 Ἐργῶδές
3688 2255 3830 2306 ἐστιν

2245 2358 2488 2428 ἐντυχεῖν
2511 2373 2616 2410 τινι
2643 2354 2824 2423 ἔργοις
2860 2351 3083 2424 βεϐαίαν
3108 2350 3206 2422 τὴν
3230 2350 3308 2413 εἰς
3337 2348 3470 2402 Θεὸν
3497 2347 3683 2400 πίστιν
3718 2348 3836 2401 ἐπιδ

2245 2449 2582 2520 δεικνυμένῳ
2605 2466 2619 2478 ·
2651 2445 2824 2515 ὀλίγοι
2864 2445 2980 2516 γάρ
3009 2445 3148 2496 είσιν
3175 2444 3224 2494 οἱ
3249 2441 3349 2512 τὴν
3377 2438 3574 2510 στενὴν
3601 2438 3719 2492 ἑδὸν
3745 2440 3835 2490 καὶ

2246 2542 2616 2614 τεθλιμμένην
2678 2541 3056 2613 εὑρίσκοντεςθ
3115 2536 3256 2608 ἀνὴρ
3332 2535 3377 2587 δ’
3437 2535 3466 2587 ὁ
3535 2533 3837 2604 πρακτικὸς

2247 2637 2490 2707 εἴρηται,
2524 2633 2601 2697 ὡς
2658 2632 2800 2686 κατά
2841 2629 2949 2684 τῶν
2983 2627 3173 2683 παθῶν
3198 2627 3465 2696 γενναίως
3525 2625 3836 2693 ἱστάμενος,

2249 2729 2344 2782 καὶ
2409 2727 2528 2789 ταῖς
2589 2725 2713 2778 κατ’
2779 2721 3033 2794 αἴσθησιν
3101 2718 3318 2791 ἡδοναῖς
3398 2718 3476 2788 μὴ
3544 2715 3841 2785 ἑκθηλυνό-

2254 2835 2436 2891 μενος.

2322 2913 2387 2977 ζ’.
2451 2913 2556 2976 Ὃς
2597 2907 3036 2976 ἀναστρέφεται
3067 2903 3305 2974 ἄμωμος
3336 2901 3406 2955 ἐν
3448 2899 3842 2967 δικαιοσύνῃ,

2249 3004 2582 3074 μακαρίους
2639 3001 2784 3066 τοὺς
2813 2997 3034 3065 παῖδας
3068 2996 3259 3050 αὐτοῦ
3310 2996 3690 3062 καταλείψει.
3745 2997 3847 3056 ὐς

2251 3097 2350 3161 τὰς
2383 3095 2478 3150 τοῦ
2535 3092 2673 3148 Θεοῦ
2729 3091 2950 3154 ἐντολάς
3007 3089 3334 3162 μετέρχεται
3373 3087 3677 3159 καθαρῶς,
3730 3082 3851 3141 οἷον

573 3204 746 3280 gloria
763 3243 776 3267 ,
801 3217 831 3255 e
869 3195 1104 3252 terrenis
1129 3191 1418 3264 egrediens
1441 3187 1622 3256 seipso
1652 3183 1848 3253 dignos
1878 3179 2152 3246 relinquet

2261 3187 2599 3259 ὑποκρίσεως
2633 3186 2729 3238 καὶ
2765 3181 3075 3246 κενοδοξίας
3099 3181 3277 3243 ἐκτὸς,
3317 3179 3597 3251 μεταστὰς
3621 3180 3731 3232 τῶν
3756 3183 3853 3232 ἐν-

575 3273 716 3370 quos
750 3290 1112 3366 spiritualiter
1143 3283 1432 3342 educavit:
1459 3282 1728 3334 bonorum
1755 3273 1904 3330 enim
1947 3284 2149 3340 praece-

577 3400 796 3460 ptorum
834 3384 990 3438 bona:
1020 3377 1308 3435 doctrinae.

650 3569 818 3624 Vsus.
862 3567 916 3620 8.
955 3561 1084 3617 Cum
1113 3575 1207 3614 rex
1244 3557 1426 3626 justus
1471 3551 1663 3607 sederit
1696 3563 1851 3616 super
1882 3544 2150 3602 thronum,

580 3681 685 3720 non
711 3662 1027 3716 adversatur
1051 3655 1107 3708 iu
1133 3651 1303 3705 oculis
1342 3647 1456 3717 ejus
1486 3659 1637 3698 omne
1671 3640 1895 3695 malum.
1925 3636 2157 3703 Quando

579 3756 898 3811 universum
945 3747 1094 3817 jusie
1129 3756 1323 3812 regens
1350 3747 1404 3792 et
1430 3752 1596 3806 super
1639 3732 1825 3788 omnia
1865 3728 2159 3784 dominans

581 3839 968 3907 Deus,sederit
1001 3836 1066 3890 ad
1097 3829 1454 3905 iudicandum
1484 3841 1606 3898 qua:
1637 3823 1868 3879 iecerint
1888 3819 2160 3884 homines,

579 3938 790 3994 nullum
811 3933 1010 3988 malum
1028 3927 1150 3998 ejus
1171 3923 1508 3995 justissimas
1528 3916 1922 3990 perpensioncs
1941 3911 2163 3982 eliugiet

581 4029 728 4100 quod
765 4041 876 4081 non
927 4022 998 4078 sit
1031 4017 1386 4074 manifestum
1425 4013 1555 4068 illis.
1596 4010 1698 4077 Qui
1734 4008 1877 4062 mala
1916 4007 2162 4061 fecerunt

587 4098 789 4188 simple
819 4115 1029 4184 judicio
1059 4105 1593 4164 condemnabuniur.
1630 4098 2022 4168 Unusquisque
2068 4110 2162 4150 eo-

585 4230 705 4270 rum
738 4229 766 4266 a
796 4209 1016 4282 propria
1070 4201 1403 4260 conscientia
1432 4198 1760 4267 redargutus
1805 4199 2030 4264 peccata
2061 4205 2158 4245 sua

583 4323 787 4379 negare
824 4319 932 4359 non
971 4300 1172 4372 poterit
1199 4307 1387 4350 coram
1421 4292 1533 4346 Deo
1561 4287 1656 4360 qui
1683 4293 1882 4342 cuncta
1903 4292 2163 4339 accurate

582 4396 893 4470 cognOscit.

2258 3279 2470 3346 τεῦθεν,
2519 3277 2870 3343 άξιεπαίνους
2907 3275 3035 3338 τοὺς
3090 3275 3181 3327 ὑπ’
3230 3270 3396 3325 αὑτοῦ
3451 3273 3854 3341 πνευματικῶς

2257 3371 2588 3443 ἀναχθέντας
2615 3370 2850 3440 ἀφήσει·
2883 3367 3066 3421 καλῶν
3090 3364 3430 3421 διδασκάλων
3470 3363 3581 3435 γὰρ
3611 3364 3752 3418 καλά
3781 3369 3855 3417 τὰ

2259 3465 2584 3536 μαθήματα.
3279 3451 3298 3456 ”

2327 3561 2398 3624 η’,
2429 3555 2613 3608 Ὅταν
2637 3552 2948 3620 ,βασιλεὺς
2974 3551 3209 3619 δίκαιος
3227 3554 3448 3623 καθίσῃ
3473 3552 3574 3608 ἐπι
3596 3551 3701 3606 τοῦ
3721 3553 3858 3619 θρόο

2258 3665 2391 3714 νου,
2434 3648 2546 3701 οὐκ
2575 3645 2953 3702 ἐναντιοῦται
2983 3646 3054 3700 ἐν
3089 3645 3429 3716 ὀφθαλμοῖς
3476 3646 3669 3701 αὐτοῦ
3726 3644 3858 3698 πᾶν·

2260 3739 2550 3808 πονηρόν.
2589 3738 2859 3810 Ὀπηνίκα
2883 3741 2912 3792 δ
2936 3740 3057 3793 τόδε
3082 3740 3143 3792 τὸ
3175 3741 3283 3793 πᾶν
3313 3739 3570 3793 διιθύνων
3597 3739 3854 3802 δικαίως,

2261 3834 2356 3888 καὶ
2392 3832 2502 3888 τῶν
2539 3831 2678 3887 ὅλων
2703 3830 2981 3896 δεσπόζων
3033 3815 3206 3896 Θεὸς,
3240 3831 3442 3902 καθίσῃ
3478 3833 3668 3901 κρῖναι
3705 3832 3857 3899 άπερ

2261 3925 2545 3997 ἄνθρωποι
2596 3925 2998 3996 διεπράξαντο,
3035 3925 3185 3979 οὐδὲν
3221 3925 3330 3978 τῶν
3396 3925 3586 3978 κακῶν
3642 3924 3865 3976 ἀντιπί-

2277 4034 2404 4070 πτει
2431 4019 2544 4080 τοῖς
2572 4016 2762 4070 τούτου
2792 4015 3154 4080 δικαιοτάτοις
3181 4015 3571 4086 ἀκριϐασμοῖς,
3603 4014 3745 4068 ὥστε
3783 4015 3862 4084 μὴ

2261 4109 2608 4180 ἐγνωσμένον
2662 4105 2801 4162 εἶναι
2849 4109 3064 4172 αὑτοῖς·
3130 4108 3595 4180 αὑτοκατάκριτοι
3630 4108 3741 4177 γὰρ
3806 4107 3862 4159 οξ

2262 4200 2438 4254 ταῦτα
2474 4200 2913 4273 διαπραξάμενοι
2952 4201 3201 4256 ἔσονταιο
3236 4200 3469 4264 ἕκαστος
3523 4199 3712 4254 αὑτῶν
3749 4198 3866 4251 ὑπὸ

2261 4296 2357 4350 τοῦ
2391 4295 2522 4349 ἰδίου
2555 4294 2914 4366 ἐλεγχόμενος
2945 4293 3270 4357 συνειδότος,
3296 4301 3390 4345 καὶ
3415 4293 3766 4364 ἀρνήσασθαι
3793 4291 3866 4346 τὰ

2263 4388 2583 4460 ἐσφαλμένα
2609 4387 2778 4458 αὐτῷ,
2809 4386 3125 4458 ἔμπροσθεν
3166 4385 3260 4439 τοῦ
3292 4385 3475 4440 πάντα
3503 4383 3753 4454 ἀκριϐῶς
3783 4385 3868 4438 ει-

2264 4481 2414 4545 δότος
2447 4479 2582 4534 Θεοῦ
2619 4479 2694 4551 μὴ
2715 4480 3034 4550 δυνάμενος.

657 4599 822 4651 V'eas.
864 4597 918 4648 9.
954 4593 1084 4659 Quis
1112 4583 1428 4661 ﬁloriabitur
1443 4592 1648 4637 castum
1695 4595 1749 4634 se
1803 4577 1989 4632 habere
2011 4591 2102 4629 cor
2137 4574 2152 4626 Ξ

2338 4572 2403 4627 θ’.
2441 4573 2537 4638 Τίς
2557 4571 2930 4640 καυχήσεται
2966 4570 3164 4641 ἁγνὴν
3197 4570 3364 4639 ἔχειν
3395 4569 3516 4638 τὴν
3563 4569 3867 4640 καρδίαν-ς

581 4693 690 4746 Aut
712 4690 826 4761 quis
846 4687 1108 4758 aﬂirmare
1129 4681 1341 4735 audebit
1362 4676 1614 4731 mundum
1630 4689 1684 4728 se
1701 4687 1814 4726 esse
1831 4687 1864 4723 α
1887 4669 2117 4739 peccatis
2137 4667 2163 4720 ?

584 4758 866 4851 Quis—sese
889 4774 1167 4845 jactitahit
1201 4772 1439 4826 animam
1472 4783 1531 4822 se
1562 4767 1767 4821 habere
1796 4761 2053 4817 mundam
2092 4758 2160 4812 ah

584 4873 732 4926 omni
771 4865 1238 4936 concupiscentiae
1283 4857 1665 4931 cogitatiOne?
1696 4853 1794 4910 Vel
1820 4853 1943 4924 quis
1967 4865 2164 4908 secure

585 4968 730 5020 dicet
756 4961 983 5018 omnino
1014 4952 1553 5026 irreprehensibilem
1581 4966 1705 5005 esse
1743 4962 1898 5004 suam
1926 4958 2157 4999 conver-

587 5055 856 5111 sationem
889 5051 912 5104 ?
940 5047 1113 5105 Nemo
1158 5047 1302 5102 enim
1361 5043 1566 5114 peccati
1615 5055 1833 5110 expers,
1868 5037 1972 5092 nisi
2011 5035 2162 5092 solus

587 5147 751 5201 Deus.

658 5241 824 5294 \"eus.
860 5236 946 5301 lt),
978 5236 1067 5290 il.
1100 5232 1319 5287 Pondus
1367 5245 1616 5300 magnum
1655 5239 1703 5282 et
1732 5243 1977 5296 parvum.
2010 5244 2158 5281 men-

588 5347 727 5389 sura:
767 5326 1024 5396 duplices,
1051 5321 1437 5379 abominabilia
1485 5329 1609 5374 sunt
1657 5318 1798 5387 apud
1832 5317 2112 5371 Dominum
2147 5332 2164 5368 :

588 5425 677 5495 qui
711 5421 841 5491 facit
873 5436 957 5486 ea,
1008 5419 1062 5472 in
1113 5416 1341 5486 propriis
1392 5413 1586 5468 studiis
1618 5411 2004 5480 implicabitur.
2044 5409 2163 5464 Non

590 5514 871 5586 aequaliter
895 5517 1115 5581 peccata
1143 5523 1240 5563 sua
1260 5506 1560 5563 etlratrum
1587 5510 1811 5574 peccata
1837 5503 2165 5572 ponderare,

593 5606 687 5664 sed
719 5620 909 5660 eorum
937 5601 1156 5672 quidem
1202 5600 1406 5654 ducere
1439 5597 1628 5668 gravia
1666 5611 1730 5650 ac
1775 5595 2167 5658 intolerabilia,

594 5714 693 5756 sua
734 5705 914 5752 autem
950 5695 1085 5748 levia
1127 5745 1143 5760 ,
1175 5702 1230 5748 et
1254 5691 1310 5746 in
1351 5691 1458 5746 alia
1494 5689 1714 5760 quidem
1749 5703 1870 5743 sese
1907 5703 2165 5743 mensura

596 5789 921 5854 nietiri,alia
952 5795 1132 5841 autem
1154 5785 1454 5857 proximos,
1486 5797 1685 5854 magna
1715 5782 1784 5838 ab
1820 5783 1888 5837 iis
1915 5782 2165 5851 exigere,

602 5899 630 5935 ιι
659 5897 718 5936 se
747 5893 931 5950 parva,
962 5878 1158 5934 exinde
1188 5876 1406 5932 unicam
1440 5874 1684 5932 dividere
1713 5885 1966 5930 naturam
2002 5882 2055 5929 et
2087 5874 2166 5928 sic

2268 4666 2307 4734 ἣ
2334 4666 2426 4731 τίς
2439 4665 2920 4733 παρῤησιάσεται
2941 4662 3196 4732 καθαρὸς
3218 4662 3374 4716 εἶναι
3391 4663 3510 4717 ἀπὸ
3532 4665 3867 4734 ἀμαρτίιις;

2270 4758 2367 4822 Τίς
2404 4757 2764 4829 μεγαλαυχῶν
2799 4756 2927 4826 εἴπῃ
2961 4755 3211 4825 καθαρὰν
3240 4755 3385 4826 ἔχειν
3419 4755 3519 4825 τὴν
3557 4755 3739 4825 ψυχὴν
3759 4757 3865 4809 αὑ-

2270 4851 2364 4906 τοῦ
2396 4853 2505 4906 ἀπὸ
2531 4852 2731 4915 παντὸς
2757 4850 3039 4922 ὲμπαθοῦς
3064 4850 3362 4922 λογισμοῠ;
3387 4852 3419 4922 ἦ
3444 4851 3529 4915 τίς
3561 4851 3866 4920 φθέγξεται

2273 4944 2654 5006 ἀνυποστόλως
2683 4945 2976 5015 ἄμεμπτον
2997 4945 3078 5008 εἰς
3103 4944 3164 4997 τὸ
3186 4943 3447 5008 παντελὲς
3468 4944 3743 5015 ὑπάρχειν
3760 4943 3869 5015 τὴν

2274 5037 2549 5090 πολιτείαν
2573 5035 2738 5090 αὑτοῦ
2764 5053 2780 5102 ;
2802 5036 2977 5100 οὐδεὶς
3003 5035 3112 5107 γάρ
3135 5036 3548 5107 ἀναμάρτητος,
3584 5039 3634 5090 εί
3665 5037 3746 5107 μὴ
3775 5033 3869 5101 εἷς

2273 5130 2300 5181 ὁ
2329 5129 2482 5191 Θεός.

2345 5219 2435 5274 ια’.
2469 5220 2766 5290 Στάθμιον
2791 5218 2951 5290 μέγα
2985 5219 3083 5274 καὶ
3115 5220 3362 5289 μικρὸν,
3408 5222 3596 5289 μέτρα
3643 5221 3864 5285 δισσὰ,

2274 5313 2579 5384 ἀκάθαρτα
2602 5313 2860 5369 ἐνώπιον
2889 5313 3110 5383 Κυρίου
3146 5314 3569 5384 καὶάμφότερα
3593 5332 3605 5346 ·
3669 5317 3768 5369 καὶ
3835 5320 3868 5370 ὀ

2276 5407 2465 5462 ποιῶν
2502 5408 2676 5471 αὐτὰ,
2703 5407 2774 5460 ἐν
2801 5405 2927 5472 τοῖς
2964 5407 3435 5476 ἐπιτηδεύμασιν
3489 5407 3679 5462 αὑτοῦ
3709 5424 3871 5475 σιψ-

2276 5502 2733 5571 ποδισθήσεται.
2780 5505 2853 5557 Τὸ
2889 5503 2966 5576 μὴ
2995 5503 3190 5573 ἐπίσης
3235 5503 3358 5556 τινά
3386 5500 3743 5556 ταλαντεύειν
3795 5501 3873 5553 τὰ

2277 5594 2474 5650 ἑαυτοῦ
2530 5599 2626 5652 καὶ
2652 5596 2725 5650 τὰ
2749 5597 2857 5652 τῶν
2904 5596 3171 5666 ἀδελφῶν,
3204 5594 3343 5648 ἁλλά
3375 5594 3444 5648 τά
3493 5593 3704 5646 τούτων
3761 5592 3871 5663 μὲν

2279 5689 2598 5758 πταίσματα
2621 5690 2876 5762 ἡγεῖσθαι
2896 5689 3071 5760 βαρέα
3095 5705 3152 5740 τε
3177 5687 3270 5741 καὶ
3292 5686 3697 5747 δυσϐάστακτα,
3733 5686 3870 5739 ελα-

2279 5783 2390 5852 φρά
2429 5782 2487 5836 δὲ
2518 5783 2586 5837 τά
2615 5784 2808 5838 ἑαυτοῦ
2829 5802 2840 5816 ’
2873 5784 2964 5837 καὶ
2989 5783 3045 5835 τὸ
3080 5785 3299 5853 μετρεῖν
3335 5780 3480 5850 ἄλλῳ
3536 5781 3632 5851 μὲν
3671 5781 3872 5850 μέτρῳ

2280 5874 2494 5946 ἑαυτὸν,
2527 5875 2698 5946 ἑτέρῳ
2729 5875 2786 5928 δὲ
2815 5876 2941 5938 τοὺς
2971 5877 3251 5946 ὁμοφυεῖς,
3289 5872 3502 5944 μεγάλα
3552 5872 3649 5942 μὲν
3687 5872 3868 5923 ἀπαι-
