4054 6502
258 324 396 385 1ῗ25

1316 332 1861 393 COMMENTARII
1904 331 1984 394 IN
2027 334 2474 396 PROVERBIA.

3388 326 3520 391 1426

251 434 449 490 τυῦντα
482 438 731 507 τούτους,
760 445 936 513 μικρὰ
955 443 1010 498 δὲ
1035 444 1217 509 αὑτὸν,
1254 444 1548 500 κάντεῦθεν
1584 447 1680 518 τὴν
1709 448 1838 515 μίαν

1968 447 2117 516 psius
2153 457 2428 501 auctorem
2465 455 2518 501 et
2547 444 2915 516 legislalorem
2939 445 3267 517 impingere,
3305 453 3521 496 utrum-
3555 435 3559 440 ’

256 528 419 595 φύσιν
445 531 712 602 μερίζειν,
745 534 840 587 καὶ
865 534 1008 588 οῦτω
1044 537 1181 607 πρὸς
1214 537 1307 590 τὸν
1334 537 1539 609 ταύτης
1564 540 1835 609 Δημιουρ-

253 619 352 685 γὸν
377 622 470 675 καὶ
499 623 798 696 νομοθέτην
836 629 1218 699 προσκρούειν.
1246 628 1514 698 βδελυκτά
1542 631 1648 684 εἱσι
1686 632 1839 702 παρὰ

253 710 335 780 τῷ
361 712 469 765 τῶν
505 714 641 768 ὅλων
674 716 921 788 Δεσπότῃ
944 719 1036 772 καὶ
1066 720 1387 791 ἀμφότεραο
1446 722 1541 777 καὶ
1589 722 1618 773 ὀ
1668 721 1839 775 ταῦτα

257 807 748 877 διαπραττόμενος,
780 811 839 863 ὲν
873 812 991 874 ταῖς
1021 811 1296 876 τοιαύταις
1333 811 1499 865 αὐτοῦ
1559 813 1822 876 ἐπινοίαις

1945 555 2050 609 que
2087 540 2454 594 abominabile
2485 549 2569 595 est
2604 538 2747 610 apud
2787 539 3035 593 omnimn
3075 536 3390 589 Dominum.
3418 535 3522 601 Qui

1947 632 2077 685 facit
2120 648 2188 687 ex
2230 632 2466 702 propriis
2507 631 2994 687 adinventionibus
3031 628 3426 701 implicabitur.
3463 628 3522 681 In

1950 724 2314 794 quibusenim
2339 726 2479 780 alios
2512 724 2748 795 judicat,
2778 724 3023 795 seipsum
3074 723 3427 779 condemnat.
3466 717 3524 774 In

1950 830 2056 885 qua
2090 832 2346 873 mensura
2409 818 2653 879 metitur,
2684 815 3007 869 remetiatur
3034 814 3107 869 ei.

258 898 581 967 προσκόψει·
606 903 664 954 ὲν
695 896 776 965 οἷς
808 902 916 973 γὰρ
944 903 1162 976 ἐτέρους
1193 906 1395 976 κρίνει,
1435 904 1627 958 ἑαυτὸν
1665 907 2019 977 κατακρίνειο
2053 909 2147 962 καὶ
2173 902 2218 977 ᾧ
2249 909 2433 980 μέτρῳ
2467 908 2673 979 μετρεῖ,
2712 905 3132 978 μετρηθήσεται.

338 990 675 1058 Νεανίσκος
688 994 838 1061 μετὰ
859 994 1057 1057 ὁσίου,
1080 996 1177 1050 καὶ
1196 995 1396 1051 εὐθεῖα
1411 994 1449 1063 ἡ
1474 994 1616 1060 ὁδὸς
1631 997 1841 1051 αὐτοῦ.

260 1079 325 1131 Ei
354 1081 383 1133 ὀ
403 1080 521 1145 νέος
538 1082 643 1136 ὑπὸ
668 1083 985 1138 διδάσκαλον
1004 1086 1239 1157 ὑπάρχει
1267 1087 1653 1157 πνευματικὸν,
1675 1086 1851 1159 ὀρθῶς

260 1173 361 1243 τὴν
386 1174 503 1227 κατ’
533 1176 731 1247 ἀρετὴν
754 1180 890 1248 πρὸς
924 1178 1056 1231 Θεὸν
1102 1180 1373 1250 φέρουσαν
1404 1179 1590 1251 τρίϐον
1621 1180 1846 1250 βαδίζει,

265 1264 356 1315 ὑπ’
392 1265 557 1319 αὐτοῦ
577 1267 803 1330 δεόντως
833 1270 1374 1342 παιδαγωγούμενος.

339 1354 427 1425 ιβ’.
462 1353 585 1423 Οὗς
603 1359 834 1423 ἀκούει,
855 1361 953 1413 καὶ
975 1362 1283 1433 ὀφθαλμὸς
1306 1366 1435 1435 όρᾷ,
1462 1369 1680 1437 Kvplov
1704 1368 1848 1437 ἔργα

265 1447 365 1499 καὶ
401 1449 725 1519 ἀμφότερα.
752 1452 912 1522 Παρὰ
963 1453 1056 1506 τοῦ
1092 1455 1371 1509 Δεσπότου
1413 1458 1522 1511 τῶν
1549 1460 1686 1513 ὅλων
1711 1458 1846 1512 Θεοῦ

268 1537 448 1601 πάσας
481 1539 578 1601 τὰς
609 1540 891 1611 αἰσθήσεις
914 1543 1173 1612 εἴληφας,
1241 1545 1527 1617 ἄνθρωπε·
1586 1545 1696 1602 οἷον
1750 1550 1847 1615 τὴν

266 1630 600 1701 ἀκουστικὴν
633 1650 692 1684 τε
729 1634 821 1686 καὶ
837 1634 1071 1706 ὀπτικὴν
1100 1638 1196 1690 καὶ
1234 1638 1467 1710 καθεξῆς
1495 1643 1592 1705 τὰς
1623 1642 1843 1705 λοιπάς·

2025 999 2091 1053 Et
2125 1000 2428 1056 adolescens
2463 1016 2581 1055 cum
2629 1010 2835 1059 sancto,
2872 1006 2924 1052 et
2980 1007 3125 1051 recta
3171 996 3259 1049 via
3298 994 3434 1064 ejus.
3467 990 3524 1047 Si

1952 1090 2276 1148 adulescens
2306 1093 2409 1148 sub
2437 1092 2701 1163 magistro
2726 1090 2972 1161 sapiente
3006 1085 3341 1143 sufﬁcienter
3370 1083 3439 1138 ab
3459 1097 3527 1137 eo

1953 1185 2116 1239 fuerit
2144 1185 2445 1240 instructus
2473 1183 2541 1237 ad
2576 1193 2722 1239 recte
2753 1180 3095 1253 sequendum
3125 1179 3271 1234 viam
3306 1174 3543 1249 virtutis

1950 1290 2070 1344 quae
2098 1274 2251 1330 ducit
2285 1274 2350 1331 ad
2390 1275 2579 1328 Deum.

2026 1366 2188 1420 Vens.
2220 1366 2308 1421 ιε.
2342 1367 2537 1420 Aurem
2568 1363 2866 1419 audientem
2894 1373 2943 1418 et
2984 1364 3196 1419 oculum
3244 1361 3544 1426 videntem,“

1955 1456 2214 1512 Dominus
2255 1458 2380 1526 fecit
2411 1466 2709 1527 utrumque.
2765 1454 2968 1511 Omnes
3002 1472 3032 1509 a
3082 1454 3192 1510 Deo
3246 1454 3531 1508 ttnivcrso~

1956 1564 2076 1603 rum
2110 1547 2345 1602 Domino
2395 1563 2595 1603 sensus
2629 1546 2915 1615 accepisti,
2939 1545 3124 1609 homo,
3150 1545 3347 1614 quales
3379 1542 3531 1597 audi-

1957 1648 2092 1706 tum,
2120 1644 2299 1695 visum
2328 1648 2381 1694 et
2430 1653 2677 1695 czeteros.
2734 1638 2967 1708 Oportet
3015 1635 3185 1707 igitur
3228 1646 3281 1691 te
3319 1634 3406 1690 bis
3432 1634 3532 1701 uti,

266 1721 389 1774 δέον
451 1722 544 1776 οῦν
585 1741 645 1777 σε
701 1726 938 1796 χρῆσθαι
994 1729 1249 1797 ταύταις,
1279 1731 1356 1796 ὡς
1409 1732 1595 1803 ὴθεία
1656 1732 1847 1804 ἐντολὴ

1968 1732 2099 1787 sicut
2130 1731 2377 1803 precipit
2414 1731 2507 1787 Dei
2532 1731 2879 1785 mandatum.

267 1815 511 1868 ἀπαιτεῖ.

342 1912 430 1971 ιγ’.
468 1909 523 1958 Μ
532 1906 563 1972 ὴ
594 1906 795 1975 ἀγάπα
825 1911 1209 1975 καταλαλεῖν,
1226 1913 1422 1983 ἵναμὴ
1452 1915 1729 1983 ἑξαρθῇς.
1761 1913 1852 1985 Μὴ

270 1999 520 2060 ἀσπάζου
552 1999 613 2052 τὸ
640 2000 817 2069 λέγειν
858 2005 999 2058 κατά
1025 2022 1193 2068 τινος,
1226 2008 1322 2059 καὶ
1357 2008 1559 2062 διδόναι
1613 2011 1679 2079 τῇ
1713 2009 1850 2078 ἀκοῇ

268 2089 366 2141 τοῦ
385 2091 678 2160 φιλοψόγου
709 2094 808 2165 τὴν
837 2095 1093 2163 γλῶσσάν
1130 2115 1245 2151 σου·
1282 2099 1367 2151 ἵνα
1395 2098 1469 2169 μὴ
1498 2099 1574 2164 ὼς
1604 2099 1854 2169 βλάπτων

278 2183 377 2234 σὺν
400 2182 550 2254 αὐτῷ
575 2186 670 2238 καὶ
700 2186 944 2258 ἑτέρους,
990 2189 1341 2260 ἁνάρπαστος
1401 2192 1556 2262 γένῃ,
1610 2190 1855 2254 ὑποστὰς

271 2272 540 2342 αἰφνίδιον
568 2275 811 2347 ὄλεθρον.

342 2362 659 2429 Διάνοιξον
684 2365 753 2418 δὲ
783 2366 925 2433 τοὺς
957 2369 1305 2439 ὀφθαλμούς
1328 2388 1466 2430 σου.
1510 2372 1606 2424 καὶ
1625 2372 1856 2441 ἐμπλή-

272 2456 452 2520 σθητι
480 2456 694 2524 ἀρτῶν.
713 2459 1077 2515 Ἀναπέτασον
1101 2462 1156 2515 δὲ
1180 2463 1317 2534 πρὸς
1362 2462 1493 2516 Θεὸν
1517 2464 1617 2526 τὰς
1644 2463 1857 2535 θεωρη-

274 2545 435 2610 τικὰς
466 2547 567 2617 τῆς
624 2549 804 2621 ψυχῆς
838 2569 931 2605 σου
964 2553 1243 2623 δυνάμεις,
1270 2555 1485 2608 καὶτῶν
1513 2555 1716 2627 ταύτην
1737 2573 1861 2627 τρε-

276 2638 487 2705 φόντων
536 2639 732 2708 λογίων
782 2642 947 2696 αὑτοῦ
986 2645 1302 2712 γνωστικῶς
1350 2646 1724 2719 ἐμφορήθητι·
1767 2647 1861 2702 τοῦ

277 2730 459 2800 λέγειν
498 2734 706 2799 κακῶς,
738 2734 799 2787 τὸ
835 2736 1128 2806 μανθάνειν
1157 2738 1363 2802 καλῶς,
1396 2739 1848 2811 προαιρούμενος.

351 2824 841 2893 Κακολογηοῦντος
866 2826 1092 2895 πατέρα
1116 2828 1148 2896 ἣ
1168 2827 1420 2897 μητέρα,
1452 2832 1861 2898 σϐεσθήσεται

276 2914 585 2983 λαμπτήρ.
628 2915 702 2968 Τὸ
728 2916 827 2986 τῆς
852 2918 1185 2987 θεογνωσίας
1212 2921 1394 2991 νοερὸν
1448 2922 1564 2991 φῶς
1622 2924 1863 2978 ἀποσὸεο

2026 1904 2186 1960 Vens.
2231 1906 2315 1960 15.
2355 1903 2484 1959 Noli
2514 1904 2733 1975 diligere
2757 1904 3160 1967 detractionem,
3192 1917 3253 1955 ne
3298 1900 3535 1957 tollatis.

1954 1991 2075 2047 Noli
2107 2008 2293 2048 amare
2322 2009 2657 2063 quemquam
2683 1993 2995 2058 detrahere,
3013 2006 3115 2048 nec
3137 1990 3270 2047 dare
3294 1991 3536 2062 linguam

1958 2093 2106 2139 tuam
2142 2086 2354 2141 auditui
2389 2085 2738 2149 detractoris,
2766 2101 2838 2141 ne
2864 2100 2985 2139 cum
3017 2084 3112 2140 illo
3143 2084 3282 2140 alios
3331 2083 3537 2138 laedens

1957 2172 2274 2242 abripiaris,
2302 2174 2652 2244 repentinam
2686 2173 2986 2244 perniciem
3022 2171 3328 2227 subeundo.

2032 2354 2190 2424 Operi
2220 2356 2399 2410 oculos
2446 2366 2581 2422 tuos,
2606 2366 2656 2411 et
2685 2356 2899 2426 implere
2948 2355 3195 2423 panibus.
3230 2352 3449 2424 Explica
3484 2352 3539 2408 in

1963 2449 2133 2504 Deum
2166 2450 2445 2519 potentias
2493 2450 2693 2504 animae
2741 2456 2851 2504 tuae
2908 2448 3297 2517 speculativas,
3325 2454 3381 2501 et
3442 2459 3543 2516 per

1962 2539 2251 2595 scientiam
2276 2539 2503 2610 implere
2528 2538 2652 2610 ejus
2669 2539 2904 2609 eloquiis
2935 2552 3059 2607 qua:
3086 2551 3209 2591 eam
3230 2535 3543 2598 enutriunt,

1964 2632 2104 2691 bene
2126 2632 2342 2688 discere
2373 2646 2541 2704 quam
2583 2633 2725 2688 male
2768 2631 2955 2687 dicere
2986 2630 3168 2701 potius
3203 2628 3435 2684 habens.
3468 2644 3471 2645 '

2036 2808 2202 2865 Vens.
2239 2810 2328 2864 20.
2378 2810 2479 2875 Qui
2522 2811 2788 2863 maledicit
2826 2810 2972 2876 patri
3021 2825 3117 2863 suo
3142 2818 3193 2863 et
3232 2808 3417 2874 matri,
3449 2822 3546 2863 ea:-

1967 2902 2269 2971 stinguetur
2304 2902 2519 2955 lucerna
2576 2902 2718 2971 ejus.
2754 2901 2963 2957 Lumen
3015 2899 3394 2957 intellectuale
3450 2899 3546 2954 Dei

282 3004 545 3073 σθήσεται
569 3005 663 3059 τοῦ
715 3007 1185 3080 βλασφημοῦντος,
1217 3012 1326 3065 εἴτε
1374 3014 1454 3076 εἰς
1486 3015 1577 3068 τὸν
1607 3015 1741 3068 Θεὸν
1772 3016 1859 3069 καὶ

1969 2995 2303 3065 cognitionis
2333 2996 2720 3066 exstinguelur
2744 2996 2797 3049 in
2833 3010 2900 3050 eo
2928 2992 3025 3064 qui
3056 2992 3545 3063 blasphematsivo

279 3097 499 3169 Πατέρα
519 3116 531 3128 ο
559 3100 617 3153 ὲν
639 3056 1035 3173 τῷιτολμῖηιρῂῶς
1066 3056 1270 3171 λέγειν,
1309 3107 1383 3176 μὴ
1410 3056 1545 3171 ὄθλως
1575 3103 1713 3162 εἶναι
1732 3108 1859 3162 Θεὸν

1972 3085 2026 3140 in
2048 3086 2215 3142 Deum
2235 3097 2290 3141 et
2309 3096 2519 3157 patrem
2546 3085 2781 3142 dicendo
2812 3086 3076 3141 audacter
3096 3100 3206 3140 non
3229 3099 3355 3140 esse
3377 3083 3546 3140 Deum

279 3189 376 3242 τοῦ
411 3192 610 3254 παντὸς
640 3192 847 3247 αἴτιον
886 3195 997 3248 εἴτε
1032 3196 1111 3259 είς
1140 3196 1237 3264 τὴν
1277 3198 1642 3253 ἐνυπόστατον
1701 3200 1865 3254 αὐτοῦ

281 3283 502 3352 σοφίαν,
550 3285 617 3339 δι’
687 3281 756 3358 ἧς
803 3287 1017 3358 ὑπέστη
1070 3307 1129 3342 τε
1187 3291 1280 3345 καὶ
1329 3291 1426 3361 τῆς
1478 3292 1867 3362 προσηκούσης

283 3373 532 3438 ἀξιοῦται
605 3378 863 3449 προνοίας
914 3378 975 3432 τὸ
1038 3381 1182 3445 πᾶν,
1241 3383 1297 3435 ἐν
1352 3380 1432 3451 τῷ
1492 3382 1868 3452 ἀναισχύντως

280 3470 537 3540 φάσκειν,
590 3474 665 3545 μὴ
714 3474 943 3541 δεόντως
995 3477 1158 3530 τοῦτο
1190 3477 1283 3531 ὑπ’
1328 3478 1495 3532 αὑτοῦ
1541 3479 1676 3532 Θεοῦ
1726 3479 1869 3544 διεξ-

288 3564 545 3634 ἀγεσθαι.

347 3661 418 3713 Αἱ
444 3659 511 3712 δὲ
531 3661 699 3729 κόραι
723 3661 841 3715 τῶν
861 3661 1186 3731 ὀφθαλμῶν
1226 3663 1414 3719 αὐτοῦ
1450 3664 1702 3732 ὄψονται
1727 3669 1871 3721 σκό-

285 3770 407 3817 τος.
448 3753 581 3805 Αἱδ⁹
610 3754 831 3808 enim
851 3755 951 3826 τῆς
988 3755 1170 3825 ψυχῆς
1232 3756 1396 3809 αὐτοῦ
1451 3757 1730 3827 δυνάμεις,
1779 3760 1870 3812 τὸν

286 3844 483 3908 σκότος
524 3845 654 3898 ὄντα
714 3849 809 3902 κα)⁵
836 3847 949 3917 φῶς
984 3844 1123 3901 εἶναι
1162 3849 1590 3920 ὑποκρινόμενον
1614 3851 1866 3921 δαίμονα,

285 3939 432 3993 κατὰ
464 3939 670 4009 πλάνην
699 3940 774 4004 ὡς
803 3941 919 4010 φῶς
944 3941 1329 4007 ὑποδέξονται·
1371 3942 1664 3996 κάντεῦθεν
1693 3945 1868 4013 ἐμπεα

288 4032 462 4085 σεῖται
492 4033 521 4084 ὀ
548 4031 790 4097 τοιοῦτος
813 4035 893 4097 είς
927 4034 1157 4103 ἀγνοίας
1198 4037 1499 4106 κρημνοὺς,
1528 4038 1624 4094 καὶ⁹
1670 4039 1871 4101 κακίας

287 4122 563 4195 βάραθρα.

359 4222 467 4269 κα’.
492 4215 672 4285 Μερις
698 4216 1253 4287 ἐπισπουδαζομένη
1274 4219 1343 4272 ἐν
1364 4218 1640 4289 πρώτοις,
1660 4222 1730 4275 ἐν
1748 4222 1870 4288 tch

285 4310 654 4374 τελευτιιίοις
705 4311 818 4364 οὐκ
856 4312 1349 4379 εὐλογηθήσεται.
1425 4312 1488 4365 Ἦ
1535 4316 1667 4385 παρ’
1711 4314 1870 4385 ἡμῶν

1974 3177 2220 3233 universi
2245 3178 2605 3248 principium.
2630 3178 2748 3233 sive
2776 3176 2831 3231 in
2858 3174 3281 3232 substantialem
3309 3174 3430 3245 ejus
3453 3189 3548 3230 sa-

1973 3270 2236 3340 pientiam
2265 3285 2387 3341 quze
2413 3269 2666 3325 condidit
2692 3268 2961 3324 universa
2989 3276 3043 3323 et
3068 3266 3394 3340 congruenti
3422 3282 3551 3336 pro-

1970 3360 2210 3416 videntia
2231 3376 2416 3432 regere
2440 3362 2715 3432 dignatur,
2740 3359 2860 3415 sine
2889 3358 3099 3430 pudore
3133 3358 3369 3414 dicendo
3390 3373 3553 3411 mun-

1974 3454 2103 3507 dmn
2140 3454 2463 3509 universum
2500 3468 2610 3508 non
2664 3453 3006 3509 suﬂicicnter
3055 3450 3126 3505 ab
3178 3450 3298 3521 ipso
3326 3448 3550 3506 ordina-

1973 3554 2111 3600 tum.

2042 3636 2276 3703 Pupilla:
2307 3646 2483 3690 autem
2518 3636 2795 3689 oculorum
2842 3634 2958 3702 ejus
2994 3635 3241 3691 videbunt
3287 3634 3550 3690 tenebras.

1974 3729 2186 3783 Anima:
2219 3736 2402 3784 autem
2423 3728 2547 3797 ejus
2577 3726 2808 3782 visionis
2844 3727 3102 3794 potentiae
3133 3726 3412 3781 diabolum
3457 3727 3553 3795 qui

1974 3821 2215 3876 tenebrae
2264 3828 2349 3877 est
2402 3825 2458 3874 et
2496 3819 2677 3873 lumen
2733 3833 2794 3872 se
2847 3831 2972 3872 esse
3028 3817 3292 3882 simulat,
3328 3832 3425 3887 per
3468 3831 3554 3872 cr-

1974 3930 2150 3969 rorem
2181 3922 2242 3969 ut
2270 3913 2454 3968 lumen
2482 3912 2772 3981 accipient.
2796 3909 2859 3964 Et
2882 3909 3081 3965 exinde
3105 3910 3370 3967 cadetille
3399 3910 3456 3966 in
3475 3910 3559 3982 ig.

1975 4007 2245 4062 norantiaa
2275 4004 2667 4078 praecipitium,
2700 4015 2756 4061 et
2791 4004 2844 4059 in
2875 4004 2995 4059 vitii
3030 4004 3313 4077 abyssum.

2042 4196 2209 4254 Vens.
2237 4198 2330 4251 ει.
2364 4195 2500 4251 Pars
2537 4195 2795 4265 festinata
2827 4194 2881 4248 in
2913 4195 3126 4264 primis,
3157 4194 3213 4249 in
3250 4194 3563 4249 novissimis-

1972 4310 2076 4348 non
2129 4292 2480 4347 benedicetur.
2526 4290 2790 4361 Voluptas
2829 4306 2993 4361 quam
3034 4292 3087 4345 in
3138 4290 3430 4361 iuventute
3481 4290 3554 4344 ob

284 4400 567 4471 ἐπιμελῶς
598 4401 903 4473 ζητουμένη
938 4402 1025 4456 διὰ
1051 4404 1352 4475 νηπιότητα
1386 4384 1631 4477 φρενῶν,
1655 4407 1718 4458 ὲκ
1751 4384 1859 4459 νεό-

1975 4387 2240 4443 mentium
2271 4384 2560 4440 infantiam
2591 4399 2717 4439 cum
2743 4385 2940 4439 ardore
2968 4384 3289 4454 quaerimus,
3314 4398 3434 4439 eam
3459 4399 3555 4454 per

281 4511 449 4564 τητος
472 4493 653 4565 ἡδονὴ,
683 4494 1016 4567 μεριζομένη
1048 4498 1157 4549 ἀπὸ
1184 4498 1283 4566 τῆς
1312 4496 1506 4566 ὀδύνης
1530 4498 1653 4552 κατ’
1675 4498 1870 4571 αἴσθη-

286 4604 397 4651 σιν,
418 4586 514 4638 καὶ
533 4600 798 4655 προαιρου
809 4585 944 4656 μένη
964 4584 1059 4638 τοῦ
1085 4586 1351 4639 ἐπιπόνου
1373 4586 1473 4654 τῆς
1503 4585 1708 4656 ἀρετῆς
1730 4586 1871 4642 κατὰ

283 4676 514 4747 γνώμην
545 4676 725 4747 ἡμῶν,
759 4676 898 4747 πρὸς
936 4677 998 4730 τὸ
1028 4676 1180 4740 τέλος
1237 4676 1451 4747 ὁρώσης
1505 4676 1739 4748 ταυτησὶ
1770 4676 1871 4747 τῆς

288 4768 565 4839 ἡμετέρας
601 4768 773 4838 ζωῆς,
818 4768 917 4821 οὐκ
948 4768 1368 4837 ἐπαινεθήσεται
1400 4767 1508 4819 ὑπὸ
1558 4767 1654 4819 τοῦ
1686 4768 1867 4835 λόγου,

282 4863 674 4934 ἀνδρωθέντος,
704 4862 798 4915 καὶ
828 4860 888 4914 τὸ
916 4860 1087 4924 ὅντως
1120 4860 1284 4914 καλὸν
1332 4860 1441 4913 ἀπὸ
1498 4859 1595 4912 τοῦ
1650 4860 1869 4931 νομιζο-

289 4958 456 5024 μένου
482 4956 784 5026 διακρίνειν
813 4953 1173 5024 δεδυνημένου
1193 4972 1205 4984 ·
1240 4951 1761 5024 κατηγορηθήσεται
1812 4952 1870 5004 δὲ

288 5048 515 5115 μᾶλλον,
554 5045 743 5117 ἐπειδὴ
784 5045 1048 5114 κέκτηται
1078 5043 1253 5108 τέλος,
1292 5043 1392 5114 τὴν
1443 5041 1871 5114 περιποιητικὴν

285 5141 387 5207 τῆς
411 5138 603 5208 ὀδύνης
625 5137 834 5208 φθορὰν
855 5152 868 5167 ’
890 5138 986 5191 καὶ
1005 5136 1303 5207 ἄγκιστρόν
1340 5137 1455 5189 ἐστι
1479 5134 1573 5189 τοῦ
1599 5133 1868 5197 διαόόλου,

285 5230 425 5300 πρὸς
469 5228 743 5284 ἀπώλειαν
760 5228 934 5283 ἕλκον.

361 5323 464 5395 κβ’.
507 5327 604 5393 Μὴ
629 5326 836 5394 εἴπῃς·
870 5327 1113 5395 Τίσομαι
1148 5324 1257 5378 τὸν
1286 5322 1537 5392 ἐχθρόν’
1557 5320 1697 5374 ἀλλ’
1723 5318 1863 5375 ὑπό-

280 5435 495 5488 μεινον
523 5418 629 5472 τὸν
649 5419 893 5486 Κύριον,
928 5418 1030 5471 ἵνα
1062 5431 1162 5471 σοι
1191 5412 1502 5483 βοηθήσῃ.
1543 5412 1635 5483 Μὴ
1674 5411 1869 5481 βουλη-

286 5513 391 5582 θῇς
422 5510 847 5583 τιμωρήσασθαι
876 5509 966 5564 τὸν
995 5508 1317 5580 λυπήσαντά
1354 5524 1412 5560 σε
1448 5504 1592 5561 κατά
1618 5522 1671 5557 τι
1696 5518 1707 5531 ·
1734 5503 1870 5558 ἀλλὰ

287 5607 382 5655 τὸν
429 5602 498 5656 δι’
543 5602 709 5657 αὑτοῦ
766 5619 825 5656 σε
884 5601 1253 5655 παιδεύσαντα
1287 5599 1423 5670 πρὸς
1466 5596 1753 5664 διόρθωσιν
1774 5594 1868 5647 τοῦ

291 5695 495 5759 παντὸς
550 5696 855 5765 Δεσπότην,
909 5694 1203 5766 ὑπόμεινον
1263 5691 1603 5763 εὐχαρίστως
1632 5705 1646 5720 ’
1674 5688 1759 5741 ἵνα
1787 5705 1868 5741 σοι

290 5788 502 5865 ἀρωγὸς
537 5788 759 5860 γένηται
792 5786 934 5843 κατὰ
954 5789 1062 5842 τῶν
1088 5784 1451 5858 ἐνοχλούντων
1488 5801 1567 5838 σοι
1600 5781 1665 5836 δι’
1699 5781 1861 5836 ἀκου-

1975 4497 2174 4539 sensus
2193 4497 2222 4536 a
2242 4482 2431 4537 dolore
2446 4488 2771 4551 separantes
2802 4480 3090 4549 laborique
3125 4478 3348 4534 virtutis
3372 4486 3554 4533 tuente

1976 4581 2382 4649 praeponentes,
2419 4579 2682 4641 vergente
2727 4572 2795 4627 ad
2828 4571 2989 4626 tinem
3047 4570 3151 4625 hac
3194 4570 3307 4625 vita
3338 4578 3550 4631 nostra,

1975 4685 2083 4723 non
2119 4667 2486 4722 laudabitura
2523 4666 2739 4722 ratione
2762 4664 2875 4735 jam
2904 4664 3049 4719 virili
3083 4664 3298 4729 etiecta,
3332 4679 3552 4719 verum-

1974 4776 2080 4831 que
2109 4760 2313 4814 bonum
2345 4759 2508 4814 abeo
2557 4756 2703 4828 quod
2750 4765 3009 4812 censetur
3054 4756 3401 4826 distinguere
3448 4771 3553 4810 va-

1974 4853 2138 4910 lente.
2177 4850 2598 4920 Vituperabitur
2638 4848 2823 4918 potius
2870 4848 3090 4916 quando
3123 4848 3250 4901 ﬁnis
3276 4846 3552 4911 adveniet,

1973 4944 2259 5014 corruptio
2293 4958 2416 5012 qua:
2457 4942 2706 4997 dolorem
2739 4941 2880 5011 parit
2914 4948 2970 4994 et
3014 4940 3208 4996 hamus
3234 4946 3321 4995 est
3346 4938 3552 4995 diaboli

1980 5037 2047 5093 ad
2082 5037 2448 5108 perditionem
2476 5035 2785 5091 attrahens.

2044 5305 2215 5360 Vens.
2237 5302 2329 5357 22.
2359 5300 2440 5355 Ne
2467 5299 2711 5352 dixeris:
2740 5294 2983 5349 Ulciscar
3001 5292 3297 5355 mimicum,
3329 5288 3420 5345 sed
3439 5305 3561 5345 sua

1973 5406 2081 5458 tine
2147 5399 2430 5453 Dominum
2464 5402 2522 5448 ut
2553 5391 2647 5445 tibi
2682 5386 2890 5444 auxilio
2922 5386 3012 5444 sit.
3046 5384 3122 5441 Nc
3151 5383 3436 5440 mediteris
3466 5383 3551 5437 ul-

1975 5494 2111 5553 cisci
2143 5508 2268 5547 eum
2299 5489 2394 5560 qui
2422 5496 2475 5543 te
2502 5485 2695 5541 dolore
2747 5483 2830 5538 vel
2851 5479 3053 5551 injuria
3071 5478 3275 5533 all‘ecit.
3302 5475 3407 5531 Sed
3433 5491 3554 5530 om-

1975 5593 2125 5646 nium
2162 5585 2450 5642 Dominum
2476 5580 2573 5652 qui
2624 5587 2677 5633 te
2702 5593 2798 5649 per
2829 5590 2954 5632 eum
2986 5573 3053 5628 ad
3106 5570 3549 5627 emendationem

1973 5684 2227 5753 castigat,
2246 5683 2500 5750 exspecta
2524 5688 2647 5729 cum
2666 5670 2967 5743 gratiarum
2982 5665 3215 5729 actione,
3240 5672 3298 5716 ut
3316 5663 3431 5732 ipse
3453 5660 3548 5715 tibi

1972 5752 2362 5830 ultorcxsistat
2382 5770 2433 5825 in
2460 5782 2655 5837 pravos
2680 5761 2902 5835 spiritus
2921 5759 3010 5831 qui
3034 5773 3129 5828 per
3146 5752 3561 5812 involuutarias
