4054 6532
536 341 669 406 1427

1822 345 2178 406 PROCOPII
2213 345 2455 404 GAZzEI

3646 340 3766 404 MSS

531 453 823 524 passiones
859 453 952 507 tibi
993 462 1118 510 sunt
1144 456 1381 511 molesti.
1409 456 1908 513 lnvoluntariarum
1944 460 2091 514 enim

2225 456 2329 510 πίων
2343 456 2551 523 παθῶν,
2568 457 2669 526 τῆς
2690 455 2952 525 πονηρίας
2970 453 3312 523 πνευμάτων·
3335 453 3487 525 ἡγὰρ
3503 453 3610 506 τῶν
3634 455 3772 506 ἀκου-

533 547 854 617 passionum
885 546 1177 601 tolerantia
1210 561 1237 600 a
1269 549 1602 602 voluntariis
1638 551 1857 605 liberat.

607 637 775 695 Vsus.
809 638 900 692 Ξῖ).
933 638 1275 694 Abominatio
1300 649 1376 695 est
1410 642 1550 708 apud
1585 641 1867 695 Dominum
1901 641 2104 711 pondus

533 737 582 782 et
626 727 852 796 pondus,
888 735 1090 782 statera
1119 729 1306 784 dolosa
1361 747 1466 784 non
1502 741 1579 785 est
1624 734 1757 786 bona
1790 749 1968 786 coram
2021 749 2104 786 eo.

536 818 768 874 0dibi|is
802 819 912 874 Deo
941 821 1137 875 animae
1188 822 1485 892 dispositio
1519 822 1737 879 diversa
1773 824 1895 891 ejus
1931 825 2024 892 qui
2051 823 2103 874 in

535 913 777 982 appetitu
803 913 1224 983 concupiscibili
1254 923 1310 969 et
1369 916 1422 970 in
1456 915 1701 986 appetitu
1737 915 2000 970 irascibili
2036 915 2109 970 ob

535 1020 778 1058 amorem
812 1005 1032 1075 quidem
1069 1007 1279 1076 proprii
1303 1009 1574 1077 corporis,
1605 1007 1852 1076 jucunda
1879 1007 1982 1062 sibi
2017 1024 2107 1061 ar-

534 1105 713 1166 rogat,
751 1097 1100 1166 tyrannidem
1138 1109 1330 1152 'autem
1377 1099 1432 1154 in
1488 1099 1710 1161 fratres,
1739 1100 1967 1153 molesta
2002 1100 2109 1154 illis

536 1187 838 1242 meditatur
869 1207 884 1242 :
915 1189 988 1243 ita
1021 1189 1164 1244 enim
1200 1190 1342 1243 male
1377 1191 1648 1258 ponderat
1686 1206 1807 1258 qua:
1855 1207 1952 1245 sua
1982 1201 2110 1245 sunt

536 1288 592 1334 et
625 1294 748 1349 quas
777 1287 906 1334 sunt
937 1281 1190 1350 proximi.
1211 1280 1446 1337 0dibi|is
1474 1283 1681 1352 pariter
1713 1283 1976 1353 cogitatio
2012 1299 2108 1352 ap-

539 1369 772 1439 petitum
826 1370 1321 1440 concupiscibilem
1353 1380 1408 1425 et
1443 1371 1740 1441 appetitum
1775 1372 2110 1426 irascibilem

540 1462 856 1532 ponderans
896 1461 1018 1532 ejus
1050 1463 1140 1532 qui
1175 1477 1236 1517 se
1269 1464 1489 1533 quidem
1511 1480 1538 1516 a
1575 1464 1945 1532 voluptatibus
1977 1478 2111 1517 cou-

539 1554 675 1608 tinet
695 1563 750 1608 et
770 1553 1002 1609 molesta
1026 1555 1286 1619 sustinet,
1311 1569 1419 1608 non
1447 1563 1506 1608 ut
1534 1553 1642 1608 Deo
1669 1554 1764 1608 sed
1793 1554 2114 1608 hominibus

540 1645 775 1715 placeat,
811 1651 864 1700 et
896 1645 969 1700 ob
1011 1660 1208 1699 vanam
1249 1646 1502 1716 gloriam.
1542 1645 1668 1699 lude
1715 1645 1976 1699 virtutmn
2014 1661 2115 1715 pu-

539 1738 760 1792 ritatem
794 1739 1103 1809 corrumpit
1133 1745 1186 1793 et
1211 1738 1462 1807 quamvis
1493 1738 1674 1792 bonus
1695 1738 2014 1792 hominibus
2034 1737 2113 1791 vi-

2206 548 2338 600 σίων
2356 547 2544 601 παθῶν
2565 547 2831 618 ὑπομονὴ,
2851 547 2959 599 τῶν
2977 547 3238 599 ἑκουσίων
3254 545 3542 616 ἀπαλλαγὴ
3560 547 3772 613 γίνεται.

2279 637 2388 710 κγ’.
2415 639 2732 709 Βδέλυγμα
2791 640 3006 708 Κυρίῳ,
3049 638 3272 691 δισσὸν
3322 637 3650 705 στάθμιον’
3689 640 3775 691 καί

2213 734 2392 805 ζυγὸς
2423 733 2628 800 δόλιος
2679 734 2749 786 οὐ
2803 733 2993 785 καλὸν
3034 730 3294 785 ἐνώπιον
3321 731 3534 784 αὐτοῦ.
3573 732 3776 802 Μισητὴ

2209 826 2285 897 τῷ
2319 824 2457 895 Θεῷ,
2485 827 2518 895 ἡ
2546 826 2664 878 κατ’
2702 825 3001 893 ἐπιθυμίαν
3045 823 3140 876 καὶ
3181 823 3354 891 θυμὸν
3404 823 3660 890 διὰφορκ
3691 823 3779 891 τῆς

2209 919 2386 988 ψυχῆς
2415 917 2653 980 διάθεσις
2684 915 2778 969 τοῦ
2817 915 2904 969 διὰ
2941 917 3039 985 μὲν
3069 915 3166 985 τὴν
3201 916 3337 984 πρὸς
3374 917 3437 968 τὸ
3473 915 3607 968 [διον
3640 917 3781 984 σῶμα

2212 1011 2416 1080 φιλίαν,
2449 1009 2628 1080 ἐαυτῷ
2660 1009 2729 1062 τὰ
2763 1009 2895 1078 ὴδὲα
2945 1009 3414 1077 περιποιουμένου
3444 1026 3456 1040 ·
3494 1008 3583 1060 διὰ
3611 1008 3664 1060 δὲ
3694 1012 3783 1075 τὴν

2211 1104 2353 1155 κατὰ
2405 1101 2514 1154 τῶν
2559 1099 2817 1171 ὁμοφυῶν
2855 1098 3174 1170 τυραννίδα,
3228 1098 3296 1150 τὰ
3349 1100 3554 1169 ἀνιαρὰ
3583 1099 3784 1162 τούτοις

2213 1192 2599 1262 ἐπινοουμένου
2620 1209 2634 1222 ο
2663 1193 2755 1244 καὶ
2783 1190 2926 1243 οὕτω
2957 1191 3144 1252 κακῶς
3182 1192 3252 1244 τὰ
3293 1190 3387 1243 τοῦ
3413 1190 3648 1259 πλησίον
3703 1195 3786 1244 καὶ

2212 1286 2280 1338 τὰ
2313 1284 2506 1338 ἐαυτοῦ
2540 1283 2962 1346 ταλαντεύοντος
2988 1299 3000 1312 '
3031 1284 3125 1337 καὶ
3171 1285 3199 1337 ὁ
3245 1282 3345 1354 τὴν
3375 1283 3677 1350 ἐπιθυμίαν
3703 1287 3786 1336 καὶ

2217 1377 2305 1429 τὸν
2333 1375 2504 1447 θυμὸν
2546 1375 2805 1444 σταθμῶν
2849 1375 3116 1446 λογισμὸς
3163 1375 3258 1428 τοῦ
3313 1376 3788 1446 ἐγκρατευομένου

2219 1469 2318 1538 μὲν
2341 1469 2448 1520 τῶν
2471 1468 2664 1539 ἡδέων,
2693 1468 3056 1537 ὑπομένοντος
3088 1468 3144 1520 δέ
3188 1468 3257 1522 τὰ
3294 1467 3566 1538 όδυνηρὰ,
3609 1467 3685 1537 μὴ
3712 1469 3790 1522 διὰ

2217 1559 2351 1612 Θεοῦ
2399 1558 2779 1628 εὐαρέστησιν,
2828 1558 2966 1612 ἀλλὰ
3015 1559 3083 1610 δι’
3133 1556 3442 1628 ἀνθρώπων
3479 1557 3788 1628 ἀρέσκειαν,

2216 1651 2310 1706 καὶ
2333 1651 2541 1704 οἰκείαν
2575 1647 2919 1714 κενοδοξίαν·
2961 1647 3260 1704 κάντεῦθεν
3301 1649 3364 1702 τὺ
3399 1648 3648 1718 καθαρδν
3696 1647 3793 1699 τῶν

2219 1743 2426 1814 ἀρετῶν
2450 1741 2884 1812 κιϐδηλεύοντος,
2918 1742 3039 1812 ⁹κᾶν
3075 1740 3277 1808 ἀγαθὸς
3319 1741 3452 1811 παρ’
3488 1739 3792 1810 ἀνθρώποις

541 1832 738 1886 deatur
764 1847 872 1886 non
908 1833 1035 1889 talis
1065 1841 1151 1889 est
1181 1847 1366 1889 coram
1399 1832 1508 1888 Deo
1537 1833 1626 1902 qui
1664 1832 1851 1886 omnia
1886 1843 1944 1886 ut
1984 1840 2114 1888 sunt

2225 1801 2373 1905 δοκῇ,
2406 1835 2521 1888 ἀλλ’
2562 1801 2649 1886 ἐπ’
2687 1832 2807 1903 ὕψει
2961 1832 3035 1896 ὡς
3067 1801 3356 1902 έχουσιντὰ
3395 1801 3578 1886 πάντα
3601 1801 3795 1894 εἰδότος

541 1922 850 1990 cognoscit.

618 2015 780 2071 Vens.
839 2015 930 2070 24.
989 2019 1032 2071 Α
1088 2016 1318 2071 Domino
1372 2017 1680 2087 diriguntur
1727 2033 1934 2087 gressus
1995 2014 2116 2068 viri.

545 2108 794 2167 Mortalis
850 2121 1024 2164 autem
1083 2112 1343 2181 quomodo
1411 2114 1718 2182 cogitaverit
1778 2112 1888 2164 vias
1949 2108 2120 2164 suos?

545 2204 587 2255 Α
641 2203 748 2258 Deo
795 2203 1181 2258 universorum
1235 2204 1469 2258 Domino
1517 2205 1832 2272 diriguntur
1885 2202 2119 2259 hominis

543 2295 648 2348 viae
699 2294 754 2348 in
801 2295 1083 2359 virtutem,
1116 2297 1188 2350 ita
1238 2307 1296 2351 ut
1345 2313 1520 2367 neque
1576 2299 1628 2350 iu
1689 2298 1977 2368 passiones
2026 2311 2122 2366 per

545 2387 820 2442 delectum
856 2387 1082 2441 virtutis
1116 2387 1376 2454 declinet,
1408 2405 1585 2458 neque
1618 2391 1670 2442 iu
1706 2391 1992 2458 passiones
2025 2403 2122 2456 per
2149 2392 2156 2398 ‘

545 2492 860 2533 excessum.
907 2478 1066 2531 Enim
1119 2493 1250 2532 vero
1293 2480 1490 2532 timore
1536 2480 1628 2533 Dei
1689 2481 1976 2549 passiones
2026 2493 2122 2548 per

547 2568 823 2623 defectum
877 2570 1098 2624 virtutis
1158 2570 1388 2641 elIugit;
1441 2571 1716 2626 desiderio
1761 2580 1942 2626 autem
1991 2587 2120 2640 pas-

547 2658 736 2713 siones
769 2674 865 2728 per
902 2675 1212 2715 excessum.
1261 2660 1364 2716 Per
1402 2661 1509 2718 hoc
1542 2664 1876 2718 desiderium
1917 2664 2120 2719 bonum

548 2758 832 2819 operatur.
890 2749 1345 2820 Quandoquidem
1411 2754 1517 2810 nisi
1582 2755 1788 2811 divinis
1849 2755 2124 2811 mandatis

551 2844 694 2896 bona
725 2850 780 2897 et
818 2843 964 2896 mala
998 2847 1338 2914 cognoverit,
1372 2847 1478 2900 nisi
1515 2862 1542 2900 a
1589 2847 1732 2902 malo
1765 2847 1986 2917 quidem
2030 2864 2127 2918 per

551 2935 808 2990 timorem
864 2936 1355 2990 comminationqu
1414 2946 1714 3003 avertatur,
1773 2946 1828 2994 et
1880 2939 1946 2993 ad
1996 2939 2125 2994 boni

549 3029 927 3098 operationem
979 3030 1228 3100 erigatur
1275 3047 1370 3101 per
1419 3031 1754 3086 desiderium
1797 3033 2125 3102 promissio-

2219 1927 2375 1991 Θεοῦ,
2407 1928 2468 1980 οὐ
2502 1926 2744 1989 τοιοῦτός
2775 1929 2946 1987 ἐστιν,
3262 1987 3266 1990 ξ

2291 2023 2388 2076 κδ’.
2431 2020 2596 2089 Παρὰ
2631 2019 2850 2087 Κυρίου
2891 2019 3203 2090 εὐθύνεται
3230 2019 3302 2071 τὰ
3333 2016 3670 2084 διαδήματα
3700 2015 3797 2068 ἀι·-

2219 2116 2346 2184 δρί·
2389 2113 2606 2179 θνητὸς
2639 2111 2707 2164 δὲ
2742 2111 2865 2177 πῶς
2881 2109 2955 2164 ἂν
2977 2111 3196 2177 νοῆσαι
3232 2109 3339 2174 τὰς
3371 2108 3554 2173 ὀδοὺς
3587 2109 3794 2173 αὑτοῦ;

2222 2204 2380 2276 Παρὰ
2413 2203 2507 2257 τοῦ
2540 2202 2814 2255 Δεσπότου
2863 2200 2974 2253 τῶν
3015 2201 3153 2253 ὅλων
3207 2199 3343 2252 Θεοῦ
3374 2199 3720 2269 διορθοῦνται
3748 2200 3797 2251 αἱ

2229 2298 2348 2352 κατ’
2379 2296 2582 2365 ἀρετὴν
2629 2297 2848 2365 πορεῖαι
2897 2293 2976 2364 τῷ
3014 2292 3314 2362 ἀνθρώπῳ,
3346 2291 3420 2354 ὡς
3446 2294 3587 2362 μήτε
3633 2293 3712 2353 εἰς
3735 2292 3796 2344 τὰ

2222 2388 2340 2442 κατ’
2375 2385 2612 2456 ἔλλειψιν
2636 2385 2842 2454 ταύτης
2870 2383 3038 2454 πάθη,
3072 2383 3212 2453 μήτε
3259 2383 3338 2444 είς
3367 2382 3435 2434 τὰ
3476 2381 3603 2433 καθ’
3633 2383 3797 2450 ὑπερ-

2223 2480 2385 2550 δολὴν
2439 2476 2905 2549 περιτρέπεσθαιο
2967 2475 3059 2528 καὶ
3109 2473 3215 2544 γὰρ
3245 2473 3323 2543 τῷ
3377 2473 3476 2543 μὲν
3527 2471 3681 2540 φόϐῳ
3712 2471 3796 2522 τοῦ

2222 2572 2382 2635 Θεοῦ,
2412 2570 2482 2625 τὰ
2509 2571 2634 2622 κατ’
2665 2567 2904 2637 ἔλλειψιν
2936 2567 3037 2636 τῆς
3071 2565 3277 2636 ἀρετῆς
3312 2563 3580 2633 ἐκφεύγει
3616 2563 3760 2630 πάθη
3785 2579 3796 2591 ·

2223 2664 2298 2735 τῷ
2322 2664 2378 2717 δέ
2405 2662 2555 2733 πόθῳ
2603 2661 2673 2714 τὰ
2711 2659 2834 2713 καθ’
2884 2657 3192 2729 ὑπερϐολήν
3213 2673 3227 2688 ·
3254 2657 3322 2709 δι’
3351 2655 3518 2707 αὑτὸν
3548 2657 3608 2707 τὸ
3643 2654 3800 2706 καλὴν

2225 2754 2594 2828 ἐργαζόμενος
2614 2771 2629 2786 ο
2655 2752 2958 2823 ἐπειδήπερ
2983 2752 3029 2803 εἰ
3056 2751 3130 2820 μὴ
3161 2751 3284 2810 ταῖς
3338 2747 3510 2810 θείαις
3539 2745 3797 2809 ἐντολαῖς,

2222 2848 2293 2902 τὰ
2321 2847 2462 2902 καλὰ
2487 2844 2711 2914 διαγνῷ,
2747 2845 2841 2897 καὶ
2877 2842 2945 2896 τὰ
2977 2841 3219 2907 ἐναντία,
3249 2841 3343 2894 καὶ
3371 2839 3480 2892 τῶν
3503 2838 3605 2908 μὲν
3625 2838 3800 2890 κακῶν

2225 2939 2531 3010 ἀπόσχηται
2554 2937 2634 3006 τῷ
2657 2935 2806 3006 φόϐῳ
2857 2934 2964 2986 τῶν
2997 2931 3256 2995 ἀπειλῶν,
3305 2931 3441 3002 πρὸς
3471 2931 3517 2984 δ’
3547 2929 3802 3000 ἐργασίαν

2226 3031 2335 3085 τῶν
2365 3029 2584 3098 ἀγαθῶν
2627 3029 2886 3098 διαναστῇ
2943 3025 3019 3097 τῷ
3068 3025 3220 3095 πόθῳ
3287 3023 3396 3076 τῶν
3437 3022 3801 3091 ἐπαγγελιῶν,

550 3137 718 3183 num,
767 3122 1048 3192 quomodo
1102 3123 1270 3178 homo
1327 3141 1424 3192 per
1477 3126 1811 3194 voluptatem
1866 3139 2121 3189 nascens,

2232 3127 2348 3188 πῶς
2388 3124 2454 3177 ἂν
2484 3121 2846 3191 ὑποκείμενος
2871 3122 2934 3190 τῇ
2959 3119 3085 3172 καθ’
3117 3118 3312 3188 ἡδονὴν
3346 3117 3586 3185 γενέσει,
3622 3116 3715 3167 καὶ
3740 3118 3801 3184 τῇ

550 3213 793 3268 moriens
828 3230 923 3284 per
958 3214 1232 3278 dolorem,
1271 3215 1421 3269 brevi
1467 3216 1660 3270 vivens
1706 3224 1970 3284 tempore,
2007 3215 2123 3270 vias

2227 3219 2349 3274 κατ’
2367 3215 2559 3288 ὀδύνην
2581 3215 2776 3286 φθορᾷ,
2795 3211 3092 3267 κάντεῦθεν
3115 3211 3456 3283 πρόσκαιρον
3478 3209 3620 3279 ἔχων
3643 3207 3802 3276 ζωὴν,

523 3321 674 3372 quae
721 3303 925 3358 ducunt
975 3322 1099 3361 eum
1143 3306 1196 3360 in
1247 3308 1480 3360 salutem
1527 3308 1702 3378 capiet
1737 3307 2063 3363 abstinendo
2093 3323 2124 3362 a

546 3396 806 3480 jucundis
833 3399 1173 3470 molestaque
1202 3399 1564 3455 sustinendo?

629 3577 788 3634 Vens.
813 3579 902 3634 ‘25.
929 3579 1169 3649 Laqueus
1192 3582 1305 3635 viro
1332 3582 1435 3635 cito
1457 3581 1584 3652 quid
1602 3597 1666 3638 ex
1680 3582 1907 3652 propriis
1929 3583 2128 3638 sancti-

531 3669 737 3749 ﬁcare.
792 3671 986 3726 Postea
1033 3675 1170 3728 enim
1227 3690 1384 3744 quant
1431 3677 1622 3730 voverit
1669 3678 1805 3731 venit
1856 3678 2122 3746 paenitere.

560 3761 562 3763 ’
634 3765 861 3836 Capitur
903 3767 1146 3838 prepriis
1196 3769 1378 3823 verbis
1423 3778 1482 3823 ut
1524 3770 1579 3823 in
1631 3769 1849 3839 laqueo,
1890 3770 1982 3838 qui
2032 3785 2129 3838 per

553 3860 931 3928 abreptionem
967 3861 1248 3930 pollicitus
1283 3871 1367 3918 est
1411 3863 1724 3918 sacriﬁcare
1759 3863 1870 3918 Deo
1918 3863 2127 3933 aliquid

553 3967 622 4017 ex
654 3953 919 4022 propriis.
962 3952 1257 4022 Postquam
1301 3954 1447 4008 enim
1491 3954 1723 4017 voverit.
1760 3970 1902 4024 saepe
1943 3955 2128 4010 evenit

554 4055 616 4101 ut
661 4036 897 4117 negligat
940 4045 1187 4116 implere,
1215 4058 1269 4102 et
1313 4063 1422 4102 non
1454 4050 1632 4118 possit
1661 4049 1800 4105 solvi
1839 4063 1868 4102 a
1907 4049 2128 4104 vinculo

552 4134 688 4189 voti.

624 4225 795 4281 Vens.
824 4225 917 4280 26.
983 4225 1282 4281 Ventilator
1327 4227 1611 4296 impiorum
1667 4245 1760 4282 rea:
1810 4230 2039 4298 sapiens,
2078 4240 2127 4284 et

554 4316 802 4372 immittet
849 4316 960 4369 illis
1007 4327 1200 4369 rotam.
1247 4315 1346 4382 Qui
1393 4318 1680 4387 passiones
1718 4333 1851 4374 suas
1890 4321 2125 4390 subegit,

555 4413 775 4476 separat
820 4406 1185 4476 cogitationes
1231 4423 1352 4476 quae
1401 4407 1572 4462 Deum
1620 4409 1894 4462 honorant
1942 4410 2009 4462 ab
2058 4410 2156 4464 iis.

2227 3309 2510 3380 καταλάϐῃ
2537 3307 2635 3370 τὰς
2689 3307 2757 3358 δι’
2811 3304 3139 3374 ἐγκρατείας
3173 3304 3270 3375 μὲν
3301 3303 3409 3356 τῶν
3435 3301 3634 3372 ἡδέων,
3677 3302 3803 3353 ὑπο-

2232 3404 2398 3476 μονῆς
2428 3402 2482 3454 δέ
2516 3401 2625 3455 τῶν
2683 3399 2960 3470 ὀδυνηρῶν
2995 3398 3270 3470 φερούσας
3303 3394 3466 3449 αὐτὸν
3499 3397 3585 3459 είς
3632 3411 3802 3465 σωτη-

2229 3494 2353 3568 ρίαν
2383 3493 2538 3554 δδούς
2561 3511 2574 3560 ;

2298 3583 2395 3640 κε’.
2430 3585 2616 3653 Harii;
2646 3583 2840 3654 ἀνδρί,
2872 3582 3023 3652 ταχύ
3062 3598 3118 3634 τι
3167 3579 3285 3634 τῶν
3313 3579 3479 3632 ἰδίων
3525 3575 3765 3646 ἁγιάσαι
3786 3593 3800 3607 ’

2223 3677 2376 3749 μετὰ
2407 3677 2518 3749 γὰρ
2547 3677 2616 3731 τὸ
2662 3677 2976 3742 εὔξασθαι,
3019 3670 3336 3742 μετανοεῖν
3372 3671 3623 3739 γίνεται.
3674 3667 3805 3721 Ἀλί-

2230 3788 2415 3824 σκεται
2432 3769 2506 3841 τῷ
2525 3769 2638 3839 ίδίῳ
2653 3768 2816 3837 λόγῳ,
2834 3767 2908 3830 ὼς
2933 3768 2990 3820 ἐν
3017 3764 3224 3833 παγίδι,
3243 3763 3270 3816 ὁ
3293 3761 3430 3815 κατά
3457 3760 3805 3830 συναρπαγὴιν

2229 3863 2658 3934 ὑπισχνούμενος
2711 3857 3050 3930 καθιερῶσαι
3101 3875 3154 3909 τι
3205 3855 3323 3926 Θεῴ
3379 3855 3491 3908 τῶν
3555 3855 3802 3907 οἰκείωνο

2233 3957 2369 4027 μετά
2394 3958 2501 4025 γὰρ
2531 3955 2593 4007 τὸ
2629 3951 2985 4022 ὑποσχέσθαι,
3017 3949 3307 4020 συμϐαίνει
3339 3947 3613 4009 πολλάκις
3664 3944 3806 4014 αὐτῷ

2233 4046 2698 4118 μεταμεληθῆναι,
2729 4046 2824 4099 καὶ
2852 4043 3053 4114 δεσμοῦ
3097 4043 3196 4112 τῆς
3221 4040 3573 4111 ὑποσχέσεως
3612 4039 3808 4093 ἀπολυ-

2231 4139 2390 4210 θῆναι
2418 4139 2492 4210 μὴ
2524 4137 2806 4193 δύνασθαι.

2302 4239 2414 4298 κς¹.
2443 4232 2755 4301 Λικμήτωρ
2813 4227 3070 4295 ἀσεϐῶν,
3109 4225 3413 4292 ,ϐασιλεὺς
3453 4224 3670 4293 σοφὸς,
3714 4221 3804 4276 καί

2230 4324 2502 4386 ἐπιϐαλεῖ
2525 4324 2727 4389 αὐτοῖς
2757 4324 2992 4391 τροχόν.
3021 4321 3349 4390 ’Λφοριστής
3383 4321 3534 4371 ἐστιν
3576 4317 3654 4371 ὡς
3680 4315 3806 4384 ἀχύ-

2235 4435 2342 4488 ρων
2373 4417 2481 4470 ἀπὸ
2513 4416 2661 4468 σίτου
2721 4414 2829 4468 τῶν
2883 4413 2956 4484 μὴ
3007 4413 3142 4466 Θεὸν
3181 4411 3471 4482 τιμώντων
3509 4410 3804 4478 λογισμῶν,

553 4513 679 4568 qnaa
730 4513 842 4555 non
897 4498 1202 4564 honorant,
1248 4506 1308 4553 ut
1359 4500 1571 4569 paleam
1625 4516 1655 4553 a
1698 4499 1993 4554 frumento.
2033 4500 2123 4554 Sa-

2236 4508 2344 4562 ἀπὸ
2365 4507 2474 4560 τῶν
2504 4507 2791 4577 τιμώντων
2806 4504 3002 4571 αὐτὸν,
3029 4504 3056 4556 δ
3087 4503 3195 4556 τῶν
3225 4503 3413 4555 παθῶν
3433 4503 3803 4570 αὐτοκράτωρ·

555 4590 774 4662 pientize
803 4591 984 4648 verbis
1019 4593 1166 4662 quod
1199 4600 1456 4647 censetur
1506 4593 1708 4647 bonum
1756 4609 1785 4647 a
1825 4594 1969 4648 bono
2000 4608 2132 4648 vero

557 4685 857 4751 discernit;
914 4685 1007 4756 qui
1058 4687 1226 4746 etiam
1278 4687 1438 4755 IOuge
1479 4687 1546 4740 ab
1579 4686 1718 4755 ipso
1763 4685 1910 4740 sicut
1958 4695 2130 4740 rotam

555 4777 809 4831 devolvat
835 4778 973 4833 tales
1004 4793 1202 4847 pravas
1233 4776 1617 4848 cogitationes.

628 4868 797 4924 Vens.
840 4870 931 4924 27.
979 4869 1098 4924 Lua:
1140 4870 1352 4926 Domini
1392 4871 1716 4938 spiraculum
1757 4870 2006 4934 hominis,
2043 4870 2134 4941 qui

557 4971 832 5023 scrutatur,
862 4971 1062 5016 secreta
1091 4964 1308 5022 ventris.
1363 4963 1569 5018 Lumen
1602 4962 1918 5018 indelieieus
1947 4965 2134 5035 cogni-

558 5054 731 5108 tionis
781 5053 924 5116 Solis
941 5052 1173 5121 justitite
1218 5054 1331 5115 vita
1384 5062 1468 5116 est
1513 5055 1894 5111 conservatrix
1941 5071 2130 5122 eorum

556 5147 651 5216 qui
685 5147 737 5201 iu
772 5147 925 5201 illum
967 5148 1268 5217 respiciunt
1307 5158 1368 5203 ut
1415 5150 1468 5202 in
1505 5148 1862 5218 archetypum
1903 5149 1996 5218 qui
2039 5163 2136 5218 per

559 5234 1006 5303 adimpletionem
1063 5245 1379 5291 sanctarum
1437 5240 1556 5307 ejus
1605 5239 1949 5293 voluntatum
2002 5239 2134 5293 illud

559 5341 655 5397 per
689 5326 1104 5382 similitudinem
1157 5337 1378 5386 servant
1424 5329 1714 5402 integrum.
1760 5329 1892 5383 Nam
1936 5331 2134 5386 mentis

558 5419 670 5472 vita
704 5421 884 5474 lumen
916 5421 1248 5491 cognitionis
1287 5422 1379 5477 Dei
1410 5423 1503 5493 qui
1549 5432 1828 5478 scrutatur
1862 5423 2131 5495 profunda

558 5512 912 5582 cogitationis
955 5528 1078 5583 qua:
1123 5514 1190 5568 ad
1243 5515 1416 5568 instar
1462 5517 1696 5580 ventris,
1737 5516 1893 5571 cibos
1939 5516 2135 5570 anima:

561 5605 810 5674 recipere
859 5613 1040 5676 potest
1095 5606 1211 5662 sive
1273 5607 1562 5664 nutribiles
1618 5610 1728 5683 sint
1783 5609 1898 5683 sive
1951 5608 2136 5678 perni-

558 5711 720 5766 etest.

635 5787 798 5843 Vnus.
838 5789 928 5844 28.
971 5789 1348 5845 Misericordia
1385 5803 1429 5847 et
1474 5795 1666 5847 veritus
1710 5795 1874 5847 tutela
1911 5793 2016 5864 regi
2043 5809 2058 5846 :
2085 5800 2134 5858 et

2240 4599 2433 4668 σοφίας
2464 4598 2644 4666 λόγοις
2676 4596 2774 4650 τοῦ
2817 4594 2989 4658 ὅντως
3040 4592 3269 4663 ἀγαθοῦ,
3319 4594 3413 4646 τὸν
3452 4592 3807 4662 νομιζόμενον

2237 4691 2612 4761 ἀποδιαιρῶν·
2673 4689 2729 4753 ὃς
2789 4689 2883 4742 καὶ
2935 4688 3094 4757 δίκην
3144 4685 3338 4756 τροχοῦ
3373 4686 3503 4748 τοὺς
3538 4684 3808 4745 τοιούτους

2239 4785 2509 4855 πονηροὺς
2539 4781 2834 4852 λογισμοὺς
2873 4778 3150 4834 ἐκκυλίσει
3185 4777 3400 4849 μακρὰν
3425 4775 3484 4842 ἐξ
3515 4775 3707 4829 αὑτοῦ.

2309 4875 2413 4939 κζ’.
2443 4874 2570 4940 Φῶς
2602 4873 2844 4941 Κυρίου,
2886 4871 3042 4937 πνοὴ
3091 4870 3404 4938 ἀνθρώπου
3430 4884 3444 4898 ·
3492 4867 3561 4933 ὃς
3601 4863 3809 4933 ἐρευνᾷ

2239 4966 2447 5035 ταμεῖα
2481 4967 2761 5029 κοιλίης(
2790 4962 2864 5014 Τὸ
2916 4961 3214 5031 ἀνέσπερον
3266 4958 3382 5028 φῶς
3415 4959 3514 5028 τῆς
3560 4956 3810 5024 γνώσεως

2237 5058 2334 5113 τοῦ
2355 5059 2456 5128 τῆς
2487 5055 2836 5123 δικαιοσύνης
2874 5053 3078 5119 Ἡλίου,
3117 5051 3405 5122 συνεκτική
3432 5052 3548 5103 ἐστι
3571 5049 3688 5120 ζωὴ
3709 5049 3808 5100 τῶν

2244 5150 2553 5221 βλεπόντων
2579 5148 2714 5217 πρὸς
2750 5146 2916 5200 αὑτὸν
2937 5145 3013 5208 ὡς
3047 5144 3353 5216 ἀρχέτυπον
3378 5158 3393 5172 ·
3424 5142 3517 5196 καὶ
3541 5144 3662 5204 ταῖς
3695 5141 3808 5192 καθ’

2243 5241 2502 5312 ὁμοίωσιν
2548 5239 2832 5311 ἐργασίαις
2879 5238 2987 5291 τῶν
3013 5237 3347 5304 παναγάθων
3378 5233 3547 5287 αὐτοῦ
3578 5233 3810 5303 θελημάσ

2239 5349 2370 5394 των,
2428 5330 2488 5383 τὸ
2543 5329 2868 5384 κατέίκόνα
2921 5326 3308 5396 φυλασσόντων
3349 5323 3624 5394 ἁμείωτον
3653 5339 3667 5353 °
3706 5321 3808 5390 ζωὴ

2241 5425 2350 5496 γὰρ
2376 5423 2469 5476 τοῦ
2487 5423 2601 5487 νοῦ,
2624 5425 2651 5476 ό
2674 5421 2952 5491 φωτισμός
2984 5422 3097 5472 ἐστι
3127 5420 3224 5489 τῆς
3252 5417 3510 5486 γνώσεως
3538 5416 3637 5468 τοῦ
3657 5414 3805 5475 Θεοῦ,

2241 5519 2300 5582 ὃς
2330 5515 2577 5583 ἐξετάζει
2602 5515 2669 5568 τὰ
2698 5513 2834 5585 βάθη
2877 5513 2975 5582 τῆς
3009 5511 3268 5574 διανοίας,
3304 5509 3404 5578 τῆς
3427 5509 3582 5576 δίκην
3611 5508 3807 5568 κοιλίας

2243 5609 2555 5682 χωρητικῆς
2577 5607 2683 5662 τῶν
2711 5606 2854 5659 κατὰ
2876 5605 3052 5675 ψυχὴν
3080 5602 3334 5676 βρώσεων
3350 5618 3362 5630 °
3396 5601 3505 5654 εἴτε
3525 5598 3810 5671 θρεπτικαί.

2243 5703 2447 5774 ταύτης
2477 5697 2606 5763 εἷεν,
2637 5699 2746 5752 εἴτε
2778 5698 3134 5768 λυμαντικαί.

2315 5790 2418 5866 κη’.
2462 5789 2876 5860 Ἐλεημοσύνη
2907 5787 3001 5842 καὶ
3053 5786 3320 5858 ἀλήθεια,
3371 5785 3803 5857 φυλακὴβασισ
