4054 6492
211 335 348 398 H20

1280 345 1821 408 COMMENTARII
1862 347 1945 408 ΙΝ
1985 348 2441 412 PROVERBIA.

3340 345 3477 411 14Ὃ

203 453 305 508 λεῖ
322 473 335 485 ο
391 453 492 508 καὶ
549 455 1120 523 περικυκλώσουσίν
1169 460 1238 512 ἐν
1285 460 1637 531 δικαιοσύνῃ
1683 463 1791 516 τὸν

1901 464 2190 520 circuibunt
2238 467 2294 520 in
2333 467 2554 536 justitia
2589 468 2782 522 solium
2830 468 2967 536 ejus.
3014 467 3386 524 Misericordia
3420 472 3472 524 in

207 546 429 613 θρόνον
455 547 669 602 αὑτοῦ.
717 549 780 601 Ἠ
826 549 962 618 πρὸς
991 551 1118 613 τοὺς
1161 554 1419 620 ὁμοφυεῖς
1453 555 1786 624 συμπάθεια,

206 638 303 689 καὶ
334 639 366 707 ἡ
403 639 542 709 πρὸς
579 641 712 694 Θεὸν
733 642 938 714 ἀληθὴς
973 645 1175 710 πίστις,
1209 648 1537 716 φυλακτικαί
1566 651 1668 702 εἰσι
1695 648 1790 701 τοῦ

206 730 318 784 τῶν
347 733 536 786 παθῶν
566 735 896 804 κρατοῦντος
923 736 1215 808 ἀνθρώπου
1238 757 1250 769 ο
1285 741 1378 792 καὶ
1401 740 1791 810 περιλήψονται

205 823 268 876 τὸ
295 825 526 894 ἀρχικὸν
545 827 709 880 αὑτοῦ
738 830 834 882 καὶ
860 829 1228 896 αὐτεξούσιον,
1256 833 1473 895 πάντως
1494 833 1555 885 τὸ
1577 832 1788 902 νοερόνο

206 915 269 966 ὲν
383 918 725 987 προκάθηται
773 919 881 972 τῶν
929 923 1022 976 ἐπὶ
1075 924 1174 991 γῆς
1207 923 1265 976 ἐν
1306 924 1441 996 ὀρθῇ
1472 925 1652 996 κρίσει
1684 928 1792 980 τῶν

207 1008 355 1060 κατὰ
381 1008 613 1080 θεωρίαν
645 1011 740 1063 καὶ
770 1011 968 1081 πρᾶξιν
991 1015 1280 1083 νοημάτων
1314 1031 1376 1067 τε
1399 1018 1492 1068 καὶ
1527 1019 1792 1088 πραγμάο

205 1116 349 1152 τωνο
391 1100 465 1171 μὴ
527 1103 886 1175 συγχωρούσῃ
939 1107 1079 1158 κατὰ
1128 1107 1225 1175 μὲν
1256 1106 1514 1178 θεωρίαν,
1549 1111 1629 1173 είς
1661 1110 1793 1164 Θεὸν

207 1189 310 1258 τὴν
339 1191 520 1244 κτίσιν
549 1194 1016 1264 παραγνωρίζειν,
1041 1197 1181 1250 κατὰ
1203 1196 1258 1249 δὲ
1288 1199 1488 1268 πρᾶξιν
1509 1199 1794 1271 λατρεύειν

207 1279 382 1350 ταύτῃ
411 1281 562 1352 παρὰ
595 1281 686 1334 τὸν
716 1283 1011 1338 Κτίσαντα.

280 1371 385 1425 κθ’.
443 1373 682 1442 Κόσμος
739 1376 1027 1440 νεανίαις,
1087 1379 1310 1449 σοφία·
1376 1379 1527 1446 δόξα
1573 1382 1642 1436 δὲ
1698 1387 1793 1439 καὶ

210 1478 273 1531 πί
293 1466 651 1533 εσϐυτέρων,
677 1468 880 1523 πολλά.
913 1467 1236 1540 Εὑπρέπεια
1278 1473 1390 1537 τοῖς
1450 1473 1702 1539 νεάζουσι
1726 1481 1793 1549 τῇ

211 1557 512 1626 και-»οποιῷ
535 1557 628 1610 τοῦ
662 1557 978 1622 Πνεύματος
999 1560 1258 1631 χάριτι,ἡ
1287 1562 1382 1615 τοῦ
1399 1563 1490 1616 νοῦ
1521 1564 1636 1618 ἐστι
1661 1566 1794 1636 πρὸς

210 1647 344 1701 Θεὸν
373 1650 617 1720 ἄτμητος
644 1650 838 1715 ἕνωσις
863 1669 876 1683 ·
903 1652 1058 1716 κλέος
1100 1654 1159 1707 δὲ
1196 1655 1305 1709 τῶν
1359 1656 1796 1728 πολιτευομένων

210 1741 353 1794 κατὰ
385 1742 446 1794 τὸ
472 1741 871 1812 παλαιούμενον
892 1745 1054 1816 ῥητὸν
1080 1747 1178 1817 τῆς
1208 1748 1453 1820 Γραφῆς,
1481 1751 1513 1820 ἡ
1553 1751 1791 1822 ἀποϐολή

210 1833 327 1886 ἐστι
346 1833 456 1886 τῶν
510 1837 841 1906 σωματικῶν
898 1838 1087 1892 παθῶν
1148 1840 1546 1914 μελανότητος·
1593 1845 1654 1897 τὸ
1686 1845 1794 1916 γὰρ

212 1924 611 1997 παλαιούμενον
642 1930 905 2000 γράμμα,
962 1933 1090 1996 τοὺς
1122 1933 1244 1986 κατ’
1266 1935 1396 1988 αὐτὸ
1439 1936 1761 2006 πολιτευομέ
1780 1971 1789 1978 -

211 2034 338 2080 νους
383 2019 494 2072 τῶν
544 2020 662 2073 κατ’
695 2023 984 2094 ἐνέργειαν
1009 2025 1200 2079 παθῶν
1239 2027 1570 2082 ἀπαλλάττει
1597 2047 1610 2060 ·
1647 2031 1708 2083 τὸ
1737 2032 1793 2084 δὲ

211 2111 525 2164 καινοποιὸν
559 2112 805 2184 Πνεῦμα,
831 2115 920 2168 τὸν
939 2116 1062 2170 νοῦν
1099 2116 1280 2185 λόγοις
1310 2120 1499 2189 σοφίας
1531 2122 1636 2175 ἀπὸ
1661 2123 1796 2177 πάν-

212 2221 320 2256 των
347 2205 456 2258 τῶν
488 2207 806 2277 ποιημάτων
855 2210 989 2280 πρὸς
1032 2210 1122 2262 τὸν
1169 2212 1404 2284 Ποιητὴν
1440 2215 1791 2286 ἐπιστρέφον,

212 2295 546 2350 ἀπαλλάττει
575 2299 668 2351 καὶ
697 2297 804 2351 τῶν
839 2300 980 2355 κατὰ
1003 2300 1267 2356 διάνοιαν.

283 2385 350 2438 λ’.
391 2384 658 2439 ’Υπώπια
688 2387 783 2441 καὶ
815 2390 1232 2461 συντρίμματα
1265 2393 1538 2462 συναντᾷ
1566 2397 1790 2462 κακοῖς·

215 2477 440 2541 πληγαὶ
486 2477 556 2530 δὲ
615 2480 703 2544 εἰς
746 2479 953 2550 ταμεῖα
988 2482 1242 2548 κοιλίας.
1285 2483 1554 2555 ’Υπ’6ψιν
1587 2486 1796 2558 ἀνθρὼ-

216 2585 358 2633 πων,
390 2569 656 2641 τιμωρίαι
700 2574 1033 2642 σωματικαὶ,
1063 2575 1158 2628 καὶ
1206 2575 1436 2644 ἀφανεῖς
1467 2577 1645 2649 ψυχῆς
1673 2597 1795 2632 συν-

215 2662 422 2730 τριϐαὶ,
483 2663 550 2716 δι’
599 2665 870 2718 ἀκουσίων
912 2665 1090 2720 πόνων
1136 2668 1432 2738 ἐπιφορᾶς,
1467 2671 1794 2742 ἐπέρχονται

214 2756 329 2818 τοῖς
382 2755 824 2827 πολιτευομένοις
859 2759 1079 2821 κακῶςο
1132 2760 1344 2831 ἔλεγχοι
1375 2761 1430 2814 δὲ
1471 2764 1792 2829 συνειδότος,

216 2847 298 2913 είς
334 2849 405 2902 τὰ
430 2847 571 2920 βάθη
593 2852 692 2922 τῆς
720 2849 962 2913 διανοίας
989 2853 1191 2906 αὐτῶν.

797 2945 1042 2997 ΚΕΦΛΛ.
1079 2947 1211 3001 KA'.

288 3031 363 3088 a'.
386 3033 614 3103 Ὠσπερ
671 3035 822 3105 ὁρμὴ
877 3037 1097 3104 ὕδατος
1129 3039 1343 3107 καρδία
1391 3040 1698 3107 βασιλέως
1726 3041 1795 3094 ἐν

1895 557 2183 627 proximos
2233 565 2287 613 et
2330 573 2466 614 vera
2515 559 2647 616 l‘ules
2692 562 2746 614 in
2798 561 2991 624 Deum,
3041 561 3298 618 custodes
3347 571 3476 618 sunt

1899 649 2138 704 hominis
2199 649 2293 718 qui
2342 651 2692 718 passionibus
2753 651 2985 722 imperat
3021 671 3033 706 :
3068 665 3121 707 et
3161 653 3475 708 circuibunt

1896 739 2040 809 quod
2079 740 2134 794 in
2169 740 2289 810 ipso
2339 741 2592 810 imperat,
2639 744 2978 799 voluntatem
3027 745 3239 800 scilicet
3284 761 3347 800 ac
3388 747 3474 800 in-

1898 827 2198 890 tellectum,
2237 843 2345 899 quo
2388 843 2556 898 super
2587 831 2770 885 omnia
2810 840 3023 886 terrena
3056 833 3209 888 sedet
3238 834 3290 888 in
3323 842 3471 888 recta

1895 915 2232 972 discretione
2268 920 2662 989 cogitationum
2721 921 2775 975 in
2829 921 3058 988 theoria,
3091 931 3146 978 et
3193 923 3470 977 actionum

1897 1008 1950 1062 in
1985 1010 2162 1078 praxi.
2209 1009 2476 1067 Discretio
2520 1012 2637 1067 haec
2689 1029 2797 1068 non
2842 1014 3110 1084 permittit
3159 1013 3212 1068 in
3263 1014 3474 1068 theoria

1895 1100 2118 1170 quidem
2162 1109 2469 1158 creaturam
2515 1120 2628 1175 pra:
2674 1104 2784 1160 Deo
2823 1120 3177 1177 cognoscere,
3212 1106 3266 1160 in
3318 1106 3470 1176 praxi

1897 1202 2079 1249 autem
2111 1205 2422 1251 creaturam
2455 1213 2566 1268 pra:
2597 1198 2856 1255 Creatore
2885 1200 3135 1255 adorare.

1967 1364 2132 1423 Vens.
2163 1366 2254 1422 29.
2291 1367 2526 1424 Ornatus
2567 1369 2989 1426 adolescentibus
3029 1374 3336 1443 sapientia;
3362 1375 3471 1443 glo-

1897 1459 1980 1513 ria
2013 1467 2190 1514 autem
2221 1461 2490 1515 seniorum
2538 1463 2778 1517 canities.
2830 1462 3072 1521 Ornatus
3111 1465 3475 1534 iuvenescen-

1899 1550 2047 1606 tibus
2086 1551 2258 1622 gratia
2305 1553 2590 1609 novatrice
2637 1553 2882 1624 Spiritus
2925 1557 3124 1620 sancti,
3161 1559 3473 1614 aretissima

1898 1653 1984 1698 est
2029 1646 2162 1699 uuio
2207 1645 2274 1700 ad
2331 1645 2522 1700 Deum.
2571 1644 2753 1701 Gloria
2803 1657 2982 1704 autem
3027 1651 3473 1705 conversantium

1901 1737 2201 1791 secundum
2241 1739 2580 1809 antiquatum
2621 1739 2918 1810 Scriptura;
2954 1741 3202 1804 verbum,
3239 1741 3475 1811 abjectio

1897 1837 1980 1884 est
2036 1829 2337 1899 nigredinis
2395 1833 2645 1901 corporis
2706 1833 3054 1902 passionum.
3112 1834 3472 1905 Antiquatum

1897 1920 2041 1974 enim
2087 1921 2354 1990 scriptum
2388 1937 2483 1978 eos
2509 1923 2603 1992 qui
2645 1923 2944 1980 secundum
2977 1926 3110 1981 illud
3138 1941 3474 1982 conversan-

1899 2024 1988 2070 tur
2034 2030 2065 2069 a
2108 2017 2464 2086 passionibus
2518 2020 2648 2074 totis
2703 2019 2910 2075 viribus
2951 2028 3186 2076 amovet.
3238 2019 3476 2091 Spiritus

1897 2115 2078 2164 autem
2119 2111 2392 2167 innovans
2439 2113 2722 2183 sapientia:
2764 2113 2948 2170 verbis
2988 2114 3376 2184 cogitationem
3423 2124 3476 2168 et

1897 2201 2078 2253 actu’m
2119 2214 2147 2253 a
2188 2201 2461 2258 creaturis
2510 2205 2706 2260 avertit
2755 2213 2814 2261 et.
2861 2203 2929 2258 ad
2981 2202 3295 2260 Creatorem
3344 2219 3478 2258 con—

1897 2289 2083 2346 vertit.

1970 2381 2136 2438 Vens.
2169 2381 2258 2438 50.
2293 2381 2506 2439 Livores
2549 2394 2598 2440 et
2644 2386 2987 2441 contritiones
3029 2394 3314 2445 occurrunt
3360 2401 3474 2438 ma-

1898 2474 2008 2528 lis:
2036 2475 2210 2546 plaga:
2257 2485 2430 2531 autem
2472 2477 2527 2530 in
2565 2488 2769 2532 secreta
2814 2479 3025 2535 ventris.
3065 2478 3314 2534 Visihilia
3350 2493 3475 2533 cor-

1898 2567 2049 2636 poris
2087 2567 2358 2638 supplicia
2405 2575 2458 2622 et
2504 2569 2807 2624 invisibiles
2853 2571 3047 2626 animm
3091 2570 3476 2632 contritiones,

1899 2673 1995 2728 per
2024 2660 2459 2714 voluntariorum
2488 2660 2740 2716 laborum
2773 2662 3058 2732 impetum,
3081 2647 3478 2732 superveniunt

1901 2751 2041 2804 male
2090 2751 2568 2806 conversantibus.
2627 2749 2844 2806 S‘timuli
2897 2760 3078 2808 autem
3128 2753 3480 2811 conscientia}

1899 2839 1954 2894 in
1984 2838 2255 2910 profunda
2288 2840 2640 2911 cogitationis
2674 2857 2888 2896 eorum.

2521 2931 2678 2988 CAP.
2721 2931 2861 2987 XXI.

1971 3017 2136 3074 Vens.
2187 3020 2239 3073 1.
2296 3019 2445 3075 Sicut
2495 3021 2718 3083 impetus
2758 3037 2930 3092 aqum,
2964 3023 3041 3076 ita
3103 3039 3193 3076 cor
3237 3022 3373 3093 regis
3425 3022 3481 3076 in

217 3125 371 3195 χειρὶ
395 3125 543 3180 Θεοῦ
564 3143 578 3158 ⁸
608 3122 680 3183 οὗ
713 3128 820 3181 ἐὰν
850 3129 997 3199 θέλῃ
1034 3130 1248 3186 νεῦσαι
1297 3131 1536 3186 ἔκλινεν
1581 3132 1794 3200 αὑτήν.

1903 3127 2066 3167 manu
2097 3111 2233 3176 Dei;
2285 3129 2590 3182 quocunque
2632 3113 2856 3167 voluerit
2898 3114 3134 3179 innuere,
3165 3114 3294 3169 illuc
3329 3115 3483 3168 incli-

220 3219 438 3290 Ὠσπερ
463 3218 563 3291 τὴν
605 3219 699 3273 τοῦ
731 3219 924 3284 ὕδατος
985 3224 1158 3295 φορὰν
1179 3225 1206 3277 ὁ
1232 3224 1490 3296 ὀχετηγὸς
1522 3225 1645 3295 ἄγει
1668 3227 1798 3282 ἔνθα

219 3312 317 3364 καὶ
348 3310 615 3382 βούλεται,
658 3311 803 3366 οὓτω
837 3313 932 3366 καὶ
965 3316 997 3385 ὴ
1033 3317 1511 3390 παντοκρατορικὴ
1537 3318 1629 3371 τοῦ
1661 3319 1797 3372 Θεοῦ

219 3403 475 3475 δύναμις,
511 3398 610 3477 τὴν
632 3405 808 3478 ψυχὴν
838 3406 932 3460 τοῦ
964 3396 1336 3477 βασιλεύοντος
1363 3409 1464 3463 εἴτ’
1493 3410 1799 3483 ἀνθρώπων

220 3495 336 3549 εἴτε
363 3496 571 3561 παθῶν,
601 3498 757 3570 φέρει
786 3499 863 3563 ὡς
917 3499 1066 3570 αὑτῷ
1088 3500 1206 3570 Θεῷ
1241 3501 1496 3570 βουλητόν
1521 3521 1534 3534 ·
1571 3505 1670 3572 τὴν
1701 3505 1800 3575 μὲν

218 3587 318 3641 τοῦ
344 3589 670 3659 κρατοῦντος
683 3591 778 3644 ἀνθ
790 3592 1007 3663 ρώπων,
1031 3594 1110 3654 είς
1125 3593 1285 3646 τινῶν
1307 3593 1406 3665 μὲν
1436 3596 1797 3665 συμπάθειαν,

221 3682 430 3752 ἐτέρων
444 3683 499 3735 δὲ
528 3686 798 3756 τιμωρίαν
818 3683 1041 3739 κινοῦσα
1059 3700 1073 3714 ⁶
1110 3686 1247 3754 πρὸς
1269 3686 1330 3738 τὸ
1359 3690 1636 3758 συμφέρον
1665 3688 1801 3742 πάν-

218 3791 332 3837 τως
386 3775 620 3846 έκάστῳ,
677 3775 780 3830 κᾶν
835 3777 908 3848 μὴ
970 3777 1106 3849 πρὸς
1131 3777 1289 3831 τοῦτο
1321 3779 1451 3842 ἴσως
1491 3779 1519 3830 ὁ
1549 3778 1801 3848 βασιλεὺς

218 3865 397 3918 ταῦτα
419 3870 569 3937 ποιῇ,
602 3867 719 3922 ἀλλ’
775 3868 881 3923 ὑπὸ
911 3868 1123 3932 εὐνοίας
1174 3870 1207 3940 ἢ
1251 3869 1443 3938 μίσους
1472 3869 1761 3941 ἑλκόμενος
1783 3888 1798 3902 ο

218 3958 324 4030 τὴν
369 3958 424 4012 δὲ
477 3959 572 4013 τοῦ
631 3960 821 4014 παθῶν
873 3962 1253 4032 κυριεύοντος,
1309 3961 1619 4034 ποδηγοῦσα
1667 3962 1803 4032 πρὸς

219 4052 353 4114 τοὺς
406 4050 822 4117 λυσιτελοῦντας
872 4051 1024 4124 αὐτῷ
1071 4052 1286 4122 λόγους,
1347 4051 1380 4122 ἢ
1435 4051 1669 4123 τρόπους
1693 4051 1802 4104 τῶν

220 4144 457 4216 ἀρετῶν.
1402 4196 1405 4197 ,

299 4237 364 4308 β’.
390 4237 518 4304 Πᾶς
547 4239 703 4308 ἀνὴρ
735 4239 1009 4309 φαίνεται
1033 4236 1226 4302 ἑαυτῷ
1292 4237 1546 4304 δίκαιοςο
1594 4233 1804 4291 κατευὲ

224 4329 393 4384 θύνει
427 4330 496 4383 δὲ
522 4329 772 4398 καρδίας
801 4333 834 4385 ό
863 4330 1099 4399 Κύριος.
1132 4331 1229 4392 ’⁸ος
1262 4329 1326 4382 ἂν
1359 4328 1468 4382 τῶν
1499 4327 1806 4399 ἀνθρώπων

223 4420 329 4494 τὴν
355 4422 497 4476 κατὰ
567 4424 765 4494 νόμους
822 4422 998 4486 θείους
1051 4422 1244 4494 ἕληται
1273 4421 1570 4483 πολιτείαν,
1611 4421 1804 4486 ὁρᾶται

230 4515 332 4587 μὲν
361 4515 672 4588 ἀνθρώποις
717 4517 846 4588 παρ’
888 4516 1064 4586 ἐαυτῷ
1095 4516 1384 4587 ἄμεμπτος
1408 4529 1423 4546 ⁸
1442 4517 1471 4568 ὁ
1499 4514 1556 4568 δὲ
1589 4515 1807 4568 πάντων

225 4609 508 4680 Δεσπότης
529 4608 688 4682 Θεὸς,
705 4609 961 4681 προνοίας
977 4608 1157 4676 λόγοις
1180 4609 1274 4662 καὶ
1291 4608 1548 4679 κρίσεως,
1566 4607 1810 4677 ἀπαρεγ-

226 4701 431 4765 κλίτως
459 4701 594 4772 πρὸς
615 4701 676 4755 τὸ
704 4701 910 4772 ἀγαθὸν
955 4699 1163 4754 ὁδεύειν
1188 4697 1601 4769 παρασκευάζει
1628 4700 1808 4753 πᾶσαν

221 4792 406 4865 ψυχὴν
424 4792 522 4865 τὴν
544 4793 758 4856 τούτοις
778 4792 1071 4847 ἐθέλουσαν
1095 4793 1346 4846 ἕπεσθαι.

298 4886 372 4954 γ’.
403 4886 606 4941 Ποιεῒν
627 4885 850 4948 δίκαια,
877 4885 977 4940 καὶ
1005 4884 1348 4952 ἀληθεύειν,
1379 4883 1606 4950 ἀρεστὰ
1652 4884 1811 4951 παρὰ

229 4975 355 5043 Θεῷ
386 4977 644 5046 μᾶλλον,
685 4979 724 5047 ἢ
759 4977 987 5033 θυσιῶν
1014 4972 1179 5046 uitta.
1207 4975 1281 5028 Τὸ
1303 4974 1564 5046 πράττειν
1585 4976 1684 5038 τὰς
1715 4976 1809 5028 τοῦ

227 5069 366 5124 Θεοῦ
406 5070 650 5137 ἐντολὰς,
703 5072 799 5125 καὶ
826 5071 885 5123 τὸ
937 5069 1238 5139 προσάγειν
1285 5066 1460 5137 τούτῳ
1520 5065 1812 5136 ὁμολογίαν

226 5162 430 5234 ἀληθῆ,
462 5163 734 5233 εὐάρεστά
763 5164 898 5215 εἰσιν
925 5161 1073 5232 αὑτῷ
1104 5161 1245 5232 ὑπὲρ
1273 5159 1334 5214 τὸ
1366 5157 1607 5229 νομικῶς
1643 5175 1811 5229 προσ-

226 5257 500 5327 αγόμενον
524 5259 656 5328 παρ’
693 5254 962 5312 Ἰουδαίων
983 5250 1123 5324 αἷμα
1151 5252 1258 5307 τῶν
1282 5251 1502 5306 θυσιῶν·
1578 5253 1811 5323 (βΕλεον

225 5351 360 5421 γὰρ,
393 5351 548 5421 φησὶ,
581 5350 737 5414 θέλω,
765 5349 858 5403 καὶ
876 5349 937 5403 οὐ
970 5349 1184 5403 θυσίαν.
1216 5367 1234 5399 ι

299 5523 365 5578 δ’.
393 5524 803 5594 Μεγαλόφρων
843 5523 936 5593 ἐφ’
994 5523 1175 5592 ὕϐρει,
1233 5521 1691 5593 θρασυκάρδιος.
1755 5523 1812 5575 '0

230 5614 378 5690 μέγα
410 5617 747 5689 κεκτημένος
770 5616 1045 5690 φρόνημα,
1079 5618 1138 5672 ἐν
1163 5617 1243 5689 τῷ
1268 5617 1545 5690 ὑπερορᾷν
1579 5616 1679 5688 μὲν
1703 5615 1810 5671 τῶν

305 5801 323 5830 ³
355 5797 516 5854 Osce.
551 5813 622 5862 νι,
651 5795 714 5864 ϐ;
747 5796 941 5851 Matth.
977 5812 1070 5862 xu,
1101 5797 1149 5850 7.

1907 3218 2034 3256 nare
2073 3203 2232 3257 illud.
2273 3201 2750 3268 Quemadmodum
2792 3219 2948 3275 aqua:
2989 3204 3186 3260 ductor
3219 3205 3482 3275 impetum

1907 3311 2062 3366 aqua:
2107 3295 2196 3350 ubi
2238 3295 2350 3349 vult
2398 3294 2606 3366 dirigit,
2650 3296 2723 3350 ita
2766 3307 2818 3352 et
2865 3297 3210 3368 omnipotens
3241 3295 3336 3352 Dei
3378 3298 3480 3359 vis,

1845 3401 1847 3403 ‘
1908 3391 2145 3443 animam
2181 3388 2420 3459 regentis
2457 3388 2577 3444 sive
2610 3389 2890 3456 homines,
2923 3390 3038 3446 sive
3071 3390 3382 3460 passiones,
3418 3387 3485 3442 ad

1909 3481 2006 3538 Dei
2050 3481 2450 3551 beneplacitum
2505 3482 2800 3553 gubernat,
2835 3483 3078 3536 animam
3128 3481 3350 3552 quidem
3400 3496 3487 3536 re-

1909 3574 2090 3646 gentis
2143 3574 2412 3639 homines,
2459 3575 2528 3629 ad
2573 3574 2985 3631 miserationem
3037 3575 3369 3644 aliquorum,
3418 3573 3487 3630 ad

1907 3680 2129 3738 pmnam
2175 3667 2407 3721 aliorum
2454 3667 2749 3732 movendo,
2783 3667 2851 3721 ad
2899 3667 3174 3737 pr0priam
3223 3667 3487 3721 uniuscu-

1905 3759 2108 3830 jusque
2139 3758 2451 3825 utilitatem,
2491 3761 2743 3831 quamvis
2777 3759 2915 3814 forte
2943 3759 3085 3814 hanc
3119 3774 3209 3814 rex
3252 3774 3363 3813 non
3400 3759 3486 3812 in-

1913 3849 2115 3916 tendat,
2144 3851 2238 3905 sed
2275 3859 2398 3922 agat
2419 3849 2823 3916 benevolentia,
2849 3849 2933 3904 vel
2964 3849 3091 3905 odio
3117 3857 3336 3915 motus;
3370 3848 3484 3902 ani-

1911 3955 2054 3995 mam
2090 3950 2270 3995 autem
2303 3941 2657 4010 passionibus
2695 3940 3038 3995 dominantis
3078 3939 3390 3996 inducendo
3432 3940 3490 3995 in

1912 4047 2194 4088 sermones
2225 4041 2319 4087 aut
2351 4033 2616 4086 virtutum
2651 4031 2897 4088 instituta
2935 4032 3038 4103 ipsi
3063 4031 3381 4110 profutura.

1990 4211 2149 4267 Vens.
2186 4213 2242 4266 2.
2285 4211 2472 4268 Omnis
2523 4213 2602 4267 vir
2647 4213 2855 4267 videtur
2902 4215 3005 4269 sibi
3047 4215 3262 4284 justus;
3309 4216 3491 4289 dirigit

1915 4314 2089 4358 autem
2126 4303 2289 4358 corda
2324 4303 2606 4358 Dominus.
2636 4303 2827 4362 Omnis
2859 4305 3021 4360 homo
3050 4309 3139 4376 qui
3162 4307 3317 4374 juxta
3345 4308 3491 4378 leges

1915 4397 2129 4452 divinas
2190 4397 2666 4450 conversationem
2728 4406 2814 4451 est
2884 4397 3212 4467 amplexus,
3273 4397 3492 4452 videtur

1844 4489 1885 4544 D
1914 4487 2134 4560 quidem
2177 4487 2495 4542 hominibus
2540 4501 2570 4539 a
2617 4485 2801 4555 seipso
2833 4487 3165 4556 inculpatus.
3207 4485 3352 4542 Deus
3390 4501 3490 4542 au-

1910 4587 2020 4635 tem
2075 4581 2456 4636 universorum
2503 4579 2787 4645 Dominus,
2836 4579 3127 4650 prudentia
3172 4588 3227 4635 et
3275 4580 3488 4636 discre-

1911 4677 2059 4731 tione
2102 4690 2318 4729 omnem
2365 4673 2603 4728 animam
2640 4673 2708 4728 iis
2744 4673 2974 4742 obsequi
3019 4673 3292 4730 volentem
3332 4684 3493 4745 parat

1912 4769 1978 4825 ad
2012 4781 2158 4825 recte
2191 4767 2588 4823 ambulandum
2623 4767 2678 4822 in
2713 4767 2798 4821 via
2831 4768 3073 4822 virtutis.

1983 4862 2149 4918 Vens.
2193 4862 2246 4916 '5.
2306 4859 2506 4914 Facere
2544 4861 2698 4930 justa
2745 4870 2795 4915 et
2845 4876 3081 4915 ueracem
3124 4876 3255 4929 esse,
3289 4861 3494 4930 placita

1913 4968 2033 5014 sunt
2071 4958 2210 5026 apud
2248 4956 2415 5011 Deum
2455 4957 2625 5027 magis
2671 4972 2832 5026 quam
2871 4957 3208 5012 victimarum
3252 4959 3489 5028 sanguis.

1915 5049 2167 5104 Mandata
2199 5049 2291 5105 Dei
2335 5048 2582 5119 implere,
2622 5048 2811 5118 illique
2853 5064 3036 5105 veram
3073 5047 3320 5118 proferre
3360 5064 3494 5104 cou-

1916 5144 2249 5210 lessionem,
2305 5142 2480 5212 magis
2537 5141 2681 5214 apud
2730 5156 2855 5198 eum
2911 5141 3107 5212 placita
3152 5148 3282 5198 sunt
3327 5155 3490 5209 quam

1915 5240 2262 5296 victimarum
2316 5239 2573 5308 legalium
2627 5238 2852 5309 sanguis
2903 5251 2931 5290 a
2990 5235 3192 5298 Judteis
3247 5235 3488 5291 oblatus.

1915 5332 2056 5387 Dicit
2094 5331 2238 5387 enim
2277 5349 2289 5386 :
2327 5350 2344 5383 ι
2376 5329 2813 5388 Misericordiam
2855 5328 2998 5396 volo,
3031 5337 3086 5384 et
3123 5343 3233 5386 non
3273 5329 3488 5385 sacriﬁ-

1869 5469 1874 5474 .
1916 5426 2060 5480 cium
2091 5427 2132 5478 ¹.
2175 5443 2194 5476 ι

1987 5518 2159 5574 Vens.
2205 5519 2260 5573 4.
2312 5515 2507 5587 Magna
2555 5516 2761 5586 sapiens
2810 5517 2864 5570 in
2908 5513 3264 5578 contumelia,
3315 5514 3495 5566 audax

1915 5612 2086 5672 corde.
2131 5612 2234 5680 Qui
2267 5625 2522 5682 magnum
2553 5609 2714 5666 habet
2744 5606 2988 5665 animum
3028 5606 3157 5663 dum
3193 5604 3321 5660 vilia
3366 5600 3496 5680 quis»
3577 5617 3586 5626 ο
