4054 6500
611 361 742 425 1431

1909 363 2260 425 PROCOPII
2299 362 2543 423 GAZl‘EI

3739 346 3862 408 1ίῖὶὲ

607 475 731 528 dem
760 489 822 526 ac
849 474 1090 527 humana
1121 473 1448 540 contemnit,
1474 489 1669 544 magna
1706 483 1888 530 autem
1921 483 1976 529 et
2008 474 2180 528 divina

2295 471 2530 524 εὐτελῶν
2561 471 2654 523 καὶ
2693 468 3053 539 ἀνθρωπίνων
3098 463 3466 536 πραγμάτων,
3517 459 3695 528 ζητεῖν
3726 457 3777 509 δε
3802 461 3863 512 τὰ

607 563 828 633 quaerit,
859 562 1036 618 audax
1068 564 1252 619 evadit
1282 563 1348 619 ad
1380 563 1578 619 anima:
1608 564 1865 626 salutem,
1891 563 2045 619 carni
2078 577 2186 616 non

607 667 862 723 parcens.

681 742 925 798 Lucerna
990 743 1275 811 impiorum
1330 753 1622 811 peccatum.
1685 744 1936 798 Lucerna
1991 755 2185 796 eorum

607 837 702 906 qui
737 845 982 891 ventrem
1014 836 1224 890 ducunt
1263 834 1456 899 Deum,
1489 850 1552 889 ac
1593 835 1823 905 proinde
1865 837 2034 890 Deum
2079 850 2184 889 non

609 929 834 994 colunt,
875 928 1062 984 cultus
1097 926 1304 983 ventris
1350 935 1461 984 est.
1504 926 1848 996 Voluptatem
1896 927 2041 981 enim
2089 939 2187 996 pro

609 1021 813 1076 lumine
845 1022 1093 1091 capiunt.

681 1111 846 1167 Vsus.
879 1113 932 1168 6.
969 1113 1074 1180 Qui
1105 1121 1387 1184 congregat
1411 1113 1686 1167 thesauros
1711 1111 1891 1180 lingua
1925 1109 2185 1175 mendaci,

608 1219 746 1257 uana
785 1214 1038 1271 sectatur,
1072 1213 1121 1258 et
1152 1205 1474 1274 impingetur
1499 1202 1568 1255 ad
1595 1205 1807 1272 laqueos
1848 1202 2055 1254 mortis.
2081 1199 2185 1266 Qui

610 1295 900 1349 mendacio
949 1295 1172 1349 divitias
1239 1296 1598 1355 tliesaurizat,
1657 1297 1899 1364 peritura
1945 1295 2096 1360 cupit
2134 1300 2188 1346 et

609 1386 666 1440 in
719 1385 943 1456 laqueos
997 1387 1324 1457 perditionis
1366 1388 1534 1452 cadit,
1569 1387 1833 1440 abesrans
1875 1400 1904 1439 a
1957 1385 2186 1438 salutari

609 1476 924 1544 charitate,
969 1490 1312 1535 terrenarum
1370 1493 1555 1534 amore
1603 1478 1855 1541 illectus,
1908 1477 2188 1531 homines-

608 1582 717 1637 que
747 1568 1005 1640 decipere
1043 1572 1294 1636 studens,
1326 1580 1384 1625 ut
1421 1585 1612 1627 eorum
1650 1569 1789 1626 bona
1826 1567 1929 1624 sibi
1969 1561 2204 1625 tbesaué

609 1661 778 1728 rizet,
808 1675 837 1714 a
868 1662 1137 1721 cliaritate
1171 1661 1265 1719 Dei
1297 1662 1594 1718 divellitur.

2301 560 2514 632 μεγάλα
2548 563 2645 616 καὶ
2693 561 2834 622 θεῖα,
2883 557 3090 630 θρασὺς
3147 556 3384 624 ὑπάρχει
3411 550 3553 602 κατὰ
3582 548 3752 618 ψυχὴν
3784 549 3861 602 διὰ

2295 654 2392 724 τὴν
2427 653 2596 724 αὑτῆς
2634 651 2928 722 σωτηρίαν,
2967 648 3169 720 σαρκὸς
3213 647 3287 717 μὴ
3331 644 3659 714 φειδόμενος.

2367 745 2656 816 Λαμπτὴρ
2709 744 2779 796 δὲ
2827 739 3066 796 ἀσεϐῶν
3094 739 3366 808 ἁμαρτία.
3415 735 3626 805 Λύχνος
3670 735 3724 786 δὲ
3761 735 3859 788 τῶν

2296 839 2592 910 ἠγημένων
2654 835 2789 888 Θεὸν
2845 834 2943 903 τὴν
3005 831 3230 894 κοιλίαν,
3284 827 3587 883 κάντεῦθεν
3630 827 3758 879 Θεὸν
3790 829 3855 899 μὴ

2295 930 2601 998 τιμώντων,
2637 930 2669 999 ἠ
2701 927 2800 997 τῆς
2836 925 3070 993 γαστρὸς
3107 922 3372 994 θεραπεία
3407 920 3523 974 ἐστί
3545 936 3558 950 ·
3597 922 3857 988 φωτισμὸν

2295 1024 2404 1094 γάρ
2427 1024 2526 1094 τὴν
2555 1020 2765 1092 τρυφὴν
2794 1017 2934 1073 εἶναι
2966 1016 3468 1088 ὑπολαμϐάνουσιν.

2368 1123 2441 1181 ς’.
2485 1115 2549 1167 ’0
2570 1111 2830 1182 ἐνεργῶν
2862 1110 3320 1178 θησαυρίσματα
3357 1106 3612 1176 γλώσσῃ
3640 1103 3859 1172 ψευδεῖ,

2289 1204 2510 1275 μάταια
2537 1202 2756 1267 διώκει,
2792 1201 2890 1256 καὶ
2917 1202 3153 1269 ἔρχεται
3181 1200 3280 1252 ἐπὶ
3310 1197 3570 1266 παγίδας
3589 1194 3858 1249 θανάτου.

2307 1297 2368 1348 '0
2419 1297 2476 1348 ἐν
2529 1292 3022 1365 ψευδορῤημοσὺνῃ
3069 1290 3534 1360 ἀποθησαυρίζων
3580 1288 3860 1356 χρήματα,

2297 1386 2453 1441 ποθεῖ
2481 1387 2549 1440 τὰ
2579 1386 2934 1456 φθειρόμενα,
2961 1385 3056 1438 καὶ
3086 1385 3168 1446 είς
3209 1382 3436 1453 βρόχους
3466 1380 3744 1442 ἀπωλείας
3774 1381 3862 1448 ἐμ-

2297 1480 2508 1540 πίπτει,
2564 1481 2662 1548 τῆς
2725 1475 3107 1547 σωτηριὼδους
3168 1474 3388 1544 ἀγάπης
3442 1471 3859 1540 διαμαρτάνων·
3935 1484 3946 1496 ·

2296 1571 2654 1640 ἁλισκόμενος
2682 1568 2792 1641 γὰρ
2822 1569 2926 1620 ὑπὸ
2955 1567 3257 1635 φιλοὺλίας,
3286 1565 3379 1618 καὶ
3409 1566 3630 1634 ἀπατᾷν
3660 1562 3863 1633 ἀνθρώ-

2296 1681 2430 1728 πους
2487 1661 2803 1732 ἐπιχειρῶν,
2846 1658 3031 1713 ἵνατά
3082 1658 3262 1712 αὑτῶν
3297 1656 3740 1727 ἀποθησαυρίση,
3773 1655 3860 1724 τῆς

2296 1753 2432 1824 πρὸς
2461 1753 2592 1806 Θεὸν
2617 1753 2837 1821 ἀγάπης
2868 1749 3184 1818 ἀφίσταται.

678 1859 847 1917 Vens.
906 1862 958 1918 7.
1012 1861 1251 1918 Perditio
1315 1863 1495 1932 impiis
1556 1863 1785 1932 hospitio
1841 1863 2179 1933 suscipietur.

2361 1869 2424 1930 ζ’.
2471 1869 2754 1933 Ὄλεθρος
2771 1863 3057 1918 ἀσεϐέσιν
3091 1860 3597 1925 ἐπιξενωθήσεται
3621 1875 3635 1888 ·
3672 1859 3742 1912 οὐ
3763 1859 3860 1926 τὰρ

609 1950 734 2008 Non
772 1954 911 2009 enim
956 1954 1137 2008 volunt
1177 1971 1332 2026 agere
1365 1955 1539 2024 justa.
1596 1953 1665 2010 lis
1710 1957 1802 2025 qui
1857 1953 2025 2008 Deum
2085 1971 2182 2025 per

608 2046 749 2101 bona
815 2059 979 2114 opera
1035 2046 1222 2100 colere
1275 2055 1556 2111 recusant,
1599 2062 1781 2109 mors,
1843 2047 2101 2116 quamvis
2152 2063 2180 2099 ιι

606 2149 803 2194 natura
841 2139 1116 2208 spirituali
1150 2138 1366 2204 aliena,
1411 2149 1592 2193 tamen
1648 2153 1745 2207 per
1790 2145 2072 2206 peccatum
2129 2135 2180 2189 in

605 2231 847 2285 animam
889 2229 1159 2295 derivata,
1191 2231 1410 2286 delectu
1441 2231 1768 2299 accipietur.
1804 2228 2006 2282 Nolunt
2035 2229 2180 2282 enim

605 2325 696 2380 isti
723 2325 1034 2395 justissima
1068 2325 1162 2379 Dei
1203 2341 1427 2380 servare
1471 2325 1727 2378 mandata
1772 2339 1895 2393 qua:
1941 2322 2180 2376 animam

604 2419 904 2472 viviﬁcaut.

675 2528 840 2584 Vsus.
881 2529 934 2582 8.
963 2529 1045 2582 Ad
1073 2545 1342 2598 perversos
1367 2544 1636 2597 perversos
1667 2530 1778 2582 vias
1813 2527 1974 2581 mittit
2006 2526 2180 2581 Deus:

603 2622 801 2676 munda
847 2627 986 2676 enim
1025 2632 1074 2677 et
1103 2634 1247 2676 recta
1307 2637 1465 2691 opera
1513 2620 1650 2690 ejus.
1703 2621 1842 2676 Cum
1908 2620 2184 2691 perversis

602 2721 788 2768 mente
838 2713 1060 2768 videtur
1115 2713 1348 2784 perverti
1401 2713 1494 2783 qui
1552 2728 1674 2766 cum
1717 2720 1914 2767 sancto
1954 2719 2182 2765 sanctus

600 2811 690 2859 est
711 2803 859 2860 Deus
889 2818 904 2858 :
940 2805 1145 2858 munda
1163 2804 1313 2858 cnim
1337 2811 1390 2858 et
1422 2812 1572 2876 recta
1596 2819 1762 2874 opera
1791 2805 1910 2872 ejus
1937 2823 1948 2858 :
1976 2811 2180 2857 cuneta

602 2897 750 2951 enim
821 2898 961 2952 bona
1017 2912 1200 2968 quaee
1257 2895 1370 2951 Deo
1427 2905 1725 2962 venerunt,
1755 2905 1810 2952 et
1843 2905 1900 2952 ut
1955 2909 2179 2952 causata

602 2991 859 3060 Spiritum
919 3002 1167 3046 nostrum
1212 2991 1280 3046 ad
1325 2991 1701 3062 cognitionem
1761 2992 1854 3048 Dei
1898 3002 1957 3047 ut
2002 3010 2184 3048 causa:

601 3081 871 3153 dirigunt.
922 3080 1225 3152 Postquam
1283 3091 1468 3138 autem
1531 3082 1698 3136 homo
1747 3093 1929 3138 mente
1976 3099 2102 3139 sese
2151 3100 2180 3138 a

2280 1961 2578 2026 ,βούλεται
2611 1956 2914 2026 πράσσειν
2951 1955 3021 2008 τὰ
3068 1954 3286 2008 δίκαια.
3325 1954 3450 2015 Τοῖς
3477 1950 3552 2022 μὴ
3579 1949 3776 2019 τιμῶσι
3800 1951 3860 2003 δι’

2286 2051 2656 2122 ἀγαθοεργίας
2688 2049 2844 2112 Θεὸν,
2885 2049 2912 2101 ὁ
2949 2047 3099 2112 ξένος
3150 2047 3248 2116 τῆς
3285 2045 3518 2114 λογικῆς
3550 2044 3763 2111 φύσεως
3794 2043 3859 2105 ὡς

2285 2146 2596 2218 παράλογος
2656 2143 2888 2214 ψυχικὸς
2955 2141 3078 2194 καθ’
3133 2138 3411 2210 ἁμαρτίαν
3460 2138 3715 2200 θάνατος,
3743 2137 3863 2190 ὑποο

2284 2239 2607 2308 δεχθήσεται
2658 2235 2802 2290 κατὰ
2855 2234 3212 2306 προαίρεσιν’
3251 2231 3346 2284 καὶ
3383 2231 3494 2301 γὰρ
3527 2231 3590 2282 οὑ
3629 2229 3860 2282 θέλουσιν

2285 2326 2430 2384 οῦτοι
2467 2330 2732 2400 πράττειν
2776 2327 2873 2390 τὰς
2912 2324 3212 2393 ζωογὸνους
3240 2323 3342 2393 τῆς
3376 2322 3558 2393 ψυχῆς
3597 2321 3859 2376 δικαιοτάο

2284 2436 2386 2482 τας
2417 2418 2510 2472 τοῦ
2532 2416 2668 2470 Θεοῦ
2703 2416 2947 2478 ἐντολάς.
3681 2429 3686 2433 -

2355 2538 2424 2603 η’.
2465 2529 2620 2598 Πρὸς
2655 2529 2796 2595 τοὺς
2845 2525 3160 2592 σκολιοὺς,
3200 2522 3458 2589 σκολιὰς
3496 2523 3686 2588 ὀδοὺς
3721 2522 3858 2575 ἀπο-

2285 2625 2530 2680 στέλλει
2552 2628 2584 2678 ό
2603 2623 2749 2690 Θεός
2771 2639 2784 2654 ·
2809 2619 2964 2690 ἁγνὰ
2997 2618 3065 2673 δὲ
3089 2619 3185 2672 καί
3220 2619 3363 2686 ὀρθὰ
3383 2617 3455 2671 τὰ
3481 2615 3630 2684 ἔργα
3667 2613 3859 2668 αὐτοῦ.

2285 2719 2410 2781 Τοῖς
2434 2718 2580 2773 κατὰ
2622 2714 2849 2785 γνώμην
2898 2711 3204 2784 στρεϐλοίς,
3247 2710 3396 2764 δοκεί
3424 2707 3813 2778 διατρέφεσθαι
3837 2710 3861 2759 ὁ

2288 2809 2432 2882 μετὰ
2460 2809 2607 2863 ὁσίου
2641 2809 2787 2870 ὅσιος
2817 2805 3082 2877 ὑπάρχων
3129 2803 3264 2866 Θεός
3289 2820 3303 2834 ·
3339 2801 3563 2873 καθαρά
3602 2801 3701 2856 καὶ
3740 2799 3862 2868 sset,

2284 2904 2353 2958 τὰ
2385 2904 2669 2973 ποιήματα
2697 2899 2863 2954 αὑτοῦ
2889 2917 2904 2931 ο
2945 2899 3126 2952 πάντα
3157 2897 3267 2967 γὰρ
3296 2895 3439 2950 καλά
3479 2895 3552 2949 τὰ
3592 2894 3702 2947 ὑπὸ
3740 2893 3863 2945 Θεοῦ

2285 2998 2547 3066 γεγονότα
2568 3013 2581 3026 ο
2605 2996 2701 3048 καὶ
2725 2993 2800 3058 ὡς
2819 2993 3060 3055 αἰτιατά,
3088 2991 3224 3060 πρὸς
3249 2989 3546 3056 ἐπίγνωσιν
3573 2987 3766 3040 τούτου
3796 2985 3864 3047 ὡς

2286 3089 2487 3148 αἰτίου.
2519 3089 2610 3141 τὸν
2639 3086 2906 3156 ἡμέτερον
2935 3083 3061 3138 νοῦν
3092 3082 3471 3138 ἀπευθύνοντα
3493 3099 3507 3111 ·
3543 3083 3673 3134 ἐπεὶ
3698 3081 3754 3132 δὲ
3775 3079 3862 3132 τοῦ

602 3175 794 3230 divino
847 3173 1110 3228 mandato
1160 3176 1467 3240 averterit,
1521 3172 1752 3230 eﬂ‘ectus
1805 3186 1892 3230 est
1925 3177 2180 3232 consultu

2288 3181 2431 3235 θείου
2468 3180 2775 3251 θελήματος
2808 3175 3085 3248 ἐξετράπη
3132 3175 3273 3229 κατά
3295 3174 3526 3245 γνώμην
3559 3173 3862 3243 ἀνθρωπκ,

602 3266 782 3320 malus
817 3273 873 3322 et
915 3266 1031 3336 ipse
1054 3275 1111 3322 et
1141 3267 1234 3321 illa
1263 3268 1430 3322 etiam
1465 3283 1588 3338 quae
1632 3270 1703 3322 ab
1745 3284 1812 3323 eo
1853 3268 1998 3322 facta
2055 3275 2185 3325 sunt

601 3372 700 3429 per
741 3359 1119 3414 irrationalem
1150 3375 1308 3413 usum
1348 3359 1490 3412 mala
1521 3359 1722 3414 elici-it.

675 3558 843 3615 Vuns.
878 3562 931 3616 9.
966 3559 1161 3616 Melius
1185 3571 1263 3616 est
1293 3562 1536 3616 habitare
1565 3578 1723 3632 super
1783 3566 2038 3636 angulum
2085 3567 2181 3620 sub

601 3650 713 3719 dio,
735 3669 896 3722 quam
926 3654 979 3706 in
1003 3653 1148 3708 calce
1179 3654 1411 3709 inductis
1450 3671 1569 3709 cum
1601 3657 1883 3726 iniquitate
1913 3666 1963 3711 et
1998 3658 2050 3711 in
2079 3658 2180 3713 do-

602 3761 687 3798 ma
717 3747 1001 3809 communi.
1033 3745 1228 3802 Melius
1257 3755 1343 3802 est
1369 3747 1564 3804 sedere
1589 3748 1645 3802 in
1677 3750 1881 3818 angulo
1927 3751 2035 3805 sub
2061 3750 2181 3817 dio,

599 3851 763 3905 quam
814 3836 1064 3898 habitare
1099 3838 1151 3891 in
1193 3839 1472 3894 manibus
1524 3841 1678 3894 calce
1733 3841 1980 3895 inductis
2003 3849 2059 3896 et
2083 3842 2181 3897 de-

599 3927 826 3993 coratis,
843 3936 900 3982 et
923 3929 974 3982 in
993 3930 1160 3982 domo
1181 3939 1431 3986 recenter
1449 3943 1656 4000 parata,
1672 3947 1794 3987 cum
1819 3932 2179 3988 abundantia.

597 4011 733 4068 Nam
757 4016 937 4069 anima
961 4017 1182 4085 quidem
1209 4018 1332 4085 ejus
1355 4019 1447 4088 qui
1467 4025 1690 4074 terrena
1717 4020 2181 4091 praetergrediens

600 4109 917 4162 necessaria
963 4117 1178 4163 tantum
1220 4125 1285 4164 ac
1319 4110 1554 4166 obscura
1597 4113 1849 4182 requirit,
1886 4129 1918 4169 e
1957 4127 2184 4168 carcere

600 4201 865 4255 eximitur
899 4203 1252 4257 terrestrium
1279 4213 1334 4257 et
1367 4202 1434 4256 ad
1470 4205 1610 4258 bona
1645 4205 1858 4260 inﬁnita
1891 4206 2179 4277 progredi-

601 4306 711 4361 tur.
756 4292 951 4349 Anima
1004 4303 1186 4348 autem
1231 4295 1353 4365 ejus
1401 4296 1495 4367 qui
1553 4313 1976 4368 supervacanea
2021 4307 2076 4354 et
2111 4300 2176 4355 ad

599 4398 820 4459 tempus
873 4389 1020 4444 clara
1079 4404 1142 4442 ac
1174 4388 1411 4459 gloriosa
1444 4389 1628 4459 elegit,
1686 4391 2029 4460 terrenisque
2075 4392 2180 4447 im-

599 4483 862 4551 plicatur,
893 4483 946 4535 in
980 4480 1199 4536 inferno
1229 4483 1567 4549 includitur:
1603 4485 1829 4540 aeternis
1885 4488 2030 4540 enim
2061 4485 2174 4556 jam

599 4583 896 4646 torquetur
922 4574 1230 4646 suppliciis.

675 4691 837 4747 Vens.
881 4692 962 4747 l0;
993 4693 1188 4746 Anima
1223 4693 1372 4760 impii
1409 4710 1443 4744 ﬂ
1495 4693 1702 4747 nemine
1753 4691 2178 4746 misericordiam

598 4795 964 4851 consequetur.
1020 4785 1216 4839 Anima
1293 4788 1415 4852 ejus
1477 4785 1569 4851 qui
1624 4783 1791 4837 Deum
1854 4799 1950 4853 per
2037 4784 2179 4838 bona

598 4889 763 4941 opera
791 4875 977 4928 colere
1013 4883 1256 4937 recusat,
1311 4889 1436 4928 cum
1470 4875 1785 4942 justissimo
1834 4873 1927 4929 Dei
1967 4873 2181 4944 judicio

601 4968 654 5020 in
691 4965 1021 5036 supplicium
1066 4967 1309 5023 mittetur
1339 4983 1353 5032 ;
1381 4969 1653 5022 neminem
1679 4968 1798 5037 ejus
1835 4968 2140 5024 miserehit.

670 5169 837 5226 Vens.
876 5172 960 5226 Η.
1020 5169 1252 5226 Multato
1309 5172 1713 5239 intemperante,
1772 5174 2070 5243 sapientior
2119 5175 2180 5242 ﬁt

597 5267 862 5333 simplex;
892 5267 1187 5337 intelligens
1219 5281 1393 5322 autem
1450 5269 1683 5334 sapiens,
1735 5268 1984 5336 suscipiet
2011 5271 2180 5321 scien-

601 5358 750 5409 tiam.
781 5355 918 5410 Dum
966 5355 1056 5410 ille
1095 5356 1189 5426 qui
1249 5357 1572 5428 insipienter
1602 5357 1756 5426 ,vivit
1809 5358 2057 5427 proprias
2099 5357 2182 5411 di-

601 5450 763 5502 vilius
830 5459 1290 5520 quantarcumque
1353 5451 1467 5506 sint
1532 5450 1816 5520 profusius
1877 5451 2180 5512 consumit,

600 5538 922 5610 prudentior
943 5541 999 5594 lit
1020 5543 1110 5611 qui
1140 5541 1194 5596 in
1221 5542 1375 5610 praxi
1400 5556 1463 5596 ex
1485 5541 1633 5595 omni
1661 5541 1866 5595 tnalitia
1891 5541 2178 5606 liberatur;

599 5648 706 5685 non
741 5633 832 5684 tali
860 5631 1066 5686 invidet
1093 5633 1187 5687 sed
1215 5633 1398 5702 potius
1447 5634 1688 5702 seipsum
1725 5633 1968 5687 custodit
2007 5649 2075 5687 ne
2127 5635 2178 5686 in

597 5725 798 5778 simila
836 5725 1223 5779 malaincidat.
1245 5726 1898 5794 Coiitemplativushomo
1931 5725 2181 5778 humana:

601 5822 812 5871 natura:
849 5813 1282 5872 imbecillitatem
1341 5826 1620 5885 reputans,
1682 5818 1735 5870 in
1779 5817 2178 5886 intemperante

2207 4530 2260 4590 D

2286 3274 2480 3344 γέγονέ
2511 3291 2570 3326 τε
2601 3273 2693 3326 καὶ
2720 3272 2882 3334 αὑτὸς
2911 3269 3230 3341 προαιρέσει
3252 3268 3444 3331 κακὸς,
3479 3267 3576 3320 καὶ
3603 3266 3862 3334 πεποίηκε

2288 3366 2382 3418 καὶ
2418 3363 2487 3417 τὰ
2514 3363 2582 3416 δι’
2613 3363 2772 3417 αὑτὸν
2837 3361 3119 3432 γεγονότα,
3169 3359 3311 3415 κατὰ
3371 3358 3471 3430 τὴν
3529 3357 3862 3427 παραλόγως

2287 3459 2485 3528 χρῆσιν
2510 3457 2676 3510 κακά.

2360 3571 2425 3626 θ’.
2449 3570 2742 3639 Κρεῖσσον
2762 3568 2948 3623 οἰκεῖν
2989 3567 3091 3621 ἐπὶ
3122 3569 3337 3637 γωνίας
3382 3566 3707 3631 ὑπαίθρου.
3737 3563 3774 3631 ἣ
3802 3563 3864 3616 ἐν

2287 3663 2733 3732 κεκονιαμένοις
2781 3661 2933 3730 μετὰ
2962 3661 3218 3725 ἀδικίας.
3251 3659 3348 3712 καὶ
3383 3659 3453 3711 ἐν
3477 3657 3626 3722 chap
3664 3652 3856 3720 καινῷ.

2287 3749 2520 3802 Κάλλιὸν
2547 3751 2692 3801 ἐστιν
2717 3751 2772 3799 ὲν
2803 3749 3035 3801 ἀσκεπεί
3068 3749 3239 3818 γωνίᾳ
3261 3749 3378 3817 μιᾷ,
3421 3745 3697 3816 καθῆσθαί
3728 3762 3857 3806 τινα,

2286 3842 2318 3912 ἥ
2353 3843 2411 3894 ὲν
2438 3840 2636 3910 τοίχοις
2663 3841 3202 3911 περικεχρισμένοις,
3229 3841 3320 3892 καὶ
3342 3837 3862 3904 νεοκαταοκευάστῳ

2285 3933 2702 4002 οἰκοδομήματι,
2751 3931 2888 4000 μετά
2932 3929 3274 3995 πλεονεξίας·
3330 3927 3424 3981 τοῦ
3478 3928 3580 3998 μὲν
3622 3928 3735 3997 γάρ
3778 3927 3862 3980 τὸν

2286 4029 2579 4099 ἀπέριττον
2613 4027 2706 4081 καὶ
2737 4027 2920 4097 ἀφανῆ
2971 4027 3249 4098 ἑλομένου,
3285 4025 3394 4078 τῶν
3422 4022 3681 4078 ἐντεῦθεν
3704 4024 3859 4077 ἀπαί-

2288 4137 2472 4192 ροντος
2497 4120 2750 4187 ἐξάγεται
2797 4122 2862 4172 ὲκ
2903 4119 3149 4188 φυλακῆς
3179 4121 3210 4188 ὴ
3251 4117 3421 4187 ψυχὴ,
3456 4117 3550 4170 καὶ
3585 4115 3688 4185 ἠδη
3703 4116 3861 4186 χωρεῐ

2285 4215 2420 4286 πρὸς
2447 4213 2516 4267 τά
2539 4214 2824 4284 ἀπέραντα
2845 4213 3026 4281 ἀγαθά
3054 4230 3068 4244 ο
3099 4211 3194 4264 τοῦ
3222 4212 3280 4264 δὲ
3313 4211 3371 4263 τὸ
3401 4212 3499 4279 τῆς
3540 4211 3733 4279 χρείας
3771 4226 3859 4262 πε-

2287 4303 2468 4376 ριττὸν
2497 4304 2591 4357 καὶ
2619 4304 2679 4356 τὸ
2710 4303 3059 4374 προσκαίρως
3095 4301 3344 4370 λαμπρὸν
3380 4301 3474 4353 καὶ
3497 4301 3747 4365 ἐπίδοξον
3780 4300 3859 4352 0.1-.-

2287 4395 2660 4466 ρετισαμένου.
2693 4395 2800 4451 τῶν
2831 4395 3018 4448 ἐνθάδε
3035 4393 3456 4464 μεθισταμένου,
3495 4395 3553 4446 ἐν
3578 4392 3682 4464 ᾅδῃ
3708 4408 3860 4443 κατα-

2286 4487 2577 4560 κλείεταιή
2611 4487 2756 4560 ψυχή
2781 4506 2793 4520 ·
2826 4490 2920 4542 καὶ
2960 4487 3064 4558 ἥδη
3105 4487 3319 4540 ἀνιᾶται
3353 4487 3474 4548 ταῖς
3505 4486 3750 4546 αίωνίοις
3779 4500 3858 4536 ιιι)⁸

2286 4582 2527 4638 λάσεσιν.

2354 4703 2406 4750 ι’.
2449 4695 2621 4764 Ψυχὴ
2648 4693 2928 4760 ἀσεϐοῦς.
2947 4697 3057 4747 οὐκ
3077 4691 3470 4758 ἐλεηθήσεται
3497 4691 3601 4745 ὑπ’
3620 4691 3858 4755 οὐδενὸς

2283 4787 2398 4842 τῶν
2429 4786 2774 4856 ἀνθρώπων.
2813 4785 2924 4856 Τὴν
2955 4784 3135 4854 ψυχὴν
3169 4783 3262 4836 τοῦ
3309 4783 3382 4852 μὴ
3411 4781 3478 4834 δι’
3500 4782 3859 4852 ἀγαθοεργίας

2281 4879 2552 4948 τιμῶντος
2580 4879 2734 4942 Θεὸν,
2791 4881 2858 4949 τῇ
2911 4878 3239 4946 δικαιοτάτῃ·
3275 4873 3439 4927 αὑτοῦ
3476 4875 3664 4944 κρίσει
3693 4891 3856 4942 παρα-

2285 4971 2646 5041 πεμπομένην
2680 4974 2759 5034 είς
2795 4971 3034 5033 κόλασιν,
3079 4969 3254 5030 οὐδεὶς
3291 4966 3402 5020 τῶν
3446 4966 3759 5038 ἀνθρώπων
3779 4966 3855 5029 ἑξ-

2284 5063 2485 5116 ελεῖται
2522 5062 2713 5132 αὑτῆς.

2358 5175 2444 5230 ια’.
2493 5177 2906 5246 Ζημιουμένου
2955 5175 3328 5238 ἀκολάστου,
3383 5174 3853 5241 πανοιιργότερος

2286 5269 2510 5337 γίνεται
2580 5273 2613 5321 ὀ
2672 5269 2930 5335 (ἱκανοςη
2984 5267 3216 5322 συνιών
3262 5267 3331 5320 δὲ
3367 5267 3586 5336 σοφὸς,
3635 5265 3851 5330 δέξεται

2287 5360 2532 5428 γνῶσιν.
2565 5360 2673 5414 Τοῦ
2708 5361 2781 5432 μὴ
2811 5363 3105 5430 σωφρόνως
3134 5360 3394 5430 βιοῦντος,
3420 5360 3512 5411 τὸν
3543 5359 3682 5411 ἴδιον
3709 5355 3852 5410 πλοῦ-

2285 5469 2376 5504 τον
2406 5453 2587 5514 ὁποῖός
2638 5456 2787 5506 ἐστιν
2846 5454 3071 5516 ἀσώτως
3112 5453 3642 5515 καταναλίσκοντος,
3676 5455 3703 5505 ὁ
3726 5449 3850 5503 κατᾶ

2287 5539 2488 5608 πρᾶξιν
2519 5543 2698 5612 πάσης
2733 5543 2929 5605 κακίας
2965 5542 3324 5610 ἀπαλλαγεὶς,
3358 5540 3849 5612 προσεκτικώτερος

2285 5635 2533 5698 γίνεται·
2563 5635 2635 5705 μὴ
2687 5636 3022 5705 παραζηλῶν
3070 5638 3158 5687 τὸν
3199 5631 3619 5696 τοιοῦτον,ἁλλά
3663 5631 3846 5701 μᾶλλον

2287 5728 2825 5797 κατασφαλιζόμειος
2889 5728 3117 5792 ἑαυτὸν,
3166 5727 3305 5778 ὥστε
3359 5725 3436 5796 μὴ
3479 5728 3592 5786 τοῖς
3656 5724 3843 5792 ὁμοίοις

2290 5819 2602 5889 περιπεσεῖν
2630 5831 2640 5846 °
2697 5817 2723 5868 ὁ
2754 5815 2807 5870 δὲ
2847 5815 3204 5888 θεωρητικὸς,
3237 5813 3519 5870 κατανοῶν
3543 5811 3602 5867 τὸ
3633 5814 3726 5894 τῆς
3760 5813 3842 5874 ἀν·
