3958 6500
53 344 72 406 l
83 346 110 405 εί
117 344 186 408 33

1061 352 1601 415 COMMENTARII
1655 356 1736 417 IN
1783 358 2244 421 PROVERBIA.‘

3203 364 3343 431 1431

48 458 336 530 θρωπίνης
393 463 612 531 φύσεως
677 462 903 527 ἀσθενὲς
971 467 1029 518 ὲν
1087 466 1165 536 τῷ
1209 467 1651 526 ἁκολασταίνοντι

1772 472 1935 531 l'ratrc
1983 477 2228 547 seipsqu
2262 489 2584 550 cognoscet;
2621 479 2714 534 sed
2767 478 2992 536 fratrem
3049 496 3157 536 non
3185 480 3340 552 judi-

49 552 262 621 ἀδελφῷ
290 553 668 622 ἐπιγνώσεται
687 554 756 608 τὰ
771 555 966 610 ἑαυτοῦ
985 572 997 586 ·
1023 559 1118 612 καὶ
1145 560 1207 612 οὐ
1231 562 1644 631 καταγνώσεται

49 642 137 694 τοῦ
164 643 413 711 ἀδελφοῦ
425 687 436 698 .

119 733 208 802 ιβ’.
245 733 468 787 Συνιεῖ
488 732 719 801 δίκαιος
752 736 1001 804 καρδίας
1037 737 1308 793 ἀσεϐῶν*
1346 741 1440 794 καί
1489 760 1645 812 φαυ-

48 825 184 883 λίζὲἰ
213 827 470 893 ἀσεϐεῖς
493 829 564 880 ἐν
597 827 823 894 κακοῖς.
860 831 1136 884 Κατανοεῖ
1157 834 1185 885 ὁ
1208 833 1520 904 ἀμέμπτως
1548 854 1646 890 πο⁸

51 920 430 988 λιτευόμενος,
458 921 585 984 τοὺς
616 920 690 991 μὴ
707 920 776 974 δι’
801 921 1166 993 ἁγαθοεργίας
1187 927 1462 995 τιμῶντας
1491 927 1645 994 Θεὸν,

51 1012 192 1072 ὅπως
217 1010 371 1063 κατὰ
395 1012 580 1082 ψυχὴν
613 1012 802 1076 κακῶς
836 1013 1057 1084 ἔχουσι’
1095 1017 1190 1069 καὶ
1218 1017 1486 1088 διελέγχει
1519 1016 1646 1071 τού-

50 1122 174 1167 τους
221 1106 282 1156 ὲν
311 1107 435 1168 τοῖς
486 1103 818 1174 παραλόγοις
868 1105 1052 1176 ἔργοις
1090 1109 1302 1161 αὐτῶν·
1346 1109 1422 1172 ὡς
1457 1110 1522 1163 ἂν
1557 1110 1650 1162 τὸν

51 1199 246 1248 οἰκεῖον
271 1195 690 1266 διορθώσωνται
732 1197 866 1267 βίον,
891 1199 988 1253 καὶ
1017 1199 1120 1270 τῆς
1145 1202 1367 1255 αίωνίου
1406 1202 1649 1274 ρυσθῶσι

55 1304 354 1350 κολασεως.
873 1354 878 1358 ,

125 1380 211 1447 ιγ’.
257 1383 372 1446 ’³ος
421 1379 688 1449 φράσσει
739 1381 812 1434 τὰ
865 1376 988 1436 ὦτα
1021 1383 1129 1438 τοῦ
1167 1384 1255 1454 μὴ
1313 1385 1652 1441 ἐπακοῦσαι

60 1472 381 1537 ἀσθενοῦς,
411 1473 509 1526 καί
533 1473 717 1539 αὐτὸς
746 1473 1185 1538 ἐπικαλέσετιιι,
1216 1477 1312 1530 καί
1336 1479 1448 1532 οὐκ
1481 1479 1652 1534 ἔσται

59 1568 88 1615 (ἶ
115 1565 475 1617 είσακούων.
516 1566 611 1628 ’ος
638 1564 736 1635 τῷ,
769 1565 879 1618 εἴτε
924 1569 1066 1621 κατὰ
1109 1568 1289 1637 σῶμα,
1347 1570 1460 1622 εἴτε
1509 1572 1653 1624 κατᾶ

58 1657 224 1725 ψυχὴν
269 1656 468 1719 κακῶς
503 1657 702 1727 ἔχοντι,
729 1659 823 1710 καὶ
860 1659 1111 1728 βοηθείας
1150 1659 1252 1730 τῆς
1283 1661 1502 1714 οίασοῦν
1530 1663 1649 1714 δεο-

64 1749 221 1816 μένῳ,
246 1747 325 1816 μὴ
353 1749 792 1818 ἐπικάμπτεται,
819 1750 890 1802 τὰ
910 1750 1071 1819 ὅμοια
1095 1751 1188 1803 καὶ
1210 1751 1374 1814 αὐτὸς
1400 1752 1649 1806 πείσεται

1749 568 1920 624 cabit.

1821 750 2112 805 Vens.12.
2180 750 2444 822 Intelligit
2503 751 2682 822 justus
2734 754 2898 805 corda
2945 753 3230 821 impiorum
3287 765 3338 810 et

1751 841 2023 910 vilipendit
2063 843 2254 910 impios
2280 843 2333 896 in
2387 842 2549 898 malo.
2583 845 2910 898 Considerat
2940 846 3032 916 qui
3060 847 3338 917 inculpate

1750 943 2133 1000 conversatur,
2159 951 2253 992 eos
2294 938 2386 1005 qui
2425 951 2521 1006 per
2554 937 2697 991 bona
2754 955 2918 1008 opera
2953 941 3135 995 colere
3167 939 3336 995 Deum

1749 1029 2305 1098 recusautquomodo
2323 1027 2503 1098 quoad
2536 1031 2775 1082 animam
2811 1031 2953 1085 male
2984 1048 3042 1086 se
3073 1033 3336 1097 habeam,

1751 1118 1986 1190 illosque
2007 1119 2286 1189 redarguit
2307 1121 2358 1173 iu
2383 1121 2802 1176 irrationalibus
2827 1123 3087 1192 Operibus
3117 1139 3332 1190 eorum,

1752 1221 1812 1264 ut
1849 1213 2121 1280 propriam
2159 1210 2453 1266 emendeut
2494 1213 2656 1266 vitam
2691 1253 2706 1278 ,
2766 1221 3152 1285 teter-numque
3197 1215 3333 1271 etfu-

1751 1303 1902 1374 giant
1943 1303 2295 1372 supplicium.

1825 1393 1992 1450 Vens.
2029 1397 2114 1449 15.
2145 1395 2250 1461 Qui
2291 1395 2502 1449 obturat
2535 1412 2716 1449 aurem
2740 1413 2892 1450 suam
2926 1397 2994 1449 ad
3047 1397 3336 1452 clamorem

1751 1487 2018 1554 pauperis,
2050 1496 2096 1540 et
2128 1487 2236 1554 ipse
2257 1487 2533 1553 clamabit,
2570 1497 2628 1541 et.
2664 1505 2765 1540 non
2824 1487 3162 1545 exaudietur.
3230 1491 3335 1556 Qui

1756 1579 1896 1632 male
1931 1593 2053 1632 sese
2079 1577 2330 1632 habentis
2361 1579 2479 1633 sive
2519 1578 2700 1648 quoad
2767 1594 2970 1644 corpus
3000 1580 3115 1634 sive
3153 1581 3338 1650 quoad

1755 1671 2016 1732 animam,
2050 1677 2105 1723 et
2134 1685 2486 1740 quocumque
2515 1671 2817 1738 indigentis
2849 1672 3062 1727 auxilio
3092 1689 3202 1726 non
3229 1674 3335 1725 tui-

1756 1771 1989 1827 scretur,
2027 1762 2156 1814 talia
2189 1763 2380 1831 ctipsc
2419 1763 2675 1831 patietur.
2713 1761 2852 1816 Cum
2890 1763 3180 1832 indigebit,
3220 1781 3330 1818 non

59 1841 310 1910 δεόμενος
348 1843 412 1894 ὲν
441 1843 731 1908 ἀνάγκαις,
775 1843 868 1895 καὶ
912 1843 986 1914 μὴ
1015 1843 1287 1914 εὑρίσκων
1321 1845 1415 1897 τὸν
1450 1845 1650 1918 βοηθή-

1778 1855 2064 1909 nvenietur
2114 1855 2206 1924 qui
2250 1869 2376 1908 eum
2427 1853 2675 1923 adjuvet.
2721 1853 2840 1909 Non
2895 1855 3335 1912 misericordiam

64 1950 242 1985 σοντα·
281 1934 388 1986 οὐκ
429 1934 664 1987 ὲλεεῖται
691 1935 822 2003 γὰρ,
856 1934 1044 2004 ἐπειδὴ
1072 1935 1145 2005 μὴ
1181 1935 1435 2006 ἠλέησεν.

129 2019 207 2074 ιδ’.
239 2021 422 2086 Δόσις
461 2020 726 2089 λάθριος,
761 2021 1079 2090 ἀνατρέπει
1110 2023 1308 2092 ὀργάς.
1346 2024 1651 2088 Μετάδοσις

63 2114 362 2182 χρημάτων
400 2113 692 2184 ἀνθρώπου
737 2115 882 2177 τινὸς
922 2113 1182 2184 λεληθυῖα
1249 2115 1384 2187 πρὸς
1456 2115 1648 2187 δεομέ-

62 2223 196 2269 νους,
218 2206 584 2260 καταλλάττει
628 2206 789 2260 αὑτὸν
819 2206 958 2278 Θεῷ,
1003 2207 1143 2277 ὑπὲρ
1175 2200 1250 2262 ὧν
1284 2209 1476 2262 τοῦτον
1510 2226 1652 2281 παρ-

65 2298 280 2368 ώργιςε,
313 2300 417 2361 τὰς
448 2297 611 2352 αὑτοῦ
640 2299 891 2371 παραϐὰς
917 2298 1157 2362 ἐντολάς.

128 2388 340 2458 Δώρων
366 2389 437 2444 δὲ
469 2393 500 2445 ό
525 2391 897 2460 φειδόμενος,
924 2392 1115 2461 θυμὸν
1135 2392 1344 2460 ἐγείρει
1370 2393 1646 2461 ἰσχυρόν.

77 2482 130 2532 ’0
155 2481 207 2534 δὲ
230 2481 320 2535 διὰ
344 2481 639 2552 φειδωλίαν
663 2482 738 2553 μὴ
772 2483 1084 2553 μεταδιδοὺς
1112 2488 1225 2548 Ἰὀἷς
1254 2482 1516 2555 χρῄζουσι
1544 2483 1650 2538 τῶν

69 2573 270 2638 ἑαυτοῦ,
295 2575 552 2644 μεγάλως
569 2575 896 2645 παροργίζει
912 2575 1046 2630 Θεόν
1064 2591 1078 2606 ·
1101 2575 1183 2630 ὅτι
1203 2575 1422 2647 χρῄζων
1439 2575 1646 2640 ἐλέους,

73 2667 140 2738 μὴ
166 2667 303 2720 ὲλεεῐ
328 2669 462 2731 τοὺς
501 2668 682 2732 ἐλέους
708 2667 917 2733 ἀξίους·

135 2846 212 2894 ιε’.
248 2841 620 2911 Εὑφροσὺνη
651 2840 920 2906 δικαίων,
948 2841 1142 2895 ποιεῖν
1169 2840 1368 2911 κρῖμα.
1396 2841 1650 2911 [Ινευμα⁶

72 2933 182 3000 τική
216 2933 367 2987 ἐστιν
400 2931 720 3000 ἀγαλλίασις
746 2931 854 2984 τῶν
878 2932 1020 2985 κατὰ
1052 2933 1251 3001 νόμους
1281 2931 1457 2996 θείους
1491 2930 1649 2985 πολι-

71 3024 396 3092 τευομένων,
444 3023 708 3094 πράττειν
737 3023 798 3076 τὸ
840 3025 982 3077 κατὰ
1010 3025 1170 3092 λόγον
1202 3023 1389 3094 κριθὲν
1422 3025 1641 3092 ἀγαθόν.

136 3115 344 3181 Ὅσιος
401 3117 490 3183 δὲ,
535 3116 873 3185 ἀκάθαρτος
913 3118 1070 3183 παρὰ
1101 3117 1476 3186 κακούργοις.
1521 3116 1579 3169 Ὀ
1604 3117 1647 3170 δ’
1679 3161 1721 3218 C

73 3206 204 3258 οὕτω
253 3208 699 3278 πολιτευόμενος,
746 3208 807 3260 οὐ
861 3209 1146 3278 νομίζεται
1195 3209 1347 3279 παρὰ
1392 3213 1506 3272 τοῖς
1548 3210 1650 3278 τῆς

77 3301 259 3364 κακίας
290 3304 577 3373 ἐργάταις,
599 3303 777 3366 καλῶς
808 3305 870 3356 τὸ
901 3303 1065 3356 καλὸν
1091 3303 1486 3374 ἐργαζόμενος·
1517 3304 1652 3357 ἀλλὰ

76 3391 134 3442 δι’
171 3394 699 3466 ἀνθρωπαρέσκειαν
740 3396 899 3449 τοῦτο
945 3397 1038 3450 καὶ
1080 3397 1390 3462 κενοδοξίαν
1421 3398 1650 3467 ὐποκρι-

78 3486 286 3554 νόμενος

141 3575 230 3641 ις’·
286 3577 474 3646 Ἀνὴρ
517 3578 910 3648 πλανώμενος
944 3579 1015 3644 ἐξ
1057 3578 1201 3634 ὀδοῦ
1235 3579 1651 3646 δικαιοσύνης,

80 3666 133 3719 ἐν
166 3670 492 3741 συνηγωτῇ
525 3670 820 3741 γιγάντων
851 3673 1288 3728 ἀναπαύσεται.
1330 3673 1654 3743 Ἀνθρωπος

80 3760 470 3832 ἐκτρεπόμενος
500 3764 601 3832 τῆς
629 3763 750 3816 κατ’
782 3763 983 3834 ἀρετὴν
1011 3763 1220 3834 τρίϐου,
1255 3763 1392 3833 μετὰ
1421 3763 1531 3815 τῶν
1567 3781 1654 3831 φι-

79 3850 405 3924 λοσωμάτων
457 3855 980 3926 συναυλισθήσεταιο
1033 3858 1092 3908 ἐν
1143 3852 1225 3919 οἷς
1273 3856 1335 3909 τὸ
1379 3855 1472 3909 τοῦ
1517 3853 1652 3908 Θεοῦ

80 3946 282 4016 πνεῦμα
312 3949 372 4002 οὐ
403 3953 721 4020 καταμενεῖ,
754 3951 841 4003 διὰ
864 3951 924 4001 τὸ
954 3946 1093 4002 εῖναι
1122 3951 1321 4012 αὐτοὺς
1353 3950 1580 4019 σάρκας.

148 4039 225 4102 ιζ’.
266 4040 449 4108 Ἀνὴρ
492 4041 708 4109 ἐνδεὴς
767 4040 966 4110 ἀγαπᾷ
1003 4042 1415 4110 εὐφροσύνην,
1462 4038 1656 4108 φιλῶν

84 4126 237 4184 οἶνον
289 4135 395 4188 καὶ
445 4135 656 4188 ἔλαιον
695 4137 783 4199 είς
831 4135 1118 4188 πλοῦτον.
1172 4137 1229 4187 ’0
1276 4134 1655 4203 πνευματικῆς

88 4224 288 4294 Χρῇζων
313 4227 545 4297 τροφῆς,
573 4227 672 4297 τὴν
720 4227 862 4280 κατὰ
894 4226 1072 4297 ψυχὴν
1114 4227 1270 4279 ποθεί
1301 4226 1650 4295 ἀγαλλίασινο

85 4314 451 4387 ἀσπαζόμενος
477 4317 737 4387 δαψιλῶς,
769 4318 863 4370 τόν
905 4335 963 4370 τε
991 4319 1147 4387 δίκην
1183 4318 1328 4373 οἴνου
1362 4319 1655 4372 στυπτικὸν

87 4410 207 4475 πρὸς
234 4411 410 4480 φυγὴν
441 4410 537 4479 τῆς
568 4411 767 4474 κακίας
813 4411 952 4463 θεῖον
1002 4412 1184 4479 φόϐον,
1227 4414 1323 4466 καὶ
1365 4413 1456 4465 τὸν
1498 4412 1654 4482 δίκην

88 4497 256 4553 ἐλαίου
294 4503 663 4572 ὑπαλείφονται
687 4502 822 4574 πρὸς
842 4504 1105 4574 ἐργασίαν
1125 4503 1231 4556 τῶν
1257 4501 1484 4574 [καλῶν]
1511 4503 1654 4555 θεῖον

90 4589 254 4643 πόθον.

152 4683 234 4750 ιη’.
288 4687 700 4755 Περικὰθαρμα
749 4687 819 4741 δὲ
855 4687 1111 4750 δικαίου,
1161 4687 1406 4756 ἄνομος.
1452 4685 1658 4752 Ὶέξίλα-

93 4787 191 4840 cita
219 4777 293 4839 δὲ,
329 4780 404 4843 ὠς
437 4779 498 4831 τὸ
546 4778 938 4848 περικάθαρμα
967 4781 994 4831 ὀ
1033 4779 1264 4842 Ἀκύλας
1312 4779 1654 4849 ἡρμήνευκε,

92 4866 174 4916 τοῦ
206 4870 622 4941 πολιτευομένου
667 4870 810 4924 κατὰ
843 4869 1016 4932 θείους
1056 4869 1254 4934 νόμους
1292 4871 1461 4935 ἐστιν,
1493 4870 1520 4921 ὁ
1552 4887 1657 4922 πα-

99 4959 388 5031 ραϐάτης...
423 4963 572 5015 ἐστὶν
617 4963 829 5015 αὑτῶ-ι’
885 4961 1242 5030 ὲξιλεωμένου
1279 4960 1410 5012 Θεὸν
1454 4959 1652 5030 τούτῳ,

96 5047 145 5096 ἐν
173 5051 244 5120 τῷ
285 5052 622 5122 διορθοῦσθαι
653 5050 822 5104 αὐτοῦ
855 5053 946 5103 τὸν
983 5050 1116 5117 βίον,
1157 5049 1224 5101 δι’
1260 5043 1320 5102 οὗ
1350 5049 1483 5100 Θεὸν
1520 5066 1658 5119 παρ-

95 5136 340 5207 ώργισεν·
375 5147 403 5196 ὁ
440 5144 550 5214 γὰρ
596 5142 740 5196 κατὰ
761 5140 894 5195 Θεὸν
921 5139 1054 5204 ζῶν,
1073 5139 1164 5191 τὸν
1195 5139 1270 5209 μὴ
1287 5137 1428 5190 οὕτω
1457 5135 1654 5201 ζῶντα,

96 5236 202 5294 ταῖς
230 5235 417 5289 ἑαυτοῦ
444 5238 803 5306 παραινέσεσι
823 5233 1113 5304 προσάγων
1139 5229 1278 5301 Θεῷ,
1298 5229 1657 5283 καταλλάττει

97 5324 264 5378 τοῦτον
295 5328 464 5398 αὐτῷ.

164 5415 241 5472 ιθ’.
270 5421 566 5490 Κρεῐσσον
603 5418 790 5476 οικεῖν
823 5417 894 5470 ἐν
936 5416 1010 5486 γῇ
1051 5417 1267 5485 ἐρήμῳ,
1301 5414 1338 5484 ἢ
1364 5415 1515 5483 μετὰ
1551 5433 1656 5483 γυ-

99 5514 283 5580 ι-ιιιιιός
307 5516 573 5584 μαχίμου
600 5514 693 5568 καί
721 5513 984 5582 ὀργίλου.
1015 5510 1226 5578 Ὥσπερ
1252 5509 1313 5560 τὸ
1339 5507 1516 5574 ἄζυγά
1537 5524 1659 5560 τινα.

105 5598 352 5662 εἶναικαὶ
390 5607 777 5679 μεμονιιιμένον
824 5606 1014 5664 οἰκεῖν,
1065 5603 1280 5655 κάλλιόν
1330 5605 1478 5654 ἐστιν
1517 5600 1657 5669 ὑπὲρ

105 5693 154 5743 ιδ
175 5706 426 5756 συνοικεῖν
457 5701 675 5771 γυναικὶ
695 5700 943 5771 ἐριστικῇ
975 5699 1095 5766 είκῆ
1128 5695 1480 5767 ὁργιζομένῃ.
1516 5692 1657 5744 οὕτω

107 5789 297 5850 King};
347 5798 461 5851 ἐστι
514 5795 608 5850 καὶ
654 5795 729 5866 τῷ
766 5793 838 5866 νῷ
893 5791 1043 5861 ἁπλῷ
1078 5792 1133 5845 ἐν
1171 5789 1287 5859 Θεῷ
1322 5790 1521 5860 μένειν,
1556 5786 1657 5851 ἔξω

1752 1955 2141 2015 consequetur,
2175 1946 2307 2015 quia
2358 1949 2677 2002 misericors
2709 1963 2817 2000 non
2855 1946 2980 2002 fuit.

1824 2039 1988 2096 Vens.
2028 2038 2114 2093 14.
2144 2037 2341 2093 Munus
2366 2042 2627 2094 occultum
2661 2041 2848 2094 avertit
2874 2040 3006 2094 iras.
3039 2040 3142 2107 Qui
3185 2041 3334 2095 indi-

1751 2133 2012 2202 gentibus
2046 2133 2321 2186 occultam
2365 2134 2770 2204 elcemosyuam
2806 2130 2961 2197 facit,
3007 2131 3114 2186 Deo
3139 2147 3335 2187 recou-

1752 2227 1972 2282 ciliatur
1996 2226 2160 2291 cujus
2188 2226 2325 2278 iram
2349 2224 2670 2295 provocavit
2704 2238 2800 2293 per
2830 2224 3332 2293 transgressionem

1752 2317 2164 2373 mandatorum.

1821 2406 2130 2462 Muneribus
2162 2415 2335 2458 autem
2359 2403 2450 2474 qui
2467 2404 2660 2470 parcit,
2687 2403 2920 2472 furorem
2945 2407 3173 2459 suscitat
3196 2407 3334 2460 uali-

1751 2500 1897 2554 dmn.
1931 2499 2036 2565 Qui
2060 2507 2240 2552 autem
2273 2497 2344 2551 ob
2391 2495 2789 2566 parcimuniam
2826 2512 2935 2552 non
2960 2497 3166 2551 datsua
3194 2499 3336 2553 indi-

1751 2594 2026 2663 gentibus,
2051 2605 2380 2660 magnopere
2427 2586 2598 2642 Deum
2619 2589 2684 2643 ad
2707 2589 2842 2644 iram
2872 2601 3135 2661 provocat
3163 2609 3177 2646 :
3205 2593 3338 2662 quia

1754 2681 2131 2736 miserlcordia
2167 2697 2336 2750 egens
2367 2694 2478 2734 non
2517 2679 2815 2736 miseretur
2846 2697 3041 2737 eorum
3088 2683 3182 2754 qui
3227 2683 3336 2738 mi-

1751 2773 2052 2826 sericordia
2085 2781 2214 2826 sunt
2248 2773 2420 2845 digni.

1822 2866 1988 2921 Vsus.
2038 2867 2118 2920 15.
2152 2865 2363 2922 Laetitia
2389 2870 2666 2939 justorurn
2691 2869 2866 2938 facere
2894 2867 3180 2935 iudicium.
3211 2866 3337 2938 Spi-

1752 2959 1972 3014 ritualis
2010 2969 2092 3014 est
2125 2961 2307 3014 laetitia
2337 2964 2640 3016 secundum
2681 2963 2772 3018 Dei
2810 2964 2954 3031 leges
2987 2976 3334 3017 conversan-

1753 3053 1923 3116 tibus,
1959 3051 2136 3107 tacere
2167 3055 2312 3123 quod
2352 3057 2493 3109 ratio
2528 3057 2730 3110 bonum
2759 3054 3051 3125 judicavit.

1828 3140 2058 3196 Sanctus
2109 3153 2284 3195 autem
2334 3145 2640 3198 immundus
2693 3153 2769 3197 est
2816 3143 2956 3211 apud
3011 3143 3199 3196 malos.
3233 3140 3338 3208 Qui

1756 3241 1936 3288 autem
1978 3243 2173 3288 sam-te
2200 3247 2582 3299 conversatur,
2611 3236 2679 3291 ab
2716 3236 3060 3306 iniquitatem
3097 3250 3335 3304 operan-

1759 3327 1903 3382 tibus
1937 3343 2042 3381 non
2079 3328 2313 3382 habetur
2358 3329 2493 3383 bene
2521 3330 2726 3382 bonum
2750 3343 2939 3398 agere,
2975 3327 3068 3382 scd
3134 3329 3338 3398 tingere

1758 3429 1816 3473 ut
1845 3421 2137 3492 pepulares
2171 3438 2334 3477 auras
2365 3429 2546 3492 captet
2586 3429 2640 3477 et
2678 3421 2749 3476 ob
2783 3435 2974 3474 vanam
3005 3421 3262 3491 gloriam.

1830 3594 1997 3651 Vens.
2030 3595 2118 3650 16.
2161 3595 2255 3649 Vir
2288 3613 2476 3649 errans
2509 3613 2540 3648 a
2566 3595 2649 3649 via
2671 3593 2924 3662 jnstitiw.
2957 3593 3009 3646 in
3069 3608 3338 3662 synagoga

1757 3689 2034 3760 gigantum
2065 3691 2368 3758 requiescet.
2394 3687 2568 3741 Homo
2598 3703 2625 3738 a
2650 3686 2733 3739 via
2765 3685 2982 3738 virtutis
3014 3683 3336 3746 deﬂectens,

1759 3799 1882 3836 cum
1919 3784 2166 3852 corporis
2201 3781 2516 3834 amantibus
2541 3779 3001 3841 commorabitur,
3052 3778 3105 3830 in
3136 3778 3338 3847 quibus

1761 3890 1867 3928 non
1894 3883 2175 3944 permanet
2207 3872 2446 3942 Spiritus
2479 3871 2594 3934 Dei,
2629 3870 2758 3940 quia
2785 3885 2917 3923 caro
2959 3880 3106 3922 sunt.

1834 4047 1998 4101 Vens.
2019 4045 2106 4099 17.
2143 4045 2235 4098 Vir
2255 4059 2444 4114 egenus
2460 4051 2603 4096 amat
2624 4041 2892 4106 laetitiam,
2919 4042 3140 4112 diligens
3165 4042 3340 4095 vinum

1758 4149 1806 4194 et
1837 4140 2009 4193 oleum
2041 4137 2109 4190 ad
2163 4138 2398 4190 divitias.
2444 4137 2546 4200 Qui
2581 4135 2858 4204 spirituali
2920 4134 3046 4187 cibo
3112 4134 3334 4202 indiget,

1764 4231 2111 4298 concupiscit
2153 4231 2348 4283 animm
2376 4226 2644 4281 laatitlam.
2679 4223 2747 4279 Ut
2786 4226 2978 4278 vinum
3029 4225 3176 4293 large
3223 4239 3339 4275 azu~

1765 4324 2036 4394 plectitur
2068 4324 2317 4375 timorem
2374 4319 2467 4374 Dei
2531 4321 2623 4387 qui
2670 4334 2699 4370 a
2736 4327 2962 4387 peccato
3025 4314 3244 4377 avertit,
3286 4323 3342 4366 et

1761 4416 2003 4470 divinum
2037 4415 2374 4470 desiderium
2413 4412 2560 4483 quod
2593 4411 2659 4466 ad
2693 4411 2870 4466 instar
2901 4407 3008 4463 olei
3043 4407 3097 4459 in
3121 4405 3342 4462 virtutis

1691 4528 1734 4581 ι)
1763 4510 2133 4579 operationem
2166 4507 2419 4562 sublinit.

1833 4687 2000 4743 Vens.
2037 4685 2126 4740 18.
2166 4683 2629 4751 Circumpurgatio
2654 4690 2804 4751 gusto
2841 4681 3074 4749 iniquus.
3135 4677 3340 4748 Legum

1762 4781 1852 4836 Dei
1886 4791 2262 4845 transgressor
2295 4779 2578 4846 placamen
2605 4783 2689 4829 est
2718 4775 2734 4842 (
2759 4775 2952 4843 Aquila
2991 4776 3098 4825 circ
3115 4787 3339 4839 umpur-

1756 4875 1904 4941 gatio
1970 4869 2366 4941 interpretatus
2414 4866 2541 4935 est)
2590 4867 2711 4934 ejus
2742 4867 2835 4935 qui
2886 4865 3192 4918 secundum
3247 4877 3344 4918 eas

1757 4975 2137 5022 conversatur.
2164 4962 2334 5016 Deum
2373 4959 2575 5029 placat,
2614 4959 2782 5011 vitam
2813 4958 2866 5009 iu
2893 4956 2960 5010 iis
2998 4954 3343 5010 ettieudaudo

1758 5061 1961 5130 quibus
1977 5074 2100 5114 eum
2131 5056 2196 5110 ad
2224 5057 2355 5109 iram
2382 5055 2724 5124 provocavit.
2750 5051 2883 5104 Nam
2915 5050 3008 5119 qui
3033 5048 3342 5104 secundum

1761 5153 1930 5208 Dcutn
1965 5151 2096 5205 vivit
2125 5166 2249 5204 eum
2281 5149 2372 5220 qui
2407 5164 2515 5202 nou
2552 5148 2626 5201 ita
2676 5155 3033 5202 conversatur
3102 5142 3342 5210 propriis

1760 5244 2242 5299 adhortationibus
2281 5242 2346 5296 ad
2379 5239 2549 5295 Deum
2583 5239 2740 5293 ducit
2793 5239 2958 5305 eique
2997 5235 3342 5297 reconciliat.

1833 5424 1996 5478 Vens.
2037 5421 2118 5476 19.
2152 5418 2346 5474 Metius
2377 5430 2455 5472 est
2483 5416 2724 5470 habitare
2749 5416 2801 5467 in
2824 5413 3027 5466 deserto
3050 5426 3205 5480 quam
3223 5425 3344 5465 cum

1761 5512 1978 5566 muliere
2014 5511 2194 5564 rimosa
2219 5518 2268 5562 et
2304 5506 2589 5561 iracunda.
2622 5499 3095 5569 Quemadmodum
3142 5497 3340 5552 melius

1760 5616 1843 5659 est
1882 5604 2128 5658 caelibem
2163 5616 2224 5654 ac
2253 5598 2427 5654 solum
2461 5609 2704 5657 tttanet'c,
2737 5607 2901 5662 quam
2935 5589 3188 5643 habitare
3211 5602 3337 5640 cum

1763 5696 1992 5750 muliere
2029 5693 2208 5747 rixosa
2243 5701 2294 5744 et
2334 5691 2451 5746 sine.
2493 5701 2656 5741 causa
2711 5685 3003 5747 irascente;
3053 5681 3125 5733 ita
3169 5680 3342 5734 satius

1765 5797 1847 5844 est
1903 5785 1960 5842 iu
2005 5790 2186 5841 mente
2215 5781 2450 5853 simplici
2485 5777 2956 5843 terrestribusque
2991 5773 3167 5829 soluta
3215 5786 3342 5825 cum
