4054 6502
599 324 736 390 1435

1897 324 2250 389 PROCOPII
2298 326 2543 390 GAZ/EI

3711 326 3858 390 15.36

597 437 711 494 Deo
743 454 986 508 manere,
1021 454 1183 509 quam
1211 455 1336 496 cum
1370 440 1555 496 rixosa
1585 440 1904 496 Grazcornm
1956 441 2167 510 sapien-

2279 439 2387 493 τῶν
2419 440 2590 494 ὄντων
2623 438 2914 510 γινομένῳ,
2966 437 2999 505 ἦ
3043 437 3311 490 συνοικεῖν
3350 439 3417 507 τῇ
3453 436 3742 505 φιλονείκῳ
3785 439 3878 490 aut

593 531 668 584 tia
699 547 820 600 qua:
850 531 1249 600 intempestivis
1303 531 1578 587 institutis
1623 532 1890 588 velociter
1927 531 1994 587 ad
2033 532 2170 584 iram

596 631 796 678 movet.

679 715 833 770 Vens.
874 715 963 770 20.
1011 717 1312 770 Thesaurus
1343 715 1708 771 desiderabilis
1745 717 2028 787 requiescet
2083 733 2174 771 su-

593 824 685 876 per
711 825 767 861 os
790 809 1066 877 sapientis.
1111 807 1511 863 Desiderabiles
1548 809 1934 880 mysteriorum
1969 809 2060 863 Dei
2093 809 2174 861 di-

593 899 740 954 vitia:
769 916 891 967 quae
912 899 1329 954 absconduntur
1362 901 1414 954 in
1453 899 1585 963 Deo,
1617 902 1851 956 libenter
1879 909 2175 956 occurrent

595 991 648 1044 in
681 992 970 1045 doetrinali
1019 1007 1273 1046 sermone
1310 991 1431 1062 ejus
1471 993 1568 1062 qui
1620 981 1821 1047 divina
1866 995 2169 1063 cognoscit.

591 1077 972 1149 indigentibus
1013 1083 1082 1136 ab
1115 1082 1206 1136 illo
1252 1082 1504 1137 revelatae
1545 1083 1708 1138 etiam
1755 1083 1947 1153 inopes
1997 1082 2174 1138 ditare

593 1173 796 1230 valent.

662 1265 1030 1334 Imprudentes
1073 1277 1251 1321 autem
1296 1267 1399 1321 viri
1443 1266 1770 1322 devorabunt
1821 1268 1993 1321 illum.
2067 1265 2172 1333 Qui

590 1360 772 1409 autem
818 1354 1146 1423 insipienter
1176 1363 1583 1410 conversantur
1638 1356 1896 1426 praal'atas
1949 1354 2174 1410 divitias

590 1463 716 1504 cum
747 1449 1060 1517 acceperint
1083 1465 1112 1503 a
1142 1457 1496 1519 praeceptore,
1519 1447 1806 1502 destruent
1829 1463 1898 1502 ne
1924 1446 2170 1518 aliquan-

590 1541 764 1594 Iulum
795 1541 1014 1610 quidem
1045 1555 1138 1595 eas
1173 1541 1431 1595 colendas
1462 1547 1747 1594 curantes.

661 1632 828 1689 Vens.
869 1632 959 1686 21.
1009 1633 1108 1688 Via
1153 1634 1383 1703 justitia:
1430 1643 1478 1687 et
1525 1631 1908 1688 misericordia:
1951 1630 2172 1684 inveniet

589 1724 751 1778 vitam
787 1733 838 1777 et
873 1723 1121 1794 gloriam.
1169 1722 1400 1778 Rectum
1438 1723 1704 1792 judicium
1744 1731 1797 1777 et
1833 1723 1888 1776 in
1925 1721 2172 1776 homines

2279 529 2417 600 πρὸς
2445 530 2618 601 ὀργὴν
2651 528 2818 593 ὀξέως
2851 526 3078 596 κινούσῃ
3116 526 3238 588 ταῖς
3264 525 3518 596 ἀκαίροις
3549 528 3881 582 ἐνστάσεσιν

2291 622 2584 694 Ἑλληνικῇ
2619 622 2803 694 σοφίᾳ.

2347 720 2418 768 κ’.
2447 712 2766 784 Θησαυρὸς
2787 711 3151 780 ἐπιθισμητὸς
3170 713 3587 766 ἀναπαύσεται
3605 712 3700 763 ἐπὶ
3729 711 3879 763 me

2270 820 2459 874 ματος
2493 804 2712 873 σοφοῦ.
2754 803 2813 857 Ὀ
2842 803 2900 855 ἐν
2928 801 3046 872 Θεῷ
3067 803 3587 873 ἀποκεκρυμμένος,
3617 802 3712 853 καὶ
3739 801 3881 868 ἐξά-

2277 914 2436 967 σμιος
2474 898 2708 956 πλοῦτος
2739 895 2850 948 τῶν
2887 895 3206 964 μυστηρίων
3241 893 3435 957 αὐτοῦ,
3482 894 3880 963 ἐμφιλοχωρὴο

2278 1006 2362 1041 σει
2387 988 2464 1058 τῷ
2490 987 2857 1057 διδασκαλικῷ
2886 986 3033 1056 λόγῳ
3056 985 3152 1038 τοῦ
3189 985 3258 1038 τὰ
3289 987 3408 1040 θεῖα
3443 985 3640 1052 σοφοῦο
3672 985 3739 1036 δι’
3776 985 3878 1035 αὐ-

2275 1081 2368 1135 τοῦ
2415 1084 2528 1144 τοῖς
2574 1078 2880 1151 χρῄζουσιν
2927 1077 3473 1148 ἀνακαλυπτόμενος,
3526 1077 3622 1130 καὶ
3673 1077 3879 1138 ἐνδεεῖς

2275 1175 2460 1239 ὄντας,
2494 1174 2798 1237 πλουτίζων
2830 1171 3051 1234 αὐτούς.

2351 1270 2645 1337 Ἀρρονες
2673 1265 2740 1319 δὲ
2772 1265 3010 1333 ἄνδρες,
3063 1263 3456 1317 καταπίοιται
3490 1262 3700 1316 αὐτόν.
3733 1263 3803 1312 Οί
3833 1260 3862 1311 δ

2276 1359 2582 1428 ἀλογίστως
2615 1357 2859 1428 βιοῦντες
2891 1349 3190 1428 ἀνθρωποι,
3214 1355 3304 1407 τὸν
3325 1354 3617 1424 εἰρημένον
3643 1351 3880 1405 πλοῦτον

2278 1453 2428 1522 παρὰ
2471 1448 2565 1503 τοῦ
2596 1449 2917 1504 διδασκάλου
2962 1447 3270 1517 δεξάμενοι,
3318 1446 3648 1514 ἀφανίσουσι
3685 1443 3882 1496 τοῦτον

2279 1545 2403 1616 μηδ’
2431 1543 2680 1596 ὁπωσοῦν
2715 1543 2880 1595 αὐτὸν
2905 1539 3267 1612 βουληθέντες
3300 1537 3730 1609 ἐπεργάσασθαι.

2348 1640 2452 1688 κα¹.
2498 1633 2675 1699 Ὀδὸς
2701 1632 3097 1700 δικαιοσύνης
3131 1631 3233 1684 καὶ
3253 1631 3680 1699 ἐλεημοσύνης
3701 1631 3885 1698 εἰνή-

2278 1744 2373 1780 σει
2393 1724 2550 1794 ζὶυὴν
2576 1726 2673 1779 καὶ
2717 1723 2926 1788 δόξαν.
2970 1724 3042 1776 Τὸ
3078 1726 3147 1778 τὰ
3191 1725 3493 1795 πράγματα
3528 1722 3737 1794 κρίνειν
3782 1724 3878 1789 ὀρ-

590 1816 969 1871 misericordia
1007 1817 1128 1872 illos
1159 1818 1248 1888 qni
1288 1817 1618 1886 cogitatione
1645 1822 1699 1870 et
1731 1826 1855 1870 actu
1889 1816 2164 1885 propriam

2279 1819 2412 1880 θῶς,
2457 1817 2550 1870 καὶ
2579 1817 2637 1869 τὸ
2675 1816 2811 1887 πρὸς
2847 1815 3172 1886 ἀνθρώπους
3197 1793 3504 1886 συμπαθῶς
3537 1793 3873 1876 διακεῖσθαι,

590 1909 757 1962 vitam
797 1909 878 1964 his
916 1909 1254 1964 conformem
1288 1910 1551 1973 efficiunt,
1585 1911 1791 1964 ducent
1821 1918 1875 1964 et
1906 1909 1970 1962 ad
2005 1911 2170 1962 vitam

589 2005 802 2052 mentes
838 1998 890 2052 in
927 1997 1152 2068 Spiritu,
1186 1999 1251 2052 ad
1280 2001 1462 2054 lumen
1497 1999 1712 2054 scilicet
1741 1999 2006 2064 scientia,
2035 2007 2087 2052 et
2119 1999 2170 2052 in

587 2087 752 2142 vitam
789 2105 888 2159 per
914 2090 1057 2144 bona
1092 2107 1257 2160 opera
1285 2092 1489 2146 claram
1531 2092 1959 2162 gloriosamqne.

658 2264 829 2322 Vens.
858 2267 948 2322 22.
983 2266 1234 2324 Civitates
1270 2269 1504 2337 munitas
1537 2270 1807 2341 ingressus
1838 2279 1915 2324 est
1937 2271 2170 2338 sapiens,

587 2357 817 2414 Animas
861 2362 1104 2416 munitas
1161 2361 1372 2431 fideque
1413 2363 1467 2416 in
1519 2361 1688 2416 Deum
1726 2361 2047 2426 custoditas,
2078 2361 2171 2417 Dei

584 2445 838 2510 verbum,
874 2447 1278 2516 sapientissima
1317 2449 1438 2518 ejus
1474 2449 1820 2519 providentia
1852 2465 1914 2503 ac
1942 2450 2172 2519 judicio,

580 2545 670 2590 est
711 2537 1051 2603 ingressum,
1087 2539 1210 2595 illas
1259 2539 1389 2594 huic
1430 2541 1598 2596 verbo
1642 2540 1950 2610 subjiciens
1996 2557 2066 2596 ne
2118 2540 2173 2595 in

587 2627 886 2683 Stultitiam
917 2628 1297 2686 deﬂectanlur.

659 2717 729 2771 Et
757 2717 922 2774 diruit
965 2722 1310 2777 munitionem
1350 2724 1405 2777 in
1435 2741 1540 2794 qua
1571 2725 1760 2793 conﬁsi
1803 2734 1958 2780 erant
2003 2727 2173 2794 impii.

586 2807 655 2864 Et
695 2811 921 2866 sustulit
965 2811 1035 2864 ab
1069 2813 1149 2868 eis
1201 2814 1479 2868 carnalem
1529 2816 1916 2885 cogitationem
1965 2818 2018 2869 in
2067 2833 2173 2886 qua

589 2902 813 2957 malitiae
865 2903 1095 2973 spiritus
1147 2905 1317 2960 Deum
1361 2922 1470 2961 non
1521 2918 1876 2974 reverentes,
1925 2909 2072 2962 velut
2120 2911 2173 2964 in

585 2994 876 3064 pravitatis
923 2995 1161 3065 quodam
1211 2998 1554 3054 munimento
1614 3015 1830 3054 omnem
1903 3000 2176 3054 habebant

585 3086 906 3150 audaciam.
943 3088 1012 3143 ob
1055 3091 1241 3146 carnis
1282 3089 1638 3147 indolentiam
1688 3093 1925 3147 animam
1967 3093 2174 3149 doloris

584 3175 959 3246 impatientem
997 3182 1342 3238 seduccntes.

663 3267 825 3325 Vens.
851 3271 942 3327 ‘25.
978 3271 1084 3338 Qui
1119 3275 1351 3329 custodit
1385 3293 1442 3330 os
1470 3293 1623 3330 suum
1656 3285 1705 3332 et
1736 3279 2003 3348 linguam,
2050 3296 2170 3334 eus-

587 3360 721 3414 todit
763 3379 795 3415 a
845 3361 1192 3421 tribulatione
1239 3369 1476 3422 animam
1519 3387 1691 3431 suam,
1737 3371 1841 3438 Qui
1901 3372 1954 3425 in
1989 3373 2168 3427 verbis

584 3454 879 3512 continens
902 3465 1008 3523 est,
1040 3467 1197 3514 caute
1222 3475 1392 3530 pauca
1417 3460 1897 3529 dicensycustodit
1927 3465 2166 3518 animam

586 3560 740 3602 Suam
780 3549 1076 3604 immunem
1118 3555 1374 3608 mwroris
1401 3568 1466 3610 ex
1507 3565 1708 3610 temere
1741 3555 2010 3611 dictorum
2051 3571 2169 3627 pce-

585 3639 822 3695 nitentia

659 3840 824 3898 Vens.
849 3843 940 3899 ει.
974 3843 1170 3898 Audax
1195 3853 1244 3899 et
1290 3861 1548 3916 arrogans
1610 3855 1662 3903 et
1711 3857 2040 3918 ostentator,
2074 3867 2167 3920 pe-

586 3934 771 3988 stilens
801 3945 1037 3992 vocatur.
1073 3935 1177 4002 Qui
1207 3936 1362 3992 fratri
1403 3953 1511 3993 non
1569 3941 1771 4010 parcit,
1833 3941 1927 3996 sed
2007 3942 2163 3997 illum

589 4028 745 4096 punit
777 4027 896 4082 sine
927 4027 1327 4094 misericordia,
1367 4038 1423 4086 et
1445 4040 1758 4102 contempta
1787 4034 1924 4105 legis
1962 4035 2166 4092 divinae

587 4119 948 4189 prohibitione
976 4120 1126 4173 illum
1154 4122 1440 4179 detrahere
1493 4125 1680 4191 audet,
1711 4139 1902 4182 contra
1936 4127 2162 4184 fratrem

585 4207 879 4280 insurgens
925 4225 1161 4280 eumque
1189 4214 1344 4281 parvi
1400 4213 1630 4282 faciens,
1670 4218 1966 4287 perditoris
1995 4220 2162 4274 sorti-

584 4309 678 4356 tur
707 4316 904 4356 nomen
931 4311 1118 4372 utpote
1133 4304 1226 4374 qui
1255 4305 1444 4371 verbo,
1462 4322 1646 4377 opere,
1670 4308 1948 4380 animique
1964 4312 2161 4366 afl'eetn

584 4395 892 4464 proximum
917 4395 1113 4451 laedere
1129 4406 1382 4452 conatur.

656 4592 759 4658 Qui
791 4603 966 4649 autem
1002 4594 1329 4664 injuriarum
1359 4615 1557 4655 memor
1609 4610 1708 4668 est,
1764 4603 1999 4676 iniquus.
2056 4607 2161 4672 Qui

587 4695 769 4741 autem
802 4702 1010 4743 memor
1035 4697 1122 4744 est
1141 4693 1394 4748 mmroris
1447 4709 1554 4764 quo
1588 4696 1656 4749 ab
1705 4696 1888 4767 aliquo
1927 4709 2006 4753 est
2031 4699 2162 4753 atie-

584 4788 730 4840 ctus,
800 4795 978 4849 neque
1019 4780 1077 4835 in
1136 4783 1289 4836 illum
1343 4800 1536 4854 puram
1599 4798 1781 4844 servat
1837 4790 2160 4855 amicitiam,

583 4872 839 4940 quamvis
864 4871 1076 4926 nullum
1106 4873 1155 4928 ei
1192 4875 1384 4930 aflerat
1427 4877 1712 4942 damnum.
1754 4882 2165 4954 transgreditur

584 4960 680 5016 Dei
716 4962 1035 5018 mandatum
1064 4980 1176 5034 quo
1214 4969 1528 5038 proximum
1565 4988 1724 5027 suum
1759 4974 2162 5047 sicutseipsum

581 5050 1071 5122 diligerejubetur.

657 5163 821 5220 Vens.
855 5166 948 5222 25.
977 5166 1255 5226 Desideria
1283 5171 1532 5227 occidunt
1555 5175 1784 5246 pigrum.
1806 5175 2165 5237 lrrationales

581 5258 920 5312 sensualium
986 5260 1326 5332 voluptatum
1375 5269 1652 5335 appetitus
1711 5271 2048 5340 negligentis
2108 5273 2161 5327 in

581 5347 946 5420 adimplendis
973 5349 1068 5407 Dei
1090 5353 1362 5412 mandatis
1377 5357 1636 5412 occidunt
1661 5361 1923 5415 animum.

657 5546 783 5601 Non
811 5550 950 5604 enim
970 5551 1167 5622 eligunt
1190 5570 1378 5609 manus
1435 5554 1547 5625 ejus
1603 5557 1890 5627 quidquam
1931 5561 2162 5626 operari.

582 5637 795 5693 Animae
814 5638 975 5710 hujus
996 5644 1255 5713 practicze
1279 5646 1555 5715 potentiae,
1580 5648 1917 5702 vanitatibus
1941 5647 2162 5715 deditae,

584 5745 697 5788 non
731 5734 938 5805 eligunt
966 5737 1099 5807 quid
1147 5737 1274 5794 boui
1332 5741 1584 5813 Operari:
1645 5751 1927 5812 propterea
1976 5741 2156 5798 anima

2275 1909 2392 1975 ἄξει
2419 1909 2560 1962 κατά
2585 1908 2817 1978 θεωρίαν
2838 1908 2932 1960 καὶ
2973 1908 3172 1978 πρᾶξιν
3200 1908 3299 1960 τὸν
3341 1906 3484 1960 οὕτω
3525 1907 3625 1974 τὴν
3667 1907 3876 1959 οἰκείαν

2273 1999 2419 2070 ζωὴν
2450 1999 2791 2067 διεξάγοντα,
2845 1997 2926 2062 είς
2959 2015 3019 2051 τε
3050 1997 3147 2069 τὴν
3177 2000 3232 2053 ὲν
3265 1997 3552 2068 Πνεῦματι
3583 1995 3735 2066 ζωὴν
3775 1997 3870 2050 τοῦ

2275 2091 2389 2156 νοῦ,
2420 2091 2511 2144 τὸν
2545 2091 2645 2159 τῆς
2681 2089 2939 2158 γνώσεως
2971 2091 3274 2160 φωτισμὸν,
3309 2092 3402 2142 καὶ
3433 2091 3517 2152 είς
3552 2089 3608 2143 τὸ
3637 2089 3730 2142 τοῦ
3757 2087 3874 2158 βίου

2273 2185 2340 2238 δι’
2374 2184 2735 2254 ἀγαθοεργίας
2769 2183 3020 2253 λαμπρὸν
3053 2183 3147 2234 καὶ
3171 2181 3436 2248 ἐπίδοξον.

2346 2274 2450 2344 κβ’.
2485 2276 2700 2340 Πόλεις
2739 2273 2963 2342 ὀχυρὰς
2992 2273 3174 2338 ἐπέϐη
3210 2275 3424 2341 σοφός.
3483 2273 3605 2324 Ἐπὶ
3639 2274 3739 2335 τὶς
3783 2290 3871 2324 τε-

2277 2367 2688 2437 θεμελιωμένας
2749 2365 2846 2418 καὶ
2898 2363 3428 2434 κατησφαλισμένας
3472 2367 3539 2433 τῇ
3600 2365 3684 2424 είς
3735 2363 3872 2414 Θεὶν

2277 2458 2458 2511 πίστει
2487 2457 2688 2528 ψυχὰς,
2718 2458 2746 2509 ὁ
2771 2455 2867 2508 τοῦ
2897 2453 3032 2508 Θεοῦ
3064 2455 3244 2522 λόγος,
3279 2456 3345 2523 τῇ
3380 2455 3670 2524 σοφωτάτῃ
3701 2451 3868 2506 αὐτοῦ

2276 2549 2505 2622 προνοίᾳ
2530 2550 2625 2602 καὶ
2655 2548 2857 2621 κρίσει,
2888 2546 3116 2617 ἀνῆλθε’
3147 2546 3535 2612 καθυποτάξας
3560 2545 3712 2616 αὐτῷ
3734 2545 3868 2598 ταύ-

2274 2659 2397 2704 τας,
2435 2641 2574 2693 ὥστε
2608 2639 2682 2710 μὴ
2712 2639 2791 2702 είς
2816 2638 3039 2706 ἀλογίαν
3067 2637 3386 2708 τρέπεσθαι.

2348 2732 2454 2785 Kal
2483 2729 2721 2782 καθεῖλε
2749 2729 2816 2782 τὸ
2840 2729 3137 2797 ὀχύρωμα,
3165 2727 3258 2795 ἐφ’
3282 2721 3330 2794 ᾧ
3354 2728 3788 2783 ἑπεποίθεισαν
3812 2734 3864 2784 cl

2275 2819 2534 2883 ἀσεϐεῖς.
2569 2819 2676 2871 Καὶ
2702 2817 2975 2888 περιεῖλεν
2997 2816 3054 2879 ἐξ
3085 2816 3263 2868 αὐτῶν
3291 2816 3350 2867 τὸ
3373 2817 3470 2885 τῆς
3502 2817 3707 2884 σαρκὸς
3729 2820 3862 2886 say}-

2275 2929 2424 2982 νημα
2447 2911 2531 2977 ἐφ’
2563 2902 2607 2976 ᾧ
2637 2909 2707 2960 τά
2738 2909 2812 2977 μὴ
2841 2906 3088 2976 τιμῶντα
3115 2906 3248 2959 Θεὸν
3275 2906 3374 2976 τῆς
3403 2908 3674 2975 πονηρίας
3708 2908 3860 2960 πνεῦο

2279 3021 2444 3074 ματα.
2483 3001 2558 3064 ὣς
2585 3019 2692 3053 τινι
2727 2999 2927 3061 κακίας
2969 2997 3318 3069 ὀχυρώματι,
3366 2998 3428 3049 τὸ
3466 2997 3612 3051 ἅπαν
3661 2998 3866 3067 θάρρος

2276 3096 2574 3165 ἐκέκτηντο
2601 3093 2690 3147 διὰ
2717 3093 2816 3162 τὴν
2844 3091 3114 3145 ἀπάθειαν
3144 3091 3244 3160 τῆς
3285 3089 3510 3160 σαρκὸς,
3546 3091 3647 3160 τὴν
3685 3089 3864 3160 ψυχὴν

2278 3191 2533 3244 πείθοντα
2561 3187 2836 3258 δυσπαθῆ.

2344 3287 2450 3349 κγ’.
2486 3282 2584 3344 ’⁸ος
2637 3276 2948 3348 φυλάσσει
3000 3275 3067 3330 τὸ
3116 3276 3313 3344 στόμα
3367 3272 3559 3329 αὐτοῦ
3605 3273 3700 3326 καί
3747 3272 3864 3342 τὴν

2271 3372 2584 3443 γλῶσσαν,
2614 3366 2880 3437 διατηρεῖ
2895 3370 2962 3423 ἐκ
2985 3369 3250 3437 θλίψεως
3267 3367 3382 3435 τὴν
3413 3365 3628 3436 ψυχὴν
3650 3367 3858 3419 αὑτοῦ.

2282 3465 2341 3519 '0
2389 3465 2446 3516 ἐν
2483 3464 2664 3531 λόγοις
2709 3463 3178 3532 ἐγκρατευόμενος
3206 3503 3220 3525 ,
3286 3460 3425 3530 μετά
3477 3458 3862 3530 περισκέψεως

2274 3555 2478 3628 βραχέα
2508 3553 2904 3624 φθεγγόμενος,
2941 3551 3206 3619 φυλάσσει
3246 3550 3344 3621 τὴν
3385 3549 3522 3602 ἰδίαν
3551 3549 3730 3619 ψυχὴν
3761 3547 3860 3615 τῆς

2272 3651 2337 3702 ἐκ
2386 3646 2750 3718 μεταμελείας
2797 3643 2906 3698 τῶν
2954 3645 3031 3708 ὡς
3082 3643 3238 3713 ἔτυχε
3299 3641 3636 3712 λεγομένων,
3682 3639 3859 3707 λύπης

2271 3740 2574 3808 ἀνέπαφον.

2339 3851 2436 3907 κδ’.
2479 3851 2716 3922 Θρασὺς
2755 3851 2853 3906 καί
2899 3848 3170 3916 αὐθάδης
3199 3846 3300 3902 καὶ
3347 3844 3604 3912 ἀλαζών,
3648 3845 3858 3914 ,ιοιμὸς

2268 3941 2555 3996 καλεῖται.
2597 3941 2654 3994 '0
2688 3941 2781 3994 τοῦ
2818 3940 3052 4008 ἀδελφοῦ
3086 3939 3160 4010 μὴ
3219 3938 3534 4007 φειδόμενος
3560 3978 3574 4000 ,
3616 3937 3732 3990 ἀλλ’
3762 3940 3858 3990 ἀν-

2267 4035 2441 4105 ηλεῶς
2471 4033 2635 4086 αὑτὸν
2654 4031 2933 4104 τιμωρῶν,
2957 4033 3051 4084 καὶ
3074 4031 3250 4098 λέγειν
3271 4031 3390 4082 κατ’
3411 4029 3579 4082 αὑτοῦ
3600 4029 3858 4081 αὐθαδικ-

2267 4126 2515 4198 ζόμενος,
2537 4126 2638 4179 κᾶν
2665 4125 2772 4179 ὑπὸ
2789 4125 2954 4194 νόμου
2986 4125 3129 4178 θείου
3165 4122 3303 4194 πρὸς
3337 4122 3495 4176 τοῦτο
3526 4121 3853 4183 κεκώλυται,

2266 4219 2477 4272 καὶτοῦ
2507 4215 2782 4287 ὁμοφυοῦς
2816 4215 3308 4286 κατεπαιρόμενος,
3337 4214 3432 4268 καὶ
3463 4213 3856 4277 κατευτελίζων

2265 4311 2449 4374 αὐτὸν,
2482 4309 2719 4380 φθορεὺς
2754 4309 3108 4379 ὀνομάζεται,
3157 4308 3231 4370 ώς
3263 4308 3412 4378 ἔργῳ
3458 4308 3554 4360 καὶ
3584 4307 3729 4375 λόγῳ
3764 4307 3856 4358 καὶ

2263 4404 2441 4475 ψυχῆς
2467 4403 2727 4466 διαθέσει,
2763 4403 2856 4456 τὸν
2884 4403 3112 4473 πλησίον
3154 4401 3319 4456 αὑτοῦ
3351 4400 3619 4471 βλάπτειν
3653 4403 3855 4469 ἐπιχει-

2190 4487 2247 4552 D
2275 4497 2404 4568 ρῶν.

2337 4611 2442 4675 Ὃς
2475 4607 2542 4662 δὲ
2575 4607 2963 4678 μνησικακεῖ.
3005 4607 3374 4676 παράνομος.
3423 4609 3520 4670 Ὃς
3560 4606 3616 4659 δὲ
3645 4621 3852 4676 μνημο-

2264 4701 2409 4756 νεύει
2445 4699 2540 4754 τοῦ
2573 4701 2725 4771 παρά
2757 4717 2903 4762 τινος
2932 4699 3244 4768 συμϐάντος
3283 4699 3431 4768 αὑτῷ
3466 4699 3732 4768 λυπηροῦ,
3764 4699 3851 4749 καὶ

2268 4795 2344 4866 μὴ
2385 4797 2544 4866 τηρεῖ
2572 4794 2792 4863 ἀγάπην
2827 4793 2966 4864 πρὸς
3009 4792 3174 4845 αὑτὸν
3213 4791 3488 4862 καθαρὰν,
3527 4791 3848 4860 παραϐαίνει

2265 4887 2360 4940 τὸν
2405 4886 2854 4956 διακελευόμενον
2898 4885 3086 4955 νόμον,
3123 4885 3354 4954 ἀγαπᾷν
3387 4883 3479 4936 τὸν
3512 4883 3737 4954 πλησίον
3779 4882 3851 4943 ὡς

2266 4981 2484 5040 ἑαυτὸν,
2513 4981 2561 5031 εἰ
2582 4978 2676 5031 καὶ
2703 4979 2778 5049 μὴ
2800 4977 3006 5049 βλάϐην
3035 4976 3208 5048 τούτῳ
3239 4976 3439 5045 ἐπάγει
3463 4977 3610 5030 τινά.

2337 5186 2433 5234 κε’.
2482 5181 2813 5248 Ἐπιθυμίαι
2845 5180 3108 5250 ὀκνηρὸν
3135 5178 3627 5234 ἀποκτείνουσιν.
3657 5180 3717 5231 Ai
3748 5195 3844 5229 πσ-

2269 5273 2486 5345 ράλογοι
2511 5273 2621 5327 τῶν
2666 5275 2785 5326 κατ’
2813 5274 3066 5344 αἴσθησιν
3095 5274 3272 5344 ἡδέων
3302 5273 3538 5343 ὀρέξεις,
3575 5273 3664 5324 τὸν
3694 5271 3845 5341 ῥᾴθυ-

2269 5383 2370 5436 μον
2422 5367 2560 5435 πρὸς
2601 5366 2698 5436 τὴν
2723 5366 2833 5419 τῶν
2869 5367 3034 5419 θείων
3079 5366 3312 5421 ἐντολῶν
3342 5365 3630 5436 ἐργασίαν,
3663 5365 3845 5433 νεκρῖν

2265 5456 2592 5509 ἀποτελοῦσι
2629 5456 2768 5509 κατὰ
2804 5456 3007 5528 ψυχήν.

2341 5569 2422 5620 Οὐ
2458 5569 2561 5636 γὰρ
2592 5567 3016 5636 προαιροῦνται
3044 5570 3102 5621 αἱ
3127 5565 3322 5636 χεῖρες
3343 5566 3531 5620 αὐτοῦ
3559 5564 3748 5618 ποιεῖν
3774 5580 3843 5615 τι.

2267 5660 2334 5711 Δί
2367 5659 2474 5730 γὰρ
2511 5660 2608 5728 τῆς
2645 5659 2838 5712 τούτου
2881 5659 3062 5730 ψυχῆς
3101 5657 3402 5728 πρακτικαὶ
3445 5657 3723 5726 δυνάμεις,
3760 5653 3842 5706 διὰ

2268 5747 2328 5802 τὸ
2373 5751 2483 5812 τοῖς
2531 5748 2778 5821 ματαίοις
2833 5747 3281 5822 ἁπασχολεῖσθαι,
3314 5747 3418 5801 οὐκ
3446 5743 3763 5821 ἐργάζονταί
3792 5757 3840 5797 τι
