4054 6492
105 315 125 380 1
141 317 173 379 -ί
181 318 255 382 37

1183 326 1717 388 COMMENTARII
1749 327 1832 390 IN
1863 331 2322 394 PROVERBIA.

3263 293 3400 402 143s

102 436 259 488 κατὰ
320 436 650 508 προαίρεσιν
698 439 938 505 ἀγαθόν·
989 439 1114 494 ὅθεν
1162 442 1355 510 νεκρὸς
1403 444 1432 495 ὁ
1477 441 1715 505 τοιοῦτος

1821 443 1942 514 ejus
1975 456 2191 501 mortua
2227 447 2539 504 oswnditur
2568 456 2754 520 utpote
2782 465 2903 522 quin
2929 450 2994 506 ad
3019 449 3242 507 virtutis
3267 467 3400 522 ope-

99 526 258 578 κατά
285 526 467 598 ψυχὴν
499 526 909 596 ἀποδείκνυται,
929 529 1004 594 ὡς
1036 533 1103 586 ἂν
1131 533 1267 603 πρὸς
1293 533 1394 604 τὴν
1419 531 1513 586 τοῦ
1545 531 1712 586 καλοῦ

101 619 386 688 ἐργασίαν
416 619 698 690 ἀκίνητος.

179 718 303 776 κς’.
353 713 596 780 Ἀσεόὴς
627 714 911 785 ἐπιθυμεῖ
937 715 1094 783 ὅλην
1125 716 1240 784 τὴν
1263 716 1490 786 ἡμέραν
1511 715 1715 770 ἐπιθυ-

98 804 258 871 μίας
288 806 502 872 καλιάς.
552 808 608 860 Ὀ
634 807 710 880 μὴ
738 807 804 860 δι’
836 807 1203 880 ἀγαθοεργίας
1235 807 1412 879 τιμῶν
1441 807 1532 860 τὸν
1559 807 1711 869 Θεὸν,

105 895 274 964 παρὰ
301 898 485 950 πᾶσαν
507 899 670 952 αὑτοῦ
702 899 801 972 τὴν
830 898 996 972 ζωὴν,
1026 901 1326 970 ἀλογίστως
1355 892 1430 955 ὧν
1460 899 1520 953 οὑ
1557 899 1716 970 θέμις

107 987 402 1056 ὀρέγεται.

199 1079 268 1133 ’0
316 1081 386 1134 δὲ
427 1082 659 1150 δίκαιος
699 1083 866 1138 ἐλεεῖ
888 1085 984 1138 καί
1020 1086 1299 1154 οικτείρει
1333 1084 1609 1156 ἀφειδῶς.
1657 1083 1714 1136 '0

109 1173 169 1226 δὲ
205 1175 355 1228 κατά
382 1176 580 1246 νόμους
619 1177 798 1235 θείους
823 1178 1259 1250 πολιτευόμενος,
1293 1179 1620 1250 μεταδίδωσί
1649 1196 1710 1232 τε

110 1265 231 1317 τῶν
268 1269 485 1320 οίκείων
530 1271 646 1331 τοῖς
679 1269 970 1341 χρῄζουσι,
1019 1272 1115 1324 καὶ
1164 1273 1476 1343 σπλάγχνον
1507 1273 1716 1342 οἰκτιρ-

119 1354 246 1423 μῶν
283 1357 572 1424 ὑπανοίγει
599 1358 812 1422 τούτοις
848 1361 1248 1425 ἀνυποστόλως.

191 1442 298 1507 κζ’.
340 1449 555 1501 θυσίαι
592 1448 846 1512 ἀσεϐῶν,
867 1451 1187 1522 βδέλυγμα
1219 1453 1446 1521 Κυρίῳ·
1482 1455 1713 1524 καὶγὰρ

118 1537 485 1605 παρανόμως
522 1541 981 1608 προσφέρουσιν
1013 1541 1223 1610 αὑτάς.
1259 1541 1338 1596 Τά
1367 1543 1426 1608 ἐξ
1453 1545 1715 1614 ἁρπαγῆς

119 1629 519 1698 προσαγόμενα
550 1631 628 1700 τῷ
658 1633 872 1685 πάντων
905 1636 1170 1707 Δεσπότῃ,
1201 1637 1353 1707 παρά
1387 1637 1496 1690 τῶν
1527 1638 1600 1709 μὴ
1632 1656 1714 1690 τι-

123 1719 360 1786 μώντων
383 1722 545 1775 αὑτὸν
573 1722 661 1776 διὰ
694 1724 790 1794 τῆς
820 1724 929 1778 τῶν
962 1726 1134 1793 ἁγίων
1168 1726 1333 1780 αὑτοῦ
1363 1727 1592 1782 ἐντολῶν
1623 1731 1712 1800 ἑρ-

1824 537 2097 591 rationem
2126 538 2428 594 immobilis

1892 714 2062 771 Vens.
2095 716 2187 771 26.
2216 714 2421 784 Impius
2450 717 2774 786 concupiscit
2835 728 2947 774 tota
3006 719 3094 775 die
3147 719 3399 786 concupi—

1817 812 2048 863 scentias
2072 809 2266 864 malas.
2297 809 2399 876 Qui
2427 826 2521 878 per
2551 810 2696 866 bona
2722 827 2887 881 opera
2913 813 3082 868 Deum
3121 828 3226 866 non
3246 812 3396 875 colit,
3454 831 3455 835 η

1817 919 1914 974 per
1942 911 2112 958 totam
2142 903 2310 957 vitam
2343 919 2499 959 suam
2532 905 2740 976 injusta
2803 906 2972 961 stulte
3026 907 3396 976 concupiscit.

1889 1077 2079 1133 Justus
2108 1089 2282 1133 autem
2307 1080 2587 1134 miseretur
2611 1089 2662 1136 et
2726 1081 3012 1136 miseratur
3068 1100 3170 1137 non
3217 1100 3394 1152 parce.

1815 1169 1920 1236 Qui
1943 1179 2128 1226 autem
2155 1172 2466 1226 secundum
2506 1173 2654 1241 leges
2688 1171 2780 1228 Dei
2839 1183 3222 1242 conversatur,
3265 1190 3396 1245 pro.

1815 1265 1935 1334 pria
2006 1279 2131 1318 cum
2191 1264 2564 1335 indigentibus
2618 1266 2836 1331 dividit,
2875 1276 2930 1321 et
2999 1267 3396 1322 misericordia:

1814 1359 2028 1415 viscera
2052 1358 2191 1428 ipsis
2222 1373 2329 1412 non
2364 1374 2527 1425 parce
2561 1359 2758 1429 aperit.

1888 1449 2056 1504 Vens.
2089 1451 2178 1504 27.
2211 1451 2418 1504 Hostia:
2459 1451 2766 1520 impiorum,
2793 1451 3121 1506 abominatio
3147 1453 3393 1520 Domino,

1814 1542 1992 1612 inique
2009 1543 2147 1595 enim
2180 1543 2406 1612 offerunt
2435 1558 2546 1596 eas.
2575 1542 2705 1608 Qute
2747 1557 2812 1596 ex
2865 1543 3054 1611 rapina
3111 1543 3395 1596 universo-

1814 1649 1934 1687 rum
1970 1633 2202 1688 Domino
2233 1634 2566 1698 offeruntur,
2591 1636 2659 1688 ab
2690 1635 2756 1689 iis
2789 1636 2882 1705 qui
2918 1651 3014 1706 per
3047 1635 3396 1705 adimpletio-

1818 1741 1941 1780 nem
1971 1731 2290 1781 sanctarum
2315 1727 2435 1796 ejus
2488 1727 2874 1781 mandatorum
2924 1743 3047 1783 eum
3080 1743 3187 1781 non
3227 1744 3398 1780 vene-

119 1813 323 1880 γασίας
347 1856 360 1878 ,
424 1816 628 1886 μισητά
675 1817 780 1869 είσι
823 1818 953 1889 παρ’
990 1819 1139 1889 αὑτῷ
1163 1835 1176 1849 ·
1215 1819 1400 1890 ἐπειδὴ
1437 1821 1712 1892 παρασαί-

1818 1829 2028 1887 rentur,
2047 1819 2237 1876 odiosa
2261 1822 2450 1877 suntei
2471 1839 2486 1886 ;
2510 1822 2769 1891 quoniam
2789 1819 3082 1876 offerentes
3111 1836 3173 1874 ea
3200 1828 3387 1873 trans-

119 1920 308 1967 νοντες
330 1898 497 1970 οὗτοι,
517 1907 616 1976 τὴν
631 1905 1088 1979 διακελευομένην
1107 1909 1348 1977 ἐντολὴν,
1365 1909 1472 1962 άπὸ
1492 1911 1710 1964 οἰκείων

118 1994 347 2050 δικαίων
381 1997 558 2050 πόνων
599 1999 764 2070 τιμᾷν
794 1999 886 2053 τὸν
932 2000 1154 2072 Κύριον,
1188 2000 1362 2054 ταῦτα
1396 2003 1712 2073 προσάγου-

120 2104 226 2140 σιν.

190 2177 301 2250 κη’.
343 2180 584 2250 Μάρτυς
615 2182 850 2252 ψευδὴς
880 2185 1212 2240 ἀπολεῖται.
1261 2187 1318 2241 '0
1349 2186 1410 2240 τὸ
1445 2186 1710 2257 προσκαί-

120 2289 230 2340 poi;
264 2273 362 2343 ἡδὺ
404 2275 616 2343 ψευδῶς
657 2277 896 2330 ὲπαινῶν
925 2278 1157 2350 δαίμων,
1198 2279 1303 2357 καὶ.
1336 2281 1555 2350 ἀπατᾷν
1587 2284 1709 2332 ἑπι-

117 2365 342 2434 χειρῶν,
377 2369 440 2437 τῇ
491 2368 673 2437 σχέσει
717 2369 828 2423 τῶν
871 2371 1255 2442 φθειρομένων
1282 2377 1372 2426 τὸν
1399 2373 1708 2442 άνθριιιπον,

117 2456 261 2508 ὥστε
299 2459 628 2529 παραϐάτην
660 2461 820 2516 αὑτὸν
851 2463 1249 2536 ἀποδειχθῆναι
1291 2466 1400 2518 τῶν
1431 2465 1527 2517 τοῦ
1574 2465 1708 2518 Θεοῦ

119 2547 374 2615 ἐντολῶν,
399 2551 477 2622 τῷ
504 2556 896 2627 ήτοιμασμένῳ
931 2557 1080 2626 αὑτῷ
1103 2575 1161 2611 τε
1190 2559 1285 2611 xui.
1312 2561 1426 2622 τοῖς
1457 2558 1711 2628 ἀγγέλοις

119 2643 289 2697 αὑτοῦ
319 2647 454 2716 πυρὶ
482 2648 689 2717 αἰωνίῳ
719 2649 1292 2721 παραπεμφθήσεται.

203 2737 388 2806 Ἀνὴρ
420 2738 488 2792 δὲ
512 2739 782 2809 ὑπήκοος
820 2743 1295 2812 φυλασσόμενος
1331 2741 1614 2808 λαλήσει.
1655 2743 1710 2797 '0

118 2828 176 2880 δὲ
207 2828 332 2900 Θεῷ
367 2831 681 2897 ὑπακούων,
713 2835 930 2898 καὶτὰς
952 2833 1118 2903 ἁγίας
1152 2833 1318 2886 αὑτοῦ
1347 2835 1533 2904 τηρῶν
1562 2836 1711 2886 ἐντο-

119 2922 241 2989 λάς,
285 2923 558 2994 διατηρῶν
588 2926 781 2979 ἑαυτὸν
818 2927 921 2996 τῆς
955 2928 1260 2992 Σατανικῆς
1298 2926 1517 2995 ἀπάτης
1552 2925 1711 2979 ἀπεί-

123 3031 313 3084 ρατον,
351 3013 532 3086 ἔργοις
569 3018 664 3068 καὶ
693 3017 876 3086 λόγοις
905 3019 965 3070 τὸ
1003 3018 1174 3081 ὅντως
1205 3018 1536 3089 ὁμολογήσει
1569 3021 1711 3087 ἀγα·

123 3106 240 3170 ὒὸν,
298 3107 436 3178 πρὸς
485 3108 583 3179 τὴν
632 3109 740 3164 τῶν
770 3111 1027 3183 ὁρώντων
1087 3111 1182 3164 καὶ
1229 3112 1536 3166 ἀκουόιτων
1570 3112 1712 3182 ὠφέ-

120 3199 296 3253 λειαν.

195 3291 302 3347 κθ’.
359 3285 611 3360 Ἀσεϐὶιξ
647 3291 829 3361 ἀνὴρ,
883 3293 1142 3360 ἀναιδῶς
1172 3295 1498 3364 ὑφίσταται
1529 3313 1715 3365 προσ-

121 3382 284 3450 ὡπῳ.
329 3383 388 3437 Ὀ
436 3388 510 3456 μὴ
567 3386 748 3455 τιμῶν
803 3386 905 3455 τὴν
960 3386 1224 3458 ἀλήθειαν
1274 3388 1582 3461 ἄνθρωπος,
1621 3389 1716 3442 τὸν

123 3475 331 3546 ταύτης
362 3477 453 3530 ἐπὶ
495 3482 616 3542 ταῖς
664 3479 1007 3550 παραλόγοις
1061 3481 1229 3535 αὑτοῦ
1266 3483 1530 3554 πράξεσιν
1563 3483 1718 3553 ἔλεγε

124 3586 242 3639 χον,
275 3570 620 3642 ἀναισχύντῳ
651 3571 921 3643 ὑποφέρει
951 3572 1096 3641 ὄψει.

208 3663 262 3715 '0
293 3662 360 3716 δὲ
401 3667 604 3730 εὐθὺς,
653 3666 836 3732 αὐτὸς
887 3665 1095 3720 συνιεῖ
1135 3667 1241 3732 τὰς
1286 3667 1466 3734 ὀδοὺς
1503 3669 1712 3724 αὐτοῦ.

133 3755 195 3809 ‘0
223 3756 270 3810 δ’
301 3748 530 3828 ἀληθὴς,
563 3759 714 3829 ἄγων
752 3758 840 3814 διὰ
862 3760 1032 3830 τιμῆς
1066 3762 1165 3830 τὴν
1197 3761 1478 3829 ἀλήθειαν,
1504 3763 1716 3816 οἴκοθεν

121 3849 504 3916 ἐπιγινώσκει,
525 3851 579 3902 εί
602 3850 705 3904 ποὺ
740 3869 795 3904 τι
822 3852 1155 3922 προσπταίει
1185 3851 1332 3922 Θεῷ·
1372 3853 1468 3906 καὶ
1507 3854 1719 3922 μεμφό-

126 3958 291 4010 μενος
327 3941 498 4012 αὐτῷ,
532 3945 876 4014 ἐπιμελεῖται
917 3945 1019 4015 τῆς
1067 3944 1178 3998 τῶν
1211 3945 1497 4016 σφαλερῶν
1540 3947 1717 4016 ἔργων

123 4035 293 4088 αὑτοῦ
321 4035 686 4106 διορθώσεως.

194 4127 258 4182 λ’.
284 4130 408 4182 Οὐκ
448 4129 579 4182 ἐστι
635 4129 856 4197 σοφιά,
902 4131 1013 4183 οὐκ
1067 4129 1242 4182 ἔστιν
1284 4127 1551 4197 ἀνδρεία,
1603 4130 1717 4184 οὐκ

122 4219 258 4273 ἐστι
305 4219 509 4287 ,ϐουλὴ
563 4220 879 4274 κατέναντι
925 4221 1166 4288 Κυρίου.
1201 4222 1312 4290 Οὑχ
1346 4221 1584 4293 ὑπάρχει
1619 4222 1714 4274 ἀν-

125 4305 378 4377 Θρωπίνη
417 4307 600 4376 σοφία,
629 4308 732 4361 εἴτ’
762 4309 1006 4380 ἀνδρεία,
1045 4310 1158 4362 εἴτε
1191 4311 1538 4381 περίσκεψις,
1569 4312 1716 4364 ἀντι-

123 4401 317 4451 πεσεῖν
355 4397 474 4469 Θεῷ
506 4399 780 4471 δυναμένη
803 4415 815 4426 ·
851 4401 1076 4470 σφάλλει
1111 4401 1220 4472 γάρ
1245 4396 1401 4462 οὗτος
1431 4401 1557 4463 τοὺς
1591 4419 1714 4454 συν-

123 4491 318 4554 ετοὺς,
357 4493 451 4544 καὶ
507 4492 830 4562 περιτρέπει
878 4493 1005 4554 τοὺς
1051 4493 1327 4563 ἰσχυροὺς,
1381 4493 1474 4545 καὶ
1520 4491 1792 4586 βουλάςΒ

123 4579 299 4633 ἐθνῶν
333 4578 681 4644 διασκεδάζει
705 4598 719 4612 ο
753 4583 785 4652 ἡ
817 4581 875 4634 δὲ
905 4580 1070 4652 βουλὴ
1105 4581 1273 4636 αὑτοῦ
1311 4582 1464 4652 μένει
1505 4585 1582 4646 εἰς
1623 4583 1714 4636 τὸν

122 4671 324 4724 αἰῶνα.

193 4763 298 4817 λα’.
337 4763 560 4830 Ἵππος
598 4762 959 4832 ἐτοιμάζεται
1006 4765 1094 4828 εἷς
1142 4762 1372 4833 ἡμέραν
1419 4764 1712 4834 πολέμου.

123 4854 525 4925 Εὑτρεπίζεται
558 4854 702 4908 κατά
734 4853 936 4925 πρᾶξιν
969 4855 1004 4924 ἡ
1037 4855 1233 4922 ἄλογος
1267 4852 1407 4924 σάρξ
1440 4855 1591 4925 παρά
1618 4855 1712 4908 τοῦ

120 4946 297 5015 ταύτῃ
330 4945 726 5016 ὲποχουμένου,
780 4945 912 4998 ὥσθ’
955 4944 1187 4998 ’ἐπεσοαι
1235 4944 1411 5014 τούτῳ
1456 4946 1712 5016 ἑτοίμως,

121 5037 328 5089 ὁπόταν
353 5031 510 5103 οὗτος
537 5039 680 5106 φωτὶ
706 5037 966 5107 γνώσεως
994 5037 1251 5108 αἴσθηται
1281 5038 1383 5109 τῆς
1404 5038 1498 5090 τοῦ
1523 5037 1713 5108 νοητοῦ

124 5129 327 5201 ἐχθροῦ
361 5131 504 5185 κατά
528 5131 627 5200 τῆς
657 5130 839 5200 ψυχῆς
869 5131 1236 5194 ὲπελεύσεως.

194 5221 364 5291 Παρὰ
389 5221 458 5274 δὲ
489 5223 707 5290 Κυρίου
751 5222 788 5289 ἡ
828 5221 1104 5290 βοήθεια.
1143 5222 1254 5294 Τὴν
1287 5221 1345 5274 δὲ
1395 5223 1516 5275 κατ’
1544 5222 1712 5276 αὑτοῦ

123 5313 284 5382 νίκην
305 5316 333 5366 ὁ
361 5314 641 5384 Δεσπότης
681 5313 904 5366 πάντων
935 5313 1068 5377 Θεὸς
1101 5313 1321 5367 δίδωσιν
1342 5331 1354 5342 ·
1393 5314 1440 5366 εί
1484 5314 1558 5384 μὴ
1603 5315 1713 5382 γάρ

124 5399 281 5469 οὗτος
312 5404 520 5476 ταύτην
562 5407 842 5480 παράσχῃ,
890 5409 970 5470 εἰς
1025 5408 1207 5479 μάτην
1250 5406 1546 5460 ἐκοπίασεν
1579 5409 1608 5460 ὁ
1635 5405 1714 5478 τῷ

125 5497 406 5568 εἰρημένῳ
439 5497 622 5568 ἐχθρῷ
652 5499 1128 5568 ἀντιταττόμενος.

733 5592 957 5646 ΚΕΦΑΛ
969 5633 984 5648 .
1017 5593 1143 5647 KB’.

196 5686 271 5739 α’.
300 5684 696 5756 Αἱρετῶτερον
717 5689 906 5757 ὄνομα
924 5687 1136 5751 ναλόν,
1153 5689 1190 5755 ἢ
1209 5686 1475 5752 πλοῦτος
1497 5689 1709 5752 πολύς.

133 5777 536 5855 ξΙροτιμωτέρα
569 5782 598 5853 η
634 5781 718 5834 ἐπ’
761 5780 1000 5854 ἐναρέτῳ
1041 5780 1286 5852 πολιτείᾳ
1323 5779 1504 5852 ἀγαθὴ
1529 5780 1706 5854 φήμη,

1813 1911 2141 1982 grediuntur
2183 1914 2284 1982 ipsi
2323 1914 2642 1968 mandatum
2685 1912 2832 1984 quod
2859 1913 3016 1982 jubet
3083 1927 3112 1965 a
3147 1913 3388 1983 pr0priis

1807 2005 1974 2076 justis
2001 2007 2286 2062 laboribus
2320 2007 2594 2062 honorare
2617 2007 2932 2061 Dominum.

1883 2183 2051 2241 Vens.
2081 2187 2174 2240 28.
2201 2185 2372 2241 Testis
2433 2185 2662 2240 mendax
2713 2186 2922 2256 peribit.
2977 2185 3238 2240 Diabolus
3297 2186 3391 2255 qui

1812 2281 2148 2336 mendaciter
2169 2273 2506 2350 voluptatem
2545 2280 2766 2334 brevem
2835 2279 3072 2344 extollit,
3108 2287 3162 2334 et
3190 2277 3393 2333 aﬂectu

1814 2372 2184 2441 periturorum
2253 2372 2531 2425 hominem
2593 2370 2847 2441 decipere
2904 2379 3161 2433 conatur,
3215 2378 3298 2423 ut~
3336 2370 3390 2424 in

1812 2466 2308 2536 transgressionem
2353 2463 2444 2518 Dei
2482 2464 2864 2517 mandatorum
2915 2463 3235 2526 inducatur,
3264 2463 3393 2516 mit-

1814 2568 1959 2613 tetur
2011 2559 2064 2611 in
2099 2561 2278 2629 ignem
2307 2566 2572 2612 attentum
2617 2556 2721 2626 ipsi
2773 2570 2836 2609 ac
2877 2556 3086 2625 angelis
3106 2555 3226 2624 ejus
3258 2571 3396 2625 pra:-

1814 2659 2093 2722 paratttm.
3473 2637 3476 2640 ’

1903 2738 1992 2794 Vir
2014 2752 2189 2796 autem
2218 2741 2462 2796 obediens
2493 2739 2791 2795 custoditus
2841 2741 3102 2810 loquetur.
3129 2739 3231 2805 Qui
3287 2739 3397 2795 Deo

1812 2835 1994 2889 obedit
2030 2843 2334 2902 sant-taque
2361 2842 2544 2888 servat
2575 2832 2694 2902 ejus
2734 2833 3015 2896 mandata,
3047 2850 3075 2887 a
3137 2832 3391 2886 Sntanicn

1813 2925 2136 2994 deceptione
2165 2925 2460 2978 immunem
2493 2938 2616 2978 sese
2647 2923 2996 2987 custodiens,
3036 2923 3302 2990 operibus
3331 2939 3396 2976 ac

1813 3019 1996 3072 verbis
2026 3033 2215 3072 verum
2247 3016 2451 3071 bonum
2477 3015 2835 3069 confitebitur
2890 3015 2956 3069 ad
2989 3015 3282 3070 utilitatem
3305 3030 3398 3069 eo-

1815 3126 1934 3165 rum
1967 3111 2060 3180 qui
2099 3109 2286 3163 vident
2325 3122 2390 3164 ac
2431 3108 2662 3163 audiunt
2687 3107 2861 3162 illum.

1889 3287 2058 3342 Vens.
2094 3285 2186 3340 29.
2231 3285 2327 3340 Vir
2353 3286 2544 3354 impius
2577 3286 2875 3356 procaciter
2895 3284 3149 3356 obfirmat
3195 3286 3395 3340 vultum

1817 3399 1992 3437 suum.
2022 3381 2114 3435 Vir
2147 3383 2238 3450 qui
2266 3382 2551 3436 veritatem
2597 3382 2747 3451 parvi
2778 3380 2909 3434 facit
2962 3381 3029 3434 de
3061 3379 3398 3434 irrationali-

1819 3475 1920 3528 bus
1953 3472 2283 3544 redargutus
2307 3473 2643 3536 actionibus,
2679 3470 2989 3542 impudenti
3025 3471 3164 3526 facie
3225 3471 3397 3526 susti-

1819 3574 1932 3622 net.

1891 3657 2078 3712 Rectus
2108 3666 2283 3712 autem
2317 3658 2426 3727 ipse
2455 3658 2718 3729 intelliget
2758 3659 2866 3712 vias
2895 3674 3042 3712 suas.
3112 3656 3286 3712 Homo
3305 3673 3400 3713 ve-

1817 3768 1913 3806 rax
1939 3753 2029 3822 qui
2066 3753 2350 3806 veritatem
2380 3752 2560 3822 magni
2599 3753 2752 3814 facit,
2825 3751 3068 3821 seipsntn
3099 3751 3396 3817 examinat,

1819 3843 1865 3898 si
1885 3844 2026 3898 forte
2054 3845 2109 3896 in
2141 3843 2327 3912 aliquo
2354 3834 2524 3896 Deum
2552 3841 2883 3905 olfenderit;
2949 3852 3002 3896 et
3049 3843 3398 3912 vituperatus

1817 3937 1887 3992 ab
1928 3937 2068 4006 ipso,
2101 3936 2169 3992 de
2193 3933 2577 3992 emendatione
2611 3935 2971 4006 culpabilium
3031 3952 3257 4007 operum
3289 3952 3393 3990 cu-

1816 4035 1920 4083 rat.

1889 4117 2058 4174 Vens.
2091 4118 2180 4173 50.
2220 4117 2343 4172 Non
2380 4128 2456 4174 est
2485 4117 2773 4187 sapientia,
2831 4134 2934 4172 nou
2986 4127 3063 4172 est
3109 4118 3390 4187 fortitudo,

1817 4231 1921 4268 non
1953 4223 2030 4267 est
2065 4215 2350 4268 consilium
2389 4224 2577 4266 contra
2644 4211 2953 4264 Dominum.
2991 4211 3242 4266 llominis
3304 4229 3396 4266 sn-

1817 4306 2043 4376 pientia,
2076 4305 2192 4360 sive
2222 4305 2510 4371 fortitudo,
2539 4306 2654 4360 sive
2683 4305 2973 4358 consilium
3008 4303 3268 4358 resistere
3291 4302 3400 4355 Deo

1817 4413 1926 4452 non
1949 4398 2113 4452 valet.
2147 4397 2352 4452 Evertit
2384 4397 2529 4450 enim
2565 4397 2680 4466 ipse
2727 4395 3120 4464 intelligentes,
3146 4402 3196 4448 et
3229 4393 3398 4446 fortes

1818 4492 2092 4545 convertit
2126 4499 2180 4544 et
2209 4491 2452 4560 gentium
2477 4489 2708 4542 consilia
2766 4487 3044 4556 dissipat:
3102 4486 3397 4540 consiliqu

1819 4596 2003 4639 autem
2031 4584 2154 4653 ejus
2183 4590 2367 4636 manet
2391 4584 2443 4634 in
2472 4592 2759 4635 attentum.

1889 4761 2058 4816 Vens.
2092 4762 2180 4815 3i.
2216 4760 2393 4830 Equus
2447 4767 2677 4828 paratur
2724 4760 2780 4813 in
2821 4759 2960 4814 diem
2999 4760 3140 4815 belli.
3166 4760 3401 4814 Paratur

1820 4853 2158 4909 irrationalis
2183 4867 2312 4906 caro
2345 4852 2412 4905 ab
2439 4868 2504 4906 eo
2528 4853 2624 4921 qui
2655 4852 2804 4906 illam
2855 4852 3121 4918 continet,
3149 4853 3216 4907 ad
3245 4853 3398 4906 illum

1818 4955 2071 5017 prompte
2118 4943 2481 5014 sequendum,
2531 4945 2974 5015 quandocumque
3009 4945 3125 5014 ipse
3196 4945 3402 5000 lumine

1817 5041 2063 5097 scientia:
2111 5039 2416 5108 spiritualis
2446 5039 2644 5093 anima:
2700 5053 2814 5094 sua:
2865 5037 3042 5094 ltostis
3074 5037 3276 5093 sentiet
3302 5037 3400 5092 ad-

1818 5143 2060 5189 ventum.

1889 5226 1932 5278 Α
1970 5223 2192 5278 Domino
2217 5232 2391 5278 autem
2427 5223 2714 5277 auxilium.
2746 5221 3048 5276 Victoriam
3089 5229 3271 5278 autem
3331 5220 3402 5278 de

1819 5316 1909 5370 illo
1973 5317 2066 5369 dat
2121 5315 2282 5381 Deus,
2333 5315 2716 5370 universorum
2767 5315 3054 5370 Dominus.
3086 5313 3205 5370 Nisi
3247 5314 3394 5370 enim

1817 5411 1932 5480 ipse
1961 5410 2194 5471 dederit,
2231 5411 2284 5462 in
2318 5425 2520 5464 vanum
2558 5407 2832 5462 laboravit
2880 5407 2974 5478 qui
3037 5406 3264 5478 praefato
3295 5409 3400 5463 ini-

1817 5504 1960 5556 mieo
2009 5503 2228 5556 restitit.

2441 5593 2594 5650 CAP.
2625 5593 2795 5648 XXII.

1890 5686 2050 5742 Vens.
2089 5688 2136 5740 i.
2168 5686 2358 5741 Melius
2404 5697 2482 5741 est
2519 5703 2704 5741 nomen
2760 5688 2950 5740 bonum
2991 5702 3149 5757 quant
3195 5683 3398 5738 dicitur:

1837 5781 2034 5836 nmlnr.
2064 5779 2278 5836 Divitiis
2314 5781 2581 5851 perituris
2623 5779 2919 5850 pretiosior
2976 5788 3060 5834 est
3086 5779 3225 5833 bona
3253 5777 3396 5832 initia
