4054 6508
633 299 770 370 1-ί39

1924 311 2276 374 PROCOPII
2313 313 2550 373 GAZAEI

3748 313 3890 378 1440

619 423 688 477 de
715 422 1138 478 conversatione
1167 426 1373 496 eptima
1415 428 1544 498 quia
1569 432 1838 501 scriptum
1869 439 1955 487 est
1983 450 1996 486 :
2029 451 2048 484 ι
2081 431 2191 486 Lu-

2319 429 2440 502 inép
2463 431 2555 485 τὸν
2578 431 2938 502 φθειρόμενον
2972 431 3219 484 πλοῦτονο
3241 430 3329 484 διά
3356 446 3414 482 τε
3437 429 3522 482 τό·
3554 447 3573 480 ι
3603 431 3889 496 Acuta-:19

621 521 744 566 cent
775 510 866 565 lux
904 520 1084 566 vestra
1109 529 1295 568 coram
1335 517 1673 583 hominibus,
1717 538 1734 570 ι
1785 529 1840 576 et
1883 539 1902 572 ι
1968 521 2196 579 Diﬂicile

623 603 855 658 intrabit
881 603 1113 659 divesin
1153 621 1383 678 regnum
1444 612 1711 666 cmlorum
1740 613 1780 666 ³.
1825 633 1844 665 ι
1883 613 2018 667 Nam
2053 615 2194 670 fama

622 695 843 760 quidem
874 695 964 748 illa
998 695 1284 752 audientes
1313 698 1380 752 ad
1414 700 1614 757 similis
1645 701 1866 758 virtutis
1889 704 2068 758 zelum
2098 721 2198 760 ex-

623 788 782 853 eitat;
835 787 1040 844 divitia:
1065 797 1248 844 autem
1280 801 1514 848 mentem
1545 792 1883 862 distrahunt,
1905 811 1969 852 ac
1993 797 2197 868 satpius

623 889 881 944 separant
912 898 942 932 ιι
986 877 1114 936 Deo.

694 1054 864 1124 Super
898 1073 1086 1110 aurum
1109 1069 1158 1113 et
1181 1069 1456 1130 argentum
1487 1065 1661 1135 gratia
1710 1066 1866 1122 bona.
1900 1068 2076 1138 Super
2108 1086 2196 1125 ar-

621 1156 842 1214 gentum
887 1150 1105 1220 quidem
1138 1153 1248 1208 vita
1281 1171 1414 1224 pura
1470 1173 1532 1210 ac
1575 1159 1711 1214 bene
1741 1171 1975 1226 morata,
2030 1179 2200 1233 super

623 1251 816 1289 aurum
839 1248 1017 1294 autem
1037 1241 1144 1294 vita
1165 1258 1260 1312 per
1285 1245 1462 1312 ignem
1485 1249 1846 1303 lentationum
1882 1252 2108 1322 probata
2133 1269 2200 1309 ac

621 1326 1140 1398 it-reprehensibilis,
1166 1335 1274 1390 Deo
1301 1338 1369 1390 ab
1393 1339 1704 1397 hominibus
1735 1343 1938 1404 oblata.
1968 1346 2056 1399 eui
2097 1349 2198 1399 atl-

622 1416 769 1472 tlitur
790 1422 994 1490 optima
1025 1427 1196 1478 sanrti
1226 1427 1462 1496 Spiritus
1485 1435 1683 1498 gratia.
1722 1432 1853 1488 Nam
1877 1454 1894 1486 ι
1922 1434 2039 1492 Νοη
2068 1449 2198 1494 sunt

621 1512 905 1582 t-ntnlignze
933 1516 1216 1584 passiones
1242 1520 1403 1586 hujus
1431 1526 1691 1593 temporis
1715 1525 1782 1579 ad
1810 1527 2048 1583 futuram
2074 1531 2195 1602 glo-

623 1601 782 1668 riam,
813 1621 934 1673 qua:
966 1608 1296 1662 revelabitur
1326 1611 1368 1663 ⁵.
1403 1631 1420 1663 ι

697 1691 860 1749 Vens.
895 1696 948 1750 2.
978 1698 1128 1753 Dives
1158 1711 1206 1754 et
1225 1717 1420 1770 pauper
1459 1703 1794 1762 obviaverunt
1824 1713 1959 1767 sibi:
1989 1716 2193 1770 utrius-

620 1800 718 1848 que
769 1796 976 1842 creator
1033 1799 1111 1843 est
1154 1790 1431 1847 Dominus.
1470 1796 1573 1860 Qui
1633 1798 1787 1856 dives
1847 1815 1932 1858 est
1985 1807 2192 1864 divitiis
2225 1795 2265 1848 Β

623 1875 740 1928 sive
774 1880 1047 1949 corporis,
1083 1881 1198 1936 sive
1219 1886 1434 1953 animm,
1465 1899 1521 1941 et
1547 1891 1639 1958 qui
1672 1894 1858 1962 aliquo
1891 1913 2084 1953 earum
2119 1900 2202 1955 in-
2253 1893 2256 1898 ’

623 1967 792 2036 uiget,
841 1974 1091 2039 quamvis
1152 1980 1433 2034 contrarie
1466 1997 1525 2035 se
1586 1983 1823 2040 habeant
1863 1988 1992 2044 dum
2061 2009 2204 2050 unus

622 2060 884 2124 abundat.
925 2064 1061 2118 alter
1131 2075 1311 2122 autem
1347 2071 1571 2143 indiget,
1623 2085 1805 2133 tamen
1841 2081 2203 2142 obviaveruut

623 2149 752 2212 sibi,
801 2151 1140 2220 superﬂuum
1187 2159 1505 2226 possidente
1562 2166 1846 2233 penuriam
1898 2170 2202 2241 indigentis

623 2245 952 2313 complente.
992 2249 1084 2302 Sic
1111 2251 1318 2305 etenim
1354 2252 1422 2308 de
1459 2261 1994 2332 utroquedisposuit
2023 2266 2205 2322 Domi-

623 2351 749 2400 nus,
775 2348 833 2390 ut
864 2339 1096 2396 salutem
1123 2352 1356 2414 uterque
1382 2349 1650 2417 obtineat,
1672 2352 1825 2407 dives
1855 2356 2077 2424 quidem
2108 2375 2204 2427 per

621 2427 1052 2502 eleemosynatu,
1087 2451 1295 2507 pauper
1318 2450 1502 2495 autem
1543 2457 1638 2511 per
1690 2447 1860 2500 animi
1908 2451 2204 2519 gratitudi-

624 2535 769 2574 nem.

701 2611 862 2668 Vens.
895 2616 950 2670 3.
983 2616 1229 2674 Callidus
1250 2621 1427 2678 videns
1457 2628 2032 2699 malignumpunitum,
2052 2636 2204 2692 valde

625 2705 736 2772 ipse
767 2708 1034 2763 eruditur.
1059 2709 1332 2778 Prudens,
1363 2717 1673 2787 improbum
1709 2725 1960 2790 punitum
1984 2728 2197 2791 videns,

627 2799 860 2852 multum
883 2802 1208 2857 emendatur
1231 2805 1347 2875 ipse
1382 2808 1435 2862 in
1459 2810 1526 2864 iis
1584 2825 1705 2880 quae
1735 2813 1877 2869 forte
1913 2824 2062 2872 recte
2093 2834 2201 2872 non

628 2889 782 2956 facit,
813 2891 965 2947 etsic
988 2897 1349 2964 prtemunitur
1370 2915 1438 2955 ne
1463 2901 1516 2954 in
1540 2917 1754 2972 pinnam
1784 2906 2011 2962 incidat.

700 3067 1064 3138 Imprudentes
1115 3084 1288 3130 autem
1331 3088 1705 3146 prwlereuntes
1777 3085 1975 3140 damno
2027 3089 2202 3158 a/fecti

2301 523 2364 578 τὸ
2401 523 2516 593 φῶς
2557 524 2712 593 ὑμῶν
2744 523 3055 594 ἔμπροσθεν
3085 522 3196 576 τῶν
3243 520 3553 592 ἀνθρώπων
3573 536 3588 550 ⁸
3631 539 3648 570 ι
3677 524 3764 572 καὶ
3793 524 3886 573 τό·

2308 637 2326 669 ι
2363 616 2650 680 Δυσκόλως
2690 616 2946 677 πλούσιος
2978 615 3349 668 εἰσελεύσεται
3378 617 3457 678 είς
3487 613 3588 683 τὴν
3613 613 3892 682 βασιλείαν

2301 709 2409 762 τῶν
2444 709 2721 781 οὐρανῶν·
2758 727 2776 758 ι
2814 710 2847 780 ἡ
2881 708 2980 775 μὲν
3009 709 3123 777 γὰρ
3149 707 3382 776 τοιαύτη
3411 708 3596 776 φήμη,
3629 706 3894 774 διεγείρει

2301 800 2430 862 τοὺς
2462 799 2758 862 ἀκούοντας
2788 799 2928 869 πρὸς
2952 798 3046 852 τδν
3075 799 3262 868 ὅμοιον
3294 797 3456 866 ζῆλον
3482 797 3578 850 τοῦ
3609 799 3886 865 ἐναρέτουο

2300 894 2328 945 6
2355 891 2411 945 δὲ
2451 890 2680 953 πλοῦτος
2709 891 2980 961 περισπᾷ,
3025 891 3121 944 καὶ
3162 889 3253 941 τὸν
3303 887 3430 941 νοῦν
3475 887 3736 950 πολλάκις
3780 888 3890 940 ἀπὸ

2302 984 2438 1037 Θεοῦ
2473 985 2703 1054 διασπᾷ.

2381 1077 2562 1146 Ὑπὲρ
2586 1077 2654 1132 δὲ
2679 1078 2966 1147 ἀργύριον
3005 1077 3104 1132 καί
3149 1077 3444 1146 χρυσίον,
3475 1075 3650 1143 χάρις
3674 1075 3884 1142 ἀγαθή.

2314 1169 2484 1241 Ὑπὲρ
2536 1170 2593 1223 δὲ
2639 1170 2731 1222 τὸν
2763 1168 3184 1242 προσαγόμενον
3238 1169 3372 1237 παρ’
3406 1166 3717 1238 ἀνθρώπων
3745 1167 3887 1234 Θεῷ.

2302 1261 2456 1331 δίκην
2486 1261 2588 1328 μὲν
2608 1261 2853 1333 ἀργύρου
2883 1260 3127 1332 καθαρὸν
3157 1261 3249 1313 καὶ
3281 1259 3539 1330 σώφρονα
3564 1259 3702 1328 βίον,
3732 1257 3892 1324 δίκην

2301 1353 2356 1405 δὲ
2389 1351 2617 1424 χρυσίου
2659 1352 2886 1422 δόκιμον
2932 1354 2990 1406 ὲν
3036 1356 3104 1422 τῇ
3157 1355 3378 1424 καμίνῳ
3410 1353 3522 1406 τῶν
3562 1352 3893 1420 πειρασμῶν

2305 1443 2396 1496 καὶ
2428 1443 2721 1512 ἀμείωτον,
2757 1445 2791 1513 ἠ
2822 1443 3134 1512 πανάγαθός
3170 1446 3289 1498 ἐστι
3325 1443 3422 1496 τοῦ
3443 1442 3603 1511 ἀγίευ
3636 1441 3894 1510 Πνεύμα-

2303 1553 2394 1598 τος
2421 1537 2582 1605 χάρις
2600 1551 2613 1565 ·
2647 1553 2665 1586 ι
2690 1535 2804 1588 Οὐκ
2827 1534 2956 1598 ἄξια
2978 1535 3087 1606 γὰρ
3109 1534 3177 1588 τὰ
3201 1534 3508 1605 παθήματα
3523 1533 3617 1586 τοῦ
3643 1533 3738 1584 νῦν
3767 1549 3898 1584 και-

2305 1627 2400 1698 ροῦ
2439 1627 2575 1698 πρὸς
2601 1627 2702 1698 τὴν
2736 1626 3040 1696 μέλλουσαν
3085 1626 3537 1695 ἀποκαλυφθῆναι
3557 1624 3736 1689 δόξαν.
3774 1642 3792 1673 ι

2377 1719 2444 1790 β’.
2483 1719 2788 1785 Πλούσιος
2838 1719 2935 1772 καί
2983 1719 3217 1788 πτωχὸς
3270 1715 3672 1782 συνήντησαν
3695 1713 3904 1777 ἀλ.ιὴ-

2301 1817 2465 1879 λοις·
2504 1811 2879 1880 ἀμφοτέρους
2913 1811 2982 1864 δὲ
3011 1814 3044 1866 ὀ
3092 1811 3312 1879 Κύριος
3355 1809 3666 1874 ἐποίησεν.
3720 1803 3898 1859 Πλού-

2306 1924 2419 1970 σιος
2447 1905 2559 1958 εἴτε
2584 1903 2676 1958 τὸν
2721 1903 3041 1972 σωματικὸν
3085 1903 3195 1955 εἴτε
3239 1902 3332 1954 τὸν
3365 1897 3760 1970 πνευματικὸν,
3802 1899 3904 1948 καὶ

2301 1998 2330 2049 ὁ
2370 1996 2579 2050 τούτων
2630 1995 2776 2058 τινὸς
2814 1993 3036 2065 ἐνδεὴς,
3085 1993 3332 2060 καίτοιγε
3404 1990 3542 2044 κατά
3598 1990 3660 2043 τὺ
3701 2005 3902 2057 περιτο

2302 2086 2560 2140 τεύεσθαι
2596 2085 2692 2138 καὶ
2725 2083 3038 2155 στερεῖσθαι
3061 2084 3324 2145 ἐναντίως
3350 2081 3592 2152 ἔχοντες,
3630 2081 3903 2149 συνῆλθον

2303 2179 2553 2246 ἀλλήλοις
2580 2175 2674 2230 τοῦ
2700 2193 2870 2246 κεκτη
2881 2177 3046 2245 μένου
3075 2175 3135 2229 τὸ
3166 2175 3429 2242 περισσὸν
3450 2172 3902 2242 ἀναπληροῦντος

2302 2271 2380 2341 τῷ
2409 2271 2577 2324 ἐνδεεῖ
2603 2270 2662 2324 τὸ
2694 2268 3008 2340 ὑστέρημα’
3045 2267 3190 2320 οὕτω
3219 2267 3276 2320 δὲ
3306 2267 3398 2320 καὶ
3441 2265 3512 2318 τὰ
3550 2265 3678 2333 περὶ
3715 2264 3906 2331 ἀμφο-

2301 2363 2493 2434 τέρους
2511 2349 2864 2432 ᾠκονόμησεν
2880 2363 2907 2414 6
2930 2359 3152 2430 Κύριος,
3183 2358 3250 2412 ἵν’
3277 2357 3575 2427 ἀμφότεροι
3605 2356 3898 2417 σῶζοιντο·

2303 2456 2332 2508 6
2363 2454 2464 2524 μὲν
2501 2451 2779 2516 πλούσιος,
2835 2448 3189 2522 μεταδιδούς·
3241 2449 3270 2501 6
3321 2447 3376 2501 δὲ
3429 2449 3622 2516 πένης,
3673 2446 3907 2514 εὐχαρι-

2307 2561 2449 2598 στων
2455 2584 2470 2598 σ

2375 2634 2446 2703 γ’.
2509 2632 2857 2702 Πανοῦργος
2911 2630 3055 2685 ἰδὼν
3101 2633 3372 2698 πονηρὸν
3433 2628 3908 2698 τιμωρούμενον,

2304 2725 2595 2796 κραταιῶς
2643 2725 2825 2790 αὐτὸς
2867 2723 3237 2778 παιδεύεται.
3281 2723 3339 2777 '0
3383 2725 3662 2794 φρόνιμος,
3693 2721 3908 2774 θεασά-

2308 2837 2467 2890 μενος
2491 2819 2801 2888 κακοῦργον
2823 2817 3212 2886 κολαζόμενον,
3239 2817 3548 2888 διορθοῦται
3566 2815 3689 2868 λίαν
3721 2814 3902 2874 αὐτὸς

2305 2914 2390 2982 ἐφ’
2418 2907 2499 2976 οἷς
2533 2911 2661 2973 ἴσως
2687 2909 2867 2974 καλῶς
2908 2910 2984 2980 μὴ
3031 2911 3207 2963 ποιεῖ·
3237 2907 3530 2962 κάντεῦθεν
3562 2905 3914 2976 φυλάττεται

2303 3003 2400 3058 τοῦ
2433 2986 2512 3066 είς
2547 3001 2772 3054 κόλασιν
2805 3002 3099 3070 ἐμπεσεῖν.

2381 3099 2446 3149 Ol
2476 3094 2544 3149 δὲ
2570 3094 2852 3163 ἄφρονες,
2901 3091 3306 3160 παρελθόντες
3355 3088 3800 3157 ἐζημιώθησαν.
3851 3085 3917 3138 οι

627 3175 768 3217 smn.
800 3163 1125 3234 lusipientes
1150 3178 1334 3224 autem
1364 3184 1780 3241 pt‘aztereuntes,
1812 3188 1860 3232 et
1888 3181 1936 3234 ei
1991 3183 2083 3250 qui
2132 3187 2202 3238 ob

2319 3189 2352 3242 ε’
2380 3155 2666 3249 ἀσύνετοί,-
2691 3155 3152 3256 παραδραμόντες
3179 3183 3274 3236 καὶ
3308 3181 3384 3253 μὴ
3429 3155 3798 3252 προσέχοντες
3834 3177 3917 3244 τῷ

627 3257 896 3311 malitiam
971 3261 1063 3314 dat
1127 3277 1319 3331 pmuas
1378 3283 1484 3320 non
1552 3271 1918 3339 attendentes,
1968 3274 2202 3330 h'uetum

627 3351 827 3405 exinde
857 3352 1237 3420 perdiderunt.

699 3441 866 3500 Vens.
895 3445 950 3501 4.
1004 3445 1285 3503 Generatio
1340 3455 1640 3521 sapientiae,
1677 3459 1837 3513 timor
1873 3458 2104 3525 Domini,
2159 3475 2203 3516 et

627 3537 852 3601 divitiw,
912 3549 961 3592 et
1029 3541 1229 3611 gloria,
1260 3553 1328 3620 et,
1362 3547 1489 3601 vita.
1528 3547 1889 3607 Perlectionis
1919 3557 2206 3622 sapientia:

632 3629 687 3682 iu
745 3627 854 3684 Deo
920 3630 1035 3685 haec
1065 3641 1150 3687 est
1209 3639 1511 3704 generatio.
1567 3639 1766 3710 Incipit
1809 3645 2057 3700 atitnore
2117 3646 2206 3700 Dei

634 3719 728 3786 qui
758 3730 842 3775 est
866 3721 992 3774 mali
1023 3722 1182 3793 fuga;
1219 3728 1432 3794 proﬁcit
1459 3746 1552 3798 per
1577 3730 1806 3787 divitias
1829 3738 2092 3790 virtutum
2143 3755 2209 3793 ac

632 3825 815 3862 veram
840 3809 908 3865 de
938 3813 1197 3869 omnibus
1224 3817 1389 3874 rebus
1433 3819 1772 3890 opinionem,
1813 3834 1867 3880 et
1922 3829 2204 3897 perﬁcitur

636 3903 692 3954 iu
729 3903 886 3958 beata
907 3905 1019 3960 vita
1060 3908 1114 3961 in
1144 3906 1254 3964 Deo
1277 3928 1292 3978 ;
1319 3927 1445 3966 cum
1467 3929 1623 3971 mens
1650 3919 1835 3972 omnia
1857 3930 2039 3974 creata
2073 3939 2212 3993 prae-

635 3995 1012 4065 tergrediens,
1069 4001 1341 4070 requievit
1395 4004 1448 4058 in
1483 4004 1612 4074 Deo,
1637 4009 1730 4078 qui
1766 4027 1893 4067 vera
1949 4015 2068 4083 ejus
2105 4016 2212 4070 vita

633 4089 870 4142 exsistit.

714 4176 876 4232 Vens.
935 4179 993 4233 5.
1030 4182 1234 4236 Tribuli
1277 4193 1324 4237 et
1357 4188 1530 4255 laquei
1573 4190 1628 4241 in
1670 4190 1768 4244 viis
1795 4197 2050 4259 perversis
2078 4213 2097 4260 ;
2124 4197 2214 4265 qui

636 4280 815 4330 autem
844 4273 1077 4326 custodit
1105 4277 1340 4328 animum
1375 4295 1550 4344 suam,
1589 4281 1878 4337 abstinebit
1912 4287 1976 4338 ab
2007 4288 2106 4340 eis.
2155 4289 2214 4342 In

640 4363 741 4417 riis
774 4379 894 4432 qum
923 4365 1039 4418 sive
1076 4364 1128 4419 in
1155 4367 1387 4432 theoria,
1422 4370 1537 4424 sive
1563 4371 1616 4424 in
1685 4375 1837 4441 praxi
1867 4390 1895 4428 a
1925 4376 2016 4431 Dei
2066 4394 2217 4432 man-

2305 3281 2395 3336 διὰ
2427 3281 2525 3350 τὴν
2554 3279 2757 3333 κακίαν
2802 3277 2969 3332 αὐτοῦ
3007 3275 3433 3347 τιμωρουμένῳ,
3475 3271 3769 3326 ἀπώλεσαν
3812 3269 3917 3339 τὴν

2310 3372 2562 3426 ἐντεῦθεν
2594 3371 2884 3441 ὠφέλειαν.

2377 3464 2439 3520 δ’.
2477 3463 2667 3518 Γενεὰ
2697 3463 2941 3533 σοφίας,
2983 3463 3170 3531 φόϐος
3219 3461 3467 3530 Κυρίου,
3497 3458 3595 3512 καὶ
3637 3454 3919 3520 πλοῦτος

2310 3560 2408 3612 καὶ
2439 3557 2612 3622 δόξα,
2660 3555 2758 3609 καί
2788 3553 2922 3621 ζωή.
2965 3554 3031 3606 Ἦ
3070 3555 3127 3606 ὲν
3164 3552 3328 3622 σοφίᾳ
3368 3552 3509 3604 κατὰ
3535 3549 3666 3602 Θεὸν
3701 3548 3919 3600 τελειό-

2310 3667 2431 3722 της,
2467 3649 2725 3717 γεννᾶται
2749 3646 3029 3717 ἀρχομένη
3063 3645 3160 3715 μὲν
3187 3645 3295 3697 ἀπὸ
3319 3643 3415 3695 τοῦ
3447 3642 3590 3694 θείου
3631 3639 3834 3708 φόϐου,
3860 3640 3920 3701 ὃς

2313 3744 2430 3796 ἐστι
2461 3741 2648 3794 κακῶν
2679 3740 2860 3808 ἀποχὴ
2881 3754 2895 3768 °
2939 3735 3334 3807 προκόπτουσα
3364 3735 3422 3787 δὲ
3452 3735 3531 3796 εἰς
3562 3749 3621 3784 τε
3661 3731 3756 3784 τὸν
3792 3729 3917 3783 κατ’

2313 3834 2516 3904 ἀρετὴν
2545 3830 2794 3895 πλοῦτον,
2824 3830 2917 3882 καὶ
2944 3827 3045 3900 τὴν
3073 3828 3202 3901 περὶ
3245 3826 3355 3881 τῶν
3399 3825 3572 3878 ὄντων
3605 3821 3786 3892 ἀληθῆ
3829 3822 3917 3875 δό-

2313 3923 2434 3991 ξαν,
2466 3924 2561 3977 καὶ
2596 3921 2944 3992 τελειουμένη
2971 3921 3050 3984 είς
3075 3918 3174 3985 τὴν
3195 3918 3252 3970 ὲν
3275 3915 3393 3986 Θεῷ
3424 3914 3703 3986 μακαρίαν
3739 3914 3912 3981 ζωήν

2315 4017 2444 4070 ὃταν
2474 4017 2502 4070 6
2529 4016 2653 4078 νοῦς
2686 4015 2864 4068 πάντα
2899 4014 2968 4067 τὰ
2995 4012 3126 4066 ὄντα
3152 4009 3337 4081 διαϐῇ,
3365 4009 3461 4062 καὶ
3497 4010 3557 4063 ὲν
3587 4006 3705 4077 θεῷ
3738 4022 3918 4058 κατα-

2317 4107 2504 4179 παύσῃ
2533 4109 2598 4175 τῇ
2633 4105 2803 4168 ὅντως
2837 4103 3031 4157 τούτου
3065 4103 3198 4172 ζωῇ.

2387 4202 2448 4249 ε’.
2486 4196 2749 4263 Τρίϐολοι
2797 4194 2896 4247 καὶ
2928 4192 3177 4262 παγίδες
3218 4191 3289 4244 ἐν
3333 4187 3500 4254 ὁδοῖς
3535 4184 3852 4252 σκολιαῖςο
3886 4187 3920 4239 ὀ

2318 4286 2385 4340 δὲ
2428 4284 2769 4355 φυλάσσων
2795 4283 2911 4350 τὴν
2937 4282 3155 4337 ἑαυτοῦ
3198 4281 3432 4352 ψυχὴν,
3483 4279 3772 4349 ἀφέξεται
3812 4281 3922 4331 ab-

2320 4378 2458 4432 τῶν.
2499 4375 2591 4429 Ἐν
2619 4379 2737 4440 ταῖς
2761 4374 3357 4448 παρεκτετραμμέναις
3382 4373 3485 4443 τῆς
3508 4372 3663 4434 θείας
3689 4370 3920 4439 ἐντολῆς

640 4455 782 4510 datis
852 4456 1170 4521 deﬂectunt,
1223 4468 1510 4529 torquetur
1541 4463 1747 4529 anima,
1797 4469 2209 4539 quasiquibtts-

2321 4470 2464 4525 κατά
2513 4486 2572 4522 τε
2619 4469 2854 4540 θεωρίαν
2891 4469 2985 4522 καὶ
3030 4469 3230 4541 πρᾶξιν
3273 4466 3544 4538 πορείαις,
3583 4463 3848 4534 βάλλεται
3884 4467 3917 4534 ἠ

642 4553 763 4606 dam
791 4552 1026 4619 tribulis,
1066 4553 1301 4622 triplicis
1329 4555 1447 4624 ejus
1513 4557 1893 4626 passibilitatis
1946 4563 2215 4630 passioni-

639 4647 780 4710 bus;
818 4660 846 4698 a
879 4645 1077 4715 quibus
1101 4647 1258 4716 quasi
1291 4663 1321 4700 a
1356 4649 1565 4718 laqueis
1613 4651 1942 4720 quibusdam
1998 4658 2219 4725 capitur

639 4739 695 4793 iu
731 4735 1114 4806 perditionem.
1138 4739 1387 4793 Abstinet
1421 4751 1599 4796 autem
1632 4758 1690 4796 se
1727 4744 1794 4797 ab
1823 4744 1908 4800 liis
1943 4747 2219 4815 passiuniv

643 4837 766 4892 bus,
799 4831 891 4900 qui
918 4832 1159 4885 animam
1193 4847 1349 4888 suam
1373 4836 1635 4901 custodit,
1655 4852 1727 4891 ne
1756 4853 1786 4892 a
1813 4841 2086 4897 mandatis
2117 4842 2216 4898 de-

641 4924 826 4978 eliuet.

718 5014 876 5070 Vens.
899 5015 955 5070 7.
989 5015 1193 5070 Divites
1225 5019 1549 5087 pauperibus
1586 5022 1942 5091 imperabunt.
2009 5026 2220 5083 Anima:

643 5113 857 5168 ratione
881 5127 944 5167 ac
973 5112 1246 5182 sapientia
1279 5113 1537 5182 praeditas,
1575 5115 1991 5175 irrationalibus
2021 5135 2221 5191 corpo-

643 5206 795 5258 ribus
829 5204 932 5258 hac
968 5205 1235 5274 sapientia
1308 5204 1686 5275 indigentibus
1751 5209 2110 5278 imperarent,
2176 5214 2220 5267 si

643 5296 942 5359 voluerint,
975 5296 1041 5350 ad
1072 5295 1164 5351 Dei
1202 5297 1586 5352 mandatorum
1613 5299 2083 5369 adimpletionetu.

721 5386 787 5440 Et
826 5387 1022 5457 famuli
1046 5390 1280 5458 propriis
1313 5391 1541 5444 dominis
1585 5389 1939 5460 fwnerabunt.
1999 5394 2065 5448 Et
2103 5411 2226 5450 Cur-

651 5496 781 5551 para
819 5483 1125 5536 animarum
1159 5484 1454 5553 mancipia,
1485 5484 1818 5539 dominabus
1873 5488 2010 5552 suis,
2066 5491 2224 5558 quasi

650 5572 926 5642 quoddam
960 5585 1208 5628 mutuum
1236 5574 1572 5646 diligentiam
1622 5575 1685 5630 ad
1720 5579 1949 5633 virtutes
2019 5581 2224 5658 prtebc-

720 5749 742 5780 ⁸
769 5749 956 5806 Mallb.
985 5767 1093 5814 nx,
1125 5751 1214 5804 9.5.
1294 5753 1311 5782 ⁵
1349 5751 1506 5806 llum.
1543 5768 1657 5817 VIII,
1694 5750 1756 5809 l8

2319 4561 2488 4632 ψυχὴ,
2524 4561 2598 4621 ὦς
2627 4577 2740 4613 τισι
2785 4558 3076 4630 τριϐόλοις,
3102 4561 3215 4622 τοῖς
3251 4556 3346 4610 τοῦ
3379 4557 3586 4626 ταύτης
3615 4553 3920 4624 τριμεροῦς

2317 4654 2547 4708 πάθεσιν
2577 4653 2669 4721 ὑφ’
2695 4645 2769 4704 ὧν
2792 4653 2886 4703 καὶ
2923 4650 2998 4714 ὼς
3025 4650 3130 4703 ὑπό
3172 4667 3333 4702 τινων
3360 4647 3602 4714 παγίδων
3631 4645 3919 4698 ἁλίσκεται

2322 4749 2405 4810 εἰς
2440 4744 2718 4800 ἀπώλειαν
2744 4760 2756 4774 ο
2813 4742 3120 4813 ἀπόσχηται
3141 4741 3199 4794 δὲ
3229 4740 3334 4793 τῶν
3363 4739 3622 4792 τοιούτων
3645 4735 3863 4800 παθῶν,
3891 4738 3919 4788 6

2318 4837 2504 4909 τηρῶν
2533 4835 2630 4908 τὴν
2663 4835 2797 4889 ἰδίαν
2823 4835 3024 4905 ψυχὴν,
3055 4833 3200 4888 ὥστε
3233 4831 3333 4902 τῆς
3365 4831 3589 4900 ἐντολῆς
3623 4828 3701 4899 μὴ
3721 4827 3917 4898 ἐκτρέ-

2321 4930 2546 4984 πεσθαι.

2392 5020 2458 5084 C'.
2495 5021 2785 5074 Πλούσιοι
2827 5017 3082 5087 ,πτωχῶν
3120 5017 3438 5084 ἄρξουσιν.
3480 5017 3544 5068 Αἱ
3579 5014 3919 5068 πλουτοῦσαι

2325 5109 2496 5182 ψυχαὶ
2518 5110 2594 5171 ὡς
2628 5109 2846 5176 λογικαὶ
2877 5109 3095 5176 σοφίαν,
3135 5107 3204 5159 τὰ
3233 5104 3438 5173 ταύτης
3464 5102 3534 5156 δι’
3568 5101 3798 5170 ἀλογίαν
3827 5103 3912 5153 ὲνο

2323 5202 2415 5272 δεῆ
2445 5201 2675 5271 σώματα
2722 5199 3103 5262 ὐποτάξουσιν,
3138 5199 3186 5250 εί
3241 5195 3574 5266 βουληθεῖεν,
3628 5193 3768 5262 πῴς
3821 5209 3916 5258 την

2325 5296 2432 5350 τῶν
2467 5296 2628 5349 θείων
2653 5294 2885 5351 ἐντολῶν
2917 5294 3205 5366 ἐργασίαν.

2397 5387 2507 5442 Καὶ
2549 5387 2775 5441 οἰκέται
2812 5388 2988 5452 ἰδίοις
3033 5385 3361 5448 δεσπόταις
3398 5379 3774 5435 δανειοῦσιν.
3809 5379 3916 5429 Καὶ

2332 5483 2401 5535 τὰ
2431 5481 2595 5536 δοῦλα
2632 5481 2740 5549 τῶν
2787 5480 2977 5550 ψυχῶν
3042 5478 3270 5549 σώματα
3293 5515 3308 5540 ,
3363 5476 3485 5538 ταῖς
3519 5469 3915 5532 δεσποζούσαις

2334 5575 2513 5630 αὐτῶν
2541 5575 2760 5645 ψυχαῖς,
2781 5573 2854 5638 ὥς
2882 5591 2932 5626 τι
2961 5572 3168 5626 δάνειον
3193 5569 3493 5640 παρέξουσι
3524 5563 3624 5637 τὴν
3655 5563 3787 5631 περὶ
3818 5560 3914 5621 τὰς
