4054 6506
185 358 320 422 ιιιι

1253 355 1783 416 COMMENTARII
1821 353 1901 412 IN
1941 354 2402 418 PROVERBIA.

3308 353 3444 416 1442

177 466 396 539 ἀρετάς
427 465 767 535 φιλοπονίαν,
811 463 950 516 κατὰ
997 463 1056 515 τδ
1089 463 1297 536 παρόν⁹
1339 463 1428 516 ἵνα
1476 465 1576 534 τῆς
1606 479 1758 515 πνευ-

1878 463 2030 523 bunt,
2064 465 2114 518 in
2149 465 2247 517 hac
2278 467 2410 526 vita,
2448 473 2504 519 ut
2529 464 2583 519 in
2613 463 2794 519 futura
2821 479 2944 519 cum
3002 464 3137 535 ipsis
3167 465 3442 535 spirituali

183 560 425 628 ματικῆς
467 557 811 628 εὐφροσύνης
845 557 987 609 κατὰ
1029 557 1090 609 τὸ
1124 556 1321 628 μέλλον
1371 555 1595 620 ταύταις
1641 573 1762 609 συν-

179 651 592 707 απολαύσωσιν.

252 741 323 813 η’.
371 743 435 795 '0
469 742 735 808 σπείρων·
782 741 1006 807 φαῦλα,
1039 741 1260 810 θερίσει
1300 740 1477 795 κακά.
1525 740 1583 794 '0
1631 740 1764 812 περὶ

176 835 239 888 τὸ
268 835 476 903 γεῶδες
508 836 726 905 σκῆνος,
759 835 917 905 δίκην
951 834 1157 904 σπόρου
1193 833 1435 904 φαύλους
1466 834 1764 904 λογισμοὺς

179 923 564 993 καταϐάλλων,
621 925 878 999 δρέψεται
949 927 1094 980 κατὰ
1157 925 1358 998 πρᾶξιν
1415 927 1513 998 τὴν
1576 928 1763 998 ἁμαρ-

175 1020 326 1074 τίαν.

250 1110 508 1182 Πληγὴν
537 1109 608 1164 δὲ
637 1112 826 1179 ἐρτων
853 1110 1039 1164 αὑτοῦ
1061 1111 1445 1165 συντελέσει.
1475 1111 1762 1181 Τιμωρίαν

173 1201 234 1253 δὲ
287 1202 378 1255 διὰ
433 1202 532 1265 τὰς
593 1203 839 1272 πονηράς
907 1202 1140 1273 πράξεις
1196 1203 1363 1257 αὐτοῦ
1425 1204 1759 1274 συγκομίσε-

174 1309 295 1346 ται.

255 1383 476 1454 Ἄνδρα
499 1387 714 1454 ιλαρὸν·
739 1386 836 1438 καὶ
883 1384 1070 1453 δότην
1113 1386 1317 1456 ἀγαπᾷ
1348 1390 1380 1442 ό
1403 1388 1566 1455 Θεός.
1597 1391 1758 1458 Ἀγα-

177 1475 260 1545 πᾷ
289 1476 320 1528 ό
373 1476 508 1538 Θεὸς
553 1475 842 1545 ἄνθρωπον
877 1475 1046 1541 ὑγιῶς
1082 1475 1406 1544 φρονοῦντα,
1439 1476 1535 1530 καὶ
1589 1494 1759 1547 προσ-

175 1568 422 1637 φέροντα
451 1565 627 1636 τούτῳ
651 1568 794 1619 κατὰ
831 1568 1036 1638 πρᾶξιν
1061 1568 1160 1631 τὰς
1191 1569 1413 1638 ἀρετάς.

248 1657 630 1724 Ματαιότητα
661 1656 730 1710 δὲ
759 1657 949 1727 ἔργων
982 1658 1169 1712 αὐτοῦ
1204 1660 1582 1716 συν-τελέσει.
1608 1661 1682 1714 Τὸ
1702 1661 1757 1715 δὲ

175 1751 310 1820 περὶ
361 1749 430 1802 τά
471 1749 785 1819 πρόσκαιρα
821 1749 1109 1818 φιλόπονον
1143 1750 1333 1816 αὐτοῦ,
1365 1752 1548 1805 τέλεον
1588 1770 1756 1806 κατα-

174 1841 417 1896 παύσει·
453 1840 561 1894 άπὸ
595 1841 706 1893 τῶν
737 1841 1024 1912 παρόντων
1060 1841 1197 1914 πρὸς
1231 1842 1298 1896 τά
1336 1841 1604 1912 μέλλοντα
1637 1844 1756 1898 ὅλον

178 1933 559 2004 μεταϐιϐάσας
589 1932 677 1986 τὸν
703 1933 870 1986 πόθον
898 1933 1086 1988 αὑτοῦ.

251 2026 317 2079 Θ’.
370 2027 430 2078 '0
487 2024 676 2080 ἐλεῶν
719 2025 981 2095 πτωχὸν,
1032 2025 1210 2088 αὐτὸς
1267 2026 1754 2094 διατραφήσεται.

188 2119 248 2171 ’0
289 2117 434 2172 θείου
465 2119 640 2186 Λόγου
670 2117 1077 2182 διδασκαλικῶς
1111 2118 1188 2189 τῷ
1218 2117 1408 2171 τούτου
1443 2120 1758 2189 μεταδιδοὺς

174 2209 367 2276 ἐνδεεῖ,
403 2208 566 2272 αὐτὸς
599 2211 947 2279 τραφήσεται
981 2209 1182 2280 μᾶλλον
1225 2212 1367 2264 κατὰ
1427 2210 1642 2281 ψυχήν·
1676 2212 1757 2264 ὅτι

180 2321 199 2351 ι
227 2301 344 2354 Οὐκ
399 2302 484 2354 ἐπ’
513 2301 664 2372 ἄρτῳ
719 2302 866 2372 μόνῳ
911 2302 1139 2372 ζήσεται
1186 2301 1494 2372 ἄνθρωπος,
1550 2303 1666 2355 ἀλλ’
1700 2304 1757 2355 ἐν

175 2394 345 2447 παντὶ
383 2396 590 2466 ῥήματι
621 2392 1046 2463 ἐκπορευομένῳ
1071 2394 1134 2446 ὲκ
1156 2393 1426 2464 στόματος
1449 2394 1636 2446 αὑτοῦ.
1663 2413 1681 2446 ι

254 2484 376 2538 Τῶν
398 2485 510 2554 γὰρ
535 2483 753 2538 ἑαυτοῦ
775 2483 971 2553 ἄρτων
1009 2483 1233 2538 δέδωκε
1262 2484 1341 2551 τῷ
1388 2484 1619 2555 πτωχῷ.
1649 2485 1756 2539 Τοῦ

173 2578 287 2648 γὰρ
338 2579 631 2649 τρέφοντος
683 2579 783 2650 τὴν
835 2578 1000 2631 αὐτοῦ
1030 2577 1208 2651 ψυχὴν
1255 2579 1401 2632 Θείου
1463 2579 1643 2649 λόγου,
1679 2580 1757 2649 τῷ

173 2672 439 2742 χρῄζοντι
519 2671 710 2725 τούτου
797 2671 1106 2742 μετέδωκε·
1173 2672 1267 2724 καὶ
1349 2671 1754 2743 μεταλαμϐάνει

174 2764 374 2816 τοᾶτου
434 2763 780 2835 τρανότερον,
825 2762 900 2826 ὼς
952 2761 1019 2816 ἂν
1072 2762 1288 2816 δύναιτο
1324 2762 1537 2825 πολλοῖς
1585 2764 1755 2833 ἐπαρ-

178 2858 318 2907 κεῖν.

251 2947 448 3014 Νίκην
495 2945 595 3001 καὶ
643 2947 828 3016 τιμὴν·
874 2945 1262 3015 περιποιεῖται
1318 2947 1352 2999 ὁ
1390 2944 1548 3014 δῶρα
1585 2946 1750 3013 δούς.

175 3037 294 3106 Τὴν
315 3037 460 3090 κατὰ
488 3037 597 3091 τῶν
621 3038 810 3091 παθῶν
846 3038 1023 3108 νίκην,
1066 3037 1163 3091 καὶ
1196 3037 1296 3107 τὴν
1339 3037 1490 3108 παρὰ
1525 3037 1644 3109 Θεῷ
1669 3038 1756 3092 δό-

178 3129 276 3194 ξαν
307 3129 483 3200 ἑαυτῷ
515 3131 736 3193 πάντως
763 3132 1130 3201 περιποιεῖται
1160 3133 1189 3184 ό
1216 3129 1335 3200 Θεῷ
1361 3128 1436 3193 ῶς
1457 3146 1579 3183 τινα
1604 3129 1751 3201 δῶρα
1779 3150 1822 3208 ο

175 3223 278 3286 τάς
314 3223 536 3294 ἀρετάς.

253 3315 374 3382 Τὴν
405 3315 610 3384 μέντοι
665 3315 876 3385 ψυχὴν
945 3314 1274 3386 ἀφαιρεῖται
1309 3315 1426 3368 τῶν
1463 3317 1752 3384 κεκτημέ-

176 3422 322 3462 νων.
354 3405 668 3459 Κάντεῦθεν
696 3407 797 3476 τὴν
835 3406 1031 3460 ἑαυτοῦ
1078 3405 1395 3476 ἀφαρπάζει
1433 3405 1609 3476 ψυχὴν
1647 3406 1756 3458 ἀπὸ

176 3494 289 3546 τῶν
316 3495 551 3565 ἐχόντων
589 3496 794 3567 ταύτην
851 3497 952 3567 τῆς
988 3496 1257 3566 πονηρίας
1317 3497 1645 3566 πνευμάτων
1687 3499 1754 3569 τῇ

178 3591 430 3660 ἁμαρτίᾳ
465 3589 830 3660 αἰχμάλωτον.

254 3689 308 3736 ι’.
363 3683 628 3735 Ἔκϐαλε
663 3681 734 3734 ἐκ
787 3681 1112 3748 συνεδρίου
1161 3681 1395 3750 λοιμόν.
1459 3679 1756 3737 ’Λπέλασον

177 3776 270 3830 τὸν
299 3773 652 3846 μεταδιδόντα
671 3771 771 3841 τῆς
800 3771 994 3825 ἑαυτοῦ
1031 3773 1230 3836 κακίας
1255 3773 1348 3825 καὶ
1386 3777 1498 3836 τοῖς
1525 3772 1752 3838 λοιποῖς,

177 3866 290 3920 ἀπὸ
319 3861 428 3920 τῶν
461 3863 914 3934 συνεδριαζόντων
952 3865 1030 3925 εἰς
1064 3862 1467 3934 βουλευτήριον.

255 3956 361 4010 Καὶ
415 3955 922 4018 συνεξελεύσεται
981 3953 1140 4019 αὐτῷ
1183 3956 1413 4019 νεῖκος·
1449 3955 1594 4009 ὅταν
1645 3955 1754 4024 γὰρ

179 4050 404 4115 καθίσῃ
445 4049 512 4100 ἐν
543 4047 858 4113 συνεδρίῳ,
892 4045 1126 4110 πάντας
1152 4045 1429 4114 ἀτιμάζει,
1467 4048 1577 4100 Καὶ
1632 4065 1755 4099 συν-

179 4141 590 4211 απελαθήσεται
623 4140 800 4209 τούτῳ
851 4138 1186 4206 φιλονεικία·
1224 4139 1426 4190 ὁπόταν
1463 4139 1568 4206 γὰρ
1600 4131 1755 4200 οὗτος

181 4234 510 4303 συνεδριάσῃ
543 4232 673 4293 τισὶ,
711 4231 920 4293 πάντας
950 4229 1224 4298 χλευάζει,
1253 4230 1350 4283 καὶ
1377 4230 1640 4299 διεγείρει
1674 4230 1755 4292 εἰς

184 4328 384 4397 μάχας.

251 4418 344 4472 ια’.
394 4414 624 4485 Ἀγαπᾷ
644 4417 859 4482 Κύριος
886 4414 1066 4478 ὁσίας
1095 4413 1361 4483 καρδίας.
1392 4414 1449 4466 '0
1478 4413 1752 4481 Δεσπότης

1869 554 2053 608 laetitia
2088 556 2466 625 perfruantur.

1934 731 2104 786 NERS.
2139 733 2192 786 8.
2239 733 2343 798 Qui
2391 733 2619 787 seminat
2657 732 3017 800 iniquitatem,
3061 742 3214 786 metet
3273 732 3441 786 mula.

1933 824 2035 891 Qui
2067 825 2213 880 circa
2237 833 2497 881 terrestre
2547 827 2988 888 tabernaculum,
3052 826 3172 880 loco
3212 825 3442 881 seminis

1865 931 2063 987 pravas
2123 916 2577 972 ratiocinationes
2623 919 2877 990 spargit,
2933 918 3153 989 colliget
3201 918 3255 972 iu
3313 927 3440 971 actu

1865 1020 2172 1079 peccatum.

1937 1100 2160 1170 Plagam
2197 1111 2375 1154 autem
2407 1117 2619 1170 operum
2647 1118 2864 1156 suorum
2895 1102 3303 1156 eonsummabit.
3323 1101 3438 1154 Pa:-

1863 1208 1987 1245 naln
2028 1200 2206 1246 autem
2237 1194 2501 1246 malarum
2528 1196 2803 1248 actionum
2837 1194 3011 1249 dabit.

1929 1367 2172 1422 Hilarem
2203 1366 2445 1422 datorem
2467 1369 2644 1437 diligit
2671 1369 2828 1424 Deus.
2880 1370 3068 1424 Virum
3099 1381 3247 1425 recte
3312 1387 3436 1426 sen-

1862 1461 2084 1516 tientem
2115 1477 2178 1516 ac
2203 1463 2440 1518 virtutes
2476 1463 2578 1532 ipsi
2606 1463 2925 1519 aiIerentem
2961 1465 3144 1534 diligit
3172 1465 3317 1519 Deus

1941 1635 2241 1690 Vanitatem
2265 1652 2383 1691 vero
2409 1653 2623 1706 operum
2652 1637 2767 1707 ejus
2823 1640 3231 1696 consummauit.
3271 1641 3434 1696 Solli-

1861 1729 2163 1784 citudinem
2187 1731 2309 1798 eius
2332 1732 2480 1784 circa
2530 1731 2872 1800 temporalia,
2931 1733 3360 1798 eonsunnnabit,
3402 1750 3434 1788 a

1862 1822 2224 1891 praesentibus
2249 1823 2314 1876 ad
2346 1823 2531 1876 futura
2551 1823 2890 1880 transferens
2916 1839 3078 1880 omne
3094 1823 3431 1880 desiderium

1860 1929 2040 1969 Slllllllo

1931 2002 2098 2060 Vsus.
2130 2004 2186 2059 9.
2219 2005 2322 2071 Qui
2351 2007 2627 2060 miseretur
2646 2008 2916 2074 pauperis,
2964 2009 3076 2077 ipse
3110 2010 3430 2065 enutrietur.

1929 2096 2034 2162 Qui
2107 2097 2325 2166 inapem
2385 2099 2554 2154 divini
2601 2100 2753 2155 verbi
2812 2101 3133 2170 participem
3185 2102 3434 2156 docendo

1858 2187 2037 2256 emett,
2061 2190 2242 2244 anima
2266 2190 2386 2260 ejus
2421 2193 2654 2261 amplius
2719 2194 3056 2260 enntrietur;
3089 2194 3216 2264 quia
3254 2213 3272 2246 ι
3313 2193 3430 2247 Non

1859 2279 1912 2332 iu
1953 2282 2073 2334 solo
2105 2296 2244 2348 pane
2264 2283 2398 2334 vivit
2428 2284 2612 2347 homo,
2638 2284 2732 2340 sed
2766 2299 2834 2338 ex
2875 2285 3027 2339 omni
3059 2286 3225 2341 verbo
3283 2286 3431 2354 quod

1860 2374 2106 2442 procedit
2135 2390 2197 2427 ex
2234 2389 2330 2428 ore
2360 2373 2452 2429 Dei
2489 2377 2533 2429 ⁸.
2571 2394 2588 2425 ι

1930 2465 2008 2520 De
2040 2468 2268 2536 panibus
2294 2471 2434 2522 enim
2454 2471 2566 2524 suis
2595 2471 2740 2524 dedit
2783 2473 3022 2540 pauperi.
3077 2471 3212 2526 Nam
3257 2471 3428 2525 divini

1857 2558 2009 2613 verbi
2060 2560 2206 2629 quod
2238 2561 2512 2630 propriam
2541 2562 2746 2616 enutrit
2808 2563 3047 2616 animam
3109 2563 3429 2631 participem

1856 2651 2038 2708 eil‘ecit
2070 2653 2440 2724 indigentem;
2465 2663 2513 2708 et
2541 2670 2608 2708 eo
2623 2655 2827 2726 largius
2856 2655 2956 2710 hoc
2982 2653 3216 2710 Verbum
3237 2651 3434 2709 dividit
3481 2641 3484 2644 ’

1857 2760 1967 2814 quo
1989 2745 2243 2814 pluribus
2274 2746 2569 2802 subvenire
2600 2748 2796 2802 valeat.

1940 2921 2291 2977 Victor-iamet
2314 2923 2564 2976 honorem
2611 2924 2838 2994 acquirit
2893 2925 2983 2994 qui
3035 2923 3129 2978 dat
3183 2940 3425 2978 munera.

1855 3013 2158 3069 Victoriam
2184 3013 2250 3067 de
2272 3013 2624 3082 puSSiOﬂibUS
2683 3021 2737 3067 et
2793 3014 3020 3081 gloriam
3083 3030 3113 3068 a
3156 3013 3265 3069 Deo
3323 3013 3429 3069 sibi

1855 3101 2080 3156 omnino
2098 3100 2334 3170 acquirit
2361 3100 2450 3169 qui
2475 3098 2583 3153 Deo
2612 3115 2709 3169 pro
2748 3099 2910 3155 donis
2965 3101 3197 3155 virtutes
3247 3099 3424 3154 oﬂ‘ert.

1927 3279 2180 3334 Animam
2225 3287 2401 3332 autem
2433 3275 2607 3345 aufert
2655 3274 3059 3344 possidentium.
3118 3274 3188 3329 Et
3231 3273 3431 3328 exinde

1858 3377 2094 3430 animum
2157 3389 2312 3430 suam
2354 3372 2534 3427 aufert
2565 3387 2594 3425 a
2629 3372 2814 3441 pravis
2863 3369 3154 3440 Spiritibus
3183 3369 3278 3440 qui
3307 3384 3422 3426 eam

1856 3478 2083 3542 peccato
2117 3467 2484 3536 mancipatam
2510 3465 2768 3520 retinent.

1927 3673 2088 3728 Vens.
2123 3669 2206 3724 10.
2244 3667 2390 3737 Ejice
2415 3682 2442 3720 e
2467 3678 2709 3718 consessu
2771 3659 3119 3729 pestilentem.
3152 3659 3193 3712 Δ
3231 3660 3428 3714 seden-

1857 3767 2005 3821 tibus
2036 3763 2263 3816 incuria
2294 3759 2433 3829 ejiee
2455 3772 2578 3812 eum
2612 3755 2706 3825 qui
2741 3767 2838 3808 sua
2902 3751 3112 3804 malitia
3139 3751 3276 3807 alios
3305 3754 3428 3806 iuli-

1855 3859 1950 3915 cit.

1924 3947 1997 4004 Ει
2019 3946 2183 4002 exibit
2215 3943 2507 3999 simulcum
2535 3941 2854 4011 eojurgium
2875 3958 2894 4007 ;
2918 3957 3040 3994 nam
3075 3956 3193 3993 cum
3237 3940 3426 3993 sederit

1853 4045 1910 4097 in
1943 4040 2186 4100 concilio,
2212 4051 2389 4091 omnes
2417 4034 2724 4087 inhonorat.
2758 4031 2820 4086 Et
2863 4047 2986 4086 cum
3026 4047 3094 4086 eo
3145 4032 3425 4099 expellen-

1855 4145 1943 4190 tur
1968 4129 2348 4187 contentiones
2379 4142 2394 4176 :
2425 4139 2551 4178 nam
2584 4121 2806 4192 quando
2831 4121 2923 4176 ille
2948 4135 3072 4174 cum
3093 4120 3424 4190 quibusdam
3479 4129 3481 4132 ‘

1855 4224 2077 4290 sederit,
2112 4235 2304 4276 omnes
2343 4217 2534 4272 irridet
2560 4223 2613 4270 et
2644 4213 2712 4269 ad
2760 4227 2972 4285 pugnas
2998 4213 3264 4267 concitat.

1925 4422 2093 4476 Vens.
2130 4420 2218 4472 Η.
2251 4415 2439 4486 Diligit
2479 4412 2743 4468 Dominus
2797 4420 2986 4465 sancta
3044 4411 3226 4464 corda.
3284 4410 3428 4466 Deus

182 4511 404 4562 πάντων
460 4483 628 4572 Θεὸς,
677 4507 870 4576 ἀγαπᾷ
917 4505 1014 4575 μὲν
1069 4505 1280 4575 ψυχάς,
1334 4503 1534 4571 σαρκὸς
1579 4503 1750 4570 ὑπερ-

1858 4517 2236 4572 nniversorum
2289 4505 2741 4574 Dominusdiligit
2795 4491 3004 4558 aninias
3025 4520 3146 4573 qua:
3202 4522 3425 4561 carnem

182 4599 422 4670 ορὼσας,
450 4598 542 4652 καὶ
571 4596 716 4650 κατὰ
743 4597 834 4648 τὸν
872 4596 1241 4666 πνευματικὸν
1272 4595 1436 4664 νόμον
1475 4593 1754 4645 πολιτευο-

186 4691 377 4760 μένας.

250 4778 456 4833 Δεκτοι
488 4777 557 4831 δὲ
583 4776 744 4842 αὐτῷ
769 4777 995 4842 πάντες
1025 4777 1271 4846 ἄμωμοι.
1305 4776 1672 4847 Προσδέχεται
1698 4776 1755 4829 δὲ

183 4870 510 4941 συμπαθῶς,
563 4870 913 4940 ηττλωμέναις
934 4869 1222 4937 ἀγκάλαις,
1267 4870 1393 4930 τοὺς
1449 4868 1537 4921 διὰ
1593 4884 1755 4937 μετα-

179 4963 355 5026 νοίας,
389 4961 570 5032 πάσης
610 4963 1022 5031 ἁμαρτημάτων
1083 4960 1302 5031 κηλῖδος
1339 4961 1566 5022 ἑαυτοὺς
1591 4961 1756 5013 ἑκκα-

182 5055 483 5124 θάραντας.

252 5149 358 5201 Χεί
373 5150 499 5201 λεσι
541 5146 841 5214 ποιμαίνει
888 5145 1207 5209 βασιλεύς.
1247 5145 1307 5196 '0
1356 5145 1573 5198 πάντων
1605 5143 1758 5212 βασι-

181 5242 357 5296 λεύων
379 5240 535 5306 θεὸς,
561 5239 730 5303 ἀξιῶν
758 5237 845 5292 διὰ
877 5238 984 5290 τῶν
1007 5237 1179 5305 ἁγίων
1202 5235 1367 5289 αὑτοῦ
1400 5237 1628 5288 ἐντολῶν
1658 5236 1755 5306 τῆς

183 5331 573 5405 προσηκούσης
607 5330 883 5400 προνοίας,
924 5331 1050 5392 τοὺς
1078 5329 1403 5398 δεχομένους
1443 5328 1665 5390 ἑκόντας
1696 5325 1756 5378 τὸ

183 5427 275 5481 ὑπ’
327 5424 494 5477 αὐτοῦ
529 5423 944 5493 βασιλεύεσθαι,
999 5423 1202 5490 ἀπάγει
1273 5422 1370 5490 μὲν
1417 5422 1613 5482 αὐτοὺς
1654 5418 1752 5488 τῆς

183 5515 516 5586 φθοροποιοῦ
569 5514 788 5578 κακίας,
820 5514 943 5582 ἄγει
987 5513 1042 5566 δὲ
1092 5515 1214 5565 κατ’
1264 5514 1464 5584 ἀρετὴν
1506 5512 1642 5581 πρὸς
1693 5510 1754 5562 τὺ

181 5608 412 5678 ἀγαθόν.

253 5793 275 5825 ⁸
307 5790 504 5845 Matth.
533 5805 604 5852 tv,
647 5789 700 5843 4.

1855 4611 2272 4662 contemnentes
2295 4599 2594 4654 secundum
2619 4596 2788 4664 legem
2832 4595 3170 4664 spiritualem
3191 4612 3428 4652 conver-

1855 4712 2068 4754 εειηιιιτ.

1927 4786 2141 4856 Accepti
2171 4791 2342 4836 autem
2363 4787 2486 4833 sunt
2517 4779 2760 4832 eiomnes
2816 4779 3168 4832 immaculati.
3212 4777 3428 4849 Reeipit

1861 4892 2040 4936 autem
2075 4892 2198 4931 cum
2225 4887 2413 4927 amore
2431 4870 2786 4940 brachiisque
2810 4873 3055 4927 extensis
3081 4887 3179 4927 eos
3215 4877 3304 4942 qui
3333 4891 3429 4943 ιιι-ι’

1855 4966 2234 5042 pmnitentiam
2260 4976 2477 5017 omnem
2507 4970 2859 5030 peccatorum
2901 4976 3112 5016 naevum
3141 4964 3429 5018 absterse-

1853 5071 2001 5115 ιυιιι.

1924 5149 2105 5206 Labiis
2141 5147 2307 5202 pascit
2343 5161 2458 5200 rex.
2501 5145 2644 5200 Deus
2701 5153 2897 5198 cuncta
2934 5146 3268 5215 gubernans,
3331 5161 3429 5199 eos

1857 5248 1952 5318 qui
1984 5247 2216 5299 libenter
2245 5242 2362 5308 ejus
2415 5239 2728 5309 suscipiunt
2762 5239 3072 5308 imperium,
3104 5254 3200 5309 per
3233 5249 3427 5292 sancta

1861 5339 2121 5395 mandata
2153 5333 2499 5390 convenienti
2525 5331 2862 5401 providentia
2918 5345 3272 5400 prosequens,
3305 5331 3429 5385 iilns

1862 5429 2082 5500 quidem
2115 5425 2182 5480 ab
2206 5422 2500 5494 iniquitate
2523 5437 2644 5490 qua:
2666 5420 2862 5488 perdit,
2889 5421 3107 5481 avertit,
3131 5419 3194 5471 ad
3222 5419 3428 5472 bonum

1862 5535 2040 5578 autem
2070 5517 2293 5576 virtutis
2317 5515 2557 5570 fructum
2592 5513 2756 5566 ducit.
