4054 6500
638 371 772 434 1Η3

1927 351 2287 416 PROCOPII
2327 350 2572 412 GAZAZI

3767 351 3889 415 liii

705 481 874 538 Vens.
899 480 986 534 ‘12.
1030 475 1184 530 Oculi
1223 472 1434 529 Domini
1487 469 1797 525 custodiunt
1837 484 2072 522 sensum.
2102 465 2214 520 Ra-

2390 465 2479 535 ιβ’.
2533 463 2851 533 Ὀςρθαλμοί
2897 464 3120 533 Κυρίου
3159 463 3554 532 διατηροῦσιν
3588 465 3892 535 utcontra.

635 575 815 630 tiones
844 580 1023 625 autem
1062 582 1272 631 rerum,
1294 563 1499 634 quibus
1545 560 1705 631 quasi
1730 557 2062 630 quibusdam
2093 571 2228 612 ocu-

635 667 706 720 lis
745 666 860 734 ipse
885 663 1269 716 universorum
1306 654 1572 709 Dominus
1624 659 1825 706 cuncta
1866 650 2080 711 videns,
2142 662 2227 702 co-

636 770 911 823 gnoscens
935 767 1000 808 ea
1031 757 1325 818 antequam
1361 746 1493 800 [iant
1515 760 1580 802 ex
1626 741 1895 813 sapientia
1933 755 2029 810 per
2060 753 2225 809 quam

637 861 693 903 et
755 848 807 901 in
848 859 957 915 qua
983 841 1166 897 omnia
1205 839 1356 902 fecit,
1397 835 1543 890 sicut
1575 833 1718 887 radii
1771 831 1995 902 quidam
2080 826 2226 882 Solis

633 936 870 1006 justitize
905 973 920 996 ,
979 928 1338 1001 speculativis
1364 926 1562 980 animae
1602 923 1861 993 potentiis
1918 920 2230 975 concedunt

637 1031 699 1073 ut
721 1019 1046 1074 exsisteutia
1081 1018 1227 1070 sicut
1262 1028 1390 1066 vere
1426 1028 1486 1065 se
1524 1012 1726 1064 habent
1759 1010 2078 1080 inspiciam,
2101 1010 2220 1077 ipsa

639 1113 820 1159 autem
857 1102 1177 1158 exsisteutia
1241 1107 1300 1152 ut
1360 1096 1628 1151 continuo
1682 1095 1761 1149 sic
1817 1095 2229 1164 conspiciantur

642 1198 853 1252 faciunt
874 1237 890 1263 ,
921 1195 1281 1262 veritatisque
1309 1190 1598 1246 scientiam
1630 1203 1737 1242 noo
1804 1187 1857 1241 in
1908 1186 2226 1257 apparentia

640 1289 944 1343 visibilium
974 1283 1281 1340 secundum
1318 1298 1541 1337 sensum
1575 1286 1807 1350 ponunt.

714 1378 965 1432 Rationes
1012 1384 1189 1429 autem
1243 1373 1517 1439 vilipendit
1561 1371 1794 1440 iniquus.
1844 1366 2230 1422 Calumniatur

641 1478 823 1523 autem
859 1464 1360 1528 Providentiaeﬁvias
1396 1461 1485 1516 Dei
1513 1462 1894 1514 mandatorum
1920 1467 2228 1527 transgres-

643 1578 758 1627 sor,
791 1561 907 1630 qui,
932 1559 1061 1613 dum
1101 1557 1322 1627 quidem
1346 1570 1373 1606 a
1412 1554 1790 1623 voluptatibus
1838 1569 1958 1607 sese
1990 1567 2100 1605 non
2134 1551 2228 1604 ab.

643 1658 827 1716 stinet,
863 1653 1049 1725 gravia
1095 1658 1150 1705 et
1201 1647 1574 1717 importabilia
1629 1646 1766 1699 dicit
1815 1646 1906 1698 illa
1967 1643 2226 1698 salutaria

645 1748 952 1811 mandata;
1007 1743 1229 1813 quando
1296 1748 1476 1792 autem
1529 1738 1758 1792 molesta
1809 1737 2082 1791 sustinere
2122 1749 2226 1787 non

2329 557 2392 610 Οἱ
2413 557 2471 610 δὲ
2503 557 2652 625 λόγοι
2675 557 2784 609 τῶν
2817 555 3008 618 ὄντων,
3033 551 3115 620 οἷς
3147 555 3223 620 ὥς
3247 574 3390 611 τισιν
3418 556 3714 628 ὀφθαλμοῖς
3743 560 3893 627 αὑτὸς

2327 650 2356 701 6
2389 647 2481 700 τοῦ
2535 647 2735 711 παντὸς
2783 647 3059 717 Δεσπότης
3114 647 3182 702 τὰ
3231 648 3409 702 πάντα
3459 649 3586 720 ὁρᾷ,
3627 649 3892 718 γινώσκων

2327 737 2502 792 ταῦτα
2536 739 2662 811 πρὶν
2689 741 2956 808 γενέσεως
3001 739 3216 803 αὑτῶν,
3247 742 3312 794 ἐκ
3364 741 3463 811 τῆς
3517 743 3708 812 σοφίας
3739 744 3890 797 αὑτοῦ

2327 831 2394 884 δι’
2436 826 2503 901 ἧς
2538 832 2633 885 καὶ
2667 832 2724 885 ἐν
2810 831 2880 884 τά
2904 832 3078 886 πάντα
3111 833 3392 901 ἐποίησεν,
3418 829 3507 888 οἷά
3526 851 3671 896 τινες
3694 837 3891 900 ἀκτῖνες

2329 920 2494 972 αὑτοῦ
2514 920 2606 973 τοῦ
2625 922 2726 989 τῆς
2751 919 3098 990 δικαιοσύνης
3129 919 3338 984 Ἠλίου,
3354 923 3475 984 ταῖς
3498 920 3600 990 μὲν
3620 919 3890 990 θεωρικαῖς

2327 1011 2430 1080 τῆς
2465 1011 2646 1081 ψυχῆς
2673 1011 2939 1081 δυνάμεσι
2980 1012 3039 1065 τὸ
3063 1013 3130 1066 τὰ
3159 1013 3288 1065 ὅντα
3317 1015 3450 1084 ὀρᾷν
3484 1012 3562 1074 ὡς
3607 1012 3783 1082 ἔχουσι
3807 1014 3892 1082 9'3-

2331 1119 2466 1165 σεως
2492 1117 2504 1128 ·
2537 1103 2721 1165 αὑτοῖς
2747 1102 2804 1155 δέ
2838 1104 2952 1166 τοῖς
3001 1099 3121 1156 οὖσι
3152 1103 3212 1156 τὸ
3241 1103 3414 1166 οὕτως
3456 1102 3689 1173 ὁρᾶσθαι
3716 1104 3891 1172 διαφυ-

2328 1193 2600 1255 λάττουσι,
2628 1194 2721 1246 καὶ
2753 1193 2828 1264 μὴ
2869 1193 2990 1247 κατ’
3023 1194 3276 1263 αἴσθησιν
3316 1198 3379 1264 τῇ
3407 1195 3516 1247 τῶν
3546 1195 3758 1264 ὁρατῶν
3789 1199 3894 1249 ἐπι-

2330 1285 2528 1356 φανείᾳ
2555 1285 2956 1355 ἐναπομένουσι
2983 1286 3084 1355 τὴν
3111 1289 3313 1354 γνῶσιν
3339 1286 3441 1356 τῆς
3467 1286 3747 1356 ἀληθείας.

2400 1376 2675 1438 Φαυλίζει
2731 1377 2802 1430 δὲ
2832 1379 3058 1446 λόγους
3105 1377 3473 1448 παράνομος.
3525 1379 3806 1433 Διαὸάὶλει
3846 1381 3895 1435 δέ

2329 1473 2456 1534 τοὺς
2497 1471 2595 1540 τῆς
2628 1472 2890 1540 Προνοίας
2932 1470 3124 1538 λόγους
3162 1474 3190 1524 ὁ
3234 1471 3329 1534 τὰς
3374 1471 3470 1524 τοῦ
3517 1472 3654 1524 Θεοῦ
3695 1473 3894 1536 ἐντολὰς

2330 1563 2708 1633 παραϐαίνων,
2748 1564 2950 1617 ὁπόταν
2991 1562 3089 1633 μὲν
3123 1563 3229 1616 τῶν
3260 1564 3430 1633 ἡδέων
3469 1564 3542 1636 μὴ
3576 1566 3896 1636 ἐγκρατεύη-

2329 1673 2441 1719 ται,
2477 1655 2698 1726 βαρείας
2730 1657 2824 1708 καὶ
2853 1653 3329 1725 δυσκατορθώτους
3361 1655 3654 1709 ἀποκαλῶν
3685 1657 3779 1720 τάς
3802 1675 3894 1710 σω·

2329 1746 2613 1817 τηριὼδεις
2644 1747 2736 1800 τού
2763 1746 2898 1799 Θεοῦ
2939 1747 3160 1809 ἐντολάς
3184 1762 3198 1775 ·
3245 1747 3342 1799 καὶ
3387 1748 3485 1817 οὑχ
3528 1747 3744 1811 ἑαυτὸν,
3777 1749 3898 1802 ἀλλὰ

645 1852 844 1912 potest,
874 1838 1151 1907 seinjuste
1185 1831 1294 1905 pati
1324 1830 1478 1896 dicit,
1499 1845 1610 1884 non
1637 1831 1908 1900 seipsum,
1929 1828 2022 1883 sed
2057 1826 2224 1882 Deum

2337 1814 2462 1892 Bs6v
2501 1839 2848 1910 αἰτιώμενος.

646 1946 939 1988 accusans.

717 2025 881 2078 Vens.
916 2023 1003 2077 15.
1031 2021 1442 2076 Excusationem
1475 2016 1719 2085 oﬁ‘ert,et
1754 2013 1882 2066 dicit
1913 2013 2099 2081 piger:
2125 2010 2229 2066 Leo

644 2117 705 2168 in
738 2117 854 2168 uiis.
890 2115 996 2180 Qui
1028 2113 1312 2182 negligens
1341 2118 1426 2166 est
1481 2109 1548 2162 ad
1602 2105 1975 2174 operationem
2045 2111 2101 2157 et
2163 2103 2228 2156 ad

647 2202 1090 2262 meditationem,
1124 2199 1518 2254 excusationes
1547 2207 1813 2249 causatur
1846 2194 2039 2246 dicens
2073 2208 2086 2243 :
2124 2191 2232 2246 lm-

646 2292 797 2361 pedit
841 2292 1094 2344 ardorem
1149 2303 1330 2343 meum
1375 2287 1442 2341 ad
1489 2284 1746 2338 mandata
1807 2282 1900 2336 Dei
1958 2282 2231 2352 implenda

650 2383 844 2448 Satan,
881 2383 948 2435 iis
976 2381 1340 2447 adversando,
1367 2388 1421 2435 et
1448 2378 1592 2434 sicut
1616 2377 1700 2431 leo
1717 2391 1970 2446 quaerens
1993 2375 2230 2428 animam

649 2489 824 2528 Illealll
851 2488 908 2526 νει
918 2488 1064 2542 pere.

722 2567 791 2620 Et
815 2566 869 2618 in
893 2565 1080 2633 pluteis
1109 2564 1316 2618 sicarii.
1361 2561 1425 2616 Et
1476 2563 1530 2616 in
1555 2561 1847 2616 latitudine
1883 2558 2234 2629 corruptrice

653 2659 926 2715 naturalis
960 2657 1260 2713 visibilium
1295 2655 1805 2725 contemplationis,
1833 2653 1983 2723 pravi
2003 2651 2234 2722 spiritus

653 2752 1052 2806 latrocinantes
1073 2764 1136 2804 ea
1169 2758 1405 2803 mentem
1431 2763 1606 2801 meam
1638 2746 1692 2800 in
1715 2747 1972 2798 tet-iniere
2024 2757 2234 2796 conan-

653 2849 767 2906 tur,
799 2856 894 2912 per
937 2838 1200 2896 sensuum
1233 2852 1477 2893 errorem
1503 2835 1571 2890 ad
1603 2833 1930 2906 ignorantiae
1982 2831 2236 2887 tenebras

655 2935 801 2989 Illam
833 2936 1140 2989 trahentes.

725 3109 895 3165 Vens.
966 3109 1054 3164 ιι.
1089 3105 1266 3161 Faveo
1289 3103 1579 3175 profunda,
1637 3119 1695 3157 os
1727 3103 1916 3172 iniqui.
1986 3098 2233 3154 Consilia

654 3201 945 3265 daemonis,
980 3199 1072 3269 qui
1101 3199 1202 3251 [ine
1233 3213 1342 3266 quo
1370 3203 1588 3249 creatus
1622 3201 1704 3248 est
1745 3192 1948 3247 excidit
1980 3205 2035 3246 et
2061 3206 2090 3243 a
2126 3189 2234 3244 Deo

654 3294 878 3358 deiecit,
941 3292 1112 3347 fovea:
1163 3288 1613 3360 profundissimze
1661 3286 1862 3340 similia
1919 3292 2072 3340 sunt.
2131 3283 2233 3351 Qui

655 3385 806 3440 cadit
824 3385 879 3438 in
899 3397 983 3447 ea,
1017 3383 1072 3436 iu
1093 3385 1234 3436 viam
1266 3379 1489 3434 virtutis
1508 3392 1620 3432 non
1645 3386 1848 3432 curret.

731 3647 832 3705 Cui
851 3647 1022 3701 iratus
1080 3653 1158 3700 est
1206 3643 1482 3706 Dominus,
1523 3640 1718 3695 incidet
1748 3642 1805 3694 in
1854 3657 1991 3696 eam.
2038 3641 2240 3697 Incidit

659 3751 844 3797 autem
873 3741 926 3795 in
958 3753 1020 3795 ea
1054 3737 1144 3792 ille
1180 3751 1345 3806 quem
1376 3734 1520 3790 Deus
1567 3736 1822 3805 repellit,
1857 3741 2045 3803 utpote
2087 3749 2239 3788 man-

661 3835 806 3890 datis
833 3835 953 3902 ejus
1015 3830 1296 3885 contraria
1363 3838 1800 3898 prmponeutem.
1871 3829 2016 3882 Sinit
2085 3828 2236 3882 illum

664 3926 811 3979 Deus
841 3931 1038 3991 suopte
1071 3929 1220 3974 motu
1246 3921 1300 3972 iu
1333 3917 1543 3972 foveam
1582 3919 1792 3988 peccati
1844 3919 2042 3972 cadere
2058 3919 2240 3986 etipsa

663 4015 880 4068 discere
909 4010 1248 4080 experientia
1275 4017 1543 4078 quantum
1590 4009 1661 4061 sit
1722 4009 1926 4062 malum
1991 4007 2241 4062 diilidet'e

666 4104 780 4159 Deo
829 4119 1010 4156 rerum
1053 4104 1298 4155 omnium
1351 4101 1717 4169 gubernatore
1749 4107 1803 4154 et
1848 4100 2069 4154 inimico
2106 4100 2240 4155 obe-

664 4200 820 4263 dire,
845 4207 902 4251 ut
932 4196 1128 4250 exinde
1160 4195 1332 4249 discat
1366 4193 1536 4248 Deum
1593 4195 1852 4248 invocare
1886 4204 1944 4246 ιιι
1999 4196 2238 4248 auxilia-

664 4291 858 4345 tricem
896 4289 945 4342 ci
990 4301 1210 4340 manum
1248 4285 1491 4356 porrigat
1547 4301 1786 4356 cumque
1823 4286 2066 4340 retrahat
2106 4304 2137 4342 e
2169 4286 2244 4342 fo-

667 4396 767 4434 vea
797 4378 1144 4452 perditionis.

737 4573 872 4630 Sunt
923 4573 1017 4627 via:
1075 4572 1231 4626 mala:
1261 4589 1440 4626 coram
1464 4573 1598 4639 viro,
1626 4582 1677 4627 et
1705 4589 1806 4626 non
1863 4582 2010 4627 amat
2060 4577 2246 4628 reverti

666 4670 735 4719 ab
787 4668 889 4719 eis.
938 4665 1183 4718 Avertere
1215 4675 1390 4718 autem
1419 4681 1473 4718 se
1495 4674 1698 4734 oportet
1731 4684 1763 4718 a
1791 4667 1873 4719 via
1903 4683 2147 4735 perversa
2199 4678 2244 4722 et

665 4759 834 4811 mula.
871 4757 1132 4813 Ilomiues
1161 4759 1389 4827 quidam
1412 4760 1596 4812 sciunt
1635 4774 1696 4814 se
1723 4760 2092 4830 cogitationes
2145 4761 2246 4813 ha-

671 4853 801 4907 bere
819 4850 886 4903 ad
907 4852 1107 4904 malum
1139 4852 1492 4915 inducentes,
1535 4861 1591 4907 et
1625 4867 1733 4906 non
1766 4859 1972 4914 amant,
2001 4851 2134 4906 heul
2158 4853 2246 4906 isti

669 4954 908 5000 mentem
951 4960 1104 5000 suam
1141 4959 1170 4998 a
1199 4945 1342 5000 malo
1383 4946 1450 4999 ad
1477 4945 1678 5000 bonum
1738 4954 2084 5000 convertere.
2144 4944 2250 5000 Ne—

667 5052 829 5091 cesse
850 5047 1030 5089 autem
1060 5044 1144 5090 est
1175 5035 1448 5089 divertere
1483 5051 1511 5088 a
1550 5037 1774 5090 virtutis
1819 5037 2061 5102 defectu,
2109 5045 2163 5090 et
2219 5054 2249 5090 a

673 5127 761 5180 via
779 5128 940 5180 nimis
963 5125 1182 5195 quidem
1221 5140 1252 5176 a
1291 5125 1492 5180 virtute
1522 5126 1814 5191 declinata,
1851 5128 1904 5181 in
1946 5128 2250 5198 pracipitia

667 5229 853 5276 autem
887 5219 1127 5276 ducente
1159 5233 1224 5274 ac
1261 5218 1316 5273 in
1348 5219 1608 5274 baratltra
1645 5220 1889 5276 malitiae.

744 5509 913 5566 Vens.
959 5511 1044 5566 15.
1090 5511 1338 5566 Stultitia
1369 5511 1623 5582 colligata
1657 5511 1822 5565 estin
1867 5509 2024 5565 corde
2082 5513 2250 5580 pueri.

675 5602 990 5674 lnsipietttia
1027 5606 1229 5671 pendet
1258 5621 1288 5659 a
1315 5605 1482 5660 corde
1515 5605 1635 5674 ejus
1679 5605 1770 5673 qui
1826 5611 1984 5658 atate
2024 5603 2254 5674 juvene-

673 5695 800 5754 scit.

752 5789 911 5859 Virga
938 5799 1108 5844 autem
1140 5799 1186 5842 et
1219 5790 1504 5859 disciplina
1557 5789 1706 5859 longe
1739 5786 1804 5843 ab
1859 5804 1940 5844 eo.
1968 5788 2247 5860 Redargu-

2388 2014 2494 2086 ιγ’.
2530 2011 2960 2084 Προφασίζεται
2992 2012 3088 2065 καί
3116 2010 3281 2080 λέγει
3315 2011 3572 2080 ὀκνηρός
3603 2029 3617 2043 ·
3648 2011 3810 2066 Λέων
3838 2014 3898 2067 ἐν

2328 2109 2458 2172 ταῖς
2488 2107 2671 2173 ὁδοῖς.
2718 2107 2776 2158 Ὀ
2829 2106 2963 2176 πρὸς
3014 2104 3215 2176 πρᾶξιν
3263 2106 3357 2157 καὶ
3406 2103 3642 2175 θεωρίαν
3675 2106 3898 2176 ῥᾴθυμος

2330 2199 2695 2272 προϐάλλεται
2735 2197 2991 2268 ἀφορμὰς
3015 2237 3029 2260 ,
3087 2195 3286 2248 οὑτωσὶ
3310 2195 3510 2262 λέγων’
3552 2197 3765 2249 Κωλύει
3810 2217 3898 2266 μου

2327 2295 2388 2348 τὸ
2419 2293 2703 2365 πρόθυμον
2731 2292 2832 2361 τῆς
2883 2294 2940 2343 ἐν
2983 2293 3102 2354 ταῖς
3139 2290 3380 2351 ἐντολαῖς
3430 2289 3568 2359 πρὸς
3609 2290 3744 2342 Θεὸν
3776 2293 3900 2344 κατὰ

2330 2385 2532 2457 πρᾶξιν
2561 2385 2812 2455 πορείας,
2843 2381 3198 2454 παρεδρεύων
3229 2381 3474 2444 ταύταις,
3516 2383 3546 2433 6
3573 2382 3734 2452 δίκην
3772 2383 3902 2436 λέον-

2330 2489 2422 2534 τος
2453 2470 2632 2540 ζητῶν
2662 2468 2910 2542 άρπάσὶι
2945 2487 3047 2540 μου
3074 2469 3170 2540 τὴν
3203 2469 3381 2540 ψυχὴν
3413 2470 3613 2524 Σατᾶν.

2413 2565 2517 2617 Ἐν
2579 2563 2648 2615 δὲ
2676 2561 2807 2627 ταῖς
2862 2562 3180 2628 πλατείαις
3222 2565 3535 2631 parentat.
3600 2565 3716 2618 Καὶ
3745 2567 3800 2617 ἐν
3838 2567 3903 2637 τῷ

2332 2656 2475 2709 κατά
2496 2657 2593 2723 τὴν
2623 2654 2927 2726 διαφθορὰν
2955 2654 3148 2709 πλάτει
3175 2651 3280 2724 τῆς
3302 2657 3544 2725 φυσικῆς
3568 2657 3680 2709 τῶν
3711 2659 3901 2730 ὁρατῶν

2333 2748 2590 2819 θεωρίας,
2649 2745 2984 2820 λῃστεύοντα
3021 2749 3087 2801 τὰ
3135 2750 3227 2802 ὑπ’
3264 2750 3445 2803 αὑτῶν
3490 2751 3591 2820 τῆς
3656 2755 3905 2824 πονηρίας

2333 2839 2646 2910 πνεύματα,
2687 2840 2930 2909 ἀναιρεῖν
2967 2855 3068 2908 μου
3111 2839 3453 2911 ἐπιχειροῦσι
3499 2840 3592 2893 τὸν
3641 2842 3788 2904 νοῦν,
3830 2843 3905 2895 διὰ

2334 2933 2432 3002 τῆς
2454 2934 2576 2984 κατ’
2605 2931 2862 3001 αἴσθησιν
2891 2931 3123 3001 πλάνης,
3144 2932 3278 3002 πρὸς
3307 2931 3468 3001 ζόφον
3490 2933 3719 3000 ἀγνοίας
3737 2935 3906 2988 τοῦτον

2338 3023 2635 3076 σπεύδοντα
2661 3024 2974 3092 κατασπᾷν.

2410 3115 2490 3170 ιδ’.
2527 3116 2754 3183 Βόθρος
2785 3115 3008 3182 βαθὺς,
3041 3116 3236 3184 στόμα
3269 3117 3645 3185 παρανόμου.
3680 3117 3789 3172 Τοῦ
3822 3138 3909 3174 πα-

2341 3207 2603 3278 ραϐάντος
2650 3207 2904 3278 δαίμονος
2953 3207 3043 3259 τὸν
3095 3207 3253 3275 λόγον
3290 3209 3410 3260 καθ’
3469 3209 3528 3261 ὃν
3563 3209 3781 3278 γέγονε,
3829 3214 3908 3264 καὶ

2337 3299 2471 3352 Θεοῦ
2525 3298 2902 3362 ἀποστάντος,
2955 3300 3009 3351 αἱ
3057 3299 3330 3369 ὑποθῆκαι
3385 3299 3577 3371 λάκκῳ
3638 3302 3907 3375 βαθυτάτῳ

2337 3393 2580 3447 ἐοίκασιν
2600 3411 2613 3424 ο
2645 3393 2727 3446 ὅτι
2764 3393 2793 3444 6
2821 3391 3046 3453 ταύταις
3073 3392 3194 3444 κατ’
3227 3393 3512 3461 ἐνέργειαν
3552 3397 3906 3466 περιπίπτων,

2337 3483 2430 3536 τοῦ
2481 3486 2601 3536 κατ’
2639 3483 2922 3554 ἐνέργειαν
2973 3484 3360 3554 περιπίπτων,
3410 3487 3504 3538 τοῦ
3552 3487 3675 3541 κατ’
3724 3491 3907 3562 ἀρετὴν

2339 3576 2574 3629 παύεται
2609 3577 2844 3647 δρόμου.

2419 3666 2484 3722 Ὀ
2537 3669 2605 3722 δὲ
2645 3670 2932 3738 μισηθείς
2977 3670 3099 3726 ὑπὸ
3145 3672 3389 3740 Kvplov,
3435 3672 3785 3744 ἐμπεσεῖται
3832 3679 3906 3741 είς

2339 3761 2543 3815 αὐτόν.
2581 3762 2910 3830 Περιπίπτει
2941 3761 2984 3814 δ’
3011 3762 3226 3825 αὑταῖς,
3249 3763 3308 3815 ὃν
3328 3763 3461 3827 Θεὸς
3481 3766 3904 3837 ἀποστρέφεταν

2340 3853 2416 3917 ὡς
2438 3853 2507 3905 τὰ
2539 3854 2760 3906 ἐναντία
2804 3856 2930 3916 ταῖς
2960 3855 3202 3915 ἐντολαῖς
3235 3853 3399 3907 αὑτοῦ
3450 3859 3904 3928 προαιρούμενον·

2341 3946 2846 4016 ἐγκαταλιμπάνων
2870 3947 2960 3999 τὸν
2982 3947 3224 4000 τοιοῦτον
3261 3948 3339 4010 είς
3368 3948 3458 4002 τὸν
3491 3951 3615 4002 κατ’
3646 3952 3906 4023 ἐνέργειαν

2341 4039 2438 4106 τῆς
2462 4037 2738 4108 ἁμαρτίας
2773 4039 3038 4105 ἐμπεσεῖν
3081 4037 3331 4107 βόθυνον
3366 4039 3463 4092 καὶ
3502 4040 3702 4110 μαθεῖν
3728 4046 3791 4095 ἐκ
3822 4042 3908 4109 τῆς

2343 4132 2538 4201 πείρας
2565 4129 2733 4199 αὑτῆς
2774 4124 2886 4182 οἷόν
2915 4133 3029 4183 ἐστι
3066 4130 3236 4183 κακὴν
3270 4129 3329 4183 τὸ
3362 4133 3618 4185 ἀπιστεῖν
3647 4133 3796 4203 αὑτῷ
3825 4152 3909 4201 κη-

2341 4222 2525 4292 δεμόνι
2562 4221 2781 4274 πάντων
2813 4222 3134 4292 ὑπάρχοντι,
3173 4223 3265 4275 καὶ
3295 4221 3586 4277 πείθεσθαι
3614 4225 3696 4295 τῷ
3726 4225 3905 4296 ἐχθρῷ,

2343 4312 2637 4367 κάντεῦθεν
2670 4313 3102 4367 ἐπικαλέσασθαι
3145 4314 3354 4378 τοῦτον,
3395 4313 3536 4368 ὥστε
3582 4319 3749 4390 χεῖρα
3805 4317 3909 4387 βοη·

2343 4407 2493 4470 θείας
2529 4406 2715 4479 ὀρέξαι
2761 4407 2933 4479 αὐτῷ,
2968 4408 3066 4461 καὶ
3099 4407 3195 4462 τοῦ
3236 4409 3336 4479 τῆς
3371 4409 3657 4475 ἀπωλείας
3701 4411 3907 4482 βοθύνου

2351 4497 2660 4565 ἐξαγαγεῖν.

2422 4591 2597 4645 Εἰσὶν
2651 4590 2780 4645 ὁδοὶ
2836 4591 3014 4644 κακαί
3068 4591 3326 4646 ἐνώπιον
3376 4593 3634 4663 ἀνδρὸς,
3670 4596 3769 4649 καί
3814 4598 3907 4650 οὐκ

2347 4683 2550 4752 ἀγαπᾷ
2569 4685 2677 4739 τοῦ
2699 4685 3080 4753 ἀποστρέψαι
3119 4685 3218 4738 ἀπ’
3249 4685 3448 4738 αὐτῶν
3466 4703 3482 4718 ·
3519 4689 3909 4759 ἀποστρέφειν

2347 4779 2418 4833 δὲ
2439 4779 2538 4833 δεῖ
2568 4779 2685 4832 ἀπὸ
2727 4777 2872 4832 ὀδοῦ
2906 4776 3165 4844 σκολιᾶς
3201 4777 3300 4830 καὶ
3341 4778 3557 4846 κακῆς.
3592 4780 3908 4852 ’Υπάρχουσι

2350 4862 2695 4940 διαλογισμοὶ
2729 4868 3024 4940 ἀνθρώπου
3057 4871 3222 4933 τινὸς,
3256 4873 3337 4934 εἰς
3369 4871 3600 4940 πράξεις
3631 4874 3830 4937 κακίας
3864 4877 3909 4926 ἐν

2351 4962 2550 5030 γνώσει
2573 4959 2739 5013 αὑτοῦ
2763 4962 3044 5029 φέροντες,
3065 4963 3158 5012 καὶ
3187 4961 3286 5012 οὑκ
3311 4962 3430 5030 ἐρᾷ,
3466 4961 3600 5029 φεῦί
3632 4964 3661 5015 6
3690 4963 3909 5023 τοιοῦτος

2352 5053 2444 5107 τοῦ
2482 5052 2812 5122 ἐπιστρέψαι
2854 5051 2954 5122 τὴν
3007 5052 3249 5106 διάνοιαν
3286 5055 3449 5107 αὑτοῦ
3480 5056 3589 5108 ἀπὸ
3629 5057 3727 5109 τοῦ
3759 5055 3907 5110 κακοῦ

2353 5147 2490 5216 πρὸς
2523 5146 2582 5198 τὸ
2611 5145 2814 5213 ἀγαθόν
2837 5163 2848 5176 ·
2881 5145 3001 5198 δέον
3034 5145 3091 5198 δέ
3143 5148 3293 5199 ἐστιν
3331 5146 3687 5217 ἐπιστρέφειν
3730 5149 3794 5200 ἐκ
3829 5147 3907 5215 τῆς

2354 5237 2476 5292 κατ’
2506 5236 2740 5304 ἔλλειψιν
2771 5235 2873 5304 τῆς
2923 5237 3126 5307 ἀρετῆς
3164 5239 3260 5289 καὶ
3307 5237 3620 5310 ὑπερϐολὴν
3655 5255 3906 5310 παρεγκε-

2354 5329 2617 5398 κλιμὲνης
2647 5328 2745 5396 μὲν
2773 5327 2884 5379 ἀπὸ
2907 5326 3003 5379 τοῦ
3036 5325 3247 5394 ἀγαθοῦ
3282 5328 3527 5397 πορείας,
3545 5331 3629 5391 είς
3653 5328 3906 5400 κρημνοὺς

2353 5423 2412 5476 δὲ
2443 5419 2644 5482 κακίας
2677 5419 2954 5489 φερούσης
2994 5421 3088 5472 καὶ
3125 5419 3397 5490 βάραθρα.

2427 5519 2507 5564 ιε’.
2552 5512 2752 5564 "Arata
2797 5509 3053 5576 ἐξῆπται
3101 5509 3352 5578 καρδίαν
3403 5509 3566 5566 νέου.
3625 5510 3906 5582 Ἀφροσύνη

2357 5604 2651 5675 ἐξήρτηται
2685 5602 2785 5671 τῆς
2824 5601 3006 5674 ψυχῆς
3053 5601 3146 5656 τοῦ
3179 5603 3259 5657 ἔτι
3303 5603 3424 5658 καθ’
3456 5603 3674 5676 ἡλικίαν
3711 5603 3905 5662 νεάζονο

2355 5717 2467 5764 τος.

2441 5790 2685 5859 Ῥτίόδος
2719 5792 2785 5845 δὲ
2825 5791 2924 5847 καί
2964 5788 3206 5844 παιδεία
3237 5790 3474 5860 μακρὰν
3505 5791 3608 5846 ἀπ’
3628 5788 3829 5844 αὐτοῦ.
3851 5787 3902 5840 οι
