4054 6494
183 357 324 421 1445

1203 354 1739 415 COMMENTARII
1779 354 1860 413 IN
1894 354 2351 420 PROVERBIA.

176 465 235 517 δὲ
278 466 606 537 πλήττοντες
640 461 833 517 τοῦτον
882 461 1040 534 δίκην
1080 462 1280 533 ράὸδου
1322 462 1632 530 ὲλεγκτικοὶ
1684 462 1769 515 λό-

1877 462 2017 516 toria
2045 468 2210 518 verba
2234 482 2354 535 quae
2376 467 2521 521 sicut
2555 468 2703 539 virga
2730 471 3049 541 percutiunt
3085 472 3180 527 illu
3208 491 3260 539 u,
3300 485 3354 529 et
3391 476 3458 527 ad

178 576 293 626 γοι,
326 560 419 611 καὶ
443 560 492 611 οἱ
524 556 661 627 πρὸς
687 557 747 608 τὸ
774 556 891 609 δέον
919 556 1228 623 ἐνάγοντες,
1264 553 1454 625 πόρρω
1478 555 1572 607 ἀπ’
1607 554 1771 609 αὐτοῦ

177 650 610 714 ἀπελαύνονται,
675 649 753 720 μὴ
806 646 1255 720 παραδεχομένου
1294 648 1624 718 τοπαράπαν
1679 649 1775 703 αὐ-

178 747 336 810 τοὺς,
369 745 460 798 διὰ
490 746 551 799 τὸ
580 747 678 816 τὴν
717 744 957 799 διάνοιαν
996 743 1161 797 αὑτοῦ
1186 740 1465 813 ἐπιμελῶς
1490 744 1772 812 ἐγκεῖσθαι

178 841 296 901 τοῖς
328 841 610 909 πονηροῖς.
939 827 954 843 ’

255 938 355 996 ις’.
417 930 480 984 '0
522 929 928 999 συκοφαντῶν
965 928 1218 999 πένητα,
1266 928 1469 985 πολλὰ
1508 926 1671 982 ποιεῖ
1700 928 1773 984 τὰ

177 1016 408 1071 ἑαυτοῦ
438 1016 614 1073 κακά.
658 1018 717 1070 ’0
748 1016 959 1084 ψευδῶς
986 1018 1161 1087 λέγων
1184 1020 1331 1074 κατά
1360 1037 1502 1084 τινος
1534 1017 1771 1089 πενομέ-

178 1127 296 1175 νου,
329 1110 431 1181 τὴν
464 1110 564 1180 μὲν
593 1111 789 1163 ἑαυτοῦ
820 1112 1021 1165 κακίαν
1050 1110 1203 1179 αὔξει
1231 1113 1325 1165 ἐπὶ
1357 1112 1514 1167 πολύ.

252 1201 469 1255 Δίδωσι
500 1200 569 1254 δὲ
608 1204 887 1269 πλουσίῳ
915 1203 1009 1256 ἐπ’
1043 1203 1363 1259 ἐλάσσονι.
1388 1208 1506 1259 Ἐπ’
1549 1208 1768 1263 ἔλαττον

182 1295 241 1346 δὲ
274 1294 373 1365 τὴν
403 1294 493 1348 τοῦ
533 1294 818 1359 πλουσίου,
852 1296 991 1366 πρὸς
1019 1296 1077 1349 ὃν
1110 1300 1341 1351 κατεῖπε
1376 1299 1471 1355 τοῦ
1497 1300 1731 1373 πένητος
1752 1319 1765 1333 ⁶

178 1387 265 1439 ὃτι
303 1387 464 1450 αὐτὸς
490 1388 585 1440 καὶ
617 1387 717 1457 τῆς
747 1387 941 1441 τούτου
971 1389 1180 1461 βλάϐης
1214 1391 1387 1455 αἴτιος
1429 1394 1660 1462 γίνεται.

260 1478 345 1543 ιζ’.
388 1482 602 1549 Λόγοις
637 1480 846 1549 σοφῶν
875 1481 1185 1550 παράϐαλε
1218 1484 1336 1537 σὸν
1365 1481 1494 1551 οὖς.
1527 1487 1661 1551 Ταῖς
1692 1488 1769 1541 δι-

178 1572 501 1636 δασκαλίαις
532 1572 640 1625 τῶν
682 1574 826 1627 Θείου
861 1574 1021 1644 λόγου
1088 1576 1514 1647 μετειληφότων,
1564 1581 1657 1632 καὶ
1700 1580 1766 1634 τὰ

182 1664 309 1716 θεῖα
332 1663 906 1734 φρονούντων,ύπόθες
934 1664 1032 1736 τὴν
1069 1667 1167 1736 σὴν
1204 1666 1401 1736 ἀκοὴν,
1438 1668 1767 1740 ἑτεροδόξυις

179 1755 322 1817 ὅλως
363 1756 439 1825 μὴ
469 1754 783 1810 ὑπακούων.

1875 570 1938 609 ea
1985 572 2107 625 quae
2159 557 2345 615 facere
2394 569 2615 631 oportet
2643 562 2936 630 inducunt,
2975 566 3135 636 longe
3166 566 3236 621 ab
3270 584 3335 621 eo
3360 582 3459 623 ex-

1876 649 2176 717 pelluntur.
2215 649 2340 706 Haec
2364 654 2591 708 omnino
2616 656 2819 725 rejicit,
2874 659 3006 729 quia
3044 660 3225 715 omnis
3248 660 3456 728 cogita-

1876 748 1951 792 tio
1987 740 2111 806 ejus
2132 740 2200 794 ad
2231 742 2438 796 malum
2478 743 2711 800 intenta.

1948 915 2113 973 Vsus.
2144 919 2229 973 i6.
2257 919 2361 986 Qui
2386 922 2754 978 calumniatur
2779 941 3058 995 pauperem
3111 928 3279 981 multa
3320 927 3453 996 facit

1872 1024 1971 1062 sua
2003 1011 2168 1065 mala.
2207 1011 2311 1079 Qui
2367 1016 2711 1071 mendaciter
2773 1019 2842 1074 de
2906 1034 3149 1090 paupere
3182 1024 3450 1091 loquitur,

1873 1103 2103 1157 multum
2131 1120 2286 1159 suam
2313 1116 2474 1177 auget
2505 1110 2793 1165 malitiam.

1940 1195 2104 1250 Dabit
2151 1196 2263 1266 ipse
2316 1199 2527 1265 ditiori,
2577 1213 2625 1255 et
2660 1203 2850 1272 egebit.
2907 1205 2986 1260 Ad
3024 1207 3206 1263 minus
3263 1217 3447 1265 autem

1872 1298 2033 1357 auget
2061 1290 2199 1343 mala
2241 1291 2434 1347 divitis
2467 1296 2608 1363 apud
2671 1312 2833 1364 quem
2901 1300 3263 1356 calumniatur
3315 1319 3451 1373 pau-

1870 1395 2091 1450 perem;
2122 1385 2250 1452 quia
2282 1388 2395 1452 ipse
2423 1385 2541 1453 ejus
2575 1386 2761 1439 damni
2801 1388 2858 1441 lit
2888 1404 3077 1445 causa.

1949 1473 2108 1529 Vens.
2136 1477 2221 1530 17.
2259 1476 2603 1532 Sermonibus
2644 1481 2962 1548 sapientium
3014 1485 3212 1536 inclina
3266 1502 3448 1539 aurem

1871 1574 2037 1620 (illim.
2070 1566 2350 1623 Doctrinis
2371 1586 2560 1625 eorum
2591 1572 2684 1641 qui
2721 1572 2921 1627 divini.
2954 1572 3118 1631 Verbi
3156 1579 3448 1647 participes

1872 1659 2030 1723 liunt,
2079 1670 2133 1713 et
2182 1660 2366 1715 divina
2420 1664 2686 1729 sentiunt,
2722 1666 2955 1723 admove
3015 1683 3201 1721 aurem
3272 1677 3444 1734 luant,

1869 1751 2085 1805 ueteris
2117 1762 2295 1806 autem
2331 1770 2399 1808 ne
2428 1770 2643 1824 pareas.

253 1848 361 1901 Kal
403 1848 586 1900 ἄκουε
619 1846 779 1916 ἐμῶν
805 1849 1025 1918 λόγων.
1059 1851 1373 1906 Κὰντεῦθεν
1417 1852 1585 1923 αὐτῆς
1630 1852 1765 1923 ἐμοῦ

1949 1842 2011 1895 Ει
2038 1844 2163 1897 audi
2184 1862 2322 1899 nicas
2348 1864 2633 1902 sermones.
2668 1850 2735 1903 Et
2755 1850 2953 1907 exinde
2977 1853 3265 1924 sapientia:
3298 1868 3448 1909 meos

178 1942 281 2009 τῆς
320 1940 514 2008 σοφίας
540 1940 797 2005 ἑνωτίζου
830 1942 957 2005 τοὺς
985 1942 1205 2011 λόγουςο
1235 1943 1324 1998 διὰ
1356 1945 1536 2015 μέσων
1564 1944 1672 1999 τῶν
1698 1946 1765 1998 τὰ

182 2033 291 2101 ἐμὰ
322 2032 695 2102 μεμυημένων
729 2035 1027 2105 μυστήρια.

258 2125 379 2192 Τὴν
413 2124 481 2177 δὲ
510 2124 630 2193 σὴν
662 2125 918 2194 καρδίαν
948 2127 1309 2196 ἐπίστησον,
1333 2130 1434 2183 ἵνα
1475 2128 1630 2200 γνῷς
1675 2131 1764 2184 ὅτι

181 2216 363 2269 καλοί
393 2218 534 2270 εισι.
566 2216 723 2270 Κατὰ
764 2217 821 2269 δὲ
860 2218 956 2290 τὴν
986 2218 1229 2273 διάνοιάν
1261 2237 1355 2273 σου
1394 2220 1657 2292 πρόσχες,
1689 2220 1765 2284 ὡς

179 2310 247 2363 ἂν
277 2310 595 2382 καταλάϐῃς
626 2310 710 2362 ὃτι
733 2310 872 2363 εἰσὶν
910 2311 1127 2379 ἀγαθοί.

255 2408 351 2473 ιη’.
395 2402 501 2456 Καὶ
549 2402 659 2456 ἐὰν
693 2402 960 2472 ἐμϐάλῃς
993 2403 1189 2473 αὐτὴν
1231 2406 1319 2471 εἰς
1359 2405 1475 2473 τὴν
1515 2405 1767 2474 καρδίαν

180 2511 322 2558 σου,
356 2493 733 2563 εὐφρανοῦσι
766 2511 839 2547 σε
881 2494 1003 2565 ἅμα
1036 2496 1132 2549 ἐπὶ
1169 2497 1305 2563 σοῖς
1334 2499 1625 2567 χείλεσιν.
1658 2500 1764 2551 Καὶ

182 2588 282 2640 ὲὰν
312 2587 616 2659 εἰσαγάγῃς
640 2585 865 2650 τούτους
897 2589 975 2650 είς
1007 2588 1107 2660 τὴν
1135 2588 1317 2661 ψυχήν
1349 2606 1441 2643 σου
1460 2629 1474 2653 ,
1506 2592 1765 2661 γενήσον-

180 2679 272 2733 ταί
300 2696 395 2732 σου
419 2681 593 2750 χαρᾶς
630 2684 1009 2752 πνευματικῆς
1051 2683 1302 2753 πρόξενοι
1326 2699 1340 2713 ⁸
1390 2683 1509 2753 ἅμα
1540 2687 1608 2755 τῇ
1643 2686 1763 2739 δια-

181 2772 303 2844 νοίᾳ
332 2790 425 2826 σου
458 2774 629 2826 ἐνίοτε
659 2774 1084 2843 περιφερόμενοι
1108 2777 1335 2838 καὶτοῖς
1364 2776 1601 2845 χείλεσιν
1621 2792 1633 2806 ·
1655 2777 1765 2829 εἴτε

182 2865 318 2920 Θεὸν
346 2866 433 2919 διὰ
461 2865 665 2919 τούτων
692 2865 1117 2937 ὑμνολογοῦντός
1148 2884 1263 2934 σου,
1311 2867 1409 2920 εἶτ’
1441 2866 1764 2939 ἀνθρώπους

181 2959 533 3023 διδάσκοντος
562 2959 631 3011 τὰ
660 2959 1004 3014 συνοίσοντα.

259 3052 345 3106 ιϐ’.
397 3054 530 3105 Ἵνα
577 3066 694 3104 σου
742 3049 985 3120 γένηται
1040 3050 1140 3104 ἐπὶ
1194 3051 1417 3119 Κύριον
1462 3050 1499 3119 ὴ
1567 3051 1761 3117 ἐλπίς.

184 3144 377 3207 Ὅπως
406 3142 626 3217 ὑπάρξῃ
661 3160 755 3195 σου
779 3143 981 3212 πᾶσαὴ
1012 3140 1167 3203 ὲλπὶς
1196 3142 1289 3195 ἐπὶ
1315 3144 1407 3195 τὸν
1429 3141 1522 3195 τοῦ
1564 3144 1765 3206 παντὸς

182 3237 465 3309 Δεσπότην
503 3236 655 3303 Θεὸν,
696 3235 835 3306 μόνα
869 3234 1195 3305 φρονοῦντος
1223 3235 1318 3288 καὶ
1360 3233 1647 3300 λαλοῦντος
1699 3236 1764 3289 τά

184 3328 328 3382 Οεία.

255 3420 368 3474 Kal
419 3419 684 3489 γνωρίσῃ
724 3434 823 3473 σοι
854 3417 963 3485 τὰς
1001 3417 1181 3484 ὀδοὺς
1218 3419 1426 3473 αὐτοῦ.
1484 3420 1592 3473 Καὶ
1620 3436 1765 3487 γνω-

186 3514 319 3577 στάς
347 3530 428 3567 σοι
457 3507 610 3575 οὗτος
637 3512 839 3584 ποιήσῃ
871 3512 969 3573 τὰς
999 3512 1078 3575 είς
1126 3511 1291 3565 αὐτὸν
1321 3512 1591 3582 φερούσας
1626 3514 1767 3564 κατά

184 3607 393 3676 γνῶσιν
434 3605 526 3657 καὶ
554 3604 753 3674 ἀρετὴν
792 3602 1047 3673 πορείας·
1092 3601 1270 3673 πέρας
1300 3602 1616 3675 ὑπάρχοντα
1658 3602 1767 3655 τῶν

188 3700 292 3770 μὲν
326 3697 605 3766 γνωστῶν,
660 3695 736 3759 ὡς
776 3694 1070 3765 ἀλήθειαν·
1105 3694 1216 3748 τῶν
1248 3694 1304 3748 δὲ
1352 3696 1649 3766 πρακτῶν,
1693 3695 1767 3759 ὡς

184 3788 415 3858 ἀγαθόν.

256 3888 305 3935 κ’
314 3923 325 3936 .
364 3882 471 3935 Kal
499 3882 580 3934 σὺ
604 3880 671 3934 δὲ
696 3880 1039 3951 ἀπόγραψαι
1061 3878 1247 3947 αὐτὰς
1264 3878 1458 3947 ἑαυτῷ
1481 3881 1765 3949 τρισσῶς.

184 3976 297 4028 Καὶ
341 3975 502 4037 αὐτὸς
543 3974 601 4027 δὲ
642 3974 959 4027 έντύπωσον
990 3974 1115 4038 τοὺς
1152 3972 1428 4037 τοιούτους
1462 3975 1658 4045 λόγους
1709 3979 1769 4029 ὲν

186 4066 407 4138 σεαυτῷ
436 4067 749 4137 τριαδικῶς,
781 4066 923 4119 κατὰ
953 4066 1012 4118 τὸ
1037 4067 1135 4138 τῆς
1160 4066 1340 4138 ψυχῆς
1371 4085 1464 4122 σου
1500 4068 1728 4141 μέγεοος
1751 4090 1764 4102 ·

186 4158 608 4230 ύφαπλούμενον
633 4159 710 4222 εἴς
733 4176 793 4212 τε
820 4160 918 4229 τὴν
947 4162 1068 4213 κατ’
1100 4160 1357 4233 αἴσθησιν
1386 4165 1479 4217 καὶ
1509 4163 1605 4235 τὴν
1628 4165 1771 4217 κατὰ

184 4253 431 4306 διάνοιαν
488 4254 584 4306 καὶ
613 4253 712 4323 τὴν
737 4252 880 4306 κατὰ
908 4253 1031 4306 νοῦν
1070 4253 1306 4324 θεωρίαν
1326 4272 1339 4286 ·
1363 4256 1437 4320 ὡς
1466 4260 1564 4327 τῆς
1594 4257 1770 4328 ψυχῆς

190 4346 514 4419 ἱστορούσης
547 4348 644 4417 μὲν
669 4347 793 4399 κατ’
824 4348 1078 4419 αἴσθησιν
1105 4349 1166 4401 τὸ
1196 4349 1303 4405 τῶν
1342 4352 1651 4422 εἰρημένων
1678 4353 1767 4405 λό-

188 4458 301 4510 γων
332 4440 497 4511 ῥητὸν
526 4440 586 4492 τὸ
637 4440 938 4510 δυνάμενον
972 4442 1182 4506 πάντας
1221 4444 1545 4513 οἰκοδομεῖν,
1583 4444 1672 4497 διὰ
1709 4444 1770 4496 τὸ

190 4536 289 4603 τῆς
310 4532 519 4595 ἐννοίας
543 4531 707 4586 αὐτοῦ
735 4532 1158 4603 προχειρότατον
1176 4550 1189 4564 ο
1234 4535 1506 4605 ἐχομένης
1536 4534 1592 4587 δὲ
1627 4536 1770 4587 κατὰ

187 4627 430 4681 διάνοιαν
455 4627 555 4697 τῆς
587 4625 697 4679 τῶν
739 4626 999 4680 τοιούτων
1036 4625 1210 4695 λόγων
1244 4628 1598 4697 ἀναγωγικῆς
1631 4629 1767 4682 Θεω-

191 4720 344 4791 ρίας·
402 4719 504 4789 τῆς
534 4718 763 4781 πολλοὺς
797 4719 913 4772 ἀλλ’
946 4720 1005 4771 ού
1037 4722 1249 4782 πάντας
1278 4719 1366 4773 διὰ
1403 4722 1462 4773 τὸ
1504 4722 1773 4773 ἐπαναϐε-

190 4812 361 4884 ϐηκὸς
396 4808 638 4881 βελτιοῦν
681 4809 1012 4881 δυναμένης,
1060 4810 1155 4862 καὶ
1182 4810 1561 4883 ἀναφερούσης
1604 4812 1771 4865 αὑτοῦ

189 4906 318 4966 τοὺς
348 4903 449 4973 τῆς
482 4902 676 4972 σοφίας
711 4902 904 4971 λόγους
932 4904 1011 4965 είς
1038 4902 1319 4972 Θεολογίαν
1343 4904 1482 4957 κατὰ
1506 4903 1648 4970 νοῦν,
1676 4904 1774 4976 τὴν

190 4995 393 5064 ὀλίγοις
430 4996 571 5046 τισιν
615 4989 782 5046 οὖσαν
816 4994 1104 5065 χωρητὴν,
1144 4997 1240 5049 καὶ
1292 4996 1505 5066 μεγάλα
1551 4997 1773 5062 τούτους

189 5087 424 5155 ὠφελεῖν
453 5085 796 5157 δυναμένηνο
843 5087 936 5139 καὶ
984 5088 1106 5157 οὐχὶ
1133 5090 1247 5151 τοῖς
1294 5088 1537 5141 πλείοσιν
1586 5089 1618 5160 ἢ
1663 5093 1775 5153 τοῖς

193 5182 354 5245 πᾶσι,
380 5178 467 5232 διὰ
496 5178 558 5231 τδ
592 5179 1078 5250 ὑπεραναβεόηκὸς
1120 5181 1289 5251 αὐτῆς
1330 5181 1425 5234 καὶ
1459 5181 1775 5251 κρυφιὼτα-

192 5292 307 5328 τον.

268 5363 375 5429 Εἰς
397 5364 642 5430 ,ϐουλὴν
669 5363 767 5416 καὶ
802 5359 1029 5432 γνῶσιν
1059 5362 1157 5415 ἐπὶ
1182 5362 1247 5416 τὸ
1273 5362 1501 5427 πλάτος
1528 5363 1777 5431 καρδίας

192 5474 335 5510 σου.
370 5455 527 5509 Οὕτω
548 5457 605 5509 δὲ
636 5456 860 5518 τούτους
894 5456 960 5525 τῇ
992 5454 1137 5524 ψυχῇ
1164 5471 1256 5507 σου
1292 5454 1617 5525 ἐγχάραξον,
1644 5457 1779 5525 πρὸς

192 5546 471 5616 διὰκρισίν
498 5563 557 5598 τε
588 5546 694 5598 τῶν
731 5544 1010 5616 πρακτῶν,
1043 5546 1136 5596 καὶ
1174 5544 1480 5615 κατάληψιν
1506 5546 1613 5597 τῶν
1644 5547 1776 5598 Οεω-

197 5640 383 5711 ρητῶν
404 5656 421 5672 ⁸
455 5638 631 5710 τούτῳ
665 5639 867 5711 γὰρτῷ
903 5639 1112 5708 τρόπῳ,
1144 5636 1204 5689 τὸ
1243 5636 1411 5701 ὅντως
1436 5637 1641 5705 ἀγαθὸν
1672 5638 1780 5689 άπὸ

193 5733 291 5786 τοῦ
324 5732 681 5803 νομιζομένου
728 5732 1052 5804 διακρινεῖςο
1092 5731 1184 5783 καὶ
1218 5728 1402 5799 γνώσῃ
1446 5729 1513 5783 τὰ
1545 5730 1673 5782 ὄντα
1706 5731 1780 5793 ὼς

196 5826 382 5897 ἔχουσι
407 5825 642 5896 φύσεως.

1869 1934 2100 1988 auribus
2120 1936 2339 2005 percipe
2374 1953 2705 1995 sermones:
2749 1940 2803 1994 in
2872 1945 3056 1997 medio
3117 1960 3308 1998 eorum
3356 1944 3447 2015 qui

1868 2026 2005 2080 meis
2035 2027 2233 2081 initiati
2266 2039 2394 2083 sunt
2420 2033 2721 2101 mysteriis.

1937 2117 2003 2171 Et
2027 2135 2120 2172 cor
2147 2132 2295 2173 tuum
2325 2122 2505 2190 ﬁrma,
2541 2135 2597 2177 ut
2634 2142 2920 2197 cognoscas
2973 2132 3097 2198 quia
3145 2127 3267 2181 boni
3299 2138 3443 2182 sunt.
3497 2122 3501 2126 ’

1868 2208 1963 2264 llis
1988 2223 2171 2268 autem
2206 2218 2419 2285 applica
2451 2228 2686 2273 mentem
2725 2229 2783 2275 ut
2805 2223 3084 2293 intelligas
3117 2223 3249 2291 quia
3316 2222 3445 2277 boui

1867 2316 2017 2358 Sunt.

1939 2397 2107 2455 Vnus.
2140 2401 2227 2455 18.
2264 2400 2324 2454 Et
2349 2404 2394 2456 si
2423 2405 2707 2457 innuiseris
2730 2423 2816 2459 eos
2850 2408 2903 2459 in
2934 2424 3023 2461 cor
3055 2416 3223 2471 tttztm,
3273 2406 3447 2477 cedi/i-

1867 2492 2061 2545 cabunt
2091 2504 2137 2547 te
2170 2495 2330 2547 simul
2370 2498 2424 2548 in
2456 2498 2559 2549 tuis
2586 2499 2761 2551 labiis.
2798 2498 2860 2551 Et
2918 2501 2962 2552 si
2990 2516 3084 2553 eos
3114 2501 3167 2553 in
3207 2503 3446 2552 animum

1868 2595 2015 2639 tuam
2073 2588 2381 2649 induxeris,
2441 2590 2537 2642 tibi
2593 2592 2789 2644 laetitiae
2820 2591 3127 2660 spiritualis
3193 2580 3447 2644 auctores

1866 2689 2057 2743 erunt;
2098 2698 2127 2734 e
2160 2692 2337 2736 mente
2360 2686 2522 2736 simul
2554 2684 2849 2753 aliquando
2918 2684 3078 2738 labiis
3107 2687 3269 2738 etiam
3325 2701 3449 2754 pro-

1869 2776 2140 2838 l‘cruutur,
2178 2775 2293 2827 sive
2334 2774 2501 2828 Deum
2532 2792 2625 2844 per
2653 2792 2748 2831 eos
2798 2776 3009 2841 laudes,
3038 2776 3152 2831 sive
3198 2780 3448 2831 homines

1868 2870 2001 2939 ipsis
2026 2874 2311 2939 profutura
2339 2871 2559 2926 doceas.

1945 3047 2107 3101 Vnus.
2162 3047 2244 3102 l9.
2309 3047 2375 3102 Ut
2412 3060 2501 3102 tua
2540 3050 2639 3117 ﬁat
2668 3063 2825 3116 super
2874 3048 3161 3102 Dominum
3184 3066 3321 3119 spes.
3376 3048 3450 3103 Ut

1869 3145 2051 3196 omnis
2074 3145 2144 3195 sit
2167 3152 2260 3196 tua
2292 3159 2417 3211 Spes
2456 3144 2509 3195 in
2536 3143 2701 3195 Deum
2728 3142 3109 3196 universorqu
3130 3144 3447 3208 Dominum,

1869 3224 1996 3284 dubi
2026 3232 2207 3285 divina
2244 3241 2453 3285 tantum
2482 3233 2692 3302 cogitas
2725 3241 2778 3286 et
2829 3234 3094 3302 loqueris.

1943 3415 2009 3469 Et
2036 3427 2192 3469 notas
2230 3417 2323 3469 tibi
2359 3416 2523 3469 faciat
2555 3416 2666 3468 vias
2704 3424 2846 3467 tuas.
2888 3413 2950 3467 Et
2974 3425 3131 3469 notas
3164 3416 3258 3468 tibi
3287 3415 3451 3469 faciet

1870 3512 2113 3564 scientiae
2167 3526 2230 3563 ac
2284 3512 2503 3565 virtutis
2560 3513 2678 3563 vias
2738 3524 2861 3579 quae
2910 3509 2975 3561 ad
3040 3525 3164 3562 eum
3216 3511 3422 3562 ducunt

1870 3606 2071 3673 quippe
2095 3606 2185 3673 qui
2207 3603 2419 3659 exsistit
2442 3619 2639 3673 scopus
2671 3604 2723 3656 in
2759 3604 3169 3672 cognoscendis.
3188 3606 3317 3672 quia
3354 3621 3421 3654 vr-

1874 3714 1986 3761 rus,
2011 3698 2236 3767 agendis
2262 3709 2467 3765 autem,
2490 3700 2617 3768 quia
2645 3698 2841 3751 bonus.

1941 3875 2111 3931 Vens.
2177 3877 2268 3932 20.
2327 3876 2392 3931 Et
2438 3888 2492 3933 tu
2516 3878 2753 3935 describe
2796 3899 2884 3936 eos
2917 3884 3335 3953 tibitripliciter.
3366 3887 3447 3941 Tu

1871 3981 2052 4025 autem
2082 3970 2411 4042 tibimetipsi
2445 3974 2702 4042 imprime
2736 3974 2835 4029 bos
2894 3991 3183 4032 sermones
3244 3981 3446 4049 triplici

1874 4064 2056 4129 modo,
2089 4065 2390 4118 secundum
2430 4065 2626 4119 anima:
2651 4075 2757 4120 tua:
2798 4069 3199 4135 extensioncm,
3253 4088 3452 4127 secun-

1875 4156 2003 4209 dum
2037 4155 2270 4220 scilicet,
2296 4156 2491 4209 anima:
2538 4159 2972 4226 speculationem
3004 4162 3312 4215 seusibilem
3335 4163 3452 4232 spi-

1876 4250 2086 4303 ritalem
2135 4256 2189 4303 et
2229 4250 2677 4303 intellectualem.
2730 4252 2928 4305 Anima
2986 4269 3081 4322 per
3122 4256 3441 4311 seusibileni

1873 4341 2298 4409 speculationem
2318 4342 2547 4411 inquirit
2567 4340 2841 4397 dictorum
2860 4346 3150 4399 verborum
3174 4348 3453 4415 Signini-a-

1875 4428 2103 4491 tionetu,
2150 4440 2292 4495 quat,
2351 4436 2541 4496 utpote
2578 4428 2860 4482 intellectu
2899 4429 3182 4495 facillima,
3219 4442 3453 4487 cunctus

1875 4518 2151 4571 zedilicare
2182 4528 2381 4588 potest.
2409 4518 2508 4572 Per
2565 4521 3083 4589 contemplationem
3117 4534 3299 4577 autem
3340 4526 3451 4595 spi-

1878 4612 2125 4664 ritualein
2179 4612 2469 4665 verborum
2521 4613 2705 4666 sensui
2752 4614 2986 4682 mystico
3034 4614 3293 4681 adhwret,
3356 4618 3451 4687 qui

1876 4702 2135 4768 quoniam
2160 4702 2321 4755 altior
2347 4711 2452 4766 est,
2491 4703 2692 4756 multos
2726 4704 2818 4757 sed
2855 4720 2961 4758 non
2981 4720 3173 4761 omnes
3193 4707 3452 4764 meliores

1877 4795 2104 4849 reddere
2139 4804 2347 4864 potest;
2381 4795 2694 4851 intellectus
2742 4798 2962 4852 tandem
3019 4801 3301 4870 sapientia:
3332 4818 3449 4857 scr-

1876 4903 2068 4941 inones
2100 4887 2163 4939 ad
2200 4886 2528 4955 theologiam
2549 4888 2716 4942 refert
2747 4908 2869 4961 qua:
2894 4894 3082 4961 paucis
3110 4894 3439 4963 quibusdam

1880 4996 2124 5045 accessa,
2165 4999 2414 5051 magnam
2444 4984 2523 5038 eis
2562 4986 2837 5041 utiliatem
2878 4988 3073 5043 afferre
3095 4992 3456 5061 valeam-que

1880 5086 2006 5123 vero
2040 5071 2291 5138 p'uribus
2327 5081 2421 5126 aut
2452 5075 2691 5143 cunctis,
2715 5078 2843 5148 quia
2872 5079 3145 5135 altissima
3186 5092 3238 5137 et
3268 5084 3456 5137 occul-

1879 5164 2093 5218 tissima
2122 5175 2223 5219 est.

1954 5367 2018 5420 In
2057 5368 2282 5421 consilio
2314 5379 2362 5421 et
2390 5369 2611 5422 scientia
2667 5386 2823 5435 super
2883 5372 3223 5426 latitudinem
3282 5376 3457 5429 cordis

1884 5456 1983 5508 tui.
2008 5454 2100 5510 Sic
2123 5467 2303 5511 autem
2330 5459 2430 5511 llos
2460 5474 2746 5515 sermones
2763 5461 2959 5515 aniime
2986 5471 3092 5517 tua:
3116 5464 3364 5531 iusculpc
3392 5466 3460 5520 ad

1884 5550 2273 5604 discretionem
2323 5554 2663 5623 agendorum
2726 5567 2781 5609 et
2811 5556 2877 5607 ad
2926 5558 3333 5625 perceptionem
3369 5575 3465 5613 co-

1883 5644 2349 5712 guosceudorum.
2404 5646 2618 5699 liteuin.
2652 5647 2755 5701 hoc
2790 5648 2954 5701 modo
3017 5665 3205 5704 verum
3256 5652 3459 5706 bonum

1885 5736 1953 5790 ab
1984 5751 2048 5789 co
2088 5736 2233 5805 quod
2268 5745 2492 5805 putatur
2521 5739 2721 5793 bonum
2752 5739 3061 5808 discernes,
3096 5759 3289 5815 resque
3314 5745 3459 5800 exsi-

1887 5836 2095 5883 stentes
2119 5836 2174 5881 ut
2213 5844 2341 5885 vere
2365 5840 2488 5885 sunt
2527 5846 2851 5901 ceguosces.

3322 367 3459 434 1446
3545 434 3548 438 .
