4054 6514
1970 340 2324 404 PROCOPII
2360 336 2603 398 GAZtEI
3762 329 3882 391 ttts

2396 449 2503 497 κα’.
2545 439 2818 495 Διδάσκω
2841 429 2953 492 οὖν
2981 452 3056 490 σε
3075 433 3274 503 ἀληθῆ
3307 436 3514 502 λόγον,
3554 433 3648 486 καὶ
3677 434 3884 502 γνῶσιν

2315 533 2555 604 ἀγαθὴν
2602 530 2968 593 ὑπακούειν,
3033 527 3141 581 τοῦ
3201 527 3634 594 ἀποκρίνεσθαι
3682 527 3884 594 λόγους

2315 625 2603 695 ἀληθείας
2656 623 2780 689 τοῖς
2818 618 3342 691 προόαλλομένοις
3383 635 3504 671 σοι.
3556 617 3791 671 Παιδεύω
3832 639 3882 674 σε

2317 719 2501 772 τοίνυν
2532 718 2626 771 τὸν
2652 717 2800 771 θεῖον
2828 719 2928 786 τῆς
2958 713 3218 784 ἀληθείας
3251 711 3433 779 λόγον,
3463 713 3560 764 καὶ
3591 710 3688 780 τὴν
3713 712 3882 764 τούτου

2319 810 2377 862 ὲν
2393 807 2673 879 Πνεύματι
2703 806 2934 876 γνῶσιν,
2971 805 3106 857 ὠσὶν
3139 804 3256 873 ἆμα
3285 804 3380 856 καὶ
3409 801 3490 854 νοῒ
3519 801 3884 872 προσδέχεσθαι

2321 903 2416 957 καὶ⁹
2454 900 2782 972 μανθάνειν’
2815 899 2889 962 ὡς
2935 897 3000 951 ἂν
3032 890 3137 953 ὦσι
3171 893 3310 964 πρὸς
3347 896 3474 958 τοὺς
3503 893 3810 964 ἐρωτῶντας
3839 899 3884 948 σί

2324 993 2648 1066 ἀποκρίσεις
2687 1009 2783 1046 σου
2835 991 3056 1061 ἀληθεῖς
3077 1007 3090 1020 ·
3121 991 3169 1042 εἱ
3204 989 3280 1060 μὴ
3323 988 3435 1059 γὰρ
3466 987 3636 1058 τύχῃς
3660 987 3886 1043 διδασκα-

2323 1087 2442 1148 λίας
2477 1083 2732 1155 ἀληθοῦς,
2770 1083 2831 1137 οὐ
2862 1083 3073 1156 γενήσῃ
3102 1081 3420 1142 διδάσκαλος
3451 1080 3677 1149 ἀληθής.

2395 1181 2500 1252 κβ’,
2521 1180 2625 1249 κγ’.
2653 1180 2750 1247 Μὴ
2772 1178 3094 1239 ἀποϐιάζου
3117 1176 3350 1244 πένητα
3368 1192 3382 1205 °
3416 1176 3654 1245 πτωχός
3679 1175 3784 1245 γάρ
3806 1177 3890 1230 ἑσ-

2325 1292 2439 1330 τιν·
2458 1273 2651 1342 καὶμὴ
2671 1272 2973 1342 ἀτιμάσῃς
2987 1269 3215 1337 ἀσθενῆ
3235 1271 3304 1323 ἐν
3319 1271 3542 1334 πύλαις
3564 1287 3577 1298 ·
3598 1272 3631 1322 ὁ
3661 1270 3767 1336 τὰρ
3791 1272 3890 1322 Κύ-

2320 1385 2453 1435 ριος
2479 1355 2674 1434 κρινεῖ
2699 1363 2885 1418 αὑτοῦ
2909 1361 3026 1429 τὴν
3050 1363 3272 1431 κρίσιν,
3296 1361 3394 1415 καί
3413 1362 3582 1430 ῥύσῃ
3609 1360 3734 1427 σὴν
3758 1361 3893 1414 ἀσυ-

2326 1461 2441 1511 λον
2465 1455 2697 1525 ψυχήν.
2727 1455 2819 1526 Μὴ
2851 1455 3074 1508 ἀπαίτει
3104 1454 3194 1507 τὸν
3224 1453 3318 1508 τοῦ
3353 1453 3590 1507 πλούτου
3621 1453 3723 1521 τῆς
3749 1471 3898 1505 srva-.2-

2333 1549 2573 1620 ματικῆς
2604 1546 2859 1615 γνώσεως
2881 1547 3271 1618 ἐστερημένον,
3289 1548 3382 1599 καὶ
3415 1547 3575 1616 μόνον
3599 1547 3728 1616 περὶ
3761 1564 3901 1617 στρο-

623 358 753 428 ibi

702 473 863 527 Vens.
908 467 1000 522 ειι.
1056 463 1230 517 Deceo
1283 461 1446 530 igitur
1488 465 1536 510 te
1586 471 1705 510 vero
1759 453 1990 508 sermoni
2051 461 2099 505 et
2137 464 2214 503 ve-
2249 454 2294 509 Α

621 586 698 625 rte
745 565 983 623 scientiae
1039 557 1292 616 obedire,
1367 564 1423 606 ut
1477 566 1696 620 reponas
1751 563 2018 604 sermones
2076 545 2212 598 veri-

625 663 752 717 tatis
781 660 862 712 his
889 657 979 727 qui
1009 660 1311 724 proponunt
1331 647 1446 700 tibi.
1476 644 1654 698 Doeeo
1707 643 1876 711 igitur
1899 649 1952 694 te
1967 638 2214 692 divinum

625 748 877 804 veritatis
907 756 1244 802 sermonem,
1279 737 1558 806 huiusque
1590 736 1645 787 in
1679 732 1890 802 Spiritu
1928 728 2214 784 scientiam

628 839 859 894 auribus
903 833 1068 890 simul
1112 841 1168 886 et
1213 837 1394 882 mente
1427 826 1712 896 percipere
1762 838 1825 876 ac
1849 822 2104 882 discere;
2159 825 2218 869 ut

626 944 772 985 verte
837 927 948 982 sint
979 934 1088 978 tua:
1142 921 1208 975 ad
1275 920 1679 986 interrogantes
1711 923 1762 970 te
1810 910 2216 981 responsiones.

626 1021 748 1078 Nisi
787 1020 936 1075 enim
959 1030 1141 1071 veram
1177 1010 1440 1067 habueris
1475 1009 1807 1067 det-trinam,
1840 1019 2003 1058 verax
2045 1003 2215 1070 magi-

629 1125 747 1172 ster
779 1112 895 1166 ﬁeri
936 1125 1044 1164 non
1074 1107 1304 1178 poteris.

696 1205 862 1261 Vens.
909 1202 1000 1267 22,
1054 1201 1143 1255 2'5.
1207 1197 1330 1254 Non
1383 1196 1554 1265 facias
1614 1192 1922 1246 violentiam
1979 1186 2220 1258 pauperi,

626 1302 751 1372 quia
773 1313 968 1369 pauper
993 1303 1092 1359 est,
1118 1307 1282 1361 neque
1305 1289 1587 1343 inltonores
1610 1284 1934 1338 imbecillum
1955 1283 2006 1335 in
2031 1282 2219 1350 portfs.

630 1393 889 1444 Dominus
913 1387 1058 1442 enim
1074 1381 1338 1456 iudicabit
1368 1379 1482 1448 ejus
1502 1376 1794 1446 Judiciunt,
1822 1383 1872 1428 et
1902 1388 2048 1426 erues
2080 1379 2224 1424 luant

629 1483 867 1537 animam
903 1491 1092 1532 tutam.
1133 1473 1211 1528 Ne
1255 1477 1446 1541 exigas
1483 1471 1550 1522 ah
1583 1485 1648 1520 eo
1692 1467 1784 1536 qui
1822 1464 2027 1518 divitiis
2061 1465 2226 1532 spiri-

633 1576 798 1629 tualis
818 1572 1062 1628 scientia:
1081 1575 1231 1622 caret
1247 1574 1299 1620 et
1317 1573 1527 1618 tantum
1549 1570 1700 1615 vacat
1725 1559 1900 1613 ﬂexus
1929 1558 2224 1610 verborum

635 1680 1030 1734 sermonesque
1056 1666 1111 1716 in
1148 1674 1330 1714 aerem
1367 1657 1646 1710 incassum
1683 1652 1909 1706 fundere
1936 1689 1951 1714 ,
1986 1659 2044 1702 ut
2081 1649 2228 1703 soln-

2335 1641 2436 1710 ιράς
2487 1639 2686 1704 λέξεων
2731 1641 2825 1692 καὶ
2878 1639 3074 1706 λόγους
3123 1643 3200 1702 εἰς
3255 1640 3394 1710 ἀέρα
3454 1639 3578 1708 εἰκῆ
3631 1639 3899 1709 χεομέιιους

635 1763 814 1815 tiones
876 1758 973 1812 tibi
1025 1756 1116 1810 det
1193 1765 1546 1806 arcanorum.
1607 1746 1768 1800 Caret
1825 1743 1972 1798 enim
2029 1742 2226 1794 lim-um

2335 1734 2684 1804 ἑσχολακότα,
2724 1732 3036 1787 ἀποδιδόναι
3071 1749 3154 1784 σοι
3191 1731 3373 1796 λύσεις
3405 1732 3514 1785 τῶν
3545 1734 3895 1803 ἀπορρήτων⁸

634 1851 888 1906 scientia.
923 1847 986 1900 Et
1031 1861 1097 1900 ne
1122 1841 1483 1899 calumnieris
1514 1837 1854 1891 imbecillum
1889 1834 1956 1887 ad
1983 1834 2230 1886 actiones

2335 1803 2514 1897 ἐνδεὴς
2545 1827 2656 1896 γάρ
2696 1827 2811 1878 ἐστι
2849 1825 2946 1894 τῆς
2991 1824 3197 1878 τούτων
3235 1824 3521 1893 γνώσεως*
3551 1824 3647 1876 καὶ
3683 1823 3756 1894 μὴ
3797 1823 3897 1876 δια-

635 1959 757 2012 (μιτε
779 1942 844 1995 ad
876 1939 1165 1995 scientiam
1190 1935 1494 1998 deducunt,
1525 1928 1802 1985 censendo
1830 1943 1979 1981 eum.
2015 1923 2231 1978 Judicio

2335 1918 2505 1992 ϐάλῃς
2536 1918 2626 1970 τὸν
2657 1918 2790 1988 περὶ
2828 1917 2926 1981 τὰς
2954 1917 3092 1986 πρὸς
3131 1916 3362 1986 θεωρίαν
3410 1917 3751 1982 εἰσαγωγοὺς
3778 1917 3901 1986 πρά-

636 2007 780 2088 enitn
813 2031 1030 2086 Domini
1071 2028 1220 2084 stetit
1281 2025 1364 2079 vel
1411 2021 1608 2086 cadit;
1659 2019 1890 2075 Domino
1960 2018 2228 2072 rationem

2336 2010 2441 2076 ξεις
2473 2009 2698 2078 ἀσθενῆ,
2733 2010 3081 2078 κατακρίνων
3112 2009 3273 2062 αὐτόν
3294 2026 3308 2041 ο
3341 2007 3421 2079 τῷ
3451 2009 3560 2079 γὰρ
3591 2008 3707 2078 ἰδίῳ
3731 2009 3898 2079 Κυρίῳ

637 2125 849 2181 reddet.
888 2121 969 2176 Tu
1027 2131 1210 2176 autem
1267 2116 1504 2171 animam
1557 2124 1706 2168 tuam
1754 2110 1993 2166 salvebis
2025 2125 2055 2164 τι
2085 2106 2232 2178 peri-

2336 2106 2526 2173 στήκει
2563 2101 2596 2172 ἦ
2631 2102 2855 2155 πίπτει’
2899 2103 3153 2164 κάκεῖνος
3187 2100 3431 2164 ἐξετάσει
3469 2102 3540 2154 τὰ
3582 2103 3705 2154 κατ’
3726 2102 3894 2154 αὐτόν’

639 2221 768 2273 culo
804 2216 1031 2270 fratrem
1063 2211 1348 2268 censendi.

2335 2194 2431 2249 καὶ
2468 2194 2532 2247 σὺ
2567 2193 2758 2266 ἐξέλῃς
2793 2211 2887 2248 σου
2919 2193 3018 2262 τὴν
3061 2192 3242 2264 ψυχὴν
3269 2191 3506 2263 ἀζήμιον
3541 2192 3652 2246 ἀπὸ
3677 2193 3768 2246 τοῦ
3799 2212 3897 2245 κιν-

2335 2288 2493 2342 δύνου
2524 2285 2623 2356 τῆς
2654 2285 2750 2337 τοῦ
2781 2285 3010 2354 ἀδελφοῦ
3037 2285 3436 2357 κατακρίσεως.

2407 2379 2507 2445 κδ’,
2546 2385 2640 2434 κε’.
2685 2378 2780 2446 Μὴ
2827 2378 2954 2431 ἴσθι
2984 2377 3218 2445 ἑταῖρος
3239 2377 3411 2446 ἀνδρί
3445 2378 3733 2448 θυμὼδειο
3762 2383 3897 2449 φίλῳ

2338 2474 2406 2528 δὲ
2449 2475 2671 2543 ὀργίλῳ
2705 2473 2792 2544 μὴ
2841 2472 3241 2532 συναυλίζοψ
3287 2472 3524 2544 μήποτε
3563 2472 3759 2541 μάθῃς
3799 2473 3897 2525 τῶν

2339 2563 2514 2633 σφῶν
2535 2563 2742 2628 αὐτοῦ,
2781 2563 3052 2632 κιιὶλάϐῃ
3074 2564 3344 2633 ⁹ϐρόχους
3373 2562 3446 2630 τῇ
3483 2563 3572 2630 σῇ
3605 2562 3795 2632 ψυχῇ.
3825 2566 3899 2632 Μὴ

2340 2655 2431 2708 ἔσο
2463 2656 2729 2726 συνεργὸς
2770 2653 3044 2726 ἀνθρώπῳ
3084 2655 3405 2728 ὀρεγομένῳ
3431 2655 3793 2725 awaken-736m
3827 2660 3901 2709 τὸν

2337 2747 2526 2801 τοῦτον
2572 2747 2932 2818 λυπήσαντα·
2971 2748 3110 2818 μήτε
3156 2748 3603 2819 συναναστρέφου
3643 2749 3903 2819 προσφιλεί

2342 2839 2424 2894 σοί
2457 2857 2564 2893 τινι
2597 2838 2930 2909 ἀμυνομένῳ
2959 2838 3051 2890 τὸν
3077 2839 3222 2892 κατά
3255 2857 3307 2892 τι
3345 2837 3540 2893 τοῦτον
3568 2839 3902 2910 λυπήσαντσ·

2343 2933 2416 3002 μή
2441 2948 2557 2994 πως
2581 2929 2656 2992 ὥς
2677 2946 2824 2991 τινος
2840 2927 3020 2998 λύμης
3047 2930 3325 3000 μετάσχῃς
3345 2929 3453 2983 τῶν
3475 2930 3907 3002 ἐπιτηδευμάτων

2339 3022 2527 3086 αὐτοῦ,
2560 3022 2656 3075 καὶ
2691 3021 2911 3091 δεσμοῖς
2937 3021 3352 3092 ἁμαρτημάτων
3395 3022 3801 3094 καταδεσμήσει
3831 3042 3907 3078 σου

2262 3149 2304 3205 C
2338 3116 2436 3187 τὴν
2468 3115 2665 3188 ψυχήν.

2408 3215 2520 3274 κς’.
2561 3208 2658 3277 Μὴ
2686 3208 2856 3264 δίδου
2892 3209 3156 3262 σεαυτὸν
3195 3211 3283 3276 εἰς
3314 3210 3542 3281 ἐγγύην
3564 3213 3910 3281 Malm-57,“.

2338 3318 2444 3367 νος
2494 3301 2842 3368 πρόσωπον.
2895 3300 2984 3369 Μὴ
3046 3301 3448 3368 συγκατάόαινε
3487 3306 3555 3374 τῇ
3599 3305 3765 3375 σαρκὶ
3795 3307 3910 3374 πρὸς

2339 3393 2680 3462 ἡδυπαθείας
2711 3393 2881 3447 καὶτὸ
2910 3393 3108 3464 παρὸν,
3141 3395 3236 3447 καὶ¹
3283 3396 3363 3458 είς
3396 3395 3494 3466 τὴν
3524 3395 3719 3467 αὔριον
3752 3399 3909 3465 ἐγγυῶ

2340 3484 2633 3540 ἀποδοῦναι
2685 3485 2893 3554 ταύτην
2944 3486 3006 3540 τὸ
3043 3487 3206 3558 χρέος
3249 3488 3347 3557 τῆς
3393 3491 3630 3561 ἀρετῆ;’
3673 3492 3910 3562 αἰσχύνῃς

2342 3577 2596 3630 ἐντεῦθεν
2655 3578 3039 3648 πληρούμενος
3100 3579 3242 3632 κατὰ.
3275 3579 3366 3633 τὸν
3421 3581 3581 3652 δίκην
3635 3583 3909 3653 προσώπου

2344 3669 2822 3742 χαρακτηρίζοντα
2858 3671 2972 3742 βίον
3028 3671 3128 3745 τὴν
3157 3674 3554 3745 κεκρυμμένην
3600 3675 3704 3746 τῆς
3754 3675 3908 3747 ψυχῆς

2348 3783 2441 3818 σου
2473 3766 2737 3819 διάθεσιν.

2417 3858 2520 3922 κζ’.
2573 3858 2714 3911 Ἐὰν
2740 3855 2851 3928 γὰρ
2871 3857 2956 3930 μὴ
2979 3860 3091 3928 ἔχῃ
3110 3862 3296 3914 πόθεν
3316 3861 3606 3933 ἀποτίσῃ,
3626 3864 3906 3934 λήψονται

2344 3951 2412 4004 τὸ
2437 3949 2680 4022 στρὼμιι
2704 3951 2768 4004 τὸ
2812 3951 2931 4006 ὑπὸ
2963 3949 3067 4020 τῆς
3119 3952 3381 4021 πλευρᾶς
3413 3972 3556 4008 σου.
3605 3956 3666 4009 Εἰ
3701 3958 3808 4027 γὰρ
3849 3958 3907 4010 δι-

2345 4044 2529 4107 δόντος
2556 4061 2646 4097 σου
2685 4044 2787 4115 τὴν
2824 4045 3062 4115 σήμερον
3090 4044 3166 4115 τῷ
3204 4045 3457 4116 διαϐόλῳ,
3491 4049 3590 4100 καὶ
3614 4050 3716 4118 τὴν
3745 4048 3906 4119 αὔριον

2346 4135 2422 4203 τῷ
2455 4135 2666 4205 Κυρίῳ,
2699 4135 2997 4188 καταλάϐοι
3036 4135 3095 4188 τὸ
3125 4135 3326 4206 γῆρας,
3357 4138 3449 4188 καὶ
3483 4137 3560 4207 μὴ
3583 4138 3805 4192 δύναταί
3832 4158 3906 4192 σου

2348 4231 2380 4298 ἡ
2407 4225 2542 4297 σὰρξ
2572 4229 2714 4281 κατὰ
2747 4229 2948 4298 πρᾶξιν
2975 4228 3033 4280 τὸ
3058 4230 3217 4299 χρέος
3253 4228 3353 4298 τῆς
3379 4230 3583 4301 ἀρετῆς
3613 4232 3906 4292 ἀποδοῦναι,

710 2371 1096 2437 Υειιε.ἓ4,Ξ5.
1126 2369 1256 2423 Noli
1272 2383 1383 2422 esse
1397 2366 1600 2420 anticus
1629 2363 1738 2417 viro
1775 2359 2054 2421 iracundo,
2075 2373 2234 2426 neque

640 2486 759 2524 cum
784 2468 956 2522 amico
989 2462 1251 2518 iracundo
1278 2458 1585 2519 cohabites;
1631 2471 1693 2508 ne
1729 2453 1867 2522 forte
1911 2452 2086 2503 discas
2120 2451 2233 2503 vias

641 2561 758 2632 efus
794 2568 842 2613 et
875 2557 1108 2624 accipias
1135 2554 1346 2623 laqueos
1381 2551 1574 2603 animae
1599 2557 1722 2601 lure.
1755 2545 1873 2598 Noli
1916 2561 2040 2599 esse
2071 2544 2233 2597 soda-

644 2653 714 2706 lis
748 2647 952 2703 homini
995 2645 1087 2715 qui
1119 2652 1268 2696 amat
1314 2656 1373 2695 se
1410 2637 1722 2693 molestanti
1769 2637 1943 2690 vicem
1976 2633 2233 2699 reddere;

644 2761 820 2815 neque
847 2743 1019 2796 amice
1039 2735 1386 2792 conversaris
1409 2749 1534 2788 cum
1569 2732 1838 2787 ulcisente
1859 2745 1985 2784 eum
2036 2729 2127 2797 qui
2159 2727 2236 2780 illi

643 2833 867 2906 aliquod
896 2833 1156 2886 damnmn
1193 2826 1413 2892 intulit;
1447 2841 1518 2880 ne
1574 2825 1712 2879 forte
1757 2822 1910 2891 quasi
1949 2819 2234 2889 cujusdam

644 2943 805 2984 noxa:
856 2925 1164 2982 studiorum
1199 2922 1319 2991 ejus
1359 2919 1639 2989 particeps
1678 2914 1963 2980 efllciaris,
2020 2922 2076 2967 et
2111 2911 2237 2964 viu-

645 3023 788 3078 culis
842 3027 1198 3092 peccatorum
1230 3015 1470 3069 animam
1507 3018 1658 3064 tuam
1691 3008 1900 3078 alliges.

721 3224 883 3280 Vens.
903 3223 994 3277 9.6.
1029 3221 1111 3276 Ne
1139 3218 1350 3274 dederis
1386 3216 1719 3285 temetipsum
1739 3213 1793 3266 in
1816 3209 2235 3282 ﬁdeijussionem

646 3321 899 3376 reveritus
933 3315 1143 3385 faciem.
1183 3312 1261 3366 Ne
1297 3312 1536 3380 teipsum
1568 3309 1786 3363 dimitte
1812 3319 2137 3385 cum‘carne
2169 3308 2236 3357 ad

646 3412 984 3481 voluptatem
1027 3406 1080 3458 in
1118 3377 1402 3475 praisenti,
1447 3415 1624 3470 neque
1677 3399 1729 3452 in
1764 3397 1908 3453 diem
1940 3377 2236 3467 ‘posteram

647 3505 938 3576 promittas
991 3500 1142 3553 illam
1201 3498 1334 3552 dare
1387 3495 1633 3550 debitum
1689 3492 1910 3547 virtutis
1967 3509 1980 3545 :
2033 3491 2240 3560 pudore

650 3594 852 3650 deinde
881 3590 1112 3646 allectus
1149 3604 1245 3659 per
1278 3586 1554 3640 rationem
1585 3581 1781 3653 agendi
1813 3596 1934 3651 qtae
1965 3581 2237 3634 occultam

651 3690 849 3743 aninne
893 3695 1000 3740 tuae
1031 3681 1461 3752 dispositionem
1494 3678 1654 3748 quasi
1689 3677 1742 3730 in
1777 3675 1958 3730 fronte
1999 3672 2234 3728 notabit.

725 3871 894 3924 Vens.
930 3867 1024 3921 27.
1057 3864 1115 3920 Si
1157 3864 1297 3917 enim
1325 3877 1427 3915 non
1457 3860 1704 3913 habueris
1749 3855 1885 3912 unde
1911 3855 2108 3919 solvas,
2141 3856 2240 3908 ιοι-

653 3969 758 4019 lent
788 3973 1020 4015 stratum
1048 3958 1185 4024 quod
1210 3955 1304 4008 sub
1341 3955 1443 4006 tuis
1476 3953 1658 4007 costis.
1684 3949 1740 4004 Si
1767 3951 1911 4005 enim
1937 3949 2068 4003 dum
2103 3963 2240 4018 prte-

653 4068 861 4111 seutem
912 4052 1057 4106 diem
1108 4049 1208 4103 das
1259 4048 1503 4109 diabolo,
1551 4045 1962 4113 crastinamque
2011 4040 2244 4094 Domino

652 4148 952 4220 promittis,
1005 4141 1382 4213 deprehendat
1433 4149 1486 4194 te
1540 4147 1821 4200 senectus,
1878 4151 1989 4189 non
2045 4133 2245 4204 poterit

655 4257 786 4296 caro
843 4249 957 4303 tua,
1011 4253 1135 4291 cum
1173 4244 1318 4289 totas
1349 4233 1494 4288 vires
1527 4233 1582 4286 in
1629 4239 1854 4301 peccato
1893 4227 2243 4297 impenderit,

656 4333 902 4389 debitum
932 4327 1154 4382 virtutis
1179 4326 1430 4390 solvere;
1465 4323 1686 4392 exigent
1717 4322 1985 4376 elementa
2013 4332 2232 4390 quaeque

2349 4322 2533 4374 πᾶσαν
2575 4321 2676 4390 τὴν
2715 4320 2869 4390 ἰσχὺν
2903 4321 3074 4391 αὐτῆς
3103 4323 3168 4391 τῇ
3223 4320 3469 4392 ἁμαρτίᾳ
3503 4324 3906 4391 προκαταναλώ-

652 4440 859 4494 corpus
883 4431 1036 4477 tuum
1063 4418 1206 4489 quod
1227 4435 1290 4471 ex
1320 4417 1430 4471 illis
1458 4424 1676 4470 constat
1696 4429 1761 4468 ac
1785 4413 1840 4467 in
1866 4412 1956 4466 illa
1987 4428 2082 4482 per
2105 4425 2232 4465 mor

2351 4430 2514 4477 σασα,
2551 4413 2869 4466 ἀπολάϐωσι
2900 4415 2968 4468 τὰ
3000 4413 3228 4468 καθόλου
3268 4416 3510 4483 στοιχεῖα
3536 4416 3599 4468 τὸ
3627 4418 3827 4471 συστὰν
3861 4416 3908 4479 ἐξ

655 4527 764 4573 tem
801 4517 997 4569 iterum
1025 4510 1323 4566 resolvitur
1356 4526 1370 4562 :
1407 4523 1504 4578 per
1536 4507 1684 4577 quod
1713 4506 1779 4559 ad
1821 4507 2131 4572 voluptates
2156 4504 2232 4556 in-

2349 4506 2529 4561 αὺτῶν
2575 4525 2669 4561 σου
2703 4509 2952 4578 σαρκίον,
2992 4507 3070 4578 τῷ
3110 4508 3327 4580 θανάτῳ
3357 4505 3512 4572 αὖθις
3559 4511 3820 4563 ἀναλυθὲν
3845 4514 3908 4571 εἰς

653 4610 934 4664 clinantur
963 4604 1159 4659 auium
1203 4602 1351 4655 vires
1383 4614 1506 4670 qua:
1545 4599 1690 4654 sicut
1719 4611 1844 4652 ossa
1879 4595 2232 4650 corroborant

2347 4598 2518 4649 αὐτά·
2560 4599 2616 4650 ὲν
2657 4589 2700 4664 ᾧ
2731 4597 3116 4650 ἀνακέκλινται
3152 4598 3285 4668 πρὸς
3325 4598 3663 4670 ἡδυπάθειαν
3688 4602 3745 4653 αἱ
3775 4600 3906 4666 δίκην

653 4703 784 4757 dum
851 4715 957 4753 non
1024 4699 1313 4752 elevantur
1374 4694 1440 4748 ad
1500 4692 1770 4746 virtutum
1839 4691 2237 4760 operationem.

654 4793 869 4848 Exinde
906 4792 1248 4860 relinquetur
1286 4787 1467 4841 anima
1520 4795 1612 4840 tua
1657 4785 1805 4841 omni
1853 4785 2002 4840 bono
2049 4785 2239 4838 orbata

652 4902 781 4940 cum
817 4895 869 4938 et
901 4884 1235 4952 voluptatem
1271 4891 1679 4951 temporaneam
1714 4893 1878 4948 quam
1904 4877 2140 4934 habebat
2187 4879 2238 4931 in

653 4992 822 5031 carne
847 4974 1117 5027 amiserit.

728 5151 894 5206 Vens.
909 5149 998 5204 98.
1023 5146 1152 5203 Noli
1179 5147 1466 5215 transferre
1487 5148 1737 5199 terminos
1755 5155 1982 5199 a'lernos
1997 5163 2125 5214 quos
2146 5161 2239 5213 ρος

649 5261 804 5299 suere
836 5255 1011 5312 patres
1045 5243 1141 5295 tui.
1172 5240 1288 5295 Noli
1325 5239 1625 5292 transferre
1660 5247 1808 5292 recta
1838 5239 2082 5293 veritatis
2103 5239 2239 5308 dog-

655 5350 800 5393 tnata
839 5341 960 5409 qua:
995 5337 1093 5391 tibi
1124 5335 1468 5390 tradiderunt
1500 5335 1748 5389 veritatis
1783 5343 2169 5404 przeceptores.

727 5513 897 5568 Vens.
923 5512 1014 5567 9.9.
1062 5511 1191 5565 Vere
1228 5512 1596 5580 perspicacem
1628 5521 1676 5564 et
1717 5511 1940 5565 velocem
1973 5512 2026 5564 in
2068 5513 2235 5580 operi-

657 5609 752 5662 bus
805 5608 953 5671 suis,
1002 5622 1120 5657 cum
1171 5605 1378 5674 regibus
1429 5616 1634 5673 oportet
1679 5615 1821 5657 stare
1865 5613 1914 5656 et
1964 5621 2066 5657 non
2117 5622 2234 5657 cum

655 5695 1044 5769 pigris.Vit'ttttt
1069 5697 1552 5766 contemplativum
1590 5705 1643 5749 et
1680 5696 1745 5749 ad
1785 5696 2053 5750 actionem
2079 5711 2234 5764 para-

651 5793 930 5844 tissimum
982 5788 1189 5844 divinis
1222 5796 1441 5860 oportet
1491 5805 1683 5859 parere
1715 5791 2232 5845 ratiocinatitmilnis

2345 4688 2518 4741 ὀστῶν
2555 4691 2850 4741 τονωτικαὶ
2878 4689 2976 4757 τῆς
3007 4688 3184 4758 ψυχῆς
3228 4689 3512 4758 δυνάμεις,
3547 4690 3636 4742 ὅτε
3674 4692 3748 4759 μὴ
3793 4691 3906 4760 πρὸς

2345 4783 2609 4852 ἐργασίαν
2639 4782 2747 4834 τῶν
2781 4781 2994 4853 ἀρετῶν
3037 4781 3440 4834 διανίστανταιο
3489 4784 3787 4838 κάντεῦθεν
3808 4786 3907 4854 ἔρη-

2347 4875 2513 4944 μσςὴ
2561 4875 2706 4946 ψυχή
2752 4892 2846 4928 σου
2911 4875 3392 4944 καταληφθήσεται
3447 4877 3653 4940 παντὸς
3702 4878 3904 4945 ἀγαθοῦ.

2345 4968 2688 5037 ζημιωθεῖσα
2709 4969 2802 5022 καὶ
2824 4968 2993 5038 αὐτὴν
3020 4969 3085 5038 ἣν
3116 4963 3230 5036 εἶχε
3259 4967 3599 5038 πρόσκαιρον
3626 4971 3907 5023 ἀνάπαυσιν

2343 5061 2402 5112 ὲν
2438 5060 2622 5129 σαρκί.

2413 5149 2518 5218 κη’.
2554 5150 2646 5217 Μὴ
2675 5149 2916 5218 μέταιρε
2945 5151 3076 5219 ὅρια
3098 5151 3328 5220 αἰώνια,
3362 5153 3401 5207 ἂ
3428 5154 3641 5208 ἔθεντο
3669 5156 3723 5207 οἱ
3755 5150 3905 5207 πατέ-

2333 5259 2440 5307 ρες
2466 5258 2602 5294 σου.
2636 5242 2726 5311 Μὴ
2763 5242 3039 5309 μετατίθει
3062 5243 3129 5294 τά
3157 5244 3295 5314 ὀρθὰ
3321 5246 3420 5315 τῆς
3441 5245 3703 5313 ἀληθείας
3733 5245 3906 5313 δόγμα-

2340 5352 2428 5397 τα,
2452 5335 2486 5386 ἃ.
2514 5351 2594 5386 σοι
2613 5333 3058 5404 παραδεδώκασιν
3081 5336 3131 5388 oi
3168 5337 3271 5405 τῆς
3296 5336 3558 5407 ἀληθείας
3588 5336 3902 5390 διδάσκαλοι·

2339 5424 2759 5494 αίχμαλωτίξων
2785 5423 2959 5476 ταῦτα
3014 5426 3151 5494 πρὸς
3193 5427 3537 5494 παραλόγους
3566 5427 3726 5492 δόξας
3761 5430 3902 5485 τινας.

2411 5515 2514 5568 κθ’.
2564 5514 2871 5581 ’(ιρατικὸν·
2887 5514 3096 5583 ἄνδρα,
3123 5519 3220 5571 καὶ
3249 5518 3400 5580 ὀξὺν
3451 5519 3521 5571 ἐι·
3561 5519 3688 5584 τοῖς
3739 5519 3904 5587 ἔργοις

2338 5608 2892 5672 ιιὺτοῦ,,ϐ‹ισι.1εῦσι
2922 5609 3012 5663 δεῖ
3065 5613 3460 5680 παρεστάναι.
3495 5613 3596 5667 καὶ
3642 5612 3728 5681 μὴ
3779 5628 3904 5677 πολτ-

2332 5702 2584 5754 εστίὶιγιι
2642 5700 2900 5768 ἀνδράσι
2950 5704 3216 5772 νωθροῖς.
3269 5705 3620 5778 Θεωρητικδν
3671 5710 3760 5761 καί
3789 5705 3898 5775 πῷς

2340 5794 2562 5862 πράξεις
2596 5794 2940 5864 ὲτνιιμότατον
2981 5795 3270 5867 ἄνθρωπον
3297 5840 3310 5865 ,
3360 5799 3645 5870 λογισμοῖς
3676 5801 3752 5852 δεῖ
3801 5816 3899 5849 πει-
