4054 6520
258 312 395 378 1449

1334 307 1869 373 COMMENTARII
1912 307 1994 369 IN
2022 307 2479 371 PROVERBIA.

3414 302 3551 366 1450

254 435 482 507 θαρχεῖν
510 433 698 501 θείοις,
731 437 826 491 καὶ
864 436 1103 509 ἐννόμως
1148 434 1507 490 ὲπιστατοῦσι
1552 436 1666 496 τοῖς
1709 430 1851 502 πρά-

1957 444 2078 499 qua:
2104 430 2229 498 jure
2243 426 2501 483 omnibus
2543 431 2675 478 sunt
2701 420 3040 492 superiores,
3061 427 3245 473 etnon
3290 418 3567 473 humanis.

257 544 457 597 γμασι,
493 528 588 582 καὶ
622 529 698 600 μὴ
728 528 1095 595 ἀνθρωπίνοις
1120 528 1216 583 καὶ
1258 526 1397 594 πρὸς
1433 524 1696 599 ἐργασίαν
1753 522 1847 577 τοῦ

254 618 421 672 καλοῦ
452 618 542 671 διὰ
604 618 667 672 τὸ
717 619 815 690 τῆς
857 620 1062 690 ἀρετῆς
1120 618 1381 673 ἐπίπονον
1408 617 1798 671 ἀποκναίουσιν
1830 629 1848 646 ⁸

251 712 404 775 ὅπως
433 715 552 776 ταῖς
575 711 946 783 θεωρητικαῖς
976 713 1075 766 καὶ
1097 715 1219 776 ταῖς
1250 713 1589 783 πρακτικαῖς
1613 713 1713 780 τῆς
1747 711 1851 778 ψυ-

252 809 360 877 χῆς
390 806 656 877 δυνάμεσι
695 807 797 875 τὴν
838 807 1040 874 γνῶσιν
1072 806 1169 859 καὶ
1211 806 1308 875 τὴν
1338 804 1538 876 ἀρετὴν
1585 802 1848 873 ἐνεργῶν,

256 902 341 961 είς
362 897 515 963 Θεὸν,
548 898 624 962 ὡς
662 898 924 969 ἀλήθειαν
954 899 1051 953 καὶ
1096 898 1299 967 ἀγαθὸν
1344 898 1596 967 φέρηται,
1637 898 1732 951 καὶ
1776 895 1851 967 μὴ

258 991 611 1064 μακρύνηται
650 990 868 1055 τούτου,
898 994 965 1061 τῇ
1005 990 1187 1059 σχέσει
1218 989 1325 1042 τῶν
1372 989 1574 1041 ύλικῶν
1631 986 1851 1041 ἀπατώ-

256 1099 442 1153 μενος,
474 1082 567 1135 καὶ
597 1081 727 1134 περὶ
757 1081 932 1134 ταῦτα
971 1081 1106 1150 μόνα
1131 1081 1585 1150 καταγινόμενος.

842 1174 1093 1227 ΚΕΦΔΛ.
1136 1173 1259 1226 KI".

328 1269 399 1332 α’,
459 1269 524 1339 β’.
595 1268 733 1321 Ἐὰν
771 1266 1030 1334 καθίσῃς
1082 1264 1352 1320 δειπνεῖν
1399 1265 1497 1319 ἐπὶ
1549 1263 1849 1335 τραπέζης

253 1362 587 1426 δυνάστου,
613 1357 845 1427 νοητῶς
869 1361 993 1413 νόει
1029 1360 1101 1412 τὰ
1125 1356 1562 1429 παρατιθέμενα
1596 1376 1715 1421 σοι,
1753 1358 1852 1410 καὶ

254 1456 550 1509 ἐπίϐαλλε
582 1453 699 1522 τὴν
732 1452 902 1523 χεῖρά
942 1469 1080 1509 σου.
1126 1451 1254 1505 Ἐὰν
1287 1453 1368 1516 είς
1414 1451 1681 1505 ἀπάθειαν
1710 1450 1851 1521 φθά-

257 1564 384 1619 σῃς,
417 1546 769 1615 παυσάμενος
795 1545 896 1613 τῆς
932 1544 1069 1616 πρὸς
1126 1544 1331 1597 κακίαν
1364 1544 1652 1613 κινήσεως,
1706 1542 1850 1596 ὥστε

256 1639 355 1692 τοῦ
389 1637 622 1710 ούρανοῦ
648 1636 991 1700 καταϐάντος
1028 1636 1194 1708 ἄρτου
1242 1636 1503 1689 δύνασθαι
1570 1636 1851 1706 μεταλαμς

259 1733 468 1794 δάνειν,
498 1732 591 1783 ἐπὶ
624 1733 735 1793 τοῖς
764 1730 839 1793 ὼς
877 1732 934 1783 ὲν
964 1730 1225 1800 τέσσαρσι
1263 1729 1393 1781 ποσὶ
1425 1731 1537 1790 τοῖς
1562 1728 1849 1798 στοιχείοις

1959 529 2016 575 et
2056 521 2123 575 ad
2154 520 2530 591 operationem
2571 515 2702 571 Doni
2733 520 2954 585 propter
2970 509 3445 565 virtutislaborem
3466 510 3547 579 pi-

1956 614 2100 685 gris:
2126 621 2185 666 ut
2214 610 2569 681 speculativis
2602 618 2657 663 et
2676 606 2876 662 activis
2892 604 3090 659 anima:
3113 602 3324 658 viribus
3367 602 3548 657 scicn-

1957 708 2088 763 tiam
2130 721 2194 761 ac
2224 706 2482 759 virtutem
2499 716 2756 773 operans,
2789 700 2842 753 in
2885 697 3053 751 Deum
3082 702 3141 750 ut
3175 694 3461 751 veritatem
3494 706 3549 753 et

1957 800 2163 855 bonum
2190 797 2418 861 feratur,
2436 810 2615 866 neque
2634 794 2702 849 ab
2724 808 2789 847 eo
2807 792 2969 862 longe
2987 796 3329 850 amoveatur.
3348 785 3545 844 ail'ectu

1958 884 2303 949 terrenorum
2330 891 2611 961 deceptus,
2643 889 2820 958 iisque
2844 885 2980 941 solis
3010 892 3337 953 occupatus.

2551 1154 2707 1211 CAP.
2764 1151 2955 1207 XXIII.

2031 1248 2196 1304 Vens.
2234 1247 2285 1314 I,
2315 1248 2372 1301 Ξ.
2416 1246 2475 1302 Si
2514 1247 2714 1301 sederis
2740 1260 2949 1299 canore
2977 1245 3046 1297 ad
3093 1259 3329 1298 mensam
3365 1250 3547 1305 poten-

1960 1343 2065 1407 tis,
2126 1343 2392 1411 sapienter
2454 1341 2692 1410 intellige
2751 1356 2867 1411 qua:
2923 1348 3264 1407 apponuntur
3321 1335 3445 1401 tibi,
3492 1344 3546 1390 et

1960 1436 2111 1489 mitte
2140 1449 2354 1487 manum
2383 1441 2555 1489 tuam.
2593 1433 2653 1487 Si
2688 1432 2754 1487 ad
2789 1433 3108 1502 passionum
3147 1431 3545 1484 immunitatem

1961 1528 2301 1599 perveneris,
2344 1526 2733 1596 setlaverisque
2772 1525 2839 1579 ad
2867 1526 3067 1578 malmn
3098 1520 3546 1593 propensionem,

1962 1623 2036 1677 ita
2071 1631 2129 1675 ut
2175 1623 2335 1693 panis
2367 1621 2461 1692 qui
2488 1622 2555 1676 de
2579 1621 2721 1676 curio
2743 1618 3027 1675 descendit
3058 1616 3240 1687 possis
3273 1616 3388 1669 tieri
3422 1628 3547 1685 par—

1970 1715 2168 1783 ticeps,
2202 1714 2415 1769 scilicet
2457 1712 2551 1768 Dei
2586 1712 2981 1783 omnipotentis
3008 1718 3281 1763 creatura:
3306 1706 3549 1761 elemen-

257 1824 559 1893 ἱσταμένης
580 1823 811 1885 κτίσεως
836 1820 932 1873 τοῦ
968 1822 1380 1891 παντοδυνάμου
1416 1819 1577 1883 Θεοῦ,
1611 1821 1686 1890 μὴ
1711 1818 1845 1872 κατ’

1958 1804 2028 1859 tis
2067 1804 2228 1874 quasi
2264 1811 2501 1873 quatuor
2535 1802 2759 1872 pedibus
2790 1800 3013 1865 stantis,
3061 1800 3165 1854 bac
3215 1814 3283 1853 ne
3318 1813 3550 1854 sensuao

259 1915 517 1984 αἴσθησιν
540 1914 741 1983 ταύτης
772 1912 1009 1966 ἀπόλαυε
1046 1927 1060 1942 ο
1096 1911 1235 1967 ἀλλά
1262 1912 1329 1965 τὰ
1361 1912 1501 1965 κατά
1551 1912 1613 1965 τὸ
1666 1910 1852 1981 φαινό-

260 2009 426 2078 μενόν
467 2026 548 2060 σοι
582 2008 918 2081 προκείμενα
945 2008 1059 2077 εῐδη
1086 2006 1314 2076 ταύτης.
1348 2007 1551 2079 νοερῶς
1577 2007 1850 2077 καταλάμ-

258 2100 414 2162 ϐανε,
450 2100 577 2162 τοὺς
608 2098 809 2152 τούτων
841 2100 1033 2167 λόγους
1075 2099 1371 2168 συλλέγων,
1426 2100 1521 2154 καὶ
1581 2102 1702 2154 κατ’
1748 2100 1849 2154 αύο

257 2195 385 2255 τοὺς
417 2191 683 2261 ἐπιχείρει
711 2191 971 2260 πράττειν
1002 2190 1062 2242 τὸ
1092 2190 1316 2259 ἀγαθόν.

331 2284 520 2350 Εἰδὼς
553 2284 641 2336 ὅτι
678 2283 923 2336 τοιαῦτά
962 2299 1035 2336 σε
1064 2282 1160 2336 δεῖ
1177 2281 1656 2351 παρασκευάσαι.
1693 2280 1854 2334 Γινώ-

260 2394 409 2430 cum
434 2380 515 2430 ὅτι
544 2376 829 2447 μιμεῖσθαι
859 2378 991 2429 Θεὸν
1022 2379 1134 2438 τοῖς
1177 2376 1363 2447 ἔργοις
1415 2375 1674 2444 ὀφείλεις,
1725 2392 1849 2445 κιρ-

259 2469 369 2522 νῶν
395 2469 536 2522 κατὰ
566 2469 793 2539 γνώμην
832 2470 930 2531 τὰς
974 2469 1350 2537 ἀναλογούσας
1393 2470 1509 2531 τοῖς
1564 2466 1850 2538 στοιχείοις

258 2562 534 2631 τέσσαρας
570 2562 795 2630 γενικὰς
837 2562 1046 2633 ἀρετάς
1080 2578 1097 2593 ο
1148 2564 1243 2616 καὶ
1294 2561 1384 2615 τὸν
1435 2561 1577 2615 κατὰ
1612 2562 1852 2615 διάνοιαν

258 2654 732 2724 θεοπρεπέστατον
755 2656 848 2708 καὶ
878 2655 1039 2718 αὐτὸς
1071 2653 1335 2707 συνιστῶν
1356 2653 1584 2722 κόσμον.
1604 2654 1715 2715 τοῖς
1748 2670 1849 2705 κα-

259 2745 332 2798 τὰ
360 2745 522 2814 μέρος
549 2745 657 2798 τῶν
688 2744 896 2810 ἀρετῶν
920 2744 1117 2797 εἴδεσιν
1152 2760 1166 2773 ’
1219 2746 1278 2796 ἐν
1337 2742 1417 2813 τῷ
1463 2742 1723 2813 μετάγειν
1765 2758 1853 2793 σο-

261 2835 382 2905 φῶς
409 2835 477 2889 δι’
498 2836 772 2907 ἐμφεροῦς
799 2837 1138 2906 ὁμοιότητος,
1170 2835 1267 2905 τὴν
1301 2833 1443 2887 κατά
1471 2834 1564 2887 τὸν
1594 2832 1851 2903 αἰσθητὸν

260 2928 436 2980 αἰῶνα
470 2927 740 2999 μυστικὴν
764 2928 1018 2997 θεωρίαν,
1046 2929 1139 2979 ἐπὶ
1169 2928 1260 2979 τὸν
1309 2926 1453 2981 κατὰ
1507 2925 1747 2979 διάνοιαν
1794 2926 1851 2977 ὲν

260 3015 537 3086 πνεύματι
579 3016 668 3068 διὰ
700 3016 808 3068 τῶν
844 3017 1054 3086 ἀρετῶν
1093 3016 1586 3087 συμπληρούμενον
1624 3017 1848 3086 κόσμον.

335 3114 406 3177 γ’.
458 3110 527 3162 El
576 3107 645 3161 es
694 3109 1148 3178 ἀπληστότερος
1198 3110 1272 3173 εἷ,
1303 3110 1389 3178 μὴ
1435 3110 1703 3178 ἐπιθύμει
1732 3108 1851 3162 τῶν

264 3198 611 3269 ἐδεσμάτων
638 3199 848 3255 αὐτοῦ.
888 3200 950 3253 Ei
976 3200 1019 3254 δ’
1050 3201 1150 3254 ούκ
1173 3202 1317 3272 ἀρκῇ
1348 3202 1413 3271 τῇ
1449 3201 1626 3271 τοιᾷδε
1648 3198 1850 3268 γνώσει

263 3292 377 3347 τῶν
405 3292 636 3363 ἀρετῶν,
672 3294 789 3346 ἀλλ’
826 3294 922 3346 ἐπὶ
952 3294 1113 3347 πλέον
1152 3295 1295 3346 κατὰ
1320 3293 1554 3364 θεωρίαν
1613 3292 1850 3362 ὲκτείνῃ,

266 3386 349 3457 μὴ
373 3384 473 3456 ἔρα
511 3384 955 3455 καταλαμϐάνειν
981 3387 1050 3439 τὰ
1096 3386 1226 3455 παρ’
1286 3383 1453 3438 αὐτοῦ
1500 3384 1661 3454 μόνου
1714 3384 1850 3437 Θεοῦ

264 3480 652 3550 γινωσκόμενα
676 3481 952 3550 μυσςήρια
982 3476 1092 3532 οἷον
1111 3480 1191 3541 τὸ,
1219 3480 1368 3541 ὅπως
1399 3480 1464 3531 ἐκ
1492 3478 1585 3532 τοῦ
1620 3479 1853 3548 ἀγεννή-

261 3588 364 3625 του
388 3571 601 3642 Πατρὸς
630 3572 658 3623 ὁ
704 3573 1000 3643 μονογενὴς
1046 3571 1213 3624 αὐτοῦ
1274 3572 1369 3625 καὶ⁸
1428 3571 1694 3634 ωναῖδιος
1724 3571 1852 3634 Υἱὸς

263 3666 544 3733 γεννᾶται,
578 3666 671 3717 καὶ
698 3664 761 3717 τὸ
787 3664 1057 3718 συνσῖδιον
1087 3665 1252 3717 αὑτοῦ
1288 3664 1650 3734 ἐκπορεύεται
1683 3663 1853 3717 Πνεῦ-

267 3772 350 3827 μα
375 3775 387 3787 ·
419 3758 515 3810 καὶ
539 3758 684 3820 ὅπως
712 3756 866 3828 παρὰ
894 3756 1030 3811 Θεοῦ
1064 3756 1300 3827 ἠκτίσις
1351 3759 1415 3810 ὲκ
1454 3756 1550 3810 τοῦ
1583 3756 1656 3828 μὴ
1702 3756 1853 3819 ὄντος

266 3851 554 3922 παρήχθη-

344 3941 535 3995 Tacita
565 3938 676 4009 γὰρ
709 3940 909 4009 ἔχεται
949 3938 1101 4007 ζωῆς
1148 3938 1438 4007 ψευδοῦς.
1496 3939 1555 3991 Ὀ
1612 3938 1721 4006 γὰρ
1786 3938 1851 3990 τὰ

265 4029 514 4093 τοιαῦτα,
545 4031 673 4083 ὄντα
718 4031 1097 4100 ἀκατάληπτα,
1162 4029 1601 4101 καταλαμϐάνειν
1649 4032 1852 4100 ἐπιχει-

268 4124 401 4195 ρῶν,
422 4122 650 4192 ψευδοῦς
678 4123 961 4193 ἀντέχεται
979 4123 1254 4191 γνώσεως.

334 4218 399 4272 δ’.
432 4217 529 4285 Μὴ
576 4218 992 4287 παρεκτείνου,
1038 4217 1229 4284 πένης
1280 4216 1384 4279 ὢν,
1431 4220 1723 4281 πλουσίῳ.
1761 4220 1853 4290 Μὴ

266 4310 361 4368 οὖν
376 4315 679 4379 όπλασθεὶς
702 4317 765 4367 ἐκ
782 4315 924 4385 χοὸς,
948 4316 1042 4367 καὶ
1061 4315 1160 4383 τῆς
1181 4313 1331 4377 θείας
1362 4314 1583 4384 χάριτος
1613 4314 1851 4384 ἐπιδεὴς,

266 4408 373 4461 κᾶν
430 4411 664 4479 μετέχῃς
717 4407 876 4472 Θεοῦ,
928 4407 1222 4479 παρεξίσου
1281 4407 1455 4477 τούτῳ
1507 4408 1729 4472 ἑαυτὸν,
1776 4408 1854 4479 τῷ

1954 1898 2077 1952 liter
2134 1898 2376 1963 fruaris,
2434 1897 2529 1953 sed
2591 1905 2919 1966 apparentes
2978 1894 3099 1964 ejus
3167 1893 3383 1948 oblatas
3447 1892 3547 1945 tibi

1956 1989 2159 2043 fortnas
2200 1990 2571 2059 intelligenter
2611 1989 2830 2057 accipe,
2868 1987 3062 2040 harum
3106 1987 3349 2041 rationes
3393 1984 3548 2040 (0Ηί-

1953 2099 2088 2154 gens
2115 2092 2171 2138 et
2195 2082 2498 2138 secundum
2532 2096 2625 2137 eas
2655 2082 2871 2136 enitens
2896 2079 3099 2135 bonum
3126 2078 3365 2150 operari.

2026 2263 2209 2320 Sciens
2243 2263 2381 2334 quod
2428 2272 2626 2332 oportet
2669 2273 2716 2317 te
2757 2262 2891 2317 (alia
2942 2278 3269 2333 pmparare.
3326 2260 3545 2332 Cogno-

1954 2372 2116 2413 scens
2151 2356 2281 2426 quia
2319 2355 2489 2410 Deum
2527 2356 2581 2410 in
2616 2356 2879 2426 OpeIIIIUS
2910 2356 3110 2409 imitari
3144 2353 3310 2409 debes
3338 2368 3435 2422 per
3450 2367 3547 2406 cu-

1954 2451 2295 2522 gitatimiem-
2338 2450 2578 2505 miscens
2632 2459 2874 2521 quatuor
2924 2449 3159 2506 virtutes
3213 2449 3546 2520 principales

1953 2544 2240 2599 elementis
2298 2543 2745 2599 accommodatas
2807 2550 2863 2599 et
2915 2552 3179 2598 mundum
3236 2544 3545 2601 secundum

1952 2653 2210 2703 sensum,
2266 2638 2377 2693 Deo
2425 2636 2815 2709 dignissimum
2868 2638 3255 2703 constituens,
3310 2638 3546 2709 singulis

1956 2733 2215 2784 virtutum
2248 2730 2564 2800 speciebus,
2609 2729 2685 2783 ita
2736 2736 2797 2783 ut
2822 2730 3237 2800 comparatione
3274 2730 3543 2792 instituta.

1954 2823 2239 2892 mysticam
2267 2821 2453 2876 saeculi
2481 2821 2763 2877 sensibilis
2792 2824 3291 2877 considerationem
3324 2822 3541 2892 sapien-

1955 2926 2035 2968 ter
2060 2912 2367 2967 trausleras
2398 2912 2465 2965 ad
2493 2912 2915 2967 intellectualem
2954 2915 3215 2967 mundum
3249 2913 3342 2983 qui
3375 2912 3543 2984 spiri-

1954 3003 2179 3056 tualiter
2209 3017 2307 3071 per
2339 3003 2573 3056 virtutes
2604 3011 3045 3055 consauimatur.

2025 3093 2190 3149 Vens.
2227 3096 2281 3149 3.
2320 3092 2380 3148 Si
2402 3092 2767 3148 insatiabilior
2796 3108 2875 3157 es,
2917 3109 2979 3145 ne
3013 3092 3276 3147 desideres
3308 3092 3374 3145 de
3413 3093 3544 3146 cibis

1953 3189 2089 3259 ejus.
2150 3187 2206 3243 Si
2259 3203 2364 3241 non
2416 3186 2513 3241 tibi
2563 3185 2795 3242 sulliciat
2856 3186 3086 3239 scientia
3136 3186 3227 3238 illa
3254 3186 3543 3249 virtutum,

1955 3282 2299 3352 ampliusque
2330 3279 2662 3335 extendatur
2689 3279 2996 3348 speculatio
3030 3288 3143 3341 tua,
3170 3294 3236 3333 ue
3258 3278 3546 3333 desideres

1952 3388 2150 3444 capere
2176 3375 2435 3445 mysteria
2484 3387 2513 3425 α
2568 3370 2676 3426 Deo
2732 3372 2852 3426 solo
2885 3371 3132 3439 cognita,
3167 3369 3352 3439 qualia
3414 3376 3545 3423 sunt

1952 3464 2240 3534 generatio
2285 3464 2551 3534 unigeniti
2596 3471 2652 3517 et
2675 3463 2937 3516 coaeterni
2981 3462 3102 3516 Filii
3136 3480 3165 3515 a
3198 3460 3359 3519 Patre
3392 3461 3546 3532 inge-

1956 3556 2089 3621 nito,
2119 3556 2402 3625 processio
2432 3554 2689 3610 coaeterni
2714 3553 2979 3626 Spiritus,
2999 3566 3053 3609 ct
3075 3555 3286 3610 creatio
3310 3570 3343 3611 e
3370 3552 3545 3609 nihilo

1956 3662 1986 3700 a
2021 3647 2133 3703 Deo
2166 3648 2335 3703 facta.

2022 3940 2146 3995 Hac
2164 3942 2304 3996 enim
2337 3940 2569 3994 obtinent
2595 3940 2757 3994 vitam
2791 3939 3009 4009 falsam.
3035 3938 3190 3993 Talia
3218 3939 3391 4004 enim,
3417 3954 3541 3995 cum

1956 4033 2076 4102 capi
2113 4048 2219 4087 non
2253 4041 2507 4102 possunt,
2544 4038 2637 4103 qul
2670 4047 2869 4104 capere
2903 4042 3160 4096 conatur,
3180 4016 3330 4087 falsae
3364 4032 3545 4088 scien-

1955 4126 2043 4180 tia
2069 4126 2329 4180 adhaeret.

2028 4216 2195 4272 Vrsas.
2228 4216 2281 4271 4.
2304 4215 2536 4283 Pauper,
2556 4232 2617 4270 ne
2644 4216 2821 4287 erigas
2846 4216 3028 4270 oculos
3057 4225 3173 4270 tuos
3200 4216 3269 4269 ad
3298 4215 3540 4270 divitem.

1954 4306 2079 4364 Noli
2107 4310 2600 4382 igitur,epulvere
2646 4310 2977 4380 plasmatus,
3020 4309 3320 4378 divinaque
3368 4307 3544 4378 gratia

1955 4404 2231 4474 indigens.
2262 4405 2514 4473 quamvis
2551 4402 2644 4458 Dei
2696 4404 2978 4473 particeps
3020 4400 3294 4465 etiiciaris,
3349 4411 3545 4455 temet-

266 4501 510 4572 ἀκτίστῳ
528 4503 621 4553 καὶ
647 4501 1019 4571 ύπερπλήρει,
1060 4500 1503 4571 καταλαμϐάνειν
1528 4502 1691 4554 αὑτὸν
1727 4504 1849 4554 επι-

1958 4498 2140 4568 ipsqu
2180 4498 2274 4552 illo
2306 4499 2554 4552 increato
2584 4511 2649 4551 ac
2685 4496 2962 4549 immenso
3011 4494 3381 4564 aequiparare,
3417 4508 3543 4547 eum

268 4592 495 4663 χειρῶν,
520 4593 595 4655 ὡς
625 4588 769 4645 οἶδεν
793 4593 957 4655 αὐτὸς
975 4593 1190 4646 ἑαυτόν.

344 4682 424 4753 Τῇ
463 4685 531 4737 δὲ
559 4683 645 4753 σῇ
672 4685 878 4751 ἐννοίᾳ
912 4684 1215 4751 ἀπόσχου.
1266 4682 1603 4752 Ἀπόστησον
1647 4683 1704 4737 δὲ
1752 4683 1854 4753 τὴν

264 4775 504 4828 διάνοιάν
562 4792 655 4829 σου
716 4775 826 4831 ἀπὸ
876 4774 975 4843 τῆς
1007 4775 1127 4825 κατ’
1170 4773 1359 4825 οὐσίαν
1388 4772 1482 4825 τοῦ
1516 4772 1651 4826 Θεοῦ
1681 4774 1854 4842 Λόγου

267 4869 649 4941 καταλήψεως.

340 4970 401 5017 ε’.
452 4966 593 5017 Ἐὰν
620 4964 965 5031 ἐπιστήσῃς
988 4962 1053 5014 τὸ
1086 4961 1205 5014 σὸν
1234 4961 1393 5030 ὄμμα
1444 4960 1598 5030 πρὸς
1642 4960 1849 5024 αὐτὸν,

264 5055 535 5124 οὐδαμοῦ
563 5056 856 5125 φανεῖται.
901 5056 1028 5106 Ἐὰν
1073 5054 1182 5124 γὰρ
1230 5055 1289 5107 τὸ
1317 5054 1500 5124 νοερὸν
1534 5056 1631 5125 τῆς
1676 5052 1854 5122 ψυχῆς

270 5165 366 5200 σου
394 5146 550 5217 ὄμμα
579 5146 797 5218 ὲρείσῃς
824 5146 959 5217 πρὸς
992 5145 1157 5198 αὑτὸν
1193 5147 1419 5212 ἀτενῶς,
1443 5146 1535 5199 τὸν
1569 5146 1674 5199 ὑπὸ
1714 5146 1854 5197 πάν-

267 5256 378 5293 των
410 5241 486 5302 ὡς
517 5242 689 5295 αἴτιον
732 5242 1165 5312 κηρυττόμενον,
1198 5243 1255 5294 ὲν
1287 5241 1463 5295 οὐδενὶ
1511 5242 1631 5293 κατ’
1665 5240 1853 5293 ούσίαν

268 5330 544 5400 εὑρήσεις,
565 5334 640 5397 ὡς
675 5334 776 5387 ὑπε
788 5334 1021 5404 ρούσιον.

341 5427 826 5480 Κατεσκεύασται
882 5426 993 5495 γὰρ
1053 5424 1212 5490 αὐτῷ
1277 5424 1564 5493 πτέρυγες
1650 5423 1853 5491 ὥσπερ

266 5515 470 5570 ἀετοῦ.
515 5516 576 5569 '0
610 5519 717 5588 γὰρ
748 5518 867 5570 κατ’
900 5517 1090 5569 οὐσίαν
1120 5516 1295 5585 μένων
1325 5517 1383 5567 ἐν
1414 5514 1492 5583 τῷ
1516 5516 1708 5580 Πατρὶ,
1756 5516 1854 5567 καὶ

269 5608 613 5671 ἀδιαστάτως
643 5610 723 5673 είς
752 5610 842 5663 τὸν
869 5610 1075 5679 κόσμον
1117 5607 1476 5678 ἐξερχόμενος
1534 5606 1654 5659 κατ’
1702 5608 1853 5677 ἐνέρ-

271 5715 452 5765 γειαν,
474 5699 547 5762 ῶς
581 5698 647 5751 ἂν
678 5699 1004 5769 κηρύττοιτο
1038 5700 1141 5752 ὑπὸ
1166 5699 1275 5752 τῶν
1298 5698 1556 5753 αίτιατῶν
1587 5701 1653 5768 τῇ
1680 5716 1849 5751 κατα-

273 5790 479 5862 φατικῇ
535 5788 799 5861 θεολογίᾳ,
855 5790 933 5854 ὼς
990 5790 1163 5854 αἴτιος
1214 5790 1507 5861 μονογενὴς
1568 5787 1664 5840 τοῦ
1713 5787 1849 5841 Θεοῦ

594 5886 864 5948 ΡΑΤιιοι..
910 5888 1029 5949 Gn.
1063 5886 1435 5949 LXXXVII.

1957 4591 2175 4644 enitens
2199 4588 2667 4658 comprehendere
2700 4588 2849 4641 sicut
2880 4587 2991 4655 ipse
3024 4586 3266 4654 seipsum
3300 4584 3473 4637 novit.

2048 4683 2163 4736 Tua
2196 4691 2372 4736 autent
2405 4680 2828 4735 consideratione
2854 4677 3081 4731 abstine.
3108 4682 3307 4730 Averte
3330 4678 3543 4745 cogita-

1959 4774 2163 4827 tionem
2222 4782 2374 4829 tuam
2432 4788 2461 4824 a
2524 4772 2619 4826 Dei
2657 4770 2837 4827 Verbo
2885 4767 3190 4824 secundum
3244 4767 3541 4822 essentiam

1957 4868 2497 4939 comprehendendo.

2016 4959 2239 5015 Vsus.5.
2258 4958 2319 5015 Si
2335 4960 2620 5013 intenderis
2638 4960 2847 5013 oculum
2868 4968 3015 5012 tuum
3032 4956 3101 5009 ad
3116 4955 3267 5011 illum
3285 4969 3544 5025 nusquam

1958 5056 2253 5124 apparebit.
2296 5053 2352 5109 Si
2393 5055 2537 5107 enim
2578 5054 2799 5107 oculum
2853 5053 3053 5107 animae
3109 5048 3541 5104 intellectualem

1956 5158 2161 5203 attente
2191 5147 2375 5203 ﬂxeris
2408 5147 2460 5201 in
2479 5163 2807 5216 eum,quem
2844 5154 2903 5200 ut
2931 5159 3160 5200 causam
3186 5143 3368 5197 omnia
3399 5156 3545 5212 przeo

1955 5240 2178 5302 dicant,
2212 5255 2485 5309 nusquam
2519 5240 2892 5294 essentialiter
2922 5237 3214 5299 invenies,
3246 5234 3341 5306 qui
3378 5248 3543 5305 supra

1954 5348 2171 5387 omnem
2206 5333 2503 5388 essentiam
2549 5334 2763 5401 positus
2796 5340 2902 5387 est.

2028 5423 2243 5478 Parata:
2266 5424 2403 5477 enim
2428 5432 2551 5477 sunt
2575 5424 2622 5476 ei
2650 5424 2752 5477 alte
2790 5433 3045 5495 tanquam
3083 5421 3300 5491 aquilw.
3339 5419 3544 5489 Unigeo

1954 5517 2129 5570 nitum
2166 5519 2309 5570 enim
2351 5515 2445 5571 Dei
2493 5515 2758 5583 Verbum,
2812 5532 3039 5572 manens
3074 5513 3451 5569 essentialiter
3486 5512 3541 5566 in

1954 5609 2115 5663 Patre
2146 5624 2209 5662 ac
2243 5611 2363 5664 sine
2396 5612 2743 5680 separatione
2772 5612 2827 5665 in
2854 5608 3118 5663 mundum
3156 5621 3250 5676 per
3283 5606 3539 5659 virtutem

1956 5704 2201 5765 veniens,
2230 5710 2287 5753 ut
2318 5703 2461 5755 sicut
2489 5717 2655 5757 causa
2680 5717 2708 5754 a
2733 5702 2978 5756 causalis
3006 5700 3060 5756 in
3094 5698 3366 5768 theologia
3396 5696 3542 5751 amr-

1954 5793 2157 5847 mativa
2215 5794 2571 5864 praedicetur,
2626 5792 2867 5867 Spiritus
2922 5793 3001 5849 illi
3049 5789 3540 5849 consubstantialis

3053 5888 3136 5951 Ιιϐ
