4054 6530
530 304 659 369 1451

1847 306 2205 369 PROCOPII
2228 308 2472 370 GAZ/El

3676 299 3807 365 1452

525 412 841 474 virtutibus,
892 408 1054 482 quasi
1100 407 1473 480 quibusquam
1526 408 1865 465 altivolantis
1916 412 2111 481 aquilae

2234 414 2408 481 loyce,
2430 431 2548 477 ταις,
2580 464 2600 479 _
2615 411 2669 473 ιῦ
2686 410 2956 482 ὀμοφνοῦς
2978 408 3128 481 αὑτῷ
3152 409 3291 463 Πνεύ
3300 426 3466 480 ματος
3487 410 3574 463 ius
3583 410 3806 493 ργείαις⁹

521 506 741 578 pennis,
772 520 939 576 supra
972 504 1179 560 mentis
1208 504 1684 575 pcrspicacitatem
1711 502 2014 559 extollitur.

597 683 661 737 Et
710 682 918 737 revertit
948 682 1002 736 in
1027 679 1245 735 domum
1287 679 1534 749 prtesidis
1585 680 1693 735 sui.
1745 678 1993 733 Revertit
2021 695 2116 751 per

504 760 956 833 labstractionem
992 774 1332 828 naturalium
1369 789 1435 828 ac
1475 775 1861 843 temporalium
1910 775 2116 843 quibus

528 867 780 937 negative
811 865 953 921 Deus
987 864 1322 937 praedicatur
1349 865 1417 919 ad
1453 864 1688 935 gloriam
1718 865 1909 935 gratiae
1938 875 1991 918 et
2021 877 2117 918 ve-

529 961 707 1015 ritatis
726 960 1093 1030 plenam,qua
1118 966 1309 1028 utpote
1349 955 1683 1027 Unigenitus
1719 956 1861 1026 apud
1899 955 2116 1010 Patrem

528 1056 752 1108 fruitur.

600 1143 769 1198 Vens.
797 1142 850 1196 6.
896 1141 978 1196 Ne
1016 1142 1262 1196 comedas
1297 1156 1418 1195 cum
1458 1139 1667 1195 homine
1697 1139 1897 1193 invido.
1941 1136 2018 1193 Ne
2046 1138 2121 1192 si-

530 1238 642 1290 mul
676 1238 829 1290 vivas
862 1250 985 1289 cum
1040 1234 1259 1289 diabolo
1308 1234 1508 1287 anima:
1553 1242 1657 1286 tua:
1698 1233 1933 1287 salutent
1980 1229 2120 1283 imi-

530 1329 713 1382 dcnte.
780 1326 977 1379 Anima
1045 1324 1376 1380 distrahitur
1440 1323 1662 1393 quidem
1718 1336 1748 1373 a
1802 1319 1895 1373 Dei
1948 1317 2122 1373 Verbo

529 1418 651 1488 ejus
700 1433 927 1488 sponso,
984 1432 1082 1488 per
1125 1416 1375 1470 actiones
1428 1423 1613 1469 autem
1658 1413 2013 1468 irrationales
2056 1427 2122 1467 ac

533 1513 718 1567 virtuti
753 1512 1070 1565 contrarias
1123 1509 1282 1579 quasi
1319 1507 1439 1562 viro
1472 1506 1690 1560 cuidam
1740 1506 1958 1558 Satanae
2018 1505 2121 1574 ipsi

532 1603 969 1672 conglutinatur,
1001 1606 1055 1653 et
1084 1600 1167 1654 sic
1224 1613 1351 1653 cum
1388 1598 1511 1667 ipso
1576 1610 1917 1651 convescens
1948 1610 1980 1648 a
2013 1594 2124 1650 Deo

534 1696 763 1749 excidis.

2213 504 2289 568 ὣς
2319 522 2431 558 τισι
2460 507 2683 576 πτεροῖς
2716 502 3013 573 ὑψιπετοῦς
3040 503 3207 557 αὐτοῦ
3236 504 3334 574 (1),
3388 502 3695 574 ὑψούμενος
3756 507 3811 557 ὲν

2211 597 2293 669 τῷ
2313 597 2611 669 διορατικῷ
2641 595 2738 649 τοῦ
2761 594 3053 667 ἀνθρώπου
3080 597 3162 648 νοῒ

2283 688 2397 742 Καὶ
2427 688 2792 756 ὑποστρέφει
2823 690 2911 753 εἰς
2942 688 3050 741 τὸν
3081 684 3249 741 οἷκον
3287 687 3395 741 τοῦ
3450 688 3814 754 προεστηκό⁸

2216 797 2319 845 τος
2352 779 2561 834 αὐτοῦ.
2611 779 2972 850 Ἀποστρέφει
3006 778 3145 831 κατά
3189 779 3289 848 τὴν
3340 778 3452 831 τῶν
3497 778 3604 831 ὑπὸ
3654 778 3814 847 φύσιν

2220 874 2311 928 καὶ
2348 873 2541 943 χρόνον
2588 873 2904 942 ἀφαίρεσιν,
2958 872 3319 940 ἁποφατικῶς
3369 871 3814 940 θεολογούμενος,

2220 966 2355 1035 πρὸς
2384 964 2483 1032 τὴν
2517 964 2696 1033 πλήρη
2722 964 2946 1034 χάριτος
2977 964 3072 1016 καὶ
3093 964 3355 1035 ἀληθείας
3375 964 3451 1028 ὡς
3474 963 3816 1033 Μονογενοῦς

2224 1074 2296 1109 πα
2306 1056 2374 1127 ρὰ
2410 1056 2522 1108 Πατ
2533 1055 2621 1125 ρὸς
2662 1054 2840 1119 δόξαν.

2293 1152 2367 1211 ς’.
2399 1144 2493 1212 Μὴ
2523 1144 2877 1198 συνδείπνει
2917 1143 3092 1212 ἀνδρὶ
3141 1144 3459 1209 βασκάνῳ.
3537 1143 3633 1216 Μὴ
3700 1162 3819 1200 συν-

2221 1236 2409 1291 διαιτῶ
2438 1235 2515 1307 τῷ
2542 1234 2826 1306 φθονοῦντί
2860 1252 2942 1287 σοι
2970 1238 3067 1305 τῆς
3092 1236 3368 1306 σωτηρίας
3409 1235 3631 1303 δαίμονι
3654 1251 3667 1263 ·
3706 1235 3821 1290 δια·

2225 1328 2521 1398 σπωμένης
2577 1326 2678 1396 μέν
2734 1342 2825 1378 σου
2860 1325 2957 1395 τῆς
2996 1324 3176 1395 ψυχῆς
3222 1325 3316 1377 τοῦ
3362 1325 3604 1395 νυμφίου
3650 1326 3822 1394 αὐτῆς

2224 1419 2360 1473 Θεοῦ
2391 1419 2585 1487 Λόγου,
2602 1416 2949 1487 κολλωμένης
2974 1417 3029 1470 δὲ
3054 1416 3141 1469 διὰ
3176 1416 3283 1469 τῶν
3307 1420 3426 1470 κατ’
3448 1416 3692 1487 ἔλλειψιν
3722 1415 3821 1486 τῆς

2224 1514 2423 1584 ἀρετῆς
2460 1510 2785 1583 παραλόγων
2816 1510 3070 1581 πράξεων
3090 1551 3105 1576 ,
3131 1510 3206 1573 ὥς
3238 1528 3348 1563 τινι
3375 1511 3537 1581 ἀνδρὶ
3562 1510 3713 1580 αὐτῷ
3743 1509 3819 1578 τῷ

2216 1607 2443 1677 ,Σατανᾷ
2471 1623 2485 1639 ο
2519 1604 2813 1659 κάντεῦθεν
2846 1604 3224 1667 συνεσθίοντός
3254 1622 3346 1656 σου
3374 1604 3552 1673 τούτῳ
3580 1603 3679 1673 τὴν
3708 1602 3818 1657 ἀπὸ

2226 1698 2362 1750 Θεοῦ
2397 1697 2692 1751 ἔκπτωσιν.

608 1785 675 1839 Et
699 1802 761 1840 ne
786 1784 1052 1841 desideres
1087 1782 1233 1839 cibos
1255 1782 1394 1852 ejus.
1430 1780 1508 1838 Ne
1534 1782 1906 1853 concupiscas
1939 1782 2119 1838 varios

2296 1793 2461 1861 Μηδὲ
2512 1794 2784 1861 ἐπιθὺμει
2852 1789 2971 1845 τῶν
3028 1789 3361 1859 ,βρωμάτων
3407 1789 3619 1843 αὑτοῦ.
3677 1790 3817 1859 Μήτι

540 1897 659 1950 ejus
700 1881 994 1951 pravitatis
1025 1879 1207 1934 cibos.

608 2064 773 2118 Vens.
820 2064 873 2117 7.
922 2057 1386 2128 Quemadmodum
1442 2057 1585 2112 enim
1629 2054 1816 2127 siquis
1862 2053 2125 2125 deglutiat

532 2160 715 2222 pilum,
750 2158 826 2212 sic
866 2156 1095 2210 comedit
1144 2166 1193 2209 et
1230 2155 1382 2207 bibit.
1415 2151 1891 2219 Quemadmodum
1923 2150 2124 2203 etenim

533 2256 624 2325 qui
656 2254 823 2323 pilum
847 2250 1138 2321 deglutivit
1184 2250 1463 2313 anxiatur,
1499 2248 1573 2301 ita
1608 2255 1662 2301 et
1696 2246 1787 2300 ille
1835 2244 1929 2315 qui
1965 2243 2125 2297 mali-

534 2348 663 2401 tiam
696 2344 917 2417 quidem
974 2343 1356 2406 manducavit,
1392 2341 1599 2410 potavit
1651 2347 1833 2393 autem
1868 2339 2128 2409 ignoran-

535 2440 688 2503 tiam,
720 2442 1123 2501 commovetur,
1144 2432 1503 2503 perturbatur
1529 2430 1950 2500 naturalemque
1974 2429 2131 2483 amit-

538 2531 600 2584 tit
632 2528 1021 2581 valetudinem.

610 2617 789 2689 Neque
813 2618 881 2670 ad
923 2628 970 2671 te
991 2616 1306 2671 introducas
1338 2631 1455 2669 eum
1484 2624 1532 2669 et
1564 2612 1809 2668 comedas
1837 2611 2127 2666 buccellam

539 2717 684 2760 tuam
739 2723 856 2760 cum
890 2722 972 2760 eo.
1018 2705 1209 2777 Neque
1247 2706 1303 2760 in
1334 2706 1405 2761 iis
1440 2704 1645 2775 quibus
1682 2708 1946 2757 virtutem
1994 2717 2129 2771 ope-

541 2801 704 2863 l‘ut‘iS,
728 2799 825 2852 des
852 2799 928 2851 illi
952 2797 1273 2852 facultatem
1301 2797 1452 2851 illam
1485 2796 1591 2851 sibi
1618 2806 1800 2851 tecum
1832 2796 2127 2867 arrogandi

539 2893 592 2946 in
625 2894 931 2947 directione
961 2903 1260 2946 conatuum
1293 2890 1440 2961 ejus.

614 2982 776 3040 Vsus.
814 2984 866 3039 8.
900 2983 1115 3038 Erantet
1149 2983 1323 3049 illam,
1348 2992 1399 3036 et
1439 2981 1821 3038 contaminabit
1860 2997 2126 3037 sermones

2223 1886 2417 1957 όρέγου
2475 1885 2584 1939 τῶν
2632 1884 2894 1940 ποικίλων
2941 1884 3107 1938 αὑτοῦ
3163 1884 3262 1954 τῆς
3318 1881 3519 1946 κακίας
3590 1880 3815 1952 βρωμά-

2222 1996 2350 2035 των.

2296 2070 2363 2138 ζ’.
2400 2072 2501 2126 “Or
2528 2072 2755 2139 τρόπον
2787 2070 2897 2141 γὰρ
2932 2069 2988 2123 ετ
3031 2085 3123 2134 τις
3169 2066 3437 2134 καταπίῃ
3476 2066 3676 2136 τρίχα,
3717 2066 3817 2118 οῦ-

2225 2183 2339 2233 τως
2374 2166 2563 2220 ἐσθίει
2589 2164 2690 2219 καί
2723 2166 2903 2219 πίνει.
2932 2161 3070 2216 Καθ’
3098 2162 3155 2215 ὃν
3182 2162 3295 2232 γὰρ
3339 2159 3545 2231 τρόπον
3589 2162 3619 2213 ὁ
3652 2176 3816 2212 κατα-

2226 2256 2500 2321 πεπωκὼς
2533 2256 2719 2327 τρίχα,
2752 2256 2976 2325 ίλιγγιᾷ,
3008 2252 3264 2307 οὕτωκαὶ
3294 2254 3456 2315 αὐτὸς
3479 2252 3814 2324 τρεφόμενος

2230 2351 2329 2422 μὲν
2352 2350 2451 2422 τὴν
2484 2349 2709 2413 κακίαν,
2741 2350 2837 2421 τὴν
2860 2349 2905 2404 δ’
2938 2348 3164 2417 ἄγνοιαν
3216 2349 3410 2411 πίνων,
3463 2347 3811 2418 ταράττεται,

2229 2440 2326 2496 καὶ
2350 2442 2720 2496 ἀκαταστατεί
2757 2440 2853 2511 τὴν
2880 2440 3116 2511 φυσικὴν
3136 2439 3388 2494 ἀπόλλων
3410 2436 3651 2502 εὐεξίαν.

2299 2622 2465 2690 Μηδὲ
2522 2622 2674 2691 πρὸς
2730 2624 2806 2677 σὲ
2852 2622 3183 2692 εὶσαγάγῃς
3212 2620 3422 2686 αὐτὸν,
3468 2620 3568 2675 καί
3622 2620 3811 2689 φάγῃς

2227 2714 2334 2768 τὸν
2361 2715 2571 2783 ψωμόν
2590 2731 2707 2769 σου
2729 2716 2855 2785 μετ’
2880 2716 3084 2770 αὐτοῦ.
3118 2716 3262 2787 Μήτ’
3319 2717 3376 2767 ὲν
3422 2711 3505 2777 οἷς
3565 2715 3811 2783 πράττεις

2226 2808 2327 2877 τὴν
2349 2808 2569 2878 ἀρετὴν,
2595 2807 2701 2878 δῷς
2745 2807 2895 2877 αὑτῷ
2927 2808 3182 2879 πάροδον,
3241 2808 3336 2861 τοῦ
3386 2807 3692 2861 συνεσθίειν
3738 2823 3811 2857 σοι

2230 2900 2400 2969 αὐτὴν
2421 2901 2477 2954 ὲν
2504 2900 2581 2970 τῷ
2611 2900 2973 2971 ὑπαγορεύειν
3015 2901 3114 2965 τὰς
3149 2901 3427 2963 ἐπιτάσεις
3482 2900 3677 2969 αὐτῆς.

2298 3003 2371 3067 η’.
2404 2995 2835 3065 Ἐεεμέσειγὰρ
2864 2995 3073 3061 αὐτὸν,
3114 2995 3215 3048 καί
3260 2994 3616 3064 λυμανεῖται
3674 2994 3811 3059 τοὺς

541 3087 656 3130 tuos
685 3074 867 3129 bonos.
908 3072 1033 3128 Mox
1061 3073 1266 3129 etenim
1299 3073 1557 3128 virtutem
1591 3082 1933 3135 contemnet,
1961 3087 1989 3124 a
2019 3072 2126 3125 line

2234 3088 2454 3156 λόγους
2478 3101 2597 3140 σου
2628 3085 2771 3150 τοὺς
2809 3086 3056 3152 καλούς.
3097 3084 3476 3138 Ἀποὸαλεῖται
3532 3084 3643 3154 γὰρ
3691 3083 3814 3136 ταὺ-

541 3168 847 3225 sccundum
886 3166 1060 3222 Deum
1101 3174 1317 3221 avertet
1348 3173 1423 3233 te,
1460 3172 1668 3220 rectam
1701 3173 1850 3219 tuam
1878 3178 2127 3218 corrum-

538 3273 635 3334 pel.
666 3262 1052 3327 intentionem,
1086 3260 1187 3315 tibi
1224 3259 1469 3315 suadens
1507 3258 1765 3314 virtutem
1803 3257 2011 3328 ﬁngere
2060 3256 2131 3311 ob

543 3373 741 3411 vanam
779 3356 1013 3426 gloriam
1048 3353 1115 3408 ad
1150 3367 1346 3407 auram
1404 3354 1737 3424 papularem
1771 3351 2125 3422 captandam.

616 3535 784 3591 Vens.
832 3537 882 3592 9.
938 3533 1006 3589 In
1056 3550 1212 3589 aures
1270 3533 1624 3603 imprudentis
1678 3531 1789 3586 noli
1840 3530 2129 3601 quidquam

542 3632 748 3695 dicere;
806 3646 867 3683 ne
921 3629 1057 3699 forte
1102 3628 1327 3683 irrideat
1372 3629 1635 3695 sapientes
1686 3642 1954 3681 sermones
1986 3634 2127 3678 tuos.

543 3723 767 3778 Nullum
821 3724 1188 3793 pretiosorum
1235 3720 1333 3776 Dei
1392 3735 1713 3776 sermonum
1769 3732 2016 3789 propone
2075 3718 2129 3771 in

544 3818 795 3871 auditum
832 3816 1232 3870 irrationaliter
1263 3814 1523 3878 viventis,
1555 3820 1609 3867 et
1643 3812 1792 3867 sicut
1834 3825 2037 3880 porcus
2072 3808 2129 3862 in

545 3925 702 3965 coeno
754 3911 1095 3979 voluptatum
1149 3923 1208 3962 se
1263 3906 1590 3972 volutantis,
1620 3920 1688 3959 ne
1717 3905 1859 3958 forte
1898 3902 2131 3959 irrideat

546 4018 832 4059 sermones
860 4012 986 4055 tuos
1021 4002 1077 4054 in
1112 4002 1348 4055 veritate
1372 4000 1734 4054 constitutos.

618 4092 784 4147 Vens.
816 4093 901 4146 10.
946 4089 1030 4144 Ne
1055 4090 1355 4159 transferas
1393 4090 1642 4144 terminos
1679 4098 1937 4153 teternos;
1982 4098 2033 4142 et
2074 4088 2129 4140 in

547 4187 927 4255 possessionem
949 4185 1310 4250 orphanorum
1338 4199 1399 4237 ne
1423 4183 1767 4252 ingrediaris.
1795 4181 1871 4236 Ne
1901 4183 2128 4236 submo-

548 4296 677 4333 veas
715 4288 921 4333 aeterna
956 4275 1051 4331 Dei
1096 4276 1330 4347 judicia,
1372 4276 1651 4344 abripiens
1689 4274 1964 4343 judicium
2008 4273 2129 4341 ejus

548 4373 694 4443 quin]
727 4381 854 4426 ante
884 4382 1098 4441 tempus
1149 4369 1254 4423 fuit
1301 4369 1621 4433 decretum;
1654 4374 1707 4421 et
1757 4368 1812 4420 in
1863 4365 2127 4418 malitiam

2232 3198 2331 3250 την
2364 3180 2425 3233 οὐ
2453 3178 2591 3250 μετά
2617 3178 2778 3245 πολὺ,
2813 3175 3119 3246 ἀπαγαγών
3146 3194 3205 3230 σε
3228 3175 3321 3230 τοῦ
3359 3176 3504 3229 κατὰ
3532 3178 3668 3229 Θεὸν
3700 3194 3815 3229 σκο-

2233 3272 2337 3326 ποῦ
2374 3289 2387 3302 ’
2429 3271 2523 3324 καὶ
2547 3270 2739 3340 φθερεί
2769 3270 2896 3333 τοὺς
2926 3270 3013 3322 ἐπ’
3039 3269 3179 3341 αὐτῇ
3218 3270 3454 3338 ἀγαθοὺς
3501 3268 3810 3338 λογισμοὺς,

2232 3362 2435 3416 πείθων
2466 3379 2523 3415 σε
2556 3360 2947 3432 ὑποκρίνεσθαι
3001 3360 3208 3429 ταύτην
3234 3360 3320 3413 διὰ
3354 3357 3666 3422 κενοδοξίαν
3726 3357 3814 3409 καὶ

2232 3458 2330 3513 ἀνθ
2340 3458 2782 3530 ρωπαρέσκειαν.

2302 3552 2364 3607 θ’.
2385 3554 2489 3618 Εὶς
2516 3548 2637 3606 ὦτα
2668 3550 2933 3620 ἄφρονος
2969 3548 3166 3618 μηδὲν
3207 3546 3369 3617 λέγε,
3432 3545 3670 3618 μήποτε
3705 3564 3815 3613 μυ-

2232 3645 2487 3711 κτηρίσῃ
2540 3642 2680 3710 τοὺς
2727 3641 3028 3706 συνετοὺς
3054 3641 3281 3710 λόγους
3311 3657 3449 3696 σου,
3474 3640 3703 3711 Μηδένα
3721 3640 3816 3692 τῶν

2233 3735 2393 3789 θείων
2427 3736 2521 3788 καὶ
2555 3734 2936 3806 μαργαρωδῶν
2960 3734 3155 3802 λόγων,
3189 3733 3270 3796 είς
3308 3733 3578 3801 ἀκρόασιν
3636 3734 3817 3801 προτί·

2233 3828 2314 3881 θει
2371 3828 2465 3881 τοῦ
2521 3828 2822 3896 ἀλογίστως
2871 3826 3135 3897 βιοῦντος,
3172 3827 3267 3878 καὶ
3321 3826 3478 3896 δίκην
3534 3826 3723 3895 χοίρου
3748 3824 3815 3894 τῷ

2233 3919 2477 3991 βορϐόρῳ
2507 3918 2614 3971 τῶν
2640 3918 2841 3989 ἡδονῶν
2868 3915 3357 3985 ἐγκαλινδοῦμένου
3381 3930 3394 3944 ’
3466 3919 3681 3985 μήποτε
3727 3916 3816 3967 ἐπ·

2230 4012 2500 4082 εγγελάσῃ
2533 4014 2643 4073 τοῖς
2666 4014 2731 4081 τῇ
2759 4008 2987 4080 ἀληθείᾳ
3016 4008 3290 4079 στοιχοῦσι
3316 4008 3496 4076 λόγοις
3521 4025 3641 4062 σου.

2305 4110 2354 4155 ι’.
2377 4102 2475 4170 Μὴ
2491 4101 2753 4172 μεταθῇς
2778 4102 2909 4169 ὅρια
2934 4100 3142 4155 αἰώνια
3170 4117 3183 4131 °
3213 4102 3299 4166 εὶς
3328 4099 3397 4153 δὲ
3419 4098 3617 4167 κτῆμα
3641 4100 3816 4168 ὀρφαο

2230 4196 2353 4252 νῶν
2403 4195 2492 4266 μὴ
2547 4193 2849 4261 εἰσέλθῃς.
2910 4192 3004 4265 Μὴ
3059 4192 3343 4263 μετακίνει
3391 4192 3457 4246 τά
3494 4192 3601 4261 πρὸ
3628 4192 3813 4254 αἰῶνος

2232 4290 2429 4353 παντὸς
2457 4288 2550 4342 τοῦ
2580 4288 2713 4341 Θεοῦ
2764 4286 3041 4358 κρίματα,
3082 4284 3427 4357 ἀφαρπάζων
3482 4286 3583 4355 τὴν
3643 4288 3814 4357 κρίσιν

2231 4383 2395 4439 αὑτοῦ
2427 4382 2534 4453 πρὸ
2559 4383 2753 4453 καιροῦ
2786 4398 2800 4411 ·
2835 4381 2929 4433 καὶ
2952 4381 3033 4443 εἰς
3056 4380 3156 4450 τὴν
3187 4379 3329 4432 κατὰ
3355 4377 3682 4448 προαίρεσιν
3702 4378 3813 4429 ἐπι-

549 4466 807 4520 consulto
835 4466 1163 4534 acquisitam
1200 4461 1268 4515 iis
1309 4460 1402 4530 qui
1435 4475 1503 4515 ex
1532 4459 1830 4528 adoptione
1854 4454 1949 4510 Dei
1975 4458 2126 4512 exci-

2237 4477 2529 4546 κτηθείσαν
2560 4474 2758 4528 κακίαν
2781 4476 2891 4537 τοῖς
2928 4472 3223 4525 ἐκπεσοῦσι
3248 4470 3349 4539 τῆς
3394 4469 3490 4523 τοῦ
3529 4468 3669 4523 Θεοῦ
3716 4470 3812 4522 υἱο-

548 4560 708 4621 dunt,
750 4573 851 4626 per
889 4554 1277 4610 mandatorum
1324 4554 1442 4625 ejus
1498 4553 2023 4623 transgressionem,
2064 4568 2134 4605 ne

550 4652 898 4723 temetipsum
928 4649 1201 4715 inducas,
1240 4647 1503 4719 judicans
1545 4662 1641 4702 eos
1691 4648 1761 4702 de
1812 4648 1881 4701 iis
1933 4646 2135 4717 quibus

548 4761 657 4816 qua
683 4745 934 4799 homines
968 4743 1250 4798 labuntur.

630 4837 795 4893 Vens.
831 4838 920 4891 Η.
962 4837 1065 4902 Qui
1092 4839 1231 4890 enim
1263 4834 1479 4889 redemit
1499 4851 1587 4887 eos
1638 4832 1893 4889 Dontinus
1922 4836 2130 4889 validus

550 4943 653 4997 est,
697 4943 744 4987 et
768 4932 1035 5002 judicabit
1053 4932 1322 5003 judicium
1359 4948 1541 4986 eorum
1590 4941 1779 4985 tecum.
1815 4931 1957 4986 Deus
1984 4932 2130 4986 enim

552 5027 905 5096 omnipotens
952 5026 1079 5081 illos
1110 5026 1330 5096 quidem
1352 5040 1381 5078 a
1406 5025 1617 5078 malitia
1643 5024 1938 5087 liberabit;
1970 5040 2133 5094 super

554 5128 608 5175 te
639 5128 820 5173 autem
859 5117 1098 5172 adducet
1123 5116 1399 5188 judicium
1441 5133 1537 5173 eos
1565 5132 1818 5188 manens,
1848 5128 1902 5175 et
1922 5120 2135 5190 judicio

556 5227 667 5283 quo
692 5212 913 5282 judicas
940 5211 1081 5266 alios
1108 5210 1472 5282 judicaberis.

629 5388 791 5444 Vens.
829 5390 913 5444 12.
956 5389 1039 5443 Da
1066 5391 1117 5443 in
1143 5388 1482 5460 disciplinam
1513 5410 1603 5446 cor
1640 5402 1811 5449 tuum.
1850 5394 1996 5450 Oﬂ'er
2026 5396 2137 5451 Deo

560 5483 895 5537 intellectum
932 5493 1108 5553 tuum,
1159 5496 1219 5540 ut
1265 5486 1470 5541 divinis
1495 5488 1924 5560 cogitationibus
1972 5490 2137 5545 indu»

558 5584 715 5629 catur
744 5575 811 5629 ad
840 5576 1087 5632 meliora.

2233 4568 2436 4632 θεσίας,
2470 4568 2556 4620 διά
2587 4567 2686 4636 τῆς
2716 4565 2825 4618 τῶν
2851 4565 3081 4618 ἐντολῶν
3116 4562 3283 4617 αὑτοῦ
3308 4563 3705 4633 παραϐάσεως,
3742 4562 3810 4632 μὴ

2232 4660 2429 4714 σαυτὸν
2478 4658 2800 4728 εἱσαγάγῃς,
2860 4654 3206 4724 κατακρίνων
3259 4653 3457 4714 αὐτοὺς
3501 4652 3590 4720 ἐφ’
3623 4646 3704 4713 οἷς
3740 4651 3810 4711 ὡς

2232 4751 2506 4818 ἄνθρωποι
2538 4748 2959 4802 όλισθαίνουσιν.

2306 4850 2393 4896 ια’.
2437 4842 2499 4895 ’0
2532 4844 2637 4911 γὰρ
2668 4842 3074 4909 λυτρούμενος
3110 4838 3333 4903 αὐτοὺς
3395 4837 3631 4905 Κύριος,
3682 4853 3807 4903 ηας

2239 4934 2400 4999 ταιός
2422 4934 2555 4986 ἐστι
2575 4949 2587 4961 ο
2609 4933 2705 4986 καὶ
2722 4931 2916 5000 κρινεῖ
2933 4929 3048 4999 τὴν
3064 4930 3270 4997 κρίσιν
3292 4927 3490 4982 αὐτῶν
3506 4928 3657 4996 μετὰ
3683 4926 3803 4980 tm".

2250 5026 2308 5079 'U
2330 5027 2437 5096 γὰρ
2470 5027 2601 5088 Θεὸς
2625 5021 2713 5079 οἷα
2749 5027 2925 5079 πάντα
2959 5024 3279 5093 δυνάμενος,
3318 5022 3541 5084 τούτους
3582 5020 3681 5092 μὲν
3721 5021 3805 5088 τῆς

2240 5122 2437 5183 κακίας
2468 5119 2800 5185 ἀπαλλάξειο
2836 5120 2930 5171 ἐπὶ
2963 5117 3022 5170 σὲ
3058 5117 3101 5170 δ’
3126 5117 3413 5184 ὲπενέγκει
3470 5113 3572 5184 τὴν
3624 5112 3807 5181 ἀναμέσ

2242 5230 2435 5268 νονσαν
2466 5212 2687 5275 τούτους
2708 5212 3053 5281 κατάκρισιν,
3082 5211 3139 5263 ὲν
3161 5202 3205 5277 ᾧ
3234 5208 3465 5280 κρίματι
3488 5207 3676 5277 ἕτερον
3700 5204 3805 5275 κρί-

2244 5324 2355 5369 νεις
2382 5304 2859 5377 κατακρινόμενον.

2323 5399 2407 5471 ιβ’.
2441 5402 2548 5464 Δὸς
2580 5401 2665 5464 εἰς
2687 5397 2962 5450 παιδείαν
2988 5395 3102 5463 τὴν
3137 5394 3391 5462 καρδίαν
3434 5407 3570 5445 σου.
3635 5389 3801 5459 Παρά-

2247 5510 2375 5564 σχου
2439 5490 2557 5559 Θεῴ
2590 5490 2648 5542 τὸ
2677 5486 3014 5557 διανοητικόν
3050 5503 3169 5549 σου,
3221 5486 3307 5537 ἵνα
3354 5486 3471 5547 ταῖς
3512 5482 3683 5545 θείαις
3736 5482 3803 5530 ἐν·

2246 5585 2416 5647 νοίαις
2452 5582 2715 5652 ὲνάγηται
2738 5580 2873 5653 πρὸς
2895 5581 2962 5635 τά
2984 5579 3287 5650 κρείττονα.

2140 5700 2371 5757 NOTAE.

630 5761 705 5834 (Ι)
734 5761 873 5835 Lege
896 5762 1077 5820 ἀετοῦ.
1112 5766 1266 5821 Εοιτ.
