4054 6526
202 336 339 401 1453

1251 336 1785 397 COMMENTARII
1825 335 1898 395 IN
1956 335 2401 398 PROVERBIA.

3324 333 3456 398 1454

265 449 339 503 Τὰ
392 448 461 502 δὲ
488 443 608 502 ὦτά
644 463 762 502 σου
794 447 1120 517 ἐτοίμασον
1166 450 1372 519 λόγοις
1417 451 1777 516 αἰσθήσεως.

1934 451 2100 503 Aures
2120 458 2294 502 autem
2310 459 2429 502 tuas
2448 449 2636 503 adhibe
2652 450 2977 502 sermonibus
2998 448 3459 506 sensus.Faculta—

186 543 300 604 Τὰς
351 542 396 595 δ’
448 540 752 602 ὲπιπειθεῖς
805 540 948 611 λόγῳ
974 539 1068 593 τοῦ
1098 541 1400 610 παθητικοῦ
1433 543 1633 613 μέρους
1670 546 1770 613 τῆς

184 636 366 704 ψυχῆς
396 653 491 689 σου
530 634 816 704 δυνάμεις,
848 634 948 705 τὴν
976 634 1271 705 ἐπιθυμίαν
1313 638 1406 690 καὶ
1454 638 1545 690 τὸν
1576 639 1766 707 θυμὸν,

184 724 513 793 εᾷτρέπισον
566 724 847 793 λογισμοῖς
910 726 1023 786 τοῖς
1071 724 1405 794 διακρίνουσι
1480 727 1541 780 τὸ
1600 729 1769 789 ὅντως

185 816 391 883 ἀγαθὸν
427 815 534 868 ἀπὸ
558 814 652 867 τοῦ
677 814 1038 884 νομιζομένου
1063 831 1075 844 ·
1098 814 1239 868 ὥστε
1268 816 1365 885 τὴν
1401 818 1520 883 μὲν,
1551 817 1644 870 τοῦ
1684 818 1770 870 ὃν-

182 924 295 969 τως
332 906 623 976 ὀρέγεσθαι
658 904 862 973 ἀγαθοῦ
897 922 907 934 ·
938 905 1031 959 τὸν
1060 906 1139 971 δὲ,
1167 907 1226 960 τὸ
1253 908 1608 978 νομιζόμενον
1632 911 1770 963 ἀπο-

186 1000 537 1071 στρέφεσθαι.

258 1162 347 1231 ιγ’.
377 1161 475 1229 Μὴ
514 1161 759 1230 ἀπόσχῃ
788 1160 1010 1228 νήπιον
1033 1162 1338 1217 παιδεύειν
1370 1180 1386 1196 ·
1414 1165 1503 1218 ὅτι
1524 1164 1631 1218 ἐὰν
1655 1181 1769 1218 πα-

182 1255 379 1322 τάξῃς
403 1254 590 1307 αὑτὸν
611 1252 833 1321 ῥάϐδῳ,
862 1256 934 1308 οὐ
975 1254 1061 1324 μὴ
1106 1255 1400 1325 ἀποθάνῃ.
1446 1256 1537 1327 Μὴ
1584 1257 1767 1328 παύσῃ

184 1348 245 1400 τὸ
274 1365 338 1417 νη
351 1346 562 1408 πιωδῶς
593 1346 844 1415 φρονοῦν,
868 1349 961 1401 καὶ
984 1346 1284 1415 ἀλογίστως
1311 1348 1610 1419 φερόμενον
1642 1366 1771 1421 σαρ-

184 1439 307 1492 κίον
340 1455 458 1501 σου,
483 1439 619 1509 πρὸς
640 1438 901 1509 ἐργασίαν
928 1439 1211 1509 ῥυθμίζειν
1231 1440 1323 1494 τοῦ
1354 1440 1560 1509 ἀγαθοῦ
1583 1457 1596 1470 ·
1620 1442 1771 1493 ἐπει-

180 1532 364 1603 δήπερ
392 1534 439 1584 εἰ
467 1530 544 1593 ὡς
580 1531 637 1583 ἐν
658 1548 763 1583 τινι
791 1532 996 1602 ῥάϐδῳ,
1037 1531 1181 1603 λόγῳ
1233 1530 1591 1595 ταπεινώσεις
1638 1531 1770 1585 αὐτὸ

184 1620 528 1686 ὑπωπιάζων
558 1625 651 1677 καὶ
678 1622 1061 1692 δουλαγωγῶν,
1093 1623 1152 1675 οὐ
1192 1623 1270 1696 μὴ
1310 1624 1607 1696 διαφθαρῇ,
1667 1625 1771 1678 κᾶν

186 1714 466 1785 ὑποτρέχῃ
502 1731 561 1766 σε
594 1712 757 1783 φόϐος
784 1712 1043 1773 τοιοῦτος.

1871 547 1954 594 tes
1976 546 2158 593 autem
2201 555 2324 608 qum
2339 539 2537 593 animas
2553 540 2692 608 parti
2714 539 2985 593 sentitivas
3000 540 3282 604 obediuul,
3296 556 3459 611 appe-

1871 631 2033 686 titum
2059 632 2275 685 scilicet
2288 631 2775 701 concupiseibilem
2796 638 2849 685 et
2870 630 3171 701 appetitum
3199 632 3455 687 irascibi-

1876 723 2005 788 lem,
2035 738 2279 792 praepara
2320 722 2838 778 ratiocinationibus
2866 738 2987 792 quas
3022 738 3211 777 verum
3254 725 3459 779 bonum

1872 814 2195 871 discernunt
2225 816 2292 869 ab
2323 831 2389 871 eo
2408 816 2553 887 quod
2594 824 2856 871 censetur
2886 817 3123 881 bonum;
3160 818 3458 887 appetitum

1872 906 2091 977 quidem
2116 907 2603 977 coucupiscibilem
2653 916 2712 960 ut
2740 923 2926 963 verum
2961 906 3161 961 bonum
3191 912 3459 979 concupi-

1871 1006 2008 1064 scat,
2068 998 2405 1053 irascibilem
2481 1007 2666 1054 autem
2715 1008 2772 1053 ut
2815 998 2971 1053 abeo
3017 999 3158 1068 quod
3201 1010 3461 1056 censetur

1871 1090 2073 1145 bonum
2117 1098 2414 1146 avertatur.

1946 1181 2113 1238 Vens.
2148 1184 2234 1237 15.
2276 1182 2411 1238 Noli
2441 1184 2751 1241 subtrahere
2810 1203 2842 1241 a
2873 1203 3034 1257 puero
3076 1187 3409 1257 disciplinam
3441 1203 3458 1240 :

1870 1276 1916 1327 εἰ
1964 1275 2105 1329 enim
2151 1274 2471 1342 percusseris
2514 1289 2633 1326 eum
2701 1275 2869 1342 virga,
2921 1291 3023 1328 non
3069 1275 3342 1328 morietur.
3383 1273 3463 1329 Ne

1871 1366 2184 1421 cessaveris
2217 1379 2438 1419 carnem
2467 1364 2704 1434 puerilia
2731 1365 3063 1419 sentientem
3112 1375 3165 1421 et
3208 1368 3275 1421 ad
3325 1367 3463 1420 irra-

1872 1456 2104 1511 tionalia
2138 1456 2463 1525 proclivem,
2494 1454 2733 1525 dirigere
2771 1456 2838 1509 ad
2875 1457 3253 1526 operationem
3295 1459 3459 1523 boni;

1873 1550 2145 1619 siquidem
2200 1549 2349 1602 illam
2408 1548 2628 1602 ratione
2688 1547 2847 1616 quasi
2907 1547 3061 1616 virga
3120 1548 3461 1602 lmmiliatam

1875 1640 2181 1712 subjcceris
2213 1648 2268 1695 et
2306 1640 2361 1693 in
2405 1639 2729 1694 servitutem
2763 1637 3064 1707 redegeris,
3114 1652 3223 1691 non
3260 1638 3466 1692 interli-

1877 1733 2076 1799 cietur,
2101 1732 2204 1787 etsi
2232 1732 2396 1787 timor
2427 1732 2554 1788 talis
2585 1731 2641 1785 in
2668 1739 2907 1786 mentem
2930 1730 3031 1786 tibi
3057 1730 3273 1787 subeat.

256 1806 341 1859 ιδ’.
372 1805 454 1858 Σὺ
480 1804 597 1874 μὲν
632 1804 744 1874 γὰρ
774 1804 1065 1872 πατάξεις
1102 1804 1293 1859 αὐτὸν
1318 1804 1540 1873 ῥάϐδῳ,
1567 1805 1682 1875 τὴν
1709 1806 1777 1859 δὲ

1956 1819 2121 1876 Vens.
2156 1821 2243 1875 14.
2271 1821 2350 1876 Tu
2378 1821 2587 1892 quidem
2612 1825 2869 1891 percutias
2891 1840 3011 1876 eum
3043 1824 3465 1893 virga,animam

185 1897 409 1964 ψυχὴν
432 1896 618 1951 αὐτοῦ
663 1898 733 1950 ἐκ
774 1896 1036 1951 θανάτου
1061 1897 1251 1965 ῥύσῃ.
1301 1898 1373 1950 Σὺ
1417 1898 1516 1968 μὲν
1544 1898 1673 1969 γὰρ,
1705 1899 1781 1962 ὡς

185 1991 431 2061 εἴρηται,
478 1990 845 2054 ταπεινώσεις
881 1990 1041 2053 αὑτὸ,
1071 1990 1147 2053 ὡς
1178 1990 1243 2043 ἂν
1276 1991 1350 2060 μὴ
1388 1992 1680 2063 παρασῦρῃ
1722 2011 1782 2046 σε

182 2086 265 2145 εἰς
286 2083 568 2153 κρημνοὺς
589 2082 785 2144 κακίας
798 2083 892 2135 καὶ
912 2081 1181 2154 βάραθρα·
1200 2082 1295 2152 τὴν
1308 2082 1365 2135 δὲ
1407 2083 1780 2155 ζωογονοῦσαν

181 2175 343 2228 τοῦτο
375 2175 553 2245 ψυχήν
585 2193 699 2238 σου,
736 2174 895 2247 ἐξέλῃ
930 2175 1020 2228 τοῦ
1057 2174 1178 2227 καθ’
1210 2175 1485 2245 ἁμαρτίαν
1521 2177 1777 2232 θανάτου.

260 2267 344 2331 ιε’,
378 2274 472 2331 ις’.
502 2266 614 2331 Υἱὲ,
665 2268 781 2320 ἐὰν
818 2266 984 2335 σοφὴ
1037 2267 1280 2335 γένηταί
1322 2282 1439 2321 σου
1469 2267 1507 2333 ἡ
1545 2269 1777 2337 καρδία,

181 2358 513 2427 εὐφρανεῖς
540 2358 639 2412 καὶ
670 2358 785 2427 τὴν
824 2358 982 2428 ἐμὴν
1013 2359 1272 2427 καρδίαν
1298 2376 1311 2389 ·
1352 2360 1449 2413 καὶ
1490 2361 1779 2427 ἐνδιατρί-

185 2452 289 2518 ψει
320 2450 527 2515 λόγοις
574 2448 645 2501 τὰ
680 2450 761 2503 σὰ
806 2449 981 2518 χείλη
1012 2451 1163 2518 πρὸς
1211 2450 1285 2502 τὰ
1322 2450 1436 2519 ἐμὰ
1473 2451 1667 2519 χείλη,
1703 2450 1781 2503 ἂν

184 2539 338 2605 ὀρθὰ
378 2537 511 2592 ὦσι.
555 2538 780 2601 Τέκνον,
816 2537 845 2590 ὃ
896 2538 1284 2606 πνευματικῶς
1327 2541 1450 2601 ταῖς
1508 2539 1666 2609 ἐμαῖς
1702 2539 1779 2592 δι-

184 2628 515 2691 δασκαλίαις
556 2628 821 2698 eam“,
863 2629 959 2682 ὲάν
1002 2628 1163 2696 λόγου
1214 2629 1363 2682 θείου
1404 2630 1651 2703 μετάσχῃ
1684 2647 1777 2684 σου

184 2719 421 2792 ἡψυχὴ,
474 2720 796 2789 ἀγαλλίασιν
839 2721 935 2773 καὶ
985 2723 1051 2792 τῇ
1104 2723 1209 2790 ἐμῇ
1239 2721 1385 2793 ψυχῇ
1434 2724 1776 2793 ἐμποιήσεις,

182 2814 372 2868 οἰκεῖά
421 2831 523 2884 μου
578 2813 936 2884 λογιζομένου
977 2814 1045 2866 τὰ.
1092 2813 1161 2866 σά
1187 2830 1199 2843 ·
1251 2814 1346 2867 καὶ
1382 2814 1449 2867 τὰ
1487 2814 1643 2883 λόγιά
1686 2831 1778 2867 σου

186 2906 331 2975 πρὸς
363 2906 432 2959 τὰ
464 2907 571 2975 ἐμὰ
600 2905 675 2969 ὡς
708 2906 846 2976 πρός
871 2924 993 2958 τινα
1020 2906 1222 2960 κανόνα
1278 2905 1640 2977 παραϐαλεῖς,
1686 2908 1780 2959 καὶ

189 2997 580 3061 συνεξετάσεις
615 2996 708 3050 ὲάν
733 2998 1062 3069 ὑπάρχωσιν
1088 2997 1287 3069 ἀληθῆ.

268 3090 357 3152 ιζ’,
386 3090 475 3159 ιη’.
498 3090 591 3158 Μὴ
625 3090 886 3159 ζηλούτω
918 3092 954 3159 ἠ
988 3090 1199 3159 καρδία
1222 3105 1340 3145 σου
1365 3091 1776 3159 ἁμαρτωλοὺς,

184 3183 358 3237 ἀλλὰ
416 3183 485 3235 ἐν
513 3184 675 3252 φόϐῳ
722 3183 948 3251 Κυρίου
992 3183 1117 3236 ἴσθι
1157 3182 1311 3249 ὅλην
1343 3182 1459 3247 τὴν
1518 3184 1778 3251 ἡμέραν·

185 3271 303 3324 ἑὴν
335 3274 444 3340 γὰρ
468 3271 744 3339 τηρήσῃς
775 3271 950 3334 αὐτὰ,
992 3271 1165 3326 ἔσται
1201 3289 1300 3326 σοι
1334 3271 1557 3341 ἔκγονα
1583 3289 1597 3304 ·
1640 3274 1679 3340 ἡ
1717 3271 1784 3325 δὲ

183 3364 373 3429 ἐλπίς
403 3379 519 3417 σου
571 3365 681 3417 οὐκ
722 3363 1158 3432 ἀποστήσεται.
1206 3365 1299 3435 Μὴ
1325 3366 1452 3427 τοὺς
1482 3365 1589 3418 τῶν
1623 3365 1783 3418 θείων

188 3456 430 3508 ἐντολῶν
486 3456 811 3528 παραϐάτας
869 3456 1148 3527 μιμείσθω
1205 3474 1299 3509 σου
1344 3459 1376 3526 ἡ
1430 3457 1597 3529 ψυχὴ,
1646 3457 1784 3511 ἀλλά

188 3548 365 3617 φόὸον
395 3547 485 3617 ἔχε
529 3546 623 3601 τοῦ
671 3546 780 3600 τῶν
822 3546 957 3602 ὅλων
997 3547 1272 3601 Δεσπότου
1322 3547 1482 3611 Θεοῦ,
1521 3548 1627 3610 ἕως
1651 3546 1717 3601 ἂν
1750 3549 1783 3617 ἡ

184 3640 290 3692 τοῦ
338 3639 569 3693 θανάτου
626 3638 722 3704 νὺξ
778 3639 1087 3713 καταλάϐῃ.
1148 3639 1274 3693 Ἐἀν
1331 3639 1437 3710 γὰρ
1494 3640 1783 3710 ἀμφότερα

187 3730 375 3784 ταῦτα
430 3730 676 3804 φυλάξῃς
702 3771 716 3795 ,
778 3730 922 3796 ἔξεις
993 3730 1253 3801 μαθητῶν
1284 3732 1568 3801 -μαθητὰς
1592 3770 1608 3795 ,
1656 3730 1783 3794 τοὺς

190 3818 504 3888 ἑπομένους
530 3822 595 3890 τῇ
629 3819 946 3891 διδασκαλίᾳ
983 3837 1100 3885 σου,
1134 3823 1228 3873 καὶ
1258 3820 1349 3873 τὸν
1376 3820 1668 3891 ἀμεμπτόν
1692 3839 1784 3875 σου

191 3909 313 3971 βίον
348 3909 666 3979 ζηλοῦντας,
699 3911 793 3964 καὶ
821 3911 1079 3965 οὐδέποτε
1128 3911 1454 3976 ἀπελπίσεις
1485 3911 1584 3984 τὴν
1612 3929 1786 3984 σωτη-

192 4001 325 4073 ρίαν
360 4018 474 4057 σου.

272 4094 359 4147 ιθ’.
397 4096 627 4161 Ἄκουε,
668 4095 781 4162 υἱὲ,
824 4095 922 4149 καὶ
960 4095 1156 4165 σοφὸς
1199 4096 1404 4165 γίνου·
1435 4097 1532 4151 καὶ
1577 4098 1784 4152 κατεύ-

188 4188 344 4239 avre
376 4185 622 4239 ἔννοιαν
663 4188 785 4253 σῆς
833 4186 1104 4255 καρδίας.
1153 4186 1385 4251 Ἀπόθες
1430 4206 1520 4260 μοι
1568 4191 1635 4244 τὰ
1673 4184 1788 4245 ὦτά

194 4295 320 4341 σου,
350 4278 561 4341 τέκνον,
585 4278 677 4330 καὶ
698 4277 845 4330 θείου
881 4279 1280 4347 μεταλάμόανε
1309 4280 1492 4348 λόγου,
1526 4283 1621 4334 καὶ
1648 4283 1787 4336 κατά

191 4368 389 4421 τοῦτον
441 4368 736 4421 κατεύθυνε
778 4368 875 4440 τὴν
924 4370 1149 4442 πρώτην
1197 4371 1339 4424 κατὰ
1399 4371 1521 4425 νοῦν
1570 4373 1786 4441 κίνησιν

1885 1922 2061 1967 autem
2086 1914 2200 1983 ejus
2240 1930 2274 1968 a
2314 1924 2482 1967 morte
2525 1913 2794 1970 liberabis.
2838 1914 2975 1969 Nam
3010 1924 3070 1970 tu
3109 1917 3358 1986 quidem,
3406 1928 3467 1971 ut

1882 2004 2144 2070 diximus,
2176 2006 2498 2061 humiliabis
2540 2022 2660 2061 eam
2688 2017 2749 2061 ut
2779 2022 2888 2061 non
2917 2014 2969 2062 te
3000 2008 3235 2077 abripiat
3263 2009 3315 2062 in
3346 2010 3463 2062 vitii

1882 2095 2242 2165 praecipitium
2274 2104 2327 2149 et
2366 2097 2419 2149 in
2454 2097 2790 2164 perniciem;
2827 2097 3063 2150 animam
3096 2106 3279 2151 autem
3311 2110 3461 2153 tuam

1892 2200 2012 2255 qua:
2042 2186 2188 2239 illam
2223 2185 2462 2239 viviﬁcat
2492 2201 2521 2239 a
2555 2194 2729 2241 morte
2764 2188 2973 2257 peccati
3003 2188 3285 2244 liberabis.

1954 2276 2121 2331 Vens.
2155 2276 2243 2343 15,
2273 2278 2361 2336 16,
2398 2274 2533 2344 Fili,
2578 2279 2626 2331 si
2653 2278 2865 2349 sapiens
2894 2278 3053 2347 fuerit
3078 2281 3285 2333 animus
3315 2290 3459 2343 tuus,

1880 2373 2131 2442 gaudebit
2161 2381 2329 2426 tecum
2371 2387 2464 2425 cor
2499 2388 2697 2437 meum,
2732 2382 2781 2426 et
2809 2374 3231 2427 immorabuutur
3262 2391 3459 2428 sermo~

1881 2465 2032 2519 nibus
2063 2477 2152 2519 tua
2181 2465 2323 2518 labia
2346 2464 2414 2517 ad
2440 2481 2553 2520 mea
2570 2464 2735 2528 labia,
2760 2466 2806 2518 si
2837 2475 2981 2519 recta
3007 2467 3132 2519 sint.
3154 2465 3274 2526 Fili.
3300 2484 3461 2537 quem

1884 2556 2258 2625 spiritualiter
2299 2556 2441 2610 meis
2473 2555 2746 2609 doctrinis
2791 2555 2977 2624 genui,
3026 2557 3073 2609 si
3104 2556 3274 2610 divini
3311 2558 3463 2612 verbi

1882 2646 2065 2699 anima
2094 2656 2181 2699 tua
2206 2644 2483 2715 particeps
2518 2644 2660 2698 facta
2689 2643 2875 2711 fuerit,
2918 2645 3122 2716 gaudio
3152 2653 3206 2700 et
3225 2646 3463 2700 animam

1881 2753 2055 2791 meam
2087 2736 2364 2801 aﬂeceris,
2399 2737 2527 2807 quia
2563 2745 2651 2790 tua
2702 2746 2895 2805 reputo
2939 2752 3100 2792 mea:
3148 2748 3202 2794 ct
3248 2740 3467 2809 eloquia

1884 2838 1977 2883 tua
2012 2844 2140 2883 cum
2172 2829 2409 2898 eloquiis
2442 2828 2579 2883 meis
2614 2829 2771 2897 quasi
2804 2828 2870 2882 ad
2900 2830 3192 2897 quamdam
3226 2834 3466 2903 regulam

1882 2922 2155 2986 conferes.
2187 2930 2240 2976 et
2283 2931 2467 2975 utrum
2501 2936 2625 2975 vera
2657 2920 2771 2976 sint
2805 2922 3077 2992 inquires.

1956 3099 2118 3153 Vens.
2154 3099 2238 3162 Π,
2263 3099 2347 3154 18.
2377 3097 2497 3154 Νοη
2511 3098 2789 3155 tumuletur
2819 3117 2912 3155 cor
2941 3109 3087 3154 tuum
3114 3113 3414 3168 peccatores
3450 3119 3466 3155 ι

1884 3189 1975 3243 sed
2007 3191 2062 3243 in
2100 3192 2289 3244 timore
2325 3191 2424 3245 Dei
2464 3202 2574 3247 esto
2604 3202 2715 3246 tota
2745 3191 2852 3247 die.
2889 3190 3033 3246 Nam
3083 3195 3131 3247 si
3164 3194 3467 3249 observave-

1885 3284 1960 3336 ris
1979 3299 2063 3347 ea,
2081 3294 2234 3337 erunt
2260 3284 2355 3337 tibi
2382 3295 2624 3354 nepotes;
2653 3301 2766 3354 spes
2792 3295 2970 3339 autem
2993 3297 3084 3340 tua
3109 3303 3213 3341 non
3242 3288 3466 3345 recedet.

1884 3372 1962 3430 Ne
1994 3375 2307 3430 divinorum
2332 3378 2713 3431 mandatorum
2746 3385 3188 3449 transgressores
3221 3380 3469 3434 imitetur

1886 3466 2071 3520 anima
2125 3474 2244 3529 tua,
2295 3466 2391 3521 sed
2441 3466 2535 3521 Dei
2593 3466 2980 3522 universorum
3029 3466 3273 3533 Domini,
3328 3470 3468 3525 habe

1887 3558 2166 3625 timorem,
2198 3558 2374 3613 donec
2408 3558 2608 3615 mortis
2638 3574 2747 3613 nox
2780 3560 3056 3617 adveniat.
3094 3561 3150 3616 Si
3180 3570 3471 3634 utrumque.

1886 3649 2299 3715 observaveris,
2331 3650 2558 3706 habebis
2601 3651 2910 3722 discipulos
2946 3654 3345 3723 discipulorum
3376 3659 3469 3727 qui

1886 3741 2194 3796 doctrinam
2247 3749 2395 3795 tuam
2453 3752 2754 3812 sequentur
2806 3757 2870 3796 ac
2929 3744 3469 3813 irreprehensibilem

1890 3844 2036 3889 tuam
2077 3834 2416 3889 ammlabunt
2436 3835 2629 3900 vitam,
2658 3844 2711 3890 et
2745 3850 3027 3907 nunquam
3066 3836 3133 3892 de
3168 3836 3346 3894 salute
3378 3848 3469 3894 tua

1886 3927 2227 3999 desperabis.

1952 4114 2115 4171 Vens.
2156 4116 2242 4172 l9.
2276 4115 2439 4179 Audi,
2473 4116 2552 4185 ﬁli
2581 4118 2675 4180 mi,
2720 4126 2769 4171 et
2814 4128 2928 4171 esto
2958 4119 3200 4188 sapiens;
3226 4129 3274 4173 et
3305 4119 3471 4191 dirige

1889 4209 2245 4278 cogitationes
2268 4210 2443 4261 cordis
2464 4209 2560 4261 tui.
2589 4210 2834 4279 Appone,
2858 4210 2955 4273 lili,
2975 4226 3140 4267 aures
3163 4220 3288 4267 tuas
3311 4216 3469 4278 mihi,

1887 4310 1943 4355 et
1994 4302 2162 4355 divini
2206 4310 2323 4357 esto
2374 4303 2653 4370 particeps
2710 4303 2889 4365 verbi,
2920 4311 2973 4357 et
2996 4306 3301 4360 secundum
3335 4307 3469 4359 lllud

1890 4392 2117 4447 verbum
2146 4392 2324 4463 dirige
2355 4394 2784 4448 intellectualem
2810 4395 3003 4448 animae
3028 4404 3131 4449 tua:
3156 4406 3386 4460 motum,
3415 4406 3472 4448 ut

194 4462 304 4531 τῆς
335 4461 516 4530 ψυχῆς
552 4477 643 4512 σου
671 4476 683 4488 ·
736 4459 876 4514 ὥστε
925 4464 1025 4533 τῆς
1070 4462 1344 4532 ἀληθείας
1369 4464 1444 4534 μὴ
1478 4465 1778 4535 παρεκτρέ-

1888 4501 1917 4539 a
1949 4489 2179 4543 veritate
2219 4503 2325 4543 non
2359 4487 2647 4542 avertaris.

192 4550 421 4605 πεσθαι.

270 4652 342 4697 κ’.
390 4645 486 4711 Μὴ
531 4645 657 4699 ἴσθι
697 4646 1038 4715 οἰνοπότης,
1064 4647 1219 4715 μηδὲ
1248 4649 1517 4702 ἐκτείνου
1556 4653 1782 4718 συμϐο-

189 4738 358 4803 λαῖς,
390 4737 577 4803 κρεῶν
608 4755 675 4791 τε
725 4739 1110 4809 ἁγορασμοῖς.
1146 4741 1238 4807 Μὴ
1274 4742 1389 4810 χρῶ
1414 4744 1478 4811 τῇ
1510 4742 1605 4794 τοῦ
1637 4744 1780 4796 οἴνου

191 4828 359 4879 πόσει
390 4826 641 4899 ἀμέτρως
668 4844 681 4857 ·
722 4830 859 4899 μήτε
911 4829 1015 4899 μὴν
1064 4831 1157 4882 ἐπὶ
1206 4830 1343 4884 πολὺ
1377 4833 1498 4893 ταῖς
1553 4833 1782 4899 ἀγοραῖς

190 4921 527 4991 ἐνδιάτριόε,
577 4921 645 4974 τὰ
703 4923 839 4994 πρὸς
898 4922 1198 4993 θεραπείαν
1247 4923 1346 4993 τῆς
1397 4925 1633 4996 γαστρός
1688 4942 1780 4977 σου

191 5012 338 5066 ὠνοῦ
349 5029 527 5083 μενος.

266 5109 377 5157 κα’.
420 5102 544 5168 Πᾶς
597 5105 707 5174 γὰρ
732 5105 996 5175 μέθυσος
1041 5107 1139 5161 καὶ
1174 5110 1573 5177 πορνοκόπος,
1628 5123 1781 5161 πτω-

192 5197 408 5265 χεύσει
434 5213 446 5225 ·
476 5198 576 5249 καί
622 5198 943 5252 ἐνδύσεται
985 5199 1378 5268 διερῤηγμένα
1417 5202 1515 5253 καὶ
1540 5198 1781 5268 ῥακώδη

190 5287 317 5354 πᾶς
352 5288 652 5357 ὑπνώδης.
708 5290 821 5353 Πᾶς
863 5290 975 5360 γὰρ
1028 5293 1092 5359 τῇ
1136 5290 1303 5361 πολλῇ
1348 5291 1647 5361 οίνοποσίᾳ,
1686 5288 1780 5341 τοῦ

191 5380 317 5442 νυὸς
363 5378 739 5451 ἐξιστάμενος,
796 5383 890 5435 καὶ
939 5383 997 5434 ὲν
1052 5381 1130 5452 τῷ
1177 5384 1277 5452 τὴν
1322 5383 1565 5453 γαστέρα
1618 5382 1781 5450 θερα-

194 5469 411 5535 πεύειν,
440 5474 551 5534 τοῖς
594 5472 983 5543 ὑπογαστρίοις
1023 5472 1523 5543 ὲκθερμαινόμενος
1562 5471 1780 5532 πάθεσι,

196 5561 296 5613 καὶ
322 5560 651 5632 ἐκλυόμενος
686 5566 751 5633 τῇ
785 5565 1073 5634 ἀκολασίᾳ,
1106 5566 1426 5617 ἐκπεσεῖται
1468 5562 1562 5614 τοῦ
1594 5578 1651 5613 τε
1682 5579 1783 5614 σω-

202 5650 437 5719 ματικοῦ
471 5653 564 5705 καὶ
598 5654 972 5724 πνευματικοῦ
1024 5654 1257 5707 πλούτου
1279 5669 1292 5683 ·
1324 5653 1783 5723 καταδαπανήσας

198 5741 307 5815 καὶ
333 5743 683 5817 ἀμφοτέρους
742 5748 799 5801 ὲν
858 5750 971 5811 τοῖς
1020 5732 1116 5818 τῆς
1164 5746 1426 5817 αἰσχύνης
1474 5745 1657 5817 ἔργοις
1692 5747 1784 5798 καὶ

1956 4643 2120 4700 Vens.
2150 4644 2241 4698 20.
2288 4643 2418 4697 Noli
2447 4661 2558 4698 esse
2601 4646 2655 4697 in
2689 4644 2937 4698 conviviis
2988 4654 3292 4712 palatorum
3341 4648 3471 4707 vini,

1884 4750 1975 4787 nec
2004 4734 2058 4785 in
2091 4732 2559 4786 comessatiouibus
2588 4748 2793 4793 eorum,
2819 4732 2909 4800 qui
2943 4748 3126 4785 carnes
3159 4734 3228 4785 ad
3262 4749 3469 4786 vescen-

1883 4825 2009 4876 dum
2036 4823 2335 4890 conferunt.
2378 4819 2455 4875 Ne
2509 4821 2870 4875 immoderate
2911 4820 3023 4874 vini
3075 4830 3207 4890 potu
3259 4826 3469 4886 utaris.

1884 4929 2062 4984 neque
2093 4916 2323 4967 multum
2360 4912 2412 4964 in
2438 4911 2555 4964 foro
2591 4911 2903 4968 immoreris
2929 4912 2996 4967 ad
3024 4913 3317 4968 emendum
3352 4930 3474 4983 qua:

1887 5007 2062 5060 ventri
2100 5017 2194 5058 tuo
2231 5003 2561 5057 inserviunt.

1958 5100 2114 5153 Vens.
2150 5078 2242 5152 Ql.
2279 5096 2462 5151 Omnis
2492 5096 2631 5149 enim
2673 5097 2848 5150 ebrius
2893 5106 2941 5150 et
2965 5106 3229 5149 scortator
3272 5095 3475 5149 mendi-

1884 5194 2045 5254 cabit,
2086 5201 2135 5243 et
2175 5192 2422 5242 iuduetur
2465 5189 2719 5255 disruptis
2761 5200 2811 5242 et
2859 5188 3047 5241 laceris
3083 5188 3273 5256 pannis
3304 5188 3472 5241 omnis

1884 5284 2265 5339 somnolentus.
2308 5281 2500 5336 Omnis
2532 5282 2677 5335 enim
2731 5281 2893 5334 homo
2931 5281 3115 5335 multa:
3160 5282 3269 5334 vini
3321 5289 3476 5349 pota-

1886 5376 2019 5429 tioni
2049 5375 2266 5429 deditus
2291 5389 2355 5428 ac
2386 5373 2614 5428 servitio
2646 5372 2877 5437 ventris,
2909 5374 3186 5441 corporeis
3204 5387 3475 5428 accensus

1887 5468 2205 5521 libidinibus
2235 5474 2287 5520 et
2313 5466 2366 5518 in
2402 5465 2856 5519 incontinentiam
2888 5464 3213 5535 dissipatus,
3250 5466 3472 5521 divitiis

1889 5570 2003 5624 tum
2038 5558 2418 5628 corporalibus
2448 5565 2560 5611 tum
2595 5556 2975 5625 spiritualibus
2994 5557 3231 5613 excidet.
3254 5555 3479 5623 Utrum-

1886 5668 1993 5722 que
2025 5654 2171 5706 enim
2228 5650 2493 5720 impendit
2542 5650 2598 5704 in
2632 5650 2896 5720 operibus
2946 5666 3009 5705 ac
3050 5651 3481 5721 cogitationibus

1893 5743 2275 5815 turpitudinis.
2309 5742 2374 5797 Et
2406 5744 2586 5799 omnis
2611 5743 2777 5799 homo
2803 5742 3081 5814 negligens
3112 5751 3165 5798 ct
3192 5743 3245 5797 in
3279 5760 3478 5813 corpo-
