4054 6534
607 352 743 418 1455
1904 346 2252 408 PROCOPII
2285 344 2527 406 GAZIEI
3724 332 3861 398 “56

604 465 817 522 ralibus
840 461 896 519 et
920 464 974 518 in
998 461 1381 532 spiritualibns
1403 460 1659 515 induetur
1681 460 1904 530 quidem
1918 459 2186 532 disruptis

2291 460 2576 529 λογισμοῖς
2602 474 2618 489 ο
2654 456 2751 511 καὶ
2779 473 2847 509 πε
2860 454 3162 527 ρι6αλεῖται
3196 449 3529 521 σωματικῶς
3560 449 3675 519 μὲν,
3703 454 3860 520 χιτῶ-

604 569 658 615 et
677 557 882 613 vilibus
901 556 1120 627 pannis,
1163 554 1345 608 anima
1385 562 1568 607 autem
1601 552 1726 621 ejus
1749 551 2067 620 ,involvetur
2091 567 2185 606 eo-

2291 570 2386 616 νας
2434 551 2805 622 διερῤωγότας
2846 550 2942 603 καὶ
2986 546 3263 609 εὐτελεῖςο
3308 543 3559 614 ψυχαῶς
3594 543 3670 603 δὲ.
3712 544 3861 608 δόξεις

603 651 963 724 gitationibus
1008 646 1204 703 divisis
1260 645 1402 699 inter
1447 644 1715 714 plurimas
1778 643 2184 698 irrationabiles

2291 644 2422 716 περὶ
2449 643 2543 697 τοῦ
2566 643 2766 705 παντὸς
2787 640 3196 711 μεμερισμένας
3207 639 3329 699 ταῖς
3355 637 3484 705 περὶ
3512 634 3581 689 τὰ
3600 636 3714 688 καθ’
3737 637 3863 689 ἐκα-

606 743 920 813 cupidines,
942 749 997 796 et
1028 737 1288 802 humiles,
1327 752 1449 806 qua:
1479 736 1546 790 ad
1587 737 1820 809 gloriam
1841 736 1933 791 Dei
1966 737 2186 792 univer-

608 850 795 891 sorum
840 832 1103 888 creatoris
1132 829 1436 901 perducere
1467 844 1578 884 non
1607 829 1810 884 valent.

679 1094 845 1151 Vens.
876 1094 966 1149 22.
1002 1094 1166 1160 Audi,
1200 1095 1300 1165 ﬁli,
1338 1105 1541 1165 patrem
1578 1104 1726 1149 tuum
1775 1094 1865 1161 qui
1904 1095 2080 1165 genuit
2119 1103 2188 1149 te.

607 1188 799 1253 Obedi,
844 1188 917 1241 ﬁli
980 1186 1310 1256 spiritualis,
1346 1187 1624 1242 mandatis
1660 1185 1782 1256 ejus
1809 1185 1902 1256 qui
1956 1194 2009 1240 te
2054 1185 2191 1240 ado-

606 1281 805 1353 ptavit,
835 1279 1137 1336 secundum
1168 1279 1399 1351 gratiam
1435 1294 1532 1349 per
1564 1279 1722 1334 ﬁdem
1752 1278 1848 1332 Dei
1880 1278 1934 1331 in
1971 1294 2116 1333 eum.

677 1372 747 1427 Et
780 1389 842 1427 ne
888 1382 1193 1427 contemnas
1232 1388 1351 1426 cum
1384 1373 1613 1427 senuerit
1661 1382 1834 1425 mater
1875 1379 1989 1424 tua.
2037 1370 2191 1426 Vete-

612 1482 726 1520 rem
759 1467 1069 1522 doctrinam
1100 1481 1223 1537 qum
1251 1477 1303 1521 te
1326 1466 1594 1520 enntrivit
1628 1481 1695 1519 ne
1713 1474 2038 1520 contemnas
2064 1463 2191 1533 quia

607 1559 828 1611 inﬁrma
884 1558 1029 1612 farta
1084 1566 1218 1612 sunt
1272 1558 1523 1629 symbola
1550 1558 1705 1627 ejus,
1762 1574 1885 1613 cum
1939 1558 2191 1614 Christus

608 1657 798 1719 typum
833 1664 929 1718 per
958 1649 1129 1719 legem
1162 1663 1488 1718 expressum
1518 1664 1643 1704 vere
1674 1649 1941 1721 implevit.

679 1824 846 1881 Vsus.
864 1826 957 1881 24.
982 1826 1121 1881 Bene
1135 1827 1486 1894 educatpater
1504 1828 1702 1897 justus.
1727 1826 2026 1883 Commode
2043 1826 2188 1881 enim

612 1932 710 1987 per
742 1920 908 1973 talem
949 1919 1260 1973 doctrinam
1297 1918 1495 1973 educat
1527 1917 1672 1974 Deus
1707 1929 1860 1989 pater
1888 1920 2187 1976 secundum

608 2010 836 2079 gratiam
859 2010 983 2080 ejus
1009 2010 1100 2078 qui
1120 2009 1295 2065 credit
1324 2010 1379 2064 in
1418 2025 1569 2076 eum,
1604 2010 1758 2065 illum
1806 2026 1836 2065 a
1871 2013 2017 2066 malo
2066 2013 2190 2083 qui-

606 2101 1018 2159 demaversum.
1053 2100 1118 2153 ad
1150 2114 1369 2153 omnem
1405 2108 1588 2155 autem
1642 2100 1891 2156 excitans
1930 2101 2187 2157 virtutem

603 2190 933 2260 justissimis
960 2189 1083 2259 ejus
1114 2189 1411 2245 mandatis.

680 2281 751 2335 Et
792 2283 847 2335 in
879 2282 994 2351 ﬁlio
1042 2282 1279 2350 sapiente
1319 2281 1537 2336 lwtatur
1569 2283 1753 2337 anima
1803 2280 1937 2352 ejus.
1971 2281 2029 2338 In
2078 2282 2189 2338 ﬁlio

605 2364 789 2426 autem
820 2371 941 2441 ejus
968 2372 1269 2427 secundum
1297 2372 1527 2443 gratiam
1558 2373 1841 2442 sapientiae
1889 2373 2073 2442 pleno,
2105 2389 2191 2429 re-

612 2463 899 2517 locillatur
951 2470 1178 2517 sanctus
1212 2462 1443 2531 spiritus
1470 2462 1611 2531 ejus,
1636 2461 1767 2515 dum
1799 2462 1971 2534 legem
2002 2464 2189 2534 implet

608 2554 975 2624 spiritualem,
1003 2568 1113 2607 non
1138 2563 1284 2607 metu
1313 2568 1603 2623 pinnarum
1640 2553 1785 2608 sicut
1835 2570 2051 2620 servus,
2092 2572 2189 2613 ne-

608 2660 715 2713 que
752 2642 1028 2698 desiderio
1045 2643 1556 2697 remunerationum
1601 2642 1748 2697 sicut
1792 2645 2186 2709 mercenarius,

609 2735 702 2789 sed
725 2744 777 2788 ut
801 2735 945 2789 lilius
975 2732 1291 2789 mandatum
1321 2733 1497 2803 patris
1519 2748 1849 2804 exsequens,
1877 2736 2189 2808 bonumque

609 2826 736 2894 quia
762 2825 1051 2895 pulchrum
1086 2824 1319 2879 faciens.

678 3002 848 3059 Vens.
878 3002 968 3058 25.
997 3001 1269 3058 Laetamur
1306 3012 1460 3071 pater
1486 3014 1538 3058 et
1594 3014 1766 3058 mater
1787 3020 1944 3075 super
1996 3014 2086 3070 te;
2135 3016 2184 3062 et

609 3091 837 3166 gaudeat
870 3110 987 3164 quae
1014 3096 1213 3162 peperit
1246 3104 1314 3148 te.
1348 3094 1588 3150 Lmtetur
1609 3108 1741 3167 ergo
1760 3111 1926 3165 super
1943 3105 1997 3152 te
2024 3097 2183 3167 quasi

608 3202 775 3259 super
801 3187 974 3241 lilium
1005 3186 1307 3243 secundum
1340 3186 1575 3257 gratiam
1607 3195 1661 3243 et
1682 3188 1825 3246 Deus
1863 3189 1953 3260 qui
1982 3190 2185 3246 Ieado-

610 3280 806 3352 ptavit,
835 3289 889 3335 et
926 3282 1044 3349 ipsa
1083 3278 1356 3349 legislatio
1384 3288 1544 3335 vetus
1569 3296 1692 3350 quae
1717 3289 1770 3337 te
1800 3283 2102 3338 secundum
2126 3284 2189 3337 ﬁ-

610 3370 735 3427 dem
765 3373 820 3427 in
854 3387 978 3427 eum
1002 3373 1285 3443 concepit,
1319 3373 1476 3441 quasi
1505 3373 1559 3428 in
1583 3375 1835 3440 matrice,
1865 3376 1920 3429 in
1952 3385 2080 3447 typo
2094 3377 2186 3448 qui

611 3465 894 3520 veritatem
914 3463 1230 3528 obumbrat,
1263 3477 1317 3520 et
1352 3465 1410 3519 in
1449 3479 1560 3536 quo
1588 3466 1908 3536 puriﬁcatus
1934 3483 1995 3523 es
2028 3483 2058 3522 a
2090 3485 2190 3539 po-

611 3556 784 3608 tentia
818 3552 1048 3621 peccati.
1091 3552 1319 3622 lnsuper
1359 3552 1594 3623 gaudeat
1622 3569 1745 3624 quae
1790 3570 1889 3627 per
1936 3572 2187 3613 sanctum

612 3644 949 3714 baptismum
1008 3654 1061 3699 te
1108 3646 1299 3714 genuit
1338 3644 1622 3715 ﬁliumque
1651 3645 1745 3701 Dei
1776 3649 1980 3719 recepit
2017 3651 2190 3720 gratia

610 3746 884 3788 renovans
904 3730 1144 3802 Spiritus
1174 3734 1378 3800 sancti,
1398 3736 1527 3789 dum
1551 3737 1699 3792 clare
1730 3740 2022 3808 perspicis,
2043 3742 2188 3796 nulla

610 3825 869 3893 passione
883 3826 1104 3880 oculum
1132 3826 1329 3881 mentis
1346 3825 1694 3891 obfuscante,
1715 3832 1965 3886 veritatis
1984 3832 2187 3899 radios,

613 3915 818 3985 Deique
846 3917 1179 3971 voluntatem
1203 3931 1365 3986 quam
1399 3917 1501 3972 tibi
1533 3919 1801 3989 praecipit,
1835 3931 1895 3976 ut
1921 3921 2068 3980 ﬁlius
2090 3925 2191 3978 im-

612 4005 728 4075 ples
761 4022 886 4062 cum
919 4006 1139 4062 aﬁ‘ectu.

680 4296 851 4353 Vens.
880 4296 972 4353 26.
1004 4297 1210 4362 Ρηείιε,
1240 4299 1343 4368 fili,
1368 4315 1461 4353 cor
1487 4308 1636 4355 tuum
1661 4303 1789 4357 mihi
1816 4319 1835 4357 :
1856 4313 1906 4359 et
1947 4306 2088 4360 oculi
2112 4308 2189 4361 tui

2297 754 2422 791 στον
2464 736 2770 803 ἀλογίστοις
2812 731 3151 802 ἐπιθυμίαις,
3213 729 3310 783 καὶ
3358 727 3644 790 ταπεινὰς,
3682 730 3751 791 ὡς
3788 730 3861 801 μὴ

2293 824 2605 892 ἀναγούσας
2636 825 2714 887 είς
2739 820 2896 887 δόξαν
2918 820 3013 874 τοῦ
3035 820 3105 873 τὰ
3122 821 3299 874 πάντα
3336 818 3699 888 πεποιηκότος
3713 816 3859 881 Θεοῦ,

2289 916 2438 980 ἄπας
2497 916 2637 986 πρός
2689 932 2749 968 τε
2816 914 2888 967 τὰ
2942 912 3233 983 σωματικὰ
3285 912 3380 966 καὶ
3424 911 3494 965 τὰ
3532 912 3862 981 πνευματιιὰ

2292 1006 2538 1080 ῥᾴθυμος

2365 1099 2470 1170 κβ’.
2507 1100 2751 1164 Ἀκουε,
2786 1096 2899 1161 υίὲ,
2925 1098 3151 1166 πατρὸς
3193 1093 3301 1150 τοῦ
3339 1092 3753 1164 γεννήσαντός
3773 1111 3859 1149 σε.

2294 1193 2513 1257 Πείθου,
2537 1190 2725 1245 τέκνον
2754 1189 3127 1260 πνευματικὸν
3150 1229 3165 1254 ,
3198 1189 3321 1251 ταῖς
3354 1186 3605 1249 ἐντολαῖς
3641 1185 3731 1237 τοῦ
3758 1187 3861 1239 υἱο-

2299 1281 2671 1353 θετησαμένου
2699 1296 2760 1332 σε
2788 1279 2930 1332 κατὰ
2947 1278 3107 1348 χάριν
3131 1278 3197 1347 τῇ
3219 1277 3300 1339 είς
3328 1275 3491 1328 αὐτὸν
3521 1273 3861 1326 πίστειΘεοῦ.

2370 1372 2476 1426 Καὶ
2513 1372 2600 1441 μὴ
2644 1372 3001 1440 καταφρόνει
3044 1368 3132 1422 ὄτι
3176 1366 3471 1437 τεγήρακέ
3516 1380 3638 1418 σου
3660 1364 3861 1433 μήτηρ.

2294 1466 2407 1519 Καὶ
2460 1465 2562 1537 τὴν
2602 1463 2955 1536 θρεψαμένην
2998 1479 3058 1515 σε
3107 1460 3344 1514 παλαιὰν
3393 1458 3745 1512 διδασκαλίαν
3799 1459 3867 1530 μὴ

2295 1556 2615 1627 περιφρόνει
2643 1556 2727 1608 ὅτι
2756 1556 2871 1617 τοῖς
2901 1554 3021 1608 κατ’
3052 1552 3225 1623 αὐτὴν
3255 1549 3549 1621 συμϐόλοις
3571 1548 3827 1619 ἠσθένησε
3848 1568 3864 1579 ·

2295 1649 2402 1718 πλη
2414 1646 2686 1718 ρώσαντος
2712 1646 2886 1700 ταῦτα
2910 1644 3175 1720 Χριστοῦ,
3202 1644 3304 1715 τῆς
3332 1642 3595 1713 ἀληθείας
3622 1639 3713 1693 τδν
3740 1642 3868 1695 κατὰ

2289 1739 2455 1810 νόμον
2481 1738 2674 1791 τύπον.

2362 1831 2459 1884 κδ’.
2484 1827 2696 1896 Καλῶς
2712 1823 2981 1898 ἐκτρέφει
3002 1826 3199 1895 πατὴρ
3221 1826 3471 1891 δίκαιος.
3500 1825 3742 1887 Δεόντως
3768 1824 3869 1894 γάρ

2288 1920 2377 1975 διὰ
2393 1921 2493 1991 τῆς
2515 1918 3132 1991 τοιαύτηςδιδασκαλίας
3149 1918 3344 1985 ἀνάγει
3360 1916 3495 1979 Θεὸς
3516 1917 3544 1968 ὁ
3566 1915 3709 1969 κατά
3724 1916 3870 1985 χάριν

2289 2013 2567 2084 γεννήτωρ
2601 2011 2697 2065 τοῦ
2728 2009 3079 2073 πιστεύοντος
3105 2010 3182 2073 είς
3208 2008 3397 2063 αὐτόν·
3432 2007 3761 2077 ἀποτρέπων
3781 2008 3869 2077 μὲν

2288 2106 2478 2160 τοῦτον
2509 2106 2692 2177 πάσης
2723 2104 2946 2170 κακίας,
2984 2102 3123 2175 πρὸς
3161 2102 3217 2156 δέ
3263 2104 3445 2157 πᾶσαν
3500 2100 3707 2174 ἀρετὴν
3745 2118 3866 2173 προ-

2288 2196 2508 2270 τρέπων
2544 2200 2667 2263 ταῖς
2694 2197 3068 2259 δικαιοτάταις
3100 2193 3269 2250 αὐτοῦ
3302 2194 3567 2257 ἐντολαῖς.

2374 2288 2498 2343 Ἐπί
2537 2287 2605 2342 δὲ
2633 2287 2741 2354 υἱῷ
2770 2285 2942 2357 σοφῷ
2970 2286 3351 2355 εὐφραίνεται
3380 2284 3420 2352 ἠ
3452 2282 3629 2353 ψυχὴ
3673 2284 3867 2337 αὐτοῦ.

2302 2380 2425 2434 Ἐπὶ
2480 2378 2538 2434 δὲ
2577 2378 2659 2451 τῷ
2702 2377 3121 2451 πεπληρωμένῳ
3151 2375 3424 2438 συνέσεως
3465 2374 3573 2444 υἱῷ
3611 2373 3751 2427 κατά
3778 2373 3871 2443 χά·

2291 2492 2377 2546 ριν
2400 2473 2618 2539 τούτου,
2648 2473 2711 2527 τδ
2742 2472 3011 2541 πανάγιον
3039 2467 3207 2523 αὑτοῦ
3234 2466 3582 2522 ἀναπαύεται
3615 2465 3825 2535 πνεῦμα
3853 2482 3868 2495 ο

2287 2565 2631 2620 τελειωθέντι
2666 2565 2809 2619 κατά
2850 2564 2945 2618 τὸν
2973 2562 3346 2641 πνευματικὸν
3388 2562 3558 2633 νόμον
3580 2575 3597 2590 ⁶
3651 2562 3746 2613 καὶ
3778 2577 3873 2629 μη-

2289 2658 2408 2711 κέτι
2438 2657 2590 2729 φὸσῳ
2618 2657 2726 2711 τῶν
2769 2656 3057 2710 ικολάσεων
3104 2649 3195 2708 οἷα
3245 2653 3444 2725 δούλῳ,
3494 2653 3528 2724 ἢ
3569 2653 3723 2723 πόθῳ
3771 2651 3871 2704 τῶν

2292 2749 2641 2817 ἐπαγγελιῶν
2672 2744 2759 2803 οἷα
2790 2748 3011 2820 μισθίῳ,
3063 2745 3181 2801 ἀλλ’
3227 2746 3303 2810 ὡς
3354 2746 3457 2816 υίῷ
3496 2743 3872 2815 πληροῦντιτὸ

2289 2841 2555 2911 πατρικὸν
2589 2840 2824 2912 θέλημα,
2874 2839 2934 2894 ἐν
2979 2837 3059 2909 τῷ
3108 2836 3442 2910 ἐργάζεσθαι
3488 2836 3552 2890 τὸ
3589 2834 3788 2905 ἀγαθὸν
3808 2834 3874 2889 δι’

2290 2932 2420 2985 αὐτὸ
2448 2932 2510 2984 τὸ
2538 2931 2722 2986 καλόν.

2364 3031 2461 3078 κε’.
2481 3023 2906 3094 Εὐφραινέσθω
2932 3026 2964 3078 ὀ
2981 3022 3175 3092 πατὴρ
3187 3021 3284 3076 καὶ
3312 3020 3351 3089 ἠ
3376 3022 3577 3091 μήτηρ
3622 3019 3723 3074 ἐπὶ
3756 3020 3872 3078 σοι,

2289 3117 2387 3169 καί
2428 3114 2737 3185 χαιρέτωή
2788 3113 3051 3169 τεκοῦσά
3104 3131 3200 3170 σε.
3246 3112 3626 3183 Ἀγαλλιάσθω
3656 3107 3751 3164 οῦν
3788 3112 3876 3166 ἐπὶ

2292 3208 2379 3261 σοὶ
2408 3207 2484 3270 ὡς
2513 3206 2656 3261 κατά
2680 3208 2842 3278 χάριν
2864 3204 2991 3277 υίῷ,
3023 3206 3113 3259 ὅτε
3143 3203 3604 3275 υίοθετησάμενός
3633 3220 3693 3255 σε
3728 3202 3874 3271 Θεὸς,

2290 3301 2384 3354 καὶ
2418 3299 2557 3371 αὐτὴ
2588 3301 2621 3370 ή
2656 3300 2799 3354 κατά
2831 3300 2931 3370 τὴν
2978 3301 3059 3362 είς
3089 3298 3253 3352 αὐτὸν
3296 3296 3480 3351 πίστιν
3529 3294 3874 3367 βρεφουργή-

2291 3392 2437 3446 σασά
2469 3408 2527 3445 σε
2558 3391 2765 3446 παλαιὰ
2793 3391 3108 3461 νομοθεσία,
3145 3390 3221 3454 ὡς
3247 3390 3305 3442 ἐν
3357 3388 3545 3459 μήτρᾳ
3590 3386 3675 3457 τῷ
3704 3386 3873 3458 τύπῳ,

2291 3479 2351 3539 οὗ
2375 3485 2529 3547 ἐντὸς
2566 3486 2601 3555 η
2630 3484 2883 3554 ἀλήθεια,
2926 3484 2985 3537 ἐν
3026 3482 3104 3553 τῷ
3128 3480 3375 3553 καθαρόν
3409 3497 3469 3533 σε
3495 3479 3751 3549 γενέσθαι
3783 3480 3875 3550 τῆς

2291 3577 2411 3632 κατ’
2442 3576 2725 3648 ἐνέργειαν
2773 3575 3084 3648 ἁμαρτίας·
3126 3574 3206 3628 ἔτι
3254 3592 3318 3644 γε
3370 3574 3478 3645 μὴν
3504 3572 3875 3642 εὐφραινέσθω

2291 3670 2389 3724 καλ⁸
2423 3670 2567 3742 ἠδιὰ
2611 3668 2706 3723 τοῦ
2752 3670 2912 3738 ἀγίου
2962 3668 3338 3739 βαπτίσματος
3373 3665 3747 3736 ἀποκυήσασά
3797 3680 3873 3727 σε,

2290 3763 2385 3816 καὶ
2403 3762 2531 3815 Υίὸν
2553 3761 2689 3815 Θεοῦ
2718 3760 3047 3826 ἀναδείξασα
3077 3759 3386 3823 καινοποιδς
3413 3760 3573 3831 χάρις
3596 3759 3691 3812 τοῦ
3718 3759 3877 3812 11νεὺ-

2294 3871 2505 3925 ματος,
2566 3854 2949 3919 διαϐλέποντός
3029 3871 3124 3907 σου
3182 3853 3395 3925 τρανῶς
3421 3894 3435 3918 ,
3492 3851 3877 3924 ἀνεπιθολὼτῳ

2292 3946 2455 3999 παντὶ
2503 3944 2685 4011 πάθει,
2733 3943 2808 4015 τῷ
2854 3944 2953 4015 τῆς
2989 3943 3227 4007 διανοίας
3279 3942 3571 4013 ὀφθαλμῷ,
3632 3946 3736 4005 τὰς
3781 3943 3877 4012 τῆς

2290 4036 2551 4108 ἀληθείας
2589 4037 2783 4105 αὐγὰς,
2817 4036 2910 4089 καὶ
2941 4034 3279 4105 πληροῦντος
3319 4034 3396 4097 ὡς
3448 4032 3591 4100 υἱοῦ,
3626 4034 3691 4087 τὸ
3724 4034 3875 4105 θέλη-

2295 4148 2370 4200 μα
2408 4128 2500 4182 τοῦ
2556 4128 2689 4182 Θεοῦ
2738 4129 2877 4198 μετά
2927 4126 3245 4191 διαθέσεως,
3289 4127 3347 4190 ὃς
3394 4143 3477 4179 σοι
3514 4127 3646 4181 τάδε
3700 4128 3875 4181 διακε-

2290 4222 2527 4277 λεύεται.

2292 4303 2297 4307 ’
2363 4319 2478 4378 κς’.
2539 4313 2651 4378 Δός
2700 4329 2825 4381 μοι,
2864 4311 2979 4379 υἱὲ,
3028 4309 3155 4378 σὴν
3210 4310 3500 4379 καρδίανο
3558 4313 3615 4364 oi
3666 4310 3736 4364 δὲ
3784 4310 3874 4364 σοι

610 4391 725 4446 vias
756 4406 899 4444 meas
924 4390 1254 4445 custodiant.
1298 4390 1487 4446 Prmbe
1528 4392 1683 4457 mihi,
1720 4393 1818 4459 ﬁli,
1844 4410 2084 4452 amorem
2120 4416 2187 4455 ex

2292 4404 2587 4475 ὀφθαλμοί
2614 4404 2760 4474 ἐμὰς
2811 4402 2992 4468 ὀδοὺς
3041 4401 3416 4471 τηρήτωσαν.
3462 4400 3723 4471 Πάρασχέ
3770 4418 3871 4469 μοι,

612 4492 725 4540 tota
753 4484 933 4537 anima
958 4493 1073 4548 tua,
1115 4491 1168 4537 et
1194 4483 1376 4537 omnis
1396 4482 1521 4540 ﬁnis
1539 4491 1668 4540 tuus
1683 4487 1774 4552 sit,
1792 4489 2047 4544 mandata
2071 4506 2189 4547 mea

613 4590 853 4631 scrvare.
892 4574 1161 4630 Virtutem
1216 4575 1337 4629 cole
1369 4589 1533 4645 quam
1571 4576 1917 4648 pracipiunt,
1963 4587 2019 4634 et
2055 4581 2191 4636 nihil

611 4685 677 4725 ex
707 4668 969 4739 perituris
989 4666 1261 4722 charitate
1284 4667 1341 4722 in
1368 4668 1681 4737 proximum
1701 4671 1996 4739 pretiosius
2016 4673 2189 4731 habe:

611 4758 739 4829 quia
776 4777 796 4809 ι
835 4758 938 4824 Qui
988 4757 1165 4827 diligit
1205 4772 1314 4823 me,
1350 4760 1609 4815 mandata
1649 4775 1767 4817 mea
1799 4763 2043 4817 servabit
2084 4764 2124 4829 ',
2165 4783 2184 4817 ι

610 4861 666 4905 et
710 4867 723 4904 :
759 4868 778 4901 ι
812 4847 929 4904 Hoc
974 4859 1061 4905 est
1097 4847 1417 4904 mandatum
1478 4867 1656 4907 meum
1691 4861 1748 4907 ut
1779 4854 2019 4926 diligatis
2052 4858 2192 4912 invi-

611 4955 729 4995 cem
757 4941 798 4994 ".
840 4959 858 4992 ι

682 5133 849 5189 Vsus.
881 5133 972 5188 27.
991 5131 1207 5188 Dolium
1237 5133 1378 5187 enim
1421 5131 1751 5201 perforatum
1774 5131 1963 5188 domus
1990 5133 2188 5190 aliena.

611 5225 769 5280 Dolio
804 5227 951 5281 enim
985 5224 1269 5295 perforato
1299 5224 1640 5278 assimilatur
1682 5224 1773 5280 ille
1802 5226 1897 5296 qui
1932 5240 2029 5296 per
2061 5240 2190 5295 pas-

611 5320 796 5383 siones
828 5326 1039 5371 naturae
1067 5316 1327 5370 rationali
1362 5316 1571 5370 alienas
1616 5316 1672 5369 in
1726 5331 1786 5371 se
1818 5316 2190 5371 inhabitantes

611 5411 967 5481 intelligentia
992 5410 1244 5475 orbatus,
1264 5408 1523 5463 mandata
1548 5406 1642 5463 Dei
1675 5423 1706 5463 a
1745 5410 2043 5479 semetipso
2072 5425 2188 5464 ser-

612 5519 741 5559 vare
767 5518 873 5558 non
916 5510 1119 5574 potest.

680 5590 747 5644 Et
763 5599 950 5659 puteus
986 5598 1240 5661 angustus
1268 5590 1500 5645 alienus.
1538 5588 1606 5644 Et
1643 5599 1804 5660 puteo
1833 5589 2107 5661 profundo
2133 5602 2189 5646 ct

612 5682 794 5739 alieno
845 5683 1043 5739 similis
1094 5692 1181 5739 est
1211 5681 1304 5752 qui
1345 5683 1744 5752 temporalibus
1781 5682 2188 5738 circumscribit

680 5823 703 5857 ⁸
737 5821 898 5878 Joan.
926 5838 1035 5888 xiv,
1060 5821 1151 5878 23.
1232 5823 1252 5852 "
1277 5819 1438 5877 Joan.
1471 5837 1558 5889 xv,
1597 5822 1685 5877 12.

2292 4501 2503 4565 τέκνον,
2536 4499 2634 4570 τὴν
2677 4500 2736 4566 ἐξ
2766 4500 2896 4571 ὅλης
2923 4498 3107 4568 ψυχῆς
3146 4515 3235 4551 σου
3270 4497 3549 4569 ἀγάπησιν
3573 4514 3588 4529 ⁸
3639 4498 3790 4559 ᾶπας
3820 4495 3870 4546 δέ

2295 4610 2378 4647 σοι
2432 4592 2655 4655 σκοπὸς,
2698 4592 2834 4663 πρὸς
2878 4593 2939 4645 τὸ
2988 4591 3285 4663 φυλάττειν
3328 4591 3428 4653 τὰς
3474 4590 3615 4661 ἐμὰς
3660 4588 3873 4650 ἐντολὰς

2293 4684 2433 4738 ἔστω
2456 4700 2469 4714 ·
2502 4685 2755 4755 ἑπομένῳ
2778 4683 3009 4747 ταύταις
3035 4684 3157 4738 κατ’
3180 4682 3403 4754 ἀρετὴν,
3438 4683 3534 4735 καὶ
3576 4680 3748 4752 μηδὲν
3772 4681 3872 4733 τᾶν

2293 4774 2548 4845 φθαρτῶν
2608 4774 2708 4844 τῆς
2761 4773 2855 4826 τοῦ
2913 4774 3145 4844 πλησίον
3197 4774 3422 4843 ἀγάπης
3484 4774 3872 4845 προτιμότερον

2293 4867 2600 4936 ποιουμένῳ
2625 4882 2639 4896 '
2692 4866 2817 4918 ἐπεὶ
2851 4886 2868 4917 ι
2913 4865 2972 4918 Ὀ
2995 4866 3225 4934 ἀγαπῶν
3261 4883 3349 4936 με,
3386 4865 3486 4927 τὰς
3519 4865 3743 4927 ἐντολάς
3778 4882 3871 4933 μου

2290 4959 2575 5028 τηρήσει.»
2601 4987 2669 4996 -—
2695 4978 2713 5008 ι
2738 4957 2885 5028 Δῦτη
2906 4958 2961 5011 δέ
2986 4960 3133 5012 ἐστιν
3154 4957 3391 5030 ήὲντολὴ
3419 4959 3453 5027 ἡ
3478 4956 3715 5027 ἐμὴ,ἴνα
3742 4958 3870 5025 ἁγα-

2292 5047 2428 5098 πᾶτε
2457 5044 2741 5114 ἀλλήλους.
2778 5067 2798 5098 ρ

2362 5135 2464 5197 κζ’.
2511 5136 2693 5202 Πίθος
2739 5136 2849 5205 γὰρ
2907 5136 3264 5208 τετρημένος
3324 5138 3497 5192 ἐστὶν
3561 5138 3866 5207 ἀλλότριος

2291 5219 2474 5290 οἶκος.
2516 5226 2664 5297 Πίθῳ
2698 5244 2756 5281 τε
2808 5228 2918 5300 γὰρ
2950 5230 3356 5301 τετρυπημένῳ
3390 5229 3571 5281 ἔοικεν
3607 5232 3637 5282 ὸ
3667 5234 3781 5294 τοῖς
3804 5232 3869 5283 oi-

2291 5316 2527 5383 κήσασιν
2555 5318 2613 5369 ἐν
2645 5315 2797 5387 αὺτῷ
2821 5318 2999 5384 ξένοις
3024 5317 3127 5388 τῆς
3171 5318 3399 5389 λογικῆς
3431 5320 3648 5388 φύσεως
3681 5320 3867 5373 πάθεσι

2290 5405 2381 5458 τὸν
2412 5406 2537 5460 νοῦν
2558 5407 2977 5479 διεφθαρμένος,
3004 5409 3077 5473 ὡς
3102 5410 3396 5479 φυλάσσειν
3428 5412 3559 5481 παρ’
3581 5410 3761 5482 ἑαυτῷ
3782 5412 3866 5473 τὰς

2290 5498 2510 5561 ἐντολὰς
2544 5499 2618 5571 μὴ
2665 5501 2987 5571 δυνάμενος.

2359 5591 2466 5646 Καὶ
2511 5594 2699 5662 φρέαρ
2736 5595 2958 5648 στενὸν
2993 5596 3339 5664 ἀλλότριον.
3375 5597 3486 5650 Καὶ
3528 5595 3725 5666 φρέατι
3758 5612 3861 5647 στε-

2290 5684 2364 5756 νῷ
2415 5687 2512 5741 καὶ
2560 5686 2715 5759 ξένῳ,
2749 5688 2824 5753 ὡς
2860 5692 2971 5753 τοῖς
3011 5689 3373 5760 προσκαίροις
3421 5688 3856 5761 περιγεγραμμέ-
