4054 6524
153 386 289 453 1457

1204 388 1737 450 COMMENTARII
1776 390 1859 452 IN
1900 393 2358 457 PROVERBIA.

3276 393 3415 459 1458

150 519 249 571 νην
296 501 440 573 ἔχων
489 518 590 573 την
651 502 853 572 σχέσιν,
909 502 1004 555 καὶ
1052 504 1167 565 τοῖς
1226 502 1423 570 διψῶσι
1470 504 1569 573 τὴν
1622 504 1762 561 ἀπο,

1871 504 2084 559 ﬂectum
2102 519 2156 562 et
2174 508 2468 578 perniciem
2491 520 2646 563 suam
2680 506 2903 562 haurire
2937 506 3138 577 praebet
3178 504 3416 562 inimicis

150 596 355 649 ὠλιιαν
382 594 546 649 αὐτοῦ
579 598 789 667 νοητοῖς
815 596 1029 667 ἐχθροῖς
1056 596 1309 667 παρέχων
1348 595 1552 666 ταύτην
1575 598 1737 667 ἀρύε-

154 686 301 740 σθαι.

224 776 337 849 κη’.
383 774 572 844 Οὗτος
598 778 708 849 γὰρ
752 781 1067 849 συντόμως
1099 779 1407 835 ἀπολεῖται
1427 797 1440 811 ο
1469 781 1568 834 καὶ
1621 779 1740 846 πᾶς

154 870 509 940 παράνομος
536 870 1010 940 ἀναλωθήσεται.
1061 872 1122 927 Ὀ
1157 872 1398 936 τοιοῦτος
1447 871 1557 943 γὰρ
1602 872 1739 941 μετά

156 960 253 1029 τὴν
282 961 620 1033 πρόσκαιρον
674 961 843 1032 ζωὴν,
879 964 959 1027 είς
995 964 1218 1033 διηνεκῆ
1254 963 1529 1017 ἀπώλειαν
1562 981 1741 1035 παρα-

157 1050 587 1120 πεμφθήσεταιο
637 1052 931 1107 κάντεῦθεν
978 1055 1085 1118 πᾶς
1129 1056 1157 1108 ὁ
1199 1054 1296 1118 τὰς
1344 1054 1494 1118 θείας
1522 1054 1741 1118 ἐντολὰς

160 1145 540 1215 παραϐαίνων,
563 1146 652 1199 τὸν
680 1146 805 1200 καθ’
836 1147 1113 1218 ἁμαρτίαν
1151 1145 1251 1218 τῆς
1288 1147 1471 1218 ψυχῆς
1496 1147 1739 1217 ὑποστή-

162 1253 320 1291 σεται
351 1237 472 1291 δλεθ
482 1254 592 1309 ρον.

232 1333 341 1389 κθ’.
398 1335 519 1387 Τίνι
574 1332 729 1397 οὐαὶ.
770 1333 888 1388 τίνι
917 1334 1186 1401 θόρυϐος,
1222 1335 1337 1388 τίνι
1375 1336 1594 1403 κρίσις,
1626 1335 1743 1389 τίνι

163 1426 230 1478 δὲ
266 1424 475 1495 ἀηδίαι
514 1425 617 1479 καὶ
649 1428 888 1495 λέσχαι,
925 1426 1042 1479 τίνι
1081 1427 1496 1497 συντρίμματα
1545 1428 1741 1482 διακεη

162 1519 299 1587 νῆς,
348 1519 516 1585 τίνος
563 1517 833 1572 πελιδνοὶ
882 1521 936 1572 οι
980 1519 1277 1588 ὀφθαλμοί
1291 1536 1310 1583 ;
1358 1518 1475 1573 Τίνι
1513 1519 1745 1583 κοπετὸς

162 1612 392 1678 γοερός;
431 1610 537 1664 τίνι
566 1609 825 1675 διένεξις;
861 1612 966 1664 τίνι
1002 1611 1058 1664 δὲ
1084 1612 1427 1682 ἀποστροφαὶ
1455 1612 1562 1666 τῶν
1612 1613 1746 1682 ὁμο-

164 1700 317 1765 φυῶν
352 1703 448 1755 καὶ
494 1702 615 1755 κατ’
649 1700 828 1755 αὐτῶν
871 1701 1127 1774 φλυαρίαι
1158 1719 1172 1767 ;
1203 1704 1310 1757 τίνι
1360 1703 1745 1773 συμπτώματα

167 1794 257 1845 ἐπὶ
288 1794 530 1866 μηδεμιᾷ
563 1795 799 1867 ὠφελείᾳ
823 1797 1120 1866 γινόμενα;
1153 1797 1295 1862 τίνος
1325 1798 1379 1851 αἱ
1411 1797 1635 1851 ὀπτικαὶ
1655 1797 1743 1851 δυ-

166 1882 360 1952 νάμεις
390 1883 635 1948 ἀσθενεῖς
650 1902 666 1952 ;

234 1974 300 2029 λ’.
336 1979 419 2031 Οὐ
442 1974 561 2030 τῶν
605 1975 1066 2047 ἐγχρονιζόντων
1120 1978 1191 2032 ἐν
1242 1979 1467 2045 οἵνοις;
1513 1982 1585 2033 οὐ
1632 1977 1750 2033 τῶν

170 2070 539 2138 ίχνευόντων
574 2070 693 2125 ποῦ
726 2071 896 2125 πότοι
926 2070 1227 2140 γίνονται;
1252 2071 1384 2141 Ούχὶ
1416 2069 1526 2123 τῶν
1556 2072 1750 2124 ἐναπο-

173 2161 445 2229 μενόντων
495 2164 619 2224 ταῖς
663 2161 1008 2229 ἐπιφανείαις
1037 2162 1145 2215 τῶν
1200 2161 1433 2231 ὁρατῶν,
1490 2161 1659 2232 αἴπερ
1687 2162 1751 2213 ἐκ

169 2253 263 2307 τοῦ
293 2254 438 2308 κατά
473 2253 664 2323 φύσιν,
714 2253 851 2326 πρὸς
897 2253 959 2307 τὸ
1001 2254 1153 2323 παρά
1199 2253 1359 2322 φύσιν
1406 2253 1563 2323 δίκην
1606 2254 1751 2308 οίνου

172 2343 263 2397 τὸν
294 2344 424 2397 νοῦν
472 2344 832 2415 μεθιστῶσιν;
881 2343 1001 2413 οὐχὶ
1041 2342 1152 2397 τῶν
1180 2343 1595 2415 ἀναζητούντων
1625 2344 1753 2397 ἔνθα

172 2438 318 2491 κατά
368 2437 528 2508 κόρον
576 2439 609 2507 ἡ
643 2436 738 2490 τοῦ
789 2434 1013 2508 θολεροῦ
1048 2436 1293 2507 πόματος
1323 2436 1424 2505 τῆς
1480 2437 1755 2507 ἁμαρτίας

172 2528 409 2582 τελεῖται
463 2529 801 2601 μετάληψις;
853 2531 950 2582 nati.
1005 2530 1115 2600 γὰρ
1166 2531 1195 2583 ό
1238 2532 1360 2593 ταῖς
1388 2529 1755 2599 θεωρητικαῖς

174 2621 272 2688 τῆς
297 2621 481 2691 ψυχῆς
526 2621 825 2691 δυνάμεσιν
867 2620 1124 2692 ἀσθενὴς,
1153 2620 1227 2691 μὴ
1278 2617 1757 2690 δυνάμενοςκατὰ

175 2710 299 2762 νοῦν
334 2712 471 2783 πρὸς
495 2713 621 2775 τοὺς
654 2712 764 2767 τῶν
797 2711 966 2766 ὅντων
1003 2711 1257 2780 διαῦἧναι
1294 2711 1507 2780 λόγους,
1546 2711 1633 2765 διὰ
1658 2712 1759 2781 τὴν

175 2803 297 2855 κατ’
330 2802 586 2874 αἴσθησιν
611 2804 741 2875 περὶ
769 2804 869 2868 τὰς
911 2804 1235 2873 ἐπιφανείας
1261 2804 1438 2857 αὐτῶν
1470 2804 1652 2874 σχέσιν
1690 2808 1757 2876 τῇ

174 2895 386 2949 τούτων
430 2896 647 2951 ἀνιᾶται
682 2896 858 2968 φθορᾷ
883 2914 897 2927 ⁸
946 2898 1041 2951 καὶ
1093 2899 1294 2967 στῆσαι
1326 2896 1532 2968 ταύτην
1563 2897 1761 2969 ἀνηνύο

174 3002 282 3049 τως
312 2984 630 3056 ἐπιχειρῶν,
661 2987 928 3056 ἐμπίπτει
957 2987 1038 3049 είς
1061 2986 1347 3057 φροντίδας
1372 2986 1634 3057 ὀχλούσας
1662 2988 1759 3041 αύ-

176 3077 266 3131 τὸν
292 3078 359 3131 ού
383 3078 595 3148 μικρῶς
617 3095 632 3112 ο
664 3078 757 3132 καὶ
777 3078 867 3131 διὰ
892 3078 1210 3145 πλεονεξίαν
1239 3078 1347 3131 τῶν
1371 3078 1591 3143 ύλικῶν,
1624 3079 1762 3149 μετά

175 3169 282 3223 τῶν
302 3169 565 3239 ὁμοφυῶν
587 3170 939 3241 διαμάχεται⁸
960 3171 1055 3224 καὶ
1082 3171 1487 3241 ἀποστρέφεται
1511 3171 1757 3235 τούτους,

177 3262 270 3314 καὶ
315 3260 618 3328 διαόάλλει,
670 3263 764 3317 καὶ
804 3262 1220 3335 συμφθείρεται,
1272 3262 1628 3336 προσκρούων
1661 3264 1758 3317 αύ-

177 3358 290 3418 τοίς
336 3356 634 3427 ἀνονήτως.

248 3449 356 3503 λα’.
389 3448 487 3517 Μὴ
532 3450 915 3518 μεθύσκεσθε
957 3450 1027 3502 ἐν
1074 3448 1281 3515 οἴνοις,
1318 3448 1456 3503 ἀλλ’
1508 3447 1764 3518 ὁμιλεῖτε

180 3538 524 3608 ἀνθρώποις
552 3539 823 3606 δικαίοις,
865 3540 960 3593 καὶ
1009 3539 1266 3609 ὁμιλεῖτε
1294 3539 1364 3592 ἐν
1397 3537 1761 3606 περιπάτοις.

181 3632 273 3687 Διὸ
329 3635 402 3704 μὴ
453 3633 739 3698 ἐξίστασθε
778 3634 871 3687 τὸν
919 3631 1045 3686 νοῦν
1092 3634 1149 3685 ἐν
1183 3634 1303 3694 ταῖς
1351 3633 1472 3685 κατ’
1512 3631 1766 3701 αἴσθησιν

183 3726 447 3797 θεωρίαις
475 3725 582 3778 τῶν
615 3725 847 3797 ὁρατῶν,
883 3725 1093 3793 ἀλόγως
1126 3724 1310 3786 αὐτοῖς
1341 3722 1724 3788 ἐπιϐάλλοντες
1748 3740 1761 3753 ·

182 3819 327 3872 ἀλλά
368 3818 751 3883 συναυλίζεσθε
788 3817 1152 3881 διδασκάλοις.
1186 3816 1393 3887 ἑκάστῃ
1445 3816 1545 3886 τῆς
1589 3816 1768 3886 ψυχῆς

181 3911 414 3981 δυνάμει
445 3913 505 3963 τὸ
535 3911 845 3981 πρόσφορον
891 3908 1231 3976 ἀπονέμουσι
1257 3923 1270 3936 θ
1321 3909 1417 3961 καὶ
1449 3908 1767 3971 συναυλίςε-

186 4000 281 4054 σθε
322 3999 534 4063 τούτοις
556 4001 614 4052 ἐν
630 4003 746 4062 ταῖς
780 3999 919 4053 κατὰ
942 3996 1176 4065 θεωρίαν
1201 3996 1309 4052 τῶν
1330 3995 1606 4067 αἰσθητῶν
1631 3996 1769 4068 πρὸς

184 4093 252 4145 τὰ
280 4091 454 4163 νοητά
480 4090 815 4146 διαϐάσεσιν.

270 4184 414 4239 Ἐὰν
442 4184 553 4255 γὰρ
590 4186 678 4251 εὶς
720 4184 826 4250 τὰς
866 4183 1087 4251 φιάλας
1126 4182 1223 4236 καί
1270 4181 1342 4236 τὰ
1372 4182 1625 4251 ποτήρια
1654 4180 1775 4246 δῷς

188 4277 335 4343 τοὺς
389 4277 737 4347 ὀφθαλμούς
792 4292 909 4331 σου
933 4316 949 4342 ,
1017 4276 1279 4344 ὕστερον
1341 4274 1775 4343 περιπατήσεις

189 4370 555 4440 γυμνότερος
588 4369 835 4438 ὑπέρου.
878 4369 939 4422 Et
993 4368 1102 4439 γὰρ
1150 4369 1232 4431 είς
1275 4367 1440 4439 μόνας
1472 4367 1571 4429 τὰς
1618 4365 1774 4436 δίκην

192 4459 404 4530 φιαλῶν
432 4460 527 4514 καὶ
562 4461 837 4530 ποτηρίων
861 4460 1115 4523 δεκτικὰς
1145 4459 1241 4512 τοῦ
1286 4462 1385 4529 τῆς
1441 4458 1774 4526 θεογνωσίας

191 4554 438 4623 νάματος
458 4553 778 4622 ἐπιφανείας
823 4552 931 4605 τῶν
984 4552 1194 4624 ὁρατῶν
1231 4551 1641 4622 ἀποσχολήσεις,
1678 4552 1774 4604 ὃσ-

193 4663 281 4709 τις
314 4646 381 4699 ἂν
416 4646 509 4699 καὶ
541 4645 681 4713 είης,
717 4646 814 4704 τὰς
838 4645 1179 4717 θεωρητικὰς
1214 4645 1311 4714 τῆς
1339 4644 1517 4716 ψυχῆς
1552 4660 1645 4696 σου
1679 4643 1772 4697 δυ-

195 4738 417 4808 νάμεις,
463 4737 601 4807 μετὰ
627 4735 803 4789 ταῦτα
843 4736 1113 4806 κινηθήσῃ
1165 4735 1285 4787 κατ’
1328 4732 1626 4803 ἐπιθυμίαν
1653 4732 1780 4786 ἀλό-

198 4844 389 4898 γιστον
442 4827 579 4899 πρὸς
620 4828 1052 4896 συγκαταθέσεις
1101 4827 1316 4889 πάντως
1355 4824 1630 4889 ἀτόπους·
1684 4824 1783 4893 τῆς

202 4922 357 4985 θείας
400 4923 623 4992 χάριτος
662 4920 1089 4991 γεγυμνωμένος
1134 4918 1299 4972 πλέον
1339 4917 1497 4983 ξύλου
1536 4918 1683 4981 τινος
1717 4918 1782 4988 τῇ

204 5018 421 5085 συνεχεῖ
468 5015 651 5085 τρίψει
729 5014 822 5068 τοῦ
900 5012 1298 5085 προστυχόντος
1344 5050 1361 5075 ,

1845 598 2226 669 splritualibus
2264 601 2357 670 qui
2388 615 2510 655 eum
2549 598 2778 671 perdere
2806 600 3018 654 volunt.

1920 775 2088 832 Vens.
2114 776 2205 831 28.
2240 776 2342 831 Hic
2358 779 2496 832 enim
2526 778 2662 833 brevi
2686 778 2897 845 peribit,
2919 786 2968 830 et
3002 780 3172 831 omnis
3204 776 3417 847 iniquus

1848 867 2170 925 absumetur.
2207 868 2311 924 iste
2347 872 2490 925 enim
2536 879 2660 940 post
2688 872 2906 925 brevem
2941 869 3083 924 hanc
3135 872 3325 939 vitam,
3361 872 3417 924 in

1848 968 2170 1030 perpetuam
2196 960 2442 1016 mittetur
2468 962 2786 1031 perniciem.
2814 961 3141 1032 Quicunque
3162 960 3419 1015 mandata

1848 1050 1943 1106 Dei
1978 1052 2402 1122 transgreditur,
2464 1053 2660 1107 auium
2710 1068 2805 1123 per
2855 1059 3140 1123 peccatum
3190 1050 3420 1106 exitium

1850 1144 2079 1202 subibit.

1920 1320 2088 1377 Vens.
2142 1321 2232 1377 29.
2268 1320 2369 1377 Cui
2418 1338 2493 1377 me
2521 1321 2547 1375 7
2590 1321 2676 1375 cui
2714 1322 3005 1376 tumultus?
3047 1321 3133 1375 cui
3172 1320 3422 1391 judicia?

1851 1417 1937 1471 cui
1976 1426 2152 1469 autem
2187 1414 2444 1469 molestia:
2484 1424 2534 1468 et
2579 1416 2765 1470 triete?
2805 1415 2895 1468 cui
2946 1414 3289 1468 contritiones
3327 1429 3422 1467 sst-

1851 1508 2169 1575 pervacuw?
2206 1507 2292 1559 cui
2313 1505 2452 1559 oculi
2486 1504 2640 1558 lividi
2662 1506 2688 1561 .’
2707 1506 2806 1559 Cui
2840 1505 3100 1575 planctus
3123 1504 3376 1574 lugubris
3400 1504 3424 1557 ’ἶ

1851 1601 1943 1656 cui
1990 1598 2279 1655 dissidium
2313 1598 2338 1652 ’ἔ
2364 1599 2451 1652 cui
2481 1598 2743 1653 similium
2769 1596 2895 1651 odia
2928 1611 2992 1651 ac
3022 1596 3375 1667 garrulitates
3403 1596 3428 1647 ‘t

1858 1692 1946 1748 cui
1977 1688 2211 1747 eventus
2245 1691 2364 1745 sine
2422 1690 2529 1743 ulla
2565 1689 2855 1744 utilitate?
2912 1689 3001 1744 cui
3058 1688 3202 1742 vires
3243 1686 3430 1741 visivze

1855 1782 2062 1839 debiles
2098 1782 2122 1835 ?

1924 1958 2090 2014 Vens.
2127 1957 2219 2013 '50.
2253 1954 2441 2010 Nonne
2468 1955 2548 2009 Itis
2593 1955 2685 2026 qui
2715 1961 3117 2008 commorantur
3147 1951 3202 2006 in
3232 1951 3351 2006 vino
3379 1963 3431 2007 st

1850 2052 2059 2108 student
2086 2049 2345 2104 calicibus
2377 2046 2659 2117 epotandis
2691 2050 2715 2102 ?
2745 2045 2941 2099 Nonne
2984 2044 3074 2098 his
3105 2043 3197 2113 qui
3236 2042 3434 2098 immo-

1852 2152 2045 2198 rantur
2084 2141 2140 2195 in
2201 2137 2538 2207 apparentiis
2572 2134 2871 2191 visibilium
2908 2146 3029 2202 quat
3064 2132 3208 2186 sicut
3243 2128 3431 2184 vinum

1853 2245 2086 2290 mentem
2117 2248 2181 2289 ex
2225 2242 2373 2286 statu
2412 2228 2651 2283 naturali
2691 2227 2758 2282 ad
2795 2235 3002 2282 statum
3036 2234 3230 2279 contra
3264 2232 3431 2277 natu-

1855 2341 1970 2381 ram
2007 2321 2399 2379 transierunt?
2430 2335 2537 2375 non
2592 2319 2677 2373 bis
2706 2317 2800 2388 qui
2850 2323 3102 2387 quaerunt
3140 2314 3234 2368 ubi
3272 2311 3433 2383 plena

1855 2429 2114 2470 mensura
2134 2414 2192 2468 lit
2221 2411 2454 2468 turbidae
2477 2411 2685 2481 peccati
2718 2406 3017 2481 putationis
3040 2402 3436 2475 participatio?

1855 2507 2069 2562 Etenim
2122 2506 2216 2576 qui
2250 2503 2607 2575 speculativis
2636 2503 2834 2555 animae
2867 2496 3134 2569 potentiis
3170 2495 3435 2553 inllrmus

1856 2608 1963 2666 est,
1986 2615 2097 2654 non
2120 2598 2308 2653 valens
2332 2612 2427 2667 per
2453 2601 2690 2650 mentem
2724 2592 2793 2647 ad
2827 2591 3075 2646 rationes
3095 2602 3279 2643 rerum
3323 2599 3438 2654 per.

1858 2680 2063 2758 venire,
2101 2693 2230 2763 quia
2274 2706 2370 2761 per
2394 2703 2616 2744 sensum
2665 2684 3046 2742 exsistentium
3100 2678 3441 2751 apparentiis
3496 2668 3497 2671 “

1860 2789 2205 2846 immoratur,
2231 2784 2302 2837 de
2330 2797 2523 2838 eorum
2558 2779 2915 2849 corruptione
2953 2775 3119 2829 dolet.
3156 2772 3293 2827 Cum
3337 2785 3435 2825 au-

1860 2885 1969 2931 tem
2012 2877 2105 2931 illa
2143 2874 2397 2931 stabilire
2426 2873 2631 2928 frustra
2686 2878 2882 2933 tentat,
2922 2865 3111 2921 incidit
3142 2865 3196 2918 in
3228 2862 3432 2933 cogita-

1863 2971 2040 3025 tiones
2068 2981 2398 3039 magnOpere
2427 2979 2552 3020 eum
2583 2964 2963 3019 molestantes.
3001 2959 3064 3011 Et
3090 2956 3161 3010 ob
3192 2968 3437 3009 amorem

1864 3073 2208 3117 terrenarum
2240 3073 2365 3114 cum
2398 3056 2671 3113 similibus
2707 3060 2933 3124 pugnat.
2978 3048 3086 3104 Eos
3130 3053 3438 3113 aversatur,

1863 3155 2210 3219 criminatur,
2247 3163 2301 3207 et
2320 3147 2553 3222 peritde
2581 3146 2691 3203 illis
2720 3144 2923 3200 frustra
2963 3138 3268 3195 oliendcns.

1936 3440 2106 3495 Vens.
2140 3439 2233 3493 51.
2272 3436 2454 3491 Nolite
2498 3433 2752 3489 inebriari
2782 3433 2838 3486 in
2868 3432 3007 3495 vino,
3033 3429 3124 3485 sed
3159 3444 3441 3483 conversa-

1866 3532 1996 3585 mini
2026 3546 2144 3584 cum
2178 3526 2477 3582 hominibus
2501 3525 2689 3593 justis,
2722 3532 2772 3577 et
2806 3518 3189 3576 cottversamini
3223 3517 3276 3569 in
3311 3515 3443 3569 locis

1867 3622 2334 3678 deambulationis.
2383 3618 2509 3674 ideo
2552 3617 2723 3671 nolite
2780 3627 3052 3684 apponere
3093 3617 3328 3664 mentem
3387 3607 3445 3662 in

1868 3714 2117 3770 sensibili
2140 3712 2438 3767 visibilium
2460 3704 2927 3767 consideratione,
2951 3703 3097 3756 illam
3129 3701 3197 3755 iis
3221 3697 3445 3753 irratio-

1868 3808 2067 3863 naliter
2093 3805 2427 3875 applicantes
2454 3801 2586 3866 ;sed
2621 3797 3025 3854 conversamini
3074 3808 3199 3849 cum
3243 3804 3448 3862 praece-

1869 3898 2120 3971 ptoribus
2158 3896 2252 3966 qui
2283 3895 2482 3963 cuique
2525 3892 2721 3945 animae
2775 3888 3034 3958 potentiae
3063 3884 3207 3956 quod
3241 3898 3444 3938 conve-

1870 3991 1953 4044 nit
1978 3988 2299 4057 assignant;
2327 3992 2523 4039 etcum
2544 3982 2655 4035 illis
2695 3976 3099 4035 conversatnini
3130 3975 3186 4029 in
3209 3972 3445 4028 transitu

1872 4097 1968 4153 per
2005 4080 2434 4149 speculationem
2464 4092 2494 4129 a
2539 4073 2895 4129 sensibilibus
2923 4070 2989 4124 ad
3027 4069 3445 4125 intellectualia.

1946 4172 2087 4228 Nam
2109 4174 2155 4227 si
2182 4173 2233 4225 in
2283 4169 2490 4240 phialas
2515 4177 2563 4221 et
2606 4166 2798 4233 pocula
2846 4164 3054 4217 dederis
3084 4162 3263 4218 oculos
3305 4170 3448 4225 tuos,

1872 4275 2053 4337 postea
2084 4264 2381 4319 ambulabis
2405 4261 2597 4315 uudior
2623 4259 2849 4329 pistillo.
2888 4257 2944 4311 Si
2977 4257 3120 4310 enim
3147 4255 3450 4325 speculati-

1876 4374 1973 4414 vas
2017 4356 2211 4410 anima:
2242 4361 2349 4407 tua:
2380 4350 2652 4421 potentias
2690 4349 2743 4401 in
2778 4346 2925 4399 solas
2958 4343 3251 4398 visibilium
3278 4355 3451 4412 appa-

1878 4451 2085 4506 rentias
2120 4462 2241 4518 qua:
2268 4454 2325 4499 ut
2359 4444 2553 4515 phialae
2597 4451 2651 4496 et
2697 4440 2892 4512 pocula
2932 4438 3176 4507 recipere
3213 4442 3452 4507 possunt

1878 4544 2076 4599 divinae
2113 4538 2355 4596 scientiae
2425 4536 2711 4597 ﬂuentum,
2759 4529 3000 4593 dederis,
3045 4528 3299 4597 quisquis
3350 4527 3450 4590 sis,

1879 4650 2068 4709 pOStea
2090 4627 2537 4701 concupiscentia
2562 4633 2653 4679 tua
2681 4623 3022 4678 irrationalis
3059 4620 3368 4675 movebitur
3384 4619 3450 4673 ad

1878 4728 2165 4783 volitiones
2190 4735 2415 4793 prorsus
2431 4717 2719 4774 absurdas.
2742 4712 2931 4770 Gratia
2965 4712 3152 4768 divina
3177 4710 3451 4781 privatus,

1882 4820 2081 4876 nudior
2109 4817 2222 4874 eris
2266 4816 2412 4885 ligno
2441 4810 2585 4883 quod
2617 4809 2761 4865 foliis
2792 4807 3084 4877 spoliatum
3138 4803 3455 4859 indesinen-

1885 4927 1966 4971 ter
1999 4913 2069 4968 ab
2103 4910 2358 4965 omnibus
2388 4908 2605 4961 teritur.
2635 4902 2727 4957 Sic
2758 4898 3154 4971 propemodum
3184 4910 3341 4953 meus
3363 4903 3457 4949 tua

1423 5012 1516 5065 τὸν
1589 5013 1789 5065 οἰκεῖον
1888 5012 2205 5062 conteretur
2239 5010 2585 5056 terrenarum
2613 5004 2891 5050 contactu.

202 5078 651 5180 ἀποέαλλομένου
728 5078 964 5178 φλοιόνἰ
1018 5078 1329 5177 ὡςητούτῳ
1389 5105 1793 5176 παραπλησίως
1830 5096 2305 5171 κατατριὸομένου
2355 5092 2450 5147 τοῦ
2490 5090 2611 5155 νοός
2669 5106 2790 5155 σου,
2843 5088 2908 5158 τῇ
2958 5080 3297 5154 ἐνδιατρίψει
3352 5078 3498 5141 τῶν⁴

200 5203 427 5259 ύλικῶν.

274 5300 375 5370 λβ’.
412 5297 489 5352 Τὸ
523 5298 592 5352 δὲ
635 5300 920 5367 ἔσχατον,
963 5295 1166 5364 ὥσπερ
1191 5296 1309 5350 ὑπὸ
1333 5297 1522 5365 ὄφεως
1550 5298 1788 5362 πεπλη-

204 5386 326 5457 τὼς
349 5386 695 5451 ἐκτείνεται,
730 5385 828 5440 καὶ
860 5383 1063 5451 ὥσπερ
1087 5384 1204 5438 ὑπὸ
1239 5383 1536 5452 κεράστου
1565 5382 1785 5450 διαχεῖο

204 5496 302 5536 ται
341 5476 503 5542 αὐτῷ
554 5479 587 5531 ό
634 5479 742 5544 ίός.
799 5476 1123 5530 Τελευταίον
1166 5475 1243 5543 δὲ,
1288 5473 1537 5547 καθάπερ
1576 5474 1605 5525 ὀ
1635 5473 1788 5543 δεδη-

206 5568 411 5639 γμένος
460 5567 565 5621 ὑπὸ
609 5566 785 5637 ὄφεως
835 5565 1202 5638 κερασφόρου,
1256 5567 1337 5629 είς
1368 5567 1471 5636 γῆν
1519 5561 1789 5617 ἀπλοῦται

208 5659 422 5728 νεκρὸς,
454 5660 550 5713 καλ⁵
592 5658 713 5713 ὅλον
769 5658 932 5712 αὐτὸν
967 5660 996 5711 ό
1040 5658 1119 5721 to;
1151 5656 1463 5729 διατρέχειο
1499 5654 1643 5709 οὔτω
1693 5654 1788 5708 καὶ

212 5752 374 5817 αὐτὸς
404 5752 510 5808 ὑπὸ
539 5753 631 5805 τοῦ
668 5750 905 5823 πονηροῦ
944 5750 1272 5823 δεδηγμένος
1313 5748 1675 5819 ἐξαπλωθήσῃ
1708 5750 1789 5811 είς

213 5846 311 5917 τὴν
337 5845 630 5919 πολυσχιδῆ
653 5846 746 5901 τοῦ
804 5844 987 5917 χοϊκοῦ
1030 5847 1198 5917 φρονὴ
1210 5860 1376 5916 ματος
1408 5842 1790 5916 ἀμαρτητικὴν

1958 5280 2239 5339 Vens.5‘2.
2275 5276 2574 5332 Novissime
2620 5283 2795 5328 autem
2844 5280 3099 5341 tauquam
3150 5284 3183 5322 α
3229 5274 3466 5336 serpente

1886 5391 2164 5451 percussus
2189 5370 2512 5429 extenditur,
2538 5375 2588 5420 et
2618 5375 2870 5435 tanquam
2899 5377 2931 5414 a
2958 5368 3160 5414 ceraste
3215 5353 3463 5451 diffundi-

1890 5446 2040 5524 turei
2068 5478 2344 5520 venenum.
2390 5455 2702 5513 Novissime
2741 5460 2953 5514 autem,
2994 5446 3458 5520 quemadmodum

1888 5562 1983 5634 qui
2014 5575 2044 5614 a
2071 5563 2284 5614 ceraste
2312 5564 2610 5624 percussus
2659 5546 2778 5609 fuit,
2807 5544 2864 5598 in
2898 5550 3100 5596 terram
3149 5540 3465 5595 extenditur

1890 5633 2164 5715 mortuus,
2198 5646 2407 5716 totique
2435 5642 2552 5711 ejus
2579 5637 2798 5709 corpori
2826 5633 3149 5693 diﬂ‘unditur
3172 5646 3469 5697 venenum,

1893 5749 1969 5804 ita
2016 5745 2111 5817 qui
2141 5744 2210 5800 ab
2245 5740 2467 5798 homine
2512 5747 2774 5807 perverso
2809 5744 3030 5786 morsus
3077 5731 3185 5794 cst,
3223 5721 3469 5817 explica-

1896 5812 2049 5897 bitur
2076 5837 2135 5895 in
2168 5830 2545 5904 multipliciter
2572 5823 3015 5899 peccaminosam
3038 5830 3278 5875 caenosas
3321 5812 3459 5884 cauit
