4054 6496
647 337 784 399 1459

1971 352 2326 415 PROCOPII
2367 355 2609 416 GAZIEI

3771 355 3893 420 1400

639 453 866 509 tationis
896 455 1170 511 actionem
1197 473 1319 528 quae
1339 468 1423 516 est
1450 461 1692 531 perlecta
1720 466 1786 521 ad
1820 469 2024 524 bonum
2054 488 2194 526 mors

2296 522 2298 532 ,
2329 473 2610 544 ἐνέργειαν
2639 479 2662 505 τ
2679 477 2712 546 ἦ
2748 477 2897 528 ἐστιν
2928 474 3180 545 ὁλοτελὴς
3218 474 3352 543 πρὸς
3382 471 3443 526 τὸ
3476 472 3681 542 ἀγαθὸν
3707 475 3893 546 νέκρω-

639 544 1071 616 Spiritualisque
1099 553 1371 620 serpentis
1402 556 1492 623 qui
1531 565 1582 611 te
1603 561 1899 616 momordit
1933 563 2139 618 malitia
2167 576 2219 620 te

637 649 807 694 totum
831 642 1069 711 invadet,
1101 646 1294 700 animae
1330 648 1550 716 quidem
1573 650 1823 719 affectus,
1849 663 2004 712 actus
2036 665 2217 712 autem

638 737 912 803 corporis.

713 825 978 884 Vens.55.
999 829 1152 886 Oculi
1179 833 1258 888 tui
1294 851 1412 888 cum
1442 836 1666 891 viderint
1692 839 1944 903 alienam,
1981 857 2039 895 os
2068 852 2219 896 tuum

637 927 759 972 tunc
788 919 1032 990 loquetur
1079 939 1343 990 perversa.
1377 926 1531 985 Mens
1583 938 1672 984 tua
1725 931 1947 1001 quando
1990 949 2216 990 cessans

636 1013 856 1080 propria
915 1013 1190 1084 inspicere
1251 1019 1318 1072 ad
1384 1023 1752 1077 sensationem
1807 1025 1912 1095 ipsi
1981 1028 2216 1082 alienam

635 1105 927 1172 aspexerit,
967 1115 1019 1160 et
1047 1110 1190 1178 typis
1220 1125 1284 1164 ac
1318 1115 1708 1182 apparentibus
1735 1118 2025 1184 speciebus
2054 1117 2216 1185 hujus

638 1196 976 1251 sensationis
1017 1199 1426 1257 inconsiderate
1454 1203 1794 1268 incubuerit,
1831 1214 1961 1260 tunc
2004 1208 2214 1262 intelle-

635 1293 761 1340 ctus
791 1297 918 1343 tuus
947 1290 1196 1344 veritatis
1226 1291 1523 1348 inclinatas
1544 1297 1836 1364 Opinioncs
1853 1299 2210 1367 causabitur;

633 1373 1028 1433 irrationaliter
1047 1383 1361 1449 apparentia
1391 1382 1633 1439 laudabit
1657 1394 1710 1440 et
1731 1385 1798 1440 ad
1824 1387 2212 1443 intellectualia

632 1482 730 1534 per
763 1470 1034 1526 rationem
1074 1487 1182 1527 non
1217 1476 1500 1531 ascendet.

702 1644 864 1702 Vens.
907 1650 998 1704 5i.
1032 1649 1098 1703 Et
1114 1651 1321 1720 jacebis
1357 1654 1512 1722 quasi
1543 1656 1597 1710 in
1633 1656 1791 1710 corde
1812 1656 1978 1712 maris
2007 1666 2060 1712 et
2085 1667 2211 1710 tan-

629 1753 786 1804 quam
818 1741 1138 1810 gubernator
1177 1745 1231 1797 in
1259 1747 1427 1799 multa
1479 1757 1806 1817 tempestate.
1845 1748 1910 1804 Et
1933 1750 2075 1804 sicut
2108 1752 2210 1805 im-

2323 580 2407 626 σις
2434 580 2448 594 ο
2490 568 2584 617 καὶ
2624 565 2656 634 ἡ
2701 564 2796 617 τοῦ
2844 563 3103 627 δακόντος
3151 581 3210 617 σε
3256 563 3448 634 νοητοῦ
3495 564 3673 633 dapem;
3723 567 3892 629 κακία,

2320 655 2440 707 ὅλον
2469 673 2528 708 σε
2564 657 2881 729 περιδράμῃ
2906 672 2920 686 °
2966 657 3067 726 τὴν
3104 655 3203 726 μὲν
3240 657 3422 726 ψυχήν
3453 673 3573 720 σου,
3608 655 3728 708 καθ’
3771 657 3892 722 ἕξιν,

2321 743 2422 814 τὴν
2459 744 2514 796 δὲ
2548 744 2730 813 σάρκα
2753 762 2869 811 σου,
2911 745 3035 798 κατ’
3067 745 3374 813 ἐνέργειαν.

2389 834 2490 901 λγ¹.
2530 837 2594 887 οι
2633 835 2932 903 ὀφθαλμοί
2978 851 3097 888 σου
3143 835 3288 888 όταν
3318 834 3534 887 ἴδωσιν
3559 833 3888 900 ἀλλοτρίαν.

2316 924 2383 978 τὸ
2417 926 2611 993 στόμα
2640 941 2757 979 σου
2785 926 2918 980 τότε
2953 926 3213 994 λαλήσει
3254 923 3505 979 σκολιά.
3549 925 3779 977 Ὀπόταν
3825 928 3892 996 τῷ

2315 1018 2398 1070 νοΐ
2429 1035 2522 1072 σου
2554 1017 2753 1091 ἀπίδῃς
2805 1018 2943 1089 πρὸς
2969 1018 3070 1088 τὴν
3100 1017 3274 1088 τούτῳ
3302 1017 3609 1085 ἀλλόφυλον
3635 1016 3888 1086 αἴσθησιν,

2318 1108 2671 1162 καταλιπόντι
2731 1110 2797 1162 τὰ
2846 1111 3023 1164 οἰκεῖα
3058 1111 3441 1178 περισκοπεῖν,
3494 1109 3590 1165 καὶ
3636 1109 3746 1170 τοῖς
3783 1111 3889 1161 κατ’

2315 1201 2485 1270 αὐτὴν
2508 1200 2699 1264 τύποις
2721 1201 2816 1255 καὶ
2839 1201 3185 1271 φαινομένοις
3215 1199 3470 1254 κάλλεσιν
3486 1201 3890 1270 ἀπερισκέπτως

2314 1290 2684 1356 ἐπιϐάλλον-τι,
2710 1291 2831 1344 τότε
2863 1291 2924 1345 τὸ
2965 1290 3306 1361 διανοητικόν
3340 1307 3458 1352 σου,
3513 1291 3616 1360 τῆς
3651 1289 3889 1361 ἀληθείας

2313 1382 2649 1452 παρεγκεκλι
2658 1383 2825 1453 μένας
2869 1383 3223 1454 προῦαλείται
3267 1382 3427 1446 δόξας
3451 1399 3469 1413 ·
3495 1385 3752 1435 ἐπαινοῦν
3777 1384 3887 1436 ἀλο-

2312 1475 2520 1542 γίστως
2542 1475 2610 1529 τὰ
2644 1475 2970 1546 φαινόμενα,
3006 1477 3101 1530 καὶ
3132 1476 3208 1547 μὴ
3253 1475 3539 1529 διαόαῖνον
3572 1478 3720 1529 κατὰ⁵
3747 1476 3892 1545 λόγον

2314 1569 2454 1640 πρὸς
2483 1570 2553 1623 τὰ
2582 1570 2871 1641 νοούμενα.

2381 1661 2473 1718 λδ’.
2503 1663 2612 1716 Καὶ
2637 1663 2962 1730 κατακείσῃ
2991 1661 3194 1729 ὥσπερ
3221 1661 3294 1715 ἐν
3316 1661 3530 1730 καρδίᾳ
3557 1659 3886 1727 θαλάσσης,

2311 1754 2406 1807 καί
2441 1753 2648 1822 ὥσπερ
2681 1753 3053 1822 κυϐερνήτης
3097 1753 3166 1807 ἐν
3197 1753 3408 1818 πολλῷ
3459 1753 3744 1808 κλύδωνι.
3790 1756 3887 1807 Καὶ

633 1830 876 1894 prudens
928 1834 1264 1902 gubernator
1320 1837 1373 1890 in
1425 1839 1592 1891 multa
1649 1848 1993 1908 tempestate,
2043 1842 2194 1897 cades

2308 1849 2623 1917 καταπέσης
2698 1847 2772 1910 ὼς
2834 1845 3093 1913 ἀδόκιμος
3168 1843 3512 1915 κυῦερνήτης
3583 1847 3644 1898 ὲν
3716 1845 3884 1915 πολλῷ

626 1921 682 1974 in
742 1922 1071 1992 profundum
1121 1927 1448 1997 ignorantiae
1479 1937 1532 1985 ct
1563 1931 1615 1983 in
1655 1932 1948 2000 procellam
1985 1940 2203 1988 contra-

626 2013 834 2067 riarmn
873 2016 1293 2084 cogitationum.

699 2104 861 2160 Vens.
894 2109 982 2162 55.
1020 2108 1085 2162 Ει
1112 2109 1290 2166 dices:
1326 2113 1734 2168 Verberaverunt
1773 2133 1871 2180 me,
1902 2126 1951 2171 et
1977 2135 2078 2172 non
2109 2118 2204 2171 do-

619 2197 700 2249 lni
719 2215 738 2263 ;
764 2209 812 2252 et
840 2200 1124 2256 illuserunt
1162 2205 1311 2271 mihi,
1343 2222 1437 2277 ego
1473 2220 1648 2262 autem
1679 2226 1780 2263 non
1807 2212 1970 2266 sensi.
2002 2209 2201 2266 Postea

621 2302 798 2344 autem
824 2294 1149 2361 paenitentia
1191 2306 1375 2353 motus
1410 2300 1563 2355 dices
1593 2316 1607 2354 :
1639 2301 1926 2357 Laeserunt
1961 2319 2048 2358 me
2079 2318 2202 2371 pas-

620 2380 824 2444 siones,
847 2392 902 2437 et
928 2401 1035 2439 non
1067 2387 1213 2441 sensi
1245 2404 1258 2451 ;
1287 2389 1621 2456 deecperunt
1648 2408 1734 2446 me
1763 2394 1987 2462 maligni
2038 2395 2202 2464 spiri-

620 2483 731 2536 tus,
772 2485 824 2528 et
848 2492 956 2529 non
985 2481 1241 2548 cognovi,
1269 2481 1338 2534 ab
1363 2483 1445 2536 eis
1475 2499 1597 2551 quae
1616 2486 1917 2539 secundum
1947 2497 2196 2541 naturam

617 2572 747 2614 sunt
776 2563 841 2616 ad
871 2579 933 2616 ea
955 2580 1076 2635 quae
1101 2576 1295 2622 contra
1321 2579 1572 2624 naturam
1607 2572 1894 2644 abreptus,
1925 2576 2198 2632 tenebris-

616 2666 721 2718 que
757 2651 1076 2718 ignorantia).
1105 2655 1380 2713 detentus.

688 2743 917 2809 Quando
955 2750 1054 2801 erit
1075 2749 1390 2816 diluculum,
1417 2762 1473 2805 ut
1505 2753 1698 2809 vadem
1724 2772 1959 2824 quazram
1983 2758 2197 2828 quibus-

615 2853 733 2888 cum
763 2843 1117 2896 conveniam?
1164 2841 1238 2901 De
1282 2855 1483 2898 caetero
1518 2847 1742 2915 quando
1763 2849 2197 2906 illuminabitme

615 2929 794 2983 lumen
825 2930 968 2986 Solis
993 2933 1237 3001 justitite,
1287 2944 1344 2989 ut
1376 2937 1738 3006 spiritualiter
1789 2956 2092 2998 conversus
2126 2946 2197 2999 ab

612 3038 829 3088 errore,
863 3035 1040 3079 mente
1060 3041 1372 3096 perscruter
1395 3048 1553 3087 veras
1588 3034 1893 3089 secundum
1929 3038 2192 3092 rationem

613 3129 796 3167 rerum
831 3117 1214 3173 exsistenlium
1250 3123 1506 3178 notiones
1552 3127 1880 3192 quibuscum
1908 3130 2096 3182 vadam
2127 3130 2192 3184 ad

613 3205 823 3260 beatam
865 3210 1207 3278 spiritualem
1236 3215 1400 3268 vitam
1429 3215 1482 3269 in
1520 3215 1663 3270 Deo?

1167 3392 1350 3449 ICAP.
1381 3395 1567 3452 XXIV.

688 3475 851 3532 Vens.
895 3479 980 3534 12.
1019 3479 1152 3548 Fili,
1181 3501 1243 3538 ne
1302 3488 1572 3540 armuleris
1616 3488 1756 3543 viros
1819 3491 2016 3554 malos,
2084 3508 2176 3546 nec

608 3569 873 3625 desideres
903 3588 1016 3626 esse
1042 3589 1159 3626 cum
1188 3575 1284 3631 eis.
1323 3575 1485 3632 Falsa
1503 3581 1642 3633 enim
1674 3581 1963 3636 meditatur
1989 3599 2083 3637 cor
2101 3601 2192 3638 eo~

611 3677 753 3727 rum,
787 3671 837 3716 et
865 3662 1010 3718 labia
1061 3681 1245 3720 eorum
1280 3667 1572 3738 loquuntur
1610 3672 1844 3728 labores.
1882 3673 1982 3728 Fili
2022 3676 2190 3745 spiri-

614 3753 805 3819 tualis,
839 3755 952 3809 noli
987 3756 1198 3812 imitari
1239 3758 1494 3816 homines
1525 3763 1617 3832 qui
1648 3777 1949 3834 operantur
1990 3766 2192 3834 iniqui-

611 3851 800 3910 tatem,
829 3860 1009 3915 neque
1037 3847 1321 3904 desideres
1353 3851 1516 3906 simul
1555 3855 1755 3925 degere
1779 3872 1903 3910 cum
1926 3857 2040 3925 eis;
2069 3873 2190 3911 om-

610 3951 709 3989 nes
737 3937 882 3990 enim
917 3940 1280 4008 cogitationes
1313 3959 1505 3998 eorum
1539 3947 1606 4000 ad
1661 3948 2072 4019 decipiendum,
2134 3958 2190 4004 ct

611 4028 777 4080 verba
813 4044 933 4098 qua:
984 4032 1270 4099 proferunt.
1301 4035 1444 4090 labia
1495 4053 1708 4105 eorum,
1744 4042 2058 4110 percutiunt
2087 4056 2188 4095 au-

610 4119 846 4183 dientes,
871 4129 924 4174 et
955 4137 1258 4194 praeparant
1283 4129 1523 4195 dolores,
1550 4132 1678 4200 quia
1739 4133 1874 4188 nihil
1920 4134 2045 4189 boni
2090 4149 2188 4189 an-

613 4210 892 4263 nuntiant.

681 4394 845 4450 Vens.
876 4397 929 4460 5,
957 4397 1010 4450 4.
1045 4400 1180 4452 Cum
1225 4405 1486 4470 sapientia
1539 4404 1843 4473 a'di/icatur
1898 4408 2104 4476 domus,
2133 4419 2183 4464 et

2307 1935 2561 2002 κλύδωνι,
2611 1939 2691 2000 είς
2747 1935 2908 2010 βυθδν
2959 1935 3182 2004 ἀγνοίας
3252 1935 3347 1987 καὶ
3398 1935 3570 2006 ζάλην
3622 1936 3882 2006 λογισμῶν

2305 2027 2586 2082 ἐναντίων.

2375 2119 2470 2174 λε’.
2517 2118 2696 2187 Ἐρεῖς
2715 2118 2803 2182 δὲ,
2841 2121 3138 2174 ’Ἕτυπτόν
3173 2139 3272 2191 με,
3321 2123 3414 2176 καὶ
3445 2124 3559 2176 οὐκ
3589 2123 3844 2176 ἐπόνεσα
3865 2140 3877 2152 ·

2304 2208 2398 2261 καί
2430 2208 2759 2274 ἐνέπαιξαν
2785 2229 2906 2279 μοι,
2930 2211 3046 2280 ἐγὼ
3074 2211 3143 2264 δὲ
3170 2215 3282 2266 οὐκ
3309 2213 3497 2282 ᾔδειν.
3533 2213 3692 2266 Μετὰ
3721 2214 3879 2267 ταῦτα

2302 2299 2358 2354 δὲ
2415 2300 2840 2371 μεταμεληθεὶς,
2893 2303 3054 2375 εἴπῃς
3097 2305 3241 2356 κατὰ
3289 2307 3351 2357 τὸ
3399 2305 3662 2369 συνειδὸς,
3705 2306 3878 2374 ᾐκιζόν

2305 2407 2374 2459 με
2410 2392 2477 2445 τὰ
2511 2392 2682 2462 πάθη,
2726 2393 2889 2456 αὐτὸς
2934 2393 2980 2446 δ’
3031 2395 3130 2447 οὐκ
3177 2395 3493 2466 ᾐσθάνθην·
3548 2397 3644 2448 καὶ
3685 2397 3879 2462 tardi-1;-

2303 2484 2402 2537 σάν
2459 2501 2527 2553 με
2576 2485 2648 2538 τὰ
2709 2485 2810 2554 τῆς
2866 2486 3133 2556 πονηρίας
3179 2487 3492 2558 πνεύματα,
3543 2487 3658 2556 ἐγὼ
3705 2487 3748 2540 δ’
3788 2490 3875 2540 οὐκ

2298 2576 2662 2646 ἠπιστάμηνο
2717 2579 3014 2655 ὲκτραπείς
3067 2597 3127 2632 τε
3179 2580 3276 2634 τοῦ
3330 2581 3472 2633 κατὰ
3536 2581 3699 2648 φύσιν
3753 2580 3872 2648 πρὸς

2298 2667 2359 2720 τὸ
2391 2668 2543 2738 παρὰ
2582 2666 2768 2736 φύσιν,
2806 2670 2898 2722 καὶ
2932 2668 3082 2739 ζόφῳ
3109 2669 3333 2736 ἀγνοίας
3366 2669 3746 2739 κατασχεθείς.

2368 2762 2521 2813 Πότε
2552 2760 2762 2829 ὄρθρος
2790 2762 2982 2826 ἔσται,
3022 2763 3122 2815 ἵνα
3158 2763 3354 2816 ἐλθὼν
3387 2762 3623 2829 (rimimo
3647 2764 3773 2831 μεθ’
3797 2756 3876 2814 ὧν

2298 2853 2746 2920 συνελεύσομαι
2773 2867 2794 2915 ;
2829 2853 3031 2907 Λοιπὸν
3061 2855 3191 2907 πότε
3222 2855 3564 2923 καταυγὰσει
3593 2873 3660 2925 με
3685 2857 3746 2909 τὸ
3773 2858 3875 2923 φῶς

2298 2942 2392 2994 τοῦ
2439 2944 2537 3012 τῆς
2588 2944 2936 3016 δικαιοσύνης
2984 2947 3171 3016 ἡλίους
3227 2948 3294 3000 ἶν’
3341 2950 3703 3018 ἐπιστραφεὶς
3748 2951 3877 3002 κατὰ

2299 3028 2443 3092 νοῦν,
2480 3031 2587 3083 ἀπὸ
2609 3033 2709 3101 τῆς
2743 3031 2944 3098 ἔξωθεν
2969 3036 3201 3106 πλάνης,
3242 3038 3556 3108 ψηλαφήσω
3589 3041 3730 3092 κατὰ
3770 3041 3876 3092 δία-

2299 3138 2450 3175 νοιαν
2481 3123 2579 3184 τὰς
2605 3123 2746 3176 κατὰ
2769 3123 2926 3192 λόγον
2953 3127 3077 3195 περὶ
3105 3128 3211 3179 τῶν
3234 3127 3403 3180 ὄντων
3433 3127 3660 3196 ἀληθεῖς
3691 3127 3840 3193 δόξας
3860 3167 3876 3188 .

2300 3215 2396 3266 καὶ
2430 3213 2656 3278 ταύταις
2712 3217 3042 3270 συνεισέλθω
3085 3221 3220 3290 πρὶς
3263 3219 3361 3290 τὴν
3403 3221 3546 3274 κατὰ
3572 3220 3789 3290 πνεῦμα
3824 3225 3880 3275 ὲν

2297 3305 2416 3375 Θεῷ
2449 3307 2724 3376 μακαρίαν
2756 3309 2902 3378 ζωήν
2929 3327 2942 3374 ;

2883 3403 3127 3456 ΚΕΦΑΑ.
3158 3406 3284 3460 KA'.

2365 3499 2431 3552 a',
2469 3492 2534 3562 β’.
2603 3494 2715 3556 Υἱὲ,
2736 3493 2821 3561 μὴ
2877 3493 3152 3568 ζηλώσῃς
3186 3497 3409 3564 κακοὺς
3451 3498 3700 3567 ἄνδρας,
3727 3500 3873 3568 μηδὲ

2293 3581 2672 3652 ἐπιθυμήσῃς
2704 3581 2854 3638 εἶναι
2871 3587 2999 3654 μετ’
3022 3567 3221 3641 αὐτ-ὧν
3247 3606 3260 3619 ·
3295 3589 3494 3657 ψευδῆ
3527 3591 3638 3660 γὰρ
3661 3567 3874 3660 μελετᾷ

2291 3673 2329 3740 ἡ
2383 3676 2597 3743 καρδία
2625 3677 2845 3742 αὐτῶν,
2917 3677 3017 3731 καὶ
3064 3680 3288 3746 πόνους
3337 3681 3410 3735 τὰ
3455 3685 3630 3750 χείλη
3682 3683 3875 3738 αὐτῶν

2291 3769 2486 3823 λαλεῖ.
2525 3770 2729 3823 Τέκνον
2789 3772 3180 3840 πνευματικὸν,
3219 3775 3489 3844 μηδαμῶς
3519 3779 3736 3847 μιμήσῃ
3781 3779 3869 3829 dv-

2293 3860 2545 3930 ϐρώπους
2580 3863 2983 3933 ἐργαζομένους
3027 3865 3124 3934 τὴν
3164 3867 3415 3936 ἀνομίαν,
3461 3869 3597 3941 μηδὲ
3629 3870 3871 3940 ποθήσης

2293 3952 2600 4021 συνδιάγειν
2644 3956 2830 4018 αὐτοῖς
2856 3972 2869 3984 ”
2902 3957 3080 4011 πάντα
3108 3957 3215 4029 γὰρ
3248 3960 3315 4013 τὰ
3345 3961 3480 4031 πρὸς
3514 3963 3735 4033 ἀπάτην
3763 3964 3870 4016 δια-

2290 4045 2567 4114 λογίζεται
2596 4051 2628 4118 ἡ
2658 4047 2865 4102 τούτων
2896 4049 3042 4122 ψυχή
3064 4065 3081 4083 ο
3125 4053 3217 4104 καὶ
3247 4053 3314 4104 τὰ
3348 4052 3437 4105 διὰ
3468 4053 3747 4122 στόματος
3778 4054 3870 4106 αύ-

2288 4141 2397 4194 τῶν
2427 4142 2809 4212 προφερόμενα
2865 4145 3111 4214 ῥήματα,
3143 4147 3439 4215 πλήττουσι
3489 4149 3619 4210 τοὺς
3646 4148 3864 4201 ἀκούον-

2285 4249 2407 4294 τας.
2454 4234 2548 4284 καὶ
2580 4232 2870 4287 ὀδυνᾶσθαι
2910 4235 3444 4306 παρασκευάζουσιν,
3488 4239 3683 4310 ἐπειδὴ
3708 4239 3870 4310 μηδὲν

2285 4323 2721 4392 ἀπαγγέλλουσιν
2750 4325 2974 4394 ἀγαθόν.

2357 4422 2428 4481 γ’,
2461 4417 2523 4470 δ’.
2553 4417 2713 4472 Μετὰ
2743 4419 2963 4486 σοφίας
2995 4420 3382 4490 οίκοδομεῖται
3418 4419 3605 4489 οἶκος,
3635 4424 3733 4477 καί
3767 4441 3859 4493 με·

606 4503 724 4539 cum
745 4489 1025 4554 prudentia
1052 4490 1324 4561 dirigitur.
1346 4493 1409 4547 In
1443 4494 1690 4550 doctrina
1715 4499 2177 4567 replebunturcel-

2296 4505 2356 4558 ra
2378 4508 2687 4572 συνέσεως
2709 4509 3061 4577 ἁνορθοῦται
3088 4529 3102 4543 ·
3141 4489 3292 4582 μετὰ
3328 4515 3672 4583 αἰσθήσεως
3701 4489 3860 4585 ἐμπίο

609 4579 770 4639 lnria,
810 4582 1058 4634 universa
1135 4582 1435 4638 substantia
1475 4588 1708 4653 pretiosa
1731 4590 2178 4656 etpulcherrima.

610 4668 802 4720 Divina
831 4671 996 4724 verbo
1039 4682 1332 4727 renovatur
1371 4691 1543 4739 tuens,
1583 4677 1703 4747 ejus
1735 4680 2097 4746 domicilium,
2123 4691 2178 4736 et

608 4774 702 4826 per
731 4759 1147 4828 dispositionem
1173 4780 1294 4833 quae
1325 4767 1593 4835 triplicem
1627 4769 1821 4825 anima:
1865 4770 2176 4826 facultatem

603 4850 667 4902 ad
698 4850 827 4903 illud
863 4851 1114 4916 inclinat,
1147 4858 1420 4909 excitatur
1444 4874 1509 4913 ex
1547 4861 1867 4927 passionum
1922 4861 2180 4917 omissio-

605 4941 692 4994 nis
724 4957 788 4995 ac
819 4945 1225 5001 commissionis
1269 4949 1490 5005 casibus
1528 4952 1700 5013 ;dum
1737 4968 1864 5008 caro
1915 4970 1945 5009 a
1995 4955 2180 5012 labore

603 5033 669 5092 ad
697 5034 1107 5102 inquisitionem
1141 5039 1253 5093 veri
1287 5041 1416 5095 boni
1449 5043 1960 5110 cxcitatur,auim:e
1993 5058 2178 5116 poten-

602 5127 689 5179 tia:
745 5128 1001 5195 practice:
1048 5145 1112 5185 ac
1161 5135 1507 5201 speculatiue
1546 5137 1755 5193 divitiis
1802 5140 2179 5210 spiritualibus

603 5223 914 5292 replentur,
969 5228 1196 5281 scientia
1276 5231 1488 5286 scilicet
1545 5249 1609 5288 ac
1667 5236 1891 5304 virtute,
1948 5241 2176 5296 veritate

600 5331 915 5388 quzesuper
971 5322 1156 5375 omnia
1210 5325 1448 5389 exsistit,
1511 5337 1562 5382 et
1615 5330 1763 5396 quod
1799 5331 1867 5386 ab
1919 5335 2178 5393 omnibus

599 5407 936 5474 praedicatur
993 5412 1134 5465 bono
1163 5456 1178 5480 ,
1221 5416 1364 5485 quod
1423 5426 1506 5472 est
1556 5419 1718 5484 Deus,
1754 5437 1849 5491 per
1882 5426 2173 5482 essentiam

602 5501 988 5567 inmutabilis,
1020 5505 1296 5563 beneﬁcus
1332 5525 1427 5579 per
1458 5515 1854 5582 operationem.

571 5784 579 5791 '
673 5775 840 5830 Vens.
876 5777 930 5836 5.
958 5777 1149 5834 Melior
1173 5792 1247 5837 est
1272 5784 1480 5851 sapiens
1500 5787 1630 5860 forti
1661 5803 1681 5853 ;
1736 5799 1784 5846 et
1816 5793 1894 5846 vir
1932 5794 2166 5862 pruden-

2284 4603 2542 4653 πλανται
2574 4601 2802 4671 ταμιεῖα
2833 4603 2901 4657 ἐκ
2943 4605 3168 4672 παντὸς
3213 4608 3481 4660 πλούτου
3533 4611 3730 4677 τιμίου
3767 4609 3858 4662 καὶ

2282 4691 2494 4746 καλοῦ.
2534 4692 2693 4764 Λόγῳ
2718 4693 2847 4764 θείῳ
2877 4699 3216 4767 νεουργεῖται
3241 4698 3303 4750 τὸ
3328 4698 3515 4752 τούτου
3546 4702 3855 4771 οἰκητήριον

2283 4787 2498 4848 πάντως
2523 4785 2550 4838 ὁ
2581 4787 2705 4850 νοῦς
2730 4805 2744 4818 ⁸
2783 4789 2878 4842 καὶ
2923 4793 2988 4860 τῇ
3037 4792 3177 4843 κατὰ
3218 4791 3460 4846 διάθεσιν
3507 4795 3648 4864 πρὸς
3675 4794 3858 4847 τοῦτον

2283 4879 2584 4942 συννεύσει,
2610 4879 2706 4932 τοῦ
2735 4882 3032 4952 τριμεροῦς
3061 4883 3162 4952 τῆς
3187 4883 3386 4954 ψυχῆς,
3425 4887 3773 4957 ἀνεγείρεται
3794 4890 3852 4939 ἐκ

2280 4969 2388 5022 τῶν
2414 4969 2536 5022 κατ’
2567 4969 2804 5041 ἔλλειψιν
2832 4972 2931 5041 τῆς
2961 4974 3185 5044 ἀρετῆς,
3219 4974 3314 5027 καὶ
3345 4976 3655 5049 ὑπερϐολὴν
3683 4982 3852 5049 ὲμπα-

2281 5061 2390 5114 θῶν
2421 5063 2849 5132 συμπτωμάτων
2869 5081 2884 5095 ο
2916 5065 3014 5117 καὶ
3041 5066 3189 5136 πόνῳ
3215 5069 3419 5137 σαρκός
3443 5070 3852 5142 διεγειρομένης

2279 5153 2525 5206 ἐντεῦθεν
2573 5154 2709 5224 πρὸς
2761 5156 3083 5227 ἐπιμέλειαν
3133 5158 3228 5211 τοῦ
3281 5160 3447 5226 ὅντως
3493 5163 3688 5224 καλοῦ.
3721 5165 3852 5234 πλητ

2281 5243 2498 5316 ροῢνται
2546 5248 2603 5299 at
2651 5247 2791 5301 κατὰ
2831 5248 3009 5320 ψυχὴν
3060 5251 3392 5320 φυλακτικαὶ
3446 5256 3547 5325 τῆς
3601 5259 3848 5325 γνώσεως

2277 5337 2372 5391 καὶ
2401 5338 2498 5409 τῆς
2527 5340 2728 5411 ἀρετῆς
2761 5340 3090 5412 θεωρητικαὶ
3133 5344 3295 5410 ἔξεις,
3320 5346 3429 5398 ἀπὸ
3460 5347 3552 5399 τοῦ
3607 5367 3847 5419 πνευμα-

2276 5427 2430 5482 τικοῦ
2465 5429 2718 5494 πλούτου,
2763 5431 2863 5502 τῆς
2908 5450 2968 5486 τε
3011 5437 3230 5490 πάντων
3275 5438 3684 5510 ὑπερκειμένης
3722 5444 3845 5511 άλη-

2276 5519 2446 5584 θείας,
2488 5522 2579 5575 καὶ
2609 5521 2700 5576 τοῦ
2731 5524 2946 5578 πάντων
2981 5529 3396 5599 κηρυττομένου
3425 5532 3634 5599 ἀγαθοῦ
3662 5548 3678 5563 °
3712 5536 3842 5589 am

2276 5613 2422 5665 ἐστὶν
2454 5616 2483 5668 ό
2538 5614 2694 5680 Θεὸς,
2741 5616 2816 5679 ὡς
2842 5618 2960 5670 κατ’
3011 5620 3202 5672 οὐσίαν
3250 5621 3541 5692 ἄτρεπτος,
3588 5627 3684 5680 καὶ
3732 5628 3839 5680 κατ’

2275 5704 2559 5774 ἐνέργειαν
2601 5706 2968 5778 εὐεργετικός.

2343 5803 2406 5857 ε’,
2433 5798 2744 5866 Κρείσσων
2765 5799 2955 5869 σοφὸς
3005 5803 3277 5872 ἰσχυροῦ·
3310 5805 3410 5860 καὶ
3439 5805 3597 5880 ἀνὴρ
3623 5809 3833 5878 φρόνιν
