4054 6500
232 367 365 432 1461

1275 372 1807 436 COMMENTARII
1849 377 1930 437 ΙΝ
1963 377 2418 440 PROVERBIA.

227 498 338 536 σιν
373 482 552 551 ἔχων,
601 482 882 551 γεωργίου
926 483 1215 552 μεγάλου.
1272 487 1526 541 Καλλίων
1572 489 1689 542 ἐστὶ
1726 488 1812 543 διὰ

1946 492 2051 547 iam
2081 491 2275 546 habens
2329 506 2457 562 agro
2509 505 2720 562 ntagno.
2754 487 2950 546 Melior
2969 479 3059 544 cst
3115 502 3180 544 ac
3210 487 3509 558 perfectior

228 573 550 644 τελειότητα
586 574 728 646 βίου,
760 575 788 627 ὁ
819 574 963 645 λόγῳ
993 576 1188 645 σοφίας
1211 577 1386 631 πάντα
1415 580 1483 632 τὰ
1513 578 1645 634 ὄντα
1672 581 1814 634 κατά

230 666 359 721 νοῦν
386 667 597 734 διαϐάς,
632 667 729 722 καὶ
761 669 819 723 ἐν
852 667 972 740 Θεῷ
999 669 1358 733 καταπαύσας
1381 673 1448 742 τῇ
1479 670 1648 735 ὄντως
1678 671 1812 742 ζωῇ,

231 758 380 831 ὑπὲρ
412 759 506 812 τὸν
557 758 637 812 ἐτι
673 758 817 812 κατά
857 759 964 813 τῶν
1009 759 1200 813 παθῶν
1255 761 1692 832 ἀγωνιξόμενον,
1723 765 1818 817 καὶ⁴

231 850 504 919 γενναίως
541 851 722 914 αὐτοῖς
764 851 1159 923 ἀνθιστάμενον
1185 866 1200 886 ⁸
1250 853 1346 907 καὶ
1373 856 1400 907 ό
1439 854 1702 923 γενναίως
1751 855 1820 909 τά

233 940 388 1014 πάθη
424 941 839 1008 καταπαλαίων,
881 943 1018 1014 μετά
1049 943 1211 1013 λόγου
1257 944 1515 1016 πράττων
1551 945 1650 1017 τὴν
1685 947 1819 1017 ἀρε-

233 1033 358 1106 τὴν,
402 1037 496 1089 καὶ
529 1037 588 1088 ἐν
634 1037 749 1100 τοῖς
796 1038 1120 1106 ἀναγκαίοις
1162 1038 1322 1109 μόνον
1368 1040 1823 1108 συγκαταϐαίνων

236 1125 330 1179 διά
359 1126 460 1196 τὴν
497 1127 786 1182 ἀσθένειαν
831 1131 897 1200 τῇ
935 1130 1099 1200 σαρκὶ
1139 1130 1277 1199 πρὸς
1319 1129 1601 1197 σύστασιν,
1635 1131 1824 1203 κρείσ-

238 1233 354 1270 σων
405 1219 524 1272 ἐστὶ
567 1219 662 1272 τοῦ
714 1221 772 1287 ἐξ
803 1221 975 1291 αὐτῆς
1017 1221 1184 1276 πολὺν
1217 1223 1391 1294 σωρὸν
1440 1225 1651 1295 ἀρετῶν
1685 1224 1827 1278 κατά

240 1310 449 1380 πρᾶξιν
496 1311 844 1381 συνάγοντος,
899 1313 991 1368 καὶ
1036 1314 1472 1381 καταϐάλλοντος
1521 1316 1727 1389 ταύτην
1758 1321 1824 1390 τῇ

240 1401 475 1470 ἀγώνων
522 1402 823 1475 ὑπερϐολῇ.
875 1402 936 1457 Ὀ
959 1405 1060 1476 μὲν
1087 1405 1198 1476 γάρ
1255 1407 1317 1460 οὑ
1367 1408 1530 1476 μόνον
1567 1407 1629 1460 τὸ
1659 1407 1829 1461 κακὸν

244 1493 467 1561 φεύγει,
500 1494 637 1548 ἀλλά
665 1497 759 1551 καὶ
811 1497 948 1568 πρὸς
980 1499 1040 1551 τὸ
1085 1499 1290 1567 ἀγαθὸν
1325 1503 1512 1572 χωρεῖ,
1541 1499 1679 1570 ἔχων
1732 1501 1831 1571 τὴν

247 1587 432 1657 σάρκα
483 1589 745 1658 συνεργὸν
793 1590 931 1661 πρὸς
968 1589 1038 1642 τὰ
1082 1589 1370 1660 κρείττονα
1400 1608 1415 1623 ο
1463 1593 1492 1645 ὁ
1534 1591 1593 1645 δέ
1641 1590 1833 1660 φεύγει

247 1675 354 1744 μὲν
383 1675 451 1730 τά
474 1680 595 1730 κατ’
641 1677 879 1749 ἔλλειψιν
921 1683 1021 1750 τῆς
1069 1679 1274 1752 ἀρετῆς
1307 1681 1476 1754 πάθη,
1510 1682 1608 1736 οὐκ
1633 1681 1746 1754 ἔχει
1776 1681 1834 1735 δὲ

245 1768 356 1821 τίνι
391 1769 640 1840 συνεργῷ
673 1771 810 1840 πρὸς
836 1771 905 1824 τὰ
931 1770 1198 1826 κάλλιστα
1224 1773 1520 1844 χρήσηται.

1925 587 2019 657 qui
2055 600 2152 657 per
2183 583 2507 656 sapientiam
2545 581 2728 638 omnia
2756 582 3085 638 exsistentia
3119 590 3304 638 mente
3364 597 3506 652 prae-

1924 676 2286 750 tergrediens,
2327 677 2383 731 in
2425 674 2538 730 Deo
2578 674 2872 744 requievit,
2925 691 3048 744 qua;
3094 682 3179 730 est
3213 690 3338 729 vera
3382 677 3513 738 vita,

1923 771 2017 827 illo
2049 772 2142 842 qui
2174 770 2355 824 adhuc
2382 767 2644 822 adversus
2678 768 2962 837 passiones
3027 767 3289 831 luctatur,
3322 765 3513 836 eisque

1925 879 2189 936 generose
2211 861 2454 918 resistit:
2478 871 2532 915 et
2566 861 2656 915 ille
2682 861 2775 930 qui
2809 875 3076 930 generose
3101 861 3365 916 adversus
3392 875 3516 930 pas-

1925 957 2110 1012 siones
2127 955 2388 1017 luctatur,
2409 951 3019 1007 rationalitervirtutem
3041 967 3231 1023 agens,
3261 961 3314 1006 et
3336 951 3391 1006 in
3423 967 3518 1006 nec

1928 1047 2195 1101 cessariis
2231 1052 2442 1098 tantum
2476 1057 2603 1099 sese
2628 1044 2815 1099 carnis
2849 1043 3163 1098 infirmitati
3203 1058 3514 1098 accommo-

1931 1139 2070 1194 dans
2105 1137 2172 1193 ad
2201 1137 2659 1191 sustentationem
2711 1135 2908 1190 melior
2939 1144 3025 1191 est
3078 1151 3144 1190 eo
3179 1136 3272 1206 qui
3308 1150 3374 1190 ex
3424 1135 3516 1189 illa

1930 1245 2188 1301 magnum
2214 1228 2479 1283 virtutum
2508 1227 2787 1296 operando
2813 1227 3060 1298 congerit
3083 1243 3338 1282 acervum
3366 1241 3518 1282 eam-

1929 1335 2037 1392 que
2076 1317 2262 1388 dejicit
2285 1314 2650 1371 certaminum
2681 1314 3082 1370 excessu.Nam
3110 1316 3261 1386 prior
3291 1315 3516 1386 quidem

1930 1427 2040 1468 non
2076 1409 2236 1466 modo
2264 1408 2467 1465 malum
2499 1411 2657 1480 fugit,
2685 1406 2780 1464 sed
2825 1408 2892 1463 ad
2928 1408 3131 1463 bonum
3163 1408 3327 1462 etiam
3385 1423 3518 1477 pro-

1932 1506 2200 1575 greditur,
2229 1519 2452 1558 carnem
2478 1503 2692 1557 habens
2721 1501 2786 1555 ad
2805 1500 3032 1554 meliora
3061 1500 3515 1570 coeperatricem.

1933 1594 2212 1650 Posterior
2240 1607 2371 1647 vero
2419 1591 2560 1660 fugit
2584 1589 2806 1661 quidem
2840 1589 3129 1659 passiones
3170 1586 3518 1649 omissionis,

1936 1687 2143 1744 nullius
2174 1694 2354 1740 autem
2389 1683 2595 1738 auxilio
2629 1682 2696 1738 ad
2733 1682 2941 1753 optima
2970 1679 3164 1734 utitur.

321 1865 400 1924 ς’.
425 1860 586 1913 Μετὰ
613 1860 1030 1928 κυϐερνήσεως
1085 1863 1308 1932 γίνεται
1337 1863 1620 1931 πόλεμος,
1678 1860 1830 1929 ,βοή-

2007 1858 2175 1916 Υειιε.
2217 1857 2272 1913 6.
2321 1856 2464 1924 Quia
2533 1871 2654 1910 cum
2707 1854 3051 1922 dispositione
3103 1853 3275 1906 initur
3308 1851 3521 1917 bellum,

247 1947 381 2000 θεια
408 1944 477 1999 δὲ
509 1947 661 2016 μετὰ
713 1948 966 2016 καρδίας
1011 1949 1444 2020 βουλευτικῆς.
1503 1951 1770 2023 Καθάπερ
1804 1953 1832 2006 ὁ

249 2038 393 2110 πρὸς
423 2039 548 2103 τοὺς
574 2041 805 2111 ὁρατοὺς
829 2043 1156 2107 ἀντιπάλους
1183 2044 1441 2115 πόλεμος,
1475 2047 1832 2115 ἐπιστημονι-

249 2131 360 2202 κῆς
388 2132 580 2202 χρῄζει
628 2135 986 2205 στρατηγίας,
1033 2136 1243 2206 μεγάλα
1265 2138 1322 2191 δέ
1351 2137 1720 2208 συμϐάλλεται
1754 2137 1832 2210 τῷ

253 2227 465 2298 ίσχυρῷ
495 2229 888 2300 στρατεύματι,
912 2231 1080 2285 καὶτὸ
1099 2231 1188 2286 τὸν
1210 2232 1454 2303 ἡγεμόνα
1486 2232 1627 2289 κατὰ
1651 2232 1832 2304 ψυχὴν

251 2321 324 2373 τὰ
348 2320 536 2375 δέοντα
567 2323 1053 2393 περισκέπτεσθαιο
1077 2323 1219 2378 οὕτω
1237 2327 1382 2398 καὶὴ
1413 2326 1554 2379 κατὰ
1576 2325 1682 2378 τῶν
1708 2342 1835 2396 νοη-

251 2411 365 2465 τῶν
395 2413 607 2485 ἐχθρῶν
657 2415 1106 2486 ἀντιπαράταξις,
1139 2416 1274 2487 πρὸς
1291 2417 1349 2470 τὸ
1378 2417 1604 2488 ήττῆσαι
1626 2415 1832 2470 τούτων

255 2505 352 2558 καὶ
381 2507 733 2576 καταϐαλεῖν,
787 2508 1059 2580 ἔμφρονος
1079 2510 1249 2564 δεῖται
1281 2511 1624 2575 ἐπιστασίας,
1653 2509 1835 2574 καλῶς

253 2597 612 2670 διεξαγούσης
645 2601 744 2665 τὰς
785 2600 880 2655 τοῦ
930 2601 1237 2671 παθητικοῦ
1276 2604 1472 2674 μέρους
1507 2603 1606 2672 τῆς
1655 2601 1834 2672 ψυχῆς

254 2691 536 2762 δυνάμεις,
565 2695 662 2765 τὴν
685 2695 980 2765 ἐπιθυμίαν
1009 2698 1105 2750 καὶ
1131 2698 1223 2750 τὸν
1257 2697 1428 2767 θυμόν
1449 2713 1463 2726 ’
1492 2697 1628 2766 πρὸς
1653 2695 1710 2749 δὲ
1734 2695 1828 2749 καὶ

1933 1961 1985 2010 et
2003 1953 2100 2008 erit
2133 1951 2283 2008 salus
2314 1951 2405 2004 ubi
2435 1949 2604 2002 multa
2630 1946 2852 2002 consilia
2875 1953 3019 2001 sunt.
3050 1943 3518 2011 Quemadmodum

1933 2046 2200 2102 adversus
2218 2043 2405 2098 hostes
2424 2040 2667 2096 visibiles
2697 2039 2895 2094 bellum
2917 2037 3204 2093 scientiam
3233 2037 3524 2091 militarem

1938 2138 2130 2207 exigit,
2177 2135 2523 2202 multumque
2563 2136 2799 2202 prosunt
2830 2127 3035 2199 potenti
3068 2126 3332 2182 exercitui
3367 2126 3527 2180 ducis

1937 2226 2226 2298 prudentia
2253 2231 2308 2279 et
2343 2224 2559 2294 peritia,
2583 2221 2663 2276 sic
2687 2207 2739 2274 in
2765 2233 2945 2290 pugna
2970 2217 3238 2272 adversus
3265 2216 3527 2286 Spiritua-

1938 2321 2020 2376 les
2073 2320 2282 2382 hostes,
2312 2317 2380 2372 ad
2403 2316 2526 2370 illos
2552 2313 2854 2369 vincendos
2877 2318 2932 2367 et
2973 2309 3314 2380 dejiciendos
3341 2307 3525 2376 requi~

1941 2413 2078 2467 ritur
2115 2410 2355 2483 prudens
2383 2406 2809 2476 cireumspectio
2847 2417 2967 2473 quae
3010 2401 3299 2456 facultates
3329 2401 3527 2454 animae

1939 2504 2117 2575 partis
2173 2500 2457 2556 sensibilis
2513 2499 2659 2554 bene
2707 2497 2929 2566 dirigat,
2967 2492 3268 2564 appetitum
3317 2491 3528 2547 scilicet

1943 2594 2424 2666 concupiscibilem
2457 2601 2510 2648 et
2541 2589 2837 2660 appetitum
2857 2587 3187 2644 irascibilem
3219 2595 3272 2640 et
3302 2583 3530 2647 rationis

1933 2691 2200 2762 judicium
2261 2689 2406 2760 quod
2455 2689 2720 2759 optimum
2770 2699 2800 2738 a
2833 2685 3073 2754 pessimo
3102 2679 3401 2734 discernat.

255 2782 482 2856 λογικῆς
523 2789 846 2859 διακρίσεως
890 2789 950 2842 τὸ
986 2792 1234 2860 κρεῖττον
1271 2788 1584 2859 διαιρούσης
1614 2787 1720 2840 ἀπὸ
1757 2785 1851 2840 τοῦ
1885 2785 2148 2858 χείρονος.

330 2878 398 2944 ζ’.
431 2881 620 2949 Σοφία
649 2880 750 2933 καί
777 2881 985 2935 ἔννοια
1021 2881 1214 2951 ἀγαθὴ
1244 2881 1313 2934 ἐν
1331 2883 1555 2948 πύλαις
1605 2877 1834 2949 σοφῶν.

269 2973 338 3026 Ἦ
385 2973 684 3042 θεογνωσία
739 2975 836 3028 καὶ
879 2975 1044 3045 ἡτῶν
1106 2973 1327 3043 ἀγαθῶν
1379 2973 1557 3046 ἔργων
1615 2973 1837 3044 μελέτη,

258 3067 590 3138 παρεδρεύει
619 3067 676 3121 ἐν
702 3071 821 3130 ταῖς
857 3067 1064 3122 τούτων
1093 3069 1423 3136 εἰσαγωγαῖς
1446 3067 1602 3138 δίκην
1623 3062 1829 3130 πυλῶν,

257 3158 552 3230 αἰσθήσεσι
582 3158 690 3214 τῶν
719 3160 938 3213 τελείων
982 3161 1214 3232 ἀνδρῶν,
1241 3160 1316 3224 ὡς
1351 3163 1415 3214 ἐκ
1440 3160 1548 3215 τῶν
1592 3159 1835 3228 ποιημά-

2018 2877 2185 2932 Vens.
2224 2875 2280 2929 7.
2318 2872 2594 2942 Sapientia
2620 2879 2669 2926 et
2699 2867 3050 2938 intelligentia
3096 2865 3233 2919 bona
3267 2865 3320 2918 in
3362 2866 3530 2932 portis

1945 2971 2265 3041 sapientum.
2288 2965 2544 3038 Cognitio
2573 2964 2669 3019 Dei
2719 2972 2775 3018 et
2831 2962 3100 3016 bonorum
3135 2975 3362 3029 cperum
3397 2974 3530 3012 cura

1946 3062 2140 3118 sedent
2166 3059 2323 3130 quasi
2355 3059 2409 3113 in
2438 3058 2632 3128 portis,
2664 3055 2719 3110 in
2765 3053 3025 3109 sensibus
3085 3051 3298 3106 scilicet
3349 3050 3529 3104 homi-

1945 3169 2072 3209 num
2095 3151 2486 3224 perfectorum,
2526 3149 2618 3220 qui
2649 3163 2717 3203 cx
2753 3145 2953 3201 creatis
2980 3142 3297 3198 Creatorem
3331 3141 3528 3210 depre-

258 3264 372 3302 των
423 3248 514 3302 τὸν
548 3249 788 3321 Ποιητὴν
837 3250 1410 3322 καταλαμϐανόντων,
1470 3251 1564 3306 καὶ
1614 3251 1673 3304 τὸ
1711 3251 1839 3319 περὶ

1947 3247 2194 3303 hendnnt
2222 3253 2277 3301 et
2315 3259 2442 3300 eum
2491 3240 2792 3311 inspiciunt
2817 3237 2909 3308 qui
2945 3251 3110 3306 super
3137 3233 3320 3288 omnia
3367 3233 3532 3287 bene--

263 3340 445 3394 πάντα
461 3340 663 3396 τούτων
689 3343 1038 3411 εὐεργετικὸν
1059 3361 1125 3395 πε
1138 3343 1562 3413 ρισκοπούντων,
1583 3343 1676 3397 καὶ
1703 3342 1843 3396 κατά

259 3433 326 3487 τὸ
352 3433 578 3488 δυνατὸν
603 3434 890 3505 μιμεῖσθαι
922 3435 1372 3506 ἐπιχειρούντων.

333 3524 408 3597 η’.
446 3527 628 3596 Σοφοὶ
688 3529 800 3581 οὐκ
841 3527 1240 3583 ἐκκλίνουσιν
1270 3530 1338 3584 ἐκ
1377 3531 1678 3602 στόματος
1731 3537 1845 3589 Κυσ

256 3620 425 3688 ρίου,
453 3620 614 3674 ἀλλὰ
656 3619 990 3690 λογίζονται
1013 3622 1082 3674 ἐν
1112 3623 1477 3692 συνεδρίοις.
1513 3623 1576 3678 Οί
1608 3625 1848 3695 φθάσαν-

261 3731 360 3776 τες
390 3715 471 3777 είς
497 3713 830 3784 τελειότητα,
875 3715 1125 3784 οὐδαμῶς
1156 3715 1282 3780 τοὺς
1305 3716 1498 3786 λόγους
1522 3716 1616 3770 τοῦ
1646 3718 1848 3772 Δεσπό-

265 3821 365 3859 του
383 3805 490 3859 τῶν
516 3806 652 3860 ὅλων
670 3807 802 3861 Θεοῦ
823 3810 1278 3880 παραϐαίνουσιν,
1300 3811 1436 3866 ἀλλά
1458 3812 1597 3884 πρὸς
1626 3811 1848 3878 τούτους

265 3896 587 3965 ἀνάγονται.
1788 3890 1801 3902 “

345 3988 836 4056 θ¹.“Απαιδεύτοις
869 3988 1142 4060 συναντᾷ
1165 3991 1441 4059 θάνατος,
1476 3993 1850 4064 ἀποθνήσκει

268 4080 342 4134 δὲ
370 4080 657 4150 ἅφρωνὲν
671 4085 1003 4152 ἁμαρτίαις.
1043 4083 1154 4138 Καὶ
1183 4083 1327 4136 κατὰ
1368 4084 1465 4147 τὰς
1487 4085 1716 4154 ἀλόγους
1753 4086 1851 4158 τῆς

269 4173 451 4244 ψυχῆς
479 4173 818 4244 θεωρητικάς
833 4191 891 4227 τε
907 4176 1000 4227 καὶ
1025 4175 1335 4248 πρακτικάς
1351 4175 1632 4246 δυνάμεις,
1652 4176 1749 4240 τὰς
1766 4178 1851 4230 αἰ-

273 4267 499 4336 σθήσεις
515 4270 679 4338 φημὶ,
700 4269 792 4320 καὶ
805 4267 902 4337 τὴν
919 4267 1216 4338 ἐπιθυμίαν
1236 4267 1434 4321 καὶτὸν
1449 4268 1639 4338 θυμὸν,
1659 4271 1715 4322 ἐν
1731 4271 1851 4333 ταῖς

269 4360 480 4412 τούτων
507 4360 643 4432 πρὸς
671 4361 770 4431 τὴν
793 4361 1018 4430 ἑνότητα
1053 4359 1146 4413 τοῦ
1176 4360 1268 4414 νοῦ
1305 4360 1707 4432 συναθροίσεσι,
1737 4363 1854 4426 τοῖς

277 4453 355 4524 μὴ
394 4452 628 4522 μαθοῦσι
689 4451 954 4522 θεοφιλῶς
981 4451 1079 4522 τὴν
1123 4452 1258 4506 ἰδίαν
1309 4452 1456 4524 ζωὴν
1505 4453 1796 4524 διεξάγειν,
1825 4452 1855 4506 ὁ

273 4544 400 4600 καθ’
430 4545 706 4616 ἁμαρτίαν
726 4546 822 4615 τῆς
844 4543 1024 4617 ψυχῆς
1047 4544 1364 4615 ἐντυγχάνει
1391 4544 1638 4607 θάνατος.

351 4642 402 4690 ι’.
445 4636 798 4703 Ἀκαθαρσιά
819 4633 887 4688 δὲ
901 4633 1071 4702 ἀνδρὶ
1093 4635 1302 4703 λοιμῷ,
1327 4633 1856 4703 ἐμμολυνθήσεται

272 4729 348 4782 ἐν
375 4727 565 4797 ἡμέρᾳ
603 4728 760 4797 κακῇ
782 4770 795 4793 ,
841 4729 938 4781 καί
963 4728 1032 4781 ὲν
1064 4725 1254 4796 ἡμέρᾳ
1303 4727 1587 4795 θλίψεως,
1636 4727 1748 4794 ἕως
1782 4727 1862 4782 ἂν

275 4817 522 4888 ἐκλίπῃ.
571 4818 1062 4887 Καὶόάλογίστως
1121 4816 1275 4888 βιῶν,
1338 4818 1432 4871 καὶ
1480 4819 1743 4882 ἑκουσίως
1782 4818 1858 4890 μὴ

278 4909 479 4964 συνιὼν
507 4913 593 4980 ἐφ’
624 4906 708 4975 οἷς
741 4911 1073 4982 προσκρούει
1121 4909 1260 4981 Θεῷ,
1295 4911 1460 4980 μέχρι
1507 4909 1699 4972 τέλους
1739 4913 1860 4974 ταῖς

278 5004 502 5067 κακίαις
531 5005 791 5074 ἐμμένει·
819 5004 898 5073 τῷ
923 5005 969 5057 δ’
999 5004 1461 5075 άπερικαλύπτως
1497 5003 1596 5074 τὴν
1653 5003 1858 5058 κακίαν

278 5095 658 5168 ἐργαζομένῳ,
708 5094 1005 5150 κάντεῦθεν
1033 5095 1127 5149 καὶ
1153 5096 1357 5168 ἑτέροις
1390 5093 1599 5165 ταύτης
1629 5094 1856 5164 μεταδι-

277 5189 448 5253 δόντι,
505 5188 777 5260 ἀνθρώπῳ
827 5187 1120 5256 ἀπογνόντι
1167 5189 1266 5258 τῆς
1320 5185 1516 5239 ἑαυτοῦ
1552 5185 1856 5257 σωτηρίας,

279 5279 485 5332 ὁπόταν
511 5278 696 5332 ὀδύναι
724 5277 1038 5348 σωματικαὶ
1067 5277 1240 5349 τούτῳ
1294 5279 1388 5331 καὶ
1424 5267 1657 5348 ψυχικαὶ
1689 5277 1859 5330 λύπαι

281 5371 606 5436 ἐπέλθωσιν,
633 5372 667 5442 ἠ
703 5370 935 5442 πονηρία
963 5369 1124 5423 πλέον
1163 5369 1632 5440 ἑπεκτανθήσεται
1654 5408 1669 5432 ,
1701 5369 1862 5442 ἄχρις

282 5463 350 5518 ἂν
383 5462 443 5516 τὸ
472 5463 624 5527 τέλος
653 5461 752 5533 τῆς
788 5462 932 5534 ζωῆς
967 5461 1127 5515 αύτῖιν
1160 5461 1464 5534 καταλάϐῃ.

301 5585 308 5594 ι
358 5564 448 5613 ια’.
465 5557 674 5610 Ῥὗσαι
691 5555 1022 5628 ἀγομένους
1037 5557 1124 5622 εἷς
1147 5554 1428 5619 θάνατον,
1449 5555 1545 5608 καί
1574 5554 1868 5624 ἐκπριοῦν

284 5651 708 5721 κτεινομένους
721 5650 807 5720 μὴ
828 5650 1033 5720 φείσῃ.
1071 5649 1357 5722 Λύτρωσαι
1393 5651 1467 5713 ὡς
1501 5651 1731 5704 δυνατόν.
1757 5669 1861 5718 σοι,

282 5743 410 5806 τοὺς
441 5743 824 5812 ἀπαγομένους
855 5745 932 5806 είς
974 5742 1226 5808 θάνατον,
1278 5741 1388 5793 εἴτε
1421 5743 1513 5794 τὸν
1533 5741 1722 5795 ἄδικον
1758 5760 1862 5794 σω-

288 5835 537 5906 ματικὸν,
590 5836 698 5890 εἴτε
739 5835 830 5892 τὸν
865 5835 989 5889 καθ’
1021 5834 1295 5906 ἁμαρτίαν
1335 5834 1582 5906 ψυχικόν·
1617 5834 1862 5899 καὶτοὺς

1951 3339 2088 3395 licus
2120 3344 2226 3404 est,
2258 3336 2524 3407 illumque
2556 3334 2688 3389 totis
2723 3331 2934 3388 viribus
2967 3327 3174 3385 imitari
3201 3335 3497 3382 conantur.

2023 3525 2190 3580 Vens.
2235 3523 2284 3579 8.
2326 3521 2599 3592 Sapientes
2631 3535 2732 3572 non
2757 3515 3026 3570 declinant
3070 3511 3134 3567 ab
3169 3528 3258 3566 ore
3292 3510 3532 3578 Domini,

1953 3621 2041 3675 sed
2074 3616 2370 3672 deliberant
2401 3615 2455 3667 in
2486 3609 2850 3666 'eonsessibus.
2886 3606 2988 3673 Qui
3028 3603 3093 3658 ad
3136 3603 3532 3674 perfectionem

1955 3721 2343 3784 pervenerunt,
2388 3709 2538 3763 nullo
2573 3703 2737 3760 modo
2771 3701 2862 3757 Dei
2898 3701 3284 3755 universorum
3320 3695 3534 3750 Domini

1955 3805 2439 3878 transgrediuntur
2477 3808 2765 3871 praecepta,
2794 3796 2894 3852 sed
2914 3794 2978 3848 ad
3007 3807 3068 3847 ea
3095 3791 3492 3864 provehuntur.

2029 3988 2192 4045 Vens.
2249 3987 2303 4043 9.
2360 3981 2783 4052 Indisciplinatis
2836 3977 3064 4033 occurrit
3093 3991 3256 4040 mors,
3309 3973 3536 4026 moritur

1958 4094 2134 4138 autem
2171 4077 2474 4150 imprudens
2500 4077 2551 4130 in
2588 4073 2835 4144 peccatis.
2872 4071 2936 4123 Et
2970 4068 3146 4139 quoad
3189 4059 3536 4120 irrationales

1959 4176 2156 4231 animae
2184 4181 2296 4226 tum
2341 4168 2710 4240 speculativas
2756 4172 2874 4218 tum
2917 4161 3191 4232 practicas
3239 4156 3534 4228 potentias,

1960 4285 2156 4326 sensus
2181 4267 2332 4331 dico,
2363 4272 2417 4320 et
2452 4260 2752 4333 appetitum
2787 4254 3276 4325 concupiscihilcm
3330 4266 3391 4304 ac
3426 4250 3536 4302 ira-

1961 4363 2235 4426 scibilem,
2297 4360 2389 4430 qui
2451 4357 2506 4412 in
2537 4369 2723 4412 earum
2767 4351 2832 4407 ad
2897 4349 3158 4403 unitatem
3227 4343 3539 4398 intellectus

1961 4451 2483 4510 coacervationibus
2521 4445 2802 4518 propriam
2849 4441 2957 4495 Deo
3016 4449 3226 4507 gratam
3281 4433 3540 4489 nesciunt

1963 4549 2200 4618 dirigere
2239 4545 2428 4605 vitam,
2483 4540 2552 4594 iis
2602 4553 2752 4592 mors
2785 4533 2980 4588 anima:
3015 4539 3243 4602 peccato
3274 4527 3541 4584 occurrit.

2036 4640 2197 4696 Vens.
2241 4637 2328 4692 10.
2379 4629 2728 4688 lmmunditia
2773 4636 2948 4681 autem
2993 4625 3099 4678 viro
3128 4620 3415 4691 pestilenti,
3457 4620 3539 4672 in-

1960 4737 2268 4810 quinabitur
2297 4733 2352 4786 in
2384 4730 2466 4783 die
2494 4726 2638 4782 mala
2669 4734 2718 4779 et
2753 4725 2807 4778 in
2830 4722 2915 4776 die
2947 4718 3330 4781 tribulationis,
3378 4716 3540 4768 donec

1962 4830 2200 4900 deﬁciat.
2237 4825 2303 4878 Et
2342 4824 2436 4878 ille
2484 4819 2580 4892 qui
2623 4815 3026 4872 irrationaliter
3058 4812 3192 4865 vivit
3238 4817 3294 4863 et
3347 4815 3541 4879 sponte

1964 4938 2072 4977 non
2108 4915 2370 4984 intelligit
2413 4913 2474 4968 in
2517 4910 2720 4982 quibus
2761 4906 2929 4962 Deum
2980 4901 3229 4966 oiiendit,
3267 4915 3438 4969 usque
3472 4900 3536 4950 ad

1964 5016 2128 5070 linem
2167 5013 2221 5067 in
2255 5007 2498 5082 peccatis
2550 5000 2920 5076 permanebit.
2965 4997 3068 5064 Qui
3113 5003 3297 5050 autem
3334 4993 3539 5045 malum

1961 5115 2150 5178 aperte
2173 5103 2328 5166 facit,
2362 5100 2618 5168 aliosque
2642 5091 2947 5166 pervertit,
2986 5088 3079 5159 qui
3117 5087 3375 5155 desperat
3411 5100 3539 5153 pro-

1964 5202 2096 5274 priae
2128 5196 2315 5258 saluti,
2373 5190 2598 5264 quando
2648 5186 2879 5242 veniunt
2913 5179 3163 5251 corporis
3216 5177 3438 5232 dolores
3489 5185 3543 5228 et

1964 5268 2161 5346 animm
2216 5299 2506 5347 mcerores,
2535 5278 2749 5336 malitia
2801 5274 2922 5347 eius
2967 5269 3320 5334 extendetur,
3367 5268 3541 5322 donec

1963 5386 2088 5442 vitae
2112 5380 2236 5438 linis
2269 5374 2644 5450 deprehendat
2679 5371 2853 5424 illum.

2035 5561 2203 5616 Vtilis.
2237 5557 2325 5611 Η.
2378 5552 2516 5608 Erue
2544 5567 2632 5606 eos
2662 5547 2750 5619 qui
2779 5545 3045 5599 ducuntur
3095 5541 3161 5594 ad
3204 5549 3443 5600 mortem,
3495 5547 3544 5590 ct

1966 5653 2054 5724 qui
2087 5649 2372 5704 trahuntur
2398 5645 2466 5699 ad
2499 5643 2768 5696 interitum
2805 5639 3030 5693 liberare
3074 5653 3134 5689 ne
3174 5650 3356 5687 cesses.
3405 5629 3548 5681 Erue

1967 5719 2236 5815 quantum
2268 5746 2421 5810 potes
2460 5751 2558 5792 eos
2590 5733 2683 5805 qui
2718 5735 3001 5786 ducuntur
3047 5730 3113 5780 ad
3145 5731 3398 5785 mortem,
3433 5719 3546 5772 sive

1970 5814 2035 5890 ad
2079 5840 2310 5889 mortem
2373 5828 2637 5900 injustam
2697 5821 2969 5894 corporis,
3019 5818 3134 5876 sive
3193 5814 3258 5870 ad
3318 5821 3542 5867 mortem

3371 372 3514 439 1462
3584 436 3588 441 .
