4054 6522
258 350 397 417 1465

1279 358 1811 419 COMMENTARII
1857 358 1939 419 ΙΝ
1982 359 2429 422 ΡΒΟνΕῐιΒΙΑ.

3374 361 3512 427 1466

326 465 394 516 οι
422 461 475 516 δ’
519 462 758 531 ἀσεϐεῖς
810 464 1270 533 ἀσθενήσουσιν
1317 469 1389 523 ἐν
1437 470 1664 538 κακοῖς.
1695 472 1755 525 Ol
1782 470 1827 524 δ’

2001 472 2166 527 Vens.
2226 474 2313 527 l7.
2366 473 2525 543 [mpii
2572 482 2744 528 autem
2820 472 3233 543 inﬁrmabuntur
3287 476 3342 530 in
3401 494 3512 533 ma-
3592 450 3595 454 Α

251 551 555 624 ἀλογίστως
582 556 806 619 ζῶντες,
857 558 952 611 καὶ
994 557 1134 621 ὅλως
1162 559 1224 612 τὸ
1249 559 1418 625 ὄντως
1451 562 1615 615 καλὸν
1656 563 1733 633 μὴ
1755 579 1837 615 τι-

255 649 489 720 μῶντες.
533 641 893 701 ἀπελπίσουσι
946 649 1048 721 τὴν
1101 650 1318 705 ἑαυτῶν
1368 654 1647 725 σωτηρίαν
1666 657 1725 708 ὲν
1755 651 1837 721 οἷς

253 742 597 812 περίκεινται
632 742 1023 814 ἁμαρτήμασιν
1045 760 1059 774 ⁸
1091 743 1166 806 ὡς
1195 744 1296 815 τὴν
1316 746 1459 800 κατά
1483 748 1574 800 τὸν
1591 765 1836 818 πνευμαο

250 834 404 887 στικὸν
434 835 597 902 νόμον
626 834 922 904 θεραπείαν
962 836 1229 905 βαστάσαι
1258 838 1330 908 μὴ
1362 838 1682 910 δυνηθέντες
1702 882 1716 905 ,
1748 838 1838 896 οἷα

252 925 467 995 τροφῆς
493 926 570 988 ὡς
598 924 959 997 νηπιόφρονες
986 928 1345 999 ἁπαλωτέρας
1368 929 1638 1001 δεόμενοι.

325 1014 412 1078 ιζ’.
436 1014 569 1068 Ἐὰν
588 1014 755 1082 πέσή
774 1016 1034 1085 ὀέχθρός
1058 1034 1196 1082 σου,
1212 1020 1299 1088 μὴ
1323 1019 1621 1090 ἐπιχειρῇς
1651 1021 1833 1088 αὐτῷ’

249 1105 325 1159 ἐν
360 1106 430 1160 δὲ
464 1104 541 1171 τῷ
562 1109 1049 1178 ὑποσκελίσματι
1069 1112 1278 1176 αὐτοῦ,
1307 1112 1393 1180 μὴ
1417 1114 1690 1182 ἐπαίρου.
1709 1116 1837 1168 Ἐάν

250 1214 337 1262 τις
402 1197 710 1268 μαχόμενός
750 1216 864 1260 σοι.
920 1203 1202 1273 περιπέσῃ
1258 1206 1367 1257 τινὶ
1423 1204 1702 1275 πτώματι,
1759 1206 1833 1278 μὴ

255 1288 635 1360 ἐπεγγελάσῃς
691 1290 860 1361 αὐτῷ,
920 1293 1011 1346 ἐπὶ
1044 1297 1107 1365 τῇ
1139 1296 1388 1368 ἀπωλείᾳ
1414 1298 1580 1351 αὑτοῦ
1605 1299 1837 1369 εὐφραι-

252 1377 497 1447 νόμενος·
526 1380 621 1432 ἐπὶ
642 1380 697 1432 δὲ
720 1383 783 1453 τῇ
812 1382 949 1455 πρὸς
971 1385 1233 1440 τάναντία
1264 1392 1573 1459 περιτροπῇ
1607 1388 1823 1456 τούτου,

255 1471 330 1542 μὴ
394 1472 536 1541 μέγα
602 1474 787 1543 φρόνει
844 1475 1027 1540 αὐτὸς,
1058 1477 1133 1540 ὡς
1186 1478 1289 1549 ηδη
1358 1480 1700 1549 ἀπαλλαγεὶς
1738 1481 1832 1535 τοῦ

252 1561 552 1627 λυποῦντός
607 1581 699 1631 σε,
751 1567 847 1620 καὶ
912 1567 1347 1631 καταϐάλλοντός
1415 1587 1506 1623 σου
1569 1572 1632 1624 τὸ
1696 1572 1832 1642 φρό-

254 1670 318 1723 vr.
329 1670 426 1722 μα.

326 1744 420 1816 ιη’.
451 1746 582 1801 Ὀτι
613 1746 823 1815 ὄψεται
861 1750 1097 1817 Κύριος,
1125 1750 1224 1803 καὶ
1244 1753 1357 1805 οὐκ
1391 1753 1597 1821 ἀρέσει
1620 1753 1782 1820 αὐτῷ
1811 1768 1826 1785 ⁸

1941 566 2026 621 lis.
2096 566 2200 632 Qui
2271 576 2452 621 antem
2515 567 2905 622 irrationaliter
2964 570 3155 622 vivunt
3211 580 3265 624 et
3320 587 3510 626 verum

1940 661 2142 714 bonum
2200 661 2470 714 honorare
2536 675 2765 729 prorsus
2822 661 3128 730 negligunt,
3180 663 3343 717 saluti
3399 680 3514 719 sua:

1938 751 2308 821 despcrabnnt
2350 752 2402 807 in
2438 752 2683 821 peccatis
2706 753 2908 822 quibus
2935 751 3120 822 jacent
3150 771 3164 807 :
3197 754 3324 825 quia
3352 756 3515 825 spiri-

1940 847 2085 899 tuale
2124 844 2218 899 Dei
2270 845 2553 899 servitium
2609 862 2718 899 non
2773 846 2952 900 valent
2996 856 3238 915 portare,
3282 846 3514 917 ciboque

1939 937 2473 1007 delicatiori,utpote
2508 937 2738 1006 puerilia
2771 937 3098 1000 sentientes,
3134 937 3402 1007 indigent.

2009 1030 2178 1087 Vens.
2214 1031 2301 1085 17.
2335 1028 2395 1085 Si
2437 1030 2681 1084 ceciderit
2709 1030 2953 1084 inimicus
2985 1039 3129 1093 tuus,
3162 1047 3224 1085 ne
3254 1030 3510 1100 gaudeas,

1936 1134 1986 1182 et
2011 1126 2065 1179 in
2091 1123 2517 1193 supplantatione
2541 1121 2654 1191 ejus
2678 1138 2740 1176 ne
2762 1122 3059 1177 extollaris.
3091 1123 3147 1175 Si
3174 1122 3298 1192 quis
3318 1122 3514 1176 adver-

1937 1233 2031 1273 Sus
2060 1224 2113 1272 te
2149 1230 2424 1286 pugnans,
2468 1213 2521 1267 in
2554 1214 2793 1282 aliquam
2831 1214 3198 1268 calamitatem
3235 1213 3510 1277 inciderit,

1937 1307 2253 1363 neirrideas
2284 1306 2383 1371 illi,
2403 1307 2468 1360 de
2494 1306 2662 1360 exitio
2688 1305 2810 1375 ejus
2833 1306 3010 1371 lactus,
3040 1315 3093 1360 et
3126 1306 3193 1360 de
3223 1321 3353 1360 casu
3389 1306 3513 1374 ejus

1936 1403 1990 1457 in
2015 1401 2245 1456 adversa
2275 1416 2342 1455 ne
2378 1398 2684 1461 extollaris,
2709 1407 2897 1467 utpote
2932 1399 3001 1453 ab
3024 1415 3089 1451 eo
3120 1399 3211 1469 qui
3256 1408 3307 1453 te
3334 1400 3501 1454 mole-

1936 1493 2137 1559 stabat,
2161 1499 2215 1549 et
2240 1490 2312 1547 ob
2333 1506 2495 1561 quem
2521 1491 2759 1544 animam
2791 1487 3192 1559 despondebas,
3222 1490 3507 1545 liberatus.

2006 1758 2172 1814 Vsns.
2213 1758 2301 1813 18.
2332 1756 2415 1812 Ne
2460 1756 2594 1826 forte
2623 1753 2794 1810 videat
2830 1751 3111 1818 Dominus,
3143 1760 3194 1806 et
3233 1747 3510 1817 displiceat

252 1838 351 1893 καὶ
371 1840 631 1906 ἀποστρέ
643 1842 737 1908 ψει
774 1840 881 1894 τὸν
911 1844 1103 1912 θυμῧν
1129 1843 1316 1897 αὐτοῦ
1332 1846 1434 1900 ἀπ’
1459 1847 1672 1904 αὑτοῦ.
1706 1849 1827 1901 ’Ότι

1945 1854 2007 1915 εἱ,
2036 1862 2087 1906 et
2116 1850 2329 1919 auferat
2367 1849 2431 1902 ab
2473 1864 2532 1903 eo
2581 1849 2717 1901 iram
2762 1862 2939 1902 suam.
2988 1843 3130 1911 Quia
3176 1840 3515 1899 omnisciens

251 1933 282 1984 ὁ
311 1933 487 1985 πάντα
515 1932 668 1996 εἰδὼς
706 1933 983 2004 Δεσπότης
1035 1937 1145 1990 τῶν
1185 1938 1321 1991 ὅλων
1353 1938 1505 2005 Θεὸς,
1539 1940 1826 2011 ἐπιϐλέψει

251 2022 405 2084 ὅπως
432 2022 618 2087 κακῶς
639 2040 731 2075 σου
764 2024 831 2077 τά
859 2023 998 2077 κατὰ
1028 2023 1206 2096 ψυχὴν
1228 2026 1440 2097 ,ἔχουσι’
1477 2029 1571 2081 καὶ
1593 2025 1681 2081 οἷα
1711 2028 1832 2097 φιλ-

252 2115 550 2185 ανθρώπῳ,
573 2115 673 2168 οὐκ
697 2114 1001 2168 άποδεκτέα
1022 2117 1319 2186 φανοῦνται
1341 2118 1508 2190 αὐτῷ·
1542 2119 1665 2173 ὅθεν
1692 2122 1834 2174 ὲκεί-

252 2225 345 2261 νον
378 2207 875 2278 μὲν,διορθωθὲντα
902 2212 1019 2271 ταῖς
1059 2211 1379 2279 ἐπαγωγαῖς
1408 2212 1515 2266 τῶν
1534 2213 1831 2284 ὀδυνηρῶν,

252 2298 502 2368 ὲλεήσειῖ
556 2300 653 2353 ἐπὶ
682 2301 739 2352 σὲ
769 2299 827 2353 δὲ
856 2300 1073 2366 πάντως
1123 2303 1223 2371 τὴν
1266 2302 1437 2375 ὀργὴν
1476 2303 1646 2359 αὑτοῦ
1698 2306 1835 2359 ἀποο

254 2391 499 2461 στρέψει,
536 2390 779 2456 παιδείας
801 2392 1053 2464 δεόμενον
1084 2396 1221 2466 πρὸς
1249 2396 1553 2466 διόρθωσιν.

328 2480 416 2547 ιϐ’,
452 2490 522 2538 κ’.
554 2484 648 2552 Μὴ
690 2484 857 2553 χαῖρε
876 2486 976 2539 ἐπὶ
1030 2488 1400 2556 κακοποιΟἷς,
1450 2488 1608 2558 μηδὲ
1651 2487 1834 2556 ζήλου

253 2576 662 2647 ἁμαρτωλούς·
683 2580 756 2632 οὐ
783 2579 893 2646 γὰρ
917 2578 1003 2647 μὴ
1028 2577 1263 2648 γένηται
1287 2581 1508 2650 ἔκγονα
1530 2580 1832 2648 πονηρῶν·

254 2668 538 2738 λαμπτὴρ
564 2669 632 2722 δὲ
646 2669 881 2725 ἀσεϐῶν
897 2669 1323 2737 σϐεσθήσεται.
1346 2675 1436 2743 Μὴ
1465 2674 1836 2743 ὲπευφραίνου

254 2760 602 2825 διδασκάλοις
648 2761 817 2815 κακόν
854 2778 914 2814 σε
949 2761 1271 2815 ἀποτελοῦσι
1299 2765 1419 2826 ταῖς
1447 2764 1659 2817 ἑαυτῶν
1691 2782 1837 2836 παρ-

256 2854 535 2920 αινέσεσι,
596 2854 732 2925 μηδὲ
792 2854 963 2926 μιμοῦ
1030 2856 1157 2919 τοὺς
1206 2856 1689 2927 ἀποτυγχάνοντας
1741 2857 1836 2911 τοῦ

255 2946 429 3010 ὅντως
460 2944 625 3000 καλοῦ
649 2947 708 2999 ἐν
732 2950 850 3011 ταῖς
874 2945 1080 3000 ἑαυτῶν
1129 2946 1394 3018 πράξεσιν
1416 2965 1431 2980 ο
1480 2946 1607 3001 οὔτε
1633 2947 1744 3019 γὰρ
1774 2950 1839 3002 ὲκ

257 3041 360 3108 τῆς
385 3037 734 3104 διδασκαλίας
762 3038 988 3092 ἐκείνων
1049 3039 1385 3110 ἀποκυήσεις
1447 3038 1611 3091 καλόν
1644 3056 1718 3095 τι.
1745 3038 1840 3092 καὶ

257 3130 321 3185 τὸ
349 3131 700 3202 προσκαίρως
720 3130 841 3201 ἡδὺ,
875 3131 970 3183 καὶ
996 3129 1280 3202 περίδοξον
1310 3130 1417 3182 τῶν
1450 3130 1525 3201 μὴ
1552 3128 1839 3199 τιμώντων

258 3222 323 3275 τὸ
350 3221 517 3284 ὅντως
574 3220 760 3287 καλὸν,
823 3222 1117 3277 κάντεῦθεν
1140 3222 1628 3293 ἀποτυγχανόντων
1648 3221 1836 3283 αὑτοῦ.

258 3316 469 3385 ταχέως
492 3313 939 3385 ἀφανισθήσεται.

334 3413 445 3466 κα’.
470 3406 576 3477 κβ’.
608 3406 797 3460 Φοϐοῦ
834 3409 938 3459 τὸν
964 3404 1133 3471 Θεὸν,
1164 3404 1276 3467 υἱὲ,
1305 3405 1402 3458 καὶ
1423 3403 1708 3470 βασιλέα,
1745 3404 1842 3458 καὶ

255 3498 563 3571 μηδετέρῳ
583 3498 781 3552 αὐτῶν
801 3497 1125 3567 ἀπειθήσῃο
1145 3497 1436 3566 ἐξαίφνης
1450 3496 1561 3566 γὰρ
1578 3497 1846 3549 τίσονται

261 3592 406 3659 τοὺς
465 3592 723 3658 ἀσεϐεῖςο
769 3591 877 3656 τὰς
931 3589 999 3643 δὲ
1041 3590 1319 3659 τιμωρίας
1362 3588 1709 3658 ἀμφοτέρων
1757 3588 1847 3652 τίς

263 3684 592 3759 πνώσετακ
647 3683 849 3737 Τέκνον
908 3681 1302 3751 πνευματικὸν,
1337 3683 1474 3753 μήτε
1515 3680 1653 3733 Θεοῦ
1683 3696 1849 3732 κατα-

266 3778 458 3848 φρόνει
487 3776 580 3828 τοῦ
610 3774 955 3846 κυριεύοντος
997 3775 1092 3826 καὶ
1121 3774 1298 3843 ψυχῆς
1324 3789 1417 3825 σου
1443 3772 1535 3825 καὶ
1573 3770 1846 3840 σώματος,

272 3870 413 3940 μήτε
466 3867 730 3939 βασιλέως
754 3867 850 3919 τοῦ
886 3867 1050 3936 μόνου
1073 3864 1170 3918 τοῦ
1204 3864 1460 3934 σώματός
1490 3881 1581 3917 σου
1603 3863 1852 3927 ἐξουσιά-

269 3963 458 4028 ζοντος
478 3975 491 3989 ⁸
525 3960 619 4013 καὶ
660 3959 769 4012 τῶν
840 3958 1334 4028 παραγγελμάτων
1364 3956 1571 4011 τούτων
1604 3953 1749 4019 τινδς
1774 3955 1849 4025 μὴ

271 4053 660 4124 παρακούσῃς·
689 4052 954 4120 αἰφνίδιον
993 4051 1103 4121 γὰρ
1161 4050 1568 4120 τιμωρήσονται
1612 4049 1737 4110 τοὺς
1776 4048 1851 4118 μὴ

269 4147 553 4217 τιμῶντας
573 4145 802 4209 αὐτούς’
831 4144 930 4209 τὰς
955 4146 1012 4199 δὲ
1043 4144 1295 4205 κολάσεις
1326 4142 1392 4205 ἃς
1419 4140 1513 4195 καὶ
1543 4141 1852 4211 ἀμφότεροι

272 4242 541 4308 ἐπάγουσι
568 4241 681 4301 τοῖς
712 4237 848 4309 πρὸς
872 4238 1071 4302 αὐτοὺς
1096 4235 1528 4309 ἁμαρτάνουσιν,
1556 4233 1732 4297 οὐδεὶς
1761 4233 1851 4287 διά

270 4334 337 4387 τὸ
369 4333 567 4403 ἄδηλον
613 4329 709 4383 τοῦ
769 4329 963 4400 καιροῦ
1013 4331 1327 4400 ὑπονοήσειο
1359 4327 1433 4390 ὡς
1457 4327 1526 4381 ἂν
1552 4324 1852 4396 διορθωσά-

277 4442 437 4497 μενος
499 4423 606 4496 πρὸ
650 4420 741 4475 τοῦ
789 4421 1213 4492 τιμωρηθῆναι,
1256 4418 1571 4491 καταλλάξῃ
1624 4416 1851 4480 τούτους

272 4516 475 4586 ἑαυτῷ.

346 4608 542 4677 Λόγον
598 4602 1075 4675 φυλασσόμενος
1138 4602 1299 4668 υἱὸς,
1344 4602 1647 4669 ἀπωλείας
1681 4601 1855 4668 ἐκτὸς

270 4701 476 4755 ἔσται·
529 4699 854 4767 δεχόμενος
902 4694 991 4759 δὲ,
1055 4690 1303 4755 ἐδέξατο
1353 4694 1560 4748 αὐτόν.
1607 4693 1718 4765 Τὴν
1759 4691 1855 4746 τοῦ

275 4792 412 4846 Θεοῦ
442 4791 658 4861 ἐντολὴν
684 4788 868 4860 τηρῶν
890 4788 919 4840 ό
952 4785 1092 4839 κατὰ
1121 4783 1283 4854 χάριν
1313 4784 1441 4847 Υἱὸς
1466 4785 1653 4839 τούτου
1689 4787 1858 4853 γενέ-

278 4884 405 4938 σθαι
427 4881 703 4950 ἀξιωθεὶς,
732 4879 827 4933 τοῦ
861 4877 981 4932 καθ’
1016 4876 1296 4946 ἁμαρτίαν
1339 4876 1587 4930 κινδύνου
1621 4876 1861 4931 ἀπαλλα-

276 4980 540 5048 γήσεταιο
576 4973 1005 5045 προσδεχόμενος
1038 4968 1095 5023 δὲ
1125 4967 1293 5039 αὐτὴν
1324 4970 1403 5032 είς
1438 4970 1501 5023 τὸ
1553 4969 1714 5041 βάθος
1757 4968 1859 5038 τῆς

277 5069 517 5147 διανοίας
559 5066 746 5121 αὐτοῦ.

350 5160 560 5229 Μηδὲν
587 5158 817 5229 ψεῦδος
849 5157 966 5211 ἀπὸ
993 5156 1284 5228 γλώσσης
1304 5152 1861 5223 βασιλεῖλεγέσθω,

281 5253 379 5307 καὶ
404 5250 589 5307 οὐδὲν
634 5248 862 5320 ψεῦδος
905 5249 1025 5305 ἀπὸ
1093 5249 1382 5319 γλώσσης
1421 5245 1611 5301 αὐτοῦ
1659 5246 1730 5298 οὺ
1774 5241 1859 5312 μὴ

281 5344 526 5411 ἐξέλθῃ.
554 5346 646 5415 Μὴ
700 5343 913 5416 ὑπόσχῃ
964 5342 1041 5413 τῷ
1082 5340 1327 5412 Δεσπὸτῃ
1375 5341 1471 5395 τοῦ
1516 5337 1714 5399 παντὸς
1743 5333 1863 5405 θεῷ

282 5438 372 5492 διὰ
395 5436 661 5503 στόματος
705 5434 902 5506 ψευδῆ,
953 5434 1091 5488 ἀλλὰ
1115 5434 1213 5496 τὰς
1246 5432 1381 5503 πρὸς
1421 5430 1584 5484 αὐτόν
1613 5445 1707 5480 σου
1737 5444 1864 5481 συν-

286 5530 464 5602 θήκας
501 5528 854 5601 ὲκπλήρωσον
884 5541 898 5557 ·
939 5528 1035 5579 καὶ
1069 5525 1350 5596 πληρώσει
1390 5523 1608 5583 πάντως
1651 5519 1745 5573 καὶ
1769 5518 1868 5573 αὺ-

286 5626 381 5689 τδς
433 5627 527 5680 ἐπὶ
575 5627 660 5680 σοὶ
717 5623 818 5688 τὰς
874 5621 984 5677 τῶν
1052 5620 1359 5693 μελλόντων
1419 5616 1643 5687 ἀγαθῶν
1693 5616 1869 5684 ὶπαγ-

292 5717 502 5787 γελίας,
529 5718 622 5772 καὶ
660 5717 718 5772 οὐ
743 5713 1143 5788 ψευσθήσονταί
1175 5730 1260 5769 σοι
1308 5713 1367 5767 αἱ
1401 5712 1495 5765 ἐπὶ
1527 5708 1754 5773 ταύταις
1779 5706 1867 5762 ἑλ-

271 5849 281 5857 .
294 5812 467 5870 πίδες.

1935 1944 2320 1999 universorum
2353 1940 2616 1995 Dominus
2655 1939 2797 1993 Deus
2829 1936 3038 1991 videbit
3069 1932 3347 2004 quomodo
3375 1931 3515 1985 male

1933 2055 1993 2095 se
2017 2037 2221 2092 habeat
2246 2034 2428 2089 anima
2461 2041 2585 2100 tua;
2607 2041 2658 2088 et
2680 2032 2808 2102 quia
2843 2028 3156 2085 misericors
3190 2033 3295 2088 est,
3324 2038 3431 2077 non
3459 2020 3509 2076 ei

1934 2127 2191 2201 placebit.
2230 2124 2385 2181 Unde
2421 2124 2573 2177 illmn
2620 2121 2840 2193 quidem
2894 2114 3292 2172 afﬂictionibus
3317 2128 3513 2168 emen-

1933 2221 2121 2275 datum
2147 2217 2496 2274 miserebitur
2525 2232 2540 2280 ;
2579 2214 2632 2268 in
2663 2221 2718 2269 te
2753 2221 2940 2266 autem
2975 2224 3190 2265 omnem
3225 2208 3361 2261 iram
3386 2220 3513 2259 con-

1934 2321 2129 2380 vertet,
2190 2325 2314 2367 cum
2380 2307 2673 2379 disciplina
2732 2304 2981 2375 indigeas
3038 2299 3107 2355 ad
3161 2296 3507 2356 emendatio-

1937 2422 2083 2461 nem.

2007 2497 2177 2553 Vens.
2215 2493 2413 2559 19,20.
2436 2490 2517 2546 Ne
2565 2488 2797 2561 gaudeas
2837 2486 2893 2537 in
2934 2480 3386 2551 malefactoribus,
3435 2493 3517 2531 nec

1936 2610 2032 2665 que
2072 2589 2338 2647 temuleris
2404 2593 2726 2656 peccatores.
2808 2578 2930 2632 Non
2959 2576 3096 2629 enim
3141 2574 3267 2641 ﬁent
3320 2569 3516 2640 posteri

1938 2657 2186 2751 inalignis
2224 2698 2245 2747 ;
2286 2691 2334 2735 et
2399 2678 2617 2731 lucerna
2671 2671 2953 2742 impiorum
3008 2664 3394 2733 exstinguetur.
3440 2657 3517 2712 ne

1937 2780 2175 2849 gaudeas
2206 2775 2260 2827 in
2292 2769 2594 2838 magistris,
2623 2767 2716 2836 qui
2768 2761 3015 2818 consiliis
3057 2758 3174 2814 suis
3221 2764 3275 2809 te
3312 2752 3516 2807 malum

1938 2846 2202 2930 efﬁciunt,
2233 2871 2288 2918 et
2314 2862 2423 2916 noli
2479 2858 2680 2912 imitari
2703 2870 2800 2910 eos
2836 2853 2933 2923 qui
2982 2852 3034 2904 in
3079 2846 3297 2904 actibus
3332 2861 3361 2899 a
3391 2858 3518 2897 vero

1941 2958 2083 3013 bono
2108 2968 2230 3009 sese
2264 2955 2564 3012 avertunt;
2620 2961 2687 2999 ex
2742 2943 2835 2996 tali
2880 2940 3024 2996 enim
3083 2934 3335 2990 doctrina
3383 2929 3518 2984 nihil

1941 3049 2229 3122 proferes;
2255 3053 2309 3098 et
2346 3042 2658 3111 voluptates
2693 3036 2887 3090 breves
2910 3040 2964 3087 et
2998 3028 3173 3101 gloria
3203 3039 3391 3081 eorum
3423 3036 3518 3092 qm

1941 3117 2133 3198 rerum
2167 3140 2373 3195 bonum
2407 3151 2514 3189 non
2555 3138 2810 3201 quaerunt
2846 3132 2901 3181 et
2935 3120 3214 3192 rejiciunt,
3245 3117 3357 3171 cito
3393 3128 3521 3169 eva-

1943 3245 2189 3291 nescent.

2018 3410 2183 3467 Vens.
2212 3409 2305 3472 2|,
2329 3407 2420 3463 22.
2456 3404 2601 3459 Time
2640 3399 2944 3461 Dominum,
2976 3391 3055 3462 ﬁli
3105 3389 3199 3450 mi,
3230 3395 3277 3441 et
3329 3396 3521 3452 regem,

1945 3517 1993 3561 et
2052 3503 2225 3557 neutri
2278 3515 2459 3554 eorum
2500 3497 2575 3550 sis
2626 3489 2952 3547 inobediens.
3008 3484 3193 3540 Subito
3245 3478 3384 3533 enim
3434 3472 3521 3528 ul-

1947 3597 2210 3648 ciscentur
2242 3590 2454 3658 impios,
2489 3593 2539 3639 et
2576 3581 2841 3651 supplicia
2884 3577 3157 3644 utriusque
3185 3570 3300 3640 quis
3338 3562 3477 3619 novit
3500 3562 3527 3615 1’

1950 3685 2050 3741 Fili
2082 3681 2408 3753 spiritualis,
2462 3694 2531 3733 ne
2585 3685 2908 3730 contemnas
2936 3666 3109 3722 Deum
3142 3661 3236 3732 qui
3281 3665 3524 3730 potesta-

1950 3788 2057 3834 tem
2089 3775 2257 3831 habet
2298 3780 2411 3826 tum
2441 3768 2636 3822 anima:
2667 3778 2780 3818 tum
2806 3759 3075 3828 corporis,
3101 3766 3280 3821 neque
3316 3759 3523 3815 regem,

1949 3870 2041 3942 qui
2095 3865 2346 3935 corporis
2397 3868 2609 3914 tantum
2678 3856 2841 3909 habet
2901 3853 3284 3942 potestatein;
3344 3844 3525 3905 neque

1953 3934 2211 4017 mandata
2231 3956 2520 4023 utriusque
2537 3950 2726 4004 audire
2755 3961 2820 4000 ac
2846 3941 3070 4012 implere
3108 3934 3386 4007 negligas;
3427 3942 3524 3984 suo

1950 4055 2068 4109 bito
2097 4052 2244 4107 enim
2281 4061 2470 4118 pinnas
2504 4044 2709 4097 dabunt
2742 4038 2833 4109 qui
2871 4051 2976 4089 non
3023 4037 3355 4084 venerantur
3392 4036 3523 4085 eos;

1953 4145 2227 4216 supplicia
2253 4117 2436 4195 autem
2487 4149 2607 4207 quae
2652 4133 2708 4187 in
2762 4135 3211 4197 transgressores
3241 4117 3527 4177 inducent,

1953 4212 2115 4295 nemo
2143 4237 2214 4290 ob
2248 4234 2484 4289 obscura
2534 4236 2783 4297 tempora
2814 4220 3133 4289 excogitare
3167 4212 3401 4286 poterit;
3443 4214 3526 4269 nt,

1954 4342 2245 4399 antequam
2279 4325 2537 4397 puniatur
2567 4318 2892 4375 emendatos
2914 4327 3011 4367 eos
3046 4308 3152 4365 sibi
3188 4298 3527 4359 reconciliet.

2041 4591 2259 4646 Verbum
2299 4582 2597 4639 custodiens
2631 4578 2775 4647 filius
2815 4582 2967 4628 extra
3009 4563 3356 4634 perditionem
3389 4556 3534 4623 erit;

1956 4686 2217 4754 excipiens
2273 4688 2447 4733 autent
2503 4672 2702 4739 excepit
2751 4665 2906 4722 illud.
2953 4661 3056 4728 Qui
3090 4672 3187 4729 per
3224 4651 3534 4754 custodiant

1959 4742 2339 4833 mandatorum
2399 4768 2490 4821 Dei
2544 4764 2719 4818 Filius
2775 4756 3075 4814 secundum
3126 4750 3361 4821 gratiam
3415 4742 3533 4799 ﬁeri

1958 4867 2181 4930 meruit,
2231 4880 2259 4917 a
2325 4856 2571 4931 pericqu
2634 4850 2842 4925 peccati
2896 4845 3256 4909 liberabitur;
3321 4834 3536 4905 excepit

1958 4970 2144 5018 autem
2179 4959 2271 5011 illa
2303 4955 2357 5009 in
2402 4949 2673 5024 profundo
2708 4943 2909 5001 mentis
2933 4942 3077 5013 ejus.

2033 5142 2083 5198 Ν
2092 5142 2185 5196 iltil
2219 5139 2348 5210 falsi
2370 5139 2434 5193 de
2451 5152 2540 5191 ore
2560 5135 2668 5207 regi
2696 5133 2930 5194 dicatur,
2954 5140 3001 5184 et
3035 5125 3169 5181 nihil
3192 5124 3322 5195 falsi
3352 5137 3415 5176 ex
3443 5121 3539 5175 lin-

1962 5253 2064 5307 gua
2095 5234 2259 5305 ipsius
2289 5240 2462 5287 exeat.
2492 5230 2600 5284 Deo
2619 5227 3000 5281 universorum
3028 5218 3259 5273 Domino
3296 5232 3363 5270 ne
3380 5213 3541 5284 polli-

1963 5306 2140 5384 ecaris
2173 5326 2332 5389 falsa,
2365 5324 2459 5378 sed
2490 5320 2674 5376 omnia
2705 5328 2796 5372 tua
2823 5331 2946 5371 cum
2975 5313 3070 5367 illo
3108 5310 3312 5366 hedera
3359 5306 3537 5360 adim-

1965 5422 2075 5493 ple,
2102 5428 2157 5476 et
2188 5418 2422 5472 ﬁdeliter
2451 5414 2567 5484 ipse
2609 5408 2858 5480 implebit
2900 5406 2954 5461 in
2997 5412 3050 5458 te
3103 5404 3415 5457 futurorum
3437 5398 3539 5452 bo-

1967 5528 2164 5572 norum
2216 5506 2643 5582 promissiones,
2681 5510 2735 5557 ct
2791 5516 2899 5556 non
2960 5495 3379 5554 frustrabantur
3432 5496 3541 5544 tua

1968 5622 2095 5679 spes
2126 5605 2194 5661 de
2224 5602 2333 5658 illis
2360 5605 2658 5668 conceptae.
