4054 6492
548 344 685 421 1467

1877 357 2233 419 PROCOPII
2264 358 2506 419 GAZ/EI

3666 341 3805 421 1408

619 476 842 533 Gladius
869 476 1049 547 lingua
1074 477 1230 545 regis,
1279 483 1328 529 et
1370 492 1471 530 non
1496 492 1705 530 carnea.
1757 476 1995 531 Verbum
2033 476 2104 530 Dc

2299 478 2573 547 Μάχαιρα
2601 476 2850 546 γλῶσσα
2895 477 3226 541 βασιλέων,
3269 477 3364 531 καὶ
3403 478 3475 530 οὐ
3519 480 3805 545 crapulm.

547 570 793 625 Omnium
819 568 1057 631 Domini,
1098 584 1207 622 non
1238 583 1538 636 corporeus
1566 576 1648 623 est
1687 583 1861 623 sonus
1910 584 2003 639 per
2030 584 2123 622 or-

550 677 687 731 gana
731 662 939 715 vocalia
986 661 1040 715 in
1086 676 1267 715 aerem
1302 662 1535 717 diﬂ'usus
1576 676 1639 715 ac
1678 662 1975 726 resolutus,
2027 662 2122 716 sed

549 753 739 804 vivens
774 759 828 804 et
872 751 1059 804 eﬂicax
1094 760 1147 804 et
1197 753 1371 822 magis
1423 750 1778 806 metuendum
1811 767 1971 821 quam
2007 752 2123 822 gla-

548 842 675 896 dius
701 843 1021 912 quicunque
1050 843 1307 912 utrinque
1351 853 1567 895 acutus.

618 934 927 1004 Quicunque
960 943 1134 989 autem
1167 936 1393 989 traditus
1418 934 1602 1003 fuerit,
1637 942 1953 988 conteretur.
1990 931 2122 998 Qui-

547 1040 769 1095 cunque
816 1038 994 1081 autem
1033 1036 1196 1081 recta:
1226 1027 1425 1080 rationi
1467 1026 1748 1081 contraria
1790 1040 1979 1095 agens,
2009 1025 2120 1080 Deo

546 1120 857 1173 contrarius
911 1120 1167 1173 inventus
1222 1119 1385 1173 fuerit
1434 1118 1486 1171 iu
1536 1118 1622 1171 die
1674 1118 2019 1171 revelatiouis
2056 1131 2120 1169 ac

541 1210 674 1280 justi
716 1211 936 1280 judicii,
972 1220 1277 1265 extremum
1324 1210 1529 1266 subibit
1568 1210 1898 1279 supplicium
1944 1209 2011 1264 ab
2052 1225 2119 1265 eo

544 1306 875 1375 redargutus
905 1306 972 1360 de
998 1305 1237 1375 peccatis
1272 1320 1393 1373 qua!
1422 1303 1720 1357 commisit.
1780 1284 1791 1294 ’

615 1396 835 1451 Sienim
868 1406 1156 1451 commotus
1200 1397 1359 1466 fuerit
1409 1397 1559 1465 furor
1587 1396 1725 1464 ejus,
1779 1412 1898 1449 cum
1943 1395 2115 1448 nervis

541 1488 765 1542 hominis
789 1488 1039 1553 absumit,
1075 1497 1122 1541 et
1145 1504 1264 1540 ossa
1285 1488 1555 1541 hominum
1586 1488 1818 1539 devorat.
1857 1485 1939 1539 Ira
1969 1486 2112 1554 ejus,

541 1581 587 1636 si
640 1581 991 1645 accendatur,
1024 1580 1301 1634 consumit
1356 1579 1609 1633 homines
1662 1579 1755 1649 qui
1805 1577 2113 1632 secundum

541 1674 1022 1741 concupiscentias
1062 1674 1269 1727 erroris
1301 1672 1544 1742 corrupti
1572 1680 1721 1739 sunt,
1764 1686 1889 1726 cum
1920 1684 2113 1725 eorum

540 1763 826 1818 all'ectibus
870 1762 936 1816 ad
972 1763 1267 1817 mundana.

2236 570 2295 622 '0
2318 570 2474 638 λόγος
2508 569 2602 623 τοῦ
2637 570 2907 623 Δεσπότου
2934 571 3040 622 τῶν
3073 569 3209 623 ὅλων
3226 569 3382 633 Θεοῦ,
3400 571 3464 622 οὐ
3494 572 3808 637 σωματικός

2224 662 2340 714 ἐστι
2371 661 2457 715 διὰ
2484 661 2809 731 φωνητικῶν
2839 661 3086 728 ὀργάνων
3114 662 3196 722 εἰς
3247 660 3382 729 ἀέρα
3426 662 3684 730 χεόμενος
3708 664 3808 713 καὶ

2222 753 2503 822 λυόμενος,
2533 752 2666 805 ἀλλὰ
2693 752 2799 816 ζῶν
2831 769 2889 805 τε
2926 751 3021 804 καὶ
3049 750 3299 821 ἐνεργὴς,
3345 752 3441 804 καλ¹
3489 750 3806 822 τομώτερος

2222 845 2365 915 ὑπὲρ
2394 846 2575 898 πᾶσαν
2611 844 2888 914 μάχαιραν
2918 842 3192 912 δίστομον.

2296 938 2402 1002 ’ος
2438 936 2490 988 δ’
2514 935 2591 990 ἂν
2616 933 2946 1005 παραδοθῇ,
3010 932 3494 1001 συντριϐήσεται.
3528 932 3718 995 Ὅστις
3744 932 3804 985 δὲ

2220 1028 2248 1081 ὁ
2297 1026 2367 1079 τὰ
2418 1027 2703 1097 παράλογα
2744 1026 3022 1097 πράττων,
3052 1025 3299 1091 ἀντίξους
3332 1023 3482 1093 αὐτῷ
3506 1024 3703 1094 εὑρεθῇ
3742 1025 3805 1074 ὲν

2220 1118 2403 1189 ἡμέρᾳ
2434 1116 2831 1188 ἀποκαλύψεως
2853 1117 2946 1170 καὶ
2973 1116 3391 1187 δικαιοκρισίας,
3417 1116 3519 1185 τὴν
3559 1115 3801 1184 ἐσχάτην

2219 1208 2584 1276 ὑποστήσεται
2621 1208 2914 1278 τιμωρίαν,
2971 1207 3057 1275 ἐφ’
3101 1200 3185 1270 οἷς
3226 1207 3476 1277 ἥμαρτεν
3509 1206 3607 1258 ὑπ’
3631 1205 3801 1258 αὑτοῦ

2219 1300 2409 1370 ὲλεγχό
2415 1318 2595 1371 μενος.

2299 1390 2436 1442 Ἐὰν
2455 1390 2563 1459 γὰρ
2599 1388 2827 1457 ὀξυνθῇ
2860 1391 2892 1443 ὁ
2918 1388 3105 1458 θυμὸς
3154 1388 3361 1453 αὐτοῦ,
3406 1388 3532 1443 σὺν
3558 1389 3803 1455 νεύροις

2216 1480 2565 1549 ἀνθρώπους
2582 1481 2968 1554 [ἁναλίσκει],
2993 1482 3091 1534 καὶ
3113 1481 3261 1535 ὀστᾶ
3277 1480 3606 1549 ἀνθρώπων
3620 1497 3803 1533 κατα-

2215 1573 2438 1642 τρώγει.
2492 1575 2617 1627 Ἐάν
2674 1575 2782 1646 γὰρ
2838 1574 3069 1644 ὲπιταθῇ
3104 1576 3137 1644 ή
3174 1573 3310 1645 ὀργὴ
3340 1572 3531 1637 αὑτοῦ,
3578 1574 3801 1642 δαπανᾷ

2214 1666 2557 1739 ἀνθρώπους,
2615 1667 2743 1729 τοὺς
2794 1666 3185 1736 φθειρομένους
3215 1667 3271 1717 ὲν
3315 1668 3437 1727 ταῖς
3471 1665 3799 1734 ἐπιθυμίαις

2213 1758 2313 1827 τῆς
2350 1758 2587 1829 ἀπάτης,
2611 1757 2706 1811 σὺν
2726 1760 2847 1821 ταῖς
2869 1775 2935 1810 πε
2946 1760 2999 1829 p‘t
3021 1759 3088 1812 τὰ
3103 1757 3264 1811 ὑλικὰ
3294 1757 3544 1826 σχέσεσιν
3572 1756 3758 1810 αὐτῶν
3780 1772 3795 1786 ·

538 1859 594 1912 αἳ
623 1860 777 1931 δίκην
831 1859 1037 1930 νεύρων
1088 1858 1449 1931 συνδεσμοῦσι
1479 1859 1688 1924 τούτοις
1736 1857 1935 1919 αὐτούς
1962 1873 1977 1888 ο
2011 1853 2108 1909 καὶ
2168 1851 2266 1916 τὰς
2302 1853 2602 1917 τονωτικάς
2640 1853 2797 1925 δίκην
2830 1852 3005 1906 ὀστῶν
3050 1852 3286 1923 ψυχικὰς
3318 1854 3575 1922 δυνάμεις
3613 1853 3805 1906 αὐτῶν

536 1950 839 2009 κατεσθίει.

608 2043 677 2097 Et
717 2044 972 2098 comburit
1023 2054 1271 2116 tanquam
1305 2046 1544 2113 ﬂamma,
1587 2047 1666 2099 ita
1713 2054 1771 2098 ut
1792 2047 1901 2099 sint
1930 2046 2105 2112 inepta

2278 2037 2385 2091 Kal
2412 2034 2689 2102 συγκαίει
2718 2031 2923 2099 ὥσπερ
2951 2031 3109 2101 φλόξ
3129 2048 3144 2062 ο
3187 2030 3345 2085 ὥστε
3376 2031 3611 2099 ἄϐρωτα
3640 2026 3802 2083 εἷνα⁶

534 2137 652 2190 esui
680 2138 841 2207 pullis
871 2137 1195 2208 aquilarum.
1233 2137 1296 2190 Et
1335 2139 1670 2193 comburens
1713 2137 1989 2191 consumit
2032 2137 2111 2190 ira

535 2230 695 2299 quasi
758 2230 1015 2300 stipulam
1068 2239 1121 2283 et
1183 2230 1394 2296 fenum,
1437 2231 1720 2286 materiam
1779 2231 1843 2285 ad
1888 2231 2113 2287 exarde-

534 2314 802 2377 scendum
828 2323 1066 2388 facilem,
1102 2324 1452 2379 irrationales
1482 2342 1672 2380 eorum
1706 2327 2003 2396 appetitus,
2038 2326 2110 2378 ita

534 2424 597 2468 ut
627 2416 743 2470 esui
780 2417 975 2485 inepta:
1005 2417 1116 2471 sint
1147 2418 1507 2487 cogitationes
1536 2434 1676 2488 quas
1704 2420 1757 2472 in
1784 2419 1984 2473 animis
2014 2419 2111 2472 ho-

534 2505 747 2559 minum
803 2508 1051 2561 excitant
1084 2508 1306 2578 maligni
1354 2510 1585 2577 spiritus
1617 2510 1733 2579 qui,
1772 2510 1918 2564 sicut
1954 2509 2110 2578 aqui-

534 2598 600 2652 la:
629 2598 995 2667 altivolantes,
1030 2599 1085 2652 in
1128 2600 1470 2663 altitudinem
1522 2601 1793 2671 superbia:
1835 2602 2105 2655 feruntur.

607 2774 769 2830 Vens.
804 2776 894 2830 2'5.
938 2777 1066 2830 Ilaec
1107 2787 1279 2831 autem
1313 2778 1433 2832 dico
1480 2778 1621 2832 vobis
1653 2778 1980 2842 sapientibus
2013 2793 2107 2830 co-

530 2886 800 2940 gnoscere.
839 2869 961 2925 llaec
987 2879 1167 2925 autem
1200 2872 1322 2927 dico
1351 2873 1507 2927 vobis
1537 2872 1630 2942 qui
1664 2872 1920 2927 doctores
1943 2873 2102 2939 estis,

535 2970 591 3013 ut
623 2964 968 3031 cognoscatis
1027 2979 1121 3017 eos
1168 2978 1309 3034 quos
1360 2964 1568 3034 repellit
1630 2962 1792 3027 Deus,
1828 2974 1881 3017 et
1908 2980 2003 3018 eos
2036 2964 2104 3018 ad

532 3052 682 3105 illum
714 3056 1044 3111 convcrtatis
1076 3056 1562 3109 comminationum
1602 3064 1748 3110 metu
1786 3074 1800 3111 :
1848 3056 2104 3112 timentes

531 3154 709 3199 autem
746 3147 1099 3201 consolemini
1129 3162 1195 3202 ne
1218 3148 1414 3202 cadant
1438 3146 1492 3200 in
1522 3146 1983 3216 desperationem.

601 3325 843 3381 Revereri
904 3342 1182 3397 personam
1242 3327 1296 3380 in
1343 3325 1549 3395 judicio
1598 3342 1702 3380 non
1758 3335 1837 3380 est
1884 3326 2099 3382 bonum.

529 3414 1001 3482 Quemadmodum
1029 3415 1233 3469 malum
1265 3423 1347 3470 est
1377 3416 1428 3468 in
1455 3416 1684 3485 judiciis
1722 3431 1947 3486 parcere
1986 3419 2101 3471 sive

528 3506 759 3575 potenti,
804 3506 917 3561 sive
965 3505 1210 3583 pauperi,
1278 3516 1331 3559 et
1385 3519 1415 3559 a
1454 3506 1607 3574 justo
1672 3507 1985 3569 declinare,
2025 3507 2101 3561 ita

527 3596 762 3650 dazmoni
794 3596 1021 3651 obedire
1056 3595 1370 3666 suggerenti
1410 3596 1526 3650 sive
1576 3606 1800 3666 peccata
1842 3600 2106 3653 commis-

527 3688 724 3754 sionis,
754 3687 870 3743 sive
904 3699 1124 3756 peccata
1154 3688 1475 3743 omissionis
1497 3728 1511 3753 ,
1553 3698 1607 3744 et
1634 3690 1741 3744 hoc
1770 3699 1854 3745 est
1880 3706 1909 3745 a
1929 3690 2097 3762 justi-

527 3782 615 3834 tize
655 3781 855 3836 virtute
883 3780 1179 3837 declinare.

600 3958 764 4015 Vens.
792 3959 882 4013 21.
918 3960 1021 4025 Qui
1066 3960 1244 4013 dicunt
1274 3960 1436 4027 impio
1468 3957 1705 4014 :Justus
1760 3976 1836 4029 es,
1879 3962 2103 4017 maledi-

526 4059 642 4104 cent
672 4051 746 4102 eis
772 4050 968 4117 populi,
991 4058 1039 4102 et
1068 4051 1468 4103 detestabuntur
1496 4066 1581 4103 eos
1617 4052 1806 4106 tribus.
1839 4052 1943 4118 Qui
1978 4054 2101 4108 lau-

526 4143 620 4193 dat
673 4141 873 4194 bouum
942 4156 1185 4208 quaerere
1246 4150 1301 4196 et
1361 4142 1541 4197 colere
1598 4154 1976 4209 recusantem,
2038 4161 2103 4201 ac

528 4231 759 4304 proinde
800 4234 1053 4303 proximo
1100 4242 1409 4298 nocentem,
1447 4250 1623 4305 neque
1670 4251 1699 4289 a
1752 4236 2101 4293 multitudine

528 4324 791 4390 lidelium,
826 4339 1002 4393 neque
1034 4324 1335 4378 inﬁdelium
1365 4326 1643 4396 diligetur,
1690 4311 1875 4398 ulpote
1906 4345 2097 4384 eorum

524 4416 710 4469 damni
761 4422 1060 4484 .operator;
1125 4417 1375 4486 quamvis
1434 4416 1677 4473 ﬁdelium
1731 4420 1888 4475 electi
1943 4420 2097 4475 illum

526 4516 709 4563 ament
738 4508 808 4563 ob
840 4507 929 4561 Dei
965 4508 1305 4564 mandatum.

596 4594 763 4652 Vens.
790 4595 880 4661 25,
906 4594 997 4650 26.
1032 4596 1137 4662 Qui
1162 4604 1388 4667 arguunt
1416 4613 1555 4661 eum,
1580 4598 1824 4654 meliores
1868 4616 2096 4670 appare»

2214 2126 2500 2191 νεοσσοῖς
2526 2122 2745 2179 αὐτῶν.
2772 2124 2885 2177 Καὶ
2907 2121 3209 2193 συμφλέγει
3243 2122 3410 2184 αὑτὰς
3429 2116 3631 2190 οἷάπερ
3682 2122 3799 2191 πῦρ

2213 2216 2468 2287 καλάμην
2488 2216 2584 2267 καὶ
2614 2214 2824 2284 χόρτον,
2856 2211 3164 2283 εὔπρηστον
3200 2210 3353 2281 ὕλην,
3414 2211 3515 2274 τὰς
3552 2210 3801 2280 παραλό-

2211 2326 2343 2378 γους
2367 2307 2574 2361 τούτων
2603 2305 2779 2377 ὁρμὰς
2813 2304 2953 2376 ὀργὴ
2978 2304 3357 2358 κατακαίουσα
3382 2318 3397 2333 ·
3429 2303 3573 2356 ὥστε
3604 2303 3680 2375 μή
3710 2303 3797 2373 βι-

2211 2401 2559 2473 ϐρώσκεσθαι
2588 2400 2896 2469 λογισμοῖς,
2925 2396 3019 2462 οὓς
3058 2399 3179 2461 ταῖς
3211 2396 3412 2466 ψυχαῖς
3435 2397 3546 2450 τῶν
3580 2396 3799 2467 ἀνθρώ-

2210 2510 2329 2547 πων
2395 2491 2814 2546 ὲναποτίκτουσι
2841 2530 2857 2556 ,
2918 2490 2985 2543 τὰ
3041 2489 3196 2559 δίκην
3244 2486 3523 2557 ὑψιπετῶν
3577 2488 3795 2554 ἀετῶν,

2210 2585 2289 2643 είς
2319 2581 2450 2652 ὖψος
2485 2582 2865 2652 ὑπερηφανίας
2892 2580 3159 2650 αίρόμενα
3188 2579 3290 2650 τῆς
3319 2579 3591 2650 πονηρίας
3620 2579 3795 2633 πνεύ-

2212 2692 2380 2746 ματα.

2279 2773 2384 2835 κγ’.
2429 2766 2616 2820 Ταῦτα
2650 2765 2718 2819 δὲ
2736 2766 2891 2835 λέγω
2945 2765 3090 2834 ὑμῖν
3131 2781 3256 2831 τοις
3281 2764 3495 2833 σοφοῖς
3516 2765 3795 2832 ἐπιγινώ-

2206 2874 2396 2913 σκειν.
2432 2858 2620 2912 Ταῦτα
2672 2857 2728 2910 δέ
2756 2874 2899 2928 φημι
2930 2859 3059 2927 ὑμῖν
3081 2859 3193 2920 τοίς
3234 2856 3579 2919 διδασκάλοις
3600 2873 3614 2887 ⁸
3647 2856 3793 2909 ὥστε

2203 2951 2584 3020 διαγινώσκειν
2655 2950 2750 3011 οὓς
2806 2951 3211 3022 ἀποστρέφεται
3253 2950 3405 3015 Θεὸς,
3436 2952 3533 3003 καὶ
3563 2951 3795 3011 τούτους

2205 3047 2339 3117 πρὸς
2379 3047 2538 3099 αὑτὸν
2590 3046 2943 3117 ἐπιστρέφειν
2979 3044 3129 3115 φόϐῳ
3162 3044 3271 3097 τῶν
3300 3043 3465 3097 αὑτοῦ
3493 3042 3741 3096 ἀπειλῶν
3774 3059 3791 3073 ο

2203 3142 2330 3202 τοὺς
2357 3140 2412 3192 δὲ
2454 3138 2821 3208 φοϐουμένους
2852 3137 3323 3210 παραμυθεῖσθαι,
3346 3137 3488 3191 ὥστε
3520 3136 3597 3207 μή
3629 3153 3793 3209 περι-

2204 3234 2391 3285 πεσεῖν
2423 3233 2503 3294 εἰς
2531 3230 2865 3299 ἀπόγνωσιν.

2274 3324 2579 3378 Αιδεῐσθαι
2602 3324 2896 3392 πρόσωπα
2924 3322 2993 3376 ἐν
3014 3324 3225 3391 κρίσει,
3243 3323 3313 3377 οὐ
3336 3323 3547 3377 καλόν.
3575 3322 3790 3391 Ὠσπερ

2204 3416 2375 3469 κακόν
2432 3418 2548 3468 ἐστι
2596 3416 2658 3468 τὸ
2710 3416 2821 3468 εῐτε
2877 3415 3140 3469 δυνάστου
3179 3416 3288 3467 εἴτε
3326 3414 3543 3485 πτωχοῦ
3583 3414 3644 3467 ἐν
3665 3416 3787 3475 ταῖς

2205 3508 2423 3579 κρίσεσι
2457 3506 2755 3575 φείδεσθαι,
2789 3507 2881 3560 καὶ
2930 3505 3309 3577 παραθεωρεῖν
3335 3505 3587 3559 ἐντεῦθεν
3614 3506 3675 3557 τὸ
3700 3506 3785 3559 δίο

2204 3617 2380 3661 καιον,
2412 3597 2554 3651 οὑτω
2604 3598 2700 3650 καὶ
2738 3596 2798 3650 τὸ
2829 3597 3127 3649 ὑπακούειν
3156 3596 3265 3648 εῐτε
3307 3596 3383 3665 τῷ
3408 3595 3788 3665 ὑποτιθεμένῳ

2202 3693 2417 3765 δαίμονι
2462 3690 2532 3744 τὰ
2588 3690 2707 3743 καθ’
2766 3688 3072 3759 ὑπερϐολήν
3101 3689 3200 3758 τῆς
3230 3687 3432 3758 ἀρετῆς
3458 3686 3633 3757 πάθη,
3672 3688 3787 3739 εῐτε

2202 3786 2271 3839 τὰ
2302 3784 2421 3837 κατ’
2454 3782 2689 3851 ἔλλειψιν
2709 3781 2899 3851 αὐτῆς,
2954 3782 3049 3834 καὶ
3077 3781 3175 3850 τῆς
3205 3779 3326 3833 κατ’
3350 3779 3554 3850 ἀρετὴν
3575 3778 3784 3831 δικαιο-

2205 3872 2371 3941 σύνης
2403 3869 2783 3941 ἐκτρέπεσθαι.

2274 3960 2377 4015 κδ’.
2414 3960 2477 4013 '0
2506 3960 2689 4014 εἰπὼν
2711 3960 2817 4013 τὸν
2846 3958 3058 4027 ἀσεϐῆ,
3093 3959 3332 4023 Δίκαιος
3352 3960 3545 4019 ἐστιν,
3585 3959 3789 4011 ἐπικα-

2202 4055 2457 4123 τάρατος
2504 4053 2678 4118 λαοῖς
2733 4055 2937 4107 ἔσται⁹
2991 4053 3089 4105 καὶ
3120 4053 3376 4121 μισητὸς
3405 4054 3492 4118 εὶς
3510 4052 3681 4118 ἔθνη.
3724 4052 3785 4104 '0

2201 4145 2493 4209 ἐπαινέσας
2517 4145 2610 4198 τὸν
2634 4143 2709 4215 μὴ
2743 4143 2988 4213 τιμῶντα
3009 4144 3069 4196 τὸ
3099 4144 3325 4211 ἀγαθὸν,
3382 4144 3481 4197 καὶ
3508 4143 3601 4197 διά
3623 4143 3785 4197 τοῦτο

2203 4237 2500 4308 βλαπτικὸν
2523 4237 2633 4290 τῶν
2662 4237 2937 4307 ὁμοφυῶν,
2969 4234 3094 4289 οὔτε
3134 4237 3238 4290 ὑπὸ
3264 4235 3358 4290 τοῦ
3394 4236 3641 4308 πλήθους
3671 4237 3786 4290 τῶν

2201 4331 2431 4395 πιστῶν,
2466 4330 2590 4384 οὗτε
2648 4331 2753 4383 ὑπὸ
2783 4331 2890 4383 τῶν
2931 4330 3175 4383 ἀπίστων
3213 4331 3656 4400 ἀγαπηθήσεται,
3704 4331 3783 4392 ὡς

2198 4424 2461 4495 συνεργὸς
2512 4423 2612 4493 τῆς
2645 4422 2847 4493 βλάϐης
2895 4423 3097 4488 αὐτῶν,
3155 4423 3259 4477 κᾶν
3308 4424 3357 4475 οἱ
3396 4424 3644 4477 ἐκλεκτοὶ
3672 4425 3782 4476 τῶν

2197 4518 2407 4570 πιστῶν
2451 4518 2706 4586 ἀγαπῶσι
2744 4516 2933 4569 τοῦτον
2983 4517 3069 4570 διὰ
3098 4518 3198 4590 τήν
3231 4518 3327 4570 τοῦ
3360 4516 3495 4570 Θεοῦ
3536 4518 3780 4586 ἐντολήν.

2266 4614 2365 4670 κε’,
2405 4615 2517 4673 κςθ.
2555 4611 2619 4661 Ol
2655 4607 2723 4660 δὲ
2762 4607 3142 4677 ἐλέγχοντες,
3197 4610 3485 4674 βελτίους
3524 4610 3784 4677 ραν-θῦνε

525 4688 753 4742 bunt:in
771 4690 908 4757 ipsos
931 4698 1105 4767 autem
1130 4690 1293 4742 veniet
1320 4688 1804 4745 benedictio.Labia
1822 4692 2096 4748 deoscula-

2206 4716 2291 4753 ται
2316 4718 2329 4732 ·
2359 4700 2453 4754 ἐπ’
2474 4700 2694 4764 αὐτοὺς
2723 4699 2791 4753 δὲ
2820 4700 2952 4767 ἥξει
2985 4702 3259 4771 εὐλογία·
3292 4701 3469 4769 χείλη
3492 4700 3562 4752 δὲ
3586 4701 3736 4769 gauli}
3758 4731 3772 4740 -

525 4780 719 4833 buntur
740 4799 855 4847 qua:
877 4786 1190 4853 respondent
1216 4782 1369 4836 verba
1391 4782 1548 4836 bona.
1572 4783 1674 4850 Qui
1702 4795 1882 4841 autem
1910 4788 2096 4841 redar-

522 4875 752 4942 gutoriis
799 4878 981 4931 verbis
1025 4878 1177 4931 illum
1223 4891 1251 4929 a
1295 4877 1525 4945 proximi
1570 4877 1775 4933 damno
1819 4890 2096 4936 conantur

522 4974 790 5029 avertere,
834 4968 1090 5023 meliores
1135 4968 1464 5022 videbuntur
1504 4977 1557 5023 et
1610 4968 1826 5024 laudem
1881 4972 2097 5027 obtine-

524 5056 661 5111 bunt
692 5072 709 5112 :
742 5056 843 5128 ipsi
873 5068 1053 5113 autem
1096 5058 1563 5114 deosculabuntur
1593 5076 1688 5116 eos
1722 5064 1815 5132 qui
1853 5064 1921 5119 ad
1963 5080 2093 5134 pro-

522 5151 698 5220 priam
738 5152 1171 5207 emendationem
1225 5153 1497 5221 recipiunt
1538 5154 1996 5225 objurgationem,
2040 5168 2094 5213 et

520 5241 751 5312 benigna
800 5243 1133 5313 respondent
1163 5243 1519 5316 .illis,utpote
1558 5246 1625 5301 ad
1674 5249 2087 5305 conversionem

517 5331 717 5400 parati.

588 5422 753 5479 Vens.
789 5424 876 5480 2'7.
918 5425 1178 5495 Prteparu
1211 5426 1264 5479 in
1298 5442 1510 5496 egressu
1549 5444 1711 5497 opera
1754 5437 1865 5482 tua.
1900 5429 2088 5485 Aetio-

448 5502 451 5504 ’
518 5528 617 5567 nes
650 5523 769 5569 tuas
798 5516 1101 5570 secundum
1130 5516 1386 5572 virtutem
1413 5520 1586 5589 dirige
1614 5520 1739 5575 dum
1764 5532 2086 5590 prazscntem

518 5606 821 5673 pertransit:
874 5607 1041 5660 vitam
1082 5626 1094 5661 :
1127 5615 1344 5679 tempus
1384 5610 1528 5664 enim
1575 5626 1837 5681 prasens,
1870 5619 2087 5683 tempus

517 5693 767 5758 actionis,
798 5692 1063 5762 tut‘urum,
1090 5700 1573 5757 remunerationis.

590 5786 656 5840 Et
688 5806 989 5858 pra'parare
1021 5793 1074 5848 in
1102 5810 1251 5863 agro.
1287 5793 1349 5850 Et
1383 5795 1439 5851 in
1471 5797 1671 5854 mundo
1704 5796 1961 5857 exteriori
1993 5802 2087 5873 qui

2198 4810 2422 4849 σουσιν
2458 4794 3138 4863 ἀποκρινόμεναλόγους
3178 4795 3457 4863 ἀγαθούς.
3499 4795 3566 4847 Ol
3602 4793 3659 4847 δὲ
3688 4793 3779 4845 λό-

2197 4902 2317 4954 γοις
2382 4885 2716 4953 ὲλεγκτικοτς
2775 4884 3106 4938 ἀνακόπτειν
3166 4886 3329 4940 αὑτὸν
3358 4886 3457 4956 τῆς
3501 4887 3645 4939 κατά
3669 4886 3778 4938 τῶν

2195 4977 2453 5047 ὁμοφυῶν
2489 4976 2692 5048 βλάϐης
2721 4977 3149 5047 ἐπιχειροῦντες,
3194 4978 3503 5046 κρείττονες
3539 4978 3772 5041 δόξουσι,

2196 5066 2490 5120 κάντεῦθεν
2521 5066 2743 5132 ἔπαινος
2802 5067 3182 5137 καταλήψεται
3206 5086 3221 5101 ·
3256 5069 3599 5122 ἀσπάσονται
3625 5069 3683 5121 δὲ
3723 5070 3771 5120 οε

2198 5160 2349 5213 αὑτοὶ
2377 5160 2505 5224 τοὺς
2536 5160 2672 5231 πρὸς
2693 5160 2978 5233 διόρθωσιν
3002 5161 3182 5216 αὐτῶν
3228 5162 3448 5233 ἔλεγχον
3474 5162 3771 5231 ὑπομένον-

2198 5269 2317 5316 τας,
2350 5253 2446 5305 καὶ
2467 5252 2752 5324 προσηνῶς
2782 5251 3256 5325 ἀπολογουμένους
3282 5254 3485 5319 αὐτοῖς,
3526 5255 3603 5317 ὡς
3634 5252 3772 5324 πρὸς

2195 5342 2530 5414 ἐπιστροφήν
2556 5344 2665 5397 έτοί
2674 5362 2826 5413 μους.

2265 5436 2368 5498 κζ’.
2416 5436 2709 5506 Ἑτοίμαζε
2734 5440 2822 5504 εις
2846 5440 2960 5507 τὴν
2983 5439 3203 5503 ἔξοδον
3229 5439 3300 5492 τὰ
3322 5438 3463 5508 ἔργα
3495 5454 3634 5492 σου.
3669 5438 3769 5491 Εὑ-

2192 5527 2419 5597 τρέπιζέ
2454 5544 2547 5581 σου
2585 5528 2684 5592 τὰς
2732 5530 2961 5600 πράξεις
3008 5530 3129 5583 κατ’
3172 5528 3393 5600 ἀρετὴν,
3420 5529 3526 5591 ἕως
3550 5529 3634 5581 ἔτι
3670 5529 3768 5599 τὴν

2193 5618 2477 5688 παροῦσαν
2533 5619 2785 5695 διεξέρχῃ
2840 5622 3021 5693 ζωήν·
3066 5621 3329 5692 ἐργασίας
3360 5622 3470 5692 γὰρ
3516 5621 3545 5672 ὁ
3580 5620 3767 5691 παρὼν

2194 5712 2385 5782 καιρός
2408 5728 2421 5743 ·
2457 5713 2559 5766 ὁδὲ
2588 5713 2816 5783 μέλλων,
2852 5715 3281 5779 ἀνταποδόσεως.

2268 5805 2373 5860 Καὶ
2391 5806 2843 5875 παρασκευάζου
2859 5809 2944 5874 εις
2965 5808 3069 5863 τὸν
3084 5808 3288 5877 ἀγρόν.
3307 5808 3412 5863 Καὶ
3432 5808 3489 5861 ἑν
3504 5806 3582 5878 τῷ
3609 5822 3672 5877 με
3680 5803 3761 5877 pl-
