4054 6514
313 341 449 407 1469

1311 364 1855 427 (ΖΟΜΜΕΝΤᾹΒῙΙ
1885 367 1967 428 ΙΝ
2008 367 2467 432 PROVERBIA.

3437 372 3602 466 1470.

312 473 558 554 mag-oo:
592 457 852 528 βιωτικὰς
875 467 1246 540 ἀνατέλλοντι,
1293 475 1450 546 δίκην
1494 478 1892 546 ὑλομανοῦντος

2000 483 2458 548 quemadmodum
2499 497 2629 554 ager
2663 483 2852 540 insana
2897 481 3250 540 l‘ruticatione
3297 484 3574 552 laborans,

309 548 502 619 ἀγροῦ,
536 556 844 624 φαινομένῳ
875 560 1085 632 κόσμῳ,
1111 565 1403 636 ἐτοιμόιζου
1442 567 1520 638 τῴ
1559 569 1776 639 ἀρότρῳ
1795 568 1886 622 τοῦ

309 641 834 717 λόγου,προρῤίζους
869 651 1037 714 αὑτὰς
1059 655 1332 728 ἁνασπᾷν,
1366 659 1502 730 πρὸς
1521 662 1889 729 καρπογονίαν

310 738 711 810 πνευματικὴν,
765 741 825 797 ἐν
877 742 956 814 τῷ
999 745 1276 818 διανέμειν
1322 768 1415 804 σου
1469 751 1539 805 τὰ
1577 753 1891 823 ὑπάρχοντα

310 827 558 896 πένησιν.

379 922 484 974 Καὶ
518 922 779 990 πορεύου
807 926 1180 984 κατόπισθέν
1211 949 1353 999 μου.
1404 933 1513 988 Καὶ
1566 932 1710 988 οὕτω
1751 935 1892 1003 ἄρας

312 1026 404 1063 σου
441 1009 532 1065 τὸν
555 1013 806 1085 σταυρὸν,
841 1015 939 1086 τὴν
958 1018 1053 1072 τοῦ
1074 1023 1338 1090 σαρκικοῦ
1368 1024 1582 1087 πάντως
1612 1029 1894 1096 φρονήμα-

310 1119 402 1166 τος
434 1103 722 1175 νέκρωσιν,
748 1107 1030 1164 ἀκολούθει
1061 1129 1153 1182 μοι
1181 1114 1258 1186 τῷ
1291 1115 1668 1186 πτωχεύσαντι
1697 1117 1784 1170 διὰ
1809 1118 1890 1181 σὲ,

313 1196 405 1248 καὶ
438 1199 668 1270 σταυρὸν
701 1196 1082 1271 ὑπομείναντι.

383 1289 490 1342 Καὶ
507 1290 1005 1362 ἀνοικοδομήσας
1030 1296 1138 1350 τὸν
1165 1294 1338 1352 οἶκόν
1363 1315 1499 1354 σου.
1533 1301 1644 1354 Καὶ
1681 1301 1894 1370 ἀνεγεί-

315 1397 415 1451 ρης
440 1384 507 1452 τῇ
542 1389 890 1458 πνευματικῇ
941 1388 1208 1461 πολιτείᾳ,
1246 1391 1305 1444 τὸ
1339 1393 1646 1446 καταπεσόν
1671 1410 1763 1446 σου
1793 1393 1893 1465 τῆς

318 1473 518 1542 σαρκὸς
537 1475 858 1548 οἰκητήριον
879 1481 998 1543 ταῖς
1015 1480 1344 1551 προσϐολαῖς
1363 1485 1471 1536 τῶν
1498 1486 1597 1555 τῆς
1629 1484 1893 1558 πονηρίας

317 1567 665 1633 πνευμάτων.

387 1663 493 1726 κη’.
523 1658 618 1726 Μὴ
658 1659 784 1714 ἴσθι
815 1662 1045 1730 ψευδὴς
1066 1664 1298 1733 μάρτυς
1347 1666 1445 1720 ἐπὶ
1474 1666 1591 1722 σὸν
1615 1670 1893 1738 πολίτην,

308 1747 465 1816 μηδὲ
483 1752 794 1805 πλατύνου
860 1754 996 1820 σοῖς
1027 1757 1316 1824 χείλεσιν.
1351 1757 1443 1830 Μὴ
1481 1757 1694 1829 ψευδῶς
1721 1778 1894 1832 κατα-

318 1839 585 1911 μαρτύρει
615 1842 707 1895 τοῦ
742 1844 1271 1916 πολιτευομένου,ὼς
1288 1851 1450 1915 αὐτὸς
1482 1855 1744 1924 προαιρῇ,
1763 1870 1896 1926 σαρ-
1927 1824 1967 1879 Β

316 1935 435 1989 κίου
470 1954 564 1989 σου
587 1954 600 1968 ’
632 1938 896 1994 ἀδύνατον
922 1936 1062 1996 εἶναι
1107 1945 1332 2014 φάσκων
1369 1949 1468 2011 τὰς
1500 1947 1646 2012 Θείας
1676 1949 1896 2014 ἐντολὰς

316 2029 736 2100 κατορθοῦσθαι,
790 2033 879 2086 διὰ
915 2037 1015 2106 τὴν
1059 2041 1381 2108 σωματικὴν
1411 2040 1693 2099 ἀσθένειαν
1719 2058 1734 2072 ⁸
1759 2043 1896 2095 κάν-

313 2120 508 2176 τεῦθεν
531 2126 644 2183 τοῖς
671 2129 788 2179 κατ’
816 2127 1054 2198 ἔλλειψιν
1085 2131 1184 2200 τῆς
1215 2132 1418 2202 ἀρετῆς
1451 2134 1683 2188 πάθεσιν
1719 2135 1896 2189 ἐνδιάο

314 2212 469 2281 τριόε
491 2230 504 2242 ·
547 2215 674 2286 μηδ’
712 2218 1081 2290 ὲμφιλοχώρει
1128 2226 1248 2287 ταῖς
1275 2226 1396 2278 κατ’
1427 2225 1595 2281 αὑτοῦ
1619 2227 1894 2292 διαϐολαῖς

316 2301 530 2372 ἔχοντος
565 2308 660 2361 καὶ
683 2309 848 2362 αυτοῦ
879 2313 1107 2384 ποιητὴν
1144 2316 1236 2369 τὸν
1266 2317 1418 2374 Θεόν.

387 2393 490 2453 κθ’.
525 2397 620 2465 Μὴ
643 2398 842 2467 εἴπῃς,
879 2403 990 2455 Ὃν
1020 2407 1244 2472 τρόπον
1272 2407 1584 2476 ἐχρήσατό
1600 2430 1725 2481 μοι,
1748 2414 1896 2482 χρή·

313 2501 494 2555 σομαι
526 2486 720 2554 αὐτῷ·
785 2495 1023 2562 τίσομαι
1061 2494 1130 2549 δὲ
1166 2500 1351 2552 αὐτὸν
1387 2501 1424 2556 ἅ
1459 2519 1538 2571 με
1567 2504 1890 2574 ἠδίκησεν.

313 2579 407 2650 Μὴ
433 2581 602 2652 ἐρεῖς,
643 2584 725 2637 ὅτι
754 2586 1018 2658 Καθάπερ
1051 2607 1141 2659 μοι
1167 2590 1324 2646 τοῦτο
1358 2593 1563 2665 βλάὸης
1593 2597 1764 2666 αἴτιον
1801 2599 1897 2667 γέ-

314 2687 462 2740 γονε,
521 2675 712 2744 βλάψω
763 2679 920 2746 κάγὼ
959 2679 1092 2733 αὑτό
1124 2697 1139 2713 ο
1202 2687 1590 2756 τιμωρήσομαι
1635 2689 1694 2742 δέ
1737 2690 1896 2744 τοῦτο

314 2764 456 2835 ὑπὲρ
503 2761 564 2821 οὗ
625 2786 718 2837 μοι
763 2769 1018 2840 ἀντέστη,
1073 2774 1166 2827 καὶ
1214 2776 1400 2839 κακῶς
1435 2777 1532 2848 τὴν
1574 2780 1895 2835 δεσποτείαν

312 2855 607 2922 ἀφείλετο·
662 2858 758 2910 καὶ
817 2858 988 2924 οὕτως
1047 2862 1127 2924 είς
1178 2862 1247 2914 τὰ
1291 2863 1411 2916 καθ’
1457 2864 1762 2936 ὑπερῦολὴν
1792 2867 1894 2936 τῆς

312 2948 517 3016 ἀρετῆς
547 2950 827 3020 ἐκτραπῇς
850 2951 998 3022 πάθη
1017 2970 1030 2984 ·
1059 2953 1174 3006 ἀλλ’
1201 2956 1279 3017 είς
1331 2954 1557 3024 ἀλόγους
1604 2957 1894 3026 ἐπιθυμίας

316 3037 391 3108 μὴ
421 3039 711 3112 δουλεύσῃς
761 3043 931 3114 αὐτῷ,
993 3046 1252 3113 προνοίας
1283 3046 1340 3099 δὲ
1380 3048 1478 3118 τῆς
1512 3049 1895 3122 προσηκούσης

312 3129 488 3196 ἀξίου,
533 3131 619 3184 ἵνα
652 3135 910 3204 συνεργὸν
932 3135 1060 3207 ἔχῃς
1085 3137 1219 3190 αὐτὸ
1249 3139 1387 3209 πρὸς
1415 3140 1483 3192 τὰ
1512 3141 1800 3195 κάλλιστα.

292 3258 294 3260 τ
382 3222 447 3276 λ’.
482 3223 714 3294 ’Ὠσπερ
756 3227 1039 3297 γεώργιον
1060 3229 1216 3298 ἀνὴρ
1254 3231 1480 3300 ἄφρων.
1523 3233 1790 3303 Καθάπερ
1811 3252 1895 3300 τις

311 3314 616 3383 ἐπιτήδειος
635 3317 715 3380 είς
743 3319 1018 3388 γεωργίαν
1044 3321 1233 3393 ἀγρὸς,
1283 3322 1486 3392 πολλῆς
1523 3324 1742 3396 χρῄζων
1770 3328 1895 3378 ἐπι-

315 3409 559 3480 μελείας,
583 3409 647 3462 ἵν’
662 3409 937 3482 εῦκαρπος
961 3415 1055 3466 καὶ
1079 3414 1428 3486 πολύκαρπος
1450 3416 1696 3488 γένηται,
1717 3419 1894 3489 ὑπάρ-

312 3503 456 3574 χειὸ
491 3505 602 3566 τοῖς
656 3504 1012 3574 προσκαίροις
1072 3506 1256 3576 μόνοις
1305 3507 1602 3572 πιστεύων,
1651 3512 1897 3574 καὶτοῖς

313 3594 445 3665 περὶ
490 3595 661 3649 ταῦτα
721 3596 900 3660 πόνοις
939 3597 1236 3661 ἀνενδότως
1274 3599 1646 3670 ὲγκαρτερῶν,
1693 3601 1896 3670 καὶτῷ

312 3684 770 3758 ἐπαγγελλομένῳ
802 3685 871 3740 τὰ
909 3685 1104 3740 αίώνια
1145 3687 1327 3756 ἀγαθὰ
1352 3687 1472 3759 Θεῷ
1507 3688 1756 3741 ἀπιστῶν
1787 3689 1894 3754 ἔξω

312 3776 628 3848 ἄνθρωπος.

385 3869 495 3923 Καὶ
525 3868 726 3938 ὥσπερ
747 3870 1034 3940 ἀμπελὼν
1072 3869 1377 3940 ἅνθρωπος
1397 3870 1610 3940 ἐνδεὴς
1636 3872 1891 3942 φρενῶν.

315 3961 428 4014 Καὶ
457 3955 546 4014 οἷὰ
574 3979 654 4025 τις
687 3961 950 4033 ἁμπελὼν
993 3962 1251 4034 φραγμοῦ
1285 3963 1538 4035 δεόμενος
1584 3965 1664 4028 είς
1705 3964 1766 4018 τὸ
1818 3965 1895 4036 μὴ

313 4055 622 4124 τρυγᾶσθαι
649 4055 804 4126 παρὰ
841 4055 1061 4108 πάντων
1092 4055 1200 4109 τῶν
1234 4055 1333 4127 τὴν
1361 4056 1479 4110 ὁδὸν
1513 4073 1896 4128 παραπορευο-

320 4147 522 4217 μένων,
589 4146 738 4200 ἐστὶν
775 4148 803 4199 ὁ
859 4146 972 4201 ἄνω
1008 4147 1106 4218 μὲν
1169 4149 1306 4218 πρὸς
1334 4149 1468 4202 Θεὸν
1497 4149 1641 4220 ὁρῶν
1687 4150 1779 4202 καὶ
1801 4166 1896 4202 πιο

319 4237 530 4292 στεύων
557 4237 732 4309 αὐτῷ·
766 4242 864 4303 τὰς
891 4239 935 4292 δ’
981 4239 1442 4312 οίκοδομουμένας
1470 4241 1557 4294 διὰ
1581 4241 1692 4296 τῶν
1723 4240 1896 4310 ἁγίων

317 4332 482 4386 αὑτοῦ
527 4332 756 4386 ἐντολῶν
796 4333 1138 4404 θεωρητικάς
1159 4351 1218 4386 τε
1247 4334 1342 4388 καὶ
1378 4335 1689 4404 πρακτικὰς
1728 4333 1893 4400 ἕξεις,

316 4425 804 4490 ἀνεπιϐουλεύτους
856 4425 946 4480 διὰ
1005 4427 1280 4498 ῥᾳθυμίαν
1318 4428 1394 4497 μὴ
1424 4427 1629 4498 τηρῶν,
1667 4426 1776 4482 ἔσω
1799 4428 1895 4482 ἄν·

1991 574 2393 631 sollicitudines
2431 576 2527 631 tibi
2573 576 2804 646 profert,
2831 591 3145 646 praeparare
3173 584 3359 632 aratro
3402 577 3574 648 verbi,

1990 668 2117 724 illas
2163 668 2432 724 radicitus
2473 671 2717 736 eradica,
2760 671 2825 726 ad
2877 671 3361 726 fructiﬁcationem
3415 673 3580 742 spiri-

1995 759 2223 825 tualem,
2253 776 2377 830 quae
2413 760 2582 818 habes
2620 762 2954 832 pauperibus
2987 762 3399 818 distribuendo.

2066 932 2136 986 Et
2183 933 2316 990 uade
2354 943 2477 1002 post
2521 952 2624 990 me.
2671 937 2738 991 Et
2782 936 2858 991 ita
2905 937 3102 993 tollens
3142 951 3364 993 crucem
3401 944 3579 1001 tuam,

1994 1025 2178 1082 omnis
2226 1025 2442 1082 scilicet
2495 1028 2735 1084 carnalis
2790 1030 3141 1099 cogitationis
3189 1029 3575 1085 mortiﬁcatio-

1995 1131 2159 1184 nem,
2213 1132 2446 1187 sequere
2497 1134 2585 1174 me
2635 1121 2729 1190 qui
2781 1130 3010 1192 propter
3071 1131 3124 1177 te
3189 1121 3350 1192 inops
3397 1121 3580 1176 lactus

1996 1224 2138 1272 sum,
2171 1225 2507 1281 crucemque
2535 1213 2750 1282 pertuli.

2065 1302 2138 1357 Et
2175 1303 2471 1372 (edi/icabis
2503 1303 2721 1359 domum
2761 1315 2929 1361 tuam.
2969 1306 3035 1361 Et
3076 1307 3382 1364 constitues
3415 1305 3579 1377 spiri-

1996 1393 2134 1448 tuali
2168 1397 2588 1450 conversatione
2631 1395 2818 1452 carnis
2852 1405 2960 1451 tua:
2994 1397 3338 1453 domicilium
3381 1398 3575 1454 incur-

1996 1485 2151 1542 sibus
2182 1487 2549 1558 malignorum
2584 1487 2878 1558 spirituum
2907 1490 3176 1546 dirutum.

2070 1667 2234 1738 Vens.
2272 1667 2364 1722 28.
2408 1665 2492 1723 Ne
2533 1669 2609 1723 si:
2657 1668 2830 1735 falsus
2884 1657 3054 1723 testis
3085 1668 3141 1722 in
3183 1668 3347 1723 civem
3390 1677 3579 1734 tuum,

1997 1775 2160 1829 neque
2214 1759 2458 1816 dilateris
2494 1760 2602 1813 tuis
2649 1758 2825 1815 labiis.
2853 1758 2933 1816 Ne
2961 1758 3101 1815 l'also
3136 1758 3357 1814 testeris
3381 1765 3576 1812 contra
3621 1830 3628 1840 ι

1997 1866 2219 1906 carnem
2254 1860 2428 1917 tuam,
2475 1859 2534 1906 ut
2573 1851 2689 1921 ipse
2757 1851 2918 1921 eligis
2975 1857 3396 1905 conversantem
3431 1867 3445 1904 :
3476 1849 3580 1904 im-

2001 1942 2264 2014 possibile
2311 1956 2432 1997 esse
2489 1941 2753 1997 dictitans
2793 1940 3050 1996 mandata
3097 1940 3189 1996 Dei
3253 1941 3576 2004 observare,

1997 2035 2069 2090 ob
2115 2036 2366 2106 corporis
2418 2033 2812 2090 infirmitatem.
2840 2034 2942 2089 Hic
2988 2034 3040 2088 in
3085 2033 3436 2103 passionibus
3463 2031 3580 2087 vir.

1999 2126 2104 2181 tuti
2137 2127 2406 2197 oppositis
2443 2127 2586 2189 vive,
2615 2141 2796 2196 neque
2836 2125 3072 2181 libenter
3102 2141 3323 2182 carnem
3362 2125 3580 2181 calum-

1999 2218 2188 2282 nieris,
2219 2219 2348 2288 quia
2375 2227 2430 2273 et
2456 2218 2574 2290 ipsa
2598 2224 2904 2282 creatorem
2930 2216 3101 2273 Deum
3131 2217 3296 2273 habet

2072 2392 2238 2448 Vens.
2289 2392 2381 2448 29.
2437 2391 2520 2448 Ne
2567 2393 2714 2448 dicas
2746 2412 2764 2450 :
2797 2393 3073 2460 Quomodo
3119 2392 3248 2464 fecit
3303 2393 3452 2458 mihi,
3501 2395 3580 2448 sic

1997 2486 2196 2555 faciam
2243 2485 2313 2543 ei.
2367 2483 2609 2539 Ulciscar
2659 2495 2836 2540 autem
2878 2502 2996 2540 eum
3025 2485 3090 2540 de
3128 2485 3344 2555 injuriis
3387 2483 3580 2556 quibus

1999 2594 2080 2632 me
2120 2578 2319 2646 a/fecit.
2354 2577 2428 2632 Ne
2475 2577 2652 2641 dicas,
2687 2577 3158 2646 Quemadmodum
3205 2579 3393 2633 damni
3445 2577 3579 2634 mihi

1997 2685 2166 2724 causa
2194 2670 2401 2724 factum
2431 2678 2516 2725 est
2541 2685 2767 2740 corpus,
2791 2670 2840 2725 ei
2870 2671 3078 2724 nocebo
3098 2679 3152 2725 et
3175 2670 3320 2740 ipse:
3343 2666 3583 2725 ulciscar

1997 2760 2133 2814 illud
2167 2759 2316 2829 quod
2362 2760 2495 2813 mihi
2539 2760 2804 2815 restiterit
2842 2760 3223 2830 repuleritqne
3255 2760 3578 2831 imperium;

1995 2860 2049 2908 et
2077 2852 2161 2906 sic
2191 2852 2544 2920 temetipsum
2589 2859 2888 2906 convertas
2932 2853 2986 2907 in
3024 2851 3310 2921 passiones
3359 2867 3457 2922 per
3487 2867 3582 2906 ex-

1996 2961 2214 3002 cessum
2239 2946 2480 3010 virtutis,
2507 2945 2602 3000 sed
2649 2945 2704 2998 in
2731 2945 3078 3001 irrationales
3098 2946 3581 3016 concupiscentias

1997 3055 2066 3095 ne
2119 3040 2196 3096 illi
2257 3039 2469 3095 servias
2519 3056 2532 3092 :
2591 3039 2685 3095 sed
2742 3053 2986 3110 congrua
3045 3039 3182 3093 illud
3237 3039 3582 3108 providentia

1998 3132 2230 3200 dignare
2256 3139 2316 3184 ut
2342 3131 2407 3186 ad
2433 3131 2640 3200 Optima
2669 3130 2802 3185 illud
2832 3130 2930 3186 tibi
2961 3139 3314 3201 cooperetur.

2072 3222 2238 3279 Vens.
2279 3223 2368 3278 ‘50.
2413 3222 2688 3290 Tanquam
2732 3239 2860 3292 ager
2900 3224 2978 3277 vir
3009 3224 3339 3292 imprudens.
3374 3223 3578 3290 Quem-

1997 3315 2290 3368 admodum
2321 3329 2447 3383 ager
2473 3315 2674 3384 aliquis
2701 3315 3052 3384 agricultura:
3074 3315 3326 3380 idoneus,
3348 3316 3575 3369 multam

1997 3408 2230 3478 requirit
2268 3407 2613 3477 diligentiam
2658 3415 2716 3461 ut
2765 3405 2964 3462 fertilis
3005 3423 3070 3462 ac
3107 3408 3430 3464 fructuosus
3465 3408 3577 3472 liat,

1999 3498 2073 3551 ita
2115 3507 2197 3552 cst
2229 3498 2392 3551 homo
2430 3500 2672 3552 exterior
2703 3498 2795 3566 qui
2831 3499 2933 3552 soli
2982 3502 3376 3568 opportunitati
3447 3516 3580 3556 con-

2000 3589 2192 3650 lidens.
2233 3599 2288 3643 et
2329 3590 2398 3643 de
2448 3591 2535 3645 bis
2586 3589 2804 3645 labores
2853 3590 3016 3644 enixe
3068 3591 3323 3659 sustinet,
3374 3599 3430 3646 et
3471 3591 3580 3648 Deo

1998 3681 2142 3736 bona
2182 3681 2364 3736 futura
2399 3683 2674 3753 pollicenti
2707 3699 2814 3739 non
2843 3684 3092 3739 conlidit.

2060 3863 2130 3915 Et
2187 3870 2442 3933 tanquam
2504 3865 2656 3920 vinea
2706 3864 2859 3921 homo
2924 3882 3078 3937 egens
3164 3881 3346 3923 sensu.
3407 3863 3581 3932 Quasi

1998 3953 2154 4008 vinea
2212 3969 2335 4024 quae
2383 3963 2534 4009 caret
2595 3964 2752 4026 septo
2788 3973 2860 4014 ne
2886 3958 2956 4014 ab
2984 3958 3244 4014 omnibus
3285 3973 3384 4028 per
3431 3957 3577 4014 viam

2000 4047 2420 4108 transeuntibus
2471 4047 2860 4115 vindemietur,
2902 4059 2987 4105 est
3019 4049 3185 4104 homo
3215 4048 3307 4120 qui
3353 4063 3580 4106 sursum

1997 4136 2216 4206 quidem
2270 4136 2323 4190 in
2378 4136 2548 4192 Deum
2597 4139 2826 4208 respicit
2876 4140 3067 4212 illique
3111 4142 3313 4210 credit;
3361 4142 3582 4197 habitus

1998 4235 2184 4283 autem
2213 4235 2328 4283 tum
2355 4231 2726 4300 speculativos
2751 4239 2868 4287 tum
2897 4235 3171 4304 practicos
3197 4251 3294 4305 per
3322 4233 3580 4289 mandata

2000 4317 2092 4374 Dei
2143 4319 2449 4376 instructos
2496 4337 2592 4393 per
2624 4322 3013 4394 negligentiam
3055 4340 3162 4380 non
3207 4333 3394 4380 servat
3423 4326 3580 4380 inex-

1999 4410 2345 4481 pugnabiles.
2379 4410 2508 4466 Sive
2545 4413 2692 4468 enim
2733 4415 2975 4468 exterior
3005 4415 3170 4470 homo
3204 4415 3486 4485 negligens
3513 4414 3580 4469 ad

318 4519 536 4592 θρωπος
556 4535 570 4550 ο
601 4519 711 4572 εἴτε
741 4518 851 4590 γὰρ
909 4520 1001 4571 τὸν
1023 4518 1128 4583 ἐξω
1158 4519 1446 4590 ἄνθρωπον
1485 4521 1622 4590 πρὸς
1649 4519 1749 4590 τὴν
1785 4519 1893 4573 τῶν

2002 4502 2384 4558 mandatorum
2425 4503 2520 4558 Dei
2569 4505 3037 4574 adimpletionem,
3077 4506 3196 4562 sive
3237 4506 3470 4562 interior
3512 4509 3581 4562 ad

319 4611 478 4683 θείων
517 4611 746 4664 ἐντολῶν
767 4609 988 4682 πρᾶξιν,
1012 4611 1122 4664 εἴτε
1157 4610 1248 4664 τὸν
1275 4610 1384 4664 ἔσω
1418 4611 1554 4681 πρὸς
1577 4612 1675 4683 τὴν
1691 4611 1898 4666 τούτων

317 4701 554 4773 θεωρίαν
593 4701 906 4774 καταλίπῃς
947 4701 1376 4773 ἀνεπιμὲλητον,
1417 4703 1771 4769 ἀνεπίδεκτος
1801 4704 1896 4758 τοῦ

317 4797 378 4849 ἐν
407 4793 777 4858 διδασκαλίαις
801 4794 1171 4863 πνευματικοῦ
1209 4795 1416 4865 σπόρου
1443 4796 1757 4865 γενήσεται.

391 4885 496 4940 λα’.
525 4884 632 4939 Καὶ
671 4884 781 4937 ἐὰν
836 4882 997 4952 ἀφῇς
1035 4882 1244 4948 αὑτὸν,
1303 4881 1748 4952 χερσωθίήσεται
1798 4883 1895 4938 καὶ

319 4972 756 5044 χορτομανήσει
813 4973 976 5040 ὅλος.
1036 4972 1146 5026 Καὶ
1199 4972 1354 5038 δίκην
1379 4973 1598 5043 χόρτου,
1631 4974 1898 5041 σαρκικὰς

319 5066 515 5138 ἡδονὰς
541 5066 700 5136 μόνον
732 5064 1049 5136 βλαστήσει,
1079 5063 1217 5136 πρὸς
1263 5062 1321 5117 τὸ
1348 5063 1614 5135 χορτάσαι
1643 5061 1742 5134 τὴν
1776 5061 1899 5116 ἄλο-

319 5177 418 5230 γον
443 5157 740 5228 ἐπιθυμίαν
769 5155 960 5211 αὐτοῦ.

391 5251 502 5306 Καὶ
556 5251 780 5320 γίνεται
832 5247 1316 5319 ἐκλελειμμένος.
1377 5247 1691 5302 Κάντεῦθεν
1744 5241 1897 5311 οὗτος

325 5343 425 5414 μὲν
510 5341 987 5415 καταλιμπάνεται
1047 5339 1192 5395 κατὰ
1247 5340 1567 5410 προαίρεσιν
1628 5340 1894 5410 ἀνεπιμέ-

320 5435 504 5504 λητοςλ.
1025 5425 1044 5440 ’

396 5529 460 5581 Οἱ
491 5525 558 5579 δὲ
595 5523 849 5595 separavi
888 5523 1007 5578 τῶν
1025 5525 1213 5580 λίθων
1233 5523 1420 5578 αὐτοῦ
1443 5522 1896 5577 κατασκάπτονς

320 5635 438 5672 ται.
499 5617 567 5670 Δί
612 5617 669 5670 δέ
739 5616 831 5670 ἐπὶ
885 5615 962 5685 τῷ
1013 5615 1131 5685 Θεῷ
1161 5615 1400 5686 θεμελίῳ
1431 5617 1529 5685 τῆς
1555 5615 1636 5678 είς
1665 5613 1900 5683 Χριστὸν

323 5709 560 5772 πίστεως
588 5704 1149 5778 οίκοδομούμεναι,ὡς
1179 5704 1235 5759 ἔν
1251 5723 1360 5759 τισι
1385 5703 1553 5768 λίθοις
1579 5706 1696 5768 ταῖς
1730 5704 1900 5770 θείαις

326 5800 566 5863 ἐντολαῖς
623 5799 950 5868 φυλακτικαὶ
999 5798 1191 5853 τούτου
1242 5798 1382 5853 κατά
1425 5815 1482 5852 τε
1531 5796 1762 5867 θεωρίαν
1804 5799 1898 5851 καὶ

2006 4610 2196 4651 eorum
2266 4597 2763 4654 considerationem
2827 4597 3141 4656 incuriosus
3214 4599 3582 4676 relinquatur,

2005 4703 2112 4742 non
2147 4695 2328 4758 potest
2356 4689 2602 4758 recipere
2626 4689 2893 4745 doctrinae
2916 4705 3104 4746 semen
3131 4691 3439 4762 spirituale.

2076 4849 2242 4918 Vens.
2288 4863 2377 4917 5i.
2420 4859 2480 4917 Si
2525 4863 2792 4918 dimiseris
2825 4879 2968 4930 eum,
2999 4863 3237 4920 desertus
3280 4868 3370 4935 ﬁet
3407 4875 3456 4920 et
3487 4865 3580 4920 sil-

2006 4971 2169 5014 vescet
2218 4970 2380 5015 lotus.
2424 4957 2490 5014 Et
2533 4960 2677 5015 sicut
2730 4959 2917 5016 fenum
2968 4961 3219 5017 carnales
3273 4961 3584 5030 voluptates

2007 5062 2219 5107 tantum
2253 5052 2512 5124 proferet,
2548 5053 2616 5108 ad
2647 5055 3013 5109 saturandum
3053 5054 3432 5110 irrationalem
3463 5053 3584 5122 ejus

2005 5147 2534 5216 cancupisccntiam.

2075 5237 2145 5293 Et
2188 5239 2276 5308 ﬁet
2327 5239 2633 5297 derelictus.
2672 5239 2738 5294 Et
2777 5239 2976 5295 exinde
3021 5240 3138 5311 ipse
3180 5237 3404 5310 quidem
3448 5251 3582 5292 con-

2005 5332 2150 5388 sulto
2176 5332 2530 5402 relinquitur,
2560 5346 2661 5386 nec
2686 5331 2978 5403 quisquam
3006 5329 3072 5386 de
3102 5330 3196 5384 illo
3223 5335 3401 5385 curat.

2081 5515 2236 5585 Sepes
2281 5526 2456 5568 autem
2510 5511 2746 5582 lapidum
2798 5511 2912 5575 eius
2967 5508 3305 5579 e/fodientur.
3351 5505 3580 5562 Habitus

2007 5620 2191 5662 autem
2245 5609 2362 5662 sive
2412 5605 2595 5676 quoad
2639 5603 2908 5658 theoriam
2956 5602 3072 5657 sive
3119 5599 3297 5670 quoad
3348 5596 3581 5668 praxim,

2009 5701 2101 5770 qui
2149 5702 2201 5754 in
2239 5699 2428 5755 divino
2465 5696 2823 5752 fundamento
2875 5694 2998 5750 lidci
3043 5694 3096 5748 in
3130 5691 3408 5746 Chrismm
3449 5687 3585 5744 acdi-

2012 5797 2244 5850 licantur
2274 5802 2328 5850 ct
2364 5792 2419 5848 in
2455 5789 2728 5847 mandatis
2761 5787 2855 5846 Dei
2885 5785 3045 5858 quasi
3088 5783 3418 5858 quibusdam
3450 5781 3586 5854 lapi-
