4054 6514
508 374 636 440 1471

1830 369 2186 434 PROCOPII
2226 369 2469 429 GAZ/EI

3629 359 3765 424 14⁸12

505 491 667 546 dibus
724 486 1134 553 custodiuntur,
1186 492 1531 551 evertuntur,
1568 484 1699 541 dum
1753 481 1823 538 ad
1878 482 2083 551 cogita-

2208 479 2385 550 πρᾶξιν
2422 479 2587 544 ἕξεις.
2643 476 3074 549 καθαιροῦνταιο
3126 477 3208 541 είς
3261 476 3498 539 ἀτόπους
3527 474 3766 544 ἐνθυμή-

508 585 688 636 tiones
720 586 773 635 et
800 588 958 635 actus
988 579 1271 648 improbos
1303 577 1545 634 decidis.

583 673 749 728 Vens.
786 672 874 726 52.
928 671 1227 726 Novissime
1272 687 1362 739 ego
1410 670 1771 740 pwnitentiam
1819 666 1923 736 egi.
1971 665 2084 735 Ego

511 774 691 819 autem
724 763 888 817 homo
926 763 1006 816 sic
1041 763 1400 825 constitutus,
1430 774 1574 828 saepe
1598 759 1653 812 in
1680 758 1788 813 line
1815 756 2085 828 poeniten-

511 857 640 909 tiam
675 853 783 924 egi.

582 943 823 1010 Respexi,
842 950 900 995 ut
931 942 1173 1013 eligerem
1203 941 1563 1008 disciplinam.
1586 940 1825 1011 Scopum
1852 939 2086 994 intuitus

510 1049 632 1087 sum
685 1033 758 1086 ita
808 1041 867 1086 ut
921 1032 1183 1087 oumibus
1229 1031 1542 1087 visibilibus
1593 1037 1981 1099 anteponerem
2033 1038 2090 1083 et

511 1125 749 1177 animam
772 1132 824 1178 et
850 1139 1075 1177 carnem
1105 1123 1171 1176 ad
1205 1124 1405 1178 bonum
1431 1121 1942 1177 accommodantem
1974 1120 2088 1174 elli-

513 1229 698 1269 caCetu
736 1215 1119 1268 mandatorum
1155 1213 1244 1268 Dei
1278 1215 1570 1269 theuriam.

583 1305 748 1361 Vens.
796 1307 886 1362 55.
942 1304 1235 1360 Paululum
1285 1305 1551 1369 dormito,
1593 1307 1871 1375 paululum
1913 1318 2090 1362 autem

514 1416 760 1455 somnum
811 1399 1003 1467 capio;
1056 1398 1333 1467 paululum
1372 1415 1491 1452 uero
1529 1400 1803 1468 amplexor
1843 1400 2090 1454 manibus

513 1499 749 1559 pectora.
785 1488 921 1543 Cum
953 1504 1083 1543 caro
1116 1504 1213 1558 per
1244 1492 1549 1546 senectutis
1579 1492 1955 1548 inﬁrmitatem
1992 1493 2093 1546 im-

514 1582 728 1637 becillis
764 1582 907 1635 facta
942 1581 1035 1646 sit,
1069 1581 1222 1635 brevi
1259 1581 1481 1649 quidem
1517 1582 1660 1637 taedii
1704 1584 2095 1639 dormitatioue

518 1688 640 1728 sum
690 1682 1023 1736 contentus;
1072 1672 1223 1727 brevi
1268 1683 1448 1728 autem
1506 1674 1852 1746 negligentia:
1898 1690 2094 1731 somno

517 1766 737 1829 servio;
779 1779 1085 1835 parumque
1110 1779 1262 1818 meas
1307 1766 1582 1835 practicas
1611 1768 1900 1821 lacullates
1931 1782 2089 1821 eser-

2186 588 2301 635 σεις
2338 572 2433 624 καὶ
2470 569 2698 640 πράξεις
2729 570 3113 640 ἐμπίπτοντος.

2255 662 2357 733 λβ’.
2382 663 2670 730 Ὕστερον
2717 661 2833 731 ἐγὼ
2890 661 3253 731 μετενόησα.
3305 658 3463 711 Οὕτω
3518 657 3564 709 δ’
3604 656 3633 706 ό
3672 658 3769 710 ἇν-

2186 754 2404 823 θρωπος
2460 753 2573 823 ἐγὼ
2632 754 2998 824 διακείμενος,
3034 751 3295 814 πολλάκις
3324 750 3418 805 ἐπὶ
3466 748 3611 802 τέλει
3641 766 3769 815 μετ-

2188 846 2385 915 ἑγνων.

2271 939 2602 1009 Ἀπέϐλεψα
2626 939 2734 994 τοῦ
2762 937 3125 1013 ἐκλέξασθαι
3164 935 3463 993 παιδείαν.
3516 934 3631 989 Καὶ
3667 932 3771 986 ἁπ-

2188 1032 2468 1100 εσκόπησα
2506 1032 2649 1085 ὥστε
2700 1032 2994 1101 προκρῖναι
3049 1028 3270 1083 πάντων
3304 1028 3415 1081 τῶν
3448 1024 3769 1098 ὁρωμένων,

2188 1125 2289 1196 τὴν
2319 1124 2412 1178 καὶ
2446 1123 2624 1194 ψυχὴν
2649 1123 2743 1177 καὶ
2775 1123 2955 1192 σάρκα
2984 1121 3116 1192 πρὸς
3141 1121 3202 1174 τδ
3242 1122 3453 1189 ,ἀγαθὸν
3477 1117 3777 1191 ῥυθμίζου-

2193 1234 2293 1269 σαν
2325 1216 2646 1286 ἔμπρακτον
2675 1214 2912 1286 θεωρίαν
2942 1213 3053 1267 τῶν
3081 1212 3178 1265 τοῦ
3209 1213 3343 1266 Θεοῦ
3371 1211 3631 1265 ἐντολῶν.

2263 1308 2364 1377 λγ’.
2420 1308 2660 1377 Ὀλίγον
2706 1304 3015 1366 νυστάζω·
3048 1305 3259 1376 ὀλίγον
3316 1305 3385 1358 δὲ
3444 1301 3734 1358 καθυπνῶ
3758 1317 3771 1332 ’

2194 1403 2401 1472 ὀλίγον
2431 1399 2501 1455 δὲ
2540 1398 3000 1470 ἐναηαιίζομαι
3052 1398 3224 1467 χερσὶ
3276 1397 3493 1464 στήθη.
3560 1396 3674 1466 Τῆς
3718 1395 3775 1449 δὲ

2195 1494 2396 1565 σαρκὸς
2451 1492 2749 1562 ἀτονούσης
2785 1492 2875 1546 διὰ
2902 1492 3006 1564 τὴν
3051 1490 3149 1544 τοῦ
3188 1492 3391 1561 γήρους
3445 1486 3773 1551 ἀσθένειαν,

2198 1586 2391 1658 μικρὸν
2427 1587 2524 1657 μὲν
2574 1570 2875 1655 νυσὲαγμῷ
2906 1585 3145 1653 ἀκηδίας
3197 1583 3531 1654 συνέχομαιο
3582 1581 3777 1652 μικρὸν

2192 1678 2251 1732 δέ
2270 1677 2425 1749 ῦπνῳ
2460 1676 2735 1749 ῥᾳθυμίας
2762 1675 3034 1730 δουλεύω·
3063 1676 3158 1729 καὶ
3195 1674 3371 1747 βραχὺ
3417 1675 3520 1739 τὰς
3553 1690 3780 1744 πρακτι-

2197 1771 2300 1833 κάς
2333 1787 2433 1840 μου
2465 1769 2727 1839 δυνάμεις
2754 1767 3030 1838 ἐνασχολῶ
3052 1770 3165 1832 τοῖς
3181 1766 3291 1821 ἀπὸ
3310 1766 3418 1836 γῆς
3444 1768 3523 1830 είς
3554 1765 3779 1837 καρδίαν

517 1873 616 1914 eeo
662 1858 716 1912 in
763 1856 1191 1928 cogitationibus
1225 1872 1348 1925 quae
1397 1873 1427 1911 a
1475 1865 1621 1913 terra
1672 1860 1726 1914 in
1777 1875 1874 1915 cor
1913 1876 2091 1914 meum

2208 1862 2546 1917 ivot6alvooot
2577 1861 2974 1931 διαλογισμοῖς.

520 1949 850 2006 ascendunt.

591 2040 752 2096 Vens.
782 2041 872 2095 54.
906 2040 966 2095 Si
1009 2051 1187 2095 autem
1227 2040 1323 2095 hoc
1360 2041 1571 2109 feceris,
1607 2044 1774 2098 veniet
1809 2044 2096 2113 procedens

520 2142 807 2201 paupertas
834 2142 927 2184 tua
946 2147 965 2196 ;
987 2142 1033 2184 et
1061 2140 1265 2200 egestas
1295 2140 1385 2183 tua
1418 2142 1670 2198 tanquam
1697 2133 1861 2187 bonus
1886 2149 2094 2187 cursor.

522 2225 580 2280 Si
613 2234 796 2280 autem
827 2225 940 2279 haec
967 2222 1240 2284 feceris,o
1268 2223 1454 2287 homo,
1476 2235 1530 2278 ut
1563 2226 1679 2294 ipse
1712 2226 2096 2294 memetipsum

523 2318 875 2388 redarguam,
911 2318 978 2372 ad
1029 2328 1081 2374 te
1127 2320 1305 2374 veniet
1352 2318 1507 2387 plena
1553 2318 1736 2387 inopia
1779 2317 2097 2372 divitiarum

521 2409 779 2475 virtutis,
826 2412 1191 2483 perditionem
1265 2413 1362 2467 tibi
1421 2411 1739 2478 adducens;
1792 2420 1846 2466 et
1899 2412 2101 2483 imper-

523 2500 688 2557 lectio
732 2504 1116 2559 mandatorum
1171 2503 1261 2559 Dei
1310 2504 1588 2570 scientiae,
1633 2513 1858 2574 propter
1909 2518 2101 2559 eorum

523 2594 903 2659 emissionem,
937 2596 1080 2654 sicut
1110 2612 1307 2653 cursor
1338 2596 1744 2653 velocissimus.

1142 2774 1295 2830 CAP.
1330 2773 1497 2829 xxv.
1826 2835 1833 2842 _

602 2861 766 2919 Vens.
810 2864 863 2920 1.
907 2863 1009 2922 Ha:
1054 2877 1177 2921 sunt
1231 2868 1531 2936 disciplinm
1591 2866 1898 2923 Salomonis
1961 2868 2106 2923 indi-

528 2956 757 3017 stinctae,
789 2972 921 3026 quas
957 2959 1344 3011 transtulerunt
1376 2960 1475 3012 viri
1510 2958 1748 3014 Ezechia:
1776 2961 1910 3029 regis
1937 2960 2103 3016 Juda.

530 3046 840 3104 Praesentes
882 3051 1170 3105 sententiae
1214 3051 1528 3108 Salomonis
1565 3055 1909 3122 suut;prius
1953 3070 2108 3123 spar-

531 3140 637 3195 sim
676 3138 1016 3204 ferebantur,
1082 3143 1269 3197 multis
1308 3143 1619 3214 incognitze.
1656 3146 1805 3211 Quas
1844 3147 2109 3216 colligen-

531 3239 617 3286 tes
652 3242 776 3302 post
802 3243 1034 3288 mortem
1067 3234 1212 3302 ejus,
1240 3237 1333 3305 qui
1370 3234 1783 3306 Scripturarum
1820 3255 2105 3295 sacrarum

531 3324 878 3380 meditationi
915 3327 1187 3380 vacabant
1223 3336 1279 3382 et
1318 3330 1525 3384 idcirco
1554 3331 1718 3384 amici
1759 3340 1919 3386 erant
1964 3333 2109 3402 regis

531 3414 848 3473 Judazorum
895 3416 1161 3486 Ezechiae,
1193 3422 1332 3476 lihro
1373 3422 1797 3479 Proverbiorum
1841 3426 2109 3493 adjunxc-

535 3520 688 3565 runt.

605 3688 772 3744 Vens.
806 3689 861 3745 2.
900 3688 1084 3745 Gloria
1139 3691 1232 3747 Dei
1282 3703 1357 3747 est
1412 3693 1580 3748 celare
1632 3694 1865 3752 uerbum.
1923 3695 2110 3753 Gloria

536 3790 714 3835 autem
760 3784 897 3853 regis
946 3784 1261 3856 investigare
1313 3802 1625 3841 sermonem.
1676 3786 1863 3842 Gloria
1914 3788 2005 3843 Dei
2053 3797 2110 3843 ut

537 3875 1126 3943 supersubstautialis,
1182 3876 1475 3932 ineliabilis
1530 3887 1635 3943 est,
1672 3880 1799 3949 quia
1856 3895 2101 3950 compre-

538 3966 703 4023 hendi
748 3970 937 4037 nequit
974 3968 1152 4033 Deus;
1197 3970 1369 4040 gloria
1400 3969 1495 4025 Dei
1528 3980 1589 4026 ut
1617 3972 1875 4027 universa
1917 3987 2113 4039 regen-

537 4060 610 4113 tis
643 4058 839 4115 suadet
868 4075 1059 4129 parere
1085 4061 1206 4130 ejus
1228 4062 1516 4129 mandatis,
1536 4064 1606 4118 ob
1632 4063 1974 4129 timorem,et
2000 4080 2112 4119 non

536 4165 601 4206 ea
633 4159 1004 4208 contemnere.

608 4240 776 4299 Vens.
813 4245 867 4298 5.
903 4242 1107 4300 Caium
1156 4260 1367 4300 sursum
1410 4254 1460 4301 et
1508 4255 1652 4301 terra
1700 4247 1970 4312 deorsum,
2019 4264 2113 4303 cor

537 4347 719 4389 autem
752 4336 889 4407 regis
929 4336 1294 4392 inscrutabile.
1335 4336 1802 4404 Quemadmodum
1838 4339 1999 4393 nobis
2026 4347 2112 4393 est

536 4429 1115 4501 incomprehensibilis
1149 4431 1272 4486 θεοΙί
1317 4431 1548 4485 altitudo
1590 4438 1645 4486 et
1686 4439 1849 4486 terra?
1882 4431 2112 4501 profun-

2265 2042 2363 2097 λδν.
2431 2042 2574 2095 Ἐὰν
2631 2041 2702 2095 δὲ
2756 2042 2933 2096 τοῦτο
2974 2039 3189 2109 ποιῇς,
3240 2040 3371 2108 ἥξει
3418 2056 3786 2109 προπορευοο

2192 2133 2347 2203 μόνη
2398 2134 2437 2202 ἡ
2475 2134 2653 2186 πενία
2697 2147 2853 2187 σου’
2918 2133 3017 2186 καὶ
3047 2134 3084 2200 ἡ
3128 2131 3331 2187 ἔνδεια
3384 2148 3527 2199 σου,
3583 2132 3787 2200 ὥσπερ

2197 2225 2422 2296 ἀγαθὸς
2457 2225 2730 2295 ὃρομεύς.
2773 2224 2947 2296 Εἴπερ
2978 2225 3034 2279 δέ
3063 2224 3236 2278 ταῦτα
3273 2228 3469 2290 ποιεῖς,
3501 2226 3787 2296 ἄνθρωπε,

2202 2318 2291 2371 ἵνα
2320 2316 2523 2386 ἐλέγξω
2545 2318 2707 2382 αὐτὸς
2745 2318 2959 2383 ἑαυτὸν,
2985 2316 3265 2371 ἐλεύσεται
3299 2318 3391 2371 ἐπὶ
3421 2319 3482 2371 σὲ
3517 2318 3787 2387 παντελὴς

2200 2411 2404 2482 ἀπορία
2426 2410 2524 2465 τοῦ
2555 2411 2789 2465 πλούτου
2815 2412 2913 2479 τῆς
2946 2410 3151 2483 ἀρετῆς
3172 2427 3189 2443 ο
3234 2410 3669 2481 προοδοποιοῦσά
3708 2427 3787 2463 σοι

2202 2504 2300 2575 τὴν
2320 2503 2619 2559 ἀπώλειανο
2674 2505 2769 2558 καὶ
2809 2504 3027 2557 ἀτέλεια
3075 2504 3174 2574 τῆς
3227 2503 3337 2557 τῶν
3365 2503 3529 2556 θείων
3559 2502 3787 2556 ἐντολῶν

2203 2595 2480 2665 γνώσεως,
2505 2595 2594 2648 διὰ
2627 2596 2726 2666 τὴν
2753 2595 3028 2666 ἀπραξίαν
3054 2594 3253 2661 αὐτῶν,
3279 2594 3534 2666 καθάπερ
3566 2612 3650 2657 τις
3673 2594 3788 2665 δρο-

2209 2688 2343 2757 μεὺς
2376 2686 2701 2757 ταχύτατος.

2779 2778 3029 2831 ΚΕΦΑΛ.
3074 2776 3203 2831 κε’.

2276 2870 2347 2925 α’.
2387 2867 2573 2927 Αὗται
2606 2872 2668 2925 al
2711 2870 2972 2925 παιδεῖαι
3005 2868 3393 2940 Σολομῶντος
3428 2870 3488 2923 al
3526 2868 3785 2935 ἀδιάκρι-

2208 2979 2329 3028 τοι,
2360 2963 2435 3028 ἀς
2454 2963 2867 3032 ἐξεγράψαηο
2900 2966 2955 3017 ol
2979 2964 3144 3031 φίλοι
3182 2960 3442 3022 Ἐζεκίου
3472 2958 3581 3014 τοῦ
3602 2961 3785 3025 βασι-

2208 3052 2361 3117 λέως
2388 3052 2497 3121 τῆς
2532 3053 2834 3119 Ἰουδαίας.
2878 3053 2944 3104 Ai
2994 3050 3269 3121 παροῦσαι
3310 3048 3583 3104 νουθεσίαι
3628 3049 3786 3101 Σολο-

2215 3143 2421 3213 μῶντός
2446 3146 2605 3206 εἰσιν,
2635 3147 2690 3198 αῖ
2723 3143 2915 3215 πρώην
2947 3144 3023 3205 ὠς
3053 3142 3479 3213 διεσπαρμέναι,
3510 3142 3625 3203 τοῖς
3659 3139 3786 3192 πολ-

2210 3236 2322 3300 λοῖς
2373 3236 2732 3305 ἁδιάγνωστοι
2756 3252 2769 3265 ·
2813 3235 2877 3299 ἃς
2923 3233 3310 3305 συλλεξάμενοι
3372 3232 3508 3304 μετὰ
3561 3232 3790 3287 θάνατον

2210 3329 2372 3383 αὑτοῦ
2399 3371 2413 3395 ,
2444 3332 2493 3383 οἱ
2528 3331 2658 3401 περὶ
2687 3330 2787 3400 τὴν
2821 3328 3052 3399 μελέτην
3080 3327 3192 3380 τῶν
3237 3326 3403 3380 θείων
3437 3327 3789 3397 ἐσχολακότες

2209 3421 2463 3493 Γραφῶν,
2488 3423 2583 3474 καὶ
2608 3420 2700 3474 διὰ
2727 3420 2889 3474 τοῦτο
2918 3419 3173 3489 συνήθεις
3203 3419 3281 3489 τῷ
3318 3420 3530 3490 βασιλεί
3561 3418 3659 3489 τῆς
3686 3419 3791 3471 τῶν

2222 3513 2488 3567 Ἰουδαίων
2519 3511 2705 3584 χώρας
2737 3512 2976 3584 Ἐζεκίᾳ,
3007 3516 3074 3583 τῇ
3108 3512 3215 3566 τῶν
3256 3512 3579 3584 Παροιμιῶν
3628 3511 3790 3583 βίϐλῳ

2209 3605 2516 3659 τελευταῖον
2550 3603 2943 3673 ἐγκατέταξαν.

2284 3696 2349 3766 β’.
2385 3697 2538 3761 Δόξα
2555 3695 2702 3751 Θεοῦ
2722 3696 2965 3763 κρύπτει
2979 3695 3166 3764 λόγον
3182 3711 3196 3725 ·
3222 3693 3374 3759 δόξα
3393 3692 3461 3747 δὲ
3484 3692 3791 3761 βασιλέως

2210 3787 2350 3857 τιμᾷ
2375 3788 2822 3858 προστάγματα.
2854 3788 2922 3840 'H
2950 3787 3044 3841 τοῦ
3067 3786 3204 3839 Θεοῦ
3231 3786 3378 3853 δόξα,
3404 3787 3480 3849 ὼς
3504 3786 3603 3855 μὲν
3626 3786 3792 3855 ὑπερ-

2209 3881 2415 3946 ουσίου,
2446 3879 2727 3951 ἀφραστός
2756 3880 2874 3932 ἐστι
2917 3877 3005 3931 διὰ
3053 3878 3115 3931 τὸ
3161 3877 3326 3931 αὐτοῦ
3361 3878 3747 3946 ἀκατάληπτον
3771 3892 3786 3907 ο

2209 3973 2286 4036 ὼς
2334 3972 2394 4026 δέ
2438 3973 2658 4025 πάντων
2685 3969 3058 4035 δεσπόζοντος,
3090 3970 3272 4022 πείθει
3324 3968 3645 4039 πειθαρχεῖν
3674 3971 3793 4031 ταῖς

2212 4065 2376 4120 αὑτοῦ
2419 4065 2683 4129 ἐντολαῖς,
2719 4062 2808 4116 διὰ
2844 4063 2937 4115 τὸν
2983 4061 3151 4116 αὑτοῦ
3184 4061 3367 4130 φόϐον,
3405 4060 3501 4113 καὶ
3551 4059 3627 4131 μὴ
3672 4060 3793 4130 περὶ

2211 4159 2413 4219 ταύτας
2451 4156 2755 4209 διακεῖσθαι
2792 4152 3306 4227 καταφρονητικῶς.

2282 4248 2350 4317 Υ.
2394 4248 2678 4316 Οὐρανὸς,
2702 4246 2974 4315 ὑψηλός·
3000 4244 3076 4315 γῆ
3105 4245 3192 4308 δὲ,
3218 4244 3435 4309 βαθεῖα
3455 4260 3469 4276 ·
3495 4242 3710 4311 καρδία
3731 4241 3796 4295 δὲ

2206 4338 2549 4404 βασιλέως,
2616 4336 3071 4404 ἀνεξέλεγκτος.
3127 4336 3340 4405 Ὠσπερ
3410 4333 3795 4402 ἀκατάληπτον

2213 4434 2348 4501 ἡμῖν
2384 4430 2447 4484 τό
2481 4447 2540 4483 τε
2580 4428 2713 4499 ὕψος
2745 4428 2839 4482 τοῦ
2863 4430 2923 4481 οὐ
2935 4427 3121 4499 ρανοῦ,
3145 4428 3240 4480 καὶ
3264 4427 3324 4480 τὸ
3353 4425 3519 4496 βάθος
3548 4425 3648 4495 τῆς
3670 4425 3793 4493 γῆς.

537 4524 702 4588 dum,
750 4525 833 4580 sic
879 4523 1362 4579 indiscrimiuatitn
1414 4522 1595 4587 Deus,
1640 4533 1828 4593 utpote
1875 4524 1966 4594 qui
2011 4539 2104 4579 nec

2213 4521 2356 4576 οὕτω
2390 4522 2483 4574 καὶ
2511 4521 2572 4574 τὸ
2597 4520 2740 4573 θεῖον
2771 4519 3117 4591 ἀσυγκρίτως
3138 4560 3152 4581 ,
3195 4518 3270 4581 ὡς
3315 4516 3553 4586 ἆναρχόν
3598 4532 3659 4568 τε
3706 4515 3796 4568 καὶ

539 4615 757 4669 initium
784 4631 884 4670 nec
905 4616 1065 4669 linem
1089 4614 1441 4670 habet.Circa
1466 4625 1648 4671 autem
1675 4616 1897 4669 modum
1912 4615 2111 4670 futura:

539 4715 741 4764 nostra;
788 4722 885 4778 per
928 4708 1161 4779 gratiam
1215 4707 1603 4770 deiﬁcationis,
1643 4708 1939 4763 consilium
1993 4708 2108 4774 Dei,

538 4801 786 4854 omnium
822 4800 1058 4867 Domini,
1098 4800 1253 4856 nobis
1282 4801 1463 4855 adhuc
1496 4802 1770 4856 occultum
1806 4810 1890 4857 est
1920 4820 1933 4854 :
1965 4803 2108 4872 quod

535 4889 781 4947 Joannes
826 4891 1158 4961 evangelista
1198 4891 1497 4947 ostendens
1530 4891 1691 4957 dixit,
1728 4891 1980 4947 Nondum
2013 4910 2113 4963 ap-

539 4985 725 5055 paruit
754 4982 884 5054 quid
919 4984 1145 5040 erimus.

611 5076 777 5131 Vsus.
820 5075 876 5130 4.
919 5072 1146 5130 Pereute
1171 5085 1449 5147 argentum
1481 5077 1859 5146 improbatum,
1892 5088 1940 5130 et
1962 5094 2114 5130 mun-

538 5171 759 5225 dabitur
815 5170 1067 5225 mundum
1127 5179 1319 5225 totum.
1377 5170 1527 5225 Tolle
1581 5171 1945 5241 cogitationes
2003 5167 2115 5222 Deo

540 5263 841 5332 injurinsas
902 5263 1211 5318 ab-anima
1273 5272 1365 5319 tua
1425 5262 1713 5319 Dominico
1792 5264 2116 5319 charactere

542 5362 834 5425 honorata,
883 5367 940 5414 et
983 5360 1297 5415 intellectus
1335 5359 1457 5429 ejus
1498 5360 1549 5414 in
1584 5372 1694 5427 quo
1731 5358 2115 5413 universorum

541 5449 827 5515 Dominus,
864 5450 1007 5506 Deus
1050 5451 1204 5522 quasi
1259 5451 1458 5505 throno
1505 5450 1741 5520 quodam
1798 5448 2115 5518 requiescit,

442 5537 446 5541 ’
538 5542 612 5596 ob
664 5541 1079 5597 similitudinem
1136 5542 1339 5597 bonum
1397 5542 1749 5613 operabitur,
1803 5556 1909 5595 non
1967 5540 2119 5609 cogi-

543 5632 715 5686 tando
742 5632 884 5701 quod
915 5635 1155 5705 COgitare
1189 5650 1297 5691 non
1332 5642 1567 5705 oportet,
1600 5649 1776 5704 neque
1808 5648 1901 5703 per
1942 5632 2118 5686 virtu-

541 5726 620 5779 tis
652 5724 946 5788 defectum,
988 5741 1164 5798 nequc
1210 5742 1305 5799 per
1345 5741 1668 5793 excessum;
1715 5725 1807 5782 sed
1852 5724 2119 5796 sapiendo

552 5814 622 5871 ad
654 5816 1028 5875 sobrietatem.

2214 4616 2601 4686 ἀτελεύτητον·
2652 4617 2685 4685 ἡ
2730 4614 2787 4668 δὲ
2816 4616 2947 4685 περὶ
2975 4615 3069 4668 τὸν
3097 4615 3300 4686 τρόπον
3341 4613 3441 4683 τῆς
3493 4611 3796 4682 μελλούσης

2213 4709 2355 4763 κατὰ
2374 4708 2535 4778 χάριν
2558 4706 2809 4769 θεώσεως
2829 4705 3007 4777 ἡμῶν,
3029 4706 3195 4775 βουλὴ
3218 4704 3385 4758 αὐτοῦ
3409 4702 3506 4756 τοῦ
3524 4702 3793 4755 Δεσπότου

2212 4798 2321 4852 τῶν
2349 4797 2487 4852 ὅλων
2510 4797 2669 4862 Θεοῦ,
2706 4797 2784 4850 ἔτι
2813 4798 2960 4850 ἐστὶν
3010 4799 3142 4865 ἡμῖν
3188 4796 3405 4866 ἀφανής
3428 4812 3445 4827 ο
3479 4794 3617 4864 ὅπερ
3648 4792 3743 4846 καὶ
3767 4792 3797 4843 ὁ

2213 4890 2602 4959 εύαγγελιστὴς
2638 4889 2896 4959 Ἰωάννης
2938 4888 3150 4958 δηλῶν,
3202 4888 3446 4958 εἴρηκεν,
3480 4887 3561 4939 ὅτι
3629 4884 3794 4938 Οὔπω

2215 4979 2537 5052 ἐφανερώθη
2574 4981 2628 5032 τί
2673 4980 2937 5050 ἐσόμεθα.

2284 5072 2345 5126 δ’.
2386 5075 2623 5141 Κρύπτε
2648 5072 2941 5142 ἀδόκιμον
2969 5072 3275 5141 ἀργύριον,
3308 5070 3404 5123 καὶ
3435 5066 3796 5135 καθαρισθή-

2216 5181 2388 5220 σεται
2437 5166 2702 5233 καθαρὸν
2740 5165 2924 5221 ἅπαν.
2964 5163 3220 5234 Ἀφάνιζε
3263 5163 3390 5224 τοὺς
3425 5161 3500 5233 μὴ
3525 5159 3795 5229 τιμῶντας

2217 5259 2351 5310 Θεὸν
2383 5257 2698 5327 λογισμοὺς,
2728 5256 2837 5310 ἀπὸ
2875 5256 2977 5327 τῆς
3022 5254 3102 5326 τῷ
3135 5250 3450 5321 Δεσποτικῴ
3486 5248 3795 5320 χαρακτῆρι

2218 5350 2587 5420 τετιμημένης
2617 5348 2800 5419 ψυχῆς
2830 5364 2946 5411 σου,
2973 5348 3066 5401 καὶ
3100 5346 3162 5400 τὺ
3193 5345 3382 5415 νοερὸν
3413 5340 3643 5412 ταύτης,
3671 5341 3729 5392 ἐν
3751 5331 3798 5405 ᾧ

2222 5441 2382 5504 αὐτὸς
2411 5442 2438 5493 ὁ
2463 5440 2572 5493 τῶν
2604 5440 2741 5493 ὅλων
2767 5439 3051 5511 Δεσπότης
3085 5430 3344 5499 Θεὸς,οἶά
3371 5451 3476 5487 τινι
3503 5432 3681 5503 θρόνῳ
3704 5432 3796 5482 ἐπ-

2220 5532 2583 5598 αναπαύεται,
2612 5532 2734 5587 καθ’
2757 5532 3019 5603 ὁμοίωσιν
3043 5530 3234 5585 τούτου
3265 5528 3558 5600 ἐργάσεται
3582 5524 3644 5577 τὸ
3665 5524 3797 5591 ἀγα-

2221 5628 2313 5683 θὸν
2344 5629 2401 5682 ἐν
2426 5626 2504 5697 τῷ
2532 5627 2606 5699 μὴ
2630 5628 2848 5698 φρονεῖν
2881 5624 3010 5696 παρ’
3039 5624 3067 5677 δ
3098 5624 3177 5677 δεῖ
3212 5622 3448 5691 φρονεῖν,
3481 5615 3604 5671 κατ’
3628 5616 3796 5669 ἐλλει-

2219 5721 2313 5790 ψιν
2365 5723 2586 5782 πάντως
2636 5720 2733 5789 τῆς
2779 5717 3004 5788 ἀρετῆς,
3047 5715 3081 5786 ἢ
3119 5712 3242 5769 καθ’
3268 5709 3616 5782 ύπερδολήνο
3666 5705 3795 5767 ἀλλὰ

2227 5814 2445 5885 φρονεῖν
2483 5814 2561 5875 είς
2599 5812 2660 5865 τὸ
2700 5813 3021 5883 σωφρονεῖν.
