3958 6500
221 358 361 426 M73

1186 356 1718 420 COMMENTARII
1752 356 1833 417 IN
1877 357 2335 424 PROVERBIA.

3342 374 3476 442 1474

290 495 317 531 ε
351 477 415 543 ζ’.
458 475 551 543 Μὴ
598 476 961 539 ἁλαζονεύου
1009 474 1268 530 ἐνώπιον
1282 474 1590 541 ,βασιλέως
1611 515 1627 538 ,
1652 472 1782 545 μηδι

1977 473 2138 527 Vens.
2176 474 2290 530 5-7.
2324 475 2409 532 Ne
2463 478 2695 549 gloriose
2744 491 2793 538 te
2840 494 3067 541 ostentes
3116 504 3297 541 coram
3338 506 3475 560 rege.

210 572 285 626 ἐν
335 572 543 636 τόποις
590 568 911 623 δυναστῶν
956 570 1293 637 ιὶιερίστασο⁹
1338 569 1631 637 κρεῖσσον
1682 568 1795 638 γάρ

210 678 315 716 σοι
338 664 405 716 τὸ
425 660 713 730 ῥηθῆναι,
735 660 1036 715 Ἀνὰὄαινε
1061 661 1212 729 πρός
1231 678 1329 730 με,
1357 662 1394 729 ἢ
1428 662 1796 716 ταπεινῶσαι

211 773 290 810 σε
322 756 391 808 ἐν
422 753 719 822 προσώπῳ
747 752 1075 808 δυνάστου.
1120 755 1211 823 Μὴ
1242 755 1353 807 οἵου
1388 756 1611 807 σεαυτὸν
1640 753 1797 817 ἀξίας

208 845 360 907 τινὸς
390 846 562 910 ἀξιον,
598 844 706 913 πρὸ
749 845 843 897 τοῦ
875 843 1176 914 ἀξιωθῆναι
1208 846 1412 914 ταύτης
1443 845 1593 915 παρά
1618 844 1754 897 Θεοῦ
1776 860 1791 876 ο

213 938 341 1008 μηδ’
369 937 623 1007 ἐπίτρεχε
652 938 871 1006 ἀρχαῖς,
898 937 1272 1009 ἁρμοζούσαις
1292 937 1519 1009 ἀνδράσι
1551 936 1795 990 καθυπο-

208 1031 468 1084 τάττουσι
495 1030 572 1099 τῷ
600 1031 914 1099 φρονήματι
944 1031 1041 1083 τοῦ
1073 1030 1385 1102 πνεύματος
1404 1074 1419 1097 ,
1451 1031 1514 1083 τὸ
1537 1032 1796 1101 φρόνημα

205 1125 313 1194 τῆς
346 1124 552 1194 σαρκός
570 1140 584 1155 ο
618 1123 839 1176 κάλλιον
865 1123 975 1193 γάρ
1004 1125 1120 1177 ἐστι
1149 1124 1680 1194 ταπεινοφρονοῦντά
1710 1141 1792 1188 σε,

208 1217 311 1269 καὶ
364 1214 583 1280 ἀνάξιον
635 1215 827 1268 ἑαυτὸν
873 1215 1130 1285 κρίνοντα
1179 1217 1359 1287 πάσης
1412 1217 1607 1286 ἀρχῆς,
1658 1216 1796 1286 πρὸς

206 1307 421 1378 ταύτην
454 1307 723 1378 κληθῆναι
754 1326 826 1361 πα
836 1307 907 1377 ρὰ
934 1306 1091 1371 Θεοῦ,
1118 1308 1150 1379 ῆ
1187 1309 1565 1378 ἐπιτρέχοντα,
1590 1307 1793 1377 ταύτης

206 1400 591 1472 ἀπορριφῆναι
607 1415 620 1429 ο
647 1398 833 1469 ἐτέρου
855 1400 987 1469 παρ’
1010 1399 1173 1453 αὐτοῦ
1201 1400 1634 1471 προσκληθέντος
1654 1400 1794 1470 πρὸς

206 1492 441 1562 ταύτην,
481 1489 574 1543 τοῦ
616 1491 881 1562 πρότερον
920 1490 1183 1562 ἄρξαντος
1222 1493 1435 1547 ἑαυτοῦ.

289 1586 355 1639 Ἀ
394 1580 559 1638 εἶδον
594 1586 648 1639 οἱ
683 1585 979 1653 ὀφθαλμοί
1002 1601 1141 1647 σου,
1170 1585 1327 1653 λέγε.
1361 1585 1540 1655 Ἀπερ
1563 1586 1621 1641 αἱ
1654 1584 1791 1640 θεω-

208 1677 437 1747 ρητικαί
460 1693 553 1729 σου
574 1676 837 1746 δυνάμεις
858 1678 1162 1732 κατέλαϐον
1182 1678 1301 1733 θεῖα
1328 1679 1632 1750 θελήματα,
1656 1680 1763 1734 καθ
1779 1678 1793 1699 ’

204 1770 245 1824 ἃ
295 1768 365 1823 τά
408 1770 583 1824 πάντα
627 1770 906 1840 γεγόνασι,
940 1771 1123 1840 λόγοις
1155 1789 1217 1825 τε
1245 1773 1339 1826 καὶ
1368 1772 1554 1845 ἔργοις
1583 1773 1787 1837 αὐτοῖς,

203 1861 452 1915 δίδασκε.

284 1949 407 2023 η-ι’.
449 1952 543 2020 Μὴ
588 1952 928 2021 πρόσπιπτε
957 1956 1043 2020 εὶς
1064 1954 1271 2024 μάχην
1296 1956 1541 2026 ταχέως,
1570 1957 1672 2011 ἵνα
1704 1960 1790 2025 μὴ

195 2045 628 2115 μπαμεληθῇς
652 2047 745 2099 ἐπ’
766 2046 1041 2116 ἐσχάτων
1058 2066 1073 2081 ο
1107 2046 1289 2115 ἡνίκα
1311 2050 1390 2102 ἄν
1418 2065 1493 2103 σε
1518 2049 1791 2118 ὀνειδίσῃ

202 2140 245 2193 ὁ
284 2140 464 2208 φίλος
493 2155 611 2194 σου
631 2178 646 2201 ,
673 2140 965 2208 ἀναχώρει
994 2143 1081 2208 εις
1120 2143 1192 2196 τὰ
1219 2142 1413 2203 ὀπίσω
1435 2159 1449 2173 '
1482 2142 1567 2212 μὴ
1611 2160 1791 2196 κατα-

201 2230 437 2298 φρόνει,
461 2231 545 2299 μή
582 2246 656 2284 σε
685 2230 953 2300 ὀνειδίσῃ
981 2232 1099 2301 μὲν
1133 2236 1167 2288 ὀ
1206 2235 1405 2302 φίλος,
1436 2234 1473 2301 ἡ
1519 2235 1588 2287 δὲ
1624 2234 1789 2304 μάχη

203 2337 328 2375 σου
350 2322 446 2377 καὶ
484 2323 521 2389 ἡ
552 2324 738 2393 ἔχθρα
766 2326 879 2379 οὐκ
902 2325 1181 2389 ἀπέσται,
1198 2327 1337 2381 ἀλλ’
1359 2328 1528 2381 ἔσται
1555 2343 1653 2381 σοι
1682 2328 1788 2396 ἴση

202 2413 463 2480 θανάτῳ.
504 2414 596 2485 Μὴ
627 2416 1032 2485 ἀσυλλογίστως
1059 2418 1207 2489 ὅρμα
1233 2418 1369 2489 πρὸς
1398 2418 1617 2489 ἔχθραν,
1641 2419 1786 2483 ὅπως

205 2505 287 2574 μὴ
315 2504 494 2576 ἐαυτῷ
531 2505 825 2579 ἐπιμέμφῃ
856 2507 914 2570 ἐς
941 2506 1201 2579 ὕστερον⁸
1233 2508 1348 2562 ἀλλ’
1370 2510 1501 2563 ὅταν
1549 2510 1641 2562 ἐπί
1681 2528 1789 2564 τινι

200 2594 352 2664 λόγῳ
376 2594 409 2665 ἢ
430 2595 576 2667 ἔργῳ
604 2597 757 2665 φίλος
783 2615 864 2651 σοι
892 2598 1199 2669 μέμψηται,
1221 2598 1330 2654 ἀπὸ
1354 2601 1461 2653 τῶν
1488 2602 1788 2673 ἐπταισμέ-

200 2703 316 2740 νων
370 2705 450 2742 σοι
498 2688 713 2742 έκκλινε
760 2689 1253 2762 ἐξασφαλιζόμενος
1302 2694 1551 2760 σεαυτὸν,
1590 2696 1788 2765 μηκέτι

198 2781 323 2843 τοῖς
355 2779 564 2849 ὁμοίοις
593 2783 915 2851 περιπεσεῖν
936 2797 951 2811 ·
983 2784 1075 2835 καὶ
1120 2782 1193 2853 μὴ
1235 2782 1335 2853 τὴν
1362 2785 1497 2854 πρὸς
1533 2786 1625 2838 τὸν
1652 2786 1787 2858 πλη-

203 2870 326 2924 σίον
350 2871 572 2943 ἀγάπην
604 2872 802 2945 μικρὸν
831 2874 1064 2945 πρᾶγμα
1084 2875 1220 2945 ἡγοῦ
1242 2891 1258 2907 ο
1281 2876 1431 2937 ὅπως
1459 2876 1532 2947 μὴ
1567 2876 1787 2947 μέμψη-

199 2980 299 3019 ται
347 2964 445 3035 μέν
497 2982 579 3018 σοι
611 2965 808 3031 αὐτὸς,
834 2966 921 3035 ἐφ’
949 2961 992 3034 ᾧ
1025 2967 1100 3038 μὴ
1129 2967 1373 3039 διετέθης
1418 2969 1604 3030 καλῶς
1650 2970 1786 3041 πρὸς

201 3056 391 3119 αὐτὸν,
429 3057 463 3126 ἡ
507 3056 563 3109 δὲ
602 3056 829 3122 διένεξις
852 3058 946 3113 καὶ
970 3058 1031 3111 τὸ
1067 3061 1244 3128 μῖσος,
1279 3060 1379 3113 οὐκ
1411 3061 1783 3133 ἀποστήσεται

200 3146 317 3199 ἀπὸ
356 3146 452 3201 σοῦ
475 3164 490 3180 ·
526 3147 662 3203 ἀλλὰ
691 3147 871 3219 ψυχῆς
904 3150 1118 3221 ὑπάρξῃ
1154 3168 1236 3204 σοι
1268 3151 1516 3215 Θάνατος.

274 3240 455 3309 Χάρις
484 3242 581 3296 καὶ
608 3242 783 3312 φιλία
814 3242 1153 3312 ἐλευθεροῖ·
1190 3243 1263 3311 ἅς
1293 3244 1565 3314 τήρησον
1602 3261 1786 3302 σεαυ-

199 3333 309 3399 τῷ,
361 3335 459 3386 ἵνα
492 3334 578 3403 μὴ
620 3334 1035 3401 ἐπονείδιστος
1079 3335 1258 3406 γένῃ·
1302 3337 1462 3391 aue
1508 3340 1788 3409 φύλαξον

202 3426 314 3489 τὰς
339 3425 519 3491 ὁδούς
550 3441 667 3481 σου
695 3427 1224 3495 εὐσυναλλάκτως.
1267 3428 1340 3482 Τὸ
1390 3433 1639 3501 χάρισμα
1686 3432 1782 3503 τῆς

202 3516 399 3585 σοφίας
429 3520 523 3571 καὶ
555 3519 588 3588 ἡ
613 3518 799 3590 ἀγάπη
818 3559 832 3583 ,
862 3519 1087 3588 ἀγνοίας
1117 3521 1518 3576 ἀπαλλάττουσι
1549 3525 1643 3577 καὶ
1681 3542 1783 3577 κα-

199 3608 367 3673 κίαςο
407 3608 472 3672 ἃς
505 3609 743 3679 φύλαξον
780 3610 927 3681 παρὰ
960 3611 1194 3683 σεαυτῷ,
1228 3613 1375 3677 ὅπως
1411 3614 1486 3686 μὴ
1534 3616 1784 3690 ὑπάρξῃς

200 3701 537 3772 κατάκριτος
561 3718 574 3731 ο
607 3702 744 3755 ἀλλὰ
775 3704 1038 3774 τήρησον,
1058 3704 1334 3773 ἄνθρωπε,
1360 3707 1457 3770 τὰς
1504 3708 1639 3778 πρὸς
1682 3708 1782 3780 τὴν

200 3792 398 3861 σοφίαν
428 3793 525 3847 καὶ
552 3793 650 3864 τὴν
693 3795 911 3863 ἀγάπην
959 3795 1301 3867 θεωρητικὰς
1334 3798 1429 3850 καὶ
1470 3800 1783 3869 πρακτικὰς

195 3885 430 3955 πορείας
463 3903 581 3951 σου,
613 3887 791 3951 καλῶς
820 3888 1077 3958 ἀλλήλαις
1098 3889 1209 3942 τῶν
1228 3890 1443 3944 οἰκείων
1468 3892 1781 3963 μεταδιδού-

196 3993 336 4039 σας·
376 3979 517 4031 αἰτεῖ
554 3978 654 4051 μὲν
686 3980 963 4051 πρακτικὴ
995 3981 1093 4052 τὴν
1119 3980 1478 4055 θεωρητικὴν,
1500 3984 1609 4037 τῶν
1640 3986 1781 4039 κατά

193 4068 405 4140 γνῶσιν
437 4070 611 4139 λόγων
634 4089 649 4102 ·
681 4072 715 4142 ἡ
742 4071 798 4123 δὲ
834 4071 1143 4144 θεωρητικὴ
1171 4075 1269 4145 τὴν
1300 4076 1611 4148 πρακτικὴν
1629 4118 1644 4141 ,
1670 4079 1779 4132 τῶν

194 4161 325 4215 κατ’
359 4162 558 4233 ἀρετὴν
582 4163 802 4234 τρόπων
822 4179 838 4195 ’
885 4164 1025 4217 ὥστε
1053 4163 1355 4235 ψυχοῦσθαι
1394 4167 1491 4236 μὲν
1518 4169 1618 4239 τὴν
1648 4170 1779 4239 ἀρε-

192 4254 298 4325 τὴν
330 4253 472 4307 κατά
501 4254 657 4323 λόγον
676 4270 690 4284 ·
727 4256 1109 4326 σωματοῦσθαι
1131 4258 1187 4311 δὲ
1207 4258 1298 4311 τὸν
1322 4258 1479 4327 λόγον
1506 4262 1628 4314 κατ’
1650 4262 1777 4332 ἀρε-

272 4360 321 4398 ν.

272 4360 321 4398 ν.

187 4344 365 4491 ﬂ)tat'.
404 4436 614 4505 Μῆλον
652 4439 928 4508 χρυσοῦν
960 4440 1030 4493 ἐν
1057 4442 1322 4510 ὀρμίσκφ
1356 4442 1633 4511 σαρδίου,
1672 4446 1773 4500 οὔ·

1898 579 2060 633 neque
2087 566 2143 619 in
2175 567 2304 621 locis
2331 571 2629 639 principum
2658 576 2892 631 steteris.
2919 576 3114 634 Helius
3146 590 3223 634 est
3248 582 3390 635 enim
3414 592 3473 634 ιιι

1896 658 2109 711 dicatur
2126 660 2241 722 tibi,
2258 661 2497 718 Ascende
2510 666 2579 717 ad
2596 681 2694 729 me,
2712 683 2867 736 ᾳκαιιι
2886 680 2943 722 ιιι
2972 670 3181 725 humilia
3193 674 3267 727 ris
3291 689 3473 727 coram

1894 748 2151 818 principe.
2204 749 2283 807 Ne
2341 764 2499 822 putes
2557 759 2906 827 temetipsum
2969 762 3150 831 aliqua
3207 762 3474 833 dignitate

1895 840 2147 910 dignum,
2179 844 2498 914 priusquam
2543 847 2635 901 illa
2674 849 2874 920 dignus
2904 866 2933 905 a
2964 853 3073 906 Deo
3116 855 3288 909 fueris
3318 855 3477 910 habi-

1898 941 2031 1000 tus;
2090 948 2269 1003 neque
2326 937 2620 1006 dignitates
2678 942 2894 1010 require
2951 959 3073 1011 quae
3139 948 3475 1001 conveniunt

1898 1023 2212 1080 hominibus
2270 1031 2555 1097 sapientia
2606 1033 2839 1102 spiritus
2903 1036 3087 1090 carnis
3149 1038 3472 1107 sapientiam

1896 1116 2419 1174 subordinantibns.
2456 1120 2647 1178 Melius
2688 1132 2774 1179 est
2823 1126 2968 1180 etaim
3018 1136 3071 1184 te
3120 1130 3471 1199 temetipsum

1897 1206 2280 1263 liumiliautem
2312 1218 2366 1265 et
2400 1211 2681 1279 indignum
2738 1217 2885 1269 Omni
2930 1218 3195 1287 dignitate
3234 1228 3285 1274 te
3324 1219 3475 1289 judi-

1896 1308 2115 1355 cantem
2153 1316 2183 1355 a
2224 1303 2338 1356 Deo
2383 1305 2449 1357 ad
2496 1304 2668 1374 ipsam
2719 1309 2903 1363 voeari
2946 1325 3111 1379 quam
3159 1322 3471 1367 currentem

1893 1389 1964 1442 ab
1992 1406 2057 1443 ea
2089 1391 2299 1461 repelli,
2322 1393 2450 1447 dum
2489 1396 2634 1450 alius
2667 1398 2761 1465 qui
2804 1398 2957 1467 prius
2998 1399 3326 1470 sibimetipsi
3368 1400 3473 1455 im-

1896 1486 2109 1552 peravit
2139 1485 2206 1537 ad
2238 1485 2387 1539 illam
2421 1498 2649 1542 vocatus
2687 1488 2866 1544 fuerit.

1967 1574 2101 1639 Quir:
2149 1576 2391 1631 uiderunt
2442 1580 2581 1633 oculi
2628 1582 2735 1647 tui,
2786 1581 2893 1635 dic.
2938 1582 3087 1649 Quas
3134 1585 3331 1639 animae
3368 1597 3473 1642 tua:

1894 1670 2249 1738 speculativa:
2300 1672 2594 1729 facultates
2622 1674 2839 1731 divinas
2881 1690 3246 1747 perceperunt
3274 1679 3473 1733 volun-

1892 1769 2057 1823 tates.
2092 1762 2296 1831 quibus
2324 1764 2511 1819 omnia
2550 1765 2694 1820 facta
2733 1775 2883 1832 sunt,
2912 1768 3096 1825 verbis
3123 1776 3179 1825 et
3206 1771 3470 1843 operibus

1822 1824 1864 1884 Β
1895 1853 2034 1923 ipsis
2059 1856 2351 1911 annuntia.

1966 1945 2131 2003 Vsus.
2174 1949 2327 2005 840.
2369 1948 2453 2005 Nc
2499 1968 2787 2021 procurras
2832 1954 2902 2007 ad
2937 1955 3179 2027 jurgittm
3222 1959 3364 2023 cito;
3411 1970 3468 2014 ut

1891 2055 1999 2094 non
2032 2050 2080 2094 te
2112 2044 2361 2109 paniteat
2417 2045 2471 2097 in
2519 2045 2821 2101 novissimis
2859 2062 2879 2099 :
2917 2047 3049 2103 Cum
3090 2059 3138 2104 te
3174 2052 3468 2118 exprobra-

1890 2131 2021 2185 verit
2056 2133 2259 2186 anticus
2294 2145 2436 2197 tuus,
2468 2135 2649 2190 recede
2677 2137 2733 2189 in
2763 2140 3083 2205 posteriora.
3120 2140 3202 2195 Ne
3231 2152 3469 2197 contem-

1891 2237 2012 2289 nas,
2056 2238 2121 2276 ne
2155 2232 2203 2277 te
2238 2225 2447 2295 quidem
2479 2226 2755 2294 exprobret
2789 2231 3014 2294 amicus,
3053 2232 3173 2284 rixa
3207 2243 3380 2287 autem
3413 2243 3465 2287 et

1890 2316 2187 2369 inimicitia:
2238 2334 2342 2371 non
2397 2317 2640 2383 aberant,
2690 2321 2782 2375 sed
2832 2333 2986 2377 erant
3039 2326 3137 2377 tibi
3187 2342 3349 2395 usque
3395 2326 3466 2381 ad

1890 2414 2133 2460 mortem.
2183 2405 2265 2461 Ne
2306 2408 2682 2478 imprudenter
2733 2413 2881 2467 irrue
2928 2415 2979 2467 in
3031 2414 3367 2478 inimicitias,
3404 2428 3466 2471 ut

1891 2509 1998 2549 non
2049 2504 2101 2549 te
2148 2497 2413 2565 paeniteat
2467 2497 2523 2551 in
2565 2501 2850 2554 extremis.
2903 2502 3009 2557 Sed
3050 2519 3178 2557 cum
3240 2505 3466 2559 verbum

1890 2597 1984 2641 aut
2018 2595 2198 2641 actum
2229 2589 2517 2657 quemdam
2551 2590 2648 2645 tibi
2679 2595 3089 2662 exprobraverit
3134 2597 3367 2662 amicus,
3398 2598 3467 2652 ab

1889 2681 1977 2736 his
2006 2696 2128 2751 qua:
2158 2684 2487 2739 commisisti
2534 2685 2749 2741 declina
2794 2688 3022 2744 ﬁrmans
3061 2706 3285 2761 gressus
3317 2701 3464 2757 tuos,

1890 2789 1959 2829 ne
2002 2775 2057 2828 in
2117 2776 2319 2829 similia
2376 2777 2610 2833 incidas.
2658 2778 2996 2836 Clmritatem
3048 2782 3103 2837 in
3153 2785 3464 2853 proximum

1889 2867 2165 2937 negotium
2210 2882 2438 2936 parvum
2480 2885 2549 2923 ne
2595 2880 2851 2939 reputes;
2895 2880 2953 2925 ut
3002 2888 3111 2928 non
3156 2890 3465 2946 conquera-

1886 2965 1980 3013 tur
2010 2960 2100 3013 ille
2134 2963 2279 3029 quod
2325 2960 2379 3014 in
2429 2960 2606 3030 ipsum
2645 2964 2787 3017 male
2826 2966 3034 3034 egeris;
3064 2966 3337 3021 dissensio
3363 2983 3463 3023 au-

1887 3058 1994 3106 tem
2025 3059 2080 3105 et
2113 3051 2295 3106 odium
2326 3066 2356 3106 a
2388 3059 2442 3107 te
2472 3067 2577 3106 non
2610 3053 2900 3121 recedent;
2940 3055 3036 3110 sed
3078 3071 3227 3110 mors
3267 3059 3465 3114 animae

1810 3164 1854 3224 ο
1888 3151 1941 3199 te
1970 3143 2234 3200 manebit.

1959 3234 2149 3291 Gratia
2188 3243 2239 3291 et
2285 3235 2527 3290 amicitia
2586 3234 2861 3291 liberant:
2892 3237 2988 3291 has
3036 3238 3132 3292 tibi
3189 3255 3339 3295 serva
3399 3258 3464 3298 ne

1886 3329 2137 3398 reprobus
2198 3330 2301 3398 ﬁas
2353 3344 2373 3382 :
2427 3328 2519 3383 sed
2566 3331 2775 3383 custodi
2822 3331 2935 3384 vias
2985 3340 3105 3385 tius
3151 3334 3459 3402 composite.

1884 3420 2098 3475 Donum
2138 3421 2427 3492 sapientiae
2457 3429 2512 3475 et
2548 3421 2792 3476 cbaritas
2838 3422 2906 3477 ab
2954 3424 3263 3493 ignorantia
3306 3440 3463 3481 aver-

1885 3521 2005 3567 tunt
2029 3523 2081 3568 et
2118 3529 2147 3567 a
2178 3512 2421 3579 malitia;
2452 3512 2552 3569 has
2581 3513 2679 3569 tibi
2711 3528 2871 3570 serva
2910 3530 2977 3569 ne
3006 3518 3084 3571 sis
3122 3516 3414 3572 damnatus
3441 3534 3459 3585 ;

1882 3608 1976 3661 sed
2014 3607 2253 3674 custodi,
2280 3621 2317 3663 ο
2354 3605 2542 3674 homo,
2585 3607 2653 3663 ad
2686 3608 3013 3678 sapientiam
3047 3617 3102 3663 et
3132 3610 3458 3666 charitatem

1881 3698 2253 3769 Speculativas
2282 3714 2347 3755 ac
2376 3701 2653 3771 practicas
2681 3701 2800 3755 vias
2829 3700 2934 3755 sibi
2972 3700 3203 3755 invicem
3238 3703 3460 3772 propria

1882 3789 2201 3862 largientes.
2249 3790 2443 3848 Praxis
2486 3793 2635 3847 enim
2681 3792 2951 3848 theoriam
3001 3792 3233 3864 requirit
3265 3795 3332 3849 ad
3362 3810 3460 3849 co-

1879 3885 2230 3953 gnoscendas
2282 3886 2559 3949 rationes;
2608 3885 2821 3940 theoria
2878 3895 3060 3939 autem
3120 3886 3331 3956 praxim
3388 3887 3457 3942 ad

1880 3976 2135 4032 instituta
2168 3977 2437 4031 virtutum
2480 3977 2754 4047 operauda
2786 3977 2902 4032 :ita
2944 3988 3001 4032 ut
3037 3978 3213 4034 virtus
3255 3994 3457 4035 secun-

1878 4070 2008 4124 dmu
2041 4071 2309 4124 rationem
2340 4070 2498 4141 quasi
2529 4070 2736 4133 anima,
2768 4072 2907 4127 ratio
2943 4080 3124 4126 autem
3153 4074 3456 4128 secundum

1881 4163 2137 4218 virtutem
2173 4161 2337 4218 veluti
2369 4177 2604 4233 corpore
2639 4162 2926 4217 induatur.

1946 4430 2113 4485 Vsus.
2158 4431 2241 4486 Η.
2286 4429 2440 4484 Mala
2472 4446 2635 4483 aurea
2674 4430 2728 4484 in
2768 4430 2954 4483 monili
2985 4430 3157 4484 sardii
3186 4471 3201 4496 ,
3242 4431 3333 4502 qui
3366 4432 3452 4487 lo-

192 4546 313 4595 τως
338 4530 528 4583 εἰπεῖν
550 4532 739 4599 λόγον
770 4529 889 4603 [ἐπὶ
919 4532 1278 4601 ἀρμόζουσιν
1314 4534 1517 4608 αὐτῷ].
1555 4537 1642 4600 Ὠς
1668 4537 1775 4609 μῆ-

1893 4526 2061 4593 {uitur
2090 4524 2302 4578 verbum
2329 4525 2382 4576 in
2410 4534 2640 4591 tempore
2660 4538 2777 4575 suo.
2819 4522 3293 4587 Quemadmodum
3326 4539 3449 4580 Ina-

192 4620 291 4674 λον
337 4620 595 4691 χρυσοῦν,
624 4622 913 4694 ἐμπρέπον
964 4625 1373 4696 περιτραχηλίῳ
1421 4627 1631 4699 κόσμῳ,
1666 4630 1775 4683 άπὸ

193 4709 351 4762 λίθου
381 4710 620 4779 σαρδίου,
652 4710 828 4776 οὕτως
870 4713 932 4765 τὸ
966 4712 1194 4783 λαλῆσαι
1248 4713 1406 4782 λόγον
1454 4716 1775 4775 διδάσκοντα

196 4803 468 4873 σωτήρια,
496 4804 773 4875 ἐμπρέπει
797 4804 874 4876 τῷ
896 4804 1139 4875 κοσμίως
1165 4804 1371 4875 βιοῦντι
1394 4810 1518 4861 κατ’
1535 4811 1736 4882 ἀρετήν
1755 4830 1770 4844 ο

191 4889 276 4960 τῷ
307 4890 407 4962 βίῳ
437 4891 546 4962 γὰρ
577 4894 605 4946 ὁ
632 4892 790 4960 λόγος
820 4892 1312 4965 συναρμοζόμενος,
1348 4895 1549 4966 πολλὴν
1575 4899 1775 4951 ἀποτε-

191 4983 280 5037 λιι
312 4985 412 5055 τὴν
452 4985 811 5057 ἐμπρέπειαν.

268 5076 354 5145 ιβ’.
400 5078 502 5142 Εἰς
553 5076 798 5131 ἐνώτιον
840 5078 1112 5146 χρυσοῦν
1147 5077 1399 5147 σάρδιον
1437 5082 1773 5148 πολυτελὲς

192 5165 454 5229 δέδεται.
492 5168 676 5237 λόγος
732 5172 953 5238 σοφίας
994 5173 1081 5237 εἰς
1118 5170 1379 5237 εὐήκοον
1406 5168 1537 5239 οὖς.
1575 5174 1661 5237 Ὠς
1692 5176 1772 5237 εἰς

192 5259 415 5313 ἐνώτιον
437 5259 671 5330 χρύσεον
696 5261 914 5330 σάρδιον
941 5261 1170 5327 δέδεται,
1205 5263 1483 5335 διαφόροις
1514 5265 1771 5336 χρώμασι

190 5350 618 5422 πεποικιλμένον
640 5392 655 5416 ,
687 5350 858 5413 οὕτως
888 5353 969 5416 εἰς
1006 5354 1175 5424 ἀκοὴν
1204 5357 1270 5425 τῇ
1302 5356 1583 5427 εὐπειθείᾳ
1613 5375 1770 5410 κεκο-

192 5443 503 5515 σμημένην,
532 5443 597 5496 δι’
621 5444 798 5514 ἔργων
824 5445 1159 5515 κεκράτηται
1189 5446 1420 5511 άληστος
1440 5487 1455 5509 ,
1492 5449 1520 5501 ὁ
1552 5448 1767 5503 πολυει-

188 5536 289 5607 δὴς
323 5539 437 5601 τοῖς
473 5537 696 5607 τρόποις
735 5536 846 5589 τῶν
884 5537 1095 5591 ἁοετῶν
1131 5537 1512 5603 διδασκαλικὸς
1550 5539 1727 5609 λόγος.

264 5725 353 5789 ιγ’.
380 5720 608 5787 Ὥσπερ
633 5718 843 5784 ἔξοδος
864 5719 1067 5787 χιόνος
1083 5718 1155 5772 ἐν
1171 5718 1375 5788 ἀμητῷ
1396 5720 1549 5773 κατὰ
1566 5720 1765 5790 καῦμα

188 5809 426 5879 ὠφελεῖ,
443 5809 629 5878 οὕτως
654 5810 907 5882 ἄγγελος
935 5810 1153 5878 πιστὸς
1173 5811 1298 5877 τοῖς
1324 5812 1761 5869 ἀποστειλασιν

1878 4617 1987 4670 Ιυιιι
2024 4630 2253 4671 aureum
2292 4615 2522 4684 pulchre
2569 4623 2791 4684 aptatur
2834 4614 2957 4668 colli
3026 4615 3314 4671 muliebris
3354 4631 3449 4671 or-

1877 4710 2027 4763 natui
2060 4724 2123 4762 ex
2172 4706 2353 4777 lapide
2393 4706 2600 4771 sardio,
2645 4706 2726 4760 sic
2756 4706 2903 4775 loqui
2935 4707 3157 4761 verbum
3182 4709 3449 4765 salutaria

1875 4800 2104 4865 docens,
2137 4801 2395 4856 convenit
2426 4801 2475 4855 ei
2517 4802 2611 4870 qui
2663 4799 2925 4856 decenter
2960 4802 3014 4855 in
3049 4802 3249 4857 virtute
3292 4816 3449 4857 com-

1875 4903 2141 4947 moratur.
2193 4893 2428 4948 Verbum
2471 4894 2616 4947 enim
2649 4892 2793 4963 quod
2826 4908 2950 4948 cum
2985 4895 3096 4948 vita
3132 4894 3446 4961 consentit,

1874 4986 2101 5040 multam
2141 4994 2365 5052 praestat
2409 4985 2876 5039 convenientiam.

1946 5075 2111 5131 Vsus.
2161 5076 2249 5130 l2.
2293 5074 2360 5129 In
2428 5092 2647 5129 auream
2707 5078 2948 5131 inaurcm
3001 5078 3163 5131 etiam
3229 5077 3446 5133 sardius

1871 5170 2137 5239 pretiosus
2157 5169 2378 5237 ligatur,
2399 5184 2570 5221 sermo
2591 5170 2803 5235 sapiens
2820 5167 2873 5221 in
2894 5184 3077 5220 aurem
3093 5166 3440 5221 obedientem.

1872 5260 2346 5326 Quemadmodum
2380 5260 2433 5313 in
2456 5274 2675 5313 auream
2698 5259 2945 5313 inaurem
2980 5259 3193 5331 legatur
3225 5259 3444 5315 sardius

1868 5352 2103 5407 diversis
2136 5352 2415 5407 coloribus
2450 5351 2761 5420 variegatus
2786 5389 2803 5415 ,
2841 5352 2923 5407 slc
2971 5350 3024 5404 in
3079 5365 3266 5406 aurem
3293 5352 3444 5407 doci-

1868 5445 2019 5500 litate
2069 5453 2341 5508 ornatam,
2380 5443 2565 5499 varius
2611 5444 2901 5513 multiplici
2945 5442 3119 5498 forma
3173 5445 3439 5500 virtutum

1866 5536 2191 5593 doctriualis
2218 5550 2399 5592 sermo
2437 5534 2715 5589 detinetur
2744 5550 2844 5605 per
2874 5550 3038 5606 opera
3088 5550 3198 5590 non
3235 5535 3443 5593 oblite-

1866 5630 2089 5686 randus.

1939 5719 2104 5776 Vens.
2150 5721 2235 5776 15.
2279 5718 2427 5775 Sicut
2457 5720 2631 5773 exitus
2668 5719 2802 5773 nivis
2842 5718 2897 5772 in
2926 5734 3093 5773 messe
3122 5732 3214 5787 per
3250 5726 3441 5771 testam

1866 5816 2109 5887 prodest,
2160 5817 2239 5873 sic
2269 5816 2487 5872 nuntius
2522 5813 2695 5884 ﬁdelis
2748 5814 2815 5870 iis
2863 5814 2953 5883 qui
2983 5814 3241 5868 miserunt
3273 5826 3391 5868 cum
3414 5827 3437 5867 :
