4054 6502
546 350 681 413 1475

1864 338 2213 400 PROCOPII
2251 339 2490 399 GAZ/EI

3654 333 3783 397 1476

538 467 747 520 animos
772 461 908 516 enim
949 475 1130 513 eorum
1162 459 1250 528 qui
1298 473 1357 511 eo
1383 465 1608 510 utuntur
1624 455 1801 523 juvat.
1833 452 2104 520 Quemad-

2213 455 2398 507 αὐτόν
2418 471 2431 485 ⁸
2465 451 2669 522 ψυχὰς
2696 452 2803 523 γὰρ
2827 452 2946 507 τῶν
2976 450 3296 520 χρωμένων
3326 447 3566 516 ὠφελεῖ.
3608 448 3791 501 Καθά-

540 558 762 612 modum
806 555 1037 625 frigidus
1099 553 1259 607 ﬂatus
1329 553 1422 618 qui
1494 566 1522 603 a
1596 552 1720 605 nive
1778 549 2111 619 quuescente

536 651 717 704 oritur
748 649 803 702 in
858 656 1105 715 tempore
1136 644 1333 700 messis
1366 644 1543 698 tabem
1570 658 1639 699 ex
1690 642 1822 698 solis
1856 641 2110 696 incendio

538 754 715 795 ortam
756 739 969 807 repellit
997 748 1052 792 et
1089 737 1295 806 spicam
1330 736 1525 797 nutrit.
1558 735 1638 789 sic
1692 733 1786 802 qui
1818 736 2111 787 intemera-

538 843 651 885 tam
687 837 870 886 servat
924 829 1314 899 pr0pltetarum
1349 835 1403 881 et
1461 826 1831 894 apostolorum
1873 825 2109 879 divinam

536 923 847 977 doctrinam
903 920 1272 991 (doctrinalis
1330 919 1559 989 sermo)
1599 959 1613 983 ,
1672 918 2108 972 voluntariarum

537 1016 900 1072 tentationum
938 1013 1133 1068 ardore
1167 1020 1321 1066 ustas
1359 1011 1532 1065 reiicit
1571 1011 1785 1065 animas
1817 1026 1940 1080 qua:
1970 1010 2113 1064 reci-

537 1106 697 1174 piunt
734 1105 885 1158 illum
910 1121 924 1167 ;
950 1116 1158 1172 easque
1191 1101 1246 1154 in
1276 1102 1633 1168 temperantia
1663 1109 1719 1156 et
1747 1116 2113 1171 perseveran-

537 1197 609 1249 tia
651 1194 961 1250 constituit.

528 1328 531 1331 .
612 1287 774 1343 Vens.
822 1288 910 1341 M.
953 1284 1138 1341 Nubes
1172 1295 1222 1340 et
1247 1296 1427 1339 ventus
1459 1294 1509 1339 et
1539 1285 1731 1353 pluvia:
1755 1285 2072 1339 clarissime
2094 1324 2108 1348 ,

534 1384 613 1436 sic
638 1383 726 1451 qui
770 1380 1031 1450 gloriatur
1054 1394 1210 1447 super
1239 1379 1379 1431 dono
1431 1378 1594 1447 falso.
1642 1377 2109 1443 Quemadmodum

539 1473 828 1543 impetuosi
850 1470 1306 1525 ventorumllatus
1331 1480 1386 1525 et
1411 1479 1538 1523 atrae
1556 1469 1731 1523 nubes
1746 1478 1801 1524 et
1828 1469 2114 1524 vehemen-

539 1567 764 1620 tissimae
793 1564 989 1633 pluviae
1016 1562 1274 1618 omnibus
1302 1572 1432 1616 sunt
1463 1560 1776 1625 manifesta,
1805 1561 1881 1614 ita
1920 1561 2013 1630 qui
2045 1558 2113 1613 de

538 1657 806 1712 bonorum
833 1657 1130 1710 collatione
1181 1655 1488 1724 gloriantur
1527 1652 1697 1718 falsa,
1762 1653 2109 1707 collationem

536 1750 687 1803 illam
729 1750 1014 1819 publicant
1060 1747 1127 1802 ad
1170 1761 1358 1800 auram
1394 1746 1712 1816 papularcm
1763 1746 2109 1814 captandam.

2213 564 2320 617 περ
2353 547 2461 599 ἀπὸ
2487 546 2801 615 τηκομένης
2826 546 3024 615 χιόνος,
3047 543 3222 613 ψύχον
3247 541 3611 613 ὲξερχόμενον
3637 542 3794 594 πνεῦ-

2216 654 2291 707 μα
2310 675 2326 701 ,
2354 637 2447 689 καὶ¹
2476 638 2532 689 ὲν
2564 634 2741 706 καιρῷ
2766 636 2962 705 θέρους
3001 632 3449 704 ἀποκρουόμενον
3482 631 3575 685 τὸν
3610 631 3675 684 ὲκ
3702 632 3795 700 τῆς

2210 728 2445 799 ἡλιακῆς
2474 726 2804 796 φλογώσεως
2842 725 3129 796 μαρασμὸν
3158 723 3347 795 τρέφει
3396 724 3488 776 τὸν
3532 722 3795 792 ἀσταχυν,

2211 818 2354 873 οὕτω
2387 820 2479 872 καὶ
2505 819 2535 871 ὁ
2566 817 3022 871 ἀνεπιϐούλευτον
3046 816 3233 885 τηρῶν
3260 814 3322 866 τὺ
3355 813 3462 867 τῶν
3497 811 3796 882 προφητῶν

2212 912 2306 965 καὶ
2332 910 2649 964 ἀποστόλων
2677 910 2819 963 θεῖον
2848 907 3220 978 παράγγελμα
3255 904 3686 977 [διδασκαλικὸς
3718 902 3800 955 λό-

2211 1004 2356 1077 γος],
2383 1005 2483 1067 τὰς
2502 1001 2842 1073 φλεγομένας
2859 999 2936 1071 τῷ
2966 998 3210 1052 καύσωνι
3238 998 3346 1052 τῶν
3380 997 3653 1051 ἑκουσίων
3684 1013 3796 1048 πει-

2215 1096 2439 1169 ρασμῶν
2469 1095 2647 1165 ψυχὰς
2670 1133 2685 1158 ,
2717 1091 3125 1162 ὑποδεχομένας
3151 1091 3316 1144 αὑτὸν
3342 1091 3651 1143 ἀνακτᾶται
3673 1106 3687 1118 ·
3718 1091 3796 1152 εἰς

2213 1189 2536 1261 ἐγκράτειαν
2575 1186 2669 1240 καὶ
2706 1184 2984 1255 ὑπομονὴν
3012 1183 3281 1255 στηρίζων
3319 1183 3510 1244 αὑτάς.

2285 1279 2364 1335 ιδ’.
2393 1281 2619 1343 Ὥσπερ
2641 1275 2846 1344 ἄνεμοι
2876 1274 2975 1328 καὶ
3004 1272 3155 1343 νέφη
3187 1273 3286 1327 καὶ
3310 1272 3473 1327 ὑετοὶ
3512 1271 3795 1341 ἐπιφανέ-

2211 1381 2443 1429 στατοι,
2480 1366 2669 1431 οὕτως
2700 1367 2755 1418 οἱ
2786 1365 3159 1432 καυχώμενοι
3200 1362 3299 1415 ἐπὶ
3346 1361 3515 1415 δόσει
3562 1361 3787 1429 ψευδεῖ.

2216 1459 2481 1529 Καθάπερ
2519 1459 2752 1529 σφοδραὶ
2781 1457 3001 1527 ἀνέμων
3031 1455 3213 1520 πνοαὶ,
3244 1454 3339 1508 καὶ
3374 1454 3510 1524 νέφη
3552 1454 3788 1524 ζοφώδη,

2216 1554 2308 1605 καὶ
2343 1550 2487 1605 ὑετοὶ
2535 1548 2937 1620 ραγδαιότατοι,
2970 1546 3078 1599 εἰσὶ
3121 1548 3233 1608 τοῖς
3284 1546 3416 1597 πᾶσι
3464 1544 3783 1615 κατάδηλαο

2212 1644 2353 1697 οὕτω
2386 1642 2482 1697 καὶ
2531 1644 2582 1694 οἱ
2628 1638 3102 1712 μεγαλαυχοῦντες
3133 1639 3225 1691 ἐπὶ
3257 1637 3543 1707 μεταδόσει
3576 1639 3789 1708 χρημα-

2213 1753 2321 1789 των
2353 1734 2430 1806 μὴ
2457 1733 2723 1805 γινομένῃ
2742 1773 2755 1798 ,
2782 1732 2868 1785 διὰ
2905 1730 3003 1801 τὴν
3031 1729 3169 1800 πρὸς
3210 1728 3537 1801 ἀνθρώπους
3572 1731 3789 1798 συμπά-

536 1838 802 1894 Homincs
832 1839 975 1894 enim
998 1838 1186 1892 volunt
1210 1838 1485 1907 decipere,
1508 1846 1562 1892 et
1590 1850 1700 1891 non
1733 1834 1842 1890 Deo
1867 1835 2103 1904 placere.

2214 1804 2366 1881 θειαν
2545 1804 2833 1896 μετάδοσιν
2866 1823 3071 1891 ταύτην
3106 1820 3523 1891 δημοσιεύουσιν
3547 1838 3561 1851 ο
3589 1820 3791 1892 ἀνθρώ.

605 2016 774 2074 Vsus.
825 2015 909 2071 l5.
953 2014 1020 2070 In
1066 2015 1474 2087 longanimitate
1530 2015 1858 2084 prosperitas
1907 2030 2108 2085 regum,

533 2108 717 2179 lingua
742 2116 922 2161 autem
968 2107 1147 2161 mollis
1172 2108 1399 2161 conterit
1423 2123 1571 2161 ossa.
1606 2105 1661 2159 in
1690 2105 1949 2174 patientia
1980 2119 2111 2173 pro-

533 2207 830 2268 sperantur
860 2198 952 2267 qui
997 2198 1256 2266 populum
1293 2204 1509 2265 regunt.
1552 2194 1657 2250 Per
1699 2196 1846 2249 illam
1885 2194 1989 2250 sibi
2016 2209 2112 2249 ac-

532 2292 760 2361 quirunt
800 2290 1177 2358 subjectorum
1205 2286 1665 2342 benevolentiam.
1698 2286 1941 2339 Prolatio
1965 2285 2109 2339 enim

534 2386 829 2439 verborum
865 2382 1042 2436 dulcis
1080 2380 1217 2435 dura
1248 2394 1398 2443 ossa,
1431 2388 1484 2433 et
1507 2392 1728 2434 severas
1768 2378 1966 2433 animae
1991 2376 2108 2432 dis-

537 2475 840 2543 positiones
873 2470 1169 2526 demulcet.

606 2647 774 2705 Vsus.
816 2646 1031 2701 16.Mel
1060 2647 1305 2700 invenisti
1327 2645 1354 2699 7
1381 2647 1591 2701 comede
1613 2646 1751 2715 quod
1776 2646 1960 2715 suﬂicit
1994 2646 2111 2711 tibi,

536 2758 600 2797 ne
646 2741 786 2810 forte
840 2740 1071 2793 satiatus
1121 2756 1330 2793 evomas
1383 2738 1539 2792 illud.
1599 2738 1693 2793 Dei
1740 2737 2112 2807 cognitionem

534 2835 683 2889 velut
709 2833 813 2886 mel
841 2831 1221 2887 dulcissimum
1255 2830 1511 2886 invenisti
1546 2830 1601 2883 in
1623 2829 1857 2900 eloquiis
1915 2828 2116 2883 divini-

535 2934 626 2979 tus
663 2922 952 2992 inspiratis
984 2938 997 2974 :
1033 2920 1137 2975 hac
1166 2920 1348 2975 fruere
1380 2919 1681 2975 seCundum
1721 2918 2016 2973 terminum
2061 2924 2116 2973 et

533 3030 848 3072 mensuram
881 3013 1143 3084 potentiae
1178 3013 1275 3067 tibi
1309 3013 1629 3067 inhaerentis
1658 3028 1672 3065 :
1730 3027 1799 3066 ne
1847 3010 2114 3065 immode-

2211 1937 2347 1983 πους
2387 1920 2624 1989 ἀπατᾷν,
2666 1918 2760 1971 καὶ
2800 1916 2862 1969 ού
2902 1915 3021 1985 Θεῷ
3061 1916 3320 1985 ἀρέσκειν
3360 1913 3700 1985 βουλόμενοι.

2280 2018 2363 2068 ιε’.
2400 2012 2502 2067 Ἐν
2525 2010 2905 2081 μακροθυμίᾳ
2959 2006 3165 2061 εὐοδία
3192 2007 3558 2071 βασιλεῦσι·
3599 2006 3792 2076 γλῶσ-

2211 2118 2291 2157 σα
2324 2103 2392 2157 δὲ
2417 2099 2666 2173 μαλακὴ
2736 2100 3040 2168 συντρίϐει
3067 2097 3238 2155 ὀστᾶ.
3276 2096 3363 2151 Ἐν
3390 2099 3713 2169 ἀνεξικακίᾳ
3745 2101 3792 2152 οἱ

2210 2196 2340 2251 λαοῦ
2395 2194 2840 2267 ἡγεμονεύοντες,
2872 2191 3219 2246 εύοδοῦνται’
3266 2191 3355 2244 διὰ
3401 2191 3607 2262 ταύτης
3663 2192 3793 2260 πρὸς

2212 2294 2437 2355 ἑαυτοὺς
2465 2291 2561 2362 τὴν
2592 2290 2686 2344 τοῦ
2718 2289 2959 2361 ὑπηκόου
2994 2287 3205 2342 εὔνοιαν
3233 2288 3640 2358 ἐπισπώμενοι·
3669 2305 3793 2357 προ-

2212 2386 2357 2457 φορά
2387 2386 2496 2456 γὰρ
2522 2385 2695 2451 λόγων
2728 2387 2930 2454 πραεῖα
2951 2424 2965 2448 ,
3004 2380 3419 2450 καταμαλάττει
3465 2381 3560 2434 καὶ
3602 2382 3702 2444 τὰς
3729 2380 3797 2431 δίο

2212 2494 2315 2547 κην
2352 2477 2523 2531 ὀστῶν
2564 2476 2807 2547 σκληρὰς
2847 2474 2942 2529 καὶ
2980 2474 3303 2537 ἀντιτύπους
3330 2474 3436 2526 τῶν
3461 2471 3650 2543 ψυχῶν
3679 2472 3791 2525 δια-

2213 2568 2415 2634 θέσεις.

2287 2658 2382 2726 ις’.
2424 2659 2574 2714 Μέλι
2594 2658 2807 2727 εὑρὼν,
2831 2657 2983 2728 φάγε
3013 2658 3079 2711 τὸ
3110 2658 3354 2711 Ικανόν’
3386 2654 3623 2725 μήποτε
3650 2657 3793 2719 πλη-

2214 2754 2404 2819 σθεὶς,
2432 2752 2747 2821 ὲξεμέσῃς.
2789 2752 2901 2821 Τῆς
2937 2753 2993 2804 ὲν
3019 2753 3131 2811 τοῖς
3161 2750 3538 2810 θεοπνευστοις
3571 2747 3789 2813 λογίοις,

2214 2843 2372 2913 δίκην
2398 2843 2614 2910 μέλιτος
2644 2842 2912 2913 ήδυτάτης
2944 2840 3276 2910 θεογνωσίας
3308 2838 3604 2908 ἐπιτυχὼν,
3628 2838 3790 2907 μετά-

2216 2934 2348 2989 λα6ε
2377 2933 2578 3004 ταύτης
2614 2933 2757 2987 κατὰ
2785 2933 2876 2985 τὸν
2906 2933 3032 3004 ὅρον
3062 2932 3156 2985 καὶ
3186 2930 3244 2983 τὸ
3282 2929 3478 3000 μέτρον
3514 2931 3615 2999 τῆς
3655 2928 3794 2979 ἐνού·

2220 3044 2318 3098 σης
2345 3044 2429 3080 σοι
2464 3026 2745 3096 δυνάμεως
2767 3043 2780 3056 ⁸
2806 3027 2954 3088 ὃπως
2989 3025 3064 3095 μὴ
3094 3022 3335 3086 σπεύσας
3360 3024 3613 3092 ἀμέτρως
3636 3022 3793 3090 ἐμφο-

534 3116 654 3160 rate
712 3120 777 3161 ea
833 3106 1047 3175 impleri
1101 3103 1375 3160 festinans
1409 3144 1425 3170 ,
1491 3105 1777 3158 veritatem
1838 3103 2111 3172 repellas,

2220 3118 2450 3189 ρηθῆναι
2480 3118 2652 3188 αὐτῆς
2671 3158 2685 3183 ,
2717 3116 2777 3169 τὸ
2803 3115 2999 3186 ἀληθὲς
3035 3115 3327 3176 ἀποϐαλεῖς
3346 3131 3359 3145 ο
3407 3112 3596 3185 γνώσῃ
3642 3129 3792 3182 περι-

534 3198 770 3256 scientia
801 3196 1271 3268 comprehendere
1302 3196 1859 3267 incomprehensibilc
1890 3204 2109 3266 putans:

536 3292 844 3361 speculatio
907 3291 1189 3347 eﬂ‘raanata
1250 3305 1510 3363 magnum
1581 3290 1779 3345 animae
1849 3291 2112 3344 damnum

536 3384 766 3454 profert.

609 3474 777 3530 Vens.
818 3474 908 3530 i7.
944 3474 1144 3529 Rarum
1173 3475 1419 3529 introduc
1446 3473 1629 3544 pedem
1673 3487 1822 3529 tuum
1871 3474 1940 3528 ad
1976 3473 2113 3527 omi-

536 3584 655 3621 cum
690 3583 708 3622 :
745 3583 808 3622 ne
857 3568 992 3635 forte
1019 3567 1247 3621 satiatus
1277 3566 1447 3622 oderit
1509 3576 1577 3626 te.
1610 3565 1809 3620 Parum
1857 3580 1990 3621 cura
2047 3565 2116 3619 de

536 3673 774 3729 corpore
834 3668 1060 3729 propter
1115 3659 1375 3714 unionem
1418 3668 1623 3726 amato,
1676 3659 1797 3713 sola
1859 3657 1937 3712 illi
1975 3670 2114 3727 pra:-

543 3762 704 3807 stans
736 3751 804 3806 ad
837 3752 1296 3807 sustentationem
1332 3752 1644 3806 necessaria
1671 3791 1687 3817 ,
1737 3765 1805 3805 ne
1859 3750 2113 3814 satiatus,

538 3842 588 3897 si
629 3843 704 3895 illi
730 3841 1001 3912 superﬂua
1034 3841 1360 3912 praestiteris
1390 3884 1405 3909 ,
1460 3858 1560 3915 pro
1590 3841 1916 3913 coadjutore
1947 3841 2020 3897 sit
2046 3842 2114 3896 ti-

542 3936 595 3991 bi
620 3935 876 3992 inimicus
918 3949 1014 4005 per
1058 3934 1345 4005 passiones
1394 3935 1691 4006 voluptatis
1724 3942 1779 3990 et
1810 3934 2043 3993 doloris.

612 4203 777 4259 Vnus.
817 4202 904 4256 18.
943 4200 1197 4255 Jaculum
1248 4212 1297 4258 et
1344 4204 1556 4275 gladius
1609 4214 1659 4258 et
1703 4205 1903 4274 sagitta
1928 4213 2109 4270 acuta,

536 4297 615 4351 ita
647 4296 799 4350 homo
822 4294 910 4366 qui
940 4294 1175 4363 loquitur
1201 4305 1385 4348 contra
1410 4296 1708 4364 proximum
1737 4311 1891 4349 suum
1914 4294 2114 4363 falsum

520 4388 919 4443 -testimonium.
956 4386 1063 4452 Qui
1098 4386 1293 4441 falsam
1351 4388 1758 4442 accusationem
1799 4386 2012 4442 inducit
2063 4386 2114 4440 ei

2216 3207 2399 3262 λαϐεῖν
2427 3209 2675 3281 οζόμενος
2716 3208 2775 3261 τὸ
2803 3208 3205 3279 ἀπερίληπτον·
3241 3207 3444 3278 θεωρία
3474 3206 3584 3277 γάρ
3610 3205 3788 3277 ἀχαλί-

2214 3316 2400 3365 νωτος,
2444 3298 2687 3371 μεγάλην
2727 3298 2931 3369 βλάϐην
2968 3301 3033 3369 τῇ
3072 3298 3217 3369 ψυχῇ
3258 3298 3534 3370 προξενεῖ.

2286 3474 2371 3539 ιζ’.
2413 3473 2678 3528 Σπὰνιον
2702 3473 2909 3544 εἴσαγε
2944 3474 3061 3528 σὸν
3090 3474 3247 3528 πόδα
3288 3475 3438 3543 πρὸς
3480 3475 3587 3528 τὸν
3643 3492 3787 3529 σαυ-

2214 3566 2322 3621 τοῦ
2365 3568 2585 3636 φίλονο
2628 3566 2860 3638 μήποτε
2905 3569 3201 3635 πλησθείς
3246 3584 3385 3631 σου,
3415 3568 3653 3637 μισήσῃ
3699 3584 3786 3620 σε.

2227 3642 2412 3727 Ὀλίγα
2456 3657 2709 3729 φρόντιζε
2762 3658 2857 3711 τοῦ
2906 3657 2998 3710 διὰ
3028 3657 3127 3729 τὴν
3159 3658 3421 3726 συζυγίαν
3469 3660 3786 3729 φιλουμένου

2216 3746 2487 3819 σώματος,
2523 3750 2660 3819 μόνα
2685 3749 3139 3822 περιποιούμενος
3165 3750 3312 3820 αύτῷ
3337 3752 3405 3805 τὰ
3428 3752 3566 3821 πρὸς
3598 3752 3660 3804 σύ
3671 3769 3789 3805 στα-

2216 3856 2302 3893 σιν
2337 3840 2502 3894 αὑτοῦ
2539 3842 2840 3909 ἀναγκαῖαο
2876 3841 3023 3905 ὅπως
3060 3843 3135 3913 μὴ
3171 3842 3431 3912 κορεσθὲν
3464 3860 3580 3905 σου,
3610 3844 3676 3895 τὰ
3700 3860 3789 3895 πε-

2217 3931 2373 4003 ριττὰ
2405 3933 2499 3985 καὶ
2532 3931 2672 4000 ὑπὲρ
2702 3932 2801 4003 τὴν
2835 3933 3024 4004 χρείαν
3063 3933 3429 4005 χορηγοῦντος
3458 3934 3605 4004 αὐτῷ
3626 3977 3639 3995 .
3674 3937 3791 3988 ἀντὶ

2216 4020 2483 4091 συνεργοῦ
2525 4021 2783 4091 πολέμιόν
2830 4039 2913 4075 σοι
2957 4025 3069 4087 τοῖς
3114 4022 3238 4076 καθ’
3259 4022 3449 4094 ἡδονὴν
3474 4026 3569 4077 καὶ
3605 4026 3790 4095 ὀδύνην

2214 4116 2501 4184 γενήσεται
2540 4113 2793 4169 πάθεσιν.

2289 4212 2377 4276 ιη’.
2414 4204 2714 4259 Ῥόπαλον
2737 4204 2835 4259 καὶ
2860 4206 3127 4276 μάχαιρα
3156 4207 3255 4261 καὶ
3292 4209 3553 4279 τόξευμα
3582 4209 3787 4263 diudiu-

2212 4294 2339 4358 τὸν,
2365 4294 2551 4361 οὕτως
2585 4298 2682 4349 καὶ
2721 4296 2876 4365 ἀνὴρ
2912 4299 2943 4349 ὁ
2990 4299 3455 4367 καταμαρτυρῶν
3480 4300 3585 4353 τοῦ
3611 4301 3787 4367 φίλου

2214 4386 2401 4441 αὑτοῦ
2439 4388 2775 4457 μαρτυρίαν
2828 4388 3048 4457 ψευδῆ.
3086 4391 3144 4441 '0
3180 4390 3508 4462 προσάπτων
3553 4391 3631 4462 τῷ
3662 4394 3787 4462 όμο-

537 4480 632 4547 qui
666 4478 911 4549 ejusdem
965 4486 1177 4533 natura:
1208 4494 1271 4534 ac
1324 4477 1447 4534 ﬁdei
1511 4487 1617 4544 est,
1655 4480 1798 4534 sicut
1835 4479 2110 4549 quoddam

2218 4478 2345 4547 φυεῖ
2392 4478 2486 4531 καὶ
2533 4478 2814 4548 όμοπίστῳ
2863 4477 3029 4532 αὐτοῦ
3061 4479 3240 4532 αἰτίαν
3267 4478 3467 4549 ψευδῆ,
3500 4479 3575 4542 ῶς
3607 4498 3657 4533 τι
3694 4480 3789 4548 μὲν

532 4569 775 4639 jaculum
805 4609 820 4634 ,
886 4571 1124 4625 animam
1164 4572 1287 4641 ejus
1346 4571 1473 4627 ferit
1523 4570 1733 4627 doloris
1788 4571 1892 4639 ipsi
1943 4584 2111 4623 causa

536 4661 801 4726 eﬂectus,
840 4663 998 4730 quasi
1064 4663 1280 4732 gladius
1329 4679 1566 4734 pugnam
1611 4663 1893 4729 suscitat,
1925 4662 2111 4716 inimi-

536 4754 699 4809 citias
727 4753 976 4807 excitans
1015 4753 1154 4809 inter
1201 4758 1445 4826 seipsum
1496 4762 1549 4810 et
1583 4754 1738 4808 illum
1773 4793 1789 4820 ,
1831 4761 1884 4807 et
1953 4754 2110 4823 quasi

536 4846 736 4915 sagitta
778 4861 808 4899 a
835 4860 894 4901 se
934 4846 1095 4916 longe
1132 4849 1338 4901 emittit
1408 4846 1745 4911 convicium,
1796 4844 2111 4915 proximum

539 4937 741 4992 laedens
774 4975 790 5002 ,
824 4936 981 5007 quasi
1003 4937 1111 4991 telo
1134 4937 1480 4993 acutissimo.

608 5114 777 5170 Vens.
826 5116 908 5171 l9.
955 5112 1045 5167 Via
1087 5113 1215 5166 mali
1265 5122 1315 5167 et
1368 5128 1455 5176 pes
1489 5110 1657 5182 iniqui
1680 5110 1867 5181 peribit
1928 5110 1985 5163 in
2026 5110 2111 5163 die

532 5206 703 5260 mala.
762 5206 933 5259 Prava
987 5206 1245 5275 cogitatio
1302 5204 1397 5275 qui
1473 5205 1671 5257 malum
1709 5203 1899 5271 eligit,
1971 5202 2111 5255 ratio

536 5298 736 5368 agendi
785 5298 905 5369 ejus
954 5298 1050 5368 qui
1102 5297 1357 5352 mandata
1419 5296 1603 5350 divina
1663 5293 2108 5363 transgreditur,

537 5391 795 5463 peribunt
847 5390 904 5445 in
935 5398 1179 5459 tempore
1227 5389 1474 5444 ultionis.
1530 5385 1717 5457 Neque
1755 5388 1845 5441 ille
1877 5386 1931 5438 in
1973 5394 2113 5439 tcm-

539 5497 671 5555 pore
712 5482 971 5552 prresenti
1023 5481 1365 5552 probabitur,
1433 5494 1611 5550 neque
1666 5476 2111 5531 remunerabitur

540 5578 593 5631 in
626 5574 831 5628 futuro.

607 5665 767 5721 Vsus.
809 5668 896 5720 ‘20.
937 5666 1388 5731 Quemadmodum
1428 5675 1630 5722 acetum
1670 5665 1869 5719 vulneri
1904 5662 2108 5728 inutile,

539 5757 612 5812 sic
642 5756 883 5817 accidens
911 5758 1090 5828 passio
1140 5759 1435 5827 incorpore
1479 5775 1568 5810 cur
1612 5759 1915 5812 contristat.
1956 5755 2110 5810 Sicut

2212 4570 2469 4643 ρόπαλον,
2496 4570 2593 4641 τὴν
2619 4571 2808 4624 τούτου
2832 4570 3055 4642 πλήττει
3080 4571 3280 4642 ψυχὴν,
3301 4572 3477 4642 λύπης
3503 4574 3788 4643 παραίτιος

2210 4663 2384 4735 ταύτῃ
2417 4663 2731 4733 γινόμενος·
2770 4662 2846 4727 ὼς
2876 4662 2935 4715 δέ
2969 4680 3053 4725 τις
3097 4662 3357 4733 μάχαιρα,
3394 4663 3574 4733 μάχην
3606 4662 3784 4733 αἴρει·

2211 4749 2409 4822 ἔχθραν
2436 4751 2664 4822 ἐγείρων
2694 4750 2858 4821 μέσον
2885 4752 3095 4804 ἐκείνου
3128 4753 3221 4804 καὶ
3252 4752 3451 4805 ἑαυτοῦ
3476 4770 3489 4782 ·
3522 4754 3618 4806 καὶ
3644 4752 3716 4815 ῶς
3741 4771 3787 4805 τι
3860 4804 3872 4815 ,

2210 4842 2364 4909 τόξον
2412 4843 2693 4916 πόρρωθεν
2746 4832 3060 4897 κατάύτοῦ
3112 4844 3209 4914 τὴν
3254 4844 3523 4916 λοιδορίαν
3575 4845 3785 4913 ἀφίησι,

2211 4934 2529 5005 τιτρώσκων
2555 4934 2645 4988 διὰ
2670 4935 2876 5005 ταύτης
2902 4934 3083 4999 αὑτὸν,
3108 4934 3182 4999 ὡς
3205 4935 3292 4988 διὰ
3316 4934 3504 5005 βέλους
3530 4935 3786 4999 ὀξυτάτου

2211 5021 2374 5085 τινός.

2284 5114 2369 5169 ιθ’.
2409 5114 2571 5180 Ὁδὸς
2610 5115 2820 5177 κακοῦ,
2850 5116 2947 5169 καὶ
2992 5116 3147 5182 ποὺς
3185 5121 3535 5186 παρανόμου
3571 5117 3784 5171 ὀλεῖται

2210 5206 2279 5259 ἐν
2306 5206 2496 5275 ἡμέρα
2534 5206 2714 5274 κακῇ.
2750 5209 2809 5260 '0
2831 5209 3062 5278 πονηρὸς
3088 5209 3345 5280 λογισμὸς
3374 5209 3466 5262 τοῦ
3502 5210 3670 5263 κακοῦ
3694 5211 3786 5279 τὴν

2212 5297 2551 5369 προαίρεσιν,
2589 5298 2683 5351 καὶ
2709 5301 2742 5371 ἡ
2778 5299 2973 5370 πρᾶξις
3004 5300 3096 5352 τοῦ
3126 5302 3231 5353 τῶν
3262 5302 3419 5354 θείων
3448 5302 3781 5368 παραϐἀτιυ,

2212 5391 2698 5461 όλοθρευθήσονται
2748 5394 2804 5443 ὲν
2834 5391 3010 5462 καιρῷ
3046 5394 3353 5464 τιμωρίαςθ
3384 5395 3493 5447 εἴτε
3528 5394 3784 5462 καθαρτιο

2212 5481 2317 5552 κῆς
2363 5483 2505 5536 κατὰ
2540 5483 2601 5536 τὸ
2641 5482 2811 5555 παρὸν
2840 5524 2853 5549 ,
2897 5485 3005 5537 εἴτε
3065 5486 3488 5556 ἁνταποδοτικῆς
3538 5486 3679 5538 κατὰ
3729 5483 3781 5536 τὲ

2215 5575 2429 5643 μέλλον.

2285 5670 2352 5717 κ’.
2382 5665 2609 5733 ’Ὠσπερ
2639 5664 2780 5732 ὅξος
2802 5664 2965 5719 ἕλκει
2991 5650 3367 5735 ἀσύμφορον,
3392 5666 3581 5731 οὕτως
3610 5677 3781 5733 προσ-

2214 5752 2409 5809 πεσὸν
2445 5754 2634 5821 πάθος
2654 5755 2724 5809 ἐν
2752 5754 2977 5824 σώματι
3012 5757 3262 5825 καρδίαν
3284 5756 3480 5811 λυπεῖ.
3525 5754 3782 5819 Καθάπερ
