4054 6524
227 349 364 415 1477
1287 361 1494 422 COMM
1507 361 1823 422 ENTABII
1858 361 1939 422 IN
1970 360 2432 424 PRO'VERBIA.

221 470 343 533 ὅξος
361 469 691 541 δριμύτατον
711 469 1022 537 ἀλυσιτελὲς
1055 471 1132 544 τῷ
1159 475 1460 548 ἡλκωμένῳ
1492 477 1643 547 μέλει
1669 475 1803 529 καθ-

1909 484 2120 529 acetum
2158 478 2490 532 acerrimum
2524 477 2720 532 inutile
2753 484 2838 533 est
2882 478 3130 534 membro
3179 481 3493 552 vulnerato,

222 563 447 634 έστηκε,
485 563 680 618 δάκνον
708 564 858 629 αὐτὸ,
889 563 1034 618 οὕτω
1065 566 1160 619 καὶ
1183 566 1261 638 τῷ
1287 568 1387 638 τῆς
1414 569 1616 638 σαρκὸς
1646 569 1803 622 ἀσθε-

1914 566 2028 623 imo
2060 567 2193 624 illud
2227 571 2439 641 pungit;
2472 572 2552 626 sic
2584 570 2888 625 infirmitati
2912 572 3097 627 carnis
3124 574 3493 632 involuntaria

220 657 324 720 νεῖ,
355 654 613 719 ἀκούσιος
638 655 949 728 ὲπισυμϐὰς
971 657 1300 730 πειρασμὸς,
1330 660 1455 731 ἀνιᾷ
1484 659 1573 713 διά
1591 660 1651 713 τὸ
1676 676 1803 730 συγ-

1915 661 2147 715 tentatio
2177 661 2477 718 adveniens
2507 664 2759 717 molestia
2797 663 2965 718 allicit
2993 665 3232 719 animam
3257 667 3339 730 ob
3369 668 3493 737 ejus

3356 370 3494 435 1478
3585 453 3590 457 θ

220 745 378 813 γενὲς
409 747 510 817 τὴν
537 747 738 818 ψυχήν.

292 836 522 906 Ὠσπερ
551 837 674 906 σὴς
702 838 774 892 ἐν
802 839 1009 907 ἱματίῳ
1034 878 1048 903 ,
1080 837 1180 894 καί
1210 839 1459 908 σκώληξ
1494 840 1678 909 ξύλῳ,
1710 842 1813 896 οὖ-

219 943 334 993 τως
382 929 550 997 λύπη
581 929 801 997 ἀνδρὸς
822 928 1086 993 βλάπτει
1114 930 1383 998 καρδίαν.
1426 930 1692 1002 Καθάπερ
1717 931 1811 986 λυ-

225 1020 506 1089 μαίνονται
543 1023 642 1090 σὴς
678 1021 777 1092 μὲν
813 1022 1014 1093 ίματίῳ
1037 1063 1051 1084 ,
1089 1023 1309 1093 σκώληξ
1337 1022 1392 1075 δὲ
1420 1023 1562 1094 ξύλῳ
1588 1064 1600 1086 ,
1635 1024 1811 1090 οὕτως

219 1113 252 1183 ἡ
289 1115 441 1184 παρά
465 1112 758 1184 ἀνθρώπου
781 1114 926 1177 τινὸς
958 1113 1127 1185 λύπη,
1156 1113 1234 1184 τῷ
1257 1114 1394 1184 πρὸς
1415 1113 1605 1168 τοῦτον
1639 1115 1806 1186 μίσει,

219 1203 318 1275 τὴν
359 1204 699 1275 ὲτοιμοπαθῆ
738 1203 1118 1259 καταδλάπτει
1157 1205 1358 1277 ψυχήν.

290 1301 401 1358 κα’,
422 1294 528 1365 κβ’.
567 1296 710 1350 Ἐὰν
726 1293 902 1364 πεινᾷ
921 1298 954 1349 ὁ
969 1295 1182 1365 ἐχθρός
1202 1313 1341 1361 σου,
1360 1296 1578 1366 ⁴ψώμιζε
1597 1298 1805 1351 αὐτόν’

217 1388 326 1442 ἐὰν
352 1387 537 1457 διψᾷ,
572 1388 766 1449 πότιζε
803 1391 1029 1460 αὐτόντ
1079 1391 1256 1444 τοῦτο
1294 1391 1404 1460 γὰρ
1449 1391 1658 1453 ποιῶν,
1699 1391 1808 1445 ἄν·

218 1486 442 1549 θρακας
463 1483 653 1550 πυρὸς
679 1484 1006 1550 σωρεύσεις
1028 1481 1128 1535 ἐπὶ
1153 1481 1268 1551 τὴν
1289 1483 1564 1552 κεφαλὴν
1583 1484 1768 1539 αὑτοῦ
1786 1500 1802 1515 °

216 1576 252 1628 ό
275 1573 344 1626 δὲ
363 1576 580 1644 Κύριος
600 1575 1018 1630 ἀνταποδώσει
1045 1592 1144 1630 σοι
1166 1575 1378 1646 ἀγαθά.
1413 1576 1542 1631 Ἐὰν
1568 1578 1596 1630 ὁ
1629 1577 1805 1646 μισῶν

218 1683 306 1728 σε,
328 1668 538 1738 τροφῆς
583 1670 679 1721 καὶ
717 1669 964 1740 πόματος
995 1670 1144 1722 ἐστιν
1171 1669 1354 1740 ἐνδεὴς
1374 1709 1388 1734 ,
1425 1669 1591 1740 τρέφε
1616 1668 1805 1724 τοῦτον

217 1762 315 1813 καὶ
365 1759 590 1824 πότιζε’
627 1759 769 1814 οῦτω
819 1762 927 1832 γάρ
975 1760 1281 1832 εὐεργετῶν
1327 1762 1518 1826 αὐτὸν,
1554 1761 1805 1828 συνάξεις

1913 767 2038 806 cum
2075 768 2308 823 corpore
2336 753 2676 810 aliinitatem.

1984 843 2135 897 Sicut
2159 846 2300 898 tinea
2342 847 2668 907 vestimento,
2707 856 2752 900 et
2782 848 2973 902 vermis
3037 846 3238 919 ligno;
3268 849 3346 904 ita
3398 851 3493 904 tri-
3551 835 3556 842 Α

1911 935 2062 989 stitia
2089 937 2187 990 viri
2220 947 2365 991 uocet
2405 940 2572 993 cordi.
2628 940 3096 1005 Quemadmodum
3139 943 3283 996 tinea
3343 943 3491 998 laedit

1912 1029 2304 1082 vestimentqu
2346 1037 2400 1084 et
2462 1032 2666 1086 vermis
2722 1033 2926 1102 lignum
2961 1071 2976 1096 ,
3034 1035 3109 1087 ita
3147 1035 3369 1089 tristitia
3424 1036 3492 1091 ab

1912 1117 2157 1183 homine,
2193 1120 2264 1176 ob
2303 1121 2440 1174 iram
2473 1131 2666 1177 contra
2704 1125 2882 1194 ipsum
2913 1127 3108 1180 animae
3136 1137 3320 1181 nocet.

1982 1296 2147 1352 Vsus.
2188 1298 2248 1352 2|
2283 1340 2296 1363 ,
2324 1297 2414 1351 22.
2471 1297 2532 1352 Si
2559 1299 2803 1352 csurierit
2866 1301 3114 1356 inimicus
3171 1313 3329 1368 tuus,
3371 1304 3489 1358 ciba

1908 1391 2101 1445 illum:
2126 1392 2173 1445 si
2199 1391 2417 1454 sitierit,
2445 1391 2516 1444 da
2548 1391 2631 1443 illi
2655 1409 2848 1461 aquam
2871 1393 3059 1448 bibere.
3100 1395 3211 1449 Hoc
3235 1397 3374 1449 enim
3400 1396 3486 1463 [a-

1909 1484 2091 1545 ciens,
2139 1500 2336 1552 prunas
2391 1485 2732 1554 congregabis
2795 1502 2952 1554 super
3005 1498 3164 1555 caput
3229 1489 3372 1557 ejus,
3435 1499 3485 1542 et

1914 1575 2167 1630 Dominus
2217 1575 2395 1629 reddet
2428 1577 2521 1627 tibi
2554 1575 2708 1630 bona.
2769 1574 2824 1630 Si
2873 1578 3130 1632 inimicus
3205 1586 3330 1632 tuus
3363 1578 3487 1632 cibo

1907 1668 1993 1721 vel
2033 1676 2162 1736 potu
2198 1667 2430 1736 indiget,
2468 1667 2595 1721 ciba
2645 1676 2702 1722 et
2741 1675 2867 1738 pota
2905 1669 3079 1722 illiilli.
3138 1670 3228 1722 Sic
3283 1670 3487 1722 benefi-

1911 1759 2055 1813 cium
2082 1760 2158 1814 illi
2190 1759 2486 1814 conferens
2519 1775 2784 1831 congeres
2833 1762 2889 1815 in
2925 1770 3161 1816 mentem
3216 1761 3335 1831 ejus
3388 1775 3485 1814 co-

218 1853 312 1905 ἐπὶ
337 1851 428 1905 τὸν
459 1852 704 1923 ἡγεμόνα
745 1851 872 1906 νοῦν
897 1852 1112 1918 τούτου,
1140 1853 1499 1924 διανοήματα,
1528 1853 1685 1925 δίκην
1711 1855 1803 1907 άνο

1909 1851 2202 1922 gitatioues
2234 1867 2377 1922 qum,
2409 1853 2554 1906 sicut
2605 1853 2747 1922 ignis
2809 1869 2999 1924 pruna:
3045 1853 3308 1909 malitiam
3367 1853 3486 1920 ejus

218 1945 438 2015 θράκων
469 1945 639 2014 πυρὸς
665 1945 763 2016 τὴν
791 1944 990 1998 κακίαν
1009 1938 1331 2014 ἐλέγχοντα,
1361 1945 1457 1998 καὶ
1488 1943 1550 1996 τὸ
1577 1945 1715 2016 πρὸς
1747 1945 1806 2000 σε

221 2040 382 2107 μῖσος
415 2037 582 2091 αὐτοῦ
618 2035 1018 2090 κατακαίονταο
1049 2037 1078 2089 ὁ
1111 2035 1167 2089 δὲ
1202 2035 1317 2088 τῶν
1364 2035 1502 2089 ὅλων
1526 2037 1806 2107 Δεσπότης

215 2128 375 2193 Θεὸς,
406 2128 630 2181 ἁνθότου
663 2127 736 2199 μὴ
778 2121 1059 2197 νενίκησαι
1089 2125 1168 2195 τῷ
1194 2125 1253 2193 ἐξ
1280 2127 1550 2196 ἐπηρείας
1579 2129 1672 2181 τοῦ
1699 2131 1804 2182 Σα-

213 2221 357 2272 τανᾶ
407 2221 542 2290 πρὸς
591 2220 650 2272 σὲ
701 2220 850 2290 μίσει
903 2217 998 2270 τοῦ
1049 2217 1304 2286 ἀδελφοῦ,
1342 2218 1480 2271 άλλά
1512 2222 1806 2292 νενίκηκας

218 2312 421 2381 μᾶλλον
451 2312 582 2364 αὐτὸ
613 2314 678 2383 τῇ
708 2312 893 2382 άγαπῇ
923 2312 988 2381 τῇ
1033 2311 1171 2381 πρὸς
1198 2310 1383 2375 αὐτὸν,
1417 2314 1531 2375 τοῖς
1563 2312 1804 2377 αἰωνίοις

215 2419 279 2456 σε
319 2403 614 2472 ἀμείψεται
653 2403 900 2471 ἀγαθοῖς.

288 2503 396 2563 κγ’.
427 2498 672 2565 ’Ἄνεμος
699 2494 923 2562 ,βορέας
951 2493 1232 2564 ἐξεγείρει
1269 2493 1422 2564 νέφη
1443 2511 1456 2526 ·
1480 2497 1806 2564 πρόσωπον

213 2585 286 2638 δὲ
319 2585 592 2652 ἀναιδὲς,
625 2581 918 2655 γλῶσσαν
957 2583 1215 2652 ἐρεθίζει.
1235 2585 1308 2637 Τὸ
1338 2585 1458 2655 μὲν,
1485 2586 1641 2657 δίκην
1671 2589 1803 2643 ἀνέ-

218 2694 325 2745 μου
365 2677 578 2748 βορέου,
641 2677 902 2747 χειμάζον
937 2676 1034 2740 τὰς
1062 2675 1242 2746 ψυχὰς
1278 2678 1518 2747 πονηρὸν
1564 2678 1802 2749 πνεῦμα,

214 2769 437 2839 ζοφώδη
467 2771 635 2841 πάθη.
666 2770 742 2833 ὣς
770 2786 890 2823 τινα
920 2768 1055 2838 νέφη
1080 2807 1094 2832 ,
1127 2769 1404 2839 ἐπεγείρει
1432 2769 1642 2838 αὐταῖς,
1675 2771 1806 2824 ταύ-

213 2880 317 2927 τας
349 2863 692 2929 σκοτίζοντα,
724 2863 819 2916 καὶ
854 2862 927 2933 μὴ
957 2862 1134 2915 ἐῶντα
1182 2863 1302 2925 ταῖς
1354 2863 1536 2915 ἀκτῖσι
1584 2863 1678 2916 τοῦ
1706 2865 1806 2936 τῆς

211 2955 764 3027 δικαιοσύνηςἩλίου
801 2953 1277 3024 καταυγασθῆναιο
1315 2955 1342 3006 ὁ
1373 2953 1428 3006 δὲ
1464 2955 1805 3026 χαρακτηρί-

217 3047 331 3112 ζων
373 3049 473 3119 τὴν
520 3046 982 3119 ὲγκεκρυμμένην
1015 3049 1080 3116 τῇ
1121 3045 1268 3116 ψυχῇ
1303 3045 1544 3098 διάθεσιν
1574 3046 1708 3117 βίος,
1736 3049 1803 3117 τῇ

213 3142 312 3193 ἐπὶ
339 3144 451 3205 τοῖς
477 3143 722 3211 αἰσχροῖς
750 3139 937 3210 ἔργοις
971 3139 1207 3209 αἰσχύνη
1232 3137 1370 3201 ὅλως
1401 3137 1477 3208 μὴ
1501 3139 1804 3208 περικαλυ-

215 3232 512 3302 πτόμενος,
545 3233 626 3295 εἰς
659 3231 758 3303 τὴν
799 3229 998 3284 ἑαυτοῦ
1045 3229 1360 3301 παραθήγει
1409 3227 1664 3303 διαϐολὴν
1699 3232 1806 3303 τὴν

212 3324 468 3391 γλῶτταν
505 3321 598 3376 τοῦ
637 3323 878 3394 ὁρῶντος
915 3322 1099 3375 αὐτόν.

289 3415 391 3469 κδ’.
432 3415 735 3484 Κρεῒσσον
781 3414 969 3468 οἰκεῖν
1014 3413 1112 3467 ἐπὶ
1162 3417 1382 3484 γωνίας
1437 3415 1723 3486 δώματος,
1766 3417 1804 3484 ἢ

216 3506 367 3577 μετὰ
397 3506 683 3576 γυναικὸς
707 3507 990 3576 λοιδόρου
1037 3507 1108 3562 ἐν
1149 3511 1309 3579 οῖκίᾳ
1336 3509 1531 3580 κοινῇ.
1574 3511 1807 3565 Κάλλιον

216 3598 566 3669 άσυγκρίτως
597 3601 716 3652 ἐστὶ
745 3599 1090 3672 παραμένειν
1125 3601 1202 3672 τῷ
1235 3603 1559 3657 συνάπτοντι
1603 3603 1681 3674 τῷ
1727 3601 1806 3656 νοῖ

215 3687 318 3758 τὴν
345 3688 598 3758 αἴσθησιν
630 3688 772 3760 λόγῳ
793 3731 806 3755 ,
837 3691 913 3754 ὡς
948 3691 1006 3744 ἐν
1041 3709 1147 3745 τινι
1175 3693 1346 3764 γωνίᾳ
1377 3694 1630 3758 εὐτελοῦς
1662 3711 1806 3758 τινος

217 3782 609 3852 καταλύματος
640 3783 737 3836 τοῦ
768 3784 1098 3853 φαινομένου
1149 3785 1379 3856 κόσμου,
1419 3787 1450 3858 ἢ
1501 3788 1558 3840 ὲν
1585 3786 1692 3858 ὅλῳ
1725 3787 1806 3858 τῷ

217 3874 433 3945 κόσμῳ,
469 3876 528 3939 δς
563 3876 679 3928 ἐστι
724 3875 904 3929 κοινὸν
943 3876 1292 3945 καταγώγιον
1335 3876 1428 3930 τοῦ
1462 3895 1520 3930 τε
1551 3878 1670 3942 νοὸς
1710 3880 1805 3934 καὶ

215 3965 315 4035 τῆς
347 3964 652 4036 αἰσθήσεως
672 3981 688 3997 ’
735 3962 826 4020 οἷα
861 3967 1386 4036 ὲπαναπαυομένων,
1418 3967 1512 4021 τοῦ
1547 3969 1646 4036 μὲν
1677 3971 1803 4034 νοὸς

219 4060 331 4120 τοῖς
376 4056 560 4126 λόγοις
589 4058 699 4111 τῶν
736 4057 1101 4129 φαινομένων,
1134 4061 1233 4130 τῆς
1281 4058 1324 4111 δ’
1351 4059 1660 4128 αἰσθήσεως
1692 4061 1804 4124 τοῖς

215 4147 414 4214 τύποις
459 4151 570 4205 τῶν
615 4151 922 4222 νοουμένων
975 4151 1373 4223 συνδιατρίϐειν
1421 4154 1514 4207 τὸν
1559 4153 1686 4206 νοῦν
1735 4157 1802 4225 τῇ

214 4241 508 4296 διαδαλλού
518 4260 584 4315 σῃ
606 4244 696 4297 διὰ
717 4244 816 4314 τῆς
842 4245 1054 4315 ἀπάτης
1075 4245 1184 4298 τῶν
1208 4247 1548 4316 φαινομένων
1569 4247 1634 4300 τὰ
1656 4247 1803 4300 vomi-

220 4349 359 4402 μενα
387 4333 658 4404 αἰσθήσει,
693 4334 987 4388 κάντεῦθεν
1031 4337 1143 4400 τοῖς
1189 4335 1380 4400 τύποις
1427 4337 1799 4408 ὲναπομένειν,

216 4423 314 4478 καὶ
353 4425 430 4496 μὴ
467 4424 767 4478 διαϐαίνειν
805 4425 942 4495 πρὸς
978 4425 1078 4496 τὴν
1116 4428 1174 4479 ἐν
1210 4428 1355 4488 ὅλοις
1395 4428 1672 4499 ἀλήθειαν.

1908 1943 2321 2012 redarguentes,
2355 1944 2540 1998 odium
2592 1945 2714 2015 ejus
2773 1945 2824 1999 in
2883 1955 2934 2000 te
2963 1955 3306 2001 consument.
3342 1945 3486 2001 Deus

1908 2042 2114 2097 autem,
2147 2035 2276 2103 quia
2306 2050 2412 2089 non
2447 2035 2626 2089 victus
2662 2037 2814 2091 fuisti
2857 2037 2984 2091 odio
3036 2036 3221 2090 fratris
3250 2037 3302 2090 in
3337 2048 3386 2090 te
3416 2052 3480 2090 ex

1906 2123 2108 2178 damno
2140 2124 2375 2188 Satanze,
2410 2128 2502 2181 sed
2549 2144 2579 2183 e
2629 2141 2820 2183 contra
2876 2129 3059 2183 odium
3120 2129 3252 2184 illud
3297 2130 3483 2184 chari-

1908 2221 2020 2268 tate
2061 2215 2118 2270 in
2165 2232 2291 2271 eum
2323 2218 2541 2284 vicisti,
2608 2219 2769 2276 bonis
2838 2221 3055 2276 aeternis
3123 2229 3175 2274 te
3223 2235 3481 2276 remune-

1905 2307 2072 2362 rabit.

1983 2479 2144 2537 Vsus.
2181 2483 2268 2538 23.
2323 2481 2517 2538 Ventus
2569 2485 2748 2554 aquilo
2794 2485 3016 2539 suscitat
3077 2487 3273 2550 nubes;
3318 2487 3482 2558 facies

1907 2585 2082 2630 autem
2120 2575 2392 2643 impudens
2428 2576 2662 2646 linguam
2715 2576 2916 2630 irritat.
2954 2577 3192 2646 Spiritus
3246 2595 3482 2648 nequam

1906 2667 1999 2736 qui
2034 2667 2178 2722 sicut
2209 2667 2398 2737 aquilo
2428 2676 2752 2738 tempestate
2780 2675 2997 2738 torquet
3031 2669 3275 2733 animas,
3311 2671 3364 2724 in
3400 2660 3495 2725 eis

1906 2761 2067 2830 quasi
2113 2761 2352 2815 nebulas
2415 2761 2617 2815 excitat
2660 2761 2982 2816 tenebrosas
3021 2764 3304 2833 passiones
3359 2762 3486 2818 illas

1905 2859 2245 2908 excaecantes
2278 2867 2340 2906 ac
2364 2867 2434 2906 ne
2464 2853 2608 2908 Solis
2657 2853 2883 2922 justitiae
2912 2855 3078 2909 radiis
3114 2855 3487 2910 illuminentur

1906 2945 2298 3015 impedientes.
2334 2943 2454 2998 Vita
2486 2954 2670 3000 autem
2700 2961 2823 3014 quae
2847 2944 2981 3001 foris
3021 2949 3264 3002 ostendit
3294 2947 3485 3018 dispo-

1907 3037 2160 3088 sitionem
2189 3035 2244 3088 in
2276 3035 2458 3088 anima
2501 3035 2772 3089 occultam
2804 3075 2818 3099 ,
2850 3037 3062 3105 pudore
3120 3037 3187 3092 de
3233 3038 3485 3108 turpibus

1907 3127 2219 3182 actionibus
2250 3143 2359 3182 non
2389 3129 2608 3198 penitus
2630 3127 2910 3194 obvoluta,
2941 3129 3009 3184 ad
3031 3131 3483 3186 calutnuiandum

1912 3234 1972 3276 se
2004 3221 2210 3276 excitat
2249 3222 2493 3291 linguam
2521 3220 2788 3276 videntis.

1989 3416 2155 3474 Vens.
2197 3419 2288 3474 24.
2334 3420 2526 3475 Melius
2566 3429 2644 3475 est
2673 3421 2852 3476 sedere
2892 3423 2946 3477 in
2979 3423 3174 3493 angulo
3203 3424 3436 3482 domatis
3466 3470 3482 3496 ,

1907 3527 2066 3580 quam
2103 3528 2220 3565 cum
2258 3513 2478 3569 muliere
2507 3515 2893 3570 contumeliosa
2919 3517 2974 3570 in
3001 3517 3155 3570 domo
3199 3522 3486 3576 communi.

1909 3597 2100 3656 Melius
2125 3608 2207 3656 est
2231 3599 2480 3671 profecto
2509 3618 2634 3657 cum
2663 3605 2875 3658 ratione
2911 3606 3282 3661 sensationem
3317 3609 3486 3664 menti

1908 3691 2261 3763 conjungenti
2298 3708 2620 3764 Permanere
2667 3696 2826 3764 quasi
2862 3695 2915 3750 in
2966 3697 3168 3765 angulo
3219 3699 3308 3752 vili
3350 3715 3488 3768 quo-

1907 3783 2032 3836 dam
2079 3785 2283 3854 tugurii
2333 3786 2624 3853 cujusdam
2682 3787 2870 3842 mundi
2920 3789 3199 3856 visibilis,
3233 3806 3395 3860 quam
3433 3793 3487 3846 in

1907 3882 2022 3928 toto
2059 3875 2264 3931 mundo
2299 3917 2314 3942 ,
2356 3877 2449 3947 qui
2522 3885 2607 3932 est
2684 3894 2976 3935 commune
3023 3880 3385 3937 diversorium
3434 3895 3489 3937 et

1906 3964 2108 4020 mentis
2135 3975 2190 4020 et
2244 3968 2577 4023 seusationis
2610 4009 2625 4034 ,
2665 3977 2846 4024 mente
2918 3971 3136 4037 quidem
3179 3972 3485 4027 rationibus

1906 4073 2092 4111 rerum
2135 4059 2483 4129 quiescente,
2518 4061 2845 4116 sensatioue
2883 4077 3018 4117 vero
3049 4062 3103 4118 in
3141 4061 3334 4120 formis
3393 4079 3493 4143 co--~

1904 4151 2200 4221 gitatorum
2226 4211 2229 4214 _
2255 4152 2603 4216 immorante,
2640 4161 2878 4208 mentem
2920 4155 3172 4212 habitare
3202 4171 3327 4210 cum
3357 4172 3486 4213 sen-

1905 4245 2118 4298 satione
2170 4258 2288 4314 qua:
2317 4259 2382 4298 ex
2429 4245 2753 4316 deceptione
2787 4246 3084 4302 visibilium
3113 4250 3350 4321 cogitata
3391 4265 3486 4305 ca-

1906 4336 2210 4391 lumniatur
2265 4347 2318 4392 et
2376 4337 2499 4393 ideo
2559 4339 2840 4395 immorari
2897 4341 2952 4396 in
3012 4341 3206 4397 formis
3253 4355 3304 4399 et
3376 4360 3486 4400 non

1904 4431 2204 4485 ascendere
2230 4429 2296 4484 ad
2343 4433 2628 4486 veritatem
2659 4433 2712 4487 in
2746 4433 3023 4489 omnibus.

287 4523 388 4571 κε’.
418 4517 648 4585 ’Ὠσπερ
679 4516 836 4585 ὕδωρ
866 4517 1129 4586 ψυχρὸν,
1154 4517 1328 4587 ψυχῇ
1351 4517 1590 4591 διψώσῃ
1621 4537 1803 4588 προσα

1983 4521 2147 4575 Vens.
2188 4521 2279 4576 ‘25.
2329 4523 2480 4577 Sicut
2519 4539 2656 4592 aqua
2716 4524 2916 4595 frigida
2981 4527 3177 4580 anima:
3231 4528 3482 4594 sitienti,

215 4609 384 4678 ηνὲς,
416 4609 605 4674 οὕτως
657 4610 906 4679 ἀγγελία
951 4607 1146 4678 ἀγαθὴ
1201 4609 1269 4661 ἐκ
1324 4609 1437 4678 γῆς
1483 4614 1800 4678 μακρόθεν.

215 4700 487 4769 Καθάπερ
521 4698 663 4768 ὕδωρ
704 4699 1069 4769 ψυχρώτατον
1123 4698 1359 4768 ὑπάρχει
1410 4698 1634 4767 διψῶντι
1681 4699 1804 4770 ζώῳ

197 4792 560 4862 -θελκτήριον,
588 4790 730 4844 οὕτω
763 4791 858 4843 καὶ
897 4791 962 4858 τῇ
1010 4789 1103 4842 τὸν
1136 4789 1401 4842 καύσωνα
1449 4789 1559 4842 τῶν
1607 4808 1804 4862 πειρα-

218 4883 398 4954 σμῶν,
436 4884 530 4936 καὶ
560 4883 660 4953 τῆς
685 4883 888 4954 ἀρετῆς
913 4883 972 4935 τὸ
997 4883 1254 4935 ἐπίπονον
1276 4883 1540 4946 γενναίως
1564 4886 1804 4958 φερούσῃ

214 4977 362 5046 ψυχῇ
385 5018 399 5041 ,
432 4975 672 5046 ἡδυτάτη
700 4975 847 5029 ἐστὶν
872 4977 906 5046 ἡ
931 4975 1029 5046 τῆς
1061 4974 1204 5028 κατὰ
1229 4973 1289 5026 τὸ
1322 4973 1514 5044 μέλλον
1543 4976 1805 5047 κληρονο-

219 5068 350 5139 μίας
386 5068 487 5137 τῆς
533 5067 639 5138 γῆς
675 5068 786 5120 τῶν
821 5066 1044 5138 πραέων
1087 5065 1424 5134 ἐπαγγελία⁹
1477 5069 1544 5137 τῇ
1593 5067 1704 5120 τῶν
1746 5069 1804 5120 ὲν

214 5160 391 5231 ταύτῃ
441 5162 505 5231 τῇ
536 5162 605 5230 γῇ
635 5159 859 5229 ἀγαθῶν
892 5159 1065 5212 ἐλπίδι
1097 5157 1492 5230 παρακαλοῦσα
1521 5158 1618 5211 καὶ
1665 5159 1801 5212 ἁνα-

215 5254 474 5324 κτωμένη
514 5252 611 5324 τὴν
649 5251 907 5323 τοιαύτην
945 5251 1141 5322 ψυχήν.

287 5354 404 5412 κςν.
430 5348 658 5415 Ὠσπερ
690 5345 745 5399 ετ
780 5362 870 5411 τις
902 5343 1106 5414 πηγὴν
1136 5341 1426 5412 φράσσοι,
1457 5343 1550 5396 καὶ
1580 5342 1797 5410 ὕδατος

213 5438 433 5503 ἔξοδον
466 5437 846 5505 λυμαίνοιτο,
882 5434 1069 5499 οὕτως
1103 5432 1377 5501 ἄκοσμον
1422 5431 1654 5486 δίκαιον
1690 5449 1795 5487 πε-

213 5529 513 5583 πτωκέναι
548 5527 806 5581 ἐνώπιον
839 5525 1115 5590 ἀσεϐοῦς.
1159 5524 1424 5590 Καθάπερ
1463 5524 1558 5575 ὲάν
1587 5541 1668 5586 τις
1695 5525 1795 5594 ἐμ-

213 5625 448 5694 φράττοι
484 5621 687 5693 πηγὴν,
721 5621 812 5673 καὶ⁵
846 5618 992 5691 ὕδωρ
1027 5619 1105 5672 ’ἐκ
1157 5617 1362 5688 ταύτης
1409 5616 1610 5670 κωλύοι
1643 5617 1796 5688 ἐξέρ-

216 5717 432 5788 χεσθαι,
462 5715 684 5786 ἀπρεπῆ
708 5713 912 5784 ταύτην
950 5710 1244 5781 ἐργάζεται
1267 5750 1281 5775 ,
1309 5709 1589 5778 ἀφανίζων
1627 5711 1697 5762 τὰ
1740 5710 1797 5776 ἐξ

217 5811 388 5877 αὐτῆς
417 5806 786 5872 ἀναδλύζοντα
819 5805 1153 5860 διειδέστατα
1178 5803 1414 5875 νάματαο
1445 5801 1618 5866 οὕτως
1647 5802 1796 5856 ἐστὶν

1911 4614 1987 4666 sic
2017 4615 2234 4668 nuntius
2274 4613 2440 4668 bonus
2476 4615 2540 4668 de
2575 4625 2716 4669 terra
2763 4618 3068 4688 longinqua.
3115 4617 3486 4684 Quemadmo-

1910 4707 2039 4760 dum
2073 4722 2209 4776 aqua
2267 4707 2622 4778 frigidissima
2651 4695 2658 4703 ’
2689 4709 2946 4764 illecebra
2984 4711 3203 4766 exsistit
3262 4715 3484 4769 animali

1911 4799 2144 4863 sitienti,
2176 4799 2246 4852 ita
2279 4808 2332 4854 et
2365 4800 2560 4852 animm
2583 4815 2848 4870 generose
2888 4800 3085 4856 ferenti
3117 4805 3485 4860 tentationum

1909 4901 2102 4943 uastum
2145 4897 2198 4943 et
2239 4891 2460 4946 virtutis
2491 4891 2707 4947 labores
2729 4892 3048 4947 dulcissima
3078 4902 3161 4949 est
3192 4897 3486 4964 promissio

1911 4981 2110 5035 futurae
2141 4981 2475 5036 haereditatis
2501 4981 2552 5035 iu
2591 4989 2735 5036 terra
2763 4991 3192 5036 mansuetorum.
3218 4982 3339 5038 llzec
3368 4999 3488 5054 pro-

1911 5072 2102 5127 missio
2135 5088 2229 5142 spe
2269 5074 2542 5128 bonorum
2600 5075 2764 5146 hujus
2823 5083 2983 5129 terra:
3029 5076 3191 5129 talem
3245 5077 3484 5131 animam

1909 5165 2228 5219 consolatur
2248 5173 2301 5220 et
2353 5168 2552 5221 reficit.

1978 5345 2143 5401 Vens.
2177 5345 2270 5399 26.
2319 5344 2469 5401 Sicut
2497 5347 2544 5400 si
2583 5347 2701 5418 quis
2752 5347 2950 5416 fontem
2989 5347 3232 5401 obstruat
3259 5356 3308 5401 et
3337 5364 3488 5416 aqua:

1908 5440 2107 5491 exitum
2135 5437 2451 5506 disperdat:
2484 5439 2560 5492 sic
2596 5440 2836 5492 indecens
2880 5448 2956 5493 est
2983 5437 3191 5508 justum
3237 5439 3490 5492 cecidisse

1908 5548 2085 5585 coram
2133 5533 2317 5599 impio.
2353 5531 2822 5597 Quemadmodum
2856 5533 2899 5587 si
2933 5533 3056 5604 quis
3091 5533 3341 5586 obstruat
3372 5532 3492 5585 fou-

1906 5629 2012 5676 tem
2039 5628 2092 5676 et
2122 5636 2316 5690 aquam
2343 5635 2407 5675 ex
2434 5636 2494 5673 ea
2520 5624 2667 5675 exire
2700 5618 2979 5690 impediat,
3003 5620 3314 5673 indecoram
3343 5619 3489 5671 illam

1902 5713 2088 5778 ellicit,
2152 5713 2222 5767 ab
2289 5719 2515 5783 aspectu
2557 5726 2840 5766 removens
2899 5710 3206 5765 clarissima
3257 5723 3319 5763 es
3373 5707 3490 5776 ipsa

1903 5819 2023 5875 quia:
2058 5803 2372 5861 scaturiunt
2401 5801 2647 5868 fluenta;
2705 5803 2788 5861 sic
2846 5801 3164 5858 indecorum
3211 5808 3295 5856 est
3336 5797 3488 5854 illum
