4054 6508
594 343 727 411 ΗἸ9

1926 328 2276 393 PROCOPII
2326 329 2569 390 ϐΑΖίΕΙ

3735 326 3859 390 1481)

589 460 685 533 qui
730 453 1140 529 pulchritudine
1170 451 1442 507 virtutum
1490 456 1745 512 ornatur,
1778 444 1836 501 in
1871 444 2019 499 lucta
2075 441 2169 496 ad-

2293 444 2514 514 ιπρεπὲς
2557 441 2649 495 τὸν
2676 439 3098 511 κεκοσμημένον
3142 439 3223 510 τῷ
3269 441 3457 495 κάλλει
3488 441 3599 494 τῶν
3634 440 3858 510 ἀρετῶν.

590 566 785 608 versus
814 548 1094 605 inimicum
1151 544 1464 599 animarum
1520 548 1840 596 nostrarum
1889 545 1946 592 et
1997 533 2168 589 Deum

2293 540 2336 588 iv
2367 538 2431 606 τῇ
2467 536 2600 605 πρὸς
2628 535 2719 587 τὸν
2767 533 2842 606 μὴ
2871 532 3123 602 τιμῶντα
3148 532 3282 585 Θεὸν
3303 574 3319 599 ,
3350 534 3547 603 ἐχθρὸν
3580 534 3692 587 τῶν
3734 534 3865 605 ἠμε-

590 645 982 717 despicientem
1015 679 1033 704 ,
1083 638 1329 695 incidere
1384 637 1440 692 in
1492 642 1742 706 peccata,
1792 630 2173 699 virtutumque

2293 627 2454 699 ιέρων
2484 626 2674 696 ψυχῶν
2705 626 2883 697 πάλῃ,
2931 625 3207 694 ἁμαρτίας
3239 628 3562 695 περιπεσεῖν
3592 626 3864 693 πτώματι,

593 736 815 810 spoliari
848 741 1200 791 ornamento.

665 826 833 885 Vsus.
873 826 964 881 27.
1015 823 1299 880 Comedere
1351 820 1455 875 mel
1500 818 1749 879 multum,
1789 831 1895 869 non
1944 821 2022 867 est
2085 811 2176 864 bo-

2281 716 2374 769 ua‘t
2406 715 2497 768 τὸν
2532 716 2738 785 κόσμον
2773 712 3147 768 ἀποϐαλέσθαι
3176 713 3284 767 τῶν
3316 714 3551 784 ἀρετῶν.

2352 806 2457 873 κζ’.
2494 806 2757 861 Ἐσθίειν
2790 806 2931 874 μέλι
2974 805 3158 871 πολὺ,
3208 807 3281 859 οὐ
3326 809 3554 859 καλόν·
3591 803 3770 874 τιμᾷν
3800 806 3867 858 δὲ

596 934 758 983 num;
789 934 1055 973 sermones
1085 926 1263 970 autem
1305 913 1536 983 insignes
1574 911 1838 965 honorare
1901 905 2065 961 decet.
2093 904 2174 960 Ad

2293 900 2400 970 χρὴ
2430 901 2653 970 λόγους
2676 898 2986 963 ἐνδόξους.
3007 899 3095 961 Εἰς
3118 898 3277 967 κόρον
3310 898 3753 968 μεταλαμϐάνειν
3775 897 3865 968 τῆς

596 1025 906 1067 mensuram
982 1007 1090 1063 frui
1152 1005 1424 1077 spirituali
1475 1002 1569 1058 Dei
1617 999 2005 1072 mysteriorum
2053 994 2177 1052 dul-

594 1103 788 1158 cedine
841 1117 949 1156 non
1008 1099 1253 1171 prodest.
1299 1096 1375 1151 De
1414 1095 1500 1150 his
1560 1092 1709 1148 enim
1744 1090 2013 1146 effrenata
2064 1102 2180 1142 me-

2284 992 2667 1063 πνευματικῆς
2726 992 2836 1045 τῶν
2898 992 3059 1046 θείων
3126 992 3441 1062 μυστηρίων
3508 990 3865 1060 γλυκύτητος,

2283 1084 2604 1156 ἀσύμφορον
2624 1098 2640 1115 ⁸
2674 1086 2707 1157 ή
2757 1084 2887 1156 περὶ
2929 1084 3105 1138 ταῦτα
3138 1085 3246 1155 γὰρ
3275 1084 3613 1155 ἀχαλίνωτος
3646 1084 3865 1153 θεωρία,

592 1194 795 1249 dilatio
827 1193 933 1247 fert
975 1190 1041 1244 ad
1101 1188 1489 1260 praecipitium.
1547 1181 1821 1239 Convenit
1866 1188 2049 1233 autem
2102 1175 2181 1228 al-

2293 1180 2442 1249 φέρει
2476 1179 2617 1232 κατὰ
2648 1178 2928 1249 κρημνοῦ·
2957 1177 3302 1231 εὐλαϐεῖσθαι
3347 1177 3390 1230 δ’
3414 1178 3657 1247 ὑπάρχει
3703 1176 3871 1244 ἀρμὸο

597 1286 807 1343 tissima
832 1284 901 1339 de
929 1283 1038 1338 Deo
1070 1281 1325 1352 dogmata
1358 1277 1532 1335 vereri
1556 1285 1612 1332 et
1657 1289 1763 1329 non
1809 1269 2000 1327 conari
2032 1282 2182 1323 com-

598 1377 935 1450 prehendere
966 1369 1577 1445 incomprehensibilem
1620 1367 1743 1438 ejus
1784 1361 2105 1419 essentiam.

669 1551 837 1607 Vens.
878 1550 967 1605 28.
1022 1548 1173 1604 Sicut
1208 1548 1333 1601 urbs
1366 1555 1550 1615 patens
1584 1553 1631 1596 et
1684 1540 1879 1609 absque
1908 1552 2181 1591 murorum

600 1645 805 1698 ambitu
833 1683 849 1706 ,
909 1644 984 1697 sic
1030 1642 1110 1695 vir
1141 1640 1231 1711 qui
1288 1654 1391 1692 non
1458 1652 1576 1689 cum
1615 1631 1837 1687 consilio
1894 1629 2019 1699 quid
2050 1630 2179 1698 agit.

601 1734 1068 1803 Quemadmodum
1102 1732 1235 1786 urbs
1261 1745 1383 1800 qua:
1411 1742 1520 1782 non
1554 1725 1720 1779 habet
1771 1735 1979 1786 muros,
2004 1728 2059 1774 et
2083 1719 2182 1773 mi-

2282 1270 2397 1325 διον
2429 1270 2498 1323 τά
2533 1271 2666 1342 περὶ
2701 1269 2836 1323 Θεοῦ
2868 1269 3181 1340 ὑψηλότατα
3208 1269 3490 1338 δόγματα·
3525 1268 3622 1318 καὶ
3652 1266 3729 1336 μὴ
3758 1268 3871 1319 επι-

2285 1365 2489 1434 χειρεῖν
2527 1362 2972 1432 καταλαμϐάνειν
3008 1361 3070 1415 τδ
3107 1361 3225 1415 κατ’
3248 1360 3435 1414 οὑσίαν
3463 1359 3635 1412 αὑτοῦ
3668 1357 3872 1411 ἀκατά-

2284 1455 2491 1526 ληπτον

2361 1548 2470 1618 κη’.
2522 1549 2752 1616 Ὥσπερ
2806 1548 2985 1612 πόλις
3044 1547 3116 1599 τὰ
3167 1545 3334 1614 τείχη
3386 1543 3869 1613 καταϐεϐλημένη

2288 1642 2387 1695 καὶ
2419 1642 2780 1710 ἀτείχιστος,
2815 1642 3004 1705 οὕτως
3031 1637 3188 1707 ἀνὴρ
3225 1638 3292 1704 ὃς
3328 1640 3400 1692 οὐ
3436 1638 3590 1707 μετὰ
3632 1634 3870 1704 ,βουλῆς

2290 1744 2344 1781 τι
2377 1727 2660 1796 πράσσει.
2703 1729 2968 1797 Καθάπερ
2995 1745 3079 1792 τις
3109 1728 3260 1790 πόλις
3290 1726 3654 1798 καθῃρημένη
3682 1726 3747 1781 τὰ
3768 1727 3869 1779 τεί-

601 1827 750 1883 nime
805 1824 1136 1903 custoditur,
1192 1821 1373 1875 facilis
1407 1827 1719 1888 oppugnatu
1755 1821 1876 1877 est;
1910 1811 1992 1866 sic
2017 1811 2181 1865 etiam

2293 1838 2358 1889 χη
2394 1821 2489 1873 καὶ
2518 1819 2829 1888 ἀφύλακτος
2862 1818 3077 1883 τέλεον,
3112 1818 3284 1881 οὕτως
3319 1818 3555 1889 ὑπάρχει
3590 1818 3869 1871 εὑεπιϐού-

603 1917 694 1972 ille
740 1916 832 1985 qui
853 1900 979 1970 Vsine
1018 1910 1279 1967 rationali
1314 1907 1649 1964 discretione
1699 1904 1942 1958 luctatur
1988 1900 2185 1954 adver-

601 2025 698 2065 sus
732 2009 920 2063 hostes
973 2003 1302 2059 invisibiles.
1362 2002 1472 2054 Aut
1503 1998 1676 2063 enim,
1715 2003 1905 2064 utpote
1961 1992 2188 2048 minime

602 2099 913 2155 custoditus
938 2137 953 2161 ,
1000 2096 1165 2151 facile
1189 2100 1498 2164 occupatur
1527 2087 1885 2161 passionibus
1940 2100 2037 2156 per
2089 2085 2187 2140 de-

604 2190 806 2243 lectum
838 2188 1080 2251 virtutis,
1120 2192 1213 2240 aut
1240 2184 1403 2255 quasi
1470 2180 1782 2237 custoditus
1818 2179 1887 2233 ab
1946 2178 2030 2232 his
2060 2176 2187 2246 qui-

602 2281 706 2334 bus
733 2278 839 2335 sibi
893 2280 1246 2334 securitatem
1280 2275 1615 2335 vindicabat.
1657 2273 1726 2326 ab
1762 2272 1875 2324 alto
1924 2270 2185 2323 deorsum

602 2374 819 2429 delatus
858 2372 913 2425 in
948 2380 1233 2440 peccatum
1262 2408 1274 2421 .
1334 2366 1692 2439 passionibus
1751 2376 1848 2432 per
1895 2374 2185 2414 excessum

605 2466 825 2522 virtutis
857 2464 1098 2535 capitur.

1202 2552 1357 2608 CAP.
1400 2550 1595 2606 XXVI.

680 2648 844 2705 Vens.
862 2649 912 2703 i.
934 2646 1084 2703 Sicut
1101 2662 1185 2700 ros
1203 2646 1257 2699 in
1280 2660 1466 2709 messe,
1485 2651 1535 2698 et
1551 2643 1687 2696 sicut
1705 2642 1885 2712 pluvia
1903 2642 1958 2697 in
1978 2650 2187 2702 testate,

609 2744 686 2799 sic
719 2759 824 2798 non
856 2750 934 2796 est
983 2739 1252 2809 insipienti
1289 2743 1479 2791 honor.
1511 2734 1982 2801 Quemadmodum
2018 2748 2110 2787 ros
2135 2732 2189 2785 in

610 2836 905 2907 manipulis
948 2835 1248 2903 spicarum,
1277 2838 1333 2885 et
1382 2828 1579 2900 pluviae
1610 2828 1665 2881 in
1713 2835 1962 2897 tempore
1993 2824 2191 2881 messis

608 2942 795 2982 earum
818 2942 926 2981 non
953 2923 1380 2981 suntlaudauda:
1401 2924 1494 2994 qui
1528 2939 1637 2979 non
1663 2931 1925 2995 prosunt;
1944 2925 2019 2977 ita
2046 2921 2191 2975 irra-

609 3021 890 3075 tionaliter
915 3026 1336 3075 conversantem
1375 3031 1484 3070 non
1512 3024 1697 3070 manet
1715 3016 1909 3086 gloria,
1935 3029 2113 3084 neque
2136 3014 2188 3068 in

608 3124 808 3180 morte,
865 3128 1043 3183 neque
1077 3117 1202 3181 post
1245 3117 1495 3164 mortem.
1555 3107 1688 3162 Nam
1731 3109 1907 3180 gloria
1971 3107 2187 3177 quidem

607 3206 906 3263 immortali
958 3205 1189 3260 orbatus
1241 3211 1326 3259 est
1362 3242 1378 3265 ,
1413 3203 1544 3271 quia
1592 3217 1700 3257 non
1730 3202 2009 3256 festinavit
2040 3200 2189 3253 illam

607 3302 839 3373 adipisci
888 3316 986 3372 per
1057 3300 1228 3354 vitam
1309 3298 1614 3353 virtutibus
1670 3306 1971 3358 ornatam,
2020 3293 2191 3363 gloria

608 3403 794 3450 autem
857 3402 1211 3463 temporanea
1270 3389 1473 3444 accidit
1523 3388 1686 3444 etiam
1740 3386 1875 3441 illud
1938 3384 2188 3456 spoliari.

685 3573 851 3628 Vsus.
890 3573 947 3627 ‘2.
991 3570 1140 3625 Sicut
1169 3586 1287 3625 aves
1314 3569 1549 3625 volantes
1585 3578 1635 3622 et
1662 3583 1938 3636 passeres,
1984 3567 2062 3623 sic
2089 3584 2195 3621 ma-

610 3665 864 3720 ledictum
894 3679 1087 3718 vanum
1120 3678 1225 3716 non
1278 3661 1605 3730 superveniet
1658 3660 1778 3714 ulli.
1827 3648 2217 3726 Quemadmo:

610 3761 742 3814 dum
773 3774 897 3813 aves
927 3771 1122 3811 omnes
1156 3764 1270 3810 tum
1310 3769 1521 3826 magnae
1548 3769 1674 3807 cum
1707 3769 1888 3824 parvae
1915 3753 2138 3808 avolant
2162 3768 2192 3807 a

613 3847 738 3900 loco
772 3845 827 3899 in
854 3861 962 3915 quo
989 3844 1276 3913 quiescere
1308 3859 1417 3898 non
1447 3851 1716 3913 possunt;
1770 3843 1852 3897 sic
1883 3858 2045 3898 omne
2072 3859 2193 3897 ma-

615 3937 876 3993 ledictum
927 3937 1043 3991 sine
1089 3937 1407 3991 rationabili
1455 3951 1625 3990 causa
1658 3936 1711 3989 in
1748 3936 1900 3989 illum
1948 3937 2041 4007 qui
2077 3951 2194 3990 ma-

617 4029 872 4083 ledicitur
918 4028 1213 4097 prolatum,
1245 4043 1356 4083 non
1408 4027 1589 4082 veniet
1644 4026 1771 4097 ipsi.
1817 4027 1909 4082 sed
1970 4028 2194 4083 omnino

616 4120 967 4190 superveniet
991 4120 1067 4172 illi
1092 4121 1208 4189 qui,
1243 4120 1492 4188 quamvis
1524 4135 1554 4172 a
1591 4118 1811 4175 nemine
1848 4118 2192 4185 maledictus,

614 4211 874 4283 operibus
914 4210 1298 4266 maledictione
1326 4212 1509 4281 dignis
1546 4212 1834 4266 incumbit.

688 4394 857 4450 Vens.
911 4396 964 4448 3.
1008 4392 1155 4448 Sicut
1203 4393 1475 4465 ﬂagellum
1520 4409 1651 4463 equo
1699 4404 1748 4447 et
1790 4410 1972 4449 camus
2020 4396 2189 4461 asino,

2287 1911 2472 1973 λευτος
2500 1914 2594 1965 καὶ
2617 1914 2645 1965 ό
2673 1912 2746 1981 μὴ
2780 1911 2917 1983 μετά
2941 1909 3166 1979 λογικῆς
3189 1910 3537 1981 διακρίσεως,
3578 1928 3635 1979 π(
3657 1910 3718 1967 ὸς
3748 1911 3867 1974 τοὶς

2285 2004 2553 2075 ἀοράτους
2578 2003 2807 2074 ἐχθροὺς
2836 2003 3336 2073 ἀνταγωνιζόμενος
3353 2020 3366 2032 ·
3393 2002 3425 2073 ἥ
3457 2002 3570 2072 γὰρ
3592 2002 3671 2064 ὡς
3695 2003 3863 2073 πάντη

2287 2095 2619 2165 ἀφύλακτος,
2653 2095 3066 2165 εὐεπιχείρητός
3088 2097 3204 2148 ἐστι
3228 2097 3342 2155 τοῖς
3364 2098 3483 2148 κατ’
3511 2095 3753 2164 ἔλλειψιν
3776 2095 3866 2165 τῆς

2287 2188 2487 2258 ἀρετῆς
2517 2185 2778 2239 πάθεσιν·
2821 2186 2854 2258 ἢ
2900 2187 2976 2250 ὼς
3008 2185 3116 2239 ἀπὸ
3147 2186 3353 2239 τούτων
3389 2186 3488 2256 μὲν
3528 2186 3865 2256 φυλασσόμε-

2287 2296 2398 2345 νος,
2423 2280 2508 2347 ἐφ’
2531 2272 2611 2342 οἷς
2640 2278 2686 2331 δ’
2711 2277 2963 2331 ἐντεῦθεν
2993 2277 3053 2331 τὸ
3083 2277 3323 2342 ἀσφαλὲς
3345 2278 3525 2346 ἑαυτῷ
3551 2279 3864 2350 περιεποιή-

2289 2390 2440 2438 σατο,
2473 2371 2823 2440 κατενεχθεὶς
2872 2370 2948 2440 τῷ
2992 2374 3089 2441 τῆς
3119 2372 3405 2442 ἑπὰρσεως
3441 2372 3725 2441 πτώματι.
3756 2374 3861 2438 τοῖς

2289 2465 2412 2522 καθ’
2443 2464 2751 2537 ὑπερϐολὴν
2787 2466 2885 2535 τῆς
2923 2465 3126 2535 ἀρετῆς
3162 2465 3443 2518 ἁλίσκεται
3482 2464 3735 2518 πάθεσιν.

2853 2557 3107 2610 ΚΕΦᾹΛ.
3151 2555 3295 2623 καῖ’.

2360 2657 2429 2706 α’.
2463 2650 2694 2719 Ὠσπερ
2720 2648 2938 2719 δρόσος
2961 2649 3031 2701 ἐν
3069 2648 3294 2718 ἀμητῷ,
3332 2648 3431 2704 καὶ
3467 2648 3677 2717 ὥσπερ
3702 2649 3865 2716 ὐετός

2290 2742 2361 2797 ἐν
2384 2741 2557 2810 θέρει,
2608 2741 2795 2807 οὕτως
2822 2743 2932 2795 οὐκ
2964 2740 3135 2794 ἔστιν
3164 2740 3380 2809 ἄφρονι
3401 2741 3562 2811 τιμή.
3607 2743 3864 2813 Καθάπερ

2290 2835 2481 2907 δρόσος
2516 2835 2573 2885 ὲν
2600 2836 2715 2897 τοῖς
2764 2832 3041 2903 δράγμασι
3082 2832 3193 2885 τῶν
3223 2833 3535 2903 ἀσταχύων,
3576 2833 3675 2886 καὶ
3721 2834 3863 2900 ὑετὸς

2291 2928 2351 2981 έν
2408 2925 2590 3001 καιρῷ
2638 2925 2834 2995 θέρους
2881 2924 3083 2988 αὑτῶν,
3139 2925 3239 2979 οὑκ
3278 2926 3416 2978 εἰσὶν
3469 2927 3752 2990 ἐπαινετὰ,
3797 2927 3865 2985 ὡς

2295 3020 2419 3093 μηδ’
2470 3018 2721 3073 ὁπωσοῦν
2761 3017 3096 3086 ὠφελοῦντα·
3146 3018 3319 3082 οὕτως
3376 3018 3473 3089 οὑχ
3516 3019 3756 3089 ὑπάρχει
3793 3017 3866 3088 τῷ

2291 3112 2592 3185 ἀλογίστως
2649 3114 2857 3185 βιοῦντι
2912 3114 3037 3168 οὔτε
3101 3115 3352 3180 θανόντι,
3411 3115 3538 3168 οὔτε
3585 3115 3867 3186 θνήσκοντι

2300 3208 2455 3271 κλέος
2479 3224 2493 3238 ·
2523 3207 2778 3262 ἐντεῦθεν
2806 3209 2919 3279 γὰρ
2964 3209 3061 3278 τῆς
3095 3210 3196 3278 μὲν
3228 3210 3421 3279 ἀγήρω
3444 3208 3605 3279 δόξης
3648 3212 3871 3280 ὲστερηυ

2301 3302 2465 3372 μένος
2511 3301 2803 3354 ἐστίνοὸτι
2856 3302 2930 3370 μὴ
2966 3300 3199 3353 ἔσπευσε
3245 3302 3445 3364 ταύτας
3495 3302 3565 3354 δι’
3615 3302 3866 3369 ἐναρέτου

2297 3394 2604 3466 κτήσασθαι
2641 3392 2956 3457 πολιτείας·
2992 3392 3282 3463 συμὸαίνει
3312 3394 3356 3447 δ’
3406 3394 3555 3466 αὑτῷ
3599 3394 3868 3449 ἀποϐαλέ-

2302 3484 2428 3537 σθαι
2457 3484 2554 3536 καὶ
2573 3484 2673 3554 τὴν
2696 3483 2987 3554 ἐπίκηρον.

2372 3574 2435 3644 β’.
2469 3574 2698 3643 Ὠσπερ
2719 3573 2894 3642 ὄρνεα
2921 3572 3201 3627 πέτονται
3228 3574 3327 3629 καὶ
3354 3575 3657 3644 στρουθοὶ,
3689 3576 3870 3642 οὕτως

2298 3667 2414 3735 ἀρὰ
2462 3667 2687 3736 ματαία
2726 3668 2838 3720 οὐκ
2889 3667 3281 3721 ἐπελεύσεται
3319 3666 3543 3721 οὐδενί.
3602 3669 3865 3738 Καθάπερ

2266 3776 2269 3779 ‘
2300 3762 2636 3830 ἀφίπτανται
2663 3762 2879 3814 ᾶπαντα
2906 3758 2976 3811 τά
3009 3758 3209 3828 πτηνὰ.
3236 3758 3308 3811 τά
3336 3774 3396 3811 τε
3430 3757 3647 3827 μεγάλα
3682 3758 3780 3812 καὶ
3803 3759 3867 3810 τὰ.

2304 3853 2499 3924 μικρὰ,
2535 3850 2627 3906 τοῦ
2661 3852 2830 3905 τόπου
2882 3852 2938 3904 ὲν
2977 3843 3022 3919 ᾧ
3050 3850 3433 3919 ἀναπαυθῆναι
3486 3850 3561 3919 μὴ
3588 3848 3863 3903 δύνανται·

2298 3944 2473 4009 οὕτως
2500 3942 2850 4013 ἀφισταμένη
2885 3944 3035 3996 πᾶσα
3069 3942 3302 4009 κατάρα,
3335 3941 3421 3993 διὰ
3476 3940 3753 4011 μηδεμίαν
3778 3940 3865 3993 εὑ-

2299 4037 2459 4106 λογον
2486 4034 2666 4089 αἰτίαν
2693 4034 2839 4087 κατὰ
2861 4032 2957 4086 τοῦ
2993 4032 3380 4103 κατηραμένου
3418 4034 3743 4102 κινουμένη,
3775 4033 3867 4086 οὑκ

2300 4128 2515 4181 ἐπέλθοι
2552 4126 2702 4195 αὑτῷ
2728 4140 2742 4154 ·
2794 4124 2988 4193 ἐκείνῳ
3030 4124 3088 4178 δὲ
3122 4124 3340 4188 πάντως
3394 4124 3727 4195 ἐπέρχεται,
3772 4124 3864 4179 κᾶν

2303 4220 2377 4291 μή
2410 4236 2489 4282 τις
2530 4217 2681 4288 αὑτῷ
2718 4216 3119 4289 καταράσηται,
3148 4215 3228 4287 τῷ
3274 4216 3460 4288 ἔργοις
3493 4217 3747 4287 κατάρας
3772 4220 3865 4287 ἑμ-

2303 4312 2543 4382 μένοντι.

2369 4407 2441 4470 γ’.
2475 4402 2706 4468 Ὠσπερ
2740 4397 2963 4469 μάστιξ
2994 4398 3157 4462 ἵππῳ
3189 4399 3288 4451 καί
3320 4398 3574 4468 κέντρον
3607 4398 3747 4465 ὄνῳ,
3777 4398 3864 4452 οῦ.

613 4493 695 4541 ita
741 4488 884 4556 virga
944 4487 1088 4557 genti
1134 4488 1349 4555 iniquae.
1405 4485 1874 4552 Quemadmodum
1922 4487 2190 4559 ﬂagellum

2300 4511 2415 4560 τως
2437 4491 2661 4560 ῥάϐδος
2691 4492 2849 4545 ἔθνει
2880 4492 3222 4559 παρανόμῳ.
3259 4489 3529 4560 Καθάπερ
3561 4490 3866 4555 πλήττουσα

615 4578 835 4632 candens
875 4593 1098 4644 equum,
1146 4576 1426 4632 libidinem
1470 4576 1592 4647 ejus
1647 4587 1702 4632 et
1756 4578 2193 4649 pervicacitatem

614 4677 860 4734 coercet,
884 4678 938 4724 et
962 4684 1153 4723 camus
1190 4685 1436 4740 pungens
1468 4670 1687 4725 asinum
1726 4670 1878 4724 illum
1913 4670 1979 4724 ad
2034 4671 2195 4726 citius

617 4761 1010 4816 ambulandum
1042 4764 1247 4815 excitat
1273 4778 1284 4813 :
1313 4763 1387 4816 ita
1418 4761 1578 4832 quasi
1629 4761 1780 4830 virga
1811 4761 2059 4831 quaedam
2107 4775 2197 4814 ra-

619 4853 846 4907 tionalis
875 4853 1062 4907 carnis
1104 4867 1266 4922 paena
1325 4854 1509 4908 erudit
1564 4854 1827 4923 p0pulum
1886 4853 2195 4907 divinarum

624 4945 805 5014 legum
856 4953 1344 5013 transgressorem.
1418 4943 1586 5000 Sedat
1644 4944 1864 5015 quidem
1924 4945 2198 5015 appetitus

622 5036 1074 5107 concupiscibilis
1133 5036 1639 5107 intemperantiam,
1668 5045 1723 5090 et
1754 5037 2028 5105 appetitus
2084 5037 2194 5090 ira-

622 5129 834 5185 scibilis
880 5128 1297 5195 contentiones;
1326 5130 1531 5183 excitat
1558 5137 1738 5182 autem
1774 5128 2045 5200 pigritiam
2078 5129 2197 5196 ejus

623 5220 986 5274 imbecillitati
1037 5220 1225 5274 carnis
1279 5220 1636 5275 inhaerentem
1699 5228 1756 5273 ut
1788 5219 2043 5274 mandata
2102 5220 2197 5275 Dei

622 5321 779 5367 curet
820 5312 877 5368 iu
918 5313 1073 5383 praxi
1119 5310 1419 5383 implenda.

695 5493 861 5550 Vens.
902 5494 958 5560 4,
990 5496 1044 5550 5.
1070 5492 1149 5549 Ne
1177 5493 1495 5565 respondeas
1537 5493 1699 5548 stulto
1717 5494 1879 5563 juxta
1905 5492 2198 5547 stultitiam

624 5601 798 5650 suam,
834 5602 899 5640 ne
925 5586 1168 5656 emciaris
1197 5588 1244 5641 ei
1271 5587 1505 5653 similis;
1561 5587 1651 5642 sed
1714 5585 1969 5657 responde
2028 5585 2197 5639 stulto

622 5688 810 5731 contra
830 5676 1111 5733 stultitiam
1134 5696 1313 5747 suam,
1341 5696 1403 5735 ne
1439 5681 1541 5735 sibi
1562 5680 1774 5747 sapiens
1801 5694 1911 5732 esse
1933 5676 2194 5732 videatur.

622 5767 709 5823 Illi
746 5768 843 5839 qui
867 5767 1037 5827 Deum
1073 5771 1127 5826 in
1168 5770 1338 5828 corde
1385 5786 1497 5828 non
1553 5772 1717 5829 habet
1754 5786 1824 5829 ne
1872 5769 2192 5828 consentias

2304 4583 2502 4654 μάστιξ
2532 4584 2720 4647 ἵππον,
2749 4580 2812 4633 τὸ
2842 4580 3154 4649 θηλυμανὲς
3198 4583 3388 4633 τούτου
3424 4582 3519 4633 καὶ
3568 4580 3865 4649 φιλόνεικον

2298 4671 2687 4743 ἀποκρούεται,
2741 4672 2836 4724 καὶ
2884 4670 3073 4724 νύττον
3144 4671 3368 4741 κέντρον
3414 4672 3567 4735 ὄνον,
3612 4670 3867 4739 διεγείρει

2296 4762 2488 4816 τοῦτον
2526 4763 2661 4833 πρὸς
2693 4761 2999 4831 ταχυτέραν
3046 4762 3297 4833 πορείαν·
3332 4760 3475 4813 οὕτω
3519 4760 3771 4813 παιδεύει
3799 4759 3868 4821 ὥς

2296 4873 2379 4919 τις
2415 4854 2633 4927 ῥάϐδος,
2666 4855 2699 4922 ἡ
2731 4854 2872 4906 κατά
2900 4854 3059 4921 λόγον
3085 4853 3185 4921 τῆς
3218 4853 3420 4922 σαρκὸς
3466 4855 3711 4922 τιμωρία
3746 4851 3867 4905 λαὸν

2297 4950 2387 5002 τὸν
2427 4949 2554 5010 τοὺς
2590 4944 2769 5008 θείους
2820 4943 3236 5014 παραϐαίνοντα
3286 4943 3518 5012 νόμους·
3554 4944 3650 4996 xui.
3701 4961 3870 4997 κατα-

2298 5038 2464 5093 παύει
2508 5037 2607 5108 μὲν
2635 5036 2696 5088 τὸ
2724 5036 2915 5089 τούτου
2953 5037 3097 5089 κατὰ
3128 5035 3189 5087 τὸ
3223 5034 3650 5104 ἐπιθυμητικὸν,
3676 5035 3868 5088 ἀκόλαο

2300 5148 2450 5193 στον,
2492 5129 2590 5183 καὶ
2622 5128 2682 5183 τὸ
2723 5132 2864 5181 κατὰ
2895 5126 2957 5180 τὸ
2991 5126 3252 5195 θυμικὸν,
3301 5127 3577 5196 μάχιμον·
3613 5126 3869 5194 διεγείρει

2297 5224 2353 5277 δὲ
2387 5223 2445 5275 τὸ
2486 5222 2573 5275 διά
2603 5221 2701 5292 τὴν
2734 5221 3024 5274 ἀσθένειαν
3069 5220 3171 5289 τῆς
3203 5220 3404 5289 σαρκὸς
3438 5219 3649 5291 νωθρὸν
3686 5218 3869 5279 αὑτοῦ,

2298 5311 2436 5380 πρὸς
2457 5309 2776 5381 ἐπιμέλειαν
2802 5309 2902 5380 τῆς
2924 5307 3068 5362 κατά
3088 5307 3288 5380 πρᾶξιν
3319 5308 3426 5362 τῶν
3453 5309 3616 5362 θείων
3641 5308 3869 5361 ἐντολῶν

2298 5402 2513 5474 τρίϐου.

2369 5493 2431 5557 δ’,
2469 5492 2534 5547 ε’.
2572 5492 2667 5561 Μὴ
2706 5493 3040 5562 ἀποκρίνου
3068 5493 3283 5562 ἄφρονι
3314 5492 3464 5561 πρὸς
3492 5490 3609 5557 τὴν
3641 5490 3868 5545 ἐκείνου

2298 5584 2675 5654 ἀφροσύνην,
2715 5584 2816 5638 ἵνα
2832 5582 2917 5653 μὴ
2942 5584 3145 5653 ὅμοιος
3172 5583 3318 5653 γένῃ
3343 5580 3502 5646 αὐτῷ
3523 5621 3538 5643 ,
3564 5581 3707 5635 ἀλλ’
3734 5582 3869 5634 ἀπο·

2302 5675 2512 5741 κρίνου
2548 5673 2766 5743 ἄφρονι
2802 5675 2953 5731 κατὰ
2985 5672 3102 5742 τὴν
3129 5674 3486 5742 ἀφροσύνην
3531 5671 3745 5735 αὑτοῦ,
3778 5671 3869 5723 ἵνα

2302 5764 2390 5837 μὴ
2436 5765 2722 5835 φαίνηται
2754 5764 2949 5835 σοφὸς
2984 5763 3120 5834 παρ’
3149 5762 3361 5831 ἐαυτῷ.
3394 5763 3486 5836 Μὴ
3531 5761 3611 5834 τῷ
3649 5760 3783 5815 Θεὸν
3809 5758 3862 5813 οὐ
