3958 6518
144 306 170 404 ἰ
188 339 282 405 481

1184 334 1722 402 COMMENTARII
1759 331 1842 395 IN
1877 329 2334 399 PROVERBIA.

143 448 508 520 περιφέροντι
532 450 589 502 ἐν
615 447 813 521 καρδίᾳ
837 446 1111 519 ἀπολογοῦ
1137 446 1451 511 ἀκολούθως
1471 448 1538 518 τῇ
1567 442 1726 515 ἀνοίᾳ

1842 446 1984 513 iuxta
2010 447 2189 520 ipsius
2227 445 2603 519 insipientam,
2643 460 2713 504 ne
2738 445 2797 503 in
2825 458 3071 504 errorem
3103 445 3271 505 simul
3335 448 3427 516 iu-

142 540 353 595 αὐτοῦ·
394 540 471 604 ὠς
518 539 585 594 ἂν
627 539 703 612 μὴ
745 543 813 613 τῇ
860 539 1043 615 πλάνῃ
1091 539 1286 594 τούτου
1344 536 1733 609 συνυπαχθῇς·

145 629 356 701 μᾶλλον
398 630 499 702 μὲν
529 624 623 685 οῦν
654 631 751 684 καὶ
794 629 1049 701 ἀντίλεγε
1071 629 1243 701 αὐτῷ,
1279 630 1348 701 τῇ
1374 627 1567 683 τούτου
1597 642 1730 681 κατ-

1842 632 2003 705 ejus,
2038 648 2106 689 ne
2158 633 2450 690 stultitiam
2504 648 2660 690 suam
2718 642 2876 707 putet
2927 634 3307 706 sapientiam,
3372 641 3429 689 et

1839 537 2064 596 ducaris
2100 557 2115 595 :
2148 538 2245 597 sed
2280 539 2463 610 potius
2488 538 2685 597 resiste
2713 539 2764 596 ei
2793 539 3100 597 secundum
3133 539 3425 596 stultitiam

137 721 389 792 αλλήλως
449 722 628 792 ἀνοία,
673 720 823 786 ὅπως
860 722 938 796 μὴ
977 722 1076 795 τὴν
1131 722 1344 778 οίκείαν
1397 721 1612 794 μωρίαν
1649 738 1730 777 νο·

1842 740 2021 799 usque
2069 726 2137 782 ad
2177 734 2411 783 mortem
2452 727 2507 782 in
2550 727 2642 783 illa
2678 734 3036 798 perseveret;
3068 724 3425 809 semetipsum

144 815 286 887 μίσῃ
329 814 548 885 σοφίαν,
599 815 697 870 καὶ
744 816 908 889 μέχρι
970 816 1159 882 τέλους
1189 816 1507 891 παραμείνῃ
1554 818 1732 891 αὐτῇο

141 908 268 963 ἀλλ’
300 910 567 979 ἐκφυγεῖν
593 906 801 981 ταύτην
828 908 1147 982 δυνήσεται,
1175 909 1376 964 ἑαυτοῦ
1398 908 1734 983 ἐπιγνώμων

139 1001 464 1073 γενόμενος.
1428 1076 1429 1079 η

220 1100 297 1159 ς’.
346 1092 451 1147 Ἐκ
490 1089 612 1147 τῶν
650 1091 871 1149 ἑαυτοῦ
923 1092 1079 1149 όδῶν
1125 1093 1359 1162 ὄνειδος
1396 1094 1667 1160 ποιεῖται,
1700 1096 1735 1148 ὁ

140 1186 520 1252 ἀποστείλας
548 1185 625 1239 δι’
658 1186 918 1256 ἀγγέλου
942 1186 1204 1256 ἄφρονος
1224 1187 1432 1257 λόγον.
1469 1186 1601 1239 Ἀπὸ
1623 1185 1733 1239 τῶν

139 1278 368 1349 ἀσόφων
418 1276 801 1348 διανοημάτων
854 1276 1021 1333 αὐτοῦ
1082 1277 1291 1349 μέμψιν
1361 1279 1734 1350 περιποιεῖται

137 1370 348 1443 ἐαυτῷ,
389 1371 419 1423 ὁ
465 1369 555 1424 διὰ
584 1370 682 1424 τοῦ
742 1370 917 1425 ταῦτα
977 1372 1443 1440 καταγγέλλοντος
1495 1371 1734 1443 ἄφρονος

134 1461 309 1531 λόγου
347 1460 700 1516 διδασκαλίαν
728 1461 853 1515 τινά
886 1460 1323 1533 προϐαλλόμενος
1351 1461 1496 1526 νοῦς.
1531 1463 1594 1516 '0
1624 1461 1733 1532 γὰρ

136 1556 201 1610 ἐν
230 1556 484 1624 αἰσθήσει
522 1553 617 1608 τοῦ
652 1554 901 1609 τοιούτου
948 1554 1108 1624 λόγου
1139 1555 1457 1626 γενόμενος,
1491 1556 1733 1628 ἐπιμέμ-

142 1666 315 1717 φεται
338 1647 413 1719 τῷ
437 1647 627 1701 τοῦτον
655 1647 981 1703 ἁποτεκόντι
1029 1647 1132 1716 νοῒ,
1156 1648 1232 1713 ὡς
1258 1649 1334 1722 μὴ
1363 1648 1733 1721 διανοουμένῳ

133 1741 213 1795 τὰ
248 1742 456 1794 δέοντα.

1838 834 2178 894 cognoscens
2205 820 2353 877 illam
2375 820 2616 893 elfngere
2645 820 2870 894 poterit.

1913 1086 2080 1145 Vens.
2107 1087 2164 1144 6.
2204 1086 2289 1144 Ex
2318 1090 2413 1145 viis
2444 1090 2556 1145 suis
2586 1090 2928 1161 opprobrium
2969 1091 3103 1162 facit
3149 1093 3242 1164 qui
3278 1092 3423 1150 misit

1836 1183 2048 1238 rerbum
2077 1198 2171 1253 per
2203 1182 2449 1236 nuntium
2485 1184 2888 1255 imprudentem.
2924 1183 3004 1240 Ex
3034 1186 3425 1257 insipientibus

1834 1274 2262 1346 cogitationibus
2312 1274 2794 1345 reprehensionem
2848 1275 2953 1332 sibi
2986 1278 3216 1333 attrahit
3268 1296 3424 1337 mens

1833 1380 1957 1436 quae
1986 1364 2295 1422 doctrinam
2343 1364 2541 1421 emittit
2569 1381 2665 1437 per
2686 1365 3087 1436 imprudentem
3110 1384 3421 1426 sermonem

1834 1456 1926 1513 illa
1974 1456 2375 1512 enuntiantem.
2404 1454 2592 1513 Talem
2649 1471 2961 1513 sermonem
3006 1458 3101 1531 qui
3133 1460 3421 1533 percipiet,

1836 1558 2081 1605 montem
2118 1548 2415 1622 redarguet
2444 1565 2567 1621 qua:
2594 1549 2848 1623 concepit
2880 1550 3070 1617 illum,
3114 1552 3423 1626 incongrua

1834 1640 2191 1713 cogitavisse.

212 1832 284 1899 ζ’.
333 1833 581 1903 Ἀφελοῦ
627 1833 875 1901 πορείαν
914 1831 1175 1898 σκελῶν,
1208 1833 1304 1887 καί
1348 1832 1730 1902 παρανομίαν

1904 1812 2076 1871 Vens.
2107 1810 2165 1869 7.
2205 1812 2373 1883 Aufer
2407 1822 2646 1887 gressum
2682 1830 2899 1870 crurum
2924 1852 2941 1879 ,
2994 1822 3046 1869 et
3085 1813 3425 1886 iniquitatem

132 1924 212 1980 ἐκ
260 1925 560 1993 στόματος
590 1924 892 1993 ἀφρόνων.
943 1923 1261 1994 Ἐξάλειψον
1285 1923 1384 1996 τὴν
1422 1925 1519 1995 μὲν
1571 1924 1729 1996 ἐνέρ-

132 2031 301 2082 γειαν
348 2014 450 2085 τῆς
501 2014 720 2080 κακίας,
756 2013 865 2068 ἀπό
915 2031 976 2068 τε
1023 2014 1117 2067 τοῦ
1165 2013 1567 2085 ἐπιθυμητικοῦ
1621 2014 1731 2068 τῶν

132 2106 609 2177 ἀμνημονούντων
646 2105 804 2170 Θεοῦ,
830 2106 926 2161 καὶ
964 2106 1060 2160 τοῦ
1116 2107 1351 2179 θυμικοῦ
1378 2124 1392 2138 ·
1435 2105 1503 2161 δι’
1530 2101 1605 2161 ὧν
1636 2106 1731 2160 δυ-

131 2198 388 2268 νάμεων,
416 2197 491 2262 ῶς
534 2215 698 2252 τινων
730 2197 961 2265 σκελῶν,
988 2201 1022 2271 ἡ
1066 2198 1213 2270 ψυχὴ
1240 2197 1427 2252 διώκει
1470 2215 1533 2252 τε
1584 2198 1730 2271 ᾇπερ

133 2291 325 2352 ποθεῖ,
353 2292 447 2346 καί
480 2290 675 2359 φεύγει
704 2291 851 2363 ἆπερ
895 2294 1083 2363 μισεῖ·
1124 2290 1224 2363 τὴν
1247 2291 1304 2345 δέ
1340 2291 1456 2357 ἕξιν
1499 2290 1728 2362 ταύτης,

133 2382 366 2437 ἀπὸτοῦ
398 2383 556 2453 δίκην
580 2381 875 2453 στόματος,
907 2382 1007 2454 τὴν
1043 2383 1205 2437 ποιὰν
1246 2384 1368 2445 ταῖς
1400 2382 1731 2454 εἰρημέναις

132 2476 407 2547 δυνάμεσι
473 2476 694 2548 κίνησιν
753 2475 1152 2548 ὓποτιθεμένου
1210 2474 1555 2547 διανοητικοῦ
1621 2474 1733 2530 τῶν

131 2569 409 2623 τοιούτων
450 2568 757 2642 ἀνθρώπων
780 2587 795 2602 ο
827 2570 946 2624 δέον
976 2570 1033 2624 δέ
1069 2571 1289 2633 πάντως
1326 2569 1607 2639 ἐξαλεῖψαι
1636 2568 1734 2622 αύ-

130 2662 244 2725 τάς
269 2678 282 2691 ·
318 2659 409 2714 διὰ
451 2661 513 2714 τὸ
544 2663 824 2734 σπαρῆναι
861 2660 1015 2733 παρὰ
1062 2660 1155 2715 τοῦ
1209 2660 1449 2731 πονηροῦ
1494 2660 1595 2732 τὴν
1630 2660 1733 2731 τῆς

133 2752 349 2818 κακίας
391 2752 505 2819 ἕξιν
529 2768 543 2784 ο
579 2753 675 2808 καὶ
700 2752 1128 2827 καρποφορῆσαι
1170 2750 1269 2824 τὴν
1312 2750 1524 2806 οίκείαν
1576 2749 1733 2823 ἐνέρ-

131 2858 323 2912 γειαν.

216 2942 289 3007 η’.
331 2934 438 3002 ’ος
462 2935 864 3005 ἀποδεσμεύει
892 2936 1069 2990 λίθον
1086 2936 1156 2989 ἐν
1175 2934 1505 3004 σφενδόνῃ,
1530 2933 1732 3004 ὅμοιός

131 3023 279 3079 ἐστι
307 3024 390 3092 τῷ
420 3024 646 3080 διδόντι
681 3025 896 3097 ἄφρονι
929 3026 1139 3090 δόξαν.
1189 3025 1248 3079 '0
1294 3024 1442 3079 λίθον
1472 3024 1732 3094 ἀσφαλῶς

133 3118 377 3182 ἐντιθεὶς
408 3116 474 3190 τῇ
504 3118 785 3191 σφενδόνη,
820 3118 915 3173 τοῦ
944 3120 1164 3189 ἀφεῖναι
1191 3116 1380 3172 τοῦτον
1405 3117 1724 3190 προθυμου-

137 3213 313 3282 μένου
348 3210 493 3265 κατά.
551 3229 719 3275 τινος,
770 3210 1072 3283 παρόμοιός
1130 3211 1246 3263 ἐστι
1296 3208 1377 3281 τῷ
1427 3210 1724 3281 παρέχοντι

132 3304 313 3375 τιμὴν
389 3302 815 3375 περιποιητικὴν
891 3302 1215 3367 δυναστείας
1278 3301 1356 3372 τῷ
1425 3301 1729 3371 ἀλογίστως

136 3394 394 3465 βιοῦντι·
437 3394 645 3465 ταύτης
673 3392 783 3464 γὰρ
847 3394 876 3447 ὁ
930 3393 1172 3457 τοιοῦτος
1217 3390 1582 3463 δραξάμενος,
1630 3390 1731 3444 οὐκ

133 3486 418 3559 ἀμελήσει
463 3485 533 3539 τὰ
558 3485 697 3557 πρὸς
751 3484 960 3556 βλάσην
1008 3484 1315 3556 ἀνθρώπων
1356 3482 1726 3557 ἐργάζεσθαιο

1835 1920 1902 1962 ex
1946 1924 2036 1963 ore
2082 1904 2520 1977 imprudentium.
2547 1904 2704 1962 Tolle
2750 1906 2880 1961 mali
2933 1906 3313 1977 operationem
3354 1907 3424 1963 ab

1839 2001 2083 2072 appetitu
2118 1999 2539 2072 concupiscihili
2567 2008 2622 2055 et
2655 2001 2902 2072 appetitu
2937 2000 3202 2057 irascibili
3227 2016 3423 2057 eorum

1835 2090 1932 2163 qui
1966 2092 2373 2148 obliviscuntur
2403 2091 2521 2147 Dei.
2558 2090 2657 2148 liis
2679 2092 2940 2163 potenliis
2974 2094 3134 2163 quasi
3181 2093 3420 2164 quibus-

1834 2185 1961 2242 dam
1994 2186 2296 2250 cruribus,
2346 2186 2532 2241 anima
2585 2185 2899 2241 desiderata
2943 2188 3305 2258 prosequitur
3354 2202 3423 2243 ac

1840 2279 2035 2335 odiosa
2078 2278 2239 2351 fugit.
2288 2278 2559 2334 Aﬂ‘ectum
2597 2286 2780 2335 autem
2810 2280 2937 2335 mali
2970 2279 3127 2337 aufer
3154 2280 3316 2351 quasi
3351 2297 3420 2338 es

1832 2383 1951 2435 ore,
1983 2383 2049 2424 es
2090 2367 2369 2424 intellectu
2429 2368 2616 2424 talium
2669 2368 2949 2425 hominum
2997 2369 3093 2441 qui
3162 2369 3421 2442 prafatas

1837 2466 2063 2515 movent
2103 2459 2414 2530 passiones.
2442 2459 2673 2532 Oportet
2715 2460 2887 2533 igitur
2920 2477 3015 2519 eas
3058 2477 3288 2536 prorsus
3326 2463 3423 2521 de-

1832 2549 1967 2604 iere.
2000 2548 2045 2603 A
2090 2549 2333 2620 maligno
2364 2549 2512 2605 enim
2560 2550 2867 2607 seminatur
2913 2550 3046 2607 mali
3088 2550 3317 2611 allectus
3356 2566 3423 2611 ac

1835 2642 2118 2715 profertur
2153 2643 2425 2715 operatio.

1907 2905 2079 2965 Vens.
2106 2905 2161 2963 8.
2206 2904 2314 2974 Qui
2339 2904 2531 2977 alligat
2558 2904 2786 2975 lapidem
2817 2908 2871 2961 in
2905 2905 3095 2975 funda,
3128 2907 3320 2963 similis
3342 2916 3425 2963 est

1834 2998 1919 3053 illi
1946 2999 2036 3070 qui
2066 2999 2160 3052 dat
2192 2999 2462 3068 insipienti
2494 2997 2744 3069 gloriam.
2778 2996 2882 3064 Qui
2907 2997 3142 3067 lapidem
3166 2998 3220 3052 in
3249 2996 3419 3053 funda

1838 3097 2068 3153 firmiter
2095 3097 2286 3166 ponit,
2341 3096 2488 3152 illam
2528 3104 2722 3151 contra
2772 3096 3009 3167 aliquem
3058 3097 3307 3154 emittere
3334 3097 3420 3152 in-

1834 3192 2087 3259 tendens,
2129 3190 2326 3246 similis
2355 3198 2439 3246 est
2485 3190 2537 3246 ei
2583 3190 2677 3261 qui
2718 3190 2982 3246 honorem
3024 3198 3077 3245 et
3116 3192 3419 3262 potentiam

1836 3291 2063 3356 praestat
2099 3283 2495 3339 irrationaliter
2522 3282 2900 3339 conversanti.
2935 3282 3034 3339 Hic
3063 3286 3207 3340 enim
3238 3283 3420 3355 digni-

1832 3382 1945 3431 tate
2010 3376 2221 3447 potitus
2266 3390 2377 3431 non
2427 3375 2664 3446 negliget
2706 3375 2889 3432 facere
2926 3391 3049 3446 quae
3102 3377 3420 3433 hominibus

1835 3476 2057 3522 nocent.
2087 3468 2191 3534 Qui
2222 3478 2401 3523 autem
2427 3467 2575 3523 hunc
2606 3468 2870 3525 honorem
2902 3469 2981 3525 illi
3013 3470 3267 3542 pmstitit
3296 3470 3420 3543 ejus

133 3577 445 3635 κάντεῦθεν
474 3579 503 3632 ὁ
532 3578 633 3650 τὴν
663 3578 831 3649 τιμὴν
856 3577 1006 3649 αύτῷ
1036 3575 1362 3649 παρασχὼν,
1384 3576 1731 3649 συμμέτοχος
1828 3558 2022 3633 iudica
2051 3560 2327 3631 Ρθηίεθβε
2356 3560 2429 3615 m‘

132 3671 304 3727 ἔσται
328 3672 501 3742 τούτῳ
532 3670 631 3742 τῆς
659 3670 1067 3741 κατακρίσεως.

215 3761 287 3818 θ’.
330 3762 619 3817 Ἀκανθαι
662 3762 917 3832 φύονται
962 3761 1033 3815 ἐν
1080 3759 1229 3829 χειρί
1268 3758 1376 3813 τοῦ
1416 3757 1689 3828 μεθύσου
1714 3772 1729 3785 ·

131 3856 394 3911 δουλεία
428 3854 517 3923 δὲ,
546 3855 615 3909 ἐν
660 3854 811 3924 χειρί
856 3853 977 3909 τῶν
1018 3853 1316 3923 ἀφρόνων.
1367 3850 1734 3922 Ἐμμέριμνοι

138 3948 251 4018 μὲν
281 3946 613 4017 ἀναφύονται
645 3946 852 4001 ἔννοιαι
882 3948 948 4018 τῇ
972 3944 1118 4016 ψυχῇ
1152 3945 1210 3997 ἐν
1238 3946 1303 4015 τῇ
1328 3944 1451 3998 κατ’
1478 3942 1732 4013 αἴσθησιν

135 4041 425 4114 ἐνεργείᾳ,
463 4041 560 4096 τοῦ
609 4045 675 4114 τῇ
730 4041 914 4113 σχέσει
956 4040 1067 4095 τῶν
1119 4040 1333 4110 ὁρατῶν
1377 4038 1732 4108 ἐξεστηκότος

134 4134 248 4204 τῆς
278 4132 470 4188 ἑαυτοῦ
514 4133 709 4204 σοφίας
742 4134 883 4200 νοὸς,
914 4132 1168 4187 ἀκανθῶν
1196 4130 1353 4203 δίκην
1393 4128 1732 4202 πλήττουσαι

136 4228 243 4280 καὶ
272 4224 540 4280 λυποῦσαι
571 4226 743 4296 αὐτήν
763 4241 776 4256 ·
818 4223 1031 4279 δουλεία
1057 4224 1116 4279 δὲ
1147 4223 1359 4287 παθῶν,
1398 4223 1455 4276 ἐν
1504 4225 1571 4294 τῇ
1608 4222 1731 4277 κατ’

135 4315 445 4386 ἐπιθυμίαν
494 4315 591 4368 καὶ
631 4314 803 4385 θυμὸν
847 4315 1119 4387 ἐνεργείᾳ,
1150 4314 1262 4368 τῶν
1311 4312 1387 4386 μὴ
1434 4312 1731 4385 ἐμφρόνως

134 4406 270 4469 ταῖς
293 4402 557 4477 δυνάμεσι
582 4404 812 4469 ταύταις
833 4405 1273 4461 ἐπιστατούντων
1302 4405 1602 4477 λογισμῶν·
1628 4406 1726 4460 καὶ

1908 3739 2079 3797 Vsus.
2128 3741 2182 3796 9.
2238 3741 2416 3809 Spinte
2458 3752 2751 3798 nascantur
2792 3741 2847 3797 in
2897 3758 3060 3797 manu
3109 3740 3418 3808 temulenti;

1835 3836 2059 3889 servitus
2107 3843 2285 3888 autem
2334 3834 2388 3889 in
2424 3852 2584 3889 manu
2616 3835 3049 3903 imprudentium.
3098 3835 3153 3890 In
3200 3837 3419 3892 actione

1833 3940 2126 3989 sensuum,
2164 3941 2289 3979 cum
2322 3925 2624 3981 visibilium
2668 3940 2855 3981 amore
2893 3942 3052 3982 mens
3084 3942 3113 3981 a
3143 3927 3416 3998 sapientia

1833 4018 2133 4084 divellitur,
2165 4020 2362 4074 animae
2384 4019 2607 4089 quidem
2640 4026 2947 4073 nascuntur
2976 4018 3415 4085 sollicitudines,

1833 4125 1957 4181 quae.
1978 4111 2122 4166 sicut
2148 4110 2320 4181 spinae
2347 4109 2549 4166 feriunt
2573 4126 2637 4164 ac
2661 4111 2955 4167 molestanl
2981 4126 3136 4179 eam;
3178 4111 3417 4168 servitus

1838 4212 2019 4259 autem
2054 4204 2393 4275 passionum,
2428 4219 2525 4276 per
2558 4202 2857 4261 elllcaciam
2892 4207 3170 4277 appetitus
3204 4220 3410 4261 concu-

1836 4298 2106 4369 piscibilis
2155 4314 2221 4354 ac
2268 4299 2609 4362 irascibilis.
2658 4299 2789 4355 dum
2833 4299 2977 4355 ratio
3017 4299 3102 4355 his
3152 4300 3415 4369 potentiis

1835 4404 1942 4444 non
1972 4396 2194 4459 praeest.
2226 4399 2282 4444 et
2325 4405 2434 4445 non
2468 4389 2663 4448 suadet
2712 4388 3221 4460 concupiscentiam
3256 4387 3415 4446 forti-

140 4498 225 4569 μὴ
261 4497 561 4553 πειθόντων
587 4498 689 4569 τὴν
730 4499 831 4571 μὲν
863 4499 1182 4571 ἐπιθυμίαν,
1217 4499 1481 4573 ἀνδρείως
1515 4496 1723 4570 ύπομέ·
1755 4504 1809 4564 D
1835 4492 1919 4539 ῑετ
1955 4484 2184 4539 ιιιοιεεῑε
2222 4483 2385 4540 ferre-

136 4605 261 4643 νειν
291 4588 362 4643 τὰ
384 4588 627 4661 λυπηρά.

216 4682 274 4738 ι’.
330 4684 539 4739 Πολλὰ
595 4682 926 4755 χειμάζεται
978 4683 1147 4739 πᾶσα
1205 4683 1364 4753 σὰρξ
1411 4683 1726 4753 ἀφρόνων·

134 4775 527 4843 συντρίϐεται
554 4778 663 4847 γὰρ
689 4779 728 4846 ὴ
755 4779 1001 4844 ἐκτασις
1028 4775 1245 4831 αὐτῶν.
1280 4775 1466 4847 Πολλῷ
1498 4775 1729 4848 χειμῶνι

133 4867 471 4939 πειρασμῶν
506 4869 771 4923 ἑκουσίων
806 4887 863 4923 τε
896 4871 991 4923 καὶ
1027 4868 1302 4923 ἀκουσίων
1336 4867 1620 4938 συνέχεται
1646 4867 1729 4921 δί-

134 4973 252 5027 κην
280 4956 579 5030 σκάφουςὴ
617 4958 756 5031 σὰρξ
794 4960 902 5013 τῶν
935 4960 1010 5031 μὴ
1058 4958 1296 5029 ἕμφροσι
1328 4958 1613 5029 λογισμοῖς
1642 4956 1731 5012 οἶά

134 5064 288 5102 τισιν
317 5047 490 5114 οἴαξιν
514 5050 897 5122 ἐπιστημόνως
934 5049 1325 5121 κυόερνώντων
1355 5051 1528 5123 αὑτήν
1549 5065 1565 5082 ·
1600 5048 1728 5103 τού-

132 5158 253 5194 των
287 5140 393 5213 γὰρ
423 5143 457 5214 ἡ
486 5142 596 5196 ἀπὸ
636 5143 733 5197 τοῦ
787 5144 929 5198 κατὰ
964 5142 1127 5213 φύσιν
1160 5145 1240 5206 είς
1271 5143 1334 5197 τὸ
1377 5143 1530 5214 παρὰ
1565 5141 1729 5213 φύσιν

136 5230 273 5285 καθ’
325 5232 521 5304 ἡδονὴν
551 5234 644 5287 καὶ
674 5232 883 5305 ὀδύνην
921 5232 1305 5306 παρεκτροπὴ,
1343 5232 1483 5303 πρὸς
1530 5232 1728 5303 ἓαυτὴν

136 5322 479 5393 προσκρούει
522 5326 625 5379 καῖ
669 5324 985 5397 φθείρεταιο
1016 5326 1209 5396 ὅτιπερ
1256 5324 1327 5377 τὰ
1389 5324 1509 5378 κατ’
1536 5323 1729 5396 ὀδύνην

138 5414 336 5486 παθη,
395 5418 509 5481 τοῖς
558 5417 682 5471 καθ’
726 5417 919 5489 ἡδονὴν
973 5418 1375 5490 ἀντικείμενα,
1436 5415 1727 5487 φθείρουσι

134 5506 341 5574 ταῦτα,
378 5509 474 5562 καὶ
501 5509 710 5574 τούτοις
743 5507 1163 5582 συμφθείρεται.

184 5710 185 5713 η
215 5691 307 5743 ια’.
346 5687 573 5758 Ὠσπερ
602 5690 763 5745 κύων
804 5690 953 5746 ὅταν
979 5689 1202 5760 ἐπέλθῃ
1239 5690 1336 5745 ἐπὶ
1366 5689 1475 5744 τὸν
1510 5684 1727 5743 ἑαυτοῦ

137 5778 377 5849 ἔμετον,
416 5782 515 5835 καί
556 5784 817 5851 μισητὸς
848 5783 1113 5855 γένηται,
1155 5784 1345 5850 οὕτως
1378 5782 1605 5854 ἄφρων,
1650 5777 1725 5848 τῆ

471 5874 743 5937 Parnm.
788 5877 905 5937 Gn.
954 5875 1336 5937 LXXXVII.

1904 4676 2071 4731 Vens.
2103 4676 2191 4730 lO.
2234 4673 2423 4729 Multis
2475 4674 2720 4744 procellis
2771 4675 3015 4745 iactatur
3053 4679 3225 4733 omnis
3286 4696 3414 4736 caro

1830 4766 2262 4834 imprudentium,
2280 4766 2571 4820 conteritur
2594 4767 2733 4820 enim
2762 4769 2991 4822 exstasis
3014 4785 3217 4825 eorum.
3244 4769 3411 4824 Multa

1832 4864 2157 4926 tempestate
2204 4857 2568 4912 tentationum
2602 4857 3040 4913 volnntariarum
3070 4868 3126 4915 et
3151 4862 3410 4916 involun-

1832 4945 2096 4999 tariarum
2146 4946 2301 5016 quasi
2363 4947 2567 5017 scapha
2611 4948 2856 5016 jactatur
2912 4963 3044 5005 caro
3079 4965 3271 5006 eorum
3313 4956 3407 5022 qui

1832 5038 2173 5110 sapientibus
2206 5039 2723 5099 ratiocinationibus
2763 5042 2920 5112 quasi
2945 5044 3273 5113 quibusdam
3307 5062 3411 5113 gu-

1831 5130 2145 5188 bernaculis
2175 5147 2284 5186 non
2316 5132 2553 5188 scienter
2585 5133 2829 5204 dirigunt
2856 5149 3000 5189 eam.
3024 5133 3233 5190 Horum
3261 5136 3409 5190 enim

1830 5225 2097 5280 transitus
2143 5224 2213 5278 ah
2266 5224 2348 5291 eis
2402 5241 2525 5296 quas
2569 5224 2871 5281 secundum
2921 5235 3176 5282 naturam
3221 5227 3289 5281 ad
3344 5242 3411 5281 ea

1830 5332 1951 5387 quae
1992 5326 2121 5371 sunt
2172 5324 2362 5371 contra
2419 5315 2723 5373 secundum
2775 5316 3114 5386 voluptatem
3159 5324 3217 5372 et
3249 5316 3409 5372 dolo-

1830 5410 2149 5476 rem,'illum
2177 5410 2465 5482 propulsat
2488 5417 2544 5465 et
2579 5408 2835 5465 conterit.
2876 5407 3170 5467 Passiones
3210 5424 3410 5466 secun-

1829 5502 1957 5557 dum
1985 5500 2231 5557 dolorem
2258 5542 2274 5567 ,
2329 5500 2683 5572 passionibus
2712 5499 3017 5557 secundum
3049 5501 3406 5571 voluptatem.

1829 5595 2113 5666 oppositas,
2150 5595 2271 5650 illas
2299 5593 2591 5649 destruunt
2620 5594 2815 5649 iterum
2844 5592 2914 5647 ab
2937 5592 3074 5661 ipsis
3094 5592 3406 5649 destructas.

1904 5683 2067 5741 Vnus.
2106 5686 2192 5740 il.
2247 5684 2396 5741 Sicut
2436 5684 2585 5739 canis
2635 5700 2753 5739 cum
2786 5683 3000 5739 redierit
3031 5684 3099 5738 ad
3127 5700 3284 5741 suum
3319 5700 3410 5738 ao-

1830 5777 2043 5843 mitum,
2086 5776 2297 5832 odibilis
2339 5776 2437 5848 ﬁt;
2481 5777 2557 5832 sic
2588 5776 2892 5848 imprudens
2926 5778 3144 5846 propria
3193 5778 3408 5832 malitia

3010 5867 3083 5933 47

3293 338 3431 402 i482

3442 884 3452 925 l
