4054 6508
562 297 699 361 1483

1833 281 2187 346 PROCOPII
2226 282 2471 345 GAZ/El

3687 267 3819 332 148$

560 415 819 462 revertens
863 403 933 458 ad
972 410 1241 474 peccatum
1272 414 1446 455 suum.
1471 397 1942 465 Quemadmodum
1983 397 2140 455 canis

2251 398 2459 455 ἑαυτοῦ
2483 398 2665 467 κακίᾳ
2696 394 3087 466 ἀναστρέψας
3116 391 3215 448 ἐπὶ
3244 390 3360 461 τὴν
3382 388 3605 445 ἑαυτοῦ
3640 387 3824 457 dmp-

559 502 651 571 qui
680 540 696 567 ,
750 514 873 555 cum
907 496 1111 569 aliquid
1143 493 1381 551 comedit
1429 501 1485 549 et
1518 490 1824 548 abhorrens
1854 490 2138 559 evomuit,

561 591 792 656 revertit
822 590 956 646 illud
988 590 1184 645 iterum
1219 585 1683 650 manducaturus,
1712 584 1973 640 omnibus
1997 584 2143 655 aspi-

561 684 855 751 cientibus,
903 683 1009 738 erit
1045 681 1297 749 odiosus;
1320 680 1445 736 illos
1475 676 1726 734 molestia
1756 678 1989 748 implens
2020 692 2033 729 :
2065 675 2142 732 ita

563 778 658 848 qui
715 774 1107 831 irrationaliter
1164 785 1528 835 conversans,
1568 767 1972 825 consuetudine
2011 782 2142 839 pec-

563 870 695 935 cati,
723 867 790 923 ad
817 866 1098 939 propriam
1138 863 1403 919 malitiam
1440 860 1667 916 revertit
1701 874 1813 931 qua
1861 856 2144 915 abstinere

562 960 836 1034 promisit,
870 955 1265 1014 abominabilis
1292 953 1402 1009 erit
1432 952 1544 1010 Deo
1566 961 1624 1008 et
1651 950 1866 1024 angelis
1888 949 2032 1021 ejus.

546 1231 553 1235 '
633 1225 734 1281 Est
752 1224 996 1295 confusio
1022 1222 1291 1279 adducens
1322 1229 1634 1292 peccatum;
1658 1229 1708 1275 ct
1741 1226 1823 1276 est
1855 1217 2101 1289 confusio
2125 1256 2140 1285 ,

560 1319 740 1390 gloria
778 1327 827 1372 et
871 1318 1074 1389 gratia.
1137 1314 1367 1371 Exsistit
1414 1314 1582 1369 timor
1624 1312 1695 1368 de
1737 1311 1885 1383 turpi
1929 1311 2147 1368 actione

550 1409 823 1487 ‘damnum
870 1409 1141 1464 inducens
1172 1415 1287 1461 tum
1321 1405 1529 1461 animae
1556 1418 1683 1459 cum
1714 1403 1978 1475 corpori,
2013 1417 2139 1458 eum

554 1503 655 1573 qui
683 1510 845 1573 turpe
873 1501 1005 1572 egit,
1037 1508 1227 1572 utpote
1252 1501 1321 1555 ab
1351 1497 1673 1553 hominibus
1733 1495 2139 1552 contumeliam

561 1593 672 1667 pati
704 1608 811 1649 non
840 1593 1144 1658 valentem,
1196 1591 1267 1646 ad
1297 1588 1696 1659 ,insidiandum
1738 1587 1975 1660 propria:
2018 1587 2145 1643 vita:

562 1683 922 1756 compellens.
968 1681 1065 1738 Est
1106 1682 1311 1738 iterum
1361 1682 1527 1736 timor
1568 1681 1639 1736 de
1686 1680 1836 1752 turpi
1887 1679 2141 1746 actione,

561 1775 659 1848 qui
691 1746 935 1845 'quidem
972 1772 1151 1844 gloria
1181 1780 1266 1828 est
1298 1769 1455 1827 illum
1489 1746 1802 1837 obtinenti,
1829 1770 1984 1850 quia
2017 1785 2143 1827 eum
2174 1746 2217 1803 Β

568 1884 600 1923 a
652 1865 905 1936 turpibus
949 1863 1307 1935 passionibus
1357 1860 1626 1917 custodit.
1676 1859 1863 1918 Gratia
1915 1870 2143 1930 autem,

564 1958 693 2029 quia
728 1972 759 2011 a
797 1955 907 2012 Deo
964 1954 1127 2013 datur
1175 1961 1236 2009 ut
1280 1953 1486 2009 donum
1525 1953 1830 2024 impediens
1872 1952 1940 2009 ab
1986 1952 2146 2008 incli-

563 2047 787 2103 natione
810 2045 878 2102 ad
902 2044 1108 2117 turpia,
1132 2057 1254 2116 quae
1280 2040 1552 2114 imprimis
1572 2042 1737 2100 nobis
1761 2051 1847 2099 est
1877 2041 2141 2099 timenda.

639 2324 803 2382 Vens.
843 2323 931 2379 l2.
966 2322 1091 2379 Vidi
1124 2322 1296 2377 virum
1322 2321 1412 2392 qui
1444 2318 1648 2375 videtur
1671 2317 1815 2389 apud
1846 2335 1903 2374 se
1939 2320 2147 2390 sapiens

562 2434 697 2486 esse,
735 2418 906 2489 magis
933 2416 1029 2470 illo
1061 2431 1201 2486 spem
1228 2413 1381 2468 habet
1405 2410 1942 2482 insipiens.Vidimus
1968 2412 2148 2468 virum

563 2510 917 2584 passionibus
953 2523 1048 2580 per
1085 2505 1362 2563 defectum
1390 2506 1612 2563 virtutis
1647 2504 2007 2576 intrepidum,
2052 2521 2152 2577 pu-

564 2612 777 2658 tantem
821 2617 850 2656 a
913 2601 1210 2669 semetipso
1258 2598 1461 2653 habere
1508 2596 1781 2653 rationem
1830 2596 2149 2667 passionum

565 2694 1001 2758 destructivam;
1053 2707 1162 2747 non
1214 2699 1397 2746 autem
1449 2688 1598 2743 illam
1642 2703 1673 2743 a
1715 2687 1826 2742 Deo
1875 2686 2148 2743 obtinere.

564 2787 823 2857 Majorem
853 2792 1033 2839 tamen
1069 2799 1133 2839 ac
1161 2782 1252 2839 ille
1287 2782 1450 2837 homo
1481 2796 1632 2852 spem
1668 2781 1869 2837 salutis
1903 2782 2152 2852 acquisi-

564 2878 667 2943 vit,
700 2876 795 2948 qui
823 2874 1178 2947 passionibus
1207 2888 1306 2945 per
1348 2872 1622 2929 defectum
1656 2872 1885 2931 virtutis
1929 2873 2152 2928 irratio—

564 2969 767 3026 naliter
813 2968 1147 3036 volutatur;
1200 2966 1331 3038 quia
1389 2965 1482 3021 hic
1544 2962 1793 3036 quidem,
1869 2964 2148 3036 propriam

566 3077 878 3137 agnoscens
930 3061 1311 3117 infirmitatem
1336 3102 1353 3127 ,
1402 3066 1622 3128 tempus
1665 3065 1950 3128 exspectat
1978 3058 2154 3129 paeni-

568 3154 755 3211 tentiae
785 3170 883 3226 per
905 3168 1069 3225 quam
1111 3158 1296 3224 sperat
1349 3165 1382 3206 a
1432 3152 1543 3206 Deo
1594 3149 1829 3205 salutem
1860 3148 2150 3217 obtinere;

568 3247 660 3301 ille
689 3261 857 3315 vero,
913 3245 1011 3315 qui
1070 3242 1447 3316 arrogantiam
1498 3239 1567 3295 de
1615 3238 1921 3297 abundanti
1955 3241 2155 3298 virtute

566 3352 765 3393 vanam
809 3352 873 3393 ac
917 3336 1321 3392 intolerandam
1357 3348 1481 3391 esse
1529 3332 1785 3404 ignorat,
1839 3332 1932 3387 vix
1965 3334 2153 3389 sonari

570 3438 769 3501 potest.

642 3520 807 3575 Vens.
833 3518 919 3574 15.
964 3517 1105 3571 Dicit
1128 3518 1273 3589 piger
1304 3516 1496 3573 missus
1523 3519 1591 3572 ad
1625 3520 1761 3574 viam
1786 3559 1801 3586 ,
1840 3518 1920 3574 leo
1952 3517 2007 3572 in
2031 3517 2153 3582 riis,

568 3612 625 3665 in
680 3610 873 3680 plateis
923 3618 1101 3662 autem
1155 3608 1365 3663 sicarii.
1422 3608 1600 3665 Homo
1653 3610 1944 3682 negligens
1991 3623 2154 3680 quem

567 3710 623 3757 et
649 3716 747 3771 per
782 3701 955 3773 legem
992 3698 1262 3771 scriptam
1314 3708 1369 3753 et
1417 3715 1514 3770 per
1556 3700 1726 3773 legem
1760 3699 2065 3757 naturalem
2100 3708 2159 3754 ut

566 3793 625 3848 in
657 3789 895 3848 salutari
929 3789 1052 3861 ejus
1084 3788 1373 3845 voluntate
1421 3788 1664 3846 ambulet
1714 3789 1971 3845 hortatur
2011 3788 2155 3843 Deus

566 3885 661 3954 qui
728 3883 883 3938 illum
926 3881 995 3936 ad
1052 3883 1220 3936 vitam
1293 3880 1526 3936 adduxit
1592 3890 1651 3937 et
1705 3881 1967 3936 omnibus
2029 3879 2157 3950 jure

566 3983 767 4048 praest
826 3974 1212 4029 universorum
1262 3973 1491 4027 Creator
1550 3986 1616 4027 ac
1672 3971 1978 4040 Dominus,
2028 3987 2156 4027 cau-

569 4075 730 4121 satur
779 4074 1050 4131 metuere,
1115 4064 1173 4118 in
1202 4063 1308 4118 viis
1372 4062 1592 4132 quidem
1625 4064 1814 4136 praxis
1864 4063 2157 4121 mandato-

568 4168 694 4209 rum
726 4151 823 4207 Bei
864 4152 919 4207 in
950 4152 1067 4223 lege
1124 4152 1329 4220 scripta
1359 4163 1758 4223 praeceptorum
1786 4192 1802 4218 ,
1833 4153 1904 4209 ob
1936 4154 2156 4210 virtutis

569 4246 828 4309 labores,
864 4252 1101 4298 mortem
1133 4258 1256 4313 quas
1296 4243 1453 4313 quasi
1490 4244 1576 4300 leo
1618 4245 1831 4300 animas
1869 4245 2151 4301 hominum

569 4336 807 4409 abripit;
838 4338 892 4391 in
932 4333 1227 4391 latitudine
1250 4343 1432 4391 autem
1462 4337 1734 4393 naturalis
1766 4337 2151 4394 exsistentium

2244 491 2400 546 τίαν.
2434 489 2703 562 Καθάπερ
2734 488 2879 543 κύων
2910 488 3042 542 ὅταν
3080 486 3167 556 ἐφ’
3192 486 3328 556 ὅπερ
3363 480 3558 553 φαγὼν
3604 476 3829 551 βρῶμα,

2244 580 2342 635 καὶ
2388 578 2786 651 βδελυξάμενος
2844 578 3133 648 ἀπήμεσεν
3159 615 3175 642 ,
3224 570 3618 641 ἐπαναστρὲζίῃ
3670 566 3831 621 τοῦτο

2244 667 2404 737 αὖθις
2434 672 2794 744 τρεφόμενος,
2844 671 3016 724 πᾶσιν
3059 668 3215 722 ἔσται
3262 667 3373 730 τοῖς
3408 662 3672 735 βλέπουσι
3710 658 3831 730 βδε-

2244 764 2462 830 λυκτδς,
2520 765 2597 827 ὡς
2652 763 2847 834 ἀηδίας
2897 760 3125 824 τούτους
3175 758 3432 829 πληρῶν·
3469 754 3616 809 οὕτω
3667 751 3768 805 καὶ
3805 753 3832 802 ὁ

2244 855 2547 926 ἀλογίστως
2578 855 2734 927 βιῶν,
2756 857 2825 927 τῇ
2863 852 3124 926 συνηθείᾳ
3148 853 3249 923 τῆς
3273 850 3575 922 ἁμαρτίας,
3606 844 3704 899 ἐπὶ
3734 843 3835 913 τὴν

2246 947 2442 1002 ἑαυτοῦ
2460 944 2799 1019 ἐπιστρέψας
2821 947 3048 1010 κακίαν,
3071 940 3136 1015 ἦς
3157 940 3497 1011 ἀποσχέσθαι
3536 936 3831 1006 ὑπέσχετο,

2245 1040 2402 1094 ἐσται
2427 1038 2547 1112 Θεῷ
2577 1056 2638 1093 τε
2678 1039 2775 1094 καὶ
2823 1039 2939 1102 τοῖς
2978 1035 3155 1107 ἁγίοις
3206 1032 3461 1104 ἀγγέλοις
3498 1028 3671 1084 αὗτοῧ
3714 1026 3833 1098 βδε·

2245 1132 2464 1203 λυκτός.

2319 1225 2533 1280 Ἔστιν
2550 1223 2816 1294 αἰσχύνη
2837 1220 3152 1294 ἐπάγουσα
3174 1218 3473 1290 ἁμαρτίαν
3487 1234 3501 1248 ·
3533 1214 3635 1270 καὶ
3661 1213 3833 1267 ἔστιν

2244 1314 2532 1384 αίσχύνη,
2568 1315 2720 1380 δόξα
2763 1314 2861 1369 καὶ
2896 1314 3089 1384 χάρις.
3134 1312 3404 1383 ’Υπάρχει
3429 1308 3593 1379 φόϐος
3619 1305 3713 1359 ἐπ’
3746 1308 3832 1358 αἱ-

2248 1408 2400 1480 σχρῷ
2452 1409 2834 1482 πεπραγμένῳ
2870 1407 3076 1479 βλάϐην
3133 1404 3354 1474 ἐπάγων
3404 1400 3647 1473 ψυχικὴν
3693 1396 3830 1468 ὁμοῦ

2244 1500 2341 1555 καὶ
2398 1498 2743 1571 σωματικὴν,
2807 1499 3026 1563 πάντως
3077 1499 3106 1552 ό
3160 1497 3252 1550 τὸν
3282 1490 3726 1564 διαπραξάμενον
3773 1490 3831 1543 τὸ

2245 1590 2496 1663 αἰσχρὸν,
2543 1590 2621 1656 ὡς
2660 1590 2760 1663 τὴν
2794 1589 2925 1663 παρ’
2971 1587 3281 1661 ἀνθρώπων
3320 1584 3585 1656 αἰσχύνην
3620 1583 3699 1653 μὴ
3740 1582 3831 1651 φέ-

2247 1698 2433 1754 ροντα,
2462 1680 2725 1735 συνωθῶν
2752 1680 2833 1744 είς
2858 1679 2920 1733 τὸ
2948 1674 3524 1745 ἐπιϐουλεύσασθαιτῇ
3554 1672 3663 1743 ἰδίᾳ
3687 1670 3830 1740 ζωῇ·

2245 1774 2341 1829 καὶ
2374 1773 2613 1844 ὑπάρχει
2651 1770 2811 1834 αὖθις
2843 1770 3012 1842 φόϐος
3046 1769 3135 1824 ἐπ’
3178 1764 3391 1837 αἶσχρῷ
3428 1761 3829 1834 πεπραγμένῳ,

2243 1866 2305 1932 ὃς
2328 1867 2472 1941 τιμὴ
2501 1865 2600 1939 μέν
2636 1867 2755 1919 ἐστι
2800 1864 2898 1919 τοῦ
2935 1861 3190 1934 τυχόντος
3233 1857 3423 1923 αὑτοῦ,
3454 1855 3531 1920 ὡς
3584 1854 3696 1909 ἀπὸ
3726 1854 3833 1907 τῶν

2247 1957 2589 2029 ἀτιμοποιῶν
2646 1955 2840 2011 παθῶν
2890 1954 3272 2025 διαφυλάττων
3308 1950 3472 2005 αὐτόν
3502 1964 3521 1981 ο
3550 1947 3719 2018 χάρις
3753 1946 3834 2011 δὲ,

2246 2052 2323 2116 ὡς
2338 2049 2519 2123 τούτῳ
2539 2046 2817 2120 διδόμενος
2843 2047 2999 2118 παρὰ
3026 2045 3163 2099 Θεοῦ
3197 2042 3371 2114 δῶρον
3396 2038 3705 2094 κωλυτικόν
3738 2037 3833 2107 τῆς

2247 2143 2389 2215 πρὸς
2408 2140 2479 2196 τὰ
2507 2139 2715 2212 αἰσχρὰ
2738 2139 2941 2211 ῥοπῆς·
2971 2134 3087 2192 ἀνθ’
3111 2129 3180 2207 ἥς
3205 2133 3406 2207 μᾶλλον
3434 2129 3640 2201 ὤφειλε
3665 2144 3836 2199 τιμω-

2250 2232 2512 2305 ρηθῆναι.

2322 2322 2412 2397 ιβ’.
2451 2321 2637 2380 Εἶδον
2685 2320 2876 2391 ἄνδρα
2914 2318 3179 2385 δόξαντα
3221 2312 3365 2385 παρ’
3401 2309 3596 2379 ἑαυτῷ
3638 2310 3836 2380 σοφὸν

2248 2413 2403 2473 εἶναι
2426 2433 2438 2445 ·
2469 2415 2689 2471 ἐλπίδα
2707 2415 2913 2487 μέντοι
2939 2413 3088 2483 ἔσχε
3107 2409 3355 2481 μᾶλλον
3388 2407 3599 2477 ἄφρων
3623 2403 3839 2459 αὑτοῦ.

2262 2506 2611 2579 Ἐθεασάμην
2644 2506 2766 2561 τινὰ
2794 2508 2909 2569 τοῖς
2947 2506 3067 2558 κατ’
3090 2502 3330 2573 ἔλλειψιν
3357 2498 3460 2567 τῆς
3488 2497 3697 2569 ἀρετῆς
3730 2496 3831 2550 πάο

2252 2600 2402 2655 θεσιν
2431 2599 2724 2671 ἀπτόητον,
2771 2596 2985 2651 οἴκοθεν
3014 2595 3159 2667 ἔχειν
3190 2595 3493 2665 νομίσαντα
3542 2592 3637 2645 τὸν
3685 2591 3835 2644 om-

2253 2695 2470 2766 ρετικδν
2499 2692 2607 2747 τῶν
2652 2691 2843 2746 παθῶν
2868 2689 3047 2759 λόγον,
3084 2689 3181 2741 καὶ
3200 2688 3276 2759 μὴ
3304 2686 3454 2758 παρά
3481 2683 3619 2737 Θεοῦ
3652 2682 3838 2735 τοῦτον

2251 2782 2467 2837 λαϐεῖν·
2512 2782 2675 2836 πλέον
2721 2783 2823 2853 μέν
2870 2798 2952 2834 τοι
2986 2797 3050 2849 γε
3097 2779 3197 2833 τοῦ
3238 2777 3483 2832 τοιούτου
3545 2773 3839 2846 ἀνθρώπου

2253 2876 2531 2948 σωτηρίας
2567 2873 2761 2929 ἐλπίδα
2792 2873 3084 2944 ἐκτήσατο,
3109 2871 3138 2925 ό
3172 2872 3284 2934 τοῖς
3324 2868 3445 2923 κατ’
3475 2866 3719 2937 ἔλλειψιν
3740 2866 3837 2936 τῆς

2250 2968 2457 3041 ἀρετῆς
2513 2967 2746 3023 πάθεσιν
2804 2966 3110 3035 ἀλογίστως
3162 2961 3693 3033 ἐγκυλινδούμενος·
3756 2961 3839 3014 ὃτι

2253 3055 2409 3123 οὗτος
2440 3058 2561 3130 μὲν,
2585 3057 2687 3131 τὴν
2706 3057 2916 3112 οἰκείαν
2939 3052 3322 3125 ἐπιγινώσκων
3343 3052 3656 3118 ἀσθένειαν,
3672 3066 3838 3120 μετα-

2254 3151 2407 3212 νοίας
2438 3148 2936 3223 ἁναμένεικαιρδν,
2972 3149 3041 3202 δι’
3085 3142 3154 3220 ἧς
3184 3144 3397 3209 ἐλπίζει
3434 3145 3623 3215 τυχεῖν
3667 3159 3836 3213 σωτη·

2260 3242 2379 3315 ρίας
2402 3241 2558 3313 παρὰ
2586 3240 2723 3296 Θεοῦ
2743 3258 2757 3273 ο
2786 3243 2997 3305 ἐκεῖνος
3029 3240 3110 3307 δὲ,
3149 3239 3212 3293 τὸ
3250 3237 3374 3292 καθ’
3401 3233 3712 3305 ὑπερϐολὴν
3739 3234 3836 3304 τῆς

2251 3333 2454 3404 ἀρετῆς
2478 3332 2730 3387 διάκενον
2756 3331 2932 3403 οἴημα
2963 3330 3195 3402 ἀγνοῶν,
3222 3330 3297 3394 ὡς
3330 3327 3697 3397 δυσφόρητον,
3723 3326 3837 3379 ἐστὶ

2252 3422 2715 3495 δυσθεράπευτος.

2327 3520 2417 3582 ιγ’.
2458 3513 2634 3584 Λέγει
2690 3513 2947 3583 ὀκνηρὸς
2977 3514 3512 3585 ἀποστελλόμενος
3533 3517 3624 3583 είς
3652 3515 3796 3570 ὁδόν
3818 3531 3832 3545 ·

2256 3604 2423 3659 Λέων
2444 3605 2514 3659 ἐν
2531 3605 2662 3673 ταῖς
2690 3604 2858 3672 ὁδοῖς
2877 3622 2892 3637 ·
2922 3606 2992 3659 ἐν
3017 3606 3086 3660 δὲ
3113 3606 3242 3673 ταῖς
3268 3609 3582 3675 πλατείαις
3615 3626 3837 3678 φονευ-

2257 3697 2376 3751 ταί.
2408 3696 2467 3750 '0
2497 3697 2763 3770 ῥᾴθυμος,
2791 3700 3233 3770 προτρεπόμενος
3267 3700 3355 3753 διά
3382 3718 3443 3754 τε
3466 3700 3560 3755 τοῦ
3589 3699 3835 3775 γραπτοῦ

2257 3791 2449 3861 νόμου,
2475 3792 2571 3844 καὶ
2592 3791 2689 3844 τοῦ
2717 3791 2953 3860 φυσικοῦ
2989 3793 3047 3846 ἐν
3066 3792 3145 3863 τῷ
3175 3794 3495 3865 Δεσποτικῷ
3526 3794 3626 3847 καὶ
3661 3811 3833 3864 σωτη-

2260 3882 2360 3954 ρίῳ
2409 3881 2744 3954 πορευθῆναι
2775 3883 3064 3954 θελήματι,
3102 3885 3235 3955 παρ’
3263 3884 3428 3937 αὑτοῦ
3477 3886 3701 3950 πάντως
3744 3886 3833 3939 τοῦ

2255 3972 2336 4036 είς
2358 3971 2418 4024 τὺ
2447 3966 2587 4025 εῖναι
2614 3971 2808 4025 τοῦτον
2846 3974 3288 4045 παραγαγόντος,
3332 3975 3428 4028 καὶ
3480 3977 3650 4028 πᾶσιν
3685 3978 3832 4030 ἐννό-

2258 4080 2377 4135 μως
2406 4062 2829 4129 ἐπιστατοῦντος
2860 4065 3095 4136 Ποιητοῦ
3122 4067 3220 4120 καὶ
3244 4066 3519 4120 Δεσπότου
3561 4067 3673 4121 τῶν
3700 4068 3835 4122 ὅλων

2255 4154 2415 4220 Θεοῦ,
2460 4155 2859 4227 προφασίζεται
2912 4157 3239 4227 φοϐεῖσθαι·
3283 4160 3342 4213 ἐν
3390 4161 3490 4230 μὲν
3529 4162 3655 4224 ταῖς
3697 4163 3835 4215 κατά

2255 4247 2455 4320 πρᾶξιν
2495 4249 2704 4319 τρίϐοις
2733 4249 2842 4303 τῶν
2875 4250 2933 4302 ἐν
2964 4250 3044 4322 τῷ
3092 4251 3324 4324 γραπτῷ
3357 4252 3508 4323 νόμῳ
3553 4252 3719 4307 θείων
3748 4256 3833 4307 ἐν-

2252 4343 2447 4411 τολῶν,
2466 4344 2553 4399 διὰ
2583 4344 2644 4398 τὸ
2665 4347 2765 4416 τῆς
2788 4346 2992 4416 ἀρετῆς
3017 4346 3298 4411 ἐπίπονον,
3328 4348 3421 4402 τὸν
3441 4348 3599 4420 δίκην
3623 4349 3833 4415 λέοντος

567 4428 1073 4500 contemplationis,
1103 4428 1383 4484 daemones
1411 4429 1464 4483 in
1495 4430 1614 4499 ipsa
1647 4444 1745 4500 per
1768 4431 2143 4501 deceptionem

2251 4437 2345 4501 τὰς
2381 4437 2488 4492 τῶν
2541 4438 2849 4510 ἀνθρώπων
2881 4439 3061 4511 ψυχὰς
3106 4440 3428 4511 ἁρπάζοντα
3470 4442 3705 4499 θάνατον
3726 4459 3743 4474 ·
3779 4445 3834 4497 ἐν

568 4534 831 4576 sensuum
857 4519 1188 4575 insidiantes
1220 4526 1284 4575 ut
1308 4519 1554 4576 latrones
1584 4528 1639 4576 et
1670 4520 1959 4576 fallacibus
1981 4536 2142 4592 appa-

566 4612 807 4667 rentium
851 4610 1208 4682 opinionibus
1252 4622 1491 4667 mentem
1534 4612 1641 4669 vita
1691 4612 1969 4685 spirituali
2021 4629 2151 4684 spo-

567 4702 791 4760 liantes.

640 4988 806 5045 Vnus.
834 4987 919 5043 Μ.
955 4987 1105 5058 Sicut
1123 4988 1297 5057 janua
1331 4990 1552 5045 vertitur
1620 5007 1776 5061 super
1834 4993 2152 5062 cardinem,

566 5079 647 5137 ita
676 5082 823 5152 piger
861 5098 1019 5152 super
1040 5082 1231 5136 lectum
1264 5099 1440 5137 suum.
1477 5083 1633 5138 Sicut
1680 5095 1839 5155 porta
1898 5095 1957 5141 ut
2016 5104 2151 5160 ape-

567 5174 745 5229 riatur
770 5188 936 5243 super
968 5174 1173 5238 solum,
1215 5175 1504 5245 proprium
1557 5176 1838 5232 cardinem
1895 5181 2148 5245 vertitur.

568 5265 647 5319 ita
713 5265 808 5335 qui
838 5265 908 5320 ob
957 5266 1180 5320 virtutis
1223 5265 1472 5321 laborem
1523 5267 1591 5322 ad
1642 5252 1995 5341 exsequenda
2052 5271 2151 5328 Dei

568 5357 828 5412 mandata
860 5357 1144 5428 negligens
1183 5366 1301 5423 est,
1340 5374 1511 5415 carne
1544 5361 1700 5432 quasi
1734 5362 1876 5417 lecto
1911 5364 2149 5434 quodam

566 5445 918 5515 requiescens
948 5445 1020 5500 ob
1056 5447 1357 5516 voluptatis
1390 5462 1656 5513 amorem,
1713 5450 1879 5505 modo
1908 5453 2150 5507 sollicito

567 5536 691 5608 ejus
724 5535 939 5602 aﬂ'ectu,
982 5537 1477 5606 circumvolvitur;
1535 5539 1837 5595 secundum
1872 5543 2150 5612 appetitus

566 5628 788 5697 quidem
816 5628 1113 5687 irascibilis
1168 5630 1651 5705 intemperantiam
1705 5632 1772 5687 ad
1805 5633 2147 5705 voluptatum

569 5722 844 5793 uopetitus
867 5737 926 5781 se
960 5730 1315 5791 convertens,
1348 5724 1652 5781 secundum
1702 5733 1887 5783 autem
1935 5729 2149 5798 appeti-

2252 4530 2310 4584 δὲ
2342 4529 2421 4600 τῷ
2449 4530 2549 4602 τῆς
2581 4531 2824 4602 φυσικῆς
2851 4531 2961 4587 τῶν
2995 4533 3167 4587 ὄντων
3196 4534 3433 4607 θεωρίας
3464 4535 3689 4602 πλάτει,
3709 4538 3834 4601 τοὺς

2251 4624 2310 4677 ἐν
2338 4621 2515 4693 τούτῳ
2545 4622 2637 4676 διὰ
2656 4625 2719 4677 τὸ
2749 4623 3031 4693 ἀπατηλὸν
3060 4628 3162 4696 τῆς
3185 4625 3493 4698 αἰσθήσεως
3520 4627 3835 4702 λῃστρικῶς

2252 4715 2631 4786 ἐνεδρεύοντας
2682 4716 2968 4787 δαίμονας,
3020 4717 3119 4772 καὶ
3146 4720 3268 4781 ταῖς
3300 4718 3524 4788 ψευδέσι
3568 4724 3834 4794 περὶτῶν

2254 4807 2596 4877 φαινομένων
2657 4808 2859 4873 δόξαις,
2923 4809 3362 4882 ἀποστεροῦντας
3411 4812 3505 4865 τὸν
3552 4812 3681 4868 νοῦν
3735 4815 3833 4884 τῆς

2251 4901 2444 4954 τούτου
2474 4902 2533 4953 ἐν
2568 4900 2839 4970 πνεύματι
2861 4902 3026 4972 ζωῆς.

2325 4991 2387 5045 ιδ’
2392 5032 2407 5047 .
2438 4991 2666 5061 “Ωσπερ
2692 4992 2841 5061 θύρα
2863 4992 3181 5063 στρέφεται
3200 4994 3297 5048 ἐπὶ
3316 4993 3423 5048 τοῦ
3446 4994 3833 5063 στρόφιπος,

2252 5081 2442 5148 οὕτως
2474 5081 2727 5151 ὀκνηρὸς
2765 5082 2865 5136 ἐπὶ
2905 5082 3017 5152 τῆς
3046 5085 3264 5155 κλίνης
3304 5085 3513 5140 αὐτοῦ.
3566 5087 3836 5158 Καθάπερ

2255 5171 2393 5243 θύρα
2414 5174 2472 5228 ἐν
2504 5173 2651 5245 μόνῳ
2674 5174 2754 5246 τῷ
2782 5175 2897 5247 ἰδίῳ
2923 5176 3213 5249 στρόφιγγι
3232 5177 3664 5248 περιστρέφεται
3686 5182 3838 5233 ἀνοι-

2252 5266 2483 5338 γομένη,
2510 5267 2653 5321 οὕτω
2681 5270 2775 5322 καὶ
2795 5272 2822 5324 ό
2854 5270 2991 5340 πρὸς
3014 5271 3112 5343 τὴν
3142 5271 3407 5347 ἐργασίαν
3434 5271 3541 5323 τῶν
3576 5270 3669 5324 τοῦ
3703 5271 3839 5325 Θεοῦ

2254 5359 2489 5415 ἐντολῶν
2535 5361 2627 5415 διὰ
2670 5363 2732 5415 τὺ
2764 5364 2863 5433 τῆς
2894 5365 3097 5435 ἀρετῆς
3144 5364 3423 5433 ἐπίπονον,
3466 5364 3741 5436 ῥᾴθυμος,
3773 5369 3836 5436 τῇ

2257 5452 2423 5522 σαρκὶ
2456 5449 2533 5514 ὥς
2569 5469 2677 5507 τινι
2712 5452 2893 5526 κλίνῃ,
2928 5452 3016 5507 διὰ
3053 5453 3369 5525 φιληδονίαν
3403 5456 3836 5526 ἐπαναπαυόμε-

2255 5560 2365 5611 νος,
2393 5543 2535 5616 μόνῃ
2559 5547 2626 5616 τῇ
2662 5546 2991 5618 ἐμμερίμνῳ
3023 5546 3207 5618 σχέσει
3235 5546 3440 5619 ταύτης
3468 5549 3836 5621 ἐμπεριστρέ-

2258 5653 2420 5705 φεται
2442 5654 2455 5668 ·
2504 5639 2647 5693 κατὰ
2683 5640 2781 5710 μὲν
2811 5640 3110 5712 ἐπιθυμίαν
3139 5642 3464 5709 ἀκόλαστον,
3511 5642 3623 5697 τῶν
3652 5643 3832 5715 ἐνηδό·

2264 5744 2370 5783 νων
2416 5727 2654 5799 ὀρέξεων
2711 5731 3205 5803 ἐπιστρεφόμενος·
3273 5734 3414 5789 κατὰ
3448 5733 3505 5789 δὲ
3560 5734 3733 5807 θυμὸν
3761 5734 3833 5805 μὴ
