  <div class='ocr_page' id='page_1' title='image "/cluster/home/n/w/nwhite01/storage/ocr_20150623/87:1/hvd.32044020319117/750.png"; bbox 0 0 4054 6496; ppageno 0'>
   <div class='ocr_carea' id='block_1_1' title="bbox 290 263 429 328">
    <p class='ocr_par' dir='ltr' id='par_1_1' title="bbox 290 263 429 328">
     <span class='ocr_line' id='line_1_1' title="bbox 290 263 429 328; baseline 0.007 -1"><span class='ocrx_word' id='word_1_1' title='bbox 290 263 429 328; x_wconf 75' lang='grc'><strong>1485</strong></span> 
     </span>
    </p>
   </div>
   <div class='ocr_carea' id='block_1_2' title="bbox 1277 263 2422 330">
    <p class='ocr_par' dir='ltr' id='par_1_2' title="bbox 1277 263 2422 330">
     <span class='ocr_line' id='line_1_2' title="bbox 1277 263 2422 330; baseline 0.001 -3"><span class='ocrx_word' id='word_1_2' title='bbox 1277 263 1815 328; x_wconf 79' lang='lat' dir='ltr'><strong>COMMENTARII</strong></span> <span class='ocrx_word' id='word_1_3' title='bbox 1848 263 1931 325; x_wconf 81' lang='lat' dir='ltr'><strong>IN</strong></span> <span class='ocrx_word' id='word_1_4' title='bbox 1965 264 2151 330; x_wconf 72' lang='grc' dir='ltr'><strong>ΡΒοι</strong></span> <span class='ocrx_word' id='word_1_5' title='bbox 2168 279 2422 329; x_wconf 68' lang='lat' dir='ltr'><strong>unum.</strong></span> 
     </span>
    </p>
   </div>
   <div class='ocr_carea' id='block_1_3' title="bbox 3417 277 3570 343">
    <p class='ocr_par' dir='ltr' id='par_1_3' title="bbox 3417 277 3570 343">
     <span class='ocr_line' id='line_1_3' title="bbox 3417 277 3570 343; baseline -0.013 0"><span class='ocrx_word' id='word_1_6' title='bbox 3417 277 3570 343; x_wconf 62' lang='lat'><strong>1586-</strong></span> 
     </span>
    </p>
   </div>
   <div class='ocr_carea' id='block_1_4' title="bbox 285 375 1864 457">
    <p class='ocr_par' dir='ltr' id='par_1_4' title="bbox 285 375 1864 450">
     <span class='ocr_line' id='line_1_4' title="bbox 285 375 1864 450; baseline -0.001 -19"><span class='ocrx_word' id='word_1_7' title='bbox 285 377 572 450; x_wconf 83' lang='grc' dir='ltr'>άνδρειως,</span> <span class='ocrx_word' id='word_1_8' title='bbox 617 378 712 442; x_wconf 61' lang='grc' dir='ltr'>τὰς</span> <span class='ocrx_word' id='word_1_9' title='bbox 771 375 1040 449; x_wconf 74' lang='grc' dir='ltr'>ἐπιφοράς</span> <span class='ocrx_word' id='word_1_10' title='bbox 1072 377 1182 433; x_wconf 87' lang='grc' dir='ltr'><strong>τῶν</strong></span> <span class='ocrx_word' id='word_1_11' title='bbox 1210 377 1489 450; x_wconf 79' lang='grc' dir='ltr'><strong>ὀδυνηρῶν</strong></span> <span class='ocrx_word' id='word_1_12' title='bbox 1523 376 1864 447; x_wconf 82' lang='grc' dir='ltr'>ἀποστρεφό·</span> 
     </span>
    </p>
   </div>
   <div class='ocr_carea' id='block_1_5' title="bbox 1965 375 3582 457">
    <p class='ocr_par' dir='ltr' id='par_1_5' title="bbox 1977 378 3582 457">
     <span class='ocr_line' id='line_1_5' title="bbox 1977 378 3582 457; baseline 0.011 -26"><span class='ocrx_word' id='word_1_13' title='bbox 1977 385 2092 432; x_wconf 89' lang='lat' dir='ltr'><strong>tum</strong></span> <span class='ocrx_word' id='word_1_14' title='bbox 2114 378 2456 436; x_wconf 73' lang='lat' dir='ltr'><strong>il‘aSCillilem</strong></span> <span class='ocrx_word' id='word_1_15' title='bbox 2489 394 2599 436; x_wconf 91' lang='lat' dir='ltr'><strong>non</strong></span> <span class='ocrx_word' id='word_1_16' title='bbox 2633 379 2863 439; x_wconf 75' lang='lat' dir='ltr'><strong>viriliter</strong></span> <span class='ocrx_word' id='word_1_17' title='bbox 2911 385 3148 457; x_wconf 90' lang='lat' dir='ltr'><strong>impetus</strong></span> <span class='ocrx_word' id='word_1_18' title='bbox 3175 388 3582 448; x_wconf 74' lang='lat' dir='ltr'><strong>calamitatum</strong></span> 
     </span>
    </p>
   </div>
   <div class='ocr_carea' id='block_1_6' title="bbox 288 468 1874 541">
    <p class='ocr_par' dir='ltr' id='par_1_6' title="bbox 288 468 1874 541">
     <span class='ocr_line' id='line_1_6' title="bbox 288 468 1874 541; baseline 0.001 -20"><span class='ocrx_word' id='word_1_19' title='bbox 288 485 488 540; x_wconf 75' lang='grc' dir='ltr'>μενοςο</span> <span class='ocrx_word' id='word_1_20' title='bbox 547 469 644 522; x_wconf 76' lang='grc' dir='ltr'>καὶ</span> <span class='ocrx_word' id='word_1_21' title='bbox 699 469 962 540; x_wconf 83' lang='grc' dir='ltr'>ύπάρχων</span> <span class='ocrx_word' id='word_1_22' title='bbox 1018 469 1152 541; x_wconf 82' lang='grc' dir='ltr'>πρὸς</span> <span class='ocrx_word' id='word_1_23' title='bbox 1185 471 1285 541; x_wconf 73' lang='grc' dir='ltr'>μὲν</span> <span class='ocrx_word' id='word_1_24' title='bbox 1341 468 1545 538; x_wconf 90' lang='grc' dir='ltr'>γνῶσιν</span> <span class='ocrx_word' id='word_1_25' title='bbox 1591 469 1874 540; x_wconf 81' lang='grc' dir='ltr'>ἀκίνητος,</span> 
     </span>
    </p>
   </div>
   <div class='ocr_carea' id='block_1_7' title="bbox 287 559 1160 632">
    <p class='ocr_par' dir='ltr' id='par_1_7' title="bbox 287 559 1160 632">
     <span class='ocr_line' id='line_1_7' title="bbox 287 559 1160 632; baseline 0.002 -20"><span class='ocrx_word' id='word_1_26' title='bbox 287 561 427 631; x_wconf 81' lang='grc' dir='ltr'>πρὸς</span> <span class='ocrx_word' id='word_1_27' title='bbox 458 560 515 614; x_wconf 83' lang='grc' dir='ltr'>δὲ</span> <span class='ocrx_word' id='word_1_28' title='bbox 539 559 746 631; x_wconf 81' lang='grc' dir='ltr'>ἀρετὴν</span> <span class='ocrx_word' id='word_1_29' title='bbox 774 559 1160 632; x_wconf 83' lang='grc' dir='ltr'>ἀνενέργητος.</span> 
     </span>
    </p>
   </div>
   <div class='ocr_carea' id='block_1_8' title="bbox 361 650 1875 722">
    <p class='ocr_par' dir='ltr' id='par_1_8' title="bbox 361 650 1875 722">
     <span class='ocr_line' id='line_1_8' title="bbox 361 650 1875 722; baseline 0.001 -18"><span class='ocrx_word' id='word_1_30' title='bbox 361 651 444 705; x_wconf 84' lang='grc' dir='ltr'>ιε’.</span> <span class='ocrx_word' id='word_1_31' title='bbox 485 651 738 720; x_wconf 71' lang='grc' dir='ltr'>Κρύψας</span> <span class='ocrx_word' id='word_1_32' title='bbox 780 650 1042 720; x_wconf 80' lang='grc' dir='ltr'>ὀκνηρὸς</span> <span class='ocrx_word' id='word_1_33' title='bbox 1069 651 1185 720; x_wconf 78' lang='grc' dir='ltr'><strong>τὴν</strong></span> <span class='ocrx_word' id='word_1_34' title='bbox 1234 651 1405 722; x_wconf 78' lang='grc' dir='ltr'>χεῖρα</span> <span class='ocrx_word' id='word_1_35' title='bbox 1450 651 1640 707; x_wconf 82' lang='grc' dir='ltr'>αὐτοῦ</span> <span class='ocrx_word' id='word_1_36' title='bbox 1689 651 1758 705; x_wconf 86' lang='grc' dir='ltr'><strong>ὲν</strong></span> <span class='ocrx_word' id='word_1_37' title='bbox 1793 651 1875 717; x_wconf 81' lang='grc' dir='ltr'>τῷ</span> 
     </span>
    </p>
   </div>
   <div class='ocr_carea' id='block_1_9' title="bbox 287 743 1874 814">
    <p class='ocr_par' dir='ltr' id='par_1_9' title="bbox 287 743 1874 814">
     <span class='ocr_line' id='line_1_9' title="bbox 287 743 1874 814; baseline -0.001 -15"><span class='ocrx_word' id='word_1_38' title='bbox 287 746 495 810; x_wconf 80' lang='grc' dir='ltr'>κόλπῳ</span> <span class='ocrx_word' id='word_1_39' title='bbox 558 743 746 798; x_wconf 81' lang='grc' dir='ltr'>αὑτοῦ</span> <span class='ocrx_word' id='word_1_40' title='bbox 767 783 784 808; x_wconf 87' lang='grc'><strong>,</strong></span> <span class='ocrx_word' id='word_1_41' title='bbox 840 745 914 799; x_wconf 86' lang='grc' dir='ltr'>οὐ</span> <span class='ocrx_word' id='word_1_42' title='bbox 977 743 1229 800; x_wconf 85' lang='grc' dir='ltr'>δύναται</span> <span class='ocrx_word' id='word_1_43' title='bbox 1271 743 1621 814; x_wconf 71' lang='grc' dir='ltr'><strong>ἐπενεγκεῖν</strong></span> <span class='ocrx_word' id='word_1_44' title='bbox 1672 745 1758 809; x_wconf 84' lang='grc' dir='ltr'><strong>είς</strong></span> <span class='ocrx_word' id='word_1_45' title='bbox 1805 745 1874 798; x_wconf 83' lang='grc' dir='ltr'><strong>τό</strong></span> 
     </span>
    </p>
   </div>
   <div class='ocr_carea' id='block_1_10' title="bbox 286 835 1872 908">
    <p class='ocr_par' dir='ltr' id='par_1_10' title="bbox 286 835 1872 908">
     <span class='ocr_line' id='line_1_10' title="bbox 286 835 1872 908; baseline 0.001 -19"><span class='ocrx_word' id='word_1_46' title='bbox 286 837 504 905; x_wconf 81' lang='grc' dir='ltr'>στόμα.</span> <span class='ocrx_word' id='word_1_47' title='bbox 561 835 826 906; x_wconf 73' lang='grc' dir='ltr'>Καλύψας</span> <span class='ocrx_word' id='word_1_48' title='bbox 877 836 906 889; x_wconf 98' lang='lat'><strong>6</strong></span> <span class='ocrx_word' id='word_1_49' title='bbox 965 836 1103 908; x_wconf 83' lang='grc' dir='ltr'>πρὸς</span> <span class='ocrx_word' id='word_1_50' title='bbox 1165 837 1431 908; x_wconf 77' lang='grc' dir='ltr'><strong>ἐργασίαν</strong></span> <span class='ocrx_word' id='word_1_51' title='bbox 1481 837 1593 892; x_wconf 89' lang='grc' dir='ltr'><strong>τῶν</strong></span> <span class='ocrx_word' id='word_1_52' title='bbox 1639 837 1872 892; x_wconf 85' lang='grc' dir='ltr'>ἐντολῶν</span> 
     </span>
    </p>
   </div>
   <div class='ocr_carea' id='block_1_11' title="bbox 289 927 1872 1001">
    <p class='ocr_par' dir='ltr' id='par_1_11' title="bbox 289 927 1872 1001">
     <span class='ocr_line' id='line_1_11' title="bbox 289 927 1872 1001; baseline 0.001 -20"><span class='ocrx_word' id='word_1_53' title='bbox 289 929 553 998; x_wconf 72' lang='grc' dir='ltr'>ῥᾴθυμος,</span> <span class='ocrx_word' id='word_1_54' title='bbox 579 929 635 980; x_wconf 85' lang='grc' dir='ltr'><strong>ἐν</strong></span> <span class='ocrx_word' id='word_1_55' title='bbox 659 927 737 1000; x_wconf 81' lang='grc' dir='ltr'>τῷ</span> <span class='ocrx_word' id='word_1_56' title='bbox 759 928 901 982; x_wconf 86' lang='grc' dir='ltr'>κατὰ</span> <span class='ocrx_word' id='word_1_57' title='bbox 919 928 1100 1000; x_wconf 75' lang='grc' dir='ltr'>ψυχὴν</span> <span class='ocrx_word' id='word_1_58' title='bbox 1119 930 1355 1001; x_wconf 80' lang='grc' dir='ltr'><strong>ταμιείῳ</strong></span> <span class='ocrx_word' id='word_1_59' title='bbox 1379 928 1569 994; x_wconf 78' lang='grc' dir='ltr'>αὐτοῦ,</span> <span class='ocrx_word' id='word_1_60' title='bbox 1598 928 1698 1000; x_wconf 79' lang='grc' dir='ltr'>τὴν</span> <span class='ocrx_word' id='word_1_61' title='bbox 1722 930 1872 1001; x_wconf 83' lang='grc' dir='ltr'><strong>παρά</strong></span> 
     </span>
    </p>
   </div>
   <div class='ocr_carea' id='block_1_12' title="bbox 286 1019 1873 1093">
    <p class='ocr_par' dir='ltr' id='par_1_12' title="bbox 286 1019 1873 1093">
     <span class='ocr_line' id='line_1_12' title="bbox 286 1019 1873 1093; baseline 0.001 -17"><span class='ocrx_word' id='word_1_62' title='bbox 286 1019 423 1076; x_wconf 82' lang='grc' dir='ltr'>Θεοῦ</span> <span class='ocrx_word' id='word_1_63' title='bbox 457 1020 711 1074; x_wconf 83' lang='grc' dir='ltr'>δοθεῖσαν</span> <span class='ocrx_word' id='word_1_64' title='bbox 745 1020 1060 1092; x_wconf 78' lang='grc' dir='ltr'>πρακτικὴν</span> <span class='ocrx_word' id='word_1_65' title='bbox 1092 1021 1349 1093; x_wconf 86' lang='grc' dir='ltr'>δύναμιν,</span> <span class='ocrx_word' id='word_1_66' title='bbox 1381 1021 1476 1076; x_wconf 79' lang='grc' dir='ltr'>ἆτε</span> <span class='ocrx_word' id='word_1_67' title='bbox 1511 1023 1587 1093; x_wconf 85' lang='grc' dir='ltr'>μὴ</span> <span class='ocrx_word' id='word_1_68' title='bbox 1613 1023 1873 1078; x_wconf 74' lang='grc' dir='ltr'><strong>ἐκτείνων</strong></span> 
     </span>
    </p>
   </div>
   <div class='ocr_carea' id='block_1_13' title="bbox 285 1109 1874 1185">
    <p class='ocr_par' dir='ltr' id='par_1_13' title="bbox 285 1109 1874 1185">
     <span class='ocr_line' id='line_1_13' title="bbox 285 1109 1874 1185; baseline 0.003 -21"><span class='ocrx_word' id='word_1_69' title='bbox 285 1112 492 1181; x_wconf 73' lang='grc' dir='ltr'>ταύτην</span> <span class='ocrx_word' id='word_1_70' title='bbox 524 1111 662 1180; x_wconf 82' lang='grc' dir='ltr'>πρὸς</span> <span class='ocrx_word' id='word_1_71' title='bbox 690 1109 790 1182; x_wconf 78' lang='grc' dir='ltr'>τὴν</span> <span class='ocrx_word' id='word_1_72' title='bbox 819 1111 929 1167; x_wconf 85' lang='grc' dir='ltr'><strong>τῶν</strong></span> <span class='ocrx_word' id='word_1_73' title='bbox 956 1112 1118 1166; x_wconf 90' lang='grc' dir='ltr'>θείων</span> <span class='ocrx_word' id='word_1_74' title='bbox 1147 1113 1382 1168; x_wconf 78' lang='grc' dir='ltr'>ἐντολῶν</span> <span class='ocrx_word' id='word_1_75' title='bbox 1409 1113 1716 1185; x_wconf 85' lang='grc' dir='ltr'>ἐνέργειαν,</span> <span class='ocrx_word' id='word_1_76' title='bbox 1753 1131 1874 1184; x_wconf 79' lang='grc' dir='ltr'>φει-</span> 
     </span>
    </p>
   </div>
   <div class='ocr_carea' id='block_1_14' title="bbox 284 1201 1872 1276">
    <p class='ocr_par' dir='ltr' id='par_1_14' title="bbox 284 1201 1872 1276">
     <span class='ocr_line' id='line_1_14' title="bbox 284 1201 1872 1276; baseline 0.003 -21"><span class='ocrx_word' id='word_1_77' title='bbox 284 1201 370 1256; x_wconf 78' lang='grc' dir='ltr'><strong>δοῖ</strong></span> <span class='ocrx_word' id='word_1_78' title='bbox 390 1206 491 1274; x_wconf 82' lang='grc' dir='ltr'>τῆς</span> <span class='ocrx_word' id='word_1_79' title='bbox 522 1201 744 1273; x_wconf 79' lang='grc' dir='ltr'>σαρκὸς,</span> <span class='ocrx_word' id='word_1_80' title='bbox 779 1202 869 1256; x_wconf 82' lang='grc' dir='ltr'>διὰ</span> <span class='ocrx_word' id='word_1_81' title='bbox 905 1202 967 1256; x_wconf 82' lang='grc' dir='ltr'>τὸ</span> <span class='ocrx_word' id='word_1_82' title='bbox 999 1204 1100 1274; x_wconf 81' lang='grc' dir='ltr'>τῆς</span> <span class='ocrx_word' id='word_1_83' title='bbox 1134 1204 1339 1276; x_wconf 84' lang='grc' dir='ltr'>ἀρετῆς</span> <span class='ocrx_word' id='word_1_84' title='bbox 1378 1206 1658 1272; x_wconf 86' lang='grc' dir='ltr'>ἐπίπονον,</span> <span class='ocrx_word' id='word_1_85' title='bbox 1681 1205 1744 1260; x_wconf 86' lang='grc' dir='ltr'>οὐ</span> <span class='ocrx_word' id='word_1_86' title='bbox 1778 1205 1872 1260; x_wconf 83' lang='grc' dir='ltr'>δύ-</span> 
     </span>
    </p>
   </div>
   <div class='ocr_carea' id='block_1_15' title="bbox 285 1294 1870 1367">
    <p class='ocr_par' dir='ltr' id='par_1_15' title="bbox 285 1294 1870 1367">
     <span class='ocr_line' id='line_1_15' title="bbox 285 1294 1870 1367; baseline 0.003 -21"><span class='ocrx_word' id='word_1_87' title='bbox 285 1311 444 1348; x_wconf 90' lang='grc' dir='ltr'>ναται</span> <span class='ocrx_word' id='word_1_88' title='bbox 475 1294 506 1365; x_wconf 84' lang='grc' dir='ltr'><strong>ἣ</strong></span> <span class='ocrx_word' id='word_1_89' title='bbox 538 1294 736 1366; x_wconf 81' lang='grc' dir='ltr'>θρέψαι</span> <span class='ocrx_word' id='word_1_90' title='bbox 781 1294 978 1349; x_wconf 79' lang='grc' dir='ltr'>ἐαυτὸν</span> <span class='ocrx_word' id='word_1_91' title='bbox 1020 1298 1087 1367; x_wconf 79' lang='grc' dir='ltr'><strong>τῇ</strong></span> <span class='ocrx_word' id='word_1_92' title='bbox 1109 1295 1218 1350; x_wconf 87' lang='grc' dir='ltr'><strong>τῶν</strong></span> <span class='ocrx_word' id='word_1_93' title='bbox 1252 1297 1433 1352; x_wconf 76' lang='grc' dir='ltr'>αὐτῶν</span> <span class='ocrx_word' id='word_1_94' title='bbox 1459 1297 1692 1352; x_wconf 78' lang='grc' dir='ltr'>ἐντολῶν</span> <span class='ocrx_word' id='word_1_95' title='bbox 1724 1296 1870 1351; x_wconf 88' lang='grc' dir='ltr'><strong>κατά</strong></span> 
     </span>
    </p>
   </div>
   <div class='ocr_carea' id='block_1_16' title="bbox 284 1384 1870 1461">
    <p class='ocr_par' dir='ltr' id='par_1_16' title="bbox 284 1384 1870 1461">
     <span class='ocr_line' id='line_1_16' title="bbox 284 1384 1870 1461; baseline 0.004 -23"><span class='ocrx_word' id='word_1_96' title='bbox 284 1384 490 1456; x_wconf 78' lang='grc' dir='ltr'>πρᾶξιν</span> <span class='ocrx_word' id='word_1_97' title='bbox 515 1384 719 1454; x_wconf 83' lang='grc' dir='ltr'><strong>γεύσει,</strong></span> <span class='ocrx_word' id='word_1_98' title='bbox 752 1385 785 1456; x_wconf 76' lang='grc' dir='ltr'>ἢ</span> <span class='ocrx_word' id='word_1_99' title='bbox 815 1387 1002 1459; x_wconf 79' lang='grc' dir='ltr'>ὀρέξαι</span> <span class='ocrx_word' id='word_1_100' title='bbox 1035 1389 1196 1460; x_wconf 78' lang='grc' dir='ltr'>χεῖρα</span> <span class='ocrx_word' id='word_1_101' title='bbox 1223 1388 1479 1459; x_wconf 74' lang='grc' dir='ltr'><strong>βοηθείας</strong></span> <span class='ocrx_word' id='word_1_102' title='bbox 1498 1390 1579 1461; x_wconf 83' lang='grc' dir='ltr'>τῷ</span> <span class='ocrx_word' id='word_1_103' title='bbox 1604 1390 1870 1459; x_wconf 85' lang='grc' dir='ltr'>ἐπαγγελ-</span> 
     </span>
    </p>
   </div>
   <div class='ocr_carea' id='block_1_17' title="bbox 282 1473 1870 1550">
    <p class='ocr_par' dir='ltr' id='par_1_17' title="bbox 282 1473 1870 1550">
     <span class='ocr_line' id='line_1_17' title="bbox 282 1473 1870 1550; baseline 0.004 -24"><span class='ocrx_word' id='word_1_104' title='bbox 282 1473 421 1544; x_wconf 78' lang='grc' dir='ltr'><strong>τικῷ</strong></span> <span class='ocrx_word' id='word_1_105' title='bbox 448 1474 547 1544; x_wconf 85' lang='grc' dir='ltr'>τῆς</span> <span class='ocrx_word' id='word_1_106' title='bbox 568 1474 830 1545; x_wconf 81' lang='grc' dir='ltr'><strong>ἀληθείας</strong></span> <span class='ocrx_word' id='word_1_107' title='bbox 859 1475 1229 1550; x_wconf 86' lang='grc' dir='ltr'>διδασκαλικῷ</span> <span class='ocrx_word' id='word_1_108' title='bbox 1250 1478 1420 1533; x_wconf 81' lang='grc' dir='ltr'>αὐτοῦ</span> <span class='ocrx_word' id='word_1_109' title='bbox 1449 1479 1613 1550; x_wconf 84' lang='grc' dir='ltr'>λόγῳ,</span> <span class='ocrx_word' id='word_1_110' title='bbox 1642 1480 1709 1534; x_wconf 88' lang='grc' dir='ltr'><strong>δι’</strong></span> <span class='ocrx_word' id='word_1_111' title='bbox 1737 1479 1870 1533; x_wconf 86' lang='grc' dir='ltr'>ἀκο-</span> 
     </span>
    </p>
   </div>
   <div class='ocr_carea' id='block_1_18' title="bbox 281 1564 1864 1641">
    <p class='ocr_par' dir='ltr' id='par_1_18' title="bbox 281 1564 1864 1641">
     <span class='ocr_line' id='line_1_18' title="bbox 281 1564 1864 1641; baseline 0.006 -23"><span class='ocrx_word' id='word_1_112' title='bbox 281 1564 492 1621; x_wconf 82' lang='grc' dir='ltr'>λούθων</span> <span class='ocrx_word' id='word_1_113' title='bbox 542 1566 693 1638; x_wconf 87' lang='grc' dir='ltr'>αύτῷ</span> <span class='ocrx_word' id='word_1_114' title='bbox 727 1568 1052 1639; x_wconf 78' lang='grc' dir='ltr'>πρακτικῶν</span> <span class='ocrx_word' id='word_1_115' title='bbox 1105 1569 1351 1640; x_wconf 86' lang='grc' dir='ltr'>σημείων</span> <span class='ocrx_word' id='word_1_116' title='bbox 1406 1571 1490 1634; x_wconf 84' lang='grc' dir='ltr'><strong>είς</strong></span> <span class='ocrx_word' id='word_1_117' title='bbox 1534 1570 1864 1641; x_wconf 76' lang='grc' dir='ltr'>βεϐαίωσιν·</span> 
     </span>
    </p>
   </div>
   <div class='ocr_carea' id='block_1_19' title="bbox 281 1642 1862 1732">
    <p class='ocr_par' dir='ltr' id='par_1_19' title="bbox 281 1642 1862 1732">
     <span class='ocr_line' id='line_1_19' title="bbox 281 1642 1862 1732; baseline 0.006 -24"><span class='ocrx_word' id='word_1_118' title='bbox 281 1642 427 1710; x_wconf 78' lang='grc' dir='ltr'>ὥστε</span> <span class='ocrx_word' id='word_1_119' title='bbox 477 1655 744 1712; x_wconf 86' lang='grc' dir='ltr'>δύνασθαι</span> <span class='ocrx_word' id='word_1_120' title='bbox 806 1659 974 1715; x_wconf 77' lang='grc' dir='ltr'>αὑτὸν</span> <span class='ocrx_word' id='word_1_121' title='bbox 1019 1659 1392 1732; x_wconf 82' lang='grc' dir='ltr'>πληροφορεῐν</span> <span class='ocrx_word' id='word_1_122' title='bbox 1444 1660 1576 1728; x_wconf 80' lang='grc' dir='ltr'>τοὺς</span> <span class='ocrx_word' id='word_1_123' title='bbox 1631 1662 1862 1718; x_wconf 83' lang='grc' dir='ltr'>ἀκούον-</span> 
     </span>
    </p>
   </div>
   <div class='ocr_carea' id='block_1_20' title="bbox 282 1764 407 1812">
    <p class='ocr_par' dir='ltr' id='par_1_20' title="bbox 282 1764 407 1812">
     <span class='ocr_line' id='line_1_20' title="bbox 282 1764 407 1812; baseline 0.016 -10"><span class='ocrx_word' id='word_1_124' title='bbox 282 1764 407 1812; x_wconf 81' lang='grc' dir='ltr'>τας.</span> 
     </span>
    </p>
   </div>
   <div class='ocr_carea' id='block_1_21' title="bbox 357 1829 1871 1916">
    <p class='ocr_par' dir='ltr' id='par_1_21' title="bbox 357 1829 1871 1916">
     <span class='ocr_line' id='line_1_21' title="bbox 357 1829 1871 1916; baseline 0.005 -22"><span class='ocrx_word' id='word_1_125' title='bbox 357 1839 454 1906; x_wconf 84' lang='grc' dir='ltr'>ις’.</span> <span class='ocrx_word' id='word_1_126' title='bbox 496 1840 839 1911; x_wconf 68' lang='grc' dir='ltr'>Σοφώτερος</span> <span class='ocrx_word' id='word_1_127' title='bbox 870 1829 1071 1908; x_wconf 78' lang='grc' dir='ltr'>’ἑαυτῷ</span> <span class='ocrx_word' id='word_1_128' title='bbox 1121 1843 1385 1913; x_wconf 80' lang='grc' dir='ltr'>ὀκνηρὸς</span> <span class='ocrx_word' id='word_1_129' title='bbox 1426 1833 1726 1916; x_wconf 70' lang='grc' dir='ltr'>φαίνεται,</span> <span class='ocrx_word' id='word_1_130' title='bbox 1757 1846 1871 1902; x_wconf 82' lang='grc' dir='ltr'>τοῦ</span> 
     </span>
    </p>
   </div>
   <div class='ocr_carea' id='block_1_22' title="bbox 280 1915 1867 2008">
    <p class='ocr_par' dir='ltr' id='par_1_22' title="bbox 280 1915 1867 2008">
     <span class='ocr_line' id='line_1_22' title="bbox 280 1915 1867 2008; baseline 0.004 -25"><span class='ocrx_word' id='word_1_131' title='bbox 280 1915 352 1983; x_wconf 75' lang='grc' dir='ltr'>ἐν</span> <span class='ocrx_word' id='word_1_132' title='bbox 381 1928 712 2000; x_wconf 73' lang='grc' dir='ltr'>πλησμονῇ</span> <span class='ocrx_word' id='word_1_133' title='bbox 759 1931 1230 2003; x_wconf 76' lang='grc' dir='ltr'>ἁποκομίζοντος</span> <span class='ocrx_word' id='word_1_134' title='bbox 1273 1915 1585 2006; x_wconf 76' lang='grc' dir='ltr'>ἀγγελίαν.</span> <span class='ocrx_word' id='word_1_135' title='bbox 1623 1935 1682 1991; x_wconf 90' lang='lat'><strong>&#39;0</strong></span> <span class='ocrx_word' id='word_1_136' title='bbox 1730 1935 1867 2008; x_wconf 68' lang='grc' dir='ltr'>πρὸς</span> 
     </span>
    </p>
   </div>
   <div class='ocr_carea' id='block_1_23' title="bbox 280 2022 1867 2100">
    <p class='ocr_par' dir='ltr' id='par_1_23' title="bbox 280 2022 1867 2100">
     <span class='ocr_line' id='line_1_23' title="bbox 280 2022 1867 2100; baseline 0.005 -26"><span class='ocrx_word' id='word_1_137' title='bbox 280 2022 384 2090; x_wconf 78' lang='grc' dir='ltr'>τὴν</span> <span class='ocrx_word' id='word_1_138' title='bbox 437 2023 706 2093; x_wconf 74' lang='grc' dir='ltr'>ἐργασίαν</span> <span class='ocrx_word' id='word_1_139' title='bbox 765 2022 862 2078; x_wconf 73' lang='grc' dir='ltr'>τοῦ</span> <span class='ocrx_word' id='word_1_140' title='bbox 909 2025 1120 2093; x_wconf 79' lang='grc' dir='ltr'>ἀγαθοῦ</span> <span class='ocrx_word' id='word_1_141' title='bbox 1170 2025 1450 2098; x_wconf 77' lang='grc' dir='ltr'>ῥᾴθυμος,</span> <span class='ocrx_word' id='word_1_142' title='bbox 1502 2026 1867 2100; x_wconf 81' lang='grc' dir='ltr'>συνετώτερον</span> 
     </span>
    </p>
   </div>
   <div class='ocr_carea' id='block_1_24' title="bbox 282 2103 1867 2190">
    <p class='ocr_par' dir='ltr' id='par_1_24' title="bbox 282 2103 1867 2190">
     <span class='ocr_line' id='line_1_24' title="bbox 282 2103 1867 2190; baseline 0.006 -24"><span class='ocrx_word' id='word_1_143' title='bbox 282 2103 479 2167; x_wconf 78' lang='grc' dir='ltr'>ἑαυτὸν</span> <span class='ocrx_word' id='word_1_144' title='bbox 519 2114 714 2180; x_wconf 72' lang='grc' dir='ltr'>οἴεται,</span> <span class='ocrx_word' id='word_1_145' title='bbox 739 2113 835 2170; x_wconf 81' lang='grc' dir='ltr'>τοῦ</span> <span class='ocrx_word' id='word_1_146' title='bbox 881 2116 943 2170; x_wconf 80' lang='grc' dir='ltr'><strong>ἐν</strong></span> <span class='ocrx_word' id='word_1_147' title='bbox 993 2116 1075 2188; x_wconf 82' lang='grc' dir='ltr'>τῷ</span> <span class='ocrx_word' id='word_1_148' title='bbox 1125 2117 1867 2190; x_wconf 64' lang='grc' dir='ltr'>πεπληρῶσθαισυνέσεως,</span> 
     </span>
    </p>
   </div>
   <div class='ocr_carea' id='block_1_25' title="bbox 280 2204 1866 2282">
    <p class='ocr_par' dir='ltr' id='par_1_25' title="bbox 280 2204 1866 2282">
     <span class='ocr_line' id='line_1_25' title="bbox 280 2204 1866 2282; baseline 0.004 -22"><span class='ocrx_word' id='word_1_149' title='bbox 280 2204 488 2278; x_wconf 82' lang='grc' dir='ltr'>ταύτην</span> <span class='ocrx_word' id='word_1_150' title='bbox 525 2205 592 2260; x_wconf 80' lang='grc' dir='ltr'>δι’</span> <span class='ocrx_word' id='word_1_151' title='bbox 643 2205 824 2278; x_wconf 72' lang='grc' dir='ltr'>ἔργων</span> <span class='ocrx_word' id='word_1_152' title='bbox 864 2206 1217 2281; x_wconf 82' lang='grc' dir='ltr'>δικαιοσύνης</span> <span class='ocrx_word' id='word_1_153' title='bbox 1259 2210 1747 2282; x_wconf 70' lang='grc' dir='ltr'>καταγγέλλοντος,</span> <span class='ocrx_word' id='word_1_154' title='bbox 1783 2211 1866 2266; x_wconf 81' lang='grc' dir='ltr'><strong>δτι</strong></span> 
     </span>
    </p>
   </div>
   <div class='ocr_carea' id='block_1_26' title="bbox 286 2297 1866 2375">
    <p class='ocr_par' dir='ltr' id='par_1_26' title="bbox 286 2297 1866 2375">
     <span class='ocr_line' id='line_1_26' title="bbox 286 2297 1866 2375; baseline -0.003 -12"><span class='ocrx_word' id='word_1_155' title='bbox 286 2297 365 2369; x_wconf 73' lang='grc' dir='ltr'><strong>μὴ</strong></span> <span class='ocrx_word' id='word_1_156' title='bbox 394 2297 470 2361; x_wconf 81' lang='grc' dir='ltr'><strong>ὡς</strong></span> <span class='ocrx_word' id='word_1_157' title='bbox 495 2298 705 2362; x_wconf 72' lang='grc' dir='ltr'>ἐκεῖνος</span> <span class='ocrx_word' id='word_1_158' title='bbox 734 2298 816 2370; x_wconf 81' lang='grc' dir='ltr'><strong>τῷ</strong></span> <span class='ocrx_word' id='word_1_159' title='bbox 857 2300 1057 2372; x_wconf 78' lang='grc' dir='ltr'>τραχεῖ</span> <span class='ocrx_word' id='word_1_160' title='bbox 1082 2299 1179 2354; x_wconf 82' lang='grc' dir='ltr'>τοῦ</span> <span class='ocrx_word' id='word_1_161' title='bbox 1219 2302 1358 2356; x_wconf 87' lang='grc' dir='ltr'><strong>κατά</strong></span> <span class='ocrx_word' id='word_1_162' title='bbox 1395 2301 1528 2356; x_wconf 81' lang='grc' dir='ltr'>Θεὸν</span> <span class='ocrx_word' id='word_1_163' title='bbox 1562 2303 1701 2375; x_wconf 85' lang='grc' dir='ltr'>βίου,</span> <span class='ocrx_word' id='word_1_164' title='bbox 1730 2303 1866 2359; x_wconf 82' lang='grc' dir='ltr'><strong>ἀλλά</strong></span> 
     </span>
    </p>
   </div>
   <div class='ocr_carea' id='block_1_27' title="bbox 279 2389 1866 2461">
    <p class='ocr_par' dir='ltr' id='par_1_27' title="bbox 279 2389 1866 2461">
     <span class='ocr_line' id='line_1_27' title="bbox 279 2389 1866 2461; baseline 0.003 -19"><span class='ocrx_word' id='word_1_165' title='bbox 279 2390 404 2453; x_wconf 64' lang='grc' dir='ltr'><strong>Δταῖς</strong></span> <span class='ocrx_word' id='word_1_166' title='bbox 437 2391 734 2460; x_wconf 86' lang='grc' dir='ltr'>σαρκικατς</span> <span class='ocrx_word' id='word_1_167' title='bbox 764 2389 1134 2461; x_wconf 79' lang='grc' dir='ltr'>ἡδυπαθείαις</span> <span class='ocrx_word' id='word_1_168' title='bbox 1172 2391 1374 2461; x_wconf 84' lang='grc' dir='ltr'>μᾶλλον</span> <span class='ocrx_word' id='word_1_169' title='bbox 1415 2392 1713 2447; x_wconf 72' lang='grc' dir='ltr'><strong>ἐκδέδωκεν</strong></span> <span class='ocrx_word' id='word_1_170' title='bbox 1741 2395 1866 2448; x_wconf 78' lang='grc' dir='ltr'>ἐαυο</span> 
     </span>
    </p>
   </div>
   <div class='ocr_carea' id='block_1_28' title="bbox 278 2478 1865 2555">
    <p class='ocr_par' dir='ltr' id='par_1_28' title="bbox 278 2478 1865 2555">
     <span class='ocr_line' id='line_1_28' title="bbox 278 2478 1865 2555; baseline 0.006 -24"><span class='ocrx_word' id='word_1_171' title='bbox 278 2479 374 2533; x_wconf 86' lang='grc' dir='ltr'><strong>τόν</strong></span> <span class='ocrx_word' id='word_1_172' title='bbox 393 2496 408 2512; x_wconf 78' lang='grc' dir='ltr'><strong><em>ο</em></strong></span> <span class='ocrx_word' id='word_1_173' title='bbox 442 2479 517 2552; x_wconf 81' lang='grc' dir='ltr'>μὴ</span> <span class='ocrx_word' id='word_1_174' title='bbox 546 2478 704 2544; x_wconf 73' lang='grc' dir='ltr'>εἰδὼς</span> <span class='ocrx_word' id='word_1_175' title='bbox 724 2479 836 2553; x_wconf 82' lang='grc' dir='ltr'><strong>γὰρ</strong></span> <span class='ocrx_word' id='word_1_176' title='bbox 859 2481 921 2536; x_wconf 77' lang='grc' dir='ltr'>τὸ</span> <span class='ocrx_word' id='word_1_177' title='bbox 942 2481 1114 2547; x_wconf 71' lang='grc' dir='ltr'>ὅντως</span> <span class='ocrx_word' id='word_1_178' title='bbox 1147 2483 1376 2553; x_wconf 83' lang='grc' dir='ltr'>ἀγαθὸν,</span> <span class='ocrx_word' id='word_1_179' title='bbox 1418 2483 1631 2555; x_wconf 79' lang='grc' dir='ltr'>νομίζει</span> <span class='ocrx_word' id='word_1_180' title='bbox 1658 2485 1865 2555; x_wconf 80' lang='grc' dir='ltr'>ἀγαθὸν</span> 
     </span>
    </p>
   </div>
   <div class='ocr_carea' id='block_1_29' title="bbox 278 2567 792 2644">
    <p class='ocr_par' dir='ltr' id='par_1_29' title="bbox 278 2567 792 2644">
     <span class='ocr_line' id='line_1_29' title="bbox 278 2567 792 2644; baseline 0.006 -20"><span class='ocrx_word' id='word_1_181' title='bbox 278 2573 345 2625; x_wconf 62' lang='grc' dir='ltr'><strong>τὺ</strong></span> <span class='ocrx_word' id='word_1_182' title='bbox 379 2572 453 2644; x_wconf 75' lang='grc' dir='ltr'>μὴ</span> <span class='ocrx_word' id='word_1_183' title='bbox 478 2571 538 2626; x_wconf 77' lang='grc' dir='ltr'>ὃν</span> <span class='ocrx_word' id='word_1_184' title='bbox 563 2567 792 2642; x_wconf 88' lang='grc' dir='ltr'>ἀγαθόν.</span> 
     </span>
    </p>
   </div>
   <div class='ocr_carea' id='block_1_30' title="bbox 358 2663 1865 2735">
    <p class='ocr_par' dir='ltr' id='par_1_30' title="bbox 358 2663 1865 2735">
     <span class='ocr_line' id='line_1_30' title="bbox 358 2663 1865 2735; baseline 0.005 -21"><span class='ocrx_word' id='word_1_185' title='bbox 358 2664 444 2728; x_wconf 79' lang='grc' dir='ltr'>ιζ’.</span> <span class='ocrx_word' id='word_1_186' title='bbox 483 2663 718 2733; x_wconf 83' lang='grc' dir='ltr'>Ὠσπερ</span> <span class='ocrx_word' id='word_1_187' title='bbox 763 2666 798 2719; x_wconf 75' lang='grc' dir='ltr'><em>ὁ</em></span> <span class='ocrx_word' id='word_1_188' title='bbox 831 2664 1066 2734; x_wconf 75' lang='grc' dir='ltr'>κρατῶν</span> <span class='ocrx_word' id='word_1_189' title='bbox 1101 2665 1320 2735; x_wconf 83' lang='grc' dir='ltr'>κέρκου</span> <span class='ocrx_word' id='word_1_190' title='bbox 1355 2666 1564 2733; x_wconf 80' lang='grc' dir='ltr'>κυνὸς,</span> <span class='ocrx_word' id='word_1_191' title='bbox 1611 2667 1801 2734; x_wconf 83' lang='grc' dir='ltr'>οὕτως</span> <span class='ocrx_word' id='word_1_192' title='bbox 1832 2671 1865 2722; x_wconf 85' lang='grc' dir='ltr'><em>ὀ</em></span> 
     </span>
    </p>
   </div>
   <div class='ocr_carea' id='block_1_31' title="bbox 277 2754 1860 2830">
    <p class='ocr_par' dir='ltr' id='par_1_31' title="bbox 277 2754 1860 2830">
     <span class='ocr_line' id='line_1_31' title="bbox 277 2754 1860 2830; baseline 0.003 -22"><span class='ocrx_word' id='word_1_193' title='bbox 277 2754 591 2825; x_wconf 84' lang='grc' dir='ltr'>προεστὼς</span> <span class='ocrx_word' id='word_1_194' title='bbox 622 2756 952 2825; x_wconf 75' lang='grc' dir='ltr'>ἀλλοτρίας</span> <span class='ocrx_word' id='word_1_195' title='bbox 1003 2756 1279 2824; x_wconf 86' lang='grc' dir='ltr'>κρίσεως.</span> <span class='ocrx_word' id='word_1_196' title='bbox 1336 2756 1606 2830; x_wconf 79' lang='grc' dir='ltr'>Καθάπερ</span> <span class='ocrx_word' id='word_1_197' title='bbox 1632 2760 1660 2812; x_wconf 93' lang='lat'><strong>6</strong></span> <span class='ocrx_word' id='word_1_198' title='bbox 1690 2759 1860 2812; x_wconf 84' lang='grc' dir='ltr'>ἀπτό-</span> 
     </span>
    </p>
   </div>
   <div class='ocr_carea' id='block_1_32' title="bbox 281 2845 1861 2921">
    <p class='ocr_par' dir='ltr' id='par_1_32' title="bbox 281 2845 1861 2921">
     <span class='ocr_line' id='line_1_32' title="bbox 281 2845 1861 2921; baseline 0.001 -21"><span class='ocrx_word' id='word_1_199' title='bbox 281 2863 448 2918; x_wconf 88' lang='grc' dir='ltr'>μενος</span> <span class='ocrx_word' id='word_1_200' title='bbox 477 2847 698 2918; x_wconf 77' lang='grc' dir='ltr'>οὐραίου</span> <span class='ocrx_word' id='word_1_201' title='bbox 731 2846 914 2914; x_wconf 82' lang='grc' dir='ltr'>κυνὸς,</span> <span class='ocrx_word' id='word_1_202' title='bbox 955 2845 1191 2902; x_wconf 83' lang='grc' dir='ltr'>κωλύειν</span> <span class='ocrx_word' id='word_1_203' title='bbox 1227 2847 1414 2903; x_wconf 79' lang='grc' dir='ltr'>τοῦτον</span> <span class='ocrx_word' id='word_1_204' title='bbox 1445 2849 1740 2920; x_wconf 77' lang='grc' dir='ltr'>ἐπιχειρῶν</span> <span class='ocrx_word' id='word_1_205' title='bbox 1765 2848 1861 2921; x_wconf 85' lang='grc' dir='ltr'>τῆς</span> 
     </span>
    </p>
   </div>
   <div class='ocr_carea' id='block_1_33' title="bbox 278 2935 1862 3009">
    <p class='ocr_par' dir='ltr' id='par_1_33' title="bbox 278 2935 1862 3009">
     <span class='ocr_line' id='line_1_33' title="bbox 278 2935 1862 3009; baseline 0.002 -17"><span class='ocrx_word' id='word_1_206' title='bbox 278 2938 375 2993; x_wconf 69' lang='grc' dir='ltr'><strong>ἐπὶ</strong></span> <span class='ocrx_word' id='word_1_207' title='bbox 406 2939 476 2992; x_wconf 85' lang='grc' dir='ltr'><strong>τά</strong></span> <span class='ocrx_word' id='word_1_208' title='bbox 505 2938 698 3009; x_wconf 83' lang='grc' dir='ltr'>πρόσω</span> <span class='ocrx_word' id='word_1_209' title='bbox 727 2941 926 3009; x_wconf 78' lang='grc' dir='ltr'>φορᾶς,</span> <span class='ocrx_word' id='word_1_210' title='bbox 952 2938 1213 2994; x_wconf 86' lang='grc' dir='ltr'>δάκνεται</span> <span class='ocrx_word' id='word_1_211' title='bbox 1253 2939 1347 2993; x_wconf 81' lang='grc' dir='ltr'>ὑπ’</span> <span class='ocrx_word' id='word_1_212' title='bbox 1379 2935 1570 3008; x_wconf 77' lang='grc' dir='ltr'>αὐτοῦ,</span> <span class='ocrx_word' id='word_1_213' title='bbox 1603 2939 1862 2995; x_wconf 84' lang='grc' dir='ltr'>σπεύδον-</span> 
     </span>
    </p>
   </div>
   <div class='ocr_carea' id='block_1_34' title="bbox 275 3021 1861 3104">
    <p class='ocr_par' dir='ltr' id='par_1_34' title="bbox 275 3021 1861 3104">
     <span class='ocr_line' id='line_1_34' title="bbox 275 3021 1861 3104; baseline 0.001 -20"><span class='ocrx_word' id='word_1_214' title='bbox 275 3046 370 3094; x_wconf 77' lang='grc' dir='ltr'><strong>τος</strong></span> <span class='ocrx_word' id='word_1_215' title='bbox 394 3029 537 3101; x_wconf 78' lang='grc' dir='ltr'>ἔχειν</span> <span class='ocrx_word' id='word_1_216' title='bbox 584 3030 866 3085; x_wconf 78' lang='grc' dir='ltr'>ἀκώλυτον</span> <span class='ocrx_word' id='word_1_217' title='bbox 893 3029 995 3103; x_wconf 79' lang='grc' dir='ltr'>τὴν</span> <span class='ocrx_word' id='word_1_218' title='bbox 1046 3030 1246 3104; x_wconf 82' lang='grc' dir='ltr'>ὁρμὴν,</span> <span class='ocrx_word' id='word_1_219' title='bbox 1283 3021 1456 3095; x_wconf 73' lang='grc' dir='ltr'>οὕτως</span> <span class='ocrx_word' id='word_1_220' title='bbox 1500 3033 1530 3086; x_wconf 90' lang='lat'><strong>6</strong></span> <span class='ocrx_word' id='word_1_221' title='bbox 1575 3033 1717 3086; x_wconf 83' lang='grc' dir='ltr'><strong>κατά</strong></span> <span class='ocrx_word' id='word_1_222' title='bbox 1760 3029 1861 3104; x_wconf 81' lang='grc' dir='ltr'>τὴν</span> 
     </span>
    </p>
   </div>
   <div class='ocr_carea' id='block_1_35' title="bbox 277 3096 1934 3198">
    <p class='ocr_par' dir='ltr' id='par_1_35' title="bbox 277 3096 1934 3198">
     <span class='ocr_line' id='line_1_35' title="bbox 277 3096 1934 3198; baseline 0.001 -19"><span class='ocrx_word' id='word_1_223' title='bbox 277 3096 552 3195; x_wconf 61' lang='grc' dir='ltr'>λαχούσαν</span> <span class='ocrx_word' id='word_1_224' title='bbox 583 3125 732 3198; x_wconf 80' lang='grc' dir='ltr'>αὐτῷ</span> <span class='ocrx_word' id='word_1_225' title='bbox 761 3096 1286 3197; x_wconf 32' lang='grc' dir='ltr'>ἀρχὴννάνακρίνων</span> <span class='ocrx_word' id='word_1_226' title='bbox 1312 3126 1520 3197; x_wconf 74' lang='grc' dir='ltr'>ἕτερον,</span> <span class='ocrx_word' id='word_1_227' title='bbox 1553 3127 1646 3180; x_wconf 79' lang='grc' dir='ltr'><strong>καὶ</strong></span> <span class='ocrx_word' id='word_1_228' title='bbox 1669 3096 1858 3192; x_wconf 79' lang='grc' dir='ltr'>ἐξετά-</span> <span class='ocrx_word' id='word_1_229' title='bbox 1889 3096 1934 3158; x_wconf 80' lang='lat' dir='ltr'>C</span> 
     </span>
    </p>
   </div>
   <div class='ocr_carea' id='block_1_36' title="bbox 276 3215 1858 3288">
    <p class='ocr_par' dir='ltr' id='par_1_36' title="bbox 276 3215 1858 3288">
     <span class='ocr_line' id='line_1_36' title="bbox 276 3215 1858 3288; baseline 0.001 -17"><span class='ocrx_word' id='word_1_230' title='bbox 276 3218 390 3283; x_wconf 87' lang='grc' dir='ltr'><strong>ζων</strong></span> <span class='ocrx_word' id='word_1_231' title='bbox 421 3217 492 3272; x_wconf 87' lang='grc' dir='ltr'><strong>τά</strong></span> <span class='ocrx_word' id='word_1_232' title='bbox 547 3217 669 3270; x_wconf 86' lang='grc' dir='ltr'>κατ’</span> <span class='ocrx_word' id='word_1_233' title='bbox 722 3216 887 3272; x_wconf 82' lang='grc' dir='ltr'>αὐτὸν</span> <span class='ocrx_word' id='word_1_234' title='bbox 922 3215 1232 3288; x_wconf 87' lang='grc' dir='ltr'>προεστὼς,</span> <span class='ocrx_word' id='word_1_235' title='bbox 1261 3217 1485 3288; x_wconf 83' lang='grc' dir='ltr'>ἐπέχειν</span> <span class='ocrx_word' id='word_1_236' title='bbox 1519 3217 1706 3272; x_wconf 85' lang='grc' dir='ltr'>τοῦτον</span> <span class='ocrx_word' id='word_1_237' title='bbox 1737 3220 1858 3272; x_wconf 84' lang='grc' dir='ltr'>ἐπι-</span> 
     </span>
    </p>
   </div>
   <div class='ocr_carea' id='block_1_37' title="bbox 276 3307 1860 3381">
    <p class='ocr_par' dir='ltr' id='par_1_37' title="bbox 276 3307 1860 3381">
     <span class='ocr_line' id='line_1_37' title="bbox 276 3307 1860 3381; baseline 0.001 -20"><span class='ocrx_word' id='word_1_238' title='bbox 276 3309 482 3380; x_wconf 87' lang='grc' dir='ltr'>χειρῶν</span> <span class='ocrx_word' id='word_1_239' title='bbox 510 3308 610 3379; x_wconf 85' lang='grc' dir='ltr'>τῆς</span> <span class='ocrx_word' id='word_1_240' title='bbox 643 3309 784 3379; x_wconf 76' lang='grc' dir='ltr'>πρὸς</span> <span class='ocrx_word' id='word_1_241' title='bbox 812 3307 1013 3362; x_wconf 90' lang='grc' dir='ltr'>κακίαν</span> <span class='ocrx_word' id='word_1_242' title='bbox 1045 3307 1245 3380; x_wconf 78' lang='grc' dir='ltr'>ῥοπῆς,</span> <span class='ocrx_word' id='word_1_243' title='bbox 1283 3308 1698 3363; x_wconf 78' lang='grc' dir='ltr'>ἐπιϐουλεύεται</span> <span class='ocrx_word' id='word_1_244' title='bbox 1729 3309 1860 3381; x_wconf 86' lang='grc' dir='ltr'>παρ’</span> 
     </span>
    </p>
   </div>
   <div class='ocr_carea' id='block_1_38' title="bbox 277 3399 1859 3474">
    <p class='ocr_par' dir='ltr' id='par_1_38' title="bbox 277 3399 1859 3474">
     <span class='ocr_line' id='line_1_38' title="bbox 277 3399 1859 3474; baseline 0.001 -20"><span class='ocrx_word' id='word_1_245' title='bbox 277 3400 473 3468; x_wconf 82' lang='grc' dir='ltr'>αὐτοῦ,</span> <span class='ocrx_word' id='word_1_246' title='bbox 505 3402 579 3473; x_wconf 81' lang='grc' dir='ltr'>μὴ</span> <span class='ocrx_word' id='word_1_247' title='bbox 629 3400 959 3473; x_wconf 78' lang='grc' dir='ltr'>βουλομένου</span> <span class='ocrx_word' id='word_1_248' title='bbox 990 3399 1085 3455; x_wconf 84' lang='grc' dir='ltr'>τοῦ</span> <span class='ocrx_word' id='word_1_249' title='bbox 1117 3400 1379 3455; x_wconf 89' lang='grc' dir='ltr'>κακίστου</span> <span class='ocrx_word' id='word_1_250' title='bbox 1426 3401 1859 3474; x_wconf 81' lang='grc' dir='ltr'>ἐπιχειρήματος</span> 
     </span>
    </p>
   </div>
   <div class='ocr_carea' id='block_1_39' title="bbox 278 3494 588 3567">
    <p class='ocr_par' dir='ltr' id='par_1_39' title="bbox 278 3494 588 3567">
     <span class='ocr_line' id='line_1_39' title="bbox 278 3494 588 3567; baseline 0.013 -21"><span class='ocrx_word' id='word_1_251' title='bbox 278 3494 588 3567; x_wconf 74' lang='grc' dir='ltr'>εἴργεσθαι.</span> 
     </span>
    </p>
   </div>
   <div class='ocr_carea' id='block_1_40' title="bbox 352 3586 1860 3658">
    <p class='ocr_par' dir='ltr' id='par_1_40' title="bbox 352 3586 1860 3658">
     <span class='ocr_line' id='line_1_40' title="bbox 352 3586 1860 3658; baseline -0.001 -16"><span class='ocrx_word' id='word_1_252' title='bbox 352 3589 444 3658; x_wconf 87' lang='grc' dir='ltr'>ιη’,</span> <span class='ocrx_word' id='word_1_253' title='bbox 487 3586 571 3641; x_wconf 81' lang='grc' dir='ltr'>ιϐ’.</span> <span class='ocrx_word' id='word_1_254' title='bbox 614 3587 844 3656; x_wconf 79' lang='grc' dir='ltr'>Ὠσπερ</span> <span class='ocrx_word' id='word_1_255' title='bbox 871 3590 924 3642; x_wconf 82' lang='grc' dir='ltr'>οἱ</span> <span class='ocrx_word' id='word_1_256' title='bbox 944 3586 1176 3655; x_wconf 73' lang='grc' dir='ltr'>ἰώμενοι</span> <span class='ocrx_word' id='word_1_257' title='bbox 1201 3586 1611 3656; x_wconf 76' lang='grc' dir='ltr'>προϐάλλουσι</span> <span class='ocrx_word' id='word_1_258' title='bbox 1637 3589 1860 3658; x_wconf 83' lang='grc' dir='ltr'>λόγους</span> 
     </span>
    </p>
   </div>
   <div class='ocr_carea' id='block_1_41' title="bbox 277 3674 1856 3746">
    <p class='ocr_par' dir='ltr' id='par_1_41' title="bbox 277 3674 1856 3746">
     <span class='ocr_line' id='line_1_41' title="bbox 277 3674 1856 3746; baseline -0.001 -14"><span class='ocrx_word' id='word_1_259' title='bbox 277 3679 368 3742; x_wconf 84' lang='grc' dir='ltr'><strong>είς</strong></span> <span class='ocrx_word' id='word_1_260' title='bbox 400 3677 771 3746; x_wconf 75' lang='grc' dir='ltr'>ἀνθρώπους,</span> <span class='ocrx_word' id='word_1_261' title='bbox 794 3677 826 3730; x_wconf 85' lang='grc' dir='ltr'><em>ὀ</em></span> <span class='ocrx_word' id='word_1_262' title='bbox 847 3674 915 3729; x_wconf 76' lang='grc' dir='ltr'>δὲ</span> <span class='ocrx_word' id='word_1_263' title='bbox 945 3675 1307 3743; x_wconf 84' lang='grc' dir='ltr'>ἀπαντήσας</span> <span class='ocrx_word' id='word_1_264' title='bbox 1322 3675 1402 3742; x_wconf 84' lang='grc' dir='ltr'>τῷ</span> <span class='ocrx_word' id='word_1_265' title='bbox 1418 3679 1578 3746; x_wconf 85' lang='grc' dir='ltr'>λόγῳ</span> <span class='ocrx_word' id='word_1_266' title='bbox 1602 3675 1856 3744; x_wconf 87' lang='grc' dir='ltr'>πρῶτος,</span> 
     </span>
    </p>
   </div>
   <div class='ocr_carea' id='block_1_42' title="bbox 1979 473 3556 551">
    <p class='ocr_par' dir='ltr' id='par_1_42' title="bbox 1979 473 3556 551">
     <span class='ocr_line' id='line_1_42' title="bbox 1979 473 3556 551; baseline 0.01 -26"><span class='ocrx_word' id='word_1_267' title='bbox 1979 480 2258 527; x_wconf 85' lang='lat' dir='ltr'><strong>avertens.</strong></span> <span class='ocrx_word' id='word_1_268' title='bbox 2284 473 2365 527; x_wconf 84' lang='lat' dir='ltr'><strong>Ad</strong></span> <span class='ocrx_word' id='word_1_269' title='bbox 2396 475 2688 531; x_wconf 74' lang='lat' dir='ltr'><strong>scientiam</strong></span> <span class='ocrx_word' id='word_1_270' title='bbox 2727 477 2951 547; x_wconf 87' lang='lat' dir='ltr'><strong>quidem</strong></span> <span class='ocrx_word' id='word_1_271' title='bbox 3016 480 3301 551; x_wconf 86' lang='lat' dir='ltr'><strong>immotus,</strong></span> <span class='ocrx_word' id='word_1_272' title='bbox 3346 484 3414 538; x_wconf 83' lang='lat' dir='ltr'><strong>ad</strong></span> <span class='ocrx_word' id='word_1_273' title='bbox 3445 484 3556 540; x_wconf 81' lang='lat' dir='ltr'><strong>vir-</strong></span> 
     </span>
    </p>
   </div>
   <div class='ocr_carea' id='block_1_43' title="bbox 1975 564 2809 626">
    <p class='ocr_par' dir='ltr' id='par_1_43' title="bbox 1975 564 2809 626">
     <span class='ocr_line' id='line_1_43' title="bbox 1975 564 2809 626; baseline 0.01 -11"><span class='ocrx_word' id='word_1_274' title='bbox 1975 570 2146 617; x_wconf 91' lang='lat' dir='ltr'><strong>tutem</strong></span> <span class='ocrx_word' id='word_1_275' title='bbox 2178 575 2364 620; x_wconf 91' lang='lat' dir='ltr'><strong>autem</strong></span> <span class='ocrx_word' id='word_1_276' title='bbox 2385 564 2537 623; x_wconf 89' lang='lat' dir='ltr'><strong>iners</strong></span> <span class='ocrx_word' id='word_1_277' title='bbox 2571 568 2809 626; x_wconf 82' lang='lat' dir='ltr'><strong>exsistit.</strong></span> 
     </span>
    </p>
   </div>
   <div class='ocr_carea' id='block_1_44' title="bbox 2048 653 3554 731">
    <p class='ocr_par' dir='ltr' id='par_1_44' title="bbox 2048 653 3554 731">
     <span class='ocr_line' id='line_1_44' title="bbox 2048 653 3554 731; baseline 0.01 -24"><span class='ocrx_word' id='word_1_278' title='bbox 2048 653 2218 710; x_wconf 73' lang='lat' dir='ltr'><strong>Vens.</strong></span> <span class='ocrx_word' id='word_1_279' title='bbox 2249 656 2338 711; x_wconf 79' lang='grc'><strong>15.</strong></span> <span class='ocrx_word' id='word_1_280' title='bbox 2379 657 2724 715; x_wconf 81' lang='lat' dir='ltr'><strong>Abscondens</strong></span> <span class='ocrx_word' id='word_1_281' title='bbox 2746 661 2894 731; x_wconf 83' lang='lat' dir='ltr'><strong>piger</strong></span> <span class='ocrx_word' id='word_1_282' title='bbox 2937 679 3150 718; x_wconf 87' lang='lat' dir='ltr'><strong>manum</strong></span> <span class='ocrx_word' id='word_1_283' title='bbox 3185 665 3240 719; x_wconf 89' lang='lat' dir='ltr'><strong>in</strong></span> <span class='ocrx_word' id='word_1_284' title='bbox 3274 665 3399 721; x_wconf 86' lang='lat' dir='ltr'><strong>sinu</strong></span> <span class='ocrx_word' id='word_1_285' title='bbox 3454 683 3554 722; x_wconf 87' lang='lat' dir='ltr'><strong>suo</strong></span> 
     </span>
    </p>
   </div>
   <div class='ocr_carea' id='block_1_45' title="bbox 1976 750 3554 826">
    <p class='ocr_par' dir='ltr' id='par_1_45' title="bbox 1976 750 3554 826">
     <span class='ocr_line' id='line_1_45' title="bbox 1976 750 3554 826; baseline 0.01 -26"><span class='ocrx_word' id='word_1_286' title='bbox 1976 762 2080 802; x_wconf 91' lang='lat' dir='ltr'><strong>non</strong></span> <span class='ocrx_word' id='word_1_287' title='bbox 2109 750 2306 817; x_wconf 87' lang='lat' dir='ltr'><strong>poterit</strong></span> <span class='ocrx_word' id='word_1_288' title='bbox 2330 750 2540 806; x_wconf 81' lang='lat' dir='ltr'><strong>mittere</strong></span> <span class='ocrx_word' id='word_1_289' title='bbox 2561 751 2630 805; x_wconf 86' lang='lat' dir='ltr'><strong>ad</strong></span> <span class='ocrx_word' id='word_1_290' title='bbox 2660 769 2741 809; x_wconf 88' lang='lat' dir='ltr'><strong>os.</strong></span> <span class='ocrx_word' id='word_1_291' title='bbox 2773 754 2877 821; x_wconf 81' lang='lat' dir='ltr'><strong>Qui</strong></span> <span class='ocrx_word' id='word_1_292' title='bbox 2927 756 3081 826; x_wconf 87' lang='lat' dir='ltr'><strong>piger</strong></span> <span class='ocrx_word' id='word_1_293' title='bbox 3109 770 3194 814; x_wconf 88' lang='lat' dir='ltr'><strong>est</strong></span> <span class='ocrx_word' id='word_1_294' title='bbox 3223 759 3373 814; x_wconf 85' lang='lat' dir='ltr'><strong>circa</strong></span> <span class='ocrx_word' id='word_1_295' title='bbox 3397 775 3554 816; x_wconf 90' lang='lat' dir='ltr'><strong>man-</strong></span> 
     </span>
    </p>
   </div>
   <div class='ocr_carea' id='block_1_46' title="bbox 1973 839 3549 918">
    <p class='ocr_par' dir='ltr' id='par_1_46' title="bbox 1973 839 3549 918">
     <span class='ocr_line' id='line_1_46' title="bbox 1973 839 3549 918; baseline 0.008 -23"><span class='ocrx_word' id='word_1_296' title='bbox 1973 839 2231 896; x_wconf 78' lang='lat' dir='ltr'><strong>datorum</strong></span> <span class='ocrx_word' id='word_1_297' title='bbox 2296 843 2770 914; x_wconf 84' lang='lat' dir='ltr'><strong>adimpletionem,</strong></span> <span class='ocrx_word' id='word_1_298' title='bbox 2831 847 2886 901; x_wconf 93' lang='lat' dir='ltr'><strong>in</strong></span> <span class='ocrx_word' id='word_1_299' title='bbox 2959 848 3086 905; x_wconf 89' lang='lat' dir='ltr'><strong>sinu</strong></span> <span class='ocrx_word' id='word_1_300' title='bbox 3146 851 3344 906; x_wconf 76' lang='lat' dir='ltr'><strong>attint-.e</strong></span> <span class='ocrx_word' id='word_1_301' title='bbox 3413 868 3549 918; x_wconf 67' lang='lat' dir='ltr'><strong>sum,</strong></span> 
     </span>
    </p>
   </div>
   <div class='ocr_carea' id='block_1_47' title="bbox 1974 931 3548 1010">
    <p class='ocr_par' dir='ltr' id='par_1_47' title="bbox 1974 931 3548 1010">
     <span class='ocr_line' id='line_1_47' title="bbox 1974 931 3548 1010; baseline 0.009 -25"><span class='ocrx_word' id='word_1_302' title='bbox 1974 931 2170 1001; x_wconf 88' lang='lat' dir='ltr'><strong>agendi</strong></span> <span class='ocrx_word' id='word_1_303' title='bbox 2239 935 2540 1004; x_wconf 86' lang='lat' dir='ltr'><strong>potentiam</strong></span> <span class='ocrx_word' id='word_1_304' title='bbox 2591 937 2755 1008; x_wconf 91' lang='lat' dir='ltr'><strong>ipsia</strong></span> <span class='ocrx_word' id='word_1_305' title='bbox 2807 939 2916 994; x_wconf 91' lang='lat' dir='ltr'><strong>Deo</strong></span> <span class='ocrx_word' id='word_1_306' title='bbox 2939 939 3129 995; x_wconf 89' lang='lat' dir='ltr'><strong>datum</strong></span> <span class='ocrx_word' id='word_1_307' title='bbox 3172 943 3548 1010; x_wconf 84' lang='lat' dir='ltr'><strong>abscondens,</strong></span> 
     </span>
    </p>
   </div>
   <div class='ocr_carea' id='block_1_48' title="bbox 1973 1023 3551 1098">
    <p class='ocr_par' dir='ltr' id='par_1_48' title="bbox 1973 1023 3551 1098">
     <span class='ocr_line' id='line_1_48' title="bbox 1973 1023 3551 1098; baseline 0.006 -20"><span class='ocrx_word' id='word_1_308' title='bbox 1973 1037 2092 1078; x_wconf 89' lang='lat' dir='ltr'><strong>eam</strong></span> <span class='ocrx_word' id='word_1_309' title='bbox 2131 1023 2342 1087; x_wconf 83' lang='lat' dir='ltr'><strong>scilicet</strong></span> <span class='ocrx_word' id='word_1_310' title='bbox 2371 1040 2480 1080; x_wconf 92' lang='lat' dir='ltr'><strong>non</strong></span> <span class='ocrx_word' id='word_1_311' title='bbox 2518 1028 2843 1098; x_wconf 81' lang='lat' dir='ltr'><strong>expandens</strong></span> <span class='ocrx_word' id='word_1_312' title='bbox 2874 1030 2944 1085; x_wconf 90' lang='lat' dir='ltr'><strong>ad</strong></span> <span class='ocrx_word' id='word_1_313' title='bbox 2984 1031 3239 1086; x_wconf 83' lang='lat' dir='ltr'><strong>mandata</strong></span> <span class='ocrx_word' id='word_1_314' title='bbox 3300 1031 3395 1087; x_wconf 87' lang='lat' dir='ltr'><strong>Dei</strong></span> <span class='ocrx_word' id='word_1_315' title='bbox 3447 1033 3551 1087; x_wconf 86' lang='lat' dir='ltr'><strong>im-</strong></span> 
     </span>
    </p>
   </div>
   <div class='ocr_carea' id='block_1_49' title="bbox 1973 1114 3670 1193">
    <p class='ocr_par' dir='ltr' id='par_1_49' title="bbox 1973 1114 3670 1193">
     <span class='ocr_line' id='line_1_49' title="bbox 1973 1114 3670 1193; baseline 0.006 -25"><span class='ocrx_word' id='word_1_316' title='bbox 1973 1114 2196 1185; x_wconf 82' lang='lat' dir='ltr'><strong>plenda,</strong></span> <span class='ocrx_word' id='word_1_317' title='bbox 2226 1116 2298 1172; x_wconf 89' lang='lat' dir='ltr'><strong>ob</strong></span> <span class='ocrx_word' id='word_1_318' title='bbox 2333 1116 2728 1189; x_wconf 77' lang='lat' dir='ltr'><strong>indulgentiam</strong></span> <span class='ocrx_word' id='word_1_319' title='bbox 2761 1120 3014 1191; x_wconf 87' lang='lat' dir='ltr'><strong>corporis</strong></span> <span class='ocrx_word' id='word_1_320' title='bbox 3049 1122 3552 1193; x_wconf 79' lang='lat' dir='ltr'><strong>virtutisquelabo-</strong></span> <span class='ocrx_word' id='word_1_321' title='bbox 3652 1144 3670 1158; x_wconf 70' lang='grc' dir='ltr'><strong>ι</strong></span> 
     </span>
    </p>
   </div>
   <div class='ocr_carea' id='block_1_50' title="bbox 1971 1211 3551 1284">
    <p class='ocr_par' dir='ltr' id='par_1_50' title="bbox 1971 1211 3551 1284">
     <span class='ocr_line' id='line_1_50' title="bbox 1971 1211 3551 1284; baseline 0.005 -23"><span class='ocrx_word' id='word_1_322' title='bbox 1971 1220 2108 1272; x_wconf 89' lang='lat' dir='ltr'><strong>rem,</strong></span> <span class='ocrx_word' id='word_1_323' title='bbox 2132 1221 2242 1262; x_wconf 92' lang='lat' dir='ltr'><strong>non</strong></span> <span class='ocrx_word' id='word_1_324' title='bbox 2267 1216 2450 1280; x_wconf 87' lang='lat' dir='ltr'><strong>potest</strong></span> <span class='ocrx_word' id='word_1_325' title='bbox 2486 1225 2666 1280; x_wconf 87' lang='lat' dir='ltr'><strong>neque</strong></span> <span class='ocrx_word' id='word_1_326' title='bbox 2700 1211 2810 1266; x_wconf 82' lang='lat' dir='ltr'><strong>frui</strong></span> <span class='ocrx_word' id='word_1_327' title='bbox 2843 1221 3006 1283; x_wconf 90' lang='lat' dir='ltr'><strong>gustu</strong></span> <span class='ocrx_word' id='word_1_328' title='bbox 3040 1215 3231 1284; x_wconf 80' lang='lat' dir='ltr'><strong>praxis</strong></span> <span class='ocrx_word' id='word_1_329' title='bbox 3264 1215 3551 1270; x_wconf 84' lang='lat' dir='ltr'><strong>mandato-</strong></span> 
     </span>
    </p>
   </div>
   <div class='ocr_carea' id='block_1_51' title="bbox 1971 1299 3548 1374">
    <p class='ocr_par' dir='ltr' id='par_1_51' title="bbox 1971 1299 3548 1374">
     <span class='ocr_line' id='line_1_51' title="bbox 1971 1299 3548 1374; baseline 0.006 -21"><span class='ocrx_word' id='word_1_330' title='bbox 1971 1314 2092 1354; x_wconf 90' lang='lat' dir='ltr'><strong>rum</strong></span> <span class='ocrx_word' id='word_1_331' title='bbox 2124 1299 2365 1366; x_wconf 85' lang='lat' dir='ltr'><strong>illorum,</strong></span> <span class='ocrx_word' id='word_1_332' title='bbox 2399 1316 2580 1373; x_wconf 89' lang='lat' dir='ltr'><strong>neque</strong></span> <span class='ocrx_word' id='word_1_333' title='bbox 2616 1304 2900 1374; x_wconf 76' lang='lat' dir='ltr'><strong>porrigere</strong></span> <span class='ocrx_word' id='word_1_334' title='bbox 2943 1320 3167 1361; x_wconf 90' lang='lat' dir='ltr'><strong>manum</strong></span> <span class='ocrx_word' id='word_1_335' title='bbox 3234 1308 3548 1363; x_wconf 75' lang='lat' dir='ltr'><strong>auxiliatri-</strong></span> 
     </span>
    </p>
   </div>
   <div class='ocr_carea' id='block_1_52' title="bbox 1969 1392 3550 1472">
    <p class='ocr_par' dir='ltr' id='par_1_52' title="bbox 1969 1392 3550 1472">
     <span class='ocr_line' id='line_1_52' title="bbox 1969 1392 3550 1472; baseline 0.004 -24"><span class='ocrx_word' id='word_1_336' title='bbox 1969 1406 2090 1450; x_wconf 88' lang='lat' dir='ltr'><strong>cem</strong></span> <span class='ocrx_word' id='word_1_337' title='bbox 2121 1392 2389 1449; x_wconf 73' lang='lat' dir='ltr'><strong>doctrinae</strong></span> <span class='ocrx_word' id='word_1_338' title='bbox 2421 1395 2714 1452; x_wconf 87' lang='lat' dir='ltr'><strong>veritatem</strong></span> <span class='ocrx_word' id='word_1_339' title='bbox 2769 1397 3070 1465; x_wconf 89' lang='lat' dir='ltr'><strong>nuntianti,</strong></span> <span class='ocrx_word' id='word_1_340' title='bbox 3123 1413 3220 1469; x_wconf 88' lang='lat' dir='ltr'><strong>per</strong></span> <span class='ocrx_word' id='word_1_341' title='bbox 3244 1400 3398 1472; x_wconf 89' lang='lat' dir='ltr'><strong>signa</strong></span> <span class='ocrx_word' id='word_1_342' title='bbox 3423 1415 3550 1470; x_wconf 81' lang='lat' dir='ltr'><strong>pra-</strong></span> 
     </span>
    </p>
   </div>
   <div class='ocr_carea' id='block_1_53' title="bbox 1969 1483 3550 1559">
    <p class='ocr_par' dir='ltr' id='par_1_53' title="bbox 1969 1483 3550 1559">
     <span class='ocr_line' id='line_1_53' title="bbox 1969 1483 3550 1559; baseline 0.003 -20"><span class='ocrx_word' id='word_1_343' title='bbox 1969 1483 2114 1540; x_wconf 86' lang='lat' dir='ltr'><strong>ctica</strong></span> <span class='ocrx_word' id='word_1_344' title='bbox 2172 1501 2296 1556; x_wconf 68' lang='lat' dir='ltr'><strong>qua:</strong></span> <span class='ocrx_word' id='word_1_345' title='bbox 2319 1486 2467 1542; x_wconf 90' lang='lat' dir='ltr'><strong>illam</strong></span> <span class='ocrx_word' id='word_1_346' title='bbox 2523 1497 2835 1559; x_wconf 85' lang='lat' dir='ltr'><strong>sequuntur</strong></span> <span class='ocrx_word' id='word_1_347' title='bbox 2861 1502 2927 1542; x_wconf 86' lang='lat' dir='ltr'><strong>ac</strong></span> <span class='ocrx_word' id='word_1_348' title='bbox 2979 1489 3330 1556; x_wconf 81' lang='lat' dir='ltr'><strong>conﬁrmant,</strong></span> <span class='ocrx_word' id='word_1_349' title='bbox 3362 1491 3438 1546; x_wconf 90' lang='lat' dir='ltr'><strong>ita</strong></span> <span class='ocrx_word' id='word_1_350' title='bbox 3489 1500 3550 1546; x_wconf 93' lang='lat' dir='ltr'><strong>ut</strong></span> 
     </span>
    </p>
   </div>
   <div class='ocr_carea' id='block_1_54' title="bbox 1967 1574 3194 1651">
    <p class='ocr_par' dir='ltr' id='par_1_54' title="bbox 1967 1574 3194 1651">
     <span class='ocr_line' id='line_1_54' title="bbox 1967 1574 3194 1651; baseline 0.005 -20"><span class='ocrx_word' id='word_1_351' title='bbox 1967 1574 2035 1631; x_wconf 88' lang='lat' dir='ltr'><strong>ad</strong></span> <span class='ocrx_word' id='word_1_352' title='bbox 2060 1576 2278 1646; x_wconf 89' lang='lat' dir='ltr'><strong>plenum</strong></span> <span class='ocrx_word' id='word_1_353' title='bbox 2319 1578 2497 1650; x_wconf 82' lang='lat' dir='ltr'><strong>possit</strong></span> <span class='ocrx_word' id='word_1_354' title='bbox 2524 1579 2858 1651; x_wconf 83' lang='lat' dir='ltr'><strong>persuadere</strong></span> <span class='ocrx_word' id='word_1_355' title='bbox 2884 1581 3194 1638; x_wconf 81' lang='lat' dir='ltr'><strong>audientes.</strong></span> 
     </span>
    </p>
   </div>
   <div class='ocr_carea' id='block_1_55' title="bbox 2044 1837 3550 1919">
    <p class='ocr_par' dir='ltr' id='par_1_55' title="bbox 2044 1837 3550 1919">
     <span class='ocr_line' id='line_1_55' title="bbox 2044 1837 3550 1919; baseline 0.003 -20"><span class='ocrx_word' id='word_1_356' title='bbox 2044 1841 2328 1900; x_wconf 74' lang='lat' dir='ltr'><strong>Vens.16.</strong></span> <span class='ocrx_word' id='word_1_357' title='bbox 2365 1843 2676 1914; x_wconf 80' lang='lat' dir='ltr'><strong>Sapientior</strong></span> <span class='ocrx_word' id='word_1_358' title='bbox 2706 1845 2812 1901; x_wconf 77' lang='lat' dir='ltr'><strong>sibi</strong></span> <span class='ocrx_word' id='word_1_359' title='bbox 2837 1845 2987 1918; x_wconf 81' lang='lat' dir='ltr'><strong>piger</strong></span> <span class='ocrx_word' id='word_1_360' title='bbox 3023 1837 3236 1902; x_wconf 76' lang='lat' dir='ltr'><strong>videtur</strong></span> <span class='ocrx_word' id='word_1_361' title='bbox 3259 1864 3319 1904; x_wconf 88' lang='lat' dir='ltr'><strong>eo</strong></span> <span class='ocrx_word' id='word_1_362' title='bbox 3345 1849 3436 1919; x_wconf 81' lang='lat' dir='ltr'><strong>qui</strong></span> <span class='ocrx_word' id='word_1_363' title='bbox 3492 1849 3550 1903; x_wconf 78' lang='lat' dir='ltr'><strong>in</strong></span> 
     </span>
    </p>
   </div>
   <div class='ocr_carea' id='block_1_56' title="bbox 1968 1936 3551 2011">
    <p class='ocr_par' dir='ltr' id='par_1_56' title="bbox 1968 1936 3551 2011">
     <span class='ocr_line' id='line_1_56' title="bbox 1968 1936 3551 2011; baseline 0.003 -19"><span class='ocrx_word' id='word_1_364' title='bbox 1968 1938 2252 1992; x_wconf 74' lang='lat' dir='ltr'><strong>saturitate</strong></span> <span class='ocrx_word' id='word_1_365' title='bbox 2279 1936 2439 2006; x_wconf 75' lang='lat' dir='ltr'><strong>refert</strong></span> <span class='ocrx_word' id='word_1_366' title='bbox 2471 1939 2738 1993; x_wconf 85' lang='lat' dir='ltr'><strong>nuntium.</strong></span> <span class='ocrx_word' id='word_1_367' title='bbox 2773 1936 2878 2006; x_wconf 85' lang='lat' dir='ltr'><strong>Qui</strong></span> <span class='ocrx_word' id='word_1_368' title='bbox 2905 1939 3059 2010; x_wconf 78' lang='lat' dir='ltr'><strong>piger</strong></span> <span class='ocrx_word' id='word_1_369' title='bbox 3085 1947 3170 1996; x_wconf 84' lang='lat' dir='ltr'><strong>est</strong></span> <span class='ocrx_word' id='word_1_370' title='bbox 3188 1939 3338 1996; x_wconf 85' lang='lat' dir='ltr'><strong>circa</strong></span> <span class='ocrx_word' id='word_1_371' title='bbox 3358 1955 3551 2011; x_wconf 82' lang='lat' dir='ltr'><strong>opera-</strong></span> 
     </span>
    </p>
   </div>
   <div class='ocr_carea' id='block_1_57' title="bbox 1967 2027 3549 2104">
    <p class='ocr_par' dir='ltr' id='par_1_57' title="bbox 1967 2027 3549 2104">
     <span class='ocr_line' id='line_1_57' title="bbox 1967 2027 3549 2104; baseline 0.001 -20"><span class='ocrx_word' id='word_1_372' title='bbox 1967 2027 2178 2085; x_wconf 88' lang='lat' dir='ltr'><strong>tionem</strong></span> <span class='ocrx_word' id='word_1_373' title='bbox 2228 2028 2380 2096; x_wconf 85' lang='lat' dir='ltr'><strong>boni,</strong></span> <span class='ocrx_word' id='word_1_374' title='bbox 2444 2036 2605 2102; x_wconf 87' lang='lat' dir='ltr'><strong>putat</strong></span> <span class='ocrx_word' id='word_1_375' title='bbox 2667 2044 2728 2086; x_wconf 86' lang='lat' dir='ltr'><strong>se</strong></span> <span class='ocrx_word' id='word_1_376' title='bbox 2767 2030 3160 2099; x_wconf 75' lang='lat' dir='ltr'><strong>sapientiorem</strong></span> <span class='ocrx_word' id='word_1_377' title='bbox 3193 2032 3381 2104; x_wconf 83' lang='lat' dir='ltr'><strong>coqui</strong></span> <span class='ocrx_word' id='word_1_378' title='bbox 3451 2046 3549 2102; x_wconf 90' lang='lat' dir='ltr'><strong>per</strong></span> 
     </span>
    </p>
   </div>
   <div class='ocr_carea' id='block_1_58' title="bbox 1967 2121 3550 2195">
    <p class='ocr_par' dir='ltr' id='par_1_58' title="bbox 1967 2121 3550 2195">
     <span class='ocr_line' id='line_1_58' title="bbox 1967 2121 3550 2195; baseline 0.004 -20"><span class='ocrx_word' id='word_1_379' title='bbox 1967 2133 2132 2191; x_wconf 80' lang='lat' dir='ltr'><strong>Opera</strong></span> <span class='ocrx_word' id='word_1_380' title='bbox 2179 2121 2412 2192; x_wconf 76' lang='lat' dir='ltr'><strong>justitite</strong></span> <span class='ocrx_word' id='word_1_381' title='bbox 2471 2121 2895 2194; x_wconf 72' lang='lat' dir='ltr'><strong>intelligentiam</strong></span> <span class='ocrx_word' id='word_1_382' title='bbox 2977 2139 3086 2194; x_wconf 89' lang='lat' dir='ltr'><strong>qua</strong></span> <span class='ocrx_word' id='word_1_383' title='bbox 3153 2124 3411 2195; x_wconf 87' lang='lat' dir='ltr'><strong>impletus</strong></span> <span class='ocrx_word' id='word_1_384' title='bbox 3463 2133 3550 2181; x_wconf 84' lang='lat' dir='ltr'><strong>est</strong></span> 
     </span>
    </p>
   </div>
   <div class='ocr_carea' id='block_1_59' title="bbox 1968 2209 3543 2271">
    <p class='ocr_par' dir='ltr' id='par_1_59' title="bbox 1968 2209 3543 2271">
     <span class='ocr_line' id='line_1_59' title="bbox 1968 2209 3543 2271; baseline 0.003 -6"><span class='ocrx_word' id='word_1_385' title='bbox 1968 2211 2230 2268; x_wconf 85' lang='lat' dir='ltr'><strong>ostendit.</strong></span> <span class='ocrx_word' id='word_1_386' title='bbox 2285 2209 2424 2268; x_wconf 64' lang='lat' dir='ltr'><strong>Vita</strong></span> <span class='ocrx_word' id='word_1_387' title='bbox 2490 2212 2798 2268; x_wconf 84' lang='lat' dir='ltr'><strong>secundum</strong></span> <span class='ocrx_word' id='word_1_388' title='bbox 2839 2210 3010 2268; x_wconf 87' lang='lat' dir='ltr'><strong>Deum</strong></span> <span class='ocrx_word' id='word_1_389' title='bbox 3069 2215 3394 2270; x_wconf 79' lang='lat' dir='ltr'><strong>brevitatem</strong></span> <span class='ocrx_word' id='word_1_390' title='bbox 3432 2230 3543 2271; x_wconf 91' lang='lat' dir='ltr'><strong>non</strong></span> 
     </span>
    </p>
   </div>
   <div class='ocr_carea' id='block_1_60' title="bbox 1966 2303 3542 2377">
    <p class='ocr_par' dir='ltr' id='par_1_60' title="bbox 1966 2303 3542 2377">
     <span class='ocr_line' id='line_1_60' title="bbox 1966 2303 3542 2377; baseline 0.003 -19"><span class='ocrx_word' id='word_1_391' title='bbox 1966 2303 2355 2369; x_wconf 83' lang='lat' dir='ltr'><strong>considerans.</strong></span> <span class='ocrx_word' id='word_1_392' title='bbox 2382 2304 2571 2361; x_wconf 85' lang='lat' dir='ltr'><strong>carnis</strong></span> <span class='ocrx_word' id='word_1_393' title='bbox 2592 2304 2970 2377; x_wconf 76' lang='lat' dir='ltr'><strong>voluptatibus</strong></span> <span class='ocrx_word' id='word_1_394' title='bbox 2988 2321 3111 2363; x_wconf 85' lang='lat' dir='ltr'><strong>sese</strong></span> <span class='ocrx_word' id='word_1_395' title='bbox 3132 2307 3387 2373; x_wconf 83' lang='lat' dir='ltr'><strong>tradidit;</strong></span> <span class='ocrx_word' id='word_1_396' title='bbox 3415 2324 3542 2363; x_wconf 86' lang='lat' dir='ltr'><strong>nam</strong></span> 
     </span>
    </p>
   </div>
   <div class='ocr_carea' id='block_1_61' title="bbox 1967 2398 3547 2473">
    <p class='ocr_par' dir='ltr' id='par_1_61' title="bbox 1967 2398 3547 2473">
     <span class='ocr_line' id='line_1_61' title="bbox 1967 2398 3547 2473; baseline 0.004 -21"><span class='ocrx_word' id='word_1_397' title='bbox 1967 2413 2154 2454; x_wconf 84' lang='lat' dir='ltr'><strong>verum</strong></span> <span class='ocrx_word' id='word_1_398' title='bbox 2191 2398 2394 2454; x_wconf 85' lang='lat' dir='ltr'><strong>bonum</strong></span> <span class='ocrx_word' id='word_1_399' title='bbox 2433 2398 2669 2470; x_wconf 87' lang='lat' dir='ltr'><strong>ignorat,</strong></span> <span class='ocrx_word' id='word_1_400' title='bbox 2693 2399 3012 2472; x_wconf 85' lang='lat' dir='ltr'><strong>bonumque</strong></span> <span class='ocrx_word' id='word_1_401' title='bbox 3069 2408 3226 2471; x_wconf 86' lang='lat' dir='ltr'><strong>putat</strong></span> <span class='ocrx_word' id='word_1_402' title='bbox 3252 2403 3398 2473; x_wconf 87' lang='lat' dir='ltr'><strong>quod</strong></span> <span class='ocrx_word' id='word_1_403' title='bbox 3449 2403 3547 2459; x_wconf 70' lang='lat' dir='ltr'><strong>lio-</strong></span> 
     </span>
    </p>
   </div>
   <div class='ocr_carea' id='block_1_62' title="bbox 1967 2498 2376 2547">
    <p class='ocr_par' dir='ltr' id='par_1_62' title="bbox 1967 2498 2376 2547">
     <span class='ocr_line' id='line_1_62' title="bbox 1967 2498 2376 2547; baseline 0.005 -2"><span class='ocrx_word' id='word_1_404' title='bbox 1967 2505 2097 2546; x_wconf 89' lang='lat' dir='ltr'><strong>num</strong></span> <span class='ocrx_word' id='word_1_405' title='bbox 2129 2506 2237 2547; x_wconf 89' lang='lat' dir='ltr'><strong>non</strong></span> <span class='ocrx_word' id='word_1_406' title='bbox 2269 2498 2376 2547; x_wconf 84' lang='lat' dir='ltr'><strong>est.</strong></span> 
     </span>
    </p>
   </div>
   <div class='ocr_carea' id='block_1_63' title="bbox 2039 2659 3543 2746">
    <p class='ocr_par' dir='ltr' id='par_1_63' title="bbox 2039 2659 3543 2746">
     <span class='ocr_line' id='line_1_63' title="bbox 2039 2659 3543 2746; baseline 0.009 -31"><span class='ocrx_word' id='word_1_407' title='bbox 2039 2663 2206 2720; x_wconf 74' lang='lat' dir='ltr'><strong>Vens.</strong></span> <span class='ocrx_word' id='word_1_408' title='bbox 2249 2664 2335 2720; x_wconf 77' lang='lat' dir='ltr'><strong>l7.</strong></span> <span class='ocrx_word' id='word_1_409' title='bbox 2373 2659 2526 2722; x_wconf 85' lang='lat' dir='ltr'><strong>Sicut</strong></span> <span class='ocrx_word' id='word_1_410' title='bbox 2555 2669 2644 2739; x_wconf 85' lang='lat' dir='ltr'><strong>qui</strong></span> <span class='ocrx_word' id='word_1_411' title='bbox 2680 2677 2816 2726; x_wconf 82' lang='lat' dir='ltr'><strong>tenet</strong></span> <span class='ocrx_word' id='word_1_412' title='bbox 2842 2659 3077 2726; x_wconf 72' lang='lat' dir='ltr'><strong>caudam</strong></span> <span class='ocrx_word' id='word_1_413' title='bbox 3127 2662 3278 2728; x_wconf 85' lang='lat' dir='ltr'><strong>canis</strong></span> <span class='ocrx_word' id='word_1_414' title='bbox 3299 2715 3315 2742; x_wconf 93' lang='lat'><strong>,</strong></span> <span class='ocrx_word' id='word_1_415' title='bbox 3342 2675 3418 2728; x_wconf 88' lang='lat' dir='ltr'><strong>sic</strong></span> <span class='ocrx_word' id='word_1_416' title='bbox 3452 2677 3543 2746; x_wconf 81' lang='lat' dir='ltr'><strong>qui</strong></span> 
     </span>
    </p>
   </div>
   <div class='ocr_carea' id='block_1_64' title="bbox 1971 2755 3547 2836">
    <p class='ocr_par' dir='ltr' id='par_1_64' title="bbox 1971 2755 3547 2836">
     <span class='ocr_line' id='line_1_64' title="bbox 1971 2755 3547 2836; baseline 0.008 -28"><span class='ocrx_word' id='word_1_417' title='bbox 1971 2755 2225 2823; x_wconf 78' lang='lat' dir='ltr'><strong>prtcsidet</strong></span> <span class='ocrx_word' id='word_1_418' title='bbox 2256 2755 2429 2812; x_wconf 71' lang='lat' dir='ltr'><strong>aiieno</strong></span> <span class='ocrx_word' id='word_1_419' title='bbox 2447 2757 2679 2828; x_wconf 85' lang='lat' dir='ltr'><strong>judicio.</strong></span> <span class='ocrx_word' id='word_1_420' title='bbox 2733 2759 3208 2826; x_wconf 86' lang='lat' dir='ltr'><strong>Quemadmodum</strong></span> <span class='ocrx_word' id='word_1_421' title='bbox 3248 2765 3343 2836; x_wconf 89' lang='lat' dir='ltr'><strong>qui</strong></span> <span class='ocrx_word' id='word_1_422' title='bbox 3399 2775 3547 2822; x_wconf 87' lang='lat' dir='ltr'><strong>tenet</strong></span> 
     </span>
    </p>
   </div>
   <div class='ocr_carea' id='block_1_65' title="bbox 1967 2846 3544 2923">
    <p class='ocr_par' dir='ltr' id='par_1_65' title="bbox 1967 2846 3544 2923">
     <span class='ocr_line' id='line_1_65' title="bbox 1967 2846 3544 2923; baseline 0.008 -24"><span class='ocrx_word' id='word_1_423' title='bbox 1967 2846 2199 2902; x_wconf 78' lang='lat' dir='ltr'><strong>eaudam</strong></span> <span class='ocrx_word' id='word_1_424' title='bbox 2235 2847 2394 2904; x_wconf 90' lang='lat' dir='ltr'><strong>canis</strong></span> <span class='ocrx_word' id='word_1_425' title='bbox 2422 2863 2660 2920; x_wconf 87' lang='lat' dir='ltr'><strong>eumque</strong></span> <span class='ocrx_word' id='word_1_426' title='bbox 2709 2860 2946 2907; x_wconf 89' lang='lat' dir='ltr'><strong>conatur</strong></span> <span class='ocrx_word' id='word_1_427' title='bbox 3009 2851 3277 2923; x_wconf 87' lang='lat' dir='ltr'><strong>impedire</strong></span> <span class='ocrx_word' id='word_1_428' title='bbox 3305 2861 3373 2909; x_wconf 88' lang='lat' dir='ltr'><strong>ne</strong></span> <span class='ocrx_word' id='word_1_429' title='bbox 3405 2853 3544 2911; x_wconf 85' lang='lat' dir='ltr'><strong>ultra</strong></span> 
     </span>
    </p>
   </div>
   <div class='ocr_carea' id='block_1_66' title="bbox 1966 2934 3545 3010">
    <p class='ocr_par' dir='ltr' id='par_1_66' title="bbox 1966 2934 3545 3010">
     <span class='ocr_line' id='line_1_66' title="bbox 1966 2934 3545 3010; baseline 0.007 -19"><span class='ocrx_word' id='word_1_430' title='bbox 1966 2936 2163 3004; x_wconf 83' lang='lat' dir='ltr'><strong>irruat,</strong></span> <span class='ocrx_word' id='word_1_431' title='bbox 2211 2934 2281 2993; x_wconf 89' lang='lat' dir='ltr'><strong>ab</strong></span> <span class='ocrx_word' id='word_1_432' title='bbox 2341 2939 2825 3010; x_wconf 75' lang='lat' dir='ltr'><strong>ipsomordetur,</strong></span> <span class='ocrx_word' id='word_1_433' title='bbox 2864 2942 2994 2997; x_wconf 88' lang='lat' dir='ltr'><strong>dum</strong></span> <span class='ocrx_word' id='word_1_434' title='bbox 3048 2942 3279 3001; x_wconf 86' lang='lat' dir='ltr'><strong>liberum</strong></span> <span class='ocrx_word' id='word_1_435' title='bbox 3319 2944 3545 3002; x_wconf 77' lang='lat' dir='ltr'><strong>festinat</strong></span> 
     </span>
    </p>
   </div>
   <div class='ocr_carea' id='block_1_67' title="bbox 1965 3027 3541 3107">
    <p class='ocr_par' dir='ltr' id='par_1_67' title="bbox 1965 3027 3541 3107">
     <span class='ocr_line' id='line_1_67' title="bbox 1965 3027 3541 3107; baseline 0.006 -24"><span class='ocrx_word' id='word_1_436' title='bbox 1965 3027 2167 3085; x_wconf 82' lang='lat' dir='ltr'><strong>habere</strong></span> <span class='ocrx_word' id='word_1_437' title='bbox 2197 3029 2459 3100; x_wconf 85' lang='lat' dir='ltr'><strong>impetum</strong></span> <span class='ocrx_word' id='word_1_438' title='bbox 2506 3048 2520 3086; x_wconf 90' lang='lat'><strong>:</strong></span> <span class='ocrx_word' id='word_1_439' title='bbox 2581 3031 2656 3086; x_wconf 85' lang='lat' dir='ltr'><strong>ita</strong></span> <span class='ocrx_word' id='word_1_440' title='bbox 2706 3033 2798 3102; x_wconf 89' lang='lat' dir='ltr'><strong>qui</strong></span> <span class='ocrx_word' id='word_1_441' title='bbox 2859 3034 3164 3090; x_wconf 82' lang='lat' dir='ltr'><strong>secundum</strong></span> <span class='ocrx_word' id='word_1_442' title='bbox 3217 3031 3541 3107; x_wconf 85' lang='lat' dir='ltr'><strong>dignitatem</strong></span> 
     </span>
    </p>
   </div>
   <div class='ocr_carea' id='block_1_68' title="bbox 1965 3121 3544 3201">
    <p class='ocr_par' dir='ltr' id='par_1_68' title="bbox 1965 3121 3544 3201">
     <span class='ocr_line' id='line_1_68' title="bbox 1965 3121 3544 3201; baseline 0.006 -27"><span class='ocrx_word' id='word_1_443' title='bbox 1965 3121 2390 3192; x_wconf 90' lang='lat' dir='ltr'><strong>quam_sortitus</strong></span> <span class='ocrx_word' id='word_1_444' title='bbox 2417 3130 2503 3178; x_wconf 89' lang='lat' dir='ltr'><strong>est</strong></span> <span class='ocrx_word' id='word_1_445' title='bbox 2527 3124 2949 3194; x_wconf 85' lang='lat' dir='ltr'><strong>aliumjudicat,</strong></span> <span class='ocrx_word' id='word_1_446' title='bbox 2984 3132 3038 3182; x_wconf 84' lang='lat' dir='ltr'><strong>et</strong></span> <span class='ocrx_word' id='word_1_447' title='bbox 3071 3127 3140 3183; x_wconf 87' lang='lat' dir='ltr'><strong>de</strong></span> <span class='ocrx_word' id='word_1_448' title='bbox 3185 3141 3253 3183; x_wconf 88' lang='lat' dir='ltr'><strong>eo</strong></span> <span class='ocrx_word' id='word_1_449' title='bbox 3310 3129 3544 3201; x_wconf 86' lang='lat' dir='ltr'><strong>inquisi-</strong></span> 
     </span>
    </p>
   </div>
   <div class='ocr_carea' id='block_1_69' title="bbox 1965 3212 3542 3284">
    <p class='ocr_par' dir='ltr' id='par_1_69' title="bbox 1965 3212 3542 3284">
     <span class='ocr_line' id='line_1_69' title="bbox 1965 3212 3542 3284; baseline 0.006 -18"><span class='ocrx_word' id='word_1_450' title='bbox 1965 3212 2102 3268; x_wconf 88' lang='lat' dir='ltr'><strong>tioni</strong></span> <span class='ocrx_word' id='word_1_451' title='bbox 2133 3224 2353 3284; x_wconf 83' lang='lat' dir='ltr'><strong>praeest,</strong></span> <span class='ocrx_word' id='word_1_452' title='bbox 2379 3213 2534 3268; x_wconf 90' lang='lat' dir='ltr'><strong>illum</strong></span> <span class='ocrx_word' id='word_1_453' title='bbox 2568 3214 3019 3272; x_wconf 88' lang='lat' dir='ltr'><strong>abinclinatione</strong></span> <span class='ocrx_word' id='word_1_454' title='bbox 3045 3218 3112 3272; x_wconf 91' lang='lat' dir='ltr'><strong>ad</strong></span> <span class='ocrx_word' id='word_1_455' title='bbox 3173 3219 3378 3274; x_wconf 89' lang='lat' dir='ltr'><strong>malum</strong></span> <span class='ocrx_word' id='word_1_456' title='bbox 3442 3223 3542 3274; x_wconf 85' lang='lat' dir='ltr'><strong>im-</strong></span> 
     </span>
    </p>
   </div>
   <div class='ocr_carea' id='block_1_70' title="bbox 1964 3306 3542 3380">
    <p class='ocr_par' dir='ltr' id='par_1_70' title="bbox 1964 3306 3542 3380">
     <span class='ocr_line' id='line_1_70' title="bbox 1964 3306 3542 3380; baseline 0.004 -18"><span class='ocrx_word' id='word_1_457' title='bbox 1964 3306 2153 3379; x_wconf 87' lang='lat' dir='ltr'><strong>pedire</strong></span> <span class='ocrx_word' id='word_1_458' title='bbox 2207 3306 2482 3374; x_wconf 83' lang='lat' dir='ltr'><strong>conando,</strong></span> <span class='ocrx_word' id='word_1_459' title='bbox 2550 3306 2617 3362; x_wconf 88' lang='lat' dir='ltr'><strong>ab</strong></span> <span class='ocrx_word' id='word_1_460' title='bbox 2658 3307 2777 3378; x_wconf 86' lang='lat' dir='ltr'><strong>ipso</strong></span> <span class='ocrx_word' id='word_1_461' title='bbox 2833 3311 3044 3380; x_wconf 88' lang='lat' dir='ltr'><strong>patitur</strong></span> <span class='ocrx_word' id='word_1_462' title='bbox 3090 3310 3347 3377; x_wconf 86' lang='lat' dir='ltr'><strong>insidias,</strong></span> <span class='ocrx_word' id='word_1_463' title='bbox 3419 3315 3542 3380; x_wconf 82' lang='lat' dir='ltr'><strong>quia</strong></span> 
     </span>
    </p>
   </div>
   <div class='ocr_carea' id='block_1_71' title="bbox 1965 3397 3180 3468">
    <p class='ocr_par' dir='ltr' id='par_1_71' title="bbox 1965 3397 3180 3468">
     <span class='ocr_line' id='line_1_71' title="bbox 1965 3397 3180 3468; baseline 0.005 -18"><span class='ocrx_word' id='word_1_464' title='bbox 1965 3412 2069 3451; x_wconf 92' lang='lat' dir='ltr'><strong>non</strong></span> <span class='ocrx_word' id='word_1_465' title='bbox 2099 3397 2216 3453; x_wconf 90' lang='lat' dir='ltr'><strong>vult</strong></span> <span class='ocrx_word' id='word_1_466' title='bbox 2247 3398 2352 3454; x_wconf 85' lang='lat' dir='ltr'><strong>iste</strong></span> <span class='ocrx_word' id='word_1_467' title='bbox 2376 3397 2647 3468; x_wconf 86' lang='lat' dir='ltr'><strong>pessimus</strong></span> <span class='ocrx_word' id='word_1_468' title='bbox 2663 3409 2862 3454; x_wconf 88' lang='lat' dir='ltr'><strong>conatu</strong></span> <span class='ocrx_word' id='word_1_469' title='bbox 2887 3400 3180 3456; x_wconf 87' lang='lat' dir='ltr'><strong>contineri.</strong></span> 
     </span>
    </p>
   </div>
   <div class='ocr_carea' id='block_1_72' title="bbox 2034 3577 3538 3651">
    <p class='ocr_par' dir='ltr' id='par_1_72' title="bbox 2034 3577 3538 3651">
     <span class='ocr_line' id='line_1_72' title="bbox 2034 3577 3538 3651; baseline 0.001 -17"><span class='ocrx_word' id='word_1_470' title='bbox 2034 3579 2199 3636; x_wconf 76' lang='lat' dir='ltr'><strong>Vens.</strong></span> <span class='ocrx_word' id='word_1_471' title='bbox 2225 3578 2312 3646; x_wconf 84' lang='grc'><strong>18,</strong></span> <span class='ocrx_word' id='word_1_472' title='bbox 2334 3578 2420 3636; x_wconf 74' lang='grc'>19.</span> <span class='ocrx_word' id='word_1_473' title='bbox 2439 3577 2589 3634; x_wconf 86' lang='lat' dir='ltr'><strong>Sicut</strong></span> <span class='ocrx_word' id='word_1_474' title='bbox 2609 3579 2700 3649; x_wconf 86' lang='lat' dir='ltr'><strong>qui</strong></span> <span class='ocrx_word' id='word_1_475' title='bbox 2724 3589 2980 3650; x_wconf 83' lang='lat' dir='ltr'><strong>curantur</strong></span> <span class='ocrx_word' id='word_1_476' title='bbox 3002 3581 3156 3635; x_wconf 78' lang='lat' dir='ltr'><strong>verba</strong></span> <span class='ocrx_word' id='word_1_477' title='bbox 3176 3581 3452 3651; x_wconf 78' lang='lat' dir='ltr'><strong>proferunt</strong></span> <span class='ocrx_word' id='word_1_478' title='bbox 3483 3584 3538 3636; x_wconf 85' lang='lat' dir='ltr'><strong>in</strong></span> 
     </span>
    </p>
   </div>
   <div class='ocr_carea' id='block_1_73' title="bbox 1961 3672 3538 3742">
    <p class='ocr_par' dir='ltr' id='par_1_73' title="bbox 1961 3672 3538 3742">
     <span class='ocr_line' id='line_1_73' title="bbox 1961 3672 3538 3742; baseline 0 -18"><span class='ocrx_word' id='word_1_479' title='bbox 1961 3672 2194 3727; x_wconf 79' lang='lat' dir='ltr'><strong>homines</strong></span> <span class='ocrx_word' id='word_1_480' title='bbox 2215 3712 2230 3739; x_wconf 93' lang='lat'><strong>,</strong></span> <span class='ocrx_word' id='word_1_481' title='bbox 2260 3672 2351 3742; x_wconf 88' lang='lat' dir='ltr'><strong>qui</strong></span> <span class='ocrx_word' id='word_1_482' title='bbox 2381 3681 2559 3726; x_wconf 86' lang='lat' dir='ltr'><strong>autem</strong></span> <span class='ocrx_word' id='word_1_483' title='bbox 2617 3672 2853 3724; x_wconf 86' lang='lat' dir='ltr'><strong>occurrit</strong></span> <span class='ocrx_word' id='word_1_484' title='bbox 2884 3673 3037 3726; x_wconf 82' lang='lat' dir='ltr'><strong>verba</strong></span> <span class='ocrx_word' id='word_1_485' title='bbox 3079 3673 3538 3742; x_wconf 78' lang='lat' dir='ltr'><strong>supplantabitur,</strong></span> 
     </span>
    </p>
   </div>
   <div class='ocr_carea' id='block_1_74' title="bbox 276 3762 1864 3835">
    <p class='ocr_par' dir='ltr' id='par_1_74' title="bbox 276 3766 1859 3835">
     <span class='ocr_line' id='line_1_74' title="bbox 276 3766 1859 3835; baseline -0.001 -12"><span class='ocrx_word' id='word_1_486' title='bbox 276 3767 912 3835; x_wconf 75' lang='grc' dir='ltr'>ὑποσκελισθήσεταιο</span> <span class='ocrx_word' id='word_1_487' title='bbox 961 3767 1116 3822; x_wconf 82' lang='grc' dir='ltr'>οὕτω</span> <span class='ocrx_word' id='word_1_488' title='bbox 1161 3766 1384 3833; x_wconf 79' lang='grc' dir='ltr'>πάντες</span> <span class='ocrx_word' id='word_1_489' title='bbox 1432 3770 1488 3821; x_wconf 81' lang='grc' dir='ltr'>οἱ</span> <span class='ocrx_word' id='word_1_490' title='bbox 1510 3767 1859 3835; x_wconf 76' lang='grc' dir='ltr'>ἐνεδρεύον-</span> 
     </span>
    </p>
   </div>
   <div class='ocr_carea' id='block_1_75' title="bbox 1965 3762 3543 3835">
    <p class='ocr_par' dir='ltr' id='par_1_75' title="bbox 1965 3762 3543 3835">
     <span class='ocr_line' id='line_1_75' title="bbox 1965 3762 3543 3835; baseline 0.001 -18"><span class='ocrx_word' id='word_1_491' title='bbox 1965 3762 2102 3835; x_wconf 80' lang='grc'>[19].</span> <span class='ocrx_word' id='word_1_492' title='bbox 2135 3765 2210 3817; x_wconf 86' lang='lat' dir='ltr'><strong>sic</strong></span> <span class='ocrx_word' id='word_1_493' title='bbox 2242 3779 2418 3818; x_wconf 86' lang='lat' dir='ltr'><strong>omnes</strong></span> <span class='ocrx_word' id='word_1_494' title='bbox 2451 3764 2542 3832; x_wconf 89' lang='lat' dir='ltr'><strong>qui</strong></span> <span class='ocrx_word' id='word_1_495' title='bbox 2570 3762 2899 3816; x_wconf 81' lang='lat' dir='ltr'><strong>insidiantur</strong></span> <span class='ocrx_word' id='word_1_496' title='bbox 2916 3764 3102 3817; x_wconf 79' lang='lat' dir='ltr'><strong>amicis</strong></span> <span class='ocrx_word' id='word_1_497' title='bbox 3127 3765 3264 3830; x_wconf 87' lang='lat' dir='ltr'><strong>suis,</strong></span> <span class='ocrx_word' id='word_1_498' title='bbox 3301 3781 3416 3818; x_wconf 85' lang='lat' dir='ltr'><strong>cum</strong></span> <span class='ocrx_word' id='word_1_499' title='bbox 3446 3781 3543 3818; x_wconf 86' lang='lat' dir='ltr'><strong>au-</strong></span> 
     </span>
    </p>
   </div>
   <div class='ocr_carea' id='block_1_76' title="bbox 275 3851 1864 3929">
    <p class='ocr_par' dir='ltr' id='par_1_76' title="bbox 275 3858 1856 3929">
     <span class='ocr_line' id='line_1_76' title="bbox 275 3858 1856 3929; baseline -0.001 -15"><span class='ocrx_word' id='word_1_500' title='bbox 275 3877 378 3927; x_wconf 79' lang='grc' dir='ltr'><strong>τες</strong></span> <span class='ocrx_word' id='word_1_501' title='bbox 408 3859 549 3926; x_wconf 84' lang='grc' dir='ltr'>τοὺς</span> <span class='ocrx_word' id='word_1_502' title='bbox 576 3858 806 3914; x_wconf 75' lang='grc' dir='ltr'>ἑαυτῶν</span> <span class='ocrx_word' id='word_1_503' title='bbox 827 3860 1072 3928; x_wconf 72' lang='grc' dir='ltr'>φίλους.</span> <span class='ocrx_word' id='word_1_504' title='bbox 1123 3858 1309 3913; x_wconf 80' lang='grc' dir='ltr'>Ὅταν</span> <span class='ocrx_word' id='word_1_505' title='bbox 1339 3858 1410 3912; x_wconf 79' lang='grc' dir='ltr'>δὲ</span> <span class='ocrx_word' id='word_1_506' title='bbox 1442 3858 1632 3929; x_wconf 82' lang='grc' dir='ltr'>ὁραθῶ</span> <span class='ocrx_word' id='word_1_507' title='bbox 1644 3876 1730 3925; x_wconf 81' lang='grc' dir='ltr'><strong>σι,</strong></span> <span class='ocrx_word' id='word_1_508' title='bbox 1755 3861 1856 3914; x_wconf 82' lang='grc' dir='ltr'><strong>λέ-</strong></span> 
     </span>
    </p>
   </div>
   <div class='ocr_carea' id='block_1_77' title="bbox 1965 3851 3540 3929">
    <p class='ocr_par' dir='ltr' id='par_1_77' title="bbox 1965 3851 3540 3924">
     <span class='ocr_line' id='line_1_77' title="bbox 1965 3851 3540 3924; baseline 0.004 -22"><span class='ocrx_word' id='word_1_509' title='bbox 1965 3860 2063 3904; x_wconf 87' lang='lat' dir='ltr'><strong>tem</strong></span> <span class='ocrx_word' id='word_1_510' title='bbox 2086 3851 2184 3905; x_wconf 80' lang='lat' dir='ltr'><strong>visi</strong></span> <span class='ocrx_word' id='word_1_511' title='bbox 2206 3851 2426 3919; x_wconf 80' lang='lat' dir='ltr'><strong>fuerint,</strong></span> <span class='ocrx_word' id='word_1_512' title='bbox 2448 3851 2629 3905; x_wconf 87' lang='lat' dir='ltr'><strong>dicunt</strong></span> <span class='ocrx_word' id='word_1_513' title='bbox 2651 3852 2775 3920; x_wconf 86' lang='lat' dir='ltr'><strong>quia</strong></span> <span class='ocrx_word' id='word_1_514' title='bbox 2793 3851 2983 3906; x_wconf 86' lang='lat' dir='ltr'><strong>ludens</strong></span> <span class='ocrx_word' id='word_1_515' title='bbox 3004 3851 3126 3919; x_wconf 76' lang='lat' dir='ltr'><strong>feci.</strong></span> <span class='ocrx_word' id='word_1_516' title='bbox 3151 3852 3310 3908; x_wconf 87' lang='lat' dir='ltr'><strong>Sicut</strong></span> <span class='ocrx_word' id='word_1_517' title='bbox 3335 3854 3427 3924; x_wconf 89' lang='lat' dir='ltr'><strong>qui</strong></span> <span class='ocrx_word' id='word_1_518' title='bbox 3454 3857 3540 3908; x_wconf 88' lang='lat' dir='ltr'><strong>iu-</strong></span> 
     </span>
    </p>
   </div>
   <div class='ocr_carea' id='block_1_78' title="bbox 278 3942 1864 4024">
    <p class='ocr_par' dir='ltr' id='par_1_78' title="bbox 278 3946 1859 4024">
     <span class='ocr_line' id='line_1_78' title="bbox 278 3946 1859 4024; baseline 0.001 -22"><span class='ocrx_word' id='word_1_519' title='bbox 278 3963 520 4018; x_wconf 78' lang='grc' dir='ltr'>τουσιν,</span> <span class='ocrx_word' id='word_1_520' title='bbox 555 3947 646 4002; x_wconf 83' lang='grc' dir='ltr'>ὅτι</span> <span class='ocrx_word' id='word_1_521' title='bbox 697 3947 926 4010; x_wconf 78' lang='grc' dir='ltr'>Παίζων</span> <span class='ocrx_word' id='word_1_522' title='bbox 965 3946 1218 4018; x_wconf 72' lang='grc' dir='ltr'>ἔπραξα.</span> <span class='ocrx_word' id='word_1_523' title='bbox 1247 3948 1512 4020; x_wconf 80' lang='grc' dir='ltr'>Καθάπερ</span> <span class='ocrx_word' id='word_1_524' title='bbox 1546 3951 1596 4002; x_wconf 75' lang='lat' dir='ltr'><strong>oi</strong></span> <span class='ocrx_word' id='word_1_525' title='bbox 1631 3951 1859 4024; x_wconf 74' lang='grc' dir='ltr'>πλήρεις</span> 
     </span>
    </p>
   </div>
   <div class='ocr_carea' id='block_1_79' title="bbox 1965 3942 3538 4024">
    <p class='ocr_par' dir='ltr' id='par_1_79' title="bbox 1965 3942 3538 4015">
     <span class='ocr_line' id='line_1_79' title="bbox 1965 3942 3538 4015; baseline 0.003 -17"><span class='ocrx_word' id='word_1_526' title='bbox 1965 3942 2118 3998; x_wconf 78' lang='lat' dir='ltr'><strong>vidia:</strong></span> <span class='ocrx_word' id='word_1_527' title='bbox 2135 3958 2349 3999; x_wconf 86' lang='lat' dir='ltr'><strong>veneno</strong></span> <span class='ocrx_word' id='word_1_528' title='bbox 2373 3953 2502 3998; x_wconf 91' lang='lat' dir='ltr'><strong>sunt</strong></span> <span class='ocrx_word' id='word_1_529' title='bbox 2526 3944 2694 4014; x_wconf 91' lang='lat' dir='ltr'><strong>pleni,</strong></span> <span class='ocrx_word' id='word_1_530' title='bbox 2733 3945 2898 4000; x_wconf 84' lang='lat' dir='ltr'><strong>verba</strong></span> <span class='ocrx_word' id='word_1_531' title='bbox 2937 3942 3128 4000; x_wconf 91' lang='lat' dir='ltr'><strong>dolosa</strong></span> <span class='ocrx_word' id='word_1_532' title='bbox 3165 3945 3452 4015; x_wconf 84' lang='lat' dir='ltr'><strong>proferunt</strong></span> <span class='ocrx_word' id='word_1_533' title='bbox 3483 3947 3538 4003; x_wconf 87' lang='lat' dir='ltr'><strong>in</strong></span> 
     </span>
    </p>
   </div>
   <div class='ocr_carea' id='block_1_80' title="bbox 280 4033 1864 4114">
    <p class='ocr_par' dir='ltr' id='par_1_80' title="bbox 280 4039 1862 4114">
     <span class='ocr_line' id='line_1_80' title="bbox 280 4039 1862 4114; baseline 0 -17"><span class='ocrx_word' id='word_1_534' title='bbox 280 4039 362 4097; x_wconf 81' lang='grc' dir='ltr'>ίοῦ</span> <span class='ocrx_word' id='word_1_535' title='bbox 387 4039 710 4111; x_wconf 85' lang='grc' dir='ltr'>βασκανίας,</span> <span class='ocrx_word' id='word_1_536' title='bbox 729 4039 984 4112; x_wconf 83' lang='grc' dir='ltr'>δολεροὺς</span> <span class='ocrx_word' id='word_1_537' title='bbox 1005 4040 1198 4110; x_wconf 83' lang='grc' dir='ltr'>λόγους</span> <span class='ocrx_word' id='word_1_538' title='bbox 1218 4041 1354 4112; x_wconf 81' lang='grc' dir='ltr'>πρὸς</span> <span class='ocrx_word' id='word_1_539' title='bbox 1379 4041 1703 4112; x_wconf 83' lang='grc' dir='ltr'>ἀνθρώπους</span> <span class='ocrx_word' id='word_1_540' title='bbox 1729 4061 1862 4114; x_wconf 86' lang='grc' dir='ltr'>προ-</span> 
     </span>
    </p>
   </div>
   <div class='ocr_carea' id='block_1_81' title="bbox 1965 4033 3537 4114">
    <p class='ocr_par' dir='ltr' id='par_1_81' title="bbox 1965 4033 3537 4108">
     <span class='ocr_line' id='line_1_81' title="bbox 1965 4033 3537 4108; baseline 0.001 -19"><span class='ocrx_word' id='word_1_541' title='bbox 1965 4033 2570 4105; x_wconf 78' lang='lat' dir='ltr'><strong>liomines.Quicunque</strong></span> <span class='ocrx_word' id='word_1_542' title='bbox 2588 4035 2824 4105; x_wconf 86' lang='lat' dir='ltr'><strong>primum</strong></span> <span class='ocrx_word' id='word_1_543' title='bbox 2851 4035 2921 4090; x_wconf 91' lang='lat' dir='ltr'><strong>ab</strong></span> <span class='ocrx_word' id='word_1_544' title='bbox 2940 4035 3048 4091; x_wconf 84' lang='lat' dir='ltr'><strong>illis</strong></span> <span class='ocrx_word' id='word_1_545' title='bbox 3070 4036 3357 4108; x_wconf 87' lang='lat' dir='ltr'><strong>deceptus,</strong></span> <span class='ocrx_word' id='word_1_546' title='bbox 3373 4038 3537 4092; x_wconf 84' lang='lat' dir='ltr'><strong>alicui</strong></span> 
     </span>
    </p>
   </div>
   <div class='ocr_carea' id='block_1_82' title="bbox 277 4128 1864 4203">
    <p class='ocr_par' dir='ltr' id='par_1_82' title="bbox 277 4130 1860 4203">
     <span class='ocr_line' id='line_1_82' title="bbox 277 4130 1860 4203; baseline 0.001 -17"><span class='ocrx_word' id='word_1_547' title='bbox 277 4133 567 4198; x_wconf 81' lang='grc' dir='ltr'>τείνουσιν,</span> <span class='ocrx_word' id='word_1_548' title='bbox 602 4132 681 4197; x_wconf 80' lang='grc' dir='ltr'>ὃς,</span> <span class='ocrx_word' id='word_1_549' title='bbox 707 4132 752 4186; x_wconf 86' lang='grc' dir='ltr'>δ’</span> <span class='ocrx_word' id='word_1_550' title='bbox 793 4132 860 4186; x_wconf 84' lang='grc' dir='ltr'>ἂν</span> <span class='ocrx_word' id='word_1_551' title='bbox 900 4130 1119 4202; x_wconf 89' lang='grc' dir='ltr'>πρῶτος</span> <span class='ocrx_word' id='word_1_552' title='bbox 1163 4132 1609 4201; x_wconf 77' lang='grc' dir='ltr'>κατασοφισθεὶς,</span> <span class='ocrx_word' id='word_1_553' title='bbox 1655 4150 1860 4203; x_wconf 80' lang='grc' dir='ltr'>συγκα-</span> 
     </span>
    </p>
   </div>
   <div class='ocr_carea' id='block_1_83' title="bbox 1965 4128 3542 4203">
    <p class='ocr_par' dir='ltr' id='par_1_83' title="bbox 1965 4128 3542 4200">
     <span class='ocr_line' id='line_1_83' title="bbox 1965 4128 3542 4200; baseline 0.003 -18"><span class='ocrx_word' id='word_1_554' title='bbox 1965 4128 2162 4184; x_wconf 88' lang='lat' dir='ltr'><strong>horum</strong></span> <span class='ocrx_word' id='word_1_555' title='bbox 2198 4128 2369 4184; x_wconf 82' lang='lat' dir='ltr'><strong>verba</strong></span> <span class='ocrx_word' id='word_1_556' title='bbox 2395 4129 2764 4193; x_wconf 86' lang='lat' dir='ltr'><strong>consenserit.</strong></span> <span class='ocrx_word' id='word_1_557' title='bbox 2813 4129 3287 4200; x_wconf 85' lang='lat' dir='ltr'><strong>supplantabitur,</strong></span> <span class='ocrx_word' id='word_1_558' title='bbox 3318 4143 3374 4185; x_wconf 89' lang='lat' dir='ltr'><strong>et</strong></span> <span class='ocrx_word' id='word_1_559' title='bbox 3397 4128 3542 4188; x_wconf 83' lang='lat' dir='ltr'><strong>alios</strong></span> 
     </span>
    </p>
   </div>
   <div class='ocr_carea' id='block_1_84' title="bbox 274 4218 1864 4296">
    <p class='ocr_par' dir='ltr' id='par_1_84' title="bbox 274 4221 1856 4296">
     <span class='ocr_line' id='line_1_84' title="bbox 274 4221 1856 4296; baseline -0.001 -18"><span class='ocrx_word' id='word_1_560' title='bbox 274 4223 496 4279; x_wconf 86' lang='grc' dir='ltr'>τάθοιτό</span> <span class='ocrx_word' id='word_1_561' title='bbox 534 4241 641 4278; x_wconf 87' lang='grc' dir='ltr'>τινι</span> <span class='ocrx_word' id='word_1_562' title='bbox 673 4222 783 4278; x_wconf 89' lang='grc' dir='ltr'><strong>τῶν</strong></span> <span class='ocrx_word' id='word_1_563' title='bbox 819 4223 1081 4277; x_wconf 82' lang='grc' dir='ltr'>τοιούτων</span> <span class='ocrx_word' id='word_1_564' title='bbox 1124 4221 1322 4290; x_wconf 89' lang='grc' dir='ltr'>λόγων,</span> <span class='ocrx_word' id='word_1_565' title='bbox 1357 4225 1856 4296; x_wconf 84' lang='grc' dir='ltr'>περιτραπήσεται,</span> 
     </span>
    </p>
   </div>
   <div class='ocr_carea' id='block_1_85' title="bbox 1965 4218 3539 4296">
    <p class='ocr_par' dir='ltr' id='par_1_85' title="bbox 1965 4218 3539 4278">
     <span class='ocr_line' id='line_1_85' title="bbox 1965 4218 3539 4278; baseline 0.002 -4"><span class='ocrx_word' id='word_1_566' title='bbox 1965 4218 2393 4278; x_wconf 78' lang='lat' dir='ltr'><strong>caveredocebit</strong></span> <span class='ocrx_word' id='word_1_567' title='bbox 2418 4234 2485 4276; x_wconf 90' lang='lat' dir='ltr'><strong>ne</strong></span> <span class='ocrx_word' id='word_1_568' title='bbox 2513 4219 2702 4274; x_wconf 88' lang='lat' dir='ltr'><strong>talium</strong></span> <span class='ocrx_word' id='word_1_569' title='bbox 2734 4234 3053 4276; x_wconf 89' lang='lat' dir='ltr'><strong>sermonum</strong></span> <span class='ocrx_word' id='word_1_570' title='bbox 3109 4221 3326 4276; x_wconf 81' lang='lat' dir='ltr'><strong>fallacia</strong></span> <span class='ocrx_word' id='word_1_571' title='bbox 3388 4222 3539 4277; x_wconf 80' lang='lat' dir='ltr'><strong>abri-</strong></span> 
     </span>
    </p>
   </div>
   <div class='ocr_carea' id='block_1_86' title="bbox 278 4312 1864 4388">
    <p class='ocr_par' dir='ltr' id='par_1_86' title="bbox 278 4315 1857 4388">
     <span class='ocr_line' id='line_1_86' title="bbox 278 4315 1857 4388; baseline -0.001 -16"><span class='ocrx_word' id='word_1_572' title='bbox 278 4320 375 4372; x_wconf 62' lang='grc' dir='ltr'><strong>καὶ⁸</strong></span> <span class='ocrx_word' id='word_1_573' title='bbox 413 4319 542 4382; x_wconf 71' lang='grc' dir='ltr'>τοὺς</span> <span class='ocrx_word' id='word_1_574' title='bbox 584 4317 806 4388; x_wconf 85' lang='grc' dir='ltr'>ἐτέρους</span> <span class='ocrx_word' id='word_1_575' title='bbox 842 4316 1047 4383; x_wconf 79' lang='grc' dir='ltr'>διδάξει</span> <span class='ocrx_word' id='word_1_576' title='bbox 1087 4315 1402 4387; x_wconf 82' lang='grc' dir='ltr'>προσέχειν,</span> <span class='ocrx_word' id='word_1_577' title='bbox 1436 4315 1577 4370; x_wconf 80' lang='grc' dir='ltr'>ὥστε</span> <span class='ocrx_word' id='word_1_578' title='bbox 1620 4319 1688 4388; x_wconf 82' lang='grc' dir='ltr'>τῇ</span> <span class='ocrx_word' id='word_1_579' title='bbox 1748 4317 1857 4372; x_wconf 91' lang='grc' dir='ltr'><strong>τῶν</strong></span> 
     </span>
    </p>
   </div>
   <div class='ocr_carea' id='block_1_87' title="bbox 1965 4312 3535 4388">
    <p class='ocr_par' dir='ltr' id='par_1_87' title="bbox 1965 4312 3535 4384">
     <span class='ocr_line' id='line_1_87' title="bbox 1965 4312 3535 4384; baseline 0.001 -17"><span class='ocrx_word' id='word_1_580' title='bbox 1965 4313 2162 4384; x_wconf 88' lang='lat' dir='ltr'><strong>piatur.</strong></span> <span class='ocrx_word' id='word_1_581' title='bbox 2187 4312 2268 4367; x_wconf 90' lang='lat' dir='ltr'><strong>lta</strong></span> <span class='ocrx_word' id='word_1_582' title='bbox 2299 4327 2491 4369; x_wconf 91' lang='lat' dir='ltr'><strong>omnes</strong></span> <span class='ocrx_word' id='word_1_583' title='bbox 2511 4313 2607 4384; x_wconf 91' lang='lat' dir='ltr'><strong>qui</strong></span> <span class='ocrx_word' id='word_1_584' title='bbox 2637 4313 2778 4368; x_wconf 89' lang='lat' dir='ltr'><strong>clam</strong></span> <span class='ocrx_word' id='word_1_585' title='bbox 2809 4312 3144 4367; x_wconf 83' lang='lat' dir='ltr'><strong>insidiantur</strong></span> <span class='ocrx_word' id='word_1_586' title='bbox 3174 4313 3371 4368; x_wconf 85' lang='lat' dir='ltr'><strong>amicis</strong></span> <span class='ocrx_word' id='word_1_587' title='bbox 3391 4315 3535 4381; x_wconf 87' lang='lat' dir='ltr'><strong>suis,</strong></span> 
     </span>
    </p>
   </div>
   <div class='ocr_carea' id='block_1_88' title="bbox 275 4402 1864 4501">
    <p class='ocr_par' dir='ltr' id='par_1_88' title="bbox 275 4405 1856 4481">
     <span class='ocr_line' id='line_1_88' title="bbox 275 4405 1856 4481; baseline 0 -19"><span class='ocrx_word' id='word_1_588' title='bbox 275 4408 536 4462; x_wconf 90' lang='grc' dir='ltr'>τοιούτων</span> <span class='ocrx_word' id='word_1_589' title='bbox 565 4407 741 4476; x_wconf 90' lang='grc' dir='ltr'>λόγων</span> <span class='ocrx_word' id='word_1_590' title='bbox 789 4407 976 4481; x_wconf 81' lang='grc' dir='ltr'>ἀπάτῃ</span> <span class='ocrx_word' id='word_1_591' title='bbox 1027 4405 1102 4478; x_wconf 85' lang='grc' dir='ltr'>μὴ</span> <span class='ocrx_word' id='word_1_592' title='bbox 1147 4407 1628 4478; x_wconf 80' lang='grc' dir='ltr'>συναρπάζεσθαι’</span> <span class='ocrx_word' id='word_1_593' title='bbox 1684 4407 1856 4472; x_wconf 77' lang='grc' dir='ltr'>οὕτως</span> 
     </span>
    </p>
   </div>
   <div class='ocr_carea' id='block_1_89' title="bbox 1965 4402 3534 4501">
    <p class='ocr_par' dir='ltr' id='par_1_89' title="bbox 1965 4402 3534 4477">
     <span class='ocr_line' id='line_1_89' title="bbox 1965 4402 3534 4477; baseline -0.001 -17"><span class='ocrx_word' id='word_1_594' title='bbox 1965 4406 2082 4462; x_wconf 90' lang='lat' dir='ltr'><strong>illos</strong></span> <span class='ocrx_word' id='word_1_595' title='bbox 2116 4421 2213 4477; x_wconf 90' lang='lat' dir='ltr'><strong>per</strong></span> <span class='ocrx_word' id='word_1_596' title='bbox 2234 4420 2295 4461; x_wconf 90' lang='lat' dir='ltr'><strong>ea</strong></span> <span class='ocrx_word' id='word_1_597' title='bbox 2321 4420 2444 4477; x_wconf 70' lang='lat' dir='ltr'><strong>quae</strong></span> <span class='ocrx_word' id='word_1_598' title='bbox 2467 4406 2659 4460; x_wconf 83' lang='lat' dir='ltr'><strong>dicunt</strong></span> <span class='ocrx_word' id='word_1_599' title='bbox 2694 4403 3167 4459; x_wconf 83' lang='lat' dir='ltr'><strong>circumveniunt.</strong></span> <span class='ocrx_word' id='word_1_600' title='bbox 3194 4402 3330 4459; x_wconf 89' lang='lat' dir='ltr'><strong>Cum</strong></span> <span class='ocrx_word' id='word_1_601' title='bbox 3350 4413 3534 4460; x_wconf 84' lang='lat' dir='ltr'><strong>autem</strong></span> 
     </span>
    </p>
   </div>
   <div class='ocr_carea' id='block_1_90' title="bbox 275 4493 1864 4570">
    <p class='ocr_par' dir='ltr' id='par_1_90' title="bbox 275 4496 1851 4570">
     <span class='ocr_line' id='line_1_90' title="bbox 275 4496 1851 4570; baseline -0.003 -16"><span class='ocrx_word' id='word_1_602' title='bbox 275 4498 515 4563; x_wconf 61' lang='grc' dir='ltr'>ἅπαντες</span> <span class='ocrx_word' id='word_1_603' title='bbox 543 4500 593 4552; x_wconf 87' lang='grc' dir='ltr'><strong>οί</strong></span> <span class='ocrx_word' id='word_1_604' title='bbox 626 4497 900 4570; x_wconf 77' lang='grc' dir='ltr'>λαθραίως</span> <span class='ocrx_word' id='word_1_605' title='bbox 934 4496 1382 4562; x_wconf 76' lang='grc' dir='ltr'>ἐπιϐουλεύοντες</span> <span class='ocrx_word' id='word_1_606' title='bbox 1408 4500 1521 4562; x_wconf 85' lang='grc' dir='ltr'>τοῖς</span> <span class='ocrx_word' id='word_1_607' title='bbox 1561 4497 1851 4566; x_wconf 87' lang='grc' dir='ltr'>ἀγαπῶσιν</span> 
     </span>
    </p>
   </div>
   <div class='ocr_carea' id='block_1_91' title="bbox 1965 4493 3536 4570">
    <p class='ocr_par' dir='ltr' id='par_1_91' title="bbox 1965 4493 3536 4568">
     <span class='ocr_line' id='line_1_91' title="bbox 1965 4493 3536 4568; baseline 0.001 -17"><span class='ocrx_word' id='word_1_608' title='bbox 1965 4497 2026 4552; x_wconf 85' lang='lat' dir='ltr'><strong>ab</strong></span> <span class='ocrx_word' id='word_1_609' title='bbox 2054 4497 2193 4568; x_wconf 89' lang='lat' dir='ltr'><strong>ipsis</strong></span> <span class='ocrx_word' id='word_1_610' title='bbox 2226 4497 2554 4568; x_wconf 82' lang='lat' dir='ltr'><strong>deprehensi</strong></span> <span class='ocrx_word' id='word_1_611' title='bbox 2584 4495 2814 4560; x_wconf 80' lang='lat' dir='ltr'><strong>fuerint,</strong></span> <span class='ocrx_word' id='word_1_612' title='bbox 2839 4510 2961 4551; x_wconf 85' lang='lat' dir='ltr'><strong>sese</strong></span> <span class='ocrx_word' id='word_1_613' title='bbox 2991 4493 3239 4551; x_wconf 76' lang='lat' dir='ltr'><strong>defendit</strong></span> <span class='ocrx_word' id='word_1_614' title='bbox 3297 4496 3536 4567; x_wconf 65' lang='lat' dir='ltr'><strong>quisque</strong></span> 
     </span>
    </p>
   </div>
   <div class='ocr_carea' id='block_1_92' title="bbox 274 4580 1864 4662">
    <p class='ocr_par' dir='ltr' id='par_1_92' title="bbox 274 4580 1848 4662">
     <span class='ocr_line' id='line_1_92' title="bbox 274 4580 1848 4662; baseline -0.003 -16"><span class='ocrx_word' id='word_1_615' title='bbox 274 4591 498 4656; x_wconf 81' lang='grc' dir='ltr'>αὐτοὺς,</span> <span class='ocrx_word' id='word_1_616' title='bbox 539 4589 1000 4662; x_wconf 87' lang='grc' dir='ltr'>περιεργάζονται</span> <span class='ocrx_word' id='word_1_617' title='bbox 1041 4587 1288 4652; x_wconf 86' lang='grc' dir='ltr'>τούτους,</span> <span class='ocrx_word' id='word_1_618' title='bbox 1319 4589 1386 4642; x_wconf 83' lang='grc' dir='ltr'><strong>δι’</strong></span> <span class='ocrx_word' id='word_1_619' title='bbox 1440 4580 1514 4640; x_wconf 81' lang='grc' dir='ltr'>ὧν</span> <span class='ocrx_word' id='word_1_620' title='bbox 1562 4589 1848 4657; x_wconf 82' lang='grc' dir='ltr'>λέγουσιν·</span> 
     </span>
    </p>
   </div>
   <div class='ocr_carea' id='block_1_93' title="bbox 1965 4580 3534 4662">
    <p class='ocr_par' dir='ltr' id='par_1_93' title="bbox 1965 4587 3534 4660">
     <span class='ocr_line' id='line_1_93' title="bbox 1965 4587 3534 4660; baseline 0.001 -15"><span class='ocrx_word' id='word_1_621' title='bbox 1965 4605 2149 4646; x_wconf 75' lang='lat' dir='ltr'><strong>eorum</strong></span> <span class='ocrx_word' id='word_1_622' title='bbox 2174 4590 2388 4655; x_wconf 87' lang='lat' dir='ltr'><strong>dicens,</strong></span> <span class='ocrx_word' id='word_1_623' title='bbox 2427 4589 2560 4660; x_wconf 87' lang='lat' dir='ltr'><strong>quia</strong></span> <span class='ocrx_word' id='word_1_624' title='bbox 2590 4603 2684 4659; x_wconf 89' lang='lat' dir='ltr'><strong>per</strong></span> <span class='ocrx_word' id='word_1_625' title='bbox 2708 4588 2898 4658; x_wconf 74' lang='lat' dir='ltr'><strong>iocum</strong></span> <span class='ocrx_word' id='word_1_626' title='bbox 2957 4587 3244 4644; x_wconf 83' lang='lat' dir='ltr'><strong>simulavit</strong></span> <span class='ocrx_word' id='word_1_627' title='bbox 3277 4588 3534 4645; x_wconf 79' lang='lat' dir='ltr'><strong>insidias.</strong></span> 
     </span>
    </p>
   </div>
   <div class='ocr_carea' id='block_1_94' title="bbox 273 4679 1864 4754">
    <p class='ocr_par' dir='ltr' id='par_1_94' title="bbox 273 4680 1850 4754">
     <span class='ocr_line' id='line_1_94' title="bbox 273 4680 1850 4754; baseline -0.002 -15"><span class='ocrx_word' id='word_1_628' title='bbox 273 4685 474 4739; x_wconf 82' lang='grc' dir='ltr'>ὁπόταν</span> <span class='ocrx_word' id='word_1_629' title='bbox 501 4683 557 4738; x_wconf 83' lang='grc' dir='ltr'>δὲ</span> <span class='ocrx_word' id='word_1_630' title='bbox 586 4683 738 4754; x_wconf 82' lang='grc' dir='ltr'>παρὰ</span> <span class='ocrx_word' id='word_1_631' title='bbox 762 4681 968 4736; x_wconf 89' lang='grc' dir='ltr'>τούτων</span> <span class='ocrx_word' id='word_1_632' title='bbox 993 4681 1424 4750; x_wconf 85' lang='grc' dir='ltr'>διαγνωσθῶσιν,</span> <span class='ocrx_word' id='word_1_633' title='bbox 1457 4680 1850 4749; x_wconf 74' lang='grc' dir='ltr'>ἀπολογοῦνται</span> 
     </span>
    </p>
   </div>
   <div class='ocr_carea' id='block_1_95' title="bbox 1965 4679 3534 4754">
    <p class='ocr_par' dir='ltr' id='par_1_95' title="bbox 1965 4679 3534 4751">
     <span class='ocr_line' id='line_1_95' title="bbox 1965 4679 3534 4751; baseline 0 -16"><span class='ocrx_word' id='word_1_634' title='bbox 1965 4680 2017 4736; x_wconf 91' lang='lat' dir='ltr'><strong>In</strong></span> <span class='ocrx_word' id='word_1_635' title='bbox 2043 4681 2248 4736; x_wconf 91' lang='lat' dir='ltr'><strong>lumine</strong></span> <span class='ocrx_word' id='word_1_636' title='bbox 2279 4681 2403 4751; x_wconf 87' lang='lat' dir='ltr'><strong>ipso</strong></span> <span class='ocrx_word' id='word_1_637' title='bbox 2433 4679 2790 4751; x_wconf 78' lang='lat' dir='ltr'><strong>cognitionis,</strong></span> <span class='ocrx_word' id='word_1_638' title='bbox 2821 4687 3097 4734; x_wconf 89' lang='lat' dir='ltr'><strong>conantur</strong></span> <span class='ocrx_word' id='word_1_639' title='bbox 3111 4679 3240 4734; x_wconf 90' lang='lat' dir='ltr'><strong>mali</strong></span> <span class='ocrx_word' id='word_1_640' title='bbox 3266 4680 3534 4736; x_wconf 86' lang='lat' dir='ltr'><strong>malitiam</strong></span> 
     </span>
    </p>
   </div>
   <div class='ocr_carea' id='block_1_96' title="bbox 273 4771 1864 4846">
    <p class='ocr_par' dir='ltr' id='par_1_96' title="bbox 273 4771 1850 4846">
     <span class='ocr_line' id='line_1_96' title="bbox 273 4771 1850 4846; baseline -0.002 -16"><span class='ocrx_word' id='word_1_641' title='bbox 273 4777 505 4841; x_wconf 72' lang='grc' dir='ltr'>ἕκαστος</span> <span class='ocrx_word' id='word_1_642' title='bbox 539 4777 770 4844; x_wconf 89' lang='grc' dir='ltr'>τούτων,</span> <span class='ocrx_word' id='word_1_643' title='bbox 821 4776 898 4838; x_wconf 74' lang='lat' dir='ltr'><strong>ib;</strong></span> <span class='ocrx_word' id='word_1_644' title='bbox 927 4771 1407 4846; x_wconf 79' lang='grc' dir='ltr'>χαριεντιζόμενος</span> <span class='ocrx_word' id='word_1_645' title='bbox 1446 4772 1724 4828; x_wconf 83' lang='grc' dir='ltr'>ἐπλάσατο</span> <span class='ocrx_word' id='word_1_646' title='bbox 1751 4773 1850 4844; x_wconf 85' lang='grc' dir='ltr'>τὴν</span> 
     </span>
    </p>
   </div>
   <div class='ocr_carea' id='block_1_97' title="bbox 1965 4771 2742 4846">
    <p class='ocr_par' dir='ltr' id='par_1_97' title="bbox 1965 4771 2742 4832">
     <span class='ocr_line' id='line_1_97' title="bbox 1965 4771 2742 4832; baseline -0.004 0"><span class='ocrx_word' id='word_1_647' title='bbox 1965 4790 2114 4832; x_wconf 82' lang='lat' dir='ltr'><strong>suam</strong></span> <span class='ocrx_word' id='word_1_648' title='bbox 2144 4775 2448 4830; x_wconf 90' lang='lat' dir='ltr'><strong>occultare.</strong></span> <span class='ocrx_word' id='word_1_649' title='bbox 2725 4771 2742 4789; x_wconf 86' lang='lat'><strong><em>&#39;</em></strong></span> 
     </span>
    </p>
   </div>
   <div class='ocr_carea' id='block_1_98' title="bbox 273 4863 3534 4942">
    <p class='ocr_par' dir='ltr' id='par_1_98' title="bbox 273 4863 3534 4942">
     <span class='ocr_line' id='line_1_98' title="bbox 273 4863 3534 4942; baseline -0.002 -16"><span class='ocrx_word' id='word_1_650' title='bbox 273 4870 598 4942; x_wconf 73' lang='grc' dir='ltr'>δπιδουλήν·</span> <span class='ocrx_word' id='word_1_651' title='bbox 636 4869 730 4924; x_wconf 61' lang='grc' dir='ltr'><strong>καὶ⁸</strong></span> <span class='ocrx_word' id='word_1_652' title='bbox 763 4871 820 4922; x_wconf 86' lang='grc' dir='ltr'><strong>ἐν</strong></span> <span class='ocrx_word' id='word_1_653' title='bbox 865 4865 1016 4937; x_wconf 81' lang='grc' dir='ltr'>αὐτῷ</span> <span class='ocrx_word' id='word_1_654' title='bbox 1043 4865 1122 4936; x_wconf 79' lang='grc' dir='ltr'>τῷ</span> <span class='ocrx_word' id='word_1_655' title='bbox 1163 4864 1261 4934; x_wconf 84' lang='grc' dir='ltr'>τῆς</span> <span class='ocrx_word' id='word_1_656' title='bbox 1309 4863 1656 4933; x_wconf 79' lang='grc' dir='ltr'>διαγνώσεως</span> <span class='ocrx_word' id='word_1_657' title='bbox 1682 4865 1849 4934; x_wconf 74' lang='grc' dir='ltr'>φωτὶ,</span> <span class='ocrx_word' id='word_1_658' title='bbox 1891 4865 2300 4936; x_wconf 76' lang='grc' dir='ltr'>ἐπιχειροῦντες</span> <span class='ocrx_word' id='word_1_659' title='bbox 2349 4863 2666 4929; x_wconf 86' lang='grc' dir='ltr'>συσκιάζειν</span> <span class='ocrx_word' id='word_1_660' title='bbox 2741 4864 2791 4918; x_wconf 75' lang='lat' dir='ltr'><strong>oi</strong></span> <span class='ocrx_word' id='word_1_661' title='bbox 2845 4866 3025 4920; x_wconf 63' lang='grc' dir='ltr'>σκαιοὶ</span> <span class='ocrx_word' id='word_1_662' title='bbox 3085 4864 3184 4937; x_wconf 77' lang='grc' dir='ltr'>τὴν</span> <span class='ocrx_word' id='word_1_663' title='bbox 3232 4868 3534 4940; x_wconf 79' lang='grc' dir='ltr'>σκαιωρίαν</span> 
     </span>
    </p>
   </div>
   <div class='ocr_carea' id='block_1_99' title="bbox 273 4967 474 5023">
    <p class='ocr_par' dir='ltr' id='par_1_99' title="bbox 273 4967 474 5023">
     <span class='ocr_line' id='line_1_99' title="bbox 273 4967 474 5023; baseline -0.005 0"><span class='ocrx_word' id='word_1_664' title='bbox 273 4967 474 5023; x_wconf 79' lang='grc' dir='ltr'>αὐτῶν.</span> 
     </span>
    </p>
   </div>
   <div class='ocr_carea' id='block_1_100' title="bbox 350 5052 1850 5122">
    <p class='ocr_par' dir='ltr' id='par_1_100' title="bbox 350 5052 1850 5122">
     <span class='ocr_line' id='line_1_100' title="bbox 350 5052 1850 5122; baseline -0.007 -7"><span class='ocrx_word' id='word_1_665' title='bbox 350 5067 418 5115; x_wconf 86' lang='grc' dir='ltr'>κ’.</span> <span class='ocrx_word' id='word_1_666' title='bbox 461 5058 558 5112; x_wconf 80' lang='grc' dir='ltr'><strong>Ἐν</strong></span> <span class='ocrx_word' id='word_1_667' title='bbox 587 5056 841 5122; x_wconf 75' lang='grc' dir='ltr'>πολλοῖς</span> <span class='ocrx_word' id='word_1_668' title='bbox 871 5055 1079 5120; x_wconf 82' lang='grc' dir='ltr'>ξύλοις</span> <span class='ocrx_word' id='word_1_669' title='bbox 1118 5055 1327 5108; x_wconf 82' lang='grc' dir='ltr'>θάλλει</span> <span class='ocrx_word' id='word_1_670' title='bbox 1369 5052 1522 5121; x_wconf 69' lang='grc' dir='ltr'>πῦρσ</span> <span class='ocrx_word' id='word_1_671' title='bbox 1577 5053 1732 5108; x_wconf 85' lang='grc' dir='ltr'>ὅπου</span> <span class='ocrx_word' id='word_1_672' title='bbox 1781 5052 1850 5106; x_wconf 80' lang='grc' dir='ltr'>δὲ</span> 
     </span>
    </p>
   </div>
   <div class='ocr_carea' id='block_1_101' title="bbox 271 5137 1847 5216">
    <p class='ocr_par' dir='ltr' id='par_1_101' title="bbox 271 5137 1847 5216">
     <span class='ocr_line' id='line_1_101' title="bbox 271 5137 1847 5216; baseline -0.006 -10"><span class='ocrx_word' id='word_1_673' title='bbox 271 5152 383 5206; x_wconf 76' lang='grc' dir='ltr'>οὐκ</span> <span class='ocrx_word' id='word_1_674' title='bbox 441 5147 575 5203; x_wconf 76' lang='grc' dir='ltr'>ἐστι</span> <span class='ocrx_word' id='word_1_675' title='bbox 627 5147 896 5216; x_wconf 80' lang='grc' dir='ltr'>δίθυμος,</span> <span class='ocrx_word' id='word_1_676' title='bbox 929 5143 1217 5215; x_wconf 78' lang='grc' dir='ltr'>ἡσυχάζει</span> <span class='ocrx_word' id='word_1_677' title='bbox 1265 5143 1453 5214; x_wconf 83' lang='grc' dir='ltr'>μάχη.</span> <span class='ocrx_word' id='word_1_678' title='bbox 1497 5137 1652 5198; x_wconf 75' lang='grc' dir='ltr'>Οἶδεν</span> <span class='ocrx_word' id='word_1_679' title='bbox 1690 5145 1724 5215; x_wconf 87' lang='grc' dir='ltr'><strong>ή</strong></span> <span class='ocrx_word' id='word_1_680' title='bbox 1751 5142 1847 5197; x_wconf 79' lang='grc' dir='ltr'>τοῦ</span> 
     </span>
    </p>
   </div>
   <div class='ocr_carea' id='block_1_102' title="bbox 271 5234 1850 5314">
    <p class='ocr_par' dir='ltr' id='par_1_102' title="bbox 271 5234 1850 5314">
     <span class='ocr_line' id='line_1_102' title="bbox 271 5234 1850 5314; baseline -0.004 -18"><span class='ocrx_word' id='word_1_681' title='bbox 271 5241 448 5314; x_wconf 75' lang='grc' dir='ltr'>πυρὸς</span> <span class='ocrx_word' id='word_1_682' title='bbox 480 5240 665 5310; x_wconf 78' lang='grc' dir='ltr'>φύσις,</span> <span class='ocrx_word' id='word_1_683' title='bbox 698 5237 801 5308; x_wconf 78' lang='grc' dir='ltr'><strong>ὕλῃ</strong></span> <span class='ocrx_word' id='word_1_684' title='bbox 843 5235 1015 5305; x_wconf 77' lang='grc' dir='ltr'>ξύλων</span> <span class='ocrx_word' id='word_1_685' title='bbox 1055 5237 1223 5309; x_wconf 80' lang='grc' dir='ltr'>πολλῇ</span> <span class='ocrx_word' id='word_1_686' title='bbox 1258 5234 1721 5307; x_wconf 83' lang='grc' dir='ltr'>ἐμπλατύνεσθαι,</span> <span class='ocrx_word' id='word_1_687' title='bbox 1753 5234 1850 5290; x_wconf 74' lang='grc' dir='ltr'>καὶ</span> 
     </span>
    </p>
   </div>
   <div class='ocr_carea' id='block_1_103' title="bbox 2029 5046 3535 5124">
    <p class='ocr_par' dir='ltr' id='par_1_103' title="bbox 2029 5046 3535 5124">
     <span class='ocr_line' id='line_1_103' title="bbox 2029 5046 3535 5124; baseline 0.004 -21"><span class='ocrx_word' id='word_1_688' title='bbox 2029 5050 2194 5105; x_wconf 72' lang='lat' dir='ltr'><strong>Vens.</strong></span> <span class='ocrx_word' id='word_1_689' title='bbox 2246 5049 2339 5103; x_wconf 71' lang='grc' dir='ltr'><strong>εο.</strong></span> <span class='ocrx_word' id='word_1_690' title='bbox 2393 5047 2524 5102; x_wconf 87' lang='lat' dir='ltr'><strong>Cum</strong></span> <span class='ocrx_word' id='word_1_691' title='bbox 2584 5046 2874 5116; x_wconf 78' lang='lat' dir='ltr'><strong>defecerint</strong></span> <span class='ocrx_word' id='word_1_692' title='bbox 2941 5049 3113 5117; x_wconf 83' lang='lat' dir='ltr'><strong>ligna,</strong></span> <span class='ocrx_word' id='word_1_693' title='bbox 3163 5053 3535 5124; x_wconf 70' lang='lat' dir='ltr'><strong>exstinguetur</strong></span> 
     </span>
    </p>
   </div>
   <div class='ocr_carea' id='block_1_104' title="bbox 1956 5139 3530 5216">
    <p class='ocr_par' dir='ltr' id='par_1_104' title="bbox 1956 5139 3530 5216">
     <span class='ocr_line' id='line_1_104' title="bbox 1956 5139 3530 5216; baseline 0.004 -19"><span class='ocrx_word' id='word_1_694' title='bbox 1956 5143 2093 5214; x_wconf 88' lang='lat' dir='ltr'><strong>ignis</strong></span> <span class='ocrx_word' id='word_1_695' title='bbox 2129 5150 2222 5198; x_wconf 83' lang='lat' dir='ltr'><strong>:et</strong></span> <span class='ocrx_word' id='word_1_696' title='bbox 2258 5155 2547 5194; x_wconf 84' lang='lat' dir='ltr'><strong>susurrone</strong></span> <span class='ocrx_word' id='word_1_697' title='bbox 2578 5139 2874 5204; x_wconf 84' lang='lat' dir='ltr'><strong>subtracto,</strong></span> <span class='ocrx_word' id='word_1_698' title='bbox 2885 5141 3075 5213; x_wconf 87' lang='lat' dir='ltr'><strong>jurgia</strong></span> <span class='ocrx_word' id='word_1_699' title='bbox 3131 5147 3530 5216; x_wconf 83' lang='lat' dir='ltr'><strong>conquiescent.</strong></span> 
     </span>
    </p>
   </div>
   <div class='ocr_carea' id='block_1_105' title="bbox 1955 5233 3532 5306">
    <p class='ocr_par' dir='ltr' id='par_1_105' title="bbox 1955 5233 3532 5306">
     <span class='ocr_line' id='line_1_105' title="bbox 1955 5233 3532 5306; baseline 0.003 -12"><span class='ocrx_word' id='word_1_700' title='bbox 1955 5236 2120 5294; x_wconf 85' lang='lat' dir='ltr'><strong>Novit</strong></span> <span class='ocrx_word' id='word_1_701' title='bbox 2148 5234 2292 5306; x_wconf 89' lang='lat' dir='ltr'><strong>ignis</strong></span> <span class='ocrx_word' id='word_1_702' title='bbox 2331 5242 2528 5288; x_wconf 88' lang='lat' dir='ltr'><strong>natura</strong></span> <span class='ocrx_word' id='word_1_703' title='bbox 2559 5233 2732 5287; x_wconf 88' lang='lat' dir='ltr'><strong>multa</strong></span> <span class='ocrx_word' id='word_1_704' title='bbox 2753 5233 3028 5304; x_wconf 90' lang='lat' dir='ltr'><strong>lignorum</strong></span> <span class='ocrx_word' id='word_1_705' title='bbox 3056 5238 3288 5294; x_wconf 86' lang='lat' dir='ltr'><strong>materia</strong></span> <span class='ocrx_word' id='word_1_706' title='bbox 3309 5241 3532 5298; x_wconf 78' lang='lat' dir='ltr'><strong>extendi</strong></span> 
     </span>
    </p>
   </div>
   <div class='ocr_carea' id='block_1_106' title="bbox 271 5326 1850 5405">
    <p class='ocr_par' dir='ltr' id='par_1_106' title="bbox 271 5326 1850 5405">
     <span class='ocr_line' id='line_1_106' title="bbox 271 5326 1850 5405; baseline -0.004 -17"><span class='ocrx_word' id='word_1_707' title='bbox 271 5336 354 5398; x_wconf 75' lang='grc' dir='ltr'>εἰς</span> <span class='ocrx_word' id='word_1_708' title='bbox 410 5333 666 5405; x_wconf 82' lang='grc' dir='ltr'>μέγιστον</span> <span class='ocrx_word' id='word_1_709' title='bbox 715 5329 850 5401; x_wconf 77' lang='grc' dir='ltr'>ὕψος</span> <span class='ocrx_word' id='word_1_710' title='bbox 890 5328 1246 5401; x_wconf 87' lang='grc' dir='ltr'>ἐπαίρεσθαι·</span> <span class='ocrx_word' id='word_1_711' title='bbox 1301 5328 1391 5382; x_wconf 79' lang='grc' dir='ltr'>τὸν</span> <span class='ocrx_word' id='word_1_712' title='bbox 1424 5326 1588 5383; x_wconf 75' lang='grc' dir='ltr'>αὑτὸν</span> <span class='ocrx_word' id='word_1_713' title='bbox 1631 5328 1850 5392; x_wconf 86' lang='grc' dir='ltr'>πάντως</span> 
     </span>
    </p>
   </div>
   <div class='ocr_carea' id='block_1_107' title="bbox 270 5419 1850 5498">
    <p class='ocr_par' dir='ltr' id='par_1_107' title="bbox 270 5419 1850 5498">
     <span class='ocr_line' id='line_1_107' title="bbox 270 5419 1850 5498; baseline -0.001 -22"><span class='ocrx_word' id='word_1_714' title='bbox 270 5426 478 5498; x_wconf 82' lang='grc' dir='ltr'>τρόπον</span> <span class='ocrx_word' id='word_1_715' title='bbox 529 5423 623 5478; x_wconf 76' lang='grc' dir='ltr'>καὶ</span> <span class='ocrx_word' id='word_1_716' title='bbox 663 5423 694 5476; x_wconf 92' lang='lat'><strong>6</strong></span> <span class='ocrx_word' id='word_1_717' title='bbox 745 5421 1057 5492; x_wconf 87' lang='grc' dir='ltr'>ἐνδομυχῶν</span> <span class='ocrx_word' id='word_1_718' title='bbox 1106 5421 1300 5492; x_wconf 72' lang='grc' dir='ltr'>θυμὸς,</span> <span class='ocrx_word' id='word_1_719' title='bbox 1352 5419 1486 5491; x_wconf 81' lang='grc' dir='ltr'>ὕλης</span> <span class='ocrx_word' id='word_1_720' title='bbox 1539 5421 1850 5493; x_wconf 68' lang='grc' dir='ltr'>προσφέρου</span> 
     </span>
    </p>
   </div>
   <div class='ocr_carea' id='block_1_108' title="bbox 271 5510 1848 5590">
    <p class='ocr_par' dir='ltr' id='par_1_108' title="bbox 271 5510 1848 5590">
     <span class='ocr_line' id='line_1_108' title="bbox 271 5510 1848 5590; baseline -0.004 -17"><span class='ocrx_word' id='word_1_721' title='bbox 271 5517 630 5590; x_wconf 78' lang='grc' dir='ltr'>δραξάμενος,</span> <span class='ocrx_word' id='word_1_722' title='bbox 677 5513 1114 5578; x_wconf 74' lang='grc' dir='ltr'>διπλασιάζεται,</span> <span class='ocrx_word' id='word_1_723' title='bbox 1173 5510 1418 5584; x_wconf 84' lang='grc' dir='ltr'>μεγάλην</span> <span class='ocrx_word' id='word_1_724' title='bbox 1468 5510 1670 5584; x_wconf 74' lang='grc' dir='ltr'>ἔχθραν</span> <span class='ocrx_word' id='word_1_725' title='bbox 1713 5510 1848 5566; x_wconf 83' lang='grc' dir='ltr'>ἀνά·</span> 
     </span>
    </p>
   </div>
   <div class='ocr_carea' id='block_1_109' title="bbox 278 5601 1850 5675">
    <p class='ocr_par' dir='ltr' id='par_1_109' title="bbox 278 5601 1850 5675">
     <span class='ocr_line' id='line_1_109' title="bbox 278 5601 1850 5675; baseline -0.006 -12"><span class='ocrx_word' id='word_1_726' title='bbox 278 5624 454 5663; x_wconf 79' lang='grc' dir='ltr'>πτων’</span> <span class='ocrx_word' id='word_1_727' title='bbox 512 5607 640 5662; x_wconf 74' lang='grc' dir='ltr'>ἔνθα</span> <span class='ocrx_word' id='word_1_728' title='bbox 678 5605 738 5660; x_wconf 81' lang='grc' dir='ltr'>δὲ</span> <span class='ocrx_word' id='word_1_729' title='bbox 791 5607 821 5659; x_wconf 90' lang='lat'><strong>6</strong></span> <span class='ocrx_word' id='word_1_730' title='bbox 869 5604 1080 5658; x_wconf 73' lang='grc' dir='ltr'>ἔνδοθεν</span> <span class='ocrx_word' id='word_1_731' title='bbox 1118 5602 1507 5675; x_wconf 82' lang='grc' dir='ltr'>ἐμφωλεύοντα</span> <span class='ocrx_word' id='word_1_732' title='bbox 1552 5602 1643 5655; x_wconf 79' lang='grc' dir='ltr'>τὸν</span> <span class='ocrx_word' id='word_1_733' title='bbox 1679 5601 1850 5672; x_wconf 84' lang='grc' dir='ltr'>θυμὸν</span> 
     </span>
    </p>
   </div>
   <div class='ocr_carea' id='block_1_110' title="bbox 282 5693 1848 5770">
    <p class='ocr_par' dir='ltr' id='par_1_110' title="bbox 282 5693 1848 5770">
     <span class='ocr_line' id='line_1_110' title="bbox 282 5693 1848 5770; baseline -0.007 -13"><span class='ocrx_word' id='word_1_734' title='bbox 282 5699 652 5770; x_wconf 64' lang='grc' dir='ltr'>κεκτημένος,</span> <span class='ocrx_word' id='word_1_735' title='bbox 710 5696 785 5770; x_wconf 76' lang='grc' dir='ltr'>μὴ</span> <span class='ocrx_word' id='word_1_736' title='bbox 824 5695 1058 5768; x_wconf 79' lang='grc' dir='ltr'>ὑπάρχει</span> <span class='ocrx_word' id='word_1_737' title='bbox 1108 5695 1487 5760; x_wconf 79' lang='grc' dir='ltr'>διπλασιάζειν</span> <span class='ocrx_word' id='word_1_738' title='bbox 1534 5693 1697 5749; x_wconf 80' lang='grc' dir='ltr'>αὑτὸν</span> <span class='ocrx_word' id='word_1_739' title='bbox 1740 5694 1848 5749; x_wconf 79' lang='grc' dir='ltr'>ἀπὸ</span> 
     </span>
    </p>
   </div>
   <div class='ocr_carea' id='block_1_111' title="bbox 1956 5324 3532 5404">
    <p class='ocr_par' dir='ltr' id='par_1_111' title="bbox 1956 5324 3532 5404">
     <span class='ocr_line' id='line_1_111' title="bbox 1956 5324 3532 5404; baseline 0.003 -18"><span class='ocrx_word' id='word_1_740' title='bbox 1956 5338 2012 5387; x_wconf 88' lang='lat' dir='ltr'><strong>et</strong></span> <span class='ocrx_word' id='word_1_741' title='bbox 2040 5330 2096 5384; x_wconf 91' lang='lat' dir='ltr'><strong>in</strong></span> <span class='ocrx_word' id='word_1_742' title='bbox 2123 5328 2418 5384; x_wconf 82' lang='lat' dir='ltr'><strong>maximam</strong></span> <span class='ocrx_word' id='word_1_743' title='bbox 2451 5324 2802 5381; x_wconf 84' lang='lat' dir='ltr'><strong>altitudinem</strong></span> <span class='ocrx_word' id='word_1_744' title='bbox 2828 5325 3035 5384; x_wconf 76' lang='lat' dir='ltr'><strong>efferri.</strong></span> <span class='ocrx_word' id='word_1_745' title='bbox 3065 5328 3267 5387; x_wconf 91' lang='lat' dir='ltr'><strong>Eodem</strong></span> <span class='ocrx_word' id='word_1_746' title='bbox 3305 5347 3532 5404; x_wconf 79' lang='lat' dir='ltr'><strong>prorsus</strong></span> 
     </span>
    </p>
   </div>
   <div class='ocr_carea' id='block_1_112' title="bbox 1959 5417 3531 5493">
    <p class='ocr_par' dir='ltr' id='par_1_112' title="bbox 1959 5417 3531 5493">
     <span class='ocr_line' id='line_1_112' title="bbox 1959 5417 3531 5493; baseline 0.004 -17"><span class='ocrx_word' id='word_1_747' title='bbox 1959 5420 2121 5476; x_wconf 89' lang='lat' dir='ltr'><strong>modo</strong></span> <span class='ocrx_word' id='word_1_748' title='bbox 2156 5427 2210 5475; x_wconf 89' lang='lat' dir='ltr'><strong>et</strong></span> <span class='ocrx_word' id='word_1_749' title='bbox 2235 5419 2316 5474; x_wconf 89' lang='lat' dir='ltr'><strong>ira</strong></span> <span class='ocrx_word' id='word_1_750' title='bbox 2347 5419 2547 5485; x_wconf 89' lang='lat' dir='ltr'><strong>latens,</strong></span> <span class='ocrx_word' id='word_1_751' title='bbox 2580 5417 2805 5488; x_wconf 85' lang='lat' dir='ltr'><strong>abrepta</strong></span> <span class='ocrx_word' id='word_1_752' title='bbox 2856 5419 3208 5477; x_wconf 85' lang='lat' dir='ltr'><strong>convcnienti</strong></span> <span class='ocrx_word' id='word_1_753' title='bbox 3274 5427 3531 5493; x_wconf 85' lang='lat' dir='ltr'><strong>materia,</strong></span> 
     </span>
    </p>
   </div>
   <div class='ocr_carea' id='block_1_113' title="bbox 1957 5509 3532 5585">
    <p class='ocr_par' dir='ltr' id='par_1_113' title="bbox 1957 5509 3532 5585">
     <span class='ocr_line' id='line_1_113' title="bbox 1957 5509 3532 5585; baseline 0.004 -17"><span class='ocrx_word' id='word_1_754' title='bbox 1957 5512 2296 5585; x_wconf 83' lang='lat' dir='ltr'><strong>duplicatur,</strong></span> <span class='ocrx_word' id='word_1_755' title='bbox 2332 5524 2592 5581; x_wconf 84' lang='lat' dir='ltr'><strong>magnum</strong></span> <span class='ocrx_word' id='word_1_756' title='bbox 2623 5509 2932 5566; x_wconf 87' lang='lat' dir='ltr'><strong>accendens</strong></span> <span class='ocrx_word' id='word_1_757' title='bbox 2995 5511 3204 5568; x_wconf 90' lang='lat' dir='ltr'><strong>odium.</strong></span> <span class='ocrx_word' id='word_1_758' title='bbox 3261 5514 3319 5570; x_wconf 83' lang='lat' dir='ltr'><strong>Si</strong></span> <span class='ocrx_word' id='word_1_759' title='bbox 3380 5518 3532 5576; x_wconf 82' lang='lat' dir='ltr'><strong>intus</strong></span> 
     </span>
    </p>
   </div>
   <div class='ocr_carea' id='block_1_114' title="bbox 1957 5601 3532 5669">
    <p class='ocr_par' dir='ltr' id='par_1_114' title="bbox 1957 5601 3532 5669">
     <span class='ocr_line' id='line_1_114' title="bbox 1957 5601 3532 5669; baseline 0.005 -11"><span class='ocrx_word' id='word_1_760' title='bbox 1957 5604 2218 5660; x_wconf 87' lang='lat' dir='ltr'><strong>latentem</strong></span> <span class='ocrx_word' id='word_1_761' title='bbox 2252 5601 2502 5658; x_wconf 89' lang='lat' dir='ltr'><strong>continet</strong></span> <span class='ocrx_word' id='word_1_762' title='bbox 2535 5601 2702 5669; x_wconf 86' lang='lat' dir='ltr'><strong>iram,</strong></span> <span class='ocrx_word' id='word_1_763' title='bbox 2728 5617 2828 5658; x_wconf 90' lang='lat' dir='ltr'><strong>nec</strong></span> <span class='ocrx_word' id='word_1_764' title='bbox 2857 5601 3022 5658; x_wconf 91' lang='lat' dir='ltr'><strong>datur</strong></span> <span class='ocrx_word' id='word_1_765' title='bbox 3047 5611 3273 5661; x_wconf 83' lang='lat' dir='ltr'><strong>externa</strong></span> <span class='ocrx_word' id='word_1_766' title='bbox 3305 5612 3532 5666; x_wconf 83' lang='lat' dir='ltr'><strong>occasio</strong></span> 
     </span>
    </p>
   </div>
   <div class='ocr_carea' id='block_1_115' title="bbox 1957 5691 3528 5770">
    <p class='ocr_par' dir='ltr' id='par_1_115' title="bbox 1957 5691 3528 5770">
     <span class='ocr_line' id='line_1_115' title="bbox 1957 5691 3528 5770; baseline 0.006 -22"><span class='ocrx_word' id='word_1_767' title='bbox 1957 5694 2104 5748; x_wconf 87' lang='lat' dir='ltr'><strong>illam</strong></span> <span class='ocrx_word' id='word_1_768' title='bbox 2135 5691 2471 5764; x_wconf 82' lang='lat' dir='ltr'><strong>duplicandi,</strong></span> <span class='ocrx_word' id='word_1_769' title='bbox 2507 5691 2657 5748; x_wconf 90' lang='lat' dir='ltr'><strong>intus</strong></span> <span class='ocrx_word' id='word_1_770' title='bbox 2693 5692 2749 5749; x_wconf 90' lang='lat' dir='ltr'><strong>in</strong></span> <span class='ocrx_word' id='word_1_771' title='bbox 2783 5695 2964 5753; x_wconf 80' lang='lat' dir='ltr'><strong>anima</strong></span> <span class='ocrx_word' id='word_1_772' title='bbox 2981 5697 3323 5770; x_wconf 89' lang='lat' dir='ltr'><strong>conquiescit</strong></span> <span class='ocrx_word' id='word_1_773' title='bbox 3343 5699 3528 5758; x_wconf 83' lang='lat' dir='ltr'><strong>odium</strong></span> 
     </span>
    </p>
   </div>
  </div>
