4054 6498
523 273 658 336 11δῖ

1854 262 2213 325 PROCOPII
2256 265 2500 328 GAZ/EI

3674 269 3804 334 1488

522 388 579 442 in
631 384 966 457 proximum.
1017 383 1151 439 Cum
1185 383 1341 439 abest
1409 383 1720 453 obiectum,
1758 378 1946 435 odium
2001 392 2101 432 non

2215 380 2327 435 τῶν
2376 381 2577 447 ἔξωθεν
2632 382 2923 454 ἀφορμῶν,
2969 383 3120 438 ἔνδον
3161 385 3262 457 τῆς
3295 387 3484 441 τούτου
3519 386 3708 458 ψυχῆς
3742 390 3802 441 τὺ

520 490 646 537 actu
669 478 984 537 ostenditur
1022 476 1181 550 quasi
1211 492 1308 549 per
1335 490 1603 548 organum
1640 474 1914 545 corporis.

607 755 773 812 Vens.
824 754 916 810 2|.
970 752 1249 810 Craticula
1301 750 1620 808 carbonibus
1668 759 1720 805 et
1760 750 1907 822 ligna
1968 750 2101 822 igni,

524 853 678 906 homo
707 859 884 905 autem
913 845 1328 903 contumeliosus
1358 845 1428 898 ad
1494 846 1787 899 tumultum
1853 844 1972 898 irae.
2004 841 2105 897 Ac-

522 943 778 1001 cenditur
819 940 1043 1012 quidem
1090 938 1362 994 craticula
1442 953 1616 1009 super
1706 937 1997 1001 carbones,
2046 944 2105 992 et

521 1036 796 1090 ﬂammam
844 1032 1105 1088 emittunt
1156 1030 1435 1101 copiosam
1494 1029 1641 1100 ligna
1706 1044 1877 1100 super
1913 1029 2095 1099 ignem

523 1129 698 1198 posita
732 1146 749 1182 :
782 1127 951 1182 homo
967 1134 1148 1180 autem
1181 1124 1275 1194 qui
1307 1124 1564 1178 absentes
1595 1122 1919 1178 calumniari
1943 1123 2104 1187 solet,

520 1235 645 1274 cum
703 1218 975 1273 invenerit
1017 1215 1284 1288 quosdam
1340 1214 1468 1271 odio
1494 1223 1690 1270 contra
1745 1216 1962 1286 aliquos
1990 1229 2108 1285 per-

521 1320 726 1377 motos,
754 1311 823 1367 de
853 1311 941 1367 his
966 1310 1117 1365 addit
1142 1309 1473 1376 calumnias,
1502 1317 1557 1364 et
1586 1308 1890 1365 odientium
1910 1317 2104 1363 contra

520 1419 617 1459 eos
664 1419 804 1474 quos
855 1403 1087 1459 oderant
1148 1417 1405 1472 magnum
1440 1401 1690 1457 accendit
1738 1398 2107 1465 odium,bel-

521 1496 746 1565 tumque
776 1494 844 1549 ad
876 1494 1109 1571 invicem
1140 1494 1377 1564 amplius
1436 1494 1697 1548 concitat.
1735 1490 1945 1546 Exinde
1974 1492 2103 1546 dum

522 1587 648 1640 illos
677 1585 1043 1641 reconciliare
1072 1583 1294 1639 deberet
1325 1598 1391 1638 ac
1420 1584 1539 1638 lieri
1576 1582 1671 1638 Dei
1698 1581 1895 1647 Filius,
1932 1597 1962 1636 a
1992 1582 2104 1637 Deo

522 1678 582 1731 tit
612 1678 846 1733 alienus.

594 1768 875 1823 Vr:ns.22.
923 1768 1089 1824 Verba
1113 1778 1447 1823 rersutorum
1496 1766 1703 1832 mollia,
1757 1766 1876 1835 ipsa
1923 1772 2102 1819 autem
2133 1744 2180 1805 Β

523 1863 826 1929 perveniunt
854 1862 924 1917 ad
966 1864 1156 1917 intima
1179 1862 1396 1916 ventris.
1462 1854 1643 1915 Verba
1676 1874 1865 1913 eorum
1891 1858 1985 1929 qui
2036 1857 2104 1912 ad

524 1956 753 2023 gratiam
787 1954 1113 2025 captandam
1149 1955 1474 2025 loquuntur,
1500 1952 1647 2007 omni
1672 1951 1874 2007 duritie
1893 1957 2103 2006 carent.

523 2044 628 2113 Qui
662 2058 842 2101 autem
891 2048 983 2101 illa
1020 2045 1334 2118 proferunt,
1365 2045 1593 2101 occlusa
1623 2044 1899 2101 viscerum
1941 2042 2105 2114 quasi

525 2140 902 2210 promptuaria
932 2146 1208 2193 conantur
1257 2136 1326 2193 ad
1365 2135 1804 2193 misericordiam
1865 2133 2102 2206 aperire.

526 2228 583 2282 Si
609 2230 778 2298 igitur
810 2228 875 2283 ad
910 2232 1140 2299 gratiam
1171 2228 1503 2297 captandam
1558 2225 1708 2296 loqui
1744 2231 1970 2297 propter
2002 2239 2102 2280 ve-

524 2323 704 2379 ritatis
725 2328 1102 2392 contemptum
1135 2335 1243 2375 non
1271 2320 1499 2386 bonum,
1523 2317 1787 2389 culpandi
1818 2325 1945 2373 sunt
1980 2330 2103 2371 om-

524 2415 658 2471 nino
687 2412 948 2469 immites.

596 2528 766 2583 Vens.
806 2527 897 2582 2'5.
930 2526 1221 2598 Argentum
1249 2525 1437 2579 datum
1495 2541 1616 2579 cum
1655 2523 1800 2591 dolo,
1846 2532 2104 2594 tanquam

526 2627 663 2674 testa
688 2616 1138 2685 reputandum.Si
1167 2617 1291 2687 quis
1324 2625 1609 2686 argentum
1638 2613 1881 2681 impertit
1910 2613 2104 2677 alicui,

523 2710 773 2766 videntes
805 2709 1107 2780 decipiens,
1142 2706 1361 2762 laudem
1428 2707 1499 2762 ab
1547 2705 1655 2762 illis
1698 2714 1961 2775 captans,
2017 2720 2106 2760 re-

524 2801 827 2874 putandum
856 2810 941 2858 est
966 2800 1102 2855 illud
1136 2807 1432 2871 argentum
1486 2814 1593 2853 non
1623 2796 1848 2853 dill‘erre
1873 2811 1903 2851 a
1936 2806 2101 2865 testa,

524 2896 655 2965 quia
688 2895 845 2950 dator
874 2893 985 2948 Deo
1012 2907 1123 2947 non
1158 2891 1337 2964 placet
1362 2906 1458 2961 per
1504 2890 1757 2945 allectum
1787 2890 1844 2945 in
1878 2888 2102 2944 fratrem

524 2988 789 3042 mundum
812 2993 870 3041 ut
894 2994 1204 3059 argentum.
1240 2982 1485 3039 Verbum
1545 2983 1692 3038 enim
1718 2982 1964 3037 divinum
2011 2982 2103 3051 ju-

524 3081 618 3136 bet
641 3095 741 3135 nos
766 3078 833 3133 ad
867 3078 1045 3134 instar
1071 3076 1168 3133 Dei
1198 3091 1323 3133 esse
1353 3074 1758 3131 misericordes.

596 3284 884 3341 \’£ns.24.
930 3282 1097 3338 Verba
1140 3283 1390 3353 lwvigata
1448 3298 1540 3337 cor
1601 3282 1872 3337 occultant
1929 3283 2101 3337 triste.

521 3374 597 3432 Os
639 3376 803 3431 verba
835 3374 1208 3429 consolatoria
1236 3372 1523 3443 proferens
1576 3387 1642 3429 ac
1664 3374 1870 3428 nullam
1890 3373 2106 3429 haben-

523 3470 598 3524 tia
624 3467 961 3528 scabritiem,
994 3466 1229 3535 dissipat
1265 3465 1465 3520 animae
1522 3466 1790 3531 dolorem,
1854 3482 1974 3522 eam
2033 3466 2101 3521 ad

524 3564 780 3620 solatium
802 3579 899 3635 per
930 3577 993 3619 ea
1028 3562 1282 3618 advocat.
1319 3574 1725 3631 mceroremque
1758 3560 2029 3617 reprimit.

593 3766 777 3820 Labiis
802 3763 983 3818 omnia
1012 3761 1201 3815 annuit
1227 3758 1512 3828 deplorans
1561 3760 1832 3824 inimicus,
1859 3761 1913 3814 in
1944 3759 2101 3815 corde

522 3867 697 3912 autem
722 3856 1018 3926 fabricatur
1051 3851 1228 3907 dolos.
1262 3850 1476 3916 Quibus
1538 3851 1889 3905 sermonibus
1925 3851 2096 3903 mani-

523 3951 761 4005 testatur
815 3946 987 4000 animi
1027 3944 1186 3998 dolor
1219 3957 1437 4011 semper
1493 3948 1713 4009 annuit,
1767 3942 1927 4013 quasi
1973 3942 2101 3996 talia

522 4041 726 4097 dicenti
760 4054 887 4095 vere
912 4037 1308 4107 conipatiatur,
1348 4033 1713 4104 quieunidem
1745 4035 1873 4089 odio
1909 4048 2102 4105 prose-

521 4134 728 4203 quitur.
763 4130 829 4184 Et
853 4130 1017 4185 simul
1043 4145 1111 4185 ex
1140 4127 1268 4182 odio
1310 4142 1467 4182 utens
1487 4126 1647 4182 dolos
1672 4127 2022 4181 machinatur
2044 4127 2101 4181 in

520 4237 670 4289 cum,
701 4220 979 4292 quomodo
1010 4236 1064 4274 in
1090 4217 1429 4290 profundum
1457 4216 1867 4288 desperationis
1901 4219 2101 4289 impel-

521 4314 619 4369 lat.
679 4311 890 4366 Revera
943 4311 1035 4365 ille
1083 4308 1232 4364 [lenti
1271 4307 1459 4373 adflet,
1497 4309 1592 4378 qui
1621 4308 1794 4364 lenire
1826 4308 2098 4374 dolorem,

522 4418 630 4460 non
658 4418 861 4474 augere
891 4402 1230 4474 aggreditur.

591 4605 759 4662 Vens.
800 4607 891 4663 25.
919 4605 979 4662 Si
1010 4616 1057 4659 te
1106 4615 1367 4677 rogaverit
1413 4606 1661 4660 inimicus
1710 4622 1906 4677 magna
1947 4622 2089 4672 voce,

519 4716 582 4754 ne
597 4699 887 4754 credideris
917 4698 1173 4768 quoniam
1195 4707 1393 4766 septem
1424 4698 1677 4768 nequitia:
1699 4707 1821 4752 sunt
1850 4699 1907 4752 in
1938 4700 2094 4753 corde

517 4787 656 4856 ejus.
714 4785 771 4842 Si
801 4794 852 4841 te
874 4786 1084 4840 socium
1120 4801 1346 4840 suorum
1399 4787 1768 4841 consiliorum
1830 4785 2096 4843 adversus

517 4894 619 4933 nos
681 4877 993 4932 communis
1021 4877 1112 4931 ille
1161 4877 1424 4933 inimicus
1479 4879 1783 4947 vocaverit,
1824 4894 2095 4949 suamque

517 4969 897 5025 invitationem
931 4975 1045 5023 tum
1076 4968 1416 5038 voluptatum
1454 4969 1752 5035 illecebris,
1788 4978 1906 5024 tum
1942 4978 2090 5026 metu

515 5062 720 5117 laboris
747 5060 1177 5132 magniﬁcaverit
1202 5068 1262 5114 ut
1298 5069 1352 5117 te
1390 5061 1638 5126 suadeat,
1671 5064 1784 5117 noli
1818 5063 1909 5120 isti
1964 5078 2093 5119 cre-

513 5153 645 5208 dere
682 5153 1010 5224 proponenti
1045 5151 1274 5208 delicias
1321 5160 1375 5208 et
1417 5155 1608 5223 epulas
1661 5155 1874 5220 carnis,
1929 5155 2090 5226 quasi

512 5244 704 5302 eadem
730 5260 843 5302 non
873 5245 947 5301 sit
977 5244 1031 5300 in
1063 5246 1165 5300 hac
1202 5245 1314 5300 vita
1339 5246 1640 5317 subigenda
1690 5264 1864 5319 neque
1892 5248 2087 5304 morti-

516 5338 797 5404 ﬁcatioue,
848 5353 1027 5409 neque
1078 5338 1704 5412 atllictatione;septem
1756 5344 1903 5396 enim
1956 5352 2089 5399 sunt

513 5430 1010 5502 pessimaeinsidite
1029 5446 1169 5502 quas
1204 5432 1430 5488 molitur
1477 5433 1773 5490 occasione
1824 5436 2089 5507 ingluviei

469 5516 473 5520 ’
512 5524 778 5577 adversus
840 5537 1224 5594 quemcunque
1264 5525 1516 5595 corporis
1558 5526 1830 5581 cultorem
1878 5528 2092 5585 scilicet

509 5616 748 5680 luxuria,
777 5614 1004 5678 invidia,
1038 5616 1143 5682 ira,
1172 5616 1385 5684 acedia,
1424 5633 1564 5673 vana
1590 5619 1764 5689 gloria
1801 5630 1963 5692 atque
1996 5637 2092 5678 su-

507 5708 695 5781 perbia
724 5706 926 5779 quibus
952 5707 1166 5777 capitur
1196 5709 1288 5779 qui
1317 5711 1524 5768 ventris
1562 5727 1754 5768 servus
1793 5722 1896 5769 est.
1916 5712 2089 5780 Quam

2206 473 2343 545 πρὸς
2377 475 2467 528 τὸν
2520 475 2760 539 πλησίον
2815 475 3067 546 σχολάζει
3101 478 3295 548 μῖσος·
3352 477 3427 542 ὡς
3478 479 3682 534 ἀπόντι
3728 481 3805 551 τῷ

2211 567 2533 639 μισουμένῳ
2588 567 2664 639 μὴ
2719 567 3164 641 διαδεικνύμενον
3212 568 3335 623 κατ’
3379 570 3674 642 ἐνέργειαν
3716 567 3804 626 οἵα

2207 658 2277 712 δι’
2311 657 2545 729 ὀργάνου
2570 656 2667 711 τοῦ
2697 658 2973 728 σώματος.

2276 756 2383 806 κα’.
2436 750 2708 822 Ἔσχάρα
2756 751 3031 821 ἄνθραξι,
3081 754 3180 808 καί
3229 754 3391 820 ξύλα
3426 755 3607 823 πυρίο
3644 755 3805 822 ἀνὴρ

2205 841 2274 897 δὲ
2302 842 2602 912 λοίδορος,
2640 844 2729 910 εις
2759 842 3028 913 ταραχὴν
3054 842 3391 917 [εῠῙμὰχης.
3427 844 3805 915 Ἐκπυροῦται

2211 936 2310 1008 μὲν
2336 936 2550 1008 ἐσχάρα
2581 937 2669 991 ἐπ’
2696 937 2987 1015 ἀνθράκων
3004 937 3236 1009 κειμένη
3260 953 3276 968 ν
3309 938 3405 992 καὶ
3435 938 3617 1007 φλόγα
3655 936 3805 1004 ἐγεί-

2209 1044 2395 1100 ρουσιν
2433 1028 2696 1084 ὲπιπλέον
2733 1030 2870 1101 πυρὶ
2897 1028 3032 1095 ξύλα
3075 1029 3465 1101 ἐπιτιθέμενα·
3513 1028 3809 1099 ἄνθρωπος

2204 1119 2264 1173 δὲ
2314 1118 2554 1183 ἀπόντας
2608 1117 2818 1183 εἰωθὼς
2863 1117 3202 1183 διαϐάλλειν,
3261 1115 3441 1188 εὑρών
3503 1132 3663 1178 τινας
3727 1112 3807 1184 τῷ

2208 1210 2353 1265 κατά
2416 1227 2565 1274 τινος
2620 1210 2771 1281 μίσει
2816 1210 3311 1282 τεταραγμένους,
3372 1205 3804 1281 προσεπιτίθησι

2208 1300 2334 1357 κατ’
2362 1301 2590 1355 ἐκείνων
2617 1300 2903 1365 διαϐολάς·
2935 1301 3031 1354 καὶ
3059 1299 3160 1371 τὴν
3182 1299 3293 1354 τῶν
3325 1298 3635 1371 μισούντων
3662 1298 3806 1351 κατὰ
3883 1284 3898 1303 ⁸

2207 1394 2317 1449 τῶν
2351 1394 2700 1466 μισουμένων
2751 1393 3069 1466 ἐκπύρωσιν
3110 1392 3350 1463 σφοδρὰν
3388 1392 3801 1461 ὲπεργάζεται·

2209 1487 2306 1541 καὶ
2346 1486 2441 1541 τὸν
2484 1486 2605 1541 κατ’
2650 1486 2898 1558 ἀλλήλων
2949 1486 3189 1557 πόλεμον
3245 1484 3511 1539 ὲπιπλέον
3557 1482 3799 1554 ἐγείρει·

2211 1578 2514 1633 κάντεῦθεν
2559 1578 2787 1634 ἀνθότου
2816 1578 3046 1649 ὤφειλεν
3091 1579 3483 1649 είρηνοποιεῖν,
3532 1576 3633 1630 καὶ
3675 1574 3803 1639 Υἱὸς

2213 1672 2582 1744 χρηματίζειν
2612 1672 2772 1739 Θεοῦ,
2802 1671 3176 1745 ἀλλοτριοῦται
3214 1671 3374 1726 Θεοῦ.

2283 1764 2391 1836 κβ⁸.
2431 1765 2608 1836 Λόγοι
2644 1764 2986 1834 κερκώπων,
3031 1763 3337 1833 μαλακοί·
3373 1758 3542 1819 οὗτοι
3593 1762 3664 1816 es
3705 1761 3804 1815 τύ-

2214 1870 2474 1912 πτουσιν
2500 1859 2590 1925 είς
2630 1858 2839 1928 τιιμεῖα
2885 1856 3282 1927 σπλάγχνων.
3334 1854 3415 1910 Τὰ
3445 1856 3673 1927 ῥήματα
3694 1853 3807 1907 τῶν

2215 1948 2353 2024 πρὸς
2373 1951 2536 2023 χάριν
2569 1950 2861 2020 λεγόντων,
2922 1950 3273 2022 ἀπήλλακται
3328 1949 3513 2021 πάσης
3561 1947 3803 2019 σκληρός

2214 2058 2374 2113 τητος
2391 2058 2406 2074 ο
2432 2043 2483 2096 οἱ
2504 2042 2561 2096 δὲ
2595 2041 2769 2097 ταῦτα
2788 2045 3212 2115 προσφέροντες.
3233 2040 3303 2096 τά
3327 2042 3482 2111 δίκην
3507 2038 3802 2111 [tapetum]

2214 2132 2585 2202 κεκλεισμένα
2617 2133 2727 2187 τῶν
2758 2133 3085 2203 σπλάγχνων
3112 2133 3431 2203 ὑπανοίγειν
3456 2130 3805 2203 ἐπιχειροῦσι

2213 2222 2352 2291 πρὸς
2389 2223 2741 2295 οίκτιρμούς·
2790 2226 2839 2278 εί
2904 2221 2999 2278 οῦν
3025 2224 3088 2278 τὸ
3130 2223 3271 2296 πρὸς
3313 2224 3476 2297 χάριν
3501 2223 3691 2276 λαλεῖν
3718 2223 3804 2277 διά

2212 2316 2273 2371 τὸ
2298 2319 2643 2391 παρορᾶσθαι
2673 2319 2771 2392 τὴν
2832 2319 3097 2391 ἀλήθειαν
3129 2320 3192 2374 ού
3224 2320 3409 2388 καλὸν,
3450 2320 3624 2374 αίτιοι
3659 2321 3803 2375 πάν-

2214 2424 2324 2472 τως
2348 2408 2398 2461 οἱ
2432 2408 2795 2479 ἀσπλαγχνοι.
2819 2420 2823 2428 ’

2281 2529 2387 2592 κγ’.
2430 2523 2741 2593 Ἀργύριον
2792 2522 3112 2594 διδόμενον
3149 2523 3301 2594 μετὰ
3350 2523 3563 2591 δόλου,
3594 2525 3804 2596 ὥσπερ

2211 2614 2514 2684 ὄστρακον
2552 2615 2832 2687 ἡγητέον.
2899 2617 2958 2671 Ὀ
3011 2617 3333 2687 μεταδιδοὺς
3373 2618 3647 2691 ἀργυρίου
3672 2621 3800 2684 τινὶ,

2211 2705 2438 2761 ἀπατῶν
2466 2707 2596 2770 τοὺς
2620 2706 2887 2778 ὁρῶντας,
2927 2708 3024 2761 καὶ
3054 2708 3148 2763 τὸν
3206 2708 3360 2779 παρά
3384 2712 3598 2765 τούτων
3623 2710 3803 2783 θηρώ-

2210 2815 2377 2868 μενος
2422 2797 2687 2867 ἕπαινον,
2739 2798 3010 2870 νομιζέτω
3072 2800 3235 2855 τοῦτο
3296 2802 3467 2874 μηδὲν
3515 2803 3799 2874 διαφέρειν

2209 2888 2502 2960 ὀστράκοῦ,
2545 2888 2733 2960 ἐπειδὴ
2799 2890 2877 2961 μὴ
2925 2891 3215 2961 εὐαρεστεῖ
3263 2892 3384 2964 Θεῷ
3414 2894 3505 2949 διὰ
3528 2896 3630 2966 τῆς
3660 2896 3797 2966 πρὸς

2208 2979 2299 3032 τὸν
2325 2981 2552 3051 ἀδελφὸν
2611 2979 2767 3052 δίκην
2815 2980 3085 3054 ἀργυρίου
3146 2982 3401 3057 καθαρᾶς
3451 2986 3792 3052 διαθέσεως⁶

2210 3072 2564 3144 οἰκτίρμονας
2589 3073 2701 3145 γάρ
2728 3075 2877 3145 ἡμᾶς
2911 3074 3163 3143 γίνεσθαι
3195 3077 3337 3131 κατά
3360 3078 3600 3151 μίμησιν
3621 3079 3794 3147 Θείαν,

2208 3163 2236 3215 ὁ
2270 3161 2427 3232 λόγος
2446 3162 2542 3216 τοῦ
2576 3162 2713 3217 Θεοῦ
2749 3164 2998 3220 ἀπαιτεῖ.

2276 3276 2376 3330 κδ’.
2410 3277 2594 3346 Χείλη
2645 3277 2781 3332 λεῖα
2830 3277 3085 3347 καρδίαν
3136 3280 3433 3337 καλύπτει
3484 3284 3791 3354 λυπηράν.

2206 3367 2389 3436 Στόμα
2407 3367 2597 3437 λόγους
2623 3370 3142 3441 παραμυθητικοῦς,
3174 3372 3273 3426 καὶ
3294 3372 3572 3445 μηδεμίαν
3592 3394 3793 3448 κεκτη-

2208 3460 2404 3529 μένους
2421 3461 2753 3531 τραχύτητα,
2783 3460 2964 3533 λύπην
2989 3462 3247 3532 ἀφανίζει
3282 3465 3485 3536 ψυχῆς,
3516 3470 3599 3531 είς
3650 3487 3796 3543 παρ-

2205 3552 2435 3624 ηγορίαν
2491 3553 2615 3607 τινὰ
2649 3553 2716 3606 δι’
2746 3554 2928 3607 αὐτῶν
2988 3553 3156 3626 αὐτὴν
3210 3556 3639 3632 ὲκκαλούμενον,
3699 3564 3797 3616 καὶ

2209 3644 2494 3700 συστέλλον
2522 3645 2585 3699 τὸ
2615 3645 2778 3716 ἀλγος
2803 3646 2993 3717 αὐτῆς.

2275 3754 2515 3808 Χείλεσι
2537 3753 2735 3808 πάντα
2755 3756 3018 3810 ἐπινεύει
3044 3756 3528 3829 ἀποκλαιόμενος
3542 3762 3762 3832 ἐχθρός
3776 3780 3791 3795 ·

2203 3847 2273 3899 ἐν
2304 3846 2374 3900 δὲ
2404 3846 2480 3916 τῇ
2500 3847 2716 3915 καρδίᾳ
2758 3849 3128 3904 τεκταίνεται
3165 3850 3412 3917 δόλους.
3450 3855 3579 3920 Τοῖς
3611 3856 3799 3929 λύπην

2204 3944 2383 4013 ψυχῆς
2422 3942 2828 4011 ἀπαγγέλλουσι
2872 3941 3071 4013 λόγοις,
3127 3944 3222 3997 ἐπὶ
3260 3946 3408 3999 πᾶσι
3456 3951 3795 4016 συγκατατί·

2205 4036 2378 4103 θεται,
2402 4038 2478 4103 ὡς
2505 4037 2669 4109 δῆθεν
2689 4039 3029 4110 συμπάσχων
3048 4039 3127 4109 τῷ
3148 4039 3373 4105 τούτους
3399 4044 3792 4115 προσφέροντι,

2204 4132 2232 4184 ὁ
2258 4130 2515 4202 ἀπεχθῶς
2551 4131 2688 4201 πρὸς
2712 4130 2875 4185 αὑτὸν
2896 4131 3244 4203 διακείμενος
3263 4150 3278 4165 θ
3333 4133 3588 4189 ἐντεῦθεν
3617 4136 3677 4190 δὲ
3704 4138 3794 4194 διὰ

2202 4222 2266 4276 τὸ
2287 4222 2423 4293 πρὸς
2447 4221 2610 4277 αὑτὸν
2640 4224 2816 4293 μῖσος,
2842 4219 3245 4285 κατασκευάζει
3273 4218 3467 4291 βουλάς
3490 4224 3550 4276 ὲν
3570 4226 3640 4295 τῇ
3668 4225 3798 4278 ἐαυ-

2203 4311 2296 4367 τοῦ
2324 4312 2469 4385 ψυχῇ
2500 4312 2620 4367 κατ’
2640 4309 2828 4377 αὐτοῦ,
2851 4310 3107 4365 συνωθῶν
3134 4311 3216 4374 είς
3239 4311 3515 4383 βάραθρον
3530 4315 3794 4379 ἀπονοίας

2016 4418 2023 4423 ·
2127 4444 2181 4505 D
2206 4402 2388 4457 αὐτόν’
2402 4403 2549 4475 ὁγὰρ
2566 4403 2784 4475 ἀληθῶς
2800 4401 3083 4472 συναλγῶν
3098 4403 3178 4471 τῷ
3194 4403 3475 4471 ἀλγοῦντι,
3490 4405 3596 4457 οὐκ
3608 4405 3793 4471 αὕξειν

2203 4495 2263 4549 τὸ
2282 4495 2447 4565 άλγος
2470 4494 2661 4560 αὑτοῦ,
2680 4495 2815 4550 ἀλλὰ
2839 4494 3258 4567 κατακοιμίζειν
3278 4494 3477 4565 μᾶλλον
3496 4496 3788 4571 ἐπιχειρεῖ.

2273 4617 2375 4669 κε’.
2409 4610 2552 4665 Ἐάν
2576 4625 2693 4666 σου
2721 4608 2925 4678 δέηται
2951 4613 2985 4664 ό
3005 4610 3219 4680 ἐχθρός
3232 4608 3469 4681 μεγάλῃ
3492 4610 3570 4681 τῇ
3595 4611 3790 4681 φωνῇ.

2201 4702 2284 4774 μὴ
2316 4701 2577 4771 πεισθῇς
2600 4719 2615 4733 ’
2640 4702 2792 4755 ἑπτὰ
2818 4701 2931 4771 γάρ
2960 4704 3079 4756 είσι
3105 4703 3386 4771 πονηρίαι
3409 4703 3478 4757 ὲν
3507 4702 3585 4773 τῇ
3615 4704 3790 4774 ψυχῇ

2203 4793 2410 4850 αὐτοῦ.
2444 4793 2665 4863 Είπερὸ
2696 4790 2877 4855 κοινὸς
2927 4791 3148 4845 πάντων
3195 4792 3411 4863 ἐχθρὸς,
3466 4793 3789 4849 ἐκκαλεῖται

2204 4905 2265 4942 σε
2289 4887 2427 4959 πρὸς
2458 4886 2782 4956 συνέργειαν
2811 4884 2908 4938 τοῦ
2940 4886 2998 4939 έν
3046 4886 3177 4953 ἡμῖν
3213 4883 3558 4956 βουλήματος
3594 4885 3786 4953 αὐτοῦ,

2200 4981 2301 5053 τὴν
2333 4979 2527 5034 ἑαυτοῦ
2560 4972 2880 5052 μεγαλύνων
2918 4977 3288 5049 παράκλησιν,
3320 4977 3402 5048 τῷ
3438 4996 3499 5032 τε
3538 4980 3640 5052 τῆς
3670 4981 3789 5051 ἠδο-

2201 5076 2299 5148 νῆς
2326 5073 2640 5145 δελεάματι,
2672 5072 2768 5125 καὶ
2798 5070 2879 5141 τῷ
2896 5070 2995 5141 τῆς
3016 5069 3211 5140 ὀδύνης
3237 5069 3411 5143 φόϐῳ,
3438 5070 3583 5126 ὥστε
3618 5072 3786 5144 ποιῆ-

2203 5168 2294 5223 σαί
2334 5184 2417 5221 σοι
2446 5165 2614 5237 αὐτὴν
2642 5164 2935 5234 ἀκουστὴν,
2974 5161 3049 5234 μὴ
3068 5161 3203 5233 γένῃ
3219 5162 3396 5235 τούτῳ
3418 5165 3782 5235 καταπειθὴς,

2199 5260 2413 5333 τρυφᾷν
2442 5254 2822 5326 ὑποτιθεμένῳ
2858 5269 2964 5319 σοι,
3015 5252 3104 5307 διὰ
3132 5252 3195 5307 τὸ
3221 5254 3542 5324 εὐφραίνειν
3582 5254 3682 5309 καὶ
3708 5255 3786 5308 λι-

2201 5350 2417 5405 παίνειν
2451 5347 2552 5420 τὴν
2582 5346 2757 5417 σάρκα
2779 5362 2795 5377 ·
2850 5346 2930 5409 ὡς
2993 5344 3068 5416 μὴ
3129 5339 3272 5399 εῖναι
3303 5346 3469 5417 δῆθεν
3510 5346 3685 5418 αὐτὴν
3719 5349 3785 5419 τῇ

2201 5440 2377 5514 φθορᾷ
2410 5441 2506 5496 καὶ
2534 5442 2600 5511 τῇ
2629 5436 2751 5493 κατ’
2782 5436 2950 5509 αὐτὴν
2980 5435 3143 5510 ὀδύνῃ
3167 5437 3587 5511 εὐεπιχείρητον
3606 5457 3622 5473 ο
3646 5439 3786 5494 ἑπτὰ

2199 5534 2308 5606 γάρ
2334 5535 2472 5588 είσιν
2493 5534 2548 5587 αἱ
2575 5532 2662 5587 διὰ
2685 5529 2788 5603 τῆς
2825 5532 3275 5603 γαστριμαργίας
3297 5534 3438 5587 κατά
3454 5533 3661 5597 παντὸς
3689 5533 3785 5588 τοῦ

2201 5625 2533 5696 φιλοσάρκου
2596 5623 2965 5696 πονηρόταται
3021 5621 3216 5678 τούτου
3264 5624 3552 5680 ὲπισουλαί
3572 5641 3587 5656 ο
3620 5628 3657 5700 ἠ
3686 5626 3783 5698 τῆς

2201 5716 2477 5787 πορνείας,
2520 5717 2554 5787 ἡ
2585 5714 2684 5786 τῆς
2715 5714 2913 5786 λύπης,
2936 5715 2973 5784 ἡ
2993 5712 3092 5784 τῆς
3118 5711 3309 5786 ὀργῆς,
3338 5717 3376 5787 ἡ
3400 5716 3504 5789 τῆς
3528 5718 3778 5789 ἀκηδίας,
