4054 6492
229 403 370 470 1489

1208 416 1743 478 COMMENTARI]
1795 417 1882 477 IN
1908 417 2341 483 PROVERBIA
2358 470 2370 484 .

224 521 258 590 ἦ
291 521 396 621 τῆξ
422 522 748 621 κενοδοξίας,
774 526 868 579 καὶ
893 527 925 597 ἡ
951 528 1051 599 τῆς
1090 530 1494 603 ὑπερηφανίας,
1528 527 1617 595 αἷς
1651 547 1810 601 περι·-

1920 531 2212 604 ingluviem
2243 539 2336 609 qui
2368 542 2607 610 potuerit
2640 559 2910 614 resecare,
2939 547 3103 603 simul
3127 547 3338 605 auferet
3367 566 3497 621 pas-

227 615 408 675 mosi,
433 614 649 681 πάντως
702 619 1141 692 καταδεξάμενος
1190 623 1291 695 τὴν
1365 623 1810 697 γαστριμαργίαν

1917 622 2101 680 siones
2125 627 2247 697 ejus
2279 630 2437 687 tilias.

224 709 302 774 ὡς
332 711 623 780 φίλαυτος·
654 715 703 767 εί
725 715 782 769 δὲ
809 716 1011 789 ταύτην
1045 719 1278 791 δυνηθῇς
1307 721 1538 787 ἀνελεῖν,
1567 717 1879 781 συνανεῖλες
1911 717 2050 790 αὐτῇ
2084 723 2179 776 καὶ
2207 723 2278 778 τά
2309 724 2378 780 δι’
2409 727 2580 801 αὐτὴν
2614 729 3073 801 παρυφιστάμενα
3104 731 3273 803 πάθη.

298 812 417 871 κς’.
467 806 519 860 ’0
557 809 838 878 κρύπτων
894 814 1140 883 ἔχθραν,
1197 817 1536 886 συνίστησι
1588 818 1807 872 δόλον’

228 898 596 955 ἐκκαλύπτει
622 901 691 955 δὲ
718 904 823 970 τὰς
854 904 1074 962 ἑαυτοῦ
1119 909 1437 979 ἁμαρτίας,
1466 912 1814 982 εὔγνωστος

231 990 303 1044 ἐν
336 992 652 1063 συνεδρίῳ.
701 992 759 1052 Ὀ
817 996 1110 1055 καλύπτων
1152 1001 1213 1055 τὸ
1254 1003 1451 1058 ἑαυτοῦ
1491 1005 1629 1076 πρός
1662 1021 1815 1068 τινας

230 1084 412 1152 μῖσος,
443 1086 566 1140 κατ’
595 1087 775 1143 αὐτῶν
837 1090 1165 1157 συσκευάζει
1209 1093 1503 1167 ἐπιϐουλήν
1524 1113 1538 1128 ο
1592 1096 1687 1150 καὶ
1720 1096 1815 1149 κέ-

228 1191 491 1243 κρυπται,
515 1177 606 1232 ἴνα
637 1179 713 1250 μὴ
736 1181 1066 1254 ἀπρακτήσῃ
1110 1184 1467 1253 διαγνωσθείς
1488 1204 1502 1218 ο
1539 1186 1815 1240 ἀνακαλύ-

228 1283 357 1320 πτει
399 1268 456 1322 δὲ
510 1270 580 1324 τὰ
638 1272 830 1326 ἑαυτοῦ
881 1275 1308 1348 παραπτώματα
1349 1280 1377 1332 6
1419 1280 1478 1332 ὲν
1506 1278 1816 1334 συνελεύσει

228 1358 501 1432 διαφόρων
533 1363 744 1434 ἀνδρῶν
793 1365 1194 1436 εύδιάγνωστος
1222 1387 1236 1401 ·
1293 1370 1371 1434 ὡς
1405 1370 1482 1442 μὴ
1512 1370 1816 1442 δυνάμενος

229 1452 443 1516 πάντας
473 1453 801 1527 ἀπελέγχειν
825 1457 1088 1529 ψεύστας,
1120 1462 1213 1516 καὶ
1252 1462 1568 1528 συσκιάζειν
1593 1463 1662 1517 τὰ
1690 1461 1814 1518 τού-

228 1562 344 1610 τοις
378 1547 683 1619 κατάδηλα.

299 1637 407 1704 xC’.
449 1639 513 1694 Ὀ
547 1641 830 1710 ὀρύσσων
865 1645 1096 1714 βόθρον
1148 1646 1230 1713 τῷ
1291 1649 1579 1717 πλησίον,
1638 1649 1818 1718 ἐμπε-

228 1732 423 1787 σεῖται
447 1734 535 1800 είς
560 1736 750 1789 αὐτόν
777 1752 793 1768 ’
827 1738 860 1791 d
886 1735 954 1790 δὲ
985 1738 1212 1791 κυλίων
1241 1740 1436 1805 λίθον,
1487 1739 1579 1810 ἐφ’
1625 1737 1816 1805 ἑαυτῷ

230 1823 492 1878 nullast.
530 1823 590 1877 ὐ
650 1823 858 1894 βλάϐην
925 1825 1194 1897 λαθραίαν
1244 1828 1479 1882 ἐπινοῶν
1539 1830 1682 1884 κατά
1720 1828 1815 1882 τοῦ

227 1912 530 1981 ὁμοπίστου
578 1913 748 1985 αὐτῷ,
784 1916 946 1980 αὐτὸς
989 1917 1072 1979 εἰς
1118 1916 1323 1990 ταύτην
1355 1920 1620 1990 ἐμπίπτει
1672 1920 1816 1974 κατὰ

225 2003 409 2073 ψυχήν
428 2007 500 2082 :.6
536 2005 595 2058 δὲ
662 2007 902 2077 φανερὰν
932 2007 1139 2078 βλάϐην
1184 2010 1408 2079 ἐπάγων
1436 2011 1607 2078 αὐτῷ,
1634 2011 1816 2083 ἐαυτῷ

1991 814 2162 874 Vsus.
2193 821 2287 877 26.
2323 821 2426 888 Qui
2450 826 2682 880 occultat
2723 826 3087 891 inimicitiam,
3135 829 3294 882 nectit
3320 828 3495 895 dolos,

1918 913 2115 968 revelat
2144 924 2319 970 autem
2348 932 2447 970 sua
2502 928 2719 987 peccata
2756 918 2879 973 bene
2933 928 3090 974 notus
3140 921 3196 973 in
3244 922 3495 976 concilio.

1916 1008 2023 1074 Qui
2050 1024 2210 1063 suum
2236 1009 2426 1064 odium
2451 1026 2579 1081 erga
2621 1011 2910 1067 inimicum
2943 1014 3188 1069 occultat
3216 1023 3373 1083 parat
3405 1016 3494 1068 in-

1917 1098 2087 1155 sidias
2110 1099 2377 1156 adversus
2399 1116 2545 1169 eum,
2561 1100 2793 1173 ideoque
2814 1102 3125 1165 abscondit,
3152 1120 3218 1157 ne
3246 1104 3496 1160 detectus

1920 1192 2058 1247 nihil
2092 1192 2368 1263 proﬁciat.
2398 1192 2493 1250 llle
2521 1201 2706 1249 autem
2736 1210 2837 1250 sua
2898 1204 3123 1265 peccata
3171 1196 3493 1259 conﬁtetur,

1921 1281 2013 1350 qui
2042 1279 2189 1335 intra
2217 1282 2464 1338 virorum
2494 1284 2791 1339 illustrium
2826 1285 3128 1340 concilium
3155 1287 3364 1356 Optime
3392 1302 3495 1341 no-

1920 1381 2009 1429 tus
2040 1383 2148 1439 est,
2180 1375 2310 1445 quia
2344 1391 2541 1433 onmes
2567 1376 2634 1433 de
2670 1377 2958 1434 mendacio
2985 1394 3244 1449 arguere,
3297 1381 3386 1436 vel
3410 1380 3494 1439 eis

1920 1465 2043 1522 luce
2070 1466 2310 1523 clariora
2344 1468 2604 1525 Obvelare
2630 1469 2975 1541 impossibile
3002 1479 3107 1526 est.

1988 1645 2156 1701 Vsus.
2221 1647 2312 1702 27.
2345 1647 2450 1715 Qui
2500 1647 2635 1717 [odit
2670 1649 3165 1720 foveamproximo,
3207 1650 3399 1707 incidet
3441 1653 3497 1707 iu

1917 1754 2035 1792 eam
2057 1756 2075 1803 ;
2098 1739 2187 1808 qui
2215 1749 2389 1794 autem
2427 1741 2581 1795 volvit
2610 1741 2864 1810 lapidem,
2912 1759 3070 1812 super
3132 1744 3362 1814 seipsum
3392 1744 3502 1798 rol-

1918 1832 2014 1886 uit.
2045 1829 2103 1886 Si
2142 1832 2290 1901 quod
2341 1833 2542 1889 vulnus
2584 1832 2743 1888 fratri
2773 1841 2868 1888 tuo
2929 1833 3259 1902 cogitaveris
3310 1834 3499 1889 furtim

1920 1925 2146 1992 inferre,
2176 1926 2280 1982 hoc
2305 1925 2361 1981 in
2393 1932 2542 1982 tuam
2576 1926 2753 1995 ipsius
2787 1927 3027 1981 animam
3057 1927 3313 1993 decidet;
3349 1928 3496 1995 quod

1920 2020 1967 2076 si
2002 2021 2182 2089 palam
2216 2019 2524 2089 paraveris,
2580 2018 2712 2073 illud
2768 2028 2859 2074 tua
2905 2019 3089 2074 anima
3139 2019 3501 2074 nihilominus

228 2094 438 2165 ταύτην
468 2097 562 2150 καὶ
602 2100 630 2151 6
659 2099 899 2163 τοιοῦτος
956 2100 1151 2169 ἐπάγει
1192 2103 1333 2157 κατὰ
1373 2104 1588 2175 ψυχήν·
1630 2103 1813 2169 καθὼς

1922 2113 2180 2183 patietur.
2216 2111 2336 2179 Quo
2362 2111 2509 2168 enim
2530 2111 2691 2165 modo
2712 2125 2844 2180 erga
2868 2111 3175 2180 proximum
3204 2112 3499 2178 sentimus,

228 2186 342 2257 γάρ
396 2187 464 2242 ἂν
520 2189 676 2244 αὐτοὶ
709 2192 839 2262 περὶ
891 2191 982 2246 τὸν
1018 2195 1248 2266 πλησίον
1276 2196 1639 2267 διατεθῶμεν,
1668 2197 1813 2251 οὕτω

228 2282 324 2334 καὶ
371 2282 502 2354 περὶ
541 2284 693 2355 ἡμᾶς
740 2284 1118 2358 διατεθήσεται
1169 2291 1197 2343 6
1246 2289 1473 2363 Κύριος,
1526 2291 1814 2357 ἀποδιδοὺς

230 2369 448 2442 ἑκάστῳ
470 2371 615 2424 κατά
641 2372 708 2426 τὰ
732 2372 871 2444 ἔργα
901 2371 1194 2440 αύτοῦ,οία
1224 2378 1419 2450 κριτὴς
1448 2379 1809 2445 δικαιότατος.

301 2469 412 2529 κη’.
439 2463 704 2519 Γλῶσσα
761 2467 997 2535 ψευδὴς
1028 2469 1204 2539 μισεῖ
1254 2470 1549 2539 ἀλήθειαν
1574 2491 1588 2506 ο
1620 2475 1816 2543 στόμα

227 2551 295 2605 δὲ
354 2552 613 2623 deferor
666 2557 828 2612 ποιεῖ
881 2560 1352 2629 ἀκαταστασίας.
1422 2563 1481 2617 '0
1536 2563 1607 2618 τὰ
1677 2564 1814 2635 πρὸς

228 2645 393 2716 χάριν
423 2646 620 2710 λαλῶν,
650 2650 746 2703 καὶ
773 2649 842 2703 τά
877 2652 1015 2723 πρὸς
1046 2652 1206 2722 χάριν
1236 2652 1457 2706 ἀκούειν
1481 2653 1811 2720 ἀσπάζεται,

228 2739 287 2791 ὲν
315 2732 400 2801 οἷς
434 2739 596 2805 αὐτὸς
619 2740 1006 2813 θεραπεύεται,
1034 2744 1250 2809 τούτοις
1278 2746 1374 2799 καὶ
1415 2746 1609 2811 ἄλλους
1649 2748 1813 2819 θερα-

229 2829 421 2883 πεύειν
452 2833 746 2904 ἐπιχειρῶν
771 2851 785 2865 ·
811 2836 1110 2890 κάντεῦθεν
1144 2838 1238 2890 καὶ
1260 2837 1442 2908 λέγειν
1481 2840 1578 2893 κα)⁸
1598 2841 1816 2894 ἀκούειν

227 2921 333 2993 τὴν
376 2923 635 2994 ἀλήθειαν
672 2929 1081 2999 ἀποστρέφεται
1102 2947 1116 2962 ο
1150 2933 1179 2985 6
1207 2931 1264 2985 δὲ
1300 2934 1357 2985 ὲν
1403 2931 1581 3001 λόγοις
1614 2934 1688 3004 μὴ
1720 2934 1817 3003 ἐγ-

229 3018 655 3088 κρατευόμενος,
694 3020 832 3076 ἀλλά
884 3021 1255 3093 φθεγγόμενος
1293 3026 1722 3098 ἀπερισκέπτως
1747 3029 1819 3085 τὰ

225 3109 359 3171 τοὺς
395 3109 695 3176 ἀκούοντας
756 3113 1023 3169 δάκνοντα
1070 3116 1441 3189 ἢδιαχὲοντα,
1486 3118 1690 3187 ἀπάγει
1722 3120 1817 3175 τοῦ

227 3198 633 3273 καθεστηκότος
663 3204 869 3261 τούτων
905 3207 1114 3279 εψυχάς,
1151 3210 1231 3273 είς
1263 3209 1442 3282 λύπην
1500 3211 1812 3282 ἀλόγιστον,

228 3294 263 3362 ἦ
297 3295 490 3364 ὁμοίαν
514 3298 691 3369 χαρὰν
719 3300 1068 3371 περιτρέπων
1096 3302 1280 3368 αὑτάς.

818 3413 1074 3468 ΚΕΦΔΛ.
1104 3413 1234 3471 KZ'.

303 3518 376 3573 α’.
411 3517 509 3589 Μὴ
533 3522 738 3591 καυχῶ
761 3523 836 3578 τὰ
881 3527 970 3592 είς
1021 3526 1266 3595 αὔριον-⁸
1309 3534 1382 3585 οὐ
1428 3530 1538 3600 γὰρ
1569 3527 1737 3599 οἶδας
1760 3533 1818 3587 τί

230 3609 464 3676 τέξεται
484 3614 522 3682 ἠ
552 3613 834 3671 ἐπιοῦσα.
870 3618 963 3689 Μὴ
1000 3619 1145 3673 κατά
1177 3620 1276 3691 μὲν
1306 3622 1367 3675 τὸ
1400 3623 1633 3688 ἐνεστὼς
1657 3623 1817 3695 θερά-

231 3721 370 3756 πευε
408 3705 503 3758 τὸν
535 3706 831 3763 ἀπατεῶνα
876 3708 987 3763 τῶν
1018 3710 1205 3782 ψυχῶν
1240 3712 1493 3785 δαίμονα,
1530 3718 1645 3779 τοῖς
1693 3713 1816 3769 καθ’

230 3793 431 3866 ἡδονὴν
479 3795 679 3851 πάθεσι
702 3815 717 3830 ο
764 3801 887 3864 ταῖς
916 3800 972 3853 δὲ
1006 3804 1149 3856 κατά
1192 3802 1292 3875 τὴν
1330 3803 1518 3875 αὔριον
1558 3806 1816 3877 ματαίαις

229 3882 469 3948 ἐλπίσιν,
503 3885 758 3957 ὲγκαυχῶ
791 3888 887 3959 τὴν
919 3889 1270 3963 δικαιοσύνην
1306 3894 1675 3965 ὲργάσασθαι’
1722 3898 1816 3951 καὶ

229 3975 378 4029 οὕτω
434 3979 505 4031 τὰ
556 3980 677 4033 κατ’
731 3979 970 4052 ἔλλειψιν
1013 3982 1114 4054 τῆς
1158 3985 1361 4056 ἀρετῆς
1386 3985 1480 4039 καὶ
1510 3987 1816 4059 ὑπερϐολὴν

231 4070 592 4141 ἀντικείμενα
666 4072 847 4145 πάθη,
900 4074 1155 4147 ἀλλήλοις
1226 4076 1566 4151 συμφύρων,
1636 4080 1816 4152 ἐαυτῷ

233 4159 404 4231 κίρνα
436 4161 765 4236 δηλητήριον
826 4167 1141 4239 φάρμακον,
1173 4170 1270 4224 καὶ
1305 4170 1403 4241 τῆς
1436 4171 1494 4224 ὲν
1538 4172 1813 4244 πνεύματι
1874 4222 1877 4223 ν

232 4252 384 4323 ζωῆς
431 4255 815 4326 ἀναιρετικόψ
866 4260 1088 4329 ἀγνοεῖς
1140 4261 1250 4335 γὰρ
1281 4261 1337 4316 τί
1365 4280 1446 4317 σοι
1495 4267 1814 4335 συναντήσει

230 4343 378 4397 κατά
400 4345 500 4415 τὴν
524 4344 715 4417 αύριον
738 4364 753 4379 ’
786 4347 868 4401 διὸ
902 4349 981 4420 τῷ
1018 4350 1233 4419 λέγοντι
1285 4351 1424 4423 Θεῷ,
1452 4352 1534 4407 ὄτι
1575 4355 1814 4427 σήμερον

228 4435 331 4489 ὲάν
353 4436 453 4506 τῆς
481 4439 665 4509 φωνῆς
721 4457 822 4510 μου
853 4440 1126 4513 ἀκούσητε
1150 4443 1232 4498 δεῖ
1269 4443 1570 4510 πείθεσθαι,
1614 4447 1708 4500 καὶ
1739 4446 1814 4519 μὴ

228 4528 316 4590 εἰς
368 4528 468 4600 τὴν
520 4528 713 4602 αὔριον
750 4533 1184 4589 ἀναϐάλλεσθαι³
1222 4527 1293 4606 ἦς
1340 4536 1439 4607 οὐχ
1487 4536 1814 4611 ύπεὶρχομεν

227 4619 436 4692 κύριοι.

304 4708 370 4781 β’.
413 4712 841 4784 Ἐγκωμιαζέτω
878 4719 912 4772 ὁ
943 4719 1157 4786 πέλας,
1194 4722 1291 4777 καί
1312 4723 1399 4793 μὴ
1420 4722 1490 4778 τὸ
1522 4722 1641 4778 σὸν
1670 4725 1811 4779 στό-

1919 2221 1986 2261 eo
2014 2205 2280 2260 Dominus
2309 2204 2478 2259 sentit
2510 2204 2575 2258 de
2615 2204 2794 2269 nobis,
2829 2204 2924 2275 qui
2986 2201 3166 2257 reddit
3196 2204 3501 2272 unicuique

1920 2296 2223 2355 secundum
2255 2310 2424 2367 Opera
2458 2295 2599 2366 ejus,
2620 2295 2971 2365 iustissimus
2987 2295 3179 2365 iudex.

1991 2464 2275 2533 λίπησθε.
2302 2477 2506 2548 Lingua
2534 2475 2763 2530 mendax
2821 2454 3257 2540 Oditveritat‘em,
3302 2489 3361 2527 os
3406 2490 3506 2526 au-

1926 2582 2026 2629 tem
2056 2590 2160 2628 non
2192 2582 2389 2627 tectum
2414 2571 2547 2640 facit
2591 2571 2803 2624 ruinas.
2841 2568 2947 2633 Qui
2989 2567 3237 2636 loquitur
3283 2567 3507 2636 placen-

1924 2669 2020 2733 tia,
2052 2666 2324 2737 placentia
2357 2671 2510 2735 Optat
2569 2663 2795 2727 audire;
2836 2661 3038 2732 quibus
3073 2660 3400 2721 delectatur,
3438 2660 3507 2715 iis

1921 2770 1976 2817 et
1998 2761 2136 2816 alios
2170 2758 2288 2814 vult
2318 2758 2607 2820 delectari,
2632 2764 2687 2810 et
2724 2756 2848 2811 ideo
2882 2769 3008 2810 vera
3028 2754 3216 2809 dicere
3245 2762 3299 2808 et
3314 2754 3507 2807 audire

1922 2853 2147 2911 desinit.
2186 2853 2243 2905 Si
2272 2850 2399 2921 quis
2429 2849 2673 2920 linguam
2709 2863 2819 2902 non
2857 2846 3101 2908 cohibet,
3147 2845 3243 2902 sed
3270 2860 3334 2901 ea
3365 2844 3504 2899 dicit

1925 2952 2131 3000 temere
2152 2938 2356 3011 quibus
2386 2937 2670 2993 auditores
2734 2936 3100 2991 mordeantur
3132 2934 3212 2988 vel
3244 2933 3505 2988 mollian-

1923 3040 2035 3098 tur,
2067 3031 2264 3085 horum
2288 3027 2556 3082 animose
2585 3024 2749 3082 solito
2808 3024 2863 3079 in
2908 3023 3263 3079 immodicum
3302 3038 3507 3078 nmero-

1920 3142 2038 3185 rem
2071 3119 2524 3209 transmittitnvel
2549 3119 2604 3175 in
2631 3117 2808 3174 simile
2833 3116 3093 3189 gaudium
3123 3114 3363 3172 inducis.

2528 3402 2683 3460 CAP.
2714 3399 2935 3459 XXVII.

1995 3525 2162 3581 Vsus.
2197 3522 2249 3578 1.
2288 3518 2370 3575 Νε
2398 3517 2642 3591 glorieris
2685 3516 2741 3571 in
2791 3513 2948 3569 rebus
2981 3511 3275 3574 crastinis;
3335 3509 3502 3565 nescis

1922 3620 2062 3677 enim
2093 3615 2218 3689 quid
2258 3615 2429 3685 pariet
2454 3610 2821 3682 superveniens
2847 3607 2981 3661 dies.
3022 3604 3082 3659 In
3113 3617 3358 3674 praesens
3387 3600 3501 3656 noli

1923 3711 2140 3770 servire
2178 3706 2399 3763 diabolo
2436 3704 2531 3775 qui
2560 3701 2700 3757 fallit
2728 3698 2967 3763 animas,
3020 3694 3243 3752 deditus
3298 3693 3506 3764 passio-

1923 3805 2086 3861 nibus
2108 3800 2429 3871 voluptatis.
2457 3798 2516 3851 In
2538 3793 2845 3851 crastinum
2895 3804 3028 3847 vero
3047 3829 3062 3853 ,
3090 3796 3285 3843 contra
3331 3799 3505 3840 vanas

1924 3914 2051 3970 spes
2077 3896 2223 3967 jacta
2243 3893 2462 3963 tejuste
2482 3896 2876 3960 operaturum;
2914 3891 2970 3939 et
3002 3884 3079 3938 ita
3108 3880 3360 3952 pensatis
3375 3892 3500 3949 qua!

1922 3991 2199 4054 minuunt,
2223 4000 2346 4058 qua
2370 3987 2670 4054 exagerant
2705 3978 2986 4040 virtutem,
3022 3973 3402 4046 passionibus,
3423 3971 3503 4026 illi

1924 4081 2226 4141 remedium
2259 4076 2482 4138 lethale,
2515 4080 2571 4129 et
2591 4072 2717 4127 vitae
2744 4067 3016 4138 inspirata
3062 4062 3373 4119 eversivum
3405 4077 3505 4132 pa-

1923 4174 2092 4232 rabis.
2120 4172 2347 4242 Ignoras
2375 4168 2521 4223 enim
2553 4162 2684 4235 quid
2728 4159 2827 4216 tibi
2872 4158 3048 4230 pariet
3078 4156 3196 4211 dies
3250 4163 3501 4209 ventura.

1921 4267 2048 4324 ideo
2072 4262 2405 4322 credendum
2434 4264 2519 4315 est
2549 4256 2661 4312 Deo
2692 4252 2937 4310 dicenti:
2973 4269 2992 4302 ‹
3028 4246 3204 4303 Hodie
3237 4246 3282 4301 si
3310 4258 3501 4299 vocem

1920 4375 2098 4417 meam
2132 4352 2421 4412 audieritis
2457 4351 2501 4419 ⁷,
2544 4368 2562 4402 ι
2598 4363 2700 4403 nec
2748 4346 2804 4400 in
2859 4341 3166 4399 crastinum
3217 4337 3501 4391 remitten-

1921 4454 2071 4520 dum,
2113 4451 2274 4521 cujus
2296 4451 2541 4519 potestas
2573 4438 2716 4513 apud
2748 4453 2850 4493 nos
2875 4449 2984 4491 non
3006 4440 3110 4488 est.

1991 4715 2160 4771 Vsus.
2185 4712 2242 4766 2.
2266 4706 2472 4764 Laudet
2494 4714 2544 4760 te
2571 4703 2800 4765 vicinus,
2823 4710 2874 4756 et
2913 4716 3019 4754 non
3060 4713 3119 4752 os
3145 4706 3333 4759 tuum;
3359 4694 3498 4747 alie-

222 4818 344 4873 μα·
385 4804 726 4876 ἀλλότριος,
753 4810 852 4864 καὶ
902 4810 990 4880 μὴ
1018 4813 1092 4868 τὰ
1119 4813 1202 4869 σὰ
1250 4786 1450 4886 χέιλῇ.
1489 4817 1811 4872 Ἐπαινείτω

1924 4824 2044 4876 nus,
2074 4814 2247 4861 etnon
2280 4800 2431 4856 labia
2466 4806 2585 4853 tua.
2610 4792 2819 4850 Laudet
2851 4800 2905 4848 te
2947 4790 3119 4845 frater
3147 4788 3205 4843 in
3259 4786 3383 4849 ﬁde,
3445 4793 3499 4840 te

228 4912 295 4949 σε
342 4897 372 4952 6
413 4899 561 4953 κατά
612 4902 797 4957 πίστιν
849 4903 1197 4976 ᾠκειωμένος
1233 4924 1336 4975 σοι,
1364 4909 1809 4979 ἁγαθοεργοῦντα

225 4988 395 5060 δρῶν,
434 4991 529 5045 καὶ¹
556 4992 954 5066 εὐαρεστοῦντα
980 4997 1133 5070 Θεῷ·
1170 5000 1265 5055 καὶ
1294 5001 1370 5072 μὴ
1406 5001 1567 5066 αὐτὸς
1597 5002 1809 5068 ἑαυτὸν,

230 5081 374 5152 μέγα
406 5101 460 5137 τι
511 5086 760 5158 οἰόμενος
795 5090 927 5163 περὶ
974 5091 1202 5147 ἑαυτοῦο
1258 5093 1354 5147 καὶ
1406 5092 1739 5157 ὲκθειαζέτω
1786 5093 1817 5148 6

227 5174 560 5247 ὲτερόδοξος,
601 5179 817 5234 ἀκούων
852 5182 983 5255 περὶ
1023 5184 1122 5256 τῆς
1152 5184 1251 5257 σῆς
1291 5186 1521 5257 ἀρετῆς,
1562 5188 1657 5240 καὶ
1677 5185 1813 5241 ταύ-

225 5284 328 5339 την
368 5269 726 5342 αἰδούμενος·
775 5274 869 5328 καὶ
924 5274 1000 5347 μὴ
1056 5277 1264 5343 ἐκεῖνος
1306 5279 1407 5349 μὲν
1438 5278 1501 5332 τὸ
1545 5278 1642 5333 τοῦ
1671 5277 1811 5333 Θεοῦ

225 5358 401 5431 ὄνομα
430 5361 725 5436 βλασφημῇ
758 5364 847 5420 διά
890 5366 971 5434 σὲ,
1018 5366 1095 5432 ὡς
1134 5372 1237 5441 τῆς
1279 5370 1508 5441 ἀνομίας
1545 5370 1805 5442 ἐργάτην.

225 5449 387 5513 αὐτὸς
409 5451 589 5518 δὲτοῖς
612 5455 834 5520 οἰκείοις
851 5457 1228 5532 ἀποσεμνύνῃς
1253 5461 1460 5533 ῥήμασι
1484 5461 1710 5516 σεαυτόν
1728 5480 1741 5492 ·
1763 5464 1811 5517 εἰ

225 5540 336 5614 γὰρ
356 5543 704 5620 δικαιοσύνης
728 5549 912 5623 φέρεις
939 5552 1172 5624 καρπὸν,
1188 5554 1407 5620 δικαίως
1430 5554 1527 5627 ἔσῃ
1560 5554 1815 5620 ἀξιοθαύ-

229 5650 435 5705 μαστος
457 5637 594 5691 πᾶσι
620 5642 734 5705 τοῖς
759 5640 1012 5696 ὁπωσοῦν
1041 5642 1232 5697 τούτου
1253 5645 1762 5717 μεταλαμϐάνουσιν
1785 5664 1799 5681 ·

1919 4904 2116 4961 videns
2146 4899 2292 4955 bona
2312 4902 2585 4966 agentem,
2624 4896 2681 4944 et
2716 4886 2830 4942 Deo
2897 4884 3205 4957 placentem
3228 4896 3244 4947 ;
3267 4894 3377 4934 non
3436 4884 3497 4932 tu

1918 4997 2178 5068 teipsum,
2203 5004 2307 5046 nec
2330 4987 2399 5043 de
2427 4993 2482 5041 te
2505 4984 2615 5039 alta
2649 4979 2859 5052 sapias.
2926 4972 3245 5068 Magniﬁcat
3283 4979 3338 5026 te
3371 4969 3499 5024 inli-

1918 5066 2080 5157 delis,
2115 5097 2266 5145 tuam
2295 5083 2553 5138 virtutem
2580 5075 2831 5136 audiens,
2875 5079 2931 5127 et
2960 5066 3230 5124 reveritus
3257 5080 3281 5157 :7
3298 5075 3500 5118 nomen

1917 5184 2013 5239 Dei
2069 5186 2294 5252 propter
2334 5185 2385 5231 te
2415 5173 2608 5242 iniqua
2670 5175 2927 5238 agentem
2968 5176 3081 5257 non
3111 5156 3495 5257 blaspliemct;

1916 5248 2157 5347 propriis
2176 5248 2445 5324 laudibus
2477 5277 2545 5316 ne
2568 5257 2929 5315 inclarescas.
2999 5248 3214 5347 Etenim
3257 5253 3311 5301 te
3331 5248 3497 5347 iusti—

1916 5335 2038 5424 tia:-
2071 5358 2383 5420 mercedem
2436 5354 2769 5421 accipiente,
2845 5347 2914 5402 ab
2969 5342 3227 5399 omnibus
3256 5336 3352 5409 qui
3395 5335 3500 5389 ali-

1920 5475 2033 5535 quo
2081 5455 2245 5514 modo
2286 5449 2581 5523 participes
2632 5451 2817 5505 erunt,
2873 5433 3497 5535 laudaberis;.t_e‘ve.ro

1922 5520 2207 5609 iiidonato,
2261 5520 2462 5613 dignus
2524 5535 2708 5594 securi
2771 5540 2826 5589 et
2879 5531 3142 5603 gehennae
3196 5520 3494 5583 videberis,

1920 5647 2048 5701 licet
2072 5638 2218 5696 mille
2246 5633 2421 5690 titulis
2458 5638 2511 5686 te
2545 5626 2882 5684 obumbrare
2905 5620 3145 5678 coneris.

228 5726 278 5780 εί
302 5727 349 5781 δ’
375 5728 625 5801 ἄκαρπος
644 5726 715 5802 εί,
736 5732 887 5801 eam;
918 5734 1214 5811 λογισθήσῃ
1234 5708 1423 5809 datm
1447 5708 1506 5792 τε
1533 5740 1628 5793 καὶ
1658 5738 1847 5811 πυρὸς,
1868 5740 1971 5796 κᾶν
1999 5732 2215 5809 μυρίοις
2240 5726 2485 5789 ἐπαίνοις
2511 5719 2735 5777 σεαυτδν
2763 5714 3077 5782 συσκιάξειν
3115 5708 3419 5781 ἐπιχειρῇς·

310 5865 332 5897 ⁷
367 5864 513 5923 Psal.
551 5881 692 5936 χειν,
729 5870 780 5926 8.

3362 437 3495 502 1490
3583 439 3587 443 ’
