4054 6508
543 430 673 496 1491

1887 438 2240 501 PROCOPII
2279 440 2524 501 GAZXEI

3692 430 3826 494 μιῢῖ

617 549 786 606 Vens.
846 551 902 606 5.
961 549 1129 608 Graue
1187 562 1268 608 est
1326 568 1539 621 saxum,
1588 564 1639 610 et
1715 556 1803 609 via:
1858 558 2122 626 portabili.

2315 564 2384 627 γ’.
2421 555 2583 626 Rapit
2627 557 2857 622 λίθος·
2919 553 3019 609 καί
3074 549 3543 608 δυσϐάστακτον
3593 547 3821 618 ἄμμος·

435 641 439 643 “
541 661 728 710 arena,
762 643 853 698 sed
905 644 991 698 ira
1017 645 1171 701 stulti
1215 654 1439 717 utroque
1484 647 1720 717 gravior.
1789 647 1984 704 Gravis
2048 659 2133 705 cst

545 734 948 792 insensibilitas
985 736 1374 793 ratiocinantis
1413 738 1510 808 qui
1543 746 1697 794 caret
1721 727 2128 810 intelligentia;

540 827 631 883 vix
685 828 991 885 tolerabilis
1045 838 1134 885 est
1168 831 1422 900 voluptas
1481 846 1604 901 qua:
1629 830 1777 886 cedit
1807 830 2128 902 cupiditati,

537 928 658 987 eget
683 920 1070 991 temperantia,
1089 932 1143 976 et
1161 922 1497 991 mergiturin
1525 923 1663 977 mari
1707 923 1982 978 ruentium
1999 938 2130 994 pas-

539 1023 778 1064 stonum.
813 1009 1224 1068 Conscientiam
1256 1021 1490 1083 utraque
1516 1014 1777 1084 opprimit
1796 1016 2129 1080 etconterit,

538 1118 698 1172 :equo
722 1103 907 1158 animo
939 1103 1068 1160 ferri
1098 1121 1206 1159 non
1239 1114 1496 1174 possunt.
1531 1104 1783 1177 Utraque
1815 1115 2000 1163 tamen
2038 1111 2125 1164 in-

539 1194 889 1250 tolerabilior
920 1206 1007 1253 est
1038 1198 1124 1252 vis
1157 1198 1351 1254 insana
1375 1199 1478 1253 viri
1510 1199 1660 1265 irati,
1715 1200 1809 1269 qui
1834 1215 1992 1254 suam
2024 1201 2125 1256 ad-

536 1302 734 1343 versus
763 1287 966 1345 fratres
985 1288 1327 1354 violentiam,
1352 1290 1496 1347 sicut
1535 1307 1738 1363 equum
1767 1292 2121 1357 indomitum,

539 1377 697 1434 freno
726 1380 962 1436 rationis
1002 1396 1110 1436 non
1145 1383 1413 1454 reprimit.
1448 1382 1580 1439 ldeo
1605 1383 1786 1453 majus
1818 1384 2119 1439 remedium

538 1468 668 1524 huic
691 1471 824 1527 vitio
841 1471 1145 1542 parandum
1178 1481 1322 1541 erat,
1355 1473 1440 1530 lex
1495 1474 1785 1531 charitatis
1819 1475 1926 1530 lata
1956 1489 1986 1529 a
2014 1475 2123 1531 Do-

540 1576 717 1616 mmo.

2241 651 2388 723 ὀργὴ
2418 649 2488 704 δὲ
2518 647 2800 720 ἄφρονος,
2825 646 3137 717 ,βαρυτέρα
3153 643 3526 714 ἀμφοτέρων.
3551 640 3700 710 Βαρὺ
3734 642 3826 693 καὶ

2239 746 2274 815 ἡ
2303 741 2395 796 τοῦ
2419 741 2732 810 λογιστικοῦ
2759 741 2846 795 διὰ
2891 739 3212 810 φρονήσεως
3245 735 3507 807 στέρησιν
3537 733 3823 803 πώρωσιςο

2239 835 2333 890 καὶ
2359 834 2768 890 δυσϐάστακτον
2795 836 2830 905 ἡ
2853 833 2983 904 περὶ
3015 831 3077 885 τδ
3107 826 3507 900 ἐπιθυμητικὸν
3527 826 3597 879 δι’
3624 824 3821 878 ἔνδειαν

2239 926 2641 998 σωφροσύνης,
2687 928 2753 997 τῇ
2803 926 3036 998 ἑπιρροῇ
3094 924 3194 994 τῆς
3250 919 3361 975 τῶν
3410 918 3604 973 παθῶν
3648 916 3824 986 ἅλμης

2237 1018 2538 1090 κάθυγρον,
2595 1018 2794 1090 ἡδονή·
2834 1018 2897 1070 τὸ
2946 1015 3185 1080 συνειδὸς
3223 1011 3610 1083 ἐπιτρίϐουσαί
3634 1027 3695 1064 τε
3733 1009 3823 1063 καὶ

2236 1111 2704 1165 καταθλίόουσαιο
2779 1108 3076 1164 κάντεῦθεν
3135 1106 3360 1169 ἀλύπως
3425 1102 3697 1175 φέρεσθαι
3754 1103 3822 1172 μὴ

2233 1202 2547 1274 δυνάμεθαο
2579 1201 2694 1256 ἀλλ’
2724 1203 2758 1273 ἡ
2793 1201 2888 1255 τοῦ
2945 1199 3181 1271 θυμικοῦ
3223 1198 3514 1266 ἀλόγιστος
3550 1194 3820 1264 ἐνέργεια,

2230 1294 2522 1366 ἀνθρώπου
2581 1293 2678 1348 τοῦ
2718 1295 2792 1365 μὴ
2823 1293 3079 1364 ἐχέφρονι
3135 1288 3405 1361 λογισμῷ,
3450 1281 3543 1341 οἷά
3591 1303 3706 1339 τινι
3739 1284 3824 1336 λο-

2231 1385 2439 1457 γισμῷ,
2495 1387 2528 1457 ἢ
2588 1385 2817 1457 χαλινῷ,
2856 1386 2958 1451 τῆς
2995 1381 3326 1454 τυραννικῆς
3355 1378 3502 1432 κατά
3543 1375 3658 1430 τῶν
3697 1375 3825 1444 ὀμο-

2233 1478 2383 1547 φυῶν
2409 1478 2587 1549 ὁρμῆς
2620 1475 2779 1531 τοῦτο
2810 1476 2886 1540 ώς
2914 1473 3196 1545 ἀγέρωχον
3225 1489 3348 1526 τινα
3379 1471 3552 1525 ἵππον
3599 1469 3824 1538 ἀναχαι-

2230 1570 2493 1639 τίζοντος,
2554 1568 2935 1642 ὲπαχθεστέρα
3003 1569 3098 1623 καὶ
3160 1564 3494 1638 ἀμφοτέρων
3543 1561 3698 1615 ἐστί’
3750 1559 3826 1614 διὸ

539 1654 638 1708 καὶ
695 1657 881 1726 μεῖξον
933 1658 995 1714 τὸ
1047 1658 1292 1714 τοιούτου
1351 1659 1573 1733 φορτίου
1655 1661 2126 1719 ἀποσκευαστικδν
2166 1665 2481 1738 φάρμακον,
2537 1668 2570 1738 ἡ
2631 1664 2824 1737 ἐντολὴ
2874 1664 2974 1735 τῆς
3031 1662 3252 1733 ἀγάπης
3324 1659 3431 1713 ὑπὸ
3471 1656 3568 1710 τοῦ
3621 1653 3826 1728 Κυρίου

540 1749 723 1804 ἐδόθη.

613 1767 723 1821 non.

613 1840 786 1898 Vens.
823 1843 878 1897 4.
938 1842 1326 1900 lmmisericors
1384 1856 1463 1902 est
1517 1846 1843 1918 indignatio,
1883 1857 1932 1903 et
1979 1850 2119 1904 acris

2299 1849 2362 1902 δ’.
2413 1844 2792 1914 Ἀνελεήμων
2839 1843 3047 1913 θυμὸς,
3104 1839 3204 1896 καί
3239 1838 3408 1905 ὀξεῖα
3440 1836 3589 1906 ὀργή
3625 1852 3640 1866 ·
3690 1836 3825 1890 ἀλλ’

542 1930 650 1999 ira,
686 1932 776 1986 sed
799 1933 933 1987 nihil
959 1937 1182 1990 sustinet
1209 1937 1375 1992 zelus.
1428 1938 1723 1994 Hominum
1758 1957 1865 1996 non
1897 1941 2122 1998 misere-

2231 1941 2374 1997 οὐδὲ
2398 1942 2723 2010 ὑφίσταται
2753 1938 2950 2007 ζῆλος.
2989 1935 3260 2007 Ὑπάρχει
3306 1929 3649 2003 ἀσυμπαθὴς
3692 1929 3826 2000 πρὸς

543 2031 637 2079 tur
660 2025 985 2096 indignatio,
1016 2027 1096 2082 ira
1129 2030 1314 2097 parvis
1348 2031 1417 2085 de
1443 2032 1632 2087 causis
1672 2047 1871 2103 magna
1933 2034 2014 2089 eis
2039 2034 2122 2089 in-

2230 2032 2552 2104 ἀνθρώπους
2599 2029 2774 2100 θυμὸς
2821 2028 2917 2081 καὶ
2961 2026 3101 2097 ὀργὴ
3147 2023 3425 2095 φερομένη
3460 2020 3672 2090 σφοδρὰ
3706 2019 3823 2072 κατ’

543 2114 686 2181 fert;
719 2117 872 2172 zelus
899 2125 1082 2172 autem
1126 2120 1352 2177 minime
1383 2121 1531 2177 sistit
1559 2137 1683 2177 cum
1721 2124 1824 2188 eis,
1861 2140 1983 2194 qua:
2009 2141 2122 2180 mo-

2229 2125 2410 2181 αὐτῶν
2435 2125 2501 2177 ὲκ
2522 2122 2726 2194 μικρᾶς
2748 2119 3008 2192 ἀφορμῆς
3026 2136 3040 2150 ·
3070 2117 3183 2170 ἀλλ’
3239 2114 3492 2184 οὐδαμῶς
3525 2114 3592 2166 ὲκ
3618 2111 3824 2164 τούτων

542 2215 742 2262 ventur
763 2209 974 2280 absque
1006 2225 1174 2266 causa
1209 2213 1471 2283 legitima.
1500 2214 1713 2270 Etenim
1744 2216 2122 2286 indignatione

2232 2216 2554 2270 συνίσταται
2603 2213 2784 2283 ζῆλος,
2819 2211 2895 2274 ώς
2922 2211 2998 2280 μὴ
3029 2209 3170 2264 κατά
3209 2225 3334 2261 τινα
3362 2206 3549 2260 αἰτίαν
3596 2205 3820 2272 εῡλογον

543 2308 598 2353 et
629 2299 732 2364 ira,
763 2316 888 2369 qua:
927 2302 1196 2358 rationem
1222 2307 1588 2374 praeveniunt,
1639 2309 1915 2378 quomodo
1972 2309 2122 2380 pejor

2230 2305 2572 2377 κινουμένων
2595 2319 2609 2333 ⁸
2639 2303 2812 2374 θυμοῦ
2850 2303 2956 2373 γὰρ
2977 2301 3166 2373 ὀργῆς,
3189 2300 3237 2353 εί
3281 2298 3356 2369 μὴ
3379 2298 3540 2366 λόγος
3568 2296 3818 2368 προκαθ-

546 2404 657 2444 non
694 2399 780 2445 est
807 2392 982 2458 zelus,
1007 2394 1100 2463 qui
1138 2411 1258 2452 eam
1289 2400 1560 2467 sequitur.

617 2479 781 2536 Vens.
840 2482 895 2538 5.
968 2483 1160 2539 Melior
1210 2496 1288 2541 est
1316 2490 1601 2558 manifesta
1626 2492 1910 2559 correptio,
1963 2508 2124 2561 quant

545 2589 700 2624 amor
727 2573 1094 2630 absconditus.
1123 2578 1380 2635 Meliores
1402 2591 1532 2636 sunt
1563 2599 1850 2637 sermones
1873 2585 1964 2652 qui
1996 2599 2124 2639 vera

543 2663 716 2719 libere
769 2669 1121 2737 prolitentur,
1173 2673 1590 2745 amicorumque
1642 2685 1892 2746 peccata,
1936 2688 1995 2731 ιιι
2037 2691 2129 2732 sa-

544 2766 772 2826 nentur,
799 2761 1181 2831 manifestant,
1210 2767 1338 2822 licet
1387 2769 1685 2838 aliquando
1719 2772 1980 2839 nequitite
2041 2772 2125 2826 vi-

545 2865 667 2904 rum
729 2851 988 2910 radentes
1039 2868 1305 2930 pangant,
1374 2871 1522 2916 muta
1572 2865 1839 2930 amicitia,
1891 2881 2014 2934 qua:
2058 2880 2127 2918 ne

543 2941 786 2999 ollendat
829 2948 1177 3018 corripiendo
1221 2954 1484 3022 cperibus
1547 2972 1655 3010 non
1692 2972 1750 3010 se
1798 2957 2001 3026 prodit.
2054 2957 2122 3012 Hi

542 3048 832 3092 sermones
860 3039 1116 3095 nebulam
1142 3044 1469 3115 ignorantia:
1502 3048 1797 3117 dissipant,
1829 3049 2125 3120 lumenque

542 3126 923 3193 conscientiae,
957 3139 1087 3188 ante
1115 3135 1309 3192 oculos
1334 3139 1534 3207 positis
1586 3140 1976 3210 spiritualibus
2005 3140 2122 3194 vul-

543 3217 770 3280 naribus
830 3222 1162 3290 accendunt,
1228 3235 1290 3280 ut
1315 3237 1629 3300 opportuna
1676 3232 1912 3286 remedia
1959 3231 2121 3285 adhi—

543 3307 798 3372 beantur.
835 3310 942 3368 ista
978 3329 1111 3369 vero
1145 3317 1402 3386 praedicta
1433 3321 1674 3376 amicitia
1709 3322 1778 3377 de
1803 3322 2120 3378 errantibus

542 3397 676 3455 nihil
718 3412 898 3471 curat,
925 3405 1244 3477 nullamque
1269 3408 1426 3465 all'ert
1455 3411 1536 3467 eis
1570 3412 1884 3467 utilitatem.

2227 2404 2465 2473 ηγεῖται,
2493 2398 2608 2462 πῶς
2641 2397 2708 2451 ἂν
2733 2395 3002 2464 ὑποσταίη
3031 2397 3059 2448 ὁ
3080 2393 3203 2446 κατ’
3230 2392 3528 2460 ἐπίγνωσιν
3559 2391 3723 2461 ζῆλος
3747 2407 3761 2455 ς

2301 2497 2362 2543 ε’.
2391 2491 2731 2558 Κρείσσους
2782 2485 3023 2555 ἔλεγχοι
3069 2482 3645 2550 ἀποκαλυπτόμενοι
3681 2497 3820 2547 κρυ-

2231 2582 2535 2652 πτομένης
2581 2581 2809 2649 φιλίας.
2846 2575 3172 2648 Κρείττονές
3211 2575 3348 2626 εἰσιν
3386 2573 3529 2642 ὑπὲρ
3561 2572 3818 2642 ἀληθείας

2230 2672 2743 2744 παρρησιαζόμενοι
2769 2669 2939 2737 λόγοι,
2997 2667 3094 2720 καὶ
3139 2668 3252 2728 τοῖς
3299 2664 3656 2734 φιλουμένοις
3718 2680 3817 2730 φα·

2230 2762 2684 2834 νεροποιοῦντες,
2770 2759 3112 2830 διορθώσεως
3176 2758 3382 2828 χάριν,
3482 2754 3556 2808 τὰ
3639 2753 3816 2808 αὐτῶν

2229 2854 2623 2925 ἐλαττώματα·
2678 2852 2784 2906 κᾶν
2851 2854 2909 2904 ὲν
2957 2850 3035 2921 τῷ
3093 2849 3349 2914 ἀποξέειν
3405 2847 3498 2902 τὸν
3571 2847 3674 2917 τῆς
3723 2863 3818 2898 κα-

2229 2947 2354 3012 κίας
2387 2945 2560 3018 ἰχῶρα
2607 2943 3013 3015 δριμύττωσιν,
3055 2941 3196 3010 ὑπὲρ
3243 2939 3342 3010 τὴν
3382 2937 3817 3008 συστελλομένην

2227 3038 2472 3109 ἀγάπην,
2530 3037 2620 3092 διὰ
2675 3037 2738 3089 τὸ
2788 3033 3031 3106 ἐπαχθὲς
3079 3032 3188 3086 τῶν
3220 3031 3481 3102 ἐλέγχων,
3523 3029 3622 3084 καὶ
3655 3029 3729 3101 μὴ
3760 3028 3817 3095 ἐξ

2227 3132 2407 3205 ἔργων
2432 3130 2701 3185 διαδεικνυ
2711 3126 2878 3198 μένην
2900 3141 2914 3156 ’
2943 3126 3024 3179 ὅτι
3043 3126 3239 3178 ἐκεῖνοι
3270 3122 3371 3194 μὲν
3400 3121 3499 3192 τὴν
3523 3121 3695 3191 ἀχλὺν
3719 3118 3812 3189 τῆς

2227 3224 2456 3292 ἀγνοίας
2485 3221 2592 3275 τῶν
2620 3221 2715 3274 ὑπ’
2743 3218 2927 3274 αὐτῶν
2957 3211 3808 3286 ὲλεγχομένωνβιασκεδάζουσιε

2226 3311 2323 3366 καὶ
2356 3311 2472 3382 φῶς
2504 3310 2763 3381 γνώσεως
2815 3309 3001 3372 αὐτοῖς
3031 3304 3418 3361 ἀνατέλλουσιν
3451 3301 3545 3356 ὑπ’
3578 3301 3704 3370 δψιν
3729 3301 3816 3356 αύ-

2146 3390 2190 3449 c
2222 3407 2332 3460 τῶν
2359 3405 2585 3474 ἄγοντες
2616 3403 2685 3457 τὰ
2707 3402 2911 3457 τούτων
2935 3391 3142 3470 ψὐχικά
3172 3397 3489 3469 τραύματα,
3517 3396 3595 3459 ὡς
3622 3395 3692 3449 ἂν
3716 3394 3814 3465 τῆς

540 3493 930 3566 προσηκούσης
979 3497 1276 3561 τεύξωνται
1332 3500 1631 3574 θεραπείας
1655 3547 1671 3568 ,
1709 3504 1847 3576 αὔτη
1894 3504 1949 3570 δὲ
1988 3499 2429 3572 ὑποστελλομένη
2465 3495 2903 3569 ἀνεπιμελὴτους
2933 3495 3058 3558 τοὺς
3099 3490 3487 3562 ἀπαγομένους
3561 3491 3648 3561 ὲᾷ,
3719 3504 3814 3560 pq-

538 3586 740 3659 δημίαν
766 3588 1055 3659 ἐπάγουσα
1080 3592 1291 3660 τούτοις
1316 3595 1608 3667 ὠφέλειαν.

616 3675 780 3738 Vitis.
813 3681 866 3736 6.
900 3681 1159 3754 Majorent
1190 3687 1347 3755 ﬁdem
1382 3701 1652 3745 merentur
1694 3693 1915 3750 vulnera
1939 3693 2126 3758 amici,

539 3789 702 3844 quam
726 3785 1021 3844 spontanee
1051 3780 1238 3834 oscula
1290 3782 1517 3838 inimici.
1567 3782 1660 3839 Dei
1690 3786 1784 3855 qui
1819 3801 1919 3841 nos
1948 3792 2123 3850 amat,

540 3879 642 3921 nec
671 3867 791 3920 vult
814 3878 1045 3922 mortem
1082 3873 1420 3943 peccatoris,
1452 3875 1548 3930 sed
1602 3878 1779 3946 magis
1811 3885 1870 3932 ut
1902 3891 2127 3932 conver-

538 3967 691 4015 tatur
719 3971 774 4016 et
792 3963 940 4022 vivat
965 3963 1010 4027 '-,
1048 3964 1282 4020 consilia
1312 3965 1474 4037 longe
1530 3967 1751 4023 utiliora
1782 3968 1944 4024 nobis
1972 3966 2124 4038 indi-.-

538 4049 715 4111 canda
769 4053 924 4117 sunt,
981 4055 1235 4123 quamvis
1287 4055 1490 4114 invitos
1546 4058 1616 4115 ad
1674 4059 2124 4120 emendationem

541 4143 843 4212 adducant,
874 4159 1044 4215 quam
1086 4145 1346 4216 jucunda:
1406 4150 1746 4207 tentationes
1795 4151 1999 4223 quibus
2051 4149 2122 4210 ad

537 4235 876 4304 voluptatem
900 4245 955 4292 et
988 4237 1276 4307 passiones
1311 4239 1554 4296 libenter
1608 4241 1908 4309 trahimur,
1941 4257 1973 4297 a
2003 4243 2124 4299 dia-

540 4323 671 4386 bolo
697 4332 899 4388 nostrae
926 4326 1202 4397 pernicies
1240 4328 1461 4399 cupido.
1521 4328 1585 4398 lli
1616 4333 1763 4389 enim
1797 4348 1829 4388 a
1859 4332 1969 4389 Deo
1980 4332 2123 4405 jussi

540 4412 760 4475 labores
793 4429 894 4469 nos
926 4414 1130 4473 invitos
1155 4415 1339 4486 justos
1390 4418 1636 4475 alliciunt
1666 4423 1940 4493 nobisque
1995 4432 2125 4480 sunt

539 4519 711 4560 causa
742 4506 960 4573 salutis,
993 4515 1216 4565 aeterna:
1245 4517 1429 4568 autem
1483 4513 1880 4583 damnationis,
1910 4517 2003 4586 qui
2054 4533 2122 4572 ex

538 4593 764 4651 diabolo
800 4597 865 4650 ad
894 4598 1182 4655 interitum
1217 4616 1319 4658 nos
1343 4602 1577 4662 libentes
1610 4606 1916 4662 abducunt.
1951 4605 2121 4662 Volu-

538 4688 782 4757 ptatibus
805 4705 937 4760 ergo
964 4690 1336 4762 dominemur,
1377 4695 1592 4754 doloris
1623 4701 1798 4760 simus
1821 4701 2116 4771 patientes,

539 4789 804 4848 quantum
833 4797 1150 4852 possumus,
1175 4785 1365 4857 sicque
1389 4804 1778 4862 quamcunque
1796 4793 2120 4863 passionum

2300 3693 2377 3754 ς’.
2426 3679 2905 3753 Ἀξιοπιστότερὰ
2954 3679 3087 3736 ἐστι
3143 3678 3450 3748 τραύματα
3496 3677 3718 3746 φίλου,
3773 3674 3811 3744 ἢ

2227 3780 2479 3837 ἑκούσια
2535 3775 2844 3848 φιλήματα
2888 3771 3128 3843 ἐχθροῦ,
3167 3771 3276 3832 Τοῦ
3309 3768 3638 3839 ἀγαπῶντος
3666 3769 3812 3838 ἡμᾶς

2226 3873 2383 3940 Θεοῦ,
2416 3872 2509 3936 καὶ
2541 3871 2617 3942 μὴ
2643 3870 2888 3933 θέλοντος
2922 3869 3018 3922 τὸν
3067 3867 3300 3928 θάνατον
3331 3864 3424 3925 τοῦ
3459 3861 3812 3935 ἁμαρτωλοῦ,

2226 3967 2303 4031 ὡς
2325 3966 2387 4020 τὸ
2413 3963 2741 4035 ἐπιστρέψαι
2764 3963 2859 4018 καὶ
2909 3964 3008 4034 ζῇν
3046 3958 3234 4024 αὐτὸν,
3271 3960 3327 4021 αἱ
3360 3957 3610 4020 παιδεῖαι
3649 3956 3814 4019 πλέον

2225 4059 2577 4131 ἀσυγκρίτως
2645 4058 2782 4112 εἰσὶν
2851 4055 3002 4124 ἄξιαι
3074 4051 3433 4118 πιστεύεσθαι
3507 4050 3814 4122 συμφέρειν

2223 4153 2381 4224 ἡμῖν,
2443 4149 2548 4206 κάν
2599 4148 2868 4213 ἀκουσίως
2905 4146 3042 4219 πρὸς
3075 4145 3342 4216 κάθαρσιν
3376 4141 3536 4214 ἡμῶν
3579 4144 3814 4212 ὲπισυμυ

2225 4243 2506 4309 ϐαίνωσιν,
2533 4240 2675 4312 ὑπὲρ
2698 4239 2798 4304 τὰς
2851 4237 3186 4308 φιλουμένας
3220 4235 3354 4307 ἡμῖν
3403 4233 3514 4286 τῶν
3543 4232 3670 4286 καθ’
3695 4231 3814 4303 ἡδο-

2223 4335 2322 4406 νὴν
2372 4333 2635 4390 ἑκουσίων
2696 4329 2889 4386 παθῶν
2948 4329 3229 4400 ὑποθήκας
3278 4326 3371 4388 τοῦ
3400 4324 3500 4397 τὴν
3532 4325 3812 4397 ἡμετέραν

2222 4426 2501 4482 ἀπώλειαν
2534 4423 2784 4488 θέλοντος
2837 4420 3123 4492 δαίμονος·
3158 4419 3254 4473 καὶ
3292 4415 3401 4488 γὰρ
3442 4416 3493 4478 οἱ
3531 4415 3635 4488 μὲν
3667 4415 3810 4474 κατά

2224 4518 2578 4588 συγχώρησιν
2616 4513 2776 4580 θεοῦ,
2803 4513 2942 4585 πρὸς
2991 4511 3268 4583 ἡμετέραν
3321 4509 3610 4581 διόρθωσιν
3639 4507 3808 4564 ἀκού-

2225 4629 2330 4666 σιοι
2362 4609 2685 4680 πειρασμοὶ,
2715 4607 2994 4677 σωτηρίας
3040 4606 3172 4675 ἡμῖν
3212 4603 3318 4655 είσι
3356 4600 3646 4670 πρόξενοι·
3679 4602 3727 4653 οἱ
3753 4601 3807 4655 6‘s

2223 4701 2377 4774 παρά
2403 4700 2498 4755 τοῦ
2523 4697 2770 4770 Πονηροῦ
2790 4736 2804 4759 ,
2838 4696 2975 4767 πρὸς
3006 4694 3280 4765 ἡμετέραν
3324 4691 3606 4745 ἀπώλειαν
3649 4691 3806 4744 ὲκούο

2222 4812 2349 4856 σιοι,
2385 4793 2604 4847 αἰωνίου
2659 4790 2934 4852 κολάσεως
2962 4805 2976 4819 ·
3019 4782 3519 4858 ὲγκρατευσώμεθα
3542 4782 3678 4851 γοῦν
3709 4781 3808 4853 τῆς

541 4873 920 4940 mutationem,
951 4875 1335 4949 daemonisque
1385 4883 1655 4946 malitiam
1688 4885 2040 4956 repellemus,
2065 4894 2120 4952 et

2226 4886 2439 4962 ἡδονῆς,
2471 4886 2565 4939 καὶ
2603 4882 2986 4954 ὑπομείνωμεν
3012 4881 3109 4952 τὴν
3152 4877 3369 4948 ὀδύνην,
3403 4876 3502 4947 ὅση
3531 4874 3765 4945 δύναμις
3788 4888 3804 4903 ⁸

540 4964 710 5018 vitam
729 4975 989 5028 mtcrnam
1023 4969 1375 5034 habebimus.

611 5231 772 5287 Vens.
799 5234 852 5291 7.
876 5235 1071 5290 Anima
1102 5255 1218 5308 qua:
1247 5241 1300 5294 in
1324 5244 1616 5300 saturitate
1647 5255 1725 5302 est
1753 5247 1890 5318 fauis
1915 5250 2117 5320 illudit,

537 5323 729 5384 anima:
761 5336 936 5382 autent
961 5331 1215 5384 esurienti
1245 5332 1406 5386 etiam
1429 5351 1620 5392 amara
1645 5336 1827 5393 dulcia
1853 5340 2117 5402 videntur.

538 5414 1010 5480 Quemadmodum
1039 5420 1236 5491 plenus
1259 5423 1533 5491 ciborum,
1561 5435 1694 5484 ante
1729 5430 2116 5494 dulcissimum

459 5523 462 5525 ·
535 5504 698 5563 etiam
741 5509 846 5568 mel
894 5508 949 5564 in
989 5511 1134 5576 favo,
1175 5521 1429 5582 nauseat,
1469 5515 1634 5587 idque
1676 5520 1831 5588 parvi
1882 5519 2030 5582 facit,
2063 5530 2118 5575 et

537 5598 695 5666 panis
739 5603 923 5670 egenti
955 5601 1059 5673 ipsi
1090 5604 1200 5660 cibi
1241 5607 1412 5664 amari
1438 5607 1674 5677 jucundi
1711 5610 2002 5676 videntur,
2035 5612 2116 5668 sic

536 5689 715 5744 anima
747 5708 869 5762 ιμιιιδ
911 5695 1070 5752 bonis
1111 5699 1505 5769 temporalibus
1542 5701 1747 5779 repleta
1786 5709 1891 5772 est,
1928 5703 2110 5762 divina

608 5869 628 5899 ⁸
661 5869 856 5927 Ειεριι.
889 5891 1041 5943 xvm,
1074 5877 1161 5930 52.

2150 4961 2198 5024 Ι)
2225 4975 2375 5038 ὅπως
2404 4971 2810 5040 ἀπαλλαγῶμεν
2835 4971 3013 5040 πάσης
3043 4967 3246 5022 παθῶν,
3288 4964 3553 5028 ἐπινοίας,
3576 4966 3673 5017 καὶ
3708 4981 3806 5016 κα-

2227 5064 2491 5138 κουργίας
2554 5061 2966 5134 δᾳιμονιώδους,
3025 5060 3121 5112 καὶ⁹
3174 5057 3277 5128 τῆς
3324 5053 3633 5126 άνωλέθρου
3662 5053 3804 5125 ζωῆς

2226 5155 2594 5234 ὲπιτύχωμεν.

2291 5250 2358 5314 ζ’.
2395 5245 2570 5316 Ψυχὴ
2593 5246 2663 5300 ἐν
2687 5242 3015 5314 πλησμονῇ
3036 5238 3216 5310 οὖσα,
3243 5243 3478 5313 κηρίοις
3496 5237 3762 5310 ἐμπαίζει
3786 5253 3802 5268 -

2220 5339 2394 5411 t'tvxn'
2419 5339 2487 5401 δὲ
2522 5339 2593 5393 ἐν
2628 5338 2858 5406 ἐνδείᾳ,
2889 5336 2985 5396 καί
3012 5335 3086 5392 τὰ
3120 5335 3303 5404 πικρὰ
3336 5334 3567 5405 γλυκέα
3593 5332 3802 5401 φαίνε-

2221 5451 2335 5487 ται.
2370 5432 2583 5504 ’Ὠσπερ
2617 5433 2647 5485 ὁ
2694 5430 3000 5501 βρωμάτων
3045 5427 3327 5498 πλησθεὶς,
3367 5428 3461 5480 καὶ
3499 5425 3644 5496 πρὺς
3671 5423 3802 5479 asta

2223 5523 2284 5578 τὸ
2313 5522 2574 5594 ἡδύτατον
2632 5522 2775 5593 μετά
2833 5520 3030 5593 κηρίου
3077 5520 3199 5591 μέλι
3238 5517 3573 5591 ἀνορεκτῶν,
3604 5517 3798 5570 τούτου

2224 5619 2592 5686 καταφρονετο
2641 5615 2720 5682 τῷ
2774 5615 2832 5669 δὲ
2877 5615 3050 5669 ὲνδεεξ
3097 5613 3193 5668 τοῦ
3241 5613 3432 5686 ἄρτου,
3465 5610 3560 5665 καὶ
3585 5611 3655 5663 τὰ
3690 5609 3795 5664 τῶν

2227 5709 2536 5790 βρωμάτων
2567 5710 2724 5783 ἀηδῆ,
2779 5709 2907 5790 ῆδέα
2945 5709 3122 5764 δοκεῖ’
3159 5707 3301 5762 οὓτω
3353 5705 3446 5760 καὶ
3497 5707 3531 5780 ἡ
3579 5708 3644 5780 τῇ
3689 5721 3793 5768 των
