4054 6534
299 352 440 454 1493

1298 388 1833 453 COMMENTARII
1867 386 1945 448 IN
1994 389 2443 456 PROVERBIA.

3437 388 3571 455 usu
3654 470 3658 474 θ

292 501 650 574 προσκαίρων
723 501 1027 557 ἀπολαύσει
1111 503 1472 577 πεπλησμένη
1543 506 1728 577 ψυχὴ,
1805 503 1874 557 τά

1986 515 2259 578 praecepta
2311 509 2590 580 spirituali
2624 509 2835 582 gutturi
2870 509 3116 565 dulciora
3158 524 3327 579 super
3375 512 3477 563 mel
3516 523 3573 565 et

292 595 440 651 γατά
508 595 712 666 γνῶσιν
765 597 905 670 ὑπὲρ
968 596 1090 669 μέλι
1162 598 1258 652 καὶ
1315 599 1510 671 κηρίον
1550 599 1759 668 γλυκέα
1800 596 1877 668 τῷ

292 687 660 760 πνευματικῷ
694 687 930 761 λάρυγγι
969 690 1089 742 θεῖα
1114 688 1271 758 λόγια
1324 690 1727 760 ἀποστρέφεται
1750 704 1766 719 ’
1808 691 1876 761 τῇ

291 778 339 832 δ’
378 780 668 852 ἐγκρατῶς
717 780 847 851 περὶ
901 779 971 834 τὰ
1024 779 1375 852 προσκαίρως
1405 780 1536 852 ἡδέα
1560 781 1880 852 διακειμένη

290 872 464 944 ψυχῇ,
522 872 618 927 καὶ
637 870 700 926 τὸ
754 873 854 942 τῆς
897 874 1097 945 ἀρετῆς
1145 873 1408 928 ἐπίπονον
1455 874 1551 928 καὶ
1592 873 1755 945 ἀηδὲς
1809 875 1876 944 τῇ

297 965 485 1035 σαρκὶ,
524 964 669 1019 κατὰ
703 952 923 1037 πνεῦμα
952 966 1147 1037 ὁρᾶται
1173 966 1473 1036 ἡδύτατονο
1506 966 1590 1020 διδ
1634 967 1730 1021 καὶ
1754 983 1880 1036 γεν-

294 1058 461 1121 ναίως
507 1056 684 1129 τούτῳ
718 1059 1075 1131 ἐγκαρτερεῖ,
1122 1060 1435 1131 ἀκορέστως
1500 1058 1701 1131 ἔχουσα
1742 1060 1879 1132 πρὸς

295 1148 498 1216 γνῶσιν
519 1149 615 1202 καὶ
645 1151 869 1220 ἀρετήν.

364 1245 435 1309 η’.
470 1240 878 1313 Ὥσπερεὸταν
927 1239 1142 1309 ὄρνεον
1192 1241 1617 1311 καταπετασθῆ
1661 1242 1730 1296 ἐκ
1766 1241 1878 1311 τῆς

298 1329 453 1396 ἰδίας
490 1330 768 1399 νοσσιᾶς,
800 1331 982 1399 οὕτως
1022 1332 1329 1400 ἅνθρωπος
1372 1333 1695 1389 δουλοῦται
1734 1335 1880 1389 ὅταν

294 1423 651 1494 ἁποξενωθῆ
687 1425 755 1478 ἐκ
780 1423 897 1479 τῶν
932 1425 1098 1479 ἰδίων
1119 1427 1338 1482 τόπων.
1374 1426 1642 1498 Καθάπερ
1658 1445 1707 1480 τι
1740 1446 1878 1497 πτη-

294 1515 388 1569 νὸν
419 1517 528 1585 πρὸ
552 1516 645 1570 τοῦ
687 1518 1069 1590 πτεροφυῆσαι
1096 1518 1304 1584 τέλεον,
1340 1517 1686 1591 πειρώμενον
1720 1519 1877 1573 ἵπτα-

298 1608 445 1671 σθαι,
482 1608 740 1664 ἐκπίπτει
766 1628 824 1663 τε
848 1608 948 1680 τῆς
966 1610 1163 1663 ἐαυτοῦ
1197 1610 1420 1678 καλιᾶς,
1446 1598 1539 1664 καί
1560 1614 1671 1674 τοῖς
1696 1629 1877 1683 παρα-

294 1698 553 1771 τυχοῦσιν
610 1701 891 1756 ἁλίσκεται
915 1717 929 1733 ⁶
962 1702 1105 1756 οὕτω
1149 1703 1243 1757 καὶ
1273 1706 1301 1757 ὁ
1336 1705 1451 1763 ἄνω
1484 1704 1620 1774 πρὸς
1645 1704 1777 1758 Θεδν
1802 1704 1876 1766 ὡς

294 1791 606 1862 ἀρχέτυπον
648 1794 781 1865 όρᾷν
837 1811 897 1846 τε
953 1794 1050 1847 καὶ
1080 1792 1276 1848 τούτου
1316 1793 1446 1866 ἐρᾷν
1492 1794 1566 1857 ὡς
1604 1793 1876 1865 ἀλαθήτου

295 1882 541 1949 γνωστοῦ
563 1886 657 1938 καὶ
711 1885 940 1956 ἐσχάτου
987 1884 1234 1956 όρεκτοῦ,
1281 1884 1542 1949 πλασθεὶς
1593 1886 1880 1957 ἄνθρωπος

292 1978 497 2032 ὁπόταν
523 1980 629 2032 τῶν
655 1979 870 2033 οἰκείων
901 1980 1044 2034 κατά
1094 1980 1219 2033 νοῦν
1265 1980 1361 2035 καὶ
1400 1979 1558 2048 λόγον
1587 1979 1754 2044 ἕξεων
1778 1983 1881 2052 τῆς

294 2068 552 2136 γνώσεως
584 2069 797 2139 καὶτῆς
842 2071 1046 2141 ἀρετῆς
1097 2068 1239 2123 ἑκὼν
1294 2068 1733 2143 ἀπαλλοτριωθῇ,
1765 2074 1879 2136 τοῖς

293 2160 636 2230 ἁτιμοποιοῖς
666 2159 990 2213 δεδούλωται
1021 2159 1273 2213 πάθεσιν.

368 2251 434 2306 θ’.
461 2253 685 2321 Μύροις
711 2252 807 2306 καὶ
851 2252 1041 2319 alr-mc
1076 2252 1176 2307 καὶ
1219 2252 1547 2323 θυμιάμασι
1604 2251 1878 2321 τέρπεται

293 2345 538 2413 καρδίαο
594 2345 1075 2415 καταρρήγνυται
1128 2346 1197 2399 δὲ
1250 2346 1369 2402 ὑπὸ
1424 2346 1881 2416 συμπτωμάτων

294 2436 492 2506 ψυχή.
522 2437 767 2508 Δόγμασί
795 2454 854 2489 τε
882 2436 1168 2501 εὐσεϐείας
1190 2437 1456 2508 χριομένη
1490 2437 1878 2508 πνευματικῶς

293 2530 331 2599 ἡ
355 2529 524 2601 ψυχὴ,
551 2532 649 2584 καὶ
674 2532 795 2595 ταῖς
848 2520 1025 2594 θὲίαις
1079 2530 1344 2596 ἐντολαῖς,
1390 2528 1499 2583 τῶν
1534 2528 1779 2599 φυσικῶν
1796 2528 1883 2594 ἐξ-

295 2621 566 2692 ισταμένη
592 2621 848 2693 ὀρέξεων,
875 2623 969 2677 καὶ
992 2623 1102 2686 τοῖς
1124 2620 1219 2675 τοῦ
1250 2607 1518 2690 παναγίου
1561 2619 1880 2690 Πνεύματος

293 2713 700 2786 εύωδιαζομένη
727 2715 1088 2787 χαρίσμασιν,
1137 2712 1481 2785 εὐφροσύνης
1544 2712 1879 2784 πληροῦνται

296 2807 1032 2878 πνευματικῆς-’διασπᾶται
1079 2806 1136 2861 δέ
1165 2812 1389 2872 τούτων,
1454 2802 1591 2875 ὁμοῦ
1643 2804 1880 2859 καταπί-

295 2900 511 2954 πτουσά
535 2918 593 2954 τε
618 2902 698 2966 εἰς
733 2899 832 2971 τὴν
855 2900 965 2954 τῶν
997 2899 1284 2971 δογμάτων
1329 2897 1611 2963 ἀπιστίαν,
1628 2898 1725 2952 καὶ
1782 2896 1880 2969 τὴν

291 2992 406 3046 τῶν
463 2992 693 3047 ἐντολῶν
723 2993 1034 3066 παρακοὴν,
1068 2986 1420 3064 πληρουμένη
1455 2991 1577 3061 τῆς
1612 2988 1880 3053 δυσωδίας

292 3086 406 3141 τῶν
455 3086 783 3158 ἀκαθάρτων
827 3085 1037 3141 παθῶν.

370 3182 424 3231 ι’.
465 3178 652 3229 Φίλοις
669 3175 1100 3244 σὸνκαίφὶιίον
1132 3172 1407 3243 πατρῷον
1439 3171 1525 3243 μὴ
1567 3171 1879 3243 ἐγκαταλί-

294 3283 420 3334 πῃς
445 3282 459 3295 °
490 3267 577 3333 εἰς
614 3266 682 3320 δὲ
713 3262 883 3321 οἷκον
908 3265 1014 3321 τοῦ
1033 3266 1303 3335 ἀδελφοῦ
1328 3279 1444 3321 σου
1472 3264 1558 3335 μὴ
1596 3264 1879 3333 εἰσέλθῃς

292 3357 560 3429 ἀτυχῶν.
587 3358 660 3412 Τὸ
702 3360 784 3413 σοὶ
817 3358 912 3412 καὶ
938 3357 1017 3429 τῷ
1076 3359 1383 3430 προπάτορι
1419 3355 1720 3428 προσφιλὲς
1745 3371 1878 3426 σαρο

294 3449 436 3515 κίον,
476 3451 611 3522 μήτε
641 3452 707 3521 τῇ
735 3450 903 3522 ἀρετῇ
940 3449 1077 3521 μήτε
1106 3451 1217 3513 τοῖς
1258 3448 1396 3519 πρὸς
1423 3448 1684 3501 σύστασιν
1711 3446 1879 3513 ἀναγο

296 3544 478 3608 καίοις
537 3545 868 3614 καταλείψῃς
927 3544 1371 3614 ἀνεπιμέλητον·
1422 3539 1498 3603 ὡς
1554 3538 1879 3611 περιπεσεῖν

294 3638 410 3699 τοῖς
439 3635 559 3689 καθ’
588 3636 833 3708 ἡδονὴνῆ
860 3637 972 3700 τοῖς
1021 3636 1142 3690 κατ’
1195 3633 1392 3703 ὀδύνην
1436 3632 1671 3687 πάθεσιν
1692 3646 1706 3663 ⁸
1762 3631 1878 3686 ἀλλ’

295 3729 422 3784 ὅσον
446 3728 508 3783 τδ
540 3729 633 3783 ἐπὶ
664 3729 769 3793 σοὶ,
786 3727 1046 3796 ἀνήδονόν
1071 3744 1130 3782 τε
1170 3727 1265 3782 καὶ
1292 3726 1482 3781 ἄνοσον
1510 3724 1668 3779 τοῦτο
1695 3723 1879 3797 διατη-

302 3821 431 3892 ρῶν,
457 3820 547 3891 ἐχε
618 3820 899 3875 σύνδουλον
941 3820 1080 3892 πρὸς
1136 3818 1235 3890 τὴν
1276 3816 1386 3872 τῶν
1424 3816 1750 3888 κρειττόνων
1779 3817 1883 3871 ὑπ-

299 3913 528 3983 ηρεσίαν
550 3929 565 3944 ·
602 3914 681 3977 εἰς
710 3912 766 3967 δὲ
800 3912 895 3967 τοῦ
926 3911 1015 3967 διὰ
1045 3909 1459 3981 φιλανθρωπίαν
1501 3901 1881 3982 ἀνασχομένου

299 4002 531 4074 ἀδελφοῦ
563 4021 646 4057 σοι
667 4004 729 4057 τὸ
751 4003 891 4057 κατά
916 4004 1098 4074 σάρκα
1120 4000 1375 4071 γενέσθαι
1396 3998 1530 4053 Θεοῦ
1561 4001 1759 4069 Λόγου,
1789 4000 1881 4056 τὸν

298 4096 422 4149 κατ’
448 4095 650 4168 ἀρετὴν
675 4093 828 4164 ἆγιον
856 4089 1027 4161 οἰκον,
1053 4092 1135 4146 ἔτι
1160 4110 1225 4162 γε
1258 4091 1353 4146 τοῦ
1388 4090 1512 4147 κατ’
1526 4091 1698 4162 αὐτὴν
1719 4108 1882 4146 πνευ-

303 4190 535 4259 ματικοῦ
553 4190 784 4245 πλούτου
818 4189 1137 4261 πενόμενος,
1172 4189 1248 4262 μὴ
1287 4188 1569 4259 τολμήσῃς
1598 4186 1737 4251 ὅλως
1760 4186 1881 4259 μεθ’

300 4283 641 4356 ὑποκρίσεως
667 4283 928 4339 εἰσελθεῖν
948 4299 963 4315 ·
996 4282 1137 4337 ὥστε
1156 4284 1270 4347 τοῖς
1287 4280 1500 4345 πολλοῖς
1520 4280 1669 4347 δόξαι
1700 4280 1884 4353 ἐνάρε-

299 4394 392 4441 τος
420 4394 435 4408 ·
469 4377 555 4431 ἵνα
623 4376 699 4447 μὴ
746 4374 983 4441 ἀναξίως
1027 4371 1293 4443 εἰσελθὼν
1332 4374 1414 4439 εἰς
1459 4372 1643 4439 αὐτὸν,
1693 4374 1774 4438 εἰς
1823 4372 1884 4429 τὸ

302 4467 495 4531 σκότος
514 4467 831 4539 ἀπορῤιφῇς
857 4463 921 4519 τὸ
946 4463 1232 4537 ἐξώτερον.

368 4559 683 4628 Κρεισσων
761 4558 941 4629 φίλος
1007 4557 1188 4634 ἐγγὺς
1214 4596 1231 4622 ,
1302 4555 1343 4624 ἢ
1432 4555 1701 4627 ἀδελφὸς
1767 4572 1886 4627 μα-

302 4651 457 4722 κρὰν
506 4650 701 4706 οἰκῶν.
761 4650 1012 4706 Καλλίων
1076 4649 1196 4705 ἐστὶ
1252 4648 1408 4718 φίλος
1457 4649 1819 4721 ὁμογνώμων,
1848 4649 1883 4721 ἢ

303 4745 533 4814 ἁδελφὸς
559 4742 966 4816 ἐτερογνὼμων,
1025 4742 1106 4797 ὅτι
1134 4740 1328 4809 ἐκείνῳ
1361 4739 1464 4811 μὲν
1509 4740 1627 4795 ἐστι
1654 4741 1886 4812 συμϐιο-

303 4838 481 4892 τεύειν
522 4837 836 4910 εἰρηνικῶς,
890 4834 1068 4906 τούτῳ
1126 4834 1170 4889 δ’
1207 4833 1309 4906 οὐχ
1338 4832 1533 4901 οὕτως,
1567 4832 1704 4888 ἀλλά
1726 4851 1886 4893 τετα-

304 4931 593 5003 ραγμένως
618 4949 685 4986 τε
714 4931 810 4988 καὶ
840 4929 1094 5001 μαχίμως
1119 4943 1133 4958 ·
1159 4928 1210 4986 οἱ
1244 4927 1570 4999 φρονοῦντες
1598 4927 1707 5000 γὰρ
1728 4926 1885 4981 ἀδελ-

302 5024 402 5089 φὰ,
442 5024 544 5079 κᾶν
598 5024 674 5094 μὴ
724 5021 1047 5095 τυγχάνοιεν
1100 5019 1353 5089 ἀδελφοὶ,
1400 5019 1561 5072 πλέον
1596 5018 1706 5072 τῶν
1743 5017 1885 5073 κατὰ

303 5118 486 5188 σάρκα
518 5114 763 5186 ἀδελφῶν
799 5114 1136 5184 ὑπάρχουσιν
1160 5112 1376 5181 ἀδελφοί
1391 5128 1407 5144 ο
1431 5113 1569 5183 ὅπερ
1590 5112 1765 5183 δηλῶν
1792 5111 1886 5166 καὶ

300 5213 330 5263 ὁ
355 5208 578 5282 Κύριος,
608 5208 858 5281 εἴρηκεν*
890 5208 973 5263 ὅτι
1000 5206 1202 5277 Μήτηρ
1233 5204 1331 5259 καὶ
1357 5203 1575 5274 ἀδελφοί
1608 5221 1712 5275 μου
1745 5206 1884 5260 εἰσὶν

300 5302 351 5355 οἰ
386 5299 664 5364 ποιοῦντες
713 5299 775 5353 τὸ
823 5297 1037 5370 θέλημα
1061 5296 1154 5353 τοῦ
1185 5296 1401 5369 Πατρός
1446 5314 1547 5369 μου
1581 5297 1677 5354 τοῦ
1701 5300 1761 5352 ὲν
1789 5298 1885 5353 οὑ-

303 5392 508 5465 ρανοῖς.

374 5482 465 5541 ια’.
491 5482 688 5556 Σοφδς
716 5483 907 5555 τίνου,
933 5482 1049 5547 υἱὲ,
1106 5481 1209 5536 ἵνα
1261 5480 1656 5552 εὐφραίνηταί
1692 5496 1809 5538 σου
1844 5483 1883 5553 ἡ

302 5577 518 5647 καρδία
536 5594 549 5608 ·
574 5577 1083 5645 καὶάπόστρεψον
1101 5575 1222 5630 ἀπὸ
1260 5574 1379 5630 σοῦ
1425 5572 1885 5641 ἐπονειδίστους

302 5669 547 5739 λόγους.
582 5668 691 5723 Τοῦ
721 5664 1055 5722 τελειοποιοῦ
1098 5665 1441 5738 χαρίσματος
1465 5666 1565 5737 τῆς
1605 5665 1823 5735 σοφίας,
1855 5667 1884 5721 ό

303 5760 391 5813 διὰ
415 5759 515 5830 τῆς
543 5760 602 5813 ἐν
634 5757 903 5829 πνεύματι
932 5755 1284 5822 διδασκαλίας
1316 5753 1728 5827 υἰοθετούμενός
1761 5773 1880 5837 μοι,

310 5850 727 5925 μεταλάμϐανε·
781 5851 930 5916 ὅπως
960 5847 1299 5922 εὐφροσύνης
1346 5840 1719 5921 πνευματικῆς
1743 5846 1881 5905 ἀπο-

1912 4422 1961 4481 D

1985 595 2168 652 favum
2204 602 2533 663 contemnit.
2572 611 2629 658 et
2663 602 2863 658 animze
2898 616 3022 675 qua:
3062 608 3432 672 temperanter
3462 602 3564 656 uti-

1986 696 2077 744 tur
2108 694 2478 763 temporaneis
2520 694 2931 761 dulcedinibus,
2972 694 3105 764 ipsae
3144 694 3380 750 virtutes
3413 692 3569 749 carni

1984 794 2235 852 operosae
2261 792 2316 840 et
2337 784 2588 856 ingrata),
2616 786 2874 843 videntur
2897 786 2957 843 in
2981 787 3173 860 spiritu
3207 786 3564 849 dulcissimae,

1983 880 2040 928 et
2069 873 2192 931 ideo
2243 891 2341 934 eos
2393 876 2607 936 fortiter
2644 890 2887 952 exercet,
2916 895 3020 938 nec
3052 879 3289 937 satiatur
3333 877 3568 934 scicntia

1984 973 2041 1022 et
2073 967 2293 1025 virtute.

2035 1225 2219 1295 “Vens.
2251 1239 2303 1295 8.
2345 1239 2494 1296 Sicut
2518 1242 2631 1297 avis
2656 1244 3047 1315 transmigrans
3063 1244 3127 1299 de
3153 1243 3299 1310 nido,
3322 1244 3567 1299 sis/tome

1984 1347 2163 1386 servus
2199 1333 2280 1401 ﬁt,
2323 1349 2442 1387 cum
2487 1337 2854 1406 peregrinatur
2896 1353 2933 1391 α
2964 1337 3078 1393 loco
3118 1318 3238 1392 suo:
3278 1338 3411 1394 Avis
3447 1351 3567 1409 qua-

1985 1425 2247 1480 omnibus
2278 1425 2482 1495 plumis
2512 1427 2755 1482 nondum
2810 1429 3016 1485 vestita
3049 1437 3230 1484 tentat
3279 1430 3495 1491 volare.
3535 1444 3570 1485 e

1984 1512 2116 1567 nido
2159 1513 2390 1580 decidit,
2437 1524 2604 1588 atque
2632 1533 2662 1573 a
2694 1520 3213 1588 supervenientibus
3256 1520 3564 1590 deprellen-

1984 1606 2168 1674 ditur;
2199 1618 2252 1666 et
2288 1612 2449 1667 homo
2485 1628 2702 1668 sursum
2731 1622 2950 1671 (reatus
2970 1613 3035 1669 ad
3065 1613 3232 1669 Deum
3265 1614 3560 1669 videndum

1985 1705 2061 1769 ut;
2083 1704 2381 1775 exemplar,
2411 1705 2860 1778 diligendumque
2896 1714 2957 1762 ut
3010 1706 3327 1763 necessario
3357 1722 3565 1778 cogno-

1981 1793 2198 1860 scibilc,
2236 1803 2290 1851 et
2322 1795 2484 1851 finem
2518 1812 2863 1867 supremum,
2896 1797 2988 1853 ubi
3040 1797 3096 1852 in
3139 1796 3567 1867 cogitationibus

1978 1891 2033 1939 et
2066 1886 2417 1942 sermonibus
2450 1886 2689 1944 deﬂectit
2719 1903 2748 1943 a
2769 1889 3002 1946 scientia
3033 1896 3089 1946 et
3112 1887 3335 1955 virtute,
3365 1887 3420 1944 lit
3450 1904 3564 1945 scr-

1978 1991 2081 2032 vus
2122 1977 2362 2049 turpium
2396 1979 2739 2049 passionum.

2055 2262 2217 2319 Vens.
2263 2265 2318 2324 9.
2359 2262 2406 2318 U
2412 2264 2656 2336 nguentis
2682 2273 2732 2321 et
2764 2265 2897 2322 vinis
2923 2275 2973 2322 et
2994 2267 3247 2324 odoribus
3276 2267 3570 2326 delectatur

1981 2371 2091 2419 cor,
2133 2356 2493 2425 disrumpitur
2529 2366 2707 2412 autem
2749 2358 3151 2415 calamitatibus
3185 2360 3385 2417 anima.
3430 2362 3565 2417 Cum

1980 2446 2163 2500 anima
2197 2447 2547 2517 dogmatibus
2578 2447 2705 2518 piis,
2742 2447 3061 2520 divinisque
3093 2450 3371 2507 mandatis
3402 2461 3568 2506 uncta

1980 2537 2167 2603 fuerit,
2195 2554 2365 2609 supra
2386 2541 2673 2597 naturales
2692 2540 3028 2611 cupiditates
3053 2542 3290 2605 elevata.
3313 2543 3569 2614 fragrans

1979 2629 2139 2686 donis
2186 2629 2426 2701 Spiritus
2458 2632 2660 2698 sancti,
2706 2632 2982 2703 spirituali
3036 2633 3225 2689 laetitia
3264 2633 3496 2700 fruitur;
3539 2650 3572 2689 e

1980 2731 2175 2776 contra
2207 2722 2295 2778 bis
2333 2723 2591 2779 omnibus
2626 2724 2874 2780 nudatur
2904 2725 3121 2788 anima,
3151 2740 3274 2795 quae
3306 2726 3471 2782 simul
3512 2726 3570 2781 iu

1981 2811 2272 2867 veritatum
2322 2813 2786 2882 incredulitatem,
2839 2823 2893 2870 et
2940 2824 3342 2886 praeceptorum
3386 2824 3573 2873 trans-

1980 2904 2321 2975 gressionem
2349 2905 2577 2974 decidit,
2601 2906 2855 2979 foedoque
2883 2906 3055 2964 odore
3075 2908 3414 2980 impurarum
3447 2925 3572 2982 pas-

1982 2995 2201 3052 sionum
2242 2997 2506 3070 repletur.

2050 3176 2338 3232 \'sns.10.
2384 3177 2628 3231 Amicum
2689 3184 2860 3243 tuum,
2910 3181 2962 3231 et
3009 3174 3242 3231 anticum
3290 3181 3571 3243 paternum

1982 3285 2045 3323 ne
2083 3269 2459 3342 derelinquas;
2499 3269 2554 3323 in
2594 3267 2812 3325 domum
2840 3275 3018 3323 autem
3060 3266 3250 3335 fratris
3280 3267 3359 3321 tui
3389 3283 3451 3320 ne
3483 3268 3570 3320 iu-

1981 3360 2246 3431 grediaris
2307 3362 2363 3415 in
2420 3361 2507 3416 die
2560 3360 2864 3432 afﬂictionis
2921 3368 3049 3414 tute.
3085 3357 3302 3429 Corpus
3344 3373 3374 3413 a
3420 3367 3472 3413 te
3517 3368 3573 3413 et

1981 3460 2230 3505 creatore
2257 3451 2515 3507 dilectum
2539 3466 2608 3507 ne
2634 3450 3118 3521 dimittas,'parum
3144 3463 3348 3505 curans
3372 3449 3440 3505 de
3463 3449 3577 3506 vir-

1982 3549 2100 3598 tute
2130 3554 2186 3599 et
2218 3545 2381 3599 rebus
2412 3543 2481 3599 ad
2511 3544 2747 3600 salutem
2791 3542 3153 3607 necessariis.
3181 3557 3254 3599 ne
3287 3543 3574 3614 voluptate

1981 3643 2073 3689 aut
2108 3634 2298 3691 dolore
2326 3642 2658 3706 superetur;
2690 3633 2786 3690 sed
2815 3642 3084 3704 quantum
3133 3633 3189 3689 in
3220 3641 3272 3689 te
3304 3642 3391 3691 est
3435 3635 3572 3691 illud

1983 3742 2139 3783 serva
2178 3743 2209 3782 a
2238 3728 2514 3799 voluptate
2542 3735 2599 3784 et
2629 3727 3014 3799 aegrotatione,
3049 3726 3304 3798 habeque
3354 3727 3572 3783 socium

1984 3819 2052 3875 ad
2080 3819 2307 3876 meliora
2331 3817 2604 3875 facienda.
2628 3817 2687 3874 In
2705 3818 2931 3873 domum
2945 3817 3146 3872 virtute
3166 3816 3573 3875 sanctificatam

1986 3897 2147 3967 Verbi
2175 3910 2270 3967 Dei
2294 3909 2388 3982 qui
2414 3917 2639 3983 propter
2664 3906 3001 3965 eharitatem
3025 3906 3199 3962 frater
3221 3913 3351 3964 tuus
3372 3923 3573 3965 secun-

1984 4003 2113 4059 dum
2140 4016 2361 4058 carnem
2395 4002 2511 4058 ﬁeri
2541 4000 2804 4072 dignatus
2828 4006 2937 4064 est,
2966 3998 3015 4055 si
3048 3998 3435 4069 Spiritualibus
3461 4001 3573 4056 virs

1984 4095 2119 4151 tutis
2143 4095 2352 4153 divitiis
2378 4094 2559 4151 adhuc
2592 4092 2862 4165 indigeas,
2888 4109 2958 4149 ne
2986 4092 3194 4150 audeas
3229 4092 3443 4165 ingredi
3467 4094 3574 4151 sub

1988 4188 2179 4245 umbra
2200 4187 2442 4260 pietatis,
2463 4201 2565 4244 nec
2592 4186 2751 4241 turba
2777 4185 2986 4243 electus
3014 4185 3223 4253 videri;
3246 4200 3381 4242 cave
3399 4201 3467 4241 ne
3492 4186 3571 4242 iu-

1986 4281 2148 4355 digne
2181 4283 2466 4356 ingressus
2510 4282 2566 4339 in
2621 4279 2878 4340 tenebras
2903 4280 3206 4337 exteriores
3232 4279 3566 4351 projiciaris.

2058 4548 2254 4607 Melior
2300 4557 2381 4609 est
2447 4549 2650 4604 amicus
2696 4562 2879 4618 prope,
2934 4563 3094 4619 quam
3150 4545 3323 4617 frater
3381 4561 3570 4609 procu.

1987 4641 2255 4700 habitans.
2296 4640 2489 4699 Melior
2527 4649 2612 4697 est
2658 4640 2871 4697 amicus
2920 4640 3137 4704 eadem,
3180 4654 3346 4710 quam
3398 4640 3570 4696 frater

1988 4734 2097 4789 alia
2129 4734 2412 4801 sentiens;
2440 4748 2565 4788 cum
2587 4731 2774 4801 priore
2804 4731 2933 4787 licet
2961 4731 3015 4785 in
3047 4745 3182 4802 pace
3207 4733 3567 4796 conversari;

1987 4841 2333 4898 nequaquam
2372 4841 2499 4882 cum
2535 4825 2732 4890 altero,
2764 4839 2900 4881 sane
2926 4837 3058 4879 vero
3096 4823 3238 4878 inter
3270 4823 3568 4879 tumultum

1988 4925 2042 4975 et
2076 4934 2310 4991 pugnas.
2347 4917 2616 4974 Fraterna
2655 4917 2802 4974 enim
2851 4915 3158 4986 cogitantes
3209 4914 3315 4971 etsi
3368 4914 3570 4971 fratres

1991 5027 2097 5066 non
2132 5011 2266 5074 sint,
2294 5010 2473 5082 magis
2520 5016 2653 5065 sunt
2687 5017 2870 5064 tamen
2916 5021 3082 5078 quam
3123 5004 3326 5062 fratres
3364 5021 3569 5076 secun-

1986 5102 2114 5155 dum
2142 5115 2365 5157 carnem
2417 5118 2432 5156 :
2482 5100 2630 5173 quod
2683 5107 2744 5155 ut
2782 5096 3052 5153 indicaret
3091 5096 3356 5152 Dominus
3395 5115 3410 5153 :
3444 5097 3567 5167 qui-

1985 5208 2221 5264 cumque
2253 5192 2447 5250 fecerit
2473 5193 2811 5249 voluntatem
2851 5190 3032 5246 Patris
3060 5189 3167 5246 mei
3202 5189 3297 5259 qui
3329 5188 3386 5244 in
3410 5188 3568 5245 caelis

1985 5296 2092 5353 est,
2123 5288 2219 5355 ait,
2247 5287 2365 5358 ipse
2393 5300 2551 5342 meus
2580 5284 2774 5350 frater,
2797 5289 2852 5338 et
2874 5290 3048 5338 mater
3074 5288 3179 5337 est.

2057 5474 2221 5531 Vens.
2254 5473 2342 5528 il.
2386 5470 2609 5540 Sapiens
2656 5478 2789 5537 esto,
2817 5468 2921 5538 ﬁli,
2946 5474 3005 5521 ut
3038 5466 3248 5521 lectetur
3268 5479 3362 5518 eor
3390 5472 3562 5527 tuum,

1985 5576 2034 5623 et
2069 5574 2241 5623 averte
2267 5573 2366 5619 ate
2392 5577 2659 5617 sermones
2680 5558 3097 5630 exprobrabiles.
3127 5556 3247 5623 Quo
3277 5553 3566 5625 sapientiae

1985 5659 2131 5716 dono
2158 5657 2294 5712 fiunt
2323 5654 2570 5727 perfecti,
2604 5653 2678 5709 illi
2711 5651 2970 5723 adoptive
3000 5662 3163 5717 quem
3202 5644 3566 5717 splritualiter

1989 5750 2243 5815 educavi,
2275 5749 2380 5805 hoc
2403 5746 2645 5818 suscipe,
2674 5752 2729 5802 et
2746 5739 3019 5816 spirituali
3048 5738 3233 5797 latitia
3261 5745 3357 5793 tua
3381 5735 3564 5792 anima

1993 5843 2228 5913 fruetur,
2253 5857 2377 5901 cum
2428 5839 2642 5899 actibus
2667 5836 2783 5899 suis
2812 5840 3040 5910 purgata
3073 5830 3198 5900 erit,
3246 5836 3330 5917 e_t_
3350 5824 3569 5910 illum};
