4054 6530
297 353 433 417 1-4θῖ

1327 357 1866 421 COMMENTARII
1908 359 1990 421 IN
2029 360 2487 427 PROVERBIA.

3430 365 3567 430 1498

294 467 551 536 ρασμοῐς,
574 464 687 527 τοῖς
721 463 987 528 ἑκουσίοις
1016 463 1074 518 δὲ
1102 465 1168 537 τῇ
1201 468 1363 537 σαρκί
1383 485 1395 498 ο
1436 469 1529 521 καὶ
1560 468 1670 540 γὰρ
1700 469 1749 521 oi
1780 470 1878 540 μὲν

1992 470 2336 528 illecebrosis
2394 473 2568 540 enim,
2602 474 2706 529 etsi
2760 481 2992 546 gaudeat
3044 490 3196 546 caro,
3237 475 3417 531 anima
3452 494 3574 548 quae
3654 490 3657 493 '

292 551 555 616 ἑκούσιοι,
585 553 743 606 είκαὶ
776 553 1188 623 περιποιοῦνται
1215 556 1410 629 ἡδονὴν
1432 560 1499 628 τῇ
1524 560 1707 629 σαρκὶ,
1736 559 1870 614 ἀλλά

292 659 357 711 γε
388 644 422 713 ἠ
453 642 622 713 ψυχὴ,
654 643 731 714 τῷ
759 642 853 697 τοῦ
887 645 1189 711 συνειδότος
1244 647 1340 700 ἐπὶ
1373 647 1583 711 τούτοις
1640 649 1869 722 ἐλέγχῳ,

291 735 390 786 καὶ
421 733 502 805 τῷ
529 733 640 787 τῶν
690 734 999 804 μελλουσῶν
1049 735 1327 791 κολάσεων
1381 738 1556 809 φόϐῳ.
1597 740 1697 795 οὐκ
1738 742 1874 795 ἁνα-

294 825 563 877 παύεται·
597 825 646 877 οί
670 825 716 878 6‘
746 826 1015 892 ἀκούσιοι,
1052 829 1102 881 εί
1153 828 1250 882 καί⁵
1286 832 1352 901 τῇ
1385 830 1559 884 ἐλπίδι
1614 832 1715 903 τῆς
1762 832 1874 888 τῶν

296 915 603 984 μελλόντων
632 916 854 985 ἀγαθῶν
909 918 1337 989 μισθαποδοσίας
1384 921 1742 993 εὐφραίνουσι
1774 928 1876 995 τὴν

291 1004 494 1076 ψυχὴν,
550 1005 668 1060 ἀλλ’
705 1000 738 1078 ἠ
771 1008 909 1078 σὰρξ
968 1008 1309 1081 δυσχεραίνει
1352 1011 1447 1065 ἐπὶ
1488 1013 1565 1081 τῷ
1631 1013 1875 1085 ὲπιπόνῳ

292 1098 502 1152 αὐτῶν*
526 1097 818 1170 ἀμφότερα
838 1100 895 1153 δὲ
932 1099 999 1153 τά
1030 1099 1257 1154 τοιαῦτα
1280 1100 1394 1172 εἴδη
1424 1100 1534 1155 τῶν
1554 1104 1875 1176 πειρασμῶν

292 1190 549 1262 περιέπει
582 1190 904 1262 κακούργως
927 1195 954 1246 6
982 1192 1224 1263 Πονηρός
1245 1209 1262 1226 ο
1286 1192 1348 1246 τὸ
1380 1192 1480 1264 μὲν
1502 1195 1748 1265 ἐπαίρων
1776 1196 1873 1250 καὶ

288 1280 604 1352 διερεθίζων
632 1281 731 1352 τὴν
768 1282 967 1352 ψυχὴν,
1004 1282 1397 1354 μηχανώμενος
1443 1283 1658 1354 ἡδοναῖς
1685 1285 1872 1358 σώμα-

290 1384 383 1430 τος
411 1368 718 1440 ἀποστῆσαι
747 1370 849 1438 τῆς
888 1371 1039 1435 Θείας
1071 1372 1293 1443 ἀγάπης
1317 1373 1418 1444 τὴν
1449 1373 1636 1444 ἔφεσιν
1657 1390 1672 1408 ο
1698 1375 1760 1429 τὸ
1791 1376 1871 1445 δὲ,

292 1467 625 1533 σοφιστικῶς
657 1466 1060 1538 ἐξαιτούμενος,
1090 1468 1166 1532 ὡς
1188 1468 1256 1522 δι’
1283 1469 1478 1541 ὀδύνης
1518 1468 1737 1542 φθεῖραι
1772 1470 1873 1544 τὴν

1973 564 2312 619 conscientia
2336 566 2638 633 mordetur,
2670 565 3022 638 futuramque
3042 584 3257 640 ptenam
3289 567 3573 641 formidat,

1975 653 2203 710 minime
2253 656 2527 724 quiescit;
2582 672 2644 711 ex
2683 658 2897 715 odiosis
2934 667 3139 725 autem,
3189 658 3316 713 licet
3364 659 3575 715 lauetur

1976 761 2133 803 mens
2162 762 2285 817 qua!
2328 757 2515 819 sperat
2554 749 2696 804 bona
2747 748 2931 803 futura
2982 750 3037 805 in
3083 751 3367 821 praemium
3412 752 3575 806 retri-

1978 835 2217 901 buenda,
2254 850 2384 891 caro
2424 850 2733 893 murmurat
2769 846 2993 908 propter
3043 839 3314 894 laborem.
3348 837 3572 894 Utram-

1978 942 2085 998 que
2143 928 2338 982 ltarum
2398 930 2759 985 tentationum
2813 930 3010 986 faciem
3065 931 3323 986 diabolus
3385 938 3572 986 astute

1973 1018 2269 1089 expandit;
2298 1020 2462 1076 modo
2506 1022 2744 1077 animam
2773 1024 2987 1078 extollit
3016 1031 3071 1080 et
3105 1024 3373 1089 incendit,
3418 1038 3571 1080 eam-

1971 1128 2079 1183 que
2134 1113 2455 1169 carnalibus
2508 1115 2895 1185 voluptatibus
2948 1123 3124 1171 tentat
3175 1119 3456 1172 remittere
3502 1116 3571 1169 ab

1970 1205 2168 1260 ardore
2213 1204 2415 1261 divina:
2449 1208 2769 1276 cbaritatis;
2803 1206 2965 1264 modo
3007 1208 3280 1264 malitiose
3320 1209 3573 1280 queritur

1972 1304 2222 1350 naturam
2258 1296 2449 1354 dolore
2470 1299 2703 1361 conteri,
2738 1299 3046 1370 animaeque
3079 1300 3274 1355 suadet
3301 1307 3361 1353 ut
3395 1299 3566 1351 male-

1977 1386 2126 1441 dieat
2152 1387 2425 1455 Creatori,
2449 1401 2615 1462 atque
2644 1391 2861 1447 devicta
2888 1391 3104 1447 defectu
3129 1392 3335 1448 laboris
3365 1390 3419 1445 in
3451 1405 3569 1445 ser-

1976 1478 2205 1535 vitutem
2234 1480 2538 1553 redigatur.

292 1564 455 1631 φύσιν
507 1568 832 1639 βουλόμενος
886 1569 973 1623 ἵνα
1014 1568 1271 1640 βιάσηται
1299 1570 1397 1643 τὴν
1431 1570 1630 1641 ψυχὴν,
1672 1570 1863 1643 ἀτονία
1928 1575 2110 1631 πόνων
2160 1579 2620 1650 καταϐληθεῖσαν,
2659 1581 2798 1652 πρὸς
2850 1580 2948 1653 τὴν
2977 1580 3072 1635 τοῦ
3113 1580 3414 1641 κτίσαντος
3448 1576 3568 1633 δια-

293 1655 457 1729 ϐολὴν
485 1664 707 1723 κινῆσαι
732 1666 861 1729 τοὺς
886 1663 1201 1735 λογισμούς.

363 1754 449 1818 ις’.
473 1754 727 1823 Σίδηρος
766 1755 1019 1824 σίδηρον
1057 1754 1263 1821 ὀξύνει
1287 1769 1301 1784 ·
1345 1753 1500 1824 ἀνὴρ
1523 1753 1592 1809 δὲ
1610 1755 1873 1825 παροξύ-
1902 1765 1946 1820 Β

289 1863 380 1900 νει
405 1848 733 1915 πρόσωπον
771 1846 1000 1915 ἐτέρου.
1049 1848 1262 1919 Σιδήρῳ
1313 1846 1414 1918 μὲν
1437 1848 1792 1919 χαλκευτικόν
1820 1866 1876 1905 τι

292 1941 537 2011 σιδήριον
568 1940 1041 2011 παρατριϐὀμενον
1095 1941 1384 2012 τεχνικῶς,
1435 1941 1624 1995 τοῦτον
1654 1941 1834 2007 ὀξύνει
1859 1959 1875 1975 ο

287 2032 438 2104 ψυχὴ
463 2032 518 2085 δὲ
543 2031 789 2103 ἀνδρεία,
821 2032 916 2085 καὶ
957 2030 1095 2103 πρὸς
1144 2031 1344 2097 πόνους
1380 2032 1679 2097 ἀνένδοτος,
1705 2034 1877 2105 αὐτὴν

288 2124 393 2195 τὴν
441 2121 703 2193 συνεργὸν
757 2123 894 2195 αὐτῇ
947 2124 1126 2194 σάρκα
1168 2125 1291 2178 κατ’
1336 2124 1678 2196 ἐπιστήμονα
1718 2123 1877 2193 λόγον

288 2215 654 2283 λεπτύνουσα,
680 2216 939 2288 διεγείρει
960 2217 1099 2288 πρὸς
1122 2216 1346 2289 ἀρετήν.

363 2311 454 2377 ιη’.
484 2308 590 2373 Ὃς
610 2307 898 2377 φυτεύσει
924 2305 1149 2374 συκῆν,
1183 2305 1432 2377 φάγεται
1454 2304 1598 2373 τοὺς
1611 2306 1879 2375 καρποὺς

290 2397 485 2467 αὐτῆς
506 2413 520 2428 '
551 2397 618 2467 ὃς
635 2398 704 2452 δὲ
724 2398 1033 2468 φυλάσσει
1053 2398 1160 2452 τὸν
1181 2398 1399 2453 ἑαυτοῦ
1429 2398 1651 2466 Κύριον
1673 2438 1688 2463 ,
1710 2414 1879 2466 τιμη-

291 2484 561 2552 θήσεται.
603 2486 663 2539 Ὀ
700 2486 792 2539 τὸν
817 2486 961 2540 θεῖον
988 2486 1146 2557 λόγον
1174 2486 1571 2556 καταφυτεύων
1600 2489 1665 2559 τῇ
1695 2487 1879 2541 πίστει

292 2578 354 2630 ὲν
383 2579 451 2649 τῇ
474 2577 619 2649 ψυχῇ
652 2578 842 2643 αὐτοῦ,
873 2578 1032 2650 δίκην
1071 2581 1243 2652 συκῆς
1288 2581 1522 2653 φέροντα
1555 2583 1769 2652 καρπὸν
1800 2582 1880 2654 τῷ

293 2666 447 2739 φόϐῳ
486 2667 596 2721 τῶν
626 2668 887 2735 ἀπειλῶν,
918 2670 1144 2742 ὕστερον
1199 2672 1257 2725 δὲ
1305 2673 1671 2742 γλυκαίνοντα
1719 2674 1880 2744 δίκην

294 2758 533 2829 μέλιτος,
562 2762 628 2831 τῇ
660 2758 837 2814 ἐλπίδι
873 2762 982 2816 τῶν
1006 2761 1371 2832 ἐπαγγελιῶν,
1422 2762 1724 2818 ἀπολαύσει
1752 2764 1878 2818 τού-

290 2868 386 2906 του
416 2850 523 2917 ἔξω
569 2853 772 2924 σαρκὸς
808 2853 952 2908 κατά
1004 2856 1205 2927 πρᾶξιν
1234 2855 1535 2926 γενόμενος
1558 2873 1574 2889 ο
1600 2856 1879 2929 γευσάμε-

289 2942 383 3007 νός
404 2960 465 2996 τε
488 2944 585 2998 καὶ
618 2945 804 3015 μαθὼν
825 2948 890 3000 ὲκ
918 2947 1018 3018 τῆς
1072 2948 1271 3020 πείρας
1300 2948 1493 3019 αὐτῆς,
1525 2950 1606 3004 δτι
1640 2952 1882 3022 χρηστὸς

289 3037 320 3089 6
352 3034 580 3108 Κύριοςο
603 3038 633 3091 6
654 3038 711 3091 δὲ
743 3039 931 3110 τηρῶν
959 3039 1050 3094 τὸν
1088 3040 1255 3095 αὑτοῦ
1290 3041 1535 3113 ἡγεμόνα
1600 3042 1727 3096 νοῦν
1770 3042 1880 3097 ἀπὸ

2043 1758 2211 1819 Vens.
2245 1761 2331 1817 i7.
2375 1760 2603 1817 Ferrum
2628 1762 2771 1817 acuit
2799 1762 3025 1832 ferrum,
3051 1762 3125 1817 vis
3158 1770 3335 1817 autem
3359 1766 3574 1819 exacuit

1980 1853 2173 1926 faciem
2208 1854 2390 1909 amici.
2425 1853 2653 1908 Ferrum
2698 1871 2910 1910 aeneum
2940 1855 3011 1909 ab
3044 1855 3258 1911 artiﬁce
3290 1855 3437 1911 ferro
3470 1859 3573 1913 tri-

1978 1953 2137 2007 tum,
2189 1943 2324 1999 illttd
2372 1947 2521 1999 acuit
2564 1960 2577 1997 :
2624 1946 2707 2001 sic
2761 1947 2972 1999 amicus
3021 1946 3195 2000 virilis
3248 1945 3575 2016 patiensque

1977 2039 2185 2096 laboris
2208 2054 2410 2111 corpus
2434 2055 2559 2099 eum
2585 2055 2696 2110 quo
2725 2040 2941 2109 laborat
2975 2040 3325 2097 macilentins
3352 2042 3574 2111 sapian-

1977 2137 2063 2184 ter
2098 2130 2296 2194 reddit,
2329 2130 2635 2201 virtutique
2667 2131 2875 2200 aptius.

2051 2303 2214 2361 Vens.
2241 2305 2327 2360 18.
2353 2305 2459 2375 Qui
2485 2306 2695 2377 plantat
2726 2309 2908 2377 ﬁcum,
2933 2309 3164 2364 comedet
3189 2308 3398 2377 fructus
3417 2310 3569 2375 ejus;

1976 2396 2068 2466 qui
2103 2406 2277 2450 autem
2308 2399 2540 2452 custodit
2574 2398 2859 2452 Dominum
2894 2415 3068 2465 suum,
3103 2398 3567 2466 honori/imbitur.

1980 2486 2036 2542 Si
2062 2489 2112 2543 vi
2145 2489 2267 2543 ﬁdei
2290 2490 2343 2543 in
2368 2490 2549 2543 anima
2576 2497 2666 2543 tua
2689 2490 2989 2545 inserueris
3012 2489 3237 2544 verbum
3262 2487 3380 2551 Dei,
3400 2487 3568 2553 quod,

1981 2580 2127 2635 sicut
2177 2581 2338 2645 licus,
2366 2581 2580 2636 fructus
2610 2582 2894 2651 producet,
2943 2588 3162 2651 propter
3210 2578 3569 2633 formidinem

1981 2673 2281 2741 minarum,
2331 2681 2387 2729 et
2430 2672 2629 2730 deinde
2659 2683 2879 2744 propter
2919 2687 3074 2744 spem
3110 2672 3382 2727 mercedis
3426 2671 3574 2725 sicut

1982 2763 2088 2818 mel
2114 2763 2519 2827 dulcescet,ltis
2546 2764 2823 2823 fructibus
2853 2764 3105 2821 elevatus
3142 2779 3309 2834 supra
3343 2777 3568 2818 carnem

1982 2853 2037 2909 in
2073 2854 2304 2924 agendo,
2347 2867 2397 2910 et
2436 2854 2689 2926 gnstabis
2722 2863 2981 2926 expertus
3013 2857 3132 2927 ipse
3166 2854 3427 2926 quoniam
3475 2854 3574 2908 bo-

1982 2960 2087 2999 nus
2119 2944 2406 3002 Dominus.
2436 2945 2493 3001 Si
2518 2947 2641 3016 quis
2681 2946 2926 3000 animum
2956 2963 2986 3001 a
3014 2961 3125 3017 quo
3156 2947 3366 3017 regitur
3390 2959 3575 3001 serva-

1981 3038 2123 3093 verit
2155 3038 2388 3095 illaesum
2420 3053 2449 3093 a
2494 3056 2676 3095 rerum
2709 3039 3045 3096 exteriorum
3076 3039 3433 3109 deceptione,
3480 3037 3573 3092 ille

286 3127 393 3198 τῆς
453 3130 563 3184 τῶν
617 3132 962 3203 φαινομένων
1003 3132 1212 3203 πλάνης
1239 3132 1715 3198 ἀνεπιόούλευτον,
1774 3134 1878 3202 ἔξω

1985 3132 2441 3203 contemplatione
2495 3141 2651 3188 extra
2711 3132 2980 3189 mundum
3024 3146 3378 3204 progressus,
3420 3138 3475 3184 et
3512 3130 3571 3184 in

289 3214 503 3285 κόσμου
531 3218 674 3271 κατά
709 3218 945 3291 θεωρίαν
995 3220 1308 3291 γενόμενος,
1342 3222 1438 3277 καὶ
1464 3224 1522 3276 ὲν
1559 3222 1679 3292 Θεῷ
1715 3241 1880 3278 κατα-

293 3304 531 3373 παύσας,
554 3306 949 3380 δοξασθήσεται
981 3311 1040 3364 ὲν
1064 3309 1144 3382 τῷ
1162 3310 1395 3382 ὀφθῆναι
1416 3311 1567 3384 αὐτῷ
1584 3311 1687 3383 τὴν
1715 3312 1879 3379 δόξαν

289 3397 484 3454 αὐτοῦ.

369 3488 455 3546 ιθ’.
485 3490 717 3560 Ὥσπερ
756 3492 870 3562 οὐχ
929 3491 1103 3562 ὅμοια
1157 3494 1451 3564 πρόσωπα
1506 3497 1876 3567 προσώποις,

291 3580 485 3646 οὕτως
510 3580 655 3636 οὐδὲ
684 3583 745 3635 αἱ
773 3581 1011 3652 καρδίαι
1062 3584 1184 3638 τῶν
1218 3585 1569 3655 ἀνθρώπω.
1605 3590 1879 3662 Καθάπερ

292 3671 545 3743 διάφοροι
570 3672 682 3726 τῶν
708 3672 1023 3744 προσώπων
1047 3676 1096 3728 οἱ
1121 3677 1495 3749 χαρακτῆρες,
1526 3678 1878 3735 διαλλάττον-

293 3779 387 3826 τες
441 3763 587 3843 κατά
634 3764 703 3818 τὰ
740 3764 1026 3836 ἀχώριστά
1085 3766 1496 3839 συμϐεϐηκότα,
1525 3771 1588 3824 τό
1618 3788 1679 3824 τε
1720 3772 1878 3843 σιμὸν

294 3855 394 3909 καὶ
420 3856 483 3908 τὸ
524 3842 758 3926 γρυπὸν,
809 3857 871 3911 τί)
925 3858 1119 3912 λευκὸν
1166 3860 1263 3913 καὶ
1304 3861 1366 3914 τὸ
1403 3861 1594 3933 μέλαν,
1661 3842 1880 3919 καὶτὰ

293 3946 478 4017 ὃμοια,
525 3947 671 4002 οὕτω
717 3948 1097 4004 διαλλάττουσι
1129 3952 1226 4005 καὶ
1245 3954 1300 4005 αἱ
1323 3952 1432 4006 τῶν
1468 3952 1659 4025 ψυχῶν
1698 3956 1880 4010 διαθέ-

295 4057 413 4104 σεις
451 4041 596 4095 κατά
627 4042 725 4105 τὰς
752 4042 1047 4114 διαφόρους
1095 4044 1492 4115 προαιρετικός
1539 4046 1739 4118 ἀρετὰς
1784 4048 1879 4102 καὶ

295 4130 519 4195 κακίας.
1496 4178 1499 4181 .

366 4227 439 4276 κ’.
472 4220 661 4291 ’ᾼδης
678 4221 777 4275 καὶ
800 4221 1069 4278 ἀπώλεια
1093 4225 1206 4279 οὐκ
1232 4224 1661 4294 ἐμπίπλανται·
1680 4229 1877 4284 ὠσαύο

295 4335 411 4386 τως
443 4320 546 4374 καὶ
574 4321 630 4374 οὶ
661 4319 960 4389 ὀφθαλμοί
1013 4318 1131 4375 τῶν
1171 4321 1502 4391 ἀνθρώπων
1550 4323 1875 4393 ἄπληστοι.

297 4409 566 4482 Καθάπερ
589 4412 619 4463 6
646 4410 745 4474 τὰς
788 4410 971 4481 ψυχὰς
1025 4411 1165 4482 μετά
1195 4412 1295 4485 τὴν
1326 4414 1434 4467 ἀπὸ
1464 4415 1573 4468 τῶν
1606 4415 1879 4484 σωμάτων

1982 3225 2093 3281 Deo
2113 3227 2426 3296 quiescens,
2454 3227 2684 3299 gloriam
2708 3241 2739 3282 e
2768 3225 3136 3296 contemplata
3159 3223 3329 3295 gloria
3354 3221 3571 3278 Domini

1981 3320 2227 3390 recipiet.

2050 3494 2220 3552 Vens.
2243 3494 2331 3551 l9.
2370 3493 2524 3550 Sicut
2550 3511 2652 3548 non
2685 3492 2885 3548 similes
2906 3493 3070 3564 facies
3096 3489 3357 3561 faciebas,
3380 3490 3458 3543 ita
3480 3505 3571 3543 ne-

1979 3607 2076 3661 que
2089 3590 2434 3661 cogitationes
2450 3588 2746 3642 hominum.
2766 3586 3237 3654 Quemadmodum
3259 3582 3393 3637 varii
3413 3582 3571 3637 dilic-

1982 3688 2112 3734 runt
2168 3679 2258 3733 alii
2300 3679 2370 3734 ab
2404 3679 2530 3734 aliis
2563 3679 2810 3733 vultuum
2852 3678 3224 3740 characteres,
3261 3673 3571 3729 secundum

1980 3772 2287 3827 accidentia
2339 3772 2574 3838 inlinita,
2629 3780 2744 3825 ttnn
2790 3771 2991 3826 simum
3043 3783 3265 3833 nasum,
3321 3776 3439 3822 tum
3472 3766 3573 3823 ad-

1981 3876 2213 3927 uncum;
2247 3861 2330 3916 sie
2378 3860 2494 3916 sive
2543 3859 2750 3926 album,
2776 3861 2892 3913 sive
2945 3859 3157 3929 nigrum
3217 3858 3480 3920 colorem,
3514 3866 3572 3910 et

1979 3964 2176 4009 caatera
2201 3992 2217 4018 ,
2249 3960 2380 4008 sunt
2433 3950 2735 4006 dissimiles
2782 3949 3091 4003 animarum
3133 3948 3528 4018 dispositiones
3551 3987 3568 4012 ,

1980 4054 2144 4117 prout
2181 4045 2275 4100 alii
2311 4047 2594 4111 virtutem,
2632 4042 2725 4097 alii
2758 4042 2950 4111 vitium
2979 4041 3282 4113 elegerunt.

2050 4224 2213 4283 Vens.
2240 4225 2330 4283 20.
2363 4224 2614 4295 Infernus
2645 4234 2694 4277 et
2724 4224 2950 4293 perditio
2974 4239 3243 4293 nunquam
3266 4221 3574 4291 implentur,

1980 4318 2058 4371 sic
2093 4328 2142 4372 et
2180 4318 2319 4372 oculi
2365 4317 2639 4372 hominum
2700 4315 3056 4369 insatiabiles.
3115 4315 3268 4370 Sicut
3320 4314 3571 4369 infernus

1981 4407 2075 4479 qui
2107 4414 2264 4462 vorat
2308 4408 2518 4461 animas
2565 4421 2595 4460 a
2634 4420 2866 4476 corpore
2903 4398 3138 4469 solutas,
3191 4406 3274 4457 vel
3316 4403 3571 4462 diabolus

294 4499 573 4566 διάζευξιν
598 4499 994 4571 ὑποδεχόμενος
1024 4500 1181 4572 ᾅδης,
1208 4503 1305 4556 καὶ
1333 4503 1363 4556 ὁ
1396 4503 1601 4568 ταύτας
1630 4505 1879 4569 ἀπατῶν,

1988 4499 2081 4568 qui
2119 4499 2243 4553 illas
2280 4496 2419 4552 fallit
2470 4496 2755 4567 Deumque
2803 4494 3121 4564 dereliquit,
3164 4510 3446 4565 nunquam
3485 4509 3575 4548 sa-

297 4593 391 4647 καὶ
413 4592 551 4647 Θεοῦ
604 4593 834 4657 ὲξιστῶν
876 4593 1109 4665 δαίμων,
1151 4595 1255 4650 κᾶν
1280 4596 1489 4659 πάντας
1515 4597 1877 4661 καταπίωσιν,

296 4685 359 4739 ού
383 4686 731 4756 κορέννυνται
754 4702 769 4716 ·
795 4685 937 4740 κατά
965 4686 1058 4740 τὸν
1081 4686 1245 4741 αὐτὸν
1274 4688 1476 4759 τρόπον
1501 4690 1601 4743 καὶ
1634 4690 1691 4743 αί
1729 4692 1882 4744 ὀπτι-

298 4773 394 4827 καὶ
426 4774 536 4827 τῶν
563 4772 872 4845 ἀνθρώπων
905 4773 1185 4846 δυνάμεις,
1217 4775 1318 4829 οὒκ
1344 4776 1718 4846 ἐμπίπλανται
1779 4778 1881 4849 τῆς

270 4868 426 4967 ,ιπερὶ
449 4865 522 4919 τὰ
552 4867 852 4938 φαινόμενα
880 4867 1117 4937 ἀπάτηςο
1144 4867 1249 4931 ἕως
1269 4867 1336 4922 ἂν
1356 4867 1564 4923 τούτων
1593 4870 1879 4942 ὑπεριδοῦ-

274 4956 413 5022 ίσαι,
447 4958 546 5026 τὴν
583 4956 742 5021 δόξαν
775 4957 1018 5027 δψωνται
1046 4956 1143 5011 τοῦ
1183 4956 1349 5013 Θεοῦ⁶
1381 4958 1477 5013 τού
1501 4959 1611 5032 γὰρ
1646 4961 1881 5031 ἐσχάτου

273 5049 523 5121 ’ὀρεκτοῦ
584 5050 831 5119 φυσικῶς
889 5050 1072 5104 πάντα
1117 5049 1364 5119 ἐφίεται·
1394 5050 1497 5105 κᾶν
1543 5050 1703 5105 τοῦτό
1732 5068 1883 5115 τινες

295 5143 364 5197 δι’
388 5142 508 5198 ἀπά
543 5160 610 5212 ην
633 5143 1170 5214 παραγνωρίζοντες,
1200 5143 1295 5198 τοῦ
1326 5144 1405 5217 μὴ
1431 5143 1583 5209 ὄντος
1619 5144 1697 5209 ὡς
1727 5143 1880 5212 ὄντος

296 5233 443 5288 κατὰ
463 5234 686 5306 γνώμην
717 5234 1058 5304 ἀντέχονται.

369 5325 692 5396 Βδέλυγμα
730 5325 929 5395 Κυρίῳ
961 5323 1260 5396 στηρίζων
1306 5327 1618 5398 ὀφθαλμόν
1640 5345 1656 5360 ο
1701 5330 1800 5385 καὶ
1830 5331 1885 5385 οι

296 5414 667 5481 ἀπαίδευτοι,
693 5416 973 5485 ἀκρατεῖς
996 5415 1266 5488 γλώσσῃ.
1317 5418 1434 5473 Οὐκ
1487 5418 1778 5491 εὐάρεστος
1807 5419 1886 5493 τῷ

298 5508 518 5563 πάντων
574 5510 881 5580 κυριεύοντι
907 5510 1027 5580 Θεῷ
1074 5511 1185 5574 πᾶς
1215 5514 1244 5565 6
1272 5510 1334 5566 τὸ
1364 5511 1547 5584 νοερὸν
1594 5511 1751 5582 δμμα
1784 5513 1886 5584 τῆς

295 5599 477 5670 ψυχῆς
504 5600 834 5671 ἀπασχο).ῶν
886 5603 1008 5655 κατ’
1056 5601 1313 5673 αἴσθησιν
1343 5604 1410 5675 τῇ
1435 5603 1733 5673 ἐπιφανείᾳ
1774 5602 1886 5657 τῶν

300 5691 512 5761 ὁρατῶν
537 5706 549 5719 ’
576 5692 673 5746 καὶ
710 5693 785 5764 μὴ
834 5692 1135 5748 διαϐαίνων
1169 5694 1228 5746 ὲν
1261 5694 1533 5765 πνεύματι
1601 5695 1739 5766 πρὸς
1786 5695 1887 5767 τὴν

299 5785 389 5841 διὰ
416 5787 630 5844 πάντων
660 5789 733 5854 ὡς
769 5789 1049 5862 cupidior)
1090 5792 1437 5865 μηνυομένην
1454 5790 1709 5863 ἀλήθειαν
1735 5807 1747 5819 '
1781 5790 1873 5845 καὶ

1984 4591 2225 4657 tiantur,
2261 4588 2390 4644 licet
2440 4602 2634 4643 omnes
2677 4587 3104 4654 absorbuerint;
3151 4587 3233 4642 sic
3281 4586 3573 4642 hominum

1982 4684 2126 4738 oculi
2179 4697 2286 4738 non
2336 4689 2659 4738 saturantur
2702 4689 2951 4736 errantes
3000 4680 3208 4735 circum
3259 4679 3573 4747 exteriora;

1982 4775 2157 4830 donec
2182 4775 2306 4830 istis
2328 4773 2659 4843 contemptis
2680 4772 2922 4828 divinam
2966 4771 3193 4842 gloriam
3229 4772 3575 4829 intueantur.

1983 4867 2188 4923 Natura
2217 4867 2364 4922 enim
2403 4881 2594 4923 onmes
2625 4865 2693 4921 ad
2721 4864 2970 4921 ultimum
3012 4863 3172 4921 linem
3208 4862 3460 4930 tendunt,
3484 4863 3575 4917 in-

1984 4960 2159 5016 veniri
2193 4968 2429 5030 possunt
2459 4959 2553 5030 qui
2581 4958 2638 5014 in
2673 4959 2778 5015 ltoc
2806 4957 3062 5029 eligendo
3091 4968 3299 5025 errant,
3331 4956 3436 5012 sibi
3467 4955 3574 5026 ipsi

1983 5059 2163 5108 autem
2188 5065 2288 5122 pro
2317 5050 2466 5107 veris
2500 5051 2640 5107 falsa
2668 5051 3095 5122 amplectuntur.

2059 5318 2396 5372 Abominatio
2453 5315 2683 5371 Domino
2738 5313 3029 5384 obﬁrmans
3081 5311 3294 5366 oculum
3333 5321 3384 5367 et
3426 5312 3573 5366 indi-

1988 5412 2260 5483 sciplinati
2286 5411 2522 5481 linguam
2554 5424 2660 5463 non
2713 5407 3006 5461 continent.
3055 5402 3178 5459 Non
3225 5407 3408 5474 placet
3459 5403 3570 5458 Deo

1988 5507 2235 5561 omnium
2269 5503 2520 5567 Domino,
2575 5500 2668 5569 qui
2718 5498 3061 5570 spiritualem
3098 5498 3297 5552 animae
3348 5498 3570 5554 oculum

1990 5604 2188 5656 avertit
2218 5599 2286 5653 ad
2332 5613 2422 5653 res
2467 5595 2774 5652 exteriores
2804 5591 3180 5662 aspiciendas,
3230 5608 3333 5647 nec
3369 5592 3572 5646 verita-

1990 5703 2096 5750 tem
2136 5697 2191 5748 in
2232 5692 2381 5747 omni
2405 5697 2681 5753 creatura,
2716 5688 2876 5758 quasi
2912 5686 2967 5741 in
3017 5685 3215 5757 figura,
3248 5686 3569 5754 impressam

1991 5786 2242 5859 inquirit.
2268 5782 2377 5844 Nec
2411 5784 2628 5859 placent
2672 5780 2762 5839 isti
2795 5780 3076 5855 loquaces,
3109 5777 3200 5854 qui
3231 5777 3415 5835 divina
3445 5776 3571 5832 inde
