  <div class='ocr_page' id='page_1' title='image "/cluster/home/n/w/nwhite01/storage/ocr_20150623/87:1/hvd.32044020319117/757.png"; bbox 0 0 4054 6500; ppageno 0'>
   <div class='ocr_carea' id='block_1_1' title="bbox 562 372 697 439">
    <p class='ocr_par' dir='ltr' id='par_1_1' title="bbox 562 372 697 439">
     <span class='ocr_line' id='line_1_1' title="bbox 562 372 697 439; baseline 0.03 -4"><span class='ocrx_word' id='word_1_1' title='bbox 562 372 697 439; x_wconf 76' lang='grc'>1499</span> 
     </span>
    </p>
   </div>
   <div class='ocr_carea' id='block_1_2' title="bbox 1892 376 2529 451">
    <p class='ocr_par' dir='ltr' id='par_1_2' title="bbox 1892 376 2529 451">
     <span class='ocr_line' id='line_1_2' title="bbox 1892 376 2529 451; baseline -0.002 -12"><span class='ocrx_word' id='word_1_2' title='bbox 1892 376 2248 439; x_wconf 72' lang='lat' dir='ltr'>PROCOPII</span> <span class='ocrx_word' id='word_1_3' title='bbox 2286 377 2529 451; x_wconf 82' lang='lat' dir='ltr'><strong>GAZ/EI</strong></span> 
     </span>
    </p>
   </div>
   <div class='ocr_carea' id='block_1_3' title="bbox 3697 372 3828 438">
    <p class='ocr_par' dir='ltr' id='par_1_3' title="bbox 3697 372 3828 438">
     <span class='ocr_line' id='line_1_3' title="bbox 3697 372 3828 438; baseline -0.008 0"><span class='ocrx_word' id='word_1_4' title='bbox 3697 372 3828 438; x_wconf 78' lang='lat'>1500</span> 
     </span>
    </p>
   </div>
   <div class='ocr_carea' id='block_1_4' title="bbox 558 482 2125 561">
    <p class='ocr_par' dir='ltr' id='par_1_4' title="bbox 558 482 2119 561">
     <span class='ocr_line' id='line_1_4' title="bbox 558 482 2119 561; baseline 0.004 -24"><span class='ocrx_word' id='word_1_5' title='bbox 558 500 669 538; x_wconf 83' lang='lat' dir='ltr'>non</span> <span class='ocrx_word' id='word_1_6' title='bbox 715 482 1047 554; x_wconf 90' lang='lat' dir='ltr'><strong>didicerunt,</strong></span> <span class='ocrx_word' id='word_1_7' title='bbox 1096 500 1261 543; x_wconf 81' lang='lat' dir='ltr'><strong>aures</strong></span> <span class='ocrx_word' id='word_1_8' title='bbox 1291 488 1577 544; x_wconf 89' lang='lat' dir='ltr'><strong>turbarum</strong></span> <span class='ocrx_word' id='word_1_9' title='bbox 1609 489 1790 547; x_wconf 84' lang='lat' dir='ltr'><strong>verbis</strong></span> <span class='ocrx_word' id='word_1_10' title='bbox 1824 490 2119 561; x_wconf 79' lang='lat' dir='ltr'><strong>compositi</strong></span> 
     </span>
    </p>
   </div>
   <div class='ocr_carea' id='block_1_5' title="bbox 2230 482 3826 561">
    <p class='ocr_par' dir='ltr' id='par_1_5' title="bbox 2252 484 3826 559">
     <span class='ocr_line' id='line_1_5' title="bbox 2252 484 3826 559; baseline -0.001 -19"><span class='ocrx_word' id='word_1_11' title='bbox 2252 486 2301 540; x_wconf 86' lang='grc' dir='ltr'>οί</span> <span class='ocrx_word' id='word_1_12' title='bbox 2330 485 2582 541; x_wconf 74' lang='grc' dir='ltr'>ἐντεῦθεν</span> <span class='ocrx_word' id='word_1_13' title='bbox 2642 486 2718 559; x_wconf 86' lang='grc' dir='ltr'>μὴ</span> <span class='ocrx_word' id='word_1_14' title='bbox 2782 486 3211 559; x_wconf 81' lang='grc' dir='ltr'>πεπαιδευμένοι</span> <span class='ocrx_word' id='word_1_15' title='bbox 3238 484 3308 540; x_wconf 81' lang='grc' dir='ltr'>τὰ</span> <span class='ocrx_word' id='word_1_16' title='bbox 3336 484 3459 539; x_wconf 82' lang='grc' dir='ltr'>θεῖα</span> <span class='ocrx_word' id='word_1_17' title='bbox 3526 484 3826 555; x_wconf 74' lang='grc' dir='ltr'>ἀδόλεσχοι.</span> 
     </span>
    </p>
   </div>
   <div class='ocr_carea' id='block_1_6' title="bbox 556 574 2141 654">
    <p class='ocr_par' dir='ltr' id='par_1_6' title="bbox 556 574 2141 654">
     <span class='ocr_line' id='line_1_6' title="bbox 556 574 2141 654; baseline 0.008 -26"><span class='ocrx_word' id='word_1_18' title='bbox 556 574 797 644; x_wconf 84' lang='lat' dir='ltr'><strong>fallunt,</strong></span> <span class='ocrx_word' id='word_1_19' title='bbox 843 592 1023 647; x_wconf 87' lang='lat' dir='ltr'><strong>neque</strong></span> <span class='ocrx_word' id='word_1_20' title='bbox 1078 578 1293 637; x_wconf 90' lang='lat' dir='ltr'><strong>animas</strong></span> <span class='ocrx_word' id='word_1_21' title='bbox 1355 582 1666 639; x_wconf 89' lang='lat' dir='ltr'><strong>esurientes</strong></span> <span class='ocrx_word' id='word_1_22' title='bbox 1704 593 1940 654; x_wconf 89' lang='lat' dir='ltr'><strong>pascunt</strong></span> <span class='ocrx_word' id='word_1_23' title='bbox 1997 600 2141 654; x_wconf 90' lang='lat' dir='ltr'><strong>pane</strong></span> 
     </span>
    </p>
   </div>
   <div class='ocr_carea' id='block_1_7' title="bbox 556 667 1667 747">
    <p class='ocr_par' dir='ltr' id='par_1_7' title="bbox 556 667 1667 747">
     <span class='ocr_line' id='line_1_7' title="bbox 556 667 1667 747; baseline 0.007 -24"><span class='ocrx_word' id='word_1_24' title='bbox 556 667 622 723; x_wconf 85' lang='lat' dir='ltr'>de</span> <span class='ocrx_word' id='word_1_25' title='bbox 650 667 796 725; x_wconf 68' lang='lat' dir='ltr'><strong>caelo</strong></span> <span class='ocrx_word' id='word_1_26' title='bbox 827 668 1093 739; x_wconf 89' lang='lat' dir='ltr'><strong>demisso,</strong></span> <span class='ocrx_word' id='word_1_27' title='bbox 1122 686 1233 744; x_wconf 90' lang='lat' dir='ltr'>quo</span> <span class='ocrx_word' id='word_1_28' title='bbox 1272 672 1667 747; x_wconf 75' lang='lat' dir='ltr'><strong>firmarentur.</strong></span> 
     </span>
    </p>
   </div>
   <div class='ocr_carea' id='block_1_8' title="bbox 628 927 2139 1013">
    <p class='ocr_par' dir='ltr' id='par_1_8' title="bbox 628 927 2139 1013">
     <span class='ocr_line' id='line_1_8' title="bbox 628 927 2139 1013; baseline 0.013 -33"><span class='ocrx_word' id='word_1_29' title='bbox 628 927 800 988; x_wconf 72' lang='lat' dir='ltr'><strong>Vsus.</strong></span> <span class='ocrx_word' id='word_1_30' title='bbox 826 930 919 986; x_wconf 71' lang='lat' dir='ltr'><strong>2i.</strong></span> <span class='ocrx_word' id='word_1_31' title='bbox 957 931 1227 989; x_wconf 83' lang='lat' dir='ltr'><strong>Probatur</strong></span> <span class='ocrx_word' id='word_1_32' title='bbox 1254 952 1447 991; x_wconf 88' lang='lat' dir='ltr'><strong>aurum</strong></span> <span class='ocrx_word' id='word_1_33' title='bbox 1488 947 1537 993; x_wconf 91' lang='lat' dir='ltr'>et</span> <span class='ocrx_word' id='word_1_34' title='bbox 1567 951 1843 1010; x_wconf 77' lang='lat' dir='ltr'>argentum</span> <span class='ocrx_word' id='word_1_35' title='bbox 1886 943 2016 1013; x_wconf 88' lang='lat' dir='ltr'><strong>igni,</strong></span> <span class='ocrx_word' id='word_1_36' title='bbox 2061 946 2139 1001; x_wconf 81' lang='lat' dir='ltr'>vir</span> 
     </span>
    </p>
   </div>
   <div class='ocr_carea' id='block_1_9' title="bbox 553 1022 2136 1099">
    <p class='ocr_par' dir='ltr' id='par_1_9' title="bbox 553 1022 2136 1099">
     <span class='ocr_line' id='line_1_9' title="bbox 553 1022 2136 1099; baseline 0.011 -25"><span class='ocrx_word' id='word_1_37' title='bbox 553 1030 735 1075; x_wconf 82' lang='lat' dir='ltr'><strong>autem</strong></span> <span class='ocrx_word' id='word_1_38' title='bbox 767 1039 856 1078; x_wconf 87' lang='lat' dir='ltr'>ore</span> <span class='ocrx_word' id='word_1_39' title='bbox 884 1022 1223 1079; x_wconf 76' lang='lat' dir='ltr'>laudantium</span> <span class='ocrx_word' id='word_1_40' title='bbox 1248 1043 1387 1083; x_wconf 87' lang='lat' dir='ltr'><strong>eum.</strong></span> <span class='ocrx_word' id='word_1_41' title='bbox 1418 1028 1720 1099; x_wconf 80' lang='lat' dir='ltr'><strong>Argentum</strong></span> <span class='ocrx_word' id='word_1_42' title='bbox 1759 1040 1814 1088; x_wconf 86' lang='lat' dir='ltr'>ct</span> <span class='ocrx_word' id='word_1_43' title='bbox 1855 1048 2048 1089; x_wconf 89' lang='lat' dir='ltr'><strong>aurum</strong></span> <span class='ocrx_word' id='word_1_44' title='bbox 2081 1035 2136 1092; x_wconf 85' lang='lat' dir='ltr'>in</span> 
     </span>
    </p>
   </div>
   <div class='ocr_carea' id='block_1_10' title="bbox 555 1114 2138 1194">
    <p class='ocr_par' dir='ltr' id='par_1_10' title="bbox 555 1114 2138 1194">
     <span class='ocr_line' id='line_1_10' title="bbox 555 1114 2138 1194; baseline 0.011 -28"><span class='ocrx_word' id='word_1_45' title='bbox 555 1114 772 1169; x_wconf 87' lang='lat' dir='ltr'><strong>camino</strong></span> <span class='ocrx_word' id='word_1_46' title='bbox 824 1115 968 1187; x_wconf 76' lang='lat' dir='ltr'><strong>ignis</strong></span> <span class='ocrx_word' id='word_1_47' title='bbox 1025 1118 1349 1187; x_wconf 89' lang='lat' dir='ltr'><strong>probantur,</strong></span> <span class='ocrx_word' id='word_1_48' title='bbox 1404 1131 1589 1177; x_wconf 85' lang='lat' dir='ltr'><strong>utrum</strong></span> <span class='ocrx_word' id='word_1_49' title='bbox 1649 1139 1818 1194; x_wconf 88' lang='lat' dir='ltr'><strong>pura,</strong></span> <span class='ocrx_word' id='word_1_50' title='bbox 1861 1140 1930 1181; x_wconf 89' lang='lat' dir='ltr'>an</span> <span class='ocrx_word' id='word_1_51' title='bbox 1973 1129 2138 1184; x_wconf 88' lang='lat' dir='ltr'><strong>mista</strong></span> 
     </span>
    </p>
   </div>
   <div class='ocr_carea' id='block_1_11' title="bbox 553 1203 2138 1289">
    <p class='ocr_par' dir='ltr' id='par_1_11' title="bbox 553 1203 2138 1289">
     <span class='ocr_line' id='line_1_11' title="bbox 553 1203 2138 1289; baseline 0.011 -30"><span class='ocrx_word' id='word_1_52' title='bbox 553 1203 701 1270; x_wconf 86' lang='lat' dir='ltr'><strong>sint;</strong></span> <span class='ocrx_word' id='word_1_53' title='bbox 733 1213 788 1261; x_wconf 86' lang='lat' dir='ltr'>et</span> <span class='ocrx_word' id='word_1_54' title='bbox 816 1207 982 1262; x_wconf 88' lang='lat' dir='ltr'><strong>homo</strong></span> <span class='ocrx_word' id='word_1_55' title='bbox 1011 1209 1105 1280; x_wconf 91' lang='lat' dir='ltr'>qui</span> <span class='ocrx_word' id='word_1_56' title='bbox 1137 1225 1246 1266; x_wconf 87' lang='lat' dir='ltr'>non</span> <span class='ocrx_word' id='word_1_57' title='bbox 1269 1214 1441 1282; x_wconf 78' lang='lat' dir='ltr'>servit</span> <span class='ocrx_word' id='word_1_58' title='bbox 1469 1216 1839 1284; x_wconf 85' lang='lat' dir='ltr'><strong>passionibus,</strong></span> <span class='ocrx_word' id='word_1_59' title='bbox 1873 1220 2138 1289; x_wconf 88' lang='lat' dir='ltr'><strong>probatur</strong></span> 
     </span>
    </p>
   </div>
   <div class='ocr_carea' id='block_1_12' title="bbox 554 1295 2135 1381">
    <p class='ocr_par' dir='ltr' id='par_1_12' title="bbox 554 1295 2135 1381">
     <span class='ocr_line' id='line_1_12' title="bbox 554 1295 2135 1381; baseline 0.016 -34"><span class='ocrx_word' id='word_1_60' title='bbox 554 1304 609 1347; x_wconf 86' lang='lat' dir='ltr'>et</span> <span class='ocrx_word' id='word_1_61' title='bbox 659 1295 1003 1366; x_wconf 79' lang='lat' dir='ltr'><strong>dignoscitur</strong></span> <span class='ocrx_word' id='word_1_62' title='bbox 1052 1302 1311 1359; x_wconf 80' lang='lat' dir='ltr'><strong>laudibus</strong></span> <span class='ocrx_word' id='word_1_63' title='bbox 1359 1306 1568 1375; x_wconf 85' lang='lat' dir='ltr'><strong>quibus</strong></span> <span class='ocrx_word' id='word_1_64' title='bbox 1624 1308 1963 1381; x_wconf 74' lang='lat' dir='ltr'><strong>illustratur,</strong></span> <span class='ocrx_word' id='word_1_65' title='bbox 2006 1331 2135 1371; x_wconf 89' lang='lat' dir='ltr'>num</span> 
     </span>
    </p>
   </div>
   <div class='ocr_carea' id='block_1_13' title="bbox 554 1386 1469 1467">
    <p class='ocr_par' dir='ltr' id='par_1_13' title="bbox 554 1386 1469 1467">
     <span class='ocr_line' id='line_1_13' title="bbox 554 1386 1469 1467; baseline 0.014 -27"><span class='ocrx_word' id='word_1_66' title='bbox 554 1386 627 1440; x_wconf 87' lang='lat' dir='ltr'>sit</span> <span class='ocrx_word' id='word_1_67' title='bbox 650 1386 898 1458; x_wconf 81' lang='lat' dir='ltr'><strong>humilis,</strong></span> <span class='ocrx_word' id='word_1_68' title='bbox 932 1392 1015 1448; x_wconf 86' lang='lat' dir='ltr'><strong>vel</strong></span> <span class='ocrx_word' id='word_1_69' title='bbox 1048 1392 1173 1450; x_wconf 91' lang='lat' dir='ltr'><strong>inde</strong></span> <span class='ocrx_word' id='word_1_70' title='bbox 1208 1398 1469 1467; x_wconf 84' lang='lat' dir='ltr'><strong>erigatur.</strong></span> 
     </span>
    </p>
   </div>
   <div class='ocr_carea' id='block_1_14' title="bbox 622 1656 2135 1746">
    <p class='ocr_par' dir='ltr' id='par_1_14' title="bbox 622 1656 2135 1746">
     <span class='ocr_line' id='line_1_14' title="bbox 622 1656 2135 1746; baseline 0.016 -37"><span class='ocrx_word' id='word_1_71' title='bbox 622 1656 729 1710; x_wconf 82' lang='lat' dir='ltr'><strong>Cor</strong></span> <span class='ocrx_word' id='word_1_72' title='bbox 760 1659 924 1731; x_wconf 85' lang='lat' dir='ltr'><strong>iniqui</strong></span> <span class='ocrx_word' id='word_1_73' title='bbox 951 1666 1182 1734; x_wconf 76' lang='lat' dir='ltr'><strong>exquirit</strong></span> <span class='ocrx_word' id='word_1_74' title='bbox 1215 1668 1382 1733; x_wconf 85' lang='lat' dir='ltr'><strong>mala,</strong></span> <span class='ocrx_word' id='word_1_75' title='bbox 1426 1685 1518 1723; x_wconf 90' lang='lat' dir='ltr'>cor</span> <span class='ocrx_word' id='word_1_76' title='bbox 1545 1679 1722 1725; x_wconf 85' lang='lat' dir='ltr'><strong>autem</strong></span> <span class='ocrx_word' id='word_1_77' title='bbox 1750 1682 1951 1729; x_wconf 81' lang='lat' dir='ltr'><strong>rectum</strong></span> <span class='ocrx_word' id='word_1_78' title='bbox 1988 1692 2135 1746; x_wconf 75' lang='lat' dir='ltr'><strong>qua:-</strong></span> 
     </span>
    </p>
   </div>
   <div class='ocr_carea' id='block_1_15' title="bbox 549 1749 2133 1828">
    <p class='ocr_par' dir='ltr' id='par_1_15' title="bbox 549 1749 2133 1828">
     <span class='ocr_line' id='line_1_15' title="bbox 549 1749 2133 1828; baseline 0.016 -28"><span class='ocrx_word' id='word_1_79' title='bbox 549 1749 619 1801; x_wconf 86' lang='lat' dir='ltr'>rit</span> <span class='ocrx_word' id='word_1_80' title='bbox 652 1751 948 1808; x_wconf 77' lang='lat' dir='ltr'><strong>scientiam.</strong></span> <span class='ocrx_word' id='word_1_81' title='bbox 988 1753 1310 1828; x_wconf 83' lang='lat' dir='ltr'><strong>Voluptates</strong></span> <span class='ocrx_word' id='word_1_82' title='bbox 1350 1770 1407 1817; x_wconf 88' lang='lat' dir='ltr'>et</span> <span class='ocrx_word' id='word_1_83' title='bbox 1452 1762 1749 1819; x_wconf 84' lang='lat' dir='ltr'><strong>vindictam</strong></span> <span class='ocrx_word' id='word_1_84' title='bbox 1793 1767 1862 1822; x_wconf 91' lang='lat' dir='ltr'>de</span> <span class='ocrx_word' id='word_1_85' title='bbox 1894 1766 2133 1825; x_wconf 91' lang='lat' dir='ltr'><strong>inimicis</strong></span> 
     </span>
    </p>
   </div>
   <div class='ocr_carea' id='block_1_16' title="bbox 551 1840 2207 1927">
    <p class='ocr_par' dir='ltr' id='par_1_16' title="bbox 551 1840 2207 1927">
     <span class='ocr_line' id='line_1_16' title="bbox 551 1840 2207 1927; baseline 0.018 -35"><span class='ocrx_word' id='word_1_86' title='bbox 551 1840 845 1899; x_wconf 85' lang='lat' dir='ltr'><strong>immodice</strong></span> <span class='ocrx_word' id='word_1_87' title='bbox 879 1852 1248 1918; x_wconf 78' lang='lat' dir='ltr'><strong>persequitur,</strong></span> <span class='ocrx_word' id='word_1_88' title='bbox 1287 1853 1385 1909; x_wconf 88' lang='lat' dir='ltr'><strong>ille</strong></span> <span class='ocrx_word' id='word_1_89' title='bbox 1419 1856 1512 1924; x_wconf 89' lang='lat' dir='ltr'>qui</span> <span class='ocrx_word' id='word_1_90' title='bbox 1550 1859 1728 1915; x_wconf 87' lang='lat' dir='ltr'><strong>nescit</strong></span> <span class='ocrx_word' id='word_1_91' title='bbox 1762 1860 1980 1918; x_wconf 83' lang='lat' dir='ltr'><strong>ratione</strong></span> <span class='ocrx_word' id='word_1_92' title='bbox 2028 1862 2128 1918; x_wconf 81' lang='lat' dir='ltr'><strong>do-</strong></span> <span class='ocrx_word' id='word_1_93' title='bbox 2163 1872 2207 1927; x_wconf 83' lang='grc' dir='ltr'><strong>Β</strong></span> 
     </span>
    </p>
   </div>
   <div class='ocr_carea' id='block_1_17' title="bbox 550 1933 2131 2022">
    <p class='ocr_par' dir='ltr' id='par_1_17' title="bbox 550 1933 2131 2022">
     <span class='ocr_line' id='line_1_17' title="bbox 550 1933 2131 2022; baseline 0.017 -37"><span class='ocrx_word' id='word_1_94' title='bbox 550 1933 749 1988; x_wconf 80' lang='lat' dir='ltr'><strong>minari</strong></span> <span class='ocrx_word' id='word_1_95' title='bbox 778 1950 892 1991; x_wconf 74' lang='lat' dir='ltr'><strong>suae</strong></span> <span class='ocrx_word' id='word_1_96' title='bbox 920 1939 1228 2009; x_wconf 89' lang='lat' dir='ltr'><strong>cupiditati,</strong></span> <span class='ocrx_word' id='word_1_97' title='bbox 1276 1954 1371 1999; x_wconf 92' lang='lat' dir='ltr'>aut</span> <span class='ocrx_word' id='word_1_98' title='bbox 1407 1945 1612 2015; x_wconf 85' lang='lat' dir='ltr'><strong>furori;</strong></span> <span class='ocrx_word' id='word_1_99' title='bbox 1653 1967 1889 2022; x_wconf 91' lang='lat' dir='ltr'><strong>quorum</strong></span> <span class='ocrx_word' id='word_1_100' title='bbox 1937 1954 2028 2010; x_wconf 90' lang='lat' dir='ltr'><strong>illa</strong></span> <span class='ocrx_word' id='word_1_101' title='bbox 2071 1956 2131 2012; x_wconf 89' lang='lat' dir='ltr'>in</span> 
     </span>
    </p>
   </div>
   <div class='ocr_carea' id='block_1_18' title="bbox 545 2025 2132 2115">
    <p class='ocr_par' dir='ltr' id='par_1_18' title="bbox 545 2025 2132 2115">
     <span class='ocr_line' id='line_1_18' title="bbox 545 2025 2132 2115; baseline 0.018 -39"><span class='ocrx_word' id='word_1_102' title='bbox 545 2025 884 2082; x_wconf 79' lang='lat' dir='ltr'><strong>essnlvendo</strong></span> <span class='ocrx_word' id='word_1_103' title='bbox 906 2031 1094 2088; x_wconf 90' lang='lat' dir='ltr'><strong>cordis</strong></span> <span class='ocrx_word' id='word_1_104' title='bbox 1146 2032 1452 2105; x_wconf 88' lang='lat' dir='ltr'><strong>desiderio,</strong></span> <span class='ocrx_word' id='word_1_105' title='bbox 1488 2039 1590 2096; x_wconf 90' lang='lat' dir='ltr'><strong>iste</strong></span> <span class='ocrx_word' id='word_1_106' title='bbox 1624 2040 1681 2096; x_wconf 92' lang='lat' dir='ltr'>in</span> <span class='ocrx_word' id='word_1_107' title='bbox 1716 2046 2007 2115; x_wconf 82' lang='lat' dir='ltr'><strong>sanguinis</strong></span> <span class='ocrx_word' id='word_1_108' title='bbox 2044 2047 2132 2103; x_wconf 90' lang='lat' dir='ltr'><strong>in-</strong></span> 
     </span>
    </p>
   </div>
   <div class='ocr_carea' id='block_1_19' title="bbox 468 2113 2131 2197">
    <p class='ocr_par' dir='ltr' id='par_1_19' title="bbox 468 2113 2131 2197">
     <span class='ocr_line' id='line_1_19' title="bbox 468 2113 2131 2197; baseline 0.019 -32"><span class='ocrx_word' id='word_1_109' title='bbox 468 2182 469 2185; x_wconf 17' lang='grc' dir='ltr'><strong>η</strong></span> <span class='ocrx_word' id='word_1_110' title='bbox 544 2113 918 2176; x_wconf 80' lang='lat' dir='ltr'><strong>ﬂammatione</strong></span> <span class='ocrx_word' id='word_1_111' title='bbox 949 2122 1098 2178; x_wconf 90' lang='lat' dir='ltr'><strong>circa</strong></span> <span class='ocrx_word' id='word_1_112' title='bbox 1122 2127 1425 2195; x_wconf 61' lang='lat' dir='ltr'><strong>praeordia</strong></span> <span class='ocrx_word' id='word_1_113' title='bbox 1455 2133 1734 2190; x_wconf 91' lang='lat' dir='ltr'><strong>consistit.</strong></span> <span class='ocrx_word' id='word_1_114' title='bbox 1771 2113 1968 2192; x_wconf 80' lang='lat' dir='ltr'><strong>Anima</strong></span> <span class='ocrx_word' id='word_1_115' title='bbox 2000 2156 2131 2197; x_wconf 89' lang='lat' dir='ltr'><strong>vero</strong></span> 
     </span>
    </p>
   </div>
   <div class='ocr_carea' id='block_1_20' title="bbox 544 2208 2130 2293">
    <p class='ocr_par' dir='ltr' id='par_1_20' title="bbox 544 2208 2130 2293">
     <span class='ocr_line' id='line_1_20' title="bbox 544 2208 2130 2293; baseline 0.018 -33"><span class='ocrx_word' id='word_1_116' title='bbox 544 2223 667 2277; x_wconf 70' lang='lat' dir='ltr'><strong>qua:</strong></span> <span class='ocrx_word' id='word_1_117' title='bbox 705 2208 915 2267; x_wconf 88' lang='lat' dir='ltr'><strong>lumine</strong></span> <span class='ocrx_word' id='word_1_118' title='bbox 938 2225 994 2269; x_wconf 87' lang='lat' dir='ltr'>et</span> <span class='ocrx_word' id='word_1_119' title='bbox 1023 2214 1141 2286; x_wconf 73' lang='lat' dir='ltr'><strong>lege</strong></span> <span class='ocrx_word' id='word_1_120' title='bbox 1169 2220 1407 2275; x_wconf 88' lang='lat' dir='ltr'><strong>naturali</strong></span> <span class='ocrx_word' id='word_1_121' title='bbox 1444 2233 1591 2280; x_wconf 88' lang='lat' dir='ltr'><strong>recte</strong></span> <span class='ocrx_word' id='word_1_122' title='bbox 1620 2225 1850 2293; x_wconf 87' lang='lat' dir='ltr'><strong>incedit,</strong></span> <span class='ocrx_word' id='word_1_123' title='bbox 1883 2241 1937 2287; x_wconf 92' lang='lat' dir='ltr'>et</span> <span class='ocrx_word' id='word_1_124' title='bbox 1970 2231 2130 2290; x_wconf 85' lang='lat' dir='ltr'><strong>intel-</strong></span> 
     </span>
    </p>
   </div>
   <div class='ocr_carea' id='block_1_21' title="bbox 544 2299 2128 2395">
    <p class='ocr_par' dir='ltr' id='par_1_21' title="bbox 544 2299 2128 2395">
     <span class='ocr_line' id='line_1_21' title="bbox 544 2299 2128 2395; baseline 0.018 -43"><span class='ocrx_word' id='word_1_125' title='bbox 544 2299 722 2355; x_wconf 90' lang='lat' dir='ltr'><strong>lectus</strong></span> <span class='ocrx_word' id='word_1_126' title='bbox 766 2303 989 2360; x_wconf 92' lang='lat' dir='ltr'><strong>oculum</strong></span> <span class='ocrx_word' id='word_1_127' title='bbox 1028 2306 1098 2363; x_wconf 88' lang='lat' dir='ltr'>ab</span> <span class='ocrx_word' id='word_1_128' title='bbox 1144 2311 1295 2365; x_wconf 91' lang='lat' dir='ltr'><strong>omni</strong></span> <span class='ocrx_word' id='word_1_129' title='bbox 1337 2313 1537 2370; x_wconf 90' lang='lat' dir='ltr'><strong>nebula</strong></span> <span class='ocrx_word' id='word_1_130' title='bbox 1572 2319 1893 2387; x_wconf 84' lang='lat' dir='ltr'><strong>passionum</strong></span> <span class='ocrx_word' id='word_1_131' title='bbox 1931 2340 2128 2395; x_wconf 90' lang='lat' dir='ltr'><strong>purum</strong></span> 
     </span>
    </p>
   </div>
   <div class='ocr_carea' id='block_1_22' title="bbox 543 2393 2130 2475">
    <p class='ocr_par' dir='ltr' id='par_1_22' title="bbox 543 2393 2130 2475">
     <span class='ocr_line' id='line_1_22' title="bbox 543 2393 2130 2475; baseline 0.021 -32"><span class='ocrx_word' id='word_1_132' title='bbox 543 2393 806 2460; x_wconf 88' lang='lat' dir='ltr'><strong>custodit,</strong></span> <span class='ocrx_word' id='word_1_133' title='bbox 839 2394 933 2450; x_wconf 92' lang='lat' dir='ltr'><strong>illa</strong></span> <span class='ocrx_word' id='word_1_134' title='bbox 976 2400 1176 2469; x_wconf 61' lang='lat' dir='ltr'><strong>quaerit</strong></span> <span class='ocrx_word' id='word_1_135' title='bbox 1204 2402 1508 2462; x_wconf 89' lang='lat' dir='ltr'><strong>illuminari</strong></span> <span class='ocrx_word' id='word_1_136' title='bbox 1549 2407 1621 2466; x_wconf 89' lang='lat' dir='ltr'>de</span> <span class='ocrx_word' id='word_1_137' title='bbox 1669 2393 1978 2471; x_wconf 14' lang='lat' dir='ltr'><strong>scientiisia</strong></span> <span class='ocrx_word' id='word_1_138' title='bbox 2018 2416 2130 2475; x_wconf 90' lang='lat' dir='ltr'><strong>Deo</strong></span> 
     </span>
    </p>
   </div>
   <div class='ocr_carea' id='block_1_23' title="bbox 542 2485 1090 2548">
    <p class='ocr_par' dir='ltr' id='par_1_23' title="bbox 542 2485 1090 2548">
     <span class='ocr_line' id='line_1_23' title="bbox 542 2485 1090 2548; baseline 0.02 -11"><span class='ocrx_word' id='word_1_139' title='bbox 542 2485 788 2541; x_wconf 87' lang='lat' dir='ltr'><strong>omnium</strong></span> <span class='ocrx_word' id='word_1_140' title='bbox 817 2496 1090 2548; x_wconf 86' lang='lat' dir='ltr'><strong>creatore.</strong></span> 
     </span>
    </p>
   </div>
   <div class='ocr_carea' id='block_1_24' title="bbox 611 2658 2129 2751">
    <p class='ocr_par' dir='ltr' id='par_1_24' title="bbox 611 2658 2129 2751">
     <span class='ocr_line' id='line_1_24' title="bbox 611 2658 2129 2751; baseline 0.02 -37"><span class='ocrx_word' id='word_1_141' title='bbox 611 2658 782 2720; x_wconf 73' lang='lat' dir='ltr'><strong>Vens.</strong></span> <span class='ocrx_word' id='word_1_142' title='bbox 797 2662 890 2721; x_wconf 74' lang='lat'>22.</span> <span class='ocrx_word' id='word_1_143' title='bbox 914 2664 976 2722; x_wconf 89' lang='lat' dir='ltr'><strong>Si</strong></span> <span class='ocrx_word' id='word_1_144' title='bbox 992 2667 1367 2740; x_wconf 77' lang='lat' dir='ltr'><strong>ﬂagellaoeris,</strong></span> <span class='ocrx_word' id='word_1_145' title='bbox 1384 2683 1435 2728; x_wconf 88' lang='lat' dir='ltr'><strong>et</strong></span> <span class='ocrx_word' id='word_1_146' title='bbox 1457 2674 1801 2743; x_wconf 74' lang='lat' dir='ltr'><strong>infamaveris</strong></span> <span class='ocrx_word' id='word_1_147' title='bbox 1823 2681 2129 2751; x_wconf 75' lang='lat' dir='ltr'><strong>impruden-</strong></span> 
     </span>
    </p>
   </div>
   <div class='ocr_carea' id='block_1_25' title="bbox 544 2755 2125 2847">
    <p class='ocr_par' dir='ltr' id='par_1_25' title="bbox 544 2755 2125 2847">
     <span class='ocr_line' id='line_1_25' title="bbox 544 2755 2125 2847; baseline 0.017 -40"><span class='ocrx_word' id='word_1_148' title='bbox 544 2763 647 2807; x_wconf 62' lang='lat' dir='ltr'>tem</span> <span class='ocrx_word' id='word_1_149' title='bbox 672 2755 725 2810; x_wconf 88' lang='lat' dir='ltr'>in</span> <span class='ocrx_word' id='word_1_150' title='bbox 749 2757 919 2814; x_wconf 84' lang='lat' dir='ltr'><strong>medio</strong></span> <span class='ocrx_word' id='word_1_151' title='bbox 939 2762 1185 2830; x_wconf 87' lang='lat' dir='ltr'><strong>concilio,</strong></span> <span class='ocrx_word' id='word_1_152' title='bbox 1204 2765 1614 2834; x_wconf 77' lang='lat' dir='ltr'><strong>imprudentiam</strong></span> <span class='ocrx_word' id='word_1_153' title='bbox 1634 2770 1749 2839; x_wconf 87' lang='lat' dir='ltr'><strong>ejus</strong></span> <span class='ocrx_word' id='word_1_154' title='bbox 1769 2789 1874 2828; x_wconf 84' lang='lat' dir='ltr'>non</span> <span class='ocrx_word' id='word_1_155' title='bbox 1898 2777 2125 2847; x_wconf 77' lang='lat' dir='ltr'><strong>auferes.</strong></span> 
     </span>
    </p>
   </div>
   <div class='ocr_carea' id='block_1_26' title="bbox 541 2843 2131 2939">
    <p class='ocr_par' dir='ltr' id='par_1_26' title="bbox 541 2843 2131 2939">
     <span class='ocr_line' id='line_1_26' title="bbox 541 2843 2131 2939; baseline 0.018 -42"><span class='ocrx_word' id='word_1_156' title='bbox 541 2843 697 2899; x_wconf 85' lang='lat' dir='ltr'><strong>Licet</strong></span> <span class='ocrx_word' id='word_1_157' title='bbox 747 2846 1202 2908; x_wconf 86' lang='lat' dir='ltr'><strong>irrationabiliter</strong></span> <span class='ocrx_word' id='word_1_158' title='bbox 1243 2856 1516 2913; x_wconf 85' lang='lat' dir='ltr'><strong>viventem</strong></span> <span class='ocrx_word' id='word_1_159' title='bbox 1569 2843 2131 2939; x_wconf 85' lang='lat' dir='ltr'><strong>corripueris,eique</strong></span> 
     </span>
    </p>
   </div>
   <div class='ocr_carea' id='block_1_27' title="bbox 540 2937 2129 3030">
    <p class='ocr_par' dir='ltr' id='par_1_27' title="bbox 540 2937 2129 3030">
     <span class='ocr_line' id='line_1_27' title="bbox 540 2937 2129 3030; baseline 0.019 -44"><span class='ocrx_word' id='word_1_160' title='bbox 540 2945 669 2989; x_wconf 89' lang='lat' dir='ltr'><strong>ante</strong></span> <span class='ocrx_word' id='word_1_161' title='bbox 700 2937 1115 2998; x_wconf 88' lang='lat' dir='ltr'><strong>multitudinem</strong></span> <span class='ocrx_word' id='word_1_162' title='bbox 1164 2943 1663 3007; x_wconf 84' lang='lat' dir='ltr'><strong>circumsedentem</strong></span> <span class='ocrx_word' id='word_1_163' title='bbox 1703 2950 1965 3023; x_wconf 85' lang='lat' dir='ltr'><strong>pudorem</strong></span> <span class='ocrx_word' id='word_1_164' title='bbox 1992 2937 2129 3030; x_wconf 81' lang='lat' dir='ltr'><strong>inje-</strong></span> 
     </span>
    </p>
   </div>
   <div class='ocr_carea' id='block_1_28' title="bbox 540 3029 2130 3114">
    <p class='ocr_par' dir='ltr' id='par_1_28' title="bbox 540 3029 2130 3114">
     <span class='ocr_line' id='line_1_28' title="bbox 540 3029 2130 3114; baseline 0.018 -34"><span class='ocrx_word' id='word_1_165' title='bbox 540 3029 710 3093; x_wconf 92' lang='lat' dir='ltr'><strong>ceris,</strong></span> <span class='ocrx_word' id='word_1_166' title='bbox 743 3030 892 3087; x_wconf 86' lang='lat' dir='ltr'><strong>hunc</strong></span> <span class='ocrx_word' id='word_1_167' title='bbox 919 3048 1062 3089; x_wconf 64' lang='lat' dir='ltr'><strong>caeca</strong></span> <span class='ocrx_word' id='word_1_168' title='bbox 1093 3035 1146 3091; x_wconf 91' lang='lat' dir='ltr'>in</span> <span class='ocrx_word' id='word_1_169' title='bbox 1179 3040 1384 3094; x_wconf 88' lang='lat' dir='ltr'><strong>malum</strong></span> <span class='ocrx_word' id='word_1_170' title='bbox 1416 3046 1781 3114; x_wconf 87' lang='lat' dir='ltr'><strong>propensione</strong></span> <span class='ocrx_word' id='word_1_171' title='bbox 1825 3065 1931 3104; x_wconf 89' lang='lat' dir='ltr'>non</span> <span class='ocrx_word' id='word_1_172' title='bbox 1968 3066 2130 3108; x_wconf 87' lang='lat' dir='ltr'><strong>sana-</strong></span> 
     </span>
    </p>
   </div>
   <div class='ocr_carea' id='block_1_29' title="bbox 541 3120 2124 3217">
    <p class='ocr_par' dir='ltr' id='par_1_29' title="bbox 541 3120 2124 3217">
     <span class='ocr_line' id='line_1_29' title="bbox 541 3120 2124 3217; baseline 0.018 -44"><span class='ocrx_word' id='word_1_173' title='bbox 541 3120 646 3176; x_wconf 89' lang='lat' dir='ltr'><strong>bis.</strong></span> <span class='ocrx_word' id='word_1_174' title='bbox 696 3120 927 3182; x_wconf 85' lang='lat' dir='ltr'><strong>Omnem</strong></span> <span class='ocrx_word' id='word_1_175' title='bbox 978 3128 1180 3197; x_wconf 88' lang='lat' dir='ltr'><strong>abjecit</strong></span> <span class='ocrx_word' id='word_1_176' title='bbox 1228 3132 1495 3203; x_wconf 86' lang='lat' dir='ltr'><strong>pudorem</strong></span> <span class='ocrx_word' id='word_1_177' title='bbox 1554 3138 1902 3210; x_wconf 88' lang='lat' dir='ltr'><strong>impudenter</strong></span> <span class='ocrx_word' id='word_1_178' title='bbox 1943 3146 2124 3217; x_wconf 88' lang='lat' dir='ltr'><strong>turpia</strong></span> 
     </span>
    </p>
   </div>
   <div class='ocr_carea' id='block_1_30' title="bbox 539 3228 730 3283">
    <p class='ocr_par' dir='ltr' id='par_1_30' title="bbox 539 3228 730 3283">
     <span class='ocr_line' id='line_1_30' title="bbox 539 3228 730 3283; baseline 0.016 -17"><span class='ocrx_word' id='word_1_179' title='bbox 539 3228 730 3283; x_wconf 80' lang='lat' dir='ltr'><strong>agens.</strong></span> 
     </span>
    </p>
   </div>
   <div class='ocr_carea' id='block_1_31' title="bbox 616 3305 2120 3404">
    <p class='ocr_par' dir='ltr' id='par_1_31' title="bbox 616 3305 2120 3404">
     <span class='ocr_line' id='line_1_31' title="bbox 616 3305 2120 3404; baseline 0.018 -44"><span class='ocrx_word' id='word_1_180' title='bbox 616 3305 777 3365; x_wconf 73' lang='lat' dir='ltr'><strong>Vsus.</strong></span> <span class='ocrx_word' id='word_1_181' title='bbox 806 3310 897 3376; x_wconf 64' lang='grc' dir='ltr'>εδ,</span> <span class='ocrx_word' id='word_1_182' title='bbox 927 3311 1018 3369; x_wconf 75' lang='grc'>24.</span> <span class='ocrx_word' id='word_1_183' title='bbox 1050 3312 1334 3373; x_wconf 78' lang='lat' dir='ltr'><strong>Evidenter</strong></span> <span class='ocrx_word' id='word_1_184' title='bbox 1397 3338 1683 3393; x_wconf 79' lang='lat' dir='ltr'><strong>cognoscas</strong></span> <span class='ocrx_word' id='word_1_185' title='bbox 1723 3327 1930 3384; x_wconf 86' lang='lat' dir='ltr'><strong>animas</strong></span> <span class='ocrx_word' id='word_1_186' title='bbox 1951 3334 2120 3404; x_wconf 82' lang='lat' dir='ltr'><strong>gregis</strong></span> 
     </span>
    </p>
   </div>
   <div class='ocr_carea' id='block_1_32' title="bbox 540 3400 2122 3493">
    <p class='ocr_par' dir='ltr' id='par_1_32' title="bbox 540 3400 2122 3493">
     <span class='ocr_line' id='line_1_32' title="bbox 540 3400 2122 3493; baseline 0.018 -41"><span class='ocrx_word' id='word_1_187' title='bbox 540 3400 642 3464; x_wconf 89' lang='lat' dir='ltr'><strong>tui,</strong></span> <span class='ocrx_word' id='word_1_188' title='bbox 669 3410 717 3455; x_wconf 79' lang='lat' dir='ltr'>ct</span> <span class='ocrx_word' id='word_1_189' title='bbox 751 3404 1045 3471; x_wconf 83' lang='lat' dir='ltr'><strong>applicabis</strong></span> <span class='ocrx_word' id='word_1_190' title='bbox 1080 3425 1173 3464; x_wconf 86' lang='lat' dir='ltr'>cor</span> <span class='ocrx_word' id='word_1_191' title='bbox 1212 3420 1361 3469; x_wconf 85' lang='lat' dir='ltr'><strong>tuum</strong></span> <span class='ocrx_word' id='word_1_192' title='bbox 1403 3420 1660 3474; x_wconf 77' lang='lat' dir='ltr'><strong>armentis</strong></span> <span class='ocrx_word' id='word_1_193' title='bbox 1706 3422 1833 3488; x_wconf 87' lang='lat' dir='ltr'><strong>tuis,</strong></span> <span class='ocrx_word' id='word_1_194' title='bbox 1870 3400 2122 3493; x_wconf 82' lang='lat' dir='ltr'><strong>quoniam</strong></span> 
     </span>
    </p>
   </div>
   <div class='ocr_carea' id='block_1_33' title="bbox 537 3494 2118 3587">
    <p class='ocr_par' dir='ltr' id='par_1_33' title="bbox 537 3494 2118 3587">
     <span class='ocr_line' id='line_1_33' title="bbox 537 3494 2118 3587; baseline 0.018 -42"><span class='ocrx_word' id='word_1_195' title='bbox 537 3510 643 3547; x_wconf 79' lang='lat' dir='ltr'>mn</span> <span class='ocrx_word' id='word_1_196' title='bbox 681 3494 737 3547; x_wconf 88' lang='lat' dir='ltr'>in</span> <span class='ocrx_word' id='word_1_197' title='bbox 765 3496 1019 3553; x_wconf 71' lang='lat' dir='ltr'><strong>sarculum</strong></span> <span class='ocrx_word' id='word_1_198' title='bbox 1046 3501 1158 3555; x_wconf 82' lang='lat' dir='ltr'><strong>viro</strong></span> <span class='ocrx_word' id='word_1_199' title='bbox 1184 3505 1346 3558; x_wconf 81' lang='lat' dir='ltr'><strong>robur</strong></span> <span class='ocrx_word' id='word_1_200' title='bbox 1384 3516 1435 3560; x_wconf 89' lang='lat' dir='ltr'><strong>et</strong></span> <span class='ocrx_word' id='word_1_201' title='bbox 1466 3508 1748 3580; x_wconf 79' lang='lat' dir='ltr'><strong>fortitudo,</strong></span> <span class='ocrx_word' id='word_1_202' title='bbox 1778 3529 1940 3587; x_wconf 86' lang='lat' dir='ltr'><strong>neque</strong></span> <span class='ocrx_word' id='word_1_203' title='bbox 1977 3517 2118 3573; x_wconf 86' lang='lat' dir='ltr'><strong>cibos</strong></span> 
     </span>
    </p>
   </div>
   <div class='ocr_carea' id='block_1_34' title="bbox 537 3586 2117 3669">
    <p class='ocr_par' dir='ltr' id='par_1_34' title="bbox 537 3586 2117 3669">
     <span class='ocr_line' id='line_1_34' title="bbox 537 3586 2117 3669; baseline 0.018 -30"><span class='ocrx_word' id='word_1_204' title='bbox 537 3586 706 3642; x_wconf 82' lang='lat' dir='ltr'><strong>tradit</strong></span> <span class='ocrx_word' id='word_1_205' title='bbox 747 3604 781 3643; x_wconf 76' lang='grc' dir='ltr'>α</span> <span class='ocrx_word' id='word_1_206' title='bbox 818 3592 1152 3661; x_wconf 87' lang='lat' dir='ltr'><strong>generatione</strong></span> <span class='ocrx_word' id='word_1_207' title='bbox 1195 3595 1249 3650; x_wconf 84' lang='lat' dir='ltr'>in</span> <span class='ocrx_word' id='word_1_208' title='bbox 1293 3602 1704 3669; x_wconf 83' lang='lat' dir='ltr'><strong>generationem.</strong></span> <span class='ocrx_word' id='word_1_209' title='bbox 1754 3586 1875 3664; x_wconf 84' lang='lat' dir='ltr'><strong>Non</strong></span> <span class='ocrx_word' id='word_1_210' title='bbox 1935 3610 2117 3667; x_wconf 87' lang='lat' dir='ltr'><strong>solum</strong></span> 
     </span>
    </p>
   </div>
   <div class='ocr_carea' id='block_1_35' title="bbox 536 3680 2116 3768">
    <p class='ocr_par' dir='ltr' id='par_1_35' title="bbox 536 3680 2116 3768">
     <span class='ocr_line' id='line_1_35' title="bbox 536 3680 2116 3768; baseline 0.019 -39"><span class='ocrx_word' id='word_1_211' title='bbox 536 3692 600 3730; x_wconf 83' lang='lat' dir='ltr'><strong>ex</strong></span> <span class='ocrx_word' id='word_1_212' title='bbox 634 3680 880 3735; x_wconf 78' lang='lat' dir='ltr'><strong>externis</strong></span> <span class='ocrx_word' id='word_1_213' title='bbox 911 3683 1182 3753; x_wconf 89' lang='lat' dir='ltr'><strong>moribus,</strong></span> <span class='ocrx_word' id='word_1_214' title='bbox 1202 3700 1235 3741; x_wconf 89' lang='grc' dir='ltr'>ο</span> <span class='ocrx_word' id='word_1_215' title='bbox 1254 3697 1443 3759; x_wconf 90' lang='lat' dir='ltr'><strong>pastor</strong></span> <span class='ocrx_word' id='word_1_216' title='bbox 1470 3694 1878 3752; x_wconf 88' lang='lat' dir='ltr'><strong>rationabilium</strong></span> <span class='ocrx_word' id='word_1_217' title='bbox 1908 3700 2116 3768; x_wconf 91' lang='lat' dir='ltr'><strong>ovium,</strong></span> 
     </span>
    </p>
   </div>
   <div class='ocr_carea' id='block_1_36' title="bbox 538 3770 2118 3855">
    <p class='ocr_par' dir='ltr' id='par_1_36' title="bbox 538 3770 2118 3855">
     <span class='ocr_line' id='line_1_36' title="bbox 538 3770 2118 3855; baseline 0.019 -31"><span class='ocrx_word' id='word_1_218' title='bbox 538 3770 817 3840; x_wconf 85' lang='lat' dir='ltr'><strong>sapienter</strong></span> <span class='ocrx_word' id='word_1_219' title='bbox 847 3771 1152 3845; x_wconf 88' lang='lat' dir='ltr'><strong>discipulos</strong></span> <span class='ocrx_word' id='word_1_220' title='bbox 1188 3791 1409 3850; x_wconf 87' lang='lat' dir='ltr'><strong>oportet</strong></span> <span class='ocrx_word' id='word_1_221' title='bbox 1447 3784 1793 3855; x_wconf 82' lang='lat' dir='ltr'><strong>tejudicare,</strong></span> <span class='ocrx_word' id='word_1_222' title='bbox 1826 3806 1964 3849; x_wconf 79' lang='lat' dir='ltr'><strong>sane</strong></span> <span class='ocrx_word' id='word_1_223' title='bbox 1988 3811 2118 3854; x_wconf 88' lang='lat' dir='ltr'><strong>vero</strong></span> 
     </span>
    </p>
   </div>
   <div class='ocr_carea' id='block_1_37' title="bbox 536 3860 2118 3946">
    <p class='ocr_par' dir='ltr' id='par_1_37' title="bbox 536 3860 2118 3946">
     <span class='ocr_line' id='line_1_37' title="bbox 536 3860 2118 3946; baseline 0.019 -32"><span class='ocrx_word' id='word_1_224' title='bbox 536 3860 809 3933; x_wconf 79' lang='lat' dir='ltr'><strong>quidquid</strong></span> <span class='ocrx_word' id='word_1_225' title='bbox 844 3864 914 3920; x_wconf 87' lang='lat' dir='ltr'>ad</span> <span class='ocrx_word' id='word_1_226' title='bbox 957 3881 1055 3924; x_wconf 92' lang='lat' dir='ltr'>eos</span> <span class='ocrx_word' id='word_1_227' title='bbox 1078 3868 1274 3926; x_wconf 88' lang='lat' dir='ltr'><strong>attinet</strong></span> <span class='ocrx_word' id='word_1_228' title='bbox 1318 3880 1588 3942; x_wconf 86' lang='lat' dir='ltr'><strong>spectare,</strong></span> <span class='ocrx_word' id='word_1_229' title='bbox 1633 3887 1878 3939; x_wconf 88' lang='lat' dir='ltr'><strong>secretas</strong></span> <span class='ocrx_word' id='word_1_230' title='bbox 1916 3888 2118 3946; x_wconf 90' lang='lat' dir='ltr'><strong>mentis</strong></span> 
     </span>
    </p>
   </div>
   <div class='ocr_carea' id='block_1_38' title="bbox 536 3953 2116 4038">
    <p class='ocr_par' dir='ltr' id='par_1_38' title="bbox 536 3953 2116 4038">
     <span class='ocr_line' id='line_1_38' title="bbox 536 3953 2116 4038; baseline 0.018 -30"><span class='ocrx_word' id='word_1_231' title='bbox 536 3953 929 4023; x_wconf 86' lang='lat' dir='ltr'><strong>dispositiones</strong></span> <span class='ocrx_word' id='word_1_232' title='bbox 983 3972 1326 4031; x_wconf 77' lang='lat' dir='ltr'><strong>agnoscere,</strong></span> <span class='ocrx_word' id='word_1_233' title='bbox 1391 3966 1534 4038; x_wconf 88' lang='lat' dir='ltr'><strong>aptis</strong></span> <span class='ocrx_word' id='word_1_234' title='bbox 1589 3972 1851 4031; x_wconf 87' lang='lat' dir='ltr'><strong>remediis</strong></span> <span class='ocrx_word' id='word_1_235' title='bbox 1907 3974 2116 4038; x_wconf 83' lang='lat' dir='ltr'><strong>debiles</strong></span> 
     </span>
    </p>
   </div>
   <div class='ocr_carea' id='block_1_39' title="bbox 535 4043 2113 4140">
    <p class='ocr_par' dir='ltr' id='par_1_39' title="bbox 535 4043 2113 4140">
     <span class='ocr_line' id='line_1_39' title="bbox 535 4043 2113 4140; baseline 0.018 -43"><span class='ocrx_word' id='word_1_236' title='bbox 535 4043 751 4102; x_wconf 89' lang='lat' dir='ltr'><strong>animas</strong></span> <span class='ocrx_word' id='word_1_237' title='bbox 775 4062 806 4102; x_wconf 86' lang='lat' dir='ltr'>a</span> <span class='ocrx_word' id='word_1_238' title='bbox 834 4050 1073 4106; x_wconf 87' lang='lat' dir='ltr'><strong>tumultu</strong></span> <span class='ocrx_word' id='word_1_239' title='bbox 1106 4056 1426 4123; x_wconf 88' lang='lat' dir='ltr'><strong>passionum</strong></span> <span class='ocrx_word' id='word_1_240' title='bbox 1460 4059 1716 4129; x_wconf 86' lang='lat' dir='ltr'><strong>liberare,</strong></span> <span class='ocrx_word' id='word_1_241' title='bbox 1739 4080 1905 4125; x_wconf 88' lang='lat' dir='ltr'><strong>sanas</strong></span> <span class='ocrx_word' id='word_1_242' title='bbox 1933 4085 2113 4140; x_wconf 90' lang='lat' dir='ltr'><strong>quan-</strong></span> 
     </span>
    </p>
   </div>
   <div class='ocr_carea' id='block_1_40' title="bbox 529 4597 2103 4690">
    <p class='ocr_par' dir='ltr' id='par_1_40' title="bbox 529 4597 2103 4690">
     <span class='ocr_line' id='line_1_40' title="bbox 529 4597 2103 4690; baseline 0.015 -37"><span class='ocrx_word' id='word_1_243' title='bbox 529 4597 930 4671; x_wconf 89' lang='lat' dir='ltr'><strong>discipulorum</strong></span> <span class='ocrx_word' id='word_1_244' title='bbox 977 4604 1218 4662; x_wconf 77' lang='lat' dir='ltr'><strong>ctetibus</strong></span> <span class='ocrx_word' id='word_1_245' title='bbox 1263 4618 1481 4679; x_wconf 86' lang='lat' dir='ltr'><strong>oportet</strong></span> <span class='ocrx_word' id='word_1_246' title='bbox 1517 4612 1762 4669; x_wconf 89' lang='lat' dir='ltr'><strong>animum</strong></span> <span class='ocrx_word' id='word_1_247' title='bbox 1806 4619 2103 4690; x_wconf 87' lang='lat' dir='ltr'><strong>applicare,</strong></span> 
     </span>
    </p>
   </div>
   <div class='ocr_carea' id='block_1_41' title="bbox 525 4694 2103 4775">
    <p class='ocr_par' dir='ltr' id='par_1_41' title="bbox 525 4694 2103 4775">
     <span class='ocr_line' id='line_1_41' title="bbox 525 4694 2103 4775; baseline 0.014 -30"><span class='ocrx_word' id='word_1_248' title='bbox 525 4707 650 4763; x_wconf 72' lang='lat' dir='ltr'><strong>quae</strong></span> <span class='ocrx_word' id='word_1_249' title='bbox 682 4694 962 4764; x_wconf 83' lang='lat' dir='ltr'><strong>pertinent</strong></span> <span class='ocrx_word' id='word_1_250' title='bbox 990 4697 1058 4752; x_wconf 85' lang='lat' dir='ltr'>ad</span> <span class='ocrx_word' id='word_1_251' title='bbox 1089 4712 1186 4755; x_wconf 87' lang='lat' dir='ltr'>eos</span> <span class='ocrx_word' id='word_1_252' title='bbox 1231 4700 1423 4757; x_wconf 85' lang='lat' dir='ltr'><strong>sedulo</strong></span> <span class='ocrx_word' id='word_1_253' title='bbox 1454 4704 1833 4775; x_wconf 88' lang='lat' dir='ltr'><strong>considerare,</strong></span> <span class='ocrx_word' id='word_1_254' title='bbox 1856 4719 1911 4765; x_wconf 92' lang='lat' dir='ltr'>et</span> <span class='ocrx_word' id='word_1_255' title='bbox 1937 4726 2103 4767; x_wconf 87' lang='lat' dir='ltr'><strong>cura-</strong></span> 
     </span>
    </p>
   </div>
   <div class='ocr_carea' id='block_1_42' title="bbox 525 4784 2104 4869">
    <p class='ocr_par' dir='ltr' id='par_1_42' title="bbox 525 4784 2104 4869">
     <span class='ocr_line' id='line_1_42' title="bbox 525 4784 2104 4869; baseline 0.015 -31"><span class='ocrx_word' id='word_1_256' title='bbox 525 4784 833 4850; x_wconf 90' lang='lat' dir='ltr'><strong>tionem,ut</strong></span> <span class='ocrx_word' id='word_1_257' title='bbox 859 4786 1039 4853; x_wconf 90' lang='lat' dir='ltr'><strong>decet,</strong></span> <span class='ocrx_word' id='word_1_258' title='bbox 1073 4791 1350 4860; x_wconf 92' lang='lat' dir='ltr'><strong>amplecti.</strong></span> <span class='ocrx_word' id='word_1_259' title='bbox 1386 4792 1600 4851; x_wconf 85' lang='lat' dir='ltr'><strong>Etenim</strong></span> <span class='ocrx_word' id='word_1_260' title='bbox 1630 4801 1876 4869; x_wconf 83' lang='lat' dir='ltr'><strong>quandiu</strong></span> <span class='ocrx_word' id='word_1_261' title='bbox 1911 4802 1967 4858; x_wconf 93' lang='lat' dir='ltr'>in</span> <span class='ocrx_word' id='word_1_262' title='bbox 1998 4804 2104 4861; x_wconf 88' lang='lat' dir='ltr'>hoc</span> 
     </span>
    </p>
   </div>
   <div class='ocr_carea' id='block_1_43' title="bbox 2249 577 3833 651">
    <p class='ocr_par' dir='ltr' id='par_1_43' title="bbox 2249 577 3833 651">
     <span class='ocr_line' id='line_1_43' title="bbox 2249 577 3833 651; baseline -0.001 -20"><span class='ocrx_word' id='word_1_263' title='bbox 2249 578 2488 650; x_wconf 79' lang='grc' dir='ltr'>κομψείᾳ</span> <span class='ocrx_word' id='word_1_264' title='bbox 2516 578 2688 648; x_wconf 89' lang='grc' dir='ltr'>λόγων</span> <span class='ocrx_word' id='word_1_265' title='bbox 2708 578 2807 642; x_wconf 88' lang='grc' dir='ltr'>τάς</span> <span class='ocrx_word' id='word_1_266' title='bbox 2831 578 3002 642; x_wconf 79' lang='grc' dir='ltr'>ἀκοὰς</span> <span class='ocrx_word' id='word_1_267' title='bbox 3032 578 3145 633; x_wconf 90' lang='grc' dir='ltr'>τῶν</span> <span class='ocrx_word' id='word_1_268' title='bbox 3167 578 3380 633; x_wconf 83' lang='grc' dir='ltr'>πολλῶν</span> <span class='ocrx_word' id='word_1_269' title='bbox 3403 577 3833 651; x_wconf 81' lang='grc' dir='ltr'>καταγοητεύονο</span> 
     </span>
    </p>
   </div>
   <div class='ocr_carea' id='block_1_44' title="bbox 2245 667 3832 742">
    <p class='ocr_par' dir='ltr' id='par_1_44' title="bbox 2245 667 3832 742">
     <span class='ocr_line' id='line_1_44' title="bbox 2245 667 3832 742; baseline -0.002 -19"><span class='ocrx_word' id='word_1_270' title='bbox 2245 686 2357 734; x_wconf 87' lang='grc' dir='ltr'>τες,</span> <span class='ocrx_word' id='word_1_271' title='bbox 2390 669 2487 724; x_wconf 76' lang='grc' dir='ltr'>καὶ</span> <span class='ocrx_word' id='word_1_272' title='bbox 2519 670 2593 741; x_wconf 82' lang='grc' dir='ltr'>μὴ</span> <span class='ocrx_word' id='word_1_273' title='bbox 2622 670 2915 742; x_wconf 76' lang='grc' dir='ltr'>τρέφοντες</span> <span class='ocrx_word' id='word_1_274' title='bbox 2933 668 3033 732; x_wconf 83' lang='grc' dir='ltr'>τὰς</span> <span class='ocrx_word' id='word_1_275' title='bbox 3061 669 3398 741; x_wconf 85' lang='grc' dir='ltr'>όρεγομένας</span> <span class='ocrx_word' id='word_1_276' title='bbox 3424 667 3610 739; x_wconf 72' lang='grc' dir='ltr'>ψυχὰς</span> <span class='ocrx_word' id='word_1_277' title='bbox 3642 667 3739 720; x_wconf 87' lang='grc' dir='ltr'>τοῦ</span> <span class='ocrx_word' id='word_1_278' title='bbox 3770 667 3832 720; x_wconf 80' lang='grc' dir='ltr'>ὲκ</span> 
     </span>
    </p>
   </div>
   <div class='ocr_carea' id='block_1_45' title="bbox 2244 760 3832 835">
    <p class='ocr_par' dir='ltr' id='par_1_45' title="bbox 2244 760 3832 835">
     <span class='ocr_line' id='line_1_45' title="bbox 2244 760 3832 835; baseline 0 -20"><span class='ocrx_word' id='word_1_279' title='bbox 2244 760 2340 815; x_wconf 90' lang='grc' dir='ltr'>τοῦ</span> <span class='ocrx_word' id='word_1_280' title='bbox 2374 760 2606 833; x_wconf 81' lang='grc' dir='ltr'>οὐρανοῦ</span> <span class='ocrx_word' id='word_1_281' title='bbox 2632 762 3055 829; x_wconf 89' lang='grc' dir='ltr'>καταϐαίνοντος</span> <span class='ocrx_word' id='word_1_282' title='bbox 3087 763 3281 835; x_wconf 80' lang='grc' dir='ltr'>ἄρτου,</span> <span class='ocrx_word' id='word_1_283' title='bbox 3323 762 3422 817; x_wconf 79' lang='grc' dir='ltr'>καὶ</span> <span class='ocrx_word' id='word_1_284' title='bbox 3455 761 3666 825; x_wconf 84' lang='grc' dir='ltr'>ταύτας</span> <span class='ocrx_word' id='word_1_285' title='bbox 3710 763 3832 832; x_wconf 79' lang='grc' dir='ltr'>στή-</span> 
     </span>
    </p>
   </div>
   <div class='ocr_carea' id='block_1_46' title="bbox 2247 852 2506 925">
    <p class='ocr_par' dir='ltr' id='par_1_46' title="bbox 2247 852 2506 925">
     <span class='ocr_line' id='line_1_46' title="bbox 2247 852 2506 925; baseline 0.015 -19"><span class='ocrx_word' id='word_1_286' title='bbox 2247 852 2506 925; x_wconf 75' lang='grc' dir='ltr'>ρίζοντος.</span> 
     </span>
    </p>
   </div>
   <div class='ocr_carea' id='block_1_47' title="bbox 2317 947 3833 1021">
    <p class='ocr_par' dir='ltr' id='par_1_47' title="bbox 2317 947 3833 1021">
     <span class='ocr_line' id='line_1_47' title="bbox 2317 947 3833 1021; baseline 0.011 -21"><span class='ocrx_word' id='word_1_287' title='bbox 2317 954 2422 1004; x_wconf 84' lang='grc' dir='ltr'>κα’.</span> <span class='ocrx_word' id='word_1_288' title='bbox 2447 950 2725 1018; x_wconf 78' lang='grc' dir='ltr'>Δοκίμιον</span> <span class='ocrx_word' id='word_1_289' title='bbox 2741 948 2981 1021; x_wconf 76' lang='grc' dir='ltr'>ἀργύρῳ</span> <span class='ocrx_word' id='word_1_290' title='bbox 3000 949 3096 1004; x_wconf 75' lang='grc' dir='ltr'>καί</span> <span class='ocrx_word' id='word_1_291' title='bbox 3114 949 3345 1019; x_wconf 81' lang='grc' dir='ltr'>χρυσῷ,</span> <span class='ocrx_word' id='word_1_292' title='bbox 3366 949 3661 1020; x_wconf 60' lang='grc' dir='ltr'>πύρωσις</span> <span class='ocrx_word' id='word_1_293' title='bbox 3682 947 3833 1016; x_wconf 65' lang='grc' dir='ltr'>ἀνὴρ</span> 
     </span>
    </p>
   </div>
   <div class='ocr_carea' id='block_1_48' title="bbox 2244 1036 3832 1112">
    <p class='ocr_par' dir='ltr' id='par_1_48' title="bbox 2244 1036 3832 1112">
     <span class='ocr_line' id='line_1_48' title="bbox 2244 1036 3832 1112; baseline 0.003 -21"><span class='ocrx_word' id='word_1_294' title='bbox 2244 1036 2313 1091; x_wconf 78' lang='grc' dir='ltr'>δὲ</span> <span class='ocrx_word' id='word_1_295' title='bbox 2337 1037 2705 1110; x_wconf 79' lang='grc' dir='ltr'>δοκιμάζεται</span> <span class='ocrx_word' id='word_1_296' title='bbox 2736 1041 2837 1095; x_wconf 81' lang='grc' dir='ltr'>διὰ</span> <span class='ocrx_word' id='word_1_297' title='bbox 2885 1044 3186 1111; x_wconf 83' lang='grc' dir='ltr'>στόματος</span> <span class='ocrx_word' id='word_1_298' title='bbox 3216 1040 3707 1112; x_wconf 75' lang='grc' dir='ltr'>ἐγκωμιαζόντων</span> <span class='ocrx_word' id='word_1_299' title='bbox 3731 1042 3832 1095; x_wconf 85' lang='grc' dir='ltr'>αὐ-</span> 
     </span>
    </p>
   </div>
   <div class='ocr_carea' id='block_1_49' title="bbox 2243 1131 3831 1207">
    <p class='ocr_par' dir='ltr' id='par_1_49' title="bbox 2243 1131 3831 1207">
     <span class='ocr_line' id='line_1_49' title="bbox 2243 1131 3831 1207; baseline 0.003 -24"><span class='ocrx_word' id='word_1_300' title='bbox 2243 1131 2370 1185; x_wconf 76' lang='grc' dir='ltr'>τόν.</span> <span class='ocrx_word' id='word_1_301' title='bbox 2424 1134 2820 1205; x_wconf 78' lang='grc' dir='ltr'>Δοκιμάζονται</span> <span class='ocrx_word' id='word_1_302' title='bbox 2848 1135 2875 1187; x_wconf 87' lang='grc' dir='ltr'>ό</span> <span class='ocrx_word' id='word_1_303' title='bbox 2909 1135 3012 1206; x_wconf 82' lang='grc' dir='ltr'>μὲν</span> <span class='ocrx_word' id='word_1_304' title='bbox 3063 1135 3305 1207; x_wconf 79' lang='grc' dir='ltr'>ἄργυρος</span> <span class='ocrx_word' id='word_1_305' title='bbox 3345 1136 3441 1190; x_wconf 65' lang='grc' dir='ltr'>καὶ</span> <span class='ocrx_word' id='word_1_306' title='bbox 3476 1136 3505 1189; x_wconf 82' lang='grc' dir='ltr'><strong>ὁ</strong></span> <span class='ocrx_word' id='word_1_307' title='bbox 3536 1134 3744 1206; x_wconf 71' lang='grc' dir='ltr'>χρυσὸς</span> <span class='ocrx_word' id='word_1_308' title='bbox 3777 1135 3831 1187; x_wconf 77' lang='grc' dir='ltr'>ὲν</span> 
     </span>
    </p>
   </div>
   <div class='ocr_carea' id='block_1_50' title="bbox 2243 1221 3827 1298">
    <p class='ocr_par' dir='ltr' id='par_1_50' title="bbox 2243 1221 3827 1298">
     <span class='ocr_line' id='line_1_50' title="bbox 2243 1221 3827 1298; baseline 0.004 -24"><span class='ocrx_word' id='word_1_309' title='bbox 2243 1223 2463 1294; x_wconf 78' lang='grc' dir='ltr'>καμίνῳ</span> <span class='ocrx_word' id='word_1_310' title='bbox 2485 1224 2839 1296; x_wconf 77' lang='grc' dir='ltr'>πυρούμενοι,</span> <span class='ocrx_word' id='word_1_311' title='bbox 2872 1225 2968 1281; x_wconf 75' lang='grc' dir='ltr'>ἐὰν</span> <span class='ocrx_word' id='word_1_312' title='bbox 2989 1221 3092 1281; x_wconf 79' lang='grc' dir='ltr'>ὦσι</span> <span class='ocrx_word' id='word_1_313' title='bbox 3128 1226 3383 1298; x_wconf 75' lang='grc' dir='ltr'>καθαροὶ,</span> <span class='ocrx_word' id='word_1_314' title='bbox 3412 1228 3508 1280; x_wconf 72' lang='grc' dir='ltr'>καὶ</span> <span class='ocrx_word' id='word_1_315' title='bbox 3540 1226 3618 1298; x_wconf 80' lang='grc' dir='ltr'>μὴ</span> <span class='ocrx_word' id='word_1_316' title='bbox 3642 1227 3827 1297; x_wconf 70' lang='grc' dir='ltr'>κίϐδηι</span> 
     </span>
    </p>
   </div>
   <div class='ocr_carea' id='block_1_51' title="bbox 2242 1314 3832 1394">
    <p class='ocr_par' dir='ltr' id='par_1_51' title="bbox 2242 1314 3832 1394">
     <span class='ocr_line' id='line_1_51' title="bbox 2242 1314 3832 1394; baseline 0.005 -27"><span class='ocrx_word' id='word_1_317' title='bbox 2242 1314 2322 1368; x_wconf 90' lang='grc' dir='ltr'>λοι</span> <span class='ocrx_word' id='word_1_318' title='bbox 2340 1331 2355 1345; x_wconf 79' lang='grc' dir='ltr'><strong>ο</strong></span> <span class='ocrx_word' id='word_1_319' title='bbox 2394 1317 2422 1369; x_wconf 89' lang='grc' dir='ltr'>ό</span> <span class='ocrx_word' id='word_1_320' title='bbox 2446 1316 2492 1370; x_wconf 82' lang='grc' dir='ltr'>δ’</span> <span class='ocrx_word' id='word_1_321' title='bbox 2522 1319 2803 1383; x_wconf 85' lang='grc' dir='ltr'>ἀνένδοτος</span> <span class='ocrx_word' id='word_1_322' title='bbox 2825 1322 2939 1384; x_wconf 82' lang='grc' dir='ltr'>τοῖς</span> <span class='ocrx_word' id='word_1_323' title='bbox 2970 1320 3201 1376; x_wconf 83' lang='grc' dir='ltr'>πάθεσιν</span> <span class='ocrx_word' id='word_1_324' title='bbox 3225 1320 3538 1394; x_wconf 77' lang='grc' dir='ltr'>ἄνθρωπος.</span> <span class='ocrx_word' id='word_1_325' title='bbox 3576 1320 3832 1385; x_wconf 75' lang='grc' dir='ltr'>ἐξετάζε-</span> 
     </span>
    </p>
   </div>
   <div class='ocr_carea' id='block_1_52' title="bbox 2241 1408 3834 1481">
    <p class='ocr_par' dir='ltr' id='par_1_52' title="bbox 2241 1408 3834 1481">
     <span class='ocr_line' id='line_1_52' title="bbox 2241 1408 3834 1481; baseline 0.003 -21"><span class='ocrx_word' id='word_1_326' title='bbox 2241 1424 2333 1460; x_wconf 85' lang='grc' dir='ltr'>ται</span> <span class='ocrx_word' id='word_1_327' title='bbox 2363 1408 2458 1461; x_wconf 77' lang='grc' dir='ltr'>καὶ</span> <span class='ocrx_word' id='word_1_328' title='bbox 2479 1410 2807 1481; x_wconf 82' lang='grc' dir='ltr'>γνωρίζεται</span> <span class='ocrx_word' id='word_1_329' title='bbox 2829 1414 2888 1466; x_wconf 85' lang='grc' dir='ltr'>ὲν</span> <span class='ocrx_word' id='word_1_330' title='bbox 2913 1415 3027 1477; x_wconf 83' lang='grc' dir='ltr'>τοῖς</span> <span class='ocrx_word' id='word_1_331' title='bbox 3079 1412 3188 1467; x_wconf 90' lang='grc' dir='ltr'>τῶν</span> <span class='ocrx_word' id='word_1_332' title='bbox 3234 1414 3611 1467; x_wconf 71' lang='grc' dir='ltr'>ἐπαινούντων</span> <span class='ocrx_word' id='word_1_333' title='bbox 3670 1413 3834 1466; x_wconf 69' lang='grc' dir='ltr'>αὑτὸν</span> 
     </span>
    </p>
   </div>
   <div class='ocr_carea' id='block_1_53' title="bbox 2241 1497 3834 1577">
    <p class='ocr_par' dir='ltr' id='par_1_53' title="bbox 2241 1497 3834 1577">
     <span class='ocr_line' id='line_1_53' title="bbox 2241 1497 3834 1577; baseline 0.004 -26"><span class='ocrx_word' id='word_1_334' title='bbox 2241 1497 2562 1571; x_wconf 74' lang='grc' dir='ltr'>ἐγκωμίοις,</span> <span class='ocrx_word' id='word_1_335' title='bbox 2619 1502 2715 1557; x_wconf 79' lang='grc' dir='ltr'>ἐὰν</span> <span class='ocrx_word' id='word_1_336' title='bbox 2766 1503 3145 1577; x_wconf 78' lang='grc' dir='ltr'>ταπεινόφρων</span> <span class='ocrx_word' id='word_1_337' title='bbox 3206 1507 3314 1577; x_wconf 77' lang='grc' dir='ltr'>εἴη,</span> <span class='ocrx_word' id='word_1_338' title='bbox 3362 1505 3458 1560; x_wconf 75' lang='grc' dir='ltr'>καὶ</span> <span class='ocrx_word' id='word_1_339' title='bbox 3494 1504 3575 1577; x_wconf 81' lang='grc' dir='ltr'>μὴ</span> <span class='ocrx_word' id='word_1_340' title='bbox 3610 1504 3834 1570; x_wconf 76' lang='grc' dir='ltr'>τοὺτοις</span> 
     </span>
    </p>
   </div>
   <div class='ocr_carea' id='block_1_54' title="bbox 2241 1592 2555 1665">
    <p class='ocr_par' dir='ltr' id='par_1_54' title="bbox 2241 1592 2555 1665">
     <span class='ocr_line' id='line_1_54' title="bbox 2241 1592 2555 1665; baseline 0.01 -20"><span class='ocrx_word' id='word_1_341' title='bbox 2241 1592 2555 1665; x_wconf 80' lang='grc' dir='ltr'>ὲπαίρηται.</span> 
     </span>
    </p>
   </div>
   <div class='ocr_carea' id='block_1_55' title="bbox 2311 1705 3831 1781">
    <p class='ocr_par' dir='ltr' id='par_1_55' title="bbox 2311 1705 3831 1781">
     <span class='ocr_line' id='line_1_55' title="bbox 2311 1705 3831 1781; baseline 0.004 -22"><span class='ocrx_word' id='word_1_342' title='bbox 2311 1705 2537 1774; x_wconf 85' lang='grc' dir='ltr'>Καρδία</span> <span class='ocrx_word' id='word_1_343' title='bbox 2555 1707 2786 1779; x_wconf 79' lang='grc' dir='ltr'>ἀνόμου</span> <span class='ocrx_word' id='word_1_344' title='bbox 2812 1709 3051 1780; x_wconf 64' lang='grc' dir='ltr'>ἐπιζητεῖ</span> <span class='ocrx_word' id='word_1_345' title='bbox 3070 1710 3246 1766; x_wconf 81' lang='grc' dir='ltr'>κακά’</span> <span class='ocrx_word' id='word_1_346' title='bbox 3281 1711 3499 1781; x_wconf 82' lang='grc' dir='ltr'>καρδία</span> <span class='ocrx_word' id='word_1_347' title='bbox 3526 1711 3599 1766; x_wconf 78' lang='grc' dir='ltr'>δὲ</span> <span class='ocrx_word' id='word_1_348' title='bbox 3624 1710 3831 1768; x_wconf 82' lang='grc' dir='ltr'>εὐθεῖα</span> 
     </span>
    </p>
   </div>
   <div class='ocr_carea' id='block_1_56' title="bbox 2238 1796 3831 1877">
    <p class='ocr_par' dir='ltr' id='par_1_56' title="bbox 2238 1796 3831 1877">
     <span class='ocr_line' id='line_1_56' title="bbox 2238 1796 3831 1877; baseline 0.006 -27"><span class='ocrx_word' id='word_1_349' title='bbox 2238 1796 2473 1865; x_wconf 81' lang='grc' dir='ltr'>ἐκζητεῖ</span> <span class='ocrx_word' id='word_1_350' title='bbox 2492 1800 2743 1869; x_wconf 78' lang='grc' dir='ltr'>γνῶσιν.</span> <span class='ocrx_word' id='word_1_351' title='bbox 2781 1804 2844 1856; x_wconf 87' lang='grc' dir='ltr'><strong>Ἥ</strong></span> <span class='ocrx_word' id='word_1_352' title='bbox 2868 1804 3019 1876; x_wconf 78' lang='grc' dir='ltr'>ψυχὴ</span> <span class='ocrx_word' id='word_1_353' title='bbox 3060 1804 3159 1861; x_wconf 86' lang='grc' dir='ltr'>τοῦ</span> <span class='ocrx_word' id='word_1_354' title='bbox 3189 1806 3434 1877; x_wconf 81' lang='grc' dir='ltr'>μὴκατὰ</span> <span class='ocrx_word' id='word_1_355' title='bbox 3488 1807 3652 1875; x_wconf 91' lang='grc' dir='ltr'>λόγον</span> <span class='ocrx_word' id='word_1_356' title='bbox 3710 1808 3831 1860; x_wconf 82' lang='grc' dir='ltr'>ἑπι-</span> 
     </span>
    </p>
   </div>
   <div class='ocr_carea' id='block_1_57' title="bbox 2235 1892 3829 1970">
    <p class='ocr_par' dir='ltr' id='par_1_57' title="bbox 2235 1892 3829 1970">
     <span class='ocr_line' id='line_1_57' title="bbox 2235 1892 3829 1970; baseline 0.006 -28"><span class='ocrx_word' id='word_1_357' title='bbox 2235 1892 2560 1957; x_wconf 83' lang='grc' dir='ltr'>στατοῦντος</span> <span class='ocrx_word' id='word_1_358' title='bbox 2615 1896 2683 1966; x_wconf 83' lang='grc' dir='ltr'>τῇ</span> <span class='ocrx_word' id='word_1_359' title='bbox 2744 1895 3016 1968; x_wconf 74' lang='grc' dir='ltr'>ἐπιθυμίᾳ</span> <span class='ocrx_word' id='word_1_360' title='bbox 3074 1898 3169 1951; x_wconf 78' lang='grc' dir='ltr'>καὶ</span> <span class='ocrx_word' id='word_1_361' title='bbox 3198 1898 3277 1969; x_wconf 82' lang='grc' dir='ltr'>τῷ</span> <span class='ocrx_word' id='word_1_362' title='bbox 3310 1898 3504 1969; x_wconf 80' lang='grc' dir='ltr'>θυμῷ,</span> <span class='ocrx_word' id='word_1_363' title='bbox 3545 1892 3683 1970; x_wconf 80' lang='grc' dir='ltr'>ὧνὴ</span> <span class='ocrx_word' id='word_1_364' title='bbox 3732 1898 3829 1969; x_wconf 80' lang='grc' dir='ltr'>μὲν</span> 
     </span>
    </p>
   </div>
   <div class='ocr_carea' id='block_1_58' title="bbox 2230 1978 3826 2057">
    <p class='ocr_par' dir='ltr' id='par_1_58' title="bbox 2230 1978 3826 2057">
     <span class='ocr_line' id='line_1_58' title="bbox 2230 1978 3826 2057; baseline 0.005 -25"><span class='ocrx_word' id='word_1_365' title='bbox 2230 1978 2472 2043; x_wconf 79' lang='grc' dir='ltr'>διάλυσίς</span> <span class='ocrx_word' id='word_1_366' title='bbox 2534 1982 2656 2036; x_wconf 76' lang='grc' dir='ltr'>ἐστι</span> <span class='ocrx_word' id='word_1_367' title='bbox 2683 1984 2778 2038; x_wconf 91' lang='grc' dir='ltr'>τοῦ</span> <span class='ocrx_word' id='word_1_368' title='bbox 2836 1985 2970 2055; x_wconf 74' lang='grc' dir='ltr'>περὶ</span> <span class='ocrx_word' id='word_1_369' title='bbox 3007 1986 3237 2057; x_wconf 77' lang='grc' dir='ltr'>καρδίαν</span> <span class='ocrx_word' id='word_1_370' title='bbox 3304 1985 3641 2056; x_wconf 83' lang='grc' dir='ltr'>πνεύματος·</span> <span class='ocrx_word' id='word_1_371' title='bbox 3674 1988 3706 2040; x_wconf 82' lang='grc' dir='ltr'><strong>ὁ</strong></span> <span class='ocrx_word' id='word_1_372' title='bbox 3746 1986 3826 2051; x_wconf 83' lang='grc' dir='ltr'>δὲ,</span> 
     </span>
    </p>
   </div>
   <div class='ocr_carea' id='block_1_59' title="bbox 2231 2069 3827 2150">
    <p class='ocr_par' dir='ltr' id='par_1_59' title="bbox 2231 2069 3827 2150">
     <span class='ocr_line' id='line_1_59' title="bbox 2231 2069 3827 2150; baseline 0.006 -27"><span class='ocrx_word' id='word_1_373' title='bbox 2231 2069 2380 2135; x_wconf 80' lang='grc' dir='ltr'>ζέσις</span> <span class='ocrx_word' id='word_1_374' title='bbox 2428 2073 2524 2126; x_wconf 90' lang='grc' dir='ltr'>τοῦ</span> <span class='ocrx_word' id='word_1_375' title='bbox 2578 2075 2708 2146; x_wconf 78' lang='grc' dir='ltr'>περὶ</span> <span class='ocrx_word' id='word_1_376' title='bbox 2759 2076 2993 2146; x_wconf 83' lang='grc' dir='ltr'>καρδίαν</span> <span class='ocrx_word' id='word_1_377' title='bbox 3025 2078 3294 2148; x_wconf 79' lang='grc' dir='ltr'>αἵματος,</span> <span class='ocrx_word' id='word_1_378' title='bbox 3331 2080 3596 2150; x_wconf 84' lang='grc' dir='ltr'>ἀκρατῶς</span> <span class='ocrx_word' id='word_1_379' title='bbox 3624 2078 3739 2132; x_wconf 83' lang='grc' dir='ltr'>τῶν</span> <span class='ocrx_word' id='word_1_380' title='bbox 3766 2095 3827 2132; x_wconf 90' lang='grc' dir='ltr'>τε</span> 
     </span>
    </p>
   </div>
   <div class='ocr_carea' id='block_1_60' title="bbox 2230 2165 3827 2241">
    <p class='ocr_par' dir='ltr' id='par_1_60' title="bbox 2230 2165 3827 2241">
     <span class='ocr_line' id='line_1_60' title="bbox 2230 2165 3827 2241; baseline 0.004 -23"><span class='ocrx_word' id='word_1_381' title='bbox 2230 2165 2401 2236; x_wconf 66' lang='grc' dir='ltr'>⁴ἡδέων</span> <span class='ocrx_word' id='word_1_382' title='bbox 2430 2165 2707 2237; x_wconf 83' lang='grc' dir='ltr'>ὀρέγεται,</span> <span class='ocrx_word' id='word_1_383' title='bbox 2743 2169 2839 2223; x_wconf 73' lang='grc' dir='ltr'>καὶ</span> <span class='ocrx_word' id='word_1_384' title='bbox 2874 2169 2977 2241; x_wconf 84' lang='grc' dir='ltr'>τῆς</span> <span class='ocrx_word' id='word_1_385' title='bbox 3004 2169 3115 2223; x_wconf 88' lang='grc' dir='ltr'>τῶν</span> <span class='ocrx_word' id='word_1_386' title='bbox 3173 2170 3538 2241; x_wconf 87' lang='grc' dir='ltr'>λυπησάντων</span> <span class='ocrx_word' id='word_1_387' title='bbox 3601 2171 3827 2225; x_wconf 67' lang='grc' dir='ltr'>ἀντιλυ-</span> 
     </span>
    </p>
   </div>
   <div class='ocr_carea' id='block_1_61' title="bbox 2230 2258 3825 2335">
    <p class='ocr_par' dir='ltr' id='par_1_61' title="bbox 2230 2258 3825 2335">
     <span class='ocr_line' id='line_1_61' title="bbox 2230 2258 3825 2335; baseline 0.004 -24"><span class='ocrx_word' id='word_1_388' title='bbox 2230 2258 2475 2328; x_wconf 77' lang='grc' dir='ltr'>πήσεωςο</span> <span class='ocrx_word' id='word_1_389' title='bbox 2506 2260 2539 2330; x_wconf 83' lang='grc' dir='ltr'><strong>ἡ</strong></span> <span class='ocrx_word' id='word_1_390' title='bbox 2570 2259 2627 2313; x_wconf 80' lang='grc' dir='ltr'>δὲ</span> <span class='ocrx_word' id='word_1_391' title='bbox 2654 2259 2734 2332; x_wconf 82' lang='grc' dir='ltr'>τῷ</span> <span class='ocrx_word' id='word_1_392' title='bbox 2755 2259 2905 2331; x_wconf 84' lang='grc' dir='ltr'>λόγῳ</span> <span class='ocrx_word' id='word_1_393' title='bbox 2933 2263 3029 2317; x_wconf 77' lang='grc' dir='ltr'>καὶ</span> <span class='ocrx_word' id='word_1_394' title='bbox 3051 2263 3202 2335; x_wconf 89' lang='grc' dir='ltr'>νόμῳ</span> <span class='ocrx_word' id='word_1_395' title='bbox 3218 2266 3315 2335; x_wconf 84' lang='grc' dir='ltr'>τῆς</span> <span class='ocrx_word' id='word_1_396' title='bbox 3357 2262 3597 2334; x_wconf 82' lang='grc' dir='ltr'>φύσεως,</span> <span class='ocrx_word' id='word_1_397' title='bbox 3643 2262 3825 2317; x_wconf 79' lang='grc' dir='ltr'>ίθυτε-</span> 
     </span>
    </p>
   </div>
   <div class='ocr_carea' id='block_1_62' title="bbox 2229 2339 3826 2424">
    <p class='ocr_par' dir='ltr' id='par_1_62' title="bbox 2229 2339 3826 2424">
     <span class='ocr_line' id='line_1_62' title="bbox 2229 2339 3826 2424; baseline 0.003 -24"><span class='ocrx_word' id='word_1_398' title='bbox 2229 2339 2328 2419; x_wconf 74' lang='grc' dir='ltr'>νῆς</span> <span class='ocrx_word' id='word_1_399' title='bbox 2368 2346 2542 2420; x_wconf 76' lang='grc' dir='ltr'>ψυχὴ,</span> <span class='ocrx_word' id='word_1_400' title='bbox 2575 2349 2652 2415; x_wconf 86' lang='grc' dir='ltr'>ὡς</span> <span class='ocrx_word' id='word_1_401' title='bbox 2677 2351 2740 2404; x_wconf 76' lang='grc' dir='ltr'>τὸ</span> <span class='ocrx_word' id='word_1_402' title='bbox 2768 2350 2956 2423; x_wconf 84' lang='grc' dir='ltr'>νοερὸν</span> <span class='ocrx_word' id='word_1_403' title='bbox 2991 2352 3163 2424; x_wconf 81' lang='grc' dir='ltr'>αὐτῆς</span> <span class='ocrx_word' id='word_1_404' title='bbox 3197 2352 3357 2424; x_wconf 77' lang='grc' dir='ltr'>ὄμμα</span> <span class='ocrx_word' id='word_1_405' title='bbox 3411 2354 3600 2423; x_wconf 81' lang='grc' dir='ltr'>πάσης</span> <span class='ocrx_word' id='word_1_406' title='bbox 3625 2352 3826 2424; x_wconf 79' lang='grc' dir='ltr'>ἀχλύος</span> 
     </span>
    </p>
   </div>
   <div class='ocr_carea' id='block_1_63' title="bbox 2229 2437 3823 2513">
    <p class='ocr_par' dir='ltr' id='par_1_63' title="bbox 2229 2437 3823 2513">
     <span class='ocr_line' id='line_1_63' title="bbox 2229 2437 3823 2513; baseline 0.003 -22"><span class='ocrx_word' id='word_1_407' title='bbox 2229 2437 2420 2493; x_wconf 88' lang='grc' dir='ltr'>παθῶν</span> <span class='ocrx_word' id='word_1_408' title='bbox 2444 2438 2874 2511; x_wconf 80' lang='grc' dir='ltr'>ἀπηλλαγμένον</span> <span class='ocrx_word' id='word_1_409' title='bbox 2920 2442 3363 2512; x_wconf 78' lang='grc' dir='ltr'>διαφυλάττουσα</span> <span class='ocrx_word' id='word_1_410' title='bbox 3404 2442 3672 2513; x_wconf 79' lang='grc' dir='ltr'>καθαρῶς</span> <span class='ocrx_word' id='word_1_411' title='bbox 3702 2442 3823 2496; x_wconf 86' lang='grc' dir='ltr'>κατ’</span> 
     </span>
    </p>
   </div>
   <div class='ocr_carea' id='block_1_64' title="bbox 2228 2527 3820 2605">
    <p class='ocr_par' dir='ltr' id='par_1_64' title="bbox 2228 2527 3820 2605">
     <span class='ocr_line' id='line_1_64' title="bbox 2228 2527 3820 2605; baseline 0.003 -24"><span class='ocrx_word' id='word_1_412' title='bbox 2228 2527 2539 2601; x_wconf 75' lang='grc' dir='ltr'>ἐπιστήμην</span> <span class='ocrx_word' id='word_1_413' title='bbox 2593 2530 2808 2600; x_wconf 74' lang='grc' dir='ltr'>ἐφίεται</span> <span class='ocrx_word' id='word_1_414' title='bbox 2835 2531 2932 2586; x_wconf 88' lang='grc' dir='ltr'>τοῦ</span> <span class='ocrx_word' id='word_1_415' title='bbox 2974 2531 3260 2604; x_wconf 85' lang='grc' dir='ltr'>φωτισμοῦ</span> <span class='ocrx_word' id='word_1_416' title='bbox 3298 2532 3399 2605; x_wconf 84' lang='grc' dir='ltr'>τῆς</span> <span class='ocrx_word' id='word_1_417' title='bbox 3440 2532 3707 2602; x_wconf 83' lang='grc' dir='ltr'>γνώσεως</span> <span class='ocrx_word' id='word_1_418' title='bbox 3726 2529 3820 2586; x_wconf 86' lang='grc' dir='ltr'>τοῦ</span> 
     </span>
    </p>
   </div>
   <div class='ocr_carea' id='block_1_65' title="bbox 2229 2620 2894 2689">
    <p class='ocr_par' dir='ltr' id='par_1_65' title="bbox 2229 2620 2894 2689">
     <span class='ocr_line' id='line_1_65' title="bbox 2229 2620 2894 2689; baseline 0.006 -15"><span class='ocrx_word' id='word_1_419' title='bbox 2229 2620 2447 2675; x_wconf 88' lang='grc' dir='ltr'>πάντων</span> <span class='ocrx_word' id='word_1_420' title='bbox 2472 2621 2648 2676; x_wconf 72' lang='grc' dir='ltr'>αἰτίου</span> <span class='ocrx_word' id='word_1_421' title='bbox 2671 2621 2831 2678; x_wconf 85' lang='grc' dir='ltr'>Θεοῦ.</span> <span class='ocrx_word' id='word_1_422' title='bbox 2889 2684 2894 2689; x_wconf 48' lang='grc'>,</span> 
     </span>
    </p>
   </div>
   <div class='ocr_carea' id='block_1_66' title="bbox 2299 2712 3819 2786">
    <p class='ocr_par' dir='ltr' id='par_1_66' title="bbox 2299 2712 3819 2786">
     <span class='ocr_line' id='line_1_66' title="bbox 2299 2712 3819 2786; baseline 0.002 -18"><span class='ocrx_word' id='word_1_423' title='bbox 2299 2712 2404 2785; x_wconf 80' lang='grc' dir='ltr'>κβ¹.</span> <span class='ocrx_word' id='word_1_424' title='bbox 2430 2713 2572 2770; x_wconf 79' lang='grc' dir='ltr'>Ἐὰν</span> <span class='ocrx_word' id='word_1_425' title='bbox 2588 2714 2908 2785; x_wconf 77' lang='grc' dir='ltr'>μαστιγοῖς</span> <span class='ocrx_word' id='word_1_426' title='bbox 2937 2716 3172 2786; x_wconf 72' lang='grc' dir='ltr'>ἄφρονα</span> <span class='ocrx_word' id='word_1_427' title='bbox 3192 2714 3450 2786; x_wconf 74' lang='grc' dir='ltr'>ἐνμέσῳ</span> <span class='ocrx_word' id='word_1_428' title='bbox 3479 2715 3819 2783; x_wconf 77' lang='grc' dir='ltr'>συνεδρίου</span> 
     </span>
    </p>
   </div>
   <div class='ocr_carea' id='block_1_67' title="bbox 2226 2803 3819 2879">
    <p class='ocr_par' dir='ltr' id='par_1_67' title="bbox 2226 2803 3819 2879">
     <span class='ocr_line' id='line_1_67' title="bbox 2226 2803 3819 2879; baseline 0 -19"><span class='ocrx_word' id='word_1_429' title='bbox 2226 2803 2538 2874; x_wconf 72' lang='grc' dir='ltr'>ἀτιμάζων,</span> <span class='ocrx_word' id='word_1_430' title='bbox 2566 2807 2638 2862; x_wconf 85' lang='grc' dir='ltr'>οὐ</span> <span class='ocrx_word' id='word_1_431' title='bbox 2661 2806 2749 2876; x_wconf 80' lang='grc' dir='ltr'>μὴ</span> <span class='ocrx_word' id='word_1_432' title='bbox 2776 2807 3059 2877; x_wconf 74' lang='grc' dir='ltr'>περιέλῃς</span> <span class='ocrx_word' id='word_1_433' title='bbox 3079 2807 3196 2877; x_wconf 78' lang='grc' dir='ltr'>τὴν</span> <span class='ocrx_word' id='word_1_434' title='bbox 3213 2808 3578 2879; x_wconf 65' lang='grc' dir='ltr'>ἀφροσύνην</span> <span class='ocrx_word' id='word_1_435' title='bbox 3609 2804 3819 2861; x_wconf 74' lang='grc' dir='ltr'>αὐτοῦ.</span> 
     </span>
    </p>
   </div>
   <div class='ocr_carea' id='block_1_68' title="bbox 2240 2894 3820 2974">
    <p class='ocr_par' dir='ltr' id='par_1_68' title="bbox 2240 2894 3820 2974">
     <span class='ocr_line' id='line_1_68' title="bbox 2240 2894 3820 2974; baseline 0.002 -25"><span class='ocrx_word' id='word_1_436' title='bbox 2240 2895 2368 2950; x_wconf 76' lang='grc' dir='ltr'>Ἐὰν</span> <span class='ocrx_word' id='word_1_437' title='bbox 2410 2894 2503 2951; x_wconf 88' lang='grc' dir='ltr'>τδν</span> <span class='ocrx_word' id='word_1_438' title='bbox 2534 2896 2839 2968; x_wconf 80' lang='grc' dir='ltr'>ἀλογίστως</span> <span class='ocrx_word' id='word_1_439' title='bbox 2872 2900 3094 2971; x_wconf 79' lang='grc' dir='ltr'>βιοῦντα</span> <span class='ocrx_word' id='word_1_440' title='bbox 3126 2900 3339 2974; x_wconf 82' lang='grc' dir='ltr'>τύπτῃς</span> <span class='ocrx_word' id='word_1_441' title='bbox 3358 2900 3545 2970; x_wconf 85' lang='grc' dir='ltr'>λόγοις</span> <span class='ocrx_word' id='word_1_442' title='bbox 3575 2900 3820 2969; x_wconf 74' lang='grc' dir='ltr'>ἐλεγκτι-</span> 
     </span>
    </p>
   </div>
   <div class='ocr_carea' id='block_1_69' title="bbox 2226 2990 3819 3066">
    <p class='ocr_par' dir='ltr' id='par_1_69' title="bbox 2226 2990 3819 3066">
     <span class='ocr_line' id='line_1_69' title="bbox 2226 2990 3819 3066; baseline 0.004 -23"><span class='ocrx_word' id='word_1_443' title='bbox 2226 2990 2365 3055; x_wconf 81' lang='grc' dir='ltr'>κοῖς,</span> <span class='ocrx_word' id='word_1_444' title='bbox 2423 2990 2806 3062; x_wconf 80' lang='grc' dir='ltr'>καταισχύνων</span> <span class='ocrx_word' id='word_1_445' title='bbox 2867 2993 3031 3048; x_wconf 78' lang='grc' dir='ltr'>αὐτὸν</span> <span class='ocrx_word' id='word_1_446' title='bbox 3059 2993 3148 3048; x_wconf 81' lang='grc' dir='ltr'>ἐπ’</span> <span class='ocrx_word' id='word_1_447' title='bbox 3179 2994 3338 3064; x_wconf 72' lang='grc' dir='ltr'>ὄψεσι</span> <span class='ocrx_word' id='word_1_448' title='bbox 3377 2994 3819 3066; x_wconf 82' lang='grc' dir='ltr'>συγκαθημένων</span> 
     </span>
    </p>
   </div>
   <div class='ocr_carea' id='block_1_70' title="bbox 2227 3079 3818 3158">
    <p class='ocr_par' dir='ltr' id='par_1_70' title="bbox 2227 3079 3818 3158">
     <span class='ocr_line' id='line_1_70' title="bbox 2227 3079 3818 3158; baseline 0.005 -25"><span class='ocrx_word' id='word_1_449' title='bbox 2227 3079 2457 3145; x_wconf 85' lang='grc' dir='ltr'>πολλῶν,</span> <span class='ocrx_word' id='word_1_450' title='bbox 2486 3082 2549 3136; x_wconf 79' lang='grc' dir='ltr'>οὐ</span> <span class='ocrx_word' id='word_1_451' title='bbox 2582 3085 2969 3156; x_wconf 84' lang='grc' dir='ltr'>περιαιρήσεις</span> <span class='ocrx_word' id='word_1_452' title='bbox 2995 3085 3093 3158; x_wconf 85' lang='grc' dir='ltr'>τὴν</span> <span class='ocrx_word' id='word_1_453' title='bbox 3125 3085 3416 3155; x_wconf 81' lang='grc' dir='ltr'>ἀλόγιστον</span> <span class='ocrx_word' id='word_1_454' title='bbox 3454 3085 3651 3142; x_wconf 77' lang='grc' dir='ltr'>τούτου</span> <span class='ocrx_word' id='word_1_455' title='bbox 3684 3086 3818 3157; x_wconf 65' lang='grc' dir='ltr'>πρὸς</span> 
     </span>
    </p>
   </div>
   <div class='ocr_carea' id='block_1_71' title="bbox 2227 3171 3816 3250">
    <p class='ocr_par' dir='ltr' id='par_1_71' title="bbox 2227 3171 3816 3250">
     <span class='ocr_line' id='line_1_71' title="bbox 2227 3171 3816 3250; baseline 0.006 -26"><span class='ocrx_word' id='word_1_456' title='bbox 2227 3172 2297 3225; x_wconf 82' lang='grc' dir='ltr'>τά</span> <span class='ocrx_word' id='word_1_457' title='bbox 2324 3171 2492 3245; x_wconf 88' lang='grc' dir='ltr'>χείρω</span> <span class='ocrx_word' id='word_1_458' title='bbox 2522 3174 2697 3246; x_wconf 80' lang='grc' dir='ltr'>ῥοπήν</span> <span class='ocrx_word' id='word_1_459' title='bbox 2719 3192 2733 3206; x_wconf 72' lang='grc'><strong><em>⁸</em></strong></span> <span class='ocrx_word' id='word_1_460' title='bbox 2766 3177 3020 3231; x_wconf 75' lang='grc' dir='ltr'>ἐντεῦθεν</span> <span class='ocrx_word' id='word_1_461' title='bbox 3053 3178 3162 3250; x_wconf 70' lang='grc' dir='ltr'>γὰρ</span> <span class='ocrx_word' id='word_1_462' title='bbox 3218 3179 3404 3234; x_wconf 84' lang='grc' dir='ltr'>τέλεον</span> <span class='ocrx_word' id='word_1_463' title='bbox 3440 3179 3816 3250; x_wconf 73' lang='grc' dir='ltr'>ἀπαναισχυνο</span> 
     </span>
    </p>
   </div>
   <div class='ocr_carea' id='block_1_72' title="bbox 2227 3265 3402 3344">
    <p class='ocr_par' dir='ltr' id='par_1_72' title="bbox 2227 3265 3402 3344">
     <span class='ocr_line' id='line_1_72' title="bbox 2227 3265 3402 3344; baseline 0.009 -27"><span class='ocrx_word' id='word_1_464' title='bbox 2227 3265 2419 3336; x_wconf 80' lang='grc' dir='ltr'>τήσας,</span> <span class='ocrx_word' id='word_1_465' title='bbox 2459 3266 2695 3333; x_wconf 84' lang='grc' dir='ltr'>ἀναιδῶς</span> <span class='ocrx_word' id='word_1_466' title='bbox 2720 3268 2787 3323; x_wconf 81' lang='grc' dir='ltr'>ἂν</span> <span class='ocrx_word' id='word_1_467' title='bbox 2808 3270 3039 3341; x_wconf 84' lang='grc' dir='ltr'>πράττοι</span> <span class='ocrx_word' id='word_1_468' title='bbox 3074 3272 3144 3326; x_wconf 84' lang='grc' dir='ltr'>τά</span> <span class='ocrx_word' id='word_1_469' title='bbox 3164 3273 3402 3344; x_wconf 84' lang='grc' dir='ltr'>πονηρά.</span> 
     </span>
    </p>
   </div>
   <div class='ocr_carea' id='block_1_73' title="bbox 2297 3357 3815 3435">
    <p class='ocr_par' dir='ltr' id='par_1_73' title="bbox 2297 3357 3815 3435">
     <span class='ocr_line' id='line_1_73' title="bbox 2297 3357 3815 3435; baseline 0.007 -24"><span class='ocrx_word' id='word_1_470' title='bbox 2297 3363 2403 3426; x_wconf 76' lang='grc' dir='ltr'>κγ’,</span> <span class='ocrx_word' id='word_1_471' title='bbox 2441 3357 2539 3414; x_wconf 86' lang='grc' dir='ltr'>κδ’.</span> <span class='ocrx_word' id='word_1_472' title='bbox 2577 3360 2873 3429; x_wconf 82' lang='grc' dir='ltr'>Γνωστῶς</span> <span class='ocrx_word' id='word_1_473' title='bbox 2921 3364 3225 3435; x_wconf 66' lang='lat' dir='ltr'><strong>ea:th</strong></span> <span class='ocrx_word' id='word_1_474' title='bbox 3274 3366 3482 3435; x_wconf 70' lang='grc' dir='ltr'>ψυχὰς</span> <span class='ocrx_word' id='word_1_475' title='bbox 3532 3366 3815 3433; x_wconf 74' lang='grc' dir='ltr'>ποιμνίου</span> 
     </span>
    </p>
   </div>
   <div class='ocr_carea' id='block_1_74' title="bbox 2224 3448 3814 3527">
    <p class='ocr_par' dir='ltr' id='par_1_74' title="bbox 2224 3448 3814 3527">
     <span class='ocr_line' id='line_1_74' title="bbox 2224 3448 3814 3527; baseline 0.005 -25"><span class='ocrx_word' id='word_1_476' title='bbox 2224 3460 2365 3503; x_wconf 86' lang='grc' dir='ltr'>σου·</span> <span class='ocrx_word' id='word_1_477' title='bbox 2382 3448 2481 3504; x_wconf 80' lang='grc' dir='ltr'>καί</span> <span class='ocrx_word' id='word_1_478' title='bbox 2504 3449 2860 3520; x_wconf 82' lang='grc' dir='ltr'>ἐπιστήσεις</span> <span class='ocrx_word' id='word_1_479' title='bbox 2874 3454 3126 3523; x_wconf 80' lang='grc' dir='ltr'>καρδίαν</span> <span class='ocrx_word' id='word_1_480' title='bbox 3144 3470 3262 3511; x_wconf 92' lang='grc' dir='ltr'>σου</span> <span class='ocrx_word' id='word_1_481' title='bbox 3277 3456 3419 3524; x_wconf 85' lang='grc' dir='ltr'>σαῖς</span> <span class='ocrx_word' id='word_1_482' title='bbox 3428 3458 3674 3527; x_wconf 68' lang='grc' dir='ltr'>ἀγέλαις</span> <span class='ocrx_word' id='word_1_483' title='bbox 3688 3499 3703 3521; x_wconf 82' lang='grc'>,</span> <span class='ocrx_word' id='word_1_484' title='bbox 3724 3458 3814 3512; x_wconf 74' lang='lat' dir='ltr'>5n</span> 
     </span>
    </p>
   </div>
   <div class='ocr_carea' id='block_1_75' title="bbox 2224 3540 3814 3618">
    <p class='ocr_par' dir='ltr' id='par_1_75' title="bbox 2224 3540 3814 3618">
     <span class='ocr_line' id='line_1_75' title="bbox 2224 3540 3814 3618; baseline 0.005 -24"><span class='ocrx_word' id='word_1_485' title='bbox 2224 3540 2336 3594; x_wconf 81' lang='grc' dir='ltr'>οὐκ</span> <span class='ocrx_word' id='word_1_486' title='bbox 2358 3543 2445 3606; x_wconf 78' lang='grc' dir='ltr'>εἰς</span> <span class='ocrx_word' id='word_1_487' title='bbox 2468 3540 2576 3595; x_wconf 77' lang='grc' dir='ltr'>τὸν</span> <span class='ocrx_word' id='word_1_488' title='bbox 2597 3541 2786 3598; x_wconf 70' lang='grc' dir='ltr'>αἰῶνα</span> <span class='ocrx_word' id='word_1_489' title='bbox 2830 3545 3000 3615; x_wconf 80' lang='grc' dir='ltr'>ἀνδρί</span> <span class='ocrx_word' id='word_1_490' title='bbox 3026 3547 3246 3615; x_wconf 82' lang='grc' dir='ltr'>κράτος</span> <span class='ocrx_word' id='word_1_491' title='bbox 3281 3550 3382 3605; x_wconf 71' lang='grc' dir='ltr'>καί</span> <span class='ocrx_word' id='word_1_492' title='bbox 3431 3549 3643 3618; x_wconf 74' lang='grc' dir='ltr'>ἰσχὺς,</span> <span class='ocrx_word' id='word_1_493' title='bbox 3673 3548 3814 3605; x_wconf 71' lang='grc' dir='ltr'>οὐδὲ</span> 
     </span>
    </p>
   </div>
   <div class='ocr_carea' id='block_1_76' title="bbox 2222 3632 3815 3713">
    <p class='ocr_par' dir='ltr' id='par_1_76' title="bbox 2222 3632 3815 3713">
     <span class='ocr_line' id='line_1_76' title="bbox 2222 3632 3815 3713; baseline 0.009 -29"><span class='ocrx_word' id='word_1_494' title='bbox 2222 3632 2634 3701; x_wconf 78' lang='grc' dir='ltr'>παραδίδωσιν</span> <span class='ocrx_word' id='word_1_495' title='bbox 2659 3635 2728 3689; x_wconf 81' lang='grc' dir='ltr'>ἐκ</span> <span class='ocrx_word' id='word_1_496' title='bbox 2753 3636 2962 3707; x_wconf 80' lang='grc' dir='ltr'>γενεᾶς</span> <span class='ocrx_word' id='word_1_497' title='bbox 2987 3640 3076 3706; x_wconf 84' lang='grc' dir='ltr'>είς</span> <span class='ocrx_word' id='word_1_498' title='bbox 3103 3640 3341 3708; x_wconf 75' lang='grc' dir='ltr'>γενεάν.</span> <span class='ocrx_word' id='word_1_499' title='bbox 3375 3641 3487 3713; x_wconf 81' lang='grc' dir='ltr'>Οὐχ</span> <span class='ocrx_word' id='word_1_500' title='bbox 3497 3639 3691 3707; x_wconf 74' lang='grc' dir='ltr'>ἅπλῶς</span> <span class='ocrx_word' id='word_1_501' title='bbox 3709 3643 3815 3697; x_wconf 79' lang='grc' dir='ltr'>ἀπὺ</span> 
     </span>
    </p>
   </div>
   <div class='ocr_carea' id='block_1_77' title="bbox 2222 3722 3807 3806">
    <p class='ocr_par' dir='ltr' id='par_1_77' title="bbox 2222 3722 3807 3806">
     <span class='ocr_line' id='line_1_77' title="bbox 2222 3722 3807 3806; baseline 0.013 -33"><span class='ocrx_word' id='word_1_502' title='bbox 2222 3722 2331 3775; x_wconf 90' lang='grc' dir='ltr'>τῶν</span> <span class='ocrx_word' id='word_1_503' title='bbox 2358 3724 2702 3793; x_wconf 80' lang='grc' dir='ltr'>φαινομένων</span> <span class='ocrx_word' id='word_1_504' title='bbox 2727 3725 2897 3796; x_wconf 73' lang='grc' dir='ltr'>⁴ίίθῶν,</span> <span class='ocrx_word' id='word_1_505' title='bbox 2921 3722 2967 3783; x_wconf 80' lang='grc' dir='ltr'><strong>ὦ</strong></span> <span class='ocrx_word' id='word_1_506' title='bbox 2993 3729 3229 3799; x_wconf 85' lang='grc' dir='ltr'>λογικῶν</span> <span class='ocrx_word' id='word_1_507' title='bbox 3254 3732 3551 3804; x_wconf 88' lang='grc' dir='ltr'>προϐάτων</span> <span class='ocrx_word' id='word_1_508' title='bbox 3578 3734 3807 3806; x_wconf 80' lang='grc' dir='ltr'>ποιμὴν.</span> 
     </span>
    </p>
   </div>
   <div class='ocr_carea' id='block_1_78' title="bbox 2221 3811 3812 3895">
    <p class='ocr_par' dir='ltr' id='par_1_78' title="bbox 2221 3811 3812 3895">
     <span class='ocr_line' id='line_1_78' title="bbox 2221 3811 3812 3895; baseline 0.01 -29"><span class='ocrx_word' id='word_1_509' title='bbox 2221 3811 2383 3868; x_wconf 78' lang='grc' dir='ltr'>δεῖσε</span> <span class='ocrx_word' id='word_1_510' title='bbox 2410 3812 2707 3885; x_wconf 82' lang='grc' dir='ltr'>γινώσκειν</span> <span class='ocrx_word' id='word_1_511' title='bbox 2738 3819 2868 3885; x_wconf 77' lang='grc' dir='ltr'>τοὺς</span> <span class='ocrx_word' id='word_1_512' title='bbox 2900 3820 3102 3890; x_wconf 79' lang='grc' dir='ltr'>σοφοὺς</span> <span class='ocrx_word' id='word_1_513' title='bbox 3122 3823 3409 3895; x_wconf 76' lang='grc' dir='ltr'>φοιτητὰς,</span> <span class='ocrx_word' id='word_1_514' title='bbox 3439 3825 3584 3880; x_wconf 81' lang='grc' dir='ltr'>ἀλλὰ</span> <span class='ocrx_word' id='word_1_515' title='bbox 3600 3826 3673 3881; x_wconf 81' lang='grc' dir='ltr'>τὰ</span> <span class='ocrx_word' id='word_1_516' title='bbox 3692 3827 3812 3882; x_wconf 79' lang='grc' dir='ltr'>κατ’</span> 
     </span>
    </p>
   </div>
   <div class='ocr_carea' id='block_1_79' title="bbox 2221 3905 3813 3990">
    <p class='ocr_par' dir='ltr' id='par_1_79' title="bbox 2221 3905 3813 3990">
     <span class='ocr_line' id='line_1_79' title="bbox 2221 3905 3813 3990; baseline 0.01 -32"><span class='ocrx_word' id='word_1_517' title='bbox 2221 3905 2421 3972; x_wconf 73' lang='grc' dir='ltr'>αὐτοὺς</span> <span class='ocrx_word' id='word_1_518' title='bbox 2458 3907 2708 3978; x_wconf 87' lang='grc' dir='ltr'>ἀκριϐῶς</span> <span class='ocrx_word' id='word_1_519' title='bbox 2739 3910 3099 3979; x_wconf 72' lang='grc' dir='ltr'>ἐξετάσαντα,</span> <span class='ocrx_word' id='word_1_520' title='bbox 3131 3916 3435 3985; x_wconf 74' lang='grc' dir='ltr'>ἐπιγνῶναι</span> <span class='ocrx_word' id='word_1_521' title='bbox 3465 3919 3621 3984; x_wconf 70' lang='grc' dir='ltr'>ὅπως</span> <span class='ocrx_word' id='word_1_522' title='bbox 3652 3918 3813 3990; x_wconf 73' lang='grc' dir='ltr'>ἔχου-</span> 
     </span>
    </p>
   </div>
   <div class='ocr_carea' id='block_1_80' title="bbox 2222 3999 3810 4079">
    <p class='ocr_par' dir='ltr' id='par_1_80' title="bbox 2222 3999 3810 4079">
     <span class='ocr_line' id='line_1_80' title="bbox 2222 3999 3810 4079; baseline 0.008 -28"><span class='ocrx_word' id='word_1_523' title='bbox 2222 4015 2308 4053; x_wconf 90' lang='grc' dir='ltr'>σιν</span> <span class='ocrx_word' id='word_1_524' title='bbox 2338 4000 2394 4053; x_wconf 80' lang='grc' dir='ltr'>αἱ</span> <span class='ocrx_word' id='word_1_525' title='bbox 2433 4000 2575 4054; x_wconf 87' lang='grc' dir='ltr'>κατά</span> <span class='ocrx_word' id='word_1_526' title='bbox 2604 3999 2785 4073; x_wconf 76' lang='grc' dir='ltr'>ψυχὴν</span> <span class='ocrx_word' id='word_1_527' title='bbox 2840 4006 3230 4079; x_wconf 68' lang='grc' dir='ltr'>κεκρυμμέναι</span> <span class='ocrx_word' id='word_1_528' title='bbox 3279 4007 3556 4075; x_wconf 81' lang='grc' dir='ltr'>διαθέσεις</span> <span class='ocrx_word' id='word_1_529' title='bbox 3606 4010 3810 4076; x_wconf 81' lang='grc' dir='ltr'>αὐτῶν,</span> 
     </span>
    </p>
   </div>
   <div class='ocr_carea' id='block_1_81' title="bbox 2221 4085 3812 4171">
    <p class='ocr_par' dir='ltr' id='par_1_81' title="bbox 2221 4085 3812 4171">
     <span class='ocr_line' id='line_1_81' title="bbox 2221 4085 3812 4171; baseline 0.011 -32"><span class='ocrx_word' id='word_1_530' title='bbox 2221 4085 2310 4141; x_wconf 76' lang='grc' dir='ltr'>ἵνα</span> <span class='ocrx_word' id='word_1_531' title='bbox 2333 4088 2459 4152; x_wconf 62' lang='grc' dir='ltr'>[τοῖς</span> <span class='ocrx_word' id='word_1_532' title='bbox 2486 4090 2824 4161; x_wconf 82' lang='grc' dir='ltr'>προσφόροις</span> <span class='ocrx_word' id='word_1_533' title='bbox 2853 4094 3193 4165; x_wconf 84' lang='grc' dir='ltr'>φαρμάκοις,</span> <span class='ocrx_word' id='word_1_534' title='bbox 3229 4096 3331 4162; x_wconf 82' lang='grc' dir='ltr'>τὰς</span> <span class='ocrx_word' id='word_1_535' title='bbox 3372 4098 3475 4168; x_wconf 83' lang='grc' dir='ltr'>μὲν</span> <span class='ocrx_word' id='word_1_536' title='bbox 3506 4099 3812 4171; x_wconf 78' lang='grc' dir='ltr'>καχεκτοῦ-</span> 
     </span>
    </p>
   </div>
   <div class='ocr_carea' id='block_1_82' title="bbox 2220 4179 3811 4265">
    <p class='ocr_par' dir='ltr' id='par_1_82' title="bbox 2220 4179 3811 4265">
     <span class='ocr_line' id='line_1_82' title="bbox 2220 4179 3811 4265; baseline 0.011 -34"><span class='ocrx_word' id='word_1_537' title='bbox 2220 4194 2323 4250; x_wconf 79' lang='grc' dir='ltr'>σας</span> <span class='ocrx_word' id='word_1_538' title='bbox 2353 4179 2556 4252; x_wconf 77' lang='grc' dir='ltr'>ψυχὰς,</span> <span class='ocrx_word' id='word_1_539' title='bbox 2590 4182 2703 4237; x_wconf 88' lang='grc' dir='ltr'>τῶν</span> <span class='ocrx_word' id='word_1_540' title='bbox 2730 4183 3092 4255; x_wconf 80' lang='grc' dir='ltr'>διοχλούντων</span> <span class='ocrx_word' id='word_1_541' title='bbox 3135 4187 3311 4252; x_wconf 80' lang='grc' dir='ltr'>αὑτὰς</span> <span class='ocrx_word' id='word_1_542' title='bbox 3336 4188 3665 4265; x_wconf 74' lang='grc' dir='ltr'>ἀπαλλάξῃς</span> <span class='ocrx_word' id='word_1_543' title='bbox 3699 4208 3811 4248; x_wconf 74' lang='grc' dir='ltr'>πα-</span> 
     </span>
    </p>
   </div>
   <div class='ocr_carea' id='block_1_83' title="bbox 2262 4269 3811 4354">
    <p class='ocr_par' dir='ltr' id='par_1_83' title="bbox 2262 4269 3811 4354">
     <span class='ocr_line' id='line_1_83' title="bbox 2262 4269 3811 4354; baseline 0.01 -30"><span class='ocrx_word' id='word_1_544' title='bbox 2262 4269 2328 4325; x_wconf 78' lang='grc' dir='ltr'>ῶν</span> <span class='ocrx_word' id='word_1_545' title='bbox 2345 4286 2361 4303; x_wconf 76' lang='grc' dir='ltr'><strong>ο</strong></span> <span class='ocrx_word' id='word_1_546' title='bbox 2388 4271 2490 4338; x_wconf 82' lang='grc' dir='ltr'>τὰς</span> <span class='ocrx_word' id='word_1_547' title='bbox 2515 4272 2559 4327; x_wconf 84' lang='grc' dir='ltr'>δ’</span> <span class='ocrx_word' id='word_1_548' title='bbox 2591 4274 2946 4343; x_wconf 79' lang='grc' dir='ltr'>εὐεκτούσας,</span> <span class='ocrx_word' id='word_1_549' title='bbox 2975 4278 3073 4334; x_wconf 76' lang='grc' dir='ltr'>ἐπὶ</span> <span class='ocrx_word' id='word_1_550' title='bbox 3096 4278 3194 4336; x_wconf 83' lang='grc' dir='ltr'>τοῦ</span> <span class='ocrx_word' id='word_1_551' title='bbox 3253 4280 3662 4354; x_wconf 75' lang='grc' dir='ltr'>καθεστηκότος</span> <span class='ocrx_word' id='word_1_552' title='bbox 3689 4283 3811 4340; x_wconf 79' lang='grc' dir='ltr'>διαρ</span> 
     </span>
    </p>
   </div>
   <div class='ocr_carea' id='block_1_84' title="bbox 2621 4365 3811 4445">
    <p class='ocr_par' dir='ltr' id='par_1_84' title="bbox 2621 4365 3811 4445">
     <span class='ocr_line' id='line_1_84' title="bbox 2621 4365 3811 4445; baseline 0.01 -25"><span class='ocrx_word' id='word_1_553' title='bbox 2621 4365 2851 4423; x_wconf 88' lang='grc' dir='ltr'>δυνατόν</span> <span class='ocrx_word' id='word_1_554' title='bbox 2874 4382 2891 4399; x_wconf 88' lang='grc'><strong>·</strong></span> <span class='ocrx_word' id='word_1_555' title='bbox 2916 4369 3015 4423; x_wconf 84' lang='grc' dir='ltr'>καὶ</span> <span class='ocrx_word' id='word_1_556' title='bbox 3072 4371 3202 4435; x_wconf 76' lang='grc' dir='ltr'>τοὺς</span> <span class='ocrx_word' id='word_1_557' title='bbox 3261 4371 3363 4443; x_wconf 86' lang='grc' dir='ltr'>μὲν</span> <span class='ocrx_word' id='word_1_558' title='bbox 3389 4372 3811 4445; x_wconf 77' lang='grc' dir='ltr'>είσαγωγικοῦς,</span> 
     </span>
    </p>
   </div>
   <div class='ocr_carea' id='block_1_85' title="bbox 2216 4454 3810 4536">
    <p class='ocr_par' dir='ltr' id='par_1_85' title="bbox 2216 4454 3810 4536">
     <span class='ocr_line' id='line_1_85' title="bbox 2216 4454 3810 4536; baseline 0.009 -29"><span class='ocrx_word' id='word_1_559' title='bbox 2216 4454 2292 4518; x_wconf 83' lang='grc' dir='ltr'>ὡς</span> <span class='ocrx_word' id='word_1_560' title='bbox 2317 4455 2545 4527; x_wconf 78' lang='grc' dir='ltr'>νηπίους</span> <span class='ocrx_word' id='word_1_561' title='bbox 2587 4457 2669 4513; x_wconf 74' lang='grc' dir='ltr'>ἐτι</span> <span class='ocrx_word' id='word_1_562' title='bbox 2697 4458 2800 4533; x_wconf 81' lang='grc' dir='ltr'>τὴν</span> <span class='ocrx_word' id='word_1_563' title='bbox 2824 4460 2969 4516; x_wconf 89' lang='grc' dir='ltr'>κατά</span> <span class='ocrx_word' id='word_1_564' title='bbox 3003 4461 3239 4534; x_wconf 82' lang='grc' dir='ltr'>Χριστὸν</span> <span class='ocrx_word' id='word_1_565' title='bbox 3264 4464 3506 4535; x_wconf 78' lang='grc' dir='ltr'>ἠλικίαν,</span> <span class='ocrx_word' id='word_1_566' title='bbox 3536 4459 3631 4521; x_wconf 79' lang='grc' dir='ltr'>οἷα</span> <span class='ocrx_word' id='word_1_567' title='bbox 3668 4466 3810 4536; x_wconf 88' lang='grc' dir='ltr'>γάλα</span> 
     </span>
    </p>
   </div>
   <div class='ocr_carea' id='block_1_86' title="bbox 2136 4544 3808 4651">
    <p class='ocr_par' dir='ltr' id='par_1_86' title="bbox 2136 4544 3808 4651">
     <span class='ocr_line' id='line_1_86' title="bbox 2136 4544 3808 4651; baseline 0.009 -53"><span class='ocrx_word' id='word_1_568' title='bbox 2136 4592 2188 4651; x_wconf 82' lang='lat' dir='ltr'><strong>D</strong></span> <span class='ocrx_word' id='word_1_569' title='bbox 2214 4544 2313 4618; x_wconf 79' lang='grc' dir='ltr'>τὴν</span> <span class='ocrx_word' id='word_1_570' title='bbox 2343 4547 2539 4620; x_wconf 68' lang='grc' dir='ltr'>ἠθικὴν</span> <span class='ocrx_word' id='word_1_571' title='bbox 2569 4550 2800 4623; x_wconf 81' lang='grc' dir='ltr'>ποτίσῃς</span> <span class='ocrx_word' id='word_1_572' title='bbox 2830 4552 3157 4625; x_wconf 81' lang='grc' dir='ltr'>φιλοσοφίαν</span> <span class='ocrx_word' id='word_1_573' title='bbox 3178 4572 3194 4588; x_wconf 77' lang='grc' dir='ltr'><strong>ο</strong></span> <span class='ocrx_word' id='word_1_574' title='bbox 3229 4556 3358 4621; x_wconf 76' lang='grc' dir='ltr'>τοὺς</span> <span class='ocrx_word' id='word_1_575' title='bbox 3374 4556 3436 4610; x_wconf 71' lang='grc' dir='ltr'>δὲ</span> <span class='ocrx_word' id='word_1_576' title='bbox 3465 4558 3808 4651; x_wconf 52' lang='grc' dir='ltr'>προκόπτονέ</span> 
     </span>
    </p>
   </div>
   <div class='ocr_carea' id='block_1_87' title="bbox 2212 4639 3805 4724">
    <p class='ocr_par' dir='ltr' id='par_1_87' title="bbox 2212 4639 3805 4724">
     <span class='ocr_line' id='line_1_87' title="bbox 2212 4639 3805 4724; baseline 0.009 -32"><span class='ocrx_word' id='word_1_577' title='bbox 2212 4654 2336 4705; x_wconf 87' lang='grc' dir='ltr'>τας,</span> <span class='ocrx_word' id='word_1_578' title='bbox 2390 4639 2489 4711; x_wconf 78' lang='grc' dir='ltr'>τὴν</span> <span class='ocrx_word' id='word_1_579' title='bbox 2555 4645 2826 4715; x_wconf 70' lang='grc' dir='ltr'>φυσικήνο</span> <span class='ocrx_word' id='word_1_580' title='bbox 2857 4646 2954 4700; x_wconf 75' lang='grc' dir='ltr'>καὶ</span> <span class='ocrx_word' id='word_1_581' title='bbox 3010 4647 3140 4712; x_wconf 78' lang='grc' dir='ltr'>τοὺς</span> <span class='ocrx_word' id='word_1_582' title='bbox 3184 4647 3452 4715; x_wconf 87' lang='grc' dir='ltr'>τελείους,</span> <span class='ocrx_word' id='word_1_583' title='bbox 3499 4649 3709 4724; x_wconf 68' lang='grc' dir='ltr'>θρέψεις</span> <span class='ocrx_word' id='word_1_584' title='bbox 3739 4650 3805 4722; x_wconf 73' lang='grc' dir='ltr'>τῇ</span> 
     </span>
    </p>
   </div>
   <div class='ocr_carea' id='block_1_88' title="bbox 2211 4730 3807 4813">
    <p class='ocr_par' dir='ltr' id='par_1_88' title="bbox 2211 4730 3807 4813">
     <span class='ocr_line' id='line_1_88' title="bbox 2211 4730 3807 4813; baseline 0.008 -31"><span class='ocrx_word' id='word_1_585' title='bbox 2211 4730 2518 4803; x_wconf 76' lang='grc' dir='ltr'>θεολογικῇ’</span> <span class='ocrx_word' id='word_1_586' title='bbox 2549 4733 2640 4787; x_wconf 81' lang='grc' dir='ltr'>τὸν</span> <span class='ocrx_word' id='word_1_587' title='bbox 2660 4734 2725 4788; x_wconf 82' lang='grc' dir='ltr'>ὲκ</span> <span class='ocrx_word' id='word_1_588' title='bbox 2762 4734 2857 4788; x_wconf 86' lang='grc' dir='ltr'>τοῦ</span> <span class='ocrx_word' id='word_1_589' title='bbox 2881 4736 3117 4806; x_wconf 77' lang='grc' dir='ltr'>οὐρανοῦ</span> <span class='ocrx_word' id='word_1_590' title='bbox 3166 4738 3579 4795; x_wconf 87' lang='grc' dir='ltr'>καταϐαίνοντα</span> <span class='ocrx_word' id='word_1_591' title='bbox 3640 4741 3807 4813; x_wconf 77' lang='grc' dir='ltr'>ἄρτον</span> 
     </span>
    </p>
   </div>
   <div class='ocr_carea' id='block_1_89' title="bbox 2214 4818 3798 4902">
    <p class='ocr_par' dir='ltr' id='par_1_89' title="bbox 2214 4818 3798 4902">
     <span class='ocr_line' id='line_1_89' title="bbox 2214 4818 3798 4902; baseline 0.009 -29"><span class='ocrx_word' id='word_1_592' title='bbox 2214 4818 2349 4875; x_wconf 77' lang='grc' dir='ltr'>Θεὸν</span> <span class='ocrx_word' id='word_1_593' title='bbox 2374 4822 2547 4892; x_wconf 86' lang='grc' dir='ltr'>Λόγον</span> <span class='ocrx_word' id='word_1_594' title='bbox 2581 4824 2663 4888; x_wconf 90' lang='grc' dir='ltr'>εἰς</span> <span class='ocrx_word' id='word_1_595' title='bbox 2719 4825 2925 4897; x_wconf 88' lang='grc' dir='ltr'>βρῶσιν</span> <span class='ocrx_word' id='word_1_596' title='bbox 2949 4832 3334 4902; x_wconf 81' lang='grc' dir='ltr'>πνευματικὴν</span> <span class='ocrx_word' id='word_1_597' title='bbox 3391 4832 3798 4898; x_wconf 85' lang='grc' dir='ltr'>διδασκαλικῶς</span> 
     </span>
    </p>
   </div>
   <div class='ocr_carea' id='block_1_90' title="bbox 523 4876 2125 4997">
    <p class='ocr_par' dir='ltr' id='par_1_90' title="bbox 523 4876 2103 4997">
     <span class='ocr_line' id='line_1_90' title="bbox 523 4876 2103 4961; baseline 0.013 -30"><span class='ocrx_word' id='word_1_598' title='bbox 523 4876 732 4932; x_wconf 87' lang='lat' dir='ltr'><strong>mundo</strong></span> <span class='ocrx_word' id='word_1_599' title='bbox 784 4887 979 4933; x_wconf 89' lang='lat' dir='ltr'><strong>contra</strong></span> <span class='ocrx_word' id='word_1_600' title='bbox 1025 4882 1311 4953; x_wconf 85' lang='lat' dir='ltr'><strong>passiones</strong></span> <span class='ocrx_word' id='word_1_601' title='bbox 1360 4887 1618 4956; x_wconf 79' lang='lat' dir='ltr'><strong>militant,</strong></span> <span class='ocrx_word' id='word_1_602' title='bbox 1646 4890 1862 4961; x_wconf 89' lang='lat' dir='ltr'><strong>plenam</strong></span> <span class='ocrx_word' id='word_1_603' title='bbox 1909 4895 1977 4950; x_wconf 90' lang='lat' dir='ltr'>de</span> <span class='ocrx_word' id='word_1_604' title='bbox 2016 4895 2103 4954; x_wconf 78' lang='lat' dir='ltr'><strong>liis</strong></span> 
     </span>
     <span class='ocr_line' id='line_1_91' title="bbox 523 4968 2033 4997; baseline 0 0"><span class='ocrx_word' id='word_1_605' title='bbox 523 4968 808 4997; x_wconf 65' lang='grc' dir='ltr'>ιιῖηιΛ-ἶηηι</span> <span class='ocrx_word' id='word_1_606' title='bbox 845 4982 1128 4997; x_wconf 65' lang='grc' dir='ltr'>-ι...,...ι..--</span> <span class='ocrx_word' id='word_1_607' title='bbox 1202 4976 1339 4997; x_wconf 72' lang='lat'>-2_-_.</span> <span class='ocrx_word' id='word_1_608' title='bbox 1375 4995 1393 4997; x_wconf 47' lang='grc' dir='ltr'>η</span> <span class='ocrx_word' id='word_1_609' title='bbox 1422 4994 1463 4997; x_wconf 24' lang='grc' dir='ltr'>Α.</span> <span class='ocrx_word' id='word_1_610' title='bbox 1539 4982 1550 4997; x_wconf 88' lang='grc' dir='ltr'>ι</span> <span class='ocrx_word' id='word_1_611' title='bbox 1598 4982 1671 4997; x_wconf 66' lang='grc' dir='ltr'>..μ</span> <span class='ocrx_word' id='word_1_612' title='bbox 1883 4988 1895 4997; x_wconf 92' lang='grc'>.</span> <span class='ocrx_word' id='word_1_613' title='bbox 2018 4988 2033 4997; x_wconf 86' lang='grc'>.</span> 
     </span>
    </p>
   </div>
   <div class='ocr_carea' id='block_1_91' title="bbox 2230 4876 3792 4997">
    <p class='ocr_par' dir='ltr' id='par_1_91' title="bbox 2230 4876 3792 4997">
     <span class='ocr_line' id='line_1_92' title="bbox 2462 4876 3792 4902; baseline 0.011 -10"><span class='ocrx_word' id='word_1_614' title='bbox 2462 4876 2475 4892; x_wconf 82' lang='grc' dir='ltr'>ι</span> <span class='ocrx_word' id='word_1_615' title='bbox 2592 4876 2660 4888; x_wconf 54' lang='grc' dir='ltr'>νν-</span> <span class='ocrx_word' id='word_1_616' title='bbox 2719 4876 2917 4897; x_wconf 64' lang='grc' dir='ltr'>Γτ--ν</span> <span class='ocrx_word' id='word_1_617' title='bbox 2957 4876 3329 4902; x_wconf 73' lang='lat' dir='ltr'>&quot;&quot;&#39;r&quot;&quot;&quot;&quot;s&#39;</span> <span class='ocrx_word' id='word_1_618' title='bbox 3394 4876 3792 4898; x_wconf 67' lang='lat'>&quot;&quot;&quot;&quot;&quot;&quot;&quot;&quot;&#39;&quot;</span> 
     </span>
     <span class='ocr_line' id='line_1_93' title="bbox 2230 4912 3792 4997; baseline 0.01 -33"><span class='ocrx_word' id='word_1_619' title='bbox 2230 4912 2536 4985; x_wconf 71' lang='grc' dir='ltr'>προσφέρων</span> <span class='ocrx_word' id='word_1_620' title='bbox 2564 4914 2749 4981; x_wconf 80' lang='grc' dir='ltr'>αὐτοῖς</span> <span class='ocrx_word' id='word_1_621' title='bbox 2780 4919 2875 4976; x_wconf 73' lang='grc' dir='ltr'>καὶ</span> <span class='ocrx_word' id='word_1_622' title='bbox 2903 4922 3022 4985; x_wconf 77' lang='grc' dir='ltr'>ταῖς</span> <span class='ocrx_word' id='word_1_623' title='bbox 3057 4921 3167 4977; x_wconf 86' lang='grc' dir='ltr'>τῶν</span> <span class='ocrx_word' id='word_1_624' title='bbox 3193 4922 3457 4994; x_wconf 85' lang='grc' dir='ltr'>μαθητῶν</span> <span class='ocrx_word' id='word_1_625' title='bbox 3479 4924 3792 4997; x_wconf 81' lang='grc' dir='ltr'>όμηγύρεσι</span> 
     </span>
    </p>
   </div>
   <div class='ocr_carea' id='block_1_92' title="bbox 522 4968 2103 5046">
    <p class='ocr_par' dir='ltr' id='par_1_92' title="bbox 522 4968 2103 5046">
     <span class='ocr_line' id='line_1_94' title="bbox 522 4968 2103 5046; baseline 0.017 -26"><span class='ocrx_word' id='word_1_626' title='bbox 522 4968 811 5024; x_wconf 83' lang='lat' dir='ltr'><strong>victoriam</strong></span> <span class='ocrx_word' id='word_1_627' title='bbox 845 4982 1156 5042; x_wconf 89' lang='lat' dir='ltr'><strong>reportare,</strong></span> <span class='ocrx_word' id='word_1_628' title='bbox 1200 4976 1344 5033; x_wconf 89' lang='lat' dir='ltr'><strong>sicut</strong></span> <span class='ocrx_word' id='word_1_629' title='bbox 1374 4994 1475 5035; x_wconf 91' lang='lat' dir='ltr'>nec</span> <span class='ocrx_word' id='word_1_630' title='bbox 1500 4982 1571 5037; x_wconf 85' lang='lat' dir='ltr'>ab</span> <span class='ocrx_word' id='word_1_631' title='bbox 1596 4982 1705 5041; x_wconf 93' lang='lat' dir='ltr'><strong>illis</strong></span> <span class='ocrx_word' id='word_1_632' title='bbox 1748 4988 1974 5044; x_wconf 89' lang='lat' dir='ltr'><strong>omnino</strong></span> <span class='ocrx_word' id='word_1_633' title='bbox 2001 4988 2103 5046; x_wconf 83' lang='lat' dir='ltr'><strong>de-</strong></span> 
     </span>
    </p>
   </div>
   <div class='ocr_carea' id='block_1_93' title="bbox 513 5060 2101 5152">
    <p class='ocr_par' dir='ltr' id='par_1_93' title="bbox 513 5060 2101 5152">
     <span class='ocr_line' id='line_1_95' title="bbox 513 5060 2101 5152; baseline 0.016 -41"><span class='ocrx_word' id='word_1_634' title='bbox 513 5060 608 5130; x_wconf 88' lang='lat' dir='ltr'><strong>jici</strong></span> <span class='ocrx_word' id='word_1_635' title='bbox 642 5070 728 5116; x_wconf 84' lang='lat' dir='ltr'>est</span> <span class='ocrx_word' id='word_1_636' title='bbox 750 5062 1111 5133; x_wconf 88' lang='lat' dir='ltr'><strong>impossibile.</strong></span> <span class='ocrx_word' id='word_1_637' title='bbox 1142 5065 1254 5124; x_wconf 89' lang='lat' dir='ltr'>Nec</span> <span class='ocrx_word' id='word_1_638' title='bbox 1279 5072 1525 5140; x_wconf 86' lang='lat' dir='ltr'><strong>quandiu</strong></span> <span class='ocrx_word' id='word_1_639' title='bbox 1555 5077 1901 5148; x_wconf 90' lang='lat' dir='ltr'><strong>corruptioni</strong></span> <span class='ocrx_word' id='word_1_640' title='bbox 1925 5080 2101 5152; x_wconf 89' lang='lat' dir='ltr'><strong>subji-</strong></span> 
     </span>
    </p>
   </div>
   <div class='ocr_carea' id='block_1_94' title="bbox 2207 5003 3801 5086">
    <p class='ocr_par' dir='ltr' id='par_1_94' title="bbox 2207 5003 3801 5086">
     <span class='ocr_line' id='line_1_96' title="bbox 2207 5003 3801 5086; baseline 0.009 -28"><span class='ocrx_word' id='word_1_641' title='bbox 2207 5003 2385 5076; x_wconf 84' lang='grc' dir='ltr'>χρεών</span> <span class='ocrx_word' id='word_1_642' title='bbox 2410 5023 2471 5060; x_wconf 88' lang='grc' dir='ltr'>σε</span> <span class='ocrx_word' id='word_1_643' title='bbox 2490 5006 2588 5079; x_wconf 86' lang='grc' dir='ltr'>τὴν</span> <span class='ocrx_word' id='word_1_644' title='bbox 2615 5007 2716 5081; x_wconf 76' lang='grc' dir='ltr'>σὴν</span> <span class='ocrx_word' id='word_1_645' title='bbox 2742 5012 2952 5083; x_wconf 73' lang='grc' dir='ltr'>ἐρεῖσαι</span> <span class='ocrx_word' id='word_1_646' title='bbox 2980 5013 3163 5086; x_wconf 79' lang='grc' dir='ltr'>ψυχὴν</span> <span class='ocrx_word' id='word_1_647' title='bbox 3186 5017 3602 5072; x_wconf 79' lang='grc' dir='ltr'>ἐπισκοποῦσαν</span> <span class='ocrx_word' id='word_1_648' title='bbox 3628 5018 3801 5073; x_wconf 79' lang='grc' dir='ltr'>ἐνδια-</span> 
     </span>
    </p>
   </div>
   <div class='ocr_carea' id='block_1_95' title="bbox 2208 5096 3801 5181">
    <p class='ocr_par' dir='ltr' id='par_1_95' title="bbox 2208 5096 3801 5181">
     <span class='ocr_line' id='line_1_97' title="bbox 2208 5096 3801 5181; baseline 0.009 -31"><span class='ocrx_word' id='word_1_649' title='bbox 2208 5096 2382 5162; x_wconf 86' lang='grc' dir='ltr'>θέτως</span> <span class='ocrx_word' id='word_1_650' title='bbox 2408 5098 2479 5153; x_wconf 84' lang='grc' dir='ltr'>τά</span> <span class='ocrx_word' id='word_1_651' title='bbox 2525 5103 2648 5156; x_wconf 85' lang='grc' dir='ltr'>κατ’</span> <span class='ocrx_word' id='word_1_652' title='bbox 2706 5103 2929 5170; x_wconf 78' lang='grc' dir='ltr'>αὐτοὺς,</span> <span class='ocrx_word' id='word_1_653' title='bbox 2987 5106 3087 5161; x_wconf 86' lang='grc' dir='ltr'>καὶ</span> <span class='ocrx_word' id='word_1_654' title='bbox 3138 5106 3214 5172; x_wconf 84' lang='grc' dir='ltr'>ὡς</span> <span class='ocrx_word' id='word_1_655' title='bbox 3258 5111 3410 5173; x_wconf 85' lang='grc' dir='ltr'>εἰκὸς</span> <span class='ocrx_word' id='word_1_656' title='bbox 3470 5109 3801 5181; x_wconf 82' lang='grc' dir='ltr'>θεραπεύειν</span> 
     </span>
    </p>
   </div>
   <div class='ocr_carea' id='block_1_96' title="bbox 519 5154 2125 5267">
    <p class='ocr_par' dir='ltr' id='par_1_96' title="bbox 519 5154 2099 5267">
     <span class='ocr_line' id='line_1_98' title="bbox 519 5154 2099 5237; baseline 0.015 -30"><span class='ocrx_word' id='word_1_657' title='bbox 519 5154 719 5223; x_wconf 88' lang='lat' dir='ltr'><strong>cimur,</strong></span> <span class='ocrx_word' id='word_1_658' title='bbox 769 5172 963 5215; x_wconf 89' lang='lat' dir='ltr'><strong>sumus</strong></span> <span class='ocrx_word' id='word_1_659' title='bbox 1018 5160 1418 5231; x_wconf 89' lang='lat' dir='ltr'><strong>immntabiles,</strong></span> <span class='ocrx_word' id='word_1_660' title='bbox 1468 5168 1613 5237; x_wconf 90' lang='lat' dir='ltr'><strong>quod</strong></span> <span class='ocrx_word' id='word_1_661' title='bbox 1670 5168 1717 5225; x_wconf 89' lang='lat' dir='ltr'>si</span> <span class='ocrx_word' id='word_1_662' title='bbox 1759 5186 2010 5230; x_wconf 85' lang='lat' dir='ltr'><strong>essemus</strong></span> <span class='ocrx_word' id='word_1_663' title='bbox 2044 5174 2099 5230; x_wconf 91' lang='lat' dir='ltr'>in</span> 
     </span>
     <span class='ocr_line' id='line_1_99' title="bbox 520 5246 2021 5267; baseline 0 0"><span class='ocrx_word' id='word_1_664' title='bbox 520 5246 619 5267; x_wconf 77' lang='grc' dir='ltr'>ι---</span> <span class='ocrx_word' id='word_1_665' title='bbox 911 5249 985 5267; x_wconf 74' lang='grc' dir='ltr'>ι.-</span> <span class='ocrx_word' id='word_1_666' title='bbox 1338 5264 1349 5267; x_wconf 67' lang='grc'><em>,</em></span> <span class='ocrx_word' id='word_1_667' title='bbox 1552 5258 1563 5267; x_wconf 95' lang='grc'>.</span> <span class='ocrx_word' id='word_1_668' title='bbox 1923 5265 1963 5267; x_wconf 43' lang='grc' dir='ltr'>η</span> <span class='ocrx_word' id='word_1_669' title='bbox 2015 5266 2021 5267; x_wconf 63' lang='lat'><strong><em>,</em></strong></span> 
     </span>
    </p>
   </div>
   <div class='ocr_carea' id='block_1_97' title="bbox 2230 5154 2981 5267">
    <p class='ocr_par' dir='ltr' id='par_1_97' title="bbox 2240 5154 2981 5267">
     <span class='ocr_line' id='line_1_100' title="bbox 2240 5154 2981 5267; baseline 0.013 -28"><span class='ocrx_word' id='word_1_670' title='bbox 2240 5154 2625 5260; x_wconf 68' lang='grc' dir='ltr'>πιχειροῦσαν,</span> <span class='ocrx_word' id='word_1_671' title='bbox 2668 5154 2768 5246; x_wconf 79' lang='grc' dir='ltr'>διά</span> 
     </span>
    </p>
   </div>
   <div class='ocr_carea' id='block_1_98' title="bbox 3031 5194 3798 5267">
    <p class='ocr_par' dir='ltr' id='par_1_98' title="bbox 3031 5194 3798 5267">
     <span class='ocr_line' id='line_1_101' title="bbox 3031 5194 3798 5267; baseline 0.008 -17"><span class='ocrx_word' id='word_1_672' title='bbox 3031 5194 3177 5267; x_wconf 80' lang='grc' dir='ltr'>εἶναι</span> <span class='ocrx_word' id='word_1_673' title='bbox 3239 5198 3466 5255; x_wconf 82' lang='grc' dir='ltr'>δυνατὸν</span> <span class='ocrx_word' id='word_1_674' title='bbox 3512 5202 3657 5255; x_wconf 84' lang='grc' dir='ltr'>κατὰ</span> <span class='ocrx_word' id='word_1_675' title='bbox 3707 5201 3798 5255; x_wconf 78' lang='grc' dir='ltr'>τὸν</span> 
     </span>
    </p>
   </div>
   <div class='ocr_carea' id='block_1_99' title="bbox 519 5246 2125 5363">
    <p class='ocr_par' dir='ltr' id='par_1_99' title="bbox 519 5246 2099 5363">
     <span class='ocr_line' id='line_1_102' title="bbox 519 5246 2099 5337; baseline 0.015 -37"><span class='ocrx_word' id='word_1_676' title='bbox 519 5246 622 5302; x_wconf 83' lang='lat' dir='ltr'>hac</span> <span class='ocrx_word' id='word_1_677' title='bbox 656 5247 792 5312; x_wconf 90' lang='lat' dir='ltr'><strong>vita,</strong></span> <span class='ocrx_word' id='word_1_678' title='bbox 818 5250 873 5304; x_wconf 90' lang='lat' dir='ltr'>iu</span> <span class='ocrx_word' id='word_1_679' title='bbox 910 5249 1155 5309; x_wconf 82' lang='lat' dir='ltr'><strong>futuram</strong></span> <span class='ocrx_word' id='word_1_680' title='bbox 1194 5270 1303 5310; x_wconf 93' lang='lat' dir='ltr'>non</span> <span class='ocrx_word' id='word_1_681' title='bbox 1335 5258 1876 5331; x_wconf 80' lang='lat' dir='ltr'><strong>transmigraremus.</strong></span> <span class='ocrx_word' id='word_1_682' title='bbox 1920 5265 2099 5337; x_wconf 78' lang='lat' dir='ltr'><strong>Hujus</strong></span> 
     </span>
     <span class='ocr_line' id='line_1_103' title="bbox 519 5337 2036 5363; baseline 0 0"><span class='ocrx_word' id='word_1_683' title='bbox 519 5337 982 5363; x_wconf 66' lang='lat' dir='ltr'>:--......a-l.:lz.-.:-</span> <span class='ocrx_word' id='word_1_684' title='bbox 1052 5346 1143 5363; x_wconf 51' lang='grc' dir='ltr'>,ιη</span> <span class='ocrx_word' id='word_1_685' title='bbox 1196 5347 1208 5363; x_wconf 83' lang='grc' dir='ltr'>ι</span> <span class='ocrx_word' id='word_1_686' title='bbox 1260 5355 1297 5363; x_wconf 27' lang='grc' dir='ltr'>κ.</span> <span class='ocrx_word' id='word_1_687' title='bbox 1370 5347 1382 5360; x_wconf 75' lang='grc' dir='ltr'>ο</span> <span class='ocrx_word' id='word_1_688' title='bbox 1638 5352 1671 5363; x_wconf 40' lang='grc' dir='ltr'>Α.</span> <span class='ocrx_word' id='word_1_689' title='bbox 1757 5352 1767 5363; x_wconf 89' lang='grc'>.</span> <span class='ocrx_word' id='word_1_690' title='bbox 1856 5354 1868 5363; x_wconf 85' lang='grc'>.</span> <span class='ocrx_word' id='word_1_691' title='bbox 2026 5358 2036 5363; x_wconf 91' lang='grc'>-</span> 
     </span>
    </p>
   </div>
   <div class='ocr_carea' id='block_1_100' title="bbox 2230 5246 3800 5363">
    <p class='ocr_par' dir='ltr' id='par_1_100' title="bbox 2230 5246 3800 5363">
     <span class='ocr_line' id='line_1_104' title="bbox 2230 5246 3800 5363; baseline 0.009 -33"><span class='ocrx_word' id='word_1_692' title='bbox 2230 5246 2697 5354; x_wconf 36' lang='grc' dir='ltr'>ιίῶναιτοῦτονντῷ</span> <span class='ocrx_word' id='word_1_693' title='bbox 2723 5246 3000 5343; x_wconf 86' lang='grc' dir='ltr'>κατά</span> <span class='ocrx_word' id='word_1_694' title='bbox 3023 5246 3215 5343; x_wconf 55' lang='grc' dir='ltr'>παθῶν</span> <span class='ocrx_word' id='word_1_695' title='bbox 3245 5289 3663 5363; x_wconf 80' lang='grc' dir='ltr'>ἀγωνιζομένῳ,</span> <span class='ocrx_word' id='word_1_696' title='bbox 3700 5292 3800 5363; x_wconf 77' lang='grc' dir='ltr'>τὴν</span> 
     </span>
    </p>
   </div>
   <div class='ocr_carea' id='block_1_101' title="bbox 518 5337 2125 5455">
    <p class='ocr_par' dir='ltr' id='par_1_101' title="bbox 518 5337 2103 5421">
     <span class='ocr_line' id='line_1_105' title="bbox 518 5337 2103 5421; baseline 0.015 -30"><span class='ocrx_word' id='word_1_697' title='bbox 518 5337 1007 5410; x_wconf 80' lang='lat' dir='ltr'><strong>immutabilitatis,</strong></span> <span class='ocrx_word' id='word_1_698' title='bbox 1048 5346 1210 5401; x_wconf 85' lang='lat' dir='ltr'><strong>simul</strong></span> <span class='ocrx_word' id='word_1_699' title='bbox 1247 5355 1303 5403; x_wconf 90' lang='lat' dir='ltr'>et</span> <span class='ocrx_word' id='word_1_700' title='bbox 1368 5347 1802 5421; x_wconf 89' lang='lat' dir='ltr'><strong>incorruptionis</strong></span> <span class='ocrx_word' id='word_1_701' title='bbox 1856 5354 2103 5415; x_wconf 70' lang='lat' dir='ltr'><strong>baeredes</strong></span> 
     </span>
    </p>
   </div>
   <div class='ocr_carea' id='block_1_102' title="bbox 2230 5337 3799 5455">
    <p class='ocr_par' dir='ltr' id='par_1_102' title="bbox 2230 5337 3799 5455">
     <span class='ocr_line' id='line_1_106' title="bbox 2230 5337 3799 5455; baseline 0.01 -33"><span class='ocrx_word' id='word_1_702' title='bbox 2230 5370 2326 5423; x_wconf 80' lang='grc' dir='ltr'>ιατ’</span> <span class='ocrx_word' id='word_1_703' title='bbox 2343 5369 2529 5427; x_wconf 79' lang='grc' dir='ltr'>αὐτῶν</span> <span class='ocrx_word' id='word_1_704' title='bbox 2546 5337 2709 5443; x_wconf 54' lang='grc' dir='ltr'>νίκτίν</span> <span class='ocrx_word' id='word_1_705' title='bbox 2737 5337 2963 5432; x_wconf 63' lang='grc' dir='ltr'>τελείαν</span> <span class='ocrx_word' id='word_1_706' title='bbox 2981 5337 3344 5450; x_wconf 46' lang='grc' dir='ltr'>κομίσασθαι,</span> <span class='ocrx_word' id='word_1_707' title='bbox 3362 5337 3799 5455; x_wconf 43' lang='lat' dir='ltr'>digii—7153290;-</span> 
     </span>
    </p>
   </div>
   <div class='ocr_carea' id='block_1_103' title="bbox 514 5432 2125 5545">
    <p class='ocr_par' dir='ltr' id='par_1_103' title="bbox 514 5432 2105 5545">
     <span class='ocr_line' id='line_1_107' title="bbox 514 5432 2105 5521; baseline 0.011 -32"><span class='ocrx_word' id='word_1_708' title='bbox 514 5432 726 5490; x_wconf 86' lang='lat' dir='ltr'><strong>erimus</strong></span> <span class='ocrx_word' id='word_1_709' title='bbox 774 5435 829 5492; x_wconf 91' lang='lat' dir='ltr'>in</span> <span class='ocrx_word' id='word_1_710' title='bbox 880 5434 1152 5494; x_wconf 80' lang='lat' dir='ltr'><strong>futurum.</strong></span> <span class='ocrx_word' id='word_1_711' title='bbox 1202 5440 1331 5497; x_wconf 86' lang='lat' dir='ltr'><strong>Ideo</strong></span> <span class='ocrx_word' id='word_1_712' title='bbox 1378 5443 1526 5497; x_wconf 89' lang='lat' dir='ltr'><strong>omni</strong></span> <span class='ocrx_word' id='word_1_713' title='bbox 1578 5444 1762 5501; x_wconf 86' lang='lat' dir='ltr'><strong>studio</strong></span> <span class='ocrx_word' id='word_1_714' title='bbox 1817 5446 2105 5521; x_wconf 77' lang='lat' dir='ltr'><strong>invigilare</strong></span> 
     </span>
     <span class='ocr_line' id='line_1_108' title="bbox 521 5523 1589 5545; baseline 0.009 -4"><span class='ocrx_word' id='word_1_715' title='bbox 521 5523 681 5545; x_wconf 42' lang='lat' dir='ltr'>LL“</span> <span class='ocrx_word' id='word_1_716' title='bbox 1054 5528 1069 5545; x_wconf 93' lang='lat'>.</span> <span class='ocrx_word' id='word_1_717' title='bbox 1314 5541 1324 5545; x_wconf 83' lang='grc'>-</span> <span class='ocrx_word' id='word_1_718' title='bbox 1464 5543 1472 5545; x_wconf 38' lang='grc' dir='ltr'><strong><em>μ</em></strong></span> 
     </span>
    </p>
   </div>
   <div class='ocr_carea' id='block_1_104' title="bbox 2230 5432 3798 5545">
    <p class='ocr_par' dir='ltr' id='par_1_104' title="bbox 2230 5432 3798 5545">
     <span class='ocr_line' id='line_1_109' title="bbox 2230 5432 3798 5545; baseline 0.009 -32"><span class='ocrx_word' id='word_1_719' title='bbox 2230 5458 2426 5515; x_wconf 75' lang='grc' dir='ltr'>ἰάλλειν</span> <span class='ocrx_word' id='word_1_720' title='bbox 2464 5462 2601 5527; x_wconf 80' lang='grc' dir='ltr'>’5λως</span> <span class='ocrx_word' id='word_1_721' title='bbox 2647 5432 2824 5520; x_wconf 78' lang='grc' dir='ltr'>ταῦτα</span> <span class='ocrx_word' id='word_1_722' title='bbox 2864 5432 3017 5541; x_wconf 73' lang='grc' dir='ltr'>αὑτῶ</span> <span class='ocrx_word' id='word_1_723' title='bbox 3040 5432 3215 5525; x_wconf 36' lang='lat' dir='ltr'><strong>&quot;add;</strong></span> <span class='ocrx_word' id='word_1_724' title='bbox 3240 5432 3798 5545; x_wconf 24' lang='lat' dir='ltr'><strong>dsipezp‘larc-rbdvgpic</strong></span> 
     </span>
    </p>
   </div>
   <div class='ocr_carea' id='block_1_105' title="bbox 514 5523 1674 5597">
    <p class='ocr_par' dir='ltr' id='par_1_105' title="bbox 514 5523 1674 5597">
     <span class='ocr_line' id='line_1_110' title="bbox 514 5523 1674 5597; baseline 0.01 -18"><span class='ocrx_word' id='word_1_725' title='bbox 514 5523 684 5581; x_wconf 88' lang='lat' dir='ltr'><strong>debes</strong></span> <span class='ocrx_word' id='word_1_726' title='bbox 717 5525 1008 5597; x_wconf 85' lang='lat' dir='ltr'><strong>subjectis,</strong></span> <span class='ocrx_word' id='word_1_727' title='bbox 1037 5528 1168 5585; x_wconf 91' lang='lat' dir='ltr'>dum</span> <span class='ocrx_word' id='word_1_728' title='bbox 1202 5541 1331 5588; x_wconf 89' lang='lat' dir='ltr'><strong>sunt</strong></span> <span class='ocrx_word' id='word_1_729' title='bbox 1361 5535 1674 5593; x_wconf 88' lang='lat' dir='ltr'><strong>mutabiles.</strong></span> 
     </span>
    </p>
   </div>
   <div class='ocr_carea' id='block_1_106' title="bbox 2205 5551 3797 5640">
    <p class='ocr_par' dir='ltr' id='par_1_106' title="bbox 2205 5551 3797 5640">
     <span class='ocr_line' id='line_1_111' title="bbox 2205 5551 3797 5640; baseline 0.009 -32"><span class='ocrx_word' id='word_1_730' title='bbox 2205 5551 2355 5608; x_wconf 77' lang='grc' dir='ltr'>ἐστιν</span> <span class='ocrx_word' id='word_1_731' title='bbox 2377 5554 2437 5609; x_wconf 81' lang='grc' dir='ltr'>ὲν</span> <span class='ocrx_word' id='word_1_732' title='bbox 2470 5555 2619 5630; x_wconf 85' lang='grc' dir='ltr'>αὐτῷ</span> <span class='ocrx_word' id='word_1_733' title='bbox 2645 5556 2753 5622; x_wconf 76' lang='grc' dir='ltr'>ἕως</span> <span class='ocrx_word' id='word_1_734' title='bbox 2779 5559 2847 5615; x_wconf 80' lang='grc' dir='ltr'>ἂν</span> <span class='ocrx_word' id='word_1_735' title='bbox 2882 5560 3175 5617; x_wconf 85' lang='grc' dir='ltr'>ὑπόκειται</span> <span class='ocrx_word' id='word_1_736' title='bbox 3200 5566 3267 5637; x_wconf 80' lang='grc' dir='ltr'>τῇ</span> <span class='ocrx_word' id='word_1_737' title='bbox 3299 5565 3477 5640; x_wconf 81' lang='grc' dir='ltr'>φθορᾷ</span> <span class='ocrx_word' id='word_1_738' title='bbox 3499 5582 3514 5595; x_wconf 83' lang='grc'><em>’</em></span> <span class='ocrx_word' id='word_1_739' title='bbox 3556 5566 3635 5639; x_wconf 81' lang='grc' dir='ltr'>μὴ</span> <span class='ocrx_word' id='word_1_740' title='bbox 3660 5564 3797 5624; x_wconf 80' lang='grc' dir='ltr'>οὖσα</span> 
     </span>
    </p>
   </div>
   <div class='ocr_carea' id='block_1_107' title="bbox 512 5614 3791 5733">
    <p class='ocr_par' dir='ltr' id='par_1_107' title="bbox 512 5614 3791 5733">
     <span class='ocr_line' id='line_1_112' title="bbox 512 5614 3791 5733; baseline 0.015 -63"><span class='ocrx_word' id='word_1_741' title='bbox 512 5615 572 5671; x_wconf 73' lang='grc' dir='ltr'>δὶ</span> <span class='ocrx_word' id='word_1_742' title='bbox 601 5617 743 5673; x_wconf 87' lang='grc' dir='ltr'>κατά</span> <span class='ocrx_word' id='word_1_743' title='bbox 784 5614 884 5692; x_wconf 75' lang='grc' dir='ltr'>τὴν</span> <span class='ocrx_word' id='word_1_744' title='bbox 918 5621 1202 5693; x_wconf 87' lang='grc' dir='ltr'>παροῦσαν</span> <span class='ocrx_word' id='word_1_745' title='bbox 1264 5624 1433 5698; x_wconf 74' lang='grc' dir='ltr'>ζωὴν,</span> <span class='ocrx_word' id='word_1_746' title='bbox 1469 5627 1594 5682; x_wconf 77' lang='grc' dir='ltr'>οὐδὲ</span> <span class='ocrx_word' id='word_1_747' title='bbox 1643 5633 2006 5719; x_wconf 70' lang='grc' dir='ltr'>παραπέμψοι</span> <span class='ocrx_word' id='word_1_748' title='bbox 2028 5621 2096 5695; x_wconf 78' lang='grc' dir='ltr'>ἂν</span> <span class='ocrx_word' id='word_1_749' title='bbox 2130 5641 2192 5710; x_wconf 76' lang='grc' dir='ltr'>ἐξ</span> <span class='ocrx_word' id='word_1_750' title='bbox 2217 5644 2386 5719; x_wconf 81' lang='grc' dir='ltr'>αὐτῆς</span> <span class='ocrx_word' id='word_1_751' title='bbox 2412 5650 2551 5722; x_wconf 83' lang='grc' dir='ltr'>πρὸς</span> <span class='ocrx_word' id='word_1_752' title='bbox 2590 5614 2748 5725; x_wconf 36' lang='grc' dir='ltr'>,τὴνν</span> <span class='ocrx_word' id='word_1_753' title='bbox 2783 5614 3791 5733; x_wconf 26' lang='grc' dir='ltr'>μέλλουσαν-’ᾐνάλλάῐ*κλτῖρονιομηθή-</span> 
     </span>
    </p>
   </div>
   <div class='ocr_carea' id='block_1_108' title="bbox 518 5713 3791 5824">
    <p class='ocr_par' dir='ltr' id='par_1_108' title="bbox 518 5713 3791 5824">
     <span class='ocr_line' id='line_1_113' title="bbox 518 5713 3791 5824; baseline 0.013 -59"><span class='ocrx_word' id='word_1_754' title='bbox 518 5729 675 5766; x_wconf 81' lang='grc' dir='ltr'>σεται</span> <span class='ocrx_word' id='word_1_755' title='bbox 714 5713 915 5784; x_wconf 81' lang='grc' dir='ltr'>μᾶλλον</span> <span class='ocrx_word' id='word_1_756' title='bbox 950 5718 1047 5770; x_wconf 75' lang='grc' dir='ltr'>σὺν</span> <span class='ocrx_word' id='word_1_757' title='bbox 1076 5720 1140 5789; x_wconf 79' lang='grc' dir='ltr'>τῇ</span> <span class='ocrx_word' id='word_1_758' title='bbox 1178 5720 1462 5797; x_wconf 80' lang='grc' dir='ltr'>ἀφθαρσίᾳ</span> <span class='ocrx_word' id='word_1_759' title='bbox 1479 5724 1619 5780; x_wconf 83' lang='grc' dir='ltr'>κοιτά</span> <span class='ocrx_word' id='word_1_760' title='bbox 1650 5724 1749 5798; x_wconf 83' lang='grc' dir='ltr'>τὴν</span> <span class='ocrx_word' id='word_1_761' title='bbox 1776 5716 2096 5800; x_wconf 76' lang='grc' dir='ltr'>μέλλουσανο</span> <span class='ocrx_word' id='word_1_762' title='bbox 2138 5737 2219 5793; x_wconf 80' lang='grc' dir='ltr'>διὸ</span> <span class='ocrx_word' id='word_1_763' title='bbox 2251 5713 2414 5797; x_wconf 35' lang='grc' dir='ltr'>δεῖ-σε</span> <span class='ocrx_word' id='word_1_764' title='bbox 2452 5713 2591 5816; x_wconf 79' lang='grc' dir='ltr'>μετὰ</span> <span class='ocrx_word' id='word_1_765' title='bbox 2612 5713 2798 5821; x_wconf 70' lang='grc' dir='ltr'>πάσης</span> <span class='ocrx_word' id='word_1_766' title='bbox 2818 5748 3056 5824; x_wconf 85' lang='grc' dir='ltr'>σπονδῆς</span> <span class='ocrx_word' id='word_1_767' title='bbox 3078 5713 3493 5824; x_wconf 33' lang='grc' dir='ltr'>ἑπιμελείσθαιιῗ</span> <span class='ocrx_word' id='word_1_768' title='bbox 3516 5713 3629 5809; x_wconf 72' lang='grc' dir='ltr'>τῶν</span> 
     </span>
    </p>
   </div>
   <div class='ocr_carea' id='block_1_109' title="bbox 492 5804 1234 5885">
    <p class='ocr_par' dir='ltr' id='par_1_109' title="bbox 492 5804 1234 5885">
     <span class='ocr_line' id='line_1_114' title="bbox 492 5804 1234 5885; baseline 0.003 -18"><span class='ocrx_word' id='word_1_769' title='bbox 492 5854 495 5855; x_wconf 46' lang='grc' dir='ltr'>ν</span> <span class='ocrx_word' id='word_1_770' title='bbox 520 5806 580 5867; x_wconf 78' lang='grc' dir='ltr'>σὲ</span> <span class='ocrx_word' id='word_1_771' title='bbox 636 5807 740 5875; x_wconf 74' lang='grc' dir='ltr'>ἕως</span> <span class='ocrx_word' id='word_1_772' title='bbox 770 5808 836 5865; x_wconf 77' lang='grc' dir='ltr'>ἂν</span> <span class='ocrx_word' id='word_1_773' title='bbox 866 5804 968 5868; x_wconf 77' lang='grc' dir='ltr'>ὦσι</span> <span class='ocrx_word' id='word_1_774' title='bbox 993 5813 1234 5885; x_wconf 73' lang='grc' dir='ltr'>τρεπτοί.</span> 
     </span>
    </p>
   </div>
  </div>
