4054 6540
275 371 409 439 1501
1278 381 1811 447 LOMMENTARII
1850 387 1929 449 IN
1959 388 2416 457 PROVERBIA-
3409 400 3549 464 1502

347 486 447 554 κε’,
464 493 577 552 κς’.
610 487 926 559 Ἐπιμελοῦ
950 488 1069 544 τῶν
1083 488 1151 545 ὼ·
1172 490 1251 556 τῷ
1274 493 1458 563 πεδίῳ
1480 497 1749 567 χλωρῶν,
1773 502 1871 554 καὶ

2046 498 2192 557 Vens
2218 500 2310 570 25,
2338 502 2429 558 26.
2472 501 2617 559 Cura
2647 519 2764 574 qure
2793 504 2846 559 in
2875 506 3073 575 campis
3118 508 3305 575 virent,
3344 518 3394 564 et
3429 518 3545 565 ton-

274 580 471 649 κερεῒς
524 582 715 635 πόαν·
755 580 856 636 καί
907 582 1138 653 σύναγε
1182 584 1404 654 χόρτον
1445 588 1703 658 ὀρεινὸν,
1753 591 1857 646 ἵνα

1984 591 2103 649 lebis
2134 592 2393 660 herbam;
2428 610 2686 667 eongrega
2717 596 2895 666 fenum
2921 597 2986 651 de
3030 598 3292 655 montibus
3351 610 3408 656 ut
3450 601 3549 657 Ita-

271 673 423 783 {znc
480 673 746 740 πρόϐατα
800 674 890 739 είς
936 674 1257 744 Ιματισμόν
1280 691 1295 706 ο
1322 678 1464 748 τίμα
1485 679 1718 747 πεδίον,
1751 682 1860 738 ἵνα

1984 703 2080 742 leas
2122 703 2241 743 oves
2290 688 2347 743 in
2408 690 2813 757 vestimentum;
2863 689 2974 746 cole
3016 708 3285 761 campum,
3338 703 3398 748 ut
3440 695 3549 750 sint

274 765 430 819 ὦσιν
453 765 654 835 ἄρνες.
705 765 1083 837 Καταφρονῶν
1112 768 1215 840 τῆς
1256 770 1377 824 κατ’
1408 770 1662 845 αἴσθησιν
1707 776 1858 830 ἀντι·-

1985 779 2058 833 ibi
2082 782 2226 851 agni.
2262 779 2469 850 Sperne
2500 782 2760 840 scientias
2799 791 3017 840 veteres
3036 795 3091 839 et
3120 784 3402 857 fugitivas,
3430 802 3551 858 quae

277 857 496 929 λήψεως
521 858 631 914 τῶν
660 860 718 913 ἐν
744 859 827 933 τῷ
855 859 1049 916 πλάτει
1082 861 1185 932 τῆς
1215 864 1453 936 φυσικῆς
1485 866 1581 920 καὶ
1606 868 1707 939 τῆς
1726 884 1863 941 γρα-

1984 872 2219 929 ιεηεὶὺυε
2256 873 2603 942 ediscuntur,
2634 890 2759 947 qua:
2786 885 2918 933 sunt
2946 876 3014 933 de
3056 877 3282 947 planitie
3311 857 3553 950 physica)

282 956 451 1027 φικῆς
510 954 747 1027 θεωρίας
799 955 1219 1029 παλαιουμένων
1280 973 1342 1012 τε
1408 959 1504 1013 καλ⁹
1580 977 1859 1034 παρερχο-

1984 973 2014 1019 :t
2056 964 2370 1034 scripturae,
2416 982 2506 1024 res
2542 968 2748 1039 ubique
2797 968 2945 1025 visas
2995 979 3410 1039 repraesentant,
3464 971 3551 1028 vel

283 1048 486 1120 μένων,
516 1047 618 1119 τῆς
644 1050 968 1118 ἐπιφανείας
999 1048 1219 1115 πάντως
1241 1048 1353 1105 τῶν
1379 1050 1614 1121 ὁρατῶν,
1645 1052 1751 1105 καὶ
1766 1050 1861 1106 τοῦ

1984 1065 2199 1108 narrant
2242 1056 2571 1126 historiam;
2608 1057 2706 1114 sed
2753 1065 2909 1114 curet
2959 1074 3115 1116 mens
3163 1069 3255 1115 tua
3305 1061 3359 1116 in
3399 1069 3554 1117 tanto

279 1138 411 1195 καθ’
438 1139 681 1211 ἱστορίαν
715 1141 1049 1211 γράμματος
1079 1140 1341 1212 ἐπιμελοῦ
1390 1141 1535 1197 κατὰ
1578 1143 1705 1199 νοῦν
1751 1143 1864 1198 τῶν

1984 1159 2158 1217 :ampo
2211 1162 2385 1204 novos
2437 1163 2725 1207 sermones
2776 1150 3075 1220 inspiratus
3123 1168 3154 1207 a
3199 1150 3405 1222 Spiritu
3456 1153 3551 1222 qui

283 1234 343 1287 ἐν
370 1231 450 1304 τῷ
478 1233 708 1304 τοιούτῳ
734 1232 929 1290 πλάτει
951 1235 1251 1300 νεαζόντων
1270 1235 1351 1290 τῶ
1371 1237 1672 1310 καινοποιῷ
1691 1237 1865 1293 Πνεύ-

1984 1254 2105 1296 iova
2137 1240 2294 1307 facit,
2326 1256 2549 1298 necnon
2594 1250 2648 1299 et
2675 1243 2915 1315 scriptas
2955 1246 3281 1302 sententias.
3320 1245 3452 1302 Inde
3482 1245 3552 1301 ad

287 1341 420 1395 ματι
480 1324 654 1395 λόγων
685 1325 795 1379 τῶν
854 1324 1045 1393 ὄντων,
1074 1328 1169 1380 καὶ
1197 1326 1493 1400 Γραφικῶν
1523 1328 1815 1401 νοημάτων
1846 1344 1862 1361 ο

1984 1333 2287 1389 exercitium
2319 1335 2538 1392 virtutis
2553 1336 2782 1408 colliges
2809 1353 3028 1409 semper
3051 1338 3336 1396 florentem
3368 1340 3552 1395 scien-

292 1418 387 1471 καὶ
420 1415 596 1489 specu
627 1418 747 1471 κατ’
785 1417 1067 1489 ἐνέργειαν
1091 1418 1201 1473 τῶν
1240 1420 1455 1495 ἀρετῶν
1485 1421 1589 1494 τὴν
1635 1420 1863 1491 ἀειθαλῆ

1984 1425 2096 1479 iam
2153 1437 2472 1482 sanctorum
2520 1426 2618 1483 Dei
2680 1429 3066 1486 mandatorum
3121 1447 3242 1502 qum
3295 1431 3348 1486 in
3402 1432 3553 1487 omni

279 1511 487 1579 γνῶσιν
515 1510 625 1564 τῶν
681 1512 740 1565 ἐν
772 1510 921 1582 πάσῃ
951 1513 1017 1583 τῇ
1046 1512 1237 1585 Γραφῇ
1271 1514 1367 1567 καὶ
1403 1515 1472 1585 τῇ
1501 1512 1683 1567 κτίσει
1743 1512 1865 1567 δια-

1984 1515 2241 1586 scriptura
2280 1526 2333 1574 et
2365 1526 2619 1573 creatura
2664 1520 3043 1591 reperiuntur.
3082 1520 3336 1594 Undique
3360 1523 3555 1595 collige

282 1606 653 1676 δεικνυμένων
690 1603 1021 1676 παναγάθων
1044 1605 1139 1659 τοῦ
1178 1605 1315 1660 Θεοῦ
1347 1606 1702 1679 θελημάτων·
1730 1604 1870 1661 ἀλλά

1984 1607 2129 1662 ιιίςιω
2155 1610 2405 1682 exempla
2426 1610 2685 1667 altiorum
2712 1611 2982 1670 factorum
3007 1613 3132 1671 feno
3162 1614 3377 1671 facilius
3405 1630 3551 1670 mar-

284 1698 379 1751 καὶ
430 1696 600 1770 αὐτὴν
628 1696 855 1765 σύλλεγε
915 1696 1256 1767 πανταχόθεν
1280 1697 1382 1769 τὴν
1409 1696 1754 1769 εὐμάραντον
1780 1691 1870 1750 οἷα

1984 1703 2265 1769 :escentia,
2298 1703 2501 1773 quibus
2536 1704 2605 1761 ad
2649 1705 2994 1776 spiritualem
3023 1706 3311 1763 scientiam
3350 1707 3558 1763 ducan-

284 1791 480 1861 χόρτον
530 1788 1044 1862 παραδειγματικὴν
1096 1789 1339 1861 ἱστορίαν
1369 1790 1479 1844 τῶν
1513 1790 1867 1863 ὑψηλοτέρων

1984 1800 2064 1846 tur
2091 1808 2222 1848 oves
2257 1795 2614 1852 rationabiles
2656 1804 2836 1854 nactae
2866 1798 3010 1868 apud
3058 1804 3113 1853 te
3142 1799 3555 1855 accomodatutn

285 1854 690 1955 θεωρημάτων
727 1854 879 1946 ὅπως
922 1854 1187 1953 κέκτηται
1215 1854 1287 1936 τά
1313 1854 1575 1953 ἀγόμενόι⁷
1612 1854 1698 1936 σοι
1740 1854 1867 1938 κατ’

1984 1884 2079 1939 sibi
2134 1883 2320 1940 cibum
2370 1886 2646 1944 historica:
2691 1887 3018 1960 disciplina},
3062 1889 3299 1947 ferentes
3342 1889 3559 1946 fructus

286 1976 603 2047 ἐπιστήμην
634 1971 1037 2044 πνευματικὴν,
1069 1971 1265 2041 λογικά
1291 1971 1543 2044 πρόϐατα
1567 1989 1583 2006 ·
1616 1972 1867 2046 ἀναλόγῳ

1984 1977 2201 2034 moralis
2231 1978 2595 2051 philosophia:
2622 1982 2785 2053 quasi
2817 1982 3094 2046 vellercm,
3129 1983 3203 2037 ita
3245 1990 3302 2036 ut
3334 1982 3560 2053 partici-

284 2070 499 2133 τούτοις
524 2072 699 2142 τροφῇ
733 2070 800 2140 τῇ
829 2066 951 2123 καθ’
998 2068 1243 2139 ἱστορίαν
1282 2065 1629 2139 διδασκαλίᾳ,
1662 2068 1866 2139 τρεφό-

1984 2084 2069 2138 pcs
2096 2069 2262 2140 hujus
2291 2071 2537 2126 scientiae
2575 2088 2683 2143 qua
2715 2072 3058 2146 indigebant,
3105 2074 3357 2129 ardorem
3402 2071 3559 2144 spiri-

283 2180 426 2233 μενα
461 2163 611 2234 παρά
646 2161 762 2229 σοῦ,
819 2162 913 2216 καὶ
936 2161 1094 2231 δίκην
1127 2160 1331 2232 μαλλοῦ
1358 2160 1485 2225 τοὺς
1533 2160 1636 2231 τῆς
1664 2160 1866 2231 ἠθικῆς

1984 2164 2172 2218 Lualem
2194 2164 2532 2236 concipiant.
2549 2164 2817 2235 Noliergo
2836 2164 3184 2221 humiliorem
3208 2163 3559 2234 disciplinam

278 2254 601 2327 φιλοσοφίας
627 2254 863 2326 τρόπους
909 2253 1141 2325 φύοντα·
1173 2252 1315 2307 ὥστε
1344 2253 1439 2307 καὶ
1466 2253 1597 2318 τοὺς
1636 2253 1863 2325 χρῄζον-

1984 2255 2127 2319 parvi
2168 2255 2373 2322 facere,
2412 2256 2556 2311 hanc
2608 2257 2854 2328 loquere,
2904 2265 2965 2313 ut
3002 2258 3257 2313 rudiores
3301 2253 3562 2325 discipuli

278 2364 378 2411 τας
408 2347 639 2415 ταύτης,
683 2346 821 2418 πρὸς
854 2344 1049 2415 θάλψιν
1080 2343 1517 2416 μεταλαμϐάνειν
1557 2360 1864 2415 πνευματι-

1984 2347 2061 2401 illa
2094 2362 2194 2419 pro
2225 2346 2367 2403 lacte
2393 2348 2710 2403 nutriantur
2741 2348 2810 2404 de
2840 2348 2931 2405 die
2962 2348 3018 2403 in
3057 2349 3202 2404 diem
3236 2347 3410 2421 magis
3441 2359 3564 2419 pro-

278 2442 403 2512 κήν·
432 2439 508 2512 μὴ
534 2436 628 2495 οὖν
653 2439 885 2504 ἀπαξίου
909 2440 1011 2512 τὴν
1037 2438 1473 2510 χθαμαλωτέραν
1491 2436 1863 2505 διδασκαλίαν,

1984 2439 2184 2506 liciant,
2219 2449 2275 2495 et
2297 2448 2513 2495 crescat
2538 2448 2693 2496 tuum
2727 2440 2873 2496 ovile
2906 2440 3252 2497 rationabile.

280 2533 418 2588 ἀλλά
471 2535 565 2587 καὶ
616 2533 825 2605 ταύτης
876 2532 1037 2602 λόγον
1096 2532 1405 2588 ποιοῦ·ἱ’να
1438 2530 1727 2605 ὑπάρχωσι
1784 2548 1867 2585 σοι
1898 2532 1991 2585 καὶ
2022 2531 2364 2605 ἀτελέστεροι
2398 2532 2662 2605 μαθηταὶ,
2692 2533 2770 2598 ὡς
2827 2532 3062 2603 γάλακτι
3126 2530 3304 2604 ταύτῃ
3358 2526 3563 2600 τρεφόο

283 2644 458 2696 μενοι,
491 2628 590 2681 καί⁵
608 2628 729 2692 ταῖς
750 2625 872 2682 καθ’
912 2624 1126 2698 ἡμέραν
1152 2623 1369 2678 ἐπιδόσε
1384 2641 1466 2678 σιν
1493 2625 1629 2695 πρὸς
1663 2623 1980 2694 τελειότητα
2032 2625 2386 2697 ἀναγόμενοι,
2414 2626 2506 2680 καὶ
2540 2624 2685 2681 οὕτω
2720 2625 2782 2682 τὸ
2839 2626 3059 2696 λογικόν
3094 2641 3191 2680 σου
3225 2626 3565 2696 πλατύνηται

280 2724 375 2777 ποί
382 2740 553 2793 μνιον.
2774 2732 2784 2740 ·
2819 2758 2831 2767 .

357 2818 458 2883 κζ’.
499 2815 616 2881 Υἱὲ,
648 2813 957 2885 παρ’ἐμοῦ
1003 2814 1165 2884 ἔχεις
1226 2812 1443 2882 ῥήσεις
1491 2810 1749 2881 ἰσχυρὰς
1779 2813 1859 2875 εἰς

2047 2804 2215 2862 Vens.
2245 2806 2337 2861 27.
2402 2806 2537 2871 Fili,
2572 2825 2605 2862 a
2635 2824 2715 2863 me
2743 2808 2903 2864 habes
2935 2809 3088 2865 verba
3117 2810 3282 2877 fortia
3307 2810 3376 2865 ad
3406 2811 3567 2865 vitam

281 2909 400 2977 τὴν
422 2907 575 2976 ζωήν
598 2923 738 2975 σου,
762 2907 862 2962 καί
894 2909 982 2973 εὶς
1006 2905 1122 2975 τὴν
1165 2903 1321 2975 ζωὴν
1386 2902 1516 2959 σῶν
1580 2901 1869 2971 θεραπόν-

1984 2908 2144 2964 luam,
2172 2908 2222 2953 et
2251 2898 2321 2952 ad
2371 2901 2533 2954 vitam
2564 2900 2934 2956 ministrorum
2980 2912 3213 2957 tuorum.
3251 2902 3354 2969 Qui
3399 2904 3571 2973 spiri~

282 3019 423 3057 των.
468 3001 527 3055 Ὀ
560 2999 783 3072 πνεῦμα
813 2997 1090 3061 υἱοθεσίας
1119 2997 1322 3060 λαϐὼν,
1352 2996 1784 3066 ἀναντιρῤήτους
1810 2992 1870 3061 ἐξ

1984 3000 2092 3045 tum
2126 2990 2436 3061 adoptionis
2462 2992 2744 3061 accepisti,
2768 3000 2917 3047 certa
2942 2993 3213 3063 principia
3239 3007 3269 3046 a
3295 2993 3565 3063 sapientia

284 3092 424 3170 ἐμοῦ
466 3093 569 3164 τῆς
602 3094 795 3163 σοφίας
834 3090 1102 3169 κέκτησαι
1132 3088 1480 3151 διδασκαλίας
1511 3085 1787 3159 φερούσας
1810 3102 1872 3140 σε

1984 3097 2098 3138 mea
2130 3082 2329 3137 doctus
2355 3097 2439 3145 es,
2471 3082 2677 3151 quibus
2713 3080 2876 3137 factis
2904 3090 2958 3137 et
2989 3081 3216 3137 creditis
3242 3082 3462 3138 duceris
3496 3086 3564 3137 ad

281 3188 431 3250 κατά
466 3186 703 3263 θεωρίαν
733 3187 829 3241 καὶ
858 3185 1081 3263 πρᾶξιν,
1116 3184 1197 3247 είς
1225 3200 1284 3239 τε
1318 3181 1416 3256 τὴν
1443 3184 1501 3236 ἐν
1529 3180 1753 3253 Χριστῷ
1774 3198 1870 3235 κε-

1984 3171 2271 3227 vivendum
2302 3173 2356 3226 in
2408 3173 2602 3244 spiritu
2637 3173 2801 3228 vitam
2822 3171 3202 3230 absconditam
3233 3173 3287 3227 in
3317 3171 3563 3236 Christo,

284 3246 616 3353 κρυμμένην
648 3280 857 3334 οἰκείαν
887 3246 1004 3333 σοι⁷
1024 3246 1189 3334 κατὰῗ
1208 3246 1426 3346 πνεῦμα
1455 3246 1600 3345 ζωήν
1624 3292 1639 3305 ο
1663 3246 1759 3328 καὶ
1790 3275 1870 3339 είς

1984 3271 2138 3335 atque
2161 3264 2227 3319 ad
2270 3262 2563 3319 vivendum
2597 3261 2898 3318 secundum
2946 3262 3253 3318 naturalem
3297 3261 3471 3332 legem
3510 3263 3569 3319 in

284 3375 386 3445 τὴν
414 3372 556 3428 κατά
578 3374 671 3427 τὸν
692 3372 795 3443 τῆς
848 3370 1069 3441 φύσεως
1127 3370 1291 3442 νόμον
1345 3367 1555 3430 οἰκείαν
1585 3366 1733 3439 ζωὴν
1754 3368 1870 3433 τοῖς

284 3470 599 3526 δουλεύουσί
638 3485 720 3523 σοι
752 3468 892 3541 πρὸς
933 3466 1199 3539 ἐργασίαν
1223 3464 1333 3525 τῶν
1357 3461 1452 3524 τοῦ
1482 3462 1616 3517 Θεοῦ
1638 3460 1873 3521 ἐντολῶν

291 3562 480 3634 μέλεσι
507 3562 607 3633 τῆς
646 3561 851 3634 σαρκός
896 3576 1013 3614 σου·
1042 3557 1432 3630 παροιμιωδῶς
1452 3555 1563 3628 γάρ
1588 3572 1650 3609 σε
1680 3553 1749 3609 τὰ
1776 3571 1873 3609 κε-

288 3653 584 3735 κρυμμένα
605 3653 694 3708 διά
722 3653 831 3707 τῶν
858 3652 1203 3723 φαινομένων
1233 3649 1593 3705 διδάσκουσαν
1640 3646 1841 3717 ἐπιστή
1858 3674 1876 3687 -

292 3765 403 3829 μην
450 3747 613 3807 θείων
650 3746 747 3802 καὶ
770 3745 1136 3817 ἀνθρωπίνων
1167 3740 1513 3814 πραγμάτων
1538 3737 1874 3819 χαρίζομαι·

286 3841 365 3911 ὡς
399 3843 468 3896 ἂν
499 3842 679 3911 καλῶς
736 3838 875 3915 πρὸς
921 3836 1058 3891 Θεὸν
1109 3835 1201 3890 καί
1227 3833 1552 3907 ἀνθρώπους
1577 3832 1875 3901 διάκεισαι,

287 3934 515 4010 ςίρηνην
539 3929 681 4002 μςτά
715 3931 934 3995 πάντων
959 3927 1172 3985 διώκων
1197 3927 1294 3983 καὶ
1318 3925 1411 3980 τὸν
1438 3926 1731 3998 ἁγιασμόν.

877 4021 1130 4078 suum.
1156 4021 1298 4089 κιίο,

361 4117 432 4172 α’.
461 4116 671 4187 «beare:
691 4117 726 4171 δ
746 4113 975 4185 ἀσεϐὴς
1000 4111 1264 4186 μηδενὸς
1282 4108 1625 4177 διώκοντοςσ
1647 4108 1879 4177 δίκαιος

288 4211 379 4275 δὲ,
402 4208 778 4278 ὦσπερλέων
809 4205 1117 4269 πέποιθεν.
1145 4206 1357 4283 Ὥσπερ
1380 4202 1453 4259 τά
1484 4202 1622 4274 πρὸς
1652 4202 1880 4274 ἀτιμίαν

1975 3355 2240 3412 membris
2258 3357 2448 3412 carnis
2480 3364 2609 3420 tum,
2637 3371 2761 3427 qua:
2791 3354 2889 3412 tibi
2922 3355 2991 3410 ad
3019 3353 3271 3410 facienda
3300 3352 3393 3409 Dei
3420 3353 3569 3409 nt'au-

1974 3446 2103 3504 data
2141 3447 2483 3505 ministrant.
2519 3448 2735 3505 Etenim
2767 3447 2824 3503 in
2860 3446 3192 3520 proverbiis,
3240 3445 3569 3503 abscondita

1976 3557 2074 3615 per
2112 3557 2205 3598 res
2239 3541 2545 3598 exteriores
2604 3540 2898 3599 docentem
2949 3538 3239 3599 scientiam
3266 3537 3335 3594 de
3375 3536 3487 3594 Deo
3511 3544 3569 3594 et

1975 3636 2043 3692 de
2079 3634 2303 3691 homine
2340 3634 2546 3690 tradidi
2597 3633 2720 3701 tibi,
2767 3640 2828 3690 ut
2868 3647 2998 3703 erga
3035 3630 3204 3687 Deum
3236 3640 3292 3685 et
3315 3629 3568 3684 homines

1977 3727 2118 3783 bene
2147 3727 2376 3794 sentias,
2415 3733 2581 3797 atque
2612 3738 2803 3797 pacem
2831 3737 2960 3782 cum
2989 3721 3250 3780 omnibus
3275 3728 3331 3778 et
3362 3721 3571 3778 sancti-

1976 3828 2142 3876 tatem
2173 3817 2555 3889 consequaris.

2541 4013 2696 4073 CAP.
2730 4012 2972 4072 XXVIII.

2047 4108 2216 4171 Vens.
2252 4111 2302 4166 I.
2341 4108 2504 4182 Fugit
2537 4094 2733 4181 impius
2763 4109 2969 4165 nemine
2993 4116 3361 4181 persequente,
3385 4106 3570 4178 justus

1976 4213 2153 4263 autem
2184 4214 2438 4277 tanquam
2470 4202 2549 4259 leo
2579 4198 2822 4271 conﬁdit.
2856 4197 3017 4255 Sicut
3037 4198 3133 4270 qui
3167 4198 3307 4254 alios
3339 4196 3572 4253 inhono-

1978 4305 2099 4363 rat,
2135 4305 2386 4357 metuens
2426 4308 2497 4351 ne
2525 4293 2583 4351 in
2620 4299 2748 4348 actu
2786 4290 3229 4362 deprehendatur
3272 4302 3575 4360 ptenasque

291 4398 387 4450 καὶ
422 4395 582 4459 δίκας
637 4392 828 4463 ὑφέξει
857 4387 933 4447 ὧν
963 4391 1101 4462 πρὸς
1164 4390 1365 4455 αὐτοὺς
1411 4388 1874 4464 πεπλημμέληκε,

1984 4390 2069 4449 det
2090 4388 2538 4453 machinationis,
2566 4385 2706 4457 fugit
2725 4386 2890 4441 etiam
2915 4384 3136 4442 nemine
3159 4389 3572 4456 persequente;

290 4487 636 4562 δραπετεύει,
686 4487 791 4543 κάν
849 4486 1004 4558 παρά
1034 4500 1180 4548 τινος
1230 4485 1398 4555 μήπω
1439 4480 1734 4551 διώκηται’
1767 4482 1796 4534 ό
1821 4478 1874 4538 δὲ

1984 4491 2035 4538 et
2074 4481 2164 4536 ille
2208 4479 2302 4555 qui
2347 4477 2655 4550 proximum
2711 4476 2768 4531 in
2816 4474 2968 4530 nullo
3012 4473 3387 4539 contristavit,
3442 4472 3572 4529 licet

296 4585 430 4657 μήτι
458 4582 594 4653 πρὸς
618 4582 799 4652 λὺπην
846 4578 991 4642 τινὸς
1014 4575 1422 4649 ἐργασάμενος,
1457 4575 1564 4629 κᾶν
1598 4571 1707 4626 ὑπό
1732 4587 1874 4663 τινος

1984 4574 2089 4646 ipsi
2113 4572 2466 4636 detrahatur,
2492 4578 2656 4641 atque
2682 4575 2812 4624 ante
2839 4566 3058 4639 iudices
3083 4566 3360 4631 trahatur,
3388 4576 3570 4622 tamen

294 4656 673 4747 διαδάλληται,
727 4675 823 4729 καὶ
855 4672 936 4736 εἱς
973 4668 1328 4740 δικαστήριον
1352 4667 1606 4737 ἕλκηται,
1655 4665 1795 4737 ἔχων
1820 4662 1874 4718 ea

1984 4673 2213 4742 propter
2265 4664 2471 4720 bonum
2525 4659 2883 4717 conscientia:
2947 4657 3328 4716 testimonium
3383 4665 3443 4712 ut
3489 4656 3576 4712 leo

291 4303 601 4376 ἀνθρώπων
630 4302 822 4369 ποιῶν,
850 4299 1190 4372 πτοούμενος
1215 4299 1412 4373 μήπως
1442 4295 1557 4367 ἁλῷ
1579 4294 1877 4368 φωραθεὶς.

180 4754 185 4758 ’
296 4771 497 4824 οἰκεῖον
529 4768 765 4831 συνειδὸς
798 4764 1255 4833 ἀκατάγνωστον,
1288 4760 1483 4832 θαρῤεῖ
1508 4760 1700 4829 ὥσπερ
1731 4756 1874 4830 θὴρὸ

1984 4757 2213 4815 conlidit
2258 4755 2312 4811 in
2350 4754 2468 4810 suis
2512 4752 2721 4808 viribus
2755 4768 2768 4805 :
2801 4751 2885 4808 sic
2918 4750 3010 4807 ille
3052 4750 3148 4823 qui
3192 4749 3355 4809 factis
3404 4749 3575 4806 Deum

293 4863 432 4918 λέων
461 4861 554 4916 ἐπὶ
578 4863 642 4933 τῇ
672 4860 779 4933 ἰδίᾳ
809 4856 1181 4930 ρωμαλεότητι
1203 4870 1220 4887 ο
1261 4851 1405 4907 οὕτω
1431 4851 1527 4907 καὶ
1548 4852 1577 4905 ό
1595 4849 1665 4904 τά
1697 4850 1772 4921 μὴ
1801 4866 1874 4903 τι-

1988 4850 2235 4913 oficndit,
2267 4846 2515 4907 nondum
2547 4852 2678 4900 ante
2705 4858 3027 4916 supremum
3060 4842 3299 4898 tribunal
3326 4854 3576 4909 vocatus,

298 4958 486 5030 μῶντα
526 4954 660 5008 θεὸν
706 4953 845 5023 ἔργα
889 4948 1383 5021 διαπραττόμενος,
1448 4945 1544 5000 καὶ
1573 4942 1733 5017 *πρὶν
1763 4942 1797 5015 ἦ
1825 4942 1874 4996 τί

1984 4943 2097 5015 jam
2121 4941 2412 5014 judicatur
2439 4949 2601 5011 atque
2624 4935 3031 4993 condemnatur
3048 4934 3271 5008 prOpria
3290 4937 3582 4989 conscien-

284 5026 491 5104 ,μέλλον
510 5049 706 5118 ἐπιστῇ
737 5045 1115 5115 δικαστήριον,
1138 5042 1239 5113 ἤδη
1265 5038 1748 5103 καταδεδίκασται,
1778 5034 1874 5089 ὑπέ

1992 5037 2102 5100 tia;
2131 5043 2187 5088 et
2216 5034 2418 5087 iterum
2453 5031 2548 5101 qui
2592 5027 3103 5100 irreprehensibilis
3148 5036 3256 5093 est,
3303 5026 3433 5082 licet
3462 5036 3583 5089 ten—

292 5141 392 5196 οτοῧ
424 5141 552 5203 ἰδίου
584 5117 891 5202 συνειδότος
922 5132 1417 5205 κατακρινόμενος’
1450 5131 1480 5185 ό
1499 5131 1545 5184 δ’
1575 5129 1874 5201 ἀμέμπτως

1988 5125 2197 5184 talione
2236 5120 2467 5177 libenter
2502 5118 2766 5190 probetur
2807 5133 2959 5191 spem
3012 5117 3213 5172 futura:
3258 5128 3583 5171 remunera-

303 5228 737 5298 πολιτευόμενος,
765 5226 871 5281 κᾶν
891 5224 1163 5285 ἑκουσίοις
1190 5222 1519 5293 πειρασμοῖς
1550 5218 1874 5289 περιπείρη-

1990 5219 2159 5273 tionis
2208 5230 2319 5285 non
2364 5212 2589 5270 amittit.
2623 5210 2741 5266 Hoc
2804 5209 3125 5281 significans
3164 5209 3364 5264 beatus
3412 5205 3581 5261 David

295 5338 412 5385 ται,
444 5320 583 5375 ἀλλά
610 5336 674 5389 γε
704 5319 805 5391 τὴν
857 5316 1051 5371 ἐλπίδα
1076 5315 1179 5386 τῆς
1210 5311 1515 5386 μελλούσης
1548 5307 1874 5382 μισθαποδο-

1990 5309 2210 5365 diccbat
2253 5326 2269 5364 :
2324 5324 2343 5359 ι
2400 5304 2529 5363 Ideo
2574 5318 2685 5361 non
2738 5302 3057 5359 timebimus
3105 5302 3237 5357 dum
3268 5299 3584 5355 turbabitur

300 5412 424 5475 σίας
453 5413 554 5466 οὐκ
603 5410 971 5465 ἀποϐάλλεται
994 5425 1007 5438 °
1036 5408 1175 5479 ὅπερ
1214 5406 1391 5476 δηλῶν
1433 5403 1531 5459 καὶ
1551 5404 1580 5457 ό
1614 5401 1874 5475 μακάριος

1992 5410 2161 5466 terra,
2194 5407 2249 5455 et
2277 5395 2680 5453 transferentur
2707 5402 2925 5450 montes
2953 5394 3008 5449 in
3039 5408 3137 5450 cor
3169 5392 3403 5451 maris‘.
3442 5409 3462 5445 ι

303 5506 454 5575 λέγει
513 5505 708 5559 Δαῆίδ·
746 5522 764 5556 ι
789 5501 888 5556 Διά
939 5500 1099 5555 τοῦτο
1130 5500 1192 5554 ού
1238 5496 1663 5570 φοϐηθησόμεθα
1705 5494 1765 5550 ἐν
1802 5493 1882 5566 τῷ
1916 5491 2283 5568 ταράσσεσθαι
2307 5491 2408 5562 τὴν
2434 5491 2559 5562 γῆν,
2588 5487 2687 5543 καὶ
2717 5486 3104 5559 μετατίθεσθαι
3144 5485 3245 5560 δρη
3308 5488 3367 5541 ἐν
3448 5502 3590 5558 καρ-

302 5600 446 5663 δίαις
477 5599 790 5652 θαλασσῶν.
817 5616 836 5649 ι
1693 5651 1700 5658 _

374 5692 438 5762 β’.
471 5692 551 5745 Δι’
603 5690 892 5761 ἁμαρτίας
941 5686 1196 5757 ἀσεϐῶν,
1246 5685 1474 5759 κρίσεις
1524 5684 1874 5755 ere/portae

2069 5677 2229 5735 Vens.
2268 5674 2322 5732 2.
2361 5670 2585 5745 Propter
2615 5681 2831 5744 peccata
2872 5672 3151 5746 impiorum
3174 5671 3389 5743 judicia
3421 5669 3586 5732 suasio

376 5875 395 5908 ⁸
432 5872 578 5930 Ρείιιι
616 5886 741 5942 ιιι,
773 5869 834 5927 5.
