4054 6540
509 384 653 463 ιδοι

1816 380 2172 443 PROCOPII
2201 380 2445 443 GAZ/El

3651 378 3803 445 1501

507 501 715 559 tantur,
756 491 836 546 vir
878 500 1052 546 autem
1079 499 1288 546 astutus
1322 491 1622 562 exstinguet
1661 507 1744 545 ea.
1781 489 1920 545 Dum
1953 492 2093 547 votis

2203 490 2353 559 ἀνὴρ
2373 490 2444 545 δὲ
2480 487 2823 559 πανοῦργος
2870 487 3236 544 κατασϐέσει
3282 490 3490 555 αὐτάς.
3542 492 3664 545 Τῶν
3720 492 3803 564 μὴ

506 588 829 655 plerumque
861 582 1126 638 decidunt
1175 582 1268 653 qui
1305 596 1496 636 verum
1526 583 1732 637 bonum
1778 590 1959 638 mente
1989 599 2097 637 non

505 677 829 747 exquirunt,
854 677 977 732 lites
1032 685 1323 732 moventur
1350 675 1492 730 inter
1519 690 1635 738 eos,
1669 675 1805 746 ipsis
1844 676 1951 731 sibi
1989 675 2101 730 cri-

510 769 641 824 mini
694 776 886 822 mutuo
924 766 1184 823 dantibus
1243 765 1522 821 infelicem
1580 767 1809 821 exitum.
1871 765 2103 837 Sapiens

508 876 639 916 vero
676 861 801 915 illas
832 860 1006 933 perite
1037 858 1518 930 przetergreditur,
1552 859 1817 931 ipsasque
1862 858 2098 917 sedabit.

580 1038 747 1095 Vens.
768 1039 858 1094 3|.
887 1038 1067 1093 Fortis
1100 1038 1157 1093 in
1186 1038 1544 1107 impietatibus
1571 1039 1936 1093 calumniatur
1962 1052 2098 1107 pau-

511 1148 680 1201 peras.
736 1130 909 1184 llomo
950 1130 1163 1200 peritus
1187 1129 1303 1184 oris
1340 1130 1781 1195 mendaciorum,
1817 1129 1901 1184 vel
1938 1144 2101 1182 manu

514 1232 845 1294 praepotens,
879 1222 948 1277 iis
979 1222 1070 1292 qui
1097 1228 1288 1277 carent
1313 1236 1567 1278 sermone
1586 1230 1639 1277 et
1659 1222 1856 1277 robore
1884 1222 2101 1277 instan-

514 1325 599 1369 ter
628 1321 809 1378 nocet,
854 1312 937 1369 sic
971 1311 1208 1368 Satanas
1248 1312 1408 1367 nobis
1448 1313 1929 1369 consentientibus
1975 1327 2104 1367 acer

512 1408 577 1461 ad
603 1405 933 1469 laedendum,
962 1405 1169 1461 invidet
1195 1405 1511 1461 hominibus
1530 1407 1624 1477 qui
1645 1407 1949 1461 voluntarie
1966 1406 2104 1460 exei-

511 1500 651 1555 dnnt
684 1516 713 1553 a
758 1499 967 1555 divitiis
1031 1500 1280 1554 scientia:
1322 1508 1375 1554 et
1420 1501 1661 1562 virtutis,
1707 1500 1922 1570 ipsique
1965 1504 2103 1554 resi-

513 1602 659 1647 stere
696 1607 803 1646 non
835 1600 1096 1662 possunt;
1132 1592 1242 1647 illis
1269 1592 1566 1661 perniciem
1595 1590 2107 1662 postremoinlerre

515 1683 759 1738 molitur.

2200 581 2489 655 τιμώντων
2512 583 2656 637 κατά
2676 582 2916 636 διάθεσιν
2951 582 3013 635 τδ
3042 581 3213 645 ὅντως
3247 581 3451 651 ἀγαθὸν
3477 584 3804 653 ἀποτυγχα-

2201 675 2407 729 νόντων
2424 673 2689 737 πολλάκις
2712 672 2826 726 τῶν
2855 672 3041 737 αὐτοῖς
3066 672 3297 742 ἐφετῶν,
3316 674 3571 741 διενέξεις
3586 674 3803 745 μεταξὺ

2202 765 2406 820 τούτων
2432 766 2760 837 ἐγείρονται,
2801 764 3055 836 ἀλλήλοις
3098 767 3526 836 προσαπτόντων
3554 768 3660 830 τὰς
3685 766 3807 821 τῶν

2203 858 2516 929 ἀποτυχιῶν
2564 858 2853 929 ἀφορμάς’
2909 860 2939 912 ὁ
2986 857 3045 911 δὲ
3077 857 3364 927 φρόνιμος,
3414 858 3513 922 τὰς
3542 858 3805 914 ἐντεῦθεν

2203 949 2386 1021 ἐριδας
2421 950 2699 1020 μετελθὼν
2722 949 2961 1019 εὐφυῶς,
2996 948 3341 1004 καταπαύσει
3367 949 3559 1011 αὐτάς.

2273 1049 2345 1111 γ’.
2388 1041 2689 1111 Ἀνδρεῖος
2735 1043 2807 1096 ἐν
2851 1043 3176 1108 ἀσεϐείαις,
3222 1042 3596 1112 συκοφαντεῖ
3636 1060 3803 1097 πτω-

2204 1133 2373 1203 χούς.
2404 1133 2619 1203 Ὥσπερ
2650 1135 2679 1185 ὁ
2704 1133 2921 1204 ἰσχυρὸς
2949 1135 3017 1203 τῇ
3047 1149 3105 1185 τε
3134 1132 3349 1205 γλώττῃ
3380 1134 3473 1187 τοῦ
3512 1134 3806 1205 καταψεύ-

2203 1223 2409 1291 δεσθαι,
2444 1226 2543 1277 καὶ
2576 1225 2645 1295 τῇ
2670 1223 2817 1294 χειρὶ
2843 1223 2940 1277 τοῦ
2973 1223 3487 1289 καταδυναστεύειν,
3520 1227 3636 1289 τοῖς
3661 1225 3806 1278 ἀπο-

2207 1312 2361 1387 ροῦσι
2381 1315 2475 1367 καὶ
2495 1314 2657 1383 λόγου
2678 1314 2773 1367 καὶ
2795 1313 3117 1379 δυναστείας
3136 1315 3551 1385 ὲπηρεαστικῶς
3568 1315 3807 1384 ἐπιφύε-

2203 1424 2294 1461 ται
2315 1423 2329 1439 ·
2365 1404 2509 1460 οὕτω
2540 1405 2634 1459 καὶ
2658 1408 2687 1459 ὁ
2717 1404 2859 1460 κατά
2891 1404 3215 1476 προαίρεσιν
3261 1405 3539 1476 ἡμετέραν
3574 1405 3808 1478 ἰσχυρὸς

2202 1494 2298 1549 τοῦ
2347 1498 2664 1549 κακοποιεῖν
2695 1495 2962 1559 Σατανᾶς,
2994 1498 3109 1559 τοῖς
3166 1495 3309 1550 κατά
3360 1494 3587 1567 γνώμην
3626 1497 3805 1549 ὲκπεο

2206 1588 2449 1642 πτωκόσι
2478 1587 2572 1642 τοῦ
2610 1587 2845 1641 πλούτου
2876 1587 2978 1658 τῆς
3005 1586 3265 1656 γνώσεως
3294 1590 3392 1642 καὶ
3424 1588 3524 1659 τῆς
3566 1590 3804 1659 ἀρετῆς,

2204 1677 2499 1732 κάντεῦθεν
2532 1678 2606 1750 μὴ
2633 1677 2955 1748 δυναμένοις
2976 1677 3296 1747 ἀντιστῆναι
3319 1675 3490 1746 αὐτῷ,
3519 1675 3806 1747 φθονερῶς

2206 1771 2530 1836 ἐπιτίθεται,
2553 1770 2739 1824 τέλεον
2768 1768 3035 1838 ἀπολέσαι
3062 1768 3286 1832 τούτους
3309 1768 3629 1839 ἐπιχειρῶν.

588 1861 754 1918 Vens.
782 1863 835 1917 ιι.
871 1862 1150 1934 Tanquam
1210 1862 1389 1932 pluvia
1443 1863 1711 1919 vehemens
1750 1872 1807 1918 “et
1856 1864 2088 1931 inutilis,

2272 1864 2337 1919 δ’.
2369 1864 2600 1931 Ὠσπερ
2637 1860 2815 1927 ὑετὸς
2847 1859 3068 1928 λάϐρος
3095 1860 3195 1914 καὶ
3240 1860 3580 1931 ἀνωφελὴς,
3604 1861 3806 1926 οὕτως

513 1956 588 2009 sic
621 1956 710 2025 qui
726 1955 1139 2022 derelinquenles
1174 1956 1333 2026 legem
1361 1956 1588 2009 laudant
1614 1957 1976 2027 impietatem;
2004 1961 2095 2029 qui

513 2058 687 2101 autem
715 2048 941 2117 diligunt
965 2048 1124 2114 legem
1154 2049 1486 2101 circumdant
1524 2049 1627 2103 sibi
1658 2049 2093 2117 murum.Qualis

514 2139 690 2194 imber
716 2140 1007 2194 vehemens
1037 2148 1091 2193 et
1123 2140 1565 2209 intempestivus,
1587 2144 1683 2212 qui
1714 2151 1914 2197 terram
1942 2160 2100 2199 ever-

513 2233 599 2295 tit,
633 2239 688 2285 et
719 2228 786 2284 ad
818 2231 1423 2305 extremum_damnum
1456 2232 1621 2287 infert
1650 2234 1927 2305 agricolis,
1960 2235 2096 2290 tales

512 2332 641 2378 sunt
680 2322 955 2385 homines,
979 2322 1071 2393 qui
1105 2291 1201 2377 Dei
1230 2334 1502 2394 praecepta
1539 2335 1976 2391 contemnentes,
1999 2342 2097 2380 au-

511 2418 864 2487 ditorumqne
894 2417 1109 2473 animos
1150 2418 1215 2471 ad
1241 2419 1542 2487 nequitiam
1582 2418 1940 2485 inclinantes,
1976 2435 2100 2474 cor-

514 2517 778 2580 rumpunt
811 2511 1013 2565 bonum
1050 2525 1239 2565 semen
1261 2511 1575 2567 aCreatore
1617 2522 1825 2568 natura:
1846 2514 2099 2567 humana:

516 2600 805 2664 insertum,
844 2601 1145 2656 laudantes
1175 2616 1341 2671 opera
1399 2603 1452 2656 in
1488 2602 1655 2657 Deum
1692 2605 1957 2674 injuriosa
1989 2622 2093 2659 non

514 2693 847 2747 erubescunt
882 2708 991 2760 ;ex
1044 2693 1282 2747 adverso
1324 2694 1462 2750 bene
1513 2696 1815 2753 sentientes
1844 2698 2098 2753 homines

513 2785 581 2839 de
602 2784 688 2840 bis
706 2785 977 2842 mandatis
1004 2785 1096 2841 Dei
1122 2786 1371 2842 timorem
1399 2787 1504 2843 sibi
1539 2795 1795 2842 statuunt
1818 2804 1916 2859 pro
1939 2805 2100 2843 muro

512 2893 623 2947 quo
651 2878 720 2933 ab
753 2878 841 2934 bis
910 2877 1223 2933 mortiferis
1274 2879 1533 2935 consiliis
1589 2896 1703 2936 sua:
1731 2882 1933 2937 animae
1965 2897 2097 2953 pro-

513 2979 796 3041 leguntur.

2205 1956 2258 2008 οί
2279 1952 2787 2022 ἐγκαταλιπόντες
2809 1950 2918 2005 τὸν
2936 1952 3146 2019 νόμον,
3166 1949 3642 2021 ἐγκωμιάζουσιν
3662 1951 3806 2005 ἀσέ-

2205 2050 2402 2102 ϐειανο
2438 2048 2491 2100 οι
2522 2043 2590 2098 δὲ
2613 2042 2962 2114 ἀγαπῶντες
2990 2043 3101 2098 τὸν
3132 2044 3354 2114 νόμον,
3384 2045 3799 2114 περιϐάλλουο

2206 2153 2311 2193 σιν
2347 2135 2585 2210 ἑαυτοῖς
2648 2134 2866 2204 τεῖχος.
2917 2134 3189 2204 Καθάπερ
3232 2134 3441 2206 ὄμϐρος
3496 2136 3803 2206 ῥαγδαῖος,

2209 2231 2303 2285 καὶ
2344 2229 2421 2301 μὴ
2467 2227 2610 2281 κατά
2671 2226 2864 2297 καιρὸν
2908 2226 3209 2298 φερόμενος
3261 2226 3354 2280 τὸν
3405 2229 3800 2297 προσήκοντα,

2204 2324 2420 2385 πάντως
2442 2318 2662 2390 παρασύ
2670 2336 2755 2390 ρει
2784 2318 2884 2390 τὴν
2904 2319 3030 2388 γῆν,
3055 2322 3151 2372 καὶ
3174 2319 3508 2390 προσζημιοῖ
3532 2319 3610 2389 τῷ
3631 2338 3807 2389 κεφα-

2205 2415 2345 2487 λαίῳ
2374 2414 2464 2468 τὸν
2496 2413 2749 2485 γεωργόν
2771 2428 2785 2443 ⁶
2824 2411 2996 2473 οὕτως
3036 2415 3086 2465 οἱ
3119 2412 3216 2475 τὰς
3250 2413 3397 2477 θείας
3420 2413 3645 2477 ἐντολάς
3677 2414 3805 2466 ἀθε-

2205 2513 2492 2582 τήσαντες,
2543 2509 2680 2580 πρὸς
2725 2507 2924 2562 κακίαν
2972 2508 3071 2570 τὰς
3115 2507 3356 2578 ψυχικὰς
3384 2506 3665 2571 διαθέσεις
3692 2509 3803 2563 τῶν

2204 2602 2487 2675 ἀκροατῶν
2520 2598 2953 2671 παρασύροντες,
2977 2598 3076 2653 καὶ
3107 2599 3200 2651 τὸν
3230 2599 3381 2670 παρά
3401 2597 3495 2652 τοῦ
3520 2602 3801 2669 Δημιουρ-

2204 2696 2302 2766 γοῦ
2329 2694 2612 2749 ἐντεθέντα
2656 2696 2725 2765 τῇ
2774 2694 2936 2763 φύσει
2980 2692 3090 2747 τῶν
3125 2691 3433 2762 ἀνθρώπων
3465 2693 3673 2762 σπόρον
3702 2693 3797 2746 τοῦ

2206 2789 2413 2860 ἀγαθοῦ
2458 2787 2889 2857 διαφθείροντες,
2938 2786 3008 2841 τὰ
3070 2786 3146 2856 μὴ
3200 2785 3447 2849 τιμῶντα
3488 2785 3627 2839 Θεὸν
3660 2784 3800 2855 ἔργα

2207 2878 2512 2944 ἐπαινοῦσι,
2547 2877 2622 2951 μὴ
2649 2878 3055 2949 αἰσχυνόμενοι·
3090 2879 3139 2931 οἱ
3166 2877 3224 2930 δε
3258 2879 3389 2950 περὶ
3413 2879 3514 2942 τὰς
3535 2878 3803 2941 τοιαύτας

2206 2971 2426 3035 ἐντολὰς
2456 2970 2637 3033 καλῶς
2658 2969 3019 3041 διακείμενοι,
3058 2970 3271 3035 ἑαυτοῖς
3312 2970 3408 3024 τὸν
3456 2970 3603 3025 θεῖον
3634 2970 3803 3039 φόὸον

530 3060 877 3130 περιτιθέασι
907 3060 1065 3129 δίκην
1089 3061 1306 3132 τείχους
1335 3061 1445 3116 ἀπὸ
1474 3063 1583 3117 τῶν
1612 3063 1870 3119 τοιούτων
1894 3064 2237 3137 φθοροποιῶν
2265 3064 2441 3133 λόγων
2474 3062 2573 3127 τὰς
2609 3062 2791 3134 ψυχὰς
2820 3061 3026 3116 τούτων
3055 3061 3549 3134 περιφυλάττοντα.

588 3149 752 3204 Vens.
778 3150 830 3204 5.
870 3147 984 3204 Viri
1015 3151 1149 3204 mali
1169 3168 1274 3206 non
1299 3152 1596 3224 intelligent
1638 3153 1928 3224 judicium,
1947 3172 2092 3226 qutt-

2270 3161 2332 3210 ε’.
2367 3153 2617 3224 ’Ἄνδρες
2654 3153 2850 3219 κακοί,
2890 3154 2963 3208 οὐ
3017 3153 3322 3222 νοήσουσι
3370 3152 3580 3223 κρῖμα·
3634 3154 3697 3207 οι
3734 3152 3801 3206 δὲ

510 3250 683 3296 rentes
728 3251 905 3297 autem
934 3240 1224 3296 Dominum
1252 3243 1547 3314 intelligent
1599 3245 1656 3299 in
1705 3247 1849 3299 omni
1890 3262 1965 3302 re.
1991 3244 2096 3311 Qui

509 3348 811 3407 operantur
856 3338 1226 3408 iniquitatem,
1296 3347 1480 3395 mente
1540 3343 1861 3408 caecutiunt,
1909 3353 2098 3415 utpote

513 3436 923 3500 contemptores
948 3430 1085 3500 legis
1117 3429 1363 3496 Domini,
1398 3433 1495 3504 qui
1524 3441 1611 3488 est
1644 3434 1737 3489 lux
1771 3436 2095 3491 scmitarum

513 3528 849 3586 nostrarum,
890 3523 969 3577 ait
997 3521 1287 3579 Psalmista
1322 3526 1368 3557 ¹⁶
1409 3544 1425 3592 ;
1457 3524 1637 3581 iidem
1676 3528 1909 3585 meliora
1940 3545 1969 3584 a
2002 3545 2098 3599 pe-

508 3614 733 3683 jor-ibus
796 3630 907 3670 non
962 3615 1310 3674 discernunt.
1356 3617 1421 3672 Et
1456 3626 1651 3674 contra
1695 3621 1790 3691 qui
1830 3620 1898 3677 ad
1935 3638 2096 3679 suum

515 3717 825 3771 auctorem,
854 3707 1025 3764 Deum
1056 3708 1349 3765 Dominum
1380 3712 1658 3780 omnium,
1699 3724 1938 3770 mentem
1967 3715 2099 3773 sim-

514 3798 728 3866 pliciter
754 3807 807 3853 et
843 3797 1037 3854 sedulo
1070 3800 1336 3871 dirigunt,
1361 3802 1734 3860 illuminatum
1769 3820 1799 3858 a
1836 3803 1963 3863 Sole
2004 3807 2097 3875 ju-

513 3888 680 3943 stiti-.e
749 3890 953 3946 mentis
1004 3894 1223 3947 oculum
1284 3894 1587 3959 habebunt,
1644 3897 1829 3952 omnia
1891 3899 1943 3953 in
1995 3899 2099 3956 hoc

512 3982 716 4036 mundo
767 3998 902 4039 sane
952 3997 1333 4057 cognoscent,
1413 4003 1748 4060 omnemque
1806 3994 2100 4063 acquirent

513 4072 835 4128 scientiam.

587 4161 752 4218 Vnus.
790 4163 843 4219 6.
887 4164 1085 4221 Melior
1106 4179 1185 4222 est
1209 4186 1408 4240 pauper
1454 4173 1636 4230 videns
1670 4177 1726 4230 in
1760 4174 2096 4232 veritate'di-

516 4255 617 4310 vite
646 4257 910 4315 mendaci.
941 4259 1207 4330 Magister
1243 4264 1337 4333 qui
1366 4281 1474 4320 non
1508 4268 1614 4323 nisi
1651 4270 1885 4326 scientia
1920 4281 2095 4334 caret,

511 4356 568 4403 et
598 4346 651 4402 in
675 4349 828 4418 praxi
858 4349 1001 4403 viam
1059 4366 1242 4406 veram
1276 4354 1660 4412 mandatorum
1694 4358 1788 4414 Dei
1826 4362 2097 4431 sequitur.

513 4438 705 4493 melior
727 4449 810 4495 est
836 4440 960 4497 aliis
990 4443 1189 4512 quibus
1216 4456 1416 4516 praesto
1462 4457 1543 4505 est
1572 4466 1767 4522 magna
1803 4449 2097 4521 facundia,

510 4532 776 4602 operibus
801 4533 975 4603 justis
1006 4549 1114 4590 non
1148 4538 1499 4596 confirmata.
1527 4540 1629 4609 Qui
1660 4544 1771 4616 agit
1798 4553 1853 4601 et
1879 4546 2095 4601 actibus

508 4624 691 4682 uocet.
731 4621 928 4677 beatus
963 4633 1098 4679 est:
1139 4625 1245 4680 sibi
1276 4629 1467 4693 servit,
1504 4637 1558 4684 ct
1614 4646 1708 4688 eos
1760 4634 1850 4703 qui
1905 4618 2096 4689 vident

510 4714 578 4768 ad
612 4714 1029 4786 glorificandum
1065 4718 1233 4776 Deum
1280 4722 1529 4779 adducit.
1559 4725 1664 4793 Qui
1717 4736 1901 4784 autem
1961 4728 2096 4783 dicit

508 4814 567 4861 et
608 4822 716 4862 non
762 4806 917 4875 facit,
942 4811 1112 4867 miser
1176 4822 1284 4879 est,
1321 4814 1428 4870 sibi
1485 4826 1669 4885 nocet,
1701 4828 1756 4876 et
1810 4836 2095 4877 sermones

511 4906 646 4952 cuos
705 4908 925 4954 actuum
996 4903 1341 4972 oppositione
1396 4906 1579 4962 reddit
1614 4908 1918 4966 inellicaces
1966 4911 2093 4982 quia

510 4988 744 5059 simplex
790 4992 1033 5047 scientia
1084 4993 1258 5063 inﬂat,
1291 4996 1369 5053 ait
1406 5014 1641 5072 magnus
1676 5002 1974 5074 Apostolus
2028 5003 2092 5068 “,

508 5088 565 5137 et
592 5081 833 5140 cltaritas
861 5084 1115 5142 aediﬁcat.

583 5346 812 5405 Vens].
833 5348 1079 5406 Custodit
1094 5352 1255 5425 legem
1267 5354 1415 5424 ﬁlius
1438 5355 1772 5428 intelligens;
1799 5360 1890 5430 qui
1920 5373 2093 5418 autem

513 5441 685 5507 pascit
724 5441 1016 5510 luxuriam,
1050 5446 1339 5502 inltonorat
1364 5459 1569 5517 patrem
1616 5470 1796 5507 suum.
1832 5454 2085 5510 Mandata

459 5553 463 5557 ’
516 5527 611 5585 Dei
639 5537 951 5606 servat,qui
976 5537 1233 5608 dignatus
1262 5549 1346 5595 est
1378 5544 1559 5597 vocari
1588 5543 1736 5600 ﬁlius
1771 5545 1864 5600 Dei
1896 5563 2094 5603 secun-

512 5620 645 5676 dum
676 5625 906 5693 gratiam
940 5643 957 5683 :
990 5644 1097 5683 non
1128 5631 1292 5686 modo
1347 5632 1507 5688 fidem
1539 5638 1771 5707 accepit,
1805 5638 1899 5693 sed
1930 5640 2091 5696 etiam

591 5808 636 5839 ¹⁰
675 5804 823 5864 Psal.
862 5822 1050 5877 cxvnt,
1084 5809 1204 5868 105.
1288 5815 1324 5849 ιι
1358 5811 1377 5868 l
1410 5812 1537 5870 Cor.
1568 5830 1688 5884 vttt,
1718 5816 1765 5872 ι.

2198 3246 2515 3314 ζητοῦντες
2541 3245 2651 3299 τὸν
2675 3244 2916 3313 Κύριον,
2948 3243 3339 3313 συνήσουσιν
3378 3244 3449 3298 ὲν
3481 3244 3691 3298 παντί.
3738 3246 3802 3298 0i

2197 3340 2295 3411 τῆς
2320 3338 2553 3409 ἀνομίας
2586 3338 2838 3409 ἐργάται,
2873 3335 3281 3407 τυφλῶττοντες
3305 3337 3448 3391 κατὰ
3479 3336 3685 3408 ψυχὴν,
3713 3332 3823 3406 οἷα,

2197 3433 2289 3486 τὸν
2310 3430 2403 3485 τοῦ
2437 3430 2572 3485 Θεοῦ
2628 3430 2796 3502 νόμον
2851 3429 3365 3502 ἀποστρεφόμενον
3397 3428 3482 3495 ὃς,
3533 3429 3682 3483 κατὰ
3707 3429 3801 3482 τὸν

2198 3522 2526 3596 Ψαλμῳδὸν,
2566 3521 2682 3593 φῶς
2743 3524 2862 3577 ἐστι
2898 3522 3007 3577 τῶν
3038 3522 3243 3594 τρίϐων
3271 3521 3450 3594 ἡμῶν,
3479 3522 3541 3575 οὐ
3580 3522 3803 3593 διακρι-

2198 3616 2350 3671 νοῦσι
2379 3616 2441 3669 τὸ
2466 3619 2713 3688 κρεῖττον
2747 3615 2857 3669 ἀπὸ
2890 3615 2985 3669 τοῦ
3014 3614 3260 3686 χείρονος
3285 3630 3297 3644 ·
3346 3613 3396 3667 οἱ
3429 3614 3487 3667 δὲ
3527 3612 3669 3685 πρὸς
3702 3614 3802 3683 τὴν

2202 3709 2340 3765 ίδίαν
2375 3708 2579 3773 αίτίαν,
2609 3707 2703 3762 τὸν
2732 3707 2826 3761 τοῦ
2856 3706 3063 3770 παντὸς
3094 3706 3375 3775 Δεσπότην
3409 3704 3571 3769 Θεὸν,
3608 3703 3801 3767 ἁπλῶς

2198 3803 2342 3858 κατά
2391 3801 2518 3856 νοῦν
2572 3799 2885 3871 κινούμενοι
2933 3798 3053 3869 μετ’
3080 3799 3342 3867 ἐφέσεως,
3387 3796 3677 3851 ὑπἀὐτοῦ
3701 3796 3797 3850 τοῦ

2198 3896 2298 3967 τῆς
2324 3891 2671 3965 δικαιοσύνης
2697 3891 2879 3946 Ἡλίου
2900 3891 2960 3945 τὸ
2978 3890 3163 3961 νοερὸν
3184 3890 3341 3962 ὄμμα
3365 3887 3802 3959 καταλαμπόμε-

2199 4002 2303 4051 νοι,
2327 3987 2436 4040 πᾶν
2454 3987 2513 4039 τὸ
2532 3983 2847 4057 παρατυχὸν
2866 3981 3047 4046 καλῶς
3073 3980 3400 4051 γνώσονται,
3429 3980 3531 4052 τὴν
3562 3981 3799 4036 καθόλου

2200 4076 2527 4150 κεκτημένοι
2564 4075 2861 4146 διάκρισιν.

2274 4176 2348 4236 ς’.
2381 4170 2697 4238 Κρείσσων
2720 4166 2958 4236 πτωχὸς
2986 4166 3393 4236 πορευόμενος
3418 4164 3490 4220 ἐν
3518 4166 3796 4235 ἀληθείᾳ,

2200 4262 2506 4317 πλουσίου
2528 4258 2816 4330 ψευδοῦς.
2856 4259 2916 4312 '0
2944 4262 3043 4330 τῆς
3072 4257 3173 4329 μὲν
3200 4258 3347 4312 κατά
3388 4259 3679 4331 προφορὰν
3711 4259 3800 4330 ψι-

2200 4354 2298 4423 λῆς
2324 4355 2581 4424 γνώσεως
2609 4352 2815 4422 ἐνδεὴς,
2846 4351 2990 4405 κατά
3019 4350 3223 4422 πρᾶξιν
3252 4350 3329 4414 δὲ,
3376 4351 3486 4404 τῶν
3517 4350 3682 4405 θείων
3714 4354 3798 4405 ὲν-

2200 4445 2369 4500 σιολῶν
2398 4445 2500 4517 τὴν
2525 4447 2623 4515 τῆς
2669 4444 2930 4516 ἀληθείας
2977 4444 3095 4497 ὁδὸν
3138 4445 3511 4516 διερχόμενος,
3560 4444 3795 4513 βελτίων

2130 4525 2172 4580 Ῐ)
2202 4538 2319 4591 ἐστὶ⁹
2347 4536 2441 4591 τοῦ
2479 4537 2654 4606 λόγων
2706 4535 2923 4606 ἔχοντος
2974 4536 3292 4609 περιουσίαν
3348 4536 3575 4606 πολλὴν,
3629 4536 3706 4607 μὴ
3736 4534 3795 4599 ἐξ

2200 4630 2379 4702 ἔργων
2437 4629 2785 4701 δικαιοσύνης
2849 4629 3287 4702 βεϐαιουμένωνο
3364 4630 3555 4701 ὅτιπερ
3614 4629 3643 4681 ὁ
3693 4630 3793 4699 μὲν

2203 4720 2395 4787 ποιῶν,
2420 4721 2515 4774 καὶ
2544 4720 2623 4792 τῷ
2668 4720 2857 4792 τρόπῳ
2908 4720 3199 4786 διδάσκων,
3255 4719 3558 4791 μακάριος·
3584 4718 3662 4783 ὡς
3696 4718 3791 4772 καὶ

2203 4812 2393 4867 ἑαυτὸν
2419 4810 2667 4883 ὠφελῶν,
2714 4813 2812 4867 καὶ
2843 4812 2969 4876 τοὺς
2994 4813 3241 4884 ὁρῶντας
3264 4812 3477 4881 ὲνάγων
3520 4812 3601 4876 εἰς
3632 4811 3791 4877 δόξαν

2201 4904 2365 4961 Θεοῦο
2397 4908 2425 4961 ὁ
2458 4905 2515 4959 δὲ
2540 4904 2809 4960 διδάσκων
2838 4904 2932 4959 καὶ
2959 4904 3034 4976 μὴ
3068 4905 3256 4970 ποιῶν,
3280 4904 3463 4969 ἄθλιος
3482 4921 3496 4934 ο
3528 4902 3788 4974 βλάπτων

2201 5016 2260 5053 τε
2286 4998 2500 5064 ἑαυτὸν,
2535 4998 2780 5062 καὶτοὺς
2806 4998 3001 5067 λόγους
3025 4997 3191 5052 αὑτοῦ
3220 4998 3307 5052 διὰ
3338 5000 3438 5069 τῆς
3465 4996 3576 5051 τῶν
3610 4996 3787 5068 ἔργων

2200 5090 2575 5159 ἐναντιότητος
2606 5088 2845 5160 ἀκύρους
2898 5088 3104 5145 ποιῶντ
3151 5090 3186 5161 ἡ
3241 5089 3350 5160 γὰρ
3400 5088 3532 5160 ψιλὴ
3583 5088 3785 5159 γνῶσις

2200 5184 2418 5252 φυσιοῖ·
2439 5184 2474 5255 ἡ
2502 5183 2559 5236 δὲ
2585 5183 2774 5255 ἀγάπη
2796 5182 3104 5256 οἰκοδομεῖ,
3130 5182 3272 5238 κατά
3290 5184 3382 5237 τὸν
3411 5182 3589 5254 μέγαν
3626 5182 3788 5237 Ἀπό-

2200 5272 2404 5326 στολον.

2274 5364 2340 5430 ζ’.
2370 5362 2683 5420 Φυλάσσει
2712 5364 2904 5435 νόμον
2931 5364 3057 5432 υίὸς
3105 5364 3396 5433 συνετόςο
3430 5363 3500 5431 ὃς
3540 5363 3612 5419 δὲ
3654 5380 3787 5419 ποι-

2195 5459 2394 5527 μαίνει
2414 5458 2701 5523 ἀσωτίαν,
2727 5456 2990 5528 ἀτιμάζει
3016 5458 3269 5527 Πατέρα.
3314 5459 3487 5529 Τηρεῖ
3505 5456 3606 5528 τὴν
3638 5456 3788 5510 θείαν

2200 5550 2420 5622 ἐντολὴν
2470 5552 2499 5604 ὁ
2541 5552 2641 5623 τῆς
2678 5551 2820 5605 κατά
2850 5551 3013 5623 χάριν
3073 5550 3345 5615 υἱοθεσίας
3387 5548 3677 5617 ἀξιωθείςο
3710 5546 3787 5621 μὴ

2201 5645 2537 5717 κεκτημένος
2571 5644 2668 5719 τὴν
2702 5645 2885 5700 πίστιν
2910 5643 3095 5717 ψιλὴν,
3129 5643 3245 5701 ἀλλ’
3285 5644 3481 5718 ἔργοις,
3507 5640 3783 5699 δικαιοσύ-
