4054 6598
280 316 416 381 1505

1281 316 1817 381 COMMENTARII
1855 315 1937 378 IN
1978 316 2430 380 PROVERBIA.

2948 368 3013 405 ,⁸
3386 316 3522 383 13-306
3550 320 3551 323 ‘

273 450 370 504 νης
398 430 683 502 προκόψας
709 431 788 496 είς
814 431 877 485 τὸ
905 429 1046 486 κατὰ
1068 430 1166 496 τὰς
1188 429 1425 502 ψυχικὰς
1446 432 1702 503 δυνάμεις
1731 449 1851 485 συν-

1963 430 2399 502 cperibusjustis
2420 437 2648 487 conatur
2667 438 2727 487 ut
2752 431 2950 488 anima:
2966 422 3376 503 potentimj'eum
3407 449 3531 490 ser-

264 525 442 581 νεύειν
460 541 520 578 τε
556 525 652 581 καὶ
697 522 1128 578 συνδιατίθεσθαι
1168 523 1309 595 πρὸς
1336 526 1463 590 τοὺς
1502 525 1702 594 λόγους
1752 525 1847 579 καὶ

264 617 390 680 τοὺς
419 615 655 687 τρόπους
682 615 794 670 τῶν
825 614 1088 670 ὲντολῶν·
1123 615 1183 680 ὃς
1216 615 1273 669 δὲ
1297 615 1550 688 περιέπει
1582 615 1684 687 τὴν
1716 618 1851 671 ἑαυ-

265 707 359 761 τοῦ
388 707 531 761 κατά
551 705 951 778 διεφθαρμένον
989 705 1105 777 βίον
1132 706 1429 772 ἀπώλειαν,
1458 709 1540 772 είς
1576 705 1737 779 ῦσριν
1759 708 1848 777 γί-

264 818 415 856 νεται
442 800 539 854 τοῦ
560 802 624 854 ὲκ
655 799 729 872 μὴ
755 799 907 864 ὄντος
936 801 1015 864 είς
1036 799 1098 853 τὸ
1118 794 1257 853 εἶναι
1283 799 1472 855 τοῦτον
1494 818 1569 853 πα
1580 801 1848 872 ραγαγόν-

262 897 360 956 τος
385 891 523 946 Θεοῦ
544 905 558 920 ·
591 893 642 945 οί
670 892 779 963 γάρ
812 893 870 945 ὲν
898 891 1066 964 πείρᾳ
1094 891 1200 962 τῆς
1240 890 1408 948 αὐτοῦ
1446 893 1646 956 κακίας
1690 893 1847 963 γενό-

268 998 443 1051 μενοι,
476 982 545 1035 δι’
580 981 755 1053 αὐτὴν
781 981 875 1036 τὸν
911 982 1104 1035 τούτου
1152 982 1401 1054 πλάστην
1443 980 1850 1052 ἀναγκάζονται

265 1074 629 1146 βλασφημεῖν.

334 1169 407 1237 η’.
460 1165 527 1219 Ὀ
544 1164 875 1234 πληθύνων
906 1165 1016 1220 τὸν
1046 1164 1318 1221 πλοῦτον
1362 1165 1553 1222 αὑτοῦ
1571 1164 1723 1237 μετὰ
1756 1168 1853 1222 τό-

262 1273 385 1311 κων
408 1255 507 1310 καί
544 1254 970 1327 πλεονασμῶν,
992 1255 1073 1323 τῷ
1100 1257 1372 1314 ἐλεοῦντι
1401 1258 1674 1328 πτωχοὺς
1696 1274 1849 1314 συν-

262 1347 390 1414 άγει
412 1346 621 1400 αὐτόν.
652 1346 710 1401 '0
741 1342 990 1414 αὐξάνων
1018 1348 1112 1402 τὸν
1141 1348 1282 1403 κατά
1303 1349 1507 1417 γνῶσιν
1527 1349 1623 1404 καὶ
1646 1349 1850 1423 ἀρετὴν

262 1436 634 1507 πνευματικὸν
661 1436 892 1491 πλοῦτον
911 1438 1099 1503 αὐτοῦ,
1125 1440 1185 1493 ὲν
1204 1439 1282 1510 τῷ
1301 1439 1700 1505 διδασκαλικῶς
1721 1440 1843 1494 τού-

260 1544 357 1581 του
395 1528 738 1599 μεταδιδόναι
765 1531 876 1593 τοῖς
908 1528 1197 1602 χρῄζουσι,
1230 1531 1326 1585 καὶ
1357 1531 1726 1602 καρπίζεσθαι
1751 1532 1851 1603 τὴν

240 1620 373 1685 ,ἀπὸ
400 1619 607 1676 τούτων
658 1619 947 1691 ὠφέλειαν,
1005 1622 1304 1677 κάντεῦθεν
1353 1622 1850 1690 πολλαπλασιάζειν

1966 523 2221 579 monibus
2248 530 2303 578 et
2335 523 2582 580 moribus
2616 539 2645 579 a
2676 522 2907 579 Domino
2937 523 3276 595 praescriptis
3302 540 3537 580 concor-

1953 614 2085 671 dent
2107 621 2162 670 et
2183 615 2661 673 conveniant.lste
2691 627 2874 673 autem
2919 620 3010 688 qui
3065 619 3193 673 vita
3222 617 3535 689 corruptela

1951 705 2054 763 sibi
2072 706 2352 763 interitum
2376 715 2666 780 praeparat,
2689 724 2856 765 causa
2880 720 2963 765 est
3000 724 3103 764 cur
3127 708 3539 780 blasphemetur

1952 797 2119 865 Deus,
2157 812 2189 852 a
2218 813 2329 870 quo
2359 813 2390 854 e
2423 799 2597 855 nihilo
2623 810 2840 856 creatus
2884 798 3005 854 fuit.
3040 799 3364 870 Quicunque
3386 798 3535 853 enim

1952 890 2217 949 malitiam
2254 891 2375 962 ejus
2399 891 2774 963 experientur,
2806 898 3085 964 coguntur
3115 890 3353 948 creatori
3408 889 3534 962 ejus

1954 982 2305 1039 maledicere.

2022 1168 2185 1225 Vsus.
2224 1168 2279 1225 8.
2314 1167 2420 1235 Qui
2448 1169 2766 1237 multiplicat
2794 1168 3013 1224 divitias
3039 1184 3167 1225 suas
3197 1186 3318 1225 cum
3350 1172 3532 1226 usuris

1951 1262 2413 1325 elexcrescentiis,
2442 1262 2491 1317 ei
2513 1262 2604 1326 qui
2636 1262 3212 1333 misereturpauperum
3248 1271 3533 1333 congregat

1951 1373 2065 1411 eas.
2090 1354 2194 1423 Qui
2224 1363 2385 1425 auget
2410 1354 2635 1411 divitias
2661 1370 2775 1411 suae
2800 1355 3045 1411 scientia:
3065 1363 3120 1411 et
3142 1355 3380 1418 virtutis,
3404 1353 3535 1409 dum

1954 1460 2180 1521 egentes
2211 1450 2395 1515 docet,
2423 1457 2477 1503 et
2505 1449 2559 1503 in
2590 1456 2800 1518 partem
2834 1457 3026 1514 vocat,
3071 1447 3201 1503 dum
3246 1449 3535 1503 utilitatem

1959 1542 2144 1597 haurit
2164 1556 2231 1597 ex
2262 1542 2363 1608 eis,
2392 1551 2447 1597 et
2473 1540 2640 1596 simul
2668 1549 2828 1612 auget
2860 1540 3084 1595 divitias
3115 1555 3269 1603 suas,
3295 1540 3387 1595 ille
3427 1538 3536 1594 Deo

1956 1630 2238 1688 miserenti
2270 1646 2436 1702 super
2470 1645 2740 1702 pauperes
2794 1630 2998 1685 talibus
3052 1629 3265 1684 divitiis
3309 1638 3540 1700 egentes

262 1711 452 1781 αὐτὸν,
487 1710 813 1783 συγκομίζει
870 1712 1062 1767 τοῦτον
1112 1715 1252 1785 Θεῷ,
1281 1714 1359 1786 τῷ
1397 1715 1524 1780 τοὺς
1546 1716 1851 1788 ἐστερημέ-

1963 1720 2263 1785 feneratur,
2299 1721 2460 1791 eique
2495 1721 2681 1778 socius
2713 1729 2798 1778 est
2834 1722 2902 1778 ad
2935 1723 3226 1779 salvandas
3255 1729 3468 1795 gentes.

259 1821 388 1869 νους
415 1802 511 1859 τοῦ
542 1803 791 1858 τοιούτου
821 1803 1057 1858 πλούτου
1090 1807 1139 1858 οἱ
1169 1805 1463 1878 κτείροντι,
1494 1808 1759 1879 συνεργὸς
1790 1811 1968 1884 τούτῳ
1992 1812 2129 1884 πρὸς
2147 1812 2249 1884 τὴν
2280 1812 2390 1866 τῶν
2422 1811 2638 1866 πολλῶν
2669 1814 2945 1886 σωτηρίαν
2981 1815 3297 1885 γενόμενος.

335 1898 404 1953 θ’.
448 1898 502 1952 Ὀ
524 1898 827 1953 ἐκκλίνων
854 1899 921 1953 τὸ
948 1894 1059 1966 οὖς
1090 1900 1279 1956 αὐτοῦ
1307 1902 1415 1957 τοῦ
1439 1900 1526 1971 μὴ
1567 1904 1854 1960 είσακοῦ-

262 2007 369 2046 σαι
392 1993 604 2061 νόμον,
640 1991 823 2058 αὐτὸς
856 1990 971 2061 τὴν
998 1992 1356 2063 προσευχὴν
1379 1994 1567 2049 αὐτοῦ
1613 1995 1859 2051 ἐϐδέλυ-

264 2100 422 2140 κται.
468 2083 527 2136 ὐ
580 2083 943 2153 ἀποστρέφων
989 2084 1058 2137 τὰ
1113 2078 1230 2137 ὦτα
1277 2084 1443 2139 αὐτοῦ
1494 2086 1590 2140 τοῦ
1634 2087 1713 2159 μὴ
1746 2088 1853 2142 ὐπ-

263 2174 487 2229 ακούειν
516 2176 585 2247 τῇ
615 2174 803 2248 ἐντολῇ
832 2176 927 2229 τοῦ
955 2175 1112 2241 Θεοῦ,
1160 2177 1340 2246 τούτῳ
1367 2178 1460 2231 κοιλ⁹
1515 2178 1681 2243 αὐτὸς
1713 2180 1857 2234 κατὰ

262 2266 365 2338 τὴν
394 2265 587 2321 ἑαυτοῦ
615 2265 800 2337 δέησιν
821 2266 1211 2338 ἐϐδελυγμένος
1239 2269 1394 2323 ἐστίν
1414 2283 1431 2301 ο
1461 2271 1606 2323 αἰτεῖ
1632 2270 1741 2341 γὰρ
1761 2271 1857 2325 καὶ

263 2357 327 2410 οὐ
374 2355 663 2428 λαμϐάνει,
716 2357 799 2410 ὅτι
850 2357 1038 2421 κακῶς
1072 2360 1247 2413 αἰτεῖ⁶
1302 2360 1408 2413 κᾶν
1433 2360 1544 2432 γὰρ
1581 2361 1725 2434 ὑπὲρ
1754 2365 1856 2434 τῆς

267 2447 409 2511 ιδίας
460 2448 738 2521 σωτηρίας
788 2450 1105 2521 παρακαλῇ,
1166 2452 1235 2522 ἢν
1289 2454 1385 2507 καὶ
1428 2454 1561 2517 Θεὸς
1590 2454 1856 2526 παρέχειν

266 2539 540 2610 βούλεται,
564 2540 678 2594 ἀλλ’
702 2542 825 2594 ἐπεὶ
860 2542 934 2613 μὴ
961 2542 1364 2615 ἐνεργουμένην
1408 2547 1555 2598 ποιεί
1590 2547 1691 2617 τὴν
1720 2548 1852 2600 ἑαυ-

262 2634 359 2688 τοῦ
385 2635 591 2706 δέησιν,
624 2636 718 2691 ἅτε
753 2636 827 2708 μὴ
863 2638 1229 2709 ἐργαζόμενος
1249 2639 1319 2694 τὰ
1341 2638 1463 2695 θεῖα
1484 2642 1851 2714 προστάγμα-

262 2746 355 2795 τα,
383 2727 612 2792 δικαίως
641 2729 1011 2801 ἀποτυγχάνει
1040 2731 1235 2801 αύτῆςε

342 2820 395 2877 ι’.
439 2821 538 2887 Ὃς
560 2820 764 2891 πλανᾷ
778 2822 973 2889 εὐθεῖς
996 2822 1067 2877 ἐν
1087 2823 1205 2890 ὀδῷ
1222 2822 1401 2894 κακῇ,
1421 2825 1509 2891 είς
1528 2822 1858 2895 διαφθορὰν

264 2914 453 2980 αὐτὸς
496 2913 869 2983 ἐμπεσεῖταιο
929 2917 983 2969 οὶ
1042 2912 1111 2968 δὲ
1170 2915 1383 2986 ἄνομοι
1432 2915 1851 2971 διελεύσονται

264 3006 482 3077 ἀγαθὰ,
530 3005 629 3060 καί
672 3007 785 3061 οὐκ
817 3007 1273 3062 είσελεύσονται
1311 3010 1398 3076 είς
1432 3008 1606 3063 αὐτά.
1637 3009 1697 3063 '0
1725 3009 1853 3073 τοὺς

266 3098 671 3170 ἁπλουστέρους
702 3099 811 3153 ἀπὸ
833 3102 933 3172 τῆς
964 3101 1099 3172 πρὸς
1137 3101 1411 3173 σωτηρίαν
1462 3100 1736 3173 φερούσης
1769 3103 1855 3156 ὲν-

268 3194 435 3265 νόμου
486 3192 766 3258 πολιτείας
823 3194 1164 3268 διαστρέφων
1227 3194 1526 3267 ἀπατηλῶς
1568 3197 1706 3268 πρὸς
1754 3195 1853 3268 τὴν

268 3286 514 3353 ἄγουσαν
547 3286 625 3348 είς
682 3283 986 3353 ἀπώλειαν,
1040 3284 1204 3350 αὐτὸς
1240 3286 1338 3357 μὲν
1370 3286 1470 3340 καὶ
1522 3288 1653 3358 περὶ
1682 3285 1854 3357 αὐτὴν

268 3378 369 3448 τὴν
398 3376 546 3450 ζωὴν
574 3378 911 3433 κινδυνεύσει
935 3379 1010 3444 ὡς
1038 3380 1101 3432 λυ
1111 3378 1257 3451 μεών
1278 3397 1293 3413 ·
1321 3381 1528 3451 ταύτης
1573 3398 1854 3454 προαναρ-

271 3470 505 3535 πασθεὶς
525 3470 709 3543 δικαία
736 3472 903 3543 ψήφῳ
921 3471 1080 3536 Θεοῦ,
1112 3467 1311 3543 οἷάπερ
1358 3472 1497 3543 ἀνὴρ
1524 3472 1852 3544 δολιότητος,

271 3561 362 3617 ἵνα
385 3562 461 3633 μὴ
491 3561 707 3624 πολλοῖς
730 3562 1007 3626 ἀπωλείας
1028 3562 1254 3634 γένηται
1285 3562 1544 3634 πρόξενος
1564 3578 1578 3593 ·
1602 3563 1756 3617 αὐτοὶ
1775 3562 1850 3628 δὲ,

269 3656 320 3709 οί
355 3655 431 3727 μὴ
460 3656 520 3720 ἐξ
570 3655 891 3726 αὐθαιρέτου
926 3656 1174 3727 γνώμης,
1230 3655 1346 3708 ἀλλ’
1375 3655 1433 3723 ἐξ
1485 3656 1703 3725 ἀπάτης
1752 3657 1854 3724 τῆς

270 3745 593 3815 κατὰλόγον
623 3745 902 3806 πολιτείας
954 3746 1485 3818 παρεκτρεπόμενοι,
1533 3747 1603 3800 τὰ
1642 3746 1855 3810 τούτοις

272 3837 620 3908 συμφέροντα
647 3838 1053 3909 παραδράμωσι
1071 3853 1087 3868 ·
1113 3836 1210 3890 καὶ
1242 3840 1438 3908 πεῖραν
1469 3836 1674 3891 τούτων
1699 3836 1853 3891 πολι-

269 3928 423 3991 τείας
450 3928 511 3980 ού
544 3926 827 3998 λήψονται.

343 4024 433 4073 ια’.
467 4020 663 4087 Σοφὸς
691 4018 827 4086 παρ’
864 4017 1058 4083 ἐαυτῷ
1096 4016 1253 4086 ἀνὴρ
1286 4016 1583 4083 πλούσιος
1605 4032 1621 4047 ·
1665 4013 1855 4082 πένης

266 4112 339 4167 δὲ
364 4113 627 4182 νοήμων,
663 4113 1113 4182 καταγνώσεται
1139 4111 1347 4169 αὐτοῦ.
1376 4113 1559 4166 Οἴεται
1593 4104 1731 4164 εἶναι
1760 4125 1850 4162 σο-

270 4206 371 4275 φὸν
398 4204 612 4271 ἑαυτὸν,
638 4207 666 4259 ὁ
684 4205 780 4278 τὴν
806 4205 947 4259 κατά
974 4205 1259 4276 προφορὰν
1278 4204 1441 4276 ψιλὴν
1463 4203 1665 4273 γνῶσιν
1688 4201 1853 4255 πλου-

268 4298 379 4352 τῶν
404 4314 418 4329 ν
447 4298 475 4351 ό
498 4298 554 4352 δὲ
581 4298 788 4369 ταύτης
821 4298 920 4369 μὲν
947 4297 1158 4370 ἐνδεὴς.
1181 4298 1465 4371 προσέχων
1490 4294 1659 4350 δὲκαὶ
1688 4312 1855 4349 κατα-

268 4386 565 4461 λαείσάνων
616 4389 726 4443 τῶν
782 4388 1252 4459 κεκομψευμένων
1309 4388 1486 4457 λόγων
1515 4385 1706 4440 τούτου
1752 4382 1853 4455 τὴν

2035 1905 2204 1964 Vens.
2237 1907 2292 1963 9.
2322 1908 2427 1976 Qui
2447 1909 2679 1963 declinat
2713 1926 2895 1964 aurem
2940 1928 3095 1965 suam
3148 1928 3211 1965 ne
3241 1913 3428 1966 audiat
3462 1914 3542 1967 le-

1964 2019 2102 2072 gem,
2127 2010 2177 2057 ct
2203 2003 2314 2072 ipse
2339 2002 2632 2057 orationem
2670 2020 2822 2057 suam
2845 2003 3252 2059 abominabilem
3287 2005 3442 2075 facit.
3471 2004 3530 2062 Si

1968 2096 2094 2166 quis
2119 2110 2306 2151 aurem
2329 2095 2529 2151 avertit
2556 2112 2625 2151 ne
2664 2095 2921 2151 exaudiat
2946 2095 3115 2167 legem
3139 2095 3258 2161 Dei,
3275 2099 3393 2168 ejus
3414 2113 3539 2153 ora-

1964 2187 2177 2242 tionem
2209 2187 2327 2258 ipse
2361 2185 2505 2243 Deus
2523 2187 2926 2242 exsecrabitur.
2956 2184 3119 2254 Petit,
3154 2197 3208 2242 et
3241 2203 3350 2243 non
3386 2189 3538 2244 acci-

1967 2280 2067 2351 pit,
2100 2295 2167 2335 eo
2202 2279 2346 2350 quod
2378 2280 2520 2335 male
2572 2286 2742 2350 petat.
2771 2277 2924 2334 Licet
2960 2279 3028 2334 de
3078 2282 3298 2350 propria
3338 2280 3536 2347 salute,

1959 2388 2126 2442 quam
2163 2371 2307 2428 Deus
2326 2372 2441 2426 vult
2467 2371 2796 2437 concedere,
2822 2371 3119 2442 rogaverit,
3142 2372 3270 2443 quia
3297 2388 3537 2443 operam

1961 2469 2069 2517 tem
2110 2479 2214 2517 non
2252 2461 2386 2516 facit
2423 2478 2581 2518 suam
2614 2464 2950 2529 orationem,
2996 2477 3108 2518 non
3146 2474 3409 2534 operatus
3442 2462 3536 2520 Dei

1958 2554 2240 2621 mandata,
2271 2552 2397 2625 jure
2418 2569 2486 2609 ex
2514 2568 2580 2610 ea
2614 2554 2858 2610 excidet.

2030 2822 2195 2882 Vens.
2226 2824 2315 2880 10.
2365 2823 2473 2891 Qui
2500 2823 2703 2879 seducit
2723 2825 2908 2896 justas
2935 2825 2990 2881 in
3029 2827 3169 2881 viam
3214 2825 3438 2893 malam,
3484 2826 3559 2882 in

1957 2916 2340 2986 corrrplionem
2377 2916 2488 2986 ipse
2540 2915 2735 2970 incidet
2777 2932 2798 2981 ;
2849 2916 3019 2987 iniqui
3105 2924 3284 2970 autem
3359 2926 3541 2972 trans~

1958 3010 2109 3066 ibunt
2184 3012 2355 3079 bona,
2395 3022 2446 3067 et
2505 3029 2608 3068 non
2639 3010 2998 3084 ingredientur
3054 3011 3109 3065 in
3159 3027 3246 3064 ea.
3296 3008 3354 3064 Si
3414 3010 3541 3081 quis

1960 3103 2236 3173 simplices
2264 3119 2296 3159 a
2328 3103 2667 3175 viajustitiae
2702 3118 2825 3175 quae
2877 3101 3030 3157 ducit
3080 3100 3147 3155 ad
3206 3100 3439 3156 salutem
3484 3102 3539 3155 in

1955 3193 2126 3266 legem
2176 3195 2400 3251 alteram
2456 3196 2745 3251 ducentem
2806 3193 2875 3248 ad
2925 3194 3204 3249 interitum
3256 3191 3537 3256 averterit,

1956 3287 2077 3358 ipse
2128 3286 2377 3358 proditor
2428 3287 2482 3341 in
2534 3288 2662 3341 vita:
2722 3285 3027 3357 periculum
3098 3282 3322 3350 incidet,
3363 3297 3541 3352 eaque

1954 3379 2127 3450 prior,
2155 3387 2342 3448 utpote
2387 3378 2589 3433 astutia
2630 3378 2845 3448 plenus,
2875 3377 3029 3447 justo
3060 3375 3154 3431 Dei
3195 3376 3400 3446 judicio
3424 3375 3539 3446 pri-

1954 3469 2191 3534 vabitur,
2207 3484 2275 3526 ne
2303 3470 2550 3540 pluribus
2572 3468 2645 3524 sit
2662 3484 2828 3525 causa
2854 3468 3153 3524 ruinaa.Alii
3169 3474 3349 3523 autem
3363 3468 3540 3523 aliena

1970 3563 2215 3628 fallacia,
2243 3580 2352 3619 non
2402 3563 2622 3635 propria
2655 3564 2939 3618 voluntate
2968 3561 3180 3616 seducti
3210 3560 3276 3616 de
3301 3559 3540 3631 legitima

1955 3654 2150 3725 agendi
2188 3656 2396 3712 ratione
2436 3655 2669 3711 aliorum
2703 3655 2844 3711 bona
2892 3654 3441 3726 praetergredientur,
3485 3660 3541 3708 et

1957 3746 2127 3803 vitam
2165 3747 2385 3804 illorum
2419 3763 2530 3804 non
2562 3747 2943 3804 imitabuntur.

2022 4008 2189 4065 Vens.
2216 4008 2304 4063 11.
2326 4007 2547 4079 Sapiens
2574 4009 2713 4079 apud
2739 4026 2795 4065 se
2817 4010 2899 4064 vir
2925 4010 3107 4076 dives;
3136 4026 3334 4081 pauper
3363 4020 3539 4067 autem

1962 4100 2261 4170 intelligens
2281 4100 2649 4155 condemnabit
2676 4117 2818 4155 eum.
2848 4100 2918 4157 Se
2951 4101 3255 4172 sapientem
3287 4116 3412 4158 esse
3439 4102 3538 4157 bo-

1956 4206 2047 4247 mo
2090 4190 2393 4262 praesumit,
2428 4192 2523 4261 qui
2560 4191 2613 4245 in
2663 4191 2914 4247 docendo
2974 4207 3182 4247 meram
3239 4191 3535 4247 scientiam

1955 4292 2244 4352 ostentat;
2283 4299 2393 4356 qua
2426 4284 2725 4341 destitutus
2757 4285 2963 4356 aliquis
3010 4286 3119 4351 vir,
3164 4285 3255 4356 qui
3300 4285 3538 4339 advertit

1956 4375 2317 4447 intelligitque
2350 4377 2543 4432 horum
2602 4392 2919 4433 sermonum
2956 4378 3209 4448 peritiam
3271 4376 3338 4431 ad
3396 4375 3535 4431 nihil

271 4484 504 4551 ἔννοιαν,
556 4483 637 4546 εἰς
699 4481 866 4553 μηδὲν
923 4480 1393 4554 χρησιμεύουσαν,
1431 4477 1851 4550 καταμέμφεται

1958 4470 2355 4541 proﬁcientem,
2390 4470 2545 4525 illum
2580 4470 2927 4539 vituperatur
2964 4469 3110 4539 quod
3156 4469 3339 4524 inania
3368 4468 3534 4523 verba

269 4574 483 4640 τούτου,
510 4575 586 4638 ὡς
617 4576 733 4638 τοῖς
759 4575 838 4637 είς
866 4573 1005 4645 ἀέρα
1037 4573 1157 4643 είκῆ
1186 4573 1465 4644 χεομένοις
1484 4571 1662 4641 λόγοις
1686 4571 1853 4639 ἐναμ-

270 4667 630 4738 6ρυνομένου,
697 4666 792 4721 καὶ
840 4668 960 4732 ταῖς
1003 4669 1261 4740 στροφαῖς
1311 4662 1853 4735 ὲγκαλλωπιζομένου

267 4758 378 4812 τῶν
402 4757 624 4823 λέξεων.

343 4850 433 4921 ιβ’.
466 4851 568 4906 Διὰ
591 4850 886 4917 ,βοήθειαν
909 4848 1179 4916 ἃικαιων,
1206 4850 1409 4919 πολλὴ
1438 4850 1660 4922 γίνεται
1680 4850 1849 4917 δόξαι

266 4944 337 4995 ἐν
367 4940 435 4994 δὲ
459 4941 663 5007 τόποις
696 4940 934 4996 ἀσεϐῶν
974 4941 1333 4997 ἁλίσκονται
1383 4940 1700 5011 ἄνθρωποι.
1752 4940 1853 4995 Διά

266 5031 365 5104 τὴν
394 5032 545 5104 παρὰ
570 5031 672 5103 τῆς
697 5030 849 5095 θείας
896 5031 1119 5102 χάριτος
1150 5029 1402 5101 βοήθειαν
1444 5030 1551 5085 τῶν
1598 5031 1657 5084 ὲν
1711 5030 1851 5102 φωτὶ

270 5123 526 5192 γνώσεως
559 5124 968 5196 προκρινόντων
1014 5123 1081 5177 τὰ
1109 5122 1305 5176 αἰώνια
1340 5123 1447 5178 τῶν
1477 5125 1847 5196 προσκαίρων,

266 5216 365 5270 καὶ
413 5215 850 5287 πολιτευομένων
902 5214 1231 5287 ἀμέμπτως,
1274 5213 1442 5286 πολλὴ
1466 5215 1849 5287 ἀναπέμπεται

263 5307 395 5374 δόξα
421 5307 542 5379 Θεῷ
565 5308 717 5380 παρά
752 5307 863 5361 τῶν
891 5308 961 5361 τὰ
986 5306 1127 5361 καλά
1150 5307 1356 5362 τούτων
1407 5306 1549 5379 ἔργα
1574 5308 1848 5379 ὁρώντων,

265 5400 364 5455 καὶ
389 5400 773 5471 γινωσκόντων
806 5399 891 5454 ὅτι
923 5398 1094 5471 χωρὶς
1120 5397 1287 5454 αὐτοῦ
1316 5397 1470 5453 οὐδὲν
1496 5393 1641 5454 οῦτοι
1663 5400 1851 5454 δύναν-

263 5510 358 5549 ται
387 5496 563 5548 ποιεῖν
582 5509 598 5526 ·
656 5494 714 5547 ὲν
739 5492 797 5548 δὲ
842 5494 965 5557 ταῖς
987 5492 1089 5563 τῆς
1121 5491 1347 5562 ἀγνοίας
1382 5492 1477 5546 καὶ
1506 5494 1606 5563 τῆς
1649 5494 1851 5558 κακίας

264 5585 449 5652 ἔξεστι
475 5586 584 5640 τῶν
601 5585 678 5659 μὴ
698 5585 765 5641 δι’
781 5583 1148 5655 ἀγαθοεργίας
1176 5584 1464 5656 τιμώντων
1482 5584 1637 5650 Θεὸν,
1674 5603 1845 5641 κατα-

263 5675 595 5747 κρατοῦνται
657 5676 707 5729 οί
762 5673 871 5729 τῶν
923 5675 1159 5730 αἰωνίων
1204 5672 1685 5746 ἐπιλανθανόμενοι
1754 5676 1849 5728 καὶ

264 5771 621 5844 ἀνθρωπίνως
650 5767 973 5848 φρονοῦντες
984 5767 1054 5825 τά
1075 5765 1410 5841 πρόσκαιρα.

1958 4560 2135 4617 ventis
2184 4558 2518 4632 profundat},
2564 4557 2869 4630 formisque
2925 4573 3121 4613 vocum
3207 4557 3502 4629 glorietur.

2024 4846 2193 4904 Vens.
2225 4846 2313 4902 12.
2346 4844 2452 4902 Per
2483 4843 2749 4900 auxilium
2785 4845 3053 4913 iustorum
3099 4843 3270 4898 multa
3299 4843 3359 4913 ﬁt
3420 4843 3537 4915 glo-

1952 4945 2058 5010 ria,
2098 4944 2153 4998 in
2205 4942 2332 4996 locis
2383 4951 2560 4995 autem
2614 4940 2896 5008 impiorum
2954 4941 3240 5010 capiuntur
3274 4939 3535 4995 homines.

1951 5033 2087 5087 Cum
2123 5030 2295 5102 adjuti
2348 5030 2533 5086 divina
2596 5031 2791 5099 gratia,
2841 5041 2894 5085 et
2945 5030 3047 5085 ﬁde
3076 5029 3362 5084 illuminati
3399 5047 3538 5085 nunc

1952 5123 2085 5179 nulli
2119 5131 2322 5178 acterna
2353 5121 2744 5193 temporalibus
2769 5130 3112 5193 praeponunt,
3143 5130 3197 5175 et
3223 5120 3413 5175 vivunt
3461 5121 3537 5174 ir-

1952 5215 2431 5288 reprehensibiles,
2462 5215 2691 5269 multum
2719 5213 2889 5270 Deum
2928 5213 3155 5268 laudant
3201 5213 3295 5283 qui
3345 5228 3536 5268 eorum

1952 5318 2144 5368 sancte
2168 5308 2315 5364 facta
2348 5308 2651 5373 intuentur,
2678 5316 2733 5362 et
2769 5314 3075 5377 agnoscunt
3102 5307 3221 5361 sine
3262 5304 3376 5361 Deo
3399 5305 3535 5359 nihil

1951 5417 2111 5474 posse
2168 5400 2365 5457 facere.
2436 5400 2515 5457 Ex
2558 5398 2753 5469 agendi
2806 5397 3023 5454 ratione
3069 5398 3438 5466 ignorantium
3482 5404 3539 5452 et

1951 5493 2214 5549 malorum
2239 5492 2333 5563 qui
2364 5490 2533 5549 Deum
2564 5492 2673 5547 vita
2702 5491 2846 5548 bona
2878 5504 2985 5546 non
3003 5491 3217 5555 colunt,
3236 5489 3532 5562 proliciunt

1951 5582 2200 5639 homines
2227 5581 2551 5641 aeternitatis
2578 5581 2949 5652 immemores,
2978 5588 3033 5639 et
3061 5579 3386 5652 temporalia
3423 5578 3528 5635 bu-

1952 5686 2113 5728 mane
2142 5672 2446 5744 sapientes.
