4054 6520
533 301 667 366 15οτ

600 410 766 465 Vens.
803 407 893 464 15.
918 407 1024 475 Qui
1046 375 1275 474 cooperit
1302 401 1636 473 iniquitatem
1669 416 2114 470 suam,nonpro-
2145 405 2194 464 Α

530 501 982 573 sperabitur;qui
1032 507 1208 554 autem
1257 504 1441 551 narrat
1503 494 1924 565 redargutiones,
1968 492 2112 547 .dili-

529 605 702 667 getur.
729 591 788 647 Si
824 591 951 664 quis
982 606 1081 647 sua
1119 602 1287 661 opera
1323 587 1526 657 quibus
1548 584 1716 640 Deum
1745 584 1993 652 offendit,
2017 600 2113 639 ne-

532 688 764 760 gaverit,
787 683 1014 741 omnino
1047 684 1217 738 latere
1261 696 1370 736 non
1412 679 1614 750 poterit
1646 695 1660 733 :
1697 677 1826 732 licet
1859 675 2112 754 homines

531 781 756 852 quidem
801 776 1187 834 abscondendo
1231 772 1505 840 fefellerit,
1567 786 1677 827 non
1717 769 1913 836 Deum,
1954 768 2114 838 cujus

531 873 722 928 oculos
769 871 905 925 nihil
962 871 1112 930 latet.
1148 876 1202 924 et
1240 869 1334 939 qui
1374 865 1674 936 unicuique
1720 862 1911 920 reddet
1955 863 2113 934 juxta

533 980 700 1036 opera
728 965 870 1034 ejus.
924 962 981 1017 Si
1024 962 1150 1032 quis
1185 977 1318 1016 vero
1366 961 1467 1015 ista
1511 957 1730 1030 singula
1769 957 1904 1012 viris
1943 957 2120 1012 corri-

533 1055 817 1128 pientibus
858 1055 1025 1109 fuerit
1059 1052 1372 1116 confessus.
1415 1050 1575 1121 quasi
1609 1048 1889 1105 contritus
1924 1047 2115 1115 corde,

536 1150 582 1206 si
618 1165 727 1205 non
752 1149 822 1204 ab
851 1146 1183 1210 hominibus,
1211 1161 1240 1199 a
1261 1143 1372 1200 Deo
1405 1159 1541 1200 sane
1556 1142 1904 1213 justiﬁeatus
1935 1139 2118 1196 dimit-

535 1248 705 1298 tetur.

606 1329 776 1385 Vens.
811 1329 900 1382 M.
936 1327 1129 1382 Beatus
1167 1326 1244 1381 vir
1279 1326 1368 1396 qui
1425 1333 1630 1381 veretur
1666 1324 1845 1378 omnia
1877 1337 1969 1388 per
2008 1325 2121 1393 pie.

540 1427 724 1486 tatem,
754 1417 922 1472 durus
956 1428 1133 1471 autem
1162 1416 1321 1470 corde
1337 1413 1534 1470 incidet
1563 1413 1745 1468 malis.
1768 1411 1976 1467 Gratus
2011 1412 2120 1467 erit

453 1527 463 1535 ’
540 1511 652 1568 Deo
682 1511 934 1582 quisquis
987 1511 1128 1566 nihil
1183 1508 1511 1572 contemnit,
1574 1522 1638 1562 ea
1681 1514 1865 1561 autem
1913 1498 2118 1577 quibus

539 1605 826 1662 saucietur
861 1604 1043 1659 anima
1074 1601 1232 1673 fugit,
1263 1600 1468 1672 quibus
1520 1598 1765 1655 salvetur
1815 1598 2125 1670 apprehen-

539 1696 642 1763 dit,
673 1711 744 1752 ne
791 1696 847 1752 in
883 1708 1103 1766 pinnam
1160 1692 1393 1756 incidat,
1455 1705 1486 1745 a
1546 1704 1827 1762 regnoque
1876 1690 2119 1747 excidat.

537 1783 744 1839 Contra
761 1782 920 1853 cujus
949 1797 1106 1838 mens
1129 1781 1326 1836 timore
1360 1778 1454 1834 Dei
1481 1778 1658 1834 vacua
1689 1780 1820 1846 erit,
1836 1781 1891 1834 in
1919 1794 2122 1852 pecca-

536 1881 654 1930 tum
684 1875 898 1932 decidet
920 1882 1125 1930 azterna
1153 1871 1509 1930 damnatione
1547 1872 1914 1943 puniendum.

609 2133 778 2193 νεεδ.
814 2132 900 2191 15.
934 2130 1039 2190 Leo
1064 2135 1304 2191 esuriens
1343 2146 1392 2190 et
1439 2136 1593 2205 lupus
1627 2137 1832 2200 sitiens,
1853 2139 1964 2208 qui,
1998 2155 2119 2194 cum

539 2225 689 2296 inops
712 2227 802 2292 sit,
833 2225 1113 2298 tyrannide
1149 2226 1460 2280 dominatur
1491 2227 1632 2298 genti
1653 2230 1893 2298 pauperi.
1915 2229 2123 2285 Similis

540 2329 627 2374 est
712 2317 1017 2372 robustiori
1085 2315 1316 2387 reliquis
1388 2315 1581 2373 bestiis
1648 2319 1919 2373 esurienti
1954 2317 2126 2374 devo-

541 2406 838 2463 randarum
886 2408 1161 2470 carnium,
1213 2404 1299 2461 vel
1370 2406 1644 2478 rapaciori
1708 2407 1839 2479 lupo
1899 2409 2127 2479 sangui-

541 2517 667 2557 nem
730 2501 963 2564 sltlenti,
1017 2500 1182 2556 homo
1240 2514 1452 2571 pauper
1491 2502 1586 2571 qui
1612 2500 1908 2572 tyrannide
1944 2502 2127 2556 domi-

541 2598 708 2647 natur
756 2590 904 2663 genti
948 2591 1196 2662 pauperi,
1230 2591 1381 2644 illam
1414 2590 1626 2647 invadit
1654 2600 1709 2646 et
1765 2593 2026 2660 conterit,
2065 2601 2125 2648 ut

543 2698 646 2741 sua
677 2684 977 2754 penetralia
1017 2682 1294 2738 thesauris
1316 2683 1545 2753 repleat.

619 2775 787 2834 Vilis.
835 2777 923 2831 16.
975 2773 1086 2830 Rex
1136 2791 1288 2846 egens
1318 2786 1687 2844 proventuum,
1718 2794 1940 2849 magnus
1969 2795 2123 2850 syco-

544 2865 748 2941 phanta
780 2886 800 2934 ,°
829 2869 920 2939 qui
950 2881 1129 2922 autem
1151 2868 1262 2922 odit
1292 2867 1638 2937 injustitiam,
1671 2871 1887 2940 langum
1923 2880 2124 2942 tempus

544 2965 696 3018 uit-et.
725 2963 840 3018 Rex
869 2970 1052 3016 mente
1085 2961 1345 3030 cupidus,
1368 2958 1640 3031 fluxisque
1665 2961 1872 3020 divitiis
1892 2981 2121 3036 egenus,

1885 286 2239 351 PROCOPII
2279 281 2523 349 GAZEI

3675 274 3830 347 1508

2297 407 2386 468 ιγ’.
2440 399 2501 453 '0
2541 397 2967 453 ἐπικαλύπτων
2987 396 3270 453 ἀσέϐειαν
3291 393 3535 462 ἑαυτοῦ,
3577 395 3688 448 οὐκ
3713 395 3828 447 εὐ-

2224 493 2590 561 οδωθήσεται
2609 509 2625 525 θ
2659 495 2692 547 ὁ
2717 492 2785 545 δὲ
2803 491 3213 562 ἐξηγούμενος
3245 488 3560 558 ἐλέγχους,
3579 487 3836 557 ἀγαπη-

2215 585 2490 653 θήσεται.
2527 584 2584 637 ’0
2615 583 2686 637 τὰ
2709 583 2784 656 μὴ
2809 583 3057 655 τιμῶντα
3085 582 3221 636 Θεὸν
3242 582 3416 634 οἰκεῖα
3449 579 3589 650 ἔργα
3618 569 3831 649 ἀρνού-

2218 693 2399 747 μενος,
2429 677 2530 730 οὐκ
2555 678 2634 741 εἰς
2673 676 2820 730 ἅπαν
2851 674 3037 730 λαθεῖν
3061 673 3265 746 δυνηθῇ
3283 689 3298 703 ο
3330 673 3432 726 κᾶν
3460 673 3570 742 γὰρ
3599 671 3831 743 ἀνθρώ-

2216 787 2351 833 πους
2383 769 2644 832 πολλάκις
2676 769 2735 821 ἐν
2783 768 2862 838 τῷ
2891 768 2966 839 μὴ
3011 767 3346 838 ὁμολογῆσαι
3391 767 3831 837 ἀποκρύψηται,

2216 861 2332 915 ἀλλ’
2351 861 2413 913 ού
2437 860 2664 930 λήσεται
2687 859 2783 913 καὶ
2811 858 2902 912 τδν
2931 857 3205 929 ἁλάθητον
3223 856 3505 926 ὀφθαλμὸν
3535 857 3633 909 τοῦ
3655 857 3824 920 Θεοῦ,

2217 954 2277 1018 ὃς
2328 953 2658 1007 ἀποδίδωσιν
2713 951 2931 1023 ἐκάστιρ
2989 951 3130 1006 κατὰ
3166 952 3236 1004 τὰ
3287 951 3425 1022 ἔργα
3460 950 3665 1004 αὐτοῦ·
3716 953 3749 1003 ὁ
3783 950 3835 1002 δ’

2219 1047 2583 1116 ἀπαγγέλλων
2621 1046 2763 1100 αὐτὰ
2811 1047 2953 1099 κατὰ
3009 1045 3176 1116 μέρος
3205 1047 3320 1108 τοῖς
3345 1044 3536 1097 τοῦτον
3566 1045 3838 1112 ἐλέγχου-

2222 1157 2328 1204 σιν,
2361 1135 2449 1193 οἷα
2481 1137 2812 1209 ἐπιγνώμων
2843 1137 3309 1208 μεταμελόμενος,
3338 1137 3387 1189 εἰ
3418 1137 3514 1190 καὶ
3547 1136 3622 1206 μὴ
3644 1137 3834 1206 ἀφεθῇ

2221 1233 2352 1304 παρ’
2381 1230 2706 1303 ἀνθρώπων,
2741 1231 2894 1300 παρὰ
2923 1229 3061 1283 Θεοῦ
3094 1228 3338 1300 καθαρὸς
3378 1229 3742 1298 ἀφεθήσεται.

2295 1323 2374 1378 ιδ’.
2415 1323 2719 1394 Μακάριος
2750 1322 2928 1392 ἀνὴρ,
2963 1321 3031 1388 ὃς
3054 1319 3474 1388 καταπτήσσει
3506 1320 3707 1374 πάντα
3729 1319 3833 1387 ,δι’

2221 1417 2543 1472 εὐλάϐειαν
2565 1434 2582 1450 ο
2617 1419 2650 1471 ό
2675 1415 2744 1470 δὲ
2772 1415 3046 1483 σκληρὸς
3077 1415 3192 1484 τὴν
3232 1413 3508 1482 καρδίαν,
3535 1413 3831 1484 ἐμπεσεῖ-

2222 1526 2318 1564 ται
2345 1507 2573 1575 κακοῖς.
2612 1507 2924 1579 Εὐάρεστος
2962 1505 3084 1576 Θεῷ
3125 1505 3434 1576 ἄνθρωπος,
3457 1504 3520 1569 ὃς
3554 1504 3629 1575 μή
3676 1520 3834 1566 τινος

2224 1600 2552 1673 πράγματος
2586 1600 2941 1670 καταφρονεῖ,
2964 1597 3054 1652 διὰ
3082 1597 3144 1650 τὸ
3166 1596 3391 1667 φεύγειν
3422 1596 3522 1667 μὲν
3547 1596 3616 1650 τὰ
3639 1596 3831 1666 ψυχὴν

2228 1692 2558 1765 βλάπτοντα,
2611 1688 3011 1745 ἀντιποιεῖσθαι
3057 1688 3114 1742 δὲ
3165 1689 3275 1742 τῶν
3315 1686 3598 1754 σωζόντων
3627 1689 3828 1759 αὐτὴν,

2227 1784 2378 1855 φόϐῳ
2401 1782 2494 1837 τοῦ
2551 1782 2627 1854 μὴ
2658 1782 2740 1845 είς
2770 1780 2992 1835 κόλασιν
3021 1780 3308 1851 ἐμπεσεῖν,
3397 1779 3498 1850 τῆς
3540 1779 3830 1850 βασιλείας

2227 1876 2523 1932 ἀποπεσεῖν
2543 1890 2558 1906 ·
2581 1875 2611 1926 ὁ
2648 1872 2692 1926 δ’
2719 1871 3098 1944 ἀπαράδεκτος
3134 1871 3231 1924 τοῦ
3255 1868 3400 1924 θείου
3451 1869 3620 1939 φόϐου
3677 1869 3827 1923 κατὰ

2223 1968 2422 2041 ψυχὴν,
2469 1968 2550 2032 εἰς
2597 1967 2974 2039 ἁμαρτήματα
3019 1966 3319 2038 περιπέσῃ,
3365 1964 3593 2019 αἰωνίαν
3643 1965 3828 2034 τούτῳ

2225 2063 2505 2131 ἐπάγοντα
2527 2060 2775 2115 κόλασιν.

2297 2162 2380 2210 ιε’.
2413 2154 2581 2209 Λέων
2611 2152 2856 2218 πεινῶν,
2892 2154 2992 2208 καί
3025 2154 3213 2220 λύκος
3245 2153 3460 2223 διψῶν,
3493 2152 3564 2218 ὃς
3595 2169 3825 2220 τυρσνο

2225 2247 2323 2303 νεῖ
2345 2247 2584 2317 πτωχὸς
2609 2244 2696 2300 ὢν
2726 2245 2944 2312 ἔθνους
2972 2246 3285 2315 πενιχροῦ.
3331 2241 3434 2300 Οἷά
3470 2261 3555 2307 τις
3606 2245 3827 2314 ἰσχυρό-

2225 2356 2384 2411 τερος
2401 2337 2512 2392 τῶν
2537 2336 2742 2392 λοιπῶν
2776 2335 2958 2408 θηρῶν
2979 2334 3118 2388 λέων
3140 2333 3340 2388 πεινῶν
3361 2335 3560 2403 φαγεῖν
3585 2333 3826 2403 σάρκας,

2227 2431 2324 2486 καὶ
2380 2430 2544 2484 πλέον
2592 2429 2774 2484 αὐτῶν
2821 2429 3008 2501 ἅρπαξ
3056 2427 3220 2491 λύκος
3253 2426 3424 2496 διψῶν
3477 2429 3628 2479 πιεῖν
3659 2421 3823 2496 αἷμα,

2227 2519 2377 2578 ἐστὶν
2409 2524 2468 2589 ὂς
2490 2523 2791 2596 χρημάτων
2819 2522 3063 2594 ἀπορῶν,
3093 2519 3436 2591 τυραννικῶς
3480 2521 3641 2590 ἄρχει
3665 2533 3826 2572 πενοο

2229 2618 2393 2688 μένου
2439 2615 2591 2681 λαοῦ,
2651 2613 2894 2687 ἀνηλεῶς
2935 2613 3292 2685 κατατρέχων
3349 2611 3443 2666 καὶ
3490 2609 3826 2681 διαφθείρων

2226 2708 2446 2774 αὐτοὺς,
2474 2708 2616 2762 ὥστε
2637 2709 2706 2763 τὰ
2736 2706 2934 2761 ἐαυτοῦ
2957 2708 3159 2777 ταμεῖα
3183 2704 3473 2775 πληρῶσαι
3503 2703 3821 2775 θησαυρῶν.

2303 2804 2400 2864 ις’.
2431 2799 2735 2864 Βασιλεὺς
2771 2797 2990 2865 ἐνδεὴς
3039 2795 3378 2865 προσόδων,
3412 2795 3605 2866 μέγας
3631 2809 3824 2847 συκο-

2227 2891 2498 2961 φάντηςυ
2558 2894 2590 2945 ό
2643 2890 2712 2943 δὲ
2766 2889 2967 2959 μισῶν
3017 2889 3277 2951 ἀδικίαν,
3325 2889 3558 2957 μακρὸν
3601 2888 3826 2956 χρόνον

2229 2982 2413 3050 ζήσει.
2461 2981 2713 3052 ’Λπορῶν
2740 2982 2976 3034 πλούτου
3021 2981 3235 3054 ῥέοντος
3277 2980 3628 3052 ἐπιθυμητὴς
3670 2981 3824 3051 βασιο

544 3056 828 3127 proprium
863 3054 1122 3126 populum
1158 3054 1298 3108 fallit
1319 3055 1555 3123 objectis
1588 3059 1745 3112 novis
1768 3056 2120 3129 criminibus;

2232 3073 2378 3138 λεὺς,
2407 3072 2813 3142 καταψεύδεται
2852 3070 2947 3124 τοῦ
2969 3072 3172 3124 οἰκείου
3203 3070 3337 3124 λαοῦ
3365 3071 3670 3141 αἰτιάματα
3697 3071 3824 3123 τού-

544 3145 638 3214 qui
680 3155 858 3200 autem
899 3145 1054 3199 dives
1091 3143 1208 3199 fieri
1257 3159 1367 3199 non
1405 3147 1544 3211 vult,
1578 3147 1744 3201 vitam
1796 3162 2125 3218 praesentem

543 3236 870 3307 ducitjutus
909 3235 978 3292 ab
1003 3236 1237 3303 insidiis,
1265 3247 1641 3309 aeternamque
1671 3249 1983 3311 exspectat.

616 3501 788 3558 Vens.
826 3502 912 3557 Π.
945 3501 1116 3557 Homo
1153 3502 1241 3572 qui
1269 3502 1323 3555 in
1349 3517 1515 3556 causa
1564 3504 1751 3557 mortis
1802 3518 1900 3572 pro
1957 3505 2128 3559 altera

545 3594 787 3661 spondet,
842 3594 1098 3664 profugus
1151 3594 1275 3657 erit,
1323 3602 1372 3647 et
1431 3610 1535 3647 non
1586 3595 1640 3648 in
1692 3597 1996 3650 securitate.
2027 3596 2127 3651 Cui

566 3687 860 3741 nuntiatur
885 3685 1154 3756 postridie
1180 3684 1488 3741 necandum
1532 3696 1655 3741 esse
1707 3697 1931 3757 corpus,
1982 3687 2128 3759 quod

546 3779 810 3833 adversus
836 3777 1074 3831 animam
1111 3777 1430 3842 insurrcsit,
1459 3777 1730 3848 istamque
1759 3793 1950 3835 revera
2001 3792 2128 3851 pec-

548 3882 672 3926 cato
730 3870 1112 3937 trucidaverit,
1155 3871 1271 3940 ipse
1300 3871 1558 3940 praesenti
1624 3872 1735 3926 vita
1797 3871 2124 3944 privabitur,

546 3972 603 4019 et
652 3962 894 4018 futuram
926 3961 1349 4017 damnationem
1394 3963 1635 4018 timebit.

618 4140 980 4210 Erudi/ilium
1002 4152 1049 4196 et
1072 4141 1253 4213 diliget
1287 4151 1353 4208 te,
1382 4152 1431 4198 et
1483 4141 1635 4198 dabit
1660 4154 1906 4198 ornatum
1935 4143 2129 4201 anima:

549 4241 674 4298 tum,
703 4246 752 4287 et
782 4249 884 4286 non
904 4232 1104 4286 obediet
1135 4233 1279 4302 genti
1310 4231 1531 4302 iniquw.
1570 4231 1806 4289 Mentem
1839 4235 1934 4290 ﬁlii
1962 4236 2039 4290 tui
2074 4238 2124 4290 in

550 4329 785 4384 Domino
809 4327 964 4384 erudi
996 4327 1228 4390 utiliter,
1258 4342 1390 4381 cura
1424 4327 1574 4382 illum
1613 4330 1870 4399 nequitia:
1896 4333 2127 4388 maculis

2233 3183 2346 3228 τοις
2375 3165 2726 3234 προσάπτων,
2756 3164 2791 3218 ἃ
2837 3164 2912 3235 μὴ
2949 3164 3272 3218 ἐπίστανται
3297 3180 3310 3196 ο
3343 3164 3403 3228 ὅς
3434 3163 3491 3217 δὲ
3524 3164 3587 3216 τὸ
3625 3163 3819 3216 πλεον⁹

2232 3259 2411 3310 εκτεῖν
2454 3251 2885 3327 ἀποστρέφεται,
2927 3255 3382 3310 ἀνεπιϐούλευτον
3430 3255 3524 3310 καὶ
3568 3257 3671 3326 τὴν
3717 3274 3826 3310 παι

2235 3349 2433 3420 ροῦσαν
2466 3348 2779 3414 διαϐιϐάζει
2813 3350 2981 3422 ζωὴν,
3015 3350 3108 3404 καὶ
3145 3351 3177 3420 ἡ
3205 3348 3424 3413 αἰώνιος
3463 3350 3626 3404 αὑτὸν
3650 3349 3823 3405 διαδέι

2231 3459 2405 3513 χεται.

2304 3535 2392 3600 ιζ’.
2429 3533 2654 3604 ’Ἄνδρα
2692 3533 2801 3589 τὸν
2840 3533 2911 3587 ἐν
2948 3532 3108 3599 αἰτίᾳ
3142 3531 3333 3601 φόνου
3365 3535 3398 3586 ό
3422 3533 3820 3602 ἐπουώμενος,

2230 3624 2425 3694 φυγὰς
2457 3625 2650 3689 ἔσται,
2681 3624 2782 3679 καὶ
2825 3626 2938 3678 οὐκ
2966 3613 3037 3678 ἐν
3079 3618 3406 3693 ἀσφαλείᾳ.
3458 3625 3517 3678 '0
3548 3625 3823 3693 ἐπαγγελ-

2229 3713 2460 3785 λόμενος
2499 3717 2579 3780 εἰς
2605 3714 2705 3787 τὴν
2736 3714 2929 3787 αῠριον
2972 3713 3318 3785 παραδοῦναι
3349 3719 3429 3780 εἰς
3464 3716 3736 3788 νέκρωσιν
3761 3718 3821 3770 τὸ

2229 3802 2640 3870 κατεξαναστὰν
2693 3805 2954 3876 φρόνημα
3011 3805 3113 3876 τῆς
3157 3806 3380 3875 σαρκὸς,
3409 3807 3504 3860 τοῦ
3537 3809 3822 3880 φρονήμα-

2229 3911 2322 3956 τος
2347 3895 2449 3964 τῆς
2486 3895 2690 3966 ψυχῆς,
2725 3897 2817 3950 καὶ
2840 3891 3049 3966 ταύτην
3076 3899 3143 3967 τῇ
3172 3897 3294 3949 κατ’
3327 3897 3610 3965 ἐνέργειαν
3635 3899 3820 3969 duap-

2228 3983 2322 4053 τίᾳ
2355 3987 2655 4054 νεκρὼσας,
2691 3988 3017 4057 ἐκστήσεται
3045 3988 3145 4057 τῆς
3182 3987 3470 4060 παρούσης
3510 3989 3682 4059 ζωῆς,
3727 3989 3820 4044 καὶ

2230 4075 2398 4146 φόϐον
2428 4077 2545 4145 ἕξει
2576 4082 2674 4150 τῆς
2707 4080 3011 4152 μελλούσης
3037 4080 3334 4143 κολάσεως.

2299 4170 2554 4226 Παίδευε
2610 4172 2765 4236 υἱὸν,
2820 4172 2920 4226 καὶ
2971 4166 3277 4242 ἀγαπήσει
3326 4184 3419 4239 σε,
3471 4172 3576 4227 καί
3638 4173 3818 4228 δώσει

2229 4264 2462 4331 κόσμον
2494 4261 2570 4332 τῇ
2626 4263 2711 4332 σῇ
2746 4263 2921 4334 ψυχῇ
2950 4281 2964 4295 ’
3019 4265 3162 4321 οὐδὲ
3184 4264 3271 4334 μὴ
3307 4265 3634 4333 ὑπακούσῃ
3661 4266 3817 4319 ἔθνει

2229 4353 2573 4423 παρανόμῳ.
2616 4355 2919 4425 Ὠφελίμως
2945 4354 3044 4423 ἄγε
3076 4356 3218 4410 κατὰ
3243 4355 3420 4426 ψυχὴν
3445 4354 3508 4407 τὸ
3533 4357 3591 4408 ἐν
3626 4357 3818 4426 Κυρίῳ

499 4425 502 4428 ’
546 4438 692 4495 saepe
713 4429 1024 4494 purgatum,
1054 4428 1109 4476 et
1144 4421 1233 4476 ille
1283 4437 1410 4493 erga
1475 4429 1528 4476 te
1582 4438 1641 4478 se
1693 4423 1830 4479 bene
1882 4426 2122 4489 habebit,

2235 4459 2327 4494 σου
2358 4442 2547 4495 τέκνον
2567 4482 2582 4506 ,
2613 4443 2889 4507 ἐπιπόνως
2921 4444 3183 4509 πολλάκις
3208 4447 3318 4498 τῶν
3346 4443 3455 4498 ἀπὸ
3485 4444 3683 4506 κακίας
3711 4463 3813 4514 κη-

546 4516 742 4571 animi?
757 4525 863 4570 tuae
877 4514 1063 4570 afferet
1074 4514 1323 4584 gloriam,
1343 4513 1589 4569 adductis
1616 4513 1670 4571 in
1692 4516 1997 4587 proximum
2017 4520 2127 4576 tuis

546 4609 614 4662 ad
649 4609 906 4664 virtutem
944 4607 1232 4673 consiliis;
1286 4607 1600 4664 daemonum
1659 4609 1997 4666 multitudini
2033 4614 2126 4682 qui

546 4700 673 4756 data
706 4700 962 4755 mandata
1002 4707 1247 4769 tempore
1265 4700 1577 4756 creationes
1604 4717 1714 4756 non
1745 4714 2124 4766 servaverunt,

547 4809 654 4849 non
697 4794 916 4849 obediet
941 4811 956 4860 ;
983 4795 1077 4850 sed
1126 4795 1391 4865 neglectis
1426 4809 1614 4850 eorum
1656 4795 2121 4865 suggestionibus,

547 4885 768 4954 tuisque
799 4884 1045 4955 probatis
1087 4885 1346 4943 consiliis
1399 4885 1466 4941 ad
1507 4884 1674 4941 Deum
1727 4885 2028 4955 confugiet,
2059 4885 2127 4941 ad

547 4985 824 5050 potentem
850 4976 1215 5034 defensorem.

616 5283 784 5338 Vens.
821 5282 908 5339 18.
947 5282 1054 5349 Qui
1100 5281 1338 5336 ambulat
1360 5282 1530 5351 juste,
1587 5281 1928 5349 adjuvabitur
1963 5299 1981 5348 ;
2031 5285 2123 5354 qui

548 5384 722 5430 autem
742 5373 993 5443 perversis
1017 5374 1114 5428 viis
1144 5373 1314 5436 vadit,
1341 5371 1726 5440 implicabitur.
1754 5371 1858 5438 Qui
1885 5372 1951 5427 de
1975 5384 2124 5428 recta

433 5538 436 5541 _
545 5468 632 5522 via
658 5466 874 5521 virtutis
917 5480 1201 5536 nunquam
1226 5463 1480 5529 deﬂectit,
1525 5464 1723 5536 accipit
1744 5466 1982 5521 divinum
2024 5484 2124 5522 au-

548 5559 738 5614 xilium
766 5556 1118 5628 quoinsidias
1147 5555 1347 5612 diaboli
1372 5555 1680 5623 amovebit;
1707 5556 1799 5627 qui
1827 5572 1956 5611 vero
1980 5567 2127 5612 errat

546 5650 615 5703 ab
649 5665 732 5717 ea,
763 5657 817 5704 et
877 5649 1223 5720 passionibus
1251 5663 1399 5702 nunc
1457 5648 1618 5714 citra,
1653 5662 1799 5703 nunc
1833 5648 1973 5701 ultra
2013 5649 2127 5701 vir-

547 5749 692 5797 utem
745 5741 994 5812 inservit,
1029 5741 1117 5799 ille
1140 5741 1414 5800 constanti
1451 5741 1640 5797 habitu
1677 5741 1866 5797 harum
1910 5741 2125 5811 passio-

2230 4534 2388 4588 λίδων
2417 4535 2767 4607 ἐκκαθαίρων
2797 4537 2949 4603 αὐτὸ,
2974 4540 3069 4591 καὶ
3101 4539 3482 4605 διατεθήσεται
3510 4538 3692 4600 καλῶς
3723 4555 3815 4592 ze-

2232 4627 2287 4699 ρὶ
2315 4627 2413 4680 σέ·
2451 4629 2547 4682 καὶ
2596 4629 2856 4701 παράσχῃ
2904 4633 2972 4703 τῇ
3021 4631 3170 4703 ψυχῇ
3206 4649 3300 4685 σου
3341 4632 3712 4703 εὐπρέπειαν,
3745 4633 3814 4687 τὰ

2230 4720 2317 4772 ἐπ’
2355 4721 2506 4791 αὐτῷ
2552 4721 2760 4794 ταύτης
2813 4723 3130 4794 βουλήματα
3181 4715 3422 4795 κοσμοῦν
3479 4727 3813 4797 ἐμπράκτως

2229 4815 2350 4868 κατ’
2379 4815 2581 4888 ἀρετήν
2607 4831 2621 4847 ο
2654 4817 2716 4870 ού
2746 4818 2856 4888 γὰρ
2885 4817 2962 4888 τῷ
2986 4817 3062 4890 μὴ
3092 4819 3182 4872 τὸν
3207 4818 3388 4887 λόγον,
3419 4819 3542 4872 καθ’
3572 4820 3633 4874 ὃν
3667 4821 3813 4873 ἐκτί-

2231 4907 2331 4979 σθη
2356 4947 2370 4971 ,
2424 4910 2730 4980 τηρήσαντι
2767 4909 2963 4982 πλήθει
3013 4911 3122 4966 τῶν
3158 4911 3430 4982 δαιμόνων
3466 4911 3812 4980 ὑποταγήσεο

2231 5015 2342 5065 σαι,
2369 4999 2505 5052 ἀλλὰ
2549 5001 2668 5064 ταῖς
2705 5004 2826 5066 σαῖς
2854 5001 3163 5074 ὑποθήκαις
3192 5003 3291 5073 τῆς
3336 5002 3603 5072 ἐπηρείας
3634 5002 3812 5055 αὐτῶν

2229 5091 2495 5157 ἀποστάν,
2529 5092 2610 5156 εἰς
2643 5092 2775 5148 Θεὸν
2802 5092 3096 5164 καταφύγῃ
3142 5094 3243 5164 τὴν
3286 5095 3497 5164 σκέπην
3544 5093 3645 5163 τὴν
3679 5111 3812 5164 κρα-

2228 5183 2406 5239 ταιάν.

2303 5283 2393 5348 ιη’.
2431 5277 2486 5330 Ὀ
2530 5279 2941 5348 πορευόμενος
2974 5277 3217 5346 δικαίως
3240 5279 3692 5347 ,βεβοηθήσεται
3724 5298 3738 5312 ·
3777 5285 3812 5334 o'

2228 5365 2296 5420 δὲ
2335 5369 2609 5434 σκολιαῖς
2652 5367 2816 5435 ὁδοῖς
2870 5370 3272 5438 πορευόμενος
3331 5370 3806 5440 ἐμπλακήσεται.

2244 5459 2302 5512 '0
2348 5460 2447 5530 μὲν
2485 5460 2588 5532 τῆς
2633 5461 2850 5525 εὐθείας
2889 5461 3076 5532 τρίϐου
3116 5461 3225 5515 τῶν
3279 5461 3493 5534 ἀρετῶν
3544 5463 3808 5534 μηδαμῶς

2229 5554 2651 5626 ἐκτρεπόμενος,
2707 5555 3055 5623 πεπλούτηκε
3090 5554 3190 5624 τὴν
3216 5553 3367 5609 θείαν
3411 5554 3701 5625 βοήθειαν⁸
3741 5555 3807 5608 δι’

2227 5641 2294 5718 ἦς
2332 5646 2431 5710 τὰς
2457 5647 2550 5700 τοῦ
2580 5647 2827 5701 διαϐόλου
2861 5646 3096 5717 παγίδας
3134 5647 3399 5717 ἐξέφυγεν
3425 5663 3439 5678 ·
3470 5650 3499 5701 ό
3523 5647 3578 5701 δὲ
3608 5648 3808 5716 ταύτης

2233 5739 2654 5810 ἐκτρεπόμενος,
2692 5741 2782 5795 καὶ
2825 5740 2955 5796 ποτὲ
2985 5740 3085 5811 μὲν
3133 5741 3245 5804 τοῖς
3275 5739 3395 5796 κατ’
3425 5739 3661 5808 ἔλλειψιν
3707 5740 3804 5810 τῆς
