4054 6488
214 274 354 340 i509

206 479 414 552 ϐολὴν,
484 478 562 545 ῶς
624 498 733 536 τινι
791 480 1027 553 ἀφύκτῳ
1104 481 1284 553 βρόχῳ
1329 485 1400 553 τῇ
1454 482 1632 552 παγίᾳ
1690 481 1804 547 ἔξει

205 570 321 625 τῶν
382 572 644 628 τοιούτων
713 572 941 640 παθῶν,
1022 573 1423 646 συσχεθήσεται
1495 573 1636 646 πρὸς
1692 574 1804 630 ἀπ-

206 663 431 721 ώλειαν.

288 758 374 813 ιϐ’.
420 760 477 812 Ὁ
512 757 901 830 ἐργαζόμενος
948 758 1064 828 τὴν
1093 758 1313 814 ἑαυτοῦ
1356 756 1493 833 τῆν,
1528 762 1805 832 πλησθή-

206 868 381 907 σεται
419 851 615 920 ἅρτων
640 869 654 882 ·
708 854 743 904 ό
784 852 853 904 δὲ
883 849 1115 906 διώκων
1140 852 1407 922 σχολὴν,
1453 856 1807 923 πλησθήσεο

208 960 305 998 ται
332 943 567 1008 πενίας.
605 942 665 995 '0
719 942 851 1011 περὶ
895 941 994 1013 τὴν
1041 941 1220 1014 γεώδη
1283 943 1464 1016 σάρκα
1514 945 1703 1011 αὑτοῦ,
1736 950 1805 1018 τῇ

208 1035 321 1089 τῶν
372 1033 607 1088 ἐντολῶν
656 1034 895 1106 ἐργασίᾳ
943 1034 1273 1105 φιλοπονῶν,
1323 1038 1434 1091 τῶν
1481 1038 1582 1111 τὴν
1628 1038 1807 1111 ψυχὴν

210 1125 581 1199 στηριζόντων
655 1126 1017 1197 χαρισμάτων
1091 1125 1185 1181 τοῦ
1256 1130 1570 1200 πνεύματος
1643 1132 1809 1203 γενή-

212 1234 366 1273 σεται
422 1216 679 1289 ἔμπλεως
705 1233 721 1249 ·
754 1218 784 1271 6
834 1218 893 1273 δὲ
942 1218 1036 1273 τὸν
1085 1220 1374 1293 ἀνειμένον
1419 1220 1540 1293 βίον
1592 1222 1804 1289 παθὼν,

211 1308 465 1381 οὐδαμῶς
492 1308 649 1364 ἔσται
679 1306 890 1363 τούτων
936 1310 1222 1383 ἐπιτυχὴς,
1254 1311 1352 1366 καὶ
1393 1312 1622 1384 λιμώξει
1657 1315 1805 1386 ίσχυ-

214 1414 351 1472 ρως.

284 1498 355 1548 κ’.
397 1490 579 1561 Ἀνὴρ
605 1490 987 1560 ἀξιόπιστος,
1045 1493 1253 1550 πολλὰ
1291 1495 1766 1567 εὐλογηθήσεται
1789 1514 1804 1529 ·

210 1584 246 1639 ὁ
272 1582 341 1637 δὲ
366 1584 573 1651 κακὸς,
614 1585 727 1641 οὐκ
772 1585 1143 1656 ἀτιμώρητος
1190 1587 1385 1643 ἔσται.
1422 1588 1483 1643 '0
1509 1590 1589 1662 τῷ
1617 1590 1809 1662 Κυρίῳ

210 1675 530 1744 πιστεύων,
585 1678 682 1733 καὶ
734 1677 813 1749 τῷ
864 1678 1003 1751 πρὸς
1049 1677 1213 1733 αὑτὸν
1268 1678 1460 1751 φόϐῳ,
1509 1681 1809 1747 ἀνενδότως

1238 273 1775 337 COMMENTARII
1819 273 1900 338 IN
1939 273 2395 338 PROVERBIA.

208 389 415 461 ἀρετῆς
444 388 799 463 ἐνδιατρίϐων
828 389 1029 446 πάθεσι
1054 406 1069 423 ο
1103 389 1233 444 ποτὲ
1255 390 1312 444 δὲ
1336 393 1448 456 τοῖς
1477 391 1603 446 καθ’
1631 391 1802 462 ὑπερ-

1911 405 2065 457 num,
2104 398 2252 447 νοιιιι
2321 389 2422 447 reti
2476 389 2778 459 insolubili,
2849 392 3220 467 implicabitur
3248 390 3322 450 ad
3363 392 3485 450 exi-
3600 457 3603 460 ,

3349 274 3489 344 1510

1908 481 2064 537 tium.

1980 744 2151 805 Vnus.
2194 746 2281 807 l9.
2311 747 2416 816 Qui
2466 759 2716 821 operatur
2760 765 2913 805 suam
2942 761 3158 821 terram,
3184 756 3488 825 implebitur

1906 840 2178 909 panibus;
2241 840 2331 909 qui
2398 849 2576 894 autem
2633 848 2871 895 sectatur
2925 844 3117 908 otium,
3179 846 3489 917 implebitur

1907 941 2239 1001 paupertate.
2276 931 2509 998 Quando
2538 938 2755 990 terrena
2779 952 2911 992 caro
2943 938 2995 992 in
3028 937 3294 995 faciendis
3322 955 3484 995 man—

1906 1021 2052 1077 datis
2110 1023 2346 1089 laborat,
2403 1024 2694 1092 implemur
2750 1028 2911 1085 donis
2973 1031 3199 1099 spiritus
3245 1033 3485 1087 animam

1907 1109 2386 1170 conﬁrmantibus.
2421 1112 2526 1169 Ubi
2559 1116 2765 1173 vivitur
2797 1120 3049 1185 remisse,
3082 1122 3229 1177 nulla
3267 1124 3371 1179 erit
3395 1124 3489 1179 lto-

1907 1218 2029 1259 rum
2060 1205 2334 1261 bonorum
2374 1207 2679 1277 possessio,
2698 1209 2793 1265 sed
2825 1209 3000 1269 fames
3032 1212 3237 1268 valida.

1978 1467 2147 1527 Vsus.
2172 1470 2267 1529 20.
2302 1470 2397 1527 Vir
2412 1472 2587 1543 ﬁdelis
2615 1475 2672 1530 in
2716 1477 2901 1533 multis
2928 1478 3277 1546 benedicatur,
3309 1482 3489 1539 matus

1910 1570 2085 1618 autem
2106 1580 2212 1619 non
2239 1565 2531 1634 impunitus
2562 1567 2686 1623 erit.
2718 1567 2823 1635 Qui
2854 1572 3030 1627 credit
3053 1572 3108 1627 in
3141 1572 3331 1640 Deum,
3359 1588 3489 1629 eum

1911 1652 2089 1722 timet,
2121 1655 2537 1729 implendisque
2579 1658 2702 1729 ejus
2744 1662 3036 1734 praeceptis
3078 1664 3249 1719 instat
3281 1663 3495 1720 indesio

210 1764 565 1840 ιγκαρτερῶν
607 1767 688 1841 τῷ
741 1747 989 1840 ἐπιπόνῳ
1036 1768 1137 1840 τῆς
1182 1747 1452 1842 ἐρχασίας
1486 1770 1594 1826 τῶν
1634 1772 1805 1827 αὐτοῦ

1909 1755 2126 1813 uenter,
2150 1754 2317 1819 atque
2338 1747 2545 1822 dignus
2565 1748 2789 1809 habitus
2819 1762 2905 1810 est
2937 1755 3026 1810 cui
3054 1756 3355 1811 credantur
3404 1756 3494 1812 in-

212 1859 469 1925 ἐντολῶν,
499 1859 652 1926 ἄξιος
695 1860 849 1934 αύτῷ
899 1861 1174 1931 λογισθεὶς
1215 1862 1310 1917 τοῦ
1344 1864 1706 1939 πιστευθῆναι
1739 1866 1806 1921 τὰ

211 1950 357 2024 ὑπὲρ
390 1950 515 2006 νοῦν
562 1951 682 2010 θεῖα
729 1953 923 2009 τούτου
986 1954 1287 2025 μυστήρια,
1335 1955 1626 2010 ἀκούσεται
1673 1955 1806 2026 παρ’

208 2042 379 2096 αὐτοῦ
404 2042 586 2098 τοῦτο·
612 2062 631 2099 ι
650 2040 725 2099 Εῦ
752 2041 908 2098 δοῦλε
923 2042 1095 2113 ἀγαθὲ
1126 2045 1223 2100 καὶ
1250 2046 1433 2112 πιστέ,
1450 2047 1544 2103 ἰπὶ
1567 2045 1725 2117 ὀλίγα
1738 2042 1809 2120 ἧς

213 2134 433 2202 πιστὸς,
466 2136 561 2190 ἐπὶ
590 2133 801 2190 πολλῶν
847 2152 909 2189 σε
946 2138 1279 2206 καταστήσω
1304 2152 1320 2169 ο
1362 2137 1571 2193 εἴσελθε
1596 2138 1681 2204 είς
1705 2139 1807 2211 τὴν

208 2228 390 2301 χαρὰν
420 2228 518 2284 τοῦ
550 2229 759 2301 Κυρίου
789 2245 883 2283 σου
908 2243 958 2281 ο»
980 2228 1009 2281 6
1035 2228 1082 2281 δ’
1108 2228 1339 2295 ἄπιστος
1368 2232 1464 2286 καὶ
1481 2231 1805 2304 παραϐάτης

209 2320 322 2373 τῶν
354 2319 522 2375 αὐτοῦ
549 2318 805 2389 ἐντολῶν,
838 2321 939 2391 τὴν
966 2318 1186 2375 αἰώνιον
1215 2322 1317 2377 ούκ
1345 2321 1674 2393 ἐκφεύξεται
1710 2325 1803 2379 κό-

209 2410 393 2467 λασιν.

279 2510 390 2558 καθ.
442 2506 548 2569 Ὃς
600 2506 713 2559 οὐκ
776 2505 1133 2575 αἰσχύνεται
1192 2507 1487 2577 πρόσωπα
1537 2510 1803 2573 δικαίων.

207 2593 324 2647 οὐκ
361 2595 610 2663 ἀγαθός·
642 2596 676 2648 ὁ
726 2595 998 2662 τοιοῦτος
1030 2596 1243 2665 ψωμοῦ
1272 2597 1455 2666 ἄρτου
1493 2597 1803 2652 ἀποδώσε-

206 2706 304 2744 ται
339 2689 548 2758 ἄνδρα.
588 2690 684 2754 Ὃς
715 2690 815 2753 τὰς
846 2690 1001 2761 ὄψεις
1042 2690 1157 2749 τῶν
1185 2691 1497 2761 ἀμέμπτως
1526 2692 1803 2747 ἰτιολιτευο⁹

209 2782 393 2852 μένων
419 2782 517 2852 ούχ
565 2780 979 2847 ὑποστέλλεται,
1024 2780 1141 2836 ἀλλ’
1180 2781 1628 2853 ἀνερυθριάστως
1677 2782 1799 2837 τού·

204 2888 320 2924 των
373 2872 640 2943 ὑπερορᾷ,
691 2872 792 2926 ούκ
838 2872 1041 2943 ἀγαθὸς
1098 2872 1241 2927 κατὰ
1286 2871 1516 2943 γνώμην
1546 2872 1733 2926 ἐστίν⁸
1776 2873 1804 2925 6

205 2960 453 3025 τοιοῦτος
486 2961 596 3033 γὰρ
640 2962 735 3014 ἐπὶ
762 2963 956 3034 βραχεῖ
996 2961 1242 3034 τεμαχίῳ
1271 2960 1440 3033 ἄρτου
1478 2961 1805 3033 ἀπεμπολή-

208 3070 297 3107 σει
348 3052 637 3124 ἄνθρωπον
687 3055 799 3119 τοῖς
847 3054 971 3109 κατ’
1018 3054 1233 3128 ἀρετὴν
1267 3053 1455 3119 πόνοις
1498 3053 1798 3109 ἀνένδοτονο
1828 3089 1873 3148 c

206 3144 471 3216 παρορῶν
503 3144 715 3213 τοῦτον,
750 3145 925 3214 φειδοῖ
954 3146 1273 3219 κλάσματος
1306 3147 1499 3217 ἄρτου,
1544 3145 1801 3216 γενέσθαι

205 3238 374 3310 λιμοῦ
410 3238 817 3309 παρανάλωμα.

282 3332 393 3402 κβν.
446 3332 702 3387 Σπεύδει
739 3329 1035 3386 πλουτεῖν
1086 3330 1245 3401 ἀνὴρ
1297 3330 1620 3400 βάσκανος
1641 3372 1657 3398 ,
1701 3332 1803 3387 καὶ

206 3425 325 3479 οὐκ
354 3422 517 3478 οἶδεν
548 3422 642 3478 ὅτι
688 3422 962 3493 ἐλεήμων
999 3420 1290 3491 κρατήσει
1318 3423 1530 3481 αὑτοῦ.
1571 3422 1805 3478 Σπουδά-

209 3517 300 3581 ζει
328 3517 357 3570 6
411 3514 674 3588 φθονερὸς
720 3515 976 3587 κατέχειν
1002 3513 1039 3570 ἃ
1074 3515 1419 3586 πεπλούτηκε
1463 3515 1618 3587 παρά
1666 3514 1802 3569 Θεοῦ

133 3626 149 3644 ·
208 3608 419 3678 ἀγαθά,
441 3608 652 3662 τούτων
686 3608 897 3679 ἑτέροις
947 3608 1022 3679 μὴ
1071 3608 1432 3679 μεταδιδούς’
1479 3610 1574 3662 καὶ
1619 3608 1804 3677 ἀγνοεῖ

207 3700 296 3754 ὅτι
318 3702 431 3763 τοῖς
461 3698 721 3771 χρῄζουσι
751 3699 1111 3755 καταϐάλλων
1140 3700 1305 3763 αὐτὰ,
1361 3700 1485 3754 ἐπεὶ
1517 3698 1661 3754 οὕτω
1705 3716 1803 3754 κα-

207 3792 320 3854 λῶς
350 3791 522 3845 ταῦτα
560 3792 859 3862 οἰκονομεῖ,
918 3791 1140 3845 πλείονα
1192 3791 1453 3865 λήψεταν
1508 3789 1800 3846 κάντεῦθεν

208 3883 679 3955 ὲπικρατέστερος
717 3883 908 3936 τούτου
943 3884 1256 3953 γενήσεται.

288 3982 395 4044 κγ’.
465 3976 530 4029 'O
590 3974 858 4045 ἐλέγχων
908 3974 1224 4044 ἀνθρώπου
1295 3974 1511 4041 ὀδοὺς,
1556 3976 1802 4045 χάριτας

208 4067 336 4132 ἔξει
357 4067 602 4138 μᾶλλον
624 4067 729 4122 τοῦ
756 4067 1416 4136 τλωσσοχαριτοῦντος.
1457 4067 1517 4121 '0
1568 4067 1661 4121 τὸν
1689 4067 1801 4121 ἄνω

209 4159 427 4230 ὁρῶντα
464 4159 605 4231 πρὸς
634 4158 863 4231 Κύριον,
893 4160 988 4213 καὶ
1021 4160 1366 4231 κεκτημένον
1394 4159 1485 4213 τὸν
1514 4158 1678 4229 φόϐον
1704 4159 1801 4212 αύ-

206 4249 333 4315 τοῦ,
383 4249 679 4305 κάντεῦθεν
722 4249 917 4320 σοφίας
967 4250 1042 4321 μὴ
1074 4250 1432 4323 ἀμοιροῦντα,
1481 4249 1801 4321 ἀπελέγχων

210 4341 356 4414 μετά
378 4341 668 4406 διαθέσεως
695 4340 931 4411 ἀγαθῆς,
960 4343 1018 4395 ὲν
1040 4338 1122 4407 οἷς
1150 4343 1255 4415 δρᾷ
1273 4343 1463 4396 τοῦτον
1488 4341 1563 4407 ὡς
1590 4340 1801 4409 ἀνθρω-

1908 1838 2428 1909 comprehensibilia
2454 1840 2578 1913 ejus
2607 1844 2894 1915 mysteria,
2926 1846 3019 1903 ille
3042 1846 3111 1903 de
3145 1862 3205 1904 se
3254 1847 3359 1903 hoc
3408 1847 3494 1903 di-

1911 1938 2060 1985 ctum
2086 1930 2273 1989 audiet
2307 1955 2319 1989 :
2348 1951 2367 1987 ι
2402 1932 2576 2006 Euge,
2612 1951 2771 1994 serve
2792 1937 2935 1993 bone
2956 1948 3012 1995 et
3044 1938 3242 2006 ﬁdelis,
3271 1939 3399 2011 quia
3432 1941 3491 1995 in

1909 2019 2125 2077 modico
2138 2020 2291 2078 luisti
2321 2023 2521 2090 ﬁdelis,
2545 2041 2711 2097 super
2726 2028 2897 2082 multa
2919 2030 3487 2097 teconstitnam,intra

1910 2108 1967 2165 in
1995 2112 2257 2182 gaudium
2282 2111 2502 2171 Domini
2531 2116 2607 2172 tui
2643 2120 2709 2175 ".
2744 2136 2765 2171 ι
2792 2119 3070 2177 Inﬁdelem
3113 2132 3492 2179 veroetmaa-

1909 2199 2164 2257 datorum
2200 2211 2671 2276 transgressorem
2697 2216 2885 2266 manet
2910 2218 3119 2267 aeterna
3148 2208 3458 2269 damnatio.

1976 2466 2144 2527 Vens.
2180 2469 2273 2525 2|.
2308 2470 2415 2539 Qui
2442 2488 2548 2528 non
2578 2482 2844 2529 reveretur
2874 2475 3035 2545 facies
3065 2474 3359 2547 iustorum,
3382 2495 3489 2534 non

1910 2559 2077 2615 bonus
2102 2576 2122 2623 ;
2145 2562 2235 2632 qui
2263 2562 2388 2617 talis
2426 2572 2524 2629 est,
2560 2562 2797 2620 buccella
2851 2568 3006 2636 panis
3072 2570 3253 2623 pendet
3290 2571 3484 2625 virum.

1907 2652 2008 2719 Qui
2035 2652 2204 2709 iacies
2229 2654 2707 2712 immaculatorum
2741 2672 2848 2712 non
2880 2668 3179 2728 reveretur,
3202 2661 3324 2718 illos
3357 2660 3491 2717 vero

1908 2747 2285 2817 imprudenter
2329 2749 2587 2820 despicit,
2642 2765 2750 2806 non
2808 2760 2894 2807 est
2951 2762 3133 2810 mente
3175 2755 3360 2819 bona;
3398 2757 3492 2812 ille

1907 2847 2077 2903 parvo
2101 2836 2259 2905 panis
2275 2834 2511 2891 irustulo
2535 2838 2713 2893 virum
2765 2841 3045 2897 addictum
3068 2844 3357 2902 laboriosa:
3378 2847 3493 2902 vir-

1908 2929 2010 2983 tuti
2046 2930 2241 2984 vendet
2274 2931 2555 2987 aastimans
2588 2932 2742 2988 illum
2777 2943 3021 3006 tempore
3043 2934 3228 3007 tantis,
3260 2954 3487 2997 causam

1908 3020 2277 3094 impensarum
2308 3020 2503 3080 fuisse.

2006 3322 2177 3381 Vsus.
2203 3324 2295 3381 22.
2314 3323 2559 3382 Festinat
2586 3327 2840 3385 ditescere
2851 3329 3238 3400 virinridus,et
3270 3351 3377 3393 non
3392 3352 3491 3394 no-

1910 3419 1984 3473 vit
2011 3419 2140 3490 quia
2170 3420 2473 3475 misericors
2507 3420 2759 3477 obtinebit
2779 3439 2919 3479 eum.
2949 3424 3177 3482 Invidus
3207 3427 3347 3483 bona
3365 3444 3488 3500 qua:

1862 3510 1865 3514 ’
1909 3525 1940 3567 a
1977 3510 2087 3579 Deo
2114 3512 2341 3582 copiose
2366 3512 2593 3583 recepit,
2618 3514 2798 3571 studet
2829 3530 3183 3585 conservare,
3219 3522 3342 3579 aliis
3376 3539 3485 3579 non

1914 3602 2147 3674 largitur
2186 3620 2200 3668 ;
2242 3604 2460 3674 ignorat
2494 3604 2588 3661 ille
2620 3606 2798 3661 virum
2837 3609 2932 3677 qui
2962 3608 3337 3681 indigentibus
3361 3630 3487 3670 ero-

1909 3696 2078 3768 gavit,
2134 3705 2359 3767 propter
2394 3698 2717 3768 prteclaram
2755 3700 3026 3757 bonorum
3073 3705 3484 3775 villicationetn,

1907 3787 2068 3856 plura
2102 3795 2455 3856 accepturum
2478 3802 2625 3854 esse,
2658 3797 2714 3843 et
2758 3790 2955 3846 deinde
3010 3793 3377 3862 potentiorem
3422 3812 3487 3854 se

1908 3876 2179 3943 futurum,
2196 3880 2584 3950 bnccellmquaa
2609 3880 2768 3950 panis
2785 3883 3170 3953 compendium
3212 3886 3483 3945 facturus.

1970 3969 2135 4026 Vens.
2158 3971 2250 4026 23.
2278 3971 2383 4038 Qui
2400 3972 2624 4039 corripit
2647 3972 2877 4028 hominis
2904 3975 3039 4041 vias,
3067 3978 3272 4045 gratias
3300 3992 3486 4049 repor-

1912 4062 2041 4115 tabit
2075 4063 2243 4133 magis
2300 4080 2360 4118 eo
2401 4066 2492 4135 qui
2525 4066 2709 4137 lingua
2739 4067 3034 4121 blanditur.
3071 4067 3357 4125 Hominem
3413 4069 3486 4126 ad

1909 4154 2076 4208 Deum
2109 4156 2491 4226 aspicientem,
2524 4157 2723 4213 timore
2743 4157 2864 4228 ejus
2898 4159 3140 4229 plenum,
3168 4169 3224 4215 et
3254 4161 3485 4231 proinde

1906 4248 2190 4318 sapientia:
2216 4264 2326 4304 non
2358 4259 2675 4320 expertem,
2708 4251 2802 4321 qui
2836 4251 3067 4323 corripit
3096 4251 3243 4307 bono
3274 4255 3481 4316 animo.

1906 4341 1961 4397 in
2004 4342 2203 4411 quibus
2235 4341 2382 4396 videt
2423 4342 2573 4397 illum
2611 4360 2718 4414 qua
2762 4344 3039 4399 hominem
3092 4361 3122 4398 a
3169 4352 3321 4399 recto
3348 4346 3482 4400 deﬁ-

206 4450 317 4486 πον
357 4431 607 4487 ὲνδέοντά
632 4448 737 4485 που
804 4430 901 4486 τοῦ
955 4432 1281 4503 πρέποντος,
1340 4434 1797 4506 εὐχαριστήσεται

1907 4431 2165 4495 cientem,
2197 4433 2425 4503 gratiam
2477 4432 2617 4503 apud
2645 4448 2770 4487 eum
2808 4434 3069 4499 inveniet,
3102 4436 3278 4506 magis
3317 4451 3481 4505 quam

208 4523 347 4594 παρ’
382 4510 550 4577 αὐτοῦ
588 4523 752 4578 πλέον
802 4523 898 4577 τοῦ
932 4523 1322 4589 κολακεύοντος
1348 4541 1362 4556 ο
1409 4526 1485 4591 ὡς
1522 4525 1619 4580 τοῦ
1661 4526 1804 4582 κατά

208 4614 418 4685 δρόμου
449 4614 598 4686 αὐτῷ
630 4615 914 4687 συνεργός.

288 4704 388 4759 κδ’.
424 4708 528 4772 Ὃς
549 4706 957 4761 ἁποὸάλλεται
988 4706 1214 4776 πατέρα
1242 4708 1281 4777 ἢ
1302 4708 1551 4777 μητέρα,
1580 4706 1677 4761 καί
1706 4708 1804 4762 60-

208 4796 410 4867 κεῒμὴ
437 4798 819 4867 ἁμαρτάνειν,
848 4795 1025 4862 οὗτος
1057 4800 1342 4866 κοινωνός
1379 4799 1552 4853 ἐστιν
1585 4798 1805 4867 ἀνδρὸς

211 4889 495 4954 ἀσεϐοῦς.
535 4890 850 4955 ὐςιάθετεῖ
877 4893 971 4944 τὸν
1002 4891 1197 4946 ἑαυτοῦ
1226 4892 1367 4946 κατὰ
1397 4890 1556 4963 χάριν
1586 4890 1805 4963 Πατέρα

212 4980 348 5033 Θεὸν
370 4980 438 5033 δι’
464 4982 749 5051 ἀπιστίαν,
788 4981 821 5053 ἢ
858 4982 955 5053 τὴν
992 4983 1135 5037 κατὰ
1164 4983 1345 5053 ψυχὴν
1383 4984 1582 5054 τροφὸν
1608 4981 1803 5036 ἑαυτοῦ

212 5072 591 5139 διδασκαλίαν,
624 5074 713 5127 διὰ
738 5074 840 5146 τὴν
876 5074 984 5129 τῶν
1019 5074 1178 5129 θείων
1208 5074 1439 5128 ἐντολῶν
1468 5074 1799 5146 παράϐασιν,

212 5164 313 5217 καὶ
339 5165 513 5218 οίεται
547 5166 625 5239 μὴ
655 5169 834 5223 ποιεῖν
869 5167 1064 5233 κακὸν,
1091 5170 1118 5221 6
1146 5167 1387 5231 τοιοῦτος
1418 5166 1548 5236 ὅλης
1575 5167 1676 5238 τῆς
1711 5184 1803 5220 κα-

212 5255 341 5320 κίας
399 5258 811 5329 μεταλαμϐάνει
858 5260 953 5313 τοῦ
1008 5259 1152 5331 ίσχύῖ
1193 5260 1345 5334 πάσῃ
1375 5259 1795 5323 κακοποιοῦντος

210 5346 343 5415 τοὺς
382 5347 657 5413 ἑκουσίως,
696 5349 1053 5422 πειθομένους
1100 5350 1250 5423 αὐτῷ
1285 5350 1559 5422 δαίμονος,
1590 5350 1683 5404 καὶ
1716 5350 1792 5422 μὴ

211 5439 379 5508 τιμᾷν
402 5439 603 5505 είδότος
626 5441 781 5499 Θεόν.

285 5532 383 5581 κε’.
442 5529 735 5601 "Amarae
790 5534 969 5605 ἀνὴρ,
1010 5536 1207 5606 κρίνει
1258 5535 1391 5606 εικῆ
1425 5552 1439 5570 ’
1495 5533 1565 5602 ὃς
1615 5533 1683 5589 δὲ
1712 5534 1807 5590 πέ-

226 5682 229 5683 ν
288 5710 331 5741 “
365 5709 555 5766 Matth.
597 5727 724 5777 xxv,
754 5711 844 5777 20,
878 5711 969 5765 2i.

1905 4524 2182 4589 adulator,
2207 4525 2255 4579 ni
2283 4524 2429 4579 enim
2454 4523 2697 4579 currenti
2728 4523 3047 4579 auxiliatur.

1973 4702 2143 4757 Vens.
2175 4700 2269 4756 24.
2297 4700 2404 4767 Qui
2448 4700 2634 4770 abjicit
2656 4710 2867 4772 patrem
2889 4710 2941 4755 et
2965 4712 3211 4771 matrem,
3238 4714 3287 4759 et
3313 4708 3481 4762 credit

1904 4810 2006 4849 non
2032 4810 2276 4863 peccare,
2304 4795 2389 4857 hic
2421 4810 2638 4848 consors
2681 4802 2760 4849 est
2794 4794 2893 4849 viri
2922 4796 3094 4864 impii.
3157 4797 3481 4867 llr-probans

1905 4883 2073 4941 Deum
2108 4895 2314 4953 patrem
2353 4900 2514 4940 suum
2548 4885 2601 4940 in
2633 4885 2810 4957 gratia
2841 4895 3068 4957 peccato
3099 4888 3442 4946 inﬁdelitatis
3464 4932 3480 4955 ,

1902 4987 1955 5033 et
1980 4978 2286 5032 doctrinam
2312 4994 2423 5033 sua:
2451 4978 2649 5032 anima:
2687 4979 2961 5034 nutricem
2990 4988 3307 5052 contemptu
3336 4982 3480 5037 divi-

1902 5084 2096 5123 norum
2125 5076 2547 5138 praeceptorum,
2580 5068 2826 5139 nihilque
2857 5069 2985 5123 mali
3021 5085 3081 5125 se
3111 5086 3271 5142 agere
3302 5081 3478 5136 ratus,

1902 5163 1996 5219 ille
2045 5161 2210 5216 homo
2259 5161 2535 5232 particeps
2578 5170 2663 5217 est
2693 5163 2917 5217 malitiae
2953 5161 3157 5217 diaboli
3208 5163 3299 5234 qui
3350 5164 3477 5219 totis

1898 5254 2112 5309 viribus
2130 5261 2292 5309 nocet
2310 5254 2769 5325 suislroluntariis
2786 5256 3176 5323 sectatoribus,
3198 5254 3481 5328 Deumque

1901 5348 2077 5405 nescit
2105 5346 2359 5403 adorare.

1993 5534 2156 5590 Vsus.
2184 5532 2275 5588 25.
2315 5527 2559 5599 Inﬁdelis
2591 5529 2671 5583 vir
2686 5528 2899 5598 judicat
2932 5537 3162 5593 temere;
3187 5528 3275 5599 qui
3302 5536 3476 5581 autem
