4054 6496
600 296 685 362 151
705 297 726 362 1
1888 300 2164 367 PROCOP

2276 306 2518 369 GAZEI
3742 308 3856 376 1512

589 407 812 477 conﬁdit
846 423 1003 478 super
1045 407 1348 477 Dominum,
1381 410 1439 466 in
1472 426 1603 467 cura
1643 410 1889 483 diligenti
1922 413 2049 470 erit.
2084 413 2164 482 Qu

2294 419 2504 472 ποιθεν
2524 415 2625 472 ἐπὶ
2659 416 2913 487 Κύριον,
2967 416 3037 472 ἐν
3087 418 3395 491 ἐπιμελείᾳ
3419 420 3614 477 ἔσται.
3665 425 3721 480 ’0
3744 434 3857 504 περὶ

587 499 789 557 anxius
829 507 917 556 est
945 501 1013 556 de
1044 499 1135 556 die
1164 502 1413 557 crastina
1438 541 1454 564 ,
1506 517 1686 574 neque
1740 502 1861 558 ﬁdit
1907 506 1964 559 in
1997 505 2164 561 divin:

2289 507 2390 579 τῆς
2418 506 2611 579 αὔριον
2663 507 2974 580 μεριμνῶν,
3002 509 3098 565 καὶ
3135 510 3213 585 μή
3245 513 3518 567 πιστεύων
3543 514 3622 585 τῷ
3656 499 3858 594 apem-

589 595 963 663 providentia,
1000 610 1102 652 sua
1134 595 1212 652 illi
1255 612 1367 652 non
1397 596 1723 662 committit,
1754 597 1851 669 qui
1878 598 1984 655 sibi
2015 600 2164 656 mise

2288 601 2356 670 τῇ
2387 600 2612 654 πάντων
2659 599 2801 672 Θεῷ,
2848 600 2987 671 μηδὲ
3016 601 3086 655 τὰ
3116 602 3239 655 καθ’
3270 602 3460 658 ἑαυτὸν
3496 605 3673 679 τούτῳ
3697 610 3860 669 ἀνατι.

588 690 686 746 rite
721 700 776 746 et
806 690 1110 747 senectutis
1132 690 1519 762 phantasmata
1547 690 1777 765 efﬁngit,
1806 693 1898 749 ille
1922 693 1993 751 de
2020 695 2164 752 rebu:

2288 690 2426 758 θεὶς,
2450 691 2545 745 ἐπὶ
2569 691 2898 766 πράγμασιν
2928 692 3147 764 ἀδήλοις
3168 695 3346 766 κρίνει
3380 700 3648 767 ματαίως,
3678 702 3857 773 ἐνδείας

589 781 818 839 incertis
856 782 910 837 in
969 797 1174 839 vanum
1213 780 1465 853 judicat;
1504 782 1651 839 idem
1696 786 1875 841 nescit
1904 787 2040 858 quid
2101 787 2164 842 ai

2286 787 2385 840 καὶ
2415 786 2626 858 γήρους
2650 786 2847 859 καιρὸν
2878 787 3319 860 φανταζόμενος*
3347 791 3443 844 καὶ
3466 792 3642 848 ταῦτα
3660 796 3711 851 τί
3737 799 3859 867 τέξε-

588 870 731 926 ferat
759 872 879 929 dies
911 874 1189 945 proxima,
1226 881 1280 930 et
1310 872 1435 929 ideo
1480 873 1792 931 innumeris
1827 877 2164 949 cogitationi

2286 894 2377 931 ται
2423 878 2457 948 ή
2495 877 2728 932 ἐπιοῦσα
2761 878 2838 950 μὴ
2869 878 3260 951 ἐπιστάμενος,
3300 882 3599 938 κάντεῦθεν
3640 890 3734 959 τῆς
3758 894 3857 948 tuo.

588 963 691 1019 bus
721 963 1035 1037 implicatus
1076 966 1144 1021 de
1169 966 1389 1037 propria
1415 967 1592 1022 salute
1619 982 1811 1037 parum
1861 977 2046 1024 curat.
2080 969 2186 1029 iste

587 1065 773 1111 autem
835 1056 932 1128 qui
988 1066 1175 1128 sperat
1222 1058 1278 1112 in
1326 1055 1500 1114 Deum
1555 1056 1851 1115 Dominum
1909 1061 2184 1130 omnium,

584 1148 931 1219 providentia
957 1151 1077 1219 ejus
1106 1149 1310 1223 dignus
1341 1149 1471 1207 erit.

2286 966 2382 1020 τοῦ
2413 967 2613 1039 ἀμελεῖ
2651 970 2949 1041 σωτηρίας,
2983 971 3273 1042 ἀνηνύτοις
3333 976 3619 1045 φροντίσιν
3666 981 3858 1055 ὲνασχο-

2286 1057 2586 1130 λούμενος*
2629 1060 2691 1125 ὃς
2732 1060 2780 1115 δ’
2821 1062 2909 1115 ἔπ’
2940 1062 3103 1117 αὐτὸν
3148 1064 3363 1131 ἐλπίζει
3399 1068 3493 1121 τὸν
3545 1068 3640 1123 τοῦ
3683 1077 3858 1138 παντὸς

2287 1150 2568 1224 Δεσπότην
2618 1151 2774 1219 Θεὸν,
2821 1152 2923 1225 τῆς
2977 1155 3112 1225 παρ’
3142 1155 3308 1212 αὐτοῦ
3355 1161 3615 1231 προνοίας
3649 1162 3857 1239 ἀξιιιιθή⁸

2288 1253 2463 1293 σεται.

653 1347 819 1404 Vens.
848 1348 939 1404 26.
980 1348 1086 1414 Qui
1113 1348 1334 1418 conﬁdit
1359 1348 1613 1418 {audacia
1656 1350 1832 1404 cordis
1859 1390 1875 1416 ,
1929 1350 2056 1407 talis
2103 1360 2181 1406 est

582 1441 926 1511 imprudens;
955 1445 1046 1514 qui
1068 1455 1244 1497 autem
1278 1443 1518 1497 ambulat
1541 1444 1833 1514 sapienter,
1859 1442 2173 1499 minabitur.

582 1533 685 1601 Qui
746 1534 945 1590 ardore
1002 1550 1147 1590 caeco
1211 1550 1324 1590 sure
1382 1534 1599 1590 ﬁducia:
1659 1536 2000 1605 impellitur,
2071 1551 2164 1590 nor

2284 1538 2380 1591 ἐπὶ
2411 1540 2478 1609 τῇ
2527 1539 2801 1612 ἀλογίστῳ
2844 1541 2987 1613 ὁρμῇ
3034 1544 3133 1614 τῆς
3181 1544 3319 1609 ἰδίας
3365 1545 3581 1613 ἐλπίζει
3624 1548 3853 1623 ψυχῆς,ὁ

583 1636 805 1684 exercet
846 1627 1119 1698 judicium
1151 1642 1263 1699 quo
1293 1628 1747 1698 concupiscentia
1784 1629 1837 1683 in
1882 1645 2011 1685 vere
2056 1630 2181 1700 pul-

2282 1630 2523 1693 τοιοῦτος
2550 1631 2611 1685 οὐ
2637 1631 2796 1704 φέρει
2840 1632 3048 1705 νόησιν,
3080 1636 3180 1708 τὴν
3211 1634 3511 1696 πείθουσαν
3542 1641 3602 1695 τὸ
3630 1643 3722 1713 μὲν
3747 1648 3853 1700 ἐπι-

585 1721 782 1775 cbrum
839 1720 1036 1785 fertur,
1081 1728 1136 1776 et
1184 1720 1389 1775 malum
1440 1721 1524 1776 vis
1578 1721 1886 1778 irascibilis
1938 1722 2164 1793 repellit.

586 1812 689 1836 n_-:
730 1829 856 1836 __.._._
904 1814 1183 1836 2--L-ll--a-.
1224 1825 1269 1836 Α.
1309 1813 1357 1836 ..2
1411 1814 1692 1836 ---2-...εμ
1742 1830 1935 1836 ----..--
1992 1830 2164 1836 ..Α-.--ψ

2284 1721 2609 1795 θυμητικδν,
2635 1723 2731 1777 τοῦ
2782 1724 2955 1790 ὅντως
2980 1726 3146 1781 καλοῦ
3174 1728 3469 1799 ὀρέγεσθαι
3488 1748 3505 1763 *
3536 1732 3600 1786 τὸ
3630 1732 3684 1788 δὲ
3712 1734 3851 1807 θυμι-

586 1812 691 1880 Qui
730 1829 861 1868 vero
904 1814 1185 1869 intellectu
1219 1825 1274 1868 et
1309 1813 1359 1868 vi
1409 1814 1696 1884 sapientiae
1736 1830 1938 1872 causas
1992 1830 2164 1870 rerum

2282 1815 2401 1879 κὺν,
2434 1817 2498 1870 τὸ
2541 1816 2713 1881 ὅντως
2744 1818 2914 1872 κακὸν
2948 1819 3393 1892 ἀποστρέφεσθαι
3414 1841 3429 1855 *
3478 1825 3540 1889 ὃς
3577 1826 3631 1880 δὲ
3664 1831 3851 1900 πρῶτον

2281 1908 2425 1962 κατά
2446 1908 2596 1975 νοῦν,
2638 1910 2870 1982 δυνάμει
2901 1912 3097 1983 σοφίας
3135 1914 3236 1979 τὰς
3266 1915 3376 1970 τῶν
3417 1919 3753 1991 πραγμάτων
3775 1925 3849 1978 αί-

2278 1998 2399 2064 τίας
2429 2000 2553 2073 ὁρᾷ,
2583 2002 2678 2055 καὶ
2713 2001 2857 2056 οὕτω
2896 2004 3045 2059 κατά
3090 2003 3272 2074 λόγον,
3311 2007 3405 2060 τοῦ
3439 2008 3567 2079 μὲν,
3603 2015 3716 2065 κατ’
3747 2014 3851 2069 ἑπι-

2285 2092 2490 2163 θυμίαν
2546 2094 2686 2167 ἐρᾷ*
2739 2096 2801 2149 τὺ
2851 2096 2946 2163 δὲ,
3013 2098 3155 2151 κατά
3204 2098 3376 2170 θυμὸν
3432 2102 3847 2175 ἀποστρέφεται*

2279 2183 2614 2254 ῥωσθήσεται
2663 2184 2764 2257 τῆς
2795 2186 2877 2250 είς
2927 2189 3213 2260 κρημνοὺς
3239 2191 3441 2256 κακίας
3486 2194 3584 2247 καὶ
3630 2195 3848 2270 βάραθρα

2276 2271 2553 2344 φερούσης
2583 2273 2875 2344 ἀλογίστου
2913 2278 3110 2349 φορᾶς.

2356 1348 2472 1415 κς·’.
2512 1352 2610 1419 Ὃς
2665 1356 2915 1410 πέποιθε
2947 1358 3197 1427 θρασείᾳ
3243 1360 3483 1430 καρδίᾳ,
3534 1361 3570 1420 δ
3617 1366 3855 1438 τοιοῦτος

2284 1438 2526 1513 ἄφρων*
2562 1444 2632 1513 ὃς
2668 1445 2738 1499 δὲ
2780 1450 3095 1518 πορεύεται
3134 1454 3347 1522 σοφίᾳ,
3396 1457 3749 1524 σωθήσεται.
3774 1465 3855 1528 ⁸ος

584 1903 741 1973 prius
764 1906 984 1974 quaerit,
1013 1912 1068 1959 et
1100 1903 1308 1960 deinde
1338 1903 1445 1959 hoc
1487 1903 1767 1961 desiderio
1801 1909 2177 1977 prosequitur,

580 1995 715 2049 illud
747 1996 827 2049 ira
862 1996 1113 2065 repellit,
1155 1995 1204 2051 is
1242 1997 1567 2067 expedietur
1611 2011 1756 2053 caeca
1791 1998 2177 2065 inclinatione,

578 2103 687 2159 qua
720 2086 956 2143 ferimur
983 2088 1040 2143 in
1072 2087 1336 2160 nequitia:
1362 2104 1611 2161 praeceps
1636 2099 1694 2147 et
1716 2089 2008 2162 abyssum.

652 2341 925 2400 Vens.27.
970 2344 1079 2413 Qui
1110 2346 1204 2402 dat
1232 2349 1575 2419 pauperibus,
1618 2367 1725 2406 non
1757 2352 2048 2422 indigebit;
2081 2354 2174 2426 qui

577 2448 754 2492 autem
811 2440 1000 2493 avertit
1033 2440 1244 2494 oculum
1268 2457 1424 2496 suum
1448 2482 1463 2505 ,
1496 2443 1554 2497 in
1581 2443 1754 2498 multa
1791 2447 2017 2513 penuria
2040 2448 2166 2503 erit.

577 2528 683 2596 Qui
727 2532 848 2587 sine
895 2531 1102 2587 invidia
1148 2533 1373 2589 divitias
1401 2541 1455 2589 et
1484 2535 1779 2591 scientiam
1827 2540 2169 2609 pauperibus

2347 2386 2453 2450 κζ’.
2493 2389 2590 2454 ’ος
2616 2388 2831 2444 δίδωσι
2873 2393 3156 2463 πτωχοῖς,
3193 2396 3305 2450 οὐκ
3331 2397 3847 2471 ἐνὸεηθήσεται*ὁς

2272 2477 2342 2532 δὲ
2378 2479 2743 2550 ἀποστρέφει
2774 2483 2884 2537 τὸν
2934 2484 3255 2556 ὀφθαλμὸν
3279 2490 3496 2557 αὐτοῦ,
3550 2493 3621 2546 ἐν
3668 2494 3846 2564 πολλῇ

2270 2567 2493 2637 ἀπορίᾳ
2546 2570 2739 2625 ἔσται.
2811 2574 2910 2637 Ὃς
2978 2576 3288 2646 χρημάτων
3358 2581 3453 2632 καὶ
3527 2581 3846 2649 διδασκαλίας

2268 2660 2524 2730 ἀφθόνως
2557 2665 2674 2726 τοῖς
2709 2664 2977 2737 χρῄζουσι
3012 2669 3391 2738 μεταδίδωσιν,
3421 2674 3642 2739 οὐδενὸς
3669 2677 3847 2733 τούτων

2268 2757 2561 2829 γενήσεται
2605 2759 2812 2830 ἐνδεὴς,
2867 2763 3405 2820 ἑκατονταπλασίονα
3456 2762 3541 2823 ὧν
3577 2774 3845 2840 μεταδίδω-

2266 2864 2363 2901 κεν
2407 2849 2590 2915 ἄλλοις
2638 2850 2938 2923 λαμϐάνων
2996 2856 3151 2927 παρά
3202 2856 3374 2911 Θεοῦ·
3433 2860 3497 2926 ὃς
3557 2862 3615 2915 δὲ
3668 2866 3847 2919 τούτων

2268 2940 2535 3013 ὑπερορᾷ,
2586 2945 2946 3015 καταφρονῶν
2991 2947 3091 3016 τῆς
3150 2951 3295 3004 κατά
3342 2952 3507 3024 σῶμα
3557 2958 3653 3010 καὶ
3687 2958 3846 3028 ψυχὴν

636 3033 741 3093 ,““”’
1046 3033 1346 3097 ’ζ’“’²’“’,“’“”
1391 3033 1447 3047 ν’
1487 3033 1578 3059 “¹““
1626 3033 1862 3097 ¹,’“⁹⁸¹¹¹¹¹
1920 3033 2029 3052 ⁸¹ν¹¹
2080 3033 2165 3054 ⁸⁵⁵
2267 3033 2544 3103 σωτηρίας
2589 3034 2793 3097 αὐτῶν,
2843 3036 3063 3091 πάντων
3107 3041 3203 3093 καὶ
3248 3034 3406 3109 οὗτος
3446 3046 3563 3100 τῶν
3603 3050 3732 3122 πρὸς
3757 3068 3845 3104 σω-

637 3093 837 3122 ιαηιιιιια
894 3082 1332 3122 mlcnrnnnrdlgm
1393 3098 1421 3122 α
1473 3082 1583 3122 “an
1633 3101 1751 3122 Incn
1799 3103 1909 3122 nnn
1958 3104 2160 3122 nnncn-

575 3084 860 3150 misertus,
893 3082 1334 3141 misericordiam
1391 3098 1424 3140 a
1471 3082 1583 3140 Deo
1633 3085 1751 3156 ipse
1799 3103 1911 3143 non
1958 3104 2161 3145 consc-

575 3183 796 3215 nilnl||r_

2267 3082 2464 3196 mpin
2495 3082 2730 3197 ύνπάρξει
2760 3082 2905 3182 κατά
2937 3130 3073 3185 πολὺ
3103 3134 3318 3207 ἐνδεής*
3362 3082 3562 3211 ἐπειδή
3583 3082 3843 3215 τόῦζὸῐιῑ

575 3183 799 3244 quem"-
2278 3183 2436 3285 φῦεῖς
2473 3217 2573 3272 οὐκ
2596 3183 2853 3291 ήλεησεν,
2890 3222 3001 3276 οὐδ’
3025 3226 3189 3291 αὐτὸς
3215 3183 3558 3303 ὲλῐεούμενοςι
3581 3183 3843 3306 napi“:sz

2276 3307 2435 3363 Θεοῦ.

584 2623 839 2695 largitur,
880 2624 1005 2681 istis
1034 2625 1200 2682 rebus
1231 2641 1516 2697 nunquam
1559 2628 1854 2700 indigebit,
1888 2640 1943 2687 et
1976 2640 2171 2689 centu-

578 2715 729 2786 plum
779 2716 977 2771 horum
1013 2733 1139 2788 quae
1186 2718 1467 2775 distribuit
1513 2734 1545 2775 a
1595 2719 1708 2776 Deo
1757 2722 2008 2794 recipiet.
2059 2726 2165 2792 Qui

578 2822 710 2863 vero
746 2824 844 2865 eos
877 2809 1088 2879 spernit
1140 2811 1556 2880 contemnitque
1586 2812 1787 2868 animae
1830 2821 1886 2869 et
1913 2816 2167 2885 corporis

577 2899 809 2955 salutem
836 2938 851 2963 ,
894 2900 1012 2971 ipse
1061 2901 1321 2957 omnibus
1377 2903 1545 2959 rebus
1597 2902 1667 2958 ad
1697 2905 1929 2960 salutem
1968 2922 2164 2964 neces-

576 2991 741 3047 sariis
786 2992 1014 3047 omnino
1044 2991 1346 3061 indigebit;
1390 2998 1447 3047 et
1486 2992 1578 3059 qui
1625 2995 1862 3064 proximi
1920 3012 2029 3052 non
2080 3008 2165 3054 est

654 3416 827 3475 Vims.
862 3418 957 3475 ‘28.
1004 3416 1072 3473 In
1126 3420 1257 3476 locis
1288 3419 1574 3490 impiorum
1619 3430 1835 3492 gemunt
1876 3421 2058 3492 justi;
2108 3422 2164 3478 in

2342 3429 2454 3493 κη’.
2517 3425 2613 3479 Ἐν
2661 3426 2868 3494 τόποις
2909 3428 3148 3485 ἀσεϐῶν
3173 3432 3464 3491 στένουσι
3511 3438 3722 3496 δίκαιοι
3745 3458 3758 3474 *
3783 3444 3844 3497 ἐν

571 3510 793 3565 illorum
853 3524 1031 3568 autem
1081 3514 1377 3583 perditione
1436 3513 1781 3569 abundabunt
1835 3514 1994 3584 justi.
2054 3512 2159 3571 Ubi

2269 3512 2339 3567 δὲ
2374 3512 2450 3583 τῇ
2474 3514 2723 3571 ἐκείνων
2742 3518 3030 3588 ἀπωλείᾳ,
3056 3525 3601 3593 πληθυνθήσονται
3624 3532 3840 3590 δίκαιοι.

573 3612 803 3676 regnant
828 3605 923 3676 qui
949 3605 1117 3660 Deum
1144 3606 1252 3677 piis
1272 3604 1535 3676 operibus
1558 3621 1668 3661 non
1693 3607 1910 3671 colunt,
1935 3614 2162 3678 gemunt

2280 3606 2370 3660 'Ev
2399 3610 2519 3671 ταῖς
2553 3608 2762 3681 χώραις
2785 3610 2898 3664 τῶν
2949 3612 3026 3683 μῆ
3063 3614 3133 3667 δι’
3169 3617 3545 3690 ἀγαθοεργίας
3581 3624 3842 3693 τιμώντων

571 3706 625 3749 ct
672 3703 1038 3753 conteruntur
1081 3697 1299 3765 sancti;
1352 3696 1476 3753 istis
1517 3706 1696 3753 autem
1730 3699 1965 3754 ducibus
2009 3699 2161 3768 justo

2267 3698 2401 3752 Θεὸν
2447 3700 2753 3770 ἡγεμόνων,
2812 3703 3122 3775 θλιϐόμενοι
3186 3710 3544 3775 στενάξουσιν
3594 3718 3643 3769 οἱ
3678 3717 3841 3787 ἀμέμ-

572 3787 668 3844 Dei
693 3788 929 3861 judicio,
984 3791 1053 3846 ad
1098 3790 1327 3846 exitium
1361 3790 1624 3856 addictis,
1669 3800 1800 3848 tunc
1830 3793 1932 3848 viri
1957 3793 2116 3863 probi
2141 3832 2157 3858 ,

570 3882 829 3937 virtutem
861 3882 1130 3947 colentes,
1162 3884 1340 3939 turba:
1366 3899 1427 3940 se
1478 3884 1799 3957 adjungent.

2270 3807 2421 3854 πτως
2453 3790 2897 3864 πολιτευόμενοι*
2933 3797 3135 3850 ὁπόταν
3188 3799 3248 3853 δὲ
3291 3801 3457 3874 ψήφῳ
3504 3805 3692 3880 δικαίᾳ
3717 3810 3837 3862 Θεοῦ

2270 3884 2654 3954 παραδοθῶσιν
2674 3887 2724 3939 οἱ
2752 3888 2988 3943 τοιοῦτοι
3013 3890 3249 3963 ἀρχηγοὶ
3277 3895 3508 3969 ὀλέθρῳ,
3539 3902 3635 3954 καὶ
3659 3904 3839 3973 τιμῶν·

565 3986 660 4036 τες
687 3974 788 4045 τὴν
814 3974 1038 4045 ἀρετὴν,
1071 3976 1153 4037 είς
1178 3973 1385 4046 πλῆθος
1406 3976 1769 4031 ἐπιδώσουσιν
1795 3980 1846 4032 oi
1873 3978 2143 4049 ὲνάρετοι*
2186 3974 2373 4047 ἐπειδὴ
2404 3977 2553 4047 φιλεῖ
2597 3978 2674 4043 ὡς
2719 3978 2789 4033 τά
2823 3980 2998 4036 πολλὰ
3034 3984 3096 4037 τὸ
3163 3986 3404 4059 ὑπήκοον
3466 3993 3837 4064 συνεξομοιοῦ-

570 4062 697 4117 σθαι
722 4067 835 4129 τοϊς
861 4066 1146 4137 ἄρχουσιν.

1184 4157 1342 4214 CAP.
1383 4158 1582 4216 XXIX.

639 4291 802 4349 Vens.
836 4292 887 4348 1.
924 4291 1111 4347 Melior
1142 4302 1221 4347 est
1252 4293 1333 4347 vir
1363 4296 1774 4366 correptionum,
1832 4298 1946 4352 viro
2005 4299 2158 4354 dura:

2854 4205 3102 4261 ΚΕΦΛΛ.
3134 4208 3265 4265 ΚΘ¹.

2328 4318 2398 4370 α’.
2424 4315 2740 4383 Κρείσσων
2757 4316 2914 4386 ἀνὴρ
2935 4317 3220 4391 ἐλέγχων,
3242 4320 3465 4391 ἀνδρὸς
3487 4328 3835 4395 σκληροτρα-

566 4382 784 4437 cervicis
809 4399 828 4438 :
853 4392 1060 4451 repente
1109 4385 1251 4439 enim
1282 4384 1502 4440 ardente
1541 4403 1601 4441 eo
1652 4404 1757 4442 non
1801 4397 1879 4444 est
1925 4392 2150 4445 medela.

2267 4382 2498 4472 χήλου*
2545 4405 2840 4477 ἐξαπίνης
2863 4382 2999 4478 -.γὰρ
3048 4382 3457 4482 *φλεγομένου*
3510 4382 3697 4472 abegi}
3733 4382 3831 4472 οὐκ

568 4469 685 4527 Etsi
716 4470 1039 4541 insipienter
1068 4472 1212 4543 agit,
1243 4474 1336 4545 qui
1363 4473 1639 4529 hominem
1664 4474 1817 4531 durae
1845 4478 2078 4534 cervicis
2102 4487 2157 4535 et

567 4563 897 4621 inordinata:
933 4565 1205 4637 corripit,
1243 4567 1350 4622 sibi
1383 4567 1569 4624 odium
1601 4568 1723 4640 ejus
1753 4570 2061 4637 conciliat,
2102 4583 2158 4627 et

569 4655 761 4727 pungit
775 4656 949 4728 magis
966 4672 1130 4728 quam
1148 4666 1330 4724 sanat,
1347 4668 1529 4717 tamen
1541 4675 1605 4716 ea
1621 4660 1813 4717 melior
1825 4663 2153 4719 est.Etenim

567 4748 665 4818 qui
692 4749 1101 4819 correptionem
1136 4750 1331 4806 audire
1367 4760 1607 4819 recusat,
1635 4764 2034 4826 promptusque
2067 4764 2156 4811 est

567 4837 635 4892 ad
662 4838 1011 4895 irascendum
1044 4848 1271 4911 propter
1298 4843 1575 4913 propriam
1604 4844 1986 4914 pertinaciam,
2030 4846 2157 4901 nul-

568 4927 682 4985 lum
721 4930 1029 4988 remedium
1063 4932 1150 4988 sui
1187 4932 1241 4988 in
1272 4933 1601 4992 monitorem
1632 4937 1744 4993 odii
1782 4937 2045 4995 inveniet.

646 5253 807 5314 Vens.
835 5260 895 5315 2.
938 5258 1081 5314 Dum
1113 5259 1411 5315 laudantur
1437 5261 1597 5331 justi,
1641 5263 1896 5320 [alantur
1936 5266 2153 5337 populi;

566 5345 953 5419 imperantibus
987 5364 1164 5409 autem
1208 5354 1412 5422 impiis,
1445 5362 1660 5425 gemunt
1693 5357 1814 5412 viri.
1848 5357 2153 5417 Celebratis

475 5505 479 5508 ἑ
567 5440 912 5513 principibus
992 5445 1087 5514 qui
1158 5445 1425 5516 subjectis
1494 5450 1759 5505 omnibus
1820 5464 1983 5507 suum
2054 5453 2148 5523 jus

565 5531 851 5599 tribuunt,
921 5534 997 5589 illi
1061 5535 1410 5605 laetabuntur,
1466 5554 1646 5611 neque
1702 5542 1873 5597 ullam
1929 5543 2149 5616 dignam

563 5623 800 5692 querelae
831 5640 1057 5681 causam
1112 5627 1415 5685 habebunt.
1471 5629 1514 5684 E
1545 5641 1760 5700 contra,
1799 5633 2037 5692 laudatis
2063 5644 2149 5708 ty-

565 5715 753 5772 rannis
791 5718 884 5789 qui
925 5716 1095 5774 Deum
1152 5721 1309 5779 bonis
1343 5722 1605 5793 operibus
1638 5740 1756 5800 non.
1778 5736 2141 5794 venerantur,

2257 4496 2432 4551 ἔστιν
2464 4494 2651 4564 ἴασις.
2707 4497 2770 4552 Εἰ
2821 4498 2917 4552 καὶ
2962 4499 3414 4573 ἀνεπιστημόνως
3442 4508 3593 4560 ποιεί
3628 4510 3656 4562 ὁ
3693 4508 3832 4577 ἐλέγ-

2256 4605 2368 4659 χων
2393 4587 2485 4641 τὸν
2524 4588 2763 4659 ἀκαμπῆ
2811 4606 2872 4643 τε
2905 4590 3002 4643 καὶ
3053 4591 3450 4661 ἀνυπότακτον,
3497 4599 3583 4662 είς
3629 4599 3686 4653 τὸ
3721 4598 3829 4652 καθ’

2258 4677 2457 4733 ἑαυτοῦ
2489 4680 2648 4749 μῖσος
2675 4680 2961 4755 διεγείρων
2991 4681 3178 4751 αὐτὸν,
3210 4686 3305 4738 καὶ
3356 4685 3613 4756 βλάπτων
3646 4691 3828 4762 μᾶλλον

2255 4770 2289 4840 ἢ
2340 4771 2590 4840 ὠφελῶν,
2648 4773 2763 4828 ἀλλ’
2816 4775 2970 4847 ὅμως
3025 4774 3218 4830 τούτου
3267 4779 3508 4836 καλλίων
3556 4784 3724 4852 ἐστὶν,
3761 4784 3828 4849 ὡς

2255 4860 2517 4933 ἐλέγχους
2570 4863 2802 4919 ἀκοῦσαι
2846 4869 2875 4921 ὁ
2923 4867 3181 4938 ἀπειθὴς,
3224 4870 3320 4924 καὶ
3364 4871 3503 4943 πρὸς
3545 4874 3708 4948 ὀργὴν
3746 4877 3826 4931 εύο

2255 4952 2353 5018 θὺς
2398 4953 2467 5008 δι’
2520 4956 2731 5012 οἰκείαν
2764 4959 3058 5015 αὐθάδειαν
3105 4962 3547 5036 ὲμπυρούμενος,
3588 4968 3823 5038 οὐδεμιᾶς

2255 5047 2553 5119 θεραπείας
2583 5051 2938 5124 ἐπιτυγχάνει
2993 5054 3087 5109 τοῦ
3118 5055 3258 5128 πρὸς
3296 5056 3389 5111 τὸν
3421 5057 3711 5130 ἐλέγχοντα
3741 5060 3819 5131 μία

2259 5156 2407 5205 σους.

2329 5276 2396 5347 β’.
2433 5278 2987 5349 Ἐτκωμιαζομένων
3015 5281 3284 5353 δικαίων,
3312 5287 3817 5357 εὐφρανθήσονται

2251 5368 2393 5421 λαοί
2420 5383 2436 5399 ·
2472 5368 2787 5439 ἀρχόντων
2830 5370 2899 5425 δὲ
2945 5373 3203 5442 ἀσεϐῶν,
3241 5378 3573 5433 στένουσιν
3598 5379 3815 5446 ἄνδρες.

2262 5458 2703 5530 Ἐπαινουμένων
2724 5461 3009 5534 άρχηγῶν,
3042 5466 3427 5539 ἅπονεμὸντων
3448 5470 3511 5524 τὸ
3533 5471 3650 5525 κατ’
3676 5469 3815 5535 ἀξίαν

2250 5547 2466 5617 ἑκάστῳ
2499 5546 2606 5603 τῶν
2637 5551 2730 5604 ὑπ’
2758 5555 2976 5620 αὐτοὺς,
3012 5558 3352 5628 χαρήσονται
3398 5554 3449 5614 οἷ
3482 5559 3688 5624 τούτοις
3724 5560 3814 5613 ὁπ-

2248 5640 2425 5709 ήκοοι,
2461 5641 2733 5712 μηδεμίαν
2776 5643 2838 5711 ἐξ
2886 5646 3070 5702 αὐτῶν
3121 5648 3299 5722 λύπης
3330 5652 3583 5725 ἀφορμὴν
3612 5652 3810 5721 εὔλογον

2250 5730 2466 5803 ἔχοντες
2493 5749 2508 5765 '
2543 5734 2979 5809 ιύφημουμένων
3005 5742 3064 5797 δὲ
3093 5742 3257 5801 πάλιν
3279 5746 3542 5819 ἀρχηγῶν
3568 5744 3801 5818 κρατούν-
