3958 6522
180 333 324 399 1513

1210 341 1740 403 (ΣΟΜΜΕΝΤΑΚΙΙ
1808 343 1887 402 ΙΝ
1947 343 2404 405 PROVERBIA.

3320 331 3453 400 15H

170 462 295 500 των
316 448 682 516 τυραννικῶς,
714 451 810 503 καὶ
845 452 921 523 μὴ
969 452 1041 506 δι’
1086 454 1310 522 ἀγαθῶν
1353 455 1532 525 ἔργων
1561 453 1770 525 τιμῶν-

1910 467 2102 513 emunt
2132 459 2235 512 viri
2255 459 2351 529 qui
2375 456 2516 511 mala
2549 456 2654 514 sibi
2689 455 2758 510 ab
2785 455 2866 511 eis
2898 454 3043 509 illata
3072 453 3340 524 patienter
3370 462 3453 505 to.

172 554 295 593 των
321 538 479 605 Θεὸν,
509 542 862 606 στενάζουσιν
897 546 947 597 οἱ
995 547 1262 615 γενναίως
1305 548 1374 602 τὰ
1422 549 1554 619 παρ’
1598 549 1780 603 αὐτῶν

178 629 374 693 αὐτοῖς
409 629 761 701 ἐπερχόμενα
791 632 1019 706 λυπηρά
1044 635 1325 706 φέροντες.

255 728 330 789 γ’.
392 720 641 793 Ἀνδρος
704 726 1032 794 φιλοῦντος
1075 730 1342 798 σοφίαν,
1395 730 1782 801 εὐφραίνεται

174 811 386 881 πατὴρ
430 812 621 868 αὑτοῦ
643 830 659 845 ο
705 816 775 883 ὃς
821 815 891 870 δὲ
933 819 1236 889 ποιμαίνει
1284 822 1535 890 πόρνας,
1566 821 1789 879 ἀπολεῖ

176 905 479 959 πλοῦτον.
528 905 636 960 Τοῦ
676 908 945 977 γενναίοις
975 910 1045 965 τὰ
1082 911 1228 984 πάθη
1260 913 1405 968 κατά
1448 915 1651 984 πρᾶξιν
1679 932 1781 969 κα-

175 997 648 1067 ταπαλαίσαντος,
700 1001 996 1065 ποθοῦντος
1044 1003 1250 1071 γνῶναι
1294 1006 1398 1075 τὴν
1444 1007 1627 1061 αἰτίαν
1670 1008 1784 1064 τῶν

176 1087 326 1141 ὅλων
355 1089 565 1158 σοφίαν,
606 1090 752 1145 κατά
790 1092 891 1163 τὴν
923 1093 983 1145 ὲν
1037 1093 1318 1164 πνεύματι
1366 1096 1607 1168 φυσικὴν
1639 1096 1781 1153 θεω-

181 1178 315 1248 ρίαν
335 1178 443 1233 τῶν
470 1178 664 1246 ὄντων,
694 1181 790 1234 καλ⁹
818 1178 961 1235 οὕτω
994 1182 1131 1255 πρὸς
1178 1184 1458 1256 σωτηρίαν
1488 1184 1784 1257 ἐπειγομέ-

184 1285 309 1333 νου,
344 1270 525 1341 χαίρει
554 1270 642 1324 διά
668 1270 1086 1345 φιλανθρωπίαν
1123 1274 1153 1326 ὁ
1196 1273 1390 1329 τοῦτον
1431 1276 1574 1330 κατὰ
1622 1277 1783 1348 χάριν

180 1360 702 1435 υίοθε[τη]σάμενος
732 1364 1145 1437 πανοικτίρμων
1169 1365 1302 1431 Θεός
1329 1382 1344 1397 ·
1368 1368 1399 1421 ὁ
1424 1367 1468 1421 δ’
1490 1369 1573 1432 είς
1597 1368 1786 1422 ἐπιθυ-

185 1453 327 1525 μίας
347 1452 669 1518 ἀλλοκότους
699 1454 1103 1527 προνοούμενος
1121 1455 1341 1523 ἑαυτοῦ,
1361 1457 1660 1513 κάντεῦθεν
1686 1459 1785 1525 τάς

185 1543 384 1616 πόρρω
410 1541 506 1597 τοῦ
526 1541 688 1612 λόγου
712 1542 976 1606 νευούσας
992 1545 1275 1617 αἰσθήσεις
1304 1550 1427 1611 ταῖς
1454 1548 1785 1619 ἐμπαθείαις

182 1632 493 1704 ἐπιτρέφων,
525 1631 820 1704 ζημιοῦται
865 1634 959 1690 τὸν
1024 1637 1166 1691 κατὰ
1196 1637 1401 1707 γνῶσιν
1448 1640 1545 1693 καὶ
1584 1639 1786 1711 ἀρετὴν

189 1721 572 1795 πνευματικὸν
601 1722 851 1778 πλοῦτον.

1885 551 2082 605 lerant.

1955 729 2120 784 Vitis.
2150 728 2205 783 '5.
2273 729 2364 784 Vir
2401 744 2589 783 amans
2619 728 2934 797 sapientiam
2971 726 3215 796 lwtiﬁcat
3254 735 3457 794 patrem

1882 837 2035 876 suum
2056 821 2182 890 ;qui
2207 830 2383 875 autem
2405 822 2582 890 pascit
2607 820 2926 883 meretrices,
2940 817 3201 885 disperdat
3219 817 3455 871 divitias.

1885 915 1944 970 Si
1991 915 2115 985 quis
2168 914 2460 984 passiones
2490 914 2747 983 operibus
2800 910 3021 967 fortiter
3067 910 3458 974 debellaverit,

1894 1006 2222 1078 sapientiam
2259 1006 2508 1060 omnium
2542 1012 2825 1077 parentem
2856 1018 3200 1075 cognoscere
3229 1002 3461 1059 studue-

1886 1094 1997 1159 rit,
2048 1103 2304 1149 naturam
2350 1108 2533 1148 rerum
2580 1092 2864 1147 intellectu
2911 1091 3243 1154 meditando.
3276 1092 3463 1160 itaque

1884 1185 1954 1240 ad
1998 1185 2231 1241 salutem
2266 1182 2603 1252 perrexerit;
2660 1182 2753 1236 ille
2800 1181 3000 1251 gaudio
3036 1189 3093 1237 et
3141 1175 3317 1235 amori
3357 1181 3464 1235 erit

1888 1277 1999 1332 Deo
2031 1276 2416 1342 misericordi,
2449 1275 2543 1345 qui
2575 1290 2702 1331 eum
2735 1274 2790 1329 in
2829 1276 2998 1329 lilium
3025 1274 3202 1344 gratia
3232 1275 3460 1344 adopta-

1885 1368 1985 1423 vit.
2014 1367 2119 1435 Qui
2147 1383 2279 1424 vero
2307 1367 2564 1438 turpibus
2612 1365 3019 1437 cupiditatibus
3072 1365 3352 1437 indulget,
3408 1373 3463 1419 et

1885 1460 2173 1517 aliectibus
2219 1460 2562 1516 sensationes
2611 1460 2880 1514 rationem
2918 1466 3261 1515 excaecantes
3292 1459 3460 1522 fovet,

1888 1554 1995 1610 iste
2019 1553 2243 1609 divitias
2274 1553 2588 1610 intellectus
2615 1561 2672 1608 et
2703 1552 2922 1607 virtutis
2951 1553 3181 1607 amittet.

264 1813 327 1870 δ’.
358 1814 662 1880 Βασιλεὺς
699 1813 952 1881 δίκαιος,
1004 1816 1296 1885 ἀνίστησι
1339 1818 1580 1888 χώραν’
1628 1816 1786 1887 ἀνὴρ

1962 1822 2126 1879 Vens.
2159 1823 2214 1877 4.
2257 1821 2369 1876 Rex
2406 1822 2588 1891 justus
2623 1821 2773 1891 erigit
2814 1821 3108 1891 regionem,
3167 1822 3248 1874 vir
3291 1830 3463 1874 autem

194 1905 270 1958 δὲ
292 1904 641 1975 παράνομος
669 1905 1101 1962 κατασκάπτει.
1140 1908 1203 1961 ὀ
1232 1907 1325 1961 τοῦ
1362 1907 1565 1972 παντὸς
1589 1908 1789 1962 Δεσπό-

186 2014 295 2068 της
325 1998 417 2049 καὶ
465 1996 677 2060 δίκαιος
716 1997 826 2048 τῶν
864 1996 1003 2050 ὅλων
1051 1999 1245 2071 κριτὴς
1273 1998 1425 2063 Θεὸς,
1462 1998 1522 2051 τὸ
1560 1998 1668 2052 τῶν
1695 1999 1790 2052 ἀν-

189 2089 434 2161 Θρώπων
466 2089 623 2159 γένος
648 2088 743 2143 τοῦ
789 2088 915 2143 καθ’
959 2091 1239 2162 ἁμαρτίαν
1277 2092 1484 2164 ὲγείρει
1530 2091 1786 2153 θανάτου,

191 2180 344 2253 πρὸς
374 2180 639 2251 ἐργασίαν
666 2180 775 2234 τῶν
808 2181 975 2235 αὑτοῦ
1010 2180 1266 2246 ἐντολῶν,
1306 2184 1430 2245 ταῖς
1456 2198 1517 2235 τε
1542 2182 1649 2234 τῶν
1695 2198 1789 2234 κο-

190 2270 409 2325 λάσεων
438 2269 714 2336 ἀπειλαῖς,
744 2269 841 2324 καλ⁹
864 2272 985 2334 ταῖς
1013 2270 1375 2340 ἐπαγγελίαις
1409 2270 1519 2324 τῶν
1549 2270 1787 2339 ἀγαθῶψ

190 2362 226 2415 ὁ
257 2362 318 2416 δὲ
361 2362 453 2415 τὸν
485 2361 667 2429 λόγον,
726 2360 847 2415 καθ’
902 2361 962 2415 ὃν
1009 2361 1223 2432 γέγονε,
1270 2361 1524 2433 παραϐὰς
1557 2364 1788 2432 δαίμων,

188 2458 265 2529 τῇ
313 2454 725 2526 καταγγελτικῇ
777 2452 872 2507 τοῦ
917 2454 1064 2508 θείου
1106 2453 1415 2526 θελήματος
1441 2453 1695 2525 δυνάμει,
1726 2456 1792 2526 ἣν

193 2549 355 2623 παρὰ
413 2547 551 2602 Θεοῦ
602 2547 765 2603 ἔλαϐε
827 2546 1306 2620 παραχρώμενος,
1361 2546 1659 2601 κάντεῦθεν
1715 2547 1793 2600 ῶν

197 2640 425 2714 ἰσχυρὸς
452 2638 549 2693 τοῦ
576 2642 898 2695 κακοποιεῖν
936 2640 1063 2705 τοὺς
1100 2639 1414 2711 αὐθαιρέτῳ
1447 2638 1643 2710 γνώμῃ
1672 2657 1795 2693 πει-

190 2731 467 2803 θομένους
508 2731 684 2803 αὐτῷ,
732 2733 857 2788 ἀντὶ
902 2731 996 2786 τοῦ
1052 2734 1337 2805 συνεργεῖν
1378 2733 1457 2795 εἰς
1505 2731 1604 2803 τήν
1652 2732 1795 2786 κατά

190 2823 338 2879 Θεὸν
370 2824 652 2895 ἡμετέραν
689 2823 1002 2896 οἰκοδομὴν,
1038 2824 1292 2895 καθαιρεῖ
1339 2822 1417 2893 τῷ
1454 2822 1575 2877 κατ’
1600 2824 1795 2893 αἴσθη-

195 2934 293 2973 σιν
320 2916 590 2990 ἀπατηλῷ
618 2916 716 2969 καὶ
743 2916 1095 2989 προσκαίρως
1126 2917 1263 2988 ήδεῖ.

275 3009 337 3066 ε’.
382 3012 487 3078 Ὃς
530 3007 971 3079 παρασκευάζει
1001 3008 1100 3063 ἐπὶ
1145 3009 1474 3078 πρόσωπον
1510 3007 1617 3062 τοῦ
1655 3007 1795 3061 ἐαυ-

195 3099 313 3156 τοῦ
344 3100 530 3171 φίλου
574 3099 849 3166 δίκτυον,
909 3100 1255 3170 περιϐάλλει
1293 3100 1440 3154 αὐτὸ
1486 3098 1609 3166 τοῖς
1655 3099 1796 3152 ἐαυ-

196 3190 314 3247 τοῦ
346 3191 553 3247 ποσίν.
599 3192 695 3256 ’ος
732 3190 925 3255 δολίως
960 3190 1329 3244 ἐπιϐουλεύων
1374 3190 1455 3261 τῷ
1510 3188 1795 3260 ἀγαπῶντι

196 3285 392 3353 αὐτὸν,
420 3284 596 3357 λάθρα
643 3284 836 3339 πλέκει
885 3285 1007 3339 κατ’
1047 3284 1214 3338 αὑτοῦ
1266 3283 1475 3354 βλάϐην
1517 3281 1795 3354 σώματος,

195 3378 234 3433 ὅ
285 3378 400 3432 ἔστι
452 3377 748 3447 πρόσωπον
790 3375 893 3446 τῆς
939 3375 1121 3447 ψυχῆς
1165 3375 1241 3441 ῶς
1288 3376 1493 3448 ταύτης
1521 3392 1800 3448 χαρακτη-

201 3468 475 3539 ριστικδν,
517 3468 638 3522 κατ’
670 3467 958 3538 ἐνέργειαν
1010 3466 1191 3538 ἐαυτῷ
1244 3468 1675 3540 προηγουμένως
1702 3468 1801 3539 τὴν

199 3561 469 3633 τοιαύτην
509 3559 821 3631 περιτίθησι
852 3557 1060 3631 βλάϐην
1093 3560 1236 3615 κατά
1262 3560 1503 3614 διάνοιαν
1527 3578 1543 3593 ο
1593 3555 1661 3634 ἦς
1687 3564 1800 3626 τοῖς

201 3653 530 3725 κινήμασιν,
563 3650 639 3716 ῶς
677 3669 787 3706 τισι
833 3651 989 3716 ποσὶ,
1044 3651 1221 3722 διήκει
1274 3652 1417 3705 κατά
1449 3652 1630 3724 ψυχὴν
1662 3652 1799 3723 πρὸς

205 3743 489 3800 ἀπώλειαν
512 3760 526 3775 ⁸
561 3743 658 3797 καὶ
686 3744 747 3796 τὸ
802 3742 904 3815 μὲν
962 3743 1227 3814 βλαϐῆναι
1282 3744 1433 3816 παρὰ
1478 3747 1671 3798 τούτου
1706 3745 1796 3799 τὸν

206 3834 720 3907 ἐπιϐουλευόμενον,
746 3835 962 3905 ἄδηλον,
986 3835 1061 3899 ὡς
1097 3836 1248 3907 παρά
1280 3838 1344 3907 τῇ
1381 3836 1560 3906 κρίσει
1608 3838 1796 3909 κείμε-

204 3950 303 3987 νον
336 3933 430 3989 τοῦ
472 3931 644 3987 Θεοῦο
693 3932 755 3986 τὸ
782 3931 827 3985 δ’
864 3930 1116 3985 ἐντεῦθεν
1151 3930 1313 3984 αὐτὸν
1366 3931 1455 3999 ὑφ’
1487 3929 1681 3983 ἑαυτοῦ
1726 3929 1794 3981 τά

1890 1916 2105 1987 iniquus
2138 1914 2386 1970 destruit.
2419 1914 2585 1978 Deus,
2624 1914 2720 1983 qui
2752 1913 3013 1967 omnibus
3051 1914 3322 1968 creaturis
3366 1913 3465 1967 do-

1890 2007 2136 2062 minatur
2185 2020 2394 2077 easque
2443 2006 2595 2077 juste
2650 2004 2882 2074 iudicat,
2945 2021 3121 2076 genus
3185 2006 3466 2061 [nominum

1891 2100 2092 2155 avertit
2140 2115 2171 2155 a
2230 2108 2406 2155 morte
2470 2098 2683 2169 peccati
2734 2096 2800 2151 ad
2844 2097 3120 2168 implenda
3156 2112 3256 2152 sua
3313 2112 3469 2151 man-

1891 2192 2054 2258 data,
2132 2190 2249 2247 sive
2328 2189 2493 2246 minis
2550 2189 2969 2255 damnationis,
3027 2188 3145 2244 sive
3217 2187 3469 2243 mercede

1894 2283 2192 2354 promissa.
2226 2281 2490 2337 Diabolus
2515 2297 2670 2345 vero,
2698 2289 3011 2352 contempta
3040 2296 3153 2335 sua:
3172 2280 3470 2335 creationis

1892 2373 2211 2429 conditione
2237 2412 2253 2437 ,
2305 2373 2554 2428 abutitur
2582 2380 2855 2443 potestate
2884 2386 2950 2427 ac
3000 2370 3113 2427 Deo
3144 2380 3370 2441 accepta
3404 2370 3469 2426 ad

1896 2464 2333 2519 annuntiandam
2353 2464 2476 2535 ejus
2501 2466 2867 2527 voluntatem,
2900 2473 2955 2520 et
2980 2465 3147 2535 pollet
3174 2464 3241 2519 ad
3269 2478 3475 2519 nocen-

1894 2556 2027 2611 dum
2055 2555 2375 2612 hominibus
2404 2557 2499 2627 qui
2532 2557 2771 2612 libenter
2799 2557 2903 2627 ipsi
2932 2558 3200 2621 credunt;
3230 2554 3474 2611 adiﬁca-

1898 2649 2030 2703 tioni
2090 2660 2295 2706 nostrae
2338 2650 2391 2704 in
2431 2650 2543 2706 Deo
2593 2649 2793 2705 nedum
2842 2650 3068 2713 serviat,
3116 2664 3237 2704 eam
3286 2663 3476 2704 errore

1896 2754 2164 2795 sensuum
2213 2746 2269 2793 et
2302 2739 2564 2796 brevibus
2594 2739 2971 2811 voluptatibus
3000 2739 3191 2795 diruit.

1974 2980 2137 3036 Vens.
2175 2981 2227 3034 ii.
2297 2980 2402 3046 Qui
2433 2988 2701 3049 prteparat
2735 2980 2802 3033 ad
2822 2980 3012 3049 {aciem
3042 2982 3127 3035 sui
3154 2982 3311 3035 amici
3350 2993 3477 3046 rete,

1900 3074 2036 3128 illud
2110 3074 2355 3144 impingit
2425 3073 2536 3127 suis
2589 3072 2827 3141 pedibus.
2890 3071 3066 3127 Homo
3135 3074 3229 3143 qui
3288 3073 3480 3128 dolose

1822 3160 1864 3218 C
1901 3165 2195 3222 insidiatur
2222 3165 2401 3219 amico
2433 3179 2535 3219 suo
2556 3205 2569 3229 ,
2616 3165 2666 3219 ei
2696 3173 2911 3220 secreto
2964 3178 3169 3235 corpus
3199 3166 3479 3233 vulnerat,

1898 3256 2096 3312 animai
2114 3257 2423 3328 speculum,
2443 3268 2499 3312 et
2519 3256 2754 3312 indicem
2775 3256 2899 3326 ;sed
2918 3258 3096 3329 reipsa
3114 3257 3255 3315 idem
3282 3258 3483 3313 vulnus

1901 3348 2005 3403 sibi
2036 3348 2091 3403 in
2122 3348 2311 3404 animo
2353 3349 2508 3420 prius
2554 3348 2773 3421 inﬂigit,
2806 3348 2976 3419 cujus
3011 3350 3442 3422 cogitationibus
3463 3390 3480 3413 ,

1902 3441 2061 3511 quasi
2142 3440 2441 3512 pedibus,
2494 3443 2673 3513 pergit
2739 3442 2805 3497 ad
2875 3441 3163 3512 spirituale
3232 3443 3480 3498 exitium.

1906 3532 2063 3602 Quod
2089 3535 2293 3605 petitus
2321 3536 2392 3589 ab
2420 3550 2487 3590 eo
2518 3535 2883 3605 percutiatur,
2919 3535 3184 3591 incertum
3218 3545 3321 3600 est,
3354 3537 3481 3607 quia

1905 3627 1999 3683 Dei
2042 3626 2257 3698 judicio
2310 3638 2662 3693 reservatur;
2717 3628 2864 3699 quod
2910 3629 3028 3700 ipse
3086 3629 3195 3685 sibi
3247 3630 3482 3683 maxima

1905 3720 2047 3775 mala
2083 3719 2284 3775 inierat
2338 3730 2422 3776 est
2454 3720 2712 3788 evidens,
2741 3736 2769 3775 a
2801 3720 2911 3776 Deo
2943 3723 3035 3793 qui
3097 3721 3211 3792 ipsa
3248 3722 3487 3776 cbaritas

1903 3821 1985 3866 est
2007 3851 2021 3874 ,
2057 3827 2117 3866 se
2143 3820 2323 3867 mente
2362 3813 2658 3882 clongavit,
2690 3823 2743 3866 et
2785 3812 3073 3869 homicidae
3105 3814 3323 3869 diabolo
3354 3814 3487 3869 sub-

1899 3902 2078 3970 jectus
2111 3913 2214 3958 est.

212 4027 451 4098 μέγιστα
492 4023 1000 4089 καταϐλάπτεσθαι,
1038 4023 1307 4094 πρόδηλον
1332 4039 1346 4053 ·
1392 4018 1480 4076 οἵα
1528 4021 1663 4076 Θεοῦ
1707 4024 1806 4092 τῆς
1855 4021 2207 4091 αύτοαγάπης
2243 4022 2381 4074 κατὰ
2411 4020 2649 4074 διάθεσιν
2674 4020 3063 4091 ἀφιστάμενον,
3098 4022 3190 4073 καὶ
3258 4021 3336 4092 τῷ
3398 4022 3491 4073 άν-

209 4122 583 4197 θρωποκτὸνῳ
614 4121 830 4191 Σατανᾷ
854 4118 1302 4191 προστιθέμενον.

285 4227 361 4288 ς’.
388 4216 815 4290 ’Δμαρτάνοντι
853 4214 1048 4284 ἀνδρί,
1071 4214 1306 4285 μεγάλη
1337 4215 1548 4285 παγίς-ο
1576 4212 1808 4280 δίκαιος

209 4312 284 4367 δὲ
332 4312 405 4365 ἐν
440 4307 617 4379 χαρᾷ,
669 4306 770 4362 καὶ
819 4307 890 4361 ἐν
934 4307 1283 4376 εὐφροσύνῃ
1322 4306 1512 4360 ἔσται.
1566 4305 1657 4376 Τῷ
1708 4305 1808 4376 μὲν

211 4404 467 4459 πταίοντι
493 4401 636 4455 κατά
664 4401 725 4454 τὸ
765 4398 1133 4469 παραϐαίνειν
1162 4399 1261 4462 τὰς
1292 4399 1444 4463 θείας
1468 4397 1685 4462 ὲντολάς
1716 4399 1810 4451 ἀν-

1964 4210 2130 4265 Vens.
2149 4209 2201 4263 6.
2220 4207 2469 4262 Peccunti
2484 4208 2617 4274 uiro,
2635 4224 2858 4279 magnus
2876 4208 3114 4280 laqueus,
3118 4210 3299 4279 justus
3316 4220 3487 4265 autem

1916 4306 1970 4359 in
1992 4303 2187 4374 gaudio
2217 4312 2265 4358 et
2299 4302 2489 4357 lcetitia
2517 4303 2639 4356 erit.
2666 4301 2999 4358 Cadentibus
3024 4314 3079 4357 et
3102 4303 3356 4356 mandata
3395 4302 3488 4357 Dei

1925 4397 2379 4469 prietercnntibus
2412 4410 2610 4465 magna
2642 4394 2930 4450 calamitas
2966 4394 3216 4448 imminet
3250 4395 3304 4448 in
3338 4394 3490 4448 futu-

212 4495 442 4569 θρὼπῳ,
493 4493 708 4566 μεγάλη
746 4491 991 4564 τιμωρία
1039 4491 1190 4545 ἔσται
1257 4492 1400 4545 κατὰ
1431 4492 1495 4545 τὸ
1526 4491 1739 4563 μέλλον,
1772 4491 1797 4559 ἡ

1914 4508 2071 4548 rum:
2105 4490 2274 4545 Deum
2323 4504 2637 4559 supremum
2693 4488 2893 4542 bonum
2947 4488 3229 4555 amittere;
3281 4489 3347 4543 iis
3394 4504 3492 4542 au-

214 4590 326 4646 ἀπὸ
351 4587 511 4653 Θεοῦ,
559 4586 654 4641 τοῦ
712 4585 948 4657 ἐσχάτου
1000 4583 1255 4655 ὁρεκτοῦ,
1298 4584 1606 4649 ἔκπτωσις
1657 4583 1736 4654 τῷ
1768 4582 1814 4636 δ’

213 4680 521 4752 ἀμέμπτως
575 4678 717 4734 κατά
753 4680 853 4741 τὰς
903 4675 1071 4731 αὐτοῦ
1111 4674 1331 4739 ἐντολὰς
1386 4675 1811 4747 πολιτευομένῳ,

216 4772 538 4844 ἀγαλλίασις
589 4770 685 4824 καὶ
730 4768 1059 4831 ἀπόλαυσις,
1093 4767 1127 4837 ή
1173 4765 1453 4836 ὲπιτυχία,
1496 4765 1811 4837 τοσοῦτονή

215 4864 493 4935 ἀποτυχία
521 4863 709 4915 λυπεῖ.

289 4954 356 5020 ξ’.
402 4954 756 5009 Ἐπίσταται
788 4951 1022 5019 δίκαιος
1045 4949 1276 5019 κρίνειν
1300 4948 1604 5020 πενιχρῶς
1633 4963 1647 4978 ’
1676 4952 1709 5002 ό
1745 4948 1813 5002 δὲ

217 5045 448 5115 ἀσεϐὴς
485 5048 558 5100 οὺ
596 5044 722 5099 νοεῖ
763 5043 993 5114 γνῶσιν
1019 5060 1033 5072 -
1092 5042 1194 5097 καί
1224 5041 1438 5110 πτωχῷ
1482 5043 1596 5111 οὐχ
1628 5040 1813 5109 ὑπάρ-

218 5158 311 5209 χει
338 5139 486 5206 νοῦς
522 5135 893 5209 ἐπιγνώμων.
929 5134 1087 5191 Οἶδεν
1115 5136 1431 5199 ἀπταίστως
1481 5138 1511 5189 ὁ
1539 5135 1632 5189 τὸν
1679 5134 1812 5187 Θεὸν

218 5232 404 5305 ἔργοις
468 5229 819 5301 δικαιοσύνης
888 5228 1109 5301 τιμῶν,
1191 5226 1638 5281 ἀποδιαστέλλειν
1702 5225 1812 5279 τῶν

219 5321 546 5396 κρειττόνων
589 5321 660 5374 τὰ
706 5319 956 5392 χείρονα,
1000 5314 1089 5372 οἷα
1140 5316 1518 5387 διαγινώσκων
1562 5316 1671 5370 ἀπὸ
1712 5315 1813 5386 τῆς

206 5416 418 5489 πείρας
448 5411 542 5469 τοῦ
572 5411 783 5483 ἀγαθοῦ
816 5412 878 5465 τὸ
914 5411 1107 5467 τούτου
1138 5411 1384 5466 ἐναντίον
1430 5410 1600 5464 κακόν
1622 5429 1635 5441 ·
1682 5411 1711 5462 ὁ
1756 5410 1813 5464 δὲ

222 5512 300 5583 μὴ
329 5509 475 5563 οὕτω
502 5506 691 5562 τοῦτον
716 5504 915 5578 τιμῶν,
961 5506 1030 5560 τὰ
1077 5505 1187 5560 ἀπὸ
1231 5503 1426 5559 τούτου
1468 5503 1814 5575 μακρύνοντα

218 5600 559 5671 διανοήματα
587 5598 682 5652 τοῦ
710 5598 1025 5669 ἀρχεκάκου
1060 5595 1259 5668 ἐχθροῦ
1304 5597 1514 5665 ἀγνοεῖ,
1544 5595 1640 5648 καὶ
1699 5592 1814 5646 τού-

221 5709 335 5756 τοις
356 5691 640 5745 ἁλίσκεται
670 5690 807 5760 πρὸς
849 5687 1129 5743 ἀπώλειαν
1154 5702 1168 5717 '
1199 5687 1295 5741 καὶ
1323 5685 1404 5758 τῷ
1438 5683 1689 5739 ἐντεῦθεν
1712 5700 1813 5736 κα-

218 5783 292 5837 τὰ
322 5780 521 5852 γνῶσιν
562 5779 919 5850 πτωχεύοντι,
950 5779 1051 5832 οὐκ
1098 5776 1213 5831 ἐστι
1264 5776 1389 5841 νοῦς
1437 5774 1816 5846 ἐπιγινώσκων

558 5876 835 5937 Parnm.
876 5874 995 5936 Gn.
1046 5873 1428 5937 LXXXVII.

1916 4593 2024 4640 tem
2063 4584 2156 4654 qui
2185 4592 2314 4636 sunt
2350 4580 2865 4652 irreprebensibilcs
2892 4578 3045 4649 juxta
3078 4581 3332 4634 mandata
3366 4590 3490 4634 tan-

1914 4689 2024 4734 tam
2040 4676 2462 4734 exsultationem
2493 4684 2548 4729 et
2571 4673 2884 4729 fruitionem
2921 4674 3114 4728 tribuit
3138 4672 3263 4727 felix
3288 4675 3488 4737 exitus,

1911 4779 2172 4842 quantam
2204 4767 2485 4823 tristitiam
2529 4766 2715 4821 infelix
2745 4776 2990 4821 eventus.

1988 4950 2152 5007 Vens.
2190 4950 2243 5003 7.
2289 4947 2449 5003 Novit
2474 4950 2656 5018 justus
2699 4948 2947 5017 judicare
2984 4948 3341 5017 pauperibus;
3392 4949 3493 4999 im-

1914 5045 2031 5113 pius
2059 5054 2237 5097 autem
2268 5058 2371 5095 non
2399 5041 2596 5111 cogitat
2630 5040 2929 5104 scientiam,
2962 5049 3011 5101 et
3046 5040 3188 5104 inopi
3209 5056 3311 5093 non
3357 5041 3491 5093 inest

1916 5152 2061 5190 mens
2110 5148 2445 5205 cognoscens.
2481 5132 2644 5186 Novit
2677 5133 2768 5202 qui
2806 5130 2976 5186 Deum
3018 5133 3279 5202 operibus
3321 5132 3493 5202 justis

1918 5224 2172 5286 honorat,
2220 5231 2337 5277 tute
2368 5222 2685 5277 discernere
2716 5221 2903 5292 pejora
2935 5236 2963 5274 a
3003 5223 3321 5280 melioribus
3345 5264 3361 5290 ,
3395 5224 3490 5295 qui

1915 5331 1980 5372 ex
2044 5315 2382 5384 experientia
2423 5313 2554 5368 boni
2620 5312 2813 5367 didicit
2878 5315 3221 5369 contrarium
3274 5317 3489 5371 malum

1915 5422 2235 5479 agnoscere.
2300 5405 2403 5473 Qui
2478 5421 2608 5461 vero
2686 5403 2856 5460 Deum
2912 5422 3023 5461 non
3081 5407 3161 5462 sic
3215 5406 3489 5469 honorat,

1918 5501 2152 5572 ignorat,
2187 5499 2417 5555 consilia
2470 5498 2695 5567 pessimi
2744 5499 2952 5556 inimici
3001 5513 3031 5552 a
3083 5498 3196 5555 Deo
3230 5515 3331 5555 nos
3358 5501 3492 5555 alie-

1917 5591 2120 5657 nantis,
2174 5590 2349 5660 iisque
2398 5589 2673 5660 periturus
2700 5590 3095 5661 capiturzliuic
3128 5590 3336 5644 homini
3373 5606 3494 5645 mo-

1916 5683 2053 5737 dicae
2088 5682 2333 5737 scientiae
2368 5680 2703 5752 relinquitur
2733 5681 3040 5747 intellectus
3064 5697 3172 5737 non
3199 5682 3265 5737 ad
3293 5697 3496 5753 cogno-

1920 5775 2183 5831 scendum
2216 5772 2382 5829 Deum
2421 5773 2646 5841 bonum,
2697 5773 2792 5829 sed
2851 5773 2918 5828 ad
2949 5774 3396 5830 calumniandum
3427 5777 3495 5830 de

3098 5867 3171 5928 43
