4054 6502
503 322 638 388 1515

1854 323 2210 386 PROCOPII
2249 325 2493 387 GAZZE'I

3647 334 3780 399 1516

499 433 864 501 crudelitate,
903 434 974 491 ob
1024 434 1298 493 difﬁcilem
1359 436 1742 494 mandatorum
1792 438 2079 493 observana

2194 439 2285 491 τὸν
2316 439 2523 512 Κύριον
2542 438 2748 508 ἀγαθόν
2769 456 2783 472 ⁶
2824 440 2962 497 ἀλλά
2992 442 3293 498 διαϐάλλων
3318 445 3484 501 αὑτὸν
3504 447 3587 511 ῶς
3617 450 3783 522 σκληο

499 526 655 581 tiam.

573 706 737 766 Vens.
775 709 829 764 8.
899 705 1013 761 Viri
1059 706 1229 778 iniqui
1272 714 1590 762 exusserant
1637 706 1945 770 civitatem,
1997 721 2087 759 sa-

498 803 695 871 pientes
745 810 923 856 autem
969 809 1271 855 averterunt
1317 801 1475 855 iram.
1528 797 1855 864 Sermones,
1888 804 2083 854 contra

500 893 685 949 divina
715 900 985 963 praecepta
1017 893 1221 948 acriter
1253 889 1576 948 circumfusi
1603 892 1659 946 in
1689 897 1893 958 mente,
1925 889 2083 960 quasi

504 986 560 1039 in
594 984 766 1049 urbe,
799 983 1116 1040 [nominibus
1142 982 1311 1038 irasci
1361 998 1481 1038 eam
1521 991 1759 1054 cogunt;
1793 996 1935 1053 quos
1979 980 2082 1036 bo-

502 1078 683 1134 mines
732 1076 824 1131 alii
865 1090 1154 1132 sermones
1196 1074 1293 1131 Dei
1340 1074 1545 1131 timore
1588 1073 1793 1131 ibidem
1842 1072 1979 1129 m0ti
2016 1073 2083 1128 ad

503 1168 962 1240 tranquillitatem
1014 1167 1322 1233 reducunt,
1356 1166 1571 1223 leniunt
1613 1166 1852 1221 animam
1875 1204 1890 1231 ,
1928 1176 2082 1219 eam-

431 1252 441 1262 ’
500 1277 609 1333 que
641 1262 1030 1315 tumultuatem
1062 1267 1446 1330 compescunt.

571 1352 719 1408 Vnus
768 1353 824 1409 9.
872 1352 965 1405 Vir
992 1353 1204 1420 sapiens
1238 1350 1503 1419 iudicabit
1539 1358 1756 1422 gentes;
1787 1348 1869 1404 vir
1902 1355 2079 1402 autem

499 1461 782 1500 succensus
836 1444 1133 1510 deridetur,
1182 1453 1232 1498 et
1287 1460 1393 1498 non
1444 1452 1624 1497 terret.
1669 1440 1846 1495 Homo
1876 1440 2079 1495 ductus

500 1540 702 1593 timore
732 1537 976 1603 Domini,
1026 1537 1121 1608 qui
1146 1546 1228 1592 est
1259 1537 1478 1591 initium
1514 1534 1823 1605 sapientiae,
1853 1542 1908 1588 et
1940 1533 2079 1589 bene

498 1646 700 1704 agens,
738 1632 878 1687 duas
906 1631 1200 1686 distinctas
1225 1629 1518 1701 passiones
1554 1631 1894 1692 moderatur,
1919 1625 2077 1697 cupi-

502 1724 728 1779 ditatem
766 1732 821 1779 et
872 1723 1051 1791 iram;
1097 1724 1296 1793 quibus
1341 1721 1647 1779 secundum
1685 1720 1953 1776 rationem
1982 1719 2085 1774 do—

502 1830 693 1871 cemur
762 1831 1022 1888 superare
1074 1816 1336 1887 impetum
1398 1815 1781 1884 voluptatum,
1837 1820 1891 1867 et
1942 1810 2082 1865 iram

498 1905 787 1962 tolerando
838 1921 1140 1962 mrumnes.
1196 1906 1495 1977 Operarius
1541 1914 1722 1960 autem
1777 1902 2085 1973 iniquitatis

499 1999 554 2053 in
594 2014 794 2055 vanum
865 2000 1039 2057 iratus
1087 1998 1240 2054 fratri
1304 2013 1405 2055 suo
1444 1997 1712 2053 illuditur-
1770 2010 1801 2050 a
1859 1994 2082 2059 Satana,

497 2106 606 2145 non
642 2099 864 2148 veretur
922 2093 1106 2148 dicere
1151 2091 1356 2164 quibus
1411 2090 1727 2147 Saucientur
1774 2088 2001 2152 animae,
2030 2097 2086 2144 et

497 2183 685 2239 odium
717 2183 823 2240 sibi
852 2191 1203 2255 congeratur.

570 2360 736 2417 Vens.
773 2361 861 2415 lO.
902 2359 1027 2415 'Viri
1055 2362 1377 2432 sanguinum
1410 2358 1696 2429 participes
1731 2357 1853 2414 odio
1885 2356 2080 2411 habent

498 2453 923 2520 sanctumyrecti
961 2462 1137 2508 autem
1162 2453 1445 2524 exquirunt
1501 2452 1734 2505 animam
1795 2450 1931 2520 ejus.
1973 2449 2078 2516 Qui

497 2544 763 2599 h'atribus
787 2544 926 2607 suis,
960 2543 1464 2613 quasiwiniquitatis
1496 2542 1791 2613 operarius,
1852 2542 2078 2607 instant,

496 2650 703 2706 eosque
731 2635 1028 2691 crudeliter
1052 2642 1310 2705 quarunt
1340 2632 1675 2697 interficere,
1736 2634 1917 2689 virum
1964 2648 2081 2689 sua:

497 2728 671 2798 ipsius
698 2726 826 2782 vitae
858 2741 967 2782 non
998 2720 1321 2797 parcentem
1357 2725 1423 2781 ad
1443 2726 1794 2791 salvandum,
1817 2740 1927 2780 non
1961 2740 2080 2781 sus-

498 2818 778 2883 tinebunt,
809 2821 939 2888 quia
985 2818 1099 2873 illis
1131 2816 1510 2873 contradicit:
1567 2815 1833 2873 Homines
1890 2823 2078 2872 autem

496 2910 553 2962 in
589 2925 649 2964 se
677 2908 816 2964 bene
843 2909 1093 2979 dispositi
1135 2909 1283 2965 illius
1323 2909 1566 2963 animum
1601 2909 1751 2965 intus
1782 2909 2080 2965 abscondi-

496 3013 612 3056 tum
652 3001 1063 3074 deprehendere
1102 3001 1403 3058 studebant
1428 3016 1591 3072 quem
1631 3000 1947 3057 imitentur.

569 3197 735 3253 Vens.
778 3198 867 3252 ll.
930 3197 1121 3254 Totam
1166 3199 1302 3253 iram
1361 3215 1515 3254 suam
1548 3200 1752 3271 profert
1801 3201 2077 3272 insipiens,

497 3292 709 3361 sapiens
745 3300 922 3345 autem
949 3292 1222 3361 dispensat
1261 3308 1354 3361 per
1390 3302 1618 3361 partem.
1667 3294 1807 3355 Cum
1868 3303 2077 3365 partem

500 3386 936 3441 irrationabilem
974 3386 1175 3439 animae
1224 3386 1529 3441 secundum
1564 3387 1831 3442 rationem
1874 3378 2080 3458 aliquis

498 3496 609 3535 non
644 3480 803 3550 regit,
833 3488 906 3545 et,
946 3478 1327 3550 qualicunque
1375 3479 1527 3535 illata
1572 3480 1773 3551 injuria
1823 3481 1877 3535 in
1912 3482 2077 3536 verba

496 3579 552 3628 et
582 3586 747 3642 opera
783 3570 1054 3626 iracunda
1089 3571 1422 3642 prorumpit,
1461 3572 1564 3627 iste
1596 3572 1840 3628 ostendit
1870 3581 2079 3643 quanla

498 3667 570 3721 sit
598 3665 798 3737 cupido
829 3665 1129 3738 alﬂigeutes
1157 3681 1217 3721 se
1241 3665 1536 3737 allligendi.
1574 3664 1680 3720 Sed
1732 3681 1859 3721 cum
1918 3666 2079 3721 intel-

498 3759 750 3815 lectualis
816 3757 1021 3815 mentis
1093 3758 1295 3813 oculus
1361 3757 1538 3828 gratia
1595 3756 1773 3812 sancti
1837 3755 2080 3826 Spiritus

499 3850 867 3915 illuminatur,
904 3857 958 3905 et
991 3848 1140 3921 quod
1173 3849 1555 3904 necessarium
1590 3856 1676 3904 est
1717 3847 1906 3914 videt,
1949 3854 2080 3902 tunc

497 3944 633 3997 iram
661 3944 822 3998 horno
838 3942 1052 3998 ratione
1070 3941 1411 4013 comprimit,
1433 3942 1583 3995 illam
1607 3941 1842 4013 singulis
1860 3939 2081 4012 injuriis

496 4034 901 4101 accommodat,
938 4034 1082 4090 lania
1134 4034 1221 4091 bis
1252 4034 1509 4089 omnibus
1532 4032 1729 4089 fortior
1757 4044 1861 4089 est.

470 4288 473 4291 _
564 4205 736 4263 Vens.
766 4192 1355 4279 liJiege-exaudienté
1384 4209 1595 4265 verbum
1623 4211 1919 4282 injustam,
1968 4228 2083 4269 om-

494 4316 583 4354 nes
613 4300 704 4371 qui
738 4299 832 4354 sub
867 4316 928 4355 eo
979 4300 1166 4372 iniqui.
1200 4299 1667 4368 Quemadmodum
1726 4319 1793 4363 ex
1847 4304 2083 4360 homini-

2196 529 2311 600 ρὸν,
2357 531 2447 587 διὰ
2473 532 2535 587 τὸ
2564 532 2831 589 ἐπίπονον
2860 535 2960 604 τῆς
2996 535 3263 606 ἐργασίας
3293 537 3402 592 τῶν
3429 539 3601 594 αὐτοῦ
3637 542 3783 596 ἐντο-

2187 619 2317 676 λῶν.

2258 710 2326 783 η’.
2363 713 2616 784 Ἀνδρες
2668 715 2882 787 ἄνομοι
2941 716 3285 783 ἐξέκαυσαν
3332 720 3558 775 πόλιν
3602 726 3779 793 σοφοί

2187 804 2257 860 δὲ
2303 807 2703 878 ἀπέστρεψαν
2732 810 2941 881 ὀργήν.
3010 813 3073 865 Oi
3120 812 3273 884 παρά
3319 813 3419 884 τὴν
3446 814 3603 868 θείαν
3634 819 3777 871 ἐντοο

2186 897 2304 968 λὴν,
2329 898 2405 963 ὼς
2429 899 2487 952 ἐν
2506 916 2616 954 τινι
2646 901 2802 955 πόλει
2835 904 2902 973 τῇ
2948 901 3094 975 ψυχῇ
3145 903 3395 975 θρασέως
3423 907 3783 978 στρεφόμενοι

2185 991 2457 1063 λογισμοὶ,
2510 994 2638 1049 κατ’
2686 995 2995 1068 ἀνθρώπων
3050 996 3258 1069 ταύτην
3296 999 3572 1071 ἐξέμηναν
3598 1016 3612 1029 ·
3658 1004 3781 1055 τού-

2182 1101 2310 1148 τους
2353 1084 2411 1138 δὲ
2434 1086 2485 1139 οἱ
2514 1085 2650 1158 θείῳ
2686 1087 2837 1159 φόϐῳ
2875 1090 2934 1142 ἐν
2957 1088 3095 1160 αὐτῇ
3126 1089 3462 1160 κινούμενοι,
3506 1093 3590 1156 είς
3616 1094 3784 1164 γαλή-

2183 1194 2283 1247 νην
2313 1179 2714 1251 μετέστρεψαν,
2759 1182 3283 1253 είρηνοποιήσαντες
3311 1184 3506 1255 αὐτὴν,
3557 1185 3657 1239 καὶ⁵
3694 1187 3783 1241 τὸν

2182 1265 2424 1339 τάραχον
2445 1268 2541 1321 τοῦ
2581 1268 2756 1341 θυμοῦ
2784 1256 3248 1338 κατασϐέσαντες.

2252 1358 2317 1415 θ’.
2355 1360 2528 1431 Ἀνὴρ
2561 1364 2776 1433 σοφὸς,
2809 1364 3001 1434 κρίνει
3040 1365 3187 1435 ἔθνη
3218 1384 3232 1398 ·
3263 1368 3423 1438 ἀνὴρ
3448 1367 3519 1423 δὲ
3540 1369 3779 1439 φαῦλος

2181 1452 2585 1523 ὀργιζόμενος,
2617 1455 3038 1528 καταγελᾶται,
3066 1460 3168 1513 καὶ
3210 1463 3284 1516 οὐ
3334 1463 3775 1530 καταπτήσσει.

2194 1542 2254 1597 '0
2280 1544 2413 1617 θείῳ
2444 1547 2621 1619 φόϐῳ,
2649 1547 2710 1612 δς
2735 1549 2880 1621 ἀρχὴ
2911 1551 3109 1619 σοφίας
3149 1553 3292 1619 ἐστὶ,
3339 1554 3402 1607 τὸ
3434 1555 3646 1624 ἀγαθὸν
3685 1560 3780 1628 ἐρ-

2184 1637 2506 1710 γαζόμενος,
2556 1640 2780 1705 κολάζει
2826 1644 2895 1697 τά
2929 1643 3204 1715 ἀλλόφυλα
3234 1645 3409 1718 πάθη,
3459 1648 3562 1719 τὴν
3593 1650 3779 1703 ἐπιθυ-

2189 1729 2320 1801 μίαν
2347 1732 2442 1785 καὶ
2471 1732 2563 1786 τὸν
2597 1732 2771 1805 θυμόν
2793 1749 2807 1763 ⁸
2839 1735 2985 1789 κατά
3033 1735 3193 1806 λόγον
3239 1737 3521 1803 πείθοντα,
3552 1739 3655 1811 τὴν
3681 1740 3777 1811 μὲν

2186 1820 2505 1894 ἐπιθυμίαν,
2547 1824 2659 1879 τῶν
2687 1825 2894 1896 ἡδονῶν
2929 1827 3371 1899 ἐγκρατεύεσθαι
3394 1844 3413 1861 ·
3452 1831 3544 1884 τὸν
3571 1831 3629 1885 δὲ
3681 1833 3777 1886 θυ-

2187 1911 2311 1983 μὸν,
2340 1914 2407 1968 τὰ
2433 1914 2672 1987 ὀδυνηρά
2697 1917 2993 1988 ὑπομένειν
3018 1934 3033 1950 ο
3084 1921 3114 1973 ό
3142 1920 3201 1974 δὲ
3233 1920 3336 1991 τῆς
3366 1923 3572 1985 κακίας
3613 1925 3777 1995 ἐργά-

2184 2021 2305 2073 της,
2359 2006 2484 2077 εἰκῆ
2543 2008 2666 2061 κατ’
2719 2009 2955 2081 ἀδελφοῦ
3004 2009 3386 2083 ὀργιζόμενος,
3444 2014 3778 2085 ἐμπαίζεται

2185 2097 2292 2151 ὑπὸ
2332 2098 2426 2152 τοῦ
2456 2098 2713 2155 Σατανᾶ⁸
2758 2102 2855 2155 καὶ
2908 2103 3010 2174 οὐχ
3059 2104 3453 2159 ὑποστέλλεται
3504 2106 3683 2178 λέγων
3711 2110 3780 2165 τά

2183 2189 2491 2261 πλήττοντα
2514 2190 2715 2262 ψυχὰς,
2745 2194 2841 2249 καὶ
2866 2193 2947 2259 είς
2974 2196 3133 2266 μῖσος
3160 2194 3358 2250 ἐαυτοῦ
3383 2192 3558 2263 αύτάς
3582 2199 3779 2270 διεγεί-

2184 2297 2374 2351 ροντα.

2251 2379 2305 2427 ι’.
2333 2373 2576 2443 Ἄνδρες
2593 2374 2861 2446 αίμιὶτων
2878 2376 3146 2449 μέτοχοι,
3163 2379 3556 2450 μισήσουσιν
3578 2382 3775 2439 ὄσιον⁴

2179 2467 2236 2521 oi
2267 2465 2337 2520 δέ
2394 2468 2590 2535 εὐθεῖς
2634 2467 3043 2539 ἐκζητήσουσι
3090 2472 3307 2543 ψυχὴν
3348 2475 3562 2531 αὑτοῦ.
3596 2478 3660 2530 Οί
3702 2476 3778 2541 ὡς

2178 2560 2288 2623 τοῖς
2335 2558 2568 2630 ἀνομίας
2614 2560 2901 2632 ἐργάταις,
2934 2566 3048 2628 τοῖς
3096 2564 3347 2635 ἀδελφοῖς
3396 2567 3774 2639 ἐπιτιθέμενοι

2181 2649 2275 2704 καὶ
2322 2650 2573 2724 φθείρειν
2622 2653 2847 2717 τούτους
2895 2655 3287 2729 ἀπανθρώπως
3338 2660 3773 2731 ἐπιχειροῦντες,

2176 2741 2270 2797 τὸν
2296 2743 2436 2814 ὑπὲρ
2467 2747 2568 2817 τῆς
2624 2747 2902 2818 σωτηρίας
2932 2748 3057 2820 μηδ’
3106 2750 3276 2821 αὐτῆς
3325 2752 3647 2824 φειδόμενον
3678 2754 3775 2824 τῆς

2177 2834 2347 2909 ζωῆς,
2387 2838 2931 2912 ἀποστραφήσονται,
2961 2842 3156 2915 ἐπειδὴ
3181 2846 3537 2916 ἀντιπράττει
3568 2848 3771 2911 αὐτοῖς·

2177 2928 2227 2981 οἱ
2253 2929 2299 2983 δ’
2330 2925 2390 2983 εὖ
2427 2930 2705 3003 τιθέμενοι
2730 2934 2798 2987 τά
2845 2934 3079 3000 ἑαυτῶν,
3117 2936 3449 2991 καταλαϐεῖν
3478 2939 3773 2995 σπεύσουσι

2099 3032 2150 3092 το
2186 3022 2524 3093 μιμητικῶς,
2574 3023 2674 3095 τὴν
2722 3026 2865 3081 κατά
2907 3027 3087 3100 ψυχὴν
3136 3032 3533 3103 κεκρυμμένην
3582 3033 3772 3088 τούτου

2180 3115 2444 3173 διάθεσιν.

2252 3215 2341 3262 ια’.
2381 3212 2569 3265 "Ocior
2610 3211 2718 3265 τὸν
2762 3214 2955 3282 θυμὸν
3002 3214 3193 3270 αὐτοῦ
3237 3215 3475 3286 ἐκφέρει
3520 3218 3769 3288 ἄφρων·

2180 3302 2376 3371 σοφὸς
2417 3302 2488 3356 δὲ
2516 3304 2850 3372 ταμιεύεται
2890 3306 3042 3360 κατὰ
3069 3307 3279 3377 μέρος.
3321 3310 3379 3363 '0
3408 3310 3484 3383 μὴ
3516 3312 3661 3365 κατά
3682 3311 3771 3365 λό-

2180 3407 2279 3459 γον
2313 3390 2375 3445 τδ
2406 3391 2509 3461 τῆς
2544 3393 2725 3464 ψυχῆς
2758 3393 2952 3463 ἄλογον
2996 3397 3164 3467 μέρος
3210 3397 3667 3465 καθυποτάσσων,
3690 3401 3773 3472 μὴ

2182 3481 2366 3554 φέρων
2416 3484 2600 3537 ὁποῖον
2629 3483 2696 3538 ἂν
2740 3486 2825 3556 εἴη
2876 3487 2937 3540 τὸ
2977 3487 3131 3558 παρά
3175 3506 3328 3554 τινος
3375 3493 3773 3564 ἐπισυγμϐαἰνον

2181 3574 2330 3646 αὐτῷ
2361 3575 2634 3647 θλιϐερῦν,
2653 3577 2894 3648 ὀργίλοις
2913 3579 3122 3650 ῥήμασί
3146 3599 3206 3634 τε
3234 3584 3340 3636 καὶ
3357 3582 3544 3654 ἔργοις
3563 3586 3772 3650 αὐτοῖς,

2183 3671 2413 3739 φανεροῖ
2437 3669 2571 3739 ὅσην
2598 3668 2714 3740 ἔχει
2741 3669 2839 3743 τὴν
2866 3670 3055 3744 ὄρεξιν
3076 3676 3176 3746 τῆς
3196 3674 3337 3729 κατὰ
3368 3674 3467 3731 τοῦ
3494 3677 3772 3749 λυπῆσαν-

2180 3774 2273 3821 τος
2298 3758 2489 3813 τοῦτον
2515 3761 2933 3834 ἀντιλυπήσεως
2953 3783 2969 3795 υ
3001 3766 3029 3819 ὁ
3066 3764 3126 3819 δὲ
3159 3766 3220 3820 τὸ
3246 3768 3431 3839 νοερὸν
3455 3770 3556 3840 τῆς
3594 3772 3773 3843 ψυχῆς

2179 3847 2335 3921 ὄμμα
2361 3854 2427 3921 τῇ
2454 3853 2753 3923 χάριτιτοῦ
2771 3856 3042 3925 παναγίου
3073 3858 3392 3930 Πνεύματος
3415 3866 3771 3935 πεφωτισμέ-

2181 3958 2291 4007 νος,
2330 3944 2425 3997 καὶ
2455 3944 2516 3999 τὸ
2547 3944 2669 4000 δέον
2708 3947 2874 4021 ὀρῶν,
2922 3949 3066 4021 λόγῳ
3102 3952 3195 4006 τὸν
3227 3953 3398 4025 θυμὸν
3420 3956 3766 4026 ὑποτάσσων,

2183 4035 2473 4089 συστέλλει
2500 4036 2694 4092 τοῦτον
2739 4040 2862 4093 καθ’
2884 4041 3128 4096 ’ἕκαστον
3180 4045 3292 4099 τῶν
3346 4046 3641 4121 θλιϐερῶν,
3678 4046 3767 4105 οἷς.

2180 4126 2319 4180 πᾶσι
2345 4126 2559 4192 τούτοις
2587 4130 2853 4198 γενναίως
2880 4134 3254 4213 ἐγκαρτερῶν.

2258 4217 2346 4289 ιβ’.
2377 4219 2684 4288 Βασιλέως
2702 4221 3114 4294 ἐπακούοντος
3142 4229 3333 4299 λόγον
3343 4229 3586 4298 ἄδικον,
3617 4235 3771 4287 πάν-

2182 4326 2283 4378 τες
2324 4314 2379 4366 οι
2426 4312 2531 4369 ὑπ’
2559 4315 2749 4370 αὑτὸν
2782 4315 3137 4388 παράνομοι.
3169 4320 3380 4394 Ὠσπερ
3424 4324 3574 4388 τινὸς
3615 4326 3799 4397 βασι-ν

495 4393 622 4460 bus,
654 4408 778 4464 rege
818 4393 1051 4449 consilia
1069 4392 1204 4450 viris
1228 4393 1417 4465 probis
1445 4394 1708 4466 opposita
1726 4394 2072 4463 admittente,

2185 4400 2428 4470 λεύοντος
2473 4406 2816 4479 ἀνθρώπων,
2862 4381 3309 4485 παραδεχομένου
3351 4381 3639 4492 ύποθήκην
3685 4420 3766 4492 τῷ

493 4502 687 4542 omnes
723 4485 1010 4542 inferiores
1045 4484 1193 4542 docti
1227 4486 1296 4541 ab
1325 4502 1391 4543 eo
1424 4487 1721 4559 illegitima
1746 4497 2073 4560 operantur;

492 4582 574 4635 sic
614 4580 703 4634 ubi
734 4580 923 4650 regina
961 4582 1210 4636 omnium
1249 4581 1447 4636 animre
1490 4580 1858 4651 potentiarum
1913 4584 2077 4639 intel-

494 4672 719 4743 ligentia
750 4672 899 4728 cedit
930 4673 1325 4728 tentationibus
1358 4673 1565 4727 diaboli
1588 4680 1783 4729 contra
1818 4676 2076 4731 mandata

494 4763 615 4830 Dei,
639 4780 830 4822 omnes
871 4773 1173 4836 potestates
1201 4764 1479 4836 praedictae
1510 4766 1776 4836 pradiota
1811 4766 2069 4824 mandata

496 4856 997 4929 transgrediuntur,
1032 4866 1088 4915 et
1112 4858 1257 4914 male
1289 4871 1609 4930 operantur.

564 5038 730 5095 Vens.
760 5038 845 5095 i3.
889 5036 1211 5093 Feneratore
1246 5047 1292 5093 et
1322 5038 1553 5094 debitore
1580 5041 1800 5095 invicem
1849 5057 2075 5096 concur-

496 5131 732 5187 rentibus
762 5132 1122 5186 visitationem
1153 5134 1429 5202 utriusque
1468 5133 1595 5202 facit
1621 5133 1911 5206 Dominus.
1938 5137 2075 5193 Ani-

2178 4495 2373 4568 δικαίῳ
2421 4498 2721 4565 ἀντίθετον,
2765 4502 2818 4556 oi
2850 4501 2942 4556 ὑπ’
2971 4504 3137 4559 αὑτὸν
3175 4507 3325 4579 αὐτῷ
3366 4509 3764 4578 ὑπακούοντες,

2176 4586 2240 4640 τὸ
2280 4587 2592 4658 παράλογον
2635 4590 3081 4663 διαπράττονται·
3128 4596 3271 4651 οὕτω
3302 4599 3399 4652 καὶ
3428 4600 3526 4654 τοῦ
3570 4604 3765 4657 πασῶν

2175 4678 2285 4732 τῶν
2317 4672 2565 4750 ψυχικῶν
2590 4681 2876 4755 δυνάμεων
2904 4687 3332 4757 ἡγεμονεύοντος
3386 4691 3499 4756 νοῦ,
3548 4692 3759 4747 ὑποκύ-

2177 4775 2498 4845 πτοντοςντῇ
2556 4775 2820 4848 ἀντιθέτῳ
2866 4780 2933 4850 τῇ
2995 4778 3120 4853 θείᾳ
3149 4782 3333 4854 ἐντολῇ
3370 4783 3623 4857 ὑποθήκῃ
3664 4786 3762 4840 τοῦ

2178 4860 2417 4929 Σατανᾶ,
2441 4863 2616 4918 πᾶσαι
2644 4864 2702 4917 al
2725 4866 3017 4937 εἰρημέναι
3043 4870 3307 4941 δυνάμεις
3331 4872 3432 4944 τὴν
3461 4875 3761 4948 εἰρημένην

2177 4951 2398 5020 ἐντολὴν
2430 4955 2858 5025 παραϐαίνουσι,
2888 4958 2950 5013 τὺ
2975 4961 3146 5015 κακὸν
3176 4963 3569 5035 ἐργαζόμεναι.

2251 5043 2339 5114 ιγ’.
2369 5048 2696 5105 Δανειστοῦ
2714 5053 2814 5106 καὶ
2834 5056 3271 5124 χρεωφειλέτου
3290 5058 3589 5128 ἀλλήλοις
3599 5081 3759 5117 συν-

2174 5143 2499 5210 ελθόντων,
2532 5145 2881 5218 ἐπισκοπὴν
2902 5151 3252 5222 ἀμφοτέρων
3292 5157 3543 5211 ποιεῖται
3580 5163 3615 5213 ό
3642 5162 3758 5214 Κύ-

497 5238 605 5289 ma,
638 5224 752 5277 vita
784 5224 933 5278 carui
968 5224 1257 5295 ius-pirata,
1288 5226 1444 5294 quasi
1489 5224 1737 5280 debitum
1768 5229 1972 5299 repetit
2013 5239 2074 5284 ut

2185 5253 2324 5303 οιος.
2364 5237 2427 5289 Ἥ
2452 5237 2599 5310 ψυχὴ
2641 5240 3004 5311 μεταδιδοῦσα
3045 5245 3193 5316 ζωῆς
3218 5250 3289 5319 τῇ
3322 5249 3508 5319 σαρκῒ,
3538 5250 3759 5305 ἀπαιτει

496 5312 600 5368 sibi
646 5313 713 5367 ad
746 5314 1119 5383 pulcherrima
1174 5315 1247 5369 sit
1276 5314 1427 5370 socia
1478 5331 1686 5386 operis,
1741 5318 2071 5388 quibusdam

2185 5329 2281 5400 μὲν
2320 5330 2490 5403 αὐτὴν
2517 5331 2591 5397 ῶς
2625 5350 2677 5385 τι
2709 5334 2870 5407 χρέος
2901 5336 2962 5389 τὸ
2997 5312 3551 5413 συνεργεῖσθαι-παρ’
3590 5345 3760 5415 αὐτῆς

493 5418 624 5459 vero
642 5405 790 5461 euris
857 5407 1084 5461 omnino
1138 5406 1509 5462 distrahinon
1553 5408 1700 5475 vult;
1734 5409 1815 5465 sic
1840 5421 1897 5465 et
1927 5426 2070 5467 caro

2185 5420 2313 5493 πρὸς
2347 5424 2415 5475 τὰ
2464 5405 2757 5479 κάλλισταέ
2798 5405 3147 5498 οὐβούλεται
3184 5431 3242 5485 δὲ
3269 5433 3407 5498 ᾶλως
3460 5405 3758 5509 μερίμναίς

445 5507 448 5511 ’
492 5495 832 5565 providentia
863 5498 1058 5552 animae
1088 5507 1211 5567 eget
1252 5497 1319 5553 ad
1355 5513 1513 5553 suam
1562 5504 2067 5571 conservationem,

2185 5512 2239 5565 5r
2266 5513 2436 5584 αὐτὴν
2468 5518 2844 5586 περισπᾶσθαι
2867 5495 3205 5595 {ww-aeu;
3236 5523 3297 5578 δὲ
3318 5528 3350 5596 ἡ
3374 5495 3756 5603 suum;

487 5590 537 5645 ei
568 5603 699 5644 vero
733 5588 960 5645 omnino
989 5590 1213 5646 obedire
1258 5591 1309 5645 in
1347 5590 1733 5648 observatione
1784 5596 2071 5653 mandato-

2185 5604 2274 5673 μὲν
2301 5605 2400 5674 τῆς
2425 5606 2579 5676 παρά
2599 5608 2697 5679 τῆς
2729 5608 2909 5682 ψυχῆς
2948 5588 3229 5685 προνοίας,
3266 5588 3403 5688 πρδς
3558 5588 3757 5693 ausi;

486 5697 608 5736 rum
641 5681 755 5748 Dei,
805 5689 990 5753 utpote
1019 5682 1182 5737 nimis
1214 5683 1409 5749 ardua,
1436 5695 1672 5739 recusat.
1692 5686 2067 5748 Consentienti

2185 5696 2434 5754 :tu'a'raow
2454 5717 2468 5732 °
2500 5700 2860 5759 ἀπαναίνεται
2897 5706 2952 5761 δὲ
2980 5708 3231 5764 ύπείκειν
3263 5711 3402 5778 ὅλως
3441 5716 3580 5786 αὐτῇ
3621 5717 3754 5788 πρὸς

490 5789 617 5843 ergo
666 5783 917 5845 utraque,
978 5777 1159 5832 anima
1207 5777 1359 5833 carni
1419 5779 1471 5831 in
1534 5780 1799 5849 parandis
1833 5782 1972 5839 cibis
2007 5794 2062 5840 et

2185 5788 2272 5858 τὴν
2294 5790 2401 5845 τῶν
2429 5791 2589 5849 θείων
2620 5796 2851 5853 ἐντολῶν
2878 5800 3162 5871 ἐργασίαν,
3193 5802 3281 5858 διὰ
3314 5777 3607 5881 τὸταύτης
3631 5777 3748 5863 est;
