3958 6536
149 360 181 422 1
200 361 314 427 517
1203 367 1734 428 COMMENTARII

1894 366 2320 429 PROVERBIA
2335 414 2347 426 .
3309 372 3445 435 1518

160 497 372 536 ιτονον⁴
413 479 787 535 συνελθουσῶν
831 476 923 536 οὖν
973 481 1257 555 ἀλλήλαις,
1291 485 1392 553 τῆς
1437 484 1537 555 μὲν
1583 485 1762 555 ψυχῆς

1894 484 2214 539 restituentis
2274 483 2509 537 maxime
2564 485 2939 552 necessariis;
2989 494 3043 540 et
3099 502 3264 544 carne
3318 506 3442 545 cum

141 579 240 646 τῇ
274 575 456 646 σαρκὶ,
505 574 643 645 πρὸς
691 575 753 628 τὸ
805 577 1211 646 περιποιεῖσθαι
1256 577 1395 646 αὐτῇ
1440 576 1758 647 διατροφὰς,

1894 576 2052 631 inima
2085 577 2140 630 in
2189 576 2498 631 obetliendo
2542 586 2597 630 et
2640 576 2889 632 facienda
2937 579 3168 645 virtute,
3229 583 3448 652 utrique

150 666 272 720 καὶ
312 668 678 738 σκεπάσματα
731 668 801 722 τά
859 669 1020 740 μόνον
1073 670 1515 738 ἀναγκαιόταταο
1562 669 1663 738 τῆς
1703 669 1760 722 δὲ

155 760 382 829 σαρκὸς
407 764 473 832 τῇ
505 760 674 832 ψυχῇ,
723 762 803 824 είς
842 762 903 814 τὸ
926 762 1174 815 ὑπείκειν
1204 761 1376 834 ταύτῃ
1400 762 1536 834 πρὸς
1564 761 1763 832 πρᾶξιν

1875 669 2146 741 prospicit
2213 668 2356 724 Deus
2426 670 2609 724 omnis
2661 681 2934 726 creatura:
2991 671 3336 730 rationabilis
3394 685 3448 730 et

1869 762 2164 828 sensitivee,
2196 774 2250 818 et
2282 763 2445 818 saluti
2493 763 2805 818 necessaria
2833 763 3058 833 utrique
3089 767 3316 834 praebet.

149 853 285 907 ’τῶν
343 855 581 924 ἀρετῶν,
634 855 955 926 ἀμφοτέρας
1003 857 1379 927 προνοητικῶς
1435 856 1721 910 ὲπιθλέπει
1764 857 1791 909 ὁ
1829 857 2112 927 Δεσπότης
2183 858 2365 923 πάσης
2434 856 2537 928 τῆς
2623 857 2824 929 νοητῆς
2871 859 2969 912 καὶ
3019 859 3119 930 τῆς
3177 860 3452 933 αἰσθητῆς

154 949 430 1015 κτίσεως,
466 951 720 1023 χορηγῶν
742 952 935 1016 αὑταῖς
965 953 1031 1006 τά
1055 955 1292 1025 ἑκατέρᾳ
1315 955 1450 1026 πρὸς
1481 955 1756 1027 σωτηρίαν
1795 954 2102 1025 πρόσφορα.

247 1044 331 1098 ιδ’.
365 1044 674 1110 Βασιλέως
715 1044 785 1097 ἑν
812 1044 1065 1112 ἀληθείᾳ
1114 1047 1432 1115 κρίνοντος
1461 1047 1757 1116 πτωχοὺς,

157 1139 209 1190 ὀ
232 1137 447 1204 θρόνος
487 1136 676 1190 αὐτοῦ
721 1139 808 1202 είς
837 1137 1169 1205 μαρτύριον
1219 1140 1760 1207 κατασταθήσεται.

165 1226 394 1294 Ὠσπερ
423 1225 689 1294 βασιλέως
717 1223 860 1288 τινὸς
886 1224 1032 1277 κατά
1073 1225 1170 1284 τὰς
1201 1225 1440 1296 ψυχικὰς
1467 1225 1760 1289 διαθέσεις,

162 1318 309 1381 τοὺς
335 1317 426 1370 ὑπ’
448 1316 612 1370 αὑτὸν
635 1317 936 1390 κρίνοντος,
963 1317 1058 1370 καὶ
1078 1317 1198 1388 οὐχὶ
1221 1321 1362 1372 κατὰ
1389 1319 1488 1380 τὰς
1507 1317 1765 1388 φαινομὲ-

166 1427 277 1472 νας
304 1409 481 1474 ἀξίας,
515 1409 622 1463 κᾶν
646 1407 851 1463 τούτων
887 1409 1234 1479 ὑπάρχοντας
1281 1409 1408 1474 τοὺς
1456 1410 1547 1463 ὑπ’
1600 1409 1764 1464 αὑτὸν

171 1501 404 1567 ἐνδεεῖς,
423 1501 484 1554 τὸ
518 1500 798 1572 βασιλικὸν
843 1501 1038 1554 τούτου
1085 1501 1328 1572 ἀξίωμα,
1353 1503 1490 1573 ὅπερ
1527 1505 1554 1555 ὁ
1577 1502 1767 1573 θρόνος

173 1593 507 1664 παραδηλοῖ,
547 1594 630 1656 είς
691 1593 911 1662 ἔλεγχον
956 1592 1109 1647 ἔσται
1139 1593 1249 1646 τῶν
1282 1610 1341 1646 τε
1382 1593 1629 1662 ἀγαθῶν,
1673 1595 1767 1648 καὶ

171 1689 295 1744 τῶν
331 1690 407 1761 μὴ
435 1687 714 1754 τοιούτων,
770 1688 914 1741 οὕτω
944 1687 1040 1740 καὶ
1081 1686 1176 1740 τοῦ
1209 1687 1474 1758 ἡγεμόνος
1515 1686 1654 1760 [νοῦ]
1691 1688 1766 1758 μὴ

177 1781 325 1852 πρὸς
366 1781 435 1835 τά
469 1780 773 1851 φαινόμενα
826 1778 1025 1849 κάλλη,
1070 1777 1209 1832 ἀλλά
1265 1778 1405 1849 πρὸς
1460 1777 1532 1831 τά
1583 1779 1765 1848 ἀφανῆ

1945 1044 2112 1099 Vens.
2152 1045 2239 1101 Η.
2269 1045 2425 1116 Regis
2455 1047 2510 1100 in
2561 1049 2785 1102 veritate
2816 1049 3117 1118 judicantts
3168 1069 3449 1122 pauperes,

1870 1137 2015 1192 sedes
2059 1138 2171 1207 ejus
2223 1140 2276 1193 in
2317 1141 2677 1195 testimonium
2725 1145 3097 1201 constituetur.
3145 1146 3298 1201 Sicut
3359 1164 3449 1202 rex

1869 1229 2145 1298 subjectos
2163 1229 2369 1298 judicat
2392 1232 2614 1287 attentis
2639 1233 2834 1288 animae
2848 1235 3318 1306 dispositionibus,
3345 1256 3451 1292 non
3553 1217 3570 1227 ’

1869 1331 2094 1376 externa
2122 1322 2408 1393 dignitate,
2435 1325 2518 1379 vel
2549 1324 2864 1383 hominibus
2893 1343 2956 1383 ea
2990 1331 3226 1394 vestitis,
3262 1332 3354 1401 qui
3386 1334 3451 1386 ad

1872 1429 1932 1469 se
1955 1415 2200 1481 veniunt,
2230 1416 2396 1487 hujus
2422 1418 2565 1488 regis
2593 1421 2864 1474 sententia
2884 1435 2914 1476 e
2936 1422 3136 1478 throno
3153 1424 3452 1495 refulgens.

1873 1507 2001 1561 boni
2037 1516 2091 1564 et
2120 1509 2247 1563 mali
2293 1511 2399 1564 erit
2449 1510 2736 1567 indicium.
2772 1512 2848 1567 lta
2875 1516 3094 1583 quando
3122 1517 3452 1582 intellectus,

1873 1617 1983 1675 quo
2010 1604 2290 1670 ducimur,
2325 1607 2391 1660 ad
2414 1608 2693 1672 latentem,
2731 1624 2840 1663 non
2872 1610 2936 1664 ad
2963 1625 3312 1681 apparentem
3337 1615 3457 1684 pul—

1877 1696 2252 1752 chritudinem
2289 1700 2516 1770 respicit
2545 1709 2600 1754 et
2630 1716 2758 1755 vere
2795 1702 2938 1756 bona
2979 1704 3251 1760 illusoriis
3317 1721 3456 1776 pra:-

1876 1788 2049 1856 ponit,
2085 1787 2227 1844 liber
2241 1800 2325 1844 est
2359 1806 2388 1844 a
2413 1791 2768 1861 passionihus
2790 1793 2963 1863 gratia
2994 1795 3234 1866 Spiritus
3255 1801 3456 1862 sancti,

178 1871 502 1943 βλέποντος,
558 1872 654 1926 καὶ
704 1871 775 1924 τά
827 1870 1000 1932 ὅντως
1023 1869 1203 1938 ἁγαθά
1244 1869 1354 1922 τῶν
1393 1869 1770 1941 νομιζομένων

1894 1885 1931 1930 ιι
1965 1880 2158 1950 recipit
2209 1881 2392 1937 lumen
2430 1882 2498 1937 ad
2551 1883 2916 1955 judicandum
2973 1887 3118 1942 inter
3167 1889 3370 1945 bonum
3404 1901 3458 1947 et

177 1965 600 2038 προκρίνοντος,
648 1965 683 2035 ὴ
733 1964 878 2041 κατά
928 1962 1040 2017 τῶν
1076 1961 1270 2017 παθῶν
1296 1962 1517 2029 ἐξουσία
1547 1964 1763 2030 τούτου,
1797 1959 1842 2019 Β
1872 1971 2096 2027 malum,

174 2062 310 2132 ἥτις
336 2058 430 2113 τοῦ
459 2057 726 2127 παναγίου
772 2055 1096 2127 Πνεύματος
1113 2055 1275 2128 χάρις
1305 2055 1424 2110 ἐστὶ
1488 2055 1606 2125 φῶς
1667 2057 1990 2130 ὑπάρχουσα
2041 2063 2300 2132 γνώσεως
2354 2065 2536 2136 λόγοις
2615 2067 3024 2135 διδασκαλικοίς
3072 2072 3338 2144 διελέγξει
3398 2080 3460 2131 τό

177 2171 242 2208 τε
271 2152 498 2223 ἀγαθὸν,
537 2153 632 2205 καὶ
669 2151 730 2204 τὸ
757 2151 1017 2220 πονηρόν.

257 2249 348 2304 ιε’.
375 2247 605 2320 tumul
633 2246 732 2301 καί
769 2247 1010 2315 ἔλεγχοι
1059 2244 1296 2300 διδόασι
1344 2245 1574 2316 σοφίαν
1594 2262 1608 2278 ·
1630 2247 1773 2314 παῖς

176 2344 257 2398 δὲ
277 2341 690 2412 πλανώμενος,
717 2339 996 2408 αίσχύνει
1025 2339 1222 2409 γονεῖς
1259 2337 1466 2394 αὑτοῦ.
1497 2338 1774 2411 Τιμωρίαι

181 2433 296 2505 υἱῷ
337 2435 557 2496 πάντως
621 2431 775 2505 παρὰ
823 2430 1032 2502 πατρὸς
1083 2431 1449 2501 ἐπαγόμεναι,
1500 2433 1594 2485 καὶ
1625 2432 1774 2500 λόγοι

184 2525 335 2598 μετά
359 2524 674 2597 παρρησίας
695 2522 1058 2594 φανεροῦντει,
1088 2524 1157 2578 τά
1184 2525 1334 2579 αἴτια
1355 2524 1466 2578 τῶν
1486 2525 1772 2597 τιμωριῶν

183 2617 734 2690 ἁμαρτήματαηκαὶ
763 2615 1228 2686 καταισχύνοντες
1256 2617 1419 2670 αὑτὸν
1453 2617 1590 2688 πρὸς
1627 2618 1772 2689 διόρ-

183 2708 380 2773 θωσιν,
413 2707 674 2778 ἀληθείας
732 2705 934 2775 γνῶσιν
972 2707 1148 2777 τούτῳ
1196 2706 1501 2778 χαρίζεται.
1544 2707 1668 2772 Υἱὸς
1691 2707 1770 2773 δὲ,

182 2799 294 2868 τῆς
323 2795 579 2867 ἀληθείας
636 2794 1128 2866 ἀποπλανώμενος,
1151 2797 1246 2849 καὶ
1277 2796 1389 2849 τῶν
1431 2796 1600 2861 ὄντως
1629 2781 1772 2866 ἀγα-

185 2889 304 2943 Οῶν
323 2888 390 2942 τά
418 2888 752 2960 νομιζόμενα
782 2887 1231 2958 προτιμώμενος,
1282 2890 1348 2942 ὲκ
1377 2888 1472 2942 τοῦ
1507 2889 1772 2960 πράττειν

185 2983 266 3036 τά
292 2983 599 3053 παράλογα,
628 2983 756 3045 τοὺς
817 2981 981 3044 ἰδίους
1029 2979 1384 3052 καταισχύνει
1417 2984 1772 3054 γεννήτορας,

189 3077 411 3132 πολλῶν
474 3076 735 3148 μέμψεων
810 3074 1026 3141 τούτοις
1087 3076 1351 3147 ὑπάρχων
1450 3078 1776 3148 παραίτιοςο

192 3172 388 3243 ἐπειδὴ
423 3172 499 3242 μὴ
530 3171 629 3243 τῆς
663 3169 1051 3242 προσηκούσης
1076 3169 1325 3235 παιδείας
1354 3169 1621 3241 τετύχηκε
1647 3171 1778 3241 παρ’

190 3263 402 3317 αὐτῶν.

275 3355 360 3420 ιζ’.
392 3353 646 3408 Πολλῶν
684 3354 875 3407 ὄντων
917 3350 1174 3418 ἀσεϐῶν,
1236 3350 1458 3407 πολλαὶ
1512 3352 1780 3422 γίνονται

195 3446 475 3515 ἁμαρτίαι
491 3462 505 3476 ·
544 3446 597 3497 ol
613 3443 682 3497 δὲ
699 3443 936 3506 δίκαιοι,
963 3443 1212 3497 ἐκείνων
1231 3444 1590 3506 πιπτόντων,
1604 3441 1784 3496 κατά-

195 3539 374 3607 φοϐοι
400 3538 684 3607 γίνονται.
740 3536 863 3590 Τῶν
910 3535 1123 3589 πολλῶν
1181 3535 1258 3607 μὴ
1308 3536 1375 3590 δι’
1414 3534 1780 3606 ἀγαθοεργίας

198 3627 488 3700 τιμώντων
521 3627 674 3692 Θεὸν,
725 3627 897 3681 πολλά
950 3627 1124 3697 τούτῳ
1163 3628 1239 3700 μὴ
1268 3627 1572 3701 ἀρέσκοντα
1608 3627 1783 3699 πράτ-

197 3736 421 3775 τονται⁶
472 3720 696 3784 τούτους
743 3720 801 3774 δὲ
864 3721 914 3774 οἱ
992 3721 1301 3791 ἀμέμπτως
1375 3721 1782 3792 πολιτευόμενοι

203 3813 484 3874 ἐλεοῦντες
528 3811 624 3866 τοῦ
685 3811 1001 3883 πτώματος,
1060 3810 1289 3876 ἑαυτοὺς
1345 3810 1424 3882 τῷ
1468 3811 1597 3881 θείῳ
1634 3811 1784 3883 φόϐῳ

201 3902 728 3973 κατασφαλίζονται,
778 3901 920 3956 ὥστε
981 3901 1060 3974 μὴ
1087 3905 1198 3966 τοῖς
1243 3901 1454 3972 ὁμοίοις
1483 3903 1780 3976 περιπέσῃ.

277 3995 366 4061 ιζ’.
393 3995 645 4049 Halanus
670 3995 808 4049 υἱόν
857 4010 998 4060 σου,
1032 3994 1130 4048 καί
1163 3994 1504 4050 ἀναπαύσει
1537 4010 1611 4049 σε
1631 4012 1644 4026 ο
1681 3995 1782 4050 καί

202 4082 382 4140 δώσει
406 4085 641 4155 κόσμον
690 4083 768 4154 τῇ
814 4083 988 4153 ψυχῇ
1019 4100 1158 4139 σου.
1194 4085 1330 4153 Ἄγε
1373 4084 1466 4137 τὸν
1491 4084 1582 4138 σὺν
1618 4084 1786 4139 παῖδα

203 4175 564 4246 ψυχωφελῶς,
595 4176 660 4229 ἄν
682 4191 740 4227 τε
769 4175 1030 4246 σαρκικὸς
1066 4175 1172 4246 εῐη,
1200 4175 1266 4228 ἀν
1299 4190 1360 4228 τε
1392 4174 1782 4245 πνευματικὸς,

205 4267 432 4335 ἀγνοίας
458 4267 554 4320 καὶ
582 4267 789 4330 κακίας
816 4265 1090 4330 ἐπιπόνως
1147 4266 1425 4337 καθαίρων
1456 4266 1619 4321 αὐτόν
1637 4281 1650 4295 °
1693 4266 1788 4320 καὶ

115 4383 125 4390 -
207 4360 539 4432 Θεραπεύσει
567 4377 648 4425 σε,
683 4359 908 4430 πληρῶν
965 4360 1026 4413 τὸ
1058 4361 1143 4413 ἐπ’
1198 4361 1348 4431 αὐτῷ
1380 4361 1448 4414 τὰ
1476 4361 1574 4432 τῆς
1607 4361 1786 4433 ψυχῆς

209 4471 303 4507 σου
328 4453 646 4524 βουλήματα
670 4469 683 4481 ·
729 4453 823 4506 καὶ
877 4453 1151 4524 προσάψει
1203 4454 1342 4524 αὐτῇ
1397 4452 1472 4517 ὡς
1502 4455 1652 4525 αἰτίᾳ
1687 4454 1786 4524 τὴν

207 4547 293 4616 ἐφ’
329 4545 508 4615 ἑαυτῷ
536 4545 812 4598 ποικιλίαν
834 4545 944 4597 τῶν
980 4547 1213 4616 ἀρετῶν.

283 4646 372 4709 ιη’.
405 4641 485 4693 Οὐ
502 4639 588 4707 μὴ
622 4638 859 4706 ὑπάρξῃ
900 4637 1204 4706 ἐξηγητὴς
1237 4638 1395 4692 ἔθνει
1422 4638 1744 4707 παρανόμῳ
1770 4655 1784 4669 ο

210 4733 242 4783 ὁ
264 4729 331 4783 δὲ
353 4729 693 4798 φυλάσσων
716 4728 822 4781 τὸν
849 4730 1054 4796 νόμον,
1072 4732 1461 4796 μακαριστός.
1497 4729 1611 4780 υὺκ
1636 4729 1787 4780 ἔσται

211 4820 484 4892 ἑρμηνεὺς
540 4819 648 4872 τῶν
710 4819 960 4889 νομίμων
1036 4819 1254 4882 πάντως
1300 4819 1648 4888 διδαγμάτων
1694 4818 1788 4871 τοῦ

211 4912 550 4981 Πνεύματος,
587 4912 703 4983 λαῷ
728 4912 840 4964 ἔθει
881 4910 1080 4974 κακίας
1107 4911 1200 4963 καὶ
1231 4910 1425 4981 ἀγνοίᾳ
1456 4910 1788 4974 δουλεύοντι,

209 5003 306 5057 καὶ⁵
339 5003 582 5073 μηδόλως
629 5003 1061 5074 παραδεχομένῳ
1093 5003 1184 5055 τὸν
1214 5003 1378 5072 νόμον
1406 5001 1502 5055 τοῦ
1538 5001 1792 5071 Πνεύμα-

210 5113 301 5159 τος
323 5111 335 5123 ·
361 5096 410 5148 οἱ
444 5099 550 5167 γὰρ
601 5095 677 5167 μὴ
727 5095 916 5148 τοῦτον
948 5094 1403 5166 παραδεχόμενοι,
1441 5095 1636 5154 ούκ,ἂν
1669 5092 1792 5163 δεη-

212 5185 354 5240 Θείεν
386 5187 487 5256 τῆς
519 5187 684 5240 αὑτοῦ
721 5186 1037 5257 ἐξηγήσεως
1057 5203 1071 5217 ο
1093 5187 1179 5239 ἵνα
1203 5187 1297 5239 καὶ
1323 5186 1597 5255 ἐξηγητὴν
1625 5186 1790 5239 αὑτοῦ

213 5279 428 5345 ἕξουσι·
464 5279 545 5333 διὸ
570 5279 632 5332 τὸ
660 5280 852 5343 σκότος
894 5280 995 5349 τῆς
1027 5278 1254 5347 ἀγνοίας
1283 5279 1685 5349 περικείμενοι,
1715 5278 1792 5348 τῷ

211 5374 416 5444 ὀλέθρῳ
440 5373 537 5442 τῆς
571 5373 768 5436 κακίας
799 5375 1223 5443 περιπίπτουσιν
1245 5389 1259 5404 ’
1290 5371 1348 5434 ὃς
1377 5371 1433 5424 δὲ
1455 5370 1562 5424 τῶν
1586 5371 1794 5440 ἀνθρὼ-

187 5473 355 5531 ’πων,
385 5466 476 5518 τὸν
513 5464 753 5518 τοιοῦτον
785 5465 949 5534 νόμον
966 5466 1144 5535 τηρεῖ,
1178 5463 1484 5533 ἀνώλεθρός
1515 5464 1685 5528 ἐστιν,
1717 5463 1793 5526 ὡς

210 5555 287 5627 τῷ
311 5556 526 5627 Θανάτῳ
556 5558 654 5626 τῆς
686 5555 960 5627 ἁμαρτίας
987 5557 1282 5621 ἀνάλωτος.

285 5649 371 5701 ιϐ’.
399 5650 698 5719 Λόγοιςοὺ
719 5649 1188 5716 παιδευθήσεται
1215 5647 1452 5714 οἰκέτης
1480 5648 1748 5714 σκληρός
1776 5661 1788 5674 ’

211 5743 318 5796 ἐὰν
347 5741 458 5811 γὰρ
486 5743 583 5796 καὶ
602 5744 821 5813 νοήσῃ,
848 5744 1110 5812 ἀλλὀὐχ
1142 5739 1792 5810 ὑπακούσεται.“Ωσπερ

215 5835 397 5905 μόνοις
431 5837 643 5908 ῥήμασι
684 5838 1039 5906 σκωπτικοῖς,
1069 5835 1256 5899 δοῦλος
1294 5832 1529 5902 ἀπειθὴς
1552 5832 1614 5886 ού
1644 5831 1793 5901 διορ-

1953 2247 2117 2304 Vens.
2154 2251 2240 2306 15.
2271 2250 2454 2323 Plaga:
2489 2260 2541 2306 et
2575 2254 2926 2322 correptiones
2949 2255 3080 2311 dant
3117 2258 3456 2328 sapientiam.

1876 2358 2007 2413 puer
2044 2353 2221 2397 autem
2263 2360 2452 2398 errans
2482 2346 2762 2414 confundit
2791 2357 3039 2416 parentes
3067 2365 3218 2405 suos.
3277 2351 3460 2406 PtBItzt!

1878 2449 2000 2505 quae
2062 2434 2225 2490 iilioa
2282 2445 2435 2506 patre
2465 2437 2805 2508 inlligentur,
2843 2448 2897 2494 et
2927 2455 3218 2496 sermones
3259 2443 3462 2514 quibus

1881 2526 2058 2583 libere
2112 2528 2545 2584 manifestantur
2603 2540 2827 2598 peccata
2868 2531 3049 2601 pennis
3104 2533 3292 2604 digna,
3325 2551 3461 2602 quo-

1878 2635 2112 2691 rumque
2139 2620 2348 2691 pudore
2397 2621 2466 2675 ad
2514 2623 2956 2679 emendationem
3008 2625 3253 2694 ducitur,
3317 2628 3463 2683 hunc

1878 2713 1945 2768 ad
1977 2714 2419 2783 cognoscendam
2451 2715 2744 2770 veritatem
2779 2717 3064 2772 erudiunt.
3100 2716 3273 2774 Filius
3322 2734 3456 2774 vero

1878 2807 1972 2878 qui
2004 2818 2209 2862 errata
2235 2808 2493 2872 veritate,
2523 2809 2614 2876 qui
2659 2810 2803 2865 veris
2837 2810 2978 2865 l‘alsa
3030 2812 3278 2881 praefert,
3335 2829 3459 2868 cum

1881 2899 2082 2970 injusta
2139 2899 2352 2964 fecerit,
2403 2901 2523 2955 suis
2573 2902 2901 2971 parentibus
2960 2903 3191 2973 pudoris
3254 2905 3461 2960 multo-

1886 3008 2118 3062 rumque
2145 2993 2542 3061 vituperiorum
2570 3007 2738 3050 causa
2758 2995 2884 3062 erit,
2920 3009 2950 3049 a
2987 2997 3189 3066 quibus
3243 2997 3463 3069 dignam

1890 3083 2237 3155 disciplinam
2272 3099 2382 3139 non
2416 3084 2649 3156 accepit.

1957 3349 2122 3407 Vens.
2159 3351 2245 3408 16.
2282 3350 2419 3408 Cum
2457 3352 2613 3405 multi
2633 3362 2755 3406 sunt
2789 3353 2962 3422 impii,
2993 3354 3164 3408 multa
3194 3365 3316 3410 sunt
3346 3373 3467 3426 pec-

1884 3449 2041 3504 cata;
2077 3439 2218 3508 justi
2282 3448 2481 3504 autem,
2520 3439 2630 3494 illis
2666 3439 3004 3506 cadentibus,
3075 3443 3252 3497 timidi
3304 3445 3464 3514 ﬁunt.

1882 3527 2017 3583 Cum
2072 3528 2228 3583 multi
2285 3539 2416 3585 sunt
2478 3529 2571 3600 qui
2604 3527 2775 3585 Deum
2829 3531 3089 3601 operibus
3145 3533 3305 3589 bonis
3359 3551 3467 3590 non

1884 3621 2184 3688 honorant,
2219 3623 2399 3676 multa
2438 3621 2576 3676 ﬁunt
2599 3638 2722 3694 qua;
2754 3623 2830 3678 illi
2863 3623 3184 3695 displicent.
3219 3627 3464 3694 Quorum

1883 3728 2047 3769 casus
2077 3729 2201 3770 cum
2233 3715 2573 3770 miserentur
2603 3716 2857 3772 homines
2889 3718 3090 3784 sancti,
3128 3719 3324 3776 timore
3374 3719 3468 3777 Dei

1883 3808 2208 3864 muniuntur
2228 3823 2297 3864 ne
2324 3810 2380 3866 in
2398 3810 2598 3866 similia
2628 3810 2895 3868 incidant.

1959 3991 2122 4046 Vens.
2157 3991 2245 4046 Π.
2281 3990 2456 4045 Erudi
2491 3990 2664 4059 [ilium
2715 4000 2888 4058 tuum,
2918 4000 2968 4048 et
3013 3993 3248 4064 requiem
3316 3995 3466 4050 dabit

1887 4087 1999 4151 tibi,
2033 4093 2082 4140 et
2120 4085 2268 4139 dabit
2308 4094 2556 4139 ornatum
2607 4085 2800 4140 animat
2868 4095 2990 4141 tua.
3041 4085 3161 4142 Filii
3225 4087 3303 4144 tui
3355 4089 3470 4145 sive

1885 4179 2146 4242 carnalis,
2165 4179 2280 4234 sive
2299 4177 2602 4247 spiritualis
2618 4181 2861 4233 animum
2883 4178 3085 4250 dirige;
3106 4179 3468 4250 ignorantiam

1884 4275 1938 4324 et
1965 4268 2260 4338 nequitiam
2293 4268 2360 4322 ab
2391 4282 2458 4323 eo
2492 4269 2735 4325 studiose
2759 4270 2982 4340 repelle,
3023 4279 3077 4324 et
3142 4271 3233 4326 ille
3285 4283 3338 4326 te
3385 4289 3472 4326 rr-

1887 4361 2183 4425 verebitur,
2214 4360 2466 4416 adductis
2522 4362 2577 4415 in
2623 4361 2858 4432 praxim,
2892 4371 3158 4431 quantum
3191 4363 3244 4418 in
3268 4380 3328 4419 se
3366 4375 3469 4425 cst,

1889 4453 2085 4508 animae
2114 4460 2220 4508 tua:
2252 4453 2523 4514 consiliis,
2557 4454 2645 4507 cui
2678 4461 2736 4506 ut
2777 4455 3012 4523 propria:
3050 4469 3230 4510 causa:
3260 4458 3470 4528 copiam

1823 4573 1864 4626 ι)
1891 4562 2114 4600 suarum
2139 4547 2401 4600 virtutum
2441 4545 2725 4598 altribnet.

1961 4637 2130 4694 Vens.
2170 4639 2251 4691 l8.
2297 4636 2419 4691 Non
2444 4639 2542 4691 erit
2573 4637 2824 4706 proli/tela
2854 4639 2994 4708 genti
3052 4639 3265 4708 iniqua’,
3298 4652 3469 4695 custo-

1889 4732 2036 4785 diens
2094 4739 2271 4784 autem
2320 4732 2477 4798 legem
2539 4730 2896 4785 beatissimus.
2945 4731 3269 4801 Pmphetam
3306 4749 3334 4787 a
3365 4752 3475 4803 quo

1891 4825 2061 4894 legem
2088 4822 2328 4892 Spiritus
2348 4822 2631 4888 doceatur,
2653 4839 2762 4876 non
2789 4822 3013 4877 habebit
3039 4825 3271 4893 p0pulus
3294 4827 3475 4896 pravis

1893 4917 2169 4970 habilibus
2230 4924 2283 4969 et
2343 4916 2517 4968 errori
2567 4915 2832 4976 serviens,
2910 4916 3192 4988 legemque
3239 4918 3474 4989 Spiritus

1895 5007 2116 5061 minime
2186 5006 2501 5075 recipiens;
2562 5005 2655 5075 qui
2719 5006 2865 5060 enim
2937 5006 3079 5061 hanc
3137 5009 3310 5079 legem
3367 5026 3474 5065 non

1893 5099 2188 5168 recipiunt,
2249 5114 2368 5152 eam
2430 5099 2533 5153 sibi
2584 5099 2848 5168 explicari
2908 5115 3014 5154 non
3084 5102 3384 5170 pastulant,
3419 5114 3478 5158 ut

1893 5191 2216 5260 praphetam
2238 5190 2534 5260 accipiant;
2561 5200 2613 5244 et
2635 5191 2714 5245 sic
2756 5191 2988 5245 involuti
3018 5193 3263 5249 tenebris
3320 5209 3477 5249 erro-

1895 5297 2012 5335 rum
2055 5281 2110 5335 in
2168 5281 2432 5352 abyssum
2493 5281 2763 5336 malorum
2827 5283 3100 5338 incidunt.
3137 5284 3230 5341 Ille
3294 5298 3475 5344 autem

1899 5375 2063 5428 homo
2128 5374 2220 5444 qui
2277 5375 2448 5444 legem
2483 5383 2690 5439 servat,
2748 5376 3080 5431 immortalis
3131 5388 3235 5446 est,
3291 5393 3480 5452 utpote

1896 5477 2072 5523 morte
2102 5470 2310 5538 peccati
2342 5483 2452 5523 non
2484 5468 2880 5525 absumendus.

1970 5645 2135 5703 Vens.
2175 5646 2259 5701 l9.
2308 5644 2487 5700 Verbis
2512 5664 2614 5701 non
2636 5646 2905 5700 erudietur
2924 5664 3100 5702 servus
3127 5649 3330 5714 durus;
3359 5668 3482 5705 nam

1895 5739 1994 5794 etsi
2019 5738 2366 5803 intellexerit,
2415 5755 2517 5792 non
2555 5749 2731 5792 tamen
2783 5739 2979 5793 audiet.
3015 5739 3482 5805 Quemadmodum

1899 5831 2077 5886 verbis
2099 5831 2307 5902 iocosis
2357 5847 2548 5889 servus
2590 5831 2843 5890 indocilis
2897 5848 3003 5888 non
3036 5832 3312 5903 dirigitur,
3355 5850 3480 5889 nam
