4054 6500
492 348 627 415 1519

1830 335 2177 398 PROCOPII
2213 333 2457 395 GAZ.’EI

3624 324 3760 386 1520

486 461 591 516 etsi
618 459 818 514 bonum
851 454 1199 521 intellexerit,
1236 452 1303 506 ad
1343 449 1646 506 faciendum
1687 463 1795 504 non
1828 448 2067 504 adduce-

2173 442 2476 515 θωθήσεται
2498 458 2511 471 ο
2537 441 2585 495 εί
2609 439 2718 511 γὰρ
2744 441 2839 493 καὶ
2859 437 2970 508 γνῷ
3003 437 3063 490 τδ
3092 437 3277 501 καλὸν,
3305 436 3369 488 οὐ
3401 434 3758 505 πεισθήσεται

490 564 599 620 tur;
642 550 965 607 verberibus
991 564 1130 618 opus
1152 547 1256 602 erit
1288 553 1347 599 ut
1376 544 1654 600 exaudiat.
1703 542 1783 597 lta
1830 540 1925 611 qui
1983 544 2071 594 est

488 646 626 701 dura
654 642 866 699 cervice
904 649 1096 696 contra
1161 637 1473 693 Dominicas
1524 644 1580 692 et
1641 634 1855 690 divinas
1900 633 2067 701 leges,

490 752 667 807 neque
700 734 823 789 illas
857 732 1030 799 audit,
1068 730 1274 803 indiget
1331 728 1520 784 invitis
1558 726 1821 783 mrumnis
1865 732 1926 780 ut
1972 736 2069 778 eas

489 844 654 902 Opere
678 826 967 898 compleat.

556 1009 725 1065 \‘Ens.
756 1004 848 1060 20.
883 1002 943 1058 Si
969 999 1144 1057 videas
1185 1000 1449 1054 hominem
1498 996 1720 1051 velocem
1774 996 1829 1049 in
1878 994 2066 1056 verbis,

488 1113 736 1172 cognosce
755 1096 880 1169 quia
898 1110 1039 1164 spem
1063 1092 1215 1146 habet
1234 1092 1402 1163 magis
1426 1091 1677 1160 insipiens
1703 1106 1780 1144 eo.
1809 1088 1864 1143 Si
1884 1088 2069 1143 videas

490 1189 766 1245 hominem
803 1194 1011 1241 temere
1036 1183 1375 1250 loquentem,
1416 1180 1557 1236 scito
1582 1179 1894 1235 deﬁcientis
1917 1179 2069 1248 inge-

488 1282 598 1336 niis
620 1277 965 1335 curationem
991 1275 1144 1346 prius
1168 1273 1498 1345 sperandam
1528 1287 1674 1338 esse,
1693 1286 1856 1343 quam
1879 1269 2065 1325 istius.

488 1374 591 1441 Qui
639 1371 786 1426 enim
835 1378 963 1423 ante
1006 1366 1258 1422 homines
1291 1365 1450 1420 velox
1485 1372 1568 1419 est
1604 1362 1683 1419 ad.
1732 1360 2067 1432 loquendum

488 1467 789 1521 arbitratus
823 1478 883 1518 se
914 1460 1096 1516 omnia
1154 1473 1509 1531 cognoscere,
1571 1456 1639 1511 ab
1693 1455 1799 1509 alio
1846 1450 2067 1509 edoceri

489 1563 690 1615 bonum
723 1574 833 1613 non
862 1554 1116 1612 sustinet.

557 1650 724 1705 Vens.
761 1649 854 1703 91.
915 1647 1020 1714 Qui
1044 1645 1329 1699 deiiciatur
1363 1660 1394 1696 α
1423 1657 1606 1712 puero,
1643 1639 1877 1709 famulus
1923 1636 2063 1700 erit;

487 1744 766 1798 novissime
787 1751 961 1795 autem
992 1738 1189 1793 dolebit
1219 1752 1380 1806 super
1419 1753 1493 1790 se.
1537 1734 1640 1799 Qui
1670 1738 2063 1802 congruentem

2170 534 2330 589 τοῦτο
2358 534 2603 605 ποιῆσαι,
2644 532 2783 586 ἀλλά
2838 530 3166 601 δεηθήσεται
3190 530 3283 582 καὶ
3318 528 3575 598 πληγῶν,
3617 528 3755 585 ὥστε

2170 624 2423 696 γενέσθαι
2449 624 2585 696 πρὸς
2610 622 2769 677 τοῦτο
2813 622 3179 690 καταπειθήςο
3246 618 3392 675 οὕτω
3434 622 3533 675 καὶ
3562 622 3593 675 ό
3622 621 3755 692 πρὸς

2168 718 2264 779 τὰς
2294 716 2631 779 Δεσποτικὰς
2676 715 2772 769 καὶ
2821 714 2974 778 θείας
3038 713 3263 778 ἐντολὰς
3294 714 3754 784 σκληρυνόμενος,

2169 808 2363 880 καὶμὴ
2401 808 2696 862 ὑπακούων
2727 807 2943 871 αὐταῖς,
2984 806 3257 860 ἀκουσίων
3303 806 3637 877 δεηθήσεται
3666 809 3758 859 πό-

2169 916 2276 953 νων
2294 900 2432 970 πρὸς
2462 897 2561 970 τὴν
2593 897 2859 969 ἐργασίαν
2881 897 3085 952 αὐτῶν.

2238 997 2310 1045 κ’.
2349 989 2495 1044 Ἐὰν
2527 988 2666 1058 ἴδῃς
2692 987 2884 1057 ἄνδρα
2922 988 3116 1056 ταχὺν
3143 989 3216 1042 ἐν
3250 989 3758 1059 λόγοις-,γίνωσκε

2168 1084 2259 1140 ὅτι
2291 1084 2514 1140 ἐλπίδα
2551 1084 2677 1154 ἔχει
2710 1082 2954 1155 μᾶλλον
3014 1084 3047 1137 ὀ
3101 1083 3307 1152 ἄφρων
3357 1082 3571 1137 αὑτοῦ.
3638 1082 3761 1135 Ἑάν

2170 1177 2339 1250 θεάσῃ
2364 1177 2485 1232 τινὰ
2524 1176 2950 1249 ἀπερισκέπτως
2988 1175 3392 1245 φθεγγόμενον,
3413 1175 3653 1243 γίνωσκε
3677 1175 3758 1228 ὅτι

2168 1271 2330 1325 πλέον
2359 1270 2515 1335 ἐλπίς
2564 1272 2681 1325 ἐστι
2726 1270 2821 1323 τὸν
2883 1268 2959 1340 μὴ
3024 1269 3261 1339 φέροντα
3302 1270 3511 1337 νόησιν,
3553 1268 3758 1337 ταύτης

2170 1365 2301 1434 παρ’
2330 1361 2493 1417 ἄλλου
2520 1364 2708 1433 τυχεῖν
2730 1379 2745 1394 υ
2777 1364 2807 1415 ὁ
2827 1362 2938 1433 γὰρ
2954 1362 3013 1415 ἐν
3028 1364 3152 1424 ταῖς
3176 1361 3419 1431 ὁμιλίαις
3450 1364 3755 1433 προπετὴς,

2168 1454 2406 1527 νομίζων
2434 1455 2615 1509 πάντα
2643 1452 2963 1523 γινώσκειν,
2991 1454 3124 1526 παρ’
3151 1454 3343 1525 ἐτέρου
3368 1452 3431 1507 τὸ
3460 1453 3629 1507 καλὸν
3653 1473 3755 1525 μα-

2168 1547 2282 1601 θεῖν
2303 1546 2405 1599 οὐκ
2427 1544 2707 1616 ἀνέχεται.

2237 1649 2345 1693 κα’.
2366 1641 2472 1704 Ὃς
2492 1633 2938 1704 κατασπαταλᾷ
2956 1635 3025 1689 ἐκ
3044 1634 3280 1701 παιδὸς,
3305 1635 3545 1702 οἰκέτης
3565 1636 3753 1690 ἔσται’

2166 1733 2431 1801 ἔσχατον
2467 1730 2537 1784 δὲ
2582 1729 3027 1798 ὀδυνηθήσεται
3074 1728 3167 1798 ἐφ’
3203 1725 3416 1793 ἐαυτῷ.
3469 1728 3659 1791 ὐστις
3683 1728 3756 1796 μὴ

485 1832 835 1905 disciplinam
864 1846 971 1886 non
1004 1838 1087 1885 est
1118 1828 1374 1891 sortitus,
1406 1835 1571 1895 atque
1600 1838 1629 1877 a
1662 1821 1895 1892 pueritia
1938 1836 2066 1875 sen-

2173 1822 2268 1892 τῆς
2320 1822 2712 1892 προσηκούσης
2769 1820 3095 1890 ἀξιούμενος
3172 1819 3450 1889 ἀγωγῆς,
3505 1818 3758 1871 παιδόθεν

486 1927 682 1981 silibus
704 1923 919 1979 deliciis
945 1930 1029 1977 est
1060 1919 1386 1982 inebriatus,
1414 1931 1610 1972 servus
1658 1916 1764 1968 erit
1828 1913 2070 1983 turpium

488 2018 830 2088 passionum.
868 2014 949 2068 Ad
1008 2016 1168 2068 linem
1222 2026 1352 2066 vero
1408 2024 1533 2063 cum
1596 2013 1855 2076 agnoscet
1905 2018 2069 2074 quam

487 2113 628 2167 male
658 2109 825 2165 vitam
885 2104 1313 2177 consumpserit,
1353 2102 1490 2157 nihil
1524 2101 1657 2156 utile
1691 2098 1818 2155 inde
1868 2113 2071 2153 conse-

485 2212 666 2267 cutus,
698 2199 919 2257 dolebit.

558 2375 719 2430 Veus.
748 2373 838 2428 ξιτ.
854 2371 947 2425 Vir
971 2368 1396 2441 indignabundus
1422 2368 1642 2423 suscitat
1664 2367 2069 2431 contentionem,

484 2480 531 2524 et
562 2470 642 2523 vir
674 2466 965 2522 iracundus
1003 2464 1187 2535 effodit
1214 2471 1506 2533 peccatum.
1564 2459 1620 2515 Si
1653 2460 1779 2531 quis
1848 2458 2071 2529 sangui-

486 2578 609 2617 nem
641 2561 788 2616 circa
809 2574 905 2614 cor
937 2557 1171 2614 ebullire
1195 2554 1431 2613 senserit
1453 2567 1520 2608 ex
1542 2552 1706 2608 malis
1721 2551 2067 2622 excogitatis,

488 2654 576 2707 ille
603 2660 776 2707 tentat
804 2649 1099 2721 querelas;
1141 2647 1187 2703 si
1220 2646 1347 2717 quis
1402 2659 1533 2700 vero
1568 2651 1827 2699 assuetus
1858 2651 1945 2697 est
1998 2641 2065 2695 ad

488 2744 838 2800 irascendum
873 2742 1061 2807 corde,
1113 2741 1243 2796 dum
1274 2740 1560 2795 inimicum
1590 2752 1621 2791 a
1652 2752 1712 2792 se
1740 2736 1825 2791 vel
1852 2736 1920 2790 ab
1944 2734 2068 2790 aliis

487 2838 731 2908 rcpellit,
788 2835 879 2890 ille
917 2834 1163 2905 trinae(l
1191 2833 1208 2901 )
1241 2831 1602 2887 conscientiae
1637 2830 1840 2885 vulnus
1894 2829 2068 2883 mani-

489 2929 731 2986 festavit.
786 2927 889 2984 Ubi
946 2928 1091 2983 enim
1158 2925 1415 2998 prudenti
1467 2924 1705 2980 consilio
1754 2922 2066 2992 voluptates

485 3021 946 3094 concupiscentia:
974 3020 1174 3090 aliquis
1202 3034 1310 3074 non
1338 3018 1703 3083 continuerit,
1723 3017 1815 3072 ille
1833 3018 2067 3085 injurias

488 3117 615 3172 t'orti
652 3116 836 3170 animo
869 3128 977 3169 non
1017 3112 1279 3180 patietur;
1313 3109 1547 3180 ideoque
1579 3110 1745 3163 horuo
1780 3108 2063 3163 inimicum

2170 1916 2279 1967 τῶν
2304 1917 2425 1968 κατ’
2475 1914 2732 1985 αἴσθησιν
2781 1913 2953 1985 ἡδέων
3004 1914 3355 1985 κατατρυφᾷ,
3396 1912 3586 1976 δοῦλος
3610 1911 3758 1965 ἐσται

2170 2010 2394 2073 πάντως
2437 2010 2547 2062 τῶν
2595 2008 2926 2078 παραλόγων
2958 2006 3185 2060 παθῶν·
3223 2009 3281 2060 ἐν
3316 2007 3673 2078 συναισθήσει
3702 2006 3757 2060 δέ

2170 2103 2462 2174 γενόμενος
2491 2103 2551 2155 ἐν
2580 2101 2659 2172 τῷ
2682 2102 2843 2163 τέλει,
2897 2101 3130 2172 ἀλγήσει
3170 2102 3251 2164 είς
3292 2103 3488 2155 ἐαυτὸν
3536 2118 3761 2172 μεταγι-

2171 2196 2396 2250 νώσκων
2431 2195 2516 2263 ἐφ’
2549 2188 2633 2258 οἷς
2658 2192 2846 2256 κακῶς
2876 2193 2976 2265 τὴν
3026 2193 3237 2248 οἰκείαν
3265 2191 3412 2263 ζωὴν
3444 2196 3760 2266 κατηνάλω-

2172 2303 2285 2350 σεν,
2312 2288 2393 2352 εἰς
2425 2286 2591 2358 μηδὲν
2616 2286 2734 2339 δέον
2760 2284 2934 2357 ταύτῃ
2966 2285 3342 2356 χρησάμενος.

2242 2380 2347 2448 κβ’.
2386 2377 2559 2446 Ἀνὴρ
2589 2376 2890 2444 θυμώδης,
2927 2377 3181 2445 ὀρύσσει
3213 2376 3417 2444 νεῖκος
3439 2395 3455 2408 ο
3505 2377 3666 2445 ἀνὴρ
3694 2377 3759 2430 δὲ

2169 2471 2434 2542 ὀργίλος.
2460 2468 2761 2538 ἐξώρυξεν
2787 2468 3099 2539 ἁμαρτίας.
3131 2460 3361 2534 Οὖτινος
3388 2468 3452 2521 τὺ
3494 2470 3759 2539 περικάρ-

2168 2566 2280 2621 διον
2306 2558 2446 2634 αἷμα
2481 2561 2642 2617 εῐωθε
2672 2561 2819 2626 ζέειν
2849 2561 2919 2615 δι’
2942 2561 3244 2632 ὑπολήψεις
3279 2559 3493 2626 κακῶν,
3523 2562 3552 2614 ό
3584 2559 3759 2614 τοιοῦο

2169 2673 2262 2721 τος
2282 2655 2513 2727 ψηλαφᾷ
2550 2654 2883 2725 φιλονεικίαν
2903 2667 2917 2682 ⁶
2942 2652 3029 2706 ὁδ’
3050 2651 3260 2716 εἰωθὼς
3289 2652 3435 2722 ἔχειν
3472 2653 3567 2706 τὸν
3593 2652 3760 2723 θυμδν

2172 2746 2585 2819 ἐνεργούμενον,
2620 2748 2677 2800 ἐν
2697 2745 2775 2815 τῷ
2822 2745 2890 2799 δι’
2922 2744 3121 2799 ἐαυτοῦ
3149 2744 3183 2816 ἢ
3222 2744 3291 2798 δι’
3320 2746 3512 2815 ἐτέρου
3552 2745 3646 2798 τὸν
3672 2745 3758 2796 λε-

2168 2840 2449 2911 λυπηκότα
2499 2839 2836 2911 ἀμύνασθαι,
2883 2838 2952 2893 τὰ
2982 2838 3078 2893 τοῦ
3113 2839 3411 2912 τριμεροῦς
3433 2841 3534 2909 τῆς
3582 2835 3756 2908 φιλῇς

2170 2932 2590 3003 παραπτώματα
2625 2930 2983 3001 ἐξεκάλυψεν.
3007 2932 3136 2985 Ἐὰν
3157 2933 3268 3005 γὰρ
3309 2932 3383 3002 μή
3417 2948 3501 2994 τις
3530 2930 3758 2999 ἔμφρονι

2170 3024 2416 3095 λογισμῷ
2459 3024 2567 3077 τῶν
2590 3022 2712 3076 κατ’
2765 3022 3064 3093 ἐπιθυμίαν
3112 3023 3305 3077 παθῶν
3348 3019 3754 3091 ἐγκρατεύοιτο,

2172 3120 2271 3189 οὐχ
2302 3119 2567 3189 ὑπομένει
2592 3117 2736 3171 κατά
2760 3116 2934 3187 θυμὸν
2967 3116 3236 3187 ἀνδρείως
3259 3116 3329 3170 τά
3350 3115 3579 3185 θλιὸερᾶι
3599 3130 3614 3143 ·
3639 3112 3759 3165 ὅθεν

489 3208 782 3279 repellens,
830 3220 1010 3277 neque
1055 3204 1288 3275 injurias
1338 3204 1645 3266 sustinens,
1718 3201 2066 3256 convincitur

2173 3184 2314 3266 ὁτδν
2344 3184 2661 3283 λυπήσαντα
2712 3184 3083 3279 ἀμυνόμενος,
3142 3208 3216 3280 μὴ
3266 3184 3557 3278 ὑπομένων
3600 3206 3757 3268 αὐτὰ,

487 3300 775 3369 passiones
804 3297 1265 3369 concupiscentia:
1297 3312 1405 3351 non
1434 3295 1629 3351 vicisse
1663 3293 1913 3365 prudenti
1946 3308 2071 3349 con-

486 3393 629 3448 silic.

564 3480 732 3538 Vens.
766 3482 855 3537 25.
892 3481 1227 3539 Contumelia
1256 3481 1424 3534 virum
1480 3477 1751 3545 humiliat,
1801 3476 2071 3531 humiliter

490 3583 669 3626 autem
704 3573 999 3627 sentientes
1021 3571 1203 3641 ﬁrmat
1231 3570 1404 3641 gloria
1440 3568 1721 3623 Dominus.
1772 3568 1908 3623 Cum
1943 3584 2070 3638 pas-

487 3667 670 3721 siones
694 3678 723 3717 a
754 3664 959 3720 virtute
989 3662 1305 3719 deﬁcientes
1342 3661 1549 3732 aliquis
1577 3660 1793 3717 fortiter
1845 3676 2069 3731 snpera-

490 3759 650 3824 "erit,
681 3758 986 3813 timendum
1018 3766 1103 3812 est
1135 3772 1203 3811 ne
1227 3756 1485 3828 superbia
1508 3756 1700 3811 vitium
1727 3752 2069 3827 protervum,

489 3855 746 3907 virtutem
780 3850 1071 3916 excedens,
1096 3850 1350 3905 eumdem
1379 3866 1409 3905 a
1438 3850 1680 3906 culmine
1716 3850 1937 3905 honoris
1973 3848 2067 3905 Dei

488 3943 781 4013 deprimat.
846 3941 953 3997 Eos
1010 3957 1141 3997 vero
1195 3941 1290 4013 qui
1352 3941 1651 3998 humanam
1712 3942 2066 4014 fragilitatem

489 4040 852 4103 agnoverunt,
892 4041 947 4087 et
974 4031 1258 4087 humiliter
1282 4035 1552 4098 sentiunt,
1604 4031 1785 4086 ﬁrmat
1825 4032 2068 4101 potentia

486 4136 543 4178 ct
604 4125 873 4195 sapientia
922 4123 1018 4179 Dci
1072 4124 1586 4189 consubstantialis,
1650 4133 1947 4194 servatque
2013 4125 2069 4179 in

491 4217 699 4271 honore
714 4213 994 4271 salutifera
1024 4215 1199 4287 gratia
1228 4215 1471 4285 Spiritus
1500 4216 1679 4270 sancti
1710 4232 1723 4268 :
1752 4214 1897 4270 Deus
1924 4215 2069 4270 enim

488 4308 742 4382 superbis
777 4308 1005 4373 resistit,
1039 4307 1334 4363 humilibus
1367 4317 1547 4363 autem
1578 4308 1671 4363 dat
1698 4309 1954 4379 gratiam.

558 4488 728 4543 Vsus.
768 4487 861 4554 24,
901 4487 993 4541 25.
1031 4487 1133 4552 Qui
1182 4488 1467 4557 participat
1518 4489 1650 4559 furi,
1674 4487 1806 4542 'odit
1835 4490 2069 4543 animam

486 4596 664 4644 suam;
690 4580 737 4633 si
751 4590 926 4634 autem
941 4580 1304 4648 juramentum
1325 4583 1650 4650 propositum
1664 4598 1766 4635 non
1788 4585 2069 4637 annuntia-

488 4672 675 4738 rerint,
710 4673 949 4726 timentes
982 4682 1029 4727 et
1049 4673 1259 4727 reveriti
1277 4673 1535 4737 homines,
1560 4675 1895 4745 supplantati
1921 4686 2069 4741 sunt;

487 4769 576 4836 qui
612 4776 791 4820 autem
819 4767 1039 4837 conﬁdit
1084 4768 1137 4820 in
1176 4766 1421 4829 Domino,
1451 4765 1765 4821 salvabitur.
1816 4766 2069 4837 Rapienti

489 4865 667 4918 aliena
691 4864 735 4919 si
750 4864 1120 4927 consenseris,
1147 4864 1228 4918 vel
1255 4863 1553 4919 auxiliatus
1584 4864 1772 4927 lueris,
1796 4868 2071 4933 particeps

488 4954 685 5025 ιπαιιιιο
719 4968 843 5008 cum
871 4970 958 5021 eo,
990 4964 1093 5009 tuae
1115 4954 1314 5009 animus
1341 4956 1711 5021 iusidiaberis,
1752 4972 1982 5026 eamque
2004 4957 2071 5011 ad

489 5048 715 5103 exitium
760 5048 949 5119 prodis
1008 5048 1274 5117 libenter;
1307 5049 1467 5104 ambo
1514 5050 1717 5106 mutuis
1744 5050 2075 5121 juramentis

490 5142 816 5199 constrictos
858 5141 927 5197 de
972 5141 1185 5197 nefario
1230 5142 1468 5198 consilio
1496 5157 1606 5197 non
1645 5141 2070 5207 manifestando,

490 5237 653 5305 idque
692 5248 919 5304 pravum
944 5232 1124 5289 foedus
1153 5240 1434 5289 servantes
1489 5234 1536 5289 si
1582 5250 1688 5290 non
1725 5236 1956 5307 detegis,
2003 5252 2071 5291 ne

491 5325 707 5395 agnitus
739 5325 947 5395 justam
989 5324 1273 5379 hominum
1327 5326 1680 5398 ignominiam
1731 5336 1785 5382 ct
1848 5343 2065 5399 pinnam

489 5416 761 5479 ohtineas,
796 5428 951 5470 erras
981 5412 1034 5468 in
1062 5412 1201 5480 hoc;
1237 5414 1307 5469 ob
1333 5430 1452 5470 eam
1480 5430 1701 5471 causam
1730 5432 1891 5487 quam
1932 5417 2069 5472 dixi-

2170 3304 2454 3375 ἐλέγχεται
2483 3303 2557 3374 μὴ
2584 3302 2693 3355 τῶν
2710 3300 2831 3354 κατ’
2863 3299 3169 3371 ἐπιθυμίαν
3197 3299 3392 3353 παθῶν
3424 3297 3761 3369 ἐγκρατευό-

2173 3410 2335 3466 μενος
2359 3393 2596 3463 ἔμφρονι
2626 3389 2898 3461 λογισμῷ.

2241 3484 2348 3555 κγ’.
2378 3487 2572 3553 Ὕϐρις
2608 3485 2805 3554 ἄνδρα
2852 3481 3158 3537 ταπεινοῖο
3205 3481 3349 3547 τοὺς
3380 3479 3449 3534 δὲ
3480 3481 3755 3534 ταπεινό-

2170 3595 2399 3649 φρονας
2423 3577 2637 3646 ἐρείδει
2668 3576 2817 3644 δόξῃ
2840 3577 3077 3643 Κύριος.
3114 3574 3218 3627 Τὸν
3248 3574 3515 3643 γενναίοις
3543 3572 3614 3625 τά
3642 3572 3759 3624 κατ’

2169 3670 2409 3740 ἔλλειψιν
2438 3670 2536 3740 τῆς
2553 3670 2754 3739 ἀρετῆς
2786 3668 2937 3740 πάθη
2959 3667 3472 3729 καταπαλαίσαντα,
3506 3664 3651 3717 ἔστιν
3671 3665 3761 3718 ὅτε

2168 3762 2229 3815 τὸ
2260 3760 2381 3814 καθ’
2410 3758 2713 3830 ὑπερϐολὴν
2742 3759 2944 3828 ταύτης
2996 3759 3314 3826 ὑϐριστικὸν
3350 3757 3451 3826 τῆς
3478 3758 3764 3827 ὑπερηφα-

2169 3852 2289 3916 νίας
2314 3849 2508 3915 πάθος,
2532 3850 2625 3904 τοῦ
2646 3854 2745 3920 τῆς
2779 3852 2931 3922 παρὰ
2963 3850 3084 3921 Θεῷ
3112 3850 3277 3920 τιμῆς
3304 3848 3474 3919 ὕψους
3496 3850 3728 3917 κατάγει
3745 3865 3759 3879 ·

2168 3944 2297 4006 τοὺς
2325 3942 2381 3995 δὲ
2408 3944 2506 4013 τῆς
2536 3940 2891 4013 ἀνθρωπίνης
2916 3940 3203 4004 ἀσθενείας
3230 3942 3639 4010 ἐπιγνώμονας,
3668 3939 3762 3992 καὶ

2171 4034 2610 4106 μετριόφρονας,
2674 4032 2920 4104 στηρίξει
2970 4033 3007 4103 ὴ
3063 4032 3431 4093 ἐνυπόστατος
3471 4030 3567 4083 τοῦ
3625 4029 3761 4084 Θεοῦ

2171 4129 2333 4198 σοφία
2365 4129 2461 4180 καὶ
2483 4126 2739 4196 δύναμις,
2789 4124 3008 4196 τιμίους
3056 4123 3283 4187 τούτους
3329 4120 3666 4191 διατηροῦσα
3692 4124 3760 4192 τῇ

2172 4223 2414 4291 σωστικῇ
2470 4219 2566 4272 τοῦ
2632 4219 2903 4286 παναγίου
2972 4215 3288 4287 Πνεύματος
3345 4215 3762 4285 χάριτι·ύπερ-

2172 4314 2401 4383 ηφάνοις
2438 4311 2547 4382 γὰρ
2585 4311 2613 4363 ὁ
2633 4309 2835 4381 Κύριος
2868 4308 3575 4369 ἀντιτάσσεταιοταπεινοῖς
3606 4305 3659 4357 δὲ
3682 4304 3763 4357 δί-

2170 4406 2303 4459 δωσι
2337 4406 2520 4475 χάριν.

2245 4499 2343 4563 κδ’,
2378 4506 2477 4553 κε’.
2513 4502 2620 4564 Ὃς
2638 4499 2927 4568 μερίςεται
2945 4496 3199 4562 κλέπτῃ,
3218 4494 3389 4564 μισεῖ
3403 4495 3519 4562 τὴν
3543 4496 3764 4551 ἑαυτοῦ

2175 4590 2387 4661 ψυχήν
2410 4606 2422 4619 ’
2466 4590 2575 4643 ἐὰν
2602 4591 2714 4659 γὰρ
2736 4592 2915 4657 ὅρκου
2953 4587 3362 4656 προτεθέντος,
3386 4588 3763 4653 ἀκούσαντες

2171 4684 2255 4755 μὴ
2284 4684 2629 4754 ἀγγείλωσι,
2653 4681 3017 4753 φοϐηθέντες
3054 4684 3152 4735 καὶ
3187 4684 3624 4751 αισχυνθέντες
3656 4682 3765 4735 ἁν-

2178 4773 2468 4842 θρώπους,
2492 4775 3039 4839 ὑπεσκελίσθησαν
3068 4790 3083 4805 ι
3142 4776 3175 4826 ό
3212 4772 3283 4826 δὲ
3322 4772 3625 4835 πεποιθὼς
3662 4772 3762 4825 ἐπὶ

2176 4868 2390 4935 Κυρίῳ,
2421 4866 2923 4935 εὐφρανθήσεται.
2950 4867 3012 4920 '0
3050 4866 3127 4937 τῷ
3155 4866 3385 4919 συλῶντι
3411 4865 3477 4918 τὰ
3506 4865 3765 4937 ἀλλότρια

2181 4960 2535 5025 συνευδοκῶν,
2559 4960 2593 5031 ἢ
2619 4960 2712 5014 καὶ
2736 4959 3128 5030 συμπράττων,
3153 4958 3329 5029 τούτῳ
3352 4958 3524 5011 ταῦτα
3552 4975 3766 5027 συμμε-

2182 5052 2486 5123 ριζόμενος,
2552 5055 2620 5121 τῇ
2680 5051 2788 5121 ἰδίᾳ
2849 5050 3194 5103 ἐπιϐουλεύει
3236 5050 3407 5120 ψυχῇ,
3458 5050 3766 5120 αὐθαιρέτῳ

2174 5147 2371 5218 γνώμῃ
2403 5144 2606 5216 ταύτην
2628 5144 2957 5216 παραδιδοὺς
2988 5144 3067 5205 εἰς
3096 5142 3372 5196 ἀπώλειαν
3394 5160 3408 5174 ο
3451 5144 3501 5196 εἰ
3526 5144 3571 5197 δ’
3598 5139 3763 5205 οὗτοι,

2172 5238 2356 5309 ὅρκοις
2378 5238 2636 5308 ἀλλήλους
2662 5236 3176 5306 καταδεσμήσαντες
3205 5236 3279 5306 μὴ
3317 5236 3677 5306 δημοσιεῦσαι
3705 5238 3764 5290 τὸ

2177 5328 2421 5381 τοιοῦτον
2450 5327 2802 5397 σκαιώρημα,
2830 5329 2924 5379 κατ.
2960 5326 3059 5388 τὰς
3093 5326 3187 5379 ἐπὶ
3218 5327 3371 5395 κακῷ
3396 5326 3765 5397 συνωμοσίας.

2177 5421 2535 5492 τηρήσαντες,
2558 5421 2631 5491 μὴ
2649 5419 2803 5473 τοῦτο
2814 5418 3240 5488 ἀνακαλύψουσι,
3256 5419 3552 5482 δεδοικότες
3572 5420 3769 5490 μήπως

2007 5562 2241 5619 NOTAE.

560 5648 846 5720 (UQumri
882 5648 1215 5722 potestquid
1269 5649 1344 5722 sit
1368 5650 1798 5722 intelligendum
1850 5667 1945 5722 per
1980 5654 2072 5706 tri-

494 5737 615 5773 nam
645 5723 881 5773 animam
913 5719 1231 5791 (τριμεροῦς
1253 5719 1486 5789 ψυχῆς);
1521 5719 1646 5776 sunt
1670 5731 1787 5789 tres
1816 5719 2071 5791 potentia}

494 5791 710 5855 διήκειν.
742 5791 805 5845 de
830 5790 1031 5859 quibus
1057 5806 1199 5860 saepe
1232 5792 1471 5862 loquitur
1507 5804 1733 5849 sanctus
1792 5790 2063 5851 Thomas:

2182 5653 2515 5715 intellectus,
2562 5651 2844 5723 λογισμὸς,
2890 5653 2972 5707 vis
2998 5653 3466 5723 concupiscibilis,
3497 5652 3762 5718 ἐπιθυμία

2177 5732 2232 5778 et
2281 5724 2364 5777 vis
2422 5724 2739 5796 irascibilis,
2775 5723 2987 5796 θυμόςε
3026 5724 3462 5796 uniuscujusque
3511 5726 3760 5796 pliellliic

2177 5802 2335 5852 actus
2372 5801 2502 5850 sunt
2534 5794 2755 5850 aliunde
2790 5795 2925 5851 satis
2957 5795 3185 5866 COguiti.
3222 5795 3365 5850 EDIT.
