4054 6530
390 333 525 398 1521
1423 346 1954 413 COMMENTARII

2062 357 2072 418 l
2133 358 2592 425 PROVERBIA.
3516 364 3653 429 1522

386 446 817 518 φανερωθέντες,
852 452 919 523 τῇ
947 454 1076 524 παρ’
1097 452 1403 526 ἀνθρώπιον
1420 460 1776 534 προσηκούσῃ
1804 481 1949 533 τιμω

2080 485 2221 538 Inus,
2261 474 2482 531 noluisti
2518 477 2810 535 imminens
2842 477 3008 534 menti
3033 484 3087 534 et
3108 477 3327 549 corpori
3352 478 3657 549 periculum

386 540 504 608 p’qz,
538 540 635 593 καὶ
672 540 906 613 αἰσχύνῃ
947 543 1295 610 ὐποπέσοιεν,
1328 547 1690 619 ἠπατήθησαν
1715 564 1727 578 '
1749 552 1838 605 διὰ
1870 553 1954 624 τὴι

2083 562 2342 634 effugere.
2379 568 2482 633 Qui
2519 576 2701 625 autem
2742 570 2970 626 conlidit
3003 570 3059 625 in
3106 540 3224 626 Deo
3263 540 3655 640 omnipotenti,

381 632 687 703 εἰρημένην
705 634 906 697 αἰτίαν,
942 635 1035 688 τὸν
1086 637 1451 707 ἀποκείμενον
1503 641 1690 706 αὐτοῖς
1738 643 1954 715 ψυχικόπ

2082 653 2490 728 humanumque
2523 662 3045 733 timoremspernit,
3082 662 3363 718 laetabitur
3420 677 3656 718 securus

378 740 440 829 τε
468 724 564 778 καὶ
585 726 898 796 σωματικὸν
928 728 1172 785 κίνδυνον
1200 732 1462 801 ἐκφυγεῖν
1508 734 1583 806 μὴ
1617 734 1954 807 θελήσαντες.

2076 759 2104 798 a
2143 748 2388 815 pernicie
2417 753 2620 808 mentis
2654 763 2710 809 et
2739 754 2992 824 corporis
3022 772 3035 809 :
3069 754 3164 824 qui
3205 756 3350 811 enim
3404 753 3653 809 nondum

409 813 522 913 oss
572 813 792 886 θαρρῶν
850 819 944 873 ἐπὶ
991 820 1071 891 τῷ
1131 824 1526 895 παντοδυνάμῳ
1571 826 1711 897 Θεῷ,
1738 829 1954 883 καὶτοῦ

2072 840 2363 894 convictus
2425 857 2585 897 suum
2654 851 2939 913 peccatum
2995 845 3311 909 conﬁtetur,
3350 858 3464 897 non
3488 840 3654 896 modo

379 904 727 976 ἀνθρωπίνου
757 908 925 977 φόϐου
962 912 1340 984 καταφρονῶν,
1372 916 1792 989 χαρήσεταιτῆς
1820 921 1954 975 κατά

2069 931 2374 1000 spirituale,
2414 934 2508 990 sed
2568 939 2734 991 etiam
2777 936 3059 1007 corporale
3092 936 3394 1008 periculum
3434 935 3478 990 si
3505 932 3655 989 acci-

377 997 558 1068 ψυχὴν
590 1000 686 1053 καὶ
713 1001 874 1072 σῶμα
899 1002 1105 1074 βλάϐης
1129 1006 1465 1076 ἀπαλλαγείς
1498 1022 1514 1039 ’
1539 1009 1633 1063 καὶ
1650 1010 1758 1081 γὰρ
1787 1013 1815 1064 ὁ
1853 1013 1954 1086 πρὸ

2064 997 2224 1083 derit,
2256 997 2463 1075 vitabit.

278 1126 289 1132 -
378 1091 487 1145 τῶν
508 1092 775 1188 ῌέλέγχων
807 1093 868 1148 τὸ
895 1096 1095 1151 οἰκεῖον
1115 1098 1423 1170 ἁμάρτημα
1443 1100 1963 1174 ἐξομολογούμενος,
1999 1104 2061 1159 ού
2088 1107 2249 1178 μόνον
2279 1111 2373 1164 τοῦ
2395 1111 2627 1184 ψυχικοῦ
2650 1116 2921 1182 κινδύνου,
2954 1115 3091 1171 ἀλλὰ
3134 1116 3229 1170 καὶ
3301 1115 3396 1169 τοῦ
3464 1132 3654 1188 σωμα-

379 1184 555 1249 τικοῦ,
587 1187 636 1238 εί
670 1186 981 1257 πρόκειται,
1005 1189 1431 1247 ἀπαλλάττεται;

462 1277 723 1332 Ἂσέϐεια
743 1278 917 1349 ἀνδρὶ
968 1279 1180 1336 δίδωσι
1212 1284 1504 1354 σφάλματ’
1546 1284 1615 1353 ὃς
1654 1286 1724 1341 δὲ
1766 1288 1954 1344 minae

2136 1293 2390 1366 Impietas
2424 1298 2535 1353 viro
2579 1299 2672 1353 dat
2711 1302 3123 1371 prolapsionem;
3156 1302 3249 1372 qui
3279 1310 3454 1355 autem
3486 1300 3647 1368 conﬁ-

381 1378 489 1424 θεν
511 1370 611 1424 ἐπὶ
631 1369 711 1436 τῷ
738 1373 1034 1441 Δεσπότῃ,
1066 1375 1427 1444 σωθήσεται.
1460 1377 1534 1430 Τὸ
1566 1379 1641 1450 μὴ
1672 1398 1725 1433 τι
1737 1383 1847 1452 μᾷν
1874 1381 1954 1435 τὸι

2064 1388 2141 1442 dit
2166 1390 2221 1443 in
2256 1388 2508 1454 Domino,
2533 1369 2940 1449 salvabituraSi
2965 1395 3091 1465 quis
3121 1369 3291 1449 Deum
3328 1407 3438 1448 non
3472 1392 3651 1447 hono-

379 1461 533 1525 Θεὸν,
574 1464 632 1515 ἐν
659 1461 739 1532 τῷ
764 1464 839 1533 μὴ
862 1464 1180 1536 προκρίνειν
1203 1467 1426 1522 πάντων
1450 1468 1547 1541 τὴν
1576 1470 1742 1525 αὑτοῦ
1769 1472 1954 1544 εὐαρέ-

2064 1488 2169 1545 Pal.
2225 1496 2422 1552 nempe
2475 1484 2523 1540 si
2575 1461 2997 1553 beneplacitum—
3030 1484 3151 1552 ejus
3207 1485 3360 1540 omni
3418 1484 3497 1539 rei
3535 1499 3647 1538 non

384 1570 594 1623 στησιν,
632 1554 770 1625 μηδὲ
804 1554 1028 1627 θαρρεῖν
1058 1558 1146 1610 ἐπ’
1193 1559 1344 1630 αύτῷ
1373 1561 1429 1613 ἐν
1466 1564 1602 1615 πᾶσι
1631 1564 1744 1626 τοῖς
1782 1564 1954 1633 ἐγχεια

2062 1572 2351 1641 ριίεροηίῑ,
2411 1572 2458 1628 si
2511 1588 2622 1629 non
2683 1574 2741 1629 in
2792 1574 3050 1630 onmihus
3102 1574 3221 1629 suis
3277 1571 3513 1642 inceptis
3556 1571 3649 1625 ille

383 1646 650 1715 ρήμασιν,
681 1644 937 1716 προξενεῖ
953 1647 1031 1718 τῷ
1063 1649 1208 1703 κατὰ
1252 1650 1485 1719 θεωρίαν
1522 1653 1784 1724 ἢπρᾶξιν
1824 1671 1954 1726 καρ-

2070 1662 2475 1731 cupidissimus
2523 1663 2904 1738 intelligentiae
2959 1673 3016 1721 et
3074 1664 3298 1719 virtutis
3350 1671 3534 1718 mente
3591 1670 3648 1718 et

380 1737 553 1808 τερῶς
601 1737 988 1809 ἐπιχειροῦντι,
1032 1740 1236 1809 γνῶσιν
1281 1742 1315 1814 ἢ
1358 1744 1562 1816 ἀρετὴν
1613 1746 1950 1818 κατορθοῦν,

2062 1753 2335 1809 voluntate
2367 1756 2850 1825 acquirendarum,
2892 1772 2923 1813 a
2956 1772 3084 1815 vero
3111 1764 3167 1812 et
3189 1757 3332 1812 bono
3354 1754 3590 1818 decidet,
3618 1770 3650 1809 a

380 1831 827 1902 παρασφαλῆναι,
867 1831 979 1887 εἴτε
1004 1834 1103 1905 τῆς
1131 1835 1412 1906 ἀληθείας,
1445 1836 1556 1892 εἴτε
1582 1839 1679 1893 τοῦ
1706 1840 1913 1908 ἀγαθοῦ
1944 1856 1954 1871 ·

2070 1860 2201 1900 vero
2227 1847 2470 1916 quidem,
2492 1848 2539 1904 si
2576 1850 2820 1905 scientiae
2844 1850 3034 1916 instat,
3066 1850 3193 1921 quia
3218 1848 3340 1904 ﬁnis
3371 1847 3539 1904 studii
3566 1854 3651 1903 est

378 1924 479 1994 τῆς
506 1923 627 1995 μὲν,
688 1926 848 1997 εἰπερ
895 1926 981 1998 εἴη
1023 1928 1086 1982 τὸ
1136 1928 1445 2002 ἐγχείρημα
1489 1923 1844 2004 θεωρητικὺν,
1876 1933 1954 1988 ὅτι

2066 1939 2288 2002 veritas,
2313 1945 2369 1992 et
2387 1936 2526 1995 Deus
2554 1941 2960 1996 estnecessaria
2977 1941 3202 2006 veritas;
3222 1954 3251 1992 a
3278 1937 3505 2001 bono,si
3527 1953 3654 2008 aga-

378 2016 528 2079 τέλος
561 2017 593 2087 ή
626 2015 852 2088 ἀλήθεια
899 2019 1011 2074 τῶν
1056 2021 1348 2089 γνωστῶν,
1396 2022 1475 2086 ὡς
1512 2023 1783 2096 ἀλάθητον
1816 2041 1959 2094 γνω-

378 2109 537 2164 στόν*
568 2110 663 2165 τοῦ
692 2111 769 2177 δὲ,
801 2112 961 2186 ειπερ
1006 2114 1125 2169 ἐστὶ
1187 2117 1511 2188 πρακτικὸν,
1550 2119 1631 2172 ὃτι
1665 2118 1820 2183 τέλος
1846 2119 1957 2173 τῶν

378 2204 703 2276 πρακτικῶν
753 2206 817 2260 ea
882 2208 1108 2277 ἀγαθὸν,
1156 2210 1233 2274 ὡς
1283 2210 1510 2282 ἔσχατον
1548 2214 1811 2284 ὀρεκτόν’
1840 2215 1870 2268 ὁ
1897 2213 1959 2268 δὲ

376 2294 598 2365 θαρρῶν
634 2294 729 2348 ἐπὶ
750 2294 828 2366 τῷ
878 2297 1191 2369 κυριεύοντι
1239 2300 1457 2354 πάντων
1494 2301 1638 2373 Θεῷ,
1663 2301 1742 2367 ὡς
1762 2305 1958 2359 τοῦτον

374 2387 433 2436 ἐν
461 2384 636 2439 ἅπασι
692 2387 998 2457 προτιμῶν,
1060 2390 1156 2443 καὶ
1185 2390 1433 2445 σπεύδων
1481 2392 1575 2446 ἐπὶ
1619 2395 1756 2448 πᾶσι
1782 2394 1959 2467 τούτῳ

375 2476 713 2549 εὐαρεστεῖν,
758 2478 1005 2550 μετάσχῃ
1032 2480 1140 2534 τῶν
1167 2481 1310 2551 ὑπὲρ
1330 2481 1497 2551 φύσιν
1524 2484 1688 2538 αὐτοῦ
1705 2485 1959 2557 ξδωρεῶν,

373 2571 510 2641 ὅπερ
537 2571 613 2635 ὡς
641 2571 879 2635 πίστεως
910 2572 1066 2637 τέλος
1084 2574 1330 2645 σωτηρία
1362 2576 1499 2640 ἐστὶ,
1523 2578 1705 2631 πᾶσαν
1726 2577 1956 2646 ἄγνοιαν

374 2663 467 2716 καὶ
492 2660 689 2716 κακίαν
708 2662 1007 2732 διαφυγὼν,
1042 2659 1240 2734 οἷάπερ
1285 2665 1360 2735 μὴ
1390 2666 1776 2738 διαμαρτήσας
1792 2668 1950 2734 Θεοῦ,

372 2753 511 2809 ἀλλὰ
538 2754 677 2809 κατὰ
708 2754 914 2823 γνῶσιν
962 2755 1060 2809 καὶ
1112 2754 1314 2825 ἀρετὴν
1346 2754 1539 2809 τούτου
1568 2756 1867 2826 ἐπιτυχὼν,
1891 2759 1951 2822 ὃς

374 2848 522 2901 ἐστιν
554 2848 592 2919 ἠ
623 2845 852 2917 ἀλήθεια
878 2846 1057 2901 καὶτὸ
1081 2846 1283 2915 ἀγαθόν
1303 2862 1318 2878 ’
1347 2846 1410 2901 τὸ
1470 2848 1568 2918 μὲν
1594 2849 1724 2902 ὅταν
1753 2850 1820 2902 ἐκ
1848 2848 1952 2919 τῆς

2067 2037 2157 2081 tur
2178 2027 2245 2082 de
2272 2029 2509 2094 actibus,
2542 2031 2666 2099 quia
2704 2030 2826 2086 linis
2856 2042 3012 2085 actus
3050 2038 3131 2086 est
3167 2030 3395 2094 bonum,
3417 2035 3471 2082 et
3506 2026 3649 2084 Deus

2062 2127 2148 2175 est
2174 2134 2490 2191 supremum
2538 2123 2764 2178 bonum.
2798 2124 2903 2192 Qui
2936 2130 3116 2179 autem
3167 2121 3390 2178 conlidit
3436 2121 3491 2176 in
3534 2119 3643 2174 Deo

2063 2212 2699 2285 omnipotenti.eumque
2722 2215 2774 2269 in
2811 2215 2957 2269 onmi
2996 2230 3056 2271 re
3083 2214 3341 2280 honorat,
3372 2220 3427 2267 et
3456 2210 3645 2267 studet

2064 2300 2113 2355 ei
2138 2300 2355 2371 placere
2372 2302 2427 2357 in
2457 2304 2733 2370 omnibus,
2761 2306 3032 2376 particeps
3056 2305 3163 2361 erit
3177 2303 3298 2374 ejus
3324 2308 3648 2372 supernatu-

2067 2391 2262 2445 ralium
2287 2392 2558 2448 donorum
2577 2435 2594 2461 ,
2622 2393 2681 2450 id
2703 2406 2789 2452 est
2840 2395 3025 2452 salvus
3052 2396 3180 2461 erit,
3204 2394 3273 2450 ad
3294 2392 3441 2465 quod
3468 2390 3647 2445 tendit

2071 2481 2205 2537 ﬁdes
2229 2500 2246 2549 ;
2271 2485 2419 2539 omni
2459 2500 2649 2542 errore
2689 2495 2743 2541 et
2774 2488 3025 2557 nequitia
3062 2486 3303 2550 evitatis,
3343 2499 3453 2539 non
3478 2481 3645 2536 amit-

2065 2581 2161 2639 tet,
2195 2575 2289 2630 sed
2343 2576 2445 2632 ﬁde
2479 2586 2533 2631 et
2587 2578 2791 2634 virtute
2846 2579 3015 2634 Deum
3068 2578 3359 2638 obtinebit,
3413 2575 3506 2646 qui
3562 2581 3648 2629 est

2070 2666 2276 2721 veritas
2310 2676 2366 2722 et
2400 2668 2651 2737 bonum;
2691 2686 2858 2725 unum
2909 2686 2972 2725 ex
3024 2678 3244 2733 natura,
3300 2669 3530 2723 alterum
3580 2681 3646 2721 ex

2057 2758 2334 2827 operibus,
2401 2760 2673 2829 siquidem
2707 2762 2911 2817 veritas
2932 2770 3019 2816 est
3049 2758 3408 2815 immutabilis
3442 2766 3497 2813 et
3545 2755 3648 2810 bo-

2056 2864 2185 2904 num
2218 2865 2338 2905 sese
2369 2852 2531 2907 nobis
2568 2852 3012 2907 accommodans.

372 2940 584 3004 οὐσίας,
631 2938 693 2993 τὸ
743 2938 790 2993 δ’
831 2939 960 2994 ὅταν
991 2938 1080 2991 ἐκ.
1105 2939 1215 3009 τῆς
1242 2940 1527 3011 ἐνεργείας
1573 2940 1724 2996 δοκεῖ
1749 2940 2146 3014 σημαίνεσθαι·
2174 2941 2445 3013 ἄτρεπτον
2477 2941 2587 3014 γὰρ
2611 3010 2615 3011 ί
2642 2942 2923 3014 ἡάλήθεια
2946 2959 2961 2973 ·
3033 2943 3387 3013 εύαρεστικὸν
3457 2941 3516 2994 δέ
3587 2942 3649 2997 τὸ

373 3037 607 3105 ἀγαθόν.

444 3136 559 3195 κς’.
584 3128 807 3183 Πολλοί
844 3131 1246 3199 θεραπεύουσι
1260 3133 1555 3200 πρόσωπα
1574 3131 1946 3202 ἡγουμένων

2122 3127 2290 3185 Vsus.
2334 3126 2426 3183 26.
2468 3125 2630 3180 Multi
2665 3125 2842 3179 colunt
2876 3123 3037 3191 facies
3071 3123 3284 3188 ducum,
3329 3139 3362 3176 ιι
3424 3121 3648 3175 Domino
3694 3150 3697 3155 ί

374 3222 534 3292 ,παρὰ
552 3221 616 3275 δὲ
644 3222 865 3289 Κυρίου
886 3222 1112 3290 γίνεται
1136 3223 1203 3277 τὸ
1229 3222 1466 3277 δίκαιον
1485 3222 1660 3292 ἀνδρί
1668 3265 1681 3279 .
1708 3223 1955 3277 Πλεῖστοι

374 3318 501 3379 τοὺς
525 3314 878 3385 προεστῶτας
920 3316 1002 3378 είς
1045 3315 1339 3385 πρόσωπον
1385 3315 1714 3386 θεραπεύειν
1746 3317 1956 3387 ἐπιχει-

378 3403 563 3474 ροῦσιν
584 3444 600 3468 ,
640 3406 705 3459 ἵν’
732 3405 968 3459 εύνοῖκοὶ
990 3405 1200 3470 τούτοις
1238 3405 1512 3471 δόξαντες,
1540 3408 1643 3478 τὴν
1669 3407 1955 3478 εὐμένειαν

374 3496 557 3551 αὐτῶν
578 3497 1004 3551 ἐπισπάσωνται
1029 3513 1047 3530 ⁶
1080 3498 1233 3570 παρὰ
1257 3497 1315 3551 δὲ
1336 3496 1433 3551 τοῦ
1457 3499 1528 3553 τὰ
1558 3498 1738 3553 πάντα
1753 3499 1957 3562 είδότος

374 3588 656 3642 Δεσπότου
674 3588 784 3642 τῶν
799 3588 937 3644 ὅλων
957 3589 1118 3654 Θεοῦ,
1149 3589 1461 3643 ἀποδίδοται
1503 3590 1720 3662 ἑκάστῳ
1757 3592 1791 3663 ὴ
1820 3591 1955 3647 ἀνά-

374 3680 534 3762 λογος
555 3681 870 3752 ἀντιμισθία
895 3684 961 3752 τῇ
1016 3681 1254 3735 διαθέσει
1285 3681 1452 3735 αὐτοῦ
1479 3697 1494 3712 ο
1530 3681 1627 3737 καὶΙ
1653 3681 1757 3736 οὐκ
1797 3681 1955 3737 ἐσται

375 3774 484 3827 τινὶ
508 3772 570 3839 ἐξ
587 3774 931 3846 ὑποκρίσεως
959 3774 1219 3843 ὠφέλεια.

447 3863 548 3929 κζ’.
576 3865 891 3936 Βδέλυγμα
910 3866 1136 3933 δικαίῳ,
1158 3864 1315 3947 duim
1366 3864 1575 3932 ἄδικος
1592 3882 1606 3898 ·
1630 3865 1953 3935 βδέλυγμα

374 3951 445 4008 δὲ
499 3956 719 4026 ἀνόμῳ,
748 3957 1201 4012 κατευθύνουσα
1249 3956 1409 4023 ὁδός.
1451 3958 1698 4027 Μισητὺς
1731 3957 1850 4028 Θεῷ
1874 3957 1955 4029 τῷ

374 4048 678 4102 ἀποδιδόντι
698 4049 915 4119 ἑκάστῳ
946 4049 1091 4104 κατὰ
1114 4049 1185 4103 τὰ
1210 4049 1348 4121 ἔργα
1379 4048 1565 4113 αὐτοῦ,
1611 4051 1640 4102 ὁ
1681 4049 1757 4120 μὴ
1808 4051 1952 4104 κατὰ

377 4138 502 4201 τοὺς
535 4138 734 4209 νόμους
779 4138 969 4193 τούτου
1025 4138 1476 4210 πολιτευόμενος,
1513 4138 1589 4202 ὡς
1623 4139 1954 4209 παραϐάτης

374 4231 481 4284 τῶν
509 4230 669 4285 θείων
712 4231 876 4286 αὐτοῦ
935 4232 1163 4286 ἐντολῶν
1187 4247 1203 4263 ο
1253 4227 1454 4303 μισητὴ
1479 4230 1538 4284 δὲ
1568 4230 1647 4301 τῷ
1678 4229 1954 4301 παραϐαί-

375 4341 519 4377 νοντι
546 4323 768 4391 ταύτας,
799 4325 986 4397 ήπρδς
1012 4325 1287 4397 σωτηρίαν
1308 4323 1725 4395 ἁπαρεγκλίτως
1742 4323 1953 4392 ἄγουσα

374 4416 629 4489 ἐνάρετος
656 4417 922 4482 πολιτεία,
947 4418 1024 4482 ὡς
1039 4420 1267 4491 τραχεῖά
1291 4435 1351 4472 τε
1383 4419 1478 4472 καὶ
1510 4416 1797 4481 ἐπίπονος.

970 4549 1225 4603 ΚΕΦΑΛ.
1270 4550 1351 4602 Λ’.

446 4691 515 4739 α’.
534 4685 679 4753 Τοὺς
698 4670 1134 4756 ἐμοὺςλόγους,
1165 4685 1279 4750 υἱὲ,
1306 4685 1619 4755 φοϐήθητι,
1652 4683 1752 4737 καὶ
1780 4682 1954 4748 δεξά-

370 4793 557 4847 μενος
581 4777 804 4844 αὐτοὺς
832 4778 1131 4847 μετανόει.
1158 4777 1267 4840 Τὰς
1292 4776 1429 4847 ἐμὰς
1455 4774 1696 4839 ἐντολὰς,
1718 4776 1952 4838 τεκνίον,

380 4871 456 4939 μὴ
484 4867 806 4938 περιφρόνει
829 4883 842 4897 ·
870 4869 983 4932 τοῖς
1011 4868 1056 4921 δ’
1086 4866 1190 4920 ὠσί
1215 4884 1309 4920 σου
1333 4865 1539 4929 ταύτας
1566 4863 1954 4936 παραδεξάμε-

375 4979 488 5025 νον,
521 4961 605 5030 ὲφ’
640 4956 722 5024 οἷς
751 4961 1021 5032 ἥμαρτες,
1062 4960 1469 5031 μεταγίνωσκε.

447 5051 600 5107 Τάδε
631 5052 791 5123 λέγει
839 5055 873 5107 ὁ
922 5052 1076 5121 ἀνὴρ
1119 5051 1243 5118 τοῖς
1276 5050 1637 5105 πιστεύουσι
1681 5051 1823 5116 Θεῷ,
1856 5050 1956 5105 καὶ

380 5143 660 5209 παύομαι.
687 5142 872 5197 Ταῦτα
901 5144 928 5196 ὁ
954 5142 1250 5213 ἀνδρωθεὶς
1269 5143 1328 5195 ἐν
1355 5141 1434 5212 τῷ
1459 5142 1709 5211 γενέσθαι
1739 5143 1955 5212 άληθῶς

375 5235 681 5305 ἅνθρωπος,
719 5236 1017 5305 μονογενὴς
1044 5235 1138 5290 τοῦ
1171 5235 1305 5289 Θεοῦ
1336 5234 1464 5297 Υίὸς
1512 5234 1608 5289 καὶ
1650 5235 1843 5304 Λόγος,
1877 5236 1955 5289 διο

373 5327 561 5382 δάσκει
593 5328 721 5391 τοὺς
764 5328 1122 5391 πιστεύοντας
1150 5327 1326 5399 αύτῷ,
1360 5328 1436 5391 ὼς
1470 5326 1622 5396 Θεῷ’
1656 5329 1751 5381 καὶ
1783 5346 1957 5381 κατα-

373 5415 570 5471 παύσω
624 5416 790 5481 αὐτὸς
845 5418 940 5473 τοῦ
994 5423 1213 5489 φρονεῖν
1259 5420 1479 5482 πάντως
1532 5418 1602 5471 τὰ
1665 5420 1764 5489 τῆς
1820 5437 1948 5492 σαρ-

375 5506 491 5571 κός.

448 5600 511 5669 β’.
555 5600 1031 5669 Ἀφρονέστατος
1057 5604 1166 5673 γάρ
1196 5605 1311 5672 ειμι
1335 5604 1577 5658 πάντων
1597 5604 1948 5672 ἀνθρώπων,

375 5689 472 5742 καὶ
504 5693 800 5759 φρόνησις
828 5692 1155 5761 ἀνθρώπων
1185 5696 1297 5747 οὐκ
1328 5695 1499 5747 ἔστιν
1526 5698 1595 5749 ἑν
1624 5696 1775 5765 ἐμοί.
1812 5698 1954 5749 Πάν-

373 5799 481 5835 των
521 5782 630 5854 γὰρ
679 5784 787 5839 τῶν
819 5786 887 5838 τὰ
936 5785 1175 5857 σαρκικὰ
1224 5786 1565 5857 φρονούντων
1620 5787 1949 5859 ἀνθρώπων,

2061 3230 2236 3277 autem
2264 3222 2326 3291 ﬁt
2351 3220 2563 3290 justum
2625 3218 2761 3273 viro.
2794 3216 2949 3272 Multi
2984 3216 3324 3288 principibus
3359 3215 3426 3269 ad
3450 3225 3642 3268 nutum

2059 3315 2265 3370 servire
2295 3320 2589 3376 conantur,
2632 3318 2692 3366 ut
2739 3309 2996 3364 simulata
3047 3308 3186 3364 bona
3222 3304 3643 3369 voluntalc,be-

2059 3407 2419 3465 nevoleutiam
2465 3421 2653 3462 eorum
2708 3404 2811 3461 sibi
2865 3403 3174 3472 acquirant.
3220 3404 3268 3457 A
3312 3401 3419 3458 Deo
3464 3411 3644 3457 autem

2057 3498 2426 3563 omniscienti,
2473 3498 2566 3566 qui
2599 3496 2866 3570 gubernat
2896 3493 3101 3559 omnia,
3138 3494 3433 3564 unicuique
3463 3493 3646 3549 reddi—

2056 3598 2148 3646 tur
2184 3590 2488 3660 pmmium,
2509 3590 2661 3661 juxta
2690 3588 2940 3644 meritum
2971 3586 3090 3658 ejus
3117 3605 3129 3643 :
3162 3588 3365 3643 nemini
3406 3585 3649 3658 proderit

2058 3696 2157 3737 sua
2190 3682 2533 3753 hypocrisis.

2128 3860 2295 3915 Vens.
2355 3860 2446 3914 27.
2495 3860 2838 3915 Abominatio
2887 3859 3039 3929 justo
3089 3858 3199 3913 viro
3246 3857 3325 3911 vir
3372 3855 3644 3925 injustas;

2056 3954 2379 4008 abominatio
2410 3953 2586 4023 iniquo
2621 3960 2758 4008 recte
2777 3968 3006 4024 pergens
3033 3950 3138 4005 aia.
3174 3948 3318 4005 Deus
3344 3949 3435 4019 qui
3466 3947 3646 4003 reddit

2058 4045 2353 4111 unicuique
2374 4044 2530 4115 juxta
2571 4059 2738 4114 opera
2769 4058 2887 4107 sua,
2920 4042 3037 4099 odit
3067 4041 3344 4096 hominem
3376 4053 3486 4094 non
3526 4053 3641 4092 am-

2058 4137 2333 4193 bulantem
2392 4138 2449 4191 in
2480 4136 2597 4207 lege
2624 4151 2747 4201 sua,
2789 4142 2983 4205 utpote
3033 4139 3463 4201 contemptorem
3518 4143 3646 4183 suo-

2048 4246 2177 4284 rum
2206 4239 2622 4300 praceptorum.
2647 4229 2783 4284 Nam
2808 4228 2899 4283 hic
2925 4227 3147 4297 quidem
3176 4225 3342 4278 vitam
3376 4222 3647 4279 immacu-

2057 4322 2251 4389 latam,
2279 4338 2400 4392 qua:
2441 4330 2593 4378 certo
2620 4321 2773 4376 ducit
2801 4320 2869 4376 ad
2898 4321 3147 4381 salutem,
3181 4323 3368 4387 utpote
3394 4326 3646 4384 asperam

2056 4426 2111 4472 et
2140 4416 2432 4483 diﬂicilem,
2465 4417 2602 4472 odit.

2662 4549 2816 4605 CAP.
2860 4547 3030 4602 XXX.

2127 4680 2291 4737 Vens.
2322 4682 2366 4735 1.
2408 4680 2572 4745 Time,
2604 4681 2716 4750 fili,
2751 4696 2868 4734 mea
2928 4677 3107 4744 verba,
3137 4685 3184 4730 et
3235 4675 3526 4745 suscipiens
3582 4690 3647 4727 ea

2054 4773 2413 4844 pwnilentiam
2452 4788 2565 4842 age.
2598 4769 2850 4824 Mandata
2882 4784 3023 4834 mea,
3066 4768 3163 4834 fili,
3192 4783 3258 4824 ne
3281 4774 3640 4824 contemnas;

2056 4868 2288 4921 auribus
2320 4872 2505 4920 autem
2535 4862 2818 4934 excipiens
2845 4878 2932 4927 ea,
2968 4863 3035 4918 de
3089 4861 3332 4933 peccatis
3376 4860 3484 4915 tuis
3545 4873 3645 4928 age

2058 4956 2459 5029 paenitentiam.

2132 5048 2259 5104 Htec
2295 5047 2424 5101 dicit
2453 5047 2532 5101 vir
2569 5044 2904 5100 credentibus
2938 5042 3069 5110 Deo,
3130 5052 3179 5098 et
3210 5043 3442 5113 quiesco.
3516 5038 3644 5095 llzcc

2058 5139 2377 5208 unigenitus
2440 5136 2533 5192 Dei
2562 5136 2734 5191 Filius
2766 5150 2831 5190 ac
2868 5132 3105 5189 Verbum
3140 5133 3305 5187 homo
3357 5147 3483 5185 vere
3532 5131 3643 5183 fac-

2058 5240 2148 5284 tus
2175 5230 2333 5284 docet
2362 5230 2647 5283 credentes
2680 5229 2733 5281 in
2773 5242 2899 5281 eum
2940 5236 3001 5279 ut
3034 5223 3229 5280 Deum.
3261 5222 3326 5276 Et
3345 5237 3444 5293 ego
3481 5236 3639 5292 pror-

2060 5336 2155 5376 sus
2182 5321 2463 5391 quiescam
2513 5320 2721 5375 sentire
2758 5318 3026 5375 carnalia.

2136 5608 2299 5661 Vens.
2348 5606 2404 5659 2.
2440 5604 2915 5674 Iusipientissimus
2954 5605 3093 5659 enim
3122 5621 3237 5657 sum
3267 5604 3503 5657 omnium
3540 5602 3634 5653 lio—

2062 5700 2255 5752 minum
2288 5708 2335 5751 ct
2367 5696 2653 5766 prudentia
2684 5696 2952 5750 hominum
2983 5713 3084 5751 non
3106 5705 3182 5750 cst
3235 5695 3287 5748 in
3337 5712 3433 5748 me.
3503 5693 3644 5745 Um-

2063 5792 2211 5844 nium
2244 5789 2386 5844 cnim
2448 5787 2731 5843 hominum
2766 5788 3008 5841 carnaiia
3062 5784 3446 5851 sentientium,
3506 5783 3638 5838 insi-
