4054 6534
441 361 589 428 1523

1779 294 2142 406 Ριὶοεοριι
2161 339 2408 401 eum

3578 331 3600 390 ι
3609 325 3711 389 524

436 474 820 548 pientissintus
850 484 996 537 sum,
1031 466 1160 540 quia
1191 473 1252 521 ut
1300 460 1608 536 spiritualia
1632 454 1891 517 sentienti
1913 467 2020 508 non

2135 450 2534 522 Ξφρονέστατος
2567 447 2818 503 ἐντεῦθέν
2849 447 2989 519 εἰμι,
3019 445 3208 517 ἐπειδὴ
3233 444 3307 509 ὼς
3334 443 3620 516 φρονοῦντι
3644 442 3714 496 τὰ

440 569 576 624 tnilti
609 567 861 625 sultsistit
900 562 1146 627 carnalis
1183 566 1238 616 et
1268 558 1533 614 humana
1559 550 1844 623 cogitatio.

514 741 679 798 Vens.
717 740 770 796 3.
806 738 945 794 Deus
1003 736 1184 792 docuit
1242 749 1323 788 me
1362 727 1706 801 sapientiam,
1736 723 1802 795 et}
1849 722 2022 778 scien—

445 836 579 889 tiam
611 846 921 888 sancwrum
977 829 1215 899 cognoui.
1254 826 1403 881 Deus
1434 832 1618 879 autem
1651 819 1856 876 divinae
1907 829 2024 873 sua:

444 926 754 997 disciplina:
781 940 867 980 me
902 922 1227 994 participem
1269 918 1481 975 effecit.
1523 917 1591 972 Et
1618 912 1811 984 excepi
1836 910 2023 966 divina

445 1017 705 1090 mysteria
746 1031 869 1088 qua:
911 1021 1116 1071 norunt
1150 1010 1337 1067 mundi
1378 1008 1564 1065 corde.

518 1108 687 1165 Vens.
724 1109 779 1162 ι.
814 1107 947 1174 Quis
1000 1103 1239 1160 ascendit
1277 1104 1334 1157 in
1362 1102 1551 1155 cwlum
1604 1105 1655 1153 et
1706 1092 1971 1151 descendit
2001 1094 2026 1147 ?

444 1199 582 1266 Quis
614 1215 645 1254 a
676 1208 824 1255 terra
864 1198 932 1254 ad
958 1196 1158 1253 C(Bilim
1190 1191 1491 1250 ascendit?
1524 1189 1629 1257 Qui
1667 1188 1906 1260 primum
1957 1183 2023 1238 ad

446 1299 699 1346 nostrum
729 1288 1013 1344 descendit
1045 1287 1241 1351 iutum,
1281 1294 1340 1339 ut
1372 1282 1511 1337 illud
1545 1281 1613 1337 ad
1638 1294 1796 1335 suam
1853 1274 2028 1333 extol-

447 1382 583 1437 leret
611 1380 1059 1450 supracmiestem
1095 1376 1464 1439 altitudinem,

519 1471 653 1539 Quis
687 1470 1017 1542 congregavit
1044 1476 1220 1524 ventos
1262 1466 1319 1520 in
1359 1465 1479 1520 sinu
1509 1464 1535 1518 ?
1572 1460 1639 1517 Et
1685 1474 1878 1517 omnes
1920 1457 2033 1530 spi-

451 1566 679 1622 rituales
716 1564 992 1637 potentias
1019 1563 1076 1618 in
1103 1561 1302 1617 anima
1328 1557 1550 1616 aerario.

523 1739 656 1810 Quis
708 1741 963 1797 conuertit
1006 1755 1202 1811 aquam
1253 1738 1311 1793 in
1361 1730 1805 1793 vestimento?Et
1839 1744 2038 1788 omnes

2115 541 2212 596 τοῦ
2241 542 2580 614 πνεύματος,
2623 541 2726 612 οὐχ
2777 539 3017 612 ὑπάρχει
3059 541 3117 594 ὲν
3146 537 3273 609 ἐμοὶ
3313 536 3581 608 σαρκικδν
3619 534 3713 589 καὶ

2116 634 2463 706 ἀνθρώπινον
2497 634 2667 704 φρόνη
2677 651 2775 704 μα.

2189 731 2260 794 γ’.
2304 726 2452 792 Θεὸς
2499 724 2570 779 δὲ
2600 721 2845 789 ἐδίδαξέ
2903 738 2982 793 με
3028 722 3279 792 σοφίαν,
3331 722 3431 776 καί
3485 718 3714 790 γνῶσιν
3800 732 3803 733 ⁷

2120 815 2306 887 ἁγίων
2337 816 2594 886 ἔγνωκα.
2630 814 2762 879 Θεὸς
2796 814 2853 867 δέ
2904 829 2997 884 μοι
3032 816 3132 884 τῆς
3167 813 3322 876 θείας
3357 810 3526 866 αὑτοῦ
3567 809 3712 863 διδα-

2124 907 2354 973 σκαλίας
2385 908 2694 978 μετέδωκε·
2750 907 2847 961 καὶ
2875 905 3181 960 κατέλαϐον
3232 906 3357 959 θεῖα
3412 903 3708 975 μυστήρια,

2122 992 2319 1070 οἷάπερ
2340 997 2644 1068 ἐγνώκασιν
2664 998 2714 1052 οἰ
2742 998 2979 1068 καθαροὶ
3005 999 3104 1069 τὴν
3129 997 3393 1051 διάνοιαν.

2192 1092 2256 1145 δ’.
2297 1090 2395 1157 Τίς
2431 1089 2616 1157 ἀνέϐη
2668 1090 2754 1155 είς
2789 1088 2898 1144 τὸν
2941 1088 3244 1157 οὐρανὸν,
3298 1087 3398 1141 καί
3456 1084 3715 1150 κατέϐη;

2125 1180 2223 1245 Τίς
2250 1180 2360 1235 ἀπὸ
2387 1180 2492 1251 γῆς
2537 1178 2727 1250 ὑψώθη
2753 1178 2893 1251 πρὸς
2931 1177 3198 1248 ούρανόν;
3248 1176 3307 1240 ὃς
3357 1175 3452 1230 καὶ
3498 1173 3716 1245 πρῶτον

2129 1271 2439 1343 συγκατέϐη
2470 1271 2550 1343 τῷ
2579 1272 2837 1343 ἡμετέρῳ
2876 1270 3180 1342 φυράματι,
3216 1269 3358 1323 ὥστε
3413 1265 3714 1321 ἁνελκῦσαι

2127 1364 2286 1421 τοῦτο
2320 1363 2457 1434 πρὸς
2481 1363 2544 1417 τὸ
2575 1362 2972 1435 ύπερουράνιον
3006 1361 3173 1416 αὐτοῦ
3210 1360 3364 1430 ῦψος.

2206 1454 2303 1519 Τίς
2334 1452 2687 1524 συνήγαγεν
2729 1450 2993 1521 ἀνέμους
3027 1451 3098 1505 ἐν
3125 1451 3369 1515 sedulae);
3402 1445 3513 1500 Καὶ
3536 1444 3716 1507 πάσας

2130 1544 2232 1610 τὰς
2274 1544 2560 1618 ἐνεργείας
2608 1542 2709 1600 τοῦ
2751 1543 3064 1616 πνεύματος
3115 1544 3175 1597 ἐν
3225 1542 3302 1614 τῷ
3349 1540 3491 1595 κατὰ
3538 1539 3716 1611 ψυχὴν

2131 1636 2394 1710 ταμιείῳ.

2209 1733 2311 1800 Τίς
2337 1733 2759 1802 συνεστρεψτν
2777 1731 2936 1799 ὕδωρ
2965 1730 3042 1786 ἐν
3060 1729 3311 1801 laudm;
3358 1728 3470 1784 Καὶ
3494 1728 3627 1791 τοῦς
3656 1726 3718 1779 ὲν

452 1848 741 1889 sermones
771 1834 825 1888 in
859 1846 1025 1887 carne
1052 1827 1413 1891 circumtulit,
1430 1827 1486 1882 in
1513 1840 1654 1898 aqua
1678 1820 2030 1894 congregavit

2135 1822 2207 1896 τῷ
2259 1822 2431 1880 παντὶ
2485 1822 2679 1893 λόγους
2740 1823 3223 1896 συμπεριήνεγκεν
3274 1821 3335 1875 ἰν
3488 1819 3715 1890 ιφόρεσι

450 1940 549 1982 eos
571 1966 588 1992 ,
641 1940 837 1981 omnes
873 1922 1246 1995 complectens
1302 1919 1565 1994 mysterio
1632 1913 2033 1973 incarnationis

524 2034 550 2073 I'
577 2032 720 2073 eant.
1256 2056 1271 2065 .

524 2034 550 2073 r
577 2032 720 2073 eant.
1256 2056 1271 2065 .

452 2032 660 2174 peQuis
686 2106 964 2164 suscitavit
980 2104 1161 2160 omnia
1183 2111 1419 2158 extrema
1450 2102 1649 2158 terra?!
1660 2100 1727 2156 Et
1748 2106 1811 2155 ut
1851 2096 2034 2154 omnis

451 2199 749 2257 ereationis
783 2197 1071 2255 Dominus.
1112 2211 1288 2268 usque
1316 2194 1383 2251 ad
1407 2192 1675 2250 terminos
1711 2199 1873 2246 terra;
1903 2204 2035 2262 pro-

454 2292 676 2364 pagavit
710 2288 1065 2362 Evangelium
1114 2303 1274 2343 suum
1297 2327 1315 2353 ,
1354 2293 1654 2358 gentesque
1686 2283 1836 2356 ipsas
1869 2280 2033 2337 inha-

453 2384 701 2440 bitantes
727 2380 962 2455 imperio
994 2378 1241 2451 subegit,
1282 2384 1479 2450 sponte
1511 2374 1760 2449 regimen
1794 2373 1915 2446 eius
1936 2372 2035 2430 ad-

462 2476 766 2532 mittentes.

531 2648 695 2705 Vns.
740 2648 797 2703 5.
836 2646 992 2713 Quod
1021 2662 1210 2700 nomen
1243 2646 1343 2701 ei.’
1372 2652 1466 2698 aut
1496 2641 1635 2714 quod
1664 2657 1851 2697 nomen
1884 2640 2031 2711 filias

455 2741 619 2810 ejus?
648 2739 830 2794 omnia
853 2740 991 2793 enim
1016 2736 1174 2792 verba
1241 2736 1340 2790 Dei
1401 2735 1594 2806 ignita.
1632 2733 1893 2800 Quaenam
1947 2726 2034 2788 eat

457 2828 760 2889 summaria
799 2828 1092 2900 appellatio
1121 2826 1447 2898 qualitatem
1475 2825 1597 2900 ejus
1621 2822 2035 2879 demonstrans?

456 2927 512 2975 et
543 2934 792 2991 quaenam
840 2918 1040 2975 iterum
1090 2916 1393 2989 appellatio
1420 2915 1815 2986 discipulorum
1872 2912 2035 2984 ejus?

455 3008 712 3065 Christus
774 3008 964 3080 utique
1015 3014 1072 3064 et
1104 3006 1425 3079 Christiani.
1496 3006 1752 3062 Christus
1814 3005 2032 3077 quidem

456 3102 585 3173 quia
628 3102 915 3158 divinitate
943 3101 1101 3156 unxit
1148 3099 1545 3155 humanitatem
1576 3140 1597 3165 ,
1635 3113 1733 3169 per
1775 3098 2033 3175 unionem

458 3193 859 3266 itypostaticam
923 3194 1214 3265 utriusque
1289 3199 1503 3249 naturae
1581 3192 1637 3247 in
1717 3190 2035 3260 semetipso.

455 3286 759 3343 Christiani
832 3296 1045 3354 autem,
1108 3288 1238 3359 quia
1301 3287 1503 3344 Christi
1561 3286 1855 3359 participes
1917 3299 2041 3355 gra-

459 3379 595 3435 tiam
623 3378 864 3450 Spiritus
906 3394 1002 3451 per
1031 3395 1156 3436 eum
1192 3387 1526 3451 acceperunt
1572 3387 1628 3436 et
1667 3379 1760 3435 lilii
1807 3378 1901 3435 Dei
1930 3376 2037 3433 Pa-

457 3470 564 3527 tris
587 3479 718 3527 sunt
746 3469 949 3528 effecti.
994 3469 1291 3530 Sermones
1324 3471 1471 3528 enim
1502 3471 1689 3527 omnia
1718 3471 1882 3529 verba
1916 3469 2039 3542 Dei,

459 3562 631 3633 ignita
668 3562 721 3617 in
758 3561 883 3635 igne
915 3563 1252 3634 cognitionis
1290 3564 1389 3621 Dei
1413 3578 1629 3620 omnem
1676 3565 2038 3636 ignorantiam

458 3660 514 3708 et
571 3652 896 3724 pravitatem
976 3654 1346 3711 consumenti.
1411 3654 1517 3722 Qtti
1580 3654 1670 3712 his
1697 3656 2038 3725 detinentur,

458 3744 562 3799 hos
598 3758 880 3799 sermones
913 3750 1143 3816 tangere
1168 3759 1278 3801 non
1317 3754 1567 3816 possunt.

530 3831 769 3905 Protegit
812 3843 990 3890 autem
1056 3837 1169 3906 ipse
1225 3852 1314 3891 eos
1343 3837 1432 3907 qui
1487 3847 1786 3894 reverentur
1840 3838 2034 3910 ipsum,

461 3921 582 3994 ipse
632 3924 961 3984 timentibus
992 3942 1054 3985 se
1083 3936 1307 4000 praestat
1335 3928 1603 3986 auxilium
1632 3939 1825 3988 contra
1859 3946 2036 4004 oppu-

458 4025 695 4085 gnantes
732 4033 849 4074 eos.

532 4127 699 4185 Vens.
741 4129 793 4184 ϐ.
836 4129 920 4186 Ne
950 4132 1120 4189 addas
1167 4136 1337 4191 verbis
1368 4137 1505 4207 ejus,
1540 4146 1599 4193 ut
1637 4154 1742 4193 non
1770 4149 1961 4210 arguat
1989 4149 2039 4195 te

457 4222 635 4293 etﬁas.
662 4223 911 4280 mendax.
944 4225 1070 4281 Noli
1096 4226 1398 4299 quidquam
1450 4232 1693 4303 cogitare
1745 4240 1946 4303 prmter
1971 4249 2035 4290 ea

456 4330 581 4388 qua:
610 4326 663 4371 te
694 4314 883 4372 docuit
905 4357 922 4384 ,
976 4333 1047 4375 ne
1080 4318 1200 4390 ipse
1230 4320 1324 4391 qui
1370 4324 1575 4378 veritas
1634 4332 1739 4388 est,
1767 4324 2036 4381 mendacii

458 4416 513 4462 te
554 4416 772 4477 arguat,
804 4415 994 4479 utpote
1027 4423 1056 4463 a
1092 4410 1320 4468 veritate
1345 4412 1462 4487 ipsa
1485 4414 1845 4471 excidentem.
1880 4416 2033 4473 Illum

459 4506 642 4554 autem
664 4501 968 4570 deprecans
991 4499 1145 4556 addit
1177 4518 1193 4557 :

532 4713 697 4771 Vens.
733 4715 785 4772 7.
819 4716 937 4772 Duo
964 4730 1083 4789 peto
1112 4737 1145 4776 a
1170 4730 1238 4789 te,
1270 4739 1336 4778 ne
1359 4724 1575 4795 auferas
1612 4742 1645 4779 a
1677 4743 1759 4781 me
1806 4730 2031 4797 gratiam

458 4818 737 4879 antequam
770 4825 863 4880 ego
894 4812 1115 4867 moriar.
1162 4812 1280 4871 Duo
1317 4816 1432 4871 haec
1478 4826 1589 4874 ate
1631 4819 1875 4890 recipere
1937 4837 2031 4877 cu-

452 4902 548 4970 pio
572 4943 589 4968 ,
617 4900 859 4959 Verbum
920 4902 1039 4971 Dei,
1072 4905 1313 4977 Spiritus
1375 4909 1553 4965 sancti
1592 4910 1820 4979 donum,
1854 4914 2035 4971 lumen

458 4995 873 5063 intellectuale,
906 4997 1052 5067 quod
1104 5000 1477 5069 speculativas
1517 5002 1715 5060 anima:
1758 5020 1896 5061 meae
1936 5022 2038 5078 po-

456 5088 658 5145 tentias
689 5128 707 5155 ,
741 5087 1081 5151 intellectum
1109 5091 1321 5149 scilicet
1366 5109 1432 5149 ac
1467 5104 1705 5152 mentem
1736 5097 2034 5168 illuminat,

458 5193 528 5233 ne
548 5176 771 5234 auferas
807 5195 839 5235 a
871 5195 959 5236 me
989 5196 1087 5250 per
1118 5182 1291 5239 totius
1330 5184 1458 5239 vitae
1498 5200 1636 5242 mea:
1664 5196 1897 5259 tempus.

526 5288 697 5347 Vens.
731 5293 785 5348 8.
832 5292 1057 5349 Verbum
1102 5312 1294 5351 vanum
1320 5308 1369 5352 et
1400 5300 1627 5355 mendam
1671 5300 1821 5374 longe
1865 5304 1953 5374 [ac
2006 5324 2037 5361 a

458 5399 556 5439 me.
627 5382 735 5439 Sed
797 5386 955 5456 quasi
1018 5387 1075 5443 in
1137 5388 1261 5445 luce
1320 5390 1657 5463 redarguens
1692 5395 1939 5452 inutilem
1984 5408 2039 5453 et

458 5474 778 5531 mendacem
807 5491 875 5532 ex
934 5479 1293 5550 suggestione
1324 5483 1453 5538 mali
1504 5485 1982 5544 ratiocinationem
2019 5529 2034 5555 ,

457 5579 576 5622 eam
609 5565 771 5638 longe
805 5568 889 5624 fac
919 5583 949 5623 a
980 5585 1087 5625 tne.

530 5678 757 5734 Divitias
806 5691 982 5737 autem
1005 5691 1055 5738 et
1084 5695 1446 5755 paupertatem
1491 5705 1555 5745 ne
1620 5690 1828 5748 dederis
1883 5695 2031 5751 mihi.

457 5764 535 5823 Ne
572 5770 843 5830 concedas
872 5772 1047 5832 libero
1087 5791 1208 5833 nteo
1273 5777 1504 5837 arbitrio
1535 5820 1549 5851 ,
1603 5782 1720 5839 sive
1753 5782 2025 5843 inutiliter

2134 1914 2331 1988 σαρκί’
2381 1913 2478 1988 τῷ·
2517 1917 2642 1970 κατ’
2699 1914 2875 1988 αὐτὴν
2908 1914 3011 1988 τῆς
3059 1912 3380 1985 οἰκονομίας
3430 1910 3721 1983 μυστηρίῳ

2131 2010 2343 2075 πάντας
2378 2006 2712 2082 περιλαϐών.

2207 2102 2304 2170 Τίς
2333 2100 2635 2172 ἐκράτησε
2665 2099 2786 2155 τῶν
2810 2099 3014 2170 ἄκρων
3042 2096 3162 2168 τῆς
3183 2097 3299 2169 τῆς
3323 2113 3342 2162 ;
3368 2094 3480 2151 Καὶ
3506 2091 3597 2149 οἷα
3624 2095 3719 2147 Δε-

2135 2194 2343 2265 σπότης
2389 2193 2573 2265 πάσης
2595 2193 2698 2266 τῆς
2733 2192 2990 2257 κτίσεως,
3033 2190 3140 2256 ἓως
3187 2189 3300 2244 τῶν
3334 2189 3591 2262 περάτων
3617 2187 3717 2257 τῆς

2131 2288 2239 2359 γῆς
2269 2285 2593 2352 ὲξαπλώσας
2621 2286 2684 2339 τδ
2713 2284 2910 2340 ἑαυτοῦ
2944 2285 3233 2356 κήρυγμα,
3264 2282 3336 2338 τὰ
3382 2281 3551 2353 μέχρι
3590 2280 3719 2334 τού-

2131 2392 2243 2431 των
2291 2376 2550 2431 οἰκοῦντα
2601 2376 2755 2449 ἔθνη,
2820 2375 2928 2432 ὑπὸ
2978 2377 3081 2448 τὴν
3144 2374 3341 2430 ἑαυτοῦ
3396 2372 3719 2427 δεσποτείαν

2134 2465 2414 2539 ἐποίησεν,
2446 2469 2712 2534 ἑκουσίως
2745 2469 3004 2525 ἐντεῦθεν
3032 2468 3307 2541 δεξάμενα
3332 2467 3395 2521 τὸ
3433 2466 3528 2520 ὑπ’
3552 2465 3717 2520 αὑτοῦ

2136 2560 2543 2631 βασιλεύεσθαι.

2206 2659 2268 2706 ε’.
2315 2654 2374 2708 Ti
2424 2653 2612 2724 ὄνομα
2656 2654 2861 2722 «ore;
2890 2655 2930 2726 ἢ
2980 2655 3039 2710 τί
3081 2654 3273 2724 ὄνομα
3309 2652 3435 2720 τοῖς
3487 2652 3718 2715 τέκνοις

2135 2743 2323 2799 αὐτοῦ
2339 2761 2362 2811 ;
2394 2745 2617 2813 πάντες
2642 2747 2752 2817 γὰρ
2782 2749 2955 2818 λόγοι
2987 2746 3138 2801 Θεοῦ
3167 2743 3601 2815 πεπυρωμένοι.
3624 2743 3719 2805 τίς

2134 2835 2197 2889 τέ
2218 2836 2339 2889 ἐστι
2365 2837 2749 2911 κεφαλαιώδης
2778 2838 3126 2911 προσηγορία
3172 2838 3275 2909 τῆς
3305 2836 3595 2905 ποιότητος
3624 2834 3718 2889 αύ-

2135 2927 2231 2981 τοῦ
2256 2930 2637 3001 παραστατική
2658 2948 2679 2999 ',
2700 2930 2798 2985 καὶ
2816 2931 2901 2995 τίς
2920 2931 3085 2985 πάλιν
3107 2929 3214 2983 τῶν
3236 2928 3401 2984 αὐτοῦ
3427 2927 3714 2998 μαθητῶνς

2136 3019 2374 3089 Χριστὸς
2398 3021 2617 3086 πάντως
2656 3022 2754 3076 καὶ
2785 3021 3136 3094 Χριπιανοί·
3160 3024 3189 3076 ό
3220 3021 3353 3093 μὲν,
3390 3020 3467 3086 ὡς
3503 3023 3572 3092 τῇ
3597 3020 3716 3073 Θεό-

2137 3127 2260 3181 τητι
2294 3111 2490 3183 χρίσας
2519 3112 2619 3185 τὴν
2639 3113 3061 3186 ἁνθρωπότητα,
3086 3113 3177 3169 διὰ
3207 3113 3306 3184 τὴν
3331 3116 3389 3167 ὲν
3417 3112 3567 3183 αὐτῷ
3596 3112 3716 3167 καθ’

2141 3202 2444 3258 ὑπόστασιν
2474 3204 2582 3259 τῶν
2624 3205 2887 3261 τοιούτων
2915 3205 3135 3276 φύσεων
3177 3205 3372 3259 ἕνωσιν
3392 3222 3409 3238 ο
3456 3205 3509 3258 οἰ
3536 3204 3615 3271 δὲ,
3644 3203 3717 3267 ὡς

2141 3293 2334 3350 τούτου
2366 3296 2609 3369 μέτοχοι,
2641 3297 2738 3353 καὶ
2787 3298 2855 3353 δι’
2906 3296 3077 3353 αὺτοῦ
3106 3298 3363 3362 λαϐόντες
3406 3296 3509 3369 τὴν
3556 3300 3716 3367 χάριν

2141 3388 2236 3445 τοῦ
2264 3391 2607 3464 Πνεύματος,
2645 3393 2740 3449 καὶ
2774 3393 3182 3466 υἰοθετηθὲντες
3208 3393 3293 3466 τῷ
3318 3391 3439 3465 Θεῷ
3476 3393 3571 3447 καὶ
3603 3392 3715 3445 Πα-

2139 3482 2252 3556 τρί.
2283 3484 2450 3556 Λόγοι
2488 3487 2598 3559 γὰρ
2625 3485 2695 3542 τὰ
2735 3487 3006 3560 εἰρημένα
3054 3487 3237 3543 πάντα
3280 3486 3440 3551 Θεοῦ,
3469 3503 3718 3557 πεπυρα-

2140 3577 2416 3649 κτωμένοι
2466 3578 2528 3634 ιν
2565 3579 2647 3652 τῷ
2679 3581 2860 3635 πᾶσαν
2910 3580 3134 3651 ἄγνοιαν
3178 3581 3273 3636 καὶ
3300 3580 3504 3635 κακίαν
3551 3595 3716 3633 κατα-

2140 3670 2355 3725 καίοντι
2380 3672 2482 3743 τῆς
2509 3671 2846 3741 θεογνωσίας
2877 3672 3016 3744 πυρί
3034 3690 3053 3705 ο
3081 3674 3177 3729 καί
3197 3675 3311 3738 τοίς
3333 3672 3718 3751 κατεχομένοις

2137 3760 2365 3826 ταύταις
2396 3762 2834 3834 ἀπρόσψαυστοι.

2221 3854 2644 3924 ’Υπερασπίζει
2664 3856 2735 3911 δὲ
2762 3859 2947 3929 αὐτὸς
2968 3858 3092 3913 τῶν
3122 3855 3584 3928 εὐλαϐουμένων
3612 3856 3716 3909 οὑ-

2138 3944 2267 4001 τόν.
2307 3948 2479 4012 Ουτος
2513 3948 2571 4003 δὲ
2608 3950 2724 4014 τοῖς
2754 3949 3115 4023 φοϐουμένοις
3145 3949 3309 4005 αὐτὸν
3340 3947 3545 4020 βοηθεῖ,
3580 3946 3719 4000 κατὰ

2139 4038 2249 4094 τῶν
2273 4039 2660 4113 πολεμούντων
2689 4044 2918 4109 τούτοις.

2213 4152 2290 4219 ς’.
2327 4152 2427 4223 Μὴ
2479 4154 2755 4225 προσθῇς
2806 4154 2935 4224 τοῖς
2984 4156 3193 4226 λόγοις
3234 4154 3445 4219 αὐτοῦ,
3495 4153 3598 4207 ἵνα
3634 4150 3717 4221 μὴ

2138 4244 2362 4319 ἐλέγξῃ
2415 4259 2491 4301 σε
2532 4246 2633 4301 καί
2676 4246 2917 4317 ψευδὴς
2961 4247 3131 4317 γένῃ.
3180 4247 3275 4319 Μὴ
3316 4246 3479 4299 πλέον
3530 4244 3720 4315 ἐθέλῃς

2139 4339 2284 4391 νοεῖν
2307 4337 2418 4392 τῶν
2451 4339 2582 4411 παρ’
2613 4338 2780 4393 αὐτοῦ
2806 4338 3165 4409 διδαχθέντων
3189 4355 3295 4404 σοι,
3316 4338 3407 4392 ἵνα
3430 4337 3506 4407 μὴ
3536 4335 3718 4405 ἐπειδὴ

2139 4428 2306 4493 αὐτός
2342 4430 2489 4485 ἐστιν
2521 4432 2555 4502 ἡ
2583 4430 2836 4501 ἀλήθεια,
2859 4429 3191 4503 ψευδόμενον
3222 4429 3505 4501 ἀπελέγξῃ
3538 4444 3621 4495 σε,
3649 4428 3720 4490 ὡς

2072 4513 2117 4568 D
2144 4519 2319 4589 αὐτῆς
2366 4519 2623 4575 ἐντεῦθεν
2659 4522 2759 4593 τῆς
2804 4521 3067 4594 ἀληθείας
3125 4521 3498 4576 ἐκπίπτοντα·
3554 4537 3720 4591 προσ-

2146 4610 2443 4683 ευχόμενος
2476 4611 2535 4666 δὲ
2565 4611 2735 4685 αὐτῷ,
2765 4606 2915 4683 λέγει
2942 4613 3071 4668 τάδε
3102 4628 3117 4644 ·

2114 4782 2143 4807 κ
2213 4724 2277 4790 ζ’.
2320 4726 2435 4781 Δύο
2468 4728 2743 4797 αἰτοῦμαι
2774 4727 2934 4797 παρὰ
2957 4727 3098 4795 σοῦ,
3124 4727 3211 4799 μὴ
3249 4726 3485 4799 ἀφέλῃς
3512 4743 3589 4797 με
3619 4724 3720 4794 χὰ-

2131 4838 2235 4889 ,οιν
2260 4820 2375 4889 πρὸ
2395 4820 2505 4875 τοῦ
2528 4822 2858 4881 ἀποθανεῖν
2875 4840 2974 4893 με.
2994 4821 3098 4877 Δύο
3122 4822 3318 4888 ταῦτα,
3336 4815 3380 4875 ὦ
3399 4822 3541 4889 Δόγε
3564 4819 3720 4882 Θεοῦ,

2138 4913 2333 4984 δέομαι
2370 4912 2561 4969 λαϐεῖν
2598 4915 2707 4969 ἀπὸ
2737 4914 2835 4970 σοῦ
2855 4931 2870 4948 ⁶
2905 4915 3005 4986 τὴν
3026 4915 3125 4969 τοῦ
3162 4915 3433 4984 παναγίου
3467 4912 3718 4984 Πνεύμα-

2137 5022 2227 5070 τος
2266 5007 2501 5079 δωρεὰν,
2541 5008 2603 5063 τὸ
2637 5008 2826 5079 νοερὸν
2864 5008 3003 5078 φῶς,
3032 5008 3061 5062 ὃ
3099 5008 3200 5073 τὰς
3238 5006 3587 5081 θεωρητικὰς
3624 5006 3721 5076 τῆς

2137 5098 2318 5169 ψυχῆς
2350 5116 2451 5169 μου
2485 5099 2768 5170 δυνάμεις,
2799 5099 2926 5154 νοῦν
2956 5101 3054 5155 καὶ
3095 5100 3335 5155 διάνοιαν
3373 5100 3619 5170 φωτίζει,
3647 5098 3719 5170 μὴ

2137 5190 2344 5262 ἀφέλῃς
2365 5190 2461 5245 ἀπ’
2486 5190 2620 5264 ἐμοῦ
2642 5191 2710 5246 δι’
2740 5192 2872 5264 ὅλης
2901 5210 3004 5265 μου
3029 5192 3130 5263 τῆς
3161 5191 3333 5264 ζωῆς.

2208 5313 2280 5379 η’.
2341 5307 2610 5362 Μάταιον
2649 5309 2838 5379 λόγον
2909 5309 3010 5363 καὶ
3060 5308 3261 5379 ψευδῆ
3298 5306 3543 5379 μακράν
3604 5324 3719 5377 μου

2139 5399 2419 5467 ποίησον.
2457 5399 2599 5453 Ἀλλ’
2634 5399 2709 5464 ὡς
2747 5401 2805 5454 ὲν
2836 5401 2982 5470 φωτὶ
3019 5401 3315 5472 διελέγχων
3356 5400 3449 5454 τὸν
3492 5398 3554 5464 ἐξ
3589 5399 3719 5453 ὑπο-

2139 5491 2315 5563 Θήκης
2341 5490 2437 5545 τοῦ
2463 5491 2704 5564 πονηροῦ
2739 5494 2994 5565 ἀνωφελῆ
3026 5494 3122 5548 καὶ
3146 5493 3222 5565 μὴ
3259 5492 3593 5565 ἀληθεύοντα
3638 5491 3721 5545 λο-

2137 5582 2358 5654 γισμὸν,
2389 5581 2585 5655 πόρρω
2615 5582 2718 5655 τῆς
2748 5583 2926 5657 ψυχῆς
2973 5602 3078 5656 μου
3108 5585 3399 5640 ἀπέλασον.

2208 5699 2485 5754 Πλοῦτον
2513 5699 2582 5753 δὲ
2607 5699 2706 5755 καὶ
2739 5699 2953 5755 πενίαν
2990 5700 3076 5769 μή
3101 5717 3203 5770 μοι
3224 5697 3362 5766 δῷς.
3388 5698 3481 5769 Μὴ
3512 5714 3716 5767 συγχω-

2144 5789 2314 5861 ρήσῃς
2368 5788 2425 5844 δέ
2465 5806 2565 5860 μου
2615 5790 2691 5862 τῷ
2763 5789 3100 5862 αὐτεξουσίῳ
3153 5793 3250 5864 τῆς
3310 5787 3706 5861 προαιρέσεως,
