4054 6570
388 368 523 434 1527

1714 361 2069 423 PROCOPII
2108 358 2352 422 GAZIEI

3515 343 3651 438 152s

385 478 573 528 citiam
628 484 970 538 acerant,ut
1010 473 1241 541 perdant
1274 482 1327 526 et
1371 472 1666 526 comedam
1718 472 1956 527 humiles

2092 470 2181 532 αἶς
2249 463 2654 537 τιτρώσκοντας
2734 460 3095 531 ἅνθρώπους’
3153 458 3248 512 καὶ
3311 457 3654 525 διανοήματα

385 581 590 637 eosque
619 580 650 621 e
682 574 821 620 terra
846 580 1070 634 prorsus
1102 563 1376 619 aboleaut.

2066 558 2388 631 περιφέρει,
2423 556 2583 627 δίκην
2631 554 2740 609 τῶν
2769 553 3082 624 ἀληθὸντων
3134 549 3362 619 ἀφανῶς
3399 548 3651 608 ὀδόντων,

386 657 628 729 τμητικὰ
673 656 774 728 τῆς
823 656 931 709 τῶν
973 655 1227 725 ὁμοφυῶν
1273 654 1659 729 ἀλληλουχίας·
1704 657 1782 720 ὡς
1832 653 2165 725 διαφθείρειν
2203 652 2298 706 καὶ
2343 648 2672 723 βισρώσκειν
2728 648 2856 712 τοὺς
2888 646 3130 710 εὐτελεῖς
3162 643 3271 697 τῶν
3309 641 3651 714 ἀνθρώπων,

389 750 685 805 κάντεῦθεν
722 747 943 811 τούτους
990 746 1172 800 τέλεον
1209 746 1310 817 τῆς
1357 749 1459 818 γῆς
1487 747 1855 815 ὲξαφανίζειν.

459 842 626 896 Vsus.
654 841 741 895 15.
782 839 1134 909 Sanguisugte
1171 848 1274 892 tres
1305 846 1457 893 erant
1500 836 1664 907 ﬁlim,
1692 836 1974 892 dilectione

390 934 615 997 dilectae,
641 941 690 986 ct
716 942 821 986 tres
850 932 980 999 ipsa:
1011 947 1116 984 non
1138 938 1511 984 saturavernnt
1536 936 1743 994 eam,et
1771 937 1975 1000 quarta:

392 1042 493 1080 non
520 1025 705 1094 sufficit
741 1024 934 1089 dicere,
961 1021 1106 1077 Satis
1139 1031 1237 1076 est.
1272 1021 1402 1078 Post
1428 1024 1658 1092 primam
1697 1030 1977 1092 trangres-

393 1118 640 1178 sionem,
671 1115 1007 1171 irrationalis
1041 1129 1105 1168 ac
1136 1129 1339 1183 pravus
1379 1114 1765 1185 cujuscunque
1816 1128 1979 1184 appe-

394 1206 547 1269 titus,
578 1207 768 1278 genuit
792 1206 949 1277 quasi
980 1214 1093 1260 tres
1125 1205 1265 1261 tilias
1291 1206 1526 1261 maxime
1547 1205 1977 1270 desiderabiles;

394 1298 762 1367 ignorantiam
789 1297 1011 1367 quidem
1054 1296 1109 1350 in
1141 1296 1377 1360 ratione,
1406 1311 1647 1351 amorem
1677 1296 1761 1351 sui
1795 1298 1849 1351 in
1881 1311 1979 1367 ap-

395 1388 564 1460 petitu
614 1388 1038 1458 concupiscibili
1091 1395 1145 1443 et
1192 1389 1251 1441 in
1303 1389 1547 1458 appetitu
1606 1388 1869 1443 irascibili
1924 1389 1979 1442 in

394 1481 707 1551 proximum
748 1481 1138 1552 tyrannidem;
1184 1480 1287 1535 tria
1324 1481 1585 1545 maxima,
1628 1480 1695 1535 ab
1748 1480 1979 1533 invicem

396 1572 707 1642 pendentia.
741 1574 1002 1643 pessima,
1027 1587 1091 1626 ac
1122 1588 1233 1627 uno
1262 1572 1429 1625 verbo
1472 1571 1654 1626 omnis
1698 1571 1985 1641 pravitatis

393 1662 548 1733 origo
575 1680 590 1730 ;
620 1664 748 1732 quia
777 1678 805 1717 a
848 1661 961 1717 Deo
991 1670 1246 1717 avertunt
1272 1679 1286 1715 ι
1323 1661 1633 1732 ignorantia
1662 1702 1677 1728 ,
1707 1677 1737 1715 a
1777 1660 1884 1714 Deo
1925 1677 1985 1731 ιιι

396 1769 610 1810 summo
628 1753 1012 1826 cognoscendo
1030 1768 1180 1818 vero;
1204 1768 1357 1807 amor
1371 1753 1479 1818 sui,
1500 1769 1527 1806 a
1545 1753 1676 1817 Deo,
1696 1760 1753 1806 ut
1772 1768 1985 1808 summo

396 1845 541 1901 bono
568 1846 907 1916 appetendo;
949 1846 1197 1918 tyrannis
1246 1845 1491 1912 tandem,
1529 1860 1651 1915 quae
1675 1854 1863 1900 mutua
1903 1854 1988 1901 est

394 1937 720 2003 destructio,
752 1938 913 1992 ruina
946 1946 1033 1993 est
1059 1938 1258 1993 iterum
1290 1937 1595 2008 corporalis
1623 1936 1984 1993 sustentatio-

398 2029 523 2093 nis,
558 2042 722 2098 quam
770 2029 990 2084 videtur
1030 2044 1388 2100 oppugnare,
1417 2029 1720 2099 appetitum
1762 2028 1985 2083 irratio-

2152 843 2231 892 ιε’.
2260 834 2339 904 Τῇ
2358 833 2597 901 βδέλλῃ
2618 831 2773 900 τρεῖς
2801 828 3117 900 θυγατέρες
3148 823 3332 899 ἦσαν,
3353 822 3657 894 ἀγαπήσει

2077 928 2456 1000 ἀγαπώμεναι
2475 942 2490 958 ο
2525 924 2623 979 καί
2654 927 2712 979 αἱ
2736 923 2894 992 τρεῖς
2926 917 3105 978 αὗται
3134 922 3245 976 οὐκ
3285 919 3658 988 ἑνεμπίπλα-

2076 1038 2199 1077 σαν
2235 1019 2464 1087 αὑτήν·
2518 1016 2619 1071 καὶ
2650 1017 2956 1086 ήτετάρτη
3009 1016 3121 1069 οὐκ
3159 1012 3429 1081 ἠρκέσθη
3464 1009 3659 1064 είετεῖι·

2081 1109 2403 1168 ἱκανόν.’Ἥ
2436 1108 2575 1181 μετὰ
2598 1108 2699 1178 τὴν
2715 1106 2942 1179 πρώτην
2967 1105 3305 1177 παράϐασιν,
3326 1104 3489 1158 ἀλλου
3512 1101 3659 1161 τινὸς

2083 1205 2234 1278 παρὰ
2281 1204 2383 1276 τὴν
2437 1202 2619 1257 αἰτίαν
2664 1201 2951 1268 ἀλόγιστος
2983 1200 3194 1269 ἔφεσις,
3228 1198 3520 1261 ἀπέτεκεν,
3566 1191 3663 1248 οἷά

2081 1313 2205 1350 τινα
2228 1294 2355 1366 τρία
2382 1292 2653 1363 θυγάτρια
2676 1291 3051 1345 σιτοθεινότατα⁸
3075 1289 3175 1360 τὴν
3201 1289 3301 1358 μὲν
3318 1288 3564 1356 ἄγνοιαν,
3584 1285 3665 1355 τῷ

2082 1385 2373 1457 λογιστικῷ
2396 1385 2496 1455 τῆς
2532 1384 2710 1456 ψυχῆς
2732 1400 2748 1417 ⁸
2774 1383 2874 1454 τὴν
2906 1382 2965 1437 δὲ
3007 1382 3317 1452 φιλαυτίαν,
3345 1379 3428 1451 τῷ
3466 1379 3663 1433 ἐπιθυ-

2089 1478 2306 1551 μητικῷ
2325 1495 2338 1509 ·
2371 1477 2465 1530 καὶ
2486 1475 2584 1546 τὴν
2617 1477 2760 1529 κατά
2802 1475 2912 1528 τῶν
2940 1473 3199 1545 ὁμοφυῶν
3247 1472 3561 1544 τυραννίδα,
3580 1470 3664 1541 τῷ

2087 1567 2339 1639 θυμικιῖιο
2369 1567 2438 1621 τά
2472 1565 2720 1635 ἀλλήλων
2747 1561 3093 1635 ἐξηρτημένα
3124 1560 3250 1631 τρία
3282 1559 3537 1631 μέγιστα,
3567 1558 3667 1612 καὶ

2086 1660 2393 1731 ἀρχέκακα,
2453 1658 2549 1711 καὶ
2586 1656 2769 1723 πάσης
2824 1654 3014 1717 ἀπλῶς
3061 1654 3235 1706 εἰπεῖν
3282 1651 3483 1714 κακίας
3518 1667 3666 1720 παρ-

2088 1757 2269 1808 αίτια·
2304 1751 2428 1804 ἐπεὶ
2460 1749 2506 1803 δ’
2552 1748 2847 1819 ἀποτυχίαι
2881 1747 2991 1800 εἰσὶ
3043 1744 3176 1799 Θεοῦ
3201 1763 3215 1777 ·
3244 1746 3277 1816 ἡ
3313 1744 3410 1814 μὲν
3447 1744 3662 1813 ἄγνοια,

2087 1845 2162 1905 ὡς
2189 1841 2460 1913 ἀλαθήτου
2499 1839 2849 1909 γνωστοῦ·-ὴ
2881 1838 2936 1892 δὲ
2982 1836 3260 1907 φιλαυτία,
3306 1835 3383 1899 ὼς
3434 1834 3664 1905 ἐσχάτου

2088 1932 2313 2006 ὀρεκτοῦ
2339 1950 2354 1964 ·
2395 1931 2429 2001 ή
2459 1930 2517 1984 δέ
2552 1946 2616 1999 γε
2654 1930 2911 2001 τυραννὶς
2958 1927 3134 1999 φθορά
3167 1922 3303 1981 οὖσα
3356 1924 3665 1995 διάλληλος,

2090 2023 2363 2095 ἀποτυχία
2390 2021 2556 2077 πάλιν
2579 2021 2699 2074 ἐστὶ
2731 2022 2831 2090 τῆς
2869 2019 3189 2091 σωματικῆς
3225 2018 3563 2079 συστάσεως,
3595 2010 3667 2087 ἦς

398 2118 575 2172 nalem
611 2118 733 2174 illas
762 2120 1063 2189 parientem
1100 2120 1305 2174 satiare
1342 2120 1468 2190 jure
1498 2135 1610 2174 non
1638 2119 1861 2184 valens,
1898 2125 1982 2178 ω-

2091 2117 2181 2172 καὶ¹
2202 2116 2355 2169 δοκεῖ
2379 2112 2917 2183 ὑπεραγωνίζεσθαι,
2944 2110 3173 2174 εἰκότως
3203 2110 3304 2180 τὴν
3351 2107 3553 2172 ταύτας
3577 2123 3669 2160 τε·

398 2217 524 2277 pote
582 2209 740 2280 quasi
795 2210 1126 2281 sanguisuga
1175 2211 1541 2265 insatiabilem
1597 2210 1975 2265 exsistentem.

402 2298 611 2355 idcirco
646 2308 702 2356 et
744 2300 834 2355 illa
881 2316 1002 2372 qua:
1042 2318 1167 2358 cum
1213 2302 1341 2357 ﬁliis
1384 2312 1642 2373 quartum
1689 2317 1979 2371 numerum

398 2392 672 2463 complet,
705 2408 816 2448 non
846 2395 1077 2450 satiatur
1096 2434 1112 2459 ,
1148 2395 1223 2449 ita
1254 2403 1315 2449 ut
1345 2411 1375 2449 a
1400 2404 1554 2450 motu
1589 2402 1784 2451 contra
1819 2404 1983 2449 natu-

402 2500 519 2539 ram
568 2482 872 2556 abstineat,
911 2487 1087 2543 donec
1129 2488 1347 2543 ratione
1397 2488 1629 2544 subacta
1669 2486 1738 2542 ad
1765 2503 1829 2543 ea
1859 2501 1984 2558 qua:

403 2584 534 2630 sunt
557 2591 723 2648 supra
758 2587 1011 2632 naturam
1053 2593 1115 2634 se
1163 2589 1447 2635 convertat
1468 2617 1484 2641 .
1523 2580 1616 2637 ubi
1646 2579 1863 2635 tandem
1895 2593 1985 2635 sa-

402 2665 653 2733 tiabitur,
685 2668 907 2737 quando
933 2666 1139 2724 videbit
1172 2669 1336 2724 homo
1363 2669 1592 2741 gloriam
1631 2668 1749 2726 Dei.

475 2937 638 2993 Vens.
672 2939 754 2994 16.
780 2936 1030 3022 ΙῃῙενηαε
1049 2983 1063 3006 ,
1101 2951 1149 2994 et
1175 2958 1326 2995 amor
1375 2942 1616 2995 mulieris
1638 2983 1652 3005 ,
1712 2952 1952 2995 tartarus
1972 2983 1986 3003 .

400 3036 450 3080 et
482 3038 626 3081 terra
655 3042 773 3096 qua:
812 3043 917 3082 non
958 3028 1194 3082 satiatur
1217 3044 1359 3099 aqua
1384 3069 1399 3090 ,
1451 3045 1590 3098 aqua
1618 3037 1667 3083 et
1700 3030 1838 3100 ignis
1883 3046 1989 3084 non

398 3122 574 3177 dicent
599 3163 615 3189 ,
646 3120 794 3177 Satis
826 3134 923 3178 est.
957 3121 1147 3194 Neque
1171 3124 1314 3178 enim
1349 3124 1655 3178 animarum
1688 3133 1863 3179 status
1896 3125 1990 3195 qui

399 3220 526 3283 post
561 3215 964 3285 separationem
1016 3229 1204 3269 earum
1246 3215 1302 3270 in
1334 3215 1663 3286 corporibus
1696 3215 1994 3271 habitatio-

400 3320 523 3361 nem
554 3306 801 3375 sequitur
839 3313 892 3361 et
920 3304 1053 3377 ᾇδης
1085 3304 1380 3378 (infernus)
1407 3316 1655 3373 vocatur,
1690 3314 1877 3378 utpote
1909 3306 1995 3362 in-

397 3396 633 3453 visibilis
651 3437 665 3463 ,
685 3397 815 3466 quia
845 3397 1047 3453 ibidem
1084 3397 1279 3451 anima:
1304 3413 1405 3452 nec
1431 3397 1732 3467 quidquam
1767 3412 1997 3466 operan-

2081 2208 2284 2264 κοῦσαν
2340 2205 2658 2276 παράλογον
2722 2203 2909 2272 ἔφεσιν
2956 2201 3185 2273 κορέσαι
3242 2201 3344 2255 οὐκ
3401 2200 3666 2269 ἴσχυσαν,

2090 2298 2389 2369 ἀκόρεστον
2416 2295 2578 2366 δίκην
2613 2293 2838 2365 βδέλλης
2872 2291 3249 2362 ὑπάρχουσαν·
3271 2290 3354 2344 διὸ
3381 2290 3479 2342 καὶ
3505 2287 3666 2358 αὑτὴ,

2084 2394 2116 2461 ἡ
2151 2391 2291 2463 μετὰ
2311 2390 2422 2443 τῶν
2449 2388 2509 2455 ἐξ
2532 2387 2703 2458 αὐτῆς
2722 2382 3012 2457 πληροῦσα
3032 2384 3125 2438 τὸν
3144 2382 3390 2455 τέσσαρα
3409 2378 3667 2453 ἀριθμὸν,

2083 2483 2184 2535 οὐκ
2229 2479 2559 2551 ἑχορτάτθη,
2610 2478 2755 2531 ὥστε
2789 2475 3130 2546 ἀποσχέσθαι
3168 2474 3272 2545 τῆς
3317 2471 3471 2543 παρά
3502 2470 3672 2542 φύσιν

2085 2574 2358 2641 κινήσεως
2377 2589 2391 2603 ·
2419 2571 2527 2635 ἓως
2558 2569 2624 2624 ἂν
2653 2568 2828 2641 αὐτὴν
2854 2566 3235 2631 καθυποτάξας
3263 2567 3293 2620 ὁ
3316 2565 3497 2630 λόγος,
3530 2561 3671 2632 πρὸς

2086 2666 2154 2720 τὰ
2187 2665 2327 2736 ὑπὲρ
2358 2663 2524 2735 φύσιν
2563 2662 2746 2731 ἀγαθά
2771 2659 3038 2732 φέρεσθαι
3077 2659 3345 2724 πείσειεν,
3372 2658 3509 2712 ὅπου
3537 2655 3673 2709 ποτὶ

2088 2757 2548 2828 χορτασθήσεται,
2595 2756 2654 2810 ὲν
2710 2755 2789 2826 τῷ
2831 2754 3065 2826 ὀφθῆναι
3111 2751 3191 2824 τῷ
3240 2749 3517 2824 ἀνθρώπῳ
3568 2748 3676 2823 τὴν

2088 2849 2247 2914 δόξαν
2279 2849 2374 2903 τοῦ
2410 2848 2568 2903 Θεοῦ.

2165 2940 2259 3006 ις’.
2282 2940 2487 3011 ᾍδης,
2508 2942 2607 2995 καί
2628 2942 2778 3009 ἔρως
2796 2939 3104 3010 γυναικὸς,
3123 2936 3222 2993 καί
3238 2937 3546 3007 τάρταρος,
3572 2932 3673 2988 καὶ

2092 3030 2169 3101 γῆ
2186 3034 2297 3087 οὐκ
2319 3030 2742 3102 ἐμπιπλαμένη
2760 3032 2999 3098 ὓδατος,
3017 3029 3117 3084 καί
3135 3028 3293 3096 ὕδωρ
3316 3028 3416 3083 καί
3440 3025 3581 3093 πῦρ,
3596 3024 3671 3078 οὐ

2088 3124 2174 3195 μὴ
2209 3125 2463 3179 εἴπωσιν
2490 3125 2704 3194 Ἀρκεῖ.
2724 3124 2862 3178 Οῦτε
2891 3123 2999 3196 γὰρ
3015 3125 3049 3195 ἠ
3069 3122 3167 3194 τὴν
3186 3123 3244 3175 ὲν
3269 3118 3485 3191 σώμασι
3499 3118 3673 3172 κατά-

2097 3234 2289 3271 στασιν
2320 3216 2432 3271 τῶν
2453 3215 2665 3288 ψυχῶν,
2700 3216 2843 3287 μετὰ
2879 3214 2970 3269 τὸν
3013 3213 3219 3267 τούτων
3249 3210 3530 3283 χωρισμὸν
3554 3208 3675 3262 δια⁴

2096 3307 2359 3380 δεχομένη
2418 3308 2775 3371 κατάστασις,
2808 3308 2933 3378 ἥτις
2954 3305 3085 3378 ᾅδης
3126 3304 3374 3358 καλεῖται
3414 3301 3492 3365 ὡς
3528 3302 3673 3369 ἀφα-

2101 3398 2217 3469 νὴς,
2248 3398 2338 3452 διὰ
2374 3398 2436 3452 τὸ
2492 3400 2551 3453 ἐν
2589 3399 2750 3469 αὐτῇ,
2791 3397 2918 3469 μήτ’
2969 3398 3239 3469 ἐνεργεῖν,
3272 3394 3410 3466 μήτε
3442 3394 3675 3462 πάσχειν

400 3488 525 3551 ειη,
562 3504 666 3544 nec
700 3488 931 3558 jucundi
973 3500 1069 3544 aut
1120 3490 1338 3544 molesti
1383 3490 1513 3559 quid
1561 3490 1842 3559 patiuntur
1868 3503 1986 3544 cum

2099 3491 2270 3553 αὑτὰς
2313 3488 2452 3560 μετά
2484 3490 2754 3562 σωμάτων
2780 3490 2851 3544 τά
2887 3489 3020 3561 ἡδέα
3051 3490 3160 3542 εἴτε
3194 3486 3453 3558 λυπηρά·
3483 3483 3607 3538 οῦτε
3635 3484 3671 3554 ἡ

368 3581 763 3650 corporibus;
812 3596 990 3650 neque
1028 3581 1298 3656 sensualis
1332 3588 1389 3636 et
1442 3580 1784 3635 irrationalis
1814 3596 1990 3647 amor,

397 3671 491 3742 qui
535 3671 750 3727 animas
793 3673 1014 3742 quidem
1041 3673 1269 3727 dimittit
1303 3671 1357 3725 in
1393 3670 1665 3726 infernum
1689 3712 1704 3737 ,
1757 3687 1991 3743 corpora

400 3772 580 3819 autem
602 3766 656 3819 in
687 3770 922 3835 quatuor
946 3765 1212 3819 elementa
1237 3764 1518 3828 dissolvit,
1550 3764 1706 3834 quasi
1736 3779 1832 3834 per
1864 3778 1985 3818 eam

401 3854 465 3909 ad
498 3863 727 3909 mortem
756 3854 1048 3909 damnatus
1082 3854 1247 3909 fuerit
1293 3855 1483 3922 homo;
1524 3870 1700 3925 neque
1753 3870 1819 3910 ex
1857 3869 1994 3926 qua-

401 3958 525 3999 tuor
566 3946 689 4001 istis
734 3946 1018 4001 elementis
1051 3947 1137 4001 vel
1183 3961 1279 4001 aer
1314 3956 1623 4003 commotus
1654 3962 1719 4004 ac
1753 3947 1994 4004 turbans

402 4051 602 4105 aquas;
640 4036 724 4091 vel
767 4044 910 4090 terra
960 4036 1114 4089 arida
1161 4037 1318 4106 aquis
1352 4052 1458 4090 non
1500 4036 1727 4106 irrigata
1759 4044 1815 4091 et
1860 4052 1995 4107 pro-

404 4129 578 4196 priam
632 4127 886 4196 rejiciens
932 4127 1283 4194 aviditatem;
1339 4129 1422 4182 vel
1479 4143 1621 4197 aqua
1678 4128 1832 4197 ipsa,
1900 4143 1995 4202 aut

402 4220 547 4287 ignis
577 4259 591 4283 ,
627 4227 813 4272 mutua
845 4219 1201 4287 corruptione
1225 4220 1643 4283 saturahunlur,
1676 4217 1989 4287 usquedum

404 4313 457 4363 in
488 4309 898 4365 resurrectione
922 4309 1247 4373 universali,
1274 4310 1614 4379 iurorruptio
1632 4318 1685 4363 et
1716 4311 1988 4367 stabilitas

403 4406 453 4454 et
485 4400 729 4453 omnium
761 4412 791 4452 a
821 4398 1117 4453 mutatione
1145 4397 1459 4454 immunitas
1490 4399 1769 4454 adveniat.

474 4488 643 4553 Vens.
673 4490 760 4545 i7.
800 4490 1025 4544 Oculum
1058 4492 1147 4561 qui
1177 4492 1471 4546 subsannat
1510 4500 1712 4560 patrem
1736 4501 1785 4546 et
1807 4493 1985 4562 despi-

403 4582 472 4635 cit
503 4590 818 4635 senectutem
838 4582 1050 4645 matris,
1080 4582 1334 4651 eﬁ’odiant
1366 4599 1483 4636 eum
1512 4584 1653 4636 corvi
1686 4583 1749 4638 de
1789 4592 1994 4639 torren-

406 4673 573 4737 tibus,
611 4681 660 4726 et
707 4673 985 4726 comedunt
1024 4689 1139 4726 eum
1170 4672 1271 4737 lilii
1312 4674 1523 4743 aquilte.
1561 4674 1988 4730 [intellectualem

405 4765 601 4821 animae
629 4764 870 4829 oculum,
892 4766 986 4834 qui
1032 4763 1203 4819 Deum
1239 4766 1483 4818 omnium
1515 4774 1797 4820 auctorem
1852 4781 1984 4820 con-

2100 3583 2220 3637 κατ’
2271 3583 2525 3654 αίσθησιν
2577 3584 2771 3653 ἄλογος
2812 3583 3014 3653 ὄρεξις,
3042 3582 3164 3654 ἥτις
3209 3580 3307 3644 τὰς
3350 3580 3451 3649 μὲν
3494 3576 3675 3647 ψυχὰς

2100 3674 2463 3746 παραπέμπει
2494 3674 2572 3747 τῷ
2596 3674 2720 3747 ᾄδῃ,
2755 3674 2826 3728 τὰ
2860 3675 2918 3728 δὲ
2946 3672 3175 3744 σώματα
3205 3674 3285 3737 είς
3320 3672 3389 3725 τά
3430 3671 3677 3738 τέσσαρα

2100 3766 2325 3820 ἀναλύει
2350 3770 2616 3838 στοιχεῖα,
2647 3766 2723 3830 ὡς
2748 3765 2817 3821 δι’
2854 3766 3025 3837 αὐτὴν
3048 3765 3141 3820 τοῦ
3180 3762 3470 3835 ἀνθρώπου
3500 3777 3677 3816 κατα-

2101 3858 2384 3928 κριθέντος
2413 3859 2629 3931 θανάτῳ
2649 3876 2662 3888 ·
2688 3860 2812 3913 οὔτε
2837 3857 2943 3930 μὴν
2974 3858 3034 3923 ἐξ
3057 3858 3236 3913 αὐτῶν
3256 3857 3363 3910 τῶν
3391 3856 3677 3925 τεσσάρων

2101 3952 2402 4021 στοιχείων,
2435 3951 2468 4023 ἢ
2503 3951 2612 4022 ἀὴρ
2646 3950 2968 4021 κινούμενος
3002 3950 3099 4004 καὶ
3125 3949 3417 4022 ταράσσων
3446 3949 3516 4001 τά
3555 3946 3676 4000 ὓδα-

2100 4061 2188 4106 τα,
2217 4042 2250 4113 ἢ
2276 4043 2348 4112 γῆ
2384 4042 2526 4113 ξηρά
2566 4043 2641 4113 μὴ
2678 4042 2940 4113 δευομένη
2969 4046 3083 4106 τοῖς
3120 4041 3301 4105 ὕδασι,
3340 4041 3435 4096 καὶ
3466 4042 3567 4112 τὴν
3596 4042 3678 4095 oi-

2100 4133 2254 4188 κείαν
2296 4133 2713 4205 ἀποϐαλλομένη
2765 4133 3127 4205 ξηρότητα,ἢ
3167 4134 3227 4187 τὸ
3273 4134 3418 4204 ὕδωρ
3446 4133 3597 4197 αὐτὸ,
3638 4133 3674 4201 ἢ

2099 4226 2161 4278 τὸ
2188 4224 2321 4295 πῦρ,
2345 4226 2446 4295 τῆς
2476 4224 2762 4295 διαλλήλου
2799 4224 3009 4296 φθορᾶς
3038 4224 3545 4296 ὲμπλησθήσονται,
3570 4224 3674 4286 ἕως

2097 4316 2197 4384 τῆς
2227 4313 2443 4367 πάντων
2471 4314 2613 4368 κατά
2648 4313 2747 4385 τὴν
2789 4314 3085 4369 ἀνάστασιν
3112 4315 3421 4386 ἀφθαρσίας
3435 4317 3529 4367 καὶ
3561 4313 3676 4366 δια-

2099 4408 2287 4475 μονῆς,
2320 4406 2538 4475 καὶτῆς
2569 4404 2662 4458 τοῦ
2697 4404 2957 4476 φέρεσθαι
3000 4405 3260 4468 στάσεως.

2170 4492 2256 4558 ιζ’.
2308 4494 2648 4564 Ὀφθαλμὸν
2672 4493 3093 4564 καταγελῶντα
3133 4495 3382 4563 πατρὸς,
3413 4494 3510 4548 καὶ
3552 4494 3675 4548 άτι-

2094 4585 2351 4655 μὰζοντα
2376 4585 2568 4655 γῆρας
2600 4586 2846 4657 μητρὸς,
2871 4587 3253 4656 ἐκκόψαισαν
3282 4586 3472 4641 αὐτὸν
3503 4587 3677 4653 κόρα-

2098 4694 2200 4740 κες
2225 4677 2295 4729 ἐκ
2328 4675 2447 4729 τῶν
2478 4677 2817 4749 φαράγγων,
2851 4679 2951 4731 καὶ
2999 4676 3454 4746 καταφάγοισαν
3490 4676 3677 4728 αὐτὰν

2094 4766 2342 4821 νεοσσοὶ
2379 4767 2589 4824 ἀετῶν.
2622 4769 2828 4840 Nos.va
2874 4770 3030 4842 δμμα
3070 4770 3269 4841 ψυχῆς,
3304 4766 3675 4840 καταφρονοῦν

404 4855 619 4920 temnit,
653 4862 999 4926 veteremque
1033 4870 1097 4909 ac
1140 4855 1245 4925 ipsi
1275 4865 1601 4910 coarternam
1633 4857 1869 4928 despicit
1902 4872 1983 4912 sa-

2091 4858 2181 4912 τοῦ
2230 4860 2446 4913 πάντων
2490 4862 2667 4914 αἰτίου
2717 4862 2891 4929 Θεοῦ,
2934 4864 3030 4917 καὶ
3070 4864 3171 4925 τὴν
3216 4862 3484 4915 συναῖδιον
3527 4859 3676 4930 αὐτῷ

406 4947 687 5016 pientiam,
726 4948 1109 5001 universorum
1137 4960 1385 5015 causam,
1411 4950 1741 5004 naturalium
1777 4958 1829 5005 et
1861 4961 1987 5005 tem-

409 5035 674 5103 poralium
698 5036 1035 5105 apparentiis
1061 5036 1403 5091 immorando
1426 5047 1480 5092 et
1506 5054 1616 5094 non
1639 5040 1987 5097 ascendendo

406 5130 473 5179 ad
504 5127 721 5181 illorum
754 5127 1019 5190 rationes,
1048 5141 1188 5196 quas
1212 5136 1337 5181 ante
1369 5129 1572 5183 saecula
1601 5131 1828 5186 salutari
1861 5147 1987 5187 con-

405 5220 531 5275 silio
562 5218 706 5275 Deus
746 5218 1029 5274 constituit
1056 5228 1114 5273 et
1144 5219 1447 5274 secundum
1482 5237 1620 5291 quas
1650 5223 1985 5278 creationem

404 5322 518 5367 tum
559 5312 854 5378 visibilem,
895 5318 1011 5366 tum
1063 5313 1393 5369 invisibilem
1432 5329 1463 5369 e
1493 5315 1668 5370 nihilo
1717 5315 1961 5371 condidit

405 5411 604 5459 cuncta
625 5405 770 5458 enim
798 5403 1013 5458 ratione
1040 5414 1098 5459 et
1118 5404 1391 5475 sapientia
1428 5407 1483 5460 in
1518 5415 1764 5477 tempore
1788 5422 1994 5478 oppor-

403 5505 538 5570 tuno
566 5492 695 5548 fecit
712 5508 775 5549 ac
797 5494 947 5560 facit,
966 5495 1118 5550 illum
1144 5496 1365 5551 oculum
1389 5500 1747 5553 excazcabunt
1769 5501 1992 5570 quidem

401 5598 744 5640 terrenorum
773 5584 969 5641 affectu
988 5587 1282 5644 immundae
1301 5604 1364 5644 ac
1388 5590 1602 5645 vitiosa:
1623 5592 1991 5663 cogitationes

404 5675 979 5733 ascendentesecarne
996 5680 1183 5737 multis
1207 5680 1524 5751 passionum
1578 5682 1794 5738 ﬂuentis
1834 5700 1998 5739 exca-

408 5772 528 5833 vata
550 5772 599 5823 et
614 5766 829 5825 revulsa
848 5784 877 5825 a
894 5770 1223 5830 cohaerentia
1243 5784 1293 5830 ct
1312 5773 1651 5831 connexionc
1671 5790 1794 5830 cum
1816 5776 1996 5833 anima

2092 4950 2427 5021 ἀρχαιότητα
2473 4951 2573 5021 τῆς
2622 4952 2946 5017 πανταιτίας
2990 4952 3185 5022 σοφίας
3234 4951 3433 5006 τούτου
3492 4967 3673 5021 παρα-

2090 5041 2444 5112 6λεπόμενον,
2479 5044 2537 5095 ὲν
2576 5043 2656 5113 τῷ
2694 5045 3056 5115 ὲναπομένειν
3084 5048 3206 5109 ταῖς
3247 5044 3353 5098 ὑπὸ
3384 5043 3549 5113 φῦσιν
3583 5044 3678 5096 καὶ

2091 5134 2281 5204 χρόνον
2331 5135 2678 5204 ἐπιφανείαις
2724 5135 2835 5189 τῶν
2873 5136 3066 5202 ὄντων,
3103 5137 3200 5189 καὶ⁵
3241 5136 3317 5206 μὴ
3370 5120 3511 5205 πρὸς
3550 5134 3676 5195 τοὺς

2093 5226 2288 5293 λόγους
2330 5225 2512 5279 αὐτῶν
2540 5226 2858 5293 διαϐαίνειν,
2888 5224 2984 5291 οὓς
3016 5228 3045 5280 ὁ
3083 5226 3216 5291 Θεὸς
3249 5225 3389 5296 ἔχων
3430 5225 3540 5295 πρὸ
3565 5224 3674 5276 τῶν

2103 5316 2336 5382 αἰώνων,
2361 5316 2611 5388 βουλήσει
2635 5318 2815 5389 ἀγαθῇ
2841 5316 3295 5388 προῦφεστῶτας,
3322 5316 3445 5370 κατ’
3477 5314 3675 5377 αὐτοὺς
3728 5342 3735 5360 .-

2101 5408 2198 5479 τήν
2230 5425 2290 5461 τε
2331 5408 2534 5480 ὁρατὴν
2570 5410 2664 5464 καὶ⁴
2710 5410 2807 5480 τὴν
2855 5411 3087 5483 ἀόρατον
3138 5410 3202 5462 ὲκ
3250 5407 3345 5462 τοῦ
3401 5406 3476 5478 μὴ
3522 5406 3675 5469 ὄντος

2102 5499 2447 5569 ὑπεστήσατο
2473 5501 2671 5566 κτίσιν,
2702 5501 2846 5571 λόγῳ
2881 5502 2977 5554 καὶ
3020 5502 3182 5571 σοφίᾳ
3217 5498 3285 5551 τὰ
3317 5498 3499 5551 πάντα
3536 5496 3676 5549 κατὰ

2100 5592 2190 5644 τὸν
2210 5591 2397 5646 δέοντα
2416 5594 2607 5663 χρόνον
2632 5594 2868 5664 ποιήσας
2898 5611 2955 5647 τε
2993 5593 3087 5647 καὶ
3114 5591 3310 5657 ποιῶν,
3342 5591 3405 5644 τὸ
3433 5589 3677 5643 τοιοῦτον

2107 5685 2258 5755 ὄμμα
2283 5685 2690 5754 ὲκτυφλώσουσι
2717 5686 2814 5756 μὲν
2840 5686 2948 5740 τῶν
2972 5686 3299 5757 ἀκαθάρτων
3324 5682 3601 5753 λογισμῶν
3627 5682 3678 5733 ei

2107 5778 2227 5832 κατ’
2245 5778 2492 5849 ,ἔλλειψιν
2522 5778 2618 5852 τῆς
2660 5778 2866 5851 ἀρετῆς
2898 5778 3277 5841 ἀναϐαίνοντες
3314 5776 3422 5834 ἀπὸ
3458 5777 3559 5845 τῆς
3596 5774 3672 5843 τῷ
