3958 6522
20 331 55 396 1
67 337 227 405 529

1170 347 1706 410 COMMENTARII
1731 349 1817 412 IN
1850 350 2312 418 PROVERBIA.

3254 367 3389 433 1530

15 456 288 533 πολλῷ
313 460 548 533 ῥεύματι
566 461 678 516 τῶν
701 459 891 515 παθῶν
916 461 1437 533 ὲκχαραδρωθείσης
1461 464 1680 532 σαρκὸς,

1798 465 2094 520 serundum
2121 471 2293 539 legem
2326 471 2419 527 Dei
2444 474 2537 542 qui
2563 473 2684 531 illas
2702 474 3206 546 simulconjunxit;
3239 480 3392 535 illum

18 552 160 605 καὶ
198 553 625 628 διατμηθείσης
651 555 753 625 τὴν
781 555 919 627 πρὸς
952 555 1057 626 τὴν
1082 554 1265 625 ψυχὴν
1290 558 1433 609 κατά
1464 555 1555 607 τὸν
1586 554 1681 608 τοῦ

30 644 480 719 συνδήσαντος
500 646 634 700 Θεοῦ
658 647 715 699 νό
724 664 847 717 μον,
871 646 1251 717 πνευματικὴν
1279 645 1559 715 συνέχειαν
1587 644 1683 698 καὶ

24 739 429 811 συνάφειαν,
460 740 537 805 ὡς
573 740 915 805 σκοτίξοντες
935 738 1068 793 αὐτὸ
1097 740 1164 810 τῇ
1199 738 1383 808 σχέσει
1416 737 1526 789 τῶν
1568 736 1685 789 ύλι-

23 830 192 886 κῶν
212 851 237 865 ·
280 832 730 888 καταναλώσουσι
758 833 818 887 δὲ
837 833 889 885 oi
919 831 1042 887 καθ’
1075 830 1385 902 ὑπερδολὴν
1417 830 1519 899 τῆς
1551 828 1685 899 ἀρεο

18 922 207 992 τῆς,
250 926 319 979 ἐκ
353 925 462 979 τῶν
494 925 651 995 δίκην
682 923 962 995 ύψιπετῶν
990 922 1166 977 ἀετῶν
1197 924 1279 985 είς
1332 919 1468 991 ὕψος
1507 920 1682 991 ύπερο

1793 562 1976 610 autent
2021 569 2349 615 consument
2365 564 2731 635 c0gi'ationes
2755 583 2853 637 per
2877 584 3168 624 excessum
3212 571 3392 626 virtu-

1793 647 1865 700 tis
1906 663 2044 717 quas
2075 652 2129 704 in
2168 655 2347 708 anima
2374 657 2601 726 pariunt
2623 660 2773 729 pravi
2804 661 3030 731 spiritus
3058 677 3213 717 more
3238 664 3394 733 aqui-

1795 742 1968 795 larum
1996 744 2392 802 altivolantium
2432 750 2486 804 in
2518 751 2859 807 altitudinem
2880 754 3207 825 arrogantiae
3239 755 3391 812 elati.

1794 830 2051 891 Hatenim
2091 842 2447 911 cogitationes
2488 846 2855 916 speculativas
2899 848 3097 904 anima:
3120 851 3393 921 potentias

1791 938 1930 981 vana
1964 930 2319 989 meditatione
2340 936 2659 995 absumunt.

25 1018 341 1083 ηεξανίας
372 1018 678 1089 αἰρομένων
703 1020 802 1088 τῆς
825 1016 1095 1088 πονηρίας
1118 1015 1467 1087 πνευμάτων,
1497 1013 1976 1087 ὲναποτικτόμενοι
2014 1026 2080 1095 τῇ
2101 1024 2249 1099 ψυχῇ
2284 1028 2539 1101 λογισμοί
2561 1046 2576 1062 ο
2616 1031 2693 1095 ὡς
2721 1032 2784 1086 τὸ
2826 1032 3031 1105 ταύτης
3070 1036 3136 1105 τῇ
3185 1032 3389 1105 ματαίᾳ

28 1108 154 1176 οἰή
172 1125 275 1161 ςει
316 1110 706 1179 ἐπινεμόμενοι
727 1107 1089 1179 θεωρητικόν.

141 1214 267 1278 ιη’,
314 1206 401 1261 ιθ’.
446 1206 585 1274 Τρία
623 1203 691 1258 δέ
722 1205 895 1258 ἐστιν
928 1202 1232 1259 ἀδύνατόν
1282 1220 1383 1273 μοι
1435 1199 1682 1269 νοῆσαι,

31 1297 179 1350 καὶ
248 1298 317 1351 τὸ
359 1298 647 1366 τέταρτον
679 1298 792 1351 οὐκ
838 1295 1245 1365 ἐπιγινώσκωθ
1308 1296 1449 1363 ἴχνη
1505 1291 1684 1348 ἀετοῦ

37 1387 458 1459 πετομένου,
514 1388 615 1442 και
658 1387 838 1454 ὀδοὺς
893 1387 1086 1457 ὄφεως
1142 1386 1242 1440 ἐπὶ
1289 1387 1534 1451 πέτρας,
1583 1384 1682 1437 καὶ

36 1482 345 1548 τρίϐους
366 1480 516 1548 νηὸς
540 1480 1067 1547 ποντοπορούσης,
1107 1478 1205 1532 καὶ
1237 1476 1419 1542 ὁδοὺς
1459 1475 1685 1544 ἀνδρὸς

35 1573 142 1627 ἐν·
207 1575 474 1643 νεότητι.
506 1573 719 1645 Ὠσπερ
771 1572 1033 1626 ἀδύνατόν
1083 1588 1176 1642 μοι
1225 1572 1294 1624 τὰ
1328 1569 1456 1640 τρία
1511 1568 1685 1622 ταῦτα

42 1666 434 1721 καταλαϐεῖν
453 1683 467 1697 ’
501 1666 799 1737 ίπταμένου
831 1683 890 1718 τε
920 1664 1082 1719 ἀετοῦ
1109 1664 1254 1735 ἴχνη,
1291 1663 1386 1716 καὶ
1418 1662 1685 1733 ἓρποντος

45 1760 187 1812 ἐπὶ
248 1759 461 1830 πέτρας
497 1758 677 1827 ὄφεως
706 1757 890 1831 ὁδοὺς,
949 1757 1045 1810 καὶ
1079 1752 1525 1825 ποντοπορούσης
1554 1752 1684 1823 νηὸς

50 1852 353 1923 τρίϐους,
378 1850 564 1922 ἐπειδὴ
588 1850 762 1905 ταῦτα
804 1850 987 1904 πάντα
1028 1848 1387 1921 ἀνύπαρκταο
1416 1846 1558 1902 οὕτω
1591 1863 1681 1917 μοι

1864 1198 2029 1257 Vens.
2065 1202 2152 1263 18.
2189 1205 2273 1259 19.
2306 1206 2433 1260 “Tria
2467 1218 2592 1261 sunt
2613 1208 2851 1277 di/ﬁcilia
2882 1209 3031 1275 nimi,
3069 1220 3120 1264 et
3141 1220 3386 1279 quartum

1789 1299 1997 1362 penitus
2036 1298 2219 1367 ignoro
2255 1314 2273 1351 :
2305 1301 2523 1370 vestigia
2557 1303 2751 1368 aquila:
2778 1303 3025 1369 volantis,
3047 1313 3096 1357 et
3121 1306 3231 1357 vias
3268 1319 3383 1357 ser-

1790 1391 2032 1458 pentisiu
2057 1403 2241 1460 petra,
2274 1403 2324 1447 et
2362 1395 2578 1449 semitas
2622 1398 2770 1449 nat-is
2818 1398 3147 1466 naviganlis,
3195 1407 3245 1450 et
3272 1397 3385 1451 vias

1790 1482 1889 1537 viri
1944 1486 1999 1536 in
2043 1484 2424 1540 adolescentia.
2492 1487 2967 1553 Quemadmodum
3041 1489 3384 1557 impossibile

1793 1574 1926 1629 mihi
1978 1576 2081 1629 tria
2118 1576 2231 1631 haec
2256 1593 2453 1646 capere
2489 1598 2502 1634 :
2536 1592 2589 1635 et
2628 1581 2861 1635 volantis
2894 1581 3091 1650 aquila
3123 1581 3381 1651 vestigia,

1790 1674 1845 1720 et
1881 1670 2126 1738 repentis
2150 1670 2360 1724 colubri
2387 1671 2506 1726 vias
2555 1672 2608 1726 in
2651 1682 2823 1741 petra,
2854 1681 2909 1727 et
2951 1672 3262 1743 navigantis
3294 1688 3384 1725 na-

1788 1759 1875 1815 vis
1912 1765 2159 1827 semitas,
2195 1764 2321 1831 quia
2374 1764 2489 1819 Itazc
2535 1765 2714 1819 omnia
2769 1780 2875 1818 non
2911 1764 3265 1829 subsistunt;
3299 1763 3373 1817 ita

1789 1858 1845 1906 et
1882 1862 2136 1921 quartum
2194 1855 2328 1909 mibi
2373 1858 2652 1926 ignotum,
2684 1855 2974 1912 instabiles
3017 1855 3382 1925 cogitationes

48 1942 191 1996 καὶ
230 1944 292 1996 τὸ
322 1943 589 2015 τέταρτον
616 1942 917 2011 ἄγνωστον,
945 1943 1003 1996 at
1037 1940 1133 1995 τοῦ
1160 1942 1234 2013 μὴ
1258 1940 1679 2010 τετελειωμένου

1798 1946 1988 2000 mentis
2018 1962 2140 2017 quae
2170 1948 2235 2002 ad
2261 1948 2556 2018 perfectam
2616 1957 2831 2005 aetatem
2879 1949 3218 2020 Spiritualem
3249 1963 3382 2002 non-

48 2035 194 2108 τὴν
232 2034 614 2107 πνευματικὴν
646 2033 863 2106 ἡλικίαν
893 2034 1013 2099 νοὸς
1041 2035 1266 2089 ἄστατοι
1297 2034 1520 2088 ἔννοιαι.

152 2134 240 2183 κ’.
290 2128 538 2193 Τοιαύτη
566 2126 706 2194 ὁδὸς
736 2126 1022 2195 γυναικὸς
1047 2125 1429 2196 μοιχαλίδος,
1457 2123 1496 2193 ἦ
1537 2122 1683 2178 ὅταν

52 2218 327 2288 πράξῃ,
380 2218 802 2288 ἀπονιψαμένη
826 2259 840 2282 ,
882 2217 1065 2272 οὐδέν
1105 2233 1255 2288 φησι
1311 2217 1681 2285 πεπραχέναι

56 2310 351 2365 ἄτοπον.
390 2303 487 2372 Δίς
513 2308 728 2380 ὁμοίαή
756 2310 856 2379 τῆς
888 2308 1081 2380 πόρῤω
1110 2308 1206 2361 τοῦ
1227 2307 1390 2377 λόγου
1418 2306 1682 2380 νευούσης

62 2402 308 2474 σαρκὸς
328 2403 425 2457 καὶ
457 2403 587 2473 περὶ
614 2401 683 2456 τὰ
713 2399 952 2472 αἰσθητά
1000 2400 1361 2472 πλανωμένης
1389 2401 1641 2469 ἐνέργεια
1663 2418 1676 2429 ·

56 2493 217 2562 ἦτις
269 2490 407 2559 σάρξ
448 2491 589 2561 μετά
631 2490 732 2563 τὴν
775 2490 1077 2563 ἁμαρτίαν,
1120 2490 1214 2544 τὸν
1282 2490 1425 2544 κατὰ
1470 2489 1679 2562 ταύτην

67 2582 274 2653 ῥύπον
312 2580 541 2652 δάκρυσι
602 2579 895 2651 μετανοίας
940 2577 1282 2645 ὲκπλύνασα,
1330 2577 1679 2633 ἀποδεικνύει

63 2674 305 2747 ἑαυτὴν
324 2674 716 2745 ἀναμάρτητον
739 2690 752 2704 ·
788 2672 983 2727 στάσιν
1009 2670 1381 2742 λαμϐάνοντος
1410 2670 1505 2724 τοῦ
1535 2670 1677 2735 νοὸς,

62 2769 151 2839 τῇ
192 2766 329 2839 περὶ
358 2767 419 2820 τὸ
442 2765 612 2830 ὅντως
636 2766 841 2834 ἀγαθὸν
873 2765 1067 2837 ἀληθεῖ
1096 2764 1320 2837 θεωρίᾳ.

155 2866 278 2915 κα’.
318 2859 424 2914 Διὰ
468 2859 650 2929 τριῶν
696 2860 924 2913 σείεται
953 2859 991 2927 ἡ
1022 2856 1135 2929 γῆ·
1182 2858 1250 2913 τὸ
1284 2856 1355 2911 δὲ
1396 2856 1683 2926 τέταρτον

66 2954 160 3007 οὐ
198 2954 455 3009 δύναται
486 2951 713 3023 φέρειν.
750 2951 850 3004 Διὰ
882 2950 1088 3006 τούτων
1120 2950 1231 3004 τῶν
1277 2950 1446 3022 τριῶν
1477 2948 1553 3012 ὡς
1592 2949 1683 3004 διά

70 3063 243 3107 τινος
276 3044 503 3116 σεισμοῦ
531 3044 844 3108 διιστῶντος
867 3044 936 3099 τὰ
967 3044 1189 3114 συνεχῆ,
1222 3042 1582 3113 διασπωμένη
1614 3043 1679 3114 τῇ

68 3139 288 3211 λογικῇ
315 3138 592 3209 διακρίσει
634 3140 668 3209 ἡ
702 3137 1054 3191 πυκνωθεῖσα
1078 3137 1194 3202 ἕξις
1227 3139 1293 3208 τῇ
1326 3137 1391 3190 ἐκ
1418 3135 1528 3191 τῶν
1556 3136 1680 3190 καθ’

76 3232 293 3303 ἡδονὴν
332 3233 427 3286 καὶ
448 3231 645 3302 ὀδύνην
681 3230 941 3286 ἐναντίων
975 3232 1075 3301 τῆς
1104 3230 1305 3292 κακίας
1335 3228 1519 3299 μερῶν
1546 3246 1680 3297 συγ-

76 3327 331 3397 κειμένῃ
366 3325 671 3397 μοχθηρίᾳο
708 3326 769 3378 τὸ
789 3324 846 3378 δὲ
875 3325 1141 3395 τέταρτον
1168 3322 1356 3394 φέρειν
1391 3322 1528 3386 ὅλως
1553 3322 1683 3378 ἀδυ-

77 3418 354 3485 νατοῦσα,
393 3420 578 3473 τέλεον
613 3419 714 3488 τῆς
753 3419 951 3480 κακίας
975 3418 1272 3485 ἐξίσταται.

162 3512 273 3583 κβ’.
322 3513 466 3567 Ἐὰν
504 3514 743 3579 οἰκέτης
774 3510 1148 3581 βασιλεύσῃ.
1189 3511 1319 3565 Ἐάν
1355 3511 1384 3564 ὁ
1415 3507 1687 3564 δουλεύων

83 3606 269 3676 σαρκὶ
301 3607 381 3670 είς
414 3604 761 3676 παραλόγους
798 3604 1121 3675 ἐπιθυμίας,
1158 3605 1500 3675 ἐπιστατήσῃ
1534 3602 1684 3656 ἐννό-

86 3714 219 3766 μως
252 3696 388 3766 αὐτῇ
415 3695 555 3747 κατὰ
586 3693 810 3764 πρᾶξιν,
843 3693 939 3745 καὶ
969 3691 1190 3765 καθάρῃ
1228 3690 1400 3761 αὐτὴν
1425 3689 1558 3760 θείῳ
1587 3689 1685 3759 φό-

83 3788 176 3856 ϐῳ
208 3786 320 3842 ἀπὸ
348 3786 547 3850 παντὸς
577 3783 843 3856 λογισμοῦ
877 3785 975 3853 τῆς
1023 3783 1144 3836 κατ’
1178 3782 1465 3854 ἐνέργειαν
1506 3782 1687 3853 ἀμαρ-

86 3895 246 3932 τιαε.

86 4061 211 4125 κὼς
243 4061 397 4126 Θεὸν,
435 4061 718 4133 ὲμφορηθῇ
753 4061 860 4114 τῶν
894 4062 952 4113 ὲν
988 4060 1263 4132 πνεύματι
1299 4059 1681 4132 θεωρημάτων

85 4151 300 4220 αὐτοῦ,
335 4152 528 4217 διαϐὰς
570 4152 670 4217 τὰς
723 4154 845 4207 κατ’
875 4151 1137 4224 αἴσθησιν
1192 4152 1517 4223 ἐπιφανείας
1570 4150 1682 4206 τῶν

86 4246 343 4321 ὁρατῶνο
383 4248 478 4301 καὶ
506 4249 621 4312 τοῖς
648 4245 830 4317 λόγοις
860 4246 1068 4300 τούτων
1096 4245 1394 4317 φωτισθεὶς
1425 4245 1502 4310 ῶς
1535 4262 1680 4299 τισιν

89 4345 282 4397 ἀκτῖσι
308 4340 405 4395 τοῦ
427 4342 525 4412 τῆς
553 4339 901 4410 δικαιοσύνης
923 4340 1105 4411 ἡλίου,
1136 4339 1231 4393 καὶ
1254 4338 1420 4393 αὑτὸν
1449 4337 1544 4393 τὸν
1578 4337 1677 4393 τοῦ

93 4437 301 4501 παντὸς
328 4436 498 4491 αῖτιον
521 4434 674 4499 Θεὸν,
696 4436 759 4487 ὲκ
782 4432 891 4487 τῶν
920 4434 1115 4487 τούτου
1147 4432 1474 4505 ποιημάτων
1503 4450 1677 4487 κατα-

94 4528 301 4585 λαϐὼν.

164 3970 277 4025 Καὶ
311 3970 516 4039 ἄφρων
548 3965 798 4038 πλησθῇ
832 3967 1067 4022 σιτίων.
1093 3966 1206 4021 Καὶ
1227 3967 1323 4021 ἐὰν
1352 3966 1381 4020 δ
1409 3966 1484 4038 μὴ
1510 3965 1680 4035 ἐγνω-

1792 2038 1923 2089 dum
1950 2040 2217 2106 pervenit.

1850 2125 2120 2185 νειιΩΞΟ.
2149 2129 2296 2185 Talis
2331 2142 2406 2186 est
2442 2131 2526 2185 via
2556 2130 2794 2185 mulieris
2823 2128 3379 2197 adulterw,quodcun-

1782 2234 1881 2286 que
1894 2220 2074 2289 egerit,
2103 2219 2233 2284 lota,
2260 2222 2335 2274 ait
2353 2239 2405 2276 se
2428 2222 2561 2276 nihil
2580 2222 2708 2275 mali
2730 2222 2937 2291 fecisse.
2961 2221 3057 2276 His
3074 2220 3272 2275 similis
3293 2226 3375 2274 est

1783 2312 2029 2379 operatio
2058 2328 2180 2382 qua:
2224 2313 2381 2383 longe
2420 2330 2449 2367 a
2489 2315 2702 2370 ratione
2733 2315 2954 2369 aberrat
2986 2321 3040 2369 et
3088 2322 3370 2366 annuente

1782 2417 1971 2467 carne,
2006 2403 2074 2458 ad
2100 2402 2380 2460 sensibilia
2411 2413 2667 2475 vagatur;
2704 2420 2826 2476 quae
2852 2418 2982 2460 caro
3017 2411 3142 2472 post
3179 2417 3372 2473 pecca-

1783 2506 1921 2559 tum.
1955 2512 2079 2552 cum
2136 2501 2344 2568 peccati
2372 2498 2567 2555 sordes
2614 2499 2786 2553 abluit
2842 2512 2938 2567 per
2972 2495 3371 2566 ptenitcntiam,

1780 2589 2022 2646 ostendit
2051 2589 2291 2660 seipsam
2321 2590 2530 2660 peccati
2577 2596 2878 2660 expertem.
2908 2586 3062 2642 Mens
3110 2584 3371 2655 stabilita-

1786 2691 1896 2736 tem
1945 2681 2150 2751 accipit
2197 2697 2293 2752 per
2327 2697 2509 2737 veram
2561 2682 2627 2737 de
2681 2696 2811 2735 vero
2850 2680 2996 2734 bono
3046 2676 3375 2748 contempla.

1783 2773 2011 2827 tionem.

1853 2862 2018 2919 Vens.
2048 2862 2138 2917 2|.
2173 2862 2278 2918 Per
2306 2865 2410 2917 tria
2438 2872 2673 2918 movetur
2703 2873 2846 2917 terra
2868 2902 2883 2925 ,
2909 2870 2959 2916 et
2986 2871 3238 2933 quartum
3270 2876 3374 2915 non

1779 2966 1945 3025 potest
1971 2955 2249 3012 sustinere.
2285 2955 2386 3010 Per
2415 2957 2519 3010 tria
2553 2956 2665 3010 lucc
2697 2954 2853 3024 quasi
2880 2961 3217 3017 terrzemotu,
3237 2967 3375 3022 quo.

1782 3050 1907 3105 dam
1936 3047 2129 3121 juncta
2169 3048 2543 3121 disjungente,
2567 3049 2749 3103 anima
2780 3047 3060 3101 divellitur
3092 3042 3370 3117 spirituali

1782 3143 2140 3209 discretione,
2170 3160 2293 3214 qua:
2348 3145 2656 3198 incrassata
2708 3145 2826 3195 erat
2875 3139 3225 3209 improbitate
3252 3151 3373 3211 qua:

1787 3238 2035 3309 procedit
2062 3253 2091 3292 a
2120 3238 2399 3308 voluptate
2440 3245 2494 3292 et
2539 3236 2728 3291 dolore
2770 3236 2825 3288 in
2860 3232 2996 3288 vitio
3038 3247 3098 3288 se
3140 3230 3372 3284 invicem

1793 3328 2295 3401 propugnantibus.
2329 3327 2599 3395 Quartum
2639 3335 2823 3382 autem
2858 3322 3005 3396 quod
3050 3323 3195 3378 ferre
3224 3320 3372 3376 nullo

1792 3422 1955 3477 modo
1988 3428 2190 3491 potest,
2220 3420 2431 3476 scilicet
2457 3419 2650 3473 aman
2687 3432 2919 3489 prorsus
2954 3414 3128 3489 exire.

1860 3511 2031 3570 Vens.
2060 3514 2151 3568 2‘2.
2190 3512 2250 3568 Si
2292 3513 2529 3583 famulus
2582 3520 2778 3582 regnet.
2815 3508 2873 3564 Si
2925 3510 3015 3564 ille
3057 3506 3149 3578 qui
3194 3502 3365 3562 servit

1788 3610 1941 3664 carni
1979 3611 2034 3663 in
2075 3608 2357 3678 improbas
2388 3605 2890 3678 concupiscentias.
2931 3603 3007 3656 illi
3039 3598 3279 3671 legitime
3308 3597 3362 3650 in

1788 3702 2003 3757 actibus
2028 3700 2328 3769 praefuerit,
2357 3702 2617 3770 illamque
2657 3696 3028 3769 puriﬁcaverit
3072 3708 3170 3764 per
3198 3691 3359 3745 timo-

1786 3809 1902 3848 rem
1933 3792 2026 3849 Dei
2057 3794 2127 3848 ab
2158 3793 2307 3847 omni
2342 3791 2725 3863 peccaminosa
2755 3786 3115 3859 cogitatione.

1857 3962 1927 4019 Et
1966 3963 2269 4033 imprudens
2315 3972 2591 4020 saturatas
2619 3963 2779 4034 fuerit
2829 3961 2982 4017 cibis.
3030 3959 3091 4016 Si
3142 3960 3229 4017 ille
3281 3961 3374 4031 qui

1784 4057 1953 4113 Deum
2005 4058 2258 4127 ignorat,
2290 4056 2580 4128 praeceptis
2607 4057 2727 4127 ejus
2754 4055 2807 4110 in
2860 4055 3055 4126 Spiritu
3090 4053 3254 4109 fuerit
3281 4054 3378 4109 im.

1789 4134 1992 4223 pletus',
2019 4150 2311 4207 sensibiles
2340 4150 2638 4205 visibilium
2660 4148 3009 4219 apparentias
3049 4156 3374 4218 praetergre-

1784 4244 1978 4311 diens;
2010 4252 2065 4299 et
2106 4243 2152 4299 si
2204 4243 2509 4299 rationibus
2555 4257 2744 4300 eormn
2797 4242 3141 4298 illuminatus
3207 4239 3363 4308 quasi

1783 4337 1952 4393 radiis
1974 4336 2117 4393 Solis
2144 4337 2393 4408 iustitiae,
2434 4336 2600 4392 Deum
2638 4338 2814 4407 ipsmn
2847 4336 3226 4391 universorum
3249 4345 3379 4386 cau-

1781 4448 1898 4490 sam
1954 4448 2021 4489 ex
2052 4433 2311 4504 operibus
2338 4433 2457 4504 ejus
2483 4432 2836 4488 intellexerit.

166 4627 272 4690 κγ’.
323 4619 431 4675 Καὶ
463 4619 702 4686 οἰκέτις,
743 4618 851 4673 ἐὰν
887 4616 1111 4687 ἐκϐάλῃ
1148 4618 1263 4688 τὴν
1309 4618 1530 4688 ἑαυτῆς
1572 4639 1679 4676 κυ-

1854 4608 2025 4667 Vans.
2057 4608 2151 4665 23.
2182 4608 2247 4663 Et
2266 4608 2477 4663 ancilla
2510 4610 2558 4664 si
2584 4609 2794 4679 ejeceri:
2814 4608 3089 4665 dominam
3111 4628 3285 4667 suam.
3313 4611 3378 4666 Et

84 4718 252 4783 ρίαν.
277 4715 385 4769 Καὶ
414 4716 510 4768 ἐὰν
538 4716 573 4782 ἡ
601 4714 742 4768 κατὰ
770 4711 1010 4766 διάνοιαν
1036 4710 1368 4764 δουλεύουσα
1394 4714 1461 4782 τῇ
1491 4712 1674 4783 ἀμαρ-

96 4812 189 4879 τίᾳ
219 4808 367 4879 ψυχὴ
398 4806 651 4879 ἀπελάσῃ
682 4805 890 4874 ταύτην
921 4802 1120 4874 αὐτῆς.

170 4902 282 4957 Καὶ
318 4901 549 4971 μισητὴ
593 4899 771 4970 γυνὴ,
816 4900 927 4954 ἐὰν
964 4898 1119 4968 τύχῃ
1169 4896 1389 4966 ἀνδρὸς
1428 4897 1677 4969 ἀγαθοῦ.

101 4992 246 5063 ιιρδς
264 4990 343 5056 δὲ,
375 4993 469 5045 καὶ
500 4992 594 5046 ὲάν
622 4990 996 5055 τελειωθεῖσα,
1029 4990 1297 5059 ἐπιτυχὴς
1322 4989 1552 5061 γένηται
1576 4987 1671 5044 τοῦ

100 5084 307 5154 ἀγαθοῦ
331 5084 568 5155 νυμφίου
591 5084 759 5154 αὐτῆς
778 5082 914 5137 Θεοῦ
936 5082 1136 5151 Λόγου⁹
1164 5079 1487 5151 κολληθεῖσα
1508 5080 1678 5152 αὐτῷ,

101 5180 197 5233 καὶ
247 5177 467 5249 πνεῦμα
516 5176 574 5230 ἓν
622 5176 930 5248 γενομένη,
989 5173 1458 5245 ἀποστρεφομένῳ
1513 5174 1683 5246 αὐτὴν

104 5270 390 5341 πρότερον,
421 5269 510 5323 διὰ
536 5268 598 5323 τὸ
626 5267 907 5338 ἐγκεῖσθαι
954 5266 1157 5339 ταύτην
1183 5264 1463 5334 ἐπιμελῶς
1492 5267 1573 5329 είς
1612 5265 1684 5320 τά

104 5362 333 5435 πονηρά,
361 5362 484 5417 οὐδὲ
510 5361 771 5431 λογισμὸν
799 5360 1028 5431 ἐμπαθῆ
1053 5359 1189 5425 ὅλως
1229 5358 1311 5412 ἔτι
1332 5358 1685 5422 ἐπιδέξασθαι

104 5454 345 5519 δύναται,
390 5454 477 5508 διὰ
517 5453 579 5507 τὸ
608 5451 862 5522 γενέσθαι
911 5453 1039 5521 ὅλην
1078 5452 1172 5505 τοῦ
1216 5451 1547 5521 πνεύματος,
1588 5452 1686 5504 καὶ

108 5542 363 5597 τετάσθαι
400 5544 459 5596 τὸ
489 5542 886 5613 ἐπιθυμητικὸν
915 5542 1086 5614 αὐτῆς
1117 5542 1238 5596 ὅλον
1276 5541 1415 5613 πρὸς
1446 5540 1679 5613 Κύριον.

179 5722 273 5776 κδ’.
323 5723 593 5795 Τέσσαρα
621 5724 687 5778 δέ
712 5726 882 5783 ἐστιν
922 5727 1218 5797 ἐλάχιστα
1261 5728 1359 5781 ἐπὶ
1393 5728 1503 5795 τῆς
1532 5727 1645 5796 γῆς
1668 5744 1681 5758 ·

118 5813 296 5870 ταῦτα
325 5816 391 5871 δέ
415 5818 874 5889 ἐστισορώῑερα
910 5821 1026 5875 τῶν
1072 5820 1296 5891 σοφῶν.
1330 5822 1410 5875 Τὰ
1446 5821 1685 5892 τέσσαρα

1780 4703 1827 4759 si
1867 4702 2050 4756 anima
2094 4717 2214 4771 qua:
2267 4710 2496 4771 peccato
2560 4710 2744 4757 mente
2791 4702 3097 4769 serviebat,
3148 4702 3287 4759 illud
3345 4719 3377 4758 a

1782 4807 1963 4853 mente
1999 4797 2295 4867 expulerit.
3294 4788 3299 4793 ’

1855 4890 1923 4946 Et
1958 4891 2172 4946 odibilis
2222 4892 2410 4947 mulier
2458 4893 2504 4947 si
2525 4893 2719 4948 sortita
2758 4891 2920 4963 fuerit
2957 4893 3129 4947 virum
3162 4891 3375 4946 bonum.

1782 4985 2013 5055 Insuper
2037 4994 2091 5039 et
2124 4983 2173 5039 si
2193 5000 2314 5038 cum
2347 4984 2413 5039 ad
2445 4992 2658 5039 aetatem
2695 4983 2992 5054 perlectam
3040 4984 3375 5055 pervenerit,

1784 5078 2047 5133 sortiatur
2093 5078 2296 5133 bonum
2332 5078 2454 5142 eius
2483 5093 2751 5150 sponsum
2798 5078 2893 5134 Dei
2935 5078 3187 5140 verbum.
3242 5092 3377 5131 con-

1786 5171 2047 5242 glutinata
2087 5170 2188 5235 illi,
2228 5186 2294 5226 ac
2327 5187 2472 5227 unus
2506 5170 2703 5228 effecta
2747 5173 2976 5241 spiritus
3018 5185 3145 5225 cum
3176 5183 3243 5225 eo
3283 5168 3376 5239 qui

1787 5264 1938 5334 prius
1968 5264 2117 5318 illam
2150 5265 2421 5334 reiecerat
2449 5266 2521 5320 ob
2562 5265 2948 5334 cogitationem
2982 5264 3131 5319 illius
3156 5262 3225 5317 ad
3260 5276 3377 5316 ma-

1790 5355 1898 5408 lum
1942 5354 2247 5421 intentam;
2287 5355 2333 5410 si
2366 5356 2571 5409 nullam
2621 5370 2855 5425 prorsus
2899 5354 3251 5425 passionibus
3284 5354 3379 5406 ob-

1789 5446 2007 5501 noxiam
2055 5446 2441 5514 c0gitationem
2492 5447 2781 5501 admittere
2834 5447 3033 5515 possit,
3072 5443 3201 5512 quia
3263 5448 3379 5495 tota

1790 5538 2020 5608 spiritus
2046 5536 2189 5591 facta
2223 5548 2329 5603 est,
2373 5545 2427 5590 et
2459 5552 2676 5591 omnem
2728 5536 2849 5607 ejus
2882 5532 3379 5605 concupiscibilcm

1792 5632 2091 5701 appetitum
2117 5632 2391 5684 convertit
2415 5631 2481 5685 ad
2508 5629 2701 5685 Deum.

1866 5722 2033 5777 Vsus.
2063 5723 2153 5777 2L
2193 5722 2434 5786 Quatuor
2472 5730 2595 5776 sunt
2627 5721 2847 5775 minima
2908 5732 3082 5781 tvrra',
3138 5729 3186 5774 ct
3245 5721 3382 5787 ipsa,

1803 5827 1923 5871 sunt
1953 5815 2276 5886 sapientiora
2308 5813 2651 5883 sapientibus.
2697 5814 2944 5880 Quatuor
2984 5815 3102 5868 lucc
3146 5812 3201 5867 in
3237 5820 3380 5866 terra
