4054 6536
567 347 699 414 1531

1900 343 2253 406 PROCOPII
2291 342 2536 403 GAZfEI

3702 334 3841 400 1532

567 458 815 524 luuuilia,
877 456 1217 527 sapientiora
1273 456 1639 514 ostendentur
1682 456 2004 514 hominibus
2053 461 2147 525 qui

2258 457 2349 510 ἐπὶ
2380 459 2482 526 τῆς
2508 454 2614 525 γῆς
2642 452 2837 523 εὐτελῆ
2878 450 3075 516 ταῦτα,
3116 452 3406 522 σοφώτερα
3444 450 3556 503 τῶν
3605 450 3671 502 ἐκ
3699 448 3840 503 Θεοῦ

565 565 596 602 a
642 548 755 602 Deo
794 547 1016 619 quidem
1074 550 1345 604 rationem
1412 559 1467 605 ct
1516 549 1803 619 sapientiae
1846 549 2150 619 potentiam

566 646 921 710 acceperunt,
950 648 1157 694 temere
1200 649 1384 696 autem
1435 651 1863 697 conversantur.

643 731 803 788 Vens.
840 733 932 787 25.
975 731 1268 799 Formiae,
1300 734 1487 803 quibus
1517 751 1619 787 non
1650 743 1725 788 est
1756 734 1939 799 robur,
1970 740 2021 788 et
2050 748 2152 803 pa-

568 833 691 877 rant
722 825 776 878 in
813 840 976 879 messe
1015 826 1187 878 cibum
1219 825 1342 880 sibi.
1392 825 1681 890 Formica}.
1714 826 1949 896 populus
1996 825 2153 879 inlir-

566 934 712 983 mus,
750 919 805 972 in
849 925 1040 973 testate
1061 919 1259 973 hiemis
1290 918 1475 973 cibum
1524 926 1741 988 parant,
1782 934 1871 983 ne,
1906 926 2153 988 tempore

568 1011 785 1069 fructus
810 1012 1106 1084 colligendi
1142 1013 1444 1082 prmterito,
1475 1014 1748 1067 esuriant.

636 1296 803 1350 Vens.
832 1298 924 1351 26.
958 1295 1333 1368 Cltwrogrylli,
1378 1314 1503 1367 gens
1535 1313 1637 1350 non
1662 1296 1863 1360 valida,
1895 1298 1987 1366 qui
2015 1296 2153 1367 fece-

567 1402 686 1442 runt
711 1390 766 1441 in
803 1389 964 1456 petris
992 1388 1175 1442 domos
1216 1405 1367 1443 suas.
1394 1388 1697 1460 llystrices,
1729 1389 2027 1444 invalidum
2061 1405 2154 1460 ge-

566 1495 693 1545 nus,
728 1479 924 1537 domos
960 1479 1062 1535 sibi
1104 1481 1159 1535 in
1195 1480 1366 1551 petris
1386 1480 1668 1558 effodiunt
1710 1490 1769 1536 ut
1797 1481 1934 1551 ipsis
1966 1490 2152 1553 prote-

565 1580 789 1643 gautur.

633 1770 799 1826 Vens.
830 1772 918 1830 27.
962 1771 1153 1843 Regem
1200 1772 1407 1829 locusta
1440 1792 1547 1830 non
1587 1775 1765 1841 habet,
1800 1786 1850 1832 et
1881 1779 2152 1849 egreditur

2258 549 2356 619 μὲν
2378 546 2572 617 σοφίας
2590 545 2825 616 δύναμιν
2845 544 3125 598 λαϐόντων
3143 542 3448 613 ἀνθρώπων
3476 540 3553 606 ῶς
3578 540 3838 611 λογικῶν,

2254 636 2479 703 ζώντων
2510 638 2570 691 δέ
2598 636 2675 700 ὡς
2705 637 2921 707 ἔτυχεν,
2960 634 3414 690 ἀποδείκνυνται.

2323 736 2425 784 κε’.
2469 734 2532 784 Ol
2550 732 2884 800 μύρμηκες,
2908 724 2999 794 οἷς
3023 727 3111 797 μὴ
3135 727 3311 781 ἐστιν
3333 725 3539 796 ἰσχὺς,
3561 725 3661 780 καὶ
3689 725 3843 779 ἐτοι-

2247 814 2533 885 μάζοντιιι
2570 817 2787 885 θέρους
2834 815 2950 884 τὴν
2982 815 3235 884 τροφήν.
3290 816 3357 869 ΟΖ
3401 832 3462 868 τε
3522 814 3840 886 μύρμηκες,

2252 906 2397 961 πάνυ
2454 909 2821 978 τυγχάνοντες
2873 907 3142 971 ἀσθενεῖς,
3182 909 3241 961 ἐν
3286 907 3439 977 θέρει
3490 906 3552 993 δέ
3596 906 3697 977 τὴν
3742 906 3837 960 τοῦ

2252 1000 2523 1071 χειμῶνος
2556 1001 2766 1073 τροφὴν
2808 999 3226 1071 εὐτρεπίζοντες
3250 1016 3264 1030 ·
3297 1001 3448 1064 ὅπως
3485 1000 3562 1070 μὴ
3586 1001 3684 1053 τοῦ
3712 1018 3841 1054 και-

2258 1092 2351 1164 ροῦ
2382 1094 2483 1164 τῆς
2517 1094 2626 1147 τῶν
2652 1092 2886 1166 καρπῶν
2928 1092 3195 1163 συλλογῆς
3227 1092 3619 1163 παρελθόντος,
3665 1092 3843 1163 λιμῶο

2254 1185 2443 1252 ξωσιν.

2321 1297 2437 1365 κς¹.
2481 1300 2548 1353 οι
2588 1300 3052 1370 χοιρογρύλλιοι,
3105 1298 3281 1366 ἔθνος
3317 1300 3431 1354 οὐκ
3475 1298 3755 1370 ισχῳὸν,
3785 1298 3848 1352 οι

2251 1390 2643 1458 ἐπονήσαντο
2670 1390 2744 1445 ἐν
2765 1390 3011 1459 πέτραις
3040 1390 3185 1457 τοὺς
3210 1389 3444 1445 ἑαυτῶν
3470 1392 3703 1457 elatave.
3730 1392 3844 1451 Καὶ

2250 1482 2302 1535 οἱ
2332 1479 2740 1553 άκανθόχοιροι,
2769 1479 2928 1550 γένος
2945 1469 3110 1544 ’ὄντες
3131 1477 3418 1544 ἀδύνατον,
3442 1479 3664 1543 καὶτὰς
3689 1481 3845 1548 οἰκή-

2252 1589 2369 1637 σεις
2417 1574 2479 1627 ἐν
2521 1571 2759 1643 πέτραις
2803 1570 3162 1643 ποιούμενοι,
3211 1570 3298 1625 ἵνα
3334 1569 3696 1641 φυλάττοιντο
3735 1572 3848 1625 ὐπὸ

2250 1664 2460 1722 τούτων
2490 1664 2848 1735 σκεπόμενοι.

2320 1775 2424 1843 κζ’.
2470 1774 2907 1832 ’Δσασίλευτόν
2947 1773 3123 1830 ἐστιν
3152 1772 3348 1844 ἀκρίς,
3386 1774 3485 1829 καὶ
3526 1775 3847 1844 στρατεύει

567 1863 623 1918 in
651 1864 766 1919 acie
804 1864 870 1917 ab
902 1881 1002 1919 una
1035 1866 1297 1934 iussione.
1342 1868 1406 1921 Et
1441 1868 1655 1924 locusta
1689 1885 1811 1940 qua:
1840 1873 2147 1941 sapientem

2258 1868 2351 1939 ἀφ’
2406 1869 2548 1936 ἐνὸς
2577 1868 2997 1938 κελεύσματος
3042 1866 3366 1934 εὐτάκτως.
3421 1868 3532 1921 Καὶ
3575 1868 3610 1937 ἠ
3652 1868 3845 1937 exple,

564 1956 935 2011 ordinatorem
979 1973 1085 2012 non
1120 1958 1306 2022 habet,
1356 1968 1410 2014 et
1440 1961 1653 2016 ratione
1691 1970 1864 2027 caret,
1896 1963 2051 2034 quasi
2079 1963 2148 2020 ab

564 2047 946 2117 unajussione
975 2049 1257 2105 dominica
1290 2050 1344 2106 in
1381 2051 1580 2107 ordine
1622 2064 1896 2110 movetur.

636 2244 805 2302 Vens.
839 2246 929 2302 εδ.
968 2247 1032 2302 Ει
1068 2250 1337 2307 calabutes
1366 2255 1611 2309 manibus
1642 2256 1873 2311 inuitem
1920 2269 1965 2312 et
1989 2270 2149 2330 captu

561 2340 764 2409 facilis,
786 2342 998 2397 habitat
1030 2346 1083 2399 in
1119 2348 1511 2403 munitionibus
1557 2351 1716 2420 regis.
1749 2350 1816 2405 Et
1847 2353 2027 2407 stellio
2052 2369 2151 2409 ano

562 2433 860 2490 terioribus
890 2436 1126 2505 pedibus
1154 2439 1377 2495 obvium
1400 2442 1672 2512 quidquid
1699 2444 1860 2514 quasi
1893 2446 2151 2503 manibus

560 2528 876 2597 prehendit,
915 2530 1095 2583 firmat
1131 2539 1298 2601 atque
1340 2535 1528 2606 dirigit
1574 2551 1807 2606 gressus
1838 2552 2015 2603 suos;
2054 2553 2151 2594 ca-

561 2630 658 2691 ptu
691 2620 868 2676 facilis
896 2618 967 2677 o'b
998 2624 1454 2691 imbecillitatem,
1505 2628 1560 2682 iu
1606 2628 1937 2686 ﬁrmissimis
1982 2634 2148 2688 etiam

562 2711 817 2765 domibus
850 2727 1037 2781 regum
1080 2712 1312 2767 habitat.
1360 2716 1442 2770 Ad
1495 2717 1612 2773 haec
1662 2719 1831 2787 igitur
1878 2721 1983 2775 etsi
2029 2722 2151 2776 ani-

563 2802 731 2857 malia
771 2803 988 2859 ratione
1026 2806 1270 2859 carentia
1313 2808 1550 2879 respice,
1585 2810 1773 2876 homo,
1817 2815 1910 2883 qui
1941 2815 2153 2871 ratione

562 2898 863 2955 honoratus
893 2915 971 2963 es,
1005 2910 1059 2956 et
1120 2910 1179 2955 ut
1242 2901 1422 2975 imago
1477 2904 1570 2961 Dei
1620 2907 1976 2980 archetypum
2009 2910 2154 2980 aspi-

561 3006 688 3046 cere
735 2990 928 3060 jussus
963 3008 1044 3057 es,
1102 3010 1171 3049 ne
1212 2997 1399 3051 carnis
1446 2996 1877 3056 imbecillitatem
1906 3001 1972 3056 ad
2023 3002 2152 3073 reji-

560 3082 818 3137 ciendum
835 3083 947 3139 'Dei
999 3087 1317 3142 mandatum
1348 3090 1600 3145 causeris
1628 3131 1643 3157 ,
1681 3092 1775 3148 sed
1822 3093 1875 3148 in
1902 3102 2150 3165 tempore

2249 1962 2345 2017 τὸν
2392 1961 2637 2033 ἐννόμως
2679 1958 3084 2015 ἐπιστατοῦντα
3140 1959 3215 2030 μὴ
3269 1959 3490 2030 ἔχουσα,
3550 1959 3648 2013 ἀτε
3700 1958 3847 2024 ζῶον

2249 2052 2598 2123 τυγχάνουσα
2622 2051 2838 2120 ἀλογον,
2860 2051 2956 2106 καὶ
2982 2049 3060 2115 ὡς
3086 2050 3180 2120 ἀφ’
3214 2050 3334 2114 ἑνὸς
3371 2051 3468 2104 τοῦ
3500 2048 3843 2104 Δεσποτικοῦ

2251 2144 2533 2209 εὐτάκτως
2565 2142 2869 2215 κινουμένη
2902 2142 3356 2215 προστάγματος.

2320 2265 2430 2331 κη’.
2466 2258 2577 2314 Καὶ
2616 2256 2971 2325 καλασιῦτης
3016 2257 3232 2327 χερσὶν
3287 2256 3691 2326 ἐρειδόμενος,
3738 2255 3841 2309 καὶ

2250 2349 2554 2414 εὐάλωτος
2577 2348 2683 2415 ὢν,
2724 2348 2997 2403 κατοικεῖ
3020 2350 3090 2402 ἐν
3126 2349 3471 2418 ὀχυρώμασι
3504 2346 3841 2412 βασιλέως.

2251 2443 2363 2497 Καὶ
2394 2443 2424 2496 6
2449 2444 2563 2506 τοῖς
2594 2441 2956 2513 ἐμπροσθίοις
2990 2441 3151 2494 ποσὶν
3179 2434 3269 2494 οἶα
3299 2440 3482 2510 χερσὶ,
3525 2438 3622 2491 τοῦ
3658 2456 3845 2509 παρα-

2250 2535 2507 2606 τυχόντος
2540 2534 2933 2605 δραττόμενος,
2964 2531 3266 2587 κάντεῦθεν
3290 2531 3711 2603 στηριζόμενος.
3747 2533 3848 2585 καὶ

2253 2631 2438 2694 καλῶς
2469 2629 2569 2693 τάς
2598 2629 2789 2701 βάσεις
2825 2627 3150 2699 ποιούμενος
3173 2626 3480 2698 γαλεώτης,
3513 2626 3849 2696 εὐχείρωτος

2251 2724 2339 2777 διὰ
2375 2722 2475 2794 τὴν
2508 2722 2720 2776 οἰκείαν
2753 2721 3024 2792 ὑπάρχων
3073 2721 3385 2782 ἀσθένειαν,
3418 2719 3514 2772 καὶ
3558 2720 3616 2772 ἐν
3657 2719 3849 2779 αὐτοῖς

2252 2816 2365 2879 τοῖς
2439 2812 2813 2885 ὀχυρωτάτοις
2879 2812 3053 2875 οῐκοις
3123 2811 3232 2864 τῶν
3297 2810 3567 2881 βασιλέων
3642 2809 3850 2863 οίκῶνο

2252 2904 2545 2977 τοιγαροῦν
2603 2904 2744 2975 πρὸς
2794 2902 3004 2971 ταῦτα,
3061 2902 3171 2957 κᾶν
3216 2902 3283 2956 τά
3326 2902 3498 2970 ἄλογα
3551 2900 3671 2965 ζῶα
3724 2900 3851 2971 βλέ-

2256 3014 2393 3062 πων,
2453 2995 2745 3068 ἄνθρωπε,
2805 2996 2834 3048 6
2867 2994 3011 3064 λόγῳ
3065 2993 3358 3064 τιμηθεὶς,
3402 2995 3498 3047 καὶ
3548 2994 3626 3056 ὡς
3677 2990 3856 3045 εἰκὼν

2255 3086 2393 3141 Θεοῦ
2439 3089 2578 3159 πρὸς
2628 3087 2688 3141 τὸ
2734 3086 3045 3158 ἀρχέτυπον
3078 3088 3212 3157 ὁρᾷν
3257 3085 3593 3149 κελευσθεὶς,
3626 3085 3704 3155 μὴ
3744 3085 3857 3153 τὴν

565 3176 828 3244 praesenti
881 3179 1251 3247 operationis,
1292 3195 1539 3250 praepara
1574 3181 1673 3236 tibi
1707 3183 1760 3237 iu
1795 3184 1983 3240 Ιῖιιιιτο
2010 3186 2150 3242 frui-

2258 3179 2540 3235 ἀσθένειαν
2607 3179 2711 3250 τῆς
2788 3177 2995 3249 σαρκὸς
3061 3178 3142 3241 εἰς
3210 3176 3471 3247 ἀθέτησιν
3534 3176 3857 3247 προϐάλλω

564 3265 790 3329 tionem,
837 3273 893 3320 et
944 3266 998 3320 iu
1061 3269 1429 3322 tentationum
1473 3270 1813 3338 incursibus,
1871 3273 1999 3345 fuge
2043 3277 2148 3332 sub

563 3364 808 3412 tutamen
839 3356 1149 3427 spiritualis
1169 3368 1364 3430 petrae,
1400 3377 1524 3433 qua!
1546 3373 1631 3419 est
1655 3364 1945 3434 Christus;
1975 3365 2149 3439 Spiri-

563 3458 652 3502 tus
685 3448 863 3503 sancti
891 3457 1228 3504 armaturam
1267 3451 1516 3520 indutus,
1550 3453 1697 3509 bono
1734 3456 1932 3514 ordine
1966 3474 2149 3531 pugna

565 3541 831 3597 adversus
888 3542 1103 3599 hostem
1171 3544 1443 3601 malorum
1508 3558 1856 3617 auctorem;
1913 3550 2149 3620 primum

563 3633 783 3704 quidem
818 3634 1088 3691 mundare
1113 3635 1205 3692 Dei
1232 3639 1464 3707 timore;
1501 3639 1701 3698 deinde
1745 3657 1843 3713 spe
1878 3642 2150 3699 bonorum

564 3725 881 3783 futurorum
908 3729 1275 3797 illuminatus,
1304 3732 1578 3789 charitate
1614 3737 1833 3791 tandem
1869 3737 1937 3792 ad
1965 3737 2154 3808 perfe-

563 3822 803 3876 ctionem
841 3821 1149 3892 pervenies.
1185 3820 1450 3879 Practicis
1493 3825 1692 3881 anima:
1726 3836 1832 3881 tuae
1867 3828 2150 3899 potentiis,

564 3914 810 3985 appetitu
856 3916 1064 3971 scilicet
1086 3918 1512 3987 concupiscibili
1541 3925 1597 3973 et
1628 3918 1894 3974 irascibili
1925 3959 1941 3984 ,
1991 3920 2151 3991 quasi

563 4007 893 4077 quibusdam
922 4009 1202 4075 manibus,
1232 4010 1498 4076 innitens,
1533 4021 1684 4068 recte
1715 4012 1932 4067 ambula
1973 4013 2028 4067 in
2055 4012 2151 4069 Dei

567 4099 864 4166 mandatis,
898 4110 981 4166 ut,
1008 4102 1267 4173 quamvis
1300 4103 1369 4157 ab
1410 4103 1632 4158 inimico
1654 4105 1725 4158 ob
1765 4106 1955 4161 carnis
2000 4104 2155 4161 infir-

566 4190 809 4244 mitatem
859 4191 1021 4246 facile
1077 4194 1197 4263 capi
1260 4196 1478 4262 possis,
1532 4196 1979 4268 iueXpuguabilis
2050 4199 2155 4269 ipsi

568 4295 789 4337 maneas
816 4282 871 4337 in
902 4284 1106 4338 divinis
1136 4287 1447 4355 praeceptis,
1486 4287 1539 4341 in
1565 4289 1767 4357 quibus
1804 4304 2157 4346 commoran-

566 4377 657 4424 tur
680 4372 957 4441 sapientes
1005 4373 1373 4444 cogitationes
1431 4392 1555 4446 qua:
1610 4378 1855 4447 legitime
1908 4379 2155 4451 praefatis

568 4463 833 4531 potentiis
862 4477 1126 4541 praesunt.

2251 3272 2353 3343 τῆς
2410 3269 2508 3326 τοῦ
2556 3271 2694 3325 Θεοῦ
2745 3270 3005 3341 ἐντολῆς·
3062 3268 3191 3324 ἀλλ*
3221 3270 3281 3323 ἐν
3330 3268 3409 3341 τῷ
3463 3268 3697 3339 παρόντι
3740 3267 3859 3337 τῆς

2253 3362 2517 3435 ἐργασίας
2565 3362 2788 3434 καιρῷ,
2844 3360 3136 3431 εὐτρέπιζε
3192 3359 3411 3431 σεαυτῷ
3479 3359 3580 3432 τῆν
3649 3360 3729 3422 είς
3790 3359 3858 3411 τὶ

2255 3456 2453 3528 μέλλον
2507 3454 2845 3509 ἀπόλαυσινο
2898 3454 2992 3508 καὶ
3045 3456 3105 3508 ἐν
3161 3456 3283 3518 ταῖς
3349 3453 3467 3507 τῶν
3519 3451 3858 3524 πειρασμῶν

2252 3545 2608 3620 προσϐολαῖς,
2661 3543 2771 3599 ὐπδ
2817 3543 2919 3616 τὴν
2966 3544 3177 3615 σκέπην
3228 3545 3329 3615 τῆς
3388 3544 3589 3614 νοητῆς
3638 3544 3857 3614 πέτρας

2253 3640 2561 3710 κατάφυγε,
2594 3638 2719 3710 ῆτις
2778 3637 2929 3691 ἐστὶν
2974 3638 3004 3690 6
3056 3636 3331 3708 Xptcrreg'
3378 3637 3473 3690 καὶ
3499 3634 3857 3700 αὐτεξούσιος

2253 3731 2354 3799 ὣν,
2376 3732 2513 3785 ἐπου
2538 3729 2616 3801 τῷ
2647 3728 2780 3800 θείῳ
2817 3727 3245 3799 προστάγματι·
3270 3728 3372 3798 τὴν
3401 3725 3714 3783 πανοπλίαν
3750 3724 3854 3780 τοῦ

2254 3824 2575 3895 Πνεύματος
2627 3821 3036 3891 ἐνδυσάμενος,
3087 3820 3186 3874 καὶ
3223 3820 3505 3884 εὐτάκτως
3560 3818 3640 3890 τῷ
3684 3819 3859 3891 ἀρχε-

2256 3915 2411 3987 κάκῳ
2434 3914 2615 3987 ἐχθρῷ
2653 3912 3184 3983 ἀνταγωνιζόμενος,
3213 3913 3274 3967 ἐν
3300 3914 3379 3983 τῷ
3404 3912 3626 3984 πρῶτον
3654 3912 3755 3983 μέν
3788 3928 3859 3965 σε

2254 4008 2335 4082 τῷ
2372 4006 2465 4063 τοῦ
2489 4008 2628 4062 Θεοῦ
2649 4006 2802 4077 φόϐῳ
2830 4003 3199 4078 καθαίρεσθαι
3223 4021 3238 4036 °
3264 4003 3459 4058 ἔπειτα
3490 4005 3548 4059 δὲ
3572 4008 3640 4076 τῇ
3671 4004 3857 4058 ἐλπίδι

2254 4103 2365 4163 τῶν
2399 4100 2710 4173 μελλόντων
2759 4098 2985 4169 ἀγαθῶν
3034 4097 3396 4171 φωτίζεσθαι,
3439 4097 3534 4151 καὶ
3583 4097 3728 4151 οὕτω
3780 4100 3856 4169 τῇ

2256 4194 2449 4268 ἀγάπῃ
2477 4192 2725 4263 γίνεσθαι
2769 4191 3013 4245 τέλειον·
3063 4190 3158 4243 καὶ
3196 4192 3318 4253 ταῖς
3367 4191 3707 4259 πρακτικαῖς
3748 4191 3859 4258 τῆς

2255 4287 2435 4359 ψυχῆς
2458 4285 2746 4357 δυνάμεσι,
2784 4286 2852 4354 τῇ
2884 4301 2943 4337 τε
2979 4280 3250 4354 ἐπιθυμίᾳ
3292 4282 3387 4335 καὶ
3421 4281 3499 4352 τῷ
3534 4279 3721 4350 θυμῷ,
3757 4274 3860 4333 οἷά

2256 4396 2368 4432 τισι
2399 4377 2559 4449 χερσὶ
2609 4376 3025 4448 στηριζόμενος,
3063 4372 3248 4437 καλῶς
3295 4372 3445 4443 βαῖνε
3487 4371 3575 4424 διὰ
3606 4370 3718 4424 τῶν
3751 4370 3858 4423 τοῦ

2262 4470 2400 4526 Θεοῦ
2452 4468 2722 4523 ἐντολῶνο
2778 4468 2846 4523 ἵν’
2894 4468 2943 4521 εί
2985 4467 3083 4522 καὶ
3130 4466 3403 4537 ὑπάρχεις
3445 4465 3721 4529 εὐάλωτος
3770 4464 3859 4534 τῷ

564 4554 742 4627 ἐχθρῷ
769 4556 858 4612 διά
885 4557 983 4629 τὴν
1011 4558 1295 4615 ἀσθένειαν
1316 4561 1417 4631 τῆς
1439 4560 1663 4631 σαρκὸς,
1693 4562 2149 4628 ἀνεπιϐούλευτος
2177 4564 2327 4636 αὐτῷ
2356 4563 2624 4636 διαμένῃς
2659 4563 2718 4615 ἐν
2745 4562 2861 4625 τοῖς
2889 4560 3058 4624 θείοις
3123 4559 3545 4631 προστάγμασιν
3571 4572 3587 4587 '
3634 4559 3697 4612 ἐν
3759 4551 3853 4615 οἷς

565 4652 946 4723 παραμένουσι
975 4652 1069 4706 καὶ
1106 4653 1155 4706 oi
1183 4653 1604 4716 ἐπιστατοῦντες
1639 4654 1883 4725 ἐννόμως
1912 4657 2031 4720 ταῖς
2062 4655 2387 4726 εἰρημέναις
2411 4654 2711 4725 δυνάμεσιν
2741 4651 3016 4723 ἔμφρονες
3050 4649 3333 4721 λογισμοί.

620 4764 784 4822 Vens.
801 4766 893 4831 29,
907 4768 997 4823 50.
1024 4768 1146 4820 Tria
1162 4777 1283 4821 sunt
1299 4783 1415 4837 qua:
1431 4770 1553 4822 bene
1570 4768 1912 4839 gradiuntur,
1932 4778 1981 4824 et
1996 4786 2150 4841 quar-

2331 4768 2521 4835 κθ’,λ¹.
2560 4769 2699 4838 Τρία
2734 4767 2803 4822 δέ
2824 4767 2997 4822 ἐστιν
3034 4764 3074 4821 ἆ
3100 4766 3326 4832 εὐόδως
3362 4764 3701 4835 πορεύεται,
3746 4766 3855 4819 καὶ

565 4868 676 4912 tum
697 4861 835 4928 quod
860 4858 1053 4912 incedit
1075 4858 1304 4927 feliciter
1323 4874 1343 4913 :
1378 4856 1601 4914 Catulus
1625 4859 1791 4913 leonis
1817 4859 2145 4929 fortissimus

2258 4861 2530 4931 τέταρτον
2577 4860 2609 4915 ὃ
2650 4859 2854 4925 καλῶς
2892 4859 3185 4913 διαϐαίνει
3211 4874 3231 4888 ι
3253 4857 3529 4926 σκύμνος
3570 4856 3851 4923 λέοντος,

564 4950 876 5017 bestiarum,
900 4951 990 5020 qui
1036 4968 1141 5005 non
1165 4951 1423 5005 avertitur
1470 4967 1632 5022 neque
1665 4950 1844 5006 horret
1900 4951 2143 5007 bestiam.

484 5056 487 5059 '
562 5041 1035 5108 Quemadmodum
1069 5035 1173 5096 tria
1218 5042 1332 5097 haec
1377 5043 1498 5097 sine
1538 5043 1835 5099 obstaculo
1885 5045 2149 5114 gradiun-

565 5148 673 5198 tur,
698 5142 751 5188 et
776 5141 1033 5203 quartum
1069 5133 1300 5189 feliciter
1325 5136 1527 5190 iuccdit
1559 5154 1572 5189 :
1608 5145 1663 5191 et
1702 5136 1919 5191 catulus
1951 5136 2149 5201 leonis,

562 5226 900 5282 fortissimus
958 5227 1260 5281 bestiarum
1322 5228 1479 5282 acab
1514 5214 1700 5298 aliqua
1749 5229 1928 5285 beSIia
1970 5245 2150 5301 neque

564 5317 789 5371 territus
831 5332 1010 5388 neque
1039 5316 1220 5372 victus
1252 5334 1266 5384 ;
1302 5326 1356 5373 et
1406 5319 1583 5389 gallus
1618 5320 1950 5390 impavidus,
2002 5322 2150 5377 inter

561 5410 798 5481 gallinas
828 5410 1227 5478 deambulans;
1265 5418 1318 5465 et
1361 5411 1552 5467 hircus
1581 5427 1898 5483 caprarum,
1930 5429 2148 5484 gregem

491 5539 495 5542 ~
561 5504 615 5557 in
656 5502 764 5556 alta
820 5501 937 5556 loca
978 5502 1043 5555 ad
1080 5502 1275 5572 pabula
1322 5502 1627 5569 deducens;
1690 5502 1918 5574 insuper
1953 5511 2009 5559 et
2054 5520 2150 5561 rex

562 5596 826 5667 populum
865 5595 1193 5667 sibimetipsi
1248 5596 1526 5651 subditum
1575 5596 1819 5664 docens;
1865 5597 1939 5651 ita
1969 5613 2151 5654 sermo

561 5688 655 5758 qui
693 5702 725 5743 e
762 5695 944 5743 mente
976 5686 1134 5757 cujus
1194 5687 1559 5757 principatum
1634 5687 1721 5743 leo
1772 5688 2143 5752 subostendit,

565 5777 838 5849 procedit,
872 5778 1125 5852 graditur
1155 5779 1210 5836 in
1247 5779 1525 5850 virtutem,
1551 5795 1650 5839 nec
1682 5781 1834 5861 timet
1865 5780 2151 5861 passiones

2250 4954 2641 5025 ἰσχυρότερος
2662 4950 2904 5018 κτηνῶν
2923 4966 2937 4981 ο
2972 4950 3042 5016 ὃς
3077 4952 3189 5005 οὐκ
3216 4947 3685 5017 ἀποστρέφεται,
3704 4949 3856 5002 οὐδὲ

2250 5036 2664 5107 καταπτήσσει
2688 5039 2934 5109 κτῆνος.
2958 5037 3230 5108 Καθάπερ
3245 5039 3311 5091 τά
3335 5038 3459 5109 τρία
3482 5036 3675 5102 ταῦτα,
3698 5040 3851 5091 ἀκω-

2249 5134 2425 5197 λύτως
2443 5134 2742 5204 διέρχεται,
2778 5132 2877 5187 καλ⁴
2897 5130 2957 5184 τὸ
2982 5130 3249 5203 τέταρτον
3274 5129 3542 5183 διαϐαίνει
3568 5128 3754 5192 καλῶς
3778 5144 3794 5158 ·
3820 5131 3851 5183 ὅ

2250 5246 2312 5284 τε
2351 5227 2591 5298 σκύμνος
2616 5224 2710 5279 τοῦ
2742 5224 2977 5290 λέοντος,
3010 5224 3275 5296 ὑπάρχων
3310 5222 3419 5277 τῶν
3448 5223 3665 5292 κτηνῶν
3696 5224 3850 5293 ἰσχυ-

2258 5321 2503 5392 ρότερος,
2530 5319 2628 5373 καὶ
2654 5320 2793 5389 μήτε
2815 5316 2980 5371 πτοού
2988 5334 3149 5388 μενος
3173 5317 3392 5386 κτῆνος,
3426 5316 3563 5387 μήτε
3587 5316 3700 5370 άπὸ
3714 5316 3851 5370 τού-

2253 5428 2347 5466 του
2373 5414 2690 5482 ἡττώμενος
2711 5426 2726 5442 ⁶
2755 5410 2851 5463 καὶ⁸
2869 5410 2897 5462 6
2921 5408 3240 5480 ἀλεκτρυὼν
3266 5410 3326 5461 ἐν
3348 5407 3665 5479 ἀλεκτορισι
3690 5425 3849 5480 περιο

2257 5501 2442 5554 πατῶν
2473 5500 2675 5568 ἄφοϐος
2698 5515 2713 5529 ο
2775 5499 2875 5553 καὶ
2927 5501 2955 5552 6
2984 5499 3209 5570 τράγος,
3250 5496 3453 5568 ἀγέλης
3502 5498 3681 5566 αἰγῶν
3711 5498 3849 5569 πρὸς

2256 5593 2357 5658 τάς
2391 5595 2450 5646 ἐν
2478 5594 2591 5655 τοῖς
2620 5591 2970 5662 ὑψηλοτέροις
2995 5590 3182 5653 τόποις
3203 5590 3375 5663 νομὰς
3397 5589 3845 5661 προηγούμενος·

2258 5684 2397 5756 πρὸς
2417 5684 2494 5748 δὲ,
2512 5684 2605 5737 καὶ
2636 5682 2907 5754 βασιλεὺς,
2935 5685 2963 5737 6
2984 5682 3157 5755 δῆμον
3173 5682 3359 5747 ἔθνους
3388 5682 3638 5754 ὑπηκόου
3665 5683 3848 5753 ἐαυτῷ

2250 5777 2543 5845 διδάσκων,
2573 5774 2716 5831 οῦτω
2751 5775 2844 5831 καὶ
2870 5777 2898 5830 6
2926 5777 2990 5830 ἐκ
3022 5773 3119 5831 τοῦ
3148 5775 3288 5844 νοὸς,
3313 5768 3375 5831 οὐ
3408 5774 3469 5829 τὸ
3508 5775 3846 5846 ἡγεμονικὸν
