4054 6522
155 330 287 398 1533

1132 340 1664 403 COMMENTARII
1723 343 1805 404 IN
1858 344 2307 408 PROVERBIA.

3246 307 3399 418 itast

145 439 461 538 ὐπεμφαίνει
480 444 508 495 ὁ
538 443 695 511 λέων,
722 446 1043 519 τικτόμενος
1070 449 1246 519 λόγος,
1276 452 1553 524 διέρχεται
1589 454 1709 508 κατ’

1825 472 1911 525 per
1938 456 2209 511 defectum
2261 466 2354 512 aut
2397 473 2494 528 per
2542 474 2833 516 excessum
2877 463 2979 535 ipsi
3014 464 3395 538 adhaerentes;

143 536 334 608 ἀρετὴν
359 536 627 608 ἀπτόητος
656 539 770 602 τοῖς
804 541 1234 612 παρακειμένοις
1276 543 1414 615 αὐτῇ
1464 543 1585 598 κατ’
1624 542 1711 597 ἐλ-

142 628 308 697 λειψιν
338 629 433 681 καὶ
462 629 772 702 ὑπερϐολὴν
814 631 1047 687 πάθεσι·
1086 635 1183 689 καὶ
1231 636 1386 699 τέλος
1422 635 1535 690 τῶν
1569 653 1713 708 πρα-

145 720 276 775 κτῶν
302 720 546 791 εὑρίσκει
568 723 630 776 τὸ
663 723 893 793 ἀγαθόν.

206 813 301 868 λα’.
334 813 445 868 Kal
467 813 735 885 ἀλέκτωρ
780 816 1498 889 ἐμπεριπατῶν,θηλείαις
1524 824 1714 893 εὔψυ-

142 922 262 974 χος.
292 906 398 959 Καὶ
429 906 591 971 αὐτὸς
614 908 671 962 δέ
702 910 730 963 ὁ
762 909 911 975 νοῦς,
941 909 1000 975 ὃς
1025 913 1124 975 τὰς
1157 912 1250 966 τοῦ
1296 912 1450 984 ἡλίου
1494 916 1595 985 τῆς
1636 915 1715 969 δι-

145 998 422 1071 καιοσύνης
450 1000 699 1066 ἀκτῖνας,
737 997 825 1056 οἷά
852 1020 939 1067 τις
970 1003 1289 1075 ἁλεκτρυὼν
1327 1008 1559 1079 προορᾷ,
1594 1009 1715 1071 ταῖς

144 1090 448 1161 αἰσθήσεσιν
493 1092 869 1165 ἐνδιατρίϐων,
904 1095 998 1148 καὶ
1046 1096 1184 1167 πρὸς
1210 1097 1338 1160 τοὺς
1384 1098 1578 1167 λόγους
1605 1098 1715 1153 τῶν

143 1184 299 1237 ὄντων
323 1183 636 1249 διαϐαίνων,
666 1186 760 1238 καὶ
810 1185 965 1250 τέλος
1002 1187 1113 1242 τῶν
1152 1188 1410 1257 γνωστῶν
1445 1189 1716 1261 εὑρίσκων

143 1276 232 1346 τήν
262 1276 540 1346 ἀλήθειαν,
577 1278 638 1331 οὐ
674 1277 880 1332 δέδοικε
906 1278 1007 1342 τὰς
1037 1282 1413 1345 κατασπώσας
1442 1283 1508 1351 τῇ
1532 1282 1715 1352 σχέσει

142 1367 241 1422 τῶν
267 1368 467 1423 ὕλικῶν
500 1371 823 1440 ἐπιφανείας
851 1372 961 1427 τῶν
988 1373 1223 1444 ὁρατῶν.

205 1460 308 1514 Kal
339 1458 554 1530 τράγος
590 1463 928 1533 ἡγούμενος
947 1464 1260 1517 αἰπολίου·
1291 1464 1389 1519 καὶ
1412 1466 1717 1532 βασιλεὺς

141 1550 484 1621 δημηγορῶν
520 1552 591 1606 ἐν
618 1553 799 1608 ἔθνει.
841 1553 901 1609 Ὀ
927 1554 973 1609 δ’
1003 1551 1176 1618 οὕτως
1197 1554 1432 1629 ἔμφρονι
1454 1556 1603 1629 λόγῳ
1622 1558 1716 1612 καὶ

142 1642 233 1710 νοῒ,
256 1645 394 1700 κατὰ
414 1644 617 1716 πρᾶξιν
641 1647 739 1699 καὶ
760 1645 996 1718 θεωρίαν
1017 1646 1260 1716 ἐνεργῶν
1281 1646 1380 1719 τὴν
1403 1648 1608 1720 ἀρετὴν
1624 1649 1717 1703 καὶ

142 1734 231 1806 τήν
253 1733 475 1803 γνῶσιν,
512 1733 735 1804 βεϐαίαν
754 1751 813 1789 τε
842 1734 982 1806 ἔχων
1016 1734 1403 1806 πληροφορίαν
1453 1734 1548 1789 τοῦ
1581 1737 1719 1806 ἀγα-

1816 556 1868 603 et
1902 548 2065 604 tinent
2106 550 2440 621 agendorum
2476 551 2679 607 invenit
2712 554 2938 611 bonum.

1888 818 2057 875 Vens.
2094 819 2184 873 5|.
2232 818 2303 873 Et
2352 819 2526 889 gallus
2582 819 2936 875 deambulans
2979 821 3115 874 inter
3165 821 3396 891 gallinas

1818 914 2017 967 alacer.
2061 911 2212 967 Mens
2245 920 2426 966 autem
2474 928 2595 981 qua:
2632 912 2791 982 quasi
2827 912 3006 982 gallus
3032 912 3256 983 quidam
3295 913 3396 967 So-

1818 1007 1887 1061 lis
1927 1005 2158 1075 justitize
2206 1003 2390 1081 radios
2426 1004 2687 1074 prospicit
2720 1047 2737 1072 ,
2780 1004 3035 1060 sensibus
3070 1006 3395 1067 immorans.

1817 1098 1884 1152 ad
1918 1097 2161 1152 rationes
2187 1111 2374 1150 rerum
2408 1095 2739 1162 ascendens,
2771 1105 2827 1152 et
2858 1097 3151 1151 terminum
3189 1112 3397 1166 cogno-

1818 1189 2145 1245 scendorum
2191 1187 2482 1243 inveniens
2515 1189 2826 1254 veritatem,
2860 1205 2969 1243 non
3018 1189 3172 1244 timet
3201 1188 3397 1244 visibi-

1816 1283 1949 1338 lium
1977 1280 2325 1353 apparcntias
2352 1279 2548 1334 all'ectu
2576 1289 2917 1336 terrenarum
2935 1281 3325 1339 distrahentes.

1890 1460 1960 1514 Et
2013 1460 2193 1513 hircus
2223 1458 2419 1514 ducens
2468 1475 2757 1529 caprarum
2796 1475 3048 1529 gregem;
3088 1468 3137 1513 et
3181 1474 3276 1515 rea:
3305 1460 3399 1531 qui

1816 1555 2163 1610 concinnatur
2191 1553 2246 1607 in
2277 1562 2453 1623 gente.
2507 1552 2601 1606 Sic
2629 1559 2814 1607 autem
2853 1550 2951 1622 qui
2998 1552 3282 1622 sapienter
3331 1566 3399 1609 ac

1818 1647 2116 1721 prudenter
2170 1647 2432 1705 virtutem
2488 1644 2705 1701 actibus
2764 1650 3049 1714 operatur,
3105 1644 3399 1700 scientiam

1818 1740 2175 1796 meditatione
2210 1737 2465 1810 acquirit,
2514 1738 2726 1791 tirmam
2769 1735 2982 1792 habens
3009 1743 3067 1790 et
3103 1736 3234 1791 boni
3276 1750 3401 1793 cer-
3508 1798 3514 1803 _

143 1824 253 1888 θοῦ,
285 1826 379 1880 καὶ
408 1826 641 1897 ἄληστον
671 1826 877 1896 γνῶσιν
907 1825 1007 1898 τῆς
1041 1825 1329 1899 ἀληθείας
1387 1827 1717 1900 προηγεῖται

1825 1831 2199 1896 tiorationem,
2228 1806 2424 1887 et‘non
2456 1825 2883 1884 oblitterandam
2914 1826 3166 1884 veritatis
3210 1828 3402 1899 cogni-

142 1916 242 1971 τῶν
266 1918 363 1990 τῆς
391 1920 693 1992 ἀριστερᾶς
711 1918 803 1975 διὰ
832 1918 933 1991 τὴν
954 1918 1236 1990 ἁμαρτίαν
1262 1918 1434 1973 ὄντων
1468 1918 1719 1990 μερίδος⁸

142 2009 419 2080 ἐπανάγων
442 2008 667 2076 τούτους
688 2011 797 2066 ἀπὸ
816 2009 927 2065 τῶν
949 2013 1102 2066 κάτω
1127 2010 1225 2065 καὶ
1253 2010 1560 2081 σαρκικῶν,
1583 2010 1723 2083 πρὸς

141 2099 206 2154 τὰ
232 2100 578 2171 πνευματικὰ
608 2101 705 2155 καὶ
731 2101 962 2174 οὐράνια
980 2117 996 2133 ο
1029 2100 1126 2153 καὶ
1153 2099 1255 2164 τὰς
1278 2098 1373 2154 τοῦ
1417 2099 1722 2171 μαθητευθ-

145 2194 299 2265 μίνου
330 2194 481 2267 αὐτῷ
520 2195 757 2268 πλήθους
807 2194 1154 2268 θεωρητικὰς
1184 2211 1244 2248 τε
1277 2196 1371 2249 καὶ
1419 2195 1720 2267 δρεκτικὰς

140 2287 408 2357 δυνάμεις,
441 2287 585 2342 κατὰ
631 2287 792 2358 λόγον
819 2287 1112 2359 ῥυθμίζει·
1161 2286 1258 2341 καὶ
1301 2287 1483 2342 πείθει
1532 2288 1608 2362 μή
1640 2289 1717 2354 ὡς

143 2380 292 2451 ἔτυχε
317 2380 606 2451 φέρεσθαι.

203 2470 299 2541 λβ’.
348 2471 493 2526 Ἐὰν
530 2471 684 2542 πρόῃ
721 2472 986 2529 σεαυτὸν
1027 2476 1116 2541 εις
1159 2477 1575 2546 εὐφροσύνην,
1616 2476 1715 2530 καὶ

139 2561 402 2633 ἐκτείνῃς
430 2563 548 2633 τὴν
567 2564 735 2635 χεῖρά
760 2581 877 2620 σου
893 2567 1046 2634 μετὰ
1060 2566 1281 2637 μάχης,
1306 2570 1712 2640 ἀτιμασθήσῃ.

214 2656 334 2708 Ἐὰν
359 2655 505 2710 κατὰ
524 2656 585 2710 τὸ
610 2656 1009 2727 ἐπιθυμητικὸν
1033 2659 1132 2730 τῆς
1160 2660 1339 2731 ψυχῆς
1388 2677 1503 2725 σου,
1543 2660 1717 2732 ἐκδῷς

142 2748 356 2803 σεαυτὸν
383 2751 508 2813 ταῖς
538 2751 831 2820 σαρκικαῖς
880 2750 1101 2820 ἡδοναῖς
1124 2794 1138 2815 ,
1176 2751 1274 2805 καὶ
1311 2751 1372 2805 τὸ
1416 2751 1510 2805 τοῦ
1539 2750 1713 2824 θυμοῦ

138 2841 417 2910 δραστικὸν
446 2842 590 2895 κατὰ
617 2841 729 2895 τῶν
758 2842 1019 2913 ὁμοφυῶν
1040 2843 1291 2917 ὁπλίσῃς,
1317 2845 1431 2907 τοῖς
1463 2844 1716 2915 ἀνοήτοις

140 2932 385 3003 κτήνεσιν
423 2932 734 3004 ὀμοιωθεὶς,
771 2932 1101 3006 ὑϐρισθήσῃ,
1124 2933 1200 2999 ὡς
1227 2933 1412 2989 δοῦλον
1444 2934 1632 2989 παθῶν
1654 2936 1715 2990 τὸ

138 3024 437 3094 λογιστικὸν
467 3014 842 3101 καταστήσας.

201 3208 301 3277 λγ.
319 3210 579 3281 Ἀμελγο
597 3212 773 3282 γάλα,
787 3210 884 3266 καὶ
900 3212 1072 3266 ἔσται
1084 3210 1413 3280 βούτυρον.
1428 3210 1552 3284 [cod
1563 3253 1576 3266 .
1589 3228 1707 3268 σου

139 3302 355 3374 τυρόν].
374 3303 669 3374 ’Υποδέχου
685 3303 759 3367 ὡς
770 3305 933 3373 γάλα,
947 3305 1127 3358 πίστει
1142 3303 1415 3377 ἀπλῇ,τὴν
1429 3304 1538 3359 τῶν
1556 3305 1717 3360 θείων

140 3390 325 3460 λογίων
340 3393 718 3449 διδασκαλίαν
738 3397 834 3450 καλ⁸
857 3393 1275 3465 συλλέγοντιίτδν
1295 3393 1418 3450 νοῦν
1435 3395 1638 3466 ταύτης
1659 3398 1717 3451 ἐν

140 3482 420 3554 πνεύματι,
453 3486 688 3558 ὑπάρξει
718 3503 799 3541 σοι
825 3485 968 3541 οὕτω
989 3486 1188 3559 στερεὰ
1219 3487 1316 3541 καὶ
1348 3486 1490 3542 πίων
1517 3488 1715 3560 τροφή.

218 3575 358 3631 Ἐὰν
383 3577 456 3631 δὲ
482 3577 761 3648 exs-ulline
777 3577 1113 3648 μυκτῆρας,
1136 3579 1524 3644 ἐξελεύσεται
1553 3574 1715 3649 αἷμα*

137 3666 242 3721 ἐὰν
288 3668 358 3723 δὲ
407 3670 669 3740 ἐξέλκῃς
712 3671 972 3741 λόγους,
1020 3671 1452 3735 ἐξελεύσονται
1488 3673 1721 3742 κρίσεις

140 3761 233 3813 καὶ
264 3762 477 3832 μάχαι.
510 3764 723 3836 Ὠσπερ
765 3764 823 3819 δὲ
853 3766 902 3819 εί
955 3764 1186 3837 ἐκϐιάξῃ
1237 3764 1546 3837 μυκτῆρας,
1579 3760 1722 3837 αἷμα

139 3851 573 3926 ἐξενεχθήσεται,
612 3854 757 3909 οὕτω
791 3856 888 3910 καὶ
932 3855 1279 3920 διστάζοντός
1313 3873 1409 3910 σου
1450 3856 1579 3929 περὶ
1620 3858 1721 3930 τήν

140 3943 339 4011 πίστιν,
367 3947 466 4001 καὶ
495 3946 687 4014 λόγους
715 3948 1077 4012 ἀπαιτοῦντος
1098 3948 1478 4014 διαλεκτικῶς,
1503 3947 1718 4021 ἐξενεχ-

142 4037 394 4110 θήσονται
425 4042 681 4110 διενὲξεις
713 4044 807 4097 καλ⁵
833 4043 1032 4114 ἔριδες.

716 4180 970 4234 ΚΕΦΑΛ.
1015 4180 1142 4235 ΛΑ’.

174 4298 179 4313 ’
208 4319 276 4378 α’,
296 4314 362 4385 β’.
396 4316 464 4368 Ol
488 4313 620 4384 ἐμοὶ
653 4315 827 4384 λόγοι
860 4314 1128 4384 εἴρηνται
1156 4314 1277 4371 ὑπὸ
1317 4314 1489 4383 Θεοῦ,
1534 4316 1725 4381 ,βασι-

141 4403 287 4472 λέως
311 4405 728 4477 χρηματισμὸς
746 4404 820 4459 ὃν
838 4406 1205 4461 ἐπαίδευσεν
1222 4407 1261 4475 ἡ
1296 4408 1497 4477 μήτηρ
1514 4408 1725 4464 αὐτοῦ’

1826 1922 2052 1985 tionem,
2078 1918 2232 1976 ducit
2277 1933 2376 1975 eos
2420 1917 2512 1987 qui
2542 1917 2613 1972 ob
2654 1922 2937 1986 peccatum
2990 1915 3059 1971 ad
3106 1915 3394 1971 sinistram

1825 2022 2034 2087 partem
2086 2011 2386 2084 pertinent,
2442 2009 2567 2064 illos
2601 2003 2843 2064 educens
2891 2007 2962 2064 ab
3006 2008 3304 2064 humilibus
3343 2016 3399 2062 et

1820 2103 2138 2159 carnalibus
2170 2101 2238 2157 ad
2283 2098 2594 2170 spiritualia
2624 2105 2679 2153 et
2711 2097 2982 2153 coelestia.
3035 2095 3398 2152 Multitudinis

1821 2213 1983 2268 quam
2016 2197 2175 2250 docet
2225 2193 2498 2264 potentias
2547 2190 2919 2261 speculativas
2966 2197 3025 2244 et
3054 2191 3398 2259 concupisci-

1820 2289 1957 2343 biles
1990 2285 2292 2341 secundum
2338 2284 2609 2338 rationem
2673 2280 2884 2351 dirigit,
2918 2280 3156 2351 illosque
3190 2281 3390 2336 suadet

1819 2396 1926 2435 non
1963 2388 2167 2434 temere
2206 2391 2272 2432 ac
2308 2375 2536 2430 fortuito
2576 2374 2802 2427 mutari.

1892 2464 2057 2520 Vens.
2090 2464 2181 2518 32.
2222 2461 2281 2517 Si
2314 2459 2616 2530 profuderis
2659 2467 2707 2512 te
2737 2460 2792 2511 in
2823 2456 3011 2510 latitia
3032 2494 3050 2523 ,
3084 2464 3132 2510 et
3153 2454 3399 2510 extendes

1816 2559 1892 2612 ris
1932 2571 2150 2611 manum
2188 2564 2336 2608 luant
2371 2568 2490 2606 cum
2524 2552 2670 2618 rixa,
2728 2550 3152 2605 iuhouorabcris.
3194 2550 3250 2605 Si
3306 2566 3398 2605 se-

1816 2650 2056 2706 cundum
2117 2646 2316 2701 anima:
2375 2655 2485 2699 tuae
2545 2641 3039 2713 concupiscibilem
3100 2642 3397 2710 appetitum
3512 2632 3515 2633 ⁷

1816 2741 2166 2808 temetipsum
2221 2737 2539 2792 carnalibus
2618 2732 2995 2804 voluptatibus
3069 2731 3399 2795 tradideris,

1814 2838 1869 2885 et
1898 2826 2197 2884 irascibilis
2221 2825 2498 2897 appetitus
2527 2822 2825 2878 ellieaciam
2861 2828 3054 2876 contra
3085 2819 3400 2891 proximum

1814 2921 2140 2985 armaveris,
2205 2915 2630 2973 irrationalibus
2684 2914 2880 2970 bestiis
2924 2913 3122 2968 similis
3195 2911 3398 2973 factus.

1814 3010 2240 3069 inltonoraberis
2271 3018 2462 3079 utpote
2498 3007 2594 3078 qui
2642 3004 2914 3060 rationem
2974 3002 3079 3061 sub
3135 3002 3403 3059 servitute

1813 3104 2137 3177 passionum
2178 3101 2477 3172 redegeris.

1886 3194 2057 3251 Vens.
2101 3194 2193 3249 55.
2226 3192 2404 3264 Mulge
2446 3191 2531 3245 lac
2557 3201 2607 3246 et
2650 3190 2749 3245 erit
2802 3187 3074 3260 butyrum.
3110 3186 3311 3257 Accipe
3341 3195 3403 3242 ut

1819 3290 1924 3350 lae,
1959 3288 2015 3343 in
2057 3285 2409 3357 simplicitate
2435 3284 2583 3348 lldei,
2611 3281 2930 3336 divinorum
2962 3292 3281 3336 sermonum
3303 3276 3404 3331 (1ο-

1818 3382 2075 3436 ctrinam.
2107 3377 2397 3449 Colligenti
2437 3376 2558 3446 ejus
2596 3389 2820 3431 sensum
2841 3373 2897 3428 in
2931 3379 3147 3437 tuente,
3193 3368 3405 3426 solidus

1819 3473 1915 3529 tibi
1940 3479 1996 3528 et
2038 3472 2256 3542 pinguis
2284 3470 2477 3526 evadet
2507 3469 2688 3525 cibus.

1892 3561 1953 3619 Si
1984 3572 2161 3617 autem
2201 3561 2523 3629 expresseris
2578 3573 2734 3612 nares
2758 3595 2774 3622 ,
2815 3553 2981 3611 exibit
3036 3552 3257 3624 sanguis
3282 3565 3302 3605 :
3354 3551 3405 3605 si

1822 3666 1998 3711 autem
2039 3654 2337 3710 extraxeris
2381 3667 2647 3707 sermones
2669 3691 2686 3716 ,
2736 3647 2956 3703 exibunt
3009 3645 3126 3700 lites
3169 3653 3219 3699 et
3246 3643 3397 3698 tim.

1823 3746 2296 3815 Quemadmodum
2342 3752 2523 3799 autem
2553 3742 2600 3799 si
2632 3756 2796 3797 nares
2823 3738 3189 3811 expresseris,
3228 3736 3421 3791 exibit.

1826 3841 2071 3911 sanguis,
2103 3840 2177 3894 ita
2214 3839 2259 3895 si
2295 3840 2363 3893 de
2404 3837 2508 3891 lide
2535 3834 2878 3891 dubitaveris
2908 3838 2963 3886 et
2996 3830 3285 3886 dialectice
3314 3844 3405 3885 re-

1829 3933 2053 4006 petieris
2093 3932 2359 3996 rationes,
2394 3929 2626 3985 exibunt
2656 3926 2781 3983 lites
2813 3934 2870 3982 et
2898 3925 3051 3980 rixae.

2409 4161 2566 4218 CAP.
2621 4157 2818 4216 XXXI.

1903 4298 2068 4355 Vens.
2102 4299 2226 4365 1,2.
2245 4295 2412 4351 Verba
2449 4311 2562 4347 mea
2594 4292 2740 4345 dicta
2763 4300 2885 4345 sunt
2913 4306 2945 4343 a
2976 4288 3101 4355 Deo,
3138 4288 3271 4358 regis
3306 4286 3411 4341 ad-

1833 4393 2053 4448 monitio
2072 4389 2463 4463 quemermlivit
2513 4393 2683 4439 mater
2717 4399 2839 4438 sua.
2888 4379 3050 4445 Quid,
3097 4379 3200 4449 ﬁli,
3235 4395 3413 4433 serva-

144 4494 216 4560 τί,
236 4471 473 4563 diro},
495 4471 809 4566 τηρήσει-ια
833 4497 890 4549 τι
902 4497 1066 4561 ;”Δπε
1073 4516 1105 4569 ρ
1122 4515 1205 4552 σοι
1226 4471 1388 4564 αὐτὸς
1399 4471 1720 4569 ἀπαγγέλλω

1835 4484 1958 4540 bis?
1986 4481 2163 4549 Quid?
2192 4479 2325 4546 Qua:
2355 4479 2452 4534 tibi
2482 4477 2601 4548 ipse
2633 4472 2909 4530 annuntio
2956 4471 3195 4541 eloquia,
3244 4471 3410 4525 didici

144 4584 313 4655 λόγια,
356 4588 659 4661 μεμάθηκα
682 4587 855 4643 ταῦτα
886 4587 1041 4657 παρὰ
1078 4588 1213 4642 Θεοῦ
1233 4607 1249 4621 ο
1282 4590 1318 4643 ἆ
1350 4592 1457 4644 είσι
1494 4589 1726 4653 πλοῦτος

145 4678 272 4746 ἐμοῦ
308 4680 401 4735 τοῦ
445 4680 705 4750 λαχόντος
762 4678 1005 4750 ἐννόμως
1059 4678 1370 4752 ἀνθρώποις
1414 4683 1727 4737 ἐπιστατεῖν

144 4771 290 4838 παρὰ
310 4772 413 4843 τῆς
445 4772 604 4843 δίκην
637 4771 842 4843 μητρὸς
875 4771 1224 4843 θρεψαμένης
1258 4774 1452 4842 σοφίας
1472 4789 1487 4804 ’
1534 4773 1586 4826 τί
1614 4772 1728 4827 λοι-

145 4859 242 4913 πὸν
269 4862 551 4930 φυλάξεις,
579 4863 700 4930 υἷές
734 4862 1008 4933 φύλασσον
1030 4862 1100 4916 τὰ
1124 4863 1236 4932 ἐμὰ
1262 4863 1440 4934 λόγια.

224 4952 463 5023 Ῥήσεις
480 4956 650 5024 Θεοῦ,
678 4958 1069 5026 πρωτογενὲς,
1092 4955 1192 5009 σοὶ
1206 4955 1384 5026 λέγω,
1401 4956 1493 5011 υίέ
1508 4975 1521 4989 ·
1539 4957 1617 5026 τί,
1633 4957 1729 5013 τέ-

147 5060 290 5100 κνον
320 5049 475 5119 ἐμῆς
507 5050 781 5116 malae;
818 5050 890 5102 Ἦ
916 5048 1075 5117 λόγια
1130 5050 1347 5113 πάντως
1392 5050 1562 5117 Θεοῦ;
1594 5050 1731 5123 πρὸς

149 5135 207 5188 σὲ
228 5142 488 5215 ποιοῦμαι
512 5142 605 5197 τὸν
636 5143 817 5212 λόγον,
842 5144 947 5205 uls,
973 5142 1035 5204 ὃς
1064 5141 1130 5195 ἂν
1159 5141 1252 5194 καὶ
1291 5141 1431 5213 εἴης,
1471 5143 1562 5196 τὸν
1590 5142 1730 5195 ἀπο·-

146 5232 407 5302 τεχθέντα
434 5252 525 5306 μοι
556 5237 700 5289 κατὰ
727 5235 825 5307 τὴν
844 5234 1069 5307 πρώτην
1096 5236 1190 5289 καὶ
1207 5236 1587 5307 πνευματικὴν
1610 5236 1734 5305 γέν-

151 5339 335 5393 νησιν’
367 5329 443 5397 τί,
484 5328 695 5395 τέκνον,
746 5327 775 5382 ὃ
803 5330 923 5393 ταῖς
951 5328 1052 5398 τῆς
1078 5327 1219 5398 ἐμῆς
1255 5328 1498 5393 διανοίας
1546 5329 1734 5384 ὠδῖσιν

152 5419 417 5493 ἐγέννησα
444 5422 878 5490 διδασκαλικῶς;

220 5509 288 5580 γ’.
321 5517 401 5577 Τί,
421 5514 637 5569 τέκνον
654 5514 815 5585 ἐμῶν
836 5514 1033 5583 εὐχῶν
1051 5529 1068 5575 ;
1090 5512 1177 5578 Τί,
1193 5512 1401 5579 τέκνον,
1424 5512 1536 5567 οἴου
1552 5515 1736 5584 τυχεῖν

156 5606 497 5673 παρεκάλουν
525 5607 680 5673 Θεὸν,
715 5609 978 5679 τηρήσεις
997 5622 1012 5672 ;

225 5780 321 5851 Μὴ
356 5783 461 5851 δὸς
499 5784 732 5856 γυναιξὶ
769 5784 884 5839 σὼ·
925 5784 1211 5841 πλοῦτον.
1246 5783 1339 5855 Μὴ
1388 5783 1480 5839 τὸν
1513 5782 1737 5838 πλοῦτον

1830 4590 1859 4631 a
1891 4575 2003 4632 Deo
2033 4593 2046 4630 :
2079 4574 2194 4629 haec
2221 4578 2349 4628 sunt
2372 4584 2510 4626 mete
2535 4567 2743 4624 divitiae
2764 4566 2858 4636 qui
2885 4562 3116 4620 sortitus
3139 4578 3262 4618 sum
3287 4562 3413 4632 jure

1830 4666 2147 4722 hominibus
2202 4675 2438 4734 praeesse
2491 4659 2562 4713 ob
2600 4655 2922 4727 sapientiam
2979 4650 3137 4722 quasi
3180 4659 3413 4705 matrem

1831 4759 2180 4815 nutrientem.
2205 4753 2349 4823 Quid
2378 4752 2557 4808 adhuc
2587 4746 2853 4812 servabis,
2874 4743 2987 4799 illi?
3011 4758 3169 4798 serva
3194 4739 3414 4811 eloquia

1831 4867 1949 4908 mea
1958 4891 1973 4907 ο

1894 4944 2168 5000 Dictioncs
2200 4940 2316 5003 Dei,
2337 4933 2806 5009 printogcnite,tibi
2835 4932 2976 4995 dico,
2991 4929 3072 4999 ﬁli
3101 4946 3119 4990 ;
3145 4926 3307 4995 Quid,
3336 4925 3418 4994 ﬁli

1833 5038 1934 5093 mei
1964 5037 2154 5092 ventris
2174 5036 2198 5091 ?
2220 5032 2411 5088 Nonne
2457 5030 2643 5086 omnia
2672 5010 2891 5097 eloquia
2926 5023 3069 5079 Dei?
3105 5022 3186 5076 Ad
3211 5030 3264 5074 te
3294 5034 3419 5073 ver-

1832 5133 1963 5188 bum
1996 5129 2161 5196 facio,
2194 5128 2267 5183 illi
2289 5168 2303 5192 ,
2333 5125 2592 5198 quisquis
2623 5123 2726 5187 sis,
2760 5122 2857 5186 qui
2886 5136 2917 5174 a
2967 5132 3053 5172 me
3093 5116 3310 5186 genitus
3349 5126 3411 5166 es

1834 5224 2137 5282 secundum
2196 5205 2429 5293 primam
2476 5226 2533 5273 et
2583 5215 2930 5287 spiritualent
2984 5208 3415 5282 generationem.

1835 5320 1973 5388 Quid
1997 5360 2013 5384 ,
2053 5317 2126 5372 illi
2155 5358 2170 5384 ,
2204 5329 2366 5385 quem
2422 5309 2775 5383 cogitationis
2824 5322 2957 5362 meae
2992 5303 3274 5360 doloribus
3322 5299 3420 5354 do-

1836 5412 2010 5469 cendo
2039 5409 2201 5480 genui
2223 5408 2247 5461 ?
2288 5426 2291 5429 π

1907 5504 2076 5559 Vsus.
2112 5504 2164 5557 5.
2209 5497 2368 5565 Quid,
2396 5497 2477 5567 fili
2501 5511 2738 5551 mearum
2774 5485 3120 5549 orationum?
3149 5485 3289 5555 Quid
3319 5485 3423 5540 ob-

1841 5596 2113 5661 servabis,
2166 5594 2263 5657 lili,
2303 5592 2521 5660 qualum
2563 5590 2814 5642 obtinere
2874 5585 3061 5639 Deum
3094 5582 3420 5651 deprecatus

1841 5688 2006 5744 sum?

1917 5779 1996 5835 Nc
2029 5778 2233 5836 dederis
2271 5776 2576 5834 mulieribus
2610 5773 2966 5830 substantiam
3011 5780 3174 5826 tuam.
3224 5764 3427 5823 intelli-
