4054 6528
619 320 756 383 1535

1913 316 2272 383 PROCOPII
2312 314 2553 379 (ΗΖ-ΕΙ

3768 276 4009 385 καθ’

612 440 812 502 gentm:
842 440 947 487 tuae
977 430 1196 489 divitias
1227 429 1280 486 in
1316 430 1733 489 irrationalibus
1790 420 2182 501 concupiSeen‘

2305 426 2413 479 σῶν
2437 426 2656 498 φρενῶν
2683 427 2805 490 ταῖς
2835 427 3055 495 ἀλόγοις
3084 427 3405 499 ἐπιθυμίαις
3426 429 3527 497 τῆς
3558 428 3685 483 κατ’
3709 430 3905 500 αἰσθη-

614 526 708 581 tiis
751 540 1018 580 sensuum
1049 523 1350 594 voluptatis
1401 540 1469 579 ne
1504 524 1827 595 impendas;
1868 526 2058 581 varios
2088 533 2203 579 tau-

616 627 731 672 tum
769 616 934 686 hujus
981 616 1176 671 modos
1224 616 1564 687 recogitans.

686 707 755 762 Et
787 718 1010 763 mentem
1050 717 1199 761 tuam
1228 718 1279 763 et
1318 708 1481 763 vitam
1521 709 1576 763 in
1606 725 1784 763 seram
1837 710 2051 764 consilii
2082 725 2201 763 ntu-

616 802 892 855 tationem.
952 799 1142 871 Neque
1201 804 1401 857 mentis
1462 810 1566 856 tuae
1622 803 2079 872 speculationem,
2146 809 2201 856 et

613 894 759 948 circa
799 895 966 947 vitam
1016 893 1070 947 in
1104 908 1274 948 carne
1304 904 1357 948 et
1406 896 1611 948 mundo
1662 896 1974 963 actionem;
2012 894 2198 949 tradas

615 987 669 1040 in
708 984 1107 1057 experientiam
1163 985 1322 1050 mali,
1369 985 1530 1055 cujus
1586 985 1881 1056 aliquando
1912 993 1967 1042 te
2019 985 2200 1055 paeni-

616 1079 771 1135 lebit.

686 1171 856 1226 Vens.
900 1174 953 1227 4.
1009 1171 1138 1226 Cum
1172 1172 1394 1227 consilio
1442 1173 1620 1227 omnia
1659 1172 1777 1241 fac;
1809 1187 1928 1225 cum
1971 1171 2196 1225 consilio

606 1266 794 1319 vinum
825 1275 970 1333 pota.
1021 1263 1298 1319 Rationali
1351 1266 1692 1320 discretione
1725 1266 1916 1334 accipe
1964 1273 2195 1319 natura-

616 1356 720 1409 lem
753 1357 1137 1412 exsistentium
1158 1356 1677 1426 contemplationem
1696 1372 1818 1426 quae
1842 1357 1987 1412 sicut
2006 1357 2193 1412 vinum

612 1448 978 1518 Spiritualiter
1049 1466 1145 1504 cor
1218 1448 1478 1504 laetiﬁcat.
1538 1448 1639 1515 Qui
1697 1446 1999 1504 cll'renatus
2069 1458 2191 1515 est,

612 1549 852 1594 mentem
899 1557 929 1596 a
972 1544 1202 1599 veritate
1241 1543 1496 1599 excidere
1534 1540 1692 1606 facit,
1740 1552 1796 1597 et
1841 1546 1896 1597 in
1940 1543 2198 1614 praccipi-

613 1632 751 1686 tium
791 1633 985 1689 fertur.

682 1724 852 1781 Vens.
911 1728 964 1781 5.
1021 1727 1265 1783 Potentes
1301 1730 1545 1783 iracundi
1588 1726 1710 1784 sunt
1738 1745 1757 1793 ;
1789 1731 1967 1783 vinum
2014 1739 2188 1783 autem

611 1835 715 1873 non
760 1820 963 1889 bibant,
993 1838 1056 1876 ne
1090 1823 1322 1878 bibentes
1373 1824 1756 1879 obliviscantur
1788 1824 2087 1891 sapientiae,
2135 1838 2183 1877 et

609 1921 748 1964 recte
810 1928 911 1966 non
949 1915 1157 1980 possint
1190 1915 1444 1985 judicare
1481 1916 1797 1971 imbecilles.
1834 1916 1939 1982 Qui
1974 1916 2186 1985 passio-

607 2018 707 2058 nes
745 2006 1086 2076 subegerunt
1118 2014 1172 2061 et
1213 2009 1476 2063 moralem
1530 2016 1680 2065 recte
1718 2009 2018 2063 observant
2059 2007 2186 2078 phi-

607 2093 935 2167 losophiam,
962 2099 1155 2154 armati
1193 2111 1322 2155 sunt
1355 2108 1547 2154 contra
1572 2107 1886 2170 serpentem
1926 2100 2188 2170 spiritua-

606 2188 734 2244 lem.
782 2190 1039 2247 Attamen
1097 2193 1290 2248 laudes
1342 2193 1627 2248 hominum
1674 2209 1773 2249 eos
1806 2194 1950 2249 sicut
1994 2193 2182 2247 vinum

607 2280 948 2339 ltetilicautes
981 2300 1048 2340 ne
1086 2285 1402 2355 accipiant,
1435 2302 1503 2341 ne
1528 2286 1883 2355 accipientes,
1926 2293 2184 2340 avertan-

605 2376 696 2423 tur
719 2384 749 2423 a
782 2372 1050 2441 sapientia
1077 2413 1092 2437 ,
1147 2375 1309 2443 cujus
1358 2376 1640 2446 preprium
1673 2385 1758 2431 est
1791 2376 2182 2431 exaltationem

603 2457 659 2512 in
698 2458 1006 2518 humilitate
1031 2464 1361 2532 ostendere;
1400 2481 1468 2520 ne
1490 2465 1797 2521 elevatione
1826 2482 1892 2521 ex
1926 2465 2182 2521 laudibus

600 2550 859 2605 cxcaacati
891 2566 1172 2623 nequeant
1201 2557 1552 2613 considerare
1578 2557 1901 2613 inﬁrmitate
1932 2558 2180 2624 indutos,

600 2652 807 2710 eosque
865 2650 1018 2699 recte
1077 2643 1329 2715 judicare
1356 2655 1415 2702 et
1475 2662 1726 2720 congruo
1789 2648 2005 2719 dignari
2064 2663 2185 2704 ser-

602 2730 760 2787 vitio.

671 3018 837 3075 Vens.
893 3020 947 3076 6.
983 3020 1119 3078 Date
1164 3025 1468 3081 ebrietatem
1520 3029 1586 3083 iis
1624 3030 1720 3100 qui
1753 3030 1806 3083 in
1844 3032 2175 3084 nimi-oribus.

2308 537 2392 572 σιν
2439 520 2653 591 ἡδονῆς,
2711 521 3141 593 κατᾳναλώσῃςο
3204 521 3401 591 μόνους
3438 523 3566 586 τοὺς
3619 522 3903 589 ποικίλους

2303 612 2508 684 ταύτης
2539 614 2780 683 τρόπους
2809 614 3061 668 ἐπινοῶν.

2380 706 2494 760 Τὸν
2546 707 2666 760 σὸν
2720 706 2873 761 νοῦν
2910 706 3011 761 καί
3044 708 3191 771 ,βίον
3240 710 3331 774 είς
3394 709 3899 777 ὑστεροθουλίαν.

2302 797 2459 867 Μηδὲ
2485 798 2547 850 τὸ
2577 797 2675 851 τοῦ
2698 799 2818 862 νοός
2858 816 2951 852 σου
2984 799 3342 869 θεωρητικὸν,
3384 803 3481 855 καὶ
3532 800 3598 853 τὸ
3646 801 3776 871 περὶ
3802 800 3900 869 τὴν

2301 892 2361 944 ἐν
2383 892 2551 960 σαρκὶ
2582 892 2677 945 καὶ
2710 893 2903 962 κόσμῳ
2928 892 3113 963 βιοτήν
3150 910 3245 945 σου
3277 894 3620 960 πρακτικὸν,
3665 895 3746 956 είς
3775 898 3899 946 πεῖ-

2304 1001 2401 1055 ραν
2426 984 2595 1054 ἐκδῷς
2630 986 2726 1039 τοῦ
2776 986 2985 1053 κακοῦ·
3036 985 3095 1054 ἐξ
3128 978 3191 1038 οὗ
3248 987 3329 1039 σοί
3368 1004 3500 1040 ποτε
3554 987 3899 1057 συμϐήσεται

2302 1078 2731 1147 μεταμέλεσθαι.
2928 1074 2931 1075 ν
3832 1084 3835 1087 ’

2368 1170 2437 1223 δ’.
2474 1170 2638 1224 Μετὰ
2676 1168 2925 1239 ,ϐουλῆς
2968 1169 3170 1224 πάντα
3225 1171 3411 1223 ποίει·
3460 1172 3619 1239 μετὰ
3654 1172 3897 1239 ,βουλῆς

2296 1263 2617 1315 οίνοπότει.
2660 1261 2819 1315 Μετὰ
2850 1261 3080 1331 λογικῆς
3124 1262 3451 1332 διακρίσεως
3503 1262 3895 1333 μεταλάμὸανε

2294 1352 2397 1420 τῆς
2431 1351 2585 1423 δίκην
2618 1354 2759 1405 οἴνου
2784 1353 3188 1425 εύφραινούσης
3232 1354 3461 1421 καρδίαν
3498 1357 3897 1425 πνευματικῶς

2264 1445 2534 1515 ,φυσικῆς
2565 1444 2798 1516 Θεωρίας
2843 1446 2953 1499 τῶν
3002 1446 3211 1499 ὄντων·
3263 1448 3388 1517 ἥτις
3433 1448 3529 1501 ἐὰν
3561 1448 3895 1519 ἀχαλίνωτος

2294 1534 2351 1609 ᾗ,
2379 1536 2470 1590 τὸν
2498 1536 2622 1590 νοῦν
2645 1537 2744 1609 τῆς
2772 1538 3031 1608 ἀληθείας
3064 1538 3385 1609 μεθίστησι,
3432 1540 3532 1593 καὶ
3564 1541 3726 1611 φέρει
3756 1542 3895 1595 κατά

2296 1629 2572 1703 κρημνοῦ.

2363 1727 2425 1777 ε’.
2444 1724 2510 1775 Ol
2534 1721 2829 1775 δυνάσται
2859 1721 3151 1790 θυμὼὃεις
3180 1724 3363 1789 εἰσίν,
3398 1721 3573 1779 οἶνον
3604 1726 3695 1796 μὴ
3723 1727 3891 1780 ,τινέ-

2292 1829 2520 1876 τωσαν,
2553 1814 2656 1867 ἵνα
2675 1813 2761 1883 μὴ
2788 1815 3053 1881 πιόντες,
3077 1815 3482 1870 ἐπιλάθωνται
3504 1816 3615 1885 τῆς
3643 1820 3889 1888 σοφίας,

2287 1907 2384 1960 καὶ
2415 1906 2560 1974 ὀρθὰ
2593 1906 2789 1975 κρῖναι
2829 1909 2902 1962 οὐ
2931 1906 3018 1975 μὴ
3050 1907 3350 1963 δύνωνται
3392 1910 3540 1976 τοὺς
3582 1911 3887 1978 ἀσθενεῖς.

2286 2000 2351 2053 0i
2378 1999 2798 2063 δυναστεύοντες
2832 2001 2976 2055 κατά
3023 2001 3135 2055 τῶν
3183 2002 3397 2067 παθῶν,
3440 2005 3535 2057 καὶ
3564 2004 3668 2075 τὴν
3691 2004 3891 2076 ἠθικὴν

2285 2091 2682 2163 κατορθοῦντες
2713 2091 3062 2162 φιλοσοφίαν,
3098 2092 3436 2167 ὠπλισμένοι
3472 2097 3585 2150 εἰσὶ
3626 2097 3709 2168 τῷ
3733 2097 3891 2170 θυμῷ

2284 2184 2426 2239 κατὰ
2458 2183 2553 2238 τοῦ
2588 2183 2781 2255 νοητοῦ
2809 2185 2988 2255 ὄφεως
3013 2201 3027 2216 ·
3057 2185 3246 2240 λοιπὸν
3285 2188 3380 2241 τοῦ
3423 2190 3555 2259 παρ’
3580 2191 3889 2262 ἀνθρώπων

2284 2276 2531 2339 ἐπαίνου,
2564 2275 2661 2329 τοῦ
2698 2275 2859 2347 δίκην
2889 2277 3038 2331 οῐνου
3080 2276 3306 2342 τούτους
3350 2278 3767 2350 εὐφραίνοντος,
3812 2280 3887 2351 μὴ

2287 2366 2859 2438 μεταλαμϐανέτωσαν
2880 2384 2894 2397 ·
2936 2367 3087 2431 ὅπως
3121 2368 3199 2439 μὴ
3254 2369 3666 2439 μεταλαϐόντες
3696 2371 3886 2434 αὐτοῦ,

2283 2458 2646 2513 ἐπιλάθωνται
2673 2462 2776 2532 τῆς
2815 2461 3012 2527 σοφίας
3039 2476 3054 2492 ·
3101 2454 3171 2530 ἧς
3215 2462 3349 2515 [διον
3386 2462 3448 2517 τὸ
3474 2463 3885 2519 ἐπιδείκνυσθαι

2280 2551 2344 2605 τό
2377 2552 2583 2623 ὑψηλὸν
2628 2554 2688 2607 ἐν
2739 2552 2819 2624 τῷ
2870 2552 3151 2624 ταπεινῷο
3194 2572 3292 2607 και
3324 2556 3794 2629 σκοτωθέντεςτῇ
3820 2560 3885 2612 ἐκ

2282 2642 2392 2696 τῶν
2432 2643 2669 2697 ἐπαίνων
2702 2644 2961 2716 ἐπάρσει,
2996 2644 3416 2717 ἀδυνατήσωσιν
3445 2649 3883 2705 ἐπισκέπτεσθαι

2281 2751 2343 2788 τε
2375 2735 2503 2799 τοὺς
2554 2736 2978 2808 περικειμένους
3028 2738 3339 2801 ἀσθένειαν,
3395 2740 3492 2793 καὶ
3528 2740 3599 2794 τὰ
3632 2744 3755 2799 κατ’
3784 2743 3882 2797 αύ-

2281 2830 2406 2902 τούς
2437 2829 2733 2901 διακρίνειν
2766 2831 2969 2899 καλῶς,
2993 2834 3088 2887 καὶ
3117 2834 3219 2904 τῆς
3265 2833 3663 2907 προσηκούσης
3694 2835 3882 2902 ἀξιοῦν

2284 2922 2604 2994 θεραπείας.

2354 3014 2430 3080 ς’.
2462 3014 2665 3071 Δίδοτε
2678 3016 2874 3086 μέθην
2895 3016 3018 3084 τοῖς
3048 3017 3120 3072 ἐν
3155 3020 3399 3086 λύπαις.
3451 3020 3735 3092 Παρέχετε
3780 3021 3881 3090 τὴν

601 3109 733 3167 Date
764 3114 1006 3170 laetitiam
1039 3132 1106 3170 ex
1148 3118 1407 3175 laudibus
1449 3120 1518 3175 iis
1570 3123 1663 3191 qui
1709 3138 1889 3193 neque
1941 3125 2174 3195 gloriam

2292 3108 2347 3159 ὲκ
2371 3106 2481 3161 τῶν
2509 3108 2746 3163 ἐπαίνων
2778 3110 3126 3182 εὐφροσύνην
3151 3115 3264 3177 τοῖς
3305 3114 3754 3183 ἀποτυγχάνουσι
3780 3114 3877 3183 τῆς

595 3203 884 3271 caducam,
931 3223 1112 3277 neque
1155 3210 1433 3280 perituras
1469 3211 1694 3271 divitias
1745 3217 2174 3275 concupiscunt.

671 3383 737 3438 Et
771 3387 947 3442 vinum
983 3389 1155 3445 bibere
1194 3391 1261 3445 iis
1299 3393 1392 3463 qui
1436 3393 1492 3448 in
1539 3393 1838 3450 doloribus.
1893 3394 2176 3454 Laudibus

596 3478 895 3549 dignamini
934 3497 1031 3537 eos
1060 3483 1152 3552 qui
1176 3494 1307 3539 sunt
1347 3485 1404 3540 in
1432 3484 1717 3542 doloribus
1754 3489 2031 3559 corporis.

670 3571 833 3628 Vsus.
872 3572 922 3628 7.
964 3572 1033 3628 Ut
1067 3575 1445 3631 obliviscantur
1478 3582 1814 3647 paupertatis
1847 3590 1895 3634 et
1928 3581 2175 3635 laborum

596 3680 700 3717 non
740 3666 1086 3721 recordentur
1122 3668 1289 3725 ultra.
1332 3668 1403 3725 Ut
1434 3671 1513 3725 illi
1548 3673 1948 3729 obliviscantur
1980 3688 2175 3729 neces-

595 3755 871 3810 sariorum
917 3756 1117 3828 inopiae
1158 3775 1283 3829 quae
1314 3763 1554 3818 conterit
1589 3779 1721 3832 eos;
1755 3772 1947 3821 etnon
1987 3780 2178 3822 recor-

594 3849 798 3906 dentur
829 3853 1016 3909 carnis
1050 3852 1293 3912 dolores.

664 4023 832 4083 Vens.
857 4029 911 4084 8.
939 4029 1096 4100 Aperi
1125 4048 1182 4087 os
1214 4042 1364 4087 tuum
1393 4035 1545 4091 verbo
1575 4035 1688 4102 Dei,
1719 4047 1768 4093 et
1784 4039 1972 4109 judica
1996 4058 2177 4098 omnes

592 4127 751 4174 recte.
796 4121 892 4176 Dei
934 4124 1211 4182 mandatis
1242 4127 1393 4196 aperi
1434 4128 1592 4197 quasi
1625 4145 1689 4186 os
1722 4133 1920 4189 mentis
1956 4142 2061 4189 tua:
2093 4135 2178 4189 in-

593 4211 893 4275 tellectum,
928 4221 985 4266 ut
1020 4228 1215 4283 panem
1248 4231 1277 4270 a
1305 4217 1884 4276 ccelodescendentcm
1910 4224 2172 4295 excipiat,

590 4312 647 4360 et
676 4312 877 4361 cuncta
910 4314 1063 4361 recte
1092 4306 1305 4377 judica.

2290 3198 2417 3269 περὶ
2440 3198 2537 3270 τὴν
2568 3199 2837 3272 ἐπίκηρον
2855 3202 3038 3267 δόξαν,
3074 3204 3169 3258 καὶ
3193 3204 3285 3259 τὸν
3316 3204 3687 3277 φθειρόμενον
3716 3204 3875 3259 πλοῦ·

2286 3307 2377 3343 τον
2407 3291 2732 3361 ἐπιθυμίας.

2360 3381 2467 3434 Καὶ
2496 3378 2667 3435 οἶνον
2685 3382 2887 3436 πίνειν
2905 3384 3029 3451 τοῖς
3045 3386 3116 3439 ἐν
3138 3387 3406 3454 ὀδύναις.
3440 3390 3551 3442 Καὶ
3580 3390 3878 3460 ἐγκωμίων

2284 3468 2501 3535 ἀξιοῦτε
2520 3472 2647 3535 τοὺς
2679 3473 2738 3525 ἐν
2764 3472 2979 3538 ὀδύναις
3008 3480 3367 3546 σωματικαῖς.

2356 3557 2420 3624 ζ’.
2452 3560 2577 3615 Ἵνα
2610 3560 3011 3617 ἐπιλάθωνται
3060 3562 3169 3631 τῆς
3188 3568 3436 3633 πενίας,
3479 3566 3579 3619 καὶ
3614 3564 3733 3619 τῶν
3763 3566 3871 3621 πό-

2284 3668 2408 3705 νων
2423 3652 2509 3722 μὴ
2539 3652 2899 3722 μνησθῶσιν
2938 3655 3048 3711 ἔτι.
3084 3657 3273 3721 Ὅπως
3298 3659 3497 3711 ἐκεῖνοι
3521 3658 3621 3728 μὲν
3650 3659 3711 3711 ἐν
3738 3656 3874 3728 λήθῃ

2283 3746 2548 3811 γένωνται
2586 3746 2686 3816 τῆς
2715 3746 3014 3819 πιεζούσης
3046 3748 3272 3813 τούτους
3310 3750 3518 3813 ἐνδείας
3553 3749 3664 3803 τῶν
3708 3753 3871 3817 ἀναγο

2284 3838 2455 3891 καίων
2478 3854 2490 3866 ·
2525 3832 2670 3894 οὗτοι
2694 3839 2753 3893 δὲ
2778 3840 3215 3912 ἁμνημονήσωσι
3243 3842 3350 3895 τῶν
3379 3842 3584 3895 ὀδυνῶν
3610 3842 3712 3911 τῆς
3742 3858 3873 3909 σαρ-

2285 3930 2401 3996 κός.

2351 4024 2422 4095 η’.
2464 4026 2692 4096 Ἀνοιγε
2744 4026 2862 4080 σὸν
2910 4029 3107 4097 στόμα
3132 4028 3298 4098 λόγῳ
3352 4027 3523 4091 Θεοῦ,
3574 4028 3676 4082 καὶ
3706 4029 3875 4097 κρίνα

2283 4116 2480 4171 πάντα
2502 4118 2700 4187 ὑγιῶς.
2731 4119 2975 4172 Πλάτυνε
3011 4120 3074 4173 τὸ
3109 4122 3267 4191 δίκην
3309 4121 3580 4191 στόματος
3622 4122 3873 4175 δεκτικὸν

2281 4209 2373 4263 τοῦ
2405 4211 2469 4263 ἐκ
2507 4209 2602 4264 τοῦ
2652 4212 2882 4282 ούρανοῦ
2938 4213 3276 4277 καταϐάντος
3306 4214 3497 4285 ἄρτου,
3553 4216 3740 4286 νοερὸν
3770 4216 3874 4285 τῆς

2281 4301 2459 4374 ψυχῆς
2490 4321 2603 4371 σου,
2640 4303 2811 4367 θείαις
2835 4304 3098 4368 ἐννοίαις·
3132 4306 3225 4359 καὶ
3249 4306 3497 4377 διὰκρινε
3544 4307 3729 4361 πάντα
3770 4324 3874 4361 κα-

2281 4392 2412 4456 λῶς.

660 4487 833 4544 νεηε.
871 4490 926 4545 9.
963 4489 1122 4558 Aperi
1148 4508 1206 4546 os
1241 4500 1409 4560 tuum,
1434 4502 1484 4548 et
1503 4494 1876 4567 justejudica.
1916 4499 2078 4570 Aperi
2104 4515 2168 4557 os

2344 4486 2409 4539 θ’.
2450 4487 2689 4557 Ἀνοιγε
2720 4485 2839 4542 σὸν
2868 4487 3089 4557 στόμα,
3116 4486 3214 4541 καί
3242 4487 3410 4557 κρίνα
3431 4487 3702 4555 δικαίως.
3722 4489 3873 4544 Πλα-

592 4590 745 4637 tuutn
780 4584 925 4654 quod
966 4594 1194 4655 apparet
1224 4588 1289 4641 ad
1320 4590 1660 4646 enuntianda
1704 4591 1798 4649 Dei
1830 4594 2083 4667 eloquia;
2117 4606 2172 4653 et

594 4676 892 4748 unicuique
925 4678 1094 4734 redde
1123 4681 1271 4750 quod
1302 4683 1409 4753 ipsi
1437 4687 1720 4755 competit.

663 4851 909 4921 Dijudica
961 4865 1139 4907 autem
1184 4867 1468 4923 pauperem
1512 4867 1561 4911 et
1614 4858 1907 4926 inﬁrmum.
1959 4862 2034 4917 'l'e
2073 4864 2170 4917 ad-

592 4946 783 5001 hortor
828 4955 890 5001 ut
942 4957 1093 5002 recte
1133 4947 1351 5017 judices
1408 4951 1794 5005 necessitatem
1846 4952 2063 5023 inopis,
2113 4962 2169 5009 et

588 5038 973 5093 necessitatem
999 5037 1123 5107 ejus
1148 5038 1242 5108 qui
1264 5038 1553 5095 doloribus
1576 5043 1828 5112 corporis
1854 5051 2166 5115 torquetur,

586 5140 641 5185 ct
670 5130 868 5186 exinde
901 5131 1203 5186 remedium
1237 5132 1383 5202 quod
1417 5133 1635 5203 utrique
1671 5136 1954 5191 convenit.

657 5220 829 5277 Vsus.
872 5221 960 5284 10.
1008 5220 1286 5277 Mulierem
1342 5224 1530 5292 fortem
1578 5225 1696 5294 quis
1750 5227 1966 5283 inveniet
1995 5230 2021 5283 Σ)
2048 5227 2163 5285 Sibi

586 5312 833 5377 sociant,
889 5312 1127 5367 invisum
1186 5312 1395 5369 doloris
1451 5317 1887 5383 experimentum
1951 5318 2169 5375 fortiter

588 5405 934 5469 tolerantem,
972 5412 1027 5459 et
1065 5404 1313 5474 jucunda
1350 5406 1629 5478 voluptate
1671 5425 1778 5464 non
1816 5412 2165 5478 vincendum,

586 5500 913 5569 sapientiam
969 5497 1271 5569 perfectam
1323 5500 1488 5555 homo
1544 5517 1670 5556 raro
1722 5506 2007 5560 assumit:
2045 5520 2168 5561 rara

583 5591 727 5645 enim
763 5599 847 5645 est
885 5600 940 5645 et
983 5590 1153 5647 ardua
1194 5591 1322 5646 boni
1360 5593 1682 5662 acquisitio,
1715 5597 1933 5653 etiamsi
1970 5612 2167 5668 magna

592 5682 668 5737 vis
706 5682 898 5738 invitet
927 5690 980 5738 et
1013 5683 1242 5739 alliciat.

2272 4596 2398 4633 τυνε
2441 4580 2535 4632 καὶ
2589 4580 2723 4635 αὐτό
2761 4596 2855 4633 σου
2882 4580 2944 4633 τὸ
2978 4579 3310 4650 φαινόμενον
3375 4582 3575 4652 στόμα,
3619 4586 3873 4655 προφορᾷ

2272 4672 2431 4725 θείων
2466 4673 2760 4743 ῥημάτωνο
2814 4672 2910 4726 καὶ
2952 4672 3209 4726 ἀποδίδου
3258 4674 3476 4745 ἑκάστῳ
3519 4675 3585 4730 τὸ
3621 4678 3870 4750 πρόσφοε-

2274 4780 2388 4834 ρον.

2339 4855 2613 4924 Διάκρινε
2637 4854 2707 4908 δὲ
2740 4855 2972 4922 πένητα
3006 4858 3106 4911 καί
3149 4858 3408 4929 ἀσθενῆ.
3445 4861 3763 4932 Διακρίνειν
3810 4864 3868 4918 δὲ

2269 4944 2451 5008 καλῶς
2484 4963 2568 4999 σοι
2596 4945 3066 5016 παρακελεύομαι,
3094 4948 3195 5019 τήν
3223 4965 3283 5001 τε
3311 4948 3406 5003 τοῦ
3438 4950 3655 5015 ἐνδεοῦς
3689 4953 3865 5021 ἀνᾶγ-

2268 5054 2395 5109 κην,
2423 5037 2520 5090 καὶ
2550 5039 2650 5108 τὴν
2680 5035 2773 5091 τοῦ
2805 5038 3022 5103 ὀδύναις
3079 5041 3442 5110 συνεχομένου
3483 5048 3829 5114 σωματικαῖς
3848 5064 3863 5079 ·

2266 5128 2562 5184 κάντεῦθεν
2605 5130 2850 5196 πάντως,
2884 5130 3093 5186 τούτων
3147 5133 3396 5205 ἐκατέρῳ
3431 5134 3494 5189 τὸ
3518 5136 3864 5207 κατάλληλον

2268 5221 2585 5293 φάρμακον.
3524 5216 3534 5220 ”

2341 5320 2393 5369 ι’.
2421 5312 2694 5367 Γυναῖκα
2714 5313 2997 5382 ἀνδρείαν
3030 5316 3122 5380 τίς
3158 5314 3433 5383 enminet;
3457 5316 3736 5380 Σύνοικον,
3768 5320 3869 5390 τὴν

2266 5408 2395 5471 τοὺς
2426 5407 2524 5476 μὲν
2549 5406 2669 5459 κατ’
2690 5406 2882 5476 ὀδύνην
2908 5407 3202 5471 ἀκουσίους
3225 5410 3574 5479 πειρασμοὺς
3597 5413 3867 5477 γενναίως

2269 5499 2672 5570 ὑπομένουσαν,
2706 5501 2820 5562 τοῖς
2849 5498 2907 5552 δὲ
2941 5499 3063 5553 καθ’
3094 5501 3289 5569 ἡδονὴν
3316 5502 3595 5565 ἑκουσίοις
3625 5502 3703 5574 μὴ
3733 5504 3867 5556 ύπο-

2271 5592 2599 5655 πίπτουσαν,
2620 5590 2955 5645 τελειοποιὸν
2974 5592 3187 5660 σοφίαν,
3208 5594 3455 5658 σπανίως
3491 5593 3620 5659 νοῦς
3654 5595 3754 5648 ἀνθ
3762 5597 3869 5665 ρώ-

2272 5703 2426 5748 πινος
2456 5687 2715 5756 κτήσεται
2741 5702 2755 5716 ’
2798 5684 2881 5737 ὅτι
2937 5685 3164 5738 σπάνιον
3202 5688 3234 5757 ὴ
3262 5686 3355 5739 τοῦ
3397 5687 3610 5755 ἀγαθοῦ
3642 5690 3861 5759 κτῆσις,

2274 5781 2367 5833 καὶ
2398 5779 2700 5848 πρὲσαντες
2720 5796 2733 5810 ·
2766 5776 2867 5832 κᾶν
2902 5778 3037 5831 πολὺ
3082 5778 3141 5831 τὸ
3173 5780 3435 5851 μεθὲλκον
3476 5783 3559 5853 εἴη
3597 5783 3694 5837 καὶ
3726 5800 3862 5854 προ-

2275 5873 2439 5928 καλού
2451 5891 2514 5945 με
2526 5892 2627 5929 νον.
