4054 6548
211 350 322 415 1337

1235 348 1706 410 COMMENTAR
1721 351 1778 411 ll
1816 351 1897 413 ΙΝ
1935 354 2393 416 PROVERBIA.

3314 361 3336 428 l
3346 365 3449 426 538

266 460 551 532 Ίίμιωτέρα
576 459 644 515 δέ
664 461 794 514 ἐστι
826 462 1013 517 λίθων
1036 463 1394 518 πολυτελῶν
1422 465 1460 532 ἡ
1484 468 1746 535 τοιαύτη.

1932 470 2227 524 Pretioswr
2263 482 2437 525 autem
2481 483 2559 526 est
2607 473 2870 541 lapidibus
2897 475 3139 543 pretiosis
3174 494 3288 545 qua:
3324 480 3447 533 tatis

204 554 445 627 Κρείττων
471 553 526 606 δέ
554 554 902 623 ἀσυγκρίτως
940 554 1158 607 πάντων
1192 556 1300 608 τῶν
1343 558 1485 609 κατὰ
1513 558 1601 611 τὸν
1635 558 1756 627 βίον

204 648 483 717 πολυτίμων
520 663 577 699 τε
604 647 699 700 καὶ
722 647 994 717 λαμπρῶν
1025 646 1165 719 αὕτη
1195 647 1362 703 ἐστίν.

254 746 334 793 ια’.
361 737 572 807 Θαῤῥεῖ
598 737 695 790 ἐπ’
722 737 878 806 αὐτῇ
911 738 950 807 ἠ
997 737 1213 807 καρδία
1256 738 1362 793 τοῦ
1393 738 1615 807 ἀνδρὸς
1647 740 1755 792 αὐ-

196 832 303 902 τῆς.
332 830 565 900 Ἀφοὸός
593 831 742 882 ἐστιν
781 831 838 882 ἐν
861 830 997 902 αὐτῇ
1030 830 1126 884 τοῦ
1152 830 1329 904 ταύτῃ
1374 830 1758 901 συμϐιοτεύον-

192 941 268 987 τος
293 922 537 995 ἡδιάνοια
584 921 778 993 βοηθὸν
808 923 978 991 αὐτὴν
1008 922 1370 993 κεκτημένου,
1393 922 1484 976 καὶ
1507 921 1594 975 ἐπ’
1617 922 1754 994 αὐτῇ

194 1004 515 1087 θαρροῦντος,
547 1012 624 1077 ὡς
645 1010 767 1067 000'
788 1014 896 1069 ὑπὸ
948 1015 1058 1068 τῶν
1089 1016 1263 1085 ἡδέων
1314 1013 1751 1087 ἀπατηθήσεται,
1812 1018 1820 1024 ’

188 1107 287 1161 οὗθ’
322 1106 422 1160 ὑπὸ
444 1106 554 1159 τῶν
592 1110 861 1177 ἀλγεινων
893 1108 1283 1180 ήττηθήσεται.

178 1255 185 1261 ,
251 1198 335 1271 ιβ’,
377 1205 466 1267 ιγ’.
514 1198 583 1254 Ἦ
602 1201 851 1267 τοιαύτη
882 1199 1088 1255 καλῶν
1123 1204 1372 1257 σκύλων
1385 1206 1498 1260 οὐκ
1529 1205 1755 1276 ἀπορή-

186 1306 295 1345 σει·
316 1288 544 1359 ἐνεργεῖ
570 1291 680 1360 γὰρ
702 1289 782 1357 τῷ
810 1291 986 1361 ἀνδρὶ
1011 1293 1205 1361 ἀγαθὰ
1234 1296 1432 1350 πάντα
1464 1298 1571 1352 τὸν
1585 1299 1757 1375 βίον,

180 1382 506 1452 ιιηρυομένη
559 1384 689 1452 ἔρια
740 1384 843 1442 καί
884 1386 1083 1450 λίνον,
1118 1386 1411 1456 ἐποίησεν
1446 1391 1754 1461 εὔχρηστα

184 1474 297 1539 ταῖς
320 1475 530 1543 χερσὶν
550 1474 764 1545 αὐτῆς.
810 1476 875 1530 Ἥ
906 1476 1130 1549 τοιαύτη
1162 1480 1221 1532 ἐν
1246 1483 1357 1544 τοῖς
1383 1481 1476 1535 τοῦ
1502 1484 1750 1537 συνοίκου

182 1566 335 1635 αὐτῆς
366 1565 509 1619 κατά
559 1566 670 1621 τῶν
716 1568 923 1638 νοητῶν
978 1568 1191 1641 ἐχθρῶν
1228 1571 1628 1643 ἀγωνίσμασιν,
1662 1571 1752 1630 old

179 1675 321 1712 τινων
370 1657 593 1726 ἀγαθῶν
641 1659 927 1732 λαφύρων,
990 1662 1290 1735 εὐπορήσει
1348 1664 1460 1719 τῶν
1499 1666 1747 1737 ἀρετῶνο

179 1752 527 1820 περιποιεῖται
561 1750 671 1821 γὰρ
700 1750 905 1816 ταύτας
960 1752 1132 1824 αύτῷ,
1173 1756 1231 1807 ἐν
1271 1757 1384 1819 τοῖς
1418 1757 1541 1809 κατ’
1571 1758 1751 1813 αὐτῶν

1861 571 1958 615 est.
1993 562 2190 616 Procul
2220 564 2393 617 dubio
2426 567 2620 619 melior
2658 575 2743 620 est
2777 567 2893 636 ipsa
2935 569 3086 622 mutii
3119 586 3175 623 re
3204 570 3445 639 pretioszt

1860 662 1915 707 et
1951 654 2181 725 fulgenti
2226 656 2279 710 in
2321 655 2428 710 ltoc
2472 657 2696 711 mundo.
2936 648 2940 653 θ

1932 744 2100 803 Vens.
2140 747 2227 802 11.
2265 746 2499 817 Conﬁdit
2530 766 2687 819 super
2713 768 2829 804 eam
2867 768 2958 805 cor
2988 753 3089 807 viri
3115 760 3249 822 ejus.
3283 753 3358 809 De
3382 770 3443 809 ea

1860 856 1968 896 non
2003 841 2156 896 timet
2183 841 2406 898 animus
2440 842 2561 912 ejus
2605 845 2697 914 qui
2740 846 2875 898 vivit
2911 862 3036 900 cum
3070 863 3157 911 ea,
3190 847 3447 916 illamque

1858 935 2185 1005 adjutricem
2223 935 2329 991 sibi
2372 937 2687 1008 acquisivit.
2719 948 2775 994 et
2818 939 3047 994 conlidit
3094 955 3215 995 eam
3269 957 3445 1011 neque

1857 1028 2237 1095 voluptatibus
2267 1029 2620 1098 vincendam,
2650 1047 2828 1102 neque
2860 1032 3144 1089 laboribus
3174 1050 3444 1105 superau-

1856 1117 1984 1173 dam
2020 1134 2167 1175 esse.

1928 1208 2093 1266 Vens.
2129 1212 2217 1279 ιε,
2260 1212 2340 1266 15.
2379 1211 2509 1277 Quae
2541 1214 2665 1267 talis
2715 1224 2793 1269 est
2838 1215 3073 1285 pulchris
3117 1218 3300 1285 spoliis
3338 1236 3439 1271 non

1854 1302 2112 1373 indigebit
2152 1323 2172 1357 :
2206 1314 2457 1373 operatur
2506 1306 2646 1359 enim
2700 1307 2809 1360 viro
2854 1306 2924 1359 ad
2958 1310 3090 1361 bona
3129 1310 3274 1362 omni
3310 1311 3437 1371 vita,

1854 1394 2017 1464 litans
2051 1394 2208 1449 lanas
2246 1406 2295 1451 et
2338 1398 2529 1461 linum,
2572 1398 2697 1468 fecit
2726 1398 2869 1469 guod
2918 1401 3049 1455 utile
3079 1410 3159 1455 est
3196 1400 3438 1457 "canibus

1853 1486 1989 1541 suis.
2025 1485 2157 1553 Quae
2186 1487 2316 1542 talis
2346 1494 2430 1543 est
2464 1487 2607 1542 inter
2638 1503 2852 1560 pugnas
2880 1491 3079 1544 animm
3108 1505 3235 1544 cum
3272 1491 3433 1561 spiri-

1856 1578 2097 1634 tualibus
2144 1578 2413 1642 inimicis,
2445 1579 2746 1635 virtutibus
2795 1580 2955 1651 quasi
2999 1582 3191 1651 spoliis
3235 1584 3438 1654 Opimis

1853 1670 2179 1726 abundabit.
2232 1671 2364 1725 Illas
2409 1672 2558 1725 enim
2598 1672 2647 1726 ei
2689 1681 2964 1744 pmparat
2992 1674 3046 1728 in
3086 1674 3347 1743 trophaeis
3376 1676 3441 1729 de

1853 1760 2099 1814 inimicis
2149 1760 2390 1826 erectis;
2436 1776 2534 1831 per
2579 1769 2754 1816 totam
2794 1772 3122 1833 praesentem
3154 1765 3323 1821 vitam
3364 1765 3441 1819 la-

174 1840 439 1911 τροπαίοις
460 1857 475 1872 ο
508 1841 641 1913 παρ’
668 1841 799 1913 ὃλην
824 1859 883 1895 τε
930 1844 1031 1914 τὴν
1071 1844 1355 1915 παροῦσαν
1405 1845 1552 1918 ζωὴν
1580 1848 1750 1918 ἐργα-

1856 1850 2110 1907 boriosos
2144 1857 2199 1906 et
2230 1850 2468 1905 eximios
2510 1867 2692 1907 mores
2746 1855 3052 1908 secundum
3097 1852 3266 1909 Deum
3308 1870 3441 1924 ope-

175 1930 361 2003 ζομένη
380 1934 441 1986 τό
467 1950 527 1987 τε
561 1934 719 2006 δίκην
757 1934 963 2005 μαλλοῦ
995 1937 1168 2009 τραχὺ
1197 1938 1306 1991 τῶν
1330 1939 1606 2011 διαφόρων
1632 1942 1751 1995 ἐπιο

174 2024 512 2095 τηδευμάτων
540 2025 637 2081 τοῦ
688 2027 832 2081 κατὰ
872 2027 1006 2082 Θεὸν
1038 2028 1179 2101 βίου,
1218 2030 1310 2083 καὶ
1351 2032 1451 2104 τὴν
1483 2028 1572 2086 οἷα
1606 2033 1751 2088 λίνον

172 2115 560 2190 λεπτυνομένην
594 2120 652 2172 ἐν
685 2119 960 2189 πνεύματι
1005 2122 1085 2185 είς
1129 2122 1199 2175 τὰ
1250 2124 1502 2195 νοήματα
1556 2124 1665 2178 τῶν
1690 2127 1751 2179 ἐν

168 2209 272 2271 τοῖς
295 2208 414 2262 οὖσι
441 2209 617 2277 λόγων
649 2211 888 2285 φυσικὴν
936 2213 1173 2285 θεωρίαν
1213 2216 1416 2279 αὐτῶν,
1471 2217 1750 2288 ἐχρήσατο

156 2298 365 2365 τούτοις
396 2301 648 2368 δεόντως,
682 2306 801 2367 ταῖς
840 2304 1051 2359 ἐαυτῶν
1083 2305 1206 2361 κατ’
1235 2307 1438 2378 ἀρετὴν
1480 2312 1575 2363 καὶ
1605 2310 1748 2378 γνῶ-

166 2404 244 2441 σιν
263 2390 588 2461 ἐνεργείαις,
622 2392 705 2458 είς
735 2392 967 2462 ἔκφασιν
999 2396 1223 2461 πάντως
1258 2396 1356 2450 τοῦ
1386 2399 1622 2468 ἀγαθοῦ,
1656 2401 1750 2456 καὶ

166 2480 463 2552 κατάληψιν
498 2484 599 2554 τῆς
629 2484 914 2556 ἀληθείας.

226 2574 307 2629 ιδ’.
352 2573 620 2645 Ἐγένετο
648 2576 792 2631 ὡσεί
836 2577 987 2644 ναῦς
1034 2577 1487 2649 ἐμπορευομένη
1522 2582 1749 2651 μακρός

160 2666 303 2722 '08".-
326 2666 602 2740 Ὠμοιώοη
632 2667 722 2741 νηῒ
748 2669 844 2722 τοῦ
870 2668 989 2739 βίου
1030 2670 1132 2741 τὴν
1159 2670 1438 2727 θάλασσαν
1459 2673 1748 2728 διαπλέου-

163 2774 247 2824 σα,
284 2758 381 2813 καὶ
426 2760 934 2831 πραγματευομένη
974 2761 1032 2814 ἐν
1077 2760 1157 2831 τῷ
1204 2763 1433 2834 παρόντι
1475 2768 1572 2835 τῆς
1614 2782 1752 2818 παν-

160 2849 405 2922 ηγύρεως
429 2850 632 2921 καιρῷ,
648 2851 717 2907 τὰ
739 2854 853 2917 τοῖς
878 2852 1110 2917 δικαίοις
1140 2854 1282 2907 κατὰ
1306 2855 1366 2907 τὸ
1393 2855 1588 2925 μέλλον
1613 2856 1753 2911 ἀπο-

160 2941 384 3011 κείμενα
417 2941 623 3011 ἀγαθά.

228 3039 308 3089 ιε’.
339 3032 597 3132 Σύνάγει
634 3032 897 3132 eaeam
931 3037 1041 3090 τὸν
1073 3038 1240 3105 βίον,
1292 3037 1393 3092 καί
1430 3039 1748 3094 ἀνίσταται
1774 3074 1817 3132 C

157 3125 223 3179 ἐκ
244 3123 487 3179 νυκτῶν
505 3142 520 3157 ·
551 3124 650 3179 καί
689 3124 876 3180 ἔδωκε
899 3127 1186 3197 ,ϐρώματα
1211 3127 1336 3194 τοῖς
1366 3128 1437 3183 ἐν
1470 3127 1549 3194 τῷ
1582 3130 1744 3196 οἴκῳ,

158 3215 252 3271 καί
279 3217 426 3288 ἔργα
450 3216 583 3282 ταῖς
611 3220 1022 3287 θεραπαίναις.
1074 3220 1329 3290 Συλλέγει
1360 3221 1416 3275 δὲ
1445 3223 1479 3293 ἡ
1524 3221 1746 3294 τοιαύτη

158 3308 297 3363 κατὰ
339 3308 469 3363 νοῦν
503 3310 597 3365 τὸν
644 3312 1018 3381 πνευματικὸν
1070 3311 1305 3367 πλοῦτον
1355 3314 1454 3384 τῆς
1492 3314 1749 3381 γνώσεως

156 3399 249 3453 τοῦ
301 3399 537 3471 Ποιητοῦ
566 3403 630 3455 ἐκ
662 3400 771 3456 τῶν
797 3405 1121 3474 ποιημάτων
1144 3401 1311 3457 αὑτοῦ
1331 3422 1344 3435 ·
1375 3404 1627 3473 καὶπρὸς
1657 3403 1750 3456 τὸν

156 3490 321 3563 πόθον
340 3493 535 3547 τούτου
570 3495 633 3548 ἐκ
657 3492 767 3548 τῶν
796 3495 927 3564 περὶ
958 3495 1135 3551 ταῦτα
1168 3496 1447 3567 ἐγείρεται
1485 3496 1748 3566 σχέσεων,

155 3577 244 3643 αἷς
270 3584 347 3649 ὡς
374 3586 432 3639 ἐν
467 3583 616 3650 νυξὶν
644 3585 905 3639 ἐκάθευδε
926 3602 939 3617 ο
972 3587 1069 3641 τοῦ
1097 3586 1217 3652 νοὸς
1256 3589 1396 3660 μήτε
1424 3590 1748 3661 κινουμένου

154 3675 295 3747 πρὸς
348 3676 578 3745 γνῶσιν,
634 3678 774 3748 μήτε
808 3678 1162 3750 ἐνεργοῦντος
1212 3680 1313 3745 τὰς
1371 3681 1614 3752 ἀρετάςο
1655 3680 1753 3736 καὶ

153 3766 298 3821 οὕτω
329 3768 469 3837 πρὸς
495 3767 589 3821 τὸν
619 3768 764 3822 θεῖον
785 3768 1132 3840 διεγερθεῖσα
1164 3770 1349 3834 πόθον,
1398 3773 1645 3844 παρέσχε
1674 3772 1753 3844 τῷ

156 3861 254 3930 μὲν
283 3860 592 3932 οίκητηρίῳ
620 3861 823 3932 ἑαυτῆς
869 3861 971 3927 νοτ,
1016 3862 1227 3934 τροφὰς
1264 3863 1535 3937 διαφόρων
1589 3882 1754 3920 πνευ-

156 3951 407 4022 ματικῶν
436 3951 813 4023 θεωρημάτων
851 3951 946 4007 τοῦ
1000 3952 1179 4023 ψυχὰς
1218 3954 1571 4027 στηρίζοντος
1600 3956 1749 4009 θείου

150 4044 328 4111 Λόγου
357 4060 372 4075 ο
402 4046 523 4107 ταῖς
557 4044 614 4097 δὲ
643 4044 1024 4109 διακονούσαις
1054 4044 1131 4115 τῷ
1159 4044 1305 4117 λόγῳ
1331 4046 1646 4117 δυνάμεσιν,
1664 4041 1752 4101 οἷα

152 4136 501 4190 ἐπιπειθέσιν
557 4136 731 4208 αὐτῷ,
773 4139 837 4208 τῇ
878 4153 938 4189 τε
991 4136 1263 4206 ἐπιθυμίᾳ
1317 4136 1523 4207 καὶτῷ
1567 4136 1747 4207 θυμῷ,

149 4229 251 4289 τὰς
285 4228 557 4300 ἐργασίας
591 4228 701 4281 τῶν
741 4227 833 4281 τοῦ
892 4228 1028 4280 Θεοῦ
1080 4228 1348 4282 ἐντολῶν⁹
1381 4227 1456 4292 ὡς
1509 4229 1749 4281 πείσασα

1852 1952 2044 2007 ratur,
2088 1950 2148 1998 ut
2207 1942 2414 2007 vellus,
2445 1952 2613 2014 atque
2672 1946 2788 1999 lino
2829 1946 3174 2001 subtiliorem
3209 1946 3463 2001 medita—'

1849 2035 2055 2091 tionem
2100 2042 2155 2090 et
2198 2036 2727 2107 contemplationem
2774 2038 2830 2093 in
2869 2038 3065 2109 spiritu
3102 2044 3311 2092 natura:
3350 2053 3438 2093 re—

1851 2143 2026 2183 rum:
2070 2142 2167 2195 per
2224 2127 2342 2183 haec
2398 2128 2620 2195 omnia,
2680 2129 2738 2183 in
2797 2129 3059 2185 exercitio
3111 2129 3331 2185 virtutis
3382 2137 3437 2183 et

1851 2220 2120 2285 scientiae,
2154 2222 2219 2273 all
2258 2221 2458 2274 bonum
2511 2220 2826 2276 faciendum
2876 2220 3009 2276 facit
3050 2232 3105 2277 et
3153 2225 3435 2277 veritatem

1850 2310 2260 2385 intelligendam
2298 2311 2677 2383 progreditur.

1927 2576 2091 2633 Vens.
2128 2579 2215 2634 M.
2254 2578 2425 2653 Facta
2470 2592 2547 2635 est
2596 2592 2847 2653 tanquam
2884 2584 3035 2637 navis
3083 2592 3437 2637 mercaturam

1851 2685 2099 2724 exercens
2162 2670 2226 2725 de
2283 2672 2461 2743 longe.
2518 2671 2686 2728 Facta
2735 2681 2819 2729 est
2864 2674 3066 2730 similis
3121 2676 3270 2738 navi,
3310 2689 3437 2729 eum

1852 2777 2009 2818 mare
2055 2762 2223 2834 hujus
2268 2765 2393 2820 vita:
2439 2766 2742 2836 percurrit,
2779 2775 2947 2837 atque
2983 2776 3228 2837 tempore
3271 2765 3440 2821 festo-

1851 2871 1973 2910 rum
2008 2856 2150 2911 bona
2194 2856 2379 2928 justos
2408 2858 2462 2912 in
2494 2856 2741 2913 futurum
2770 2860 3045 2914 manentia
3070 2868 3367 2914 mercatur.

1925 3032 2093 3091 Vens.
2132 3034 2220 3090 15.
2254 3033 2554 3106 Congregat
2581 3042 2757 3089 autem
2785 3033 2895 3088 Iure
2923 3034 3102 3099 vitam,
3125 3042 3178 3089 et
3204 3035 3439 3088 surrexit

1848 3127 1913 3181 de
1936 3128 2200 3194 noctibus,
2214 3140 2263 3182 et
2279 3128 2423 3182 dedit
2450 3143 2598 3183 escas
2617 3125 2917 3182 domesticis
2930 3136 2981 3181 et
3003 3143 3162 3196 opera
3196 3127 3431 3182 ancillis.

1849 3216 1974 3272 llaec
2025 3217 2349 3287 spirituales
2407 3218 2633 3274 divitias
2696 3218 2752 3273 in
2811 3202 3051 3273 mentem
3112 3224 3433 3289 congregat.

1848 3322 2047 3377 nempe
2071 3306 2393 3362 Creatorem
2437 3322 2503 3363 ex
2542 3307 2810 3377 operibus
2837 3307 2959 3378 ejus
2998 3308 3304 3377 cognoscit,
3338 3323 3431 3361 ex-

1849 3397 2054 3452 citatur
2086 3398 2152 3452 ad
2187 3398 2344 3453 illum
2375 3398 2828 3463 desiderantium,
2861 3398 3055 3453 relicto
3085 3413 3277 3452 eorum
3303 3413 3435 3468 ope-

1850 3506 1972 3544 rum
2004 3506 2196 3546 amore
2226 3491 2281 3546 in
2310 3506 2440 3561 quo,
2468 3492 2617 3546 velut
2650 3492 2705 3545 in
2738 3500 2920 3555 nocte,
2951 3491 3277 3555 dormiebat,
3306 3506 3430 3547 cum

1850 3582 2169 3639 intellectus
2218 3600 2398 3654 neque
2445 3584 2737 3640 scientiam
2770 3584 3074 3649 all'ectaret,
3109 3598 3287 3651 neque
3326 3583 3435 3638 vir-

1852 3680 2021 3726 tutem
2062 3672 2345 3729 excitaret.
2373 3674 2534 3729 Nunc
2575 3682 2757 3729 autem
2787 3673 2853 3728 ad
2888 3689 3131 3728 amorem
3169 3673 3261 3730 Dei
3285 3676 3433 3729 exei-

1852 3769 1964 3815 tata
2022 3762 2362 3817 intellectum
2412 3764 2467 3818 in
2520 3779 2632 3834 quo
2683 3764 2895 3819 habitat
2929 3763 3258 3835 quibusdam
3307 3763 3435 3819 altis

1851 3862 1907 3908 et
1937 3854 2322 3924 spiritualibus
2348 3855 2782 3926 cogitationibus
2811 3873 2841 3912 a
2872 3854 2968 3911 Dei
2997 3857 3164 3911 verbo
3192 3856 3430 3911 animam

1852 3945 2105 4002 ﬁrmante
2153 3948 2478 4018 inspiratis,
2551 3948 2763 4016 nutrit,
2804 3956 2859 4005 et
2909 3948 3266 4004 facultatibus
3308 3962 3431 4018 quae

1852 4052 2009 4093 more
2052 4040 2379 4094 ancillarum
2436 4041 2637 4096 rationi
2688 4042 2979 4105 obediunt,
3027 4040 3428 4110 concupiscen-

1852 4131 1941 4186 tiae
1998 4132 2219 4188 scilicet
2278 4140 2334 4188 et
2390 4134 2521 4198 iraa,
2582 4134 2778 4189 suadet
2824 4144 2883 4188 ut
2929 4134 3113 4188 divina
3161 4144 3429 4204 prmeepta

1852 4223 2193 4293 observent;
2236 4226 2703 4297 concupiscentiae
2766 4227 2985 4297 quidem
3027 4266 3042 4292 ,
3076 4236 3135 4279 ut
3194 4240 3258 4280 ea
3312 4240 3432 4296 quze

150 4318 247 4385 τὴν
281 4318 384 4388 μὲν
427 4315 746 4386 ἐπιθυμίαν,
778 4313 1072 4386 ὀρέγεσθαι
1117 4314 1226 4367 τῶν
1273 4316 1358 4383 ἐφ’
1401 4313 1546 4385 ειπερ
1586 4308 1746 4367 αὗται

1852 4318 2249 4388 praecipiuntur
2279 4321 2555 4392 requirat;
2592 4321 2685 4376 ira:
2718 4332 2924 4387 autem,
2964 4328 3022 4373 ut
3054 4335 3118 4374 ea
3144 4320 3275 4376 vitet
3309 4335 3431 4389 qua:

153 4410 535 4481 προτρέπουσι
562 4424 575 4439 ⁸
620 4409 712 4461 τὸν
745 4408 803 4465 δὲ
835 4407 1029 4478 θυμὸν,
1073 4406 1518 4478 ἀποστρέφεσθαι
1546 4406 1614 4458 τὰ
1653 4404 1745 4473 ἀφ’

149 4494 224 4555 ὧν
251 4499 651 4571 ἀποτρέπουσι.

227 4599 327 4658 ις’.
363 4590 733 4657 Θεωρὴσασα
786 4584 1069 4657 γεώργιον
1096 4627 1109 4651 ,
1175 4585 1457 4653 ἐπρίατο·
1500 4584 1621 4640 ἀπὸ
1678 4584 1747 4638 δὲ

148 4683 405 4754 καρπῶν
432 4679 647 4752 χειρῶν
672 4678 882 4747 αὐτῆς,
927 4680 1341 4748 κατεφύτευσε
1375 4677 1591 4746 κτῆμα.
1628 4679 1746 4730 Κα-

146 4778 471 4846 τανοήσασα
506 4771 826 4841 γνωστικῶς
875 4770 968 4823 τὸν
1020 4771 1079 4823 ἐν
1107 4770 1205 4841 ὅλῃ
1258 4772 1325 4840 τῇ
1367 4767 1530 4836 φύσει
1558 4768 1651 4820 καὶ
1680 4769 1744 4837 τῇ

151 4870 353 4940 Γραφῇ
381 4864 802 4937 γεωργούμενον
830 4861 974 4915 θεῖον
1008 4862 1204 4931 Λόγον,
1251 4862 1519 4931 ἐκτήσατο
1557 4860 1745 4913 τοῦτον

148 4960 274 5015 καθ’
311 4959 429 5023 ἕξιν
453 4974 468 4988 ο
503 4958 603 5027 τὴν
625 4955 765 5008 κατὰ
794 4954 977 5024 ψυχὴν
1009 4954 1272 5017 διάθεσιν,
1315 4953 1391 5017 ῶς
1424 4970 1548 5007 τινα
1577 4970 1744 5005 καταο

145 5052 461 5120 ϐαλλομένη
488 5047 737 5118 δραχμήν
756 5062 769 5075 ⁸
800 5046 893 5116 ἀφ’
926 5040 1000 5099 ὧν
1032 5045 1087 5098 δὲ
1114 5045 1331 5116 τρόπων
1356 5044 1743 5114 καρποφοροῦ-

148 5162 236 5197 σιν
268 5143 329 5197 αί
358 5140 508 5211 παρὰ
535 5138 736 5207 ταύτης
760 5136 1083 5206 κινούμεναι
1117 5136 1421 5208 πρακτικαὶ
1444 5137 1541 5206 τῆς
1565 5137 1743 5208 ψυχῆς

144 5236 435 5319 δυνάμιες,
465 5233 542 5297 ὡς
572 5233 741 5303 ἀγρόν
774 5248 897 5284 τινα
918 5228 1291 5299 κατεφύτευσε
1314 5228 1375 5281 τὸ
1402 5231 1650 5299 σαρκίον,
1675 5232 1741 5301 τῇ

144 5327 396 5399 ἐναρέτῳ
420 5324 688 5395 πολιτείᾳ.

218 5420 313 5486 ιζ’,
346 5418 438 5490 ιη’.
488 5413 940 5485 Ἀναζωσαμένη
965 5411 1229 5484 ἰσχυρῶς
1254 5412 1368 5481 τὴν
1401 5411 1603 5481 ὀσφὺν
1631 5415 1739 5466 αὐ-

143 5511 288 5582 τῆς,
311 5510 517 5580 ἤρεισε
542 5510 685 5577 τοὺς
712 5510 1051 5577 βραχίονας
1081 5506 1274 5576 αὐτῆς
1295 5508 1383 5572 είς
1411 5507 1618 5575 ἔργον·
1643 5506 1742 5559 καί

145 5606 469 5677 ἐγεύσατο,
498 5605 589 5658 ὅτι
625 5603 822 5659 καλόν
842 5603 975 5657 ἐστι
1008 5600 1075 5654 τὸ
1105 5598 1472 5670 ἐργάζεσθαι,
1504 5599 1602 5651 καί
1631 5601 1740 5652 οὐκ

145 5698 604 5753 ἀποσϐέννυται
642 5700 674 5750 ό
712 5698 945 5765 λύχνος
968 5690 1161 5761 αὐτῆς
1199 5691 1353 5758 ὅλην
1382 5691 1495 5759 τὴν
1523 5692 1733 5745 νύκτα.

162 5790 559 5846 Ἀναστείλασα
591 5789 885 5859 σωφρόνως
909 5786 1007 5858 τὴν
1034 5784 1328 5855 ἐπιθυμίαν
1350 5785 1458 5845 ἀπὸ
1496 5782 1593 5853 τῆς
1627 5780 1736 5835 τῶν

1851 4418 2128 4466 vetantur.

1927 4589 2091 4644 Vens.
2127 4590 2215 4644 16.
2248 4588 2601 4645 Considamus
2648 4607 2837 4659 agrum
2880 4591 3027 4651 emit,
3061 4600 3111 4644 et
3145 4590 3208 4643 de
3239 4590 3431 4659 fructi-

1852 4680 1946 4733 bus
1988 4696 2241 4733 manuum
2275 4696 2495 4733 suarum
2536 4682 2797 4747 plantavit
2836 4681 3233 4746 rossessinnem.
3269 4678 3431 4735 Post-

1850 4789 2011 4842 quam
2033 4781 2213 4825 mente
2230 4772 2605 4826 consideravit
2626 4774 2849 4827 verbum
2873 4772 2965 4825 Dei
2987 4772 3041 4824 in
3066 4772 3212 4826 onmi
3232 4781 3429 4826 natura

1848 4872 1903 4919 et
1938 4864 2224 4932 Scriptura
2266 4879 2611 4933 expressum,
2646 4864 2779 4917 illud
2826 4864 2879 4917 in
2922 4862 3090 4917 vitam
3115 4906 3130 4929 ,
3167 4864 3293 4917 data
3332 4880 3432 4934 pro

1850 4954 2029 5024 pretio
2077 4955 2277 5008 ruentis
2328 4953 2715 5023 dispesttioue.
2752 4952 3055 5006 transmlit.
3108 4953 3173 5006 Et
3226 4967 3429 5018 mores,

1848 5062 1942 5102 seu
1996 5046 2121 5100 vita:
2175 5046 2524 5101 sanctitatem
2579 5042 2794 5099 fructus
2833 5044 3096 5097 ferentem
3138 5044 3187 5097 vi
3238 5053 3426 5110 poten-

1848 5140 2051 5192 tiarum
2071 5142 2373 5193 activarum
2406 5139 2626 5202 anima},
2650 5137 2914 5208 plantavit
2935 5138 3255 5205 incorpore,
3273 5135 3427 5204 quasi

1850 5231 1902 5284 in
1938 5245 2086 5301 agro.
3424 5224 3429 5227 ’

1925 5410 2086 5467 Vens.
2126 5412 2213 5475 17,
2246 5412 2327 5466 l3.
2375 5410 2673 5468 Prwrincta
2723 5413 2935 5482 fortiter
2964 5412 3199 5465 lumbum
3245 5426 3419 5468 suum,

1846 5508 2081 5576 ﬁrmavit
2123 5506 2342 5559 brachia
2376 5524 2477 5560 sua
2514 5508 2580 5558 ad
2614 5522 2763 5575 opus.
2802 5504 2871 5558 Et
2906 5502 3295 5575 gustavit,quia
3330 5500 3421 5553 bo-

1846 5613 1971 5649 num
2012 5604 2091 5651 est
2139 5599 2369 5666 operari,
2400 5606 2451 5650 et
2501 5613 2605 5651 non
2645 5596 3006 5666 exstinguitur
3050 5594 3263 5647 lucerna
3310 5590 3424 5659 ejus

1845 5696 2013 5741 totam
2058 5696 2282 5741 noctem.
2330 5684 2629 5757 Postquam
2671 5685 2912 5741 elevavit
2951 5684 3229 5754 sapienter
3266 5682 3423 5750 cupi-

1843 5778 2075 5834 ditatem
2108 5794 2175 5833 εχ
2218 5792 2408 5835 amore
2448 5778 2854 5847 temporalium.
2891 5788 2945 5832 et
2984 5778 3131 5831 illam
3176 5774 3244 5828 ad
3286 5773 3421 5828 iram
