4054 6534
570 326 705 392 1539

1867 324 2215 384 PROCOPII
2253 324 2498 385 GAZ/El

3704 324 3845 387 15m

572 443 792 498 fortiter
840 440 1107 512 alligavit,
1146 441 1248 496 has
1289 439 1586 514 facultates
1629 440 1837 495 activas
1878 454 1908 493 a
1950 454 2011 495 se
2040 456 2148 495 mo-

2254 445 2609 513 προσκαίρων
2630 440 2881 512 ὀρέξεως,
2918 442 3015 495 καὶ
3044 442 3452 512 περισφίγξασα
3470 438 3678 508 ταύτην
3698 442 3847 495 κατά

570 536 799 600 vendas,
834 535 890 589 in
933 534 1320 590 observatione
1360 533 1747 587 mandatorum
1781 530 1877 587 Dei
1911 531 2153 601 pruden-

573 638 660 684 ter
707 628 1017 683 confirmat.
1051 625 1134 681 Ad
1188 625 1482 679 amandum
1534 622 1702 678 Deum
1752 629 1807 677 et
1840 621 2152 692 proximum

572 719 850 790 cupiditas
912 733 1127 788 semper
1175 724 1446 780 movetur,
1490 716 1571 770 ira
1618 729 1745 771 vero
1791 713 1857 769 ad
1903 728 2156 783 pugnan-

573 808 704 862 dum
740 819 934 861 contra
965 816 1277 877 serpentem
1309 816 1574 869 astutum,
1608 806 1700 875 qui
1744 805 1795 860 ei
1836 804 2152 860 insidiatur.

574 899 653 954 Ex
687 900 904 955 actibus
951 900 1205 971 probavit
1258 899 1576 954 intellectus
1630 900 1833 953 bonum
1880 912 2006 953 esse
2057 896 2151 953 Dei

574 992 849 1047 mandatis
902 991 1149 1046 obedire.
1200 989 1265 1044 Et
1312 992 1496 1046 lumen
1547 989 1797 1045 scientiae
1849 989 1904 1044 in
1949 989 2071 1060 ipso
2120 1003 2150 1042 a

576 1085 786 1155 Spiritu
844 1084 1220 1139 illuminatutn
1279 1084 1344 1137 ad
1404 1084 1700 1154 agendum,
1742 1098 1958 1152 semper
2013 1080 2153 1135 luci-

574 1176 705 1231 dum
741 1182 945 1240 servat,
978 1175 1083 1228 hoc
1116 1183 1223 1238 est,
1263 1178 1436 1245 legem
1473 1175 1705 1245 spiritus
1737 1173 1951 1244 fulgore
1984 1172 2155 1227 bono-

575 1280 697 1321 rum
723 1280 951 1334 opermn
978 1263 1276 1333 fulgentem
1309 1275 1364 1319 et
1390 1266 1650 1321 tenebras
1677 1274 1911 1320 terrenas
1941 1264 2151 1335 sapien-

574 1362 667 1416 tia:
696 1361 750 1414 in
785 1375 950 1413 carne
981 1360 1360 1429 dissipantem.

2259 533 2430 604 θυμὸν
2462 534 2754 605 ἀνδρικῶς,
2808 534 3065 607 ὶστήριξε
3110 532 3314 596 ταύτας
3337 532 3435 596 τὰς
3482 531 3617 603 παρ’
3672 532 3845 602 αὐτῆς

2256 625 2587 695 κινουμένας
2609 626 2923 697 πρακτικὰς
2948 626 3369 695 δυνάμειςηκαΐ
3388 624 3639 696 ἔμφρονα
3658 623 3842 692 λόγον,

2256 717 2316 770 ἐν
2348 719 2414 789 τῇ
2444 718 2680 789 ἐργασίᾳ
2709 719 2820 771 τῶν
2848 717 2943 772 τοῦ
2974 717 3110 771 Θεοῦ
3136 717 3365 771 ἐντολῶν
3390 735 3405 748 ’
3434 717 3494 769 τὸ
3519 718 3619 787 μὲν
3654 714 3847 769 ἐπιθυ-

2261 810 2512 882 μητικὸν,
2542 810 2678 881 πρὸς
2700 809 2800 880 τὴν
2821 809 2918 863 τοῦ
2948 809 3083 861 Θεοῦ
3115 809 3209 862 καὶ
3233 807 3328 862 τοῦ
3360 808 3594 878 πλησίον
3620 807 3847 876 ἀγάπην

2257 900 2535 972 ὲπιμόνως
2565 904 2840 969 κινήσασα
2859 919 2873 932 ·
2904 899 2965 953 τὸ
2992 899 3049 952 δὲ
3072 898 3325 969 θυμικὸν,
3359 897 3502 952 κατά
3527 896 3627 950 τοῦ
3658 897 3841 950 ποικί-

2256 991 2365 1055 λως
2397 989 2569 1062 ταύτῃ
2594 989 3042 1054 ἐπιϐουλεύοντος
3079 988 3271 1059 νοητοῦ
3285 988 3473 1057 ,ὄφεως
3521 989 3622 1042 καὶ
3662 987 3847 1057 ἔργοις

2258 1083 2445 1144 αὐτοῖς
2476 1083 2619 1136 κατὰ
2642 1080 2768 1135 νοῦν
2790 1082 3080 1151 ἐπειράθη,
3107 1083 3191 1135 ὅτι
3234 1080 3440 1148 ἀγαθὸν
3459 1081 3522 1133 τὸ
3568 1082 3743 1133 ποιεῖν
3776 1079 3847 1132 τὰ

2260 1173 2382 1226 θεῖα
2412 1174 2851 1243 προστάγματα·
2895 1175 2991 1227 καὶ
3042 1172 3395 1241 διαφυλάττει
3447 1171 3717 1227 ἄσϐεστον
3751 1172 3848 1225 τὸν

2258 1263 2392 1335 παρ’
2423 1265 2595 1335 αὐτῆς
2635 1268 2702 1337 τῇ
2734 1266 2881 1336 ψυχῇ
2911 1265 3319 1336 πυρσευόμενον
3354 1265 3497 1318 κατά
3551 1263 3754 1337 πρᾶξιν
3786 1265 3849 1316 ὲν

2258 1356 2531 1425 πνεύματι
2557 1356 2717 1425 λόγον
2745 1360 2845 1428 τῆς
2868 1356 3154 1426 γνὼσεως’
3207 1358 3379 1428 ἧγουν
3418 1357 3509 1410 τὸν
3555 1356 3723 1427 νόμον
3748 1354 3847 1409 τοῦ
3883 1379 3892 1386 ν

573 1454 906 1523 πνεύματος,
932 1451 1218 1521 λάμποντα
1246 1452 1367 1513 ταῖς
1392 1449 1701 1520 ἀστραπαῖς
1720 1449 1828 1502 τῶν
1850 1448 2027 1521 ἔργων
2045 1447 2143 1519 τῆς
2175 1447 2547 1521 δικαιοσύνης,
2580 1449 2677 1503 καὶ
2735 1448 2857 1503 ὅλον
2886 1448 3306 1512 διασκεδςποντα
3373 1448 3467 1502 τὸν
3533 1446 3847 1517 σκοτασμὺν

572 1545 667 1600 τοῦ
694 1542 879 1614 χοϊκοῦ
903 1544 1251 1613 φρονήματος
1279 1542 1379 1612 τῆς
1406 1542 1628 1613 σαρκός.

646 1634 813 1689 Vens.
844 1635 930 1690 l9.
970 1633 1185 1688 Cubitos
1215 1652 1339 1690 suos
1366 1636 1601 1689 extendit
1633 1639 1701 1688 ad
1728 1634 1904 1698 utilia,
1942 1643 1992 1688 et
2033 1652 2151 1688 nta-

575 1746 674 1783 nus
720 1744 845 1782 suas
890 1728 1070 1796 ﬁrmat
1106 1727 1174 1780 ad
1212 1728 1413 1797 fusum.
1451 1727 1743 1799 Proprium
1775 1728 2043 1797 judicium
2087 1730 2153 1783 de

2332 1633 2419 1687 ιδ’.
2454 1632 2602 1699 Τοὺς
2630 1630 2846 1700 πήχεις
2878 1629 3071 1699 αὐτῆς
3093 1629 3343 1685 ἐκτείνει
3376 1628 3475 1683 ἐπὶ
3512 1627 3587 1682 τὰ
3607 1629 3843 1699 συμφέ-

2252 1741 2443 1793 ροντα
2460 1739 2475 1752 '
2509 1723 2616 1790 τὰς
2644 1722 2713 1777 δὲ
2732 1722 2934 1793 χεῖρας
2954 1722 3147 1791 αὐτῆς
3174 1720 3387 1790 ἐρείδει
3410 1723 3499 1788 εἰς
3519 1721 3843 1791 ἄτρακτον.

578 1822 882 1876 virtutibus
914 1836 1035 1891 qua:
1063 1821 1276 1876 salvant
1311 1822 1550 1885 animas,
1587 1822 1674 1876 bis
1706 1822 2002 1877 sententiis
2035 1837 2151 1875 om.

2256 1816 2368 1879 Τὰς
2389 1815 2603 1886 κρίσεις
2632 1815 2854 1885 ἑαυτῆς,
2894 1813 3030 1886 πρὸς
3049 1814 3149 1878 τὰς
3191 1814 3577 1877 συντεινούσας
3609 1816 3691 1877 εἰς
3732 1831 3842 1869 σω-

575 1914 709 1969 nino
753 1912 1049 1977 submittit,
1093 1913 1261 1967 veluti
1334 1929 1606 1969 mensurae
1665 1915 1915 1977 cubitali,
1957 1915 2152 1970 dextro

575 2005 789 2060 scilicet
818 2014 873 2060 et
901 2005 1152 2069 sinistro,
1185 2004 1251 2057 ad
1292 2002 1645 2074 iudicandam
1686 2007 1950 2061 virtutum
1996 2020 2153 2062 men-

576 2109 790 2159 suram,
827 2105 881 2150 et
929 2094 1077 2163 quod
1116 2086 1270 2150 decet
1309 2095 1376 2149 ad
1430 2094 1733 2161 dexteram,
1768 2096 1912 2167 quod
1958 2096 2028 2151 ad
2075 2098 2153 2153 si-

574 2189 808 2243 nistram
862 2186 1112 2251 excedit,
1162 2188 1657 2257 compensandum.
1695 2187 1805 2243 illae
1831 2188 2025 2244 activa:
2073 2189 2156 2244 fa-

574 2279 812 2334 cultates
861 2280 937 2333 ita
983 2294 1013 2333 a
1057 2294 1118 2335 se
1165 2287 1346 2343 motae,
1384 2287 1442 2334 ut
1477 2288 1684 2334 temere
1727 2295 1840 2334 non
1882 2278 2153 2349 ferantur,

575 2378 989 2427 connectuntur
1016 2386 1140 2426 cum
1172 2384 1235 2426 ea
1260 2372 1627 2439 rationequaz,
1661 2377 1720 2424 ut
1752 2368 1930 2435 fusus,
1961 2385 2156 2428 sensa-

575 2461 759 2516 tiones
801 2461 1100 2517 intellectui
1133 2460 1352 2525 nniunt,
1386 2476 1510 2517 cum
1552 2461 1812 2517 meditata
1843 2462 2153 2533 perceptio,

576 2569 607 2608 a
652 2554 913 2610 sensibus
951 2560 1203 2625 accepta,
1244 2553 1313 2609 ad
1363 2554 1613 2610 veritatis
1649 2555 2024 2627 cognitionem
2063 2555 2153 2614 in-

576 2647 854 2703 tellectum
888 2645 1161 2701 perducit.

650 2823 813 2878 Vens.
849 2825 941 2878 20.
987 2822 1184 2877 Manus
1223 2834 1396 2878 autem
1431 2833 1551 2878 tuas
1590 2825 1798 2894 aperuit
1833 2827 2074 2897 pauperi.
2102 2838 2153 2883 et

574 2916 784 2983 palmas
817 2915 1051 2967 extendit
1094 2915 1263 2982 inopi.
1295 2913 1592 2985 Postquam
1631 2925 1851 2986 operata
1884 2929 1967 2973 est
1994 2917 2153 2988 juxta

576 3006 867 3060 {scientiam
911 3015 1070 3060 actus
1118 3005 1405 3069 virtutum,
1449 3006 1541 3059 illa
1585 3022 1811 3062 suarum
1862 3009 2152 3064 moralium

574 3095 892 3151 divitiarum
942 3095 1265 3166 participem
1308 3096 1472 3150 efﬁcit
1508 3111 1758 3163 carnem,
1787 3113 1896 3169 qua
1937 3099 2152 3154 ratione

574 3188 792 3259 privata
834 3187 1043 3243 eisdem
1086 3187 1410 3258 indigebat:
1444 3190 1591 3243 illam
1631 3190 1845 3245 ratione
1872 3189 2150 3256 formavit,

574 3287 744 3349 atque
782 3294 814 3335 e
856 3279 1228 3349 voluptatibus
1272 3278 1603 3350 corruptela:
1646 3279 1858 3334 eduxit.
1890 3278 2153 3335 Contem-

578 3372 882 3443 plationem
933 3387 963 3425 e
1011 3386 1118 3440 qua
1172 3371 1373 3441 pendet
1420 3372 1643 3442 praxis,
1693 3371 1846 3427 velut
1895 3370 2153 3427 afruetu

576 3478 794 3525 manus,
824 3462 1011 3517 docuit
1046 3463 1411 3527 intellectum,
1445 3464 1537 3533 qui
1584 3463 1655 3517 ob
1698 3479 1942 3519 amorem
1983 3473 2155 3520 mate-

577 3553 675 3605 riae
708 3552 886 3621 ipsum
932 3567 1063 3607 vere
1107 3551 1308 3606 bonum
1341 3552 1649 3622 ignorabat,
1681 3553 1831 3607 illum
1873 3555 2152 3622 excitavit,

578 3646 1013 3714 prolapsumque
1043 3645 1240 3709 erexit,
1267 3650 1453 3714 utpote
1479 3643 1602 3714 ejus
1628 3644 1886 3714 adjutrix.

652 3820 824 3878 Vens.
861 3822 953 3877 2L
995 3820 1118 3875 Non
1146 3828 1224 3875 est
1256 3820 1514 3875 sollicitus
1543 3819 1609 3875 de
1640 3820 1707 3875 iis
1736 3837 1854 3891 qua:
1901 3822 1957 3877 in
1996 3821 2152 3876 domo

574 3915 656 3971 vir
673 3915 812 3985 ejus,
835 3912 1005 3967 sicubi
1032 3921 1270 3967 moratus
1288 3912 1470 3981 fuerit,
1498 3928 1677 3966 omnes
1697 3914 1839 3966 enim
1857 3912 1948 3983 qui
1972 3914 2072 3972 sub
2090 3931 2153 3968 ea

574 4007 749 4064 induti
788 4015 936 4061 sunt.
982 4003 1060 4061 De
1098 4003 1381 4060 doloribus
1432 4002 1640 4069 carnis,
1672 4004 1726 4059 in
1764 4020 1873 4076 qua
1920 4004 2150 4073 habitat,

575 4112 686 4153 non
719 4106 805 4152 est
842 4096 1118 4152 sollicitus
1168 4094 1507 4162 intellectus,
1535 4094 1758 4166 quando
1797 4094 1851 4149 in
1887 4094 2153 4166 spiritua-

576 4185 723 4241 libus
770 4183 1330 4253 contemplationibus
1387 4190 1688 4239 moratur:
1726 4199 1958 4256 quaeque
2003 4187 2150 4243 enim

574 4273 896 4332 considerat
932 4274 1083 4329 illum
1115 4273 1407 4345 prudentia
1435 4282 1491 4329 et
1518 4273 1843 4331 fortitudine
1869 4276 2147 4345 muniunt,

576 4383 647 4424 ne
678 4368 920 4439 patiatur
948 4367 1129 4439 ignem
1162 4365 1509 4438 probationis
1533 4366 1793 4437 jucunda:
1825 4376 1881 4423 et
1904 4369 2151 4443 volupta-

574 4460 670 4529 tis,
700 4460 784 4516 vei
814 4458 989 4532 frigus
1023 4459 1216 4515 invisae
1246 4468 1302 4515 et
1330 4457 1561 4515 doloris.

644 4639 814 4697 Vens.
865 4640 957 4696 22.
1004 4639 1251 4710 Duplices
1302 4649 1467 4694 vestes
1517 4639 1640 4709 fecit
1680 4640 1789 4694 viro
1821 4657 1939 4696 sua.
1988 4638 2152 4695 Socio

573 4748 674 4789 suo
721 4731 1023 4787 intellectui
1073 4732 1128 4785 in
1181 4731 1450 4786 tlteoriam
1494 4740 1549 4786 et
1590 4732 1647 4786 in
1688 4733 1899 4802 praxim
1940 4732 2152 4801 paravit

573 4826 684 4881 duo
711 4825 1058 4889 vestimenta,
1081 4834 1136 4879 et
1176 4824 1409 4878 scientia
1439 4838 1647 4890 rerum,
1674 4832 1728 4879 et
1751 4824 1970 4879 virtutis
1999 4839 2153 4878 exer-

572 4917 839 4972 citatione
869 4925 1150 4971 contexta.

546 5128 547 5131 ‘
653 5108 724 5163 De
755 5110 906 5179 bysso
949 5119 1125 5164 autem
1162 5118 1213 5163 et
1255 5124 1494 5180 purpura
1524 5110 1625 5164 sibi
1663 5111 1989 5167 indumenta.
2033 5114 2147 5170 Sibi

570 5214 705 5255 vero
740 5200 888 5254 velut
916 5199 1208 5271 quamdam
1258 5212 1464 5255 vestem
1514 5203 1725 5271 paravit
1771 5202 2022 5273 dogmata
2064 5220 2150 5259 re-

571 5292 995 5362 demptionis,et
1017 5292 1302 5361 theologia:
1323 5293 1916 5363 incomprehensibilis.
1943 5295 2147 5366 Byssus

571 5381 718 5434 enim
762 5381 855 5449 qui
905 5395 936 5435 e
982 5388 1133 5436 terra
1181 5382 1357 5436 oritur
1399 5392 1484 5437 est
1532 5384 1711 5455 imago
1758 5384 2147 5455 redemptionis

572 5470 741 5525 Verbi
773 5471 867 5526 Dei
899 5471 1206 5531 incarnati:
1236 5488 1476 5544 purpura
1503 5482 1681 5527 autem
1716 5491 1836 5545 qua!
1867 5477 2012 5546 regia
2040 5487 2144 5543 est,

572 5561 878 5637 divinitatis
903 5563 1069 5619 trium
1095 5579 1456 5636 personarum
1488 5566 1636 5621 omni
1673 5574 1940 5623 creatura:
1963 5567 2144 5623 domi.

571 5655 782 5712 nantis.

649 5746 814 5803 Vens.
847 5749 936 5804 23.
974 5748 1299 5819 Conspicuus
1330 5760 1499 5807 autem
1529 5752 1587 5823 ﬁt
1618 5752 1694 5830 uir
1720 5752 1831 5821 ejus
1866 5752 1916 5807 in
1945 5755 2136 5823 portis,

2253 1908 2447 1977 τηρίαν
2469 1906 2658 1978 ψυχῶν
2690 1906 2916 1978 ἀρετὰς,
2945 1906 3187 1977 ὕφαπλοῖ
3209 1906 3439 1969 ταύταις
3472 1906 3701 1960 πάντωε
3719 1908 3846 1971 ταῖς

2253 1999 2617 2072 διακρίσεσιν.
2640 1999 2718 2062 ὥς
2738 2017 2850 2054 τισι
2885 2000 3095 2071 πήχεσι
3132 1999 3296 2071 δεξιῷ
3325 2017 3386 2055 τε
3420 2000 3516 2053 καὶ
3548 1992 3843 2070 εὐωνύμῳ,

2257 2090 2533 2163 μετροῦσα
2559 2091 2657 2156 τὰς
2683 2090 2795 2144 τῶν
2826 2090 3038 2164 ἀρετῶν
3065 2090 3441 2163 συμμετρίας·
3477 2091 3571 2145 καὶ⁵
3616 2109 3844 2163 περιαι-

2257 2180 2427 2253 ροῦσα
2451 2181 2552 2246 τὰς
2583 2183 2648 2235 ἐκ
2676 2181 2868 2246 δεξιῶν
2893 2181 3223 2253 ὑπερϐολὰς,
3260 2183 3359 2237 καὶ
3400 2182 3497 2247 τὰς
3531 2184 3592 2250 ἐξ
3635 2185 3846 2238 εὐωνύ-

2256 2288 2377 2342 μων
2402 2272 2674 2343 ὲλλείψεις
2701 2271 2886 2327 αὐτῶν
2905 2289 2921 2305 ο
2947 2272 3047 2337 τὰς
3080 2273 3138 2328 δὲ
3159 2274 3488 2345 κινουμένας
3518 2276 3612 2330 ὑπ’
3641 2276 3841 2347 αὐτῆς,

2253 2361 2398 2418 ὥστε
2420 2363 2497 2437 μὴ
2519 2364 2730 2434 ἀλόγως
2751 2365 3018 2436 φέρεσθαι
3044 2365 3360 2437 πρακτικὰς
3391 2367 3673 2436 δυνάμεις,
3713 2384 3845 2437 στη-

2255 2454 2396 2528 ρίξει
2425 2457 2503 2521 είς
2536 2455 2628 2512 τὸν
2656 2456 2814 2529 δίκην
2842 2457 3117 2529 ἀτράκτου
3142 2456 3527 2529 συμπλέκοντα
3557 2459 3719 2529 λόγον
3740 2460 3841 2530 τὴν

2253 2546 2507 2619 αἴσθησιν
2533 2548 2614 2619 τῷ
2641 2547 2745 2612 νοτ,
2792 2550 2852 2603 ὲν
2882 2547 2962 2620 τῷ
2986 2549 3112 2614 τοὺς
3164 2549 3287 2604 κατ’
3326 2550 3582 2621 αἴσθησιν
3630 2550 3840 2615 τύπους

2254 2639 2395 2712 πρὸς
2421 2640 2521 2713 τὴν
2565 2640 2707 2696 κατά
2741 2640 2868 2696 νοῦν
2908 2628 3145 2712 ἀνάγειν
3167 2641 3430 2715 ἀλήθειαν
3479 2646 3603 2708 ταῖς
3640 2644 3841 2699 ἑαυτοῦ

2254 2734 2607 2804 συστροφαῖς.
3390 2768 3394 2772 Α

2324 2829 2394 2879 κ’.
2434 2822 2646 2891 Xsipac
2677 2821 2867 2892 αὐτῆς
2893 2822 3160 2891 διήνοιξε
3193 2825 3346 2886 πέντ,
3382 2843 3389 2847 ·
3447 2841 3464 2850 ’
3489 2826 3726 2895 καρπὸν
3768 2827 3841 2880 δὲ

2252 2912 2511 2977 ἐξέτεινε
2543 2913 2777 2984 πτωχῷ.
2820 2914 3074 2982 Δαψιλῶς
3100 2918 3220 2979 ταῖς
3252 2918 3714 2988 κὰμ-πιστήμην
3736 2919 3840 2971 αὗ-

2254 3004 2351 3074 τῆς
2375 3005 2682 3076 ἐνεργείαις
2711 3005 2820 3059 τῶν
2852 3006 2973 3061 κατ’
2994 3008 3195 3079 ἀρετὴν
3214 3006 3452 3076 τρόπων,
3476 3008 3575 3062 τοῦ
3598 3009 3836 3063 πλςιύτου

2259 3093 2531 3163 μετέδωκε
2562 3092 2658 3147 τοῦ
2689 3095 2828 3149 κατὰ
2851 3097 3052 3165 πρᾶξιν
3071 3095 3249 3166 ἤθους,
3284 3142 3287 3145 .

2252 3187 2444 3241 τούτου
2490 3189 2667 3261 ἐνδείᾳ
2698 3190 2766 3243 δι’
2789 3191 3019 3260 ἀλογίαν
3042 3191 3263 3261 σαρκίῳ
3340 3215 3351 3261 λ
3374 3198 3451 3245 τὰ
3506 3194 3636 3261 όγον
3675 3194 3836 3248 τοῦτο

2254 3276 2597 3349 ρυθμίσασα*
2648 3281 2746 3334 καί
2774 3280 2875 3352 τῆς
2910 3280 3261 3353 φθοροποζιόῦ,
3306 3308 3313 3335 :
3371 3284 3607 3347 παθείας
3633 3284 3834 3351 ἐξαναο

2253 3370 2502 3439 στήσασα
2522 3386 2537 3402 ·
2570 3371 2632 3424 τὸ
2656 3372 2713 3424 δὲ
2732 3371 3083 3444 θεωρητικὸν,
3104 3368 3163 3433 οὗ
3188 3373 3485 3446 ἐξεγρτηται
3512 3375 3575 3428 τὸ
3602 3394 3809 3447 πρακτι

2252 3459 2348 3514 κδν
2374 3455 2461 3515 οἷα
2494 3462 2708 3533 καρποῦ
2738 3463 2881 3533 χεὶρ,
2913 3462 3189 3533 εξήπλωσν·
3214 3464 3350 3517 re"
3378 3465 3615 3537 γνῶσιν,
3644 3467 3723 3538 τῷ
3754 3471 3835 3531 εις

2251 3554 2476 3622 ἄγνοιαν
2527 3554 2625 3609 τοῦ
2681 3555 2851 3619 ὅντως
2884 3552 3075 3608 καλοῦ,
3294 3575 3334 3606 κν
3367 3555 3503 3625 πρὸς
3552 3556 3623 3609 τὰ
3672 3556 3835 3610 ὑλικά

2253 3647 2437 3718 σχέσιν
2460 3664 2529 3701 πε
2539 3647 2816 3719 ριπεσόντι
2835 3649 2942 3703 νοῖο
2966 3650 3087 3717 ἀναν..
3218 3646 3422 3716 πιμένη
3448 3647 3542 3699 καὶ
3565 3646 3834 3719 ὲγείρασα

2250 3739 2440 3794 τοῦτον
2474 3740 2569 3793 τοῦ
2608 3739 2933 3810 πτώματος,
2972 3738 3057 3816 ὡς.
3178 3737 3257 3803 μῦ
3292 3737 3510 3809 βοηθός.

2319 3836 2427 3887 κα’.
2470 3833 2554 3885 Οὐ
2582 3829 2877 3901 φροντίζει
2908 3829 3086 3894 scina:
3178 3844 3313 3906 Τνιῳ
3355 3829 3571 3898 όάνὴρ
3614 3828 3831 3897 αὐτῆς.

2250 3920 2398 3974 ὅταν
2430 3936 2551 3975 που
2578 3920 2848 3989 χρονιζῃι
2878 3919 3253 3988 πάντεςικρτᾲρ
3277 3921 3332 3973 οι
3360 3918 3497 3989 παρ’
3533 3920 3694 3988 αὐτῇ
3733 3923 3833 3973 ἐν·

2249 4009 2663 4066 διδύσκονται.
2702 4011 2778 4064 Οὐ
2831 4011 3145 4087 μεριμνατό
3181 4008 3359 4083 ταύτῃ
3404 4008 3652 4073 σύνοικος
3704 4009 3835 4073 νοῦς

2250 4101 2380 4173 περὶ
2399 4101 2507 4155 τῶν
2529 4101 2588 4154 ιν
2611 4100 2689 4173 τῷ
2713 4082 2977 4171 οἰκητηρί
3010 4100 3206 4175 (πετοῦ
3228 4102 3440 4173 σαρκίῳ
3462 4101 3831 4173 παθημάτων,

2248 4190 2454 4245 ὁπόταν
2507 4192 2628 4255 ταῖς
2673 4207 2919 4264 λιτνευμαι
2982 4192 3074 4264 αἷς
3121 4190 3381 4264 θεωρίαις
3423 4193 3787 4265 ἑνασχολῆται
3811 4211 3829 4226 ο

2249 4280 2449 4343 πάντες
2477 4281 2587 4352 γάρ
2612 4282 2661 4335 οί
2687 4280 2803 4335 τού.
2904 4286 2959 4358 ὲ)
3163 4282 3435 4354 λογισμοὶ,
3470 4286 3833 4357 περιϐάλλον-

2247 4391 2338 4427 ται
2388 4373 2476 4429 aut
2523 4373 2783 4445 σωφροσύιη
2889 4375 3018 4455 μίαν,
3064 4373 3350 4445 ἀνδρείαν,
3408 4375 3471 4428 τὸ
3513 4375 3578 4429 ἐκ
3626 4392 3687 4429 τε
3728 4377 3829 4432 τοῦ

3394 3112 3421 3119 “
3496 3118 3505 3145 :
3530 3098 3743 3168 .atpévzt
3764 3103 3833 3171 τῇ

2179 4491 2223 4547 D
2250 4463 2495 4533 φλογμοῦ
2530 4463 2640 4516 τῶν
2675 4463 2797 4549 καθ.
2866 4466 3024 4541 γονὴν
3055 4463 3319 4517 ἑκουσίων
3343 4466 3696 4536 πειρασμῶν,
3728 4468 3827 4521 καὶ

2250 4555 2344 4610 τοῦ
2378 4554 2591 4627 κρυμοῦ
2630 4556 2737 4611 τῶν
2786 4600 2795 4625 η,
2927 4555 3117 4631 ξδύνην
3152 4555 3442 4619 ἀκουσίων,
3483 4556 3717 4620 ἀπαθές.

2320 4622 2430 4719 κβ’.
2467 4622 2695 4714 δισσὰς
2724 4622 2817 4726 χλι
2877 4643 2893 4723 ἰ
3014 4622 3283 4721 ἐποίησε⁹
3302 4646 3381 4712 τῷ
3417 4647 3589 4716 ἀνδρὶ
3610 4645 3822 4713 αὐτῆς.

2250 4738 2635 4792 Κατεσκεύασε
2663 4738 2741 4808 τῷ
2902 4752 3001 4808 ικῳ
3028 4737 3197 4807 αὐτῆς
3220 4736 3321 4798 νοῒ,
3345 4737 3489 4790 κατά
3508 4753 3568 4789 τε
3592 4738 3828 4809 Θεωρίαν

2249 4828 2344 4883 καὶ
2389 4829 2589 4900 πρᾶξιν
2622 4808 2817 4895 διττηὰξί
2868 4827 3237 4898 εριϐλήματω
3272 4830 3383 4890 τοῖς
3427 4826 3605 4895 λόγοις
3652 4808 3827 4881 ταῦτα

2248 4919 2357 4973 τῶν
2394 4920 2584 4988 ὄντων,
2625 4920 2781 5003 καιςηί
2822 4906 2885 4983 ξ;
2937 4920 3163 4990 τρόποις
3214 4918 3323 4971 τῶν
3372 4918 3583 4990 ἀρετῶν
3620 4917 3825 4988 ἐξυφα-

2611 4998 2617 5004 .
2656 4992 2711 5011 ..η

2248 5037 2407 5074 νασα.
2567 5070 2587 5092 L
2642 5064 2741 5093 ﬂ“,

2329 5112 2431 5167 Ἐκ
2451 5111 2520 5164 δὲ
2534 5098 2701 5174 ﬁdae
2748 5129 2784 5164 υ
2807 5109 2904 5164 καὶ
2928 5110 3239 5178 πορφύρας
3287 5106 3473 5175 ἑαυτῇ
3497 5106 3821 5176 ἐνδύματα.

2326 5202 2525 5273 Ἐαυτῇ
2555 5200 2734 5283 ethnici
2758 5217 2880 5254 τινα
2910 5199 3255 5269 περιϐόλαια,
3284 5200 3350 5252 τὰ
3377 5199 3503 5267 περί
3531 5215 3592 5251 τε
3619 5200 3722 5269 τῆς
3748 5202 3826 5251 οξ-

2247 5293 2503 5364 κονομίας
2526 5292 2741 5362 καὶτῆς
2767 5290 3042 5359 Θεολογίας
3072 5290 3212 5361 ὑπὲρ
3242 5290 3365 5343 νοῦν
3395 5289 3642 5362 δόγματι
3665 5306 3681 5321 ⁶
3721 5308 3824 5344 πα-

2248 5386 2472 5457 ραδηλοῖ
2514 5385 2623 5455 γὰρ
2661 5382 2857 5454 βύσσος
2886 5382 2974 5436 διὰ
3002 5382 3063 5436 τὸ
3093 5383 3203 5436 ἀπὸ
3225 5383 3326 5452 γῆς
3360 5384 3504 5453 ἔχειν
3541 5382 3641 5454 τὴν
3668 5383 3825 5451 γένε-

2248 5493 2359 5538 σιν,
2388 5475 2455 5528 τὰ
2488 5476 2614 5546 περὶ
2641 5474 2741 5544 τῆς
2766 5472 2859 5527 τοῦ
2888 5473 3023 5527 Θεοῦ
3050 5474 3223 5541 Λόγου
3250 5474 3307 5525 ὲν
3324 5473 3487 5544 σαρκὶ
3511 5475 3825 5543 οἰκονομίας

2244 5568 2488 5638 δόγματα
2510 5583 2525 5599 ο
2558 5568 2592 5637 ἠ
2628 5566 2685 5619 δὲ
2718 5560 3128 5637 πορφύρα,’διὰ
3159 5565 3223 5618 τὸ
3252 5564 3563 5635 βασιλικὸν,
3595 5564 3664 5617 τὰ
3694 5569 3825 5635 περὶ

2244 5660 2342 5729 τῆς
2374 5659 2592 5713 πάντων
2629 5656 2942 5720 δεσπότιδος
2979 5656 3419 5743 τρισυποστάτου
3438 5654 3729 5725 Θεότητος.

2312 5759 2418 5821 κγ’.
2462 5752 2862 5822 Περίὸλεπτος
2890 5749 2957 5805 δὲ
2992 5749 3213 5821 γίνεται
3244 5749 3312 5804 ἐν
3340 5750 3564 5814 πύλαις
3596 5749 3629 5801 ὀ
3666 5746 3821 5815 ἀνὴρ
