4054 6520
266 394 418 463 ιδιι

1303 389 1847 456 ὉΟΜΜΕΝΤΑΒΙῘ
1890 388 1972 453 IN
2013 389 2468 465 PROVERBlA.

249 509 465 578 αὐτῆς
497 507 677 578 ἡνίκα
722 504 801 564 ἂν
849 507 1074 576 καθίσῃ
1112 504 1185 559 ἐν
1214 505 1512 574 συνεδρίῳ
1547 504 1697 573 μετὰ
1734 498 1841 555 τῶν

1956 501 2369 574 quandocunque
2408 504 2599 559 sederit
2641 506 2697 561 in
2728 521 2999 576 consessu,
3044 524 3164 566 cum
3193 512 3402 567 senibus
3431 515 3532 568 Ita-

253 604 562 673 γερόντων
587 599 882 659 κατοίκων
907 598 1017 668 τῆς
1039 596 1170 669 γῆς.
1213 598 1529 667 Περιφανὴς
1555 596 1611 650 δὲ
1637 593 1846 662 γίνεται

254 694 289 746 ὑ
324 692 496 763 ταύτῃ
528 690 796 743 συνοικῶν
822 690 945 753 νοῦς
966 732 980 754 ,
1012 691 1072 742 ἐν
1110 693 1232 752 ταῖς
1262 688 1337 752 ὣς
1372 705 1481 741 τισι
1511 687 1707 750 πύλαις
1737 685 1849 738 εἰσ-

258 786 501 854 αγωγοῖς
531 786 628 852 τῆς
657 783 767 836 τῶν
797 783 1009 853 ὁρατῶν
1033 780 1334 851 φαντασίας
1359 780 1699 850 αἰσθήσεσιν,
1724 776 1850 830 ὀπό-

254 892 367 929 πταν
417 874 542 944 περὶ
589 874 794 937 ταύτας
831 875 1156 945 συνεδριάσῃ
1202 877 1269 945 τῇ
1310 872 1575 944 ἐπιθυμίᾳ
1624 870 1719 924 καὶ
1772 867 1849 938 τῷ

266 965 443 1036 θυμῷ,
477 968 594 1030 ταῖς
632 959 719 1018 οἶα
749 968 1190 1038 προηγουμέναις
1226 966 1290 1017 ἐκ
1323 964 1592 1033 γενέσεως
1632 962 1731 1032 τῆς
1757 959 1847 1012 λο-

261 1057 429 1127 γικῆς
477 1042 760 1129 ἐνεργείας
808 1057 1209 1129 πρεσϐυτέραις
1250 1057 1545 1128 δυνάμεσιν
1571 1071 1584 1085 ’
1619 1054 1849 1124 ἔμφρονι

258 1149 513 1222 λογισμῷ
562 1151 628 1204 δι’
665 1151 993 1223 ἐγκρατείας
1044 1153 1139 1206 καὶ
1190 1150 1473 1221 ὑπομονῆς
1528 1148 1849 1201 ὑποτάσσων

258 1244 469 1305 αὑτάς·
526 1243 690 1315 αἵπερ
737 1243 970 1314 ψυχικαὶ
1020 1244 1301 1314 δυνάμεις,
1351 1242 1430 1313 τῷ
1471 1240 1701 1313 παθητῷ
1755 1236 1848 1293 τοῦ

149 1378 155 1385 .
258 1334 453 1407 χοϊκοῦ
486 1335 644 1405 ἡμῶν
675 1336 900 1405 σαρκίου
949 1336 1391 1406 παραμένουσιν,
1420 1333 1497 1398 ὡς
1540 1336 1641 1404 τῆς
1668 1330 1851 1401 ψυχῆς

255 1428 456 1498 φύσει,
488 1429 586 1499 τῆς
623 1428 722 1499 μὲν
758 1430 1072 1493 συστάσεως
1101 1430 1198 1483 τοῦ
1231 1428 1484 1498 σώματος
1516 1426 1639 1480 κατ’
1662 1423 1852 1478 ἐπιθυ-

262 1522 393 1594 μίας
418 1521 754 1593 ὀρεγομένης
778 1562 794 1589 ,
825 1521 923 1592 τὴν
955 1522 1012 1575 δὲ
1048 1519 1257 1592 φθορὰν
1281 1518 1473 1573 τούτου
1507 1515 1650 1571 κατὰ
1677 1512 1851 1584 θυμὸν

258 1616 779 1685 ἁποστρεφομένην.

327 1707 434 1760 κδ’.
477 1706 766 1773 Σινδόνας
797 1707 1051 1774 ἐποίησε
1071 1706 1171 1760 καὶ
1205 1703 1465 1761 ἀπέδοτο
1496 1704 1619 1769 τοῖς
1644 1700 1846 1757 Φοίνιο

1952 596 2264 651 bitatoribus
2311 606 2485 652 terrm.
2526 597 2876 670 Conspicuus
2925 603 2982 658 fit
3020 605 3333 662 intellectus
3373 607 3532 662 habi-

1931 680 2076 742 tans
2123 703 2244 742 cum
2294 704 2374 751 ea,
2409 691 2551 745 inter
2590 692 2799 761 primas
2840 708 3023 749 rerum
3067 696 3367 752 visibilium
3406 715 3533 769 per-

1950 781 2253 849 ceptiones.
2286 784 2441 853 quasi
2486 785 2541 837 in
2584 787 2760 853 portis
2802 797 3076 854 versatus,
3107 805 3232 843 cunt
3278 790 3346 846 ad
3380 791 3528 861 judi-

1951 875 2183 928 candunt
2215 874 2282 928 dc
2312 876 2390 931 eis
2422 879 2675 932 convenit
2704 894 2827 934 cum
2862 882 3167 951 cupiditate
3198 895 3253 939 et
3285 884 3386 949 ira,
3419 901 3530 955 qua

1952 967 2146 1021 animae
2174 968 2461 1025 facultates
2490 972 2675 1040 prima:
2708 984 3035 1029 exercentur
3065 984 3119 1031 et
3150 992 3261 1047 quo
3292 979 3532 1035 rationa-

1952 1060 2135 1116 biliter
2179 1076 2338 1130 agere
2381 1063 2734 1133 increpimus,
2778 1076 2831 1121 et
2874 1069 3030 1138 quasi
3073 1070 3325 1127 seniores
3374 1080 3524 1127 sunt.

1950 1149 2048 1205 Illa
2090 1151 2498 1207 rationabiliter
2538 1165 2801 1225 reguntur
2836 1161 3193 1228 temperantia
3224 1173 3280 1216 et
3318 1162 3527 1231 patien-

1953 1243 2051 1307 tia,
2111 1251 2167 1298 et
2209 1244 2408 1299 deinde
2450 1248 2669 1316 corpori
2711 1256 2932 1304 terreno
2966 1263 3020 1305 et
3049 1253 3296 1321 passibili
3341 1254 3525 1309 ﬁdeles

1952 1345 2134 1401 erunt,
2169 1337 2219 1390 id
2239 1346 2348 1404 cst,
2380 1342 2633 1410 corporis
2660 1343 2890 1397 salutem
2914 1344 3214 1415 cupiditate
3244 1356 3528 1417 promovet

1953 1429 2153 1497 anima,
2184 1429 2416 1502 ejusque
2455 1434 2864 1505 corruptionem
2896 1436 2976 1491 ira
3011 1448 3276 1494 removet.

2024 1699 2192 1756 Vens.
2234 1699 2323 1754 24.
2356 1700 2621 1756 Sindonas
2654 1704 2795 1772 fecit,
2826 1712 2877 1758 et
2908 1705 3135 1760 vendidit
3169 1704 3523 1777 Phoenicibus,

257 1799 319 1864 ει
341 1816 356 1831 ⁸
396 1798 779 1868 περιζώματα,
807 1798 934 1865 τοῖς
975 1796 1721 1867 Χαναναίοις.Νεκρώσεως
1742 1793 1841 1845 τῶν

1954 1793 2167 1863 cingula
2191 1791 2533 1849 Chauanwis.
2557 1793 2825 1850 Funebria
2856 1798 3172 1867 passionum
3204 1800 3523 1859 indumenta

257 1865 525 1962 ἐμπαθῶν
555 1865 830 1963 λογισμῶν
860 1892 1153 1962 εἰργάσατο
1199 1865 1551 1962 περιϐόλαια·
1592 1891 1687 1944 καὶ
1725 1891 1837 1954 τοῖς

1943 1885 2177 1941 coniecit
2216 1901 2390 1956 eaque
2433 1888 2750 1945 hominibus
2783 1898 2907 1946 actu
2954 1894 3274 1963 passionum
3309 1896 3521 1965 liberis,

256 1983 588 2055 καυαρθεῖσι
623 1983 722 2054 μὲν
752 1982 861 2036 ἀπὸ
889 1982 999 2036 τῶν
1033 1982 1153 2036 κατ’
1183 1982 1460 2054 ἐνέργειαν
1495 1980 1706 2048 παθῶν,
1740 1998 1839 2034 πε-

254 2079 630 2148 φοινιγμένοις
658 2078 701 2131 δ’
729 2078 808 2131 ἔτι
832 2081 944 2142 τοῖς
977 2079 1118 2133 κατὰ
1146 2079 1409 2144 διάνοιαν,
1438 2079 1834 2150 ἀπημπόλησε·

256 2171 632 2225 καταδαλοῦσι
670 2172 806 2243 πρὸς
833 2173 1000 2242 αὐτὴν
1026 2166 1136 2226 οἷόν
1158 2191 1209 2227 τι
1231 2174 1447 2244 τίμημα
1476 2173 1573 2243 τὴν
1601 2172 1707 2227 άπδ
1731 2171 1839 2225 τῶν

257 2264 382 2317 κατ’
406 2264 689 2333 ἐνέργειαν
722 2264 911 2317 παθῶν
936 2266 1455 2337 ἐγκρατευσαμένην
1481 2265 1802 2339 προαίρεσιν
1821 2282 1836 2298 ·

256 2356 588 2427 ἐγκράτειαν
619 2356 677 2409 δὲ
710 2358 803 2411 καὶ
836 2358 1116 2430 ὑπομονὴν
1143 2361 1240 2428 τῆς
1268 2361 1407 2413 κατὰ
1434 2360 1567 2413 Θεὸν
1602 2360 1841 2431 σκληρᾶς

254 2450 509 2519 ἀγωγῆς,
544 2450 1013 2519 περισφιγγοῦσας
1060 2451 1122 2505 τὸ
1173 2452 1475 2524 παθητικὸν
1513 2452 1616 2522 τῆς
1663 2453 1841 2524 ψυχῆς

262 2544 437 2614 μέρος
488 2544 942 2615 ἀπεργασαμένη,
985 2546 1106 2598 κατ’
1131 2545 1376 2617 ἔμφρονα
1430 2547 1688 2617 λογισμὸν
1733 2546 1841 2600 τῶν

256 2636 380 2697 τοῖς
432 2636 553 2689 κατ’
614 2637 894 2706 ἐνέργειαν
944 2638 1307 2708 ἁμαρτήμασι
1359 2638 1843 2708 τεταπεινωμένων

260 2727 530 2795 (ταπεινοὶ
600 2727 660 2799 ’μ
706 2729 757 2781 οἱ
799 2730 1092 2783 Χαναναῖοι
1142 2729 1583 2801 ἐρμηνεύονται),
1614 2731 1844 2784 ἀπέδοτο

258 2816 471 2882 τούτοις
500 2816 617 2871 αὐτ
723 2819 963 2873 λαϐοῦσα
995 2822 1056 2873 τὸ
1088 2821 1486 2893 ἐπιθυμητικὸν
1517 2822 1718 2890 αὐτῶν,
1746 2823 1843 2876 καὶ

255 2911 323 2965 τὸ
365 2910 590 2980 θυμικὸν
663 2934 707 2984 ῳ
747 2913 888 2982 Λόγῳ
925 2911 1207 2982 ἐπιπειθῆ.

334 3004 530 3071 Στόμα
565 3004 633 3057 δὲ
656 3002 848 3071 αὑτῆς
884 3002 1150 3069 διήνοιξε
1176 3006 1596 3074 προσεχόντως
1624 3004 1722 3059 καὶ
1747 3004 1844 3059 ἐν·

257 3100 457 3166 νόμως
476 3114 491 3129 ·
621 3098 631 3110 ⁸
674 3110 675 3113 ‘
819 3115 868 3147 ν·Δ
887 3096 1200 3153 ἐστείλατο
1229 3098 1305 3167 τῇ
1332 3098 1589 3167 γλώσσῃ
1631 3097 1847 3166 αὑτῆς;

256 3190 449 3260 Στόμα
501 3186 565 3243 τ’
615 3196 660 3243 ἐ·
770 3209 843 3243 αθ
892 3190 961 3244 τά
994 3191 1194 3263 ταύτης
1240 3192 1567 3263 διδάγματα,
1604 3190 1841 3245 ἐκώλυσε

262 3285 369 3356 μὲν
404 3285 668 3356 προφέρει
826 3284 901 3349 ὡς
936 3286 1091 3355 ἔτυχε
1131 3286 1608 3357 παρεμπίπτοντα,
1635 3287 1839 3340 διέθετο

256 3378 322 3430 δὲ
366 3377 435 3430 τά
480 3376 574 3430 τοῦ
622 3377 758 3430 Θεου
802 3377 1113 3447 ἐντάλματα
1148 3377 1514 3447 φθέγγεσθαι·
1545 3377 1840 3431 κάντεῦθεν

259 3467 427 3533 ἔταξε
478 3469 574 3541 τὴν
628 3469 675 3505 ν’
719 3464 784 3497 ί-
866 3488 871 3493 '
928 3470 1109 3524 λαλεῖν
1159 3469 1299 3523 κατὰ
1338 3470 1527 3541 καιρὸν
1564 3470 1634 3524 τά
1672 3488 1839 3542 προσ-

263 3563 491 3634 ἠκοντα.

338 3662 437 3710 κε’.
474 3653 685 3723 Ἰσχὺν
710 3656 810 3707 καί
862 3672 863 3675 η
954 3652 959 3659 “
986 3666 1201 3706 artetur
1228 3651 1579 3717 ἐνεδύσατο,
1611 3652 1709 3708 καὶ
1740 3654 1840 3709 εὑ-

260 3748 498 3820 φράνθη
532 3748 599 3801 ἐν
627 3745 853 3821 ἡμέραι(
911 3744 919 3753 “
1006 3744 1212 3811 ιάταις.
1254 3744 1492 3815 Δύναμιν
1524 3744 1619 3799 καὶ
1644 3745 1839 3810 κάλλος

259 3841 646 3911 περιεϐάλετο,
675 3838 797 3893 καθ’
900 3830 908 3841 ’
964 3833 1053 3891 ὀοῦ
1076 3836 1283 3906 ἀγαθοῦ
1306 3838 1496 3909 νοεράν
1516 3838 1612 3909 τῆς
1635 3839 1835 3909 ψυχῆς,

260 3936 365 3990 καὶ
387 3935 445 3986 ἐν
470 3932 636 4003 σαρκὶ
661 3931 904 4002 ἐνέργεια
990 3927 1191 3983 σνοῦσα
1210 3928 1317 4002 γὰρ
1340 3929 1479 3984 κατὰ
1503 3929 1563 3983 τὸ
1583 3931 1839 4002 τριμερές

261 4026 367 4097 τῆς
399 4023 582 4095 ψυχῆς
612 4022 911 4076 ἐνδιάθετον
974 4024 990 4049 ‘
1028 4022 1253 4087 άναθδν,
1289 4020 1591 4076 ἐνδιάθετον
1616 4023 1672 4076 δὲ
1699 4025 1835 4091 άγα-

260 4117 359 4172 θὺν
389 4117 423 4187 ὴ
457 4114 642 4179 πίστις
668 4115 804 4180 ἐστὶ,
839 4114 939 4169 ταὺ
999 4162 1009 4186 δ
1104 4115 1334 4185 κέκτηται
1359 4114 1588 4185 δύναμιν
1613 4116 1836 4188 ἐνεργη·

258 4208 425 4277 τικὴν
458 4209 516 4261 ἐν
549 4207 785 4277 σώματι,
820 4207 912 4261 τοῦ
946 4208 1043 4261 κός
1124 4224 1146 4255 '.
1180 4207 1289 4260 τῶν
1321 4207 1552 4280 ἀρετῶν,
1584 4208 1836 4278 ἐνεργου-

264 4302 439 4373 μένην
480 4300 684 4369 ταύτην
709 4303 822 4362 τοῖς
854 4301 1021 4355 τούτω
1276 4319 1323 4365 ις
1368 4300 1794 4354 ἁποδεικνύουσα
1817 4316 1830 4331 °

262 4390 566 4449 κάντεῦθεν
614 4391 671 4443 ἐν
715 4384 947 4442 οἷστισιν
993 4391 1084 4443 οὖν·
1147 4445 1159 4454 ,
1211 4392 1235 4418 λ
1276 4390 1386 4464 ιτὴν
1432 4392 1783 4446 ἀποδεικνύει
1817 4434 1833 4459 ,

259 4483 638 4555 ἠγαλλιάσατο
687 4479 814 4551 περὶ
862 4482 923 4533 τὸ
974 4480 1122 4543 τέλος
1320 4483 1604 4556 παρούσης
1657 4485 1836 4538 αὐτῶν

255 4578 437 4647 ζωῆς,
476 4574 551 4637 ὼς
589 4573 681 4626 τὸν
720 4571 866 4625 κατὰ
903 4571 1033 4626 Θεὸν
1070 4572 1097 4622 ἲ
1146 4576 1152 4585 “
1192 4590 1199 4597 '
1244 4570 1249 4573 ’
1306 4576 1690 4629 τετελεκότων.

338 4668 585 4739 Στεγναι
625 4667 911 4737 διατριϐαὶ
953 4667 1115 4721 οτκωι

254 4762 362 4818 τοῦ
408 4761 551 4817 κατὰ
597 4760 774 4833 ψυχὴν
816 4759 1002 4831 νοεροῦ
1035 4759 1156 4830 οῐκη
1242 4758 1349 4812 δίου
1388 4759 1578 4831 αὐτῆς,
1607 4762 1702 4814 καὶ
1743 4761 1838 4815 τοῦ

261 4855 412 4911 κατὰ
459 4854 620 4923 σῶμα
664 4852 1001 4924 αἰσθητικοῦ,
1047 4852 1187 4907 άποκ
1220 4890 1223 4893 μ
1258 4872 1261 4875 ·
1306 4852 1407 4925 τρει
1464 4851 1690 4918 τούτων,
1721 4856 1840 4919 ταῖς

256 4946 413 5002 κατὰ
446 4945 681 5016 θεωρίαν
729 4945 822 4999 καὶ
872 4944 1070 5015 πρᾶξιν
1102 4946 1159 4997 ἐν
1303 4962 1401 4992 δικ-ρ·
1432 4947 1708 5017 κινήσεσιν
1738 4947 1839 5000 αὑ-

265 5040 369 5109 τῆς
392 5079 407 5105 ,
439 5038 620 5092 πάντα
645 5036 841 5107 χαῦνον
870 5038 962 5091 καὶ
990 5036 1246 5109 ἄνανδρον
1402 5035 1535 5110 σμὸν
1553 5076 1571 5107 ,
1601 5036 1695 5092 καὶ
1726 5036 1840 5108 βίον

260 5130 656 5202 διακεχυμένον
696 5131 792 5184 καὶ
831 5128 1158 5201 βορϐορώδη.

343 5224 485 5278 Σῖτα
512 5222 581 5277 δὲ
634 5224 860 5290 ὀκνηρὰ
905 5224 1015 5277 οὐκ
1057 5224 1258 5293 ἔφαγε.
1298 5224 1400 5294 Λογ
1437 5223 1606 5295 τμοὺς
1633 5223 1691 5278 δὲ
1714 5222 1841 5296 τρέ-

266 5334 443 5388 φοντα
474 5316 593 5371 κατ’
618 5316 817 5388 ἀρετὴν
843 5312 942 5388 τὴν
967 5314 1143 5388 ψυχὴν
1171 5315 1561 5383 ἀνεξετάστως,
1591 5316 1839 5386 οὐδαμῶς

271 5410 638 5481 παρεδέξατο’
696 5407 1071 5479 φυλαττομένη
1115 5409 1177 5462 ἐκ
1225 5408 1331 5462 τῶν
1379 5408 1485 5464 ἀπὸ
1539 5408 1720 5473 δεξιᾶς
1762 5409 1841 5463 δι’

270 5500 601 5573 ἀπροσεξίαν
638 5501 702 5553 ἐκ
742 5497 1011 5571 ῥᾳθυμίας
1049 5500 1147 5567 τὴν
1181 5500 1360 5571 ψυχὴν
1397 5498 1752 5555 άπατώντων.

342 5599 458 5658 κςν.
497 5595 691 5662 Στόμα
716 5590 783 5645 δὲ
811 5590 1036 5659 ἀνοίγει
1066 5589 1267 5659 σοφῶς
1295 5592 1393 5645 καὶ
1430 5590 1836 5662 νομοθέσμως.

272 5686 524 5743 Διδάσκει
570 5684 625 5741 δέ
666 5687 734 5742 τὰ
762 5683 935 5757 ἀληθῆ
966 5683 1241 5756 δόγματα,
1274 5684 1369 5741 καὶ
1396 5686 1463 5741 τά
1497 5684 1613 5740 θεῖα
1647 5686 1837 5743 ἐντάλ-

276 5796 443 5852 ματα.

1306 4598 1690 4629 τετεΑεκοτων.
1865 4598 1913 4655 D

1192 4680 1197 4689 '
1238 4664 1366 4736 τῆς.
1404 4667 1836 4742 Ἐπιμελουμένη
1888 4726 1889 4729 η

1939 1978 2136 2033 all'cctu
2168 1994 2298 2033 vero
2326 1980 2505 2035 adhuc
2537 1983 2868 2040 rubentibus
2912 1988 3177 2052 vendidit,
3209 1991 3303 2060 qui
3336 1992 3384 2045 ei
3419 1994 3521 2046 oh-

1936 2069 2136 2140 jiciunt
2202 2070 2343 2125 hanc
2414 2072 2740 2129 electionem
2784 2092 2890 2147 qua
2966 2081 3269 2135 exercitum
3311 2085 3522 2152 passio-

1940 2180 2071 2217 num
2105 2173 2527 2234 superavernnt.
2560 2166 2964 2224 Continentiam
3001 2182 3055 2225 et
3096 2173 3416 2243 patientiam
3451 2176 3519 2231 ad

1942 2256 2106 2310 vitam
2138 2258 2191 2311 in
2226 2257 2336 2312 Deo
2367 2273 2615 2328 asperam
2650 2263 3012 2326 necessarias,
3041 2266 3241 2334 quibus
3273 2268 3521 2322 munitur

1940 2365 2070 2421 pars
2116 2352 2313 2406 animae
2352 2353 2702 2422 passionibus
2743 2356 2950 2425 dedita,
2982 2359 3234 2428 producit
3261 2363 3420 2416 etiam
3449 2361 3518 2417 ad

1942 2443 2279 2499 voluntatem
2317 2445 2615 2514 sapientem
2657 2448 2938 2504 hominum
2984 2452 3101 2507 suis
3139 2454 3381 2522 peccatis
3420 2454 3521 2508 hu-

1943 2536 2279 2592 miliatorum
2310 2539 2565 2609 (humiles
2592 2541 2737 2596 enim
2770 2541 3018 2598 feruntur
3044 2544 3367 2616 Chananari)
3409 2550 3521 2603 eis-

1943 2645 2049 2698 que
2105 2630 2229 2685 illas
2271 2630 2495 2686 donavit
2543 2631 2826 2690 confectas
2868 2650 2936 2690 ex
2990 2635 3295 2706 cupiditate
3332 2646 3388 2693 et
3436 2639 3532 2695 ira

1947 2723 2144 2778 rationi
2177 2723 2466 2794 subjectis.

2017 2985 2090 3041 Os
2135 2998 2287 3041 suum
2334 2987 2782 3056 aperuit'atteute
2826 2998 2874 3043 et
2920 2988 3171 3061 legitime,
3190 3000 3238 3045 et
3283 2993 3519 3048 ordinem

1943 3079 2117 3146 posuit
2153 3078 2345 3149 linguw
2383 3096 2513 3134 sum.
2555 3078 2648 3134 Ori
2694 3096 2804 3151 quo
2857 3084 3095 3151 COgitata
3141 3083 3517 3155 proferuntur,

1947 3187 2014 3224 ne
2049 3172 2318 3241 quidquid
2357 3188 2416 3228 se
2454 3174 2768 3239 obtulisset,
2793 3176 3041 3244 prodiret
3065 3177 3380 3246 prohibuit;
3408 3178 3521 3248 jus-

1948 3261 2129 3331 sitque
2160 3260 2253 3316 Dei
2288 3263 2540 3316 mandata
2570 3263 2747 3334 loqui,
2783 3263 2974 3334 sicque
3002 3264 3242 3335 linguam
3267 3263 3517 3321 decentia

1947 3362 2254 3424 opportune
2285 3355 2644 3426 pronuntiare
2672 3354 2929 3413 erudivit.

2018 3641 2188 3701 Vens.
2215 3643 2306 3700 25.
2341 3642 2738 3701 Fortitudinem
2774 3656 2823 3703 et
2852 3648 3091 3704 decorem
3120 3651 3310 3717 induit,
3338 3660 3389 3706 et
3417 3652 3517 3707 ta:-

1950 3746 2065 3791 tata
2092 3747 2171 3793 est
2200 3739 2253 3792 in
2280 3738 2462 3793 diebus
2488 3741 2809 3796 novissimis.
2835 3740 3164 3799 Potestatem
3193 3752 3247 3797 et
3273 3744 3518 3815 pulchri-

1946 3832 2192 3888 tudinem
2230 3832 2410 3887 induit
2442 3849 2537 3904 per
2565 3849 2806 3890 amorem
2845 3835 2969 3889 boni
3010 3836 3064 3889 in
3100 3844 3300 3900 mente,
3332 3849 3385 3893 et
3420 3852 3517 3908 per

1945 3926 2396 3983 exercitationem
2454 3927 2507 3982 in
2557 3942 2807 3998 corpore.
2852 3926 3066 3983 Etenim
3102 3944 3225 3983 cum
3272 3930 3327 3984 in
3370 3932 3515 3987 trina

1945 4020 2129 4074 anima
2159 4019 2231 4074 sit
2257 4018 2460 4074 bonum
2487 4019 2729 4073 innatum
2772 4021 2846 4089 (et
2870 4019 3001 4074 illud
3025 4022 3227 4075 bonum
3262 4020 3512 4077 innatum

1944 4113 2080 4169 ﬁdes
2111 4112 2238 4181 est),
2273 4112 2416 4167 hanc
2464 4112 2761 4182 potentiam
2796 4113 3031 4168 assumit
3068 4112 3138 4168 ad
3177 4115 3513 4184 operandum

1944 4205 1999 4260 in
2047 4220 2282 4275 corpore
2332 4205 2737 4276 pulcherrimas
2780 4196 3034 4272 virt'utes,
3086 4217 3515 4277 operantemque

1944 4297 2107 4353 factis
2134 4298 2395 4355 ostendit.
2427 4294 2600 4364 Quam
2629 4298 2676 4353 si
2700 4296 2842 4367 apud
2872 4298 3166 4352 nonnullos
3188 4298 3510 4365 ostenderit,

1941 4393 2184 4447 exsultat
2216 4390 2272 4445 in
2311 4392 2420 4447 line
2463 4392 2587 4447 vitae
2621 4406 2835 4453 eorum,
2872 4391 3139 4460 siquidem
3159 4406 3389 4446 cursum
3421 4407 3512 4448 se-

1940 4485 2181 4541 cundum
2217 4482 2387 4540 Deum
2423 4490 2967 4539 consummaverunt.

2013 4654 2325 4713 Constrictus
2377 4659 2676 4713 mansiones
2744 4657 3021 4713 domorum
3069 4660 3205 4731 ejus.
3264 4660 3509 4722 Sollicita

1938 4750 2007 4806 de
2037 4751 2204 4805 domo
2239 4766 2338 4806 sua
2378 4752 2737 4807 intellectuali
2770 4753 2824 4808 in
2855 4752 3038 4807 anima
3070 4763 3125 4810 et
3157 4754 3225 4811 de
3259 4759 3509 4814 sensibili

1941 4844 1996 4898 in
2029 4858 2282 4913 corpore,
2317 4844 2438 4899 illas
2466 4855 2647 4900 movet
2677 4844 2743 4899 ad
2772 4847 3213 4915 cognoscendum
3249 4859 3304 4904 et
3340 4865 3509 4922 agen-

1937 4938 2092 5004 dum,
2128 4952 2332 5009 easque
2372 4938 2443 4994 ab
2474 4938 2625 4994 omni
2652 4953 2793 4994 vana
2811 4948 2865 4996 et
2897 4941 3125 4997 remissa
3158 4943 3509 5014 cogitatione,

1938 5046 2153 5087 necnon
2201 5039 2257 5087 et
2305 5031 2592 5089 dissolutis
2637 5040 2694 5089 et
2736 5031 3035 5091 fetentibus
3073 5036 3322 5093 moribus
3355 5038 3510 5109 puri-

1938 5126 2080 5180 licat.

2008 5212 2169 5271 Cibos
2228 5226 2403 5270 autem
2454 5218 2632 5287 pigros
2684 5235 2789 5272 non
2842 5217 3202 5276 manducauit.
3251 5223 3511 5282 [lationes

1938 5306 2142 5379 quibus
2193 5308 2261 5363 ad
2309 5310 2570 5366 virtutem
2613 5312 2794 5366 anima
2843 5325 3126 5372 moveatur
3166 5332 3275 5371 non
3310 5326 3512 5376 temere

1939 5399 2206 5471 recipitis,
2243 5402 2349 5457 sibi
2379 5411 2534 5459 cavet
2557 5402 2627 5457 ab
2666 5404 2733 5459 iis
2758 5421 2878 5474 quae
2910 5406 3123 5463 animas
3146 5408 3212 5465 de
3250 5409 3356 5466 llde
3382 5410 3511 5466 data

1938 5493 2009 5550 ob
2038 5494 2312 5550 levitatem
2353 5502 2407 5550 et
2441 5495 2713 5567 ignaviam
2745 5506 3014 5555 avertunt.

2012 5585 2177 5643 Vens.
2217 5587 2309 5645 26.
2348 5586 2420 5643 0s
2485 5599 2662 5645 autem
2708 5592 2913 5659 aperuit
2974 5594 3237 5663 sapienter
3289 5605 3337 5651 et
3387 5612 3513 5652 con-

1936 5687 2184 5751 gruenter
2233 5680 2453 5751 legibus.
2514 5680 2677 5737 Docet
2734 5700 2855 5738 uera
2913 5682 3187 5755 dogmata,
3232 5696 3281 5741 et
3331 5686 3513 5741 diuina

1940 5772 2222 5830 mandata.
2276 5773 2630 5847 Eleemosyna
2666 5784 2846 5832 autem
2888 5777 3008 5849 ejus
3054 5780 3340 5835 suscitavit
3370 5780 3508 5837 ﬁlios

1939 5866 2084 5938 ejus,
2114 5874 2167 5924 et
2196 5865 2356 5925 ditati
2389 5856 2538 5934 sunt,
2570 5877 2623 5926 et
2655 5869 2735 5925 vir
2766 5868 2885 5936 eius
2917 5870 3157 5926 laudavit
3188 5886 3328 5928 eam.

3392 402 3533 469 lit-£2
3638 456 3641 459 .
