4054 6500
614 372 748 438 i543

672 486 868 543 27-28.
892 486 1123 555 Quando
1142 488 1287 545 hanc
1314 489 1659 562 disciplinam
1691 491 1889 564 largita
1918 502 2028 560 est,
2060 508 2168 549 suo:

2267 556 2268 559 η
2364 498 2467 562 κζ’,
2506 502 2619 568 κη’.
2652 480 2723 550 Ἦ
2745 494 2816 549 δὲ
2845 492 3225 565 ἐλεημοσύνη
3254 492 3443 562 αὐτῆς
3466 492 3771 565 ἀνέστησε
3796 506 3867 555 τὰ

604 578 907 651 discipulos
942 597 1007 636 ex
1039 582 1224 653 inopia
1257 583 1479 647 eduxit,
1521 585 1618 655 qui
1648 586 1845 642 exinde
1868 587 2168 657 spiritualet

2289 588 2473 643 τέκνα
2507 588 2702 657 αὐτῆς
2739 587 2838 643 καί
2867 587 3289 655 ἐπλούτησαν·
3315 584 3419 640 καὶ
3442 588 3473 640 ό
3502 586 3655 658 ἀνὴρ
3676 590 3866 659 αὐτῆς

605 675 849 731 scientiae
874 683 930 731 et
954 676 1177 732 virtutis
1206 677 1429 735 divitias
1476 680 1783 751 possident.
1829 680 1961 748 Quae
1994 681 2168 735 omnia

2290 683 2516 753 ᾖνεσεν
2563 682 2779 750 αὐτήν.
2820 681 2930 734 Καὶ
2983 682 3016 750 ἡ
3068 683 3133 734 ἐκ
3181 678 3388 751 ταύτης
3436 680 3719 750 μετάδοσις
3768 685 3869 755 τῆς

602 769 958 825 considerans
1008 769 1360 838 intellectus,
1414 771 1536 843 ejus
1599 774 1825 838 socius,
1882 787 2001 828 eam
2061 774 2168 829 lau-

2284 775 2493 830 τούτων
2540 774 2925 838 διδασκαλίας,
2956 773 3203 844 ἐξήγειρε
3254 773 3354 843 τῆς
3406 772 3590 827 αὐτῶν
3640 774 3867 845 ἀπορίας

603 860 771 916 davit.
2294 867 2422 929 τοὺς
2452 865 2582 935 παρ’
2605 864 2775 934 αἰνῆς
2801 863 3224 933 διδασκομένους
3244 879 3258 892 ·
3288 862 3581 916 κάντεῦθεν
3610 857 3757 917 οὗτοι
3776 866 3855 916 τὴν

602 953 968 1019 πνευματικὸν
1020 952 1164 1006 κατὰ
1212 951 1414 1022 γνῶσιν
1468 956 1563 1008 καὶ
1620 955 1820 1029 ἀρετὴν
1873 955 2175 1028 ἐκτήσαντο
2209 954 2471 1011 πλοῦτον*
2503 957 2596 1011 καὶ
2620 960 2649 1010 ὁ
2692 954 2954 1008 συνοικῶν
2975 954 3146 1027 ταύτῃ
3166 952 3289 1017 νοῦς
3346 953 3614 1025 ἐπῄνεσεν
3678 955 3864 1028 αὐτὴν,

1900 378 2168 441 PROCOI

2285 381 2531 443 GAZ/EI
3729 382 3867 449 1544

601 1044 773 1098 ταῦτα
813 1045 940 1115 περὶ
979 1045 1150 1114 αὐτῆς
1186 1046 1652 1118 διαλογισάμενος.

672 1137 834 1194 Vsus.
875 1140 964 1194 29.
1001 1140 1188 1195 Multa:
1239 1142 1369 1211 ﬁlia:
1411 1143 1645 1212 fecerunt
1693 1145 1958 1199 virtutem.
1998 1142 2178 1200 Multas

600 1232 843 1287 scientiae
871 1233 939 1287 de
1003 1234 1167 1288 rebus
1203 1235 1455 1291 humanis
1503 1238 1776 1293 hominem
1819 1238 2172 1308 permunive-

600 1330 750 1376 l'llttl‘.

669 1414 857 1469 Multa:
887 1417 1273 1485 acquisiverunt
1304 1416 1540 1473 divitias.
1575 1419 1754 1475 Multae
1774 1422 1823 1477 ei
1853 1422 2002 1494 large
2029 1436 2169 1493 prae.

598 1510 835 1563 buerunt
865 1525 984 1579 qua:
1016 1520 1147 1564 sunt
1180 1511 1335 1564 utilia
1367 1513 1604 1582 corpori.

671 1600 750 1655 Tu
802 1611 978 1655 autem
1025 1604 1245 1669 emines,
1279 1613 1329 1658 et
1382 1611 1721 1675 supergressa
1768 1610 1821 1661 es
1873 1607 2165 1661 universas.

596 1692 721 1762 lpsa
772 1709 902 1749 vero
954 1696 1244 1765 sapientia,
1296 1695 1528 1751 scientia
1577 1698 1954 1763 scientiarum,
2007 1714 2171 1769 super

597 1798 791 1840 omnes
824 1802 1009 1842 rerum
1045 1788 1409 1842 humanarum
1463 1788 1724 1844 scientias
1769 1790 1995 1854 eminet,
2037 1807 2173 1861 qua-

594 1891 715 1932 rum
766 1893 935 1933 causa
991 1888 1113 1947 est;
1164 1895 1357 1935 omnes
1409 1891 1653 1951 superal,
1701 1883 1828 1952 quia
1883 1884 2169 1937 scientiam

594 1978 649 2024 et
684 1970 943 2026 virtutem
975 1982 1195 2027 exercet
1229 1979 1285 2028 et
1319 1980 1521 2028 tractat
1550 1973 1618 2029 de
1649 1974 1815 2029 rebus
1843 1974 2064 2029 divinis.

669 2165 829 2229 Vsus.
862 2174 1224 2231 30.Fallaces
1284 2178 1497 2247 gratias,
1547 2188 1595 2232 et
1648 2195 1784 2234 vana
1837 2176 2171 2249 pulchritudo

599 2266 843 2319 mulieris
870 2283 975 2320 non
1004 2275 1126 2321 sunt
1156 2268 1213 2321 in
1247 2275 1316 2322 te.
1342 2266 1460 2322 Non
1492 2269 1677 2339 places
1707 2269 1805 2324 tibi
1838 2270 1892 2324 in
1926 2271 2012 2325 his
2052 2286 2173 2341 quae

592 2357 851 2411 videntur
880 2373 1026 2424 esse,
1058 2372 1165 2413 non
1196 2365 1324 2415 sunt
1365 2359 1529 2413 bona.
1586 2358 1772 2431 Neque
1803 2375 1942 2415 vana
1975 2360 2169 2416 iacim-

591 2448 682 2502 dia
715 2447 877 2517 hujus
913 2448 1215 2518 sapientize,
1245 2464 1368 2520 quae
1405 2449 1459 2503 in
1491 2450 1669 2505 verbis
1694 2460 1750 2505 et
1782 2450 1973 2506 formis
2034 2467 2172 2506 con—

592 2540 758 2605 sistit,
818 2541 1197 2609 elegantiaque
1239 2541 1511 2596 sermonis
1569 2542 1679 2595 scit
1724 2553 1885 2595 aures
1909 2542 2169 2605 mulcere,

592 2631 919 2687 invenienda
972 2641 1057 2686 est
1106 2633 1161 2685 in
1189 2641 1244 2686 te
1293 2648 1415 2702 quae
1448 2640 1531 2687 est
1582 2646 1742 2686 versa
1773 2633 2063 2703 sapientia,
2118 2642 2173 2689 et

591 2737 807 2777 omnem
830 2721 1141 2791 superbiam
1188 2720 1389 2775 tulisti.

660 2809 858 2867 Mulier
882 2821 1061 2866 autem
1094 2811 1405 2882 intelligens
1442 2810 1799 2867 benedicatur.
1846 2810 2023 2883 Ipsam
2054 2810 2174 2866 lau-

590 2905 685 2959 dat
716 2905 1053 2969 intellectus,
1087 2903 1181 2973 qui
1208 2904 1421 2958 habitat
1444 2920 1567 2959 cum
1588 2919 1674 2967 ea,
1708 2905 1932 2974 quando
1950 2904 2171 2974 sapien-

592 2996 671 3049 tia
711 2995 778 3049 de
801 2995 1046 3064 appetitu
1079 2993 1276 3047 animae
1303 2995 1565 3048 concordi
1595 3011 1717 3049 cum
1752 2996 2101 3050 sermonibus
2118 3004 2173 3050 et

592 3087 838 3140 moribus
865 3087 1151 3156 praeceptis
1213 3085 1491 3141 laudatur.
1555 3085 1711 3140 Tunc
1754 3086 1905 3141 videt
1959 3087 2173 3142 intelle—

590 3184 738 3239 ctus,
768 3175 910 3230 facta
944 3176 1249 3231 divinorum
1270 3183 1664 3246 praeceptorum
1695 3176 2033 3247 experientia
2057 3218 2072 3241 ,
2113 3193 2174 3233 se

591 3264 888 3324 feliciorem
911 3284 1032 3324 esse
1061 3275 1114 3323 et
1143 3268 1355 3324 cmlesti
1386 3268 1505 3337 ejus
1537 3266 1930 3338 doctrina,qua
1960 3283 1990 3321 a
2025 3284 2171 3322 mor-

590 3361 770 3417 tiferis
795 3364 1150 3433 passionibus
1176 3371 1479 3429 amovetur,
1503 3372 1667 3433 atque
1699 3362 1765 3416 ad
1790 3371 2055 3418 aeternum
2075 3361 2170 3418 Dei

590 3469 823 3526 regnum
844 3452 1180 3524 perducitur.

669 3625 933 3682 Timorem
963 3637 1139 3682 autem
1163 3627 1380 3683 Domini
1404 3630 1511 3683 ista
1531 3628 1731 3684 laudet.
1756 3628 2166 3687 Permanentem

590 3723 646 3777 in
675 3720 876 3777 saecula
915 3722 1240 3776 saeculorum
1282 3730 1534 3776 sanctum
1572 3723 1821 3777 timorem
1862 3721 2077 3778 Domini
2110 3724 2167 3780 in

590 3814 751 3870 vobis
779 3813 965 3868 laudet
1032 3828 1097 3869 ne
1128 3813 1280 3868 illum
1311 3814 1687 3870 contemnatis
1709 3814 2023 3885 aliquando.

656 3993 829 4051 Vens.
879 3995 970 4050 51.
1033 3992 1172 4048 Date
1216 3994 1265 4048 ei
1311 3994 1376 4049 de
1419 3994 1675 4066 fructibus
1713 3994 1975 4049 labiarum
2027 3996 2164 4064 ejus.

588 4086 798 4142 Deinde
826 4087 937 4157 jam
968 4086 1196 4157 perfecti
1230 4097 1284 4141 et
1326 4088 1553 4143 omnino
1607 4089 1885 4160 sapientia:
1910 4088 2161 4159 subjecti,

586 4190 644 4235 et
679 4188 1099 4251 perseverantes
1137 4196 1309 4250 usque
1336 4180 1388 4236 in
1421 4180 1763 4249 ilnem,alios
1784 4183 2164 4253 ejusdoctrina

589 4270 935 4341 adjuvandos
967 4270 1033 4325 ad
1066 4286 1185 4326 eam
1210 4272 1490 4340 adducite,
1517 4274 1716 4345 quibus
1741 4274 1909 4331 verbo
1938 4274 2163 4333 etfactis

590 4366 825 4420 salutem
850 4364 1316 4437 praedicaveritis.

661 4540 729 4595 Et
754 4540 1006 4595 laudetur
1028 4542 1081 4595 in
1115 4543 1285 4612 portis
1317 4542 1398 4597 vir
1424 4542 1562 4614 ejus.
1596 4538 1872 4600 Laudetur
1886 4543 2048 4601 etiam
2068 4544 2161 4616 qui

2361 1143 2464 1200 κθ’.
2530 1140 2763 1197 Πολλοί
2830 1140 3152 1210 θυγατέρες
3218 1138 3515 1206 ἐποίησαν
3585 1139 3864 1211 δύναμιν.

2283 1238 2541 1291 Πλεῖσται
2589 1233 2892 1304 ἐπιστῆμαι
2944 1231 3051 1285 τῶν
3096 1232 3453 1302 ἀνθρωπίνων
3502 1235 3863 1305 πραγμάτων,

2282 1332 2383 1404 τὴν
2420 1330 2582 1400 φύσιν
2621 1328 2728 1382 τῶν
2766 1324 3073 1397 ἀνθρώπων
3110 1324 3546 1394 ἐνεδυνάμωσαν.

2346 1420 2577 1476 Ralla!
2606 1418 2941 1486 ἐκτήσαντο
2964 1416 3252 1470 πλοῦτον.
3274 1415 3527 1469 Πλεῖσται
3549 1417 3864 1489 περιεποιή,

2276 1528 2437 1566 σαντο
2471 1511 2663 1581 ταύτῃ,
2702 1507 2954 1577 ἀφθόνως
2993 1506 3063 1560 τὰ
3099 1504 3337 1578 χρειώδη
3380 1504 3459 1574 τῷ
3498 1504 3734 1576 σώματι.

2345 1603 2430 1659 Σὺ
2467 1602 2537 1657 δὲ
2572 1601 2943 1669 ὑπέρκεισαι,
2971 1598 3068 1652 καί
3101 1595 3413 1667 ὑπερῆρας
3446 1597 3673 1667 πάσας.
3712 1597 3857 1672 Αὕτη

2276 1696 2332 1750 δὲ
2360 1697 2395 1767 ἡ
2430 1695 2624 1763 σοφία,
2664 1687 2753 1746 οἷα
2795 1691 3075 1761 ἐπιστήμη
3125 1689 3467 1760 ἐπιστημῶν,
3498 1691 3639 1763 ὑπὲρ
3680 1692 3856 1755 πάσας

2276 1787 2375 1851 τὰς
2406 1786 2513 1841 τῶν
2549 1784 2904 1857 ἀνθρωπίνων
2934 1784 3278 1855 πραγμάτων
3328 1784 3637 1855 ἐπιστήμας
3679 1785 3856 1856 ὑπάρ-

2277 1896 2384 1949 χει,
2411 1878 2487 1941 ὡς
2519 1876 2720 1931 τούτων
2740 1876 2911 1940 αἰτία,
2932 1875 3029 1929 καὶ
3057 1876 3175 1938 ταῖς
3204 1875 3345 1929 κατά
3373 1875 3575 1943 γνῶσιν
3608 1877 3701 1929 καὶ
3726 1875 3859 1946 ἀρε-

2202 1958 2246 2016 Β
2272 1973 2371 2043 τὴν
2403 1970 2704 2041 ἐνεργείαις
2726 1968 3073 2038 ὑπερϐέϐηκε
3101 1968 3303 2035 πάσας,
3328 1966 3486 2021 θείων
3511 1966 3859 2038 πραγμάτων

2271 2063 2551 2134 ἐπιστήμη
2588 2062 2930 2133 ὑπάρχουσα.

2338 2152 2405 2208 λ’.
2451 2153 2699 2221 Ψευδεῗς
2718 2153 3046 2223 ἀρέσκειαι,
3068 2153 3169 2208 καί
3202 2152 3453 2222 μάταιον
3483 2154 3719 2222 κάλλος
3745 2174 3852 2225 τυ-

2270 2246 2477 2313 ναικὸς
2512 2247 2624 2300 οὐκ
2643 2246 2815 2299 ἐστιν
2845 2245 2917 2300 ἐν
2950 2246 3073 2301 σοί.
3119 2244 3245 2299 Ἐπὶ
3270 2247 3377 2319 γὰρ
3407 2247 3520 2309 τοῖς
3548 2246 3651 2300 οὐκ
3682 2242 3855 2315 οὖσιν,

2272 2337 2405 2392 ἀλλὰ
2432 2335 2648 2390 δοκοῦσι
2675 2336 2883 2400 καλοῖς,
2914 2337 3015 2390 οὐκ
3040 2336 3252 2409 ἀρέσκῃ
3272 2351 3289 2368 ⁶
3313 2338 3408 2390 καὶ
3433 2337 3685 2408 ἀνόνητος
3704 2356 3853 2408 κομ-

2271 2429 2397 2499 ψεία
2433 2429 2623 2499 σοφίας
2653 2429 2752 2495 τῆς
2779 2429 2838 2483 ὲν
2863 2428 3010 2499 λόγῳ
3051 2428 3312 2500 κειμένης
3345 2429 3440 2482 καὶ
3470 2433 3724 2501 στροφαῖς
3754 2428 3843 2483 λέ-

2274 2519 2426 2586 ξεων,
2456 2522 2521 2574 ὲκ
2562 2520 2757 2592 τέχνης
2803 2520 2862 2572 ὲν
2915 2520 3163 2591 προφορᾷ
3193 2519 3315 2573 κατ’
3339 2521 3673 2589 εὐγλωττίαν
3715 2523 3850 2593 πρὸς
3960 2568 3963 2571 .

2272 2611 2442 2679 ἀκοῆς
2480 2610 2671 2683 ἡδονὴν
2714 2611 3124 2681 γοητευομένη,
3158 2609 3257 2681 οὐχ
3308 2611 3545 2683 ὑπάρχει
3578 2613 3636 2666 ὲν
3665 2612 3747 2665 σοὶ
3782 2614 3849 2684 τῇ

2271 2708 2441 2768 ὅντως
2481 2705 2678 2776 σοφίᾳ,
2719 2703 2793 2767 ὡς
2833 2703 2894 2756 τὸ
2933 2703 3217 2773 φιλότιμον
3258 2704 3403 2758 ἅπαν
3442 2703 3808 2777 καταλυούσῃ.

2343 2795 2512 2862 Γυνὴ
2539 2793 2648 2864 γὰρ
2669 2791 2920 2861 συνετὴ,
2951 2793 3352 2863 εὐλογημένη.
3395 2794 3552 2848 Οῦτω
3570 2794 3627 2848 δὲ
3645 2795 3851 2867 ταύτην

2271 2889 2300 2940 ὁ
2334 2886 2579 2948 σύνοικος
2609 2885 2782 2955 αὐτῆς
2812 2883 2933 2948 νοῦς
2961 2884 3244 2956 ἐπῄνεσεν,
3277 2884 3467 2956 ἐπειδὴ
3498 2885 3656 2955 σοφία
3684 2886 3718 2957 ἡ
3748 2885 3852 2949 τὰς

2272 2978 2561 3050 ὀρεκτικὰς
2611 2978 2711 3047 τῆς
2758 2977 2935 3048 ψυχῆς
2984 2977 3245 3049 δυνάμεις
3293 2979 3568 3032 συννεύειν
3615 2979 3850 3034 ποιοῦσα

2273 3071 2406 3143 πρὸς
2439 3070 2566 3135 τοὺς
2594 3070 2785 3139 λόγους
2820 3071 2913 3123 καὶ
2944 3071 3071 3135 τοὺς
3098 3072 3334 3142 τρόπους
3360 3071 3469 3125 τῶν
3499 3071 3726 3125 ἐντολῶν
3750 3072 3850 3126 ἑπ-

2272 3164 2502 3217 αινεῖται
2526 3177 2543 3194 ·
2573 3160 3088 3233 καταλαμϐάνοντος
3117 3163 3212 3216 τοῦ
3254 3163 3390 3229 νοὸς,
3422 3166 3489 3235 τῇ
3534 3165 3641 3218 τῶν
3685 3164 3845 3218 θείων

2274 3255 2502 3308 ὲντολῶν
2530 3255 2702 3328 πείρᾳ
2722 3294 2738 3320 ν
2769 3256 2852 3309 ὅτι
2882 3255 3259 3327 εὐεργετοῦσιν
3284 3256 3445 3309 αὑτὸν
3475 3257 3543 3310 τὰ
3570 3256 3692 3311 θεῖα
3716 3256 3847 3311 ταύ-

2273 3365 2371 3420 της
2395 3348 2723 3419 διδάγματα,
2744 3347 2819 3412 ὡς
2844 3348 2952 3403 τῶν
2985 3349 3330 3421 φθοροποιῶν
3358 3350 3549 3404 παθῶν
3572 3351 3841 3405 ἁπαλλάτλ

2270 3452 2450 3501 τοντα,
2484 3435 2581 3489 καὶ
2628 3438 2708 3500 είς
2754 3436 2855 3509 τὴν
2899 3437 3203 3511 ἀνώλεθρον
3253 3439 3345 3494 τοῦ
3390 3439 3525 3495 Θεοῦ
3570 3440 3847 3513 βασιλείαν

2271 3528 2581 3596 είσάγοντα.

2338 3622 2533 3676 Φόϐον
2579 3620 2649 3676 δὲ
2687 3623 2911 3694 Κυρίου
2948 3625 3101 3693 αὕτη
3134 3641 3383 3679 αινειτω.
3426 3626 3529 3681 Τὸν
3556 3626 3613 3681 δὲ
3653 3628 3846 3700 διαμέ-

2266 3729 2427 3767 νοντα
2451 3715 2531 3779 είς
2551 3713 2724 3769 αίῶνα
2740 3716 2930 3779 αίῶνος
2951 3716 3112 3785 ἁγνὸν
3136 3716 3300 3785 φόϐον
3320 3716 3415 3771 τοῦ
3437 3720 3708 3774 Δεσπὸτου
3730 3721 3843 3776 τῶν

2270 3805 2411 3859 ὅλων
2442 3804 2580 3860 Θεοῦ
2604 3847 2619 3871 ,
2655 3808 2713 3861 ὲν
2743 3807 2871 3877 ὑμῖν
2901 3807 3169 3873 δοξαζέτω
3191 3824 3204 3841 ·
3242 3808 3324 3863 ἵνα
3357 3807 3433 3880 μὴ
3459 3810 3540 3874 είς
3564 3811 3845 3881 καταφρό-

2274 3914 2431 3968 νησιν
2472 3896 2639 3951 αὐτοῦ
2680 3896 3033 3969 περιπέσητε.

2332 3988 2435 4044 λα’.
2475 3989 2617 4042 Δότε
2664 3987 2819 4056 αὑτῇ
2866 3989 2985 4044 ἀπὸ
3028 3985 3273 4057 καρπῶν
3321 3987 3571 4058 χειλέων
3624 3989 3838 4061 αὐτῆς.

2264 4080 2478 4134 Τέλειοι
2512 4081 2557 4134 δ’
2579 4080 2830 4135 ἐντεῦθεν
2866 4082 3225 4154 ὑπάρχοντες,
3251 4080 3326 4144 ὡς
3365 4080 3473 4135 ὅλοι
3504 4084 3606 4152 τῆς
3645 4082 3839 4151 σοφίας

2262 4173 2563 4244 γενόμενοι,
2583 4175 2678 4227 καὶ
2692 4174 3039 4245 διαμένοντες
3054 4172 3329 4244 ἄτρεπτοι,
3346 4173 3648 4244 προσάγετε
3663 4174 3838 4249 ταύτῃ

2262 4262 2360 4321 καὶ
2398 4265 2617 4336 ἑτέρους
2648 4266 2777 4329 τοὺς
2804 4265 3210 4336 ὠφελουμένους
3235 4264 3323 4318 διὰ
3352 4264 3457 4317 τῶν
3486 4263 3835 4335 διδαγμάτων

2261 4359 2449 4429 αὐτῆς,
2479 4356 2662 4428 ἔργοις
2712 4358 2807 4412 καὶ
2854 4358 3029 4427 λόγοις
3077 4356 3486 4420 ὑποδεικνύντες
3534 4357 3713 4420 αὐτοῖς
3758 4358 3831 4410 τά

2263 4449 2503 4522 σωτήρια

2329 4544 2438 4598 Kal
2463 4542 2742 4599 αἰνείσθω
2780 4542 2850 4597 ἐν
2887 4542 3109 4607 πύλαις
3151 4543 3185 4596 ό
3228 4538 3384 4610 ἀνὴρ
3408 4538 3614 4609 αὐτῆς.
3652 4538 3761 4592 Καὶ
3796 4539 3830 4592 6

588 4633 803 4688 habitat
834 4648 958 4688 cum
978 4647 1041 4687 ea
1075 4633 1388 4690 intellectus
1418 4642 1725 4691 vestrorum
1747 4635 2156 4707 magistrorum,

2267 4632 2522 4687 συνοικῶν
2548 4632 2724 4706 ταύτῃ
2752 4633 2907 4703 ὑμῶν
2935 4633 3042 4687 τῶν
3064 4632 3400 4687 διδασκάλων
3430 4632 3555 4696 νοῦς
3572 4672 3587 4695 ,
3623 4633 3679 4684 ὲν
3706 4633 3828 4695 ταῖς

590 4726 753 4798 quasi
785 4726 841 4781 in
878 4728 1082 4798 portis,
1112 4728 1166 4782 in
1207 4728 1401 4799 primis
1444 4728 1849 4798 cognitionibus
1887 4744 2070 4786 rerum
2127 4744 2159 4785 a

2267 4725 2419 4797 δίκην
2463 4724 2647 4780 πυλῶν
2695 4726 3015 4795 εἰσαγωγαῖς
3063 4724 3345 4797 αἰσθήσεσι
3394 4723 3504 4778 τῶν
3545 4723 3675 4793 παρ’
3697 4724 3828 4793 ὑμῖν

591 4819 752 4874 Vobis
780 4818 1203 4885 discendarum;
1234 4818 1349 4891 qui,
1397 4819 1531 4876 visis
1566 4821 1766 4877 vestris
1787 4820 1946 4878 bonis
1977 4822 2160 4893 operi-

590 4910 719 4975 bus,
750 4908 1136 4983 gloriflcabunt
1181 4911 1397 4969 Patrem
1450 4921 1702 4970 nostrum
1751 4912 1846 4986 qui
1900 4913 1957 4969 in
1998 4913 2156 4970 caelis

589 5009 696 5060 est.

2261 4816 2680 4889 διδασκομένων,
2710 4816 3093 4890 εὐφημείσθω*
3132 4816 3383 4889 ὁρώντων
3407 4816 3476 4869 τά
3501 4815 3640 4869 καλὰ
3674 4814 3829 4885 ὑμῶν

2262 4909 2399 4980 ἔργα
2418 4949 2433 4976 ,
2468 4910 2564 4964 καὶ
2589 4908 2921 4978 δοξαζόντων
2948 4908 3039 4965 τὸν
3058 4910 3287 4981 Πατέρα
3310 4908 3466 4981 ἡμῶν
3501 4908 3595 4961 τὸν
3626 4909 3686 4963 ὲν
3714 4910 3829 4972 τοῖς

2261 5005 2320 5059 οὐ
2329 5008 2525 5076 ρανοίς.

1330 5409 1645 5477 EXPLICIT
1682 5418 1859 5477 PARS
1893 5418 2106 5479 PRIMA
2143 5413 2309 5481 70M!
2342 5417 2750 5483 OCTOGESIMI
2788 5420 3082 5485 SEPTIMI.

2606 5851 2848 5911 Parisiis.
2880 5883 2949 5895 —
2976 5853 3054 5912 Ex
3082 5854 3222 5925 typis
3250 5854 3313 5910 L.
3348 5855 3579 5913 MlGNE.
