4246 6454
326 358 394 423 l7
1757 365 2167 426 PRJEFATIO.
3526 365 3540 422 l
3557 367 3588 426 8

3143 505 3186 512 ι-
3216 507 3316 514 -ι--.η-
3336 508 3348 514 -
3374 508 3563 517 -λ-η--,..-.

1433 505 1907 517 -——-——_I—
1939 502 3186 516 ~—_———_—W-—
3216 507 3316 514 μ--.η-
3336 508 3348 514 -
3374 508 3563 517 -λ-η---..-.

1433 519 1830 532 ᾐ-
1855 525 1862 530 ι
1883 517 3414 532 *ᾐᾝη---ῆρ-
3437 521 3577 532 --ἦ

1240 691 1509 777 ANG.
1661 689 1866 777 MAI
1993 690 2668 781 ΡΒΑΞΓΛΤΙΟ.

1477 875 1676 945 (Class.
1732 876 1888 929 Auct.
1916 881 1955 929 ι.
1992 873 2076 938 VI,
2110 875 2321 948 Proleg.
2363 879 2440 946 Pi.)

394 1179 455 1234 In
497 1179 730 1236 exordio
763 1178 950 1247 operis
983 1178 1130 1247 quod
1183 1192 1212 1230 a
1243 1176 1402 1232 nobis
1442 1178 1542 1230 hoc
1577 1177 1855 1231 volumine
1885 1176 2087 1237 editur.
2141 1186 2329 1230 narrat
2385 1173 2682 1244 Proc0pius
2716 1176 2986 1244 duplicem
3053 1191 3078 1228 a
3142 1192 3199 1230 se
3265 1191 3596 1232 commenta-

323 1268 469 1320 rium
500 1269 566 1320 ad
601 1266 1004 1320 Octateuchum
1031 1265 1202 1319 fuisse
1227 1262 1590 1328 adornatum;
1624 1265 1862 1332 primum
1902 1265 2121 1332 quidem
2161 1264 2585 1331 amplissimum.
2635 1279 2696 1316 ex
2765 1264 3006 1331 antiquis
3060 1262 3312 1318 Pati-ibus
3367 1266 3595 1333 aliisque

321 1355 697 1423 scriptoribus
749 1353 1095 1422 decerptum,
1147 1360 1202 1404 et
1257 1359 1485 1415 catrnm,
1550 1359 1609 1403 ut
1666 1351 1964 1420 loquimur,
2014 1354 2119 1405 ritu
2168 1352 2517 1405 ordinatum:
2588 1354 2814 1405 retentis
2862 1354 3104 1420 ipsorum
3161 1363 3444 1405 auctorum
3503 1355 3599 1405 ad-

321 1442 597 1495 amussim
636 1441 855 1503 verbis;
890 1442 1006 1494 sive
1040 1439 1333 1507 opiniones
1384 1439 1525 1491 inter
1553 1453 1612 1492 se
1668 1449 2053 1508 congruerent,
2121 1441 2236 1494 sive
2271 1453 2453 1493 secus.
2501 1437 2691 1491 Postea
2746 1449 2921 1492 tamen
2982 1440 3108 1508 quia
3163 1440 3325 1509 lmjus
3388 1442 3601 1509 generis

319 1527 644 1580 lucubratio
703 1528 758 1580 in
796 1528 1127 1580 immensum
1183 1539 1508 1579 excrescere
1558 1524 1867 1587 videbatur,
1929 1527 2218 1580 consilium
2261 1526 2401 1594 cepit
2452 1525 2592 1578 hanc
2641 1525 2704 1577 ad
2757 1527 2938 1594 aptius
2987 1527 3367 1594 compendium
3419 1526 3603 1580 conie-

321 1615 481 1667 reudi
521 1632 534 1667 :
599 1623 767 1681 atque
833 1615 906 1667 ita
954 1614 1279 1682 plerumque
1329 1611 1556 1666 omissis
1591 1619 1878 1665 auctorum
1912 1612 2248 1674 nominibus,
2284 1619 2336 1664 et
2379 1625 2474 1664 ore
2511 1612 2734 1680 propiio
2757 1613 3007 1679 loquens,
3039 1628 3151 1665 rem
3203 1614 3368 1667 semel
3422 1613 3605 1665 dicere

320 1701 541 1762 maluit,
603 1701 693 1754 ubi
743 1711 894 1754 certe
938 1708 1193 1754 auctores
1235 1699 1375 1752 inter
1423 1713 1482 1752 se
1548 1700 1979 1768 conspiralmnt;
2037 1700 2124 1754 ubi
2175 1710 2353 1754 autem
2404 1700 2633 1753 invicem
2682 1700 3041 1763 dissidebant,
3093 1717 3204 1753 rem
3249 1702 3605 1754 uihilmuinus

321 1789 604 1840 rnncinua
643 1787 916 1840 brevitate
942 1786 1275 1850 edisseruit;
1310 1801 1420 1855 quo
1455 1785 1709 1838 videlicet
1754 1801 1892 1854 opus
1927 1787 2239 1842 concretius
2289 1786 2457 1850 ﬁeret,
2492 1795 2546 1841 et
2578 1802 2687 1840 uno
2746 1787 2910 1840 veluti
2943 1798 3168 1840 auctore
3229 1789 3597 1856 progenitum.

317 1873 494 1941 Major
547 1875 639 1927 illa
688 1872 944 1944 Procopii
978 1873 1290 1927 lucubratio
1340 1873 1394 1926 in
1430 1888 1562 1926 mss.
1616 1872 1963 1928 bibliothecis
2023 1884 2235 1930 exstare
2280 1875 2496 1928 videtur
2544 1877 2644 1942 (l);
2712 1876 2805 1929 sed
2846 1875 3031 1929 Grzcee
3087 1876 3262 1928 lucem
3308 1885 3454 1926 ccrle
3499 1890 3604 1927 neu

318 1963 498 2014 vidit:
549 1962 730 2015 minor
769 1971 952 2015 autem
1007 1976 1164 2030 atque
1211 1960 1414 2014 inedita
1453 1962 1505 2014 in
1567 1961 1784 2016 duobus
1829 1961 2116 2030 pontiﬁci-J3
2169 1961 2508 2016 bibliotheca:
2547 1963 2829 2017 codicibus
2877 1962 3004 2014 mihi
3050 1979 3109 2016 se
3175 1963 3395 2026 obtulit,
3447 1972 3501 2012 ct
3551 1963 3603 2013 in

317 2064 435 2102 uno
492 2051 662 2102 etiam
693 2049 1042 2103 bibliotheca:
1089 2047 1447 2102 Albaniorum
1506 2047 1574 2101 ab
1620 2047 1739 2114 ejus
1774 2049 2032 2116 perdocte
2079 2049 2308 2118 prteside
2356 2050 2644 2105 observata
2685 2049 2880 2112 fuerat,
2915 2050 3008 2119 qui
3059 2059 3113 2102 et
3144 2050 3350 2103 codicis
3417 2065 3602 2109 nsum,

319 2145 534 2188 utcuin
573 2133 858 2190 Vaticanis
881 2134 1214 2201 conferrem,
1266 2134 1398 2187 mihi
1457 2135 1753 2188 concessit.
1794 2133 1912 2188 Una
1983 2145 2162 2190 tamen
2214 2136 2379 2190 trium
2430 2137 2682 2192 codicum
2744 2138 2897 2209 origo
2937 2137 3077 2191 fuit:
3122 2153 3246 2190 navu
3303 2147 3350 2190 et
3410 2137 3608 2190 iisdem

317 2237 558 2292 prorsus
593 2223 810 2277 lacunis
863 2223 1039 2286 hiant,
1091 2229 1145 2277 ct
1205 2221 1396 2276 eodem
1469 2219 1572 2275 line
1613 2222 1980 2288 clauduntur;
2041 2234 2094 2278 et
2128 2224 2237 2277 duo
2274 2225 2467 2278 saltem
2511 2225 2563 2278 in
2617 2226 2857 2280 minimis
2885 2227 3050 2279 etiam
3086 2226 3236 2278 vitiis
3265 2226 3605 2291 conspirant,

321 2309 634 2365 Vaticanus
686 2313 903 2366 scilicet
958 2312 1253 2379 primuset
1292 2310 1657 2374 Albancnsis;
1708 2324 1834 2364 nam
1891 2309 2215 2365 Vaticanum
2251 2311 2481 2366 alterum
2523 2313 2590 2366 ab
2637 2313 2889 2380 imperita
2941 2330 3105 2366 manu
3160 2311 3469 2366 confectum
3524 2312 3607 2363 \ix

319 2412 778 2453 eounucmorem.
844 2395 908 2450 Et
951 2397 1102 2450 illum
1162 2397 1382 2467 quidem
1433 2397 1735 2467 principem
1770 2397 1970 2452 saaculo
2018 2413 2084 2452 xv
2119 2398 2386 2468 scriptum
2426 2400 2638 2468 judico,
2675 2402 3036 2455 Albanensem
3067 2413 3251 2454 autem
3281 2411 3328 2454 ct
3375 2402 3606 2453 alterum

326 2483 663 2539 Vaticanum
698 2496 964 2555 sequente
994 2487 1232 2552 sarculo;
1265 2493 1640 2539 verumtamen
1682 2486 1892 2554 primus
1932 2483 2229 2540 Vaticanus
2267 2502 2297 2542 e
2346 2498 2662 2557 pervetusto
2700 2489 2882 2556 aliquo
2933 2490 3231 2557 exemplari
3294 2487 3602 2554 mei-ipim-

323 2571 454 2635 !ait,
499 2574 706 2627 detrito
758 2576 874 2644 jam
908 2583 961 2627 et
991 2574 1324 2644 quandoque
1372 2573 1579 2636 lacero,
1631 2573 1775 2640 quod
1813 2587 1936 2627 cum
2002 2572 2121 2642 ipso
2168 2572 2418 2644 Procopii
2471 2576 2811 2646 autographo
2853 2575 3110 2629 collatum
3170 2575 3369 2633 fuerat,
3423 2585 3480 2627 ut
3530 2573 3612 2624 in-

325 2663 568 2730 scriptio
595 2663 835 2748 insignis
876 2670 1112 2717 testatur
1161 2662 1216 2716 in
1248 2661 1401 2716 calce
1427 2659 1635 2714 codicis
1662 2657 1911 2730 Procopii
1953 2675 2002 2713 ni

1953 2661 2163 2715 nomini
2205 2662 2465 2732 adjecta:
2518 2663 2787 2734 ‘EEtstb’Jq
2851 2663 2992 2718 κατὰ
3028 2663 3087 2717 τὸ
3141 2661 3336 2716 ἑαυτοῦ
3400 2661 3615 2731 πρωτό-

325 2763 523 2806 τυπον.

403 2842 568 2896 Nunc
595 2839 735 2895 illud
758 2839 1023 2894 dubitare
1065 2839 1215 2902 licet,
1268 2845 1450 2893 utrum
1497 2837 1802 2908 Procopius
1831 2838 1975 2893 hanc
2017 2853 2180 2908 quam
2213 2839 2479 2900 habemus
2519 2843 2573 2899 in
2610 2842 2866 2897 manibus
2919 2841 3361 2896 lucubrationem
3431 2843 3616 2895 alas-ul-

329 2931 500 2995 verit,
537 2945 607 2983 an
643 2928 809 2984 ta-dio
869 2935 964 2981 aut
1003 2927 1191 2982 labore
1236 2926 1416 2982 victus
1454 2925 1780 2994 abruperit:
1821 2939 1947 2979 nam
1984 2925 2040 2981 in
2070 2924 2336 2986 Romanis
2372 2930 2596 3002 quidem
2639 2931 2927 2988 codicibus
2971 2929 3117 2986 haud
3148 2931 3288 2984 ultra
3342 2927 3620 2985 Ccucscos

329 3019 650 3090 capitulum
677 3031 812 3072 xvnt
841 3015 1115 3086 procedit.
1147 3011 1330 3080 Quare
1375 3022 1627 3083 superest
1652 3022 1712 3066 ut
1740 3013 1972 3069 aliarum
2019 3014 2480 3074 bibliothecarum
2529 3017 2772 3090 prmlccti
2841 3017 3064 3074 codices
3116 3031 3249 3074 suos
3293 3017 3618 3088 inspiciunt,

326 3118 390 3166 et
421 3110 570 3164 hanc
607 3107 771 3163 nobis
802 3105 1205 3162 dubitationem
1228 3103 1486 3174 eripiant.
1516 3100 1738 3160 Interim
1768 3116 1900 3158 vero
1954 3101 2256 3162 Christiani
2293 3105 2535 3162 rhetoris
2570 3115 2735 3181 atque
2794 3107 3188 3171 hermeneum,
3225 3115 3384 3164 sexto
3413 3103 3620 3163 Cluisti

331 3196 545 3252 seculo
578 3194 735 3261 clari,
772 3193 938 3264 cujus
963 3193 1076 3268 jam
1103 3192 1159 3246 in
1187 3198 1385 3260 quarto
1415 3189 1693 3244 volumine
1745 3187 1866 3258 plus
1930 3201 2152 3248 centum
2186 3193 2450 3264 epistolas
2487 3195 2787 3268 divulgavi,
2834 3194 3130 3252 classicum
3175 3194 3399 3266 oppido,
3464 3193 3622 3248 Incu-

333 3285 578 3349 lentum,
611 3284 980 3348 uberrimum,
1005 3290 1060 3336 et
1083 3280 1294 3352 jamdiu
1336 3288 1655 3349 exoptatum
1683 3279 1750 3334 ad
1782 3277 2040 3336 Genesim
2092 3281 2548 3337 commentarium
2593 3282 2827 3339 libenter
2877 3282 3174 3338 admodum
3240 3280 3619 3335 mmmuditati

332 3375 579 3442 publica:
603 3373 885 3428 exhibeo:
924 3370 1086 3441 cujus
1123 3368 1346 3440 quidem
1395 3367 1586 3423 laudes
1609 3367 1909 3436 praedicare
1935 3365 2065 3437 quid
2098 3366 2348 3435 interest,
2391 3383 2516 3424 cum
2563 3385 2643 3426 ea:
2687 3370 2997 3441 legentibus
3065 3366 3312 3425 conlatis
3374 3375 3618 3438 pateant,

336 3461 554 3532 ignaris
581 3474 768 3514 autem
801 3467 857 3514 et
891 3457 1126 3528 illepidis
1177 3470 1286 3510 non
1325 3452 1740 3525 sum-agentur!
1768 3452 1930 3510 Certe
1956 3453 2143 3523 operis
2181 3464 2565 3528 argumentum
2629 3464 2793 3525 atque
2823 3454 3080 3510 tractatio
3116 3453 3400 3525 permagni
3437 3455 3614 3510 inter-

335 3562 460 3613 est,
505 3550 575 3604 de
631 3549 822 3603 mundi
881 3559 1078 3601 natura
1129 3541 1410 3608 vidi-licet,
1462 3543 1530 3598 de
1580 3552 1704 3597 ortu
1734 3541 1973 3599 hominis
2013 3549 2180 3612 atque
2209 3542 2330 3613 ejus
2383 3535 2557 3600 libero
2593 3542 2848 3608 arbitrio,
2887 3541 2956 3598 de
3017 3541 3179 3612 culpa
3233 3540 3503 3613 principe,
3561 3543 3626 3598 de

339 3636 647 3691 homicidio
677 3636 880 3708 primo,
917 3635 985 3690 de
1013 3632 1222 3688 diluvio
1252 3639 1307 3688 et
1333 3646 1484 3698 arca,
1515 3629 1583 3686 de
1618 3630 1842 3685 humani
1881 3629 2100 3701 generis
2158 3629 2496 3688 incremento
2541 3643 2607 3686 ac
2670 3627 2990 3687 dlﬂ'usione.
3025 3627 3312 3686 Accedunt
3365 3629 3626 3700 antiquo-

339 3741 468 3780 rum
505 3726 875 3794 interpretum
930 3730 1096 3791 atque
1147 3720 1453 3777 editionum
1515 3718 1782 3774 lectiones
1841 3717 2007 3772 varia:
2037 3733 2103 3773 ex
2153 3716 2404 3790 Origcnis
2440 3717 2702 3790 Hexaplis
2735 3732 2766 3773 a
2799 3715 3070 3787 Procopio
3120 3717 3251 3773 olim
3292 3715 3623 3787 desumpta.

338 3831 470 3886 qua:
499 3829 650 3870 nunc
695 3812 762 3868 ad
794 3812 985 3868 eadem
1036 3809 1282 3882 Hexapla
1324 3812 1468 3881 (qua:
1498 3825 1596 3881 pro
1663 3808 1872 3866 viribus
1928 3804 2372 3864 Montfaueonius
2438 3803 2711 3877 restituit)
2761 3804 3102 3878 postliminio
3160 3802 3437 3861 redibunt.
3487 3802 3626 3860 Cum

338 3915 534 3959 autem
581 3911 692 3957 tota
731 3900 1052 3956 lucubratio
1122 3915 1189 3954 ex
1223 3898 1580 3968 antiquorum
1613 3897 1838 3953 Patrum
1877 3896 2100 3966 scriptis
2132 3901 2393 3965 congesta
2426 3892 2520 3956 sit,
2573 3891 2824 3964 profecto
2859 3891 3128 3949 habemus
3179 3890 3624 3947 hermeneutices

339 4007 526 4063 genus
557 3988 824 4052 solidum,
887 3988 1310 4057 doctrinamque
1357 3987 1757 4051 authenticam,
1804 3999 1971 4054 quam
2017 3997 2120 4054 ego
2147 3981 2368 4052 quidem
2413 3995 2526 4052 pra
2568 3980 2852 4038 hodiernis
2899 3980 3088 4036 multis
3135 3979 3628 4051 grannuaticorum

341 4079 591 4146 argutiis
627 4086 683 4133 et
718 4076 1121 4147 philologorum
1158 4075 1484 4131 commentis
1513 4076 1670 4146 sequi
1703 4073 1910 4128 malim.

418 4166 615 4236 Longe
657 4165 764 4218 alia
803 4165 946 4218 ratio
994 4171 1075 4218 est
1116 4161 1503 4218 commentarii
1547 4160 1853 4233 imperfecti
1900 4161 1956 4216 in
1997 4158 2287 4217 Canticum
2330 4158 2666 4228 Salomonis,
2695 4174 2858 4232 quem
2936 4157 3038 4214 sub
3086 4155 3337 4228 ejusdem
3374 4155 3627 4228 Procopii

343 4258 437 4309 vix
474 4254 651 4308 dubio
709 4252 932 4307 nomine
984 4265 1051 4306 ex
1100 4250 1211 4306 alio
1265 4247 1458 4306 codice
1502 4252 1793 4306 eruimus:
1847 4249 1896 4305 is
1933 4249 2079 4306 enim
2117 4247 2190 4304 ob
2236 4243 3058 4318 deelarandamtantummodo
3110 4245 3407 4302 scribentis
3460 4247 3630 4315 picta-

345 4356 461 4400 tem
501 4343 771 4413 scriptus.
823 4355 1007 4412 neque
1047 4341 1217 4394 ullam
1251 4339 1576 4397 bistoricam
1607 4354 1719 4410 pra:
1749 4353 1810 4396 se
1849 4337 1957 4396 fert
2007 4336 2400 4403 eruditionem,
2437 4351 2615 4409 neque
2668 4337 2735 4393 ad
2765 4336 2954 4410 operis
3005 4335 3307 4408 superioris
3359 4340 3628 4408 prosim:

347 4434 491 4486 tiam
526 4446 763 4502 prorsus
788 4429 1053 4500 assurgit.

426 4588 510 4659 (Ι)
542 4585 594 4640 J.
625 4586 690 4640 Α.
727 4583 1046 4642 Fabricius.
1083 4582 1182 4638 Bib
1209 4581 1305 4639 Gr.
1341 4583 1431 4639 ed.
1464 4599 1591 4638 nov.
1630 4591 1672 4637 t.
1705 4579 1820 4644 νυ,
1845 4596 1896 4651 p.
1934 4581 2056 4638 503.
