4246 6454
663 410 726 474 ιθ
1974 388 2343 448 pnocorn-
2364 390 2605 450 eam
2789 449 2792 452 ,
3848 386 3916 456 20

667 537 932 548 --ς-...ξ
972 537 983 546 9
993 536 1060 546 11-

972 536 2866 565 ._========_________________

1345 767 2384 947 PROCOPII
2491 768 3228 948 GAZ/EI

1999 1114 2625 1207 ΞΟΡΗΙΞΤᾹΞ

1548 1355 1707 1483 ΙΝ
1816 1352 2440 1484 OCTATE
2466 1355 3018 1486 UCHUM

872 1611 1044 1674 SHE
1087 1614 1417 1676 PRIORES
1453 1615 1641 1678 OCTO
1681 1615 2009 1676 VETERIS
2045 1615 2536 1674 TESTAMENTI
2583 1613 2858 1673 LIBROS
2894 1614 3253 1687 ANTIQUE
3304 1614 3704 1677 LECTIONIS

1767 1752 2790 1920 COMMENTARII

2105 2037 2234 2076 NUNC
2275 2033 2469 2076 HINC”

1156 2208 1219 2247 IX
1279 2205 1651 2254 ANTIQUISSIHO
1706 2205 1890 2247 ωεστ)
1926 2205 2094 2251 ευρυε
2126 2203 2481 2244 HANIISCRIPTO
2514 2206 2742 2247 CODICEM
2793 2212 2833 2248 ΙΝ

1742 2207 1890 2247 ΚΕεο
1926 2205 2094 2251 ευρυε
2126 2203 2481 2244 MANIISCRIPTO
2514 2206 2742 2247 CODICEM
2793 2212 2842 2248 IN
2890 2209 3123 2249 LATINI'I
3165 2211 3419 2254 εολνεηι

1871 2374 2040 2425 Claud.
2075 2373 2386 2434 Thrasybulo
2421 2379 2716 2439 interprete.

2256 2547 2326 2564 ﬁn.

1372 2696 1740 2761 JACOBUS
1781 2698 2217 2764 GESNERUS
2279 2693 2804 2770 CHRISTIANO
2849 2704 3237 2772 LECTORI.

736 2862 1060 2931 Quanquam
1093 2871 1146 2916 et
1201 2872 1392 2918 nostra
1426 2866 1587 2920 nobis
1623 2867 1964 2922 conscientia
2003 2880 2054 2923 et
2080 2871 2267 2925 emissi
2311 2872 2362 2926 in
2401 2875 2577 2929 lucem
2611 2892 2675 2929 ex
2717 2875 2932 2934 oll'icina
2964 2887 3151 2933 nostra
3196 2877 3322 2933 libri
3364 2878 3740 2934 testimonium
3774 2879 3926 2935 locu-

665 2953 1031 3018 pletissimnm
1080 2952 1404 3020 perhibeant
1437 2954 1854 3023 typographicis
1900 2956 1986 3009 his
2027 2956 2332 3022 laborilms,
2365 2973 2464 3013 nos
2497 2975 2605 3014 non
2645 2971 2754 3016 tam
2797 2973 3044 3020 nostram
3082 2977 3246 3034 quam
3297 2965 3618 3018 litterariam
3649 2965 3923 3035 publicam

665 3055 779 3091 rem
823 3049 1075 3108 spectare
1107 3042 1468 3095 consuevisse
1510 3059 1524 3094 :
1571 3056 1634 3094 ac
1668 3051 1953 3110 propterea
2002 3058 2110 3094 non
2145 3058 2370 3100 necesse
2406 3046 2636 3101 habeam
2687 3050 2944 3120 cuiquam
2993 3052 3074 3106 vel
3108 3059 3300 3105 nostra
3341 3051 3521 3106 studia
3551 3052 3806 3121 probare,
3838 3051 3924 3104 vel

663 3128 865 3180 librum
901 3129 1048 3181 hunc
1089 3129 1304 3197 magnis
1330 3130 1587 3184 laudibus
1622 3130 1860 3184 vehere:
1896 3130 1990 3185 sed
2025 3131 2245 3185 credam
2274 3133 2453 3201 potius
2476 3134 2606 3190 vino
2639 3137 2902 3192 vendibili
2927 3153 3203 3209 suspensa
3238 3138 3437 3193 hedera
3472 3153 3611 3207 opus
3634 3153 3740 3191 non
3776 3152 3923 3201 esse,

661 3225 845 3270 tanien
886 3227 944 3270 nt
980 3217 1280 3287 intelligas,
1315 3219 1563 3273 studiose
1604 3221 1797 3281 lector,
1823 3229 2041 3288 quantae
2068 3235 2133 3274 ex
2170 3220 2273 3275 hoc
2297 3221 2439 3275 libro
2473 3222 2767 3293 diligenter
2789 3225 2933 3280 lecto
2969 3226 3242 3280 utilitates
3269 3225 3478 3295 percipi
3516 3233 3742 3294 queant,
3777 3224 3923 3293 quod

661 3306 842 3358 SOlt‘lll
871 3306 961 3358 alii
993 3305 1173 3360 facere
1206 3307 1557 3376 typographi,
1589 3306 1850 3376 quodque
1883 3323 2008 3362 cum
2047 3309 2182 3361 mihi
2218 3317 2332 3362 tum
2367 3309 2600 3366 Andrere
2633 3310 2787 3365 fratri
2824 3312 2970 3367 facto
3009 3328 3148 3381 opus
3193 3328 3317 3368 esse
3346 3312 3662 3374 videbatur,
3704 3309 3914 3375 aliquid

658 3394 726 3445 de
750 3395 1021 3462 Procopio
1053 3402 1218 3462 atque
1248 3398 1412 3448 etiam
1447 3394 1548 3448 hoc
1588 3396 1710 3464 ejus
1747 3397 2153 3449 Commentario
2195 3396 2488 3464 praafabor.
2524 3398 2602 3452 Ac
2633 3400 2698 3454 de
2752 3401 2874 3470 ipso
2925 3401 3147 3471 quidem
3195 3399 3487 3469 Proc0pio,
3521 3400 3787 3469 quoniam
3821 3413 3924 3451 nec

659 3474 912 3536 I’hotium
941 3485 1336 3552 patriarcham,
1371 3485 1465 3552 qui
1515 3499 1639 3538 cum
1685 3484 1754 3538 de
1787 3499 1855 3539 eo
1889 3485 2009 3552 ipso
2040 3493 2154 3537 tum
2191 3486 2258 3539 de
2296 3487 2444 3538 omni
2482 3487 2822 3556 scriptorum
2857 3471 3057 3558 genere
3089 3488 3311 3543 duobus
3341 3489 3501 3542 libris
3553 3486 3743 3540 Graece
3790 3487 3930 3538 scri-

660 3575 794 3637 psit,
833 3573 887 3624 in
943 3583 1196 3641 promptu
1232 3571 1405 3626 habeo
1437 3590 1448 3624 :
1485 3586 1586 3626 nec
1625 3571 1998 3641 praedicandis
2051 3572 2190 3626 tanti
2222 3572 2325 3626 viri
2371 3573 2628 3628 laudibus
2665 3575 2784 3644 ipse
2826 3576 3063 3641 suﬂicio,
3102 3591 3279 3645 pauca
3319 3589 3545 3646 possum
3579 3574 3783 3627 dicere.
3820 3571 3930 3626 Sed

662 3661 950 3729 quoniam,
985 3667 1045 3712 ut
1081 3658 1264 3712 Ovidii
1301 3658 1485 3712 verbis
1515 3666 1658 3719 utar,
1686 3660 2025 3714 conveniunt
2055 3657 2184 3713 fatis
2211 3660 2435 3714 nomina
2462 3675 2606 3730 saape
2639 3663 2760 3717 suis
2788 3681 2801 3717 :
2836 3665 2962 3733 quis
2993 3665 3097 3718 sibi
3126 3680 3233 3718 non
3266 3664 3432 3726 ausit,
3459 3663 3543 3718 vel
3577 3661 3767 3715 audito
3796 3659 3932 3714 Pro-

659 3750 802 3817 copii
845 3747 1089 3813 nomine,
1127 3746 1376 3815 μεγάλην
1409 3748 1718 3817 προκοπήν,
1754 3747 1860 3800 hoc
1890 3755 1976 3800 est
2011 3747 2262 3817 ingentes
2295 3763 2624 3819 progressus
2655 3752 2927 3819 polliceri,
2964 3754 3009 3807 si
3036 3754 3260 3822 quidem
3296 3753 3465 3806 hosce
3495 3751 3615 3820 ejus
3641 3749 3696 3804 in
3724 3748 3928 3803 Mosem

661 3850 830 3906 atque
888 3838 941 3890 in
997 3851 1216 3889 sacram
1264 3834 1564 3890 llistoriam
1620 3837 2057 3890 commentarios
2106 3845 2364 3892 accurate
2396 3837 2725 3907 perlegerit?
2772 3839 2908 3904 Quis
2959 3838 3165 3893 Gazam
3215 3840 3447 3909 patriam
3489 3838 3719 3892 audiens
3750 3877 3766 3898 ,
3809 3847 3930 3905 quaI

660 3926 880 3989 civitas,
925 3925 1061 3987 sive,
1096 3924 1163 3977 de
1195 3939 1307 3992 quo
1357 3923 1518 3975 dirus
1561 3923 1924 3994 Hieronymus
1964 3923 2260 3990 dubitavit,
2296 3932 2455 3980 vetus
2495 3925 2586 3979 illa
2628 3925 2731 3980 fuit
2762 3929 2817 3980 in
2859 3942 3018 3997 quam
3053 3928 3193 3980 bello
3233 3937 3426 3981 contra
3468 3925 3764 3995 Egyptum
3809 3940 3934 3979 sus-

662 4024 826 4082 cepto
861 4030 888 4064 a
923 4012 1194 4082 Camhysc
1230 4010 1520 4064 Persarum
1561 4028 1684 4081 rege
1712 4027 1846 4081 opes
1892 4013 2056 4081 regiae
2080 4022 2438 4082 comportata:
2466 4012 2747 4068 Persicum
2790 4016 2895 4068 hoc
2923 4031 3125 4069 nomen
3159 4015 3280 4069 urbi
3324 4014 3576 4068 indidere
3614 4033 3627 4067 :
3669 4015 3784 4067 sive
3815 4013 3934 4066 lucc

664 4104 784 4171 ipsa
823 4101 925 4151 t‘uit
961 4115 1126 4169 quam
1168 4107 1387 4152 constat
1420 4101 1585 4151 etiam
1631 4107 1945 4168 expugnata
1976 4097 2165 4153 Juilaza
2202 4100 2478 4155 celebrem
2537 4109 2592 4156 et
2628 4100 2920 4157 fecundam
2949 4101 3179 4157 Christo
3233 4101 3407 4155 fuisse
3441 4120 3454 4155 :
3493 4115 3601 4155 non
3658 4100 3934 4167 intelligat

659 4205 790 4243 sane
815 4204 980 4256 quam
1019 4188 1342 4256 prmclaram
1378 4187 1636 4255 utrinque
1671 4186 1938 4255 aﬂulgere
1973 4187 2166 4242 divitis
2189 4188 2436 4243 thesauri
2461 4203 2614 4258 spem
2638 4196 2692 4244 et
2723 4189 3236 4260 exspectationem?
3267 4190 3335 4243 Et
3368 4189 3496 4244 vita:
3525 4188 3671 4258 quod
3707 4195 3936 4242 secutus

657 4287 742 4332 est
770 4292 945 4344 genus
970 4277 1136 4329 etiam
1167 4276 1345 4343 ipsum
1373 4283 1702 4342 argumento
1725 4282 1810 4328 ρει
1838 4271 2169 4344 Procopium
2214 4275 2385 4337 hunc,
2418 4291 2530 4329 non
2569 4277 2736 4331 modo
2777 4278 3074 4331 multarum
3113 4286 3170 4331 et
3209 4278 3488 4330 variarum
3523 4291 3708 4330 rerum
3742 4275 3935 4345 cogni-

661 4368 888 4426 tionem,
921 4380 1110 4418 verum
1137 4365 1304 4418 etiam
1343 4376 1619 4416 summam
1654 4361 1709 4414 in
1743 4361 2074 4431 exponendo
2103 4359 2426 4418 facultatem
2450 4371 2505 4419 et
2528 4363 2851 4420 felicitatem
2880 4365 2986 4420 sibi
3016 4379 3344 4435 comparare
3371 4364 3643 4434 potuisse.
3663 4363 3939 4430 Sephista:

659 4472 805 4507 cium
840 4453 893 4506 in
924 4451 1135 4508 Graecia
1172 4454 1448 4520 quon-lam
1498 4450 1917 4524 appellabantur
1950 4451 2004 4504 hi
2048 4452 2141 4520 qui
2184 4451 2346 4507 ludos
2379 4451 2724 4521 aperiebant,
2772 4452 2828 4506 in
2861 4453 3066 4522 quibus
3101 4453 3184 4507 sic
3230 4453 3609 4522 philosophari
3661 4453 3934 4513 solebant,

665 4557 723 4596 ut
762 4544 1049 4612 sapientire
1083 4542 1286 4608 pariter
1315 4551 1479 4608 atque
1503 4539 1834 4608 eloquentia:
1876 4540 2150 4609 principia
2177 4539 2446 4595 docerent
2477 4556 2492 4593 :
2531 4540 2728 4608 quales
2758 4539 2985 4594 fuerunt
3033 4540 3327 4604 Isocrates,
3357 4540 3568 4606 Theon,
3604 4539 3937 4608 Aphto‘nius,

661 4634 1056 4701 Hermogenes.
1092 4629 1376 4692 Libanius,
1414 4629 1804 4693 Philostratus,
1837 4637 1892 4684 et
1926 4629 2018 4682 alii
2056 4630 2363 4690 innumeri,
2388 4629 2482 4698 qui
2517 4628 2622 4682 sibi
2651 4628 2898 4683 creditos
2952 4628 3334 4683 adolescentes
3363 4643 3488 4682 cum
3535 4627 3788 4680 doctrina
3823 4637 3937 4678 tum

661 4725 864 4790 pietate
894 4720 1230 4772 illlbllel'tlttl.
1263 4715 1382 4781 Quo
1431 4717 1680 4786 profecto
1726 4717 1910 4770 studio
1946 4717 2051 4770 hoc
2100 4718 2388 4773 consecuti
2433 4727 2584 4780 sunt,
2621 4724 2681 4770 ut
2718 4717 2789 4771 ob
2825 4715 3118 4787 praebitum
3157 4716 3277 4771 suis
3312 4715 3665 4770 auditoribus
3694 4713 3940 4770 salubris

656 4808 1004 4860 educationis
1055 4807 1317 4862 ollicium.
1351 4805 1610 4859 omnibus
1658 4804 1978 4859 hominibus
2012 4807 2064 4857 in
2124 4806 2428 4874 primisque
2465 4805 2809 4873 principibus
2847 4803 3219 4872 undequaque
3270 4803 3409 4855 viris
3460 4802 3754 4854 venerandi
3787 4800 3940 4868 juxta

657 4915 720 4950 ac
753 4897 905 4949 chari
946 4897 1126 4947 lorcnt
1161 4914 1172 4947 :
1213 4893 1476 4962 deinceps
1501 4901 1554 4947 et
1606 4894 1893 4962 sapientiae
1926 4894 2153 4946 nomine
2191 4893 2424 4944 multum
2464 4890 2798 4944 auctoritate
2829 4889 3081 4944 valerent
3120 4890 3265 4959 apud
3306 4890 3699 4957 philosophos,
3732 4895 3786 4939 et
3823 4887 3943 4940 elo-

657 4986 897 5052 qm-ntim
931 4983 1144 5036 Iaudem
1175 4981 1318 5050 apud
1366 4989 1615 5035 oratores
1661 4981 1997 5034 obtinerent.
2043 4964 2420 5045 Quamobrem
2461 4995 2654 5032 eorum
2706 4979 2976 5033 orationis
3013 4995 3189 5048 genus
3232 4979 3285 5032 in
3338 4977 3580 5032 Oratore
3603 4991 3706 5030 suo
3746 4975 3944 5028 Cicero

657 5075 860 5127 Inirnm
892 5073 945 5126 in
999 5070 1220 5122 modum
1256 5069 1464 5132 laudat,
1497 5084 1562 5122 ac
1593 5069 1730 5122 dicit
1778 5084 1902 5123 esse
1935 5069 2120 5129 dulce,
2158 5068 2428 5129 solutum,
2464 5068 2712 5131 clllnens,
2752 5069 3046 5123 sententiis
3081 5076 3367 5138 argntum,
3396 5065 3584 5121 verbis
3631 5079 3857 5125 sonans,
3887 5071 3944 5116 et

659 5175 836 5216 totum
867 5160 1141 5229 epitlictici
1177 5158 1414 5227 generis,
1453 5157 1598 5226 quod
1636 5157 1741 5211 sibi
1768 5157 2026 5210 videatur
2059 5157 2344 5225 preprium
2384 5157 2761 5225 sophistarum
2799 5171 2945 5210 esse.
2979 5155 3111 5221 Quae
3141 5171 3267 5208 cum
3306 5155 3380 5209 ita
3418 5155 3553 5214 sint,
3584 5155 3750 5208 ctiam
3793 5152 3943 5205 hunc

658 5252 962 5321 sophistam
1015 5259 1271 5302 nostrum
1322 5256 1376 5300 et
1427 5261 1611 5300 rerum
1647 5246 1713 5299 ad
1750 5246 1972 5300 divinas
2024 5262 2112 5299 res
2145 5247 2529 5315 percipiendas
2557 5245 2679 5298 utili
2715 5247 3037 5313 cognitione
3093 5244 3407 5312 prteditum,
3465 5251 3520 5296 et
3554 5242 3610 5295 in
3651 5242 3764 5303 illo,
3794 5236 3942 5306 quod

658 5356 942 5396 sacrarum
975 5339 1306 5391 Litterarum
1342 5336 1659 5388 tractationi
1699 5336 1750 5388 in
1786 5335 1980 5404 primis
2004 5343 2088 5388 est
2122 5335 2619 5396 accommodatum,
2654 5335 2979 5403 ἐκφράσεως
3014 5334 3128 5388 sive
3161 5333 3345 5386 tennis
3387 5341 3442 5386 et
3475 5330 3698 5385 subtilis
3725 5327 3948 5397 exposi-

657 5433 826 5487 tionis
861 5445 1060 5501 genere
1104 5429 1241 5482 bene
1269 5433 1548 5479 versatum
1577 5423 1760 5479 fuisse
1796 5439 2026 5479 necesse
2062 5435 2165 5478 est.
2208 5422 2441 5476 Tantam
2474 5438 2600 5476 vero
2636 5422 2946 5475 doctrinam
2985 5429 3039 5475 et
3085 5420 3463 5490 eloquentiam
3499 5418 3567 5471 ad
3616 5418 3951 5472 Christianae

656 5521 1022 5594 philosophiae
1045 5517 1435 5571 tractationem
1462 5515 1718 5568 attulisse
1747 5513 1940 5582 quanti
1975 5513 2198 5577 refutat,
2232 5514 2490 5580 quoniam
2529 5509 2835 5581 Gregorius
2874 5509 3282 5571 Nazianzenus,
3305 5507 3762 5578 Chrysostomus,
3797 5505 3950 5558 Basi-

657 5616 784 5674 lius,
823 5613 1068 5680 itemque
1116 5625 1180 5664 ex
1219 5606 1430 5661 Latinis
1464 5605 1833 5674 Augustinus.
1897 5601 2302 5672 Hieronymus,
2361 5600 2710 5663 Laclantius,
2767 5601 2974 5669 aliique
3032 5597 3216 5667 magni
3275 5598 3328 5650 in
3379 5595 3625 5649 Ecclesia
3680 5596 3780 5648 viii
3829 5594 3942 5648 suis

654 5702 923 5771 exempl's
970 5700 1072 5768 ipsi
1121 5699 1377 5769 probant,
1417 5711 1527 5750 non
1564 5709 1705 5764 Opus
1738 5702 1822 5748 est
1859 5707 1944 5747 me
1982 5692 2137 5762 plura
2182 5693 2388 5744 dicere.
2425 5688 2696 5743 Caeterum
2743 5697 2801 5741 ut
2848 5689 3060 5742 leonem
3095 5701 3160 5739 ex
3211 5684 3487 5754 unguibus
3515 5683 3776 5745 aestimes,
3810 5698 3954 5752 opus

659 5793 841 5860 ipsutn
884 5790 1095 5858 inSpice
1128 5797 1180 5843 et
1221 5787 1511 5842 considera
1547 5802 1556 5835 :
1588 5793 1640 5838 et
1672 5783 1948 5852 intelliges
1991 5779 2193 5836 iactam
2231 5796 2354 5834 esse
2393 5780 2488 5833 tibi
2539 5794 2690 5849 spem
2736 5778 2964 5831 minime
2997 5791 3193 5829 vanam
3243 5775 3586 5842 minimeque
3615 5773 3858 5826 dubiam.
3895 5773 3951 5825 In

661 5895 797 5950 quo,
833 5881 878 5935 si
931 5896 1067 5950 quas
1106 5897 1213 5941 res,
1244 5876 1544 5947 quunmdo.
1584 5875 1787 5944 quibus
1814 5871 1993 5926 verbis
2043 5881 2283 5942 e\pnn:it
2318 5889 2338 5924 ι

2275 5886 2283 5923 L
2318 5871 2639 5925 consideres
2679 5887 2690 5921 ι
2735 5868 2983 5938 profecto
3016 5875 3066 5920 ct
3103 5865 3166 5919 ad
3221 5864 3498 5933 publicam
3539 5862 3857 5923 utilitatem,
3896 5871 3952 5910 μ’,
