4246 6454
291 362 354 429 21
1431 367 1972 426 COMMENTARlI
2017 367 2094 424 IN
2126 365 2485 428 GENESIM.
3496 361 3565 422 22

294 473 717 531 delectationem
757 482 1101 546 Singulorum
1137 475 1280 529 faeta
1310 477 1646 531 videbuntur
1681 479 1889 532 omnia.
1919 479 2023 532 Eas
2053 481 2196 532 enim
2227 496 2312 530 res
2347 479 2503 530 ani-rt
2550 491 2689 545 quas
2723 495 2826 535 non
2869 478 3072 540 passim
3109 476 3312 527 habeas
3348 476 3562 536 obvias,

294 565 394 618 sed
429 581 569 633 quas
599 565 717 633 ipse
742 581 806 618 ex
840 567 1038 634 priscis
1073 567 1251 633 iisque
1290 569 1583 634 przeeipuis
1622 567 1914 635 theologis,
1942 577 1995 617 ut
2026 565 2378 634 Symmacho,
2406 563 2804 625 Tbeodotioue,
2839 563 3061 631 Aquila.
3097 574 3150 615 σι
3182 563 3304 614 aliis
3334 579 3567 628 quorum

296 666 405 703 non
450 653 687 720 amplius
720 661 938 706 exstant
971 668 1163 721 opera,
1198 653 1555 722 depromptas
1607 654 1792 705 liabet.
1831 652 1950 705 Jani
1986 652 2029 705 si
2079 653 2238 703 laude
2275 652 2424 720 digni
2461 658 2610 712 sunt,
2644 660 2697 703 et
2745 652 2908 704 utiles
2966 651 3108 703 lectu
3158 649 3305 710 libri,
3333 648 3425 716 qui
3485 663 3572 700 res

294 754 359 791 ex
395 739 462 791 iis
495 755 636 805 quos
667 740 804 792 alias
839 741 890 790 in
933 750 1185 807 promptu
1243 743 1507 793 habemus
1542 741 1912 807 scriptoribus
1953 740 2216 792 collectas
2243 748 2295 791 et
2329 753 2429 790 suo
2459 740 2580 790 loco
2618 737 2884 790 adductas
2915 737 3118 789 habent
3147 753 3158 787 :
3195 745 3406 802 quanto
3460 749 3572 784 ma-

291 825 420 889 jore
456 825 618 876 laude
651 827 818 894 digna
858 826 1022 879 fuerit
1056 837 1109 879 et
1144 829 1331 880 utilior
1355 828 1693 892 lucubratio,
1729 829 1780 879 in
1813 841 1918 894 qua
1952 841 2052 879 ceu
2097 838 2228 892 gaza
2279 822 2496 875 Persica
2531 823 2824 875 thesaurus
2862 823 3053 887 ingens
3089 821 3283 887 prisca:
3324 821 3385 871 lei
3409 821 3575 872 tinnis

296 927 343 964 ei
384 914 742 980 antiquitatis
775 913 1127 967 ostenditur?
1169 915 1272 968 Sed
1307 925 1358 968 et
1393 931 1514 968 eam
1552 916 1604 968 in
1638 914 1963 983 exponendo
2006 913 2274 964 rationein
2317 919 2522 973 si-rvat,
2555 921 2614 962 υι
2646 913 2784 962 (-itra
2824 909 3102 962 lastidium
3137 907 3405 974 quidun
3438 908 3575 958 scitu

298 1000 536 1066 dignum
588 1008 676 1051 est
727 1001 988 1068 cognosci
1037 1010 1200 1069 queat
1236 1019 1249 1064 ;
1285 1001 1506 1069 qu:me
1556 1004 1608 1054 in
1653 1003 1916 1072 gravibus
1957 1010 2011 1054 et
2061 1001 2236 1065 magni
2294 999 2556 1050 momenti
2614 997 3015 1065 qua-stionibus
3055 996 3316 1062 eopiosus
3367 1004 3471 1057 esi,
3524 993 3575 1046 in

301 1087 481 1152 planis
514 1094 564 1138 et
618 1085 872 1141 facilibus
919 1088 1120 1149 brevis,
1155 1089 1207 1139 iu
1249 1089 1315 1141 iis
1344 1103 1464 1155 qnze
1499 1089 1652 1157 prius
1685 1099 1872 1141 essent
1910 1089 2050 1140 dit-ta
2098 1089 2234 1140 adeo
2266 1087 2540 1149 succisus,
2580 1095 2639 1138 ut
2685 1086 2820 1138 uibii
2855 1086 3074 1136 omnino
3125 1085 3208 1137 bis
3236 1083 3443 1136 di\isse
3495 1085 3575 1132 \‘i-

300 1177 524 1226 deatur.
555 1174 710 1239 Quod
747 1177 827 1227 vel
886 1193 949 1228 ex
979 1192 1044 1228 eo
1078 1180 1197 1245 ipso
1258 1179 1609 1245 perspicuum
1667 1188 1774 1239 est,
1817 1177 1962 1244 quod
2017 1177 2068 1227 in
2105 1177 2316 1244 priores
2365 1175 2536 1227 libros
2589 1174 2761 1226 multo
2814 1188 2976 1240 quam
3034 1173 3086 1224 in
3131 1172 3471 1238 posti-liores
3509 1171 3578 1220 sit

304 1263 530 1330 longior
565 1264 866 1328 expositio.
904 1265 972 1314 At
1006 1273 1119 1315 toto
1154 1265 1255 1315 huc
1305 1265 1445 1318 libro
1475 1281 1669 1334 puram
1706 1275 1754 1318 et
1794 1264 2158 1317 iualTectalam
2189 1261 2409 1314 dicendi
2453 1260 2680 1314 formam
2717 1268 2922 1320 servat,
2957 1275 3188 1325 eamque
3240 1267 3289 1310 et
3323 1273 3579 1310 sermone

305 1351 560 1417 populari
589 1353 906 1412 tersiorcm,
937 1362 989 1404 et
1027 1352 1248 1404 sublimi
1275 1353 1540 1418 gravitate
1569 1355 1741 1405 multo
1777 1352 2212 1404 submissiorem.
2243 1350 2416 1413 Quam
2446 1349 2609 1401 etiam
2645 1348 2917 1414 interpres
2955 1361 3175 1414 quoquo
3205 1345 3367 1396 modo
3407 1347 3580 1410 putuit

310 1439 567 1492 imitatus
595 1451 702 1498 est,
734 1455 930 1506 nempe
979 1450 1038 1490 ut
1081 1439 1146 1492 ad
1194 1440 1444 1494 (inecum
1493 1443 1804 1508 exemp'um
1839 1439 2028 1491 Latina
2071 1438 2361 1490 translatio
2392 1451 2554 1502 quam
2611 1436 2864 1504 proxime
2901 1434 3208 1488 accederet.
3255 1432 3328 1484 lix
3380 1433 3581 1500 quibus

306 1525 572 1578 Omnibus
632 1525 936 1593 multisque
985 1527 1037 1578 in
1076 1527 1325 1579 eamdem
1370 1529 1699 1581 sententiain
1749 1527 1872 1579 aliis
1911 1542 2032 1594 qua:
2089 1524 2340 1578 studiose
2400 1533 2688 1591 prsetereo,
2721 1523 2957 1589 perSpiei
3009 1529 3210 1587 potest,
3266 1536 3362 1573 nus
3420 1518 3583 1584 luzjus

312 1611 562 1665 editione
602 1613 727 1665 libri
786 1613 1018 1680 perinde
1068 1614 1298 1680 ptildiea:
1335 1625 1498 1681 atque
1549 1622 1750 1667 nostrze
1787 1613 2008 1666 utilitati
2059 1613 2361 1672 studuisse,
2412 1613 2632 1680 Interque
2679 1619 2772 1663 tua
2831 1611 3024 1678 magis,
3088 1626 3118 1660 o
3163 1610 3356 1665 lector.
3419 1623 3582 1672 quam

306 1706 499 1751 nostra
533 1713 701 1752 causa
739 1701 934 1768 paucis
965 1701 1178 1767 pra-fari
1213 1702 1470 1755 voluisse.
1505 1701 1658 1764 Vale,
1699 1711 1752 1754 et
1777 1717 1916 1770 quos
1955 1703 2139 1755 animo
2172 1702 2406 1770 benigno
2442 1701 2764 1768 liberalique
2801 1700 3018 1762 (lamus,
3058 1709 3114 1749 tu
3149 1709 3303 1766 grata
3333 1707 3385 1750 et
3423 1698 3581 1747 ullirii

313 1785 450 1838 bene
485 1803 734 1842 incinure
784 1798 968 1845 mente
1016 1791 1206 1862 accipe
1256 1790 1452 1845 doctos
1485 1797 1531 1844 et
1591 1791 1766 1844 bonos
1803 1789 2055 1860 Procopii
2083 1790 2545 1844 Commentarios.
2581 1791 2806 1854 lterum,
2848 1789 2995 1843 Vale.
3060 1787 3205 1840 D'JliL‘
3261 1803 3484 1854 prepere
3519 1801 3581 1835 ex

305 1871 531 1925 olﬁeina
567 1885 781 1929 nostra.

315 2068 2395 2100 Μ

999 2229 2056 2367 ΠΡΟΚΟΠΙΟΥ
2170 2232 2902 2369 ΓΑΖΑΙΟΥ

1554 2463 1977 2517 ΧΡΙΣΤΙΑΝΟΥ
2023 2463 2356 2517 ΣΟΦΙΣΤΟΥ

801 2631 1048 2748 ΕΙΣ
1119 2632 1439 2746 ΤΗΝ
1540 2632 2189 2746 ΓΕΝΕΣΙΝ
2275 2631 3109 2750 ΕΡΜΗΝΕΙΑ.

989 3257 997 3265 ἢ
1074 3023 2047 3181 PROCOPII
2165 3023 2850 3181 GAZZEI

1505 3298 1896 3362 SOPHIST/E
1969 3299 2421 3362 CHRISTIANI

860 3476 1990 3610 COMMENTARII
2092 3480 2255 3607 IN
2369 3480 3069 3612 GENESIM

892 3868 1276 3923 ΠΡΟΟΙΜΙΟΝ
1308 3871 1350 3924 ⁸.
1950 3877 1996 3933 Δ

1332 3906 1350 3924 .
1950 3877 1996 3933 Α
2616 3867 3004 3923 PROLOGUS.

385 3959 536 4029 Ἤδη
572 3957 672 4031 μὲν
695 3959 1082 4029 καὶπρότερον
1115 3960 1252 4015 Θεοῦ
1284 3962 1345 4016 τὸ
1375 3961 1636 4018 δύνασθαι
1671 3965 1916 4037 χορηγήο

2097 3963 2140 4033 ι
2173 3963 2350 4028 Antea
2381 3961 2624 4034 quidem.
2654 3962 2762 4017 Deo
2802 3963 2996 4030 emptis
3038 3961 3268 4031 benigne
3301 3962 3604 4031 aspiratur,

309 4072 540 4118 σαντος,
583 4053 685 4116 τὰς
749 4052 1243 4125 καταϐεϐλημένας
1277 4057 1342 4108 ἐκ
1371 4055 1482 4109 τῶν
1531 4055 1920 4127 Πατέρωνςκσὶ

2021 4056 2457 4125 conscripsimus
2486 4053 2888 4109 Enarrationes
2922 4055 2975 4106 in
3005 4052 3431 4115 Oetateuidiuin,
3472 4072 3609 4121 quas

307 4150 426 4200 τῶν
462 4146 643 4200 ἄλλων
686 4146 768 4207 εἰς
812 4144 914 4216 τὴν
959 4146 1324 4216 Ὀκτάτευχον
1368 4147 1658 4218 ἐξηγήσεις
1703 4148 1923 4202 συνελε-

2023 4165 2089 4205 ex
2119 4149 2379 4204 Patribus
2409 4149 2756 4210 orthodoxis.
2807 4149 3041 4217 aliisque
3093 4148 3458 4217 seriptm-ilus
3495 4165 3610 4200 nta-

310 4237 559 4308 ξάμεθα,
593 4234 654 4300 ἐξ
699 4235 1112 4305 ὑπομνημάτων
1143 4237 1238 4291 καὶ
1272 4238 1548 4308 διαφόρων
1579 4239 1754 4308 λόγων
1792 4239 1924 4293 ταύ-

2025 4255 2130 4308 gna
2155 4240 2438 4311 diligentia
2467 4242 2964 4308 comportavimus,
2995 4240 3167 4291 secuti
3217 4239 3369 4290 varia
3416 4255 3611 4289 lt:()llll-

309 4346 414 4391 τας
455 4325 872 4398 ἐρανισάμενοι.
920 4326 1061 4379 Ἀλλ’
1107 4328 1231 4380 ἐπεὶ
1257 4329 1357 4392 τὰς
1393 4331 1583 4401 ῥήσεις
1617 4331 1790 4395 αὑτὰς
1813 4331 1924 4386 civ

2027 4335 2210 4380 menta
2276 4336 2332 4380 et
2379 4327 2644 4380 ltomilias
2690 4328 2907 4396 piorum
2972 4329 3280 4380 hominum.
3340 4327 3610 4381 Caeterum

309 4420 640 4490 ἐκθεμένων
688 4415 1024 4481 αὑτολεξεὶι
1052 4456 1068 4481 ,
1115 4417 1448 4489 ὲξεθέμεοα,
1479 4421 1591 4475 εἴτε
1640 4422 1926 4493 σύμφωνοι

2026 4431 2152 4470 cum
2205 4417 2545 4486 singulorum
2592 4422 2896 4472 sententias
2927 4457 2942 4482 ,
2992 4419 3125 4472 nillil
3170 4419 3336 4470 etiam
3391 4423 3615 4472 mutatis

311 4514 460 4584 πρὸς
496 4510 742 4581 ἀλλήλας
786 4510 1089 4580 ἐτύγχανον
1115 4549 1131 4574 ,
1179 4513 1289 4565 εἴτε
1331 4514 1425 4565 καὶ
1481 4514 1557 4584 μὴ
1595 4552 1611 4578 ,
1664 4515 1927 4586 καὶπρὸς

2026 4509 2209 4564 verbis
2251 4524 2445 4578 parum
2486 4519 2769 4576 curantes,
2812 4513 2928 4566 sive
2977 4512 3118 4565 inter
3155 4527 3214 4566 se
3250 4511 3615 4566 ᾱίςδι-ιιιίτωιι

311 4607 530 4676 πλῆθος
577 4606 809 4676 ἄπειρον
844 4606 979 4674 ἡμῖν
1024 4604 1280 4659 ἐντεῦθεν
1318 4607 1380 4659 τὸ
1416 4607 1756 4678 σύγγραμμα
1787 4626 1927 4679 παρ-

2029 4601 2111 4656 vel
2150 4602 2556 4667 consentirent,
2602 4604 2695 4657 illo
2728 4604 2781 4657 iu
2816 4618 2981 4673 opere
3029 4605 3214 4658 lectori
3257 4607 3617 4674 proposueri-

308 4697 582 4762 ετείνετο,
613 4694 858 4748 συνεῖδον
884 4693 980 4746 νῦν
1005 4695 1142 4765 πρὸς
1173 4695 1372 4766 μέτρον
1391 4695 1653 4759 εὐσταλὲς
1685 4697 1928 4752 συνελεῖν

2030 4711 2173 4760 mus,
2215 4703 2269 4749 et
2312 4695 2511 4750 exinde
2563 4697 2815 4752 volumen
2872 4706 3124 4753 nostrum
3181 4697 3233 4752 in
3287 4699 3616 4752 immensum

310 4792 419 4861 τὴν
441 4789 690 4859 γραφήν.
738 4787 1132 4857 Ἐπειγόμενος
1166 4790 1216 4840 εἰ
1249 4789 1349 4858 μέν
1377 4805 1428 4841 τι
1459 4787 1752 4858 σύμφωνον
1779 4788 1926 4842 ἃπα-

2029 4789 2286 4853 ereverit,
2340 4804 2520 4859 operte
2566 4793 2802 4860 pretium
2837 4793 2966 4846 duxi
3002 4792 3125 4861 ejus
3172 4793 3470 4847 voluminis
3503 4811 3620 4844 ma-

314 4901 404 4936 σιν
435 4882 680 4952 εἴρηται,
705 4878 868 4933 τοῦτο
903 4878 1202 4949 προσάπαξ
1238 4881 1416 4934 εἰπεῖν
1436 4898 1450 4913 ·
1485 4883 1532 4933 εἰ
1568 4880 1625 4934 δέ
1653 4899 1706 4934 τι
1735 4882 1928 4950 διάφο-

2029 4883 2372 4952 gnitudinem
2406 4883 2688 4952 paululum
2721 4886 3049 4938 diminuerc.
3085 4884 3242 4950 Quod
3281 4893 3338 4937 ut
3373 4899 3620 4939 commo-

313 4991 436 5045 ρον,
464 4973 564 5026 καὶ
593 4970 752 5023 τοῦτο
796 4971 1081 5040 συντόμως
1119 4972 1380 5026 ἐκθέσθαι
1408 4973 1544 5043 πρὸς
1574 4973 1635 5026 τὸ
1662 4972 1750 5026 διὰ
1790 4974 1929 5026 πάν-

2031 4976 2157 5030 dius
2203 4973 2318 5037 ﬁat,
2363 4976 2529 5030 statui
2565 4976 2678 5039 illa,
2721 4977 2773 5030 in
2819 4978 3023 5046 quibus
3061 4976 3394 5030 unanimiter
3422 4991 3622 5029 enni-e-

309 5085 423 5120 των
449 5065 512 5118 ἒν
543 5061 807 5135 γενέσθαι
852 5062 1019 5133 σῶμα.
1046 5065 1148 5136 τῆς
1173 5066 1417 5138 γραφῆς,
1449 5067 1524 5130 ὼς
1551 5067 1670 5130 ἑνὸς
1709 5067 1801 5120 καὶ
1830 5067 1926 5136 μό-

2032 5070 2196 5122 niunt
2247 5079 2526 5134 auctores,
2569 5071 2738 5124 semel
2792 5071 2976 5126 dicere
3010 5091 3021 5125 :
3053 5069 3230 5124 εἰ‹·ιιὶ›ἰ
3273 5085 3406 5123 vero
3453 5067 3623 5123 dissi-

309 5177 407 5216 νου
441 5158 549 5223 τὰς
583 5157 1003 5227 ἁπάντωνήμϊν
1043 5157 1345 5229 ἐκθεμένου
1376 5159 1584 5228 φωνάς.
1615 5158 1929 5230 Προσθήσο-

2032 5163 2189 5225 dent,
2233 5173 2290 5216 ut
2349 5173 2407 5217 et
2448 5179 2510 5218 ea
2561 5165 2916 5218 iunoteseant
2974 5165 3191 5225 let-tuti,
3241 5161 3459 5216 decrevi
3517 5163 3617 5217 ista

314 5271 417 5323 μεν
439 5257 500 5312 δέ
528 5269 585 5305 τι
617 5252 714 5305 καὶ
747 5247 951 5314 ἔξωθεν
980 5252 1060 5316 εἰς
1091 5253 1450 5324 τρανωτέριν
1476 5253 1591 5306 ἐσθ’
1623 5253 1712 5307 ὅτε
1740 5255 1924 5322 παρὰ·
1962 5248 1991 5305 η

1962 5248 2003 5305 Β
2034 5256 2314 5325 explicare
2356 5272 2521 5326 quam
2567 5259 2942 5327 paucissimis;
2985 5257 3158 5327 Cupio
3194 5257 3339 5311 enim
3374 5256 3617 5311 omnium

1619 5443 1848 5499 VAlllA‘l
1891 5442 2304 5498 LBC'I'lONES.

423 5539 454 5571 ⁸
481 5527 625 5587 COd.
649 5530 987 5597 ἐπιλέξει-εστ..

1819 5685 2055 5742 NOTAE.

387 5803 452 5874 (')
481 5802 723 5861 Textum
750 5776 1002 5860 Gnecum
1039 5818 1103 5860 ex
1129 5803 1252 5860 eod.
1292 5803 1412 5860 Vat.
1449 5804 1620 5861 edidit
1647 5804 1778 5872 Aug.
1817 5802 1946 5870 λιιι,
1977 5801 2154 5859 Class.
2191 5806 2346 5858 Auct.
2384 5811 2424 5857 t.
2467 5801 2552 5856 Vl.
