4246 6454
690 395 761 458 23
2007 409 2261 471 PROCOl

2355 414 2360 470 ῑ
2402 412 2644 472 eum
2804 481 2811 487 ,
3893 419 3961 483 at
3993 434 3995 440 ·

695 505 1180 575 interpretationes
1244 509 1298 562 iu
1353 511 1580 579 perfecti
1633 515 1886 583 corporis
1958 533 2261 574 consonan-

2383 540 2594 574 στασιν.
2651 520 2863 574 nimo-3v
2912 523 3173 590 συνεργὸν
3224 525 3355 591 ἡμῖν
3408 527 3500 578 τὸν
3537 529 3670 580 Θεὸν
3712 531 3960 597 γενέσθαι

690 595 823 647 tiam
873 598 1139 666 redigere,
1191 614 1257 654 ex
1299 616 1410 669 quo
1439 617 1538 656 ceu
1583 604 1734 657 fonte
1779 606 1942 658 unico
1980 609 2138 662 liceat
2169 627 2267 664 no-

2375 614 2730 675 καλέσαντες,
2759 612 3013 664 ἐντεῦθεν
3043 612 3361 682 ἀρξώμεθα.

691 689 773 741 his
806 692 1050 744 omnium
1101 696 1518 762 explanationes
1571 697 1816 761 haurire,
1854 703 2014 768 quasi
2060 719 2199 754 unus
2229 711 2282 757 ct
2324 708 2475 760 solus
2508 707 2784 774 loquatur.
2819 705 3020 758 Verum
3052 715 3110 758 ιιι
3141 709 3325 759 omnia
3365 709 3472 760 sint
3511 710 3685 778 magis
3725 710 3959 766 dilucida

690 788 1112 856 perspicuaqne,
1173 791 1450 845 interdum
1516 801 1569 847 et
1621 794 1688 847 de
1741 802 1929 849 nostro
1976 797 2303 866 adjiciemus
2345 801 2571 870 aliquid.
2632 800 2976 870 Quapropter
3037 815 3158 854 cum
3213 810 3422 854 tantum
3472 818 3610 871 Opus
3653 806 3957 870 moliamur,

685 883 998 935 consultum
1038 884 1289 952 judicavi
1346 888 1640 955 implorare
1679 892 1945 943 auxilium
2001 892 2269 954 divinum,
2311 903 2364 947 et
2394 895 2591 948 deinde
2627 910 2738 948 rem
2778 894 2948 962 ipsam
2980 894 3220 964 aggredi.

754 971 985 1040 Oportet
1043 989 1167 1028 eum
1203 978 1295 1044 qui
1337 993 1559 1047 operam
1591 981 1822 1036 daturus
1856 991 1940 1037 est
1978 982 2280 1052 Scripturte

685 1077 877 1127 sacra‘,
914 1079 1022 1118 non
1074 1067 1324 1134 accipere
1356 1068 1449 1121 illa
1483 1087 1606 1140 qua:
1640 1072 1710 1126 ibi
1771 1075 2083 1138 traduntur,
2118 1078 2275 1144 quasi

681 1154 1008 1222 proveniant
1037 1171 1103 1209 ex
1136 1157 1456 1213 hominibus
1492 1179 1504 1214 :
1533 1163 1700 1215 altius
1733 1164 1949 1218 initium
1976 1168 2091 1221 sive
2123 1169 2274 1236 prin-

681 1245 885 1313 cipium
933 1249 1298 1315 spectandum
1335 1269 1459 1307 reor
1492 1273 1503 1306 :
1540 1255 1772 1311 firmiter
1816 1261 2009 1313 credat
2051 1278 2278 1317 necesse

680 1344 784 1398 est,
831 1339 922 1389 illa
970 1341 1329 1395 'sacrosaucta
1389 1345 1648 1411 dogmata
1712 1365 1776 1401 ex
1830 1351 1948 1418 ipso
2003 1353 2274 1422 originem

681 1443 903 1484 sumere
961 1433 1090 1495 Deo,
1134 1443 1186 1486 et
1239 1435 1366 1489 inde
1415 1453 1510 1506 per
1551 1439 1805 1496 homines
1842 1445 2000 1510 quasi
2048 1447 2274 1500 canales

681 1535 779 1574 seu
821 1521 1250 1577 inStrumentum
1285 1525 1353 1579 ad
1389 1543 1491 1584 nos
1525 1545 1868 1599 promanare.
1901 1533 2272 1599 Quemadmo-

678 1609 808 1662 dum
841 1612 989 1664 enim
1023 1615 1209 1682 regius
1247 1616 1517 1679 minister.
1552 1622 1669 1675 sive
1701 1630 1757 1675 ιιι
1790 1639 1915 1676 eum
1960 1640 2267 1694 praeconem

680 1717 989 1773 nuncupes,
1047 1707 1189 1774 regis
1245 1717 1582 1779 p‘rzeceptum
1636 1722 1690 1767 et
1744 1729 1935 1790 vocem
1998 1716 2265 1782 imitatur,

678 1793 921 1848 dicens:
961 1794 1111 1851 Jussi
1157 1814 1170 1849 :
1220 1803 1548 1856 sententiam
1593 1811 1737 1856 tuam
1795 1803 2072 1860 declaravi
2119 1825 2133 1860 :
2182 1808 2263 1861 sic

2449 990 2543 1040 Δεῖ
2573 988 2663 1040 τὸν
2695 988 2988 1058 προσιόντα
3017 990 3081 1057 τῇ
3115 987 3234 1057 θεία
3273 988 3463 1058 Γραφῇ
3491 1028 3504 1049 ,
3541 990 3616 1059 μὴ
3645 990 3720 1052 ὡς
3750 992 3958 1061 ἀνθρώ-

2381 1096 2498 1130 πων
2525 1079 2809 1136 εἰπόντων,
2844 1077 2957 1129 ἀλλ’
2984 1079 3060 1140 ὡς
3093 1078 3227 1131 Θεοῦ
3269 1079 3335 1131 δι’
3372 1080 3554 1132 αὐτῶν
3584 1081 3957 1151 φθεγξαμένου

2379 1167 2488 1219 τῶν
2514 1167 2820 1236 εἰρημένων
2858 1167 3100 1221 ἀκούειν.
3131 1168 3344 1239 Ὠσπερ
3364 1169 3474 1238 γὰρ
3506 1170 3784 1240 ὑπηρέτης
3806 1172 3959 1241 βασι-

2380 1257 2528 1319 λικὸς
2548 1258 2811 1327 βασιλέως
2829 1259 3010 1328 φωνὴν
3044 1259 3436 1327 ὑποκρίνεται,
3469 1260 3733 1312 ἐκέλευσα
3763 1260 3953 1327 λέγων,

2380 1349 2777 1419 ἐδωρησὰμην,
2811 1347 2983 1409 οὕτως
3019 1351 3066 1401 οί
3113 1352 3389 1419 προφῆται
3421 1349 3672 1424 καθάπερ
3713 1352 3958 1419 κάλαμον

2373 1441 2470 1511 τὴν
2524 1441 2771 1508 γλῶτταν
2844 1439 3141 1508 ὀξυγρὰφῳ
3211 1441 3544 1512 παρέχονται
3618 1443 3954 1510 γραμματεῖ,

2373 1535 2510 1585 κατὰ
2539 1534 2629 1585 τὸν
2663 1534 2836 1600 μέγαν
2867 1531 3064 1595 Δαὸὶδ,
3099 1532 3192 1584 καί
3225 1549 3357 1599 φασι
3399 1533 3581 1600 τυχόν·
3622 1550 3639 1581 t
3693 1533 3816 1584 Ἐὰν
3845 1532 3957 1584 ἐθέ-

2371 1624 2499 1693 λητε
2534 1625 2628 1676 καὶ
2673 1621 3036 1691 είσακούσητέ
3088 1639 3212 1691 μου,
3250 1622 3318 1674 τὰ
3348 1623 3530 1689 ἀγαθὰ
3576 1623 3676 1692 τῆς
3720 1623 3823 1690 γῆς
3855 1623 3957 1688 φα-

2369 1715 2556 1783 γεσθε.
2607 1733 2624 1765 ι
2660 1715 2870 1768 Οὐκοῦν
2894 1714 3031 1767 Θεοῦ
3057 1717 3126 1766 τὰ
3161 1714 3318 1781 λόγια
3347 1715 3474 1783 παρ’
3505 1708 3549 1782 ᾧ
3580 1713 3777 1783 ψεῦδος
3807 1714 3956 1766 οὐδὲν

2369 1807 2401 1876 ἢ
2431 1807 2642 1872 ἄλογον.
2677 1807 2787 1859 Καὶ
2828 1807 2912 1859 δεῖ
2954 1807 3054 1860 ὅσα
3106 1806 3209 1879 μὲν
3238 1807 3478 1869 εὐσεὸὦς
3511 1805 3714 1878 δυνήσῃ
3741 1808 3952 1875 νοῆσαι,

677 1885 956 1953 propheta:
1002 1889 1178 1941 sancti
1228 1891 1465 1960 linguam
1501 1895 1658 1960 quasi
1707 1897 1980 1949 calamum
2028 1897 2261 1966 praebent

2371 1901 2590 1968 κρατεῖν
2607 1915 2619 1927 ⁸
2649 1900 2696 1950 εί
2713 1897 2770 1950 δέ
2793 1899 2846 1949 τί
2871 1915 2963 1950 σου
2998 1899 3444 1969 παρατρέχειτὴν
3461 1898 3710 1967 δύναμιν,
3734 1898 3953 1966 ἦΠατέι

677 1979 1146 2033 excellentissimo
1189 1983 1412 2048 scribae,
1449 1999 1612 2052 quem
1648 1973 1835 2041 nullus
1870 1991 2114 2057 scriptor
2167 1991 2262 2043 de-

677 2068 942 2131 scribere,
975 2087 1073 2126 nec
1107 2075 1252 2129 ullus
1281 2077 1460 2144 pictor
1494 2077 1773 2134 delineare
1804 2083 1942 2148 qttit,
1972 2083 2127 2152 juxta
2165 2083 2266 2134 Da-

2374 2006 2481 2061 ρων
2515 1989 2727 2058 μαθεῖν,
2747 1989 2778 2058 ἢ
2799 1989 2876 2058 τῷ
2896 1988 3015 2058 Θεῷ
3041 1991 3436 2060 παραπέμπειν
3465 1990 3573 2042 τῶν
3600 1989 3874 2058 γνώσεων,
3895 1990 3954 2055 ὃς

2372 2072 2613 2136 διδάἇκει
2639 2080 2928 2148 ἄνθρωπον
2955 2080 3180 2147 γνῶσιν.

674 2160 816 2214 vidis
864 2164 1208 2218 vaticinium.
1267 2167 1330 2221 lit
1379 2169 1432 2222 in
1500 2171 1646 2226 hunc
1702 2175 1922 2228 modum
1977 2175 2268 2244 compellat
2307 2174 2539 2228 mortale
2569 2189 2764 2242 genus,
2823 2174 3082 2228 scilicet:
3125 2194 3141 2224 ι
3170 2173 3224 2227 Si
3256 2173 3642 2243 acquieveritis
3710 2181 3763 2226 et
3826 2173 3955 2225 obe-

673 2258 912 2323 dieritis,
950 2260 1154 2314 bonum
1192 2269 1352 2316 terrae
1400 2267 1739 2321 comedetis:
1776 2276 1831 2322 et
1877 2269 1924 2323 si
1953 2269 2264 2332 nolueritis,
2307 2283 2371 2322 ac
2404 2267 2634 2322 rebelles
2672 2266 2888 2321 fueritis
2913 2308 2928 2332 ,
2966 2270 3145 2337 gladio
3215 2269 3636 2322 consumamini.
3675 2286 3692 2317 ι
3767 2266 3953 2334 Itaque

673 2345 788 2404 Dco
815 2359 1040 2418 accepta
1076 2349 1302 2406 ferenda
1335 2363 1465 2408 sunt
1493 2355 1580 2408 illa
1634 2359 1881 2417 oracula.
1950 2358 2094 2428 apud
2156 2374 2317 2423 quem
2362 2357 2572 2411 nullum
2607 2371 2836 2412 cernere
2867 2366 2954 2411 est
3001 2360 3376 2420 mendacium,
3428 2358 3510 2410 vel
3552 2359 3680 2425 quid
3721 2359 3947 2411 stultum

670 2455 766 2498 aut
800 2445 1082 2499 frivolum.
1121 2445 1500 2517 Quaecunque,
1537 2451 1842 2505 observans
1875 2467 2056 2506 veram
2091 2454 2372 2521 pietatem,
2406 2451 2619 2505 discere
2690 2451 2959 2520 potueris,
3004 2451 3090 2505 fac
3174 2450 3405 2504 memori
3479 2458 3660 2504 mente
3736 2456 3945 2503 teneas.

670 2542 728 2595 Si
765 2542 890 2609 quis
946 2542 1099 2595 locus
1152 2557 1211 2595 se
1256 2541 1416 2595 otl'ert
1468 2543 1777 2607 obscurior,
1810 2560 1973 2614 quam
2009 2544 2156 2598 hunc
2208 2545 2412 2613 ingenii
2442 2543 2554 2615 ’,ιιιί
2590 2543 2737 2599 vires
2764 2544 2982 2612 assequi
3017 2544 3252 2608 valeant,
3279 2550 3374 2594 aut
3402 2541 3592 2595 Patres
3643 2542 3740 2595 tibi
3807 2556 3942 2594 con-

633 2621 880 2687 suICtnli
917 2639 1046 2685 sunt
1077 2673 1091 2693 ,
1125 2640 1219 2686 aut
1263 2633 1621 2687 scientiarum
1656 2633 1798 2688 Deus
1871 2634 2129 2703 precibus
2195 2633 2506 2704 fatigandus
2572 2641 2678 2687 est.
2732 2632 2813 2689 IS‘
2853 2634 2998 2688 enim
3041 2635 3289 2688 homines
3333 2635 3616 2689 scientiam
3664 2635 3844 2697 docet,
3885 2642 3938 2688 et

663 2733 918 2778 nostrum
968 2723 1306 2778 intellectum
1351 2725 1601 2792 instruit,
1640 2736 1698 2780 ut
1731 2727 2036 2781 occultiora
2071 2727 2486 2797 apprehendere
2515 2734 2704 2796 queat,

734 2817 970 2871 Genesis
1041 2827 1267 2880 autem,
1343 2834 1508 2890 quem
1583 2820 1785 2874 librum
1867 2819 2255 2890 explicandum

663 2912 1024 2978 sumpsimus,
1059 2911 1383 2979 praeclarum
1422 2927 1564 2981 opus
1604 2921 1708 2978 est,
1751 2913 1897 2981 quod
1928 2913 2088 2967 nobis
2121 2927 2258 2968 con-

664 3000 835 3053 texuit
867 2998 1067 3054 Mosrs.
1108 3002 1404 3054 Auctorem
1442 3017 1510 3056 ne
1529 3003 1930 3072 contempseris
1968 3021 1982 3057 ι
2016 3003 2256 3056 maxima

665 3095 936 3164 siquidem
984 3093 1246 3161 praeditus
1301 3092 1405 3147 fuit
1449 3095 1801 3148 auctoritate.
1862 3093 1962 3149 llic
2013 3095 2139 3160 vir,
2188 3108 2255 3147 ne

661 3201 838 3248 erres,
878 3187 924 3241 is
981 3193 1066 3242 est
1097 3186 1189 3255 qui
1225 3186 1403 3255 ipsqu
1446 3184 1639 3251 Demn,
1670 3195 1946 3258 quatenus
1976 3188 2252 3242 humanus

662 3277 877 3340 oculus,
924 3287 977 3331 ct
1034 3279 1298 3347 possibile
1347 3275 1542 3348 fasque
1600 3286 1705 3341 est,
1775 3277 1929 3332 vidit.
1984 3278 2133 3343 lmo,
2193 3287 2252 3331 ut

661 3376 900 3423 testatur
940 3368 1227 3438 Scriptura
1255 3409 1268 3431 ,
1307 3387 1324 3420 t
1349 3370 1614 3423 Dominus
1664 3369 1992 3438 loquebatur
2022 3369 2088 3423 ad
2134 3367 2250 3421 Mo-

662 3475 777 3513 sem
820 3459 957 3513 facie
982 3460 1048 3513 ad
1079 3459 1296 3525 facient,
1329 3462 1489 3516 siculi
1529 3463 1691 3514 homo
1738 3462 1983 3530 loquitur
2020 3461 2087 3515 ad
2115 3462 2251 3514 ami-
2281 3438 2323 3496 C

660 3568 786 3605 cum
813 3568 998 3612 suurn,
1030 3555 1211 3608 σις’.»
1247 3553 1384 3608 Cum
1409 3553 1692 3609 affectaret
1722 3556 2032 3609 uberiorem
2064 3555 2253 3625 cogni-

661 3650 871 3701 tionem
915 3645 1196 3717 indipisci.
1221 3656 1274 3701 et
1304 3648 1471 3703 Deum
1497 3647 1906 3718 quodammodo
1953 3657 2146 3703 exacte
2198 3657 2256 3701 et

658 3754 766 3791 non
803 3740 958 3807 quasi
1007 3755 1104 3810 per
1139 3749 1497 3796 transennam
1533 3757 1778 3808 cernere,
1814 3743 2020 3797 nullam
2057 3757 2252 3812 passus

659 3846 745 3888 est
806 3834 1082 3903 repulsam
1138 3834 1187 3887 in
1225 3844 1389 3905 petrze
1421 3851 1656 3891 caverna
1698 3837 1938 3891 abditus.
1978 3836 2250 3891 Ceterum

658 3939 809 3984 recte
861 3938 922 3982 tu
976 3927 1181 3982 dixeris
1242 3937 1408 3998 petra:
1457 3944 1613 3984 cavet
1651 3945 1794 3993 .am,
1853 3930 2104 3985 nOtitiam
2159 3929 2251 3983 Dei

662 4022 841 4086 illam,
894 4037 992 4091 per
1050 4037 1212 4090 quam
1268 4039 1330 4077 ex
1384 4024 1769 4081 incarnatione
1817 4025 2022 4080 Christi
2074 4022 2253 4080 Patris

658 4117 1032 4186 cognitionem
1074 4129 1361 4167 venamur.
1401 4101 1578 4170 Moses
1628 4116 1680 4168 in
1716 4126 1869 4186 petra
1913 4118 2250 4180 consistens,

657 4208 946 4276 t'onSpexit
995 4223 1056 4260 ea
1096 4221 1216 4273 qua!
1251 4216 1374 4274 post
1419 4206 1587 4263 Deum
1623 4217 1803 4268 erant,
1838 4209 1889 4264 id
1925 4218 2028 4274 est,
2065 4218 2249 4278 poste-

657 4301 826 4361 riora,
879 4315 942 4352 ex
989 4301 1191 4368 quibus
1249 4301 1403 4370 quasi
1457 4317 1550 4370 per
1595 4303 1889 4368 quamdam
1941 4303 2251 4372 anaIOgiatn

655 4390 839 4460 opifex
880 4406 1067 4442 eorum
1104 4391 1155 4459 2
1194 4392 1545 4461 perspicitur.
1579 4390 1704 4446 llgec
1733 4393 1879 4446 enim
1916 4395 1932 4463 (
1964 4404 2023 4447 ut
2052 4393 2250 4449 verisi-

658 4484 787 4537 mile
831 4484 962 4549 est)
1010 4482 1190 4538 Moses
1241 4485 1492 4539 exactius
1541 4493 1595 4538 et
1649 4486 1927 4555 copiosius
1975 4486 2248 4554 cognovit.

655 4591 819 4645 quamn
853 4576 995 4628 ullus
1036 4577 1377 4631 mortalium.
1425 4577 1562 4632 Cum
1602 4578 1787 4649 itaque
1821 4591 2119 4634 conaretur
2156 4594 2253 4648 po-

656 4669 843 4737 pulum
897 4669 997 4722 sibi
1052 4671 1407 4723 commissum
1461 4670 1526 4724 ad
1579 4669 1672 4724 Dei
1729 4673 2098 4738 cognitionem
2163 4687 2252 4725 re-

657 4760 898 4823 trahere,
932 4759 1187 4828 lcgesque
1222 4759 1616 4813 saluberrimas
1656 4761 1720 4812 ad
1751 4776 1872 4812 eam
1907 4776 2021 4812 rem
2049 4758 2242 4813 facien-

656 4864 739 4904 tt-s
785 4867 1082 4918 exponere,
1135 4851 1332 4920 dule
1381 4869 1549 4920 genus
1590 4853 1804 4906 dicendi
1861 4861 2084 4906 secutus
2124 4862 2246 4905 est:

656 4944 889 4997 alterum
943 4942 1189 4995 historia:
1230 4944 1523 5012 congruit,
1590 4945 1823 4998 alterum
1869 4960 1999 4997 vero
2031 4945 2253 5012 legI-Ja-

657 5037 787 5089 tioni
825 5036 982 5088 inﬂiun
1028 5044 1134 5091 est.
1180 5036 1474 5106 Legislatio
1505 5037 1615 5091 dtto
1645 5038 1809 5092 habet
1836 5038 2082 5091 membra
2116 5057 2127 5092 :
2158 5048 2253 5091 aut

655 5128 799 5183 cnim
854 5127 1102 5181 facienda
1164 5130 1434 5194 imperat,
1491 5141 1584 5184 aut
1635 5126 1890 5199 fugienda
1943 5139 2108 5185 velat.
2160 5131 2248 5186 Sic

656 5229 710 5272 et
734 5225 872 5275 duas
915 5225 1378 5290 partes-continet
1413 5225 1735 5278 historicmn
1773 5224 1994 5279 dicendi
2029 5241 2201 5295 genus
2235 5245 2247 5278 :

734 5398 884 5454 'lsa.
912 5416 948 5460 I,
990 5398 1075 5461 10,
1106 5386 1195 5453 ‘26.
1276 5402 1294 5428 ‘
1332 5399 1506 5454 Exod.
1545 5415 1742 5466 χχχιιι,
1774 5402 1857 5458 Η.

2447 2821 2510 2872 Ἦ
2545 2819 2727 2873 τοίνυν
2755 2820 2998 2883 Γένεσις,
3052 2818 3333 2882 Μωῦσέως
3371 2817 3487 2871 ἐστὶ
3538 2817 3724 2888 γραφὴ
3752 2817 3948 2889 ἀνδρὸς

2360 2909 2670 2979 ἑωρακότος
2729 2909 2904 2974 Θεὸν,
2960 2908 3035 2971 ὡς
3100 2908 3325 2961 δυνατὸν
3383 2908 3628 2978 ὑπῆρχεν
3696 2909 3854 2969 ἰδεῖν,
3903 2900 3948 2975 ᾧ

2363 3019 2380 3051 t
2417 3001 2601 3071 Στόμα
2637 3000 2774 3070 πρὸς
2806 3000 2981 3071 στόμα
3028 2999 3325 3070 λελάληκεν
3362 3001 3390 3053 ό
3432 3000 3564 3062 Θεὸς
3598 3001 3666 3076 ὲν*
3691 2998 3821 3052 εῖδει
3853 2999 3948 3051 καὶ

2356 3094 2417 3145 οὐ
2452 3092 2520 3145 δι’
2556 3093 2917 3161 αἰνιγμάτων.
2955 3111 2974 3142 ι
3010 3093 3240 3145 Πλείονα
3268 3093 3325 3144 δὲ
3371 3091 3572 3160 γνῶσιν
3606 3089 3945 3143 ἐπισπᾶσθαι

2362 3185 2710 3258 βουλόμενος,
2731 3186 2825 3238 καὶ
2849 3185 3108 3253 γνωστῶς
3135 3185 3260 3238 ἰδεῖν
3283 3185 3374 3236 τὸν
3400 3184 3552 3244 Θεὸν,
3585 3184 3645 3236 οὐ
3678 3184 3946 3254 διήμαρτε

2357 3281 2457 3349 τῆς
2485 3280 2757 3349 αἰτήσεως
2807 3279 2912 3330 ὑπὸ
2943 3277 3043 3349 τὴν
3091 3279 3230 3347 ὀπὴν
3271 3277 3372 3345 τῆς
3427 3277 3636 3346 πέτρας
3681 3275 3943 3343 κρυθείςο

2356 3371 2464 3441 ὀπὴ
2496 3371 2552 3422 δὲ
2580 3373 2787 3441 πέτρας
2822 3371 2854 3440 ὴ
2884 3368 2974 3422 διὰ
3004 3369 3096 3422 τοῦ
3135 3369 3510 3439 σαρκωθέντος
3539 3368 3606 3420 δι’
3637 3369 3784 3437 ἡμᾶς
3812 3367 3945 3420 Υίοῦ

2356 3463 2560 3532 γνῶσίς
2599 3463 2714 3515 ἐστι
2759 3461 2852 3514 τοῦ
2899 3462 3144 3532 Πατρός·
3191 3462 3285 3513 καὶ
3322 3461 3390 3513 τὰ
3430 3461 3568 3529 μετὰ
3608 3460 3743 3513 Θεὸν
3783 3455 3942 3525 εἶδεν,

2357 3555 2502 3625 ἅπερ
2538 3555 2687 3608 ἐστὶν
2728 3553 2975 3615 ὀπίσθια,
3013 3553 3071 3618 ἐξ
3101 3549 3176 3606 ὧν
3224 3552 3505 3618 ἀναλόγως
3533 3555 3559 3606 ό
3600 3553 3946 3622 Δημιουργὺς

2354 3648 2539 3702 αὐτῶν
2579 3647 2890 3716 θεωρεῖται,
2947 3648 3091 3716 ἅπερ
3137 3647 3210 3710 ὡς
3245 3648 3391 3709 εἰκὸς
3442 3647 3604 3699 πλέον
3630 3647 3740 3698 τῶν
3767 3646 3946 3699 ἄλλων

2355 3740 2703 3811 κατείληφεν.
2773 3740 2961 3804 Οὖτως
3007 3741 3033 3779 b
3065 3737 3158 3794 οὖν
3197 3744 3288 3793 τὸν
3334 3741 3769 3809 ἐμπιπτευθέντα
3815 3737 3947 3791 λαὸν

2356 3833 2507 3904 αὐτῷ
2531 3833 2668 3901 πρὸς
2684 3831 3018 3900 θεογνωσίαν
3039 3832 3194 3899 ἄγειν
3221 3832 3586 3900 πειρώμενος,
3621 3831 3716 3884 καὶ
3746 3831 3946 3900 νόμους

2357 3927 2613 3981 ἐκθέσθαι
2653 3925 2788 3996 πρὸς
2811 3925 2910 3996 τὴν
2946 3924 3218 3995 σωτηρίαν
3252 3925 3564 3991 ἐνάγοντας,
3592 3925 3684 3976 δύο
3716 3923 3947 3994 μετελή-

2355 4019 2515 4072 λυθεν
2544 4018 2656 4088 εἴδη
2693 4021 2913 4088 γραφῆς
2940 4058 2952 4078 ,
2991 4017 3050 4071 τὸ
3083 4017 3182 4087 μὲν
3220 4015 3515 4086 ἱστορικὸν,
3545 4018 3604 4068 τὸ
3632 4006 3698 4068 δὲ’
3724 4017 3949 4082 νομοθε-

2353 4114 2538 4165 τικόν·
2581 4111 2676 4163 τοῦ
2717 4111 2774 4164 δὲ
2808 4108 3161 4178 νομοθετικοῦ
3196 4108 3258 4159 τὸ
3302 4108 3401 4175 μὲν
3446 4106 3862 4174 παραινετικὸν,
3887 4103 3950 4156 τὸ

2355 4204 2410 4257 δὲ
2447 4201 2917 4272 ἀπαγορευτικόν·
2951 4200 3043 4252 καὶ
3098 4197 3191 4251 τοῦ
3236 4196 3511 4263 ἱστορικοῦ
3566 4197 3627 4248 τὸ
3673 4197 3772 4265 μὲν
3821 4194 3950 4264 περὶ

2357 4297 2563 4364 κόσμου
2596 4296 2861 4363 γενέσεως
2886 4336 2899 4356 ,
2932 4293 2993 4344 τὸ
3025 4291 3082 4344 δὲ
3126 4289 3508 4358 γενειλογικόν
3530 4305 3542 4317 ·
3578 4287 3670 4340 τοῦ
3698 4288 3753 4339 δὲ
3786 4303 3950 4356 νομο-

2356 4387 2571 4443 θετικοῦ
2605 4400 2625 4427 ε
2664 4388 2725 4440 τὸ
2777 4387 2875 4456 μὲν
2922 4385 3048 4456 περὶ
3081 4384 3181 4453 τῆς
3211 4383 3486 4443 κολάσεως
3527 4379 3761 4445 ἀσεϐῶν,
3793 4381 3854 4432 τὺ
3890 4379 3948 4432 δὲ

2356 4485 2483 4553 περὶ
2504 4482 2603 4550 τῆς
2633 4481 2742 4533 τῶν
2775 4480 3002 4532 δικαίων
3029 4477 3198 4547 τιμῆς
3225 4495 3236 4504 ·
3289 4476 3349 4528 τδ
3378 4475 3433 4527 δὲ
3463 4473 3736 4544 ἱστορικὸν
3774 4471 3949 4545 προῦ-

2354 4577 2482 4640 ταξε
2514 4575 2607 4628 τοῦ
2656 4570 3010 4645 νομοθετικοῦ
3051 4571 3137 4623 διὰ
3180 4568 3440 4638 τοιαύτην
3490 4568 3590 4638 τὴν
3629 4565 3831 4630 αἰτίαν,
3880 4565 3945 4617 οὐ

2356 4670 2665 4744 πρᾶγμα(⁹)
2684 4669 2853 4722 ποιῶν
2881 4664 3127 4720 παλαιῶν
3154 4663 3647 4734 πραγμάτωνήμῖν
3671 4660 3943 4730 διηγήσα-

2358 4764 2482 4816 σθαι
2509 4762 2606 4833 τὴν
2643 4759 2886 4831 ἱστορίαν
2935 4755 3460 4825 κατεπαγγέλλεται,
3495 4752 3738 4805 Ι’Λνωθεν
3767 4751 3822 4803 δὲ
3850 4749 3947 4802 καὶ

2359 4857 2465 4928 πρὸ
2495 4856 2596 4925 τῆς
2632 4853 2726 4906 τοῦ
2763 4851 2961 4911 παντὸς
2997 4850 3265 4919 γενέσεως
3289 4848 3389 4918 τὴν
3419 4845 3595 4917 ἀρχὴν
3635 4844 3947 4912 ποιησαμεο

2358 4967 2466 5013 νος,
2509 4947 2751 5000 δείκνυσι
2782 4944 2874 4997 τὸν
2928 4942 3149 5012 Πατέρα
3175 4941 3272 4993 τοῦ
3320 4941 3531 5008 κόσμου
3569 4937 3664 4989 καὶ
3709 4933 3949 5004 Ποιητὴν

2355 5042 2546 5094 τοῦτον
2596 5042 2693 5092 σὺν
2743 5036 2972 5109 ἀληθεία
3017 5033 3317 5105 νομοθέτην
3350 5030 3688 5106 ὑπάρχομτα.
3749 5024 3950 5093 Ἐχρῆν

2356 5134 2461 5202 γὰρ
2476 5129 2744 5198 ἐγνῶσθαι
2775 5127 2877 5198 πρὸ
2905 5126 3012 5178 τῶν
3033 5125 3215 5193 νόμων
3235 5122 3327 5174 τὸν
3360 5119 3680 5191 νομοθέτην.
3702 5117 3912 5182 Τοιγαρ
3927 5143 3948 5152 -

2356 5227 2450 5277 οὖν
2513 5225 2606 5277 καὶ
2713 5222 2970 5291 Ἰωάννης
3034 5219 3254 5291 πρῶτον
3327 5211 3516 5268 εἶπεν·
3579 5232 3597 5265 ι
3667 5211 3755 5264 Ἐν
3801 5210 3948 5280 ἀρχῆ

1982 5487 2218 5543 νΑιιιίΕ
2261 5485 2664 5542 LECTIONES.

771 5584 1019 5641 l‘Cateua
1051 5585 1341 5656 Nieophm'i
1376 5581 1554 5649 οὗτος.
1672 5597 1692 5622 τ
1717 5586 1774 5640 ιὶ.

1815 5584 1879 5639 Ν,
1913 5579 2330 5650 γενεαλογικοῦ.

2200 5736 2429 5790 ΝΟἸἌΕ.

733 5843 798 5910 (⁸)
827 5839 1047 5894 Lat-una
1075 5839 1292 5893 Catena-
1320 5838 1614 5908 Nixt'plmt‘i
1648 5848 1695 5889 ιιι
1721 5836 1982 5888 t‘tiilitmsu
2012 5831 2338 5887 (ξι-ξιιιᾱπιίδρῑ
2371 5835 2469 5880 ι·;ι’1
2519 5828 2639 5880 Υδῐ.
2684 5842 2808 5893 ﬁztp.
