4246 6454
681 371 756 436 ἲῚ
2021 386 2244 451 PROCC

2351 394 2375 453 Ι
2410 392 2655 455 ϐΑΖεΕῙ
3888 404 3956 474 28

685 480 966 549 Scriptura
997 479 1200 535 etenim
1234 496 1391 537 sacra
1429 499 1535 539 non
1566 494 1674 541 tam
1705 489 1768 541 ad
1802 502 2047 547 exat-tam
2076 500 2244 564 engni

2379 520 2395 552 ι
2448 504 2536 556 Ἐν
2566 508 2680 567 τοϊς
2728 478 3008 575 περισσοῖς
3051 499 3381 579 τῶν’ἔργων
3428 525 3521 562 σου
3552 508 3627 580 μὴ
3667 517 3956 585 περιεργά-

686 576 887 626 nonem
923 588 1127 637 rerum,
1155 589 1318 642 quant
1352 576 1417 628 ad
1472 579 1725 645 pietatem
1760 582 2064 640 docendam
2096 590 2269 658 respi-

683 663 777 721 cit,
812 673 915 715 etc.
978 661 1274 717 Laudanda
1327 674 1407 720 est
1466 668 1630 735 igitur
1680 672 1822 726 haud
1870 675 2147 731 immerito
2179 680 2269 734 illa

682 744 873 797 Siraeh
929 746 1229 802 admonitio
1264 769 1276 803 :
1309 771 1325 802 ι
1356 754 1408 805 In
1447 762 1866 824 supervacaneis
1896 778 2121 828 Operutn
2149 775 2270 820 tuo-

684 852 802 889 rum
836 854 898 891 ne
927 841 1002 892 sis
1032 845 1287 897 curiosus
1310 845 1383 897 ³.»
1410 845 1569 900 Plura
1594 852 1737 904 enim
1776 853 2054 907 intellectu
2091 856 2268 912 homi-

682 944 810 982 num
840 940 1058 984 ostensa
1091 942 1217 986 sunt
1264 938 1380 999 libi,
1424 948 1527 992 etc.
1578 938 1684 994 Nec
1740 942 1871 996 illud
1920 945 2267 1003 Ecclesiasue

682 1019 1104 1089 improbanduzn
1138 1035 1219 1078 est
1257 1045 1268 1077 :
1309 1028 1426 1081 Non
1455 1031 1531 1083 sis
1556 1033 1783 1085 multum
1812 1034 2023 1102 justus,
2087 1054 2266 1107 neque

681 1114 758 1165 sis
781 1115 1007 1167 nimium
1042 1119 1262 1185 sapiens
1299 1136 1310 1169 ε
1345 1123 1558 1188 utquid
1589 1124 1735 1175 enim
1766 1127 1817 1178 in
1864 1127 2261 1184 desolationem

680 1206 917 1257 venies?
982 1208 1251 1261 l’ra‘terea
1315 1227 1375 1261 ea
1434 1222 1763 1281 tempestate
1820 1222 2086 1277 sarculum
2144 1233 2265 1276 erat

679 1296 852 1348 rude:
914 1298 1046 1350 nulli
1100 1302 1182 1351 vel
1238 1300 1445 1354 Hebraei
1487 1305 1568 1356 vel
1616 1304 1790 1359 Caeci
1833 1311 2263 1378 quivissentsu-

677 1386 874 1441 blimes
906 1400 957 1443 et
990 1392 1269 1447 acutiores
1316 1397 1652 1462 qtnrstimles
1704 1415 1801 1453 seu
1851 1404 2262 1471 speculationes

677 1491 892 1545 capere,
930 1485 1232 1547 praesertim
1265 1499 1389 1536 Cum
1438 1488 1527 1539 illa
1578 1488 1859 1556 dogmata,
1892 1509 2011 1559 qttzn
2043 1511 2148 1547 non
2194 1498 2259 1549 ad

678 1566 815 1620 bene
851 1571 1111 1639 beateque
1142 1576 1455 1638 vivendum,
1494 1579 1863 1650 pietatemque
1901 1586 2256 1651 iuduecrent,

675 1671 742 1709 eo
795 1668 1037 1727 tempore
1076 1672 1133 1715 ut
1188 1680 1597 1734 supervacanea
1630 1680 1683 1725 et
1730 1676 1898 1728 stulta
1947 1676 2025 1745 rej
2051 1688 2256 1732 cerent.

677 1748 925 1810 Alenim,
952 1754 995 1807 si
1029 1757 1154 1824 quis
1180 1774 1290 1809 rem
1323 1760 1564 1826 penitius
1594 1764 1875 1832 inspiciet,
1908 1770 2139 1836 repetirt
2164 1770 2262 1821 No-

2374 591 2466 655 ζου
2491 609 2504 622 ο
2541 612 2559 644 ι
2594 596 2685 645 καὶ
2720 595 2789 646 τὰ
2827 594 2974 664 ἑξῆς.
3027 598 3137 650 Καὶ
3164 600 3198 669 ἡ
3252 599 3346 651 τοῦ
3390 600 3837 670 Ἐκκλησιαστοῦ,
3878 610 3952 678 μὴ

2373 681 2595 749 σοφίζου
2627 688 2877 752 περιττὰ,
2907 687 2980 755 μή
3036 704 3166 740 ποτε
3208 688 3492 760 ἐκπλαγῇς
3515 707 3527 720 ⁸
3563 692 3678 745 ἀλλ’
3724 696 3843 748 οὐδὲ
3869 698 3952 750 6e-

2371 772 2550 822 κτικοί
2585 788 2729 834 τινες
2771 775 2890 825 κατ’
2938 778 3144 829 ἐκεῖνον
3191 778 3283 830 τὸν
3340 781 3530 850 χρόνον
3586 783 3954 853 θεωρημάτων

2369 858 2713 929 λεπτοτέρων
2755 863 3051 933 ἐτύγχανον
3105 866 3233 919 οὕτε
3310 870 3459 939 παρά
3503 874 3618 933 τοῖς
3681 874 3953 943 Ἑϐραίοις

2367 954 2491 1006 οὗτε
2513 956 2664 1025 παρὰ
2688 960 2799 1020 τοῖς
2830 959 3088 1029 ’Ἓλλησιν
3114 978 3129 992 ο
3163 963 3340 1025 ἄλλως
3364 982 3423 1016 τε
3458 967 3551 1017 καὶ
3590 966 3688 1035 τὴν
3716 969 3791 1038 μὴ
3819 970 3952 1039 πρὸς

2366 1045 2597 1108 εὐζωῖαν
2632 1049 2722 1100 καὶ
2759 1048 2857 1118 τὴν
2884 1048 3197 1103 θεοσέϐειαν
3219 1053 3529 1123 δυναμένην
3561 1056 3764 1122 γνῶσιν
3794 1059 3948 1124 ἄγειν

2367 1134 2658 1205 περίεργον
2688 1138 2991 1205 ἐλογίζοντο
3014 1143 3105 1194 καὶ
3128 1141 3247 1195 λίαν
3278 1145 3507 1214 ἀνόητον
3537 1153 3608 1200 κ’.
3644 1146 3809 1219 Εὖροι
3843 1152 3951 1221 γὰρ

2369 1223 2435 1276 ἄν
2493 1244 2574 1288 τις
2632 1230 2831 1281 σκοπὸν
2883 1232 2984 1300 τὴν
3043 1233 3193 1285 Νέαν
3264 1237 3331 1305 τῇ
3392 1237 3603 1308 Παλαιᾷ
3658 1245 3948 1308 γεγονυῖαν

2367 1312 2580 1383 Γραφῇ,
2618 1318 2711 1369 καὶ
2746 1320 3114 1388 χειραγωγίαν
3142 1323 3263 1375 τινὰ
3302 1325 3655 1398 παιδευτικὴν
3691 1331 3790 1400 τὴν
3845 1332 3953 1384 [Ια-

2364 1401 2519 1454 λαιὰν
2551 1404 2687 1473 πρὸς
2720 1408 2816 1475 τὴν
2861 1408 3007 1460 Νέαν
3052 1409 3428 1481 ὑπάρχουσαν,
3475 1415 3639 1469 Ὀοεν
3662 1420 3757 1471 καλ⁸
3788 1422 3954 1475 Μωῦ·

2366 1490 2463 1556 σῆς
2498 1494 2525 1542 ὁ
2572 1492 2746 1560 μέγας
2788 1494 2861 1555 ὠ;
2905 1498 3209 1565 μειρακίων
3264 1498 3606 1565 διδάσκαλος,
3650 1505 3805 1557 οὐδὲν
3855 1507 3952 1574 μὲν

2361 1581 2467 1633 τῶν
2498 1583 2823 1655 ἀπορρήτων
2855 1587 3007 1664 φησί.
3054 1586 3191 1639 Θεοῦ
3235 1588 3291 1641 δὲ
3323 1590 3392 1643 τὰ
3439 1592 3630 1661 πρῶτα
3686 1593 3951 1664 δημιουρ-

2362 1673 2487 1741 γίαν
2514 1675 2605 1727 καὶ
2630 1678 2828 1744 νόμους
2854 1661 3138 1749 ἀγράφους
3169 1679 3404 1733 ὑπέθετο
3431 1682 3541 1733 τῶν
3574 1684 3705 1754 πρὶν
3735 1684 3951 1754 ἀνθρώ-

2365 1783 2480 1817 πων
2510 1767 2619 1818 τῶν
2653 1767 3160 1838 ἐμπολιτευομένων
3187 1772 3375 1835 αὐτοῖς
3396 1790 3408 1802 ·
3434 1774 3561 1836 τοὺς
3594 1775 3792 1845 νόμους
3826 1776 3950 1827 τοῦ·

675 1853 802 1893 vum
859 1841 1267 1898 Testamentum
1307 1864 1532 1918 scopum
1567 1854 1851 1909 exstitisse
1891 1854 2125 1920 Veteris,
2169 1876 2235 1913 eo

2365 1871 2488 1916 τους
2528 1856 2637 1925 γὰρ
2680 1857 2769 1909 δια
2811 1857 2920 1908 τῶν
2951 1856 3115 1911 θείων
3150 1858 3429 1914 ὀπτασιῶν
3459 1863 3568 1916 τῶν
3609 1864 3749 1917 κατά
3792 1864 3944 1916 δύναο

672 1942 1010 2003 enasci-tque
1036 1933 1202 1990 Vetus
1228 1954 1350 1994 esse
1372 1940 1531 2010 quasi
1570 1943 1973 2001 institutionem
2001 1960 2051 2001 et
2086 1952 2261 2004 intro-

669 2022 984 2078 (lllt‘lii'llcttt
1018 2028 1083 2082 ad
1108 2028 1338 2084 Novum.
1366 2031 1488 2087 Ideo
1509 2032 1710 2100 Moses,
1742 2045 1801 2090 ut
1825 2055 2124 2108 puerorum
2160 2045 2257 2096 do-

667 2126 809 2175 ctor,
835 2132 1033 2172 arcana
1072 2124 1335 2189 mysteria
1384 2125 1553 2180 missa
1588 2126 1737 2190 facit,
1772 2131 2021 2199 nihilque
2044 2133 2139 2185 alti
2176 2136 2259 2189 vel

664 2210 867 2261 excelsi
894 2220 1074 2263 sonat.
1093 2211 1386 2266 Enumerat
1413 2216 1650 2284 primum
1680 2222 1870 2274 mundi
1896 2224 2254 2291 creationem,

663 2299 859 2353 deinde
894 2302 1038 2371 leges
1070 2305 1189 2356 sine
1216 2308 1427 2375 si-rfpto
1477 2310 1710 2377 profert,
1741 2328 1881 2382 quas
1912 2315 2079 2383 prisci
2109 2332 2257 2369 mor-

664 2392 799 2444 tales
830 2410 926 2445 ιϊιι
960 2394 1080 2448 γιιςῐι
1121 2407 1329 2449 certam
1358 2412 1607 2473 normam
1655 2404 2050 2472 sequebantur.
2078 2408 2254 2461 Act-e-

660 2499 789 2553 pere
814 2487 957 2538 enim
988 2486 1086 2540 bas
1108 2503 1172 2540 ex
1202 2483 1508 2544 visionibus
1536 2492 1758 2557 divinis,
1789 2513 1909 2564 qua:
1933 2498 2281 2567 ipsis,qua-'

658 2584 821 2631 tenus
856 2578 969 2630 licri
1012 2578 1231 2644 licebat,
1254 2596 1560 2649 apparuere
1584 2585 1871 2641 divinitus.
1895 2589 2041 2642 Deus
2071 2592 2252 2659 siqui-

656 2668 858 2724 demex
878 2670 1172 2723 Abraltami
1202 2673 1414 2727 semine
1437 2677 2012 2750 populumdelcgerat,
2032 2698 2196 2752 quem
2223 2700 2251 2737 ιι

654 2762 997 2831 reliquorum
1031 2764 1314 2818 hominum
1354 2770 1615 2838 contagio
1660 2784 2012 2842 segregatum
2044 2775 2243 2830 voluit.

654 2850 815 2908 llunc
864 2856 1054 2911 multis
1102 2868 1155 2911 et
1190 2860 1580 2915 saluberrimis
1616 2866 1914 2934 prmccptis
1942 2882 2249 2923 conserva-

652 2947 751 3011 vit,
786 2960 838 3003 et
880 2966 990 3017 ιιι-(ο
1020 2953 1235 3007 ett-teris
1264 2968 1361 3007 sua
1398 2956 1747 3024 providentia
1773 2960 2002 3029 dignum
2032 2962 2247 3017 habuit.

651 3037 753 3094 llis
798 3051 1257 3099 commonstravit
1313 3046 1531 3101 abunde
1580 3066 1703 3118 qua:
1756 3062 1942 3108 tenere
1985 3056 2140 3110 decet
2184 3055 2251 3109 il-

652 3134 737 3188 los
782 3136 875 3204 qui
925 3137 1206 3206 agitantur
1252 3140 1516 3209 cupidine
1567 3145 1937 3211 cegnOscendi
1988 3146 2248 3216 dogmata

2367 1965 2459 2016 μιν
2493 1948 2803 2017 γενομένων
2831 1949 3016 2012 αὐτοῖς
3043 1950 3477 2020 παρειλήφεσαν.
3514 1954 3659 2009 Λαίαν
3687 1954 3797 2026 γάρ
3832 1971 3952 2007 τινα

2361 2038 2491 2100 Θεὶς
2526 2040 2590 2092 ἐκ
2630 2040 2729 2107 τῆς
2759 2040 2852 2094 τοῦ
2894 2039 3147 2111 Ἀϐραὰμ
3178 2046 3342 2113 γονῆς
3373 2044 3678 2110 ἐξελέξατο,
3716 2048 3828 2108 τοῖς
3857 2045 3953 2098 ἄλ-

2360 2130 2472 2193 λοις
2524 2132 2759 2202 ἄμικτον
2821 2132 3104 2205 διαφόροις
3177 2137 3425 2207 τηρήσας
3490 2137 3945 2207 προστάγμασιν,

2360 2223 2653 2293 ἐξαιρέτως
2709 2226 2810 2295 τῆς
2864 2225 3029 2280 αὐτοῦ
3096 2228 3351 2298 προνοίας
3409 2227 3746 2297 ἠξιωμένον,
3802 2226 3951 2298 ᾇπερ

2360 2316 2526 2383 ἐχρῆν
2556 2316 2623 2369 δι’
2655 2317 2834 2369 αὐτῶν
2860 2320 2940 2381 εἰς
2985 2319 3083 2389 τὴν
3122 2320 3232 2371 τῶν
3279 2320 3403 2388 ἑξῆς
3451 2318 3806 2373 ειδασκαλίαν
3848 2336 3948 2389 φυ-

2359 2406 2667 2460 λάττεσθαι.
2708 2409 2787 2461 Δι’
2820 2410 3001 2463 αὐτῶν
3042 2411 3150 2481 γὰρ
3187 2410 3292 2464 ἔδει
3336 2415 3433 2473 τας
3463 2410 3558 2463 τοῦ
3590 2412 3727 2463 Θεοῦ
3759 2412 3948 2481 διαφό-

2361 2517 2485 2569 ρους
2524 2503 2841 2572 οἰκονομίας
2874 2504 2963 2556 καὶ
3009 2507 3120 2566 τοῖς
3149 2504 3175 2543 Ιι
3202 2502 3515 2574 ἀνθρώποις
3554 2501 3942 2572 βραϐεύεσθαι.

2357 2591 2592 2659 Χριστὸς
2635 2594 2745 2662 γὰρ
2775 2594 2839 2645 ἐκ
2869 2593 2979 2645 τῶν
3012 2593 3118 2646 ὑπὸ
3157 2593 3320 2662 νόμον
3356 2593 3433 2661 τῷ
3462 2593 3625 2645 παντὶ
3662 2592 3768 2662 βίῳ
3809 2593 3947 2665 πρὸς

2355 2685 2453 2755 τὴν
2487 2684 2760 2753 σωτηρίαν
2810 2684 3075 2752 ἀνέτειλε,
3108 2686 3240 2756 παρ’
3272 2680 3353 2747 οἷς
3397 2686 3493 2737 καὶ
3532 2686 3812 2755 προθῆται
3846 2688 3945 2756 τὴν

2355 2776 2521 2831 αὐτοῦ
2564 2777 2869 2847 παρουσίαν
2913 2778 3238 2847 ἐκήρυττον.
3290 2777 3455 2831 Ὅθεν
3500 2777 3638 2839 ιδίας
3691 2775 3948 2845 ἠξιοῦντο

2354 2869 2631 2939 προνοίας,
2671 2869 2756 2922 ἵνα
2786 2868 2861 2939 μὴ
2887 2872 2999 2933 τοῖς
3023 2870 3203 2932 ἄλλοις
3231 2869 3622 2940 ἀναμιχθέντες
3646 2867 3947 2938 διαφθορὰν

2354 2962 2745 3031 ὑπομείνωσιν,
2778 2962 2891 3015 ἀλλ’
2940 2963 3020 3025 εἰς
3049 2962 3243 3034 καιρδν
3292 2962 3577 3030 παραδῶσι
3607 2964 3720 3024 τοῖς
3759 2961 3946 3021 ἄλλοις

2352 3055 2452 3125 τῆς
2478 3053 2573 3108 τοῦ
2613 3054 2851 3125 Χριστοῦ
2895 3055 3202 3124 παρουσίας
3242 3053 3311 3107 τὰ
3356 3052 3802 3125 προμηνύματα,
3850 3051 3949 3107 καὶ

2354 3148 2487 3218 ὅσην
2514 3145 2721 3200 ἄνωθεν
2770 3148 2799 3197 ὁ
2830 3146 2961 3209 Θεὸς
3001 3146 3324 3217 ἐπιμέλειαν
3357 3145 3464 3200 τῶν
3502 3146 3813 3216 ἀνθρώπων
3844 3160 3945 3196 πε-

651 3243 775 3296 quze
806 3230 1157 3295 postmodum
1205 3241 1396 3285 essent
1426 3232 1828 3302 depromenda.
1863 3234 2001 3289 Nam
2038 3238 2237 3291 horum

2353 3238 2598 3308 ποίηται,
2648 3238 2796 3300 ὅπως
2838 3254 2896 3290 τε
2927 3237 3015 3291 διὰ
3054 3238 3155 3308 τῆς
3198 3238 3435 3308 νομικῆς
3484 3236 3784 3303 διατάξεως
3837 3235 3947 3289 ἀπὸ

649 3334 815 3390 Opera
844 3332 896 3375 et
923 3323 1109 3377 stuvlio
1137 3326 1429 3394 oportebat
1464 3326 1651 3381 divina
1682 3329 1946 3384 miracula
1979 3330 2242 3400 legesque

649 3417 816 3466 etiam
855 3416 1088 3483 reliquis
1135 3419 1465 3474 mottalibus
1509 3423 1941 3476 communicari.
1985 3421 2245 3477 Christus

2350 3329 2459 3381 τῶν
2486 3328 2623 3398 πρὸς
2670 3326 2921 3397 ’Δὸραάμ
2970 3326 3316 3395 ἐπαγγελιῶν
3347 3326 3659 3399 ἀρξάμενος
3684 3366 3698 3391 ,
3727 3326 3811 3388 είς
3844 3324 3947 3395 τὴν

2352 3421 2448 3474 τοῦ
2483 3420 2723 3489 Χριστοῦ
2742 3420 3047 3491 παρουσίαν
3077 3419 3532 3488 ἐπαιδαγὼγησεν
3560 3418 3827 3480 ἅπαντας.

651 3507 798 3559 enim
834 3508 978 3575 apud
1030 3508 1129 3560 bos
1184 3510 1276 3575 qui
1335 3512 1435 3580 legi
1489 3512 1718 3566 obnoxii
1768 3523 1949 3578 erant,
1983 3523 2038 3569 et
2108 3525 2272 3570 natus
2344 3521 2400 3568 et
2450 3520 2820 3567 converSaIus
2883 3499 2992 3576 est,
3058 3512 3220 3566 sit-uti
3287 3511 3572 3564 vaticinati
3632 3519 3764 3564 sunt
3817 3521 3946 3579 pro-

649 3601 826 3669 phetze
858 3600 1055 3653 sancti.
1121 3600 1461 3657 Peculiarcm
1523 3603 1707 3673 itaque
1744 3604 1839 3660 Dei
1876 3609 2056 3661 sortiti
2111 3616 2243 3662 sunt
2284 3606 2718 3677 providentiam,
2756 3620 2824 3659 ne
2891 3604 3123 3674 reliquis
3177 3602 3404 3657 immisti
3450 3603 3671 3671 pepulis
3738 3601 3943 3656 laedam

652 3694 924 3746 Sz‘ltllt't'llt
969 3697 1404 3764 corruptionem,
1466 3705 1521 3752 et
1570 3707 1626 3751 ut
1665 3716 1766 3754 suo
1822 3710 2071 3773 tempore
2140 3703 2360 3758 caneris
2400 3702 2663 3773 gentibus
2714 3700 3011 3753 adventum
3068 3698 3375 3752 salutarem
3451 3694 3683 3757 Christi,
3747 3706 3947 3764 praesa'

648 3786 738 3854 gia
774 3796 827 3839 et
869 3789 1118 3854 oracula,
1162 3804 1264 3844 nec
1301 3808 1409 3845 non
1466 3804 1676 3864 quanta
1733 3811 1865 3851 cura
1897 3813 1924 3850 a
1958 3797 2267 3867 primordio
2337 3798 2451 3867 jam
2499 3797 2627 3849 inde
2677 3810 2862 3848 rerum
2907 3793 3209 3845 humanum
3259 3804 3435 3859 genus
3486 3787 3723 3843 lovisset
3769 3787 3941 3840 Deus.

647 3878 944 3933 emt-aeiter
989 3881 1463 3939 demonstrarent.
1524 3884 1767 3943 Proinde
1826 3890 2232 3961 lcgislationem
2311 3905 2550 3947 exorsus
2603 3903 2633 3941 a
2678 3884 3148 3958 promissionibus
3200 3884 3255 3938 in
3327 3880 3707 3936 Abrahamum
3770 3877 3947 3931 colla-

647 3972 740 4032 tis,
830 3974 1032 4044 satagit
1100 3990 1295 4032 omnes
1375 3980 1670 4038 instituere
1734 3983 1800 4039 ad
1876 3986 2177 4043 adventum
2219 3986 2449 4043 Christi.

716 4064 875 4129 Quod
914 4065 1084 4122 Vetus
1137 4069 1561 4127 Testamentum
1606 4077 1770 4144 paulo
1804 4080 2104 4137 obscurius
2133 4091 2241 4147 est,

643 4175 871 4214 causam
909 4162 1074 4215 aliam
1127 4167 1403 4221 arbitrare
1440 4169 1675 4231 nullam,
1714 4187 1880 4241 qualn
1930 4175 2241 4243 priscorum

646 4255 932 4306 hominum
979 4258 1183 4312 obtusa
1237 4268 1501 4328 pectora.
1530 4260 1667 4315 Nam
1725 4266 1848 4319 telo
1892 4266 2243 4336 indigebant,

642 4358 770 4396 cum
834 4360 941 4397 non
1008 4348 1360 4403 sustinerent
1418 4350 1509 4403 illa
1572 4360 1799 4422 propter
1856 4356 2243 4410 excellentiam

642 4437 851 4492 videre.
895 4439 1156 4493 Nonnihil
1199 4441 1348 4494 enim
1400 4443 1650 4512 ipsorum
1703 4446 1854 4500 acies
1901 4448 2243 4517 perstringe-

2418 4079 2529 4147 Τῆς
2556 4076 2613 4129 δὲ
2641 4074 2785 4129 κατά
2822 4078 2922 4139 τὴν
2962 4070 3211 4127 Παλαιὰν
3239 4068 3467 4140 Γραφὴν
3497 4066 3766 4136 ἀσαφείας
3798 4064 3948 4119 αἰτία

2345 4172 2445 4242 μὲν
2495 4172 2527 4240 ἠ
2574 4169 2683 4223 τῶν
2734 4166 2985 4220 παλαιῶν
3034 4164 3341 4234 ἀνθρώπων
3396 4159 3654 4214 ἀσθένεια
3709 4156 3942 4226 δεομένη

2343 4263 2482 4334 πρὸς
2495 4262 2591 4333 τὴν
2609 4260 2792 4314 αὐτῶν
2816 4258 2973 4323 ἀξίαν
3001 4257 3536 4327 παραπετάσματος.
3570 4252 3812 4319 Μωῦσῆς
3834 4248 3944 4318 γὰρ

2339 4357 2442 4408 οὐκ
2486 4354 2704 4424 ἠγνόει·
2763 4353 2900 4421 πρὸς
2943 4351 3141 4412 αὐτοὺς
3197 4348 3310 4418 γὰρ
3364 4344 3478 4414 εἶχε
3543 4345 3606 4397 τὸ
3650 4344 3941 4411 κάλυμμα,

2341 4446 2458 4499 ἀλλ’
2505 4447 2566 4498 οὺ
2616 4444 2753 4515 πρὸς
2799 4441 3019 4501 ἐαυτὸν,
3065 4440 3186 4493 οὐδὲ
3234 4435 3642 4509 μεταστραφεὶς
3691 4433 3947 4503 προς-τον

643 4532 735 4584 bat
765 4541 1101 4587 coruscante
1161 4534 1465 4604 splendore
1498 4536 1821 4591 divinorum
1845 4540 2237 4593 oraculorum.

2348 4538 2577 4609 Κύριον.
2603 4532 2904 4605 Τοιγαροῦν
2928 4532 3035 4585 τῶν
3086 4529 3428 4598 ἀγνοούντων
3456 4527 3557 4626 05-):
3584 4520 3653 4594 ἦν
3681 4521 3947 4626 ἔγκλημα

642 4621 844 4678 Verum
886 4624 1069 4680 MOSes
1092 4627 1484 4697 mysteriorum
1511 4629 1759 4682 omnium
1796 4630 2012 4700 plenam
2050 4633 2246 4699 cogni—

641 4719 846 4770 tionem
884 4717 1119 4772 habebat
1156 4738 1168 4773 :
1208 4720 1329 4773 velo
1379 4735 1487 4774 non
1531 4728 1762 4791 propter
1811 4738 1893 4785 se,
1933 4723 2028 4777 sed
2077 4738 2245 4777 causa

639 4810 903 4871 aliorum,
932 4809 1130 4864 faciem
1166 4811 1519 4881 contegebat.
1551 4812 1661 4868 Nec
1681 4814 1805 4868 velo
1835 4816 2096 4870 utebatur
2119 4833 2245 4871 eum

638 4915 698 4951 se.
728 4907 967 4953 verteret
989 4899 1054 4951 ad
1103 4899 1293 4959 Deum,
1326 4908 1381 4953 et
1412 4914 1539 4954 cum
1559 4916 1625 4956 eo
1660 4916 1850 4957 coram
1894 4888 2243 4974 colloquere-

639 5002 749 5045 tur.
782 4990 971 5062 Itaque
1002 5002 1230 5061 promer
1267 4994 1661 5063 mysteriorum
1712 4995 2080 5065 ignorantiam
2125 4992 2234 5051 non

634 5081 794 5137 erant
825 5084 1173 5139 accusandi?
1216 5085 1360 5139 Audi
1403 5085 1692 5141 Christum
1736 5087 2020 5143 dicentem
2060 5110 2073 5143 :
2117 5108 2136 5142 ι
2174 5090 2231 5144 Si

637 5194 746 5232 non
809 5178 1115 5241 venissem,
1151 5188 1208 5231 et
1253 5178 1480 5234 locutus
1518 5178 1749 5235 luissem
1787 5182 1892 5246 eis,
1945 5191 2234 5253 peccatum

635 5288 743 5325 non
799 5258 1132 5327 haberent".
1170 5291 1188 5322 ι
1247 5270 1542 5342 Propltetia
1571 5274 1794 5343 quidem
1825 5291 2018 5345 parum
2055 5278 2237 5347 primo

634 5374 860 5434 aspectu
885 5364 1034 5419 clara
1064 5373 1185 5431 est;
1221 5365 1316 5420 ubi
1346 5381 1479 5421 vero
1510 5365 1575 5420 ad
1602 5382 1719 5422 rem
1749 5368 1951 5422 collata
1982 5378 2037 5423 et
2070 5386 2239 5424 even-

635 5468 750 5511 tum
793 5458 989 5511 sortita
1043 5458 1229 5523 fuerit,
1283 5474 1448 5529 quem
1513 5461 1787 5528 prtctlixit,
1852 5470 1968 5518 tum
2004 5464 2230 5519 domum

697 5602 713 5631 ³
741 5595 913 5651 Eccli.
945 5612 1028 5660 ιιι,
1061 5597 1152 5651 2i.
1232 5594 1251 5625 ⁵
1273 5593 1442 5652 Joan.
1484 5613 1575 5663 xv,
1606 5596 1697 5651 22.

2349 4632 2473 4684 κατ’
2504 4629 2704 4682 αὐτῶν,
2738 4647 2757 4679 ι
2811 4627 2874 4679 El
2927 4624 3001 4695 μὴ
3031 4619 3198 4695 ἦλθον
3239 4621 3370 4691 γὰρ.
3410 4618 3578 4687 φησὶν
3608 4619 3635 4668 ὁ
3678 4614 3942 4684 Χριστὸς,

2346 4724 2442 4777 καὶ
2469 4722 2709 4791 ἐλάλησα
2755 4720 2962 4781 αὐτοῖς,
3002 4715 3284 4787 ἁμαρτίαν
3314 4713 3416 4766 οὐκ
3442 4708 3610 4780 εἶχον.
3655 4707 3719 4761 'll
3751 4706 3807 4760 δὲ
3841 4705 3945 4774 τῆς

2345 4816 2686 4886 προφητείας
2717 4812 2955 4880 ἀσάφεια
2994 4810 3085 4863 διὰ
3112 4809 3212 4878 τῆς
3236 4804 3516 4866 ἐκϐάσεως
3550 4798 3939 4872 ἑρμηνεύεται,

2342 4910 2584 4979 Δευτέρα
2639 4907 2696 4961 δὲ
2748 4905 2901 4959 αἰτία
2955 4904 3017 4957 τὸ
3068 4901 3177 4956 ἀπὸ
3232 4900 3333 4970 τῆς
3388 4896 3662 4967 Ἐϐραίων
3714 4895 3796 4955 εἰς
3842 4890 3943 4957 τὴν

2345 5000 2516 5070 ἀλλην
2553 4997 2568 5037 ί
2620 4996 3043 5070 μεταληφθῆναι
3089 4990 3423 5063 φωνὴν,’τοῦ
3465 4985 3601 5041 Θεοῦ
3652 4984 3812 5038 τοῦτο
3852 4982 3942 5035 διὰ

2347 5093 2689 5165 Πτολεμαίου
2733 5088 2993 5160 γενέσθαι
3022 5087 3128 5156 ττρὸ
3166 5087 3264 5154 τῆς
3305 5085 3400 5136 τοῦ
3435 5077 3679 5149 Χριστοῦ
3735 5092 3943 5180 itemp-

2348 5188 2470 5251 σίας
2499 5186 2986 5256 οἱκονομήσαντος,
3014 5181 3286 5249 ὄτεκοινῇ
3320 5177 3485 5230 πᾶσιν
3510 5171 3745 5244 ἧμελλεν
3769 5171 3942 5237 ἐγνῶο
3998 5208 4002 5211 η

2345 5279 2471 5333 σθαι
2510 5280 2624 5341 τοῖς
2660 5277 2890 5330 ἔθνεσιν.
2929 5274 3053 5327 Ὅτι
3095 5272 3152 5325 δὲ
3196 5268 3339 5325 κατά
3387 5267 3541 5321 θείαν
3588 5263 3877 5318 ἐπίπνοιαν
3913 5261 3944 5314 ὀ

2349 5372 2523 5444 μέγας
2546 5370 2787 5440 Μωῦσῆς
2817 5368 2912 5422 καὶ
2946 5368 3014 5421 τα
3059 5365 3179 5418 λίαν
3211 5364 3417 5435 ἀρχαῖα
3449 5359 3544 5412 καὶ
3583 5355 3653 5409 τὰ
3690 5353 3831 5425 μετὰ
3879 5351 3941 5405 τὸ

2346 5464 2600 5517 πλεῖστον
2641 5460 2966 5531 ἐγίνωσκεν,
3007 5457 3186 5522 οὐδεὶς
3223 5456 3459 5527 ἀντερεῖ.
3500 5447 3637 5505 Θεοῦ
3675 5446 3786 5519 γὰρ
3811 5446 3940 5520 ἐπι-

1912 5708 2152 5767 VARM‘J
2215 5707 2632 5766 LECTIONES.

707 5843 748 5882 ε’
777 5841 838 5895 (ἶ.
860 5840 929 5898 Ν.
975 5840 1263 5911 ἀνόνητον.
1342 5843 1368 5883 h
1412 5839 1474 5895 C.
1509 5837 1571 5893 Ν
1619 5838 1707 5894 ad.
1752 5836 1955 5902 ἄλλοις.

2057 5831 2077 5874 ί
2124 5835 2187 5890 c.
2220 5833 2284 5888 Ν.
2322 5803 2570 5887 Ἐλλάδα.
