4246 6454
718 377 780 440 31
2019 388 2274 451 PROCOI

2386 392 2630 452 (ὶΛΖίΕΙ
2828 452 2834 457 ,
3542 417 3556 427 ο
3899 387 3965 452 32

718 507 746 541 a
815 494 1056 548 creando
1124 498 1378 564 quievit,
1445 506 1498 552 et
1571 513 1680 553 non
1755 499 1990 554 subinde
2057 502 2274 555 mundo:

2398 502 2664 572 μιουργοῦ
2703 503 3083 574 πρεσϐυτέραν
3113 504 3330 576 ἀνάγκη
3367 505 3469 575 τὴν
3504 503 3638 574 ὕλην
3663 501 3828 569 νοεῖν,
3859 500 3965 554 επί-

717 585 950 637 statuit?
1010 585 1282 643 Pra'tcrea
1368 590 1500 644 hinc
1571 607 1942 662 consequetur
2012 605 2274 647 creaturas

2400 610 2548 644 νοιαν
2609 595 3053 666 προταττομένην
3093 596 3188 649 τοῦ
3242 597 3469 666 κόσμου.
3508 595 3568 660 ἐξ
3609 590 3677 665 ἧς
3707 597 3735 646 ό
3775 592 3972 663 κόσμος

715 687 838 725 esse
893 675 1276 742 supplementa
1334 678 1536 732 divina)
1594 681 1959 735 substantia:
2018 681 2274 750 siquiden

2400 683 2619 749 ἐγένετο
2652 683 2731 754 τῷ
2770 684 2890 754 Θεῷ
2920 687 3230 752 συναῖδιος;
3265 687 3390 750 Πῶς
3419 687 3477 740 δὲ
3509 689 3555 739 εἰ
3586 685 3658 739 τά
3686 685 3834 742 ἁπλᾶ
3869 683 3973 736 τῶν

713 760 801 814 his
860 779 968 816 non
1023 766 1442 834 exsistcntihns,
1485 785 1586 824 nec
1623 772 1897 823 naturalis
1949 775 2054 824 crit
2087 771 2269 838 opifex

2403 773 2674 826 συνθέτων
2712 776 3087 846 πρεσϐύτερα,
3123 777 3242 846 ἅμα
3295 778 3353 831 δὲ
3408 777 3564 842 Θεὸς,
3596 775 3715 846 ἄμα
3772 775 3972 844 κόσμος

713 854 794 905 Ad
848 855 961 910 hmo
1013 859 1140 925 quid
1213 860 1526 927 prohibebit
1574 861 1968 932 cogitationem
1996 862 2274 916 extendere

2401 861 2654 925 σύνθετος
2687 862 2784 927 ιῖτν,
2820 866 2882 919 οὐ
2930 866 3025 918 καὶ⁵
3056 866 3157 919 τοῦ
3202 866 3339 920 Θεοῦ
3377 867 3554 920 ταῦτα
3594 866 3814 926 πάντως
3859 864 3973 916 ἑπι-

712 960 778 995 ro
833 962 1026 1014 usque,
1085 958 1142 1000 ut
1205 952 1629 1018 pronuntiemus
1693 955 2002 1016 materiam,
2057 970 2121 1008 ex
2185 970 2274 1024 qu:

2399 954 2518 1023 νοία
2549 955 2901 1026 πρεσσίτερα
2925 955 3020 1009 τοῦ
3065 959 3183 1020 τοῖς
3223 957 3500 1019 συνθέτοις
3531 955 3802 1008 συναῖδίου
3846 969 3973 1020 τυγ-

713 1037 949 1090 mundus
997 1048 1319 1106 eompactus
1373 1051 1457 1094 est
1512 1041 1623 1094 Deo
1662 1052 1994 1106 coaeternus,
2055 1059 2274 1114 praeces-

2399 1043 2690 1112 χάνοντος;
2726 1044 2850 1107 Πῶς
2877 1045 2936 1098 δὲ
2961 1045 3059 1099 τοῦ
3101 1045 3311 1117 κόσμου
3351 1047 3420 1099 τά
3449 1047 3566 1115 εῐδη
3596 1043 3971 1114 συνεμετρήοη

709 1126 854 1179 sisse
885 1135 937 1178 et
970 1131 1491 1197 antiquiorem'esse
1524 1133 1768 1200 Opifice?
1803 1133 1944 1187 Proh
1973 1135 2274 1189 absurdita

2397 1135 2464 1202 τῇ
2503 1132 2639 1202 ὓλῃς
2671 1133 2704 1203 ἢ
2737 1135 2848 1204 γὰρ
2877 1139 3018 1188 κατά
3045 1135 3217 1206 τύχην
3242 1136 3514 1206 τοσαύτην
3537 1129 3663 1205 εὗρε
3685 1134 3816 1194 Θεὸς
3846 1133 3974 1199 ὓλην

709 1217 840 1268 tvm!
887 1216 1119 1285 Insuper
1165 1235 1290 1272 cum
1344 1221 1804 1277 manifestissime
1858 1232 2043 1292 pateat
2076 1225 2264 1294 simpli

2397 1221 2531 1290 ὅσην
2565 1222 2800 1290 ἠδύνατο
2827 1227 3201 1292 κοσμοποιεῖν,
3239 1225 3334 1279 καὶ
3375 1223 3811 1295 συνεπερατοῦτο
3848 1223 3974 1274 11-3--

706 1306 793 1359 cia
854 1311 1158 1362 vetustiora
1206 1326 1331 1365 esse
1402 1314 1750 1382 compositis,
1811 1314 2170 1368 concludetur
2227 1331 2294 1369 ex

705 1397 874 1475 modo
929 1404 1385 1456 commemoratis
1416 1404 1750 1467 ratiociniis,
1791 1403 1960 1458 Deum
1996 1406 2296 1474 simpliciso

705 1487 899 1540 simam
932 1489 1078 1542 illam
1105 1491 1496 1557 substantiam,
1547 1493 1795 1562 ejusdem
1855 1501 1937 1563 (ut
1977 1497 2050 1548 ita
2086 1497 2292 1564 dicam)

703 1579 887 1634 aetatis
922 1595 1046 1633 cum
1085 1583 1313 1647 mundo,
1361 1586 1454 1654 qui
1492 1587 1744 1654 partibus
1793 1593 2012 1640 constat
2055 1595 2110 1640 et
2144 1602 2295 1640 com-

703 1669 918 1736 positus
969 1673 1236 1736 cernitur,
1278 1675 1548 1730 exsistere
1600 1694 1612 1729 :
1671 1666 1837 1746 idque
1895 1688 2076 1731 mente
2130 1665 2293 1746 posse

701 1761 930 1829 percipi,
959 1778 1083 1817 eum
1128 1764 1296 1820 Deum
1326 1769 1646 1838 compositis
1677 1752 2010 1823 coaeternum
2044 1783 2294 1838 pronun-

2396 1328 2466 1383 τῃ
2497 1312 2592 1364 τοῦ
2622 1314 3085 1384 δημιουργοῦντος
3114 1318 3148 1386 ἡ
3176 1316 3426 1384 δύναμις,
3450 1317 3590 1386 ὅπερ
3618 1316 3806 1368 ἀῖδίων
3827 1315 3978 1367 ἀλλόα

2396 1417 2549 1470 τρεον
2570 1416 2584 1430 °
2618 1401 2651 1472 ἦ
2685 1403 2911 1456 πλείονα
2943 1403 3153 1472 ταύτην
3187 1403 3289 1472 τῆς
3330 1405 3469 1466 ίδίας
3503 1397 3630 1473 εὗρε
3668 1403 3971 1471 δυνάμεως,

2397 1495 2492 1546 καὶ
2534 1493 2633 1563 τὴν
2665 1494 2759 1547 τοῦ
2794 1495 2929 1547 Θεοῦ
2963 1495 3197 1564 δύναμιν
3239 1495 3338 1564 τῆς
3385 1495 3518 1564 ὕλης
3548 1495 3608 1547 τὸ
3648 1494 3852 1562 πλῆθος
3893 1510 3976 1545 νε-

2397 1581 2643 1650 νίκηκεν,
2678 1583 2732 1635 εῐ
2757 1600 2819 1649 γε
2855 1582 3059 1652 πλῆθος
3087 1585 3365 1652 προσῆκεν
3404 1584 3581 1635 εἰπεῖν
3621 1584 3716 1636 ἐπὶ
3753 1585 3854 1652 τῆς
3889 1582 3975 1633 νό-

2397 1673 2476 1744 Θῳ
2499 1674 2712 1744 ληπτῆς
2735 1674 3004 1744 λογισμῷ,
3034 1675 3182 1728 καθά
3211 1691 3376 1743 φασιν
3409 1675 3459 1728 oi
3496 1673 3672 1742 σοφοί.
3710 1674 3820 1726 Καὶ
3869 1672 3975 1725 λοι·

2396 1764 2498 1816 πδν
2529 1764 2588 1828 ἐξ
2617 1766 2866 1835 ἀνάγκης
2891 1765 2951 1818 τὸ
2986 1767 3084 1836 μὲν
3115 1766 3553 1836 ἐδημιούργησεν
3594 1765 3765 1833 αὐτῆς
3795 1767 3823 1816 ό
3847 1765 3975 1827 es”;

701 1853 842 1906 tiare
889 1867 997 1907 non
1060 1859 1417 1912 erubescant.
1482 1858 1772 1924 Quomodo
1829 1860 2019 1914 mundi
2074 1862 2274 1929 species

2392 1855 2530 1924 πρὸς
2581 1856 2681 1925 τὴν
2727 1855 2958 1925 δύναμιν
2998 1853 3147 1927 εἶχεν
3193 1857 3533 1927 ἀρκέσασαν.
3566 1855 3641 1908 Τὸ
3669 1856 3726 1908 δὲ
3764 1855 3977 1923 ἀφῆκεν

699 1947 1238 2001 commensnrabiles
1271 1947 1425 2002 fuere
1458 1950 1744 2004 materiae?
1777 1949 1886 2003 Aut
1908 1951 2077 2014 enim,
2106 1953 2286 2015 aiunt,

699 2049 765 2088 cx
803 2049 1070 2104 prospero
1126 2038 1362 2093 fortuna:
1423 2056 1690 2095 successu
1754 2042 1965 2096 invenit
2025 2042 2292 2096 Conditor

698 2126 983 2177 materiam
1038 2134 1270 2190 tantam,
1317 2138 1528 2198 quanta
1579 2130 1853 2185 snliiceret
1904 2131 1972 2185 ad
2030 2142 2288 2186 constru-

697 2217 933 2267 rtionem
983 2219 1310 2287 amplissimi
1360 2221 1521 2290 lmjus
1573 2223 1793 2290 operis:
1835 2231 1889 2276 et
1941 2223 1999 2276 in
2045 2224 2170 2285 hac,
2228 2231 2288 2276 ut

696 2305 938 2368 inﬁrma,
999 2311 1264 2363 cont-lusa
1314 2321 1367 2363 ct
1403 2313 1700 2366 terminata
1740 2323 1826 2367 est
1855 2314 2081 2383 Opiﬁcis
2108 2315 2284 2370 virtus

696 2414 790 2451 seu
828 2402 1092 2468 potentia.
1135 2401 1333 2456 Verum
1371 2404 1472 2456 hoe
1517 2406 1584 2456 ab
1615 2406 1840 2458 :eternis
1875 2415 1961 2459 est
1999 2406 2285 2459 alienissi-

2391 1947 2836 2018 ἀδημιούργητον
2885 1949 3092 2019 ἀπορίᾳ
3133 1948 3440 2018 δυνάμεως.
3468 1948 3539 2000 Ἦ
3568 1947 3776 2016 ταύτην
3803 1943 3978 2012 εὑρὼν

2389 2039 2622 2104 ἐλάττω,
2656 2040 2717 2092 τὸ
2751 2040 3046 2105 πλεονάζον
3076 2043 3176 2112 τῆς
3214 2039 3413 2094 ἑαυτοῦ
3454 2047 3468 2097 i
3509 2039 3794 2109 δυνάμεως
3830 2038 3979 2090 ἀκων

2391 2131 2615 2200 ἐπέσχε,
2657 2132 2794 2200 πρὸς
2836 2131 2937 2201 τὴν
2969 2130 3164 2202 λοιπὴν
3200 2131 3566 2202 δημιουργίαν
3606 2129 3774 2200 μηδὲν
3805 2127 3978 2197 εὑρὼν

2392 2221 2771 2292 ὑποκείμενον.
2805 2222 2868 2276 Εἰ
2901 2224 2960 2276 δὲ
2993 2224 3158 2295 μέρος
3189 2224 3389 2292 ὲπέσχε
3424 2223 3525 2291 τῆς
3555 2223 3860 2290 δυνάμεως,
3885 2220 3979 2273 καὶ

2394 2313 2456 2366 τὸ
2481 2315 2588 2366 πᾶν
2615 2313 2835 2384 ἐπέχειν
2862 2315 3096 2384 ἠδύνατο
3125 2318 3222 2370 καὶ
3249 2315 3324 2386 μὴ
3353 2315 3632 2369 συναῖδιον
3665 2313 3978 2383 ὑποστῆσαι

2389 2407 2483 2458 τὸν
2511 2406 2744 2476 κόσμον.

695 2506 868 2555 ιιιιιιιι,
905 2511 1083 2562 neque
1135 2495 1202 2550 de
1249 2496 1384 2564 ipsis
1429 2497 1866 2565 prmdieamlnm.
1924 2499 2033 2550 Aut
2097 2498 2216 2566 (sic
2273 2482 2512 2569 pergunt
2562 2499 2992 2572 ratiocinando)
3071 2501 3361 2554 materiam
3419 2499 3628 2568 reperit
3682 2497 3973 2566 majorem,

691 2602 858 2653 quam
918 2600 974 2641 ut
1017 2605 1130 2643 sua:
1187 2592 1448 2658 potentite
1498 2593 1886 2660 responderet,
1940 2598 1995 2646 et
2049 2592 2130 2645 sie
2187 2591 2279 2646 Dei
2361 2593 2663 2661 potentiam
2715 2595 2901 2649 obruit
2950 2602 3005 2650 et
3054 2595 3188 2650 vicit
3242 2595 3484 2649 materia:
3556 2592 3874 2654 multitudo,
3930 2595 3975 2648 si

692 2678 1103 2733 nmltitudinem
1157 2680 1346 2734 dicere
1391 2681 1550 2736 decet
1612 2681 1682 2737 de
1743 2682 1976 2737 materia
2051 2697 2176 2750 quze
2240 2681 2556 2737 adulterina
2639 2685 3070 2740 ratiocinatione
3122 2691 3216 2754 (nt
3263 2683 3557 2754 perhibent
3624 2683 3975 2752 philosOphi)

691 2773 928 2840 capitur.
977 2772 1321 2830 Necessitate
1353 2777 1540 2846 itaque
1588 2779 1857 2833 subactus
1897 2786 2110 2847 partem
2152 2775 2271 2844 ejus
2313 2779 2557 2833 materia:
2592 2779 2646 2832 in
2679 2779 2962 2850 opificium
3031 2779 3245 2839 eduxit,
3271 2786 3548 2847 quatenus
3609 2775 3972 2830 suﬂicienlem

691 2869 962 2921 condendi
1002 2869 1193 2923 hahnit
1223 2873 1551 2940 potentiam.
1598 2874 1842 2928 Alteram
1913 2882 2129 2943 partem
2203 2872 2393 2927 omisit
2446 2875 2709 2943 potentia:
2767 2876 2955 2945 inopia
3007 2891 3106 2931 seu
3165 2873 3406 2930 defectu.
3480 2871 3578 2927 Vel
3628 2880 3826 2926 nactus
3891 2880 3976 2926 est

692 2963 978 3015 materiam
1013 2963 1230 3033 Opifex,
1263 2975 1317 3020 at
1351 2969 1618 3024 minorem
1659 2984 1822 3039 quam
1865 2983 1981 3023 sua:
2050 2968 2309 3038 potentia:
2384 2978 2742 3039 congrueret.
2783 2969 3021 3025 Proinde
3088 2970 3298 3025 invitus
3372 2967 3644 3038 repressit
3703 2964 3852 3037 quod
3908 2966 3976 3021 de

691 3069 790 3106 sua
824 3057 1065 3123 potentia
1104 3069 1410 3127 supererat.
1447 3059 1652 3112 nullam
1713 3074 1866 3124 ,cum
1926 3059 2138 3115 videret
2202 3063 2492 3117 materiam
2521 3063 2795 3133 adjectam
2827 3063 3087 3134 amplius,
3137 3063 3192 3116 in
3240 3079 3348 3128 qua
3398 3064 3700 3119 creationis
3746 3065 3971 3133 reliqua:

689 3148 971 3215 negotium
1007 3151 1328 3205 conﬁceret.
1366 3151 1639 3206 Praeclara
1673 3150 1926 3222 profecto
1961 3155 2393 3223 argumentatio.
2446 3153 2503 3209 Si
2537 3155 2681 3227 parti
2743 3170 2857 3211 sure
2929 3155 3192 3225 potentiae
3221 3154 3425 3228 frenos
3503 3157 3735 3227 injicere
3799 3156 3979 3228 potuit

687 3236 978 3300 tioiitlitor,
1041 3257 1150 3295 non
1201 3243 1477 3312 quivisset
1534 3251 1704 3298 totam
1757 3258 1914 3300 suam
1965 3244 2277 3316 reprimere
2317 3248 2620 3317 potentiam
2654 3267 2667 3303 :
2697 3254 2754 3303 et
2783 3247 2867 3304 sic
2892 3257 3086 3318 aperto
3125 3245 3382 3316 exctnplo
3460 3248 3757 3302 ostendere
3817 3263 3977 3301 mun-

688 3327 816 3380 dum
852 3332 1172 3398 neutiquam
1202 3333 1310 3388 sibi
1343 3334 1723 3388 comternum?

762 3443 866 3497 Sed
901 3446 1041 3498 hanc
1073 3447 1137 3500 de
1173 3451 1381 3502 mundo
1419 3450 1731 3505 orationem
1786 3460 2141 3522 repetamus:
2174 3453 2274 3507 Aut

2460 3447 2564 3499 Τὸν
2605 3444 2767 3497 αὐτὸν
2791 3443 2848 3496 δὲ
2881 3443 3040 3510 λόγον
3073 3442 3166 3494 ἐπὶ
3189 3441 3286 3494 τοῦ
3325 3442 3534 3512 κόσμου
3568 3442 3732 3495 πάλιν
3765 3445 3980 3512 σκοπή-

685 3536 830 3587 eaim
870 3533 1016 3590 Deus
1051 3537 1258 3593 invenit
1284 3543 1598 3606 materiam,
1632 3558 1760 3597 cum
1789 3546 2094 3601 creationis
2118 3561 2278 3616 nego-

685 3628 823 3679 tium
850 3639 1188 3698 capesseret.
1223 3632 1520 3689 mundana:
1561 3635 1933 3705 magnitudini
1968 3652 2154 3706 parem
2183 3647 2277 3691 aut

686 3718 974 3786 imparem.
1011 3718 1065 3774 Si
1090 3732 1212 3777 erat
1238 3724 1435 3794 impar,
1457 3738 1550 3780 ant
1575 3728 1754 3797 major
1778 3730 1859 3782 vel
1881 3730 2061 3784 minor
2084 3731 2277 3799 depre-

685 3811 1053 3866 hendebatnr.
1087 3815 1142 3867 Si
1172 3817 1441 3872 minorem
1465 3819 1653 3873 mundi
1686 3820 1926 3875 mdiﬂcio
1956 3837 2075 3876 eam
2111 3831 2277 3877 mate-

684 3906 1069 3969 riamdixeris,
1094 3907 1238 3963 unde
1267 3911 1502 3980 reliqua,
1521 3928 1642 3982 qum
1666 3915 2015 3983 pertinebant
2034 3915 2099 3969 ad
2123 3931 2277 3969 mun-

681 3997 733 4048 di
758 3996 1174 4066 perfectioncm,
1207 4017 1365 4056 suam
1413 4005 1712 4058 essentiam
1760 4005 2039 4060 hausere?
2071 4007 2126 4058 Si
2159 4022 2275 4060 ma~

676 4088 878 4155 jorem,
908 4105 1038 4158 ergo
1065 4091 1212 4159 quod
1238 4093 1506 4156 restabat,
1537 4094 1741 4148 mansit
1767 4094 2026 4149 informis
2051 4104 2107 4150 et
2130 4095 2277 4149 iudi-

681 4191 834 4249 gesta
864 4183 1065 4246 moles,
1096 4183 1331 4237 alterum
1364 4187 1522 4254 quasi
1552 4195 1886 4255 exspectans
1907 4190 2182 4256 opilicem.
2217 4187 2272 4241 Si

679 4289 810 4327 vero
833 4273 1033 4327 obtulit
1068 4291 1127 4329 se
1165 4278 1396 4331 materia
1433 4278 1622 4331 mundi
1653 4279 1877 4348 opiﬁeio
1918 4294 2274 4334 commensu-

678 4366 897 4428 rahilis,
951 4377 1101 4422 certe
1155 4369 1271 4424 fors
1310 4371 1394 4423 vel
1425 4371 1643 4424 fortuna
1683 4372 1936 4440 quaedam
1967 4374 2269 4428 antecessit

678 4457 731 4526 5
763 4457 929 4512 Ileum
963 4468 1017 4511 et
1060 4464 1345 4514 materiam
1385 4463 1716 4533 preparavit
1753 4463 2040 4527 Conditori
2075 4465 2140 4516 ad
2183 4464 2269 4517 fn-

675 4559 863 4604 turum
897 4554 1185 4619 nmndmn,
1218 4567 1265 4609 et
1293 4555 1608 4611 Conditoris
1643 4559 1904 4626 potentia:
1939 4566 2273 4626 attempera-

675 4641 774 4692 vit.
814 4641 956 4706 Quid
1013 4643 1184 4713 igitur
1231 4645 1495 4711 obstabit,
1554 4647 1851 4715 quominus
1918 4648 2149 4701 materia
2201 4649 2272 4702 sit

676 4734 856 4796 ﬁnita,
891 4752 1017 4788 eum
1048 4753 1167 4790 eam
1191 4738 1399 4791 mundo
1419 4739 1752 4805 (secundum
1777 4741 2091 4810 opinionem
2113 4739 2268 4795 Crte-

2384 3552 2603 3608 σωμεν·
2641 3535 2673 3604 ἢ
2713 3535 2823 3604 γὰρ
2869 3532 3186 3603 σύμμετρον
3245 3527 3373 3602 εὗρε
3433 3533 3534 3595 τὴν
3580 3533 3715 3602 ὓλην
3760 3535 3838 3603 τῷ
3881 3534 3979 3587 τοῦ

2381 3631 2590 3700 κόσμου
2623 3627 2864 3698 μεγέθει,
2883 3628 2971 3679 ὅτε
3004 3625 3196 3679 τοῦτον
3227 3625 3662 3690 κατασκευάζειν
3691 3625 3976 3695 ἠϐούλετο,

2379 3724 2412 3795 ἦ
2446 3723 2616 3776 πλείω
2640 3721 2742 3791 τῆς
2776 3720 2990 3791 χρείας,
3020 3721 3054 3790 ἢ
3090 3719 3255 3774 πάλιν
3309 3718 3570 3772 ἐλάττονα
3592 3735 3607 3751 ο
3641 3720 3737 3771 καὶ
3789 3719 3836 3772 εἰ
3876 3719 3977 3789 μὲν

2379 3817 2607 3876 ἐλάττω,
2636 3815 2802 3868 πόθεν
2835 3814 3023 3866 λοιπὸν
3051 3812 3276 3881 ἐγένετο
3305 3830 3321 3878 ;
3359 3812 3422 3865 Εί
3451 3811 3508 3864 δὲ
3549 3811 3754 3877 πλείω,
3790 3811 3977 3882 ἔμεινε

2378 3909 2439 3962 τὸ
2474 3907 2780 3961 πλεονάσαν
2845 3906 3162 3974 ἀκόσμητον
3215 3905 3408 3975 ὥσπερ
3470 3903 3980 3974 ἓτερον”ἀναμένον

2377 3996 2735 4067 δημιουργόν.
2797 3996 2858 4048 Εἰ
2911 3996 2968 4048 δὲ
3010 3994 3349 4066 σύμμετρον,
3389 3993 3622 4064 τύχησις
3691 3981 3799 4065 πρὸ
3833 3993 3974 4048 Θεοῦ

2376 4090 2436 4143 τὸ
2492 4089 2692 4159 μέτρον
2754 4086 2902 4157 αύτῷ
2969 4088 3062 4139 καὶ
3147 4089 3286 4156 πρδς
3369 4087 3564 4157 χρείαν
3613 4085 3708 4138 τοῦ
3765 4086 3978 4155 κόσμου

2379 4181 2658 4250 καὶπρὸς
2719 4180 2823 4249 τὴν
2884 4180 3021 4233 ίδίαν
3097 4179 3487 4250 παρεσκεύασε
3549 4177 3806 4249 δύναμιν.
3853 4177 3982 4242 Πῶς

2377 4274 2434 4327 δὲ
2489 4273 2548 4325 οὐ
2636 4273 2812 4342 πέρας
2883 4271 3104 4338 ἐδέξατο
3186 4269 3640 4341 συμμετρηθεῇια
3701 4268 3780 4340 τῷ
3851 4269 3982 4323 κόσ-

2381 4381 2506 4434 pq»;
2567 4364 2705 4433 ὅπερ
2762 4362 2932 4432 αὐτῆς
2989 4361 3270 4431 ἀλλότριον
3303 4398 3317 4423 ,
3377 4359 3538 4430 εἴπερ
3601 4358 3754 4413 ἐστὶν
3808 4359 3981 4423 ἀΐδιος

2377 4458 2472 4509 καὶ
2527 4454 2825 4524 ἀσώματος
2855 4470 2867 4485 ·
2930 4452 3054 4517 Πῶς
3103 4454 3158 4506 δὲ
3222 4453 3450 4521 γέγονεν
3499 4455 3528 4506 ό
3579 4451 3786 4521 κόσμος
3818 4452 3983 4522 εῐπερ

2377 4548 2494 4601 ἐστὶ
2559 4548 2867 4611 συναῖδιος;
2911 4547 2984 4599 Τὸ
3039 4546 3150 4615 γὰρ
3200 4547 3430 4616 ἄχρονον
3501 4544 3874 4609 ἄκτιστον,’τδ
3921 4545 3983 4596 δὲ

2376 4641 2631 4693 ἄκτιστον
2662 4641 2898 4708 ἄναρχον
2927 4653 2938 4665 ·
2977 4638 3114 4700 Θεὸς
3153 4637 3212 4691 δὲ
3251 4637 3415 4707 μόνος
3444 4637 3505 4690 τὸ
3536 4637 3776 4708 ἄναρχον
3803 4677 3818 4700 ,
3849 4635 3981 4688 καθ’

2376 4735 2404 4786 ὃ
2433 4750 2484 4784 τι
2513 4733 2558 4784 δ’
2584 4731 2649 4785 ἂν
2679 4731 2850 4802 λάϐῃς
2882 4731 3292 4800 σημαινόμενον
3318 4729 3419 4802 τὴν
3451 4730 3651 4800 ἀρχὴν,
3684 4730 3800 4794 εἴτε
3852 4727 3980 4780 κατ’

674 4830 895 4896 corum)
928 4832 1484 4886 commensnrabilem
1508 4833 1707 4885 laetam
1728 4833 2271 4889 animadvertamus?

2377 4828 2574 4892 αἰτίαν,
2613 4828 2723 4880 εἴτε
2749 4827 2891 4879 κατᾶ
2925 4827 3120 4896 χρόνον
3151 4842 3164 4855 °
3195 4821 3232 4876 ἆ
3263 4824 3327 4895 δὴ
3359 4825 3506 4895 μόνῳ
3529 4823 3606 4892 τῷ
3645 4823 3802 4892 ἀῖδεῳ
3838 4839 3982 4890 συμ-

679 4915 878 4973 Verum
906 4921 951 4975 si
984 4929 1347 4976 cssetmterna
1374 4935 1425 4977 et
1452 4926 1797 4995 incorporea,
1837 4926 2159 4995 planissime
2179 4941 2269 4980 re-

671 5011 912 5080 spiceret
965 5015 1284 5083 praedictam
1336 5015 1706 5083 affectionem,
1766 5020 1998 5082 scilicet,
2045 5029 2105 5072 ut
2161 5019 2268 5074 ﬁne

673 5107 864 5173 aliquo
905 5108 1260 5163 limitaretur.
1299 5112 1522 5165 Atmihi
1588 5113 1874 5183 explanari
1919 5114 2085 5183 cupio
2123 5128 2266 5183 quo-

670 5202 836 5255 modo
866 5202 1133 5258 conditus
1157 5203 1229 5258 sit
1287 5205 1547 5270 mundus,
1599 5206 1642 5259 si
1676 5205 1924 5260 eamdem
1979 5220 2102 5259 cum
2159 5204 2268 5258 Deo

669 5293 918 5364 possidet
971 5297 1384 5350 aeternitatem?
1439 5296 1567 5352 Mihi
1620 5297 1693 5351 ita
1744 5297 1988 5359 videtur,
2046 5309 2100 5351 et
2150 5297 2265 5351 haec

667 5388 944 5442 sententia
981 5390 1168 5443 animo
1219 5392 1396 5454 surgit
1446 5407 1607 5447 meo:
1653 5390 1806 5458 Quod
1862 5392 2071 5461 absque
2129 5399 2270 5443 tem-

671 5495 800 5548 pore
833 5490 917 5537 est
952 5483 1034 5534 rel
1079 5492 1326 5552 tempore
1367 5497 1538 5549 caret,
1573 5502 1750 5556 neque
1801 5483 2057 5539 conditur
2090 5498 2270 5552 neque

2375 4919 2628 4988 ϐέϐηκεν.
2671 4919 2794 4982 Πῶς
2845 4919 2902 4971 δὲ
2962 4919 3025 4971 ού
3082 4918 3269 4987 πατὴρ
3316 4918 3540 4987 μᾶλλον,
3569 4916 3601 4987 ἢ
3631 4915 3727 4968 τοῦ
3762 4916 3977 4984 κόσμου

2370 5011 2705 5082 δημιουργὸς
2735 5013 2762 5063 ὁ
2793 5010 2964 5074 Θῖόςς
3000 5010 3209 5076 γεννῶν
3241 5011 3412 5062 αότδν
3437 5011 3514 5072 ὡς
3537 5009 3692 5078 ἦλιος
3729 5007 3828 5078 τὴν
3871 5009 3976 5060 αύ-

2371 5106 2495 5175 γὴν,
2534 5105 2648 5159 ἀλλ’
2678 5106 2777 5174 οὐχ
2827 5105 2902 5167 ὡς
2953 5103 3113 5158 πόλιν
3164 5103 3420 5174 οἰκιστὴς
3475 5101 3874 5174 ἐργαζόμενος.
3909 5100 3977 5152 Εἰ

2373 5200 2480 5270 γὰρ
2519 5201 2613 5251 καὶ
2649 5198 2729 5268 τῷ
2755 5197 2876 5268 Θεῷ
2909 5197 3141 5252 δυνατὸν
3187 5198 3275 5251 ἀεὶ
3313 5199 3511 5260 ποιεῖν,
3544 5196 3662 5250 ἀλλ’
3698 5196 3798 5248 οὐκ
3839 5194 3977 5263 ἠδύ-

2372 5293 2500 5344 νατό
2548 5310 2599 5344 τι
2640 5292 2902 5360 γεννητὸν
2953 5291 3042 5344 ἀεὶ
3072 5287 3214 5344 εἶναι
3256 5291 3352 5344 καὶ
3390 5285 3977 5360 συμπαρεκτείνεσοαι

2378 5388 2443 5456 τῇ
2480 5384 2576 5439 τοῦ
2603 5385 2885 5450 ποιοῦντος
2913 5385 3209 5455 ἀῖδιότητι.
3244 5383 3466 5447 ’Ἄλλως
3491 5400 3550 5436 τε
3579 5382 3675 5436 καὶ
3705 5381 3733 5434 ὁ
3761 5380 3936 5433 εἰπὼν
3959 5419 3976 5438 ,

2378 5480 2744 5549 δημιουργὸν,
2778 5480 2875 5552 οὐχ
2942 5480 3060 5551 ἃμα
3107 5475 3417 5542 πνεισάξει
3465 5472 3854 5548 δημιουργίαν.
3893 5472 3972 5525 οδ

2023 5679 2254 5735 ΥΛΙὶΙΑἰ
2291 5677 2702 5734 Ι.Ι’Σ(ἸΤΙΟΝΙΞΞ.

737 5822 915 5878 ἱίῖυιΙ.
962 5827 977 5852 ·’
1005 5827 1062 5876 ῖ;”ι
1086 5844 1108 5851 ’
1131 5828 1180 5899 ’δ’
