4246 6454
236 385 302 448 31
1340 384 1878 445 COMMENTARII
1921 385 2001 444 ΙΝ
2040 384 2402 443 GENESIM.
3436 391 3506 457 38

238 492 541 561 οἰκοδομεῖν
573 492 883 562 ἀρχόμενος
932 492 1149 561 πρῶτον
1187 497 1331 545 ποιεῖ
1360 495 1421 545 τὸ
1455 494 1725 563 θεμέλιον.
1754 496 1827 546 'll
1861 498 1900 553 Α

1861 498 1900 553 Α
1934 493 2026 562 qui
2062 493 2287 546 domum
2346 500 2635 547 exstruere
2691 494 2907 563 incipit,
2976 497 3151 562 primo
3178 497 3301 551 loco
3353 504 3507 567 punit

240 584 412 653 ἀρχὴν
441 585 538 636 τοῦ
569 585 779 652 κόσμου
812 583 947 653 φησὶ
976 586 1074 652 τὴν
1106 583 1203 636 τοῦ
1246 585 1579 653 Ποιήσαντος
1614 586 1825 655 τέχνην’

240 674 380 744 ἀρχὴ
427 676 538 744 γὰρ
580 675 847 743 τεχνικῶν
882 674 1059 744 ἔργων
1095 676 1127 743 ἡ
1158 675 1348 743 τέχνη,
1378 675 1451 736 ὡς
1483 676 1515 744 η
1548 676 1706 743 σοφία
1735 675 1828 728 τοῦ

243 765 506 836 Βεσελεὴλ
532 766 626 818 τοῦ
657 766 788 836 περὶ
814 766 915 835 τὴν
943 766 1146 834 σκηνὴν
1178 768 1405 834 κόσμου.
1440 767 1507 818 ΊΙ
1540 768 1638 820 Ἐγ
1670 766 1829 835 ἀρχῇ

243 874 377 927 φησι
419 859 483 907 τὸ
532 856 672 926 7:96;
704 857 855 916 τέλος
903 856 1106 922 ἀγαθὸν
1166 859 1447 922 γεγονέναι
1498 862 1780 926 σημαίνων
1819 876 1827 889 ·

242 948 355 1012 εἴγε
402 946 798 1016 παιδευτήριόν
827 949 946 998 ἐστι
972 946 1160 1015 ψυχῶν
1185 989 1198 1011 ,
1230 947 1304 1009 ὡς
1336 948 1705 1019 ἐλεημοσύνης
1730 952 1829 1022 ἁρ-

242 1041 339 1109 χὴν
369 1038 466 1091 τοῦ
492 1039 628 1091 Θεοῦ
656 1039 889 1107 λέγομεν
919 1038 1017 1108 τὴν
1044 1040 1333 1108 ἀποδοχὴν,
1368 1043 1460 1091 καὶ
1486 1042 1585 1110 τὴν
1622 1043 1832 1095 ἐκεῖθεν

246 1132 652 1200 μακαριότητα.
702 1132 863 1192 Ἴσως
914 1130 969 1181 δὲ
1020 1132 1199 1200 ἀρχὴν
1247 1132 1307 1182 τδ
1357 1132 1585 1201 ἄχρονον
1636 1136 1727 1185 καὶ
1775 1136 1833 1186 τὸ

242 1224 533 1290 ἀκαριαῖον
582 1221 811 1273 ὲκὰλεσε
859 1222 958 1289 τῆς
1006 1220 1392 1289 δημιουργίας.
1436 1223 1523 1283 Ὠς
1552 1225 1661 1291 γὰρ
1690 1224 1832 1293 ἁρχὴ

243 1313 360 1365 ὀδοῦ
385 1313 483 1381 οὐχ
516 1313 656 1374 666;,
704 1313 919 1381 ἀμερὴς
953 1313 1059 1380 γὰρ
1094 1313 1125 1379 ἡ
1154 1316 1293 1380 ἀρχή
1325 1328 1337 1340 ³
1372 1313 1492 1364 οῦδὲ
1520 1314 1613 1364 τοῦ
1639 1316 1831 1383 χρόνον

243 1408 275 1471 ὴ
319 1406 463 1472 ἁρχὴ
511 1404 726 1471 χρίνος.
772 1402 832 1454 Et
875 1404 983 1471 γὰρ
1026 1402 1218 1469 χρόνος
1267 1405 1346 1463 είς
1389 1405 1457 1455 τὰ
1501 1403 1595 1454 τοῦ
1641 1406 1831 1474 χρόνον

242 1496 651 1563 διαιρεθήσεται
711 1496 878 1563 μέρη,
948 1495 1040 1545 καὶ
1105 1494 1216 1559 ἔξει
1267 1494 1432 1545 πάλιν
1493 1496 1689 1565 ἀρχὴν,
1740 1497 1835 1547 καὶ

242 1585 397 1637 τοῦτο
448 1587 535 1635 ἐπ’
584 1586 852 1654 ἄπειρον·
901 1586 1078 1653 ἀρχὴν
1133 1585 1189 1637 δὲ
1236 1585 1412 1656 ἀρχῆς
1452 1590 1835 1655 προσεπινοεῖν

244 1677 383 1742 ἄγαν
418 1677 731 1740 ἀλόγιστον.
761 1670 922 1745 Δηλοῖ
947 1672 1040 1728 οὖν
1072 1676 1145 1739 ὡς
1176 1675 1291 1746 ἅμα
1320 1676 1377 1728 δὲ
1403 1676 1534 1739 Θεὸς
1558 1678 1833 1750 ἠϐουλήθη

243 1769 336 1820 καὶ
385 1770 582 1835 γέγονε
626 1768 696 1820 τὰ
738 1768 1029 1837 γενόμενα.
1063 1769 1329 1837 Σημαίνει
1373 1770 1430 1821 δέ
1468 1787 1598 1822 ποτε
1650 1772 1710 1823 τὸ
1738 1773 1834 1841 τῆς

242 1860 435 1928 ἀρχῆς
458 1863 633 1930 ὄνομα
650 1859 750 1929 τὴν
773 1860 1073 1930 βασιλείαν,
1095 1856 1231 1931 ἴναῇ
1256 1862 1349 1913 καὶ
1374 1860 1609 1913 ἐνταῦθα
1631 1863 1710 1913 ὅτι
1730 1863 1797 1931 βα

243 1954 426 2015 σιλεῦς
450 1951 528 2027 (Iuv
556 1953 649 2003 καὶ
673 1950 1027 2021 ὲξουσιαστὴε
1050 1951 1319 2020 πεποίηκε
1356 1951 1474 2003 τόδε
1498 1951 1557 2002 τὸ
1585 1954 1693 2004 πᾶν
1739 1954 1837 2007 οὐκ

244 2043 543 2112 ἀλλαχόθεν
556 2043 654 2114 τὴν
671 2043 806 2112 ὓλην
824 2042 1024 2103 λαδὼν,
1045 2042 1159 2096 ἁλλ’
1177 2043 1293 2112 ἅμα
1314 2046 1427 2105 τοίς
1446 2044 1611 2096 εἴδεσι
1636 2047 1727 2096 καὶ
1742 2047 1837 2113 τὴν

242 2137 618 2205 ὑποκειμένην
643 2136 777 2205 ὓλην
799 2137 878 2196 είς
905 2137 967 2187 τὸ
998 2132 1136 2187 εἶναι
1161 2136 1505 2204 παρήγαγεν.
1556 2138 1645 2189 Ἐν
1675 2137 1730 2189 δὲ
1760 2138 1837 2207 τῷ

259 2226 537 2297 ἐὗραῑκῷ
557 2230 591 2297 ἡ
616 2226 776 2294 ἀρχὴ
810 2226 1087 2295 κεφαλὴν
1109 2228 1478 2294 σημαίνεικαὶ
1498 2225 1720 2280 δύναται
1745 2230 1839 2280 οὗ·

246 2318 410 2389 ρανδν
428 2319 525 2371 καὶ
544 2318 641 2387 τὴν
655 2320 759 2387 γῆν
777 2317 973 2389 πρῶτα
990 2316 1119 2369 ὄντα
1141 2316 1559 2386 τῶνόρωμένων
1578 2318 1639 2387 δη
1652 2335 1773 2386 μιου
1784 2334 1839 2388 ρ-

243 2410 472 2479 γήματα
513 2410 760 2479 κεφαλὴν
790 2409 997 2470 καλεῖν,
1026 2406 1215 2477 ὥσπερ
1246 2406 1459 2477 κεφαλὴ
1501 2407 1753 2476 σώματος
1778 2408 1838 2459 οὐ

244 2501 311 2569 τῇ
335 2500 490 2552 θέσει
546 2501 751 2569 μόνον,
790 2498 932 2551 ἀλλὰ
967 2499 1063 2550 καὶ
1091 2500 1157 2567 τῇ
1192 2498 1445 2567 αἰσθήσει
1490 2499 1584 2550 καὶ
1614 2501 1682 2568 τῇ
1728 2498 1839 2571 ζωῇ

246 2589 731 2661 ήγεμονικώτερα.
763 2590 876 2659 Τῆς
904 2590 1003 2658 μὲν
1033 2588 1129 2641 οὖν
1160 2589 1391 2651 κτίσεως
1427 2591 1455 2642 6
1487 2592 1724 2660 Μωῦσῆς
1750 2592 1841 2645 λὲο

246 2699 334 2749 γει
362 2683 434 2734 τὰ
472 2682 671 2752 πρῶτα
706 2682 995 2749 γεγονότα,
1029 2682 1119 2732 τὸν
1143 2681 1199 2733 δὲ
1236 2683 1541 2750 ποιήσαντα
1572 2685 1676 2754 πρὸ
1705 2686 1843 2738 πάνυ

244 2790 358 2827 των
378 2764 664 2849 ἠϐουλήθη
693 2772 938 2825 νοεῖσθαι
984 2772 1093 2824 τῶν
1123 2774 1431 2841 γεγονότων
1459 2812 1473 2836 ,
1505 2775 1566 2826 οὐ
1600 2775 1844 2847 μετρικῷ

244 2883 354 2918 τινι
410 2866 750 2935 διαστήματι
798 2866 1245 2936 προϋπάρχοντα.
1309 2866 1386 2917 Οὐ
1449 2864 1677 2919 δυνατὸν
1736 2866 1845 2939 γὰρ

246 2956 405 3027 ἀϊδίῳ
429 2955 779 3027 μετρηθῆναι
800 2957 899 3026 τήν
924 2955 1182 3024 ὓπαρξιν.
1202 2956 1489 3026 Ἐδιδάχθη
1512 2956 1569 3011 δὲ
1589 2958 1687 3011 τοῦ
1704 2958 1843 3012 θεοῦ

246 3049 309 3123 τὸ
336 3050 543 3109 ἀΐδιον.
582 3050 642 3103 ὲν
676 3048 881 3121 Χωρὴδ
929 3050 1174 3112 εἰπόντος
1208 3048 1390 3120 αὐτῷ·
1436 3068 1456 3102 ι
1500 3048 1639 3118 Ἐγὼ
1672 3052 1787 3121 ειμι
1818 3052 1847 3104 6

243 3141 345 3207 ὢν,
383 3159 403 3191 ι
458 3140 580 3211 μεθ’
624 3139 653 3193 δ
703 3142 803 3211 τὴν
848 3140 1133 3211 παροῦσαν
1170 3144 1389 3213 γραφὴν
1432 3144 1839 3214 παρεστήσατο.

247 3235 343 3303 Μὴ
379 3232 574 3303 μαθὼν
615 3234 726 3303 γὰρ
756 3232 850 3285 τὸν
882 3231 1035 3297 Θεὸν,
1078 3232 1196 3298 πῶς
1240 3234 1306 3286 ἂν
1345 3233 1450 3305 εφη
1503 3234 1598 3287 τοῦ
1645 3235 1843 3299 παντὸς

246 3323 626 3395 δημιουργόν;
662 3322 695 3393 ἢ
725 3322 845 3386 πῶς
891 3323 1018 3385 τοὺς
1068 3323 1395 3391 ἀγνοοῦντας
1440 3323 1722 3377 ἐδίδασκεν
1764 3326 1845 3379 ὅτι

248 3420 517 3489 εποίησεν
563 3421 591 3471 6
639 3416 812 3481 Θεόςς
854 3415 971 3469 Νῦν
1011 3416 1069 3469 δὲ
1110 3417 1186 3477 ὡς
1236 3416 1425 3480 είδόσι,
1464 3417 1653 3486 φησὶν,
1699 3416 1774 3480 ὡς
1819 3419 1847 3470 6

248 3510 384 3573 Θεὸς
415 3509 475 3561 ὃν
511 3507 715 3575 ἔγνωτε
740 3507 813 3559 δι’
843 3504 979 3575 ἐμοῦ
1012 3505 1088 3568 ὡς
1111 3506 1281 3569 ἀϊδιός
1304 3509 1474 3569 ἐστιν,
1511 3508 1585 3570 ὡς
1616 3504 1701 3559 ὦν
1728 3544 1744 3572 ,
1772 3506 1848 3569 ὼς

250 3602 439 3674 μόνος,
468 3594 625 3662 οὗτος
654 3598 816 3665 δόξαν
847 3599 913 3668 (ι’)
949 3596 1099 3668 αὑτῷ
1130 3598 1221 3651 τὸν
1249 3598 1478 3669 οὐρανὸν
1498 3597 1725 3665 εποίησε
1754 3599 1849 3650 καὶ

247 3697 349 3766 τὴν
375 3697 504 3764 γῆν.
532 3694 643 3746 Καὶ
667 3692 760 3746 τὸν
785 3694 979 3762 χρόνον
998 3690 1056 3743 δὲ
1090 3692 1221 3761 ἡμῖν
1255 3690 1393 3759 μετὰ
1420 3692 1601 3759 πάσης
1628 3690 1851 3761 ἀριθμεῖ

247 3790 350 3859 τῆς
378 3786 700 3857 ἀκριϐείας,
732 3784 810 3847 ὡς
845 3784 912 3838 ἂν
946 3784 1215 3853 γνοίημεν
1243 3781 1338 3837 τοῦ
1368 3790 1441 3835 τε·
1466 3782 1691 3863 Θεοιὶτδ
1716 3783 1850 3835 ἀττε-

253 3884 534 3954 ριόριστον
557 3923 574 3947 ,
606 3880 703 3933 καὶ
728 3879 831 3949 τῆς
870 3877 1101 3941 κτίσεως
1153 3875 1215 3931 τδ
1250 3877 1688 3949 περιωρισμένον
1716 3916 1730 3939 ,
1760 3877 1851 3929 τὸν

251 3977 450 4047 χρόνον
474 3975 716 4043 ἔχοντες,
747 3972 843 4042 ἀφ’
869 3964 932 4026 οὗ
958 3970 1051 4024 τοῦ
1083 3962 1227 4024 εἶναι
1276 3969 1469 4040 εἴληφε
1510 3971 1610 4041 τὴν
1651 3970 1848 4040 ἀρχήν.

254 4069 456 4129 Ὅθεν,
486 4067 773 4132 ἐποίησε,
810 4065 976 4133 φησιν
1000 4103 1013 4129 ,
1049 4064 1145 4117 καὶ
1170 4063 1272 4115 οὐκ
1294 4103 1308 4127 ,
1336 4059 1435 4131 ἦν,
1471 4063 1609 4133 ὅπερ
1637 4062 1731 4114 ἐπὶ
1756 4061 1851 4113 τοῦ

252 4164 389 4218 Θεοῦ
436 4162 617 4229 Λόγου
676 4161 843 4230 φησιν
895 4161 925 4211 6
986 4157 1266 4227 Ἰωάννης.
1327 4156 1544 4213 Ἀἳδίοις
1596 4156 1695 4225 μὶν
1743 4156 1853 4225 γὰρ

250 4256 521 4326 ἁρμόττει
553 4254 613 4306 τὸ
638 4248 738 4321 ἦν,
773 4252 1034 4321 κτίσματι
1055 4250 1112 4303 δὲ
1132 4250 1196 4301 τὸ
1224 4234 1493 4317 ἑγένετοί
1532 4246 1696 4301 Ὅθεν
1726 4247 1855 4317 περὶ

252 4348 346 4401 τοῦ
388 4344 707 4399 Βιπτιστοῦ
736 4343 946 4413 προῖὼν
978 4344 1163 4411 φησιν*
1202 4360 1220 4392 ι
1268 4340 1518 4421 Ἐγένετο
1565 4338 1855 4412 ἅνθρωπος

249 4437 677 4507 ἀπεσταλμένος
731 4436 838 4488 ὑπὸ
880 4434 1018 4487 Θεοῦ
1053 4450 1067 4464 ·
1098 4453 1114 4483 ι
1172 4434 1235 4485 Et
1271 4432 1327 4484 δὲ
1369 4432 1575 4501 προῖὼν
1616 4448 1782 4500 φησιν
1828 4432 1857 4485 6

1934 583 2370 637 nullumnullum.
2402 583 2500 637 Vel
2532 585 2861 653 principium
2898 589 3083 639 muniti
3123 589 3254 641 dicit
3284 590 3508 659 (ΣΙ-υςιιυτ

1933 678 2009 729 ris
2044 688 2255 743 artem;
2297 692 2524 745 operum
2548 678 2693 730 enim
2718 688 2834 729 arte
2862 678 3135 731 facturum
3171 674 3504 749 principium

1932 783 2023 821 ars
2045 777 2151 829 est,
2189 767 2650 836 quemadmodum
2687 769 2954 836 sapientia
2993 768 3286 823 Bascleelis
3341 787 3505 827 orna-

1936 870 2023 911 tus
2054 858 2414 911 tabernaculi.
2452 858 2541 912 Vel
2572 859 2736 912 etiam
2777 858 2913 910 dicit
2945 856 3009 910 In
3044 861 3323 928 principio,
3352 873 3407 915 ut
3441 864 3506 916 ad

1935 953 2135 1003 bomun
2192 949 2351 1001 ﬁnem
2409 948 2547 1002 facta
2618 950 2838 1013 innuat;
2875 950 3141 1017 siquidem
3200 953 3506 1006 animarmn

1936 1040 2122 1093 Scliula
2181 1042 2265 1092 hic
2299 1043 2566 1107 aperitur,
2617 1042 3074 1109 quemadmodmn
3110 1042 3509 1097 misericordia:

1937 1131 2029 1183 Di-i
2075 1132 2405 1201 principium
2456 1133 2691 1186 dicimus
2728 1133 3096 1200 'adoptinncm
3155 1143 3419 1198 nostrain,
3456 1147 3510 1189 et

1935 1240 2054 1291 quu-
2092 1224 2215 1276 inde
2249 1223 2444 1293 pendet
2469 1224 2885 1276 beatitudinem.
2925 1224 3027 1276 Sed
3060 1223 3311 1279 fortassis
3343 1229 3509 1279 etiam

1938 1317 2266 1384 principium
2300 1317 2458 1378 dixit,
2490 1324 2546 1366 ut
2581 1325 3015 1369 momentaneam
3061 1317 3112 1369 itt
3172 1318 3400 1371 instanti
3432 1321 3511 1370 la-

1935 1416 2077 1459 ctant
2114 1408 2447 1459 mentionem
2480 1408 2813 1459 ostenderet.
2851 1405 3324 1471 Quemadmodum
3364 1412 3510 1462 enim

1938 1500 2033 1550 ιίςι·
2054 1498 2381 1567 principium
2409 1513 2516 1550 non
2551 1499 2665 1566 ipsa
2700 1500 2808 1558 via,
2874 1508 3054 1566 partes
3108 1500 3255 1552 enim
3305 1500 3512 1567 princi-

1937 1594 2081 1659 pium
2144 1606 2249 1643 non
2312 1590 2514 1653 liabet;
2561 1590 2640 1641 sic
2695 1604 2870 1655 neque
2917 1591 3181 1657 temporis
3213 1590 3261 1661 7
3296 1590 3508 1643 initiqu

1940 1691 2157 1751 tempus
2182 1688 2285 1735 cst.
2312 1680 2367 1733 Si
2397 1681 2541 1733 enim
2576 1688 2788 1748 tempus
2813 1682 2863 1732 iu
2891 1681 3152 1748 temporis
3176 1689 3357 1749 partes
3394 1698 3513 1733 rur-

1943 1790 2040 1826 sus
2073 1774 2365 1834 dividetur,
2398 1772 2727 1840 principium
2768 1772 2963 1824 iterum
2997 1771 3239 1834 habebit,
3262 1780 3315 1826 et
3348 1774 3419 1825 ita
3456 1774 3512 1826 itt

1945 1863 2215 1914 inﬁnitum
2263 1875 2589 1930 progressus
2646 1862 2777 1913 ﬁet:
2814 1861 3067 1928 principii
3124 1878 3253 1915 vero
3307 1863 3512 1930 princi-

1941 1956 2087 2017 pium
2130 1960 2308 2006 mente
2354 1954 2515 2006 etiam
2554 1954 2865 2019 concipere,
2924 1954 3077 2005 valde
3109 1968 3136 2005 a
3176 1957 3389 2007 ratione
3430 1964 3515 2009 est

1939 2048 2202 2099 alienum.
2275 2044 2562 2113 Signiﬁcat
2599 2044 2765 2112 igitur
2799 2045 2987 2097 eodem
3022 2061 3130 2113 quo
3166 2046 3306 2098 licus
3344 2049 3515 2100 voluit

1942 2144 2217 2189 uzotnento
2242 2134 2414 2189 factas
2448 2150 2570 2188 esse
2597 2150 2683 2189 res
2716 2137 2989 2187 conditas.
3043 2136 3326 2207 Signiﬁcat
3386 2153 3514 2191 vero

1938 2230 2102 2283 etiam
2134 2229 2463 2297 quandoque
2502 2243 2604 2281 vos
2668 2228 2811 2297 ἀρχὴ
2861 2228 3173 2296 imperium,
3200 2232 3272 2283 ita
3314 2239 3373 2283 ut
3410 2232 3514 2284 hoc

1940 2335 2160 2388 quoque
2215 2320 2319 2372 isto
2352 2321 2405 2372 in
2439 2319 2561 2373 loco
2622 2320 2908 2382 innitatur,
2942 2331 3202 2387 tanquam
3252 2335 3432 2388 regem
3461 2330 3515 2373 et

1940 2411 2242 2482 principem
2313 2410 2630 2465 universum
2660 2410 2764 2465 hoc
2788 2412 3103 2465 condidisse
3154 2408 3360 2471 Deum,
3406 2426 3515 2464 non

1941 2502 2164 2555 aliunde
2231 2509 2454 2571 accepta
2520 2500 2775 2565 materia,
2835 2500 2931 2554 sed
2969 2501 3130 2555 simul
3165 2516 3287 2553 cum
3327 2500 3518 2554 formis

1942 2595 2273 2647 substratam
2309 2594 2470 2644 etiam
2525 2592 2808 2645 materiam
2852 2593 3268 2661 producentem.
3304 2592 3360 2645 In
3409 2590 3517 2645 lle-

1943 2682 2129 2736 braica
2162 2698 2289 2736 veru
2326 2682 2512 2751 lingua
2545 2682 2868 2750 principium
2900 2682 3063 2733 etiam
3091 2690 3249 2749 caput
3272 2683 3513 2745 denorat,

1945 2785 2227 2843 potestque
2279 2772 2502 2842 (Muses)
2565 2774 2766 2825 cmlum
2795 2782 2850 2827 et
2876 2782 3095 2829 terram.
3136 2790 3258 2843 qua:
3286 2774 3517 2840 primum

1947 2863 2089 2919 inter
2121 2864 2373 2919 visibiles
2405 2874 2686 2918 creaturas
2708 2864 2884 2917 locum
2916 2873 3305 2934 tenent,caput
3338 2868 3523 2934 appel-

1948 2955 2081 3019 lare,
2138 2956 2283 3024 quod
2348 2965 2513 3025 caput
2544 2970 2656 3009 non
2697 2956 2879 3025 positu
2931 2958 3132 3016 solum,
3178 2956 3273 3010 sed
3335 2958 3522 3010 vitaet

1949 3062 2114 3101 sensu
2142 3047 2306 3099 etiam
2328 3046 2648 3116 principalis
2678 3047 2927 3115 corporis
2950 3062 3076 3115 pars
3104 3046 3194 3101 sit.
3220 3045 3290 3099 Ea
3311 3048 3517 3115 itaque.

1949 3156 2070 3208 qtta'.
2100 3139 2152 3192 in
2180 3139 2459 3193 creatione
2492 3139 2668 3209 primo
2704 3140 2825 3192 loco
2858 3137 3001 3192 facta
3038 3146 3168 3193 sunt
3228 3138 3407 3193 Moses
3438 3142 3522 3192 in-

1946 3230 2129 3296 dicat;
2164 3229 2478 3285 Creatorem
2542 3240 2722 3283 autem
2758 3230 3014 3284 ontnibus
3071 3233 3343 3284 creaturis
3376 3235 3524 3284 anti-

1947 3320 2191 3394 quiorem
2228 3322 2531 3376 existimari
2566 3324 2755 3386 voluit,
2788 3338 2892 3375 non
2928 3323 3186 3376 mediocri
3232 3326 3523 3377 intervallo

1947 3430 2042 3470 eas
2064 3421 2512 3468 antevertentem.
2571 3413 2812 3470 Aiterttaa
2844 3416 2987 3467 enim
3024 3415 3101 3467 rei
3140 3418 3525 3469 exsistentiam

1949 3508 2129 3562 nn-tiri
2178 3521 2337 3561 teetno
2389 3516 2587 3575 potest.
2624 3506 2714 3561 Dei
2744 3522 2872 3561 vero
2900 3509 3261 3561 :Etel'ttitzttetn
3302 3507 3524 3559 inClio-

1951 3602 2046 3656 reb
2100 3600 2325 3655 edoctus
2375 3607 2484 3662 est,
2532 3600 2623 3653 ubi
2697 3600 2745 3654 ei
2806 3600 3032 3653 aiebat:
3088 3598 3244 3667 «Ego
3277 3614 3396 3652 sum
3431 3600 3526 3667 qui

1951 3709 2071 3751 sum
2094 3695 2173 3758 ’,ι
2207 3699 2329 3760 post
2373 3692 2518 3762 quod
2564 3692 2783 3746 demum
2847 3700 3063 3761 tempus
3102 3706 3345 3761 prresens
3390 3707 3531 3761 Opus

1950 3788 2319 3859 consignarit.
2341 3786 2456 3842 Nisi
2485 3787 2631 3841 enim
2660 3785 2828 3839 Deum
2846 3787 3217 3855 cognmissct,
3251 3788 3532 3855 quomodo

1953 3881 2191 3936 universi
2236 3880 2487 3950 opiﬁcem
2533 3894 2657 3933 eunt
2702 3877 2889 3931 dicere
2923 3878 3232 3946 potuisset?
3267 3886 3361 3930 aut
3390 3894 3529 3944 qtto-

1953 3970 2116 4029 modo
2138 3974 2462 4043 ignorantes
2484 3971 2788 4033 docuisset,
2816 3969 2983 4023 Deum
3020 3970 3106 4022 illa
3145 3969 3380 4023 fecisse?
3412 3968 3532 4022 Jant

1953 4080 2082 4121 vero
2113 4066 2239 4128 illis,
2260 4073 2523 4134 tanquam
2556 4062 2723 4116 Deum
2751 4061 3220 4129 cognoscentibus
3241 4061 3313 4113 ait
3351 4082 3360 4113 :
3388 4061 3531 4124 quod

1958 4156 2101 4212 Deus
2121 4158 2234 4216 ille.
2266 4172 2428 4225 quem
2464 4155 2585 4223 ipso
2616 4155 2882 4208 edocente
2914 4152 3274 4221 cognoverint
3302 4160 3359 4203 ut
3383 4161 3538 4204 aeter-

1958 4263 2111 4311 num,
2145 4256 2203 4301 ut
2224 4248 2374 4301 illum
2398 4247 2489 4316 qui
2509 4255 2614 4306 est,
2644 4254 2698 4297 ut
2726 4244 2927 4302 solum,
2953 4242 3101 4309 quod
3140 4242 3229 4295 Ille
3251 4242 3371 4311 ipse
3394 4241 3537 4297 Deus

1959 4341 2013 4393 in
2040 4340 2269 4409 gloriam
2288 4352 2442 4391 suam
2477 4336 2676 4391 costum
2701 4334 3009 4387 condiderit
3038 4344 3089 4385 et
3113 4339 3337 4387 terram.
3374 4332 3538 4385 Tem-

1959 4446 2061 4501 pus
2107 4444 2237 4483 vcro
2282 4429 2448 4483 etiam
2486 4424 2904 4480 accuratissime
2938 4422 3213 4493 designat,
3244 4431 3301 4474 ut
3330 4423 3540 4476 scilicet

250 4532 500 4597 Μωῦαῆς
530 4546 542 4557 ·
580 4548 598 4579 ι
656 4528 720 4579 'H
750 4527 806 4579 δὲ
834 4526 908 4595 γῆ
929 4523 998 4596 ἦν
1032 4527 1287 4595 ἀόρατος,
1336 4542 1355 4574 ι
1406 4524 1720 4592 θαυμαστὸν
1768 4524 1857 4576 οὺ·
1889 4530 1927 4590 ι]

1889 4530 1935 4590 ι)
1963 4534 2076 4577 ιιιιη
2105 4520 2196 4574 Dei
2219 4533 2622 4589 cognoscamus
2646 4517 2993 4578 inﬁnitatem,
3019 4525 3133 4566 tum
3158 4516 3363 4568 ﬁnitam
3384 4531 3538 4568 crea-

250 4622 339 4675 δέν
372 4638 385 4650 ·
420 4618 491 4692 ἦν
521 4622 631 4690 γὰρ
662 4619 929 4690 γενομένη
958 4634 969 4647 ·
1014 4617 1152 4687 μετὰ
1183 4618 1292 4686 γὰρ
1318 4614 1399 4679 τὺ,
1432 4615 1685 4681 ἐποίησε
1705 4654 1718 4678 ,
1751 4632 1855 4684 φη-

1963 4624 2211 4668 turarum
2238 4620 2515 4671 naturam,
2543 4620 2758 4677 tempus
2784 4617 3030 4661 tenentes
3055 4622 3081 4657 a
3108 4622 3218 4675 quo
3233 4607 3538 4661 exsisteuili

252 4718 306 4767 σὶ
330 4715 393 4767 τὸ
422 4754 438 4777 ,
488 4712 573 4780 ἦν
618 4713 897 4779 ἀόρατος.
933 4710 1007 4763 T6
1042 4710 1099 4763 δὲ
1157 4707 1447 4778 Ἐὁραῖκὸν
1496 4707 1557 4760 τὸ
1601 4707 1855 4776 ἐποίησε

1962 4712 2226 4774 ceperunt
2294 4702 2531 4755 initium.
2581 4699 2720 4754 llinc
2747 4697 2892 4766 fecit,
2944 4697 3145 4765 inquit,
3216 4712 3348 4756 non.
3400 4706 3536 4759 erat,

251 4812 520 4881 σημαίνει
559 4811 654 4861 καὶ
699 4808 762 4860 τὸ
819 4807 1064 4862 ἔκτισεν
1110 4807 1204 4857 καὶ
1242 4806 1301 4858 τὸ
1334 4805 1684 4869 ἀνέδειξεν,
1718 4807 1857 4875 ὅπερ

1964 4788 2108 4863 quod
2150 4794 2370 4863 quidem
2402 4791 2467 4845 de
2492 4789 2600 4843 Deo
2639 4787 2805 4841 Verbo
2830 4786 3071 4841 Joannes
3104 4788 3409 4851 usurpavit.
3440 4785 3542 4839 Re-

250 4876 397 4957 Εοιῄκε
439 4902 644 4973 μᾶλλον
690 4900 883 4970 δηλοῦν
918 4902 951 4970 ὴ
995 4899 1212 4970 Γραφὴ,
1246 4898 1322 4962 ὡς
1351 4896 1411 4965 ἐξ
1435 4899 1537 4951 οὐκ
1570 4898 1738 4953 ὄντων
1761 4902 1858 4954 ἀν-

1968 4890 2069 4943 bus
2094 4888 2304 4941 scilicet
2352 4886 2575 4938 :cteruis
2617 4882 2845 4936 verbum
2880 4876 2947 4951 ἦν
2981 4880 3033 4932 Ιι.
3069 4895 3119 4933 e.
3152 4888 3286 4941 erat,
3343 4881 3543 4931 creatis

252 4972 449 5062 έδειξεῤ
472 4996 549 5048 Τὸ
580 4996 692 5063 γὰρ
718 4993 1012 5055 ἐποίησεν
1041 4992 1230 5060 ἐπειδὴ
1260 4990 1478 5057 λέγεται
1510 4990 1605 5043 και
1640 4992 1861 5045 ἐπὶτῶν

1960 4998 2089 5036 vero
2148 4982 2367 5047 ἐγένετο
2408 4976 2691 5045 competit,
2726 4975 2963 5042 indeque
2997 4974 3049 5025 in
3089 4972 3545 5041 st-qucntilittsde

251 5092 317 5142 εκ
346 5106 498 5151 τινος
523 5085 889 5156 γιγνομένων,
920 5077 1033 5137 οἷον
1062 5084 1144 5136 ὅτι
1172 5085 1237 5135 ὲκ
1264 5082 1485 5151 σιδήρου
1510 5082 1781 5153 δρέπανον
1825 5086 1858 5153 ἦ

1962 5074 2203 5143 Baptista
2235 5074 2308 5123 ait
2337 5089 2351 5125 :
2386 5071 2635 5137 Ἐγένετο
2668 5070 2747 5136 (lt.
2771 5084 2820 5121 e.
2843 5073 2977 5131 erat)
3010 5085 3027 5117 ι
3067 5067 3229 5118 homo
3262 5065 3471 5117 missus
3513 5080 3542 5117 a

250 5198 304 5233 τι
329 5179 583 5234 τοιοῦτον
602 5180 631 5230 6
649 5177 899 5246 τεχνίτης
930 5176 1183 5245 εποίησε,
1209 5174 1411 5227 δέδωκέ
1441 5192 1551 5228 τισι
1575 5174 1745 5247 λαϐὴν
1768 5178 1861 5230 τοῦ

1960 5185 2070 5238 Deo
2095 5184 2161 5237 “.
2191 5202 2209 5233 ι
2246 5181 2569 5249 Νριιιίιμιιιιιι
2601 5194 2736 5231 vero
2769 5177 3078 5231 tniramlum
3117 5184 3221 5236 est,
3250 5175 3394 5242 qm-d
3425 5192 3544 5243 pur-

253 5275 463 5341 ).ἐγειν,
513 5271 592 5334 ὡς
642 5270 887 5340 Μωῦσῆς
940 5269 1000 5334 ἐξ
1050 5269 1364 5336 Αἰγυπτίων
1418 5269 1606 5339 μαθὼν
1631 5271 1691 5336 ἐξ
1730 5272 1863 5343 ὕλης

1968 5289 2099 5342 gens
2128 5272 2263 5327 dicit
2297 5270 2475 5324 Moses
2514 5289 2524 5321 :
2565 5269 2766 5323 t'l'erra
2801 5276 2987 5319 autem
3016 5275 3135 5317 erat
3170 5266 3489 5323 invisibilis,
3526 5288 3541 5313 ι

256 5363 749 5437 προῦποκειμένης
802 5361 1091 5430 γεγονέναι
1133 5360 1195 5412 τὸ
1242 5361 1389 5421 πᾶν,
1434 5363 1661 5427 εἰκότως
1707 5361 1860 5418 εἶπεν

1966 5366 2079 5434 jam
2127 5365 2271 5417 enim
2321 5363 2610 5415 constabat
2679 5376 2802 5415 csse
2835 5360 3060 5420 fat-tatu,
3098 5357 3370 5428 siquidem
3428 5366 3552 5437 post

258 5436 555 5529 ἐκοίησεν
577 5475 590 5489 ·
626 5450 704 5538 ᾧν
730 5456 1055 5525 ἀγνοοῦντες
1078 5453 1180 5521 τὴν
1214 5455 1580 5521 συκοφαντίαν
1599 5458 1646 5509 oi
1688 5458 1859 5528 ἑρμη-

1968 5458 2163 5511 ςηαυὶι
2191 5456 2508 5527 subiungat,
2535 5465 2649 5509 erat
2680 5455 2984 5509 invisibilis.
3007 5452 3271 5507 llebraica
3299 5466 3428 5505 vero
3448 5436 3548 5505 vos

331 5599 351 5628 ’
386 5597 562 5651 Exod.
616 5611 703 5659 ιιι,
735 5594 820 5648 l-l.
904 5594 946 5625 “
976 5590 1141 5646 Joan.
1179 5606 1215 5652 I,
1269 5592 1323 5643 t3.

335 5758 394 5826 in
454 5756 654 5819 Δόξαν
686 5753 875 5819 αὐτῷ.
937 5753 994 5805 Si
1033 5752 1195 5826 lectio
1228 5750 1343 5803 lure
1389 5764 1534 5826 fana
1573 5762 1693 5815 cst,
1738 5746 1875 5802 falso
1917 5751 2077 5806 vertit
2105 5749 2353 5807 Olearius
2384 5753 2436 5806 in
2457 5752 2682 5823 gloriam
2710 5768 2885 5805 suam.
2916 5750 3032 5807 luto
3074 5752 3326 5807 absolute
3378 5747 3558 5821 posita

264 5820 365 5883 vos
389 5829 546 5898 δόξαν
587 5834 741 5882 ιιυιαι
780 5845 793 5879 :
827 5827 953 5894 quia
978 5826 1023 5877 ci
1054 5824 1351 5887 videbatur,
1381 5820 1562 5874 liberf.
