4246 6454
725 394 791 455 η
2035 381 2384 439 ΡΒΟΕΟΡΠ
2423 380 2660 438 eum
3901 389 3969 452 43

728 505 849 554 loco
885 494 1191 565 significare
1235 503 1415 544 aerem
1475 488 1557 541 vel
1589 494 1835 540 ventum.
1871 487 1931 538 At
1972 501 2176 553 quare,
2211 489 2296 538 in-
2328 495 2372 545 Α
2402 488 2405 538 ἶ

2292 514 2296 524 ι
2328 495 2372 545 Α
2402 487 2613 556 Γραφή·
2651 488 2725 549 ὼς
2752 483 2845 540 οὖν
2869 491 2943 558 μὴ
2968 488 3093 541 ἄλλο
3119 506 3168 540 τι
3203 490 3349 559 παρὰ
3377 491 3473 559 τὴν
3501 492 3679 544 κτίσιν
3702 494 3863 546 αὑτὸν
3884 496 3969 546 διὰ

728 591 848 660 quit
880 607 892 640 :
924 585 1145 651 spiritus
1183 581 1315 634 Dei?
1361 579 1517 647 quasi
1551 592 1680 630 vero
1717 585 1909 629 cetera
1944 577 2127 627 omnia
2190 590 2296 627 non

727 679 840 732 Deo
892 674 1282 727 attribuantur.
1335 668 1602 722 Caeterum
1660 681 1754 720 aer
1803 667 1887 718 vel
1938 674 2136 718 ventus
2189 663 2299 718 Deo

729 768 905 836 magis
949 779 1110 833 quam
1158 763 1368 828 reliqua
1411 758 1714 826 congruit,
1756 756 2026 825 siquidem
2074 756 2303 824 reliquis

726 857 1019 914 subtilibus
1035 851 1423 908 etsubstantiis
1446 849 1787 917 incorporeis
1834 857 1918 900 est
1944 848 2303 915 propinquius

727 949 874 1005 istud
907 949 1257 999 elementum.
1282 941 1575 1008 PrOpterea
1600 940 1781 992 istboe
1811 939 2036 991 nomine
2070 944 2301 997 vocant,

725 1049 836 1104 quo
885 1047 1040 1085 sacra
1093 1029 1383 1096 Scriptura
1430 1027 1670 1079 divinam
1724 1035 1977 1078 naturam
2031 1025 2304 1093 appellare

726 1123 1038 1179 consuevit.
1065 1121 1171 1172 Sed
1205 1134 1272 1172 ne
1305 1118 1428 1186 plus
1455 1131 1618 1185 quam
1647 1116 1802 1169 decet
1832 1117 1942 1168 aeri
1973 1116 2302 1178 tribuamus,

727 1227 965 1281 eumque
988 1211 1120 1279 quid
1145 1211 1448 1262 increatum
1470 1207 1780 1272 credamus,
1807 1208 2000 1260 merito
2023 1208 2306 1276 subjunxit

729 1309 926 1370 Moses,
963 1303 1073 1363 Dei,
1103 1316 1213 1371 quo
1245 1309 1489 1358 auctore,
1519 1297 1660 1350 sicut
1687 1305 1742 1348 et
1769 1296 1895 1360 alia,
1927 1311 2080 1350 suam
2115 1313 2305 1351 essen-

729 1400 862 1452 tiam
908 1406 1098 1447 naetus
1137 1399 1240 1445 est.
1272 1388 1426 1453 Quod
1459 1401 1589 1440 vero
1628 1399 1735 1439 non
1776 1385 2072 1439 abhorreat
2104 1402 2133 1439 a
2167 1403 2304 1440 con-

729 1487 1023 1542 suetudine
1063 1482 1366 1549 Scriptura:
1400 1492 1581 1530 aerem
1623 1477 1864 1530 vocitare
1897 1478 2141 1542 spiritum
2177 1493 2301 1532 cum

730 1579 1013 1631 additione
1053 1572 1314 1626 dictionis
1337 1610 1352 1632 ,
1388 1567 1522 1631 Dei,
1559 1567 1817 1618 audiatur
1850 1566 2022 1619 David
2077 1566 2144 1620 de
2179 1581 2306 1620 aere

729 1681 785 1726 et
835 1671 956 1724 aliis
1004 1681 1126 1737 qua:
1172 1667 1228 1718 in
1278 1664 1384 1716 hoc
1424 1662 1695 1715 elemento
1739 1657 1970 1728 produci
2020 1657 2302 1722 assolent,

727 1767 1009 1822 disserens
1043 1780 1057 1814 :
1099 1780 1115 1811 ι
1155 1759 1275 1828 Ipse
1305 1756 1399 1810 dat
1430 1755 1610 1809 nivem
1642 1753 1789 1806 sicut
1820 1753 2037 1817 lanam,
2065 1761 2119 1806 et
2153 1752 2306 1820 prui-

729 1877 854 1916 nam
898 1858 1046 1913 velut
1095 1853 1338 1909 favillam
1371 1851 1579 1920 spargit
1603 1850 1645 1880 ¹⁹
1681 1866 1696 1902 :
1748 1848 1970 1918 projicit
2012 1849 2161 1903 velut
2192 1849 2303 1901 fra-

728 1958 947 2020 gmenta
978 1946 1207 2018 glaciem
1240 1959 1394 1998 suam
1420 1943 1487 2001 ",
1515 1959 1534 1992 ι
1567 1950 1676 1995 etc.
1709 1939 1774 1992 Et
1809 1939 2004 1994 iterum
2042 1954 2056 1991 :
2095 1956 2113 1989 ι
2152 1937 2306 1993 Facit
2336 1971 2377 2025 Β

727 2043 862 2096 flare
891 2049 1113 2095 ventum
1153 2051 1336 2097 suum,
1368 2033 1628 2088 etiluent
1663 2031 1935 2101 aquae“.i
1976 2029 2095 2084 Non
2138 2031 2304 2101 igitur

726 2152 794 2191 ex
842 2136 928 2190 his
974 2147 1122 2187 nunc
1163 2135 1414 2199 apparet,
1458 2127 1713 2194 spiritum
1756 2123 2057 2193 aliquando
2098 2125 2206 2177 dici
2246 2124 2301 2177 in

729 2227 1020 2294 Scriptura
1054 2234 1275 2283 aerem,
1309 2216 1605 2284 aliquando
1634 2228 1766 2267 vero
1799 2221 2057 2275 ventum,
2090 2212 2182 2281 qui
2216 2221 2302 2267 est

727 2331 867 2385 opus
894 2313 1012 2377 Dei,
1040 2320 1096 2366 et
1126 2306 1431 2365 secundum
1465 2304 1631 2372 hujus
1661 2303 1998 2356 voluntatem
2030 2310 2300 2364 movetur,

726 2419 783 2464 et
815 2407 979 2471 talia,
1015 2403 1200 2474 qualia
1235 2399 1414 2453 Moses
1449 2404 1726 2458 recenset,
1761 2393 1965 2447 efficit?
1990 2390 2183 2446 Visum
2217 2402 2302 2448 est

726 2496 1058 2569 quibusdam
1088 2493 1344 2563 spiritum
1375 2488 1466 2542 Dei
1497 2489 1600 2540 hoc
1628 2485 1749 2539 loco
1777 2483 2085 2551 nuncupari
2113 2499 2302 2551 opera-

729 2593 933 2646 tionem
982 2596 1036 2642 et
1079 2584 1374 2640 efficaciam
1423 2580 1539 2643 Dei,
1580 2593 1702 2647 qua:
1751 2576 1895 2629 fovet
1937 2584 1991 2630 et
2034 2576 2303 2645 gubernat

2404 579 2576 630 ταῦτα
2619 579 2933 646 νομίσωμεν
2958 576 3099 630 εἶναι
3121 620 3135 642 ,
3177 581 3532 648 προστέθεικε
3563 584 3622 634 τὸ
3645 627 3659 648 ,
3694 584 3870 637 Θεοῦ·
3915 585 3971 650 ἐξ

2402 663 2576 737 οὗπερ
2604 669 2801 737 ὁμοίως
2840 671 2950 729 τοῖς
2993 668 3174 729 ἄλλοις
3206 671 3437 737 ἐγένετο.
3470 673 3588 724 Ὅτε
3639 674 3693 725 δὲ
3745 675 3971 743 σύνηθες

2399 762 2466 828 τῇ
2504 759 2691 828 Γραφῇ
2740 758 2980 828 καλούσῃ
3024 760 3259 827 πνεῦμα
3302 763 3392 812 τὸν
3436 763 3577 832 ἀέρα
3623 766 3971 834 προστιθέναι

2400 851 2501 916 τὴν
2528 849 2676 901 Θεοῦ
2727 851 2911 916 φωνὴν
2935 888 2948 912 ,
2983 849 3188 915 ἐδίδαξε
3217 852 3310 902 καὶ
3339 852 3503 904 Δαϐἱδ
3533 854 3659 920 περὶ
3692 854 3788 906 τοῦ
3813 855 3971 922 ἀέρος

2403 940 2576 1005 λέγων
2599 940 2692 992 καὶ
2719 939 2827 992 τῶν
2860 942 2916 993 ὲν
2947 940 3098 1009 αὐτῷ
3119 943 3259 992 κατὰ
3285 942 3568 994 ἀλλοίωσιν
3596 945 3706 1013 ὅρῳ
3729 945 3858 1013 θείῳ
3884 961 3970 1010 φι-

2402 1032 2636 1083 λούντων
2706 1031 3046 1100 συμϐαίνειν·
3104 1049 3123 1081 ι
3167 1033 3274 1084 Τοῦ
3321 1033 3553 1096 διδόντος
3598 1041 3752 1102 χιόνα
3807 1033 3972 1088 αὑτοῦ

2401 1123 2531 1175 ὡσεὶ
2559 1123 2724 1190 ἔριον,
2758 1121 2990 1189 ὁμίχλην
3016 1121 3148 1173 ὡσεὶ
3179 1123 3373 1174 σποδὸν
3413 1125 3730 1188 πάσσοντος,
3761 1125 3975 1195 βάλλον-

2402 1230 2494 1274 τος
2543 1211 2878 1281 κρύσταλλον
2925 1212 3088 1263 αὐτοῦ
3117 1213 3262 1278 liberal.
3317 1213 3564 1281 ψωμούς·
3602 1233 3620 1266 ι
3655 1218 3751 1268 καὶ
3787 1217 3970 1278 πάλιν.

2413 1322 2431 1354 ι
2470 1304 2761 1354 Πνεύσεται
2786 1302 2847 1353 τὸ
2884 1302 3098 1370 πνεῦμα
3124 1304 3288 1355 αὑτοῦ
3320 1305 3413 1355 καὶ
3467 1307 3726 1374 ρυήσεται
3754 1311 3819 1360 τὰ
3849 1309 3971 1360 ὓδα-

2405 1409 2495 1445 τα.
2538 1411 2554 1442 i
2593 1391 2803 1443 Οὐκοῦν
2831 1391 2892 1441 τὸ
2924 1390 3141 1458 πνεῦμα
3177 1392 3234 1442 ὲν
3265 1394 3376 1453 τοῖς
3410 1395 3673 1454 τοιούτοις
3700 1397 3830 1447 ποτὲ
3875 1397 3974 1465 μὲν

2403 1482 2495 1533 τὸν
2559 1482 2697 1550 ἀέρα
2717 1520 2731 1544 ,
2765 1481 2896 1533 ποτὲ
2923 1481 2976 1532 δὲ
3012 1483 3264 1550 σημαίνει
3291 1482 3380 1533 τὸν
3404 1483 3622 1552 ἄνεμον,
3657 1484 3815 1552 ἔργον
3845 1486 3974 1539 ὄντα

2404 1573 2496 1625 τοῦ
2531 1571 2665 1624 Θεοῦ
2705 1573 2796 1625 καὶ
2822 1573 2961 1624 κατὰ
2991 1573 3088 1642 τὴν
3115 1572 3338 1641 γνώμην
3370 1575 3534 1628 αὐτοῦ
3575 1578 3889 1646 κινούμενόν
3920 1596 3972 1631 τε

2406 1665 2499 1716 καὶ
2536 1663 2758 1717 τοιαῦτα
2791 1663 2922 1733 δρᾷν
2948 1662 3198 1715 εἰωθότα.
3234 1663 3422 1730 Ἔδοξε
3455 1666 3512 1718 δέ
3539 1682 3674 1729 τισι,
3712 1668 3808 1719 καὶ
3837 1667 3975 1719 Θεοῦ

2406 1754 2626 1823 πνεῦμα
2645 1753 2743 1822 τὴν
2777 1754 3056 1823 ἐνέργειαν
3091 1754 3286 1814 εἰπεῖν,
3316 1753 3625 1807 θάλπουσάν
3654 1773 3712 1807 τε
3732 1759 3826 1810 καὶ
3845 1758 3977 1811 διοι-

2407 1847 2608 1900 κοῦσαν
2649 1847 2756 1898 τῶν
2807 1845 3013 1898 ὑδάτων
3050 1846 3148 1915 τὴν
3193 1845 3374 1912 φύσιν·
3433 1847 3578 1908 τινὲς
3620 1847 3678 1899 δέ
3708 1865 3842 1916 φασι
3888 1851 3979 1902 καὶ

2406 1932 2737 1986 αἰνίττεσθαι
2769 1932 2930 1995 εὐθὺς
2959 1933 3067 1985 άπὸ
3106 1934 3415 2003 καταδολῆς
3450 1935 3656 2004 κόσμου
3683 1936 3780 2004 τὴν
3820 1937 3978 2006 χάριν

2403 2022 2497 2075 τοῦ
2527 2022 2681 2090 ἁγίου
2703 2022 3093 2091 βαπτίσματος.
3131 2023 3223 2074 Διὸ
3265 2023 3447 2075 καὶτὸ
3490 2024 3790 2095 καθάρσιον
3824 2027 3982 2096 ἡμῶν

2401 2114 2462 2164 ὲν
2493 2111 2646 2165 ὕδατι
2683 2111 2884 2181 μᾶλλον
2930 2111 2961 2179 ἢ
2995 2113 3169 2181 ἑτέρῳ
3200 2112 3470 2182 στοιχείῳ.
3534 2115 3702 2183 Ἀρχὴ
3747 2117 3854 2186 γὰρ
3891 2117 3979 2170 λέ-

2404 2219 2560 2270 γουσι
2582 2201 2675 2254 τοῦ
2705 2201 2920 2278 κόσμου.
2935 2201 2995 2252 τὸ
3025 2201 3186 2269 ὕδωρ·
3219 2203 3312 2254 καὶ
3341 2204 3480 2272 ἀρχὴ
3506 2203 3613 2256 τῶν
3639 2206 3981 2272 Εὐαγγελίων

2402 2295 2432 2346 ό
2485 2292 2774 2362 Ἰορδάνης.
2821 2292 2864 2343 Τ
2871 2291 2978 2353 ινὲς
3028 2291 3176 2343 δὲτὸ
3228 2294 3384 2359 ἅγιον
3422 2293 3651 2362 Πνεῦμα
3690 2299 3982 2364 νοήσαντες

2404 2384 2636 2438 ἐνταῦθα
2664 2384 2939 2450 λέγεσθαι,
2973 2382 3134 2450 ἁγίας
3164 2383 3423 2453 δυνάμεις
3447 2385 3514 2437 τὰ
3543 2385 3709 2438 ὕδατα
3747 2389 3980 2458 παρεδέ-

2407 2479 2588 2543 ξαντο,
2607 2474 2798 2543 ὥσπερ
2831 2474 2926 2526 καὶ
2947 2472 3048 2543 τὴν
3070 2473 3312 2527 ἄϐυσσον
3335 2479 3578 2547 πονηρὰς
3606 2479 3862 2550 δυνάμεις
3894 2480 3980 2547 ἐφ’

2406 2565 2482 2623 ὧν
2512 2567 2574 2620 τδ
2605 2565 2792 2625 σκότος
2825 2559 2894 2634 ἦν
2916 2565 2945 2616 ό
2976 2564 3241 2626 διάϐολος.

728 2696 998 2752 aquarum
1031 2690 1306 2733 naturam.
1358 2673 1589 2740 Quidam
1622 2670 1911 2740 perhibent
1942 2669 2041 2736 ιι
2099 2669 2281 2722 statim
2315 2685 2345 2722 a
2379 2665 2545 2738 jactis
2589 2659 2776 2713 mundi
2819 2657 3195 2712 fundamentis
3237 2660 3465 2728 gratiam
3500 2662 3644 2715 sacri
3721 2663 3977 2732 baptismi

726 2749 1061 2830 denuntiari.
1091 2771 1232 2824 Hinc
1262 2767 1416 2829 fit,ut
1447 2764 1619 2818 nostri
1651 2760 1935 2814 inundatio
1963 2759 2047 2812 vel
2066 2758 2372 2828 purificatio
2397 2756 2581 2828 potius
2608 2765 2767 2820 aqua,
2792 2763 2954 2818 quam
2985 2749 3093 2802 alio
3123 2751 3319 2818 quovis
3349 2751 3663 2819 perficiatur
3688 2755 3976 2808 elemento.

735 2867 1076 2935 Principium
1143 2861 1411 2930 siquidem
1483 2859 1578 2922 (ut
1613 2839 1903 2922 inquiunt)
1974 2851 2163 2904 mundi
2203 2862 2287 2905 est
2318 2865 2457 2919 aqua
2493 2864 2507 2900 :
2540 2853 2592 2899 et
2653 2841 2982 2914 principium
3040 2841 3344 2911 Evangelii.
3403 2842 3674 2898 Jordanis.
3713 2845 3850 2900 Sunt
3889 2848 3980 2917 qui

729 2931 1042 3024 intelligunt
1070 2952 1174 3007 sub
1206 2948 1478 3007 dictione,
1513 2945 1756 3010 spiritus,
1825 2950 2045 2994 sanctas
2115 2942 2392 3009 potentias
2431 2937 2486 2990 et
2532 2936 2788 2998 virtutes,
2851 2931 3313 3000 quemadmodum
3378 2934 3483 2987 sub
3511 2950 3662 2998 voce,
3707 2937 3928 3007 abyssus
3963 2979 3979 3002 ,

732 3050 854 3120 capi
880 3047 1102 3100 voluere
1162 3038 1504 3101 contrarias,
1567 3034 1770 3103 quibus
1832 3039 2031 3099 praeest
2089 3032 2290 3101 caligo,
2326 3042 2524 3098 nempe
2553 3025 2826 3078 diabolus.

799 3163 968 3217 Vens.
1002 3161 1058 3214 3.
1084 3157 1332 3226 Dixitque
1355 3153 1524 3206 Deus:
1560 3148 1686 3204 Fiat
1706 3149 1822 3212 lux,
1846 3157 1896 3201 et
1916 3147 2061 3215 facta
2081 3155 2158 3199 est
2180 3145 2294 3197 lux.
2326 3149 2370 3205 ο

723 3252 848 3308 Non
894 3257 983 3306 est
1020 3255 1084 3301 ut
1111 3245 1430 3304 credamus,
1469 3240 1561 3294 Dei
1593 3252 1784 3293 vocem
1834 3235 2306 3290 intercedentibus

725 3342 1016 3397 vocalibus
1059 3334 1284 3406 organis
1320 3333 1595 3386 evenisse.
1663 3331 1678 3350 '
1743 3328 1951 3381 Divina:
2004 3325 2308 3379 voluntatis

726 3434 817 3488 hic
860 3429 1145 3486 invenitur
1197 3425 1449 3480 effectus.
1507 3421 1780 3474 Prwterea
1831 3417 2052 3472 ell‘ectui
2109 3415 2310 3468 divina:

725 3520 1031 3576 voluntatis
1085 3512 1466 3585 imputandum
1521 3506 1813 3580 quidquid.
1875 3505 1972 3576 qui
2010 3506 2305 3565 docentur,

726 3613 942 3666 discere
976 3616 1231 3679 possunt.
1265 3602 1384 3657 Huc
1438 3597 1932 3653 accommodentur
1962 3605 2019 3649 et
2068 3612 2132 3649 ea
2185 3608 2308 3662 qua:

727 3706 852 3773 quis
884 3715 984 3771 pro
1019 3696 1223 3767 ingenii
1277 3694 1361 3749 sui
1415 3691 1686 3754 viriculis,
1718 3689 1930 3742 clarius
1978 3695 2034 3739 et
2068 3685 2309 3739 lucidius

728 3799 982 3866 accipere
1017 3793 1177 3854 valet,
1217 3786 1521 3842 secundum
1569 3781 1867 3835 efficaciam
1917 3779 2181 3832 divinam.
2231 3775 2308 3828 Ex

727 3889 814 3943 his
861 3888 1048 3953 itaque
1079 3883 1273 3950 liquet,
1320 3875 1413 3929 Dei
1450 3873 1816 3927 dialectorum
1848 3866 2118 3938 quasdam
2145 3866 2310 3918 altio-

726 3993 839 4041 res,
870 3971 1136 4043 quasdam
1171 3965 1406 4028 medias,
1451 3961 1720 4031 quasdam
1757 3974 1889 4012 vero
1927 3957 2198 4012 exsistere
2227 3957 2310 4008 in-

727 4069 981 4124 feriores.
1017 4063 1124 4117 Deo
1167 4059 1487 4126 neutiquam
1513 4067 1652 4107 voce
1685 4065 1825 4120 opus
1855 4058 1976 4103 est:
2010 4047 2210 4102 sullicit
2258 4047 2309 4098 ei

727 4172 828 4214 sua
889 4157 1168 4210 voluntas.
1223 4147 1380 4212 Nam,
1433 4155 1491 4198 ut
1533 4149 1823 4196 attestatur
1853 4138 2046 4200 David,
2102 4157 2120 4187 ι
2160 4150 2312 4204 qua:—

726 4262 946 4317 cunque
1006 4241 1197 4304 voluit,
1226 4237 1357 4293 fecit
1385 4235 1452 4289 ”.
1496 4253 1515 4286 ι
1551 4233 1632 4286 Ad
1669 4232 1815 4284 hunc
1870 4228 2056 4296 itaque
2090 4225 2311 4280 modum

727 4316 949 4407 semper
973 4329 1253 4402 capienda:
1283 4336 1411 4382 sunt
1431 4327 1482 4378 in
1505 4324 1787 4392 Scriptura
1805 4333 1964 4373 sacra
1986 4318 2104 4370 ista:
2127 4316 2314 4369 formae

725 4428 943 4485 dicendi
979 4446 994 4481 :
1025 4424 1260 4478 Locutus
1290 4426 1368 4472 est
1405 4415 1682 4476 Dominus,
1708 4409 1861 4462 Dixit
1893 4407 2175 4470 Dominus,
2198 4413 2301 4458 etc.

2472 3138 2580 3194 Καὶ
2604 3134 2774 3191 εἶπεν
2806 3139 2839 3190 ὀ
2873 3139 3035 3202 Θεός·
3087 3139 3406 3206 Γενηθήτω
3447 3141 3590 3208 φῶς,
3621 3145 3715 3196 καὶ
3744 3145 3983 3213 ἐγένετο

2407 3230 2556 3300 φῶς.
2589 3228 2727 3281 Θεοῦ
2755 3229 2938 3297 φωνὴν
2976 3229 3049 3297 μὴ
3077 3229 3164 3280 διά
3196 3231 3520 3300 φωνητικῶν
3550 3236 3797 3302 ὀργάνων
3828 3255 3980 3306 γενο-

2411 3320 2579 3388 μένην
2607 3318 2910 3387 νοήσωμεν.
2935 3315 3071 3368 Θεοῦ
3113 3318 3292 3370 τοίνυν
3324 3321 3541 3388 νοητέον
3569 3325 3751 3394 φωνὴν
3789 3327 3886 3396 τὴν
3925 3329 3984 3380 ὲν

2408 3408 2486 3478 τῷ
2516 3409 2783 3477 Θελήματι
2828 3405 3022 3475 ῥοπὴν,
3057 3407 3235 3458 καὶτὸ
3261 3410 3371 3471 τοῖς
3397 3410 3800 3480 διδασκομένοις
3840 3420 3984 3471 κατὰ

2411 3501 2564 3552 θείαν
2619 3497 2908 3567 ἐνέργειαν
2962 3497 3392 3567 ὲντυπούμενον,
3449 3502 3544 3553 καὶ
3606 3501 3706 3572 τὴν
3757 3507 3821 3557 ὲκ
3885 3509 3979 3559 τοῦ

2410 3590 2554 3644 Θείου
2590 3590 2897 3660 Θελήματος
2943 3588 3179 3641 διάδοσιν
3214 3591 3294 3650 είς
3330 3590 3390 3642 τὸ
3429 3591 3729 3662 δυνάμενον
3777 3595 3983 3665 ταύτης

2409 3679 2785 3743 αἰσθάνεσθαι,
2831 3678 3110 3745 ἀναλόγως
3166 3682 3262 3747 τῆς
3303 3681 3534 3733 ἑκάστου
3589 3685 3982 3749 καταστάσεως

2409 3773 2509 3841 τῆς
2532 3770 2815 3842 ἐνεργείας
2853 3769 3214 3837 ἐγγινομένης
3260 3773 3584 3841 τρανότερόν
3617 3790 3676 3825 τε
3715 3777 3809 3826 καὶ
3838 3778 3982 3843 ἀμυ-

2410 3863 2688 3932 δρότερον,
2723 3861 2797 3920 ὠς
2834 3858 2972 3912 εἶναι
2997 3859 3132 3911 Θεοῦ
3168 3860 3477 3921 διαλέκτους
3516 3863 3852 3933 ὑψηλοτέρας
3887 3869 3980 3917 καὶ

2416 3955 2585 4023 μέσας
2615 3954 2708 4005 καὶ⁵
2749 3950 3084 4012 τελευταίας·
3135 3950 3266 4012 Θεὸς
3319 3952 3426 4020 γὰρ
3463 3953 3524 4003 ού
3567 3953 3736 4005 δεῖται
3771 3956 3973 4024 φωνῆς,

2412 4040 2686 4111 ἀρκούσης
2713 4039 2859 4106 αύτῷ
2891 4039 2988 4106 τῆς
3023 4037 3350 4106 βουλήσεως’
3385 4041 3526 4091 κατὰ
3580 4041 3688 4111 γὰρ
3720 4044 3810 4094 τὸν
3837 4045 3982 4096 θεῖον

2412 4130 2592 4193 Δαϐὶδ,
2628 4148 2646 4180 ι
2689 4130 2870 4181 Πάντα
2904 4128 3002 4178 ὃσα
3030 4127 3295 4196 ἠθέλησεν
3338 4129 3585 4197 ἐποίησε.
3624 4149 3640 4180 ι
3699 4133 3806 4184 Καὶ
3839 4134 3983 4187 οὕτω

2413 4220 2630 4288 νοητέον
2654 4220 2744 4271 ἀεὶ
2765 4218 2847 4281 τὸ,
2873 4214 3076 4281 εἶπεν,
3107 4219 3221 4280 καὶ,
3243 4217 3539 4284 Ἐλάλησε
3563 4223 3796 4287 Κύριος.
3827 4225 3984 4276 Οὕτω

2415 4309 2553 4377 τάχα
2590 4309 2685 4359 καὶ
2715 4306 2988 4375 δαίμονεςσ
3025 4305 3218 4375 πρώτη
3244 4306 3300 4358 δὲ
3330 4307 3467 4360 Θεοῦ
3501 4312 3652 4381 φωνὴ
3690 4313 3864 4379 φωτὸς
3915 4315 3983 4366 τά

2416 4398 2592 4450 πάντα
2626 4396 2977 4464 πεπλήρωκε·
3011 4395 3106 4446 καὶ
3132 4395 3388 4465 τοιαύτην
3418 4396 3512 4448 τοῦ
3550 4400 3724 4465 φωτὸς
3750 4401 3849 4469 τὴν
3881 4403 3985 4467 φύε

726 4522 818 4575 Sic
852 4516 1046 4588 procul
1083 4512 1252 4567 dubio
1284 4516 1339 4563 et
1375 4508 1678 4559 daamones.
1705 4500 1888 4554 Prima
1922 4496 2014 4550 Dei
2045 4512 2148 4549 vox
2183 4510 2305 4547 om-
2342 4465 2382 4518 θ

2342 4465 2382 4518 D
2415 4503 2499 4538 σιν
2539 4484 2844 4552 ύπέστησεν
2892 4483 2968 4544 ὡς
3013 4483 3215 4544 παντὸς
3269 4486 3537 4553 νοήματος
3591 4465 3845 4557 ὀξύτερον
3893 4465 3982 4543 διὰ

725 4615 814 4665 nia
851 4606 1080 4677 replevit
1124 4603 1272 4664 luce,
1307 4597 1470 4665 cujus
1529 4595 1644 4648 bzec
1699 4590 1802 4643 fuit
1839 4596 2058 4648 natura,
2099 4593 2158 4638 ut
2207 4596 2309 4636 sua

725 4675 934 4755 virtute
988 4693 1226 4750 celerius
1282 4687 1432 4741 omni
1502 4682 1840 4751 cogitatione
1899 4675 2204 4746 penetrarit
2253 4684 2308 4725 et

725 4787 1092 4862 permeaverit
1124 4779 1333 4841 omnia,
1370 4777 1426 4829 in
1477 4772 1672 4844 primis
1714 4779 1904 4823 tamen
1952 4766 2209 4820 tenuiora
2254 4771 2307 4815 et

726 4851 1111 4950 pellucidiora,
1158 4869 1325 4926 sicuti
1373 4865 1517 4919 aeris
1566 4871 1788 4915 natura.
1834 4855 2176 4923 Principium
2232 4851 2305 4906 si-

727 4946 840 5024 inul
887 4975 942 5022 et
973 4965 1101 5020 finis
1139 4976 1250 5016 uno
1309 4958 1452 5011 lucis
1505 4955 1714 5021 impetu
1775 4958 1908 5003 sunt
1969 4946 2306 5006 illuminata,

729 5073 953 5127 unoque
992 5061 1270 5108 momento
1300 5050 1370 5103 ab
1394 5046 1557 5100 initio
1588 5042 1654 5095 ad
1689 5043 1850 5095 finem
1886 5052 2066 5107 usque
2089 5037 2179 5089 lux
2211 5051 2305 5088 ex-

727 5150 928 5204 currit.
968 5145 1104 5199 Cnm
1139 5151 1324 5196 autem
1354 5142 1570 5192 crearet
1603 5131 1808 5186 cmlum
1832 5139 1887 5183 et
1916 5138 2143 5186 terram,
2180 5125 2307 5177 nul-

729 5241 839 5294 lam
875 5237 1061 5290 emisit
1090 5247 1305 5287 vocem.
1355 5227 1609 5280 Nondum
1660 5221 1806 5274 enim
1860 5217 2080 5272 formati
2124 5223 2306 5279 erant,

733 5327 826 5398 qui
854 5324 1039 5379 divina
1083 5334 1220 5376 voce
1259 5326 1313 5372 ct
1359 5315 1558 5370 instrui
1592 5322 1645 5364 et
1673 5309 1859 5363 doceri
1892 5306 2190 5361 debebant.
2238 5307 2307 5357 At

735 5386 866 5483 post
896 5411 1020 5465 (ιωΙὶ
1061 5418 1116 5462 et
1147 5415 1308 5461 terra:
1357 5401 1693 5456 creationem
1747 5386 1994 5449 condidit
2042 5392 2306 5462 angelos:

734 5516 878 5569 quos
914 5514 1040 5554 cum
1075 5497 1239 5552 vellet
1266 5495 1488 5552 ducere,
1531 5504 1590 5542 se
1622 5495 1678 5541 et
1707 5499 1953 5555 ipsorum
1999 5499 2123 5538 esse
2157 5497 2313 5535 erea-

805 5742 847 5773 ¹⁹
889 5740 1029 5794 Psal.
1062 5751 1278 5798 curti,
1315 5732 1413 5796 16.,
1453 5732 1534 5783 i7.
1617 5731 1662 5762 ¹⁰
1704 5731 1837 5784 ibid.
1877 5731 1959 5784 18.
2037 5731 2079 5759 ’⁸
2125 5730 2255 5782 ibid.

2410 4578 2628 4629 πάντων
2679 4576 2877 4644 χωρεῖν
2931 4573 3025 4624 καὶ
3072 4571 3404 4640 διέρχεσθαι,
3461 4577 3555 4628 κα.)⁵
3606 4577 3840 4644 μάλιστα
3871 4580 3984 4632 τῶν

2406 4666 2746 4733 λεπτοτέρων
2775 4681 2834 4714 τε
2865 4666 2956 4715 καὶ
2986 4663 3285 4730 διαφανῶν,
3310 4665 3469 4717 όποία
3498 4666 3590 4717 τοῦ
3639 4668 3801 4737 ἀέρος
3828 4671 3860 4738 ἡ
3884 4671 3986 4737 φύ-

2409 4774 2516 4819 σις,
2566 4754 2740 4823 ἀρχὴν
2772 4754 2906 4822 ὁμοῦ
2949 4755 3044 4805 καὶ
3098 4754 3270 4823 πέρας
3299 4755 3402 4806 ὑπὸ
3432 4755 3562 4824 μίαν
3611 4760 3984 4828 φωτιζομένου

2415 4847 2609 4917 ῥοπήν.
2650 4847 2888 4912 Ποιήσας
2919 4843 2976 4895 δὲ
3024 4844 3113 4896 τὸν
3145 4846 3371 4914 οὐρανὸν
3400 4848 3492 4898 καὶ
3529 4849 3628 4916 τὴν
3668 4851 3793 4918 γῆν,
3833 4852 3986 4904 οὐδε-

2417 4937 2546 5006 μίαν
2599 4935 2777 5003 άφῆκε
2822 4935 3027 5003 φωνήν·
3069 4935 3190 4986 οὐδὲ
3225 4936 3334 5005 γάρ
3384 4933 3524 5007 ἦσαν
3569 4930 3619 4991 οἶ
3653 4941 3743 4992 διὰ
3778 4942 3988 5011 ταύτης

2411 5027 2714 5095 ὀφείλοντες
2739 5023 3178 5076 ἑκπαιδεύεσθαι.
3214 5025 3368 5077 Μετὰ
3405 5025 3508 5093 ιτοῦ
3544 5029 3777 5097 ούρανοῦ
3807 5033 3863 5083 δὲ
3893 5036 3990 5085 καὶ

2411 5120 2509 5187 τῆς
2529 5133 2654 5184 γης.
2679 5115 2916 5175 καὶτοὺς
2941 5113 3210 5180 ἀγγέλους
3228 5116 3592 5183 παραγαγὼν,
3624 5117 3744 5172 εἶτα
3762 5123 3988 5174 παιδεῦ-

2415 5207 2738 5276 σαιςτούτους
2755 5205 3097 5274 βουλόμενος,
3114 5204 3189 5266 ὡς
3203 5206 3295 5257 καὶ
3308 5207 3488 5260 αὐτῶν
3500 5209 3591 5260 ὲστ
3602 5211 3693 5280 ιξδη
3703 5230 3824 5280 μιου
3836 5217 3962 5282 ργὸς
3972 5256 3986 5274 ,

2419 5300 2494 5368 μή
2521 5312 2650 5348 ποτε
2681 5294 3006 5363 αὐτομάτως
3047 5295 3349 5360 ὑφεστάναι
3379 5298 3665 5366 νομίσωσι,
3696 5283 3798 5369 τὴν
3849 5309 3989 5370 με,τά

2415 5389 2591 5441 ταῦτα
2635 5387 2815 5438 πᾶσαν
2849 5384 3026 5436 κτίσιν
3068 5389 3218 5454 φωνῇ
3252 5387 3421 5438 ποιῶν
3451 5390 3842 5443 ὲπιδείκνυταγ
3878 5395 3990 5444 τῶν

2419 5477 2813 5548 παραχθέντων
2844 5475 2944 5544 τὴν
2992 5474 3353 5544 διακόσμησιν
3404 5481 3461 5532 ἐν
3517 5481 3704 5548 ὕψεσιν
3760 5484 3988 5536 ἐκείνων

2332 5731 2378 5762 ’³
2410 5727 2551 5782 l’sal.
2593 5745 2758 5793 cxm,
2808 5731 2859 5782 3.
