4246 6454
724 399 792 459 59
1165 355 1173 361 ’
2038 401 2394 461 rnocopu
2431 401 2678 460 eam
2955 367 2960 370 ’
3928 399 4000 458 so

718 512 884 579 coepit
913 512 1085 563 lucem
1120 508 1402 576 subsequi.
1447 506 1555 562 Nec
1614 509 1796 579 colligi
1857 518 2034 576 potest
2086 523 2300 566 noctem
2334 522 2375 574 Α

2334 522 2375 574 Α
2406 529 2512 564 των
2541 509 2855 563 ἀκολουθεῖν
2904 509 3221 575 ἀναγκαῖον.
3278 509 3339 560 'll
3389 509 3493 578 γάρ
3530 511 3738 580 ἑσπέρα
3785 514 3880 580 τῆς
3926 516 3995 566 iu,

718 619 842 657 esse
875 616 1108 670 priorem
1140 606 1166 647 Α
1193 615 1245 660 e.
1282 616 1345 653 ex
1380 599 1702 653 testimonio
1761 599 1948 665 Hosis,
1981 602 2126 670 quod
2163 619 2310 657 sem-

719 709 816 763 per
844 693 1174 761 prten'titlere
1205 692 1379 745 soleat
1415 689 1569 762 festis
1609 702 1847 756 noctem,
1874 702 1925 745 et
1956 702 2022 745 an
2055 708 2119 747 ea
2153 709 2310 747 exoro

721 782 831 832 diri
886 778 1206 832 Sabbatnm.
1244 778 1377 831 Nam
1435 779 1604 831 alium
1638 779 1799 833 finem
1838 781 2075 848 respexit
2109 780 2308 846 Moses,

721 871 930 924 st-ilicct
969 879 1028 922 ut
1062 869 1233 936 magis
1261 885 1320 922 se
1372 879 1673 938 praqiarent
1713 871 1964 926 homines
1997 873 2060 926 ad
2084 874 2310 927 audien-

719 965 843 1015 dam
872 964 1358 1032 legem,propterea
1380 977 1570 1031 magna
1588 965 1914 1017 auctoritate
1935 963 1998 1016 ad
2028 979 2308 1032 vesperam

725 1055 1127 1121 praet-edentem
1187 1054 1382 1106 indicit
1447 1053 1765 1108 Sabbatum.
1845 1054 2191 1123 Quapmpter
2253 1065 2309 1108 ut

719 1146 902 1199 Omnia
923 1146 1030 1198 sint
1053 1144 1226 1213 magis
1252 1145 1550 1207 luculenta,
1576 1146 1689 1198 ait:
1733 1164 1750 1196 ι
1791 1145 1912 1199 Fuit
1937 1161 2158 1215 vespera
2185 1146 2311 1200 fuit-

720 1255 826 1304 que
863 1253 1020 1289 mane
1049 1237 1166 1291 dies
1207 1253 1372 1292 unus.
1410 1256 1428 1289 ι
1463 1237 1577 1294 Non
1616 1239 1795 1306 inquit
1827 1236 1978 1291 :Not
2007 1255 2140 1303 una,
2170 1239 2262 1294 sed
2291 1254 2304 1289 :

728 1345 744 1373 ι
793 1326 914 1379 liics
954 1341 1118 1377 unus.
1151 1343 1168 1374 ι
1205 1324 1340 1378 Nam
1373 1321 1490 1381 dies
1525 1325 1772 1380 constitit
1804 1341 1929 1379 eum
1952 1342 2310 1381 numeraren-

721 1426 810 1468 tur
844 1415 1136 1468 inter-stitia
1202 1417 1452 1468 matutini
1483 1424 1538 1468 et
1595 1417 1894 1484 vespertini
1942 1419 2206 1485 temporis
2241 1416 2307 1470 ad

720 1509 858 1560 lucis
887 1508 1252 1560 curriculum.
1298 1505 1494 1560 Verum
1535 1521 1642 1561 nox
1684 1523 1793 1560 non
1820 1514 2007 1561 creata
2048 1507 2132 1561 vel
2166 1506 2306 1560 facta

717 1610 819 1655 est.
853 1597 987 1651 Nam
1049 1616 1170 1652 cum
1227 1601 1376 1653 nulla
1421 1601 1494 1654 sit
1551 1594 1862 1654 substantia
1920 1601 2304 1660 tenebrarum,

719 1692 1014 1759 nequivere
1078 1702 1294 1746 noctem
1335 1707 1647 1761 procreare.
1694 1691 1953 1756 Quidam,
1987 1703 2045 1746 ut
2075 1691 2308 1747 demon-

719 1792 892 1837 sti-ent
920 1791 1135 1836 noctem
1173 1784 1409 1852 priorem
1443 1784 1720 1838 conditam
1744 1799 1867 1838 esse
1917 1783 2030 1845 die,
2057 1798 2303 1851 sequun-

2416 605 2509 654 καὶ
2539 602 2639 669 τῆς
2662 601 2789 669 ὅλης
2821 601 3033 669 ἡμέρας
3091 599 3266 668 πέρας
3297 600 3477 666 ἐστὶν,
3507 601 3582 663 ὠς
3615 604 3832 666 πάντως
3872 605 3997 656 ’ἐπες

2415 693 2538 744 σθαι
2561 693 2627 760 τῇ
2658 692 2840 761 ἡμέρα
2873 691 2970 761 τὴν
3000 689 3187 745 νύκτα.
3215 689 3338 752 Πῶς
3363 691 3471 760 γάρ
3492 692 3718 746 δυνατὸν
3750 695 3991 765 ἑσπέραν

2413 781 2665 848 γενέσθαι
2721 779 2796 850 μὴ
2840 779 3220 850 προλαϐούσης
3271 782 3511 851 πρωῖας;
3567 782 3662 852 Είη
3694 783 3737 834 δ’
3789 784 3853 835 ἂν
3905 787 3996 836 καὶ

2411 876 2704 943 τριήμερος
2737 873 2769 940 ὴ
2795 871 2888 923 τοῦ
2920 871 3169 940 Σωτῆρος
3214 870 3511 936 ἀνάστασις
3538 915 3552 939 ,
3591 876 3640 925 ει
3674 873 3816 925 κατὰ
3845 875 3998 942 Μὰρ-

2413 981 2510 1015 κον
2551 964 2677 1033 περὶ
2720 964 2908 1034 τρίτην
2952 962 3103 1032 ὥραν
3156 962 3521 1033 ἐσταύρωται,
3577 963 3684 1016 ἀπὸ
3728 964 3784 1017 δέ
3832 965 3997 1030 ἕκτης

2415 1054 2604 1116 σκότος
2667 1055 2882 1120 ἐγένετο
2932 1053 3037 1111 ’ἐως
3087 1055 3284 1124 ἐνάτης
3335 1055 3430 1108 ἐπὶ
3478 1055 3661 1125 πάσης
3710 1056 3808 1125 τῆς
3871 1058 3989 1123 γῆς.

2418 1140 2753 1211 Πληρούσθω
2779 1143 2888 1211 γάρ
2913 1142 2987 1204 ὡς
3023 1145 3080 1195 ἐν
3113 1143 3271 1213 τύπῳ
3303 1143 3401 1211 μία
3433 1143 3619 1213 ἡμέρα
3653 1144 3741 1196 διὰ
3789 1145 3995 1196 τούτων

2425 1235 2587 1303 μέχρι
2617 1234 2713 1301 τῆς
2753 1235 2946 1302 ἐνάτης
2981 1234 3128 1303 ὥρας
3149 1253 3162 1266 ο
3191 1234 3444 1303 ἀρχέσθω
3469 1234 3525 1287 δέ
3561 1237 3594 1305 ἡ
3627 1235 3854 1305 δευτέρα
3885 1235 3992 1288 ἀπὸ

2410 1326 2510 1395 τῆς
2551 1327 2746 1395 ἐνάτης
2790 1326 3262 1396 ἐπακολουθούσης
3295 1327 3397 1396 ήδη
3443 1326 3544 1393 τῆς
3588 1328 3852 1389 πλατείας
3909 1346 3996 1379 νυ-

2412 1417 2560 1477 κτός·
2593 1416 2626 1485 ἠ
2658 1416 2712 1468 δὲ
2749 1416 2904 1486 τρίτη
2939 1414 3243 1483 λογιζέσθω
3269 1417 3388 1474 ἀπὸ,
3408 1417 3501 1470 τοῦ
3533 1417 3837 1476 Σαϐϐάτου.
3870 1434 3999 1470 συνο

2411 1507 2722 1576 απτομὲνης
2768 1507 2867 1576 τῆς
2908 1507 3083 1575 ὅψεως
3107 1507 3403 1560 Σαϐϐἁτων
3436 1509 3536 1578 τῆς
3570 1508 3995 1578 ἐπιφωσκούσης

2410 1601 2490 1662 εἰς
2526 1599 2624 1669 τὴν
2658 1600 2963 1669 Κυριακήν.
3011 1599 3072 1651 Et
3109 1599 3166 1652 δὲ
3219 1600 3408 1669 πρώτη
3443 1601 3475 1669 ή
3506 1599 3622 1664 νὺξ.
3671 1620 3689 1650 ι
3744 1599 3996 1667 Ἐγένετο

2409 1689 2637 1757 ἐσπέρα,
2681 1689 2777 1742 καὶ
2810 1689 3028 1755 ἐγένετο
3059 1687 3228 1758 πρωῒ,
3281 1708 3299 1740 ι
3335 1691 3367 1758 ἡ
3397 1689 3602 1743 διάνοια
3632 1687 3815 1759 ζητεῖν
3855 1691 3988 1742 ὑπο-

2409 1780 2593 1834 ϐάλλει
2614 1781 2737 1832 πότε
2748 1797 2837 1849 ρον
2863 1780 2967 1849 πρὸ
2988 1779 3079 1832 τοῦ
3102 1780 3354 1847 γενέσθαι
3378 1782 3590 1852 ἡμέραν
3617 1781 3825 1852 ἑσπέρα
3841 1782 3997 1849 γέγο⁹

720 1885 810 1925 tur
852 1875 954 1926 ltoc
1018 1849 1292 1941 eloquium
1344 1871 1554 1928 Hosis:
1594 1893 1610 1924 ι
1652 1872 1778 1926 ι·“ιιὶι
1826 1887 2054 1942 vespera
2085 1849 2298 1942 fuitque
2337 1849 2374 1903 θ

2337 1849 2374 1903 θ
2404 1889 2514 1935 νεν,
2537 1873 2568 1944 ἦ
2592 1872 2863 1942 ληγούσης
2889 1873 2990 1941 τῆς
3029 1873 3281 1943 ἡμέρας;
3320 1874 3426 1926 Καὶ
3447 1849 3503 1927 ἐν
3535 1873 3614 1944 τῷ
3633 1913 3648 1937 ,
3681 1894 3697 1925 ι
3754 1849 4002 1943 Ἐγένετο

720 1981 879 2018 mane
910 1964 1028 2020 dies
1057 1981 1235 2019 unus:
1268 1983 1285 2016 ι
1312 1979 1434 2019 nam
1461 1980 1743 2034 vesperam
1767 1964 1925 2034 juxta
1942 1965 2141 2019 seriem
2168 1979 2298 2017 nar-

719 2054 947 2108 rati0nis
980 2056 1209 2123 positum
1267 2070 1389 2110 esse
1422 2055 1600 2121 primo
1627 2054 1769 2116 loco,
1797 2061 1851 2108 et
1891 2070 1957 2109 ex
2003 2068 2066 2109 ea
2101 2053 2300 2108 deinde.

718 2159 933 2199 noctem
972 2146 1312 2215 provenisse.
1349 2146 1617 2200 therum
1657 2161 1758 2200 nos
1799 2161 2144 2215 nequaquam
2182 2148 2301 2198 ani-

718 2252 866 2289 tnnm
895 2237 958 2289 ad
999 2239 1287 2291 verborum
1313 2237 1509 2291 seriem
1537 2234 1834 2305 appellere,
1861 2236 1957 2290 sed
1992 2236 2180 2288 virtuti
2215 2252 2302 2288 re-

718 2344 837 2380 rum
890 2329 1164 2397 applicare
1221 2336 1454 2398 oportet.
1515 2326 1651 2381 Nam
1695 2342 1921 2398 vespera
1955 2327 2188 2382 orientis
2220 2338 2304 2380 to-

720 2425 939 2493 tiusque
988 2426 1094 2479 diei
1129 2427 1396 2480 terminus
1443 2425 1526 2478 vel
1577 2424 1698 2478 finis
1737 2431 1843 2478 est.
1872 2421 2010 2476 llinc
2053 2421 2304 2490 sequitur

2405 1964 2462 2016 δέ
2501 1963 2666 2034 πρωϊ,
2711 1965 2896 2034 ἡμέρα
2931 1964 3049 2034 μία,
3084 1985 3102 2016 ι
3133 1965 3230 2034 τῆς
3264 1965 3489 2034 πρώτης
3536 1967 3744 2036 ἡμέρας
3781 1969 3899 2021 ἐστὶ
3937 1969 3999 2021 τὸ

2412 2055 2556 2126 πρωῒ
2587 2055 2619 2126 ἢ
2649 2055 2748 2124 τῆς
2780 2057 3090 2126 ἀρχομένης
3111 2056 3407 2128 δευτέραςς
3451 2059 3512 2111 El
3550 2059 3656 2128 γὰρ
3684 2060 3785 2129 τῆς
3843 2060 4000 2130 πρὼ-

2405 2165 2525 2218 της,
2562 2148 2981 2217 συναπτομένων
3004 2150 3140 2220 αὐτῇ
3174 2149 3281 2202 τῶν
3305 2150 3431 2219 ἑξῆς
3454 2153 3781 2222 γενομένων,
3837 2155 3998 2224 εὐρε-

2409 2241 2632 2304 θήσεται
2665 2242 2693 2291 ὁ
2725 2240 3008 2309 ἄνθρωπος
3050 2245 3116 2311 τῇ
3158 2242 3386 2315 πέμπτῃ
3423 2243 3715 2313 γενόμενος
3754 2248 3942 2316 ἡμέρα
3976 2263 3993 2278 ·

2411 2331 2771 2400 εὑρεθήσεται
2819 2331 2876 2384 δὲ
2928 2334 3022 2385 καὶ
3065 2335 3093 2386 ὁ
3136 2333 3269 2396 Θεὸς
3325 2337 3390 2405 τῇ
3435 2334 3572 2408 ἐκτῃ
3627 2337 3995 2404 καταπαύσας

2411 2422 2618 2492 itas??-

716 2517 857 2569 diem
905 2518 1137 2583 priorem
1170 2533 1292 2572 esse
1335 2525 1512 2572 nocte.
1550 2515 1682 2583 Quae
1725 2516 1866 2569 ratio
1903 2514 2194 2584 permittit.
2232 2521 2290 2566 ut
2329 2512 2399 2566 sit
2432 2529 2677 2578 vespera,
2710 2512 2812 2566 nisi
2851 2513 3122 2582 praecedat
3164 2523 3378 2585 tempus
3446 2521 3825 2578 matutinum?
3885 2523 3998 2578 Erit

716 2623 846 2662 sane
903 2610 954 2662 in
1007 2610 1148 2663 hunc
1211 2610 1432 2663 modum
1477 2609 1809 2665 resurrectio
1855 2607 2158 2662 Salvatoris
2191 2606 2462 2668 tridualis,
2493 2605 2560 2667 si.
2595 2616 2655 2658 ut
2717 2607 2966 2674 perhibet
3017 2605 3393 2672 Ilarcus“"',
3439 2613 3594 2666 tertia
3663 2614 3798 2669 liora
3879 2630 4005 2671 cru-

715 2700 913 2753 cilixus
941 2712 1046 2754 est.
1075 2701 1117 2753 Δ
1149 2711 1299 2756 sexta
1335 2705 1466 2756 liora
1496 2703 1735 2757 tenebrre
1759 2712 1960 2756 exortm
1977 2709 2105 2754 sunt
2135 2715 2298 2770 super
2339 2701 2650 2754 universam
2703 2709 2905 2752 terram
3003 2709 3390 2769 permanentes
3466 2720 3642 2772 usque
3685 2708 3751 2761 ad
3802 2709 3994 2764 lioram

715 2808 938 2848 nonam.
969 2795 1347 2849 Constituatur
1385 2795 1589 2863 itaque.
1653 2793 1884 2863 exempli
1913 2792 2106 2862 gratia,
2147 2808 2287 2846 unus
2323 2791 2440 2847 dies
2479 2807 2572 2859 per
2613 2792 2727 2845 ltzec
2793 2792 3078 2844 intervalla
3126 2792 3192 2846 ad
3265 2809 3462 2848 nonam
3538 2813 3712 2864 usque
3782 2801 4003 2854 horam.

714 2884 1013 2952 lncipiatur
1046 2885 1245 2939 deinde
1296 2885 1415 2938 dies
1474 2885 1610 2938 alter
1643 2899 1670 2937 a
1717 2898 1859 2938 nona
1895 2883 2026 2938 liora
2087 2882 2366 2949 sequentis
2405 2883 2582 2934 noctis
2625 2881 2982 2949 intempestae.
3048 2881 3270 2936 Tertius
3361 2897 3708 2954 computetur
3763 2905 3793 2943 a
3860 2891 3998 2946 Sab-

712 2978 840 3030 bato
875 2977 1085 3044 adjecta
1123 2977 1484 3031 Sabbatorum
1513 2994 1761 3048 vespera,
1791 2993 1912 3047 qua
1968 2978 2195 3032 lucescit
2221 2977 2272 3029 in
2314 2977 2457 3029 diem
2488 2975 2850 3030 Dominicum.
2878 2975 3002 3029 ch
3019 2975 3086 3030 de
3140 2977 3324 3031 triduo
3389 2982 3830 3045 resurrectionis,
3887 2995 3995 3038 etc.

713 3075 912 3130 Verum
952 3075 995 3129 si
1031 3091 1134 3129 nox
1163 3079 1455 3132 antecessit
1489 3078 1653 3142 diem,
1699 3086 1758 3131 ut
1806 3078 2026 3148 quidam
2058 3079 2370 3148 opinantur,
2433 3079 2708 3147 quomolo
2774 3077 2950 3134 Moses
3020 3081 3096 3133 ait
3141 3096 3154 3132 :
3241 3099 3257 3132 ι
3294 3079 3418 3133 Fuit
3458 3093 3686 3148 vespera
3780 3075 4003 3146 fuitth

711 3185 872 3225 mane
907 3170 1026 3225 dies
1058 3172 1226 3226 unus?
1267 3191 1282 3222 ι
1322 3173 1554 3230 Animus
1612 3176 1692 3228 sic
1731 3175 2039 3229 consistere
2116 3173 2324 3244 nequit,
2401 3174 2495 3229 sed
2560 3173 2836 3242 inquirere
2890 3175 3201 3239 conabitur,
3254 3191 3322 3230 an
3379 3190 3601 3244 vespera
3669 3173 3990 3244 prtevenerit

712 3267 884 3332 diem;
931 3275 1042 3328 aut.
1071 3282 1136 3320 an
1173 3275 1285 3319 tum
1316 3269 1533 3322 demum
1588 3271 1894 3333 emerserit,
1931 3285 2054 3323 cum
2095 3268 2397 3322 cessaverit
2431 3267 2570 3322 dies.
2634 3265 2688 3318 In
2755 3267 2876 3321 istis
2943 3268 3170 3322 verbis:
3243 3286 3261 3319 ι
3311 3267 3436 3320 Fuit
3481 3281 3709 3335 vespera
3784 3266 3995 3335 fuitque

712 3376 869 3415 mane
923 3362 1039 3416 dies
1091 3379 1253 3427 unus,
1295 3381 1313 3414 ι
1351 3374 1477 3425 etc.,
1527 3364 1867 3434 intelligitur,
1925 3374 2020 3417 aut
2073 3363 2276 3432 prioris
2331 3361 2440 3415 diei
2511 3362 2842 3414 matutinum
2904 3369 3140 3429 tempus,
3184 3372 3277 3415 aut
3307 3360 3535 3416 secundi
3571 3361 3679 3415 diei
3713 3361 3825 3429 jam
3854 3361 3995 3415 inci-

708 3454 928 3520 pientis.
974 3453 1029 3506 Si
1073 3455 1273 3521 prioris
1299 3456 1404 3510 diei
1440 3459 2017 3527 respicismatutinum
2051 3466 2286 3526 tempus,
2328 3456 2372 3510 si
2409 3454 2458 3509 ei
2485 3455 3318 3526 coniungasinsequentcsdies,
3389 3456 3642 3510 invenies
3711 3453 4000 3508 hominem

709 3546 797 3600 die
828 3547 1020 3614 quinto
1053 3561 1175 3601 esse
1203 3549 1480 3604 conditum
1527 3571 1538 3604 :
1574 3562 1628 3605 et
1657 3551 1897 3621 reperies
1949 3551 2112 3604 Deum
2141 3548 2418 3618 quievisse
2443 3546 2532 3599 die
2562 3558 2742 3600 sexto.

781 3636 980 3690 Verum
1009 3640 1111 3692 hoc
1145 3649 1257 3695 tmn
1283 3643 1409 3704 erit.
1431 3660 1554 3696 cum
1591 3646 1756 3700 latius
1778 3645 2038 3700 fortassis
2068 3646 2310 3713 accipie-

709 3744 832 3782 mus
866 3730 1163 3784 dictionem
1207 3751 1379 3797 manc,
1415 3735 1486 3788 ita
1514 3745 1571 3789 ut
1602 3737 1670 3791 ad
1710 3737 1851 3791 diem
1884 3738 2158 3805 pertinere
2203 3737 2290 3790 di-

709 3835 919 3889 eamus,
969 3826 1114 3891 quol
1188 3825 1355 3878 simili
1423 3829 1634 3882 ratione
1666 3837 1719 3884 et
1751 3829 1819 3883 de
1859 3837 2020 3884 nocte
2057 3829 2286 3899 intelligi

710 3916 927 3986 poterit.
965 3915 1305 3984 Quapropter
1357 3917 1594 3972 Joannes
1634 3918 1996 3986 evangelista,
2041 3933 2165 3971 cum
2204 3917 2289 3970 di-

711 4013 900 4070 xisset,
945 4025 1118 4068 mane,
1149 4019 1203 4062 ut
1255 4011 1438 4063 omnia
1495 4019 1684 4065 essent
1719 4012 1984 4073 clariora,
2029 4010 2286 4065 addidit:

715 4123 732 4154 ι
772 4104 905 4157 (lum
935 4103 1114 4156 adhuc
1161 4111 1351 4156 essent
1399 4104 1661 4158 tenebrat.
1701 4123 1719 4155 ι
1760 4103 1999 4168 Marcus,
2032 4119 2155 4158 cum
2195 4118 2290 4168 po-

709 4196 950 4247 suissnl:
986 4192 1205 4247 Summo
1260 4193 1519 4260 diluculo,
1585 4195 1826 4249 admovit
1859 4204 1912 4249 et
1958 4193 2284 4264 sequentia:

715 4307 730 4336 ι
770 4286 973 4339 Exorto
1005 4290 1139 4340 so‘e.
1182 4307 1198 4338 ι
1227 4287 1520 4351 Cancrum,
1557 4299 1612 4341 ut
1646 4297 1906 4359 apparet,
1948 4297 2179 4357 uterque
2220 4304 2287 4342 ex

707 4379 1142 4432 t‘lfCttlliSlﬂlilllS
1171 4396 1280 4433 rem
1315 4382 1685 4436 consideravit
1733 4389 1786 4436 et
1817 4381 2059 4450 seripsit.
2102 4379 2159 4434 Si
2193 4397 2290 4434 au-

706 4480 813 4522 tem
853 4471 975 4538 quis
1011 4471 1244 4536 accipiat
1274 4472 1576 4526 diluculum
1627 4490 1722 4528 seu
1774 4489 1936 4528 mane
1987 4473 2287 4528 continium

706 4561 813 4615 diei
845 4563 1140 4631 noctisque
1167 4563 1532 4629 individuum,
1567 4575 1624 4618 ιιι
1654 4568 1831 4636 ipsum
1857 4581 2018 4620 mane
2048 4565 2182 4618 nihil
2219 4564 2289 4619 ab

705 4665 738 4702 ιι
771 4666 936 4718 roque
966 4659 1214 4721 tempore
1241 4669 1469 4719 prorsus
1502 4665 1788 4709 mutuetur
1810 4695 1824 4719 ,
1882 4655 2164 4724 quomodo
2204 4655 2286 4708 di~

704 4755 795 4794 c‘s
838 4758 851 4794 :
898 4741 1075 4802 Mane.
1137 4744 1219 4798 vel
1271 4744 1379 4798 diei
1428 4748 1508 4800 vel
1543 4749 1720 4802 noctis
1783 4748 1866 4802 vel
1926 4757 2288 4815 utrarumque

704 4833 956 4897 partem?
991 4833 1094 4886 Sed
1167 4835 1281 4889 lirec
1325 4853 1411 4892 res
1447 4838 1778 4891 luculentior
1823 4839 1949 4900 erit.
2007 4837 2052 4893 si
2099 4852 2285 4891 exem-

704 4920 851 4988 plum
887 4922 1220 4980 dederimus.
1246 4925 1412 4980 Linea
1445 4929 1690 4995 quaedam
1738 4929 2087 4983 ittdivisibilis
2136 4928 2287 4980 finiat

2477 3638 2650 3693 Τοῦτο
2689 3640 2789 3708 μὲν
2823 3635 2917 3694 οὗν
2954 3640 3153 3711 ἀληθὲς
3202 3642 3253 3693 εί
3305 3641 3580 3704 πλατικῶς
3617 3638 3995 3710 λαμϐάνοιμιν

2397 3733 2457 3786 τὺ
2495 3733 2645 3800 πρωῒ
2711 3734 2864 3802 παρά
2892 3732 2942 3786 τ’
2975 3734 3034 3785 ἐν
3072 3732 3220 3802 αὐτῷ
3264 3733 3362 3802 τῆς
3407 3733 3619 3802 ἡμέρας
3671 3732 3990 3801 δεχόμενον

2397 3825 2532 3894 ὅπερ
2576 3825 2713 3878 κάπὶ
2741 3824 2839 3894 τῆς
2884 3825 3076 3885 νυκτὸς
3120 3823 3323 3891 ὁμοίιος
3369 3823 3584 3887 ἐξέσται
3628 3826 3790 3876 νοεῖν.
3827 3824 3997 3876 Ὅθεν

2397 3919 2425 3970 ὁ
2452 3916 2549 3986 μέν
2600 3916 2858 3986 Ἰωάννης
2911 3913 3087 3968 εἰπὼν
3122 3915 3203 3976 τὸ.
3260 3915 3431 3982 πρωῒ,
3469 3913 3775 3984 προσέθηκε
3817 3935 3832 3967 ι
3869 3932 3996 3969 σκοο

2398 4010 2517 4072 τίας
2549 4009 2629 4062 ἔτι
2667 4008 2833 4077 οὔσης
2854 4023 2866 4036 ⁸
2904 4026 2923 4059 ι
2946 4010 2973 4061 ὁ
2999 4007 3054 4061 δέ
3101 4008 3346 4076 Μάρκος,
3370 4008 3524 4073 πρωῒ
3544 4049 3557 4070 ,
3579 4007 3695 4071 καὶ,
3721 4026 3738 4058 ι
3777 4007 3996 4061 ἀνατεί-

2396 4102 2589 4163 λαντος
2619 4100 2714 4152 τοῦ
2746 4100 2927 4168 ἡλίου,
2976 4119 2994 4152 ι
3032 4099 3292 4169 ἑκάτερος
3318 4099 3380 4150 ἐκ
3407 4099 3518 4151 τῶν
3555 4101 3994 4169 παρακειμένων

2395 4193 2492 4262 τὴν
2523 4192 2900 4264 προσηγορίαν
2931 4192 3280 4262 ποιούμενος.
3322 4191 3457 4244 Εἰδέ
3494 4191 3750 4262 μεθόριον
3778 4193 3992 4262 ἀμερὲς

2395 4286 2586 4347 νυκτός
2630 4301 2690 4337 τε
2723 4287 2816 4339 καὶ
2865 4287 3084 4355 ἡμέρας
3123 4285 3430 4355 ἐκδέχοιντο
3470 4284 3538 4348 ,τδ
3589 4284 3758 4352 πρωῒ,
3815 4285 3988 4354 μηδὲν

2393 4378 2502 4430 τῶν
2538 4379 2966 4449 παρακειμένων
3015 4377 3075 4442 ἐξ
3133 4378 3394 4446 ἐκατέρου
3439 4375 3714 4443 λαμϐάνον
3763 4377 3983 4448 καιροῦ,

2397 4471 2515 4528 πῶς
2544 4470 2643 4538 τῆς
2671 4469 2882 4540 ἡμέρας
2931 4468 3102 4538 μόνης
3136 4468 3168 4537 ἢ
3218 4467 3318 4536 τῆς
3352 4471 3549 4529 νυκτὸς
3594 4467 3626 4536 ἦ
3674 4468 3770 4521 καὶ
3812 4469 3992 4536 ἀμφο-

2393 4563 2567 4631 τέρων
2590 4562 2877 4630 γενήσεται
2906 4559 3072 4630 μέρος
3095 4576 3110 4623 ς
3139 4559 3318 4612 Οίονεὶ
3345 4559 3454 4628 γάρ
3477 4559 3710 4628 γραμμή
3731 4558 3812 4619 τίς
3841 4560 3990 4610 ἐστιν

2394 4653 2604 4722 ἀμερὴς
2640 4651 2951 4722 περατοῦσα
2977 4651 3186 4704 τούτων
3218 4652 3499 4718 ἑκάτερον,
3538 4650 3740 4719 μᾶλλον
3763 4651 3818 4703 δέ
3845 4651 3989 4704 κατά

2393 4744 2616 4807 ταυτὸν,
2659 4744 2758 4813 τῆς
2802 4743 2900 4814 μὲν
2939 4743 3104 4812 ἀρχὴ,
3155 4742 3253 4810 τῆς
3289 4741 3346 4795 δὲ
3391 4743 3565 4811 πέρας
3616 4743 3984 4811 τυγχάνουσα.

2394 4834 2698 4903 Τοιγαροῦν
2724 4837 2752 4887 δ
2812 4834 3055 4903 Μωῦσῆς
3095 4834 3164 4885 τά
3208 4833 3316 4885 τῶν
3349 4833 3561 4903 καιρῶν
3602 4833 3747 4903 ἄκρα
3782 4834 3985 4895 λαϐὼν,

2392 4926 2460 4980 τὰ
2492 4926 2632 4996 μέσα
2655 4925 2748 4978 διὰ
2775 4925 2980 4978 τούτων
3011 4923 3282 4994 ἐδήλωσεν
3304 4965 3318 4988 ,
3355 4924 3452 4976 οὐκ
3491 4924 3556 4976 ἀν
3579 4925 3635 4976 ἐν
3665 4924 3857 4995 ἄκροις
3889 4925 3988 4978 0a-

702 5023 808 5064 t.-un
840 5026 1055 5068 noctem
1091 5032 1252 5084 quam
1279 5019 1443 5073 diem.
1482 5020 1537 5073 Si
1573 5037 1683 5074 rem
1740 5023 1978 5090 penitius
2025 5020 2276 5089 intrmpi-
2323 5007 2363 5060 θ

2323 5007 2550 5088 οτέρου
2608 5019 2774 5089 μέρος
2820 5015 3020 5070 εἰπών·
3074 5016 3303 5086 ἀριθμεῖ
3353 5015 3409 5068 δὲ
3471 5015 3570 5078 τὰς
3626 5015 3841 5086 ἡμέρας
3887 5016 3984 5069 τοῦ

701 5119 824 5158 cere
858 5106 1215 5172 voluerimus,
1265 5111 1431 5174 linea.
1474 5130 1594 5181 qua:
1624 5115 1850 5169 alterius
1893 5113 2058 5168 fuerit
2083 5116 2290 5183 princi-

700 5196 868 5262 pium,
898 5198 1123 5252 alterius
1149 5201 1270 5256 linis
1288 5217 1410 5257 esse
1437 5205 1661 5270 patebit.
1688 5205 1823 5258 llinc
1839 5214 1892 5259 et
1923 5205 2121 5270 Moses,
2151 5216 2289 5261 tem-

703 5301 893 5354 porum
928 5289 1305 5348 extremitates
1360 5311 1592 5363 ponens.
1649 5299 1824 5351 media
1857 5301 2028 5351 voluit
2061 5315 2156 5368 per
2191 5316 2284 5355 eas

699 5378 1045 5448 significare;
1081 5399 1179 5438 nec
1218 5384 1338 5451 ejus
1367 5388 1583 5442 animus
1617 5388 1739 5451 fuit,
1767 5391 1817 5442 in
1843 5401 1994 5445 euro
2019 5392 2282 5453 nitatibus

702 5469 990 5538 utriusque
1050 5486 1254 5538 partem
1305 5489 1761 5534 conunonstrat'e.
1807 5482 2010 5536 Exacta
2042 5483 2129 5535 illa
2163 5484 2282 5536 die-

703 5576 824 5614 rum
855 5567 1268 5622 enumeratione
1328 5587 1429 5624 nos
1488 5572 1668 5634 docet.
1703 5575 1964 5628 mundum
2019 5590 2125 5628 non
2161 5591 2284 5631 esse

699 5661 986 5719 attcrnnm,
1021 5659 1113 5713 scd
1142 5676 1168 5712 a
1190 5661 1298 5714 Deo
1313 5664 1617 5722 conditum.
1637 5666 1778 5722 Detts
1809 5668 1988 5734 opifex
2017 5684 2119 5724 neu
2143 5681 2282 5725 tent-

774 5831 889 5864 '”"
920 5831 1084 5888 Marc.
1140 5852 1230 5903 xv,
1257 5839 1350 5893 25.

2397 5112 2624 5181 κόσμον,
2667 5111 2729 5162 τὸ
2775 5109 3002 5180 γενητὸν
3044 5108 3291 5179 ἀκριϐῶς
3340 5108 3690 5178 παραστῆσαι
3724 5107 3988 5177 βουλόμε-

2393 5223 2502 5267 νος.
2539 5203 2746 5274 Χρᾶνου
2786 5203 2894 5274 γάρ
2933 5204 2994 5256 ού
3039 5202 3213 5255 δεῖται
3260 5199 3614 5270 δημιουργῶν
3646 5201 3674 5252 ὁ
3715 5198 3869 5261 Θεός.
3906 5200 3984 5250 οδ

2395 5297 2500 5365 μὴν
2532 5296 2741 5350 ἄτακτα
2763 5296 2829 5349 τά
2853 5295 3118 5364 γεγονότα
3153 5296 3316 5358 ποιεῖ,
3348 5291 3583 5361 ἀριθμὸς
3612 5291 3670 5344 δέ
3701 5291 3801 5362 τὴν
3828 5291 3986 5355 τάξιν

2387 5388 2699 5461 ἐργάζεται.
2732 5387 2899 5440 Ὅθεν
2942 5387 3042 5440 οὐκ
3088 5381 3231 5450 εἶπε,
3264 5384 3477 5455 πρώτη.
3509 5383 3645 5437 ἀλλά
3689 5386 3818 5455 μία.
3893 5383 3985 5438 Ἐν

2388 5481 2499 5549 γάρ
2517 5483 2626 5542 τοῖς
2656 5479 2770 5548 ἅμα
2801 5479 3162 5548 τυγχάνουσιν
3191 5478 3292 5530 οὐκ
3327 5476 3444 5529 ἔστι
3480 5477 3698 5546 πρῶτον
3723 5478 3820 5530 καὶ
3855 5477 3981 5530 δεύε-

2392 5591 2577 5643 τερον’
2605 5573 2720 5626 ἀλλ’
2751 5575 2983 5642 ἐπείπερ
3030 5575 3061 5642 ἠ
3106 5572 3356 5639 διήγησις
3397 5571 3496 5638 τὴν
3523 5569 3674 5634 τάξιν
3718 5569 3852 5640 ἔχει,
3891 5570 3979 5623 διὰ

2392 5666 2550 5721 τοῦτο
2585 5666 2720 5736 μετὰ
2750 5665 2847 5736 τὴν
2875 5667 3022 5733 μίαν
3056 5663 3149 5715 καὶ
3182 5659 3470 5729 δευτέραν
3494 5661 3710 5728 λέγεται
3745 5661 3837 5713 καὶ
3880 5659 3980 5730 μὲ-
