4246 6454
684 362 773 451 63
1248 406 1253 412 ~
2009 400 2277 462 ruocor

2394 400 2637 461 GALEI
3494 396 3551 425 "“
3901 390 3973 455 ει

700 494 876 553 tenetis
902 491 1233 564 principium
1268 510 1281 547 :
1321 504 1373 549 et
1405 508 1567 550 mane
1621 496 1736 552 sive
1767 498 2069 557 diluculum
2105 512 2277 557 matu-

2393 503 2579 571 φασὶν,
2602 503 2685 556 ὅτι
2714 503 2832 554 κατ’
2860 499 3035 569 ἀρχάς
3065 499 3285 567 ἐγένετο
3316 497 3529 562 σκότος,
3566 496 3705 567 μετὰ
3732 496 3791 551 δὲ
3812 498 3982 554 τοῦτο

696 587 873 640 tinnm
932 585 1284 639 nominamus
1341 586 1446 639 dici
1489 586 1729 641 initium.
1776 589 1867 644 Sic
1917 591 2084 660 igitur
2117 594 2287 649 inter-

698 686 985 749 pretantur
1019 677 1182 729 Verlm
1216 676 1407 740 Mosis,
1440 678 1530 731 illa
1566 680 1731 733 verba
1761 683 2114 750 :rquipollcrc
2150 686 2237 739 his
2269 704 2281 738 :

698 772 752 821 in
792 769 1066 837 principio
1100 767 1276 821 factas
1303 784 1427 823 esse
1455 771 1733 833 tenebras,
1769 782 1822 825 et
1847 789 1911 827 ex
1941 774 2027 829 his
2060 776 2282 829 demum

697 860 990 914 exsiluisse
1020 861 1218 914 lucem.
1254 860 1385 913 Nam
1421 864 1678 917 tenebras
1730 865 1907 919 noctis
1949 868 2284 922 sustinuisse

696 952 871 1005 vicem
909 967 922 1002 :
954 960 1006 1004 et
1035 951 1231 1004 deinde
1285 951 1483 1012 lucem,
1531 970 1653 1021 qum
1692 955 1797 1008 diei
1827 956 2119 1024 perfecerit
2146 966 2287 1010 tem-

697 1059 821 1112 pus,
844 1043 1145 1097 induxisse.
1170 1044 1235 1095 fit
1264 1053 1546 1113 propterea
1575 1045 1779 1101 Mosem
1808 1049 2015 1102 dixisse
2044 1068 2058 1103 :
2086 1069 2103 1100 ι
2130 1048 2285 1103 Fuit-

694 1152 801 1203 «μευ
838 1150 1061 1203 vespera
1115 1134 1325 1203 fuitque
1367 1150 1545 1201 mane,
1592 1155 1611 1187 ι
1649 1140 2075 1198 etc.,volentem
2101 1139 2286 1193 dicere

696 1238 934 1294 tempus,
964 1241 1073 1293 quo
1101 1225 1303 1278 fuerint
1338 1228 1597 1293 tcnclirre,
1620 1231 1916 1284 anteivisse
1953 1232 2112 1298 quasi
2134 1246 2288 1300 qua:-

694 1316 818 1368 dam
851 1332 956 1369 uox
1012 1332 1041 1369 a
1090 1332 1315 1385 vespera
1343 1319 1557 1371 initium
1598 1328 1810 1387 petens.
1839 1318 1938 1373 Ubi
1974 1330 2153 1375 autem
2190 1322 2283 1375 lux

694 1414 883 1458 exorta
917 1414 1023 1469 cst,
1048 1405 1164 1460 dies
1223 1407 1471 1475 qumdam
1520 1410 1795 1476 apparuit,
1828 1412 1982 1477 quasi
2014 1426 2079 1463 ex
2102 1418 2284 1464 matu-

697 1496 813 1546 tino
837 1504 1080 1563 tempore
1117 1495 1232 1550 sive
1262 1512 1424 1551 mane
1475 1514 1794 1567 prorepens.
1827 1500 1995 1555 [tecte
2029 1517 2159 1555 vero
2183 1519 2284 1557 uo-

698 1602 822 1640 men
863 1603 891 1640 a
947 1589 1378 1655 prccdominantc
1440 1597 1675 1644 tractum
1730 1592 2012 1661 imposuit,
2051 1605 2106 1648 et
2133 1595 2276 1648 diem

697 1694 867 1731 unum
904 1681 1135 1735 vocavit.
1172 1679 1305 1733 Nam
1359 1681 1449 1735 lux
1506 1698 1630 1737 eum
1674 1698 1896 1737 cursum
1932 1685 2276 1753 absolvebat,

695 1785 856 1834 quem
908 1785 1053 1824 nunc
1113 1772 1193 1826 sol
1258 1773 1489 1842 peragit.
1540 1773 1601 1827 Et
1634 1782 1691 1827 ut
1739 1786 1937 1829 nostra:
1970 1778 2278 1842 sententias,

695 1862 871 1923 aiunt,
921 1864 1089 1915 robur
1148 1865 1454 1926 accederet,
1510 1873 1564 1919 et
1612 1867 1765 1933 quasi
1829 1868 2273 1935 confirmaretur,

694 1951 873 2019 prium
936 1954 1185 2007 meminit
1251 1955 1427 2009 Moses
1468 1957 1843 2019 tenebrarum,
1880 1968 1932 2010 et
1967 1968 2154 2028 postea
2181 1959 2277 2014 de-

692 2060 839 2095 mum
881 2045 1182 2099 invaluisse
1217 2045 1390 2099 lucem
1433 2048 1783 2102 determinat.
1813 2049 1941 2102 Nam
1973 2065 2078 2103 non
2113 2067 2279 2120 nega-

692 2149 838 2188 mus.
869 2135 1145 2202 inquiunt,
1176 2135 1285 2188 imo
1326 2136 1656 2189 confitemur
1688 2138 1863 2192 lucem
1911 2139 2275 2209 potentiorem

692 2242 817 2279 esse
847 2227 1086 2281 tenebris
1116 2244 1129 2279 :
1164 2242 1349 2280 verum
1389 2228 1441 2281 in
1491 2227 1739 2281 Mosaicm
1768 2232 2103 2285 narrationis
2139 2246 2276 2285 con-

693 2327 840 2371 textu
876 2318 1127 2373 videmus
1184 2319 1367 2388 priore
1423 2320 1543 2371 loco
1584 2321 1845 2374 tenebras
1888 2337 2011 2376 esse
2041 2323 2277 2386 locatas,

693 2407 854 2459 sicuti
918 2408 1022 2477 l7
1078 2410 1373 2463 treationis
1424 2410 1560 2463 ordo
1633 2412 1961 2481 postulabat.
2006 2412 2277 2467 Prmterea

694 2499 981 2567 Scriptura
1018 2515 1175 2554 sacra
1232 2501 1375 2555 diem
1410 2518 1437 2555 a
1470 2518 1690 2570 vespera
1718 2514 1840 2573 post
1882 2505 2017 2561 solis
2059 2505 2276 2560 demum

690 2604 950 2643 occasum
984 2592 1291 2656 exorditur,
1325 2609 1422 2648 nec
1457 2611 1483 2646 a
1520 2598 1792 2649 matutino
1854 2608 2119 2667 tempore,
2168 2612 2279 2669 quo

691 2681 773 2731 sul
804 2683 1071 2747 exoritur,
1104 2684 1248 2738 diem
1299 2688 1642 2757 auspicatur.
1680 2690 1736 2742 ld
1778 2693 1973 2745 merito
2027 2693 2277 2761 quidem.

691 2770 824 2825 Nam
882 2776 1059 2845 primo
1089 2779 1307 2832 condita
1367 2789 1451 2834 est
1490 2781 1689 2850 caligo,
1719 2798 1841 2851 quae
1883 2785 2064 2839 noctis
2102 2786 2276 2840 vicem

690 2868 983 2931 pm'slulml
1006 2880 1085 2922 :ct
1113 2877 1228 2923 tum
1259 2872 1477 2924 dcmu-n
1500 2876 1765 2927 successit
1786 2875 1923 2938 dies,
1960 2878 2053 2944 qui
2081 2875 2279 2932 deinde

688 2970 907 3025 quoque
942 2958 1007 3012 ad
1026 2957 1287 3015 occasum
1308 2962 1610 3018 festinavit.
1636 2966 1933 3019 Adducunt
1962 2974 2016 3021 et
2044 2967 2280 3035 Aposto-

687 3046 798 3100 lum
823 3058 1039 3115 testem,
1082 3053 1175 3121 qui
1206 3053 1282 3105 ait
1312 3071 1327 3105 :
1368 3073 1385 3104 ι
1423 3053 1643 3107 Noctem
1675 3062 1727 3107 et
1748 3055 1892 3108 diem
1922 3056 1973 3109 in
2004 3056 2279 3126 profundo

685 3139 769 3210 egi
811 3140 923 3192 ³⁸2»
960 3142 1027 3195 Λι
1061 3142 1563 3198 hiclncusillurum
1589 3146 1902 3214 opinionem
1928 3164 2275 3217 nequaquam

685 3234 1018 3291 confirmare
1055 3244 1255 3306 potest.
1300 3235 1434 3291 Nam
1492 3237 1694 3293 Paulus
1726 3251 2119 3295 commemorat
2144 3249 2280 3296 tem~

684 3327 837 3395 poris
870 3328 1116 3393 modum,
1147 3346 1256 3400 quo
1295 3329 1643 3400 naufragium
1699 3347 1898 3401 passus
1951 3343 2055 3397 est,
2118 3335 2277 3402 quasi

686 3422 841 3473 navis
906 3422 1123 3493 dirupta
1192 3424 1263 3479 sit
1317 3424 1367 3477 vi
1434 3426 1707 3477 undarum
1759 3425 2175 3481 intendentibus
2219 3443 2277 3480 se

682 3514 862 3568 noctis
894 3518 1179 3582 tenebris;
1228 3517 1424 3571 deinde
1458 3519 1510 3570 in
1542 3534 1603 3572 ea
1664 3522 2117 3589 perseveraverit,
2156 3539 2279 3591 quae
2322 3523 2373 3575 in
2406 3521 2682 3593 profundo
2733 3522 2996 3582 hauebat,
3049 3528 3226 3573 totum
3310 3519 3478 3572 tliem.

2389 596 2449 648 τὸ
2476 594 2592 663 φῶς
2615 637 2629 657 ,
2666 594 2742 655 ὡς
2769 592 3021 644 ἐντεῦθεν
3050 589 3111 642 τὸ
3157 590 3257 660 μὲν
3286 588 3480 651 σκότος
3511 589 3747 657 φανῆναι
3778 589 3977 652 νυκτός

2386 700 2533 737 τινος
2580 683 2735 747 τάξιν
2784 681 3111 752 ὲπετχηκὸς,
3167 680 3227 733 ca
3276 680 3333 733 δὲ
3385 680 3501 747 φῶς
3561 679 3771 749 ἡμέρας
3826 682 3973 744 τινος

2388 774 2689 840 πληρῶσαν
2731 772 2945 842 καιρὸν,
2992 773 3242 841 ἐπήγαγε
3281 772 3360 829 τὸ,
3403 790 3421 821 ι
3471 771 3720 837 Ἐγένετο
3764 768 3972 842 έσπέρα

2390 865 2481 914 καὶ
2513 862 2730 931 ἐγένετο
2765 863 2913 931 πρωΐ
2935 878 2948 891 ο
2990 881 3009 913 ι
3049 862 3214 913 οἱονεὶ
3251 859 3429 929 δηλῶν
3457 859 3533 921 ὡς
3565 859 3785 925 ἐγένετο
3817 861 3915 928 μὲν
3944 862 3972 912 6

2386 952 2481 1004 τοῦ
2518 954 2745 1011 σκότους
2777 953 2971 1021 zumpt;
2999 951 3189 1022 ὥσπερ
3225 969 3309 1013 τις
3341 952 3436 1014 νὺξ
3477 953 3570 1019 ἀφ’
3594 953 3835 1022 ἑσπέρας
3870 953 3971 1021 άρ-

2387 1044 2846 1112 χεσθαιεὶωθυῐα.
2886 1044 3041 1097 Μετὰ
3084 1044 3146 1095 τὺ
3188 1044 3443 1111 γενέσθαι
3490 1044 3631 1112 φῶς,
3675 1044 3859 1113 ἡμέρα
3889 1061 3973 1107 τις

2386 1133 2541 1203 ῶρθη
2569 1136 2836 1204 γενομένη
2860 1138 2923 1188 ὲκ
2944 1136 3159 1205 πρωῖας
3191 1134 3456 1204 ἄρχεσθαι
3490 1137 3786 1203 πεφυκυῖα.
3814 1133 3971 1187 Elud-

2386 1241 2493 1287 τως
2518 1222 2612 1277 οὖν
2651 1226 2783 1295 μίαν
2811 1226 3027 1296 ἡμέραν
3052 1226 3279 1279 ἐκάλεσε
3308 1226 3718 1293 συναμφότερον
3741 1226 3849 1277 ἀπὸ
3876 1226 3971 1277 τοῦ

2384 1314 2481 1367 νῦν
2516 1317 2941 1384 ἐπικρατοῦντος
2964 1333 2976 1346 ·
3019 1316 3111 1368 τὸν
3140 1316 3248 1385 γάρ
3285 1316 3445 1367 αὐτὸν
3472 1305 3673 1384 δρόμον
3716 1316 3975 1368 ἀπετέλει

2383 1406 2444 1459 τὸ
2472 1408 2587 1473 φῶς
2616 1407 2786 1477 ὅνπερ
2810 1407 2959 1476 ἥλιος
2988 1406 3103 1459 νῦν.
3137 1407 3360 1476 Πρῶτον
3390 1402 3503 1463 οὗν,
3535 1407 3725 1473 φασιν.
3763 1403 3886 1458 εἷπε
3911 1409 3974 1459 τὸ

2385 1497 2599 1560 σκότος,
2633 1491 2753 1548 εἶτα
2773 1496 2874 1564 τὴν
2905 1494 2999 1546 τοῦ
3034 1496 3215 1563 φωτὸς
3239 1496 3621 1565 ἐπικράτειαν.
3650 1497 3711 1547 Εἰ
3745 1496 3856 1564 γάρ
3880 1497 3975 1552 καὶ

2384 1593 2635 1658 κρεῖττον
2684 1589 2746 1641 τὸ
2789 1587 2926 1656 φῶς.
2974 1587 3090 1640 ἀλλ’
3125 1584 3221 1641 οὖν
3268 1590 3324 1640 οὗ
3379 1590 3789 1658 προτέτακταν
3837 1588 3974 1657 ὲφὸ’

2383 1680 2511 1746 λαξε
2540 1681 2597 1733 δὲ
2622 1681 2806 1743 αὐτοῖς
2827 1681 2927 1749 τῆς
2947 1680 3315 1750 δημιουργίας
3345 1680 3445 1748 τὴν
3476 1680 3631 1744 τάξιν
3658 1696 3670 1708 ·
3699 1680 3974 1746 λογίζεται

2384 1774 2493 1841 γὶρ
2530 1773 2563 1840 ὴ
2610 1771 2798 1842 Γραφὴ
2844 1771 2944 1842 τὴν
2984 1771 3199 1841 ἡμέραν
3242 1772 3336 1838 ἀφ’
3384 1771 3627 1839 ἑσπέρας
3664 1770 3974 1839 ἀρχομένης

2391 1864 2511 1932 μεθ’
2536 1863 2686 1933 ἡλῐου
2721 1863 2959 1931 δυσμάς,
2990 1862 3089 1915 οὐκ
3129 1862 3237 1914 άπὸ
3260 1860 3353 1913 τοῦ
3386 1862 3485 1928 τῆς
3514 1860 3589 1912 ἔω
3620 1859 3815 1931 καιροῦ
3848 1860 3972 1912 καθ’

2383 1955 2443 2006 ὃν
2484 1956 2727 2023 ἀνίσχειν
2761 1954 2877 2007 ἐστὶ
2921 1954 3012 2006 τὸν
3055 1955 3227 2023 ἣλιον,
3273 1952 3465 2022 ἐπειδὴ
3517 1952 3737 2021 πρῶτον
3779 1952 3971 2019 γέγονε

2384 2044 2578 2107 νυκτὸς
2604 2043 2759 2107 τάξιν
2788 2045 2910 2113 ἔχον
2946 2043 3007 2095 τὸ
3036 2044 3249 2107 σκότος,
3282 2044 3375 2095 καὶ
3405 2044 3544 2112 μετά
3578 2042 3740 2095 τοῦτο
3762 2041 3823 2094 τὸ
3856 2044 3974 2110 φῶς

2384 2134 2412 2185 ὂ
2449 2134 2550 2202 τὴν
2592 2134 2806 2202 ἡμέραν
2844 2132 3225 2201 ἐργασάμενον
3276 2130 3505 2197 ἀφίκετο
3555 2130 3691 2198 πρὸς
3735 2127 3969 2197 δυσμάς.

2384 2226 2769 2295 Μαρτύρονται
2832 2226 2889 2279 δὲ
2958 2225 3051 2277 καὶ
3126 2224 3220 2276 τὸν
3302 2222 3627 2275 ’Λπὸστολον
3698 2222 3925 2288 λέγοντα
3952 2234 3975 2249 ⁵

2392 2330 2410 2363 ι
2442 2314 2803 2385 Νυχθήμερον
2834 2318 2892 2368 ὲν
2926 2314 3001 2382 τῷ
3039 2313 3183 2384 βυθῷ
3222 2314 3522 2384 πεποέηκα,
3570 2331 3588 2364 ι
3620 2314 3758 2383 ὅπερ
3787 2313 3849 2365 οὐ
3879 2311 3973 2380 βέ-

2388 2409 2539 2461 ϐαιον
2587 2410 2667 2471 εἰς
2702 2409 2803 2478 τὴν
2855 2408 3153 2473 ἀπόδειξιν.
3208 2408 3274 2460 Τί
3322 2408 3451 2479 γὰρ,
3496 2410 3579 2461 ὅτι
3630 2407 3727 2460 τοῦ
3777 2408 3981 2476 χρόνου

2385 2498 2534 2567 λέγει
2565 2498 2664 2569 τὴν
2708 2498 2863 2563 τάξιν
2904 2499 3027 2552 καῦ*
3065 2500 3132 2568 ἢν
3172 2498 3322 2568 αὖτῷ
3360 2499 3552 2567 γέγονε
3591 2498 3654 2551 τὺ
3686 2500 3977 2564 ναυάγιον,

2383 2591 2457 2653 ὡς
2490 2591 2803 2661 ἀρχομένης
2840 2592 3037 2655 νυκτὸς
3068 2593 3331 2662 ῥαγείσης
3363 2591 3512 2662 αὐτῷ
3544 2593 3643 2660 τῆς
3669 2591 3826 2652 νεὼς,
3856 2583 3976 2643 εἶτα

2384 2684 2755 2736 διατελέσαντι
2775 2684 2869 2735 καὶ
2898 2684 2997 2754 τὴν
3026 2684 3113 2737 ἐπ’
3139 2685 3276 2753 αὐτῇ
3304 2684 3604 2753 γενομένην
3634 2683 3734 2753 τὴν
3760 2680 3978 2752 ἡμέραν

2386 2778 2443 2828 ὲν
2477 2776 2556 2846 τῷ
2590 2775 2771 2845 βυοιῖ›;
2824 2772 2955 2829 Εἶτα
2986 2776 3321 2846 προψέρουσι
3358 2775 3460 2827 τῶν
3500 2774 3705 2845 ἑορτῶν
3731 2773 3819 2827 τὸν
3848 2791 3981 2826 και-

2388 2868 2505 2937 ρὸν,
2536 2868 2631 2920 καὶ
2661 2868 2745 2921 ὅτι
2782 2868 2925 2920 κατὰ
2958 2867 3050 2919 τὸν
3078 2866 3423 2935 τῆςγυκτδς
3461 2867 3489 2919 6
3524 2866 3730 2937 Κύριος
3772 2865 3973 2934 ἀνέστη

2386 2960 2597 3029 καιρὸν,
2645 2958 2721 3022 ὡς
2765 2960 2825 3012 ὲν
2862 2960 2998 3035 αὖτῇ
3039 2962 3106 3029 τῇ
3159 2960 3261 3030 μιᾷ
3304 2958 3489 3029 ἡμέρα
3534 2958 3634 3029 τὴν
3674 2957 3980 3010 ἀνάστασιν

2386 3051 2787 3121 ἐργαζόμενος·
2830 3052 2978 3112 ὅπως
3018 3051 3076 3102 έν
3116 3044 3265 3123 ᾗπερ
3312 3049 3382 3102 τά
3420 3048 3614 3120 πρῶτα
3654 3040 3979 3116 γεγένηται,
4034 3112 4037 3113 ν

2387 3147 2482 3199 καὶ
2520 3149 2553 3218 ή
2584 3145 2694 3198 τῶν
2738 3144 2958 3198 πάντων
2995 3144 3278 3208 άνάκτισις
3308 3144 3560 3215 γένηται.
3596 3142 3762 3197 Ὂοεν
3806 3140 3882 3205 ὡς
3915 3141 3981 3192 ὲν

2384 3239 2463 3309 τῷ
2488 3240 2666 3310 σκότῳ
2701 3239 2923 3293 πάντων
2953 3240 3290 3307 γεγονότων.
3323 3234 3445 3292 εἶτα
3483 3237 3581 3291 τοῦ
3629 3237 3805 3306 φωτὸς
3848 3236 3976 3288 ἐπι-

2383 3334 2446 3386 λα
2459 3334 2779 3404 μὸάνοντος,
2812 3333 3109 3405 ἐργάζεται
3149 3332 3249 3402 μὲν
3282 3332 3339 3383 ὲν
3386 3330 3464 3401 τῷ
3510 3330 3686 3398 σκότῳ
3718 3328 3819 3395 τὴν
3849 3326 3975 3379 ἀνά·

2382 3444 2592 3491 στάσιν,
2619 3426 2861 3479 δείκνυσι
2899 3426 2955 3477 δὲ
3002 3424 3173 3493 αὐτὴν
3203 3424 3304 3493 τῆς
3334 3423 3547 3492 ἡμέρας
3581 3418 3915 3485 tractio-qu
3930 3436 3972 3479 ς.

3571 3515 3869 3574 Proferunt
3920 3519 3976 3565 et

683 3601 949 3657 festorum
1004 3617 1248 3674 tempora
1281 3650 1292 3671 ,
1326 3616 1386 3661 ut
1430 3610 1512 3662 vel
1568 3610 1695 3664 inde
1734 3627 1848 3665 sua:
1905 3612 2153 3682 opinioni
2190 3615 2430 3683 aliquam
2471 3612 2629 3666 fidem
2684 3612 2999 3667 concilient.
3061 3610 3166 3666 Sed
3236 3626 3335 3664 nec
3384 3611 3465 3664 sic
3530 3622 3723 3661 eorum
3782 3604 3985 3675 opinio.

679 3697 828 3751 vires
850 3700 1108 3770 acquirit,
1166 3712 1225 3754 ut
1295 3717 1461 3773 supra
1522 3703 1800 3759 dedimus.
1837 3706 1901 3759 Et
1945 3715 2003 3760 ut
2055 3722 2274 3760 omnem
2316 3714 2569 3760 moveant
2598 3706 2857 3776 lapidem,
2900 3720 3076 3775 neque
3107 3704 3410 3775 quidquam
3486 3704 3817 3756 intentatum
3887 3713 3977 3753 re-

678 3789 956 3860 linquant,
988 3806 1203 3864 tempus
1249 3797 1683 3851 resurrectionis
1717 3798 2069 3869 depromunt.
2101 3798 2237 3855 Nam
2278 3815 2401 3854 cum
2443 3801 2495 3854 in
2535 3815 2644 3855 una
2672 3799 2976 3871 eademque
3007 3798 3328 3860 die,verum
3354 3806 3541 3858 noctu,
3585 3793 3975 3854 resurrexerit.

679 3884 917 3941 alfnsum
952 3905 1076 3943 esse
1105 3890 1170 3944 ad
1207 3891 1439 3961 primam
1464 3907 1648 3948 rerum
1688 3897 2048 3961 creationem,
2078 3897 2169 3951 ubi
2205 3914 2270 3952 ex
2314 3897 2561 3953 tenebris
2622 3898 2837 3953 scilicet
2899 3893 3279 3951 coruscaverit
3324 3893 3440 3956 lus,
3492 3907 3600 3945 non
3685 3905 3850 3945 secus
3915 3899 3978 3944 ut

679 3986 952 4052 processit
1010 3987 1266 4044 Christus
1326 4005 1389 4043 ex
1448 3992 1704 4060 sepulcro
1755 3994 1808 4047 in
1841 3993 1976 4063 ipsis
2011 3995 2254 4053 tenebris
2296 4010 2591 4068 resurgens
2623 3994 2804 4050 noctis
2869 4002 2923 4049 et
2958 4008 3145 4049 rerum
3235 3991 3481 4045 onmium
3575 3980 3976 4059 reparationem

679 4093 735 4135 et
768 4086 1231 4141 restaurationem
1269 4086 1559 4147 inducens.
1593 4091 1786 4161 Igitur,
1819 4094 1980 4162 quasi
2012 4108 2207 4149 omnes
2254 4095 2309 4149 in
2366 4092 2615 4149 tenebris
2679 4098 2996 4166 versentur,
3063 4094 3233 4146 noctu
3287 4100 3575 4156 resurgere
3617 4084 3809 4140 voluit.
3871 4080 3981 4138 lte-

679 4178 1081 4234 surrcrtionem
1153 4198 1283 4237 vero
1347 4200 1504 4240 suam
1536 4194 1727 4241 exorta
1756 4188 1879 4241 luce
1904 4187 2188 4243 evidenter
2216 4189 2289 4244 ob
2312 4187 2501 4244 oculos
2546 4187 2750 4258 posuit.

750 4274 920 4330 Vens.
953 4274 1006 4330 6.
1065 4274 1130 4328 Et
1184 4277 1321 4330 dixit
1379 4278 1562 4335 Deus:
1614 4277 1739 4333 Fiat
1784 4280 2186 4348 ﬁrmamentum
2220 4283 2275 4335 in

681 4368 854 4423 medio
880 4386 1167 4439 aquarum.
1210 4380 1259 4424 et
1296 4371 1464 4440 faciat
1491 4373 1900 4427 distinctionem
1932 4374 2071 4428 inter
2105 4390 2274 4444 aquas

679 4474 729 4515 ct
766 4480 956 4533 aquas.
995 4462 1230 4529 Quidam
1282 4465 1500 4520 inficias
1536 4475 1695 4531 eunt,
1748 4466 1839 4519 hic
1881 4466 2114 4521 secundi
2146 4467 2277 4522 εαξΙί

681 4556 1097 4623 κυημιειεὶοιιειη
1137 4556 1384 4628 depingi.
1422 4557 1755 4613 Existimant
1784 4567 2114 4629 praesentem
2148 4574 2275 4612 ver-

682 4645 879 4699 borum
930 4646 1133 4698 seriem
1186 4661 1313 4700 esse
1375 4648 1786 4701 hrcviusculam
1829 4648 1981 4708 coeli,
2035 4648 2104 4702 de
2163 4661 2275 4717 quo

681 4752 876 4805 supra,
932 4737 1348 4804 repetitionem.
1383 4738 1511 4792 llrec
1542 4747 1598 4793 et
1633 4739 1763 4792 talia
1800 4739 2016 4807 garrire
2044 4738 2273 4803 audent,

680 4828 813 4882 licet
863 4828 1153 4898 Scriptura
1212 4831 1381 4895 huius
1437 4832 1666 4887 secundi
1717 4833 1843 4887 ρωιί
1879 4832 2028 4885 aliud
2074 4847 2273 4885 nomen

678 4922 959 4989 aliamque
1009 4924 1304 4978 utilitatem
1373 4934 1653 4994 apportet.
1719 4924 1783 4978 Et
1833 4925 2064 4994 quidem
2121 4923 2277 4978 Scri-

678 5026 842 5082 pttzra
881 5030 1041 5069 sacra
1088 5017 1324 5071 multum
1369 5020 1548 5072 utitur
1583 5018 2030 5087 repetitionibus,
2064 5032 2277 5086 easque

680 5106 1005 5177 frequentes
1050 5109 1235 5177 habet,
1274 5112 1494 5166 interim
1543 5119 1728 5166 tamen
1762 5122 1919 5165 caret
1959 5111 2277 5165 contrarie-

680 5201 915 5255 tatilms.
952 5199 1159 5256 Nullibi
1210 5205 1359 5258 enim
1403 5206 1509 5259 sibi
1546 5221 1652 5258 non
1682 5213 1923 5259 constat.
1971 5203 2279 5272 Repetitio-

681 5310 780 5348 nrs
813 5294 1118 5365 Scriptum
1148 5311 1324 5351 sacrm
1374 5297 1681 5350 dilucidam
1717 5311 1940 5366 semper
1966 5295 2279 5366 expositio-

680 5403 807 5442 nem
836 5380 889 5441 et
922 5389 1263 5443 omissormn
1306 5391 1756 5461 supplementum
1813 5390 2117 5445 advehunt.
2162 5389 2281 5444 (ia:-

681 5491 861 5534 terum
892 5497 999 5553 qua
1030 5484 1245 5537 ratione
1280 5499 1389 5537 non
1433 5493 1675 5553 enterget
1702 5483 2102 5544 contrarietas,
2147 5497 2277 5536 cum

679 5570 970 5627 videamus
1020 5574 1259 5642 primum
1314 5575 1515 5630 etrlum
1595 5590 1721 5629 esse
1779 5584 2167 5628 constructum
2220 5575 2276 5627 in

683 5661 967 5732 principio
1015 5679 1121 5717 una
1175 5681 1302 5717 eum
1354 5676 1524 5725 terra,
1573 5675 1627 5719 et
1680 5665 1844 5719 simul
1882 5680 2008 5717 cum
2041 5663 2279 5734 hisqme

796 5834 898 5888 "ll
934 5835 1063 5891 Cor.
1103 5853 1175 5899 λι,
1209 5837 1296 5889 :3.

2465 4281 2575 4336 Καὶ
2603 4276 2775 4335 εἶπεν
2807 4282 2843 4335 ὁ
2893 4280 3039 4345 Θεός
3062 4295 3077 4310 ’
3129 4276 3452 4343 Γενηθήτω
3481 4274 3789 4342 στερέωμα
3814 4313 3829 4336 ,
3879 4266 3983 4324 καὶ

2383 4378 2543 4429 ἔστω
2580 4371 2932 4441 διαχωρίζον
2987 4372 3106 4426 ἀνὰ
3151 4370 3344 4438 μέσον
3395 4369 3501 4423 τοῦ
3532 4369 3771 4433 ὕδατος.
3820 4368 3982 4429 Τινές

2385 4483 2519 4534 φασι
2545 4466 2622 4537 μὴ
2646 4465 2905 4534 δευτέρου
2943 4463 3161 4531 γένεσιν
3187 4461 3421 4532 οὐρανοῦ
3450 4461 3656 4529 ταύτην
3687 4460 3979 4528 ὑπάρχειν,

2383 4557 2723 4628 ἐπεξήγησιν
2746 4556 2802 4609 δὲ
2833 4550 2975 4609 εἶναι
3018 4554 3128 4607 τῶν
3170 4554 3455 4623 συντόμως
3503 4549 3817 4622 εἰρημένων
3851 4552 3983 4620 περὶ

2380 4650 2476 4704 τοῦ
2505 4648 2817 4718 φθάσαντος
2837 4664 2851 4678 ·
2881 4648 3063 4700 καίτοι
3099 4645 3197 4698 καὶ
3227 4645 3399 4713 ὄνομα
3441 4643 3632 4713 ἕτερον
3668 4642 3762 4695 καὶ
3791 4642 3983 4712 χρείαν

2380 4741 2699 4805 ἰδιάζουσαν
2742 4741 2776 4810 ἠ
2831 4739 3023 4807 Γραφὴ
3073 4736 3170 4790 τοῦ
3200 4736 3459 4805 δευτέρου
3520 4733 3827 4805 παρέδωκε.
3868 4733 3982 4785 Καὶ

2379 4834 2557 4896 ἄλλως
2582 4834 2640 4886 αἱ
2676 4832 2774 4901 τῆς
2810 4830 3040 4901 Γραφῆς
3079 4827 3455 4897 ὲπαναλήψεις
3508 4826 3608 4880 οὐκ
3661 4826 3985 4881 ἐναντίωσιν

2379 4926 2621 4995 ἔχουσιν,
2644 4924 2782 4978 ἀλλὰ
2816 4923 2977 4993 μόνον
3008 4922 3314 4990 σαφήνειαν
3347 4919 3444 4972 καὶ
3490 4918 3603 4971 τῶν
3632 4918 3985 4985 παρειμένων

2379 5020 2481 5089 τὴν
2503 5017 2921 5086 ἀναπλήρωσιν.
2958 5013 3082 5077 Πῶς
3114 5013 3171 5067 δὲ
3202 5014 3302 5065 οὐκ
3338 5012 3608 5075 ἐναντίον,
3634 5011 3680 5061 εἰ
3707 5011 3734 5061 6
3758 5010 3858 5079 μὲν
3888 5008 3985 5076 γέ-

2379 5121 2537 5173 γονεν
2572 5107 2628 5156 ὲν
2669 5105 2814 5174 άρχῇ
2864 5102 3002 5172 μετά
3054 5101 3159 5171 γῆς
3210 5102 3303 5155 καὶ
3351 5098 3462 5153 τῶν
3487 5099 3821 5170 άμςοοτέροις
3854 5115 3985 5151 suv-

2388 5196 2768 5267 υπαρξάντων,
2823 5195 2901 5258 ὡς
2958 5194 3128 5264 μηδὲν
3165 5194 3269 5264 πρὸ
3304 5191 3472 5245 αὑτοῦ
3520 5192 3826 5260 γεγονέναι,
3862 5194 3890 5244 6
3926 5191 3987 5244 δὲ

2387 5291 2579 5358 γέγονε
2605 5291 2748 5343 κατά
2772 5290 2871 5359 τὴν
2895 5288 3159 5359 δευτέραν
3186 5287 3400 5357 ἡμέραν
3436 5287 3495 5339 ἐν
3533 5285 3687 5356 μέσῳ
3711 5285 3823 5337 τῶν
3852 5284 3984 5338 ὑδά-

2386 5404 2495 5440 των
2522 5387 2665 5457 ἔχων
2694 5385 2793 5456 τὴν
2824 5385 3088 5439 σύστασιν
3114 5400 3129 5448 ;
3155 5385 3233 5448 ὡς
3265 5383 3425 5455 δῆλον
3446 5384 3529 5436 ὅτι
3570 5381 3987 5453 προγεγονότων

2389 5474 2467 5533 ὧν
2496 5483 2554 5533 ὲν
2584 5478 2736 5549 μέσῳ
2764 5478 3127 5547 καθέστηκεν.
3165 5478 3281 5530 Οὐκ
3318 5476 3385 5531 ἂν
3422 5478 3477 5530 δέ
3508 5495 3592 5540 τις
3619 5476 3763 5528 εἴποι
3793 5492 3988 5546 περιτ-

2387 5573 2485 5642 τὴν
2518 5566 2657 5624 εἶναι
2706 5571 2898 5624 τούτου
2944 5572 3044 5641 τὴν
3098 5568 3338 5638 γένεσιν.
3394 5569 3567 5624 Τοῦτο
3601 5569 3731 5639 μὲν,
3762 5570 3842 5621 ὅτι
3876 5568 3987 5621 τῶν

2391 5666 2599 5718 ὑδάτων
2639 5664 2699 5716 οὔ
2736 5662 2941 5733 μικράν
2984 5678 3105 5714 τινα
3171 5664 3365 5733 μοῖραν
3409 5662 3550 5731 ὑπὲρ
3598 5662 3768 5714 νώτου
3798 5661 3987 5714 λαϐὼν
