4246 6454
723 397 792 456 ’11
2041 393 2391 456 PROCOPII
2424 390 2664 457 GAZH‘ZI
3928 396 3998 460 7?

729 516 848 563 erat
888 507 966 560 vel
1021 507 1291 559 ammuius
1354 504 1436 560 vel
1475 504 1781 574 pulchrius.
1835 504 2016 569 Quare
2068 508 2206 561 hoc?
2238 509 2310 562 Ut
2340 520 2382 572 Α

2413 527 2570 578 χετοο
2634 509 2726 560 καὶ
2758 509 2789 579 ἠ
2827 508 2963 578 αὑτὴ
3017 508 3245 576 δύναμις
3295 509 3352 560 τὸ
3383 507 3439 561 ὃν
3494 510 3571 573 εἰς
3597 509 3785 562 οὐσίαν
3827 527 3999 580 μετα.

732 601 1012 655 discamus
1072 598 1307 666 primum
1363 597 1562 650 emtum
1599 611 1706 647 non
1750 611 1845 664 per
1871 611 1930 650 se
1972 597 2308 664 substitisse,

730 691 826 746 sed
857 705 920 744 ex
965 688 1137 741 nihilo
1161 695 1537 740 constructum
1590 701 1733 752 esse,
1765 695 1824 740 ut
1864 697 1916 740 et
1957 691 2257 742 secundum
2295 710 2307 744 :

729 797 892 851 quam
923 781 994 833 ob
1025 793 1248 830 causam
1278 779 1400 845 ejus
1453 778 1784 832 creationem
1829 780 1994 847 priori
2045 781 2311 833 creationi

731 873 983 939 subjecit.
1013 869 1170 922 Nulla
1196 869 1339 921 enim
1366 866 1527 919 datur
1568 868 1877 921 diﬂereutia
1911 871 1962 922 in
1992 870 2195 938 Opilice
2222 873 2313 924 illo

731 962 988 1014 mirabili.
1015 961 1138 1013 Pari
1169 959 1328 1010 modo
1359 967 1414 1011 et
1446 959 1620 1026 prima
1652 966 1705 1010 et
1735 959 1975 1011 secunda
2003 959 2150 1014 facit.
2174 962 2311 1014 ilinc

730 1053 856 1106 caeli
895 1067 1090 1105 nomen
1125 1061 1176 1104 et
1209 1049 1337 1102 huic
1375 1050 1605 1102 inditum
1641 1059 1745 1113 est,
1780 1051 1895 1103 sive
1933 1052 2170 1119 primum
2203 1067 2316 1105 ete-

731 1145 842 1197 lum
872 1159 935 1197 ex
983 1143 1228 1210 subjecta
1285 1142 1538 1204 materia,
1597 1151 1650 1194 et
1683 1144 1983 1195 secundum
2034 1159 2096 1196 ex
2140 1145 2315 1197 nihilo

731 1236 1022 1288 formatum
1060 1234 1156 1287 sit.
1206 1231 1416 1298 qulam
1461 1233 1564 1284 ista
1607 1233 1907 1300 important
1947 1233 2312 1287 dillerentiam

733 1333 965 1378 naturze.
987 1323 1119 1378 Nam
1155 1323 1462 1378 similitudo
1490 1322 1646 1376 ﬁdem
1674 1325 1894 1392 praebet,
1919 1341 2018 1378 nec
2051 1341 2157 1378 nun
2196 1325 2310 1392 ipsa

730 1415 974 1482 potentia
1014 1412 1220 1472 divina,
1257 1427 1379 1480 qua:
1411 1411 1693 1464 materiam
1733 1413 1786 1464 in
1847 1413 2008 1464 aliam
2052 1415 2311 1468 subsun-

730 1503 862 1554 tiam
895 1515 991 1569 pro
1019 1516 1120 1554 suo
1149 1501 1378 1553 arbitrio
1413 1498 1683 1567 digerere,
1716 1500 1824 1569 20
1855 1509 1908 1553 et
1940 1499 2194 1568 cllingerc
2225 1496 2315 1569 po-

731 1602 859 1654 test,
890 1602 943 1646 et
982 1608 1046 1645 ex
1086 1593 1256 1645 nihilo
1297 1591 1642 1644 substantias
1687 1606 1879 1645 creare
1917 1594 2079 1644 valet.
2124 1593 2314 1660 Siqui.

2424 599 2711 663 σκευάζειν
2740 600 2830 652 καὶ
2878 599 2936 663 ἐξ
2971 601 3069 650 οὑκ
3103 600 3272 650 ὄντων
3304 600 3497 668 ἑτέραν
3524 604 3701 650 ποιεῖν
3725 615 3739 632 ο
3771 600 4000 671 κάκείνη

2420 689 2526 758 γάρ
2546 692 2767 756 γέγονεν
2785 690 2842 755 ἐξ
2861 690 2959 742 οὑκ
2991 688 3140 750 ὄντος
3159 688 3419 742 τοιούτου.
3443 690 3515 740 T0
3540 689 3616 752 δὲ,
3630 709 3648 740 ι
3687 689 3798 741 Καὶ
3817 690 4003 759 ὶποίη-

2424 795 2515 831 σεν
2545 783 2571 832 ὁ
2604 780 2760 845 Θεὸς,
2794 801 2811 830 ›
2845 783 2923 843 εἰς
2954 781 3193 848 ἔμφασιν
3227 782 3443 849 εἴρηται
3464 782 3557 834 τοῦ
3585 782 3658 852 μὴ
3709 781 3868 834 ἄλλον
3902 784 4002 849 μὲν

2421 865 2557 923 εἶναι
2587 871 2676 922 τὸν
2706 870 3101 942 προστάξαντα.
3125 871 3284 924 ἄλλον
3305 862 3362 925 δὲ
3386 872 3478 923 τὸν
3499 874 3831 939 ποιήσαντα.
3860 874 3923 924 Ol
3945 872 4002 924 δὲ

2417 958 2655 1022 πλείους,
2675 959 2750 1021 ὡς
2767 961 3001 1028 εἴρηται,
3027 960 3125 1010 οὐκ
3147 961 3226 1021 εἰς
3244 959 3592 1014 διδασκαλίαν
3607 959 3838 1028 λογικῶν
3853 960 4003 1013 δυνά·

2421 1063 2566 1113 μεων
2584 1048 2660 1107 τὸ,
2686 1065 2704 1096 ι
2737 1043 2901 1099 Εἶπεν
2931 1049 2958 1098 ὁ
2985 1046 3175 1110 Θεὸ;,›
3205 1048 3390 1115 φασιν,
3410 1046 3524 1099 ἀλλ’
3554 1050 3635 1110 είς
3660 1049 4001 1116 παράστασιν

2417 1137 2509 1188 τοῦ
2535 1137 2890 1204 Μονογενοῦς·
2917 1137 3212 1206 τοιγαροῦν
3228 1138 3328 1190 οὑκ
3350 1138 3564 1206 εἴρηται
3585 1135 3667 1202 τὸ,
3686 1135 4004 1203 Ἐγένετοτὺ

2421 1225 2728 1295 στερέωμα,
2756 1228 2944 1289 ἀλλὰ,‹
2967 1227 3076 1280 Καὶ
3107 1227 3362 1296 ἐποίησεν
3382 1229 3409 1279 ὁ
3427 1227 3558 1289 Θεὸς
3574 1227 3634 1279 τὸ
3657 1227 3963 1297 στερέωμα
3979 1244 3998 1277 ι

2420 1319 2512 1369 καὶ
2541 1316 2721 1381 πάλιν,
2749 1337 2766 1368 ι
2793 1317 3118 1388 Διεχώρισεν
3157 1320 3186 1371 ὁ
3211 1317 3340 1382 Θεὸς
3361 1335 3374 1348 ⁸
3403 1337 3422 1369 ι
3454 1318 3515 1371 τὸ
3541 1318 3641 1386 μὲν
3661 1314 3776 1382 οὖν,
3803 1319 4002 1387 «ιἐνηο

2419 1407 2567 1477 θήτω
2612 1408 2672 1460 τὸ
2728 1409 3050 1477 στερέωμα,
3085 1427 3104 1460 ι
3142 1409 3295 1479 φωνὴ
3345 1408 3444 1476 τῆς
3523 1409 4004 1478 προκατιρκτικῆς

2420 1501 2597 1560 αἰτίας
2619 1515 2632 1528 ·
2667 1500 2729 1552 τὸ
2749 1499 2855 1563 δὲ,ι
2881 1500 3135 1569 Ἐποίησε
3148 1501 3210 1554 τὸ
3233 1501 3572 1570 στερέωμα.»
3595 1498 3693 1568 τῆς
3713 1497 4004 1570 ποιητικῆς

2421 1592 2512 1643 καὶ
2542 1592 2636 1658 τῆς
2671 1591 3072 1662 δημιουργικῆς
3105 1592 3383 1662 μαρτυρία
3416 1591 3717 1661 δυνάμεως.

733 1687 852 1740 dem
889 1697 942 1740 et
968 1687 1060 1738 illa
1093 1686 1312 1738 condita
1342 1695 1443 1747 est,
1485 1700 1606 1738 cum
1693 1686 1847 1754 prius
1888 1687 2013 1740 talis
2068 1701 2192 1739 'non
2227 1685 2387 1740 foret.
2429 1684 2584 1749 Quod
2605 1686 2793 1755 inquit
2825 1703 2837 1737 :
2876 1704 2893 1736 ι
2932 1685 3072 1740 Deus
3124 1685 3267 1748 fecit,
3313 1705 3331 1737 ι
3367 1688 3681 1742 memineris
3731 1700 3854 1740 cum
3882 1698 4004 1740 em-

732 1779 890 1847 phasi
954 1793 1077 1831 esse
1140 1777 1544 1845 accipiendum,
1585 1762 1845 1829 videlicet
1895 1776 2117 1846 ne‘quis
2165 1785 2316 1846 putet
2352 1774 2520 1830 alium
2583 1791 2704 1831 esse
2763 1778 2856 1846 qui
2887 1767 3101 1846 jubcat,
3132 1787 3186 1834 et
3217 1780 3382 1833 alium
3415 1781 3506 1849 qui
3557 1780 3742 1834 faciat.
3775 1777 3999 1838 Plurimi

720 1881 882 1936 ’sunt,
915 1872 1007 1939 qui
1039 1872 1225 1924 volunt
1259 1888 1272 1922 ι
1311 1889 1327 1918 ι
1353 1868 1494 1922 Dixit
1529 1869 1702 1932 Deus,
1749 1889 1765 1919 ι
1802 1886 1908 1923 non
1941 1871 2324 1941 porrigendum
2366 1885 2452 1935 eo,
2491 1879 2549 1926 ut
2578 1873 2864 1927 credamus
2890 1871 3074 1927 ‘Deum
3108 1889 3205 1942 per
3234 1875 3334 1929 ista
3371 1875 3535 1929 verba
3602 1875 3842 1930 voluisse
3900 1889 4004 1928 ano

731 1966 935 2037 gelicas
967 1965 1200 2017 virtutes
1226 1962 1423 2016 docere
1452 1979 1464 2013 :
1504 1962 1597 2015 sed
1629 1963 1888 2015 statuisse
1916 1962 2315 2016 iisdem'verbis
2356 1962 2514 2016 nobis
2547 1962 2836 2017 ostendere
2866 1961 3063 2016 Filium
3105 1979 3267 2019 suum
3309 1964 3674 2034 unigenitum.
3743 1965 3851 2033 Qui
3921 1973 3975 2024 ﬁt

732 2065 876 2136 quod
903 2079 1013 2117 non
1038 2059 1260 2129 scripsit
1292 2058 1503 2114 Moses:
1534 2057 1757 2112 Factum
1779 2067 1860 2112 est
1887 2058 2316 2121 firmamentum,
2359 2056 2450 2111 sed
2496 2059 2722 2126 potius:

977 2175 994 2206 ι
1035 2153 1290 2208 Distiuxit
1317 2149 1481 2215 Deus,
1526 2171 1544 2202 ι
1576 2161 1682 2206 etc.
1716 2150 1874 2216 Quod
1899 2151 2075 2220 inquit
2103 2166 2115 2200 :
2149 2169 2164 2200 ι
2196 2148 2317 2203 Fiat
2357 2149 2780 2210 ﬁrmamentum,
2815 2169 2831 2200 ι
2862 2160 2990 2215 ete.,
3023 2165 3124 2204 vox
3151 2161 3234 2204 est
3263 2151 3448 2220 prima
3507 2165 3689 2206 causae
3747 2153 3997 2217 initialis,

733 2169 878 2212 terea
919 2173 932 2207 :

2821 2075 2839 2107 ι
2886 2056 3040 2112 Fecit
3093 2057 3236 2113 Deus
3319 2057 3744 2114 (irritamentum.
3785 2077 3804 2112 ι
3853 2061 4004 2117 Prae-

731 2248 886 2315 Quod
913 2251 986 2301 ait
1017 2265 1027 2301 :
1067 2265 1082 2297 ι
1121 2245 1272 2301 Fecit
1315 2245 1739 2307 ﬁrmamentum,
1771 2264 1789 2296 ι
1826 2255 1958 2307 etc.,
1995 2243 2234 2298 creantis
2260 2254 2312 2296 et
2351 2241 2639 2297 eﬂicientis
2680 2257 2862 2297 causae
2901 2245 3275 2298 testimonium
3306 2252 3410 2298 est.

803 2338 1232 2393 Firmamentum
1295 2336 1710 2390 distinctionem
1763 2350 2032 2404 aquarum
2079 2333 2302 2387 invexit.
2348 2341 2385 2396 η

2488 2335 2559 2387 Τὸ
2605 2335 2650 2387 δ’
2695 2329 2789 2388 οὖν
2824 2337 3111 2406 στερέωμα
3161 2333 3478 2404 διεχώριζεν
3527 2335 3629 2388 άνά
3679 2337 3845 2406 μέσον
3898 2336 3992 2390 τοῦ

730 2429 864 2486 Nam
894 2445 1046 2498 aquue
1076 2427 1362 2482 inundatio
1390 2436 1512 2480 erat
1545 2427 1779 2488 inlinita,
1821 2438 1872 2480 et
1907 2426 2208 2493 superabat
2231 2439 2316 2479 re-

732 2521 1028 2590 liquorum,
1085 2519 1130 2572 si
1166 2519 1521 2583 contulisses,
1578 2519 1974 2572 elementorum
2011 2516 2321 2584 proportio-

733 2629 876 2666 nem.
941 2610 1081 2665 llinc
1130 2626 1238 2665 non
1275 2611 1552 2664 immerito
1588 2610 1784 2678 abyssi
1841 2623 2038 2661 nomen
2093 2606 2317 2660 invenit.

730 2702 863 2754 Cum
892 2701 1019 2755 huic
1045 2701 1303 2754 universo
1328 2716 1464 2768 opus
1490 2708 1636 2754 esset
1661 2702 1934 2753 elemento
1961 2699 2150 2766 ignito.
2176 2697 2320 2766 quod

733 2793 1015 2849 resisteret
1063 2807 1236 2861 aqua},
1272 2793 1618 2860 alterumque
1647 2792 1978 2845 elementum
2007 2792 2058 2844 iu
2089 2791 2318 2843 alterum

731 2885 1121 2942 resolveretur.
1172 2899 1238 2935 nc
1263 2883 1594 2936 elementum
1656 2885 1798 2949 ignis
1848 2881 2125 2936 elIicacius
2148 2892 2199 2936 et
2227 2897 2321 2951 po»

731 2976 938 3029 tenlius
991 2973 1238 3041 reliquis,
1289 2973 1532 3042 aquatile
1580 2973 1913 3026 elementum
1944 2979 2317 3030 consumeret.

730 3075 785 3120 et
821 3066 1062 3118 universi
1096 3062 1461 3117 destructioni
1497 3063 1848 3116 occasionem
1882 3061 2169 3130 praeberet,
2197 3076 2321 3128 pru-

735 3156 888 3211 vidus
930 3153 1073 3209 Deus
1106 3165 1310 3206 tantam
1349 3167 1503 3220 aqua:
1555 3153 1661 3204 vim
1697 3153 2001 3215 Substituit,
2039 3167 2159 3220 qum
2191 3165 2319 3218 pos-

732 3257 838 3306 set.
867 3262 1097 3299 manens
1131 3248 1274 3298 intra
1311 3243 1665 3313 praescriptos
1717 3242 1882 3310 hujus
1913 3257 2158 3309 Operoszc
2203 3255 2320 3293 ma-

732 3349 913 3394 cn‘tnaa
940 3339 1163 3396 limites,
1205 3337 1366 3389 reniti
1393 3337 1666 3388 elemento
1697 3335 1861 3403 ignis.
1901 3349 1967 3387 ne
2003 3335 2224 3404 penitus
2252 3333 2320 3386 ab

735 3432 854 3499 ipso
893 3427 1296 3481 absumeretur.
1331 3426 1500 3479 Isaias
1529 3426 1708 3492 inquit
1737 3442 1750 3476 :
1790 3443 1807 3474 ι
1843 3425 2111 3477 Futurum
2147 3433 2230 3478 est
2261 3432 2319 3476 ut

733 3517 916 3571 omnia
952 3517 1349 3568 comburantur
1408 3515 1532 3582 igne
1583 3512 1652 3568 ⁸⁸.
1707 3531 1725 3573 ι
1763 3511 1828 3564 Ει
1876 3514 2111 3566 iterum:
2158 3532 2175 3562 ι
2213 3511 2318 3578 Qui

732 3607 868 3661 dicit
909 3608 1127 3676 abysso,
1167 3604 1220 3657 In
1255 3606 1608 3659 solitudinem
1651 3604 1914 3672 redigcris
1949 3604 2016 3656 ".
2061 3623 2078 3653 ι
2113 3604 2174 3655 Et
2215 3605 2318 3658 ite-

734 3715 854 3752 rum
895 3715 909 3750 :
941 3717 958 3746 ε
993 3696 1186 3749 Omnia
1220 3696 1442 3749 lluniina
1494 3702 1584 3746 tua
1615 3693 1839 3748 siccabo
1887 3695 1952 3746 ⁵⁷.
1991 3710 2008 3742 ι
2043 3692 2311 3747 Caeterum
2343 3681 2385 3740 C

729 3806 896 3858 quam
929 3790 999 3842 ob
1028 3803 1250 3842 causam
1287 3803 1314 3840 a
1349 3787 1457 3840 Deo
1481 3786 1723 3839 admissa
1750 3786 1822 3838 sit
1861 3795 2007 3837 tanta
2045 3800 2313 3854 aquarum

729 3882 912 3950 capia,
960 3881 1097 3934 satis
1146 3879 1305 3931 modo
1356 3876 1781 3929 declaravimus.
1835 3874 2092 3929 Nascitur
2132 3885 2312 3930 tamen

728 3974 982 4042 quaestio,
1018 3980 1194 4039 quare
1223 3983 1490 4036 aquarum
1519 3967 1785 4020 medietas
1808 3981 1973 4034 supra
2006 3966 2314 4021 ﬁrmamen-

722 4072 845 4116 tum
881 4069 1145 4115 convecta
1183 4059 1274 4112 sit.
1307 4056 1505 4110 Verum
1535 4057 1650 4112 haec
1679 4057 1900 4111 dabitur
1927 4071 2093 4110 causa
2124 4073 2137 4107 :
2173 4056 2314 4112 Dens

729 4155 937 4213 lucem,
1001 4152 1194 4210 solem,
1258 4150 1444 4201 lunam
1486 4156 1768 4215 astraque,
1801 4161 2034 4215 quorum
2068 4148 2312 4201 omnium

727 4240 1044 4298 substantia
1075 4239 1245 4307 ignita
1270 4246 1378 4299 est,
1416 4238 1694 4306 disposuit
1732 4237 1798 4291 ad
1834 4253 1957 4291 eum
1988 4236 2232 4302 modum,
2258 4249 2316 4294 ut

723 4341 935 4387 motum
966 4345 1125 4384 suum
1154 4330 1208 4381 in
1237 4330 1582 4381 [irritamento
1607 4338 1949 4398 peragerent.
1988 4327 2055 4384 At
2086 4330 2227 4398 ignis
2249 4345 2312 4384 ea

727 4435 923 4478 natura
956 4429 1062 4482 est,
1121 4429 1180 4473 ut
1212 4420 1502 4488 congelata
1527 4427 1581 4473 et
1615 4435 1681 4473 ex
1716 4419 1873 4487 aquis
1922 4430 2178 4474 concreta
2212 4436 2312 4489 po-

726 4520 906 4567 tenter
932 4511 1166 4579 dissipct
1197 4518 1250 4563 et
1280 4510 1569 4563 dissolvat.
1625 4507 1700 4562 Ne
1755 4509 1922 4578 igitur
1964 4509 2017 4562 id
2070 4511 2312 4563 eveniret

719 4607 866 4662 forte
891 4607 1051 4669 emlo,
1089 4602 1409 4658 necessario
1432 4611 1641 4656 tantam
1675 4618 1943 4670 aquarum
1979 4603 2309 4658 alliuentiam

721 4703 782 4756 in
806 4702 1090 4770 superiore
1116 4698 1342 4768 regione
1369 4698 1676 4762 collocavit,
1696 4713 1817 4767 quae
1848 4697 2047 4750 cazlum
2080 4697 2310 4751 illzesum

722 4802 778 4848 et
815 4793 1134 4847 inviolatum
1169 4792 1239 4844 ab
1287 4790 1431 4859 ignis
1461 4789 1660 4844 ardore
1694 4798 2076 4844 conservaret.
2107 4787 2309 4842 Verum

723 4885 780 4938 in
803 4885 948 4937 hunc
965 4883 1187 4936 modum
1211 4881 1415 4950 placuit
1441 4883 1550 4936 Deo
1578 4881 1719 4936 tueri
1742 4882 1942 4936 celum
1967 4897 2307 4950 supremum,

721 4977 849 5032 licet
878 4976 992 5030 sola
1019 4974 1141 5043 ejus
1165 4975 1422 5027 voluntas
1453 4975 1500 5026 ei
1527 4973 1760 5028 salutem
1791 4981 1845 5028 et
1877 4974 2304 5028 incolumitatem

718 5077 987 5138 praestare
1026 5069 1317 5136 potuisset.
1350 5066 1634 5136 Siquidem
1668 5074 1722 5120 et
1757 5074 1946 5120 nostra
1968 5081 2200 5137 corpora
2225 5066 2306 5120 in-

714 5168 873 5228 tegra
910 5173 1128 5213 servare
1158 5159 1423 5214 valuisset
1452 5160 1659 5228 absque
1697 5158 1973 5211 alimentis
2008 5177 2022 5212 :
2055 5168 2108 5212 et
2141 5159 2215 5211 ita
2241 5173 2302 5212 ea

713 5248 1002 5312 ordinare,
1029 5256 1088 5301 ut
1121 5249 1258 5302 citra
1291 5248 1677 5303 necessitatem
1708 5249 2093 5300 alimentorum
2127 5247 2182 5300 in
2205 5261 2301 5300 sua

717 5341 1033 5410 integritate
1064 5349 1466 5409 permanerent.
1511 5338 1682 5406 quue
1714 5339 2012 5400 evenisset,
2056 5339 2102 5392 si
2137 5337 2302 5391 modo

716 5435 972 5486 voluntas
998 5431 1118 5500 ejus
1142 5431 1220 5486 rei
1252 5431 1546 5485 eﬂiciendae
1573 5429 1858 5484 adfuisset.
1895 5430 2089 5484 Verum
2129 5429 2180 5482 in
2221 5428 2301 5480 fu-

721 5532 846 5575 turo
878 5522 1078 5576 saeculo
1105 5521 1156 5576 id
1179 5521 1482 5590 continget.
1507 5521 1675 5589 Aqua:
1698 5535 1862 5589 supra
1895 5518 2300 5574 ﬁrmamentum

712 5612 948 5676 collatae,
974 5627 1084 5666 non
1138 5612 1316 5668 solum
1355 5613 1517 5682 primi
1569 5612 1693 5666 cali
1741 5611 2177 5666 incolumitatem
2209 5621 2298 5665 tu-

2424 2423 2613 2487 ὖδατος
2643 2426 2738 2476 καὶ
2773 2425 2865 2478 τοῦ
2907 2425 3124 2487 ὓδατος·
3151 2425 3380 2494 άπειρος
3411 2425 3520 2494 γάρ
3547 2421 3614 2497 ἦν
3647 2426 3755 2479 τῶν
3787 2425 3997 2481 ὑδάτων

2420 2519 2666 2588 ήχύσις,
2715 2519 2790 2582 ὡς
2849 2519 2948 2590 τὴν
2996 2519 3106 2571 τῶν
3150 2519 3324 2573 ἄλλων
3373 2521 3658 2589 στοιχείων
3705 2520 3998 2586 ἀναλογίαν

2421 2608 2728 2660 ἑκὸαίνειψ
2787 2607 2909 2662 ὅθεν
2964 2609 3056 2662 καὶ
3082 2609 3362 2672 ,ἄϐυσσος
3393 2610 3643 2679 είρ.,ται·
3692 2609 3997 2676 ἀναγκαίας

2420 2700 2528 2769 γάρ
2549 2699 2714 2770 οὑσης
2748 2700 2824 2769 τῷ
2847 2701 3013 2752 παντὶ
3041 2702 3141 2769 τῆς
3173 2698 3267 2750 τοῦ
3298 2700 3470 2769 πυρὸς
3501 2700 3687 2762 οὐσίας
3725 2703 3818 2752 καὶ
3843 2703 3998 2754 ὲνανο

2416 2792 2540 2853 τίας
2563 2791 2640 2860 τῷ
2675 2793 2849 2853 ὕδατι,
2875 2794 2950 2855 ὠς
2981 2793 3256 2860 φθαρτικά
3286 2792 3576 2860 τυγχάνειν
3607 2792 3874 2861 ἀλλήλων,
3905 2793 3995 2846 ἵνα,

2425 2879 2497 2946 μὴ
2529 2879 2965 2949 δραστικώτερον
2996 2881 3242 2950 ὑπάρχον
3290 2880 3351 2931 τδ
3398 2879 3505 2948 πῦρ
3552 2875 3866 2948 ἐξαναλώση
3895 2877 3996 2946 τὴν

2421 2969 2514 3021 τοῦ
2546 2970 2736 3032 ὓδατος
2764 2971 2947 3039 φύσιν,
2982 2971 3076 3023 καὶ
3118 2973 3182 3040 τῇ
3231 2969 3324 3022 τοῦ
3365 2971 3566 3032 παντὸς
3606 2968 3851 3022 διαλύσει
3885 2984 3997 3022 παο

2429 3063 2607 3133 ράσχῃ
2660 3063 2756 3132 τὴν
2805 3064 3059 3132 ἀφορμὴν
3090 3105 3103 3126 ,
3155 3063 3402 3132 προνοῶν
3449 3065 3476 3114 ὁ
3530 3061 3682 3124 Θεὸς,
3728 3060 3998 3130 τοσαύτην

2421 3155 2592 3223 ὑγροῦ
2623 3155 2786 3223 φύσιν
2813 3154 3143 3222 ὑπέστησε-ι,
3174 3151 3320 3204 ὥστε
3368 3151 3531 3221 μέχρι
3575 3150 3684 3202 τῶν
3718 3151 3996 3217 τεταγμέ-

2420 3267 2528 3300 νων
2569 3247 2713 3314 ὃρων
2743 3247 2842 3316 τῆς
2875 3245 2970 3298 τοῦ
3019 3245 3225 3313 κόσμου
3271 3228 3585 3304 συστάσεως
3623 3244 3767 3294 κατὰ
3800 3241 4000 3312 μικρὸν

2413 3340 2482 3408 ’τῇ
2544 3337 2772 3408 δυνάμει
2827 3335 2919 3389 τοῦ
2979 3337 3149 3406 πυρὸς
3219 3337 3464 3404 ἀντέχειν
3537 3336 3992 3404 ἀναλισκόμενα-δ.

2421 3429 2614 3481 Ἔσται
2676 3429 2862 3497 μέντοι
2921 3428 3018 3479 καὶ
3047 3429 3134 3479 ὅτε
3181 3430 3248 3480 τά
3280 3428 3457 3480 πάντα
3500 3427 3996 3495 καταφρυγήσεται

2415 3519 2494 3588 τῷ
2527 3521 2658 3591 πυρὶ
2695 3561 2709 3584 ,
2744 3519 2820 3582 ὦς
2870 3537 3034 3589 φησιν
3060 3521 3286 3582 Ἡσαΐας
3307 3533 3318 3544 ·
3345 3538 3364 3570 ι
3385 3521 3444 3571 '0
3466 3519 3638 3586 λέγων
3668 3518 3994 3589 τῇάσύσσῳ,

2429 3611 2795 3680 Ἐρημωθήσῃ
2817 3653 2828 3670 ,
2866 3611 2959 3662 καὶ
2998 3612 3205 3673 πάντας
3228 3611 3353 3673 τοὺς
3389 3609 3668 3678 ποταμούς
3702 3627 3794 3662 σου
3824 3609 3996 3680 ξηρα-

2419 3699 2494 3750 νῶ
2519 3718 2532 3730 ο
2576 3719 2594 3751 ι
2625 3699 2713 3752 διὰ
2746 3700 2905 3752 τοῦτο
2939 3703 3035 3770 μὲν
3061 3696 3153 3754 οὖν
3180 3700 3384 3768 πλῇοος
3412 3701 3522 3753 τῶν
3549 3700 3777 3755 ὑδάτων.
3804 3702 3904 3752 Διά
3939 3701 3995 3753 τί

2414 3792 2590 3845 δὲκαὶ
2625 3793 2763 3863 ὑπὲρ
2792 3793 2854 3845 τὸ
2901 3794 3189 3864 στερέωμα
3224 3794 3397 3862 ἥμισυ
3441 3793 3535 3846 τοῦ
3565 3793 3754 3855 ὓδατος
3792 3793 3992 3846 ἀναϐέο

2416 3881 2620 3954 ϐλτετος
2668 3884 2859 3954 ἐπειδὴ
2890 3884 2990 3954 τὴν
3022 3885 3114 3937 τοῦ
3151 3886 3325 3951 φωτὸς
3360 3885 3546 3937 οὐσίαν
3579 3885 3677 3953 τὴν
3709 3882 3801 3935 τοῦ
3839 3884 3992 3953 ἡλίου

2417 3973 2557 4041 φημὶ
2590 3974 2682 4024 καὶ
2710 3973 2942 4041 σελήνης
2968 3974 3062 4025 καὶ
3088 3974 3303 4040 άστρων
3332 3971 3552 4041 πυρώδη
3582 3988 3640 4022 τε
3669 3971 3758 4023 καὶ
3792 3969 3995 4038 πολλὴν

2415 4061 2582 4117 οὖσαν
2631 4066 2726 4116 ἐπὶ
2777 4064 2872 4116 τοῦ
2925 4063 3304 4134 στερεώματος
3357 4064 3541 4115 ἔταττε
3582 4062 3850 4114 ποιεῖσθαι
3893 4061 3993 4131 τὴν

2415 4155 2655 4224 κίνησιν.
2713 4158 2881 4219 Φύσις
2937 4158 2993 4210 δὲ
3041 4157 3115 4225 τῷ
3165 4158 3299 4226 πυρὶ
3331 4157 3427 4226 τὴν
3475 4155 3861 4226 κρυσταλλώδη
3897 4155 3992 4206 καὶ

2414 4245 2471 4310 ἑξ
2507 4245 2715 4298 ὑδάτων
2761 4249 3078 4316 πεπηγυῖαν
3127 4247 3339 4308 οὐσίαν,
3399 4247 3562 4314 οἵπερ
3620 4247 3833 4314 ἐστὶνή
3892 4244 3990 4296 τοῦ

2418 4337 2801 4407 στερεώματος
2861 4337 3097 4407 χαυνοῦν
3150 4355 3209 4390 τε
3246 4340 3340 4390 καὶ
3384 4337 3652 4390 διαλύειν·
3687 4337 3762 4396 ὡς
3808 4337 3874 4389 ἂν
3914 4335 3989 4405 μὴ

2413 4429 2575 4483 τοῦτο
2613 4430 2826 4497 γένοιτο
2868 4431 2996 4500 περὶ
3033 4431 3122 4481 τὸν
3172 4428 3422 4496 οὐρανὸν,
3477 4427 3790 4494 ἀναγκαίως
3841 4429 3991 4496 αὑτῷ

2412 4521 2684 4592 τοσαύτην
2719 4519 3083 4591 ὑπερκεῖσθαι
3133 4519 3227 4572 τοῦ
3263 4519 3454 4581 ὕδατος
3497 4519 3765 4587 πεποίηκε
3803 4519 3987 4593 φύσιν,

2390 4614 2510 4681 ,ὅση
2549 4611 2841 4674 διασώζειν
2897 4612 3152 4681 άκαίριον
3205 4611 3475 4679 ἤμελλεν·
3507 4609 3651 4661 οὕτω
3705 4609 3798 4662 τοῦ
3849 4608 3988 4662 Θεοῦ

2415 4703 2710 4772 φυλάττειν
2741 4703 2905 4756 αὑτὸν
2933 4703 3349 4769 εὑδοκήσαντος,
3370 4703 3418 4752 εἰ
3443 4703 3536 4753 καί
3562 4702 3696 4769 μόνη
3735 4698 3987 4769 βουλήσει

2409 4795 2570 4849 τοῦτο
2599 4795 2864 4864 πράττειν
2899 4791 3419 4862 ἡδύνατομαθάτερ
3453 4793 3544 4844 τδν
3576 4792 3793 4862 πρῶτον
3820 4793 3988 4861 ούρα-

2411 4885 2520 4940 νόν.
2562 4887 2716 4938 Ἐπεὶ
2770 4887 2864 4938 καὶ
2921 4886 3019 4954 τὴν
3074 4887 3349 4954 ἡμετέραν
3408 4884 3585 4952 σάρκα
3633 4885 3726 4937 καὶ
3780 4886 3988 4954 τροτῆς

2411 4977 2579 5046 χωρὶς
2621 4976 2909 5040 διασώζειν
2945 4976 3177 5043 ἠδύνατο
3207 4978 3303 5028 καὶ
3339 4975 3521 5045 μένειν
3554 4976 3648 5027 ἐπὶ
3691 4974 3785 5027 τοῦ
3818 4975 3986 5028 αὑτοῦ

2413 5067 2860 5134 παρασκευάσαι,
2896 5065 2923 5118 ὃ
2951 5066 3014 5135 δὴ
3066 5068 3160 5119 καὶ
3193 5067 3286 5118 ἐπὶ
3326 5066 3422 5118 τοῦ
3452 5065 3737 5135 μέλλοντος
3791 5065 3988 5128 αἰῶνος

2411 5159 2733 5226 ἐργάσεται.
2771 5158 2852 5211 Τά
2882 5158 2935 5209 δὲ
2982 5158 3311 5227 ἐπικείμενα
3362 5156 3528 5209 ὓδατα
3574 5157 3635 5209 οὑ
3666 5157 3832 5225 μόνον
3863 5173 3990 5209 συν.

2407 5251 2570 5318 τηρεῖ
2598 5249 2689 5300 τὸν
2731 5249 2982 5317 οὐρανὸν,
3024 5248 3160 5301 ἀλλὰ
3210 5251 3304 5300 καὶ
3348 5248 3448 5319 τὴν
3478 5247 3654 5315 φλόγα
3696 5247 3787 5299 τοῦ
3833 5248 3985 5315 ἡλίου

2409 5342 2503 5394 καὶ
2536 5341 2766 5412 σελήνης
2819 5344 2971 5395 κάτω
3023 5342 3259 5410 πέμπει·
3292 5343 3340 5394 εί
3389 5341 3498 5410 γὰρ
3544 5335 3611 5411 ἦν
3652 5340 3917 5410 διαφανὴς
3959 5343 3990 5392 6

2407 5433 2658 5500 οὐρανὸς,
2698 5433 2795 5503 ὅλη
2854 5433 2968 5486 ἄνω
3014 5433 3234 5504 ἔτρεχεν
3291 5434 3324 5503 ἡ
3373 5435 3554 5503 αὐγή·
3616 5432 3677 5484 τὸ
3711 5433 3817 5501 γάρ
3875 5430 3987 5502 πῦρ

2410 5525 2690 5596 ἀνωφερὲς
2711 5542 2726 5556 ο
2751 5525 3044 5596 ὲπυκνώθη
3069 5526 3251 5578 τοίνυν
3288 5529 3400 5589 τοῖς
3432 5524 3640 5580 ἀνωθεν
3681 5524 3869 5578 ὕδασιν
3910 5525 3987 5588 ὡς

2409 5617 2623 5689 ἀντωθῇ
2658 5617 2756 5687 τὴν
2795 5618 2972 5687 αὐγὴν
3004 5619 3142 5689 πρὸς
3169 5618 3239 5672 τά
3261 5618 3414 5672 κάτω
3444 5621 3664 5689 χωρεῖν.

712 5713 923 5768 tantur,
956 5705 1050 5759 sed
1076 5713 1130 5760 et
1155 5705 1323 5759 aliam
1356 5705 1557 5760 habent
1581 5703 2051 5767 commoditatem,
2087 5705 2298 5759 scilicet
2337 5710 2486 5779 quod
2519 5711 2651 5768 solis
2694 5710 2949 5782 lunaque
2985 5710 3172 5766 radios
3217 5709 3476 5767 deorsum
3556 5707 3864 5780 impellunt,
3929 5713 3989 5761 ut

787 5817 834 5848 "
874 5814 980 5872 lsa.
1017 5832 1210 5887 xxxm,
1250 5816 1338 5871 12.
1414 5819 1459 5848 '*
1501 5817 1601 5872 lsa.
1644 5832 1753 5886 xu,
1789 5816 1872 5870 18.

1954 5818 1996 5850 ⁸⁷
2040 5815 2140 5872 lsa.
2186 5833 2297 5887 xix,
2339 5817 2391 5873 6.
