4286 6444
688 385 785 451 ’111
1995 371 2346 434 PliOCOPli

2275 371 2346 429 'li
2391 368 2634 433 GAZEI
3861 363 3967 434 712

690 507 941 547 caustum
971 490 1116 545 Patri
1155 497 1239 542 est
1271 488 1510 541 oblatus.
1568 479 1836 540 Prxterea
1877 496 1933 537 ut
1974 484 2228 550 pretium,
2263 492 2371 544 quo
2405 478 2650 529 omnium
2690 479 2796 529 vita
2831 473 3216 540 redimeretur,
3262 479 3502 545 seipsqu
3537 477 3736 531 obtulit
3772 475 3966 528 admo-

693 592 781 633 tus
803 593 909 631 ara:
945 588 1002 629 ut
1035 574 1349 628 Certissima
1375 573 1693 642 pr0pitiatio
1712 582 1762 623 et
1793 571 2035 637 expiatio
2052 574 2400 635 peet-nturuiu
2443 573 2776 616 ιιοδιωνυιη.
2811 562 3015 617 Simila:
3039 576 3144 616 non
3171 565 3391 616 additur
3413 565 3495 619 vel
3518 565 3695 617 oleum
3717 563 3796 617 vel
3815 563 3964 615 thus.

690 667 831 732 Quia
868 677 964 731 pro
989 668 1217 731 peccato
1255 659 1506 713 offertur.
1546 657 1838 711 Peccatum
1861 665 1968 707 aut:
1995 675 2042 705 in
2079 669 2253 719 neque
2287 652 2374 702 la-t

2287 651 2528 702 lit-titiam
2557 665 2734 718 neque
2769 651 2965 702 bonum
3002 651 3358 717 ﬂagrantiam
3395 666 3505 719 pra:
3531 665 3588 704 se
3619 649 3739 704 [οτι.
3778 649 3964 703 Simila

691 761 774 805 est
810 752 1057 810 materia,
1089 765 1151 801 ex
1187 762 1290 816 qua
1323 746 1481 815 panis
1513 758 1760 812 paratur.
1800 742 1936 796 Vita:
1969 757 2094 800 vero
2132 751 2296 808 typus
2321 746 2403 789 est
2436 739 2612 804 partis.
2655 739 2918 789 ilmlcruut
2957 753 3049 805 pcr
3078 739 3355 792 Christum
3393 740 3556 791 etiam
3589 746 3875 806 peccatum
3912 735 3964 786 in

693 841 936 892 ltetitiam
969 835 1221 899 vertitur,
1250 835 1340 888 ubi
1375 833 1470 885 illo
1491 833 1692 885 luerint
1723 832 1895 883 n0stri
1933 830 2100 881 animi
2137 826 2370 880 liberati.
2405 824 2536 877 Nam
2572 827 2831 878 sacculos
2857 827 3028 878 vulatn
3055 828 3286 894 itnplcns
3318 826 3523 890 simila,
3554 840 3672 879 eam
3703 825 3969 891 inspergit

691 923 1050 982 holocaustis.
1078 921 1272 974 iterum
1305 930 1512 987 partem
1533 932 1626 986 per
1651 927 1828 968 totum
1849 914 2240 967 corroborans.
2269 910 2566 964 Rcsttluum
2592 913 2857 964 sacerdoti
2886 914 3138 974 traditur,
3167 921 3221 964 ut
3248 913 3371 965 inde
3389 913 3587 974 alatur,
3609 911 3772 966 siculi
3797 911 3967 961 etiam

689 1010 896 1077 expetit
931 1022 1131 1060 munus
1165 1006 1380 1057 similae.
1439 1004 1557 1056 Illic
1595 1004 1940 1055 sacerdotem
1989 1001 2312 1068 participem
2345 1015 2452 1051 arae
2482 999 2654 1051 reddit
2682 1017 2694 1063 ;
2732 1001 2818 1051 hic
2859 1002 3024 1052 illicit
3051 1014 3109 1054 ut
3143 1001 3399 1055 Sacerdos
3433 1001 3676 1069 peccanti
3705 997 3966 1050 auxilium

692 1094 850 1157 ierat,
884 1111 948 1148 ne
984 1094 1192 1164 peccati
1225 1095 1482 1143 contactu
1519 1089 1736 1155 penitus
1774 1095 1979 1156 pereat.
2005 1086 2115 1139 Hoc
2147 1097 2329 1139 autem
2366 1087 2496 1140 illud
2524 1095 2628 1150 est,
2655 1089 2798 1154 quod
2837 1087 3038 1141 Paulus
3077 1087 3118 1118 "
3156 1097 3314 1142 vocat
3348 1090 3537 1142 datum
3573 1097 3626 1141 et
3659 1094 3966 1153 acceptum.

759 1220 877 1280 Qua
940 1216 1153 1270 ratione
1185 1215 1362 1268 aliinis
1403 1222 1488 1267 est
1545 1229 1739 1282 πωπω,
1793 1212 1887 1281 qui
1950 1211 2158 1278 juravit
2213 1226 2270 1262 se
2305 1219 2344 1270 Α
2446 1215 2451 1264 l

2305 1219 2344 1270 Α
2446 1211 2567 1274 Πῶς
2599 1213 2655 1266 δὲ
2689 1213 2993 1276 ὑπεύθυνος
3049 1218 3142 1268 καὶ
3190 1218 3217 1268 ὁ
3261 1216 3582 1268 κακοποιεῖν
3620 1213 3845 1282 ὀμόσας.
3876 1215 3967 1264 καὶ

691 1309 1137 1368 maleiacturum,
1192 1318 1244 1359 et
1300 1306 1505 1359 oblivio
1565 1306 1837 1372 obrepeus
1884 1305 1951 1355 ab
2000 1302 2273 1355 maleﬁcio

687 1416 812 1454 cum
854 1397 1174 1452 submovit?
1226 1394 1343 1449 Non
1405 1397 1492 1448 hic
1545 1396 1824 1464 plectitur,
1873 1394 2017 1461 quod
2062 1394 2270 1446 nullum

687 1489 876 1542 scelus
912 1486 1216 1557 patravcrit
1256 1504 1267 1538 :
1315 1484 1410 1538 sed
1443 1483 1677 1536 crimine
1720 1492 1958 1542 tenetur,
1993 1483 2136 1549 quod
2194 1489 2274 1533 te-

689 1594 836 1631 mere
864 1577 1153 1646 juraverit.
1184 1576 1320 1627 Cum
1353 1586 1536 1626 autem
1589 1574 1753 1626 homo
1807 1573 2150 1641 compositus
2203 1573 2272 1624 sit

689 1688 754 1725 cit
787 1687 952 1724 carne
981 1678 1036 1723 et
1081 1669 1301 1737 spiritu,
1341 1677 1594 1720 neutrum
1643 1666 1933 1718 nominare
1986 1665 2271 1719 sustinuit.

689 1764 957 1818 Neutrum
1002 1761 1274 1830 siquidem
1331 1774 1558 1828 peccare
1590 1758 1749 1811 solet.
1787 1775 1804 1806 ι
1858 1757 1990 1808 Nam
2037 1756 2274 1824 spiritus

690 1856 1060 1923 eoitcupiscit,
1095 1869 1216 1921 qua:
1270 1861 1399 1905 sunt
1442 1850 1722 1902 contraria
1774 1848 1951 1910 carni,
2005 1849 2274 1914 habetque

689 1948 791 2000 hos
823 1945 1060 2005 fructus,
1103 1943 1388 2014 gaudium,
1428 1940 1777 2003 rharitatem,
1805 1953 1990 2003 pacem
2021 1938 2089 1999 '”,
2116 1956 2132 1984 ι
2161 1945 2269 1989 etc.

693 2038 897 2105 Suapte
930 2042 1126 2086 natura
1187 2033 1420 2101 Spiritus
1452 2030 1590 2083 bona
1642 2037 1905 2082 censetur
1954 2028 2140 2080 arbor.
2207 2031 2274 2078 At

689 2146 838 2193 caro,
870 2144 990 2197 qua:
1021 2125 1370 2195 concupiscit
1403 2123 1674 2177 adversus
1723 2121 2006 2188 spiritum,
2039 2119 2144 2189 legi
2182 2119 2270 2173 Dei

691 2236 797 2272 non
831 2217 1150 2286 subjicitur,
1191 2229 1365 2282 neque
1396 2215 1543 2266 enim
1574 2219 1775 2279 potest.
1805 2215 1938 2262 tum
1981 2211 2149 2279 igitur
2182 2225 2274 2261 ca-

691 2328 753 2366 ro
787 2312 999 2365 nesciat
1036 2323 1215 2376 neque
1247 2305 1424 2375 possit
1464 2303 1624 2359 subdi
1655 2301 1783 2368 Deo,
1816 2317 1937 2371 qua:
1970 2303 2108 2353 ratio
2143 2317 2273 2354 con-

688 2406 835 2457 cedit
865 2406 1036 2470 ipsam
1085 2397 1354 2468 peccare?
1400 2394 1636 2449 Proinde
1689 2396 1908 2462 proprie
1941 2395 2272 2461 praedicatur

687 2496 755 2548 de
795 2495 1020 2547 anima:
1057 2509 1074 2542 ι
1109 2493 1306 2543 Anima
1338 2503 1461 2557 qua:
1513 2486 1845 2556 peccaverit,
1902 2485 2018 2552 ipsa
2065 2486 2268 2539 morie-

2379 1303 2550 1371 λήθην
2603 1303 2816 1367 λαϐὡν;
2852 1305 2961 1371 Οὐχ
3011 1305 3096 1356 ὃτι
3148 1306 3223 1373 μὴ
3272 1304 3694 1372 ἐκακοποίησεν,
3728 1303 3841 1353 ἀλλ’
3886 1305 3969 1353 ὅτι

2378 1393 2582 1462 ὤμοσε.
2619 1392 2725 1444 Τοῦ
2756 1394 2811 1446 δὲ
2848 1395 3105 1447 συνθέτου
3140 1394 3455 1462 ἀνθρώπου,
3502 1393 3626 1446 οὔτε
3654 1392 3716 1444 τδ
3751 1391 3966 1459 πνεῦμα

2377 1483 2551 1548 εἶπεν,
2618 1487 2741 1538 οὔτε
2793 1488 2892 1557 τὴν
2959 1488 3161 1557 σάρκα.
3214 1488 3509 1556 Οὐδέτερον
3566 1486 3679 1555 γάρ
3726 1485 3969 1551 πὲξυκεν

2379 1579 2732 1647 ἁμαρτάνειν.
2780 1598 2798 1630 ι
2828 1580 2900 1630 Τὸ
2944 1580 3043 1647 μὲν
3071 1581 3200 1649 γὰρ,
3238 1579 3499 1648 ἐπιθυμεῖ
3537 1577 3680 1629 κατά
3706 1575 3804 1644 τῆς
3837 1593 3962 1644 σαρ-

2377 1666 2491 1728 κὸς,
2532 1668 2774 1736 καρποὺς
2821 1667 2946 1736 ἔχον
2991 1670 3238 1735 ἀγάπην,
3277 1669 3472 1738 χαρὰν,
3522 1667 3767 1743 εἰρήνηῃ
3808 1684 3826 1716 ι
3873 1669 3970 1718 καὶ

2376 1758 2444 1809 τὰ
2498 1757 2644 1826 ἑξῆς.
2710 1759 2877 1810 Φύσει
2916 1759 3136 1828 δένδρον
3190 1760 3394 1826 ἀγαθὸν
3443 1759 3749 1827 τυγχάνον·
3793 1758 3825 1827 ἡ
3887 1757 3964 1817 δὲ,

2377 1849 2722 1919 ἐπιθυμοῦσα
2763 1852 2904 1903 κατὰ
2929 1852 3023 1904 τοῦ
3053 1853 3389 1921 Πνεύματος,
3420 1852 3499 1922 τῷ
3527 1851 3676 1920 νόμῳ
3709 1849 3802 1901 τοῦ
3830 1848 3967 1902 Θεοῦ

2376 1943 2472 2010 οὐχ
2513 1943 2906 1998 ὑποτάσσεται.
2947 1943 3084 1996 Οὐδὲ
3128 1944 3236 2014 γάρ
3283 1945 3528 2008 δύναται,
3594 1943 3824 2013 δύναμιν
3876 1939 3968 1995 οὖν

2375 2035 2476 2084 οὐκ
2506 2034 2705 2101 ἔχουσα
2740 2036 3023 2104 ὑποταγῆς
3057 2037 3192 2107 πρὸς
3216 2037 3312 2088 τὸν
3342 2036 3498 2102 Θεὸν,
3533 2036 3650 2098 πῶς
3681 2035 3746 2088 ἂν
3788 2037 3968 2104 ἀμάρ-

2375 2139 2490 2185 τοι;
2538 2124 2643 2194 ἰδίᾳ
2667 2123 2722 2175 δὲ
2755 2126 2888 2192 περὶ
2913 2125 3095 2193 ψυχῆς
3123 2125 3362 2195 εἴρηται,
3402 2143 3422 2176 ο
3447 2127 3611 2196 Ψυχὴ
3648 2127 3680 2195 ἡ
3714 2127 3969 2194 ἀμαρἾὶ·

2377 2231 2564 2275 νουσα,
2612 2214 2753 2282 αὑτὴ
2799 2215 3179 2279 ἀποθανεῖται,
3216 2235 3234 2266 ν
3287 2217 3348 2269 οὐ
3398 2217 3462 2269 τὸ
3514 2216 3757 2286 πνεῦμα.
3809 2217 3871 2270 El
3909 2217 3968 2270 δὲ

2383 2324 2398 2354 ι
2438 2306 2664 2359 δύναται
2699 2308 2796 2360 καὶ
2829 2308 3012 2378 ψυχὴν
3048 2310 3145 2361 καὶ
3199 2310 3360 2379 σῶμα
3413 2310 3546 2374 Θεὸς
3592 2311 3860 2364 ἀπολέσαι
3909 2311 3970 2362 ἐν

2375 2398 2588 2467 γεέννῃ,
2626 2416 2644 2449 ι
2694 2399 2793 2468 οὐχ
2831 2399 2908 2460 ὡς
2942 2401 3187 2468 πεφυκὸς
3223 2401 3544 2472 κατορθοῦν,
3585 2401 3702 2456 ἀλλ’
3734 2403 3862 2463 toto;
3892 2401 3968 2463 ὡς

2376 2491 2548 2541 αἴτιον
2597 2492 2663 2559 τῇ
2693 2489 2838 2560 ψυχῇ
2887 2492 3186 2561 ἁμαρτίας.
3226 2494 3428 2546 Σκόπει
3478 2493 3534 2546 δὲ
3565 2495 3660 2547 καὶ
3691 2494 3782 2546 τὸν
3816 2494 3970 2546 σπει-

689 2600 776 2640 tur
809 2589 875 2639 ’⁵.
918 2607 935 2637 ι
970 2583 1086 2637 Non
1131 2586 1272 2636 idem
1308 2582 1374 2635 de
1412 2580 1610 2648 spiritu
1663 2579 2078 2648 pronuntiatur.
2111 2578 2266 2643 Quod
2307 2562 2347 2615 Β
2378 2619 2381 2651 ,

2307 2562 2347 2615 Β
2378 2599 2540 2651 ροντα
2567 2583 2646 2644 εἷς
2681 2599 2739 2634 τε
2769 2583 2827 2634 τὸ
2866 2585 3086 2652 πνεῦμα
3117 2585 3211 2636 καὶ
3265 2587 3365 2654 τὴν
3408 2585 3620 2656 σάρκα*
3663 2586 3737 2647 ὡς
3771 2585 3801 2637 ὁ
3847 2584 3971 2653 μὲν..

691 2693 820 2732 vero
852 2679 990 2730 Deus
1029 2681 1209 2742 potest
1241 2677 1474 2724 animam
1501 2679 1555 2724 et
1594 2685 1797 2737 corpus
1827 2667 2057 2737 perdere
2093 2669 2148 2721 in
2181 2685 2273 2737 ge-

691 2774 870 2824 henna
903 2771 979 2834 ",
1022 2787 1040 2818 »
1101 2783 1208 2821 non
1258 2764 1712 2833 intelligendum,
1759 2762 1916 2830 quasi
1952 2776 2160 2829 corpus
2195 2763 2268 2814 sit

687 2871 878 2917 natum
939 2871 1128 2929 suapte
1202 2867 1397 2912 natura
1472 2856 1542 2910 ad
1606 2855 1830 2908 virtutis
1887 2867 2050 2921 opera
2111 2851 2274 2922 335

685 2955 941 3009 edenda:
979 2951 1075 3006 sed
1115 2947 1267 3019 quod
1316 2948 1388 3004 sit
1444 2961 1611 3000 causa
1666 2946 1886 3006 animae.
1931 2954 1989 2997 ut
2041 2951 2277 3011 peccato

685 3045 1142 3100 eommaculetur.
1163 3041 1434 3094 Caeterum
1457 3038 1580 3091 volo
1609 3046 1661 3090 te
1687 3033 2042 3088 considerare
2070 3043 2278 3087 utrum-

2379 2673 2524 2743 ζωὴν
2566 2664 2731 2743 μόνον
2769 2675 2986 2728 αἰώνιον
3013 2693 3025 2705 ο
3086 2679 3114 2729 ὁ
3160 2678 3237 2743 δὲ,
3275 2678 3481 2748 θερίζει
3516 2679 3747 2749 φθοράν.
3798 2679 3860 2730 Ei
3911 2677 3974 2729 δι

2375 2765 2460 2816 Et:
2473 2781 2564 2834 ρον
2603 2766 2664 2817 τὸ
2693 2769 2936 2836 σπεῖρον,
2967 2769 3061 2820 καὶ
3099 2771 3159 2821 τὸ
3189 2771 3419 2840 σπαρὲν,
3444 2772 3539 2823 καὶ
3572 2771 3636 2823 τὺ
3659 2773 3717 2822 ἐν
3739 2763 3782 2837 ᾧ
3817 2771 3972 2822 anei-

2385 2870 2542 2923 ρεται
2571 2893 2585 2916 ,
2620 2857 2836 2924 ἀνάγκη
2870 2856 3047 2928 ψυχὴν
3078 2854 3237 2920 εἶναι,
3267 2861 3373 2930 τὴν
3405 2864 3464 2915 ὲν
3519 2862 3766 2930 ἑκατέρῳ
3814 2861 3970 2913 ausi-

2384 2962 2611 3014 ρουσαν,
2635 2949 2766 3018 περὶ
2804 2943 2873 3020 ἧς
2906 2952 2932 3001 ὁ
2959 2952 3066 3013 πᾶς
3102 2951 3272 3018 ἁγὼν,
3310 2953 3396 3005 ἵνα
3418 2953 3590 3023 σωθῇ.
3632 2953 3797 3006 Ὅθεν
3833 2969 3974 3005 παν-

2381 3037 2574 3106 ταχοῦ,
2603 3037 2754 3109 ψυχὴ
2788 3040 2884 3093 ἐὰν
2912 3041 3159 3114 ἁμάρτῃ,
3196 3043 3439 3111 λέγεται.

685 3153 792 3208 que
846 3145 956 3189 tam
993 3133 1362 3188 seminantem
1425 3131 1479 3183 iu
1521 3129 1801 3198 spiritum,
1852 3141 2016 3195 quam
2068 3132 2342 3180 serentem
2373 3128 2426 3182 in
2460 3145 2726 3200 carnem;
2763 3151 2887 3188 nam
2933 3135 3020 3188 ille
3055 3136 3254 3189 .vitam
3305 3145 3592 3198 aeternam,
3661 3136 3750 3190 hic
3809 3145 3971 3188 aeter-

689 3245 818 3285 num
853 3228 1004 3282 metit
1036 3225 1344 3279 interitum.
1381 3223 1437 3276 Si
1467 3231 1651 3275 autem
1694 3220 1956 3276 differunt
1986 3217 2272 3276 seminans
2309 3232 2359 3274 et
2397 3238 2609 3291 semen,
2654 3235 2707 3280 et
2750 3227 2800 3281 id
2849 3229 2902 3281 in
2944 3244 3054 3298 quo
3087 3230 3310 3292 seritur,
3371 3229 3695 3284 necessario
3755 3229 3973 3283 videtur

686 3324 842 3392 sequi
879 3321 1117 3422 animiam
1157 3330 1441 3384 esse,qua
1483 3316 1537 3368 in
1569 3323 1868 3381 utrumque
1937 3327 2125 3366 semen
2197 3327 2441 3382 spargat.
2512 3317 2799 3387 Siquidem
2879 3335 3042 3374 omne
3095 3331 3371 3374 certamen
3436 3321 3605 3374 initur
3641 3320 3700 3372 in
3745 3320 3867 3385 hoc,
3912 3329 3972 3371 ut

699 3415 883 3468 anima
918 3403 1276 3466 na'itciscatur
1300 3409 1555 3463 salutem.
1581 3405 1927 3475 Quapropter
1966 3403 2213 3474 undique
2257 3416 2311 3458 et
2366 3409 2568 3478 ubique
2615 3413 2722 3467 dici
2806 3413 3057 3467 videmus
3128 3416 3180 3466 in
3235 3413 3521 3483 Scriptura
3559 3430 3572 3465 :
3623 3430 3644 3462 ι
3687 3412 3879 3465 Anima
3921 3413 3970 3465 si

692 3508 1024 3581 peccaverit.
1060 3526 1078 3557 ι

756 3647 813 3700 lu
852 3645 1128 3699 rationem
1155 3652 1340 3696 autem
1371 3639 1727 3708 delinquunt,
1756 3638 1866 3692 imo
1903 3637 2147 3693 maximo
2181 3648 2411 3708 peccato
2443 3655 2502 3694 se
2532 3641 2912 3712 obstringunt,
2949 3652 3226 3711 quotquot
3253 3642 3610 3696 manifestam
3646 3613 3975 3694 inﬁciantur

689 3736 1003 3797 veritatem,
1025 3730 1427 3796 Christumque
1459 3742 1564 3779 non
1599 3727 1934 3780 confitentur
1960 3739 2148 3778 coram
2189 3730 2606 3796 magistratibus
2633 3739 2686 3784 et
2711 3730 3051 3787 Cesaribus.
3083 3733 3354 3787 Czeterum
3405 3730 3734 3802 singulatim
3785 3727 3965 3796 expli-

687 3837 876 3875 cemus
919 3827 1390 3873 cummemoratas
1424 3815 1828 3868 immundities.
1869 3813 2276 3868 Universaliter
2316 3817 2496 3884 primo
2532 3819 2778 3874 dicitur:
2821 3839 2837 3870 ι
2884 3819 3218 3888 Quicunque
3264 3819 3701 3873 contrectaverit
3745 3831 3972 3871 omnem

688 3927 802 3963 rem
841 3910 1138 3978 impuram,
1181 3925 1198 3956 ι
1245 3916 1299 3959 et
1350 3903 1670 3974 quicunque.
1707 3909 1766 3955 ut
1815 3902 1978 3954 habet
2018 3899 2196 3954 versio
2237 3899 2654 3968 Tltcodotionis,
2682 3908 3038 3975 inquinaverit
3071 3925 3124 3961 se
3165 3907 3316 3962 verba
3341 3908 3572 3974 impuro,
3608 3915 3724 3970 aut,
3755 3912 3814 3958 ut
3847 3920 3970 3958 ver-

687 4003 750 4053 tit
785 3999 1004 4066 Aquila,
1039 3996 1129 4064 qui
1153 3995 1580 4060 conspurcaverit
1627 4006 1684 4043 se
1710 3990 1862 4043 verba
1894 3990 2076 4058 aliqua
2120 3989 2420 4059 inquinata.
2458 4004 2566 4049 etc.
2599 3994 2846 4049 Violatur
2887 4007 3147 4051 contactu
3185 3998 3450 4051 immundi
3507 3998 3661 4051 verbi
3704 3998 3786 4050 vel
3841 3994 3972 4048 facti

683 4089 776 4157 qui
813 4087 980 4138 alium
1012 4097 1178 4151 quam
1213 4079 1592 4134 De'rscctatur
1627 4093 1973 4132 sermonem.
2043 4094 2060 4126 ι
2097 4075 2331 4143 Eloquia
2367 4101 2375 4132 ι

2286 4080 2331 4132 ia
2367 4084 2513 4136 enim
2561 4085 3027 4155 Dominieloqnia
3069 4094 3198 4140 sunt
3228 4087 3456 4155 pura,"
3490 4106 3508 4137 ι
3551 4096 3658 4139 etc.
3726 4085 3794 4137 At
3853 4085 3970 4136 cln-

683 4176 834 4243 quia,
877 4187 999 4241 qua!
1031 4186 1141 4223 non
1175 4173 1509 4237 promanant
1531 4181 1597 4220 ex
1638 4166 1785 4218 fonte
1820 4164 2047 4218 Christo
2085 4172 2215 4218 sunt
2257 4165 2491 4236 impura.
2529 4171 2778 4227 Cadaver
2821 4174 2925 4228 hoc
2951 4176 3074 4227 loco
3099 4175 3308 4226 vocitat
3339 4173 3641 4237 hominem,
3680 4173 3772 4242 qui
3808 4173 3973 4241 plane

685 4275 940 4320 mortuus
974 4272 1056 4315 est
1097 4262 1142 4316 si
1172 4259 1382 4328 cogites
1410 4257 1656 4311 divinam
1682 4255 1955 4324 politiam.
1993 4257 2128 4308 Cum
2169 4255 2264 4306 tali
2291 4257 2458 4310 etiam
2486 4260 2668 4313 cibum
2712 4275 2912 4328 eapere
2950 4263 3330 4329 prohibemur.
3359 4263 3402 4312 Α
3435 4261 3628 4315 bestiis
3664 4247 3973 4315 faccratum

685 4356 958 4424 intcliige,
993 4350 1264 4421 quidquid
1303 4347 1661 4402 adversarius
1690 4353 1882 4399 noster
1912 4345 2192 4405 diabolus.
2218 4345 2310 4412 qui
2341 4343 2695 4399 existimatur
2747 4343 2908 4397 tortis
2940 4355 3191 4410 venator,
3227 4344 3500 4397 violenter
3523 4343 3753 4412 ceperit.
3783 4359 3800 4391 ι
3836 4341 3972 4394 Nam

683 4444 999 4499 obambulat
1034 4443 1212 4495 instar
1242 4439 1420 4494 leonis
1457 4437 1750 4506 rugientis,
1779 4444 1831 4489 et
1861 4435 2164 4504 qumrentis
2190 4450 2291 4487 nos
2331 4432 2606 4501 deglutire
2632 4431 2700 4484 ⁷⁷.
2738 4444 2757 4478 ι

757 4603 862 4658 Sed
903 4601 1030 4670 quia
1073 4596 1351 4651 interdum
1396 4593 1620 4660 accidit,
1655 4601 1714 4646 ut
1763 4593 1831 4645 ab
1862 4591 2008 4645 bono
2049 4599 2271 4659 pastore
2302 4597 2343 4653 ο

681 4700 794 4753 duo
832 4711 996 4749 crura
1033 4694 1110 4748 vel
1148 4691 1398 4746 auricula
1438 4689 1624 4758 aliqua
1655 4686 1990 4750 vindicetur,
2017 4701 2124 4738 non
2178 4683 2276 4738 abs

685 4808 745 4846 re
790 4791 1000 4844 dicitur
1052 4805 1065 4840 :
1116 4804 1134 4838 ι
1183 4784 1529 4838 lmmundum
1568 4797 1598 4835 a
1641 4781 1817 4836 bestia
1869 4780 2201 4833 laceratum.
2256 4795 2273 4827 ι

685 4884 820 4938 Nam
864 4897 970 4934 non
1010 4875 1380 4947 reputandum
1427 4885 1512 4930 est
1553 4889 1581 4927 a
1611 4872 1785 4928 bestia
1829 4882 2078 4940 captum,
2131 4869 2278 4940 quod

684 4976 853 5030 fuerit
883 4973 1232 5026 subtractum
1274 4979 1328 5022 et
1359 4974 1607 5036 ereptum
1637 4980 1732 5020 ore
1770 4964 1970 5018 leonis.

761 5176 1038 5231 Mortuum
1074 5187 1202 5228 vero
1235 5171 1427 5241 reptile
1451 5167 1596 5222 haud
1625 5164 1864 5222 absurde
1892 5162 2104 5218 dixeris
2135 5162 2280 5230 aspi-

686 5270 809 5324 dem
827 5269 1057 5336 ejusque
1077 5266 1308 5334 prolem.
1326 5262 1489 5332 Aspis
1518 5261 1818 5314 adventum
1839 5257 2047 5311 Christi
2090 5255 2269 5324 (juxta

687 5363 970 5434 pr0phctzc
1016 5360 1365 5428 vaticinium)
1417 5360 1488 5411 ita
1544 5363 1920 5414 mansuesccl,
1987 5359 2045 5402 ut
2098 5349 2278 5402 infans

688 5454 811 5508 sine
843 5450 1096 5521 periculo
1130 5463 1468 5502 accessurus
1501 5447 1574 5499 sit
1617 5445 1682 5495 ad
1715 5443 1836 5510 ejus
1867 5453 2190 5498 cavernam,
2219 5447 2272 5489 ct

687 5548 808 5602 sine
832 5547 1036 5600 damno
1065 5549 1424 5613 porrecturus
1456 5553 1677 5591 manum
1704 5534 1768 5587 ad
1799 5535 1987 5587 nidum
2018 5540 2274 5583 natorum

759 5749 804 5778 "
845 5749 862 5802 1
907 5749 1033 5800 Cor.
1073 5766 1163 5806 tv.
1230 5744 1307 5800 ll.
1418 5740 1462 5770 ⁷³
1491 5738 1667 5792 8³⁸81.
1714 5752 1765 5796 ν.
1822 5737 1907 5799 l7,
1950 5733 2040 5787 ‘32.

687 5819 729 5850 "
756 5818 775 5874 l
805 5816 948 5879 Petr.
986 5839 1033 5884 v,
1062 5822 1114 5875 8.
1193 5818 1235 5847 "
1272 5815 1406 5870 l’s-l.
1444 5825 1574 5874 Lm.
1615 5807 1664 5862 5-

2155 5730 2200 5762 '”
2247 5726 2447 5782 Ezech.
2505 5743 2682 5790 xvttt,
2741 5727 2796 5780 4.

2463 4591 2590 4643 Ἐπὶ
2629 4591 2738 4643 τῶν
2781 4587 3138 4659 θηριαλὼτων
3185 4588 3304 4640 ἐστί
3349 4604 3481 4640 ποτε
3526 4585 3743 4657 16,7381}
3775 4583 3972 4637 ἀλόντα

2380 4682 2490 4734 δύω
2525 4680 2754 4740 σκελῶν.
2790 4679 2821 4748 ἢ
2847 4677 3008 4731 λοϐοῦ
3030 4676 3217 4740 ὠτίου,
3248 4695 3265 4727 ι
3304 4675 3443 4728 Ὑπὸ
3467 4674 3563 4728 τοῦ
3589 4673 3754 4727 καλοῦ
3785 4676 3974 4744 ποιμε-

2382 4791 2472 4837 νος
2523 4771 2884 4841 ἀνιμηθῆναι.
2928 4789 2946 4820 ›
3001 4767 3102 4821 Διὰ
3145 4765 3303 4820 τοῦτο
3348 4766 3477 4829 ἴσως
3529 4768 3745 4837 εἴρηται
3803 4767 3884 4832 τὸ,
3937 4766 3970 4835 ἢ

2382 4861 2722 4932 θηριαλὼτου
2771 4860 3106 4929 ἀκαθάρτου.
3156 4857 3270 4911 Οὐκ
3320 4857 3402 4910 ἔτι
3465 4858 3577 4926 γὰρ
3635 4856 3973 4927 θηριάλωτον

2383 4957 2445 5009 τὸ
2476 4954 2580 5007 ὑπὸ
2625 4951 2720 5006 τοῦ
2762 4953 3018 5021 ποιμένος
3069 4949 3383 5004 ἑκσπασθὲν
3426 4950 3490 5002 ὲκ
3527 4950 3795 5020 στόματος
3831 4950 3976 5004 ὶὲον-

2383 5065 2492 5109 τος.
2831 5037 2834 5042 ’
3707 5061 3713 5066 '

2457 5157 2792 5224 θνησιμαῖον
2818 5154 2874 5208 δὶ
2897 5153 3128 5225 ἑρπετὸν
3157 5154 3373 5221 λέγοιτο
3396 5151 3462 5205 ἂν
3483 5150 3794 5220 ἀκάθαρτον
3823 5152 3977 5220 πᾶσα

2386 5249 2576 5310 ἀσπὶς,
2619 5247 2650 5316 ἢ
2693 5245 2894 5314 ἔκγονα
2942 5245 3168 5307 ἀσπίδος
3218 5244 3357 5313 μετά
3395 5245 3457 5296 τὸ
3507 5243 3865 5315 ήμερωθῆναι
3908 5247 3976 5311 τῇ

2386 5337 2660 5408 παρουσίᾳ
2693 5336 2930 5406 Χριστοῦ
2970 5334 3168 5398 οὕτως,
3223 5333 3362 5387 ὥστε
3407 5333 3619 5386 παιδίον
3658 5334 3853 5401 νήπιον
3881 5334 3976 5385 ἐπὶ

2383 5430 2638 5500 τρώγλην
2669 5430 2876 5492 αὐτῶν,
2925 5429 2957 5498 ἢ
2992 5429 3083 5480 ἐπὶ
3139 5428 3327 5497 κοίτην
3373 5418 3616 5494 ἐκγόνων
3653 5425 3836 5480 αὐτῶν
3876 5426 3980 5496 τὴν

2386 5526 2544 5592 χεῖρα
2587 5521 2889 5586 ὲπιόαλείν,
2942 5522 3171 5574 κάκεῖνα
3197 5519 3557 5590 ἡμερωθέντα
3600 5520 3677 5589 μὴ
3714 5520 3979 5589 λυμαίνε-

2909 5724 2954 5758 "
2993 5721 3187 5778 Matth.
3226 5738 3281 5790 κ,
3312 5721 3405 5776 28.
3512 5720 3556 5750 ⁷⁸
3596 5717 3745 5774 Psal.
3798 5735 3872 5783 ιι,
3925 5716 3978 5774 ἲ.
