4286 6444
297 435 406 500 ’113
1370 417 1900 482 COMMENTARII
1933 416 1989 474 Ι)

1856 418 1900 474 [ι
1933 416 2011 474 IN
2055 414 2490 473 Lsrtrtctm.
2673 495 2682 500 _
3447 405 3548 466 714

303 545 434 597 οοαι
473 543 533 594 τὸ
584 537 814 602 παιδίον,
858 535 1370 602 παλινδρομήσπντα
1415 531 1506 580 ex!
1533 529 1630 595 τὴν
1661 525 1881 581 κακῖσν,
1914 525 1995 580 At

1858 541 1881 581 ,ν
1914 525 1958 580 Α
1988 521 2126 587 ejus.
2171 517 2464 583 Serpentes
2498 514 2570 566 illi
2607 513 2851 575 t-icutati,
2889 527 2992 563 non
3030 512 3288 564 damnum
3328 512 3550 580 aliquod

301 637 397 687 καὶ
428 633 765 686 ἀποθανόντα
799 600 864 695 ἑῇ
894 600 1213 695 ήμερότήτι.
1987 613 1993 664 i

1987 608 2365 677 importabuut
2395 625 2408 657 :
2436 619 2534 657 nec
2552 605 2615 656 ad
2648 604 2935 673 pristinam
2955 611 3236 654 recurrent
3257 600 3550 658 feritatem.

839 683 864 695 Η
916 683 946 695 Π
1011 683 1020 694 ι
1127 683 1137 690 ’
1988 705 2080 758 sed
2109 703 2343 774 quivilae
2378 700 2504 752 finis
2537 700 2676 752 idem
2704 707 2756 751 ct
2791 696 3194 751 manSIIctIIdini
3229 695 3445 768 illorum
3484 699 3553 748 sit

1993 796 2229 849 futurus.

391 909 476 969 Ὠς
505 907 648 959 ἔστιν
688 904 929 974 ἅψασθαι
971 901 1188 970 κτηνῶν
1233 902 1324 952 καὶ
1359 898 1603 968 ἑρπετῶν
1635 894 1881 962 ἀκαοὰρ-
2061 908 2080 961 ι

1871 924 1881 933 ’
2061 907 2443 978 Itaquelicebit
2461 903 2747 974 aliquando
2771 909 3110 955 contrectare
3125 899 3331 967 replilia
3352 899 3563 967 impura

301 1017 417 1050 των
449 995 806 1064 θνησιμαὶων,
843 992 1014 1054 οὓτως
1040 991 1184 1043 ἔστιν
1208 990 1448 1058 ἅψασθαί
1480 1005 1609 1039 ποτε
1632 987 1726 1038 καὶ
1749 986 1883 1037 ἀκα-

1873 1013 1883 1022 ·
1997 1008 2051 1052 ct
2084 1009 2317 1052 mortua.
2340 998 2431 1050 Sic
2452 994 2748 1064 aliquando
2766 994 2998 1053 cveuict,
3026 1001 3076 1043 ut
3113 991 3238 1059 quis
3265 998 3565 1043 contrectet

306 1086 542 1151 Ozpaiaq
575 1083 887 1154 ἀνθρώπου,
912 1083 1040 1134 ὅταν
1066 1079 1207 1151 λάϐῃ
1238 1097 1322 1142 τις
1357 1079 1464 1131 ἀπὸ
1499 1076 1595 1129 τοῦ
1628 1077 1686 1128 ἐν
1715 1073 1884 1142 ἑτέρῳ

1869 1090 1884 1121 ’
2000 1087 2397 1140 immunditiem
2430 1083 2690 1143 hominis,
2716 1083 2928 1136 scilicet
2960 1081 3004 1135 si
3038 1083 3164 1149 quis
3200 1081 3508 1133 incestetur
3535 1097 3561 1131 :t

311 1174 615 1244 μολυσμοῦ·
1991 1177 2312 1246 pollutione,
2347 1190 2467 1244 qua:
2504 1173 2593 1226 alii
2631 1174 2789 1225 inest.
2819 1171 3016 1224 Verum
3058 1171 3146 1223 ubi
3184 1171 3408 1222 macula:
3462 1171 3566 1220 im-

1990 1267 2282 1336 puritatem
2300 1263 2633 1335 cognoverit,
2653 1260 2833 1314 oblato
2850 1257 3121 1312 sacrificio
3143 1272 3262 1311 eam
3283 1256 3565 1310 dissolvet.

390 1426 455 1478 Et
490 1424 777 1490 peccaverit
810 1422 1170 1490 imprudenter
1203 1423 1255 1474 in
1273 1423 1476 1474 sanctis
1504 1421 1738 1488 Domini,
1771 1432 1876 1479 etc.
1909 1425 1999 1496 [V,
2025 1426 2135 1497 17.]
2181 1425 2405 1479 Scilicet
2439 1425 2483 1478 si
2517 1424 2644 1494 quid
2667 1437 2730 1475 ex
2767 1424 2981 1475 illorum
3003 1435 3254 1485 numero,
3282 1436 3405 1489 qua:
3435 1435 3572 1474 con-

311 1525 534 1567 secrata
580 1511 784 1563 fuerint
813 1509 1046 1563 Domino
1093 1508 1412 1574 expilaverit
1441 1510 1725 1576 sacrilege,
1752 1519 1846 1564 aut
1875 1523 1991 1566 rota
2029 1529 2134 1566 non
2173 1514 2418 1566 solverit.
2455 1511 2635 1580 luqttit
2665 1510 2866 1563 ctenim
2900 1527 2912 1560 :
2948 1527 2965 1558 ‹
3004 1507 3126 1570 Fili,
3157 1509 3201 1561 si
3235 1507 3446 1560 voveris
3480 1522 3575 1557 vo-

313 1612 432 1653 tum
481 1597 736 1661 Domino,
775 1611 842 1649 ne
875 1597 1156 1649 cuncteris
1186 1594 1236 1646 id
1275 1594 1612 1662 persolvere.
1647 1594 1842 1650 Melius
1867 1609 1951 1651 est
1980 1613 2085 1652 non
2121 1613 2345 1659 vovere,
2380 1611 2543 1665 quam
2604 1596 2842 1657 vovisse,
2895 1605 2949 1648 et
3003 1601 3126 1647 vota
3187 1608 3298 1647 non
3364 1595 3576 1662 persol—

311 1686 546 1738 visse".
585 1701 601 1732 ι
631 1680 808 1733 Etiam
839 1679 1004 1732 David
1031 1677 1494 1742 canitthovete,
1534 1688 1587 1732 et
1622 1680 1834 1737 reddite
1867 1694 1988 1738 vota
2024 1685 2253 1738 Domino
2291 1684 2402 1738 Deo
2427 1693 2608 1738 vestro
2628 1683 2696 1735 '°.
2724 1700 2741 1732 ι
2777 1683 2846 1734 At
2878 1682 3045 1742 aries,
3074 1681 3165 1748 qui
3198 1681 3486 1734 emcbatur
3511 1681 3575 1731 ad

315 1769 678 1829 sacrificium,
705 1776 870 1838 typus
892 1775 976 1820 est
999 1767 1230 1821 Christi.
1262 1764 1419 1819 Hunc
1452 1764 1768 1821 Judzeorum
1830 1773 2107 1840 principes
2149 1771 2424 1839 proditum
2465 1777 2719 1823 emetunt
2753 1769 2976 1836 triginta
3014 1767 3309 1836 argenteis.
3343 1765 3442 1819 llic
3479 1782 3577 1818 nos

317 1857 560 1912 absolvit
591 1862 619 1908 a
659 1855 925 1925 peccatis,
966 1869 1086 1923 quze
1118 1854 1283 1906 etiam
1320 1853 1373 1905 in
1403 1852 1571 1907 Deum
1611 1857 2013 1911 commisimus.

398 1985 466 2039 Et
499 1984 750 2054 fefellerit
780 1981 1078 2049 depositum
1107 1980 1335 2046 proximi
1375 1981 1480 2042 sui,
1515 1991 1600 2035 etc
1665 1981 1777 2048 IVI.
1813 1961 1894 2055 2:]
1920 1984 2020 2039 Per
2054 1982 2333 2037 Christum
2372 1981 2640 2034 tolluntur
2674 1979 2894 2042 delicta,
2933 1982 3136 2050 quibus
3171 1981 3582 2049 injuriifuintus

321 2075 594 2130 fratribus
634 2071 863 2124 nostris.
901 2069 1002 2122 IIic
1033 2069 1177 2122 enim
1223 2067 1463 2136 perfecte
1497 2076 1551 2121 et
1592 2069 1846 2125 ειιιειιιιιιο
1890 2087 1990 2125 nos
2024 2068 2370 2130 emundavit,
2397 2068 2702 2122 secundum
2735 2078 2982 2121 tenorem
3028 2070 3309 2136 sequentis
3345 2070 3582 2136 eloquii,

320 2163 489 2229 cujus
519 2160 786 2212 Christus
817 2157 937 2226 ipse
973 2165 1164 2209 auetor
1193 2163 1318 2209 est:
1359 2172 1377 2205 ι
1414 2153 1520 2219 Qui
1562 2157 1742 2210 credit
1775 2159 1964 2221 inme,
2003 2157 2166 2210 habet
2207 2156 2373 2207 vitam
2417 2165 2699 2220 aeternam,
2729 2163 2784 2208 et
2823 2155 2876 2207 in
2915 2155 3430 2209 condemnationem
3479 2173 3585 2209 nott

321 2250 499 2311 venit,
536 2247 631 2301 sed
668 2246 926 2299 transivit
966 2260 1033 2297 ex
1071 2254 1245 2297 morte
1277 2245 1331 2297 in
1367 2245 1537 2297 vitam
1567 2245 1637 2299 ⁸⁸.
1677 2265 1694 2296 ι
1725 2245 1926 2302 Fidelis
1961 2246 2127 2316 igitur
2159 2245 2361 2298 virtute
2394 2243 2516 2298 fidei
2544 2244 2720 2298 evasit
2756 2258 2854 2297 sua
2887 2245 3137 2298 crimina.
3180 2262 3197 2294 ε
3230 2243 3377 2299 Deus
3415 2245 3588 2312 siqni-

324 2337 452 2390 dem
485 2344 590 2398 est,
617 2334 709 2403 qui
767 2333 1037 2402 justificat
1070 2350 1082 2384 :
1115 2331 1239 2399 quis
1283 2331 1476 2400 igitur,
1513 2334 1604 2401 qui
1645 2336 1971 2388 condemnat
2008 2333 2052 2367 "
2085 2335 2108 2386 ?
2139 2350 2158 2385 ι
2191 2331 2578 2388 Verumtamen
2650 2333 3100 2389 satisfaciendum
3151 2334 3333 2401 reipsa
3385 2334 3584 2403 injuria

327 2423 543 2478 affectis
580 2420 872 2479 fratribus.
926 2426 986 2471 ut
1025 2419 1304 2487 possimus
1331 2419 1553 2486 assequi
1585 2419 2061 2488 justiﬁcationem,
2097 2435 2217 2491 qua:
2251 2437 2346 2490 per
2373 2419 2656 2476 Christum
2685 2422 2842 2475 nobis
2881 2421 3149 2490 obtin_git.-
3174 2421 3252 2475 Ad
3304 2437 3426 2475 eum
3474 2437 3564 2474 mo

327 2513 461 2564 dum
494 2507 848 2570 Zachzeus”,
871 2521 998 2560 cum
1038 2520 1097 2558 se
1123 2505 1294 2572 recipi
1328 2505 1493 2558 vellet
1530 2507 1584 2558 in
1617 2522 1838 2577 gregem
1868 2510 2264 2578 discipulorum
2296 2507 2529 2570 ChriSti,
2567 2508 2920 2575 promittebat
2950 2523 3009 2561 se
3042 2508 3408 2578 quadruplum
3457 2523 3594 2561 suo-

332 2614 456 2653 rum
506 2597 801 2657 bonorum,
829 2594 873 2647 si
926 2607 1091 2661 quem
1137 2591 1539 2656 defraudasset,
1600 2597 1934 2652 restiturum.
2049 2597 2140 2650 Sic
2174 2595 2296 2664 quis
2334 2595 2642 2649 exclamare
2690 2595 2808 2663 quit
2843 2612 2856 2647 :
2888 2613 2904 2645 ι
2944 2593 3202 2648 Paratum
3248 2610 3342 2649 cor
3387 2610 3590 2660 meum,

338 2686 604 2742 Deus‘m
641 2684 754 2738 IIoc
783 2693 869 2737 est
901 2682 1466 2751 holocaustum,quod
1507 2684 1558 2735 iu
1595 2683 1761 2736 corde
1786 2684 2000 2738 incendi
2023 2691 2076 2738 et
2108 2682 2302 2737 ardere
2334 2683 2472 2735 vult.
2508 2681 2840 2749 Perpetuum
2889 2681 3098 2750 ignem.
3122 2681 3210 2749 qui
3251 2697 3356 2735 non
3378 2684 3595 2736 exstin-

337 2783 567 2843 guatur,
596 2773 649 2824 in
680 2784 774 2823 ara
815 2768 1049 2837 flagrare
1084 2767 1381 2822 desiderat.
1416 2766 1534 2821 Non
1561 2777 1744 2823 autem
1788 2770 2043 2839 intelligit
2071 2771 2371 2839 quemlibet
2398 2770 2603 2839 ignem,
2638 2768 2730 2823 sed
2769 2784 2954 2830 suum,
2977 2770 3068 2838 qui
3095 2769 3315 2823 CCL-litus
3344 2769 3593 2823 affertur.

333 2860 475 2914 Nam
503 2859 690 2912 divina
729 2865 928 2911 natura
957 2856 1060 2910 sub
1089 2855 1328 2925 imagine
1358 2855 1500 2925 ignis
1521 2856 1685 2927 336
1716 2858 1878 2912 nobis
1895 2860 2238 2928 proponitur.
2267 2857 2374 2910 Ara
2400 2866 2484 2910 est
2519 2856 2772 2911 Christus
2798 2857 2959 2926 cujus
2990 2871 3154 2926 opera
3194 2858 3505 2911 accedimus
3529 2859 3595 2909 ail

336 2948 513 3003 Deum
541 2945 782 3000 Patrem.
814 2944 1178 3014 Conspicatus
1215 2951 1300 2998 est
1338 2959 1558 3013 quoque
1580 2944 1818 2999 Joannes
1844 2945 2106 3015 Spiritum
2131 2944 2227 3000 Dei
2259 2943 2686 2998 descendentem
2730 2960 2761 2998 e
2793 2945 2935 2998 etnlo
2965 2945 3069 2998 sub
3099 2944 3281 3013 specie
3312 2945 3599 3003 columine.

336 3043 394 3090 et
423 3042 733 3088 manentem
778 3047 945 3102 super
977 3032 1095 3100 ipso
1119 3032 1185 3085 ⁸⁵.
1224 3029 1496 3086 Caeterum
1525 3047 1622 3102 per
1653 3033 1831 3100 ignem
1874 3034 2032 3087 nobis
2072 3031 2491 3087 demonstratur
2533 3030 2862 3101 Spiritus,ut
2910 3032 3052 3085 idem
3101 3029 3341 3085 Joannes
3388 3030 3591 3084 iterum

341 3130 583 3176 testatur
615 3137 629 3172 :
671 3136 689 3170 ι
728 3117 852 3188 Ipse
882 3133 980 3172 vos
1011 3118 1313 3187 baptizahit
1371 3118 1424 3171 in
1467 3117 1675 3188 Spiritu
1707 3129 1900 3175 sancto
1939 3128 1994 3175 et
2024 3119 2148 3190 igne
2169 3119 2255 3185 '°;
2291 3137 2310 3170 ι
2342 3119 2484 3189 igne,
2527 3119 2776 3189 ittquam,
2803 3118 2893 3188 qui
2931 3133 3147 3172 omnem
3183 3131 3374 3172 vestrae
3409 3119 3604 3170 anima:

343 3210 619 3264 maculam
647 3207 922 3262 absumet.
957 3205 1093 3259 Nam
1117 3205 1183 3261 de
1203 3205 1424 3261 Christo
1458 3209 1724 3276 scriptum
1757 3216 1880 3263 est:
1913 3227 1932 3259 ι
1970 3208 2111 3261 Ecce
2157 3207 2276 3276 ipse
2312 3206 2412 3259 ibit
2459 3217 2518 3260 ut
2546 3208 2689 3276 ignis
2755 3207 3098 3270 conflatoris,
3128 3215 3182 3260 ct
3207 3216 3265 3260 ut
3290 3207 3458 3261 herba
3496 3207 3605 3260 ful—

343 3300 536 3354 lonum
569 3297 615 3328 ⁸⁷
652 3315 666 3361 ;
708 3315 725 3348 ι
754 3296 958 3362 veniet,
981 3293 1502 3366 inquam,conflans
1546 3305 1600 3350 et
1626 3311 1952 3366 repurgans,
1995 3295 2463 3364 quemadmodum
2499 3304 2786 3363 argentum
2808 3298 3343 3367 etquemadmodutn
3387 3310 3605 3348 aurum.

346 3388 595 3456 Spiritus
631 3393 813 3439 autem
839 3384 984 3452 ejus,
1014 3391 1290 3454 quatenus
1321 3381 1464 3438 Deus
1488 3393 1592 3449 est,
1630 3384 1928 3454 peculiaris
1950 3383 2322 3440 existimatur.
2356 3381 2822 3450 quemadmodum
2851 3391 2905 3438 et
2927 3384 3075 3453 ignis
3105 3398 3211 3436 ara:
3255 3383 3608 3450 adjudicatur

348 3475 571 3528 ratione
607 3473 761 3542 legis.
796 3471 999 3526 Verum
1040 3471 1320 3541 particeps
1352 3471 1594 3540 Spiritus
1618 3472 1792 3525 sancti
1825 3480 2113 3541 reputatur
2141 3471 2307 3526 sicuti
2344 3472 2530 3526 homo.
2560 3471 2789 3529 Poteris
2813 3474 3116 3542 intelligere
3141 3489 3289 3527 aram
3315 3474 3408 3527 Ilei
3442 3475 3604 3527 etiam

350 3564 499 3621 illus,
535 3561 629 3630 qui
664 3558 906 3614 dedicati
935 3565 1064 3612 sunt
1093 3558 1229 3621 Deo,
1255 3573 1487 3628 quorum
1522 3559 1700 3629 ignem
1739 3573 1845 3613 non
1873 3561 1989 3614 vult
2015 3559 2294 3627 exstingui
2321 3578 2334 3614 :
2365 3559 2478 3614 imo
2521 3569 2742 3630 exoptat
2779 3576 2876 3616 eos
2911 3576 3128 3630 semper
3171 3561 3357 3614 videre
3409 3562 3609 3629 spiritu

349 3648 652 3708 ferventes.
683 3661 783 3700 nec
809 3660 1051 3715 unquam
1095 3646 1359 3701 astrictos
1391 3645 1596 3715 frigore
1620 3645 1987 3715 voluptatum.
2022 3646 2150 3700 Hac
2183 3648 2328 3701 enim
2357 3657 2514 3701 certa
2547 3645 2723 3700 forma
2754 3657 2840 3702 est
2886 3647 3179 3701 rationalis
3206 3647 3410 3711 cultus,
3434 3663 3597 3716 quem

351 3737 502 3789 Deus
537 3735 640 3789 sibi
674 3733 924 3788 exhiberi
962 3732 1134 3802 cupit.
1161 3732 1417 3787 Cinerem
1450 3749 1562 3787 non
1593 3734 1711 3787 vult
1738 3735 1936 3803 projici
1962 3749 1991 3787 a
2026 3735 2375 3804 quibuslibet
2407 3735 2528 3790 sine
2551 3736 2765 3790 delectu
2805 3754 2817 3789 :
2855 3736 2982 3790 huic
3020 3737 3234 3790 muneri
3274 3736 3610 3804 deputantur

351 3824 538 3879 sacris
574 3821 796 3876 initiati.
827 3819 965 3873 Nam
992 3820 1157 3875 etiam
1186 3820 1320 3875 vilia
1342 3827 1396 3876 et
1419 3829 1738 3890 contempta
1760 3820 1934 3876 officia
1971 3834 2234 3893 prastare
2261 3821 2372 3877 Deo
2403 3837 2563 3877 nemo
2593 3823 2943 3894 dedignetur.
2975 3825 3044 3876 At
3083 3837 3234 3876 aram
3260 3834 3612 3878 contrectare.

351 3911 572 3981 profani
605 3925 715 3964 non
756 3907 984 3963 audent.
1019 3906 1134 3963 Nec
1158 3916 1346 3963 tamen
1380 3909 1741 3978 permittitur,
1769 3917 1826 3962 ut
1870 3924 2028 3964 sacra
2068 3911 2216 3980 palla
2255 3909 2438 3964 vestiti
2471 3910 2714 3966 cinerem
2759 3918 3072 3981 exportent.
3114 3909 3428 3965 Periculum
3461 3914 3607 3966 enim

354 3999 516 4056 foret.
545 4013 610 4050 ne
643 3994 1174 4064 haecinquinaretur
1195 4001 1460 4048 contactu
1488 3995 1789 4050 immundo.
1814 3995 2052 4052 Proinde
2079 3996 2254 4066 inquit
2282 3995 2536 4052 Ezechiel
2561 4017 2573 4052 :
2601 4016 2620 4050 ι
2648 3997 2893 4053 (Ἀτρει-αι
2927 3999 3275 4069 aquilonares
3297 4009 3348 4054 et
3380 4014 3614 4053 camerae

351 4086 653 4148 australes,
687 4098 810 4153 quae
843 4091 977 4138 sunt
1015 4083 1068 4136 in
1099 4082 1330 4152 planitie
1356 4083 1757 4147 intercisionis,
1783 4093 1910 4139 sunt
1951 4098 2183 4139 camerae
2240 4093 2467 4148 sanctae,
2491 4084 2584 4139 ubi
2638 4085 2929 4139 comedent
2957 4087 3299 4145 sacerdotes.
3326 4088 3418 4155 qui
3455 4102 3612 4139 aecu-

354 4174 495 4225 dunt
529 4172 600 4224 ad
638 4169 958 4234 Dominum,
1002 4168 1208 4223 Sancta
1245 4176 1569 4224 sanctorum
1618 4187 1632 4225 :
1671 4170 1747 4223 ibi
1777 4171 2090 4242 relinquent
2129 4170 2332 4226 Sancta
2377 4180 2722 4236 sanctorum,
2753 4179 2808 4226 et
2849 4173 3182 4228 oblatiOnem
3213 4172 3422 4232 Minha.
3451 4183 3615 4243 atquu

357 4261 596 4314 nus-tiam
616 4273 716 4327 pro
734 4265 966 4328 peccato
981 4266 1034 4311 et
1047 4271 1148 4326 pro
1165 4255 1396 4310 delicto:
1418 4258 1544 4326 quia
1563 4257 1719 4310 locus
1751 4265 1976 4313 sanctus
1998 4268 2102 4313 est.
2127 4258 2427 4329 thuando
2448 4259 2766 4315 sacerdotes
2785 4260 2890 4330 ipsi
2916 4260 3320 4331 ingrediuntur,
3338 4277 3446 4315 non
3465 4277 3619 4332 egre-
3643 4293 3647 4297 ι

354 4345 662 4401 dieuturde
680 4343 886 4399 Sancto
905 4343 969 4396 ad
985 4343 1187 4397 atrium
1207 4342 1468 4406 exterius,
1485 4342 1578 4398 sed
1606 4343 1676 4397 ibi
1698 4355 1964 4414 reponant
1983 4357 2161 4402 vestes
2178 4336 2329 4411 suas,
2351 4348 2404 4402 itt
2427 4348 3125 4417 quibus‘ministraverunt.
3141 4349 3284 4403 Sunt
3305 4351 3450 4403 enim
3493 4367 3621 4402 sau-

357 4445 461 4491 ttae
481 4455 491 4489 :
513 4443 679 4504 atque
695 4434 820 4488 aliis
846 4433 1096 4493 vestibus
1127 4447 1252 4486 sese
1284 4432 1538 4494 induant,
1565 4440 1618 4486 et
1647 4435 1910 4486 accedant
1937 4433 1991 4487 in
2011 4434 2189 4488 locum
2212 4436 2301 4488 ubi
2328 4446 2413 4489 est
2437 4435 2670 4504 p0pulus
2693 4431 2938 4487 ".iNam
2964 4432 3044 4486 lett
3063 4444 3188 4488 avet
3214 4437 3267 4489 in
3297 4436 3475 4489 locum
3510 4440 3578 4487 ali

362 4540 531 4594 quem
589 4529 939 4593 segregatum
970 4519 1273 4575 recondere
1295 4519 1372 4584 id,
1404 4521 1552 4590 quod
1589 4519 1884 4591 insigniter
1906 4519 2071 4575 fuerit
2103 4529 2380 4576 sanctum.
2424 4521 2762 4591 QuaprOpter
2804 4522 2975 4576 edicit
3001 4539 3016 4575 :
3045 4540 3062 4573 ι
3098 4523 3159 4575 lu
3189 4523 3312 4577 loco
3343 4533 3536 4578 saneto
3567 4527 3620 4577 ia

356 4616 507 4668 atrio
530 4610 875 4667 tabernaculi
907 4609 1217 4664 testimonii
1260 4609 1425 4663 edent
1474 4608 1798 4663 sacerdotes
1841 4609 2107 4678 reliquias
2141 4608 2413 4664 similaain
2456 4624 2606 4663 arant
2659 4609 2905 4679 positae.»
2936 4608 3050 4663 Hoc
3103 4621 3266 4678 pacto
3303 4611 3626 4665 ostenditse

355 4716 554 4756 verum
589 4700 822 4764 cultum,
859 4713 971 4767 quo
997 4696 1138 4752 Deus
1154 4697 1260 4755 coli
1291 4695 1597 4762 desiderat,
1629 4696 1879 4767 mysticis
1905 4698 2086 4752 velare
2116 4699 2318 4753 verbis.
2346 4696 2517 4754 Nobis
2549 4709 2733 4755 autem
2769 4701 2942 4769 major
2987 4701 3186 4770 obtigit
3226 4704 3621 4767 sanctificatio,

359 4800 424 4846 ut
457 4791 554 4862 qui
587 4789 831 4844 arctiore
856 4796 913 4843 et
943 4787 1204 4858 propiore
1228 4786 1449 4841 vinculo
1480 4785 1722 4842 devincti
1757 4787 1934 4841 simus
1965 4785 2104 4840 Deo.
2593 4796 2603 4807 ‘

442 4921 925 4989 Quemadmodum
959 4921 1188 4977 adeunti
1216 4921 1272 4976 in
1303 4922 1484 4976 locum
1526 4935 1746 4976 sacrum
1807 4920 1987 4990 major
2010 4920 2236 4975 obvenit
2273 4919 2664 4985 sanctimonia,
2700 4936 2865 4991 quam
2901 4921 3008 4986 illi,
3039 4923 3129 4991 qui
3163 4925 3353 4994 procul
3405 4927 3472 4980 ab
3510 4927 3634 4979 lucu

361 5021 568 5070 sancto
599 5012 760 5066 abest
796 5031 810 5066 :
845 5011 928 5066 sic
956 5026 1060 5066 nos
1111 5011 1322 5080 majore
1346 5011 1689 5065 abundamus
1732 5011 2049 5065 sanctitate.
2086 5011 2358 5066 Ceterum
2385 5021 2580 5065 natura
2609 5026 2908 5082 corporum
2947 5015 3062 5068 sive
3090 5028 3456 5083 personarqu
3490 5033 3624 5086 quo-

361 5118 476 5172 que
500 5097 871 5155 differentiam
912 5097 1256 5154 habet.Nam
1279 5098 1356 5151 ait
1383 5115 1395 5150 :
1424 5117 1442 5149 ι
1473 5098 1680 5152 Omnes
1721 5112 1927 5161 mares,
1961 5100 2054 5167 qui
2100 5099 2312 5153 fuerint
2343 5099 2454 5152 nati
2496 5115 2697 5170 genere
2737 5099 3097 5164 sacerdotali,
3128 5112 3429 5157 vescentur
3460 5111 3635 5160 sacrie

365 5191 495 5245 ficio
513 5189 738 5244 similae.
777 5207 795 5238 ι
835 5189 908 5241 At
931 5189 1094 5242 nobis
1124 5202 1236 5241 non
1269 5197 1355 5241 est
1388 5189 1474 5240 vel
1509 5187 1793 5240 masculus
1823 5187 1909 5240 vel
1941 5185 2159 5240 femella
2215 5187 2268 5240 in
2300 5187 2527 5242 Christo
2555 5185 2686 5242 Jesu
2728 5208 2741 5242 :
2779 5205 2970 5244 verum
3007 5189 3332 5258 judicatnur
3369 5205 3627 5262 respectu
3677 5183 3680 5188 ’

362 5277 560 5333 habito
577 5275 1143 5340 virtutis,secuudum
1162 5290 1326 5346 quam
1352 5276 1434 5328 vel
1464 5275 1604 5328 firmi
1624 5275 1703 5328 vel
1733 5274 1934 5327 infirmi
1965 5289 2312 5345 apparemus.
2348 5273 2540 5332 Omnis
2570 5277 2664 5347 qui
2688 5277 2989 5347 attingebat
3013 5293 3099 5332 res
3121 5277 3230 5332 Deo
3248 5290 3631 5345 consecratas,

363 5366 830 5423 sanetificabatur
852 5375 908 5419 et
941 5367 1081 5435 ipse.
1125 5363 1296 5418 Nobis
1331 5377 1463 5417 vero
1495 5363 1800 5431 porrigitur
1842 5364 2234 5427 sanctimonia,
2266 5365 2311 5417 si
2354 5363 2641 5418 Christum
2687 5365 3234 5420 contreetaverimus
3281 5383 3412 5423 vero
3464 5372 3636 5424 animi

367 5455 685 5526 proposito.
714 5454 794 5508 Ad
829 5470 955 5508 eum
990 5454 1212 5508 modum
1259 5453 1631 5521 tnulier,qu2e
1671 5449 2042 5505 infestabatur
2077 5452 2361 5521 sanguinis
2405 5453 2697 5519 profluvio,
2731 5454 2915 5522 tetigit
2955 5453 3268 5515 Christum.
3293 5465 3349 5510 et
3399 5457 3635 5513 saluteiu

363 5555 454 5602 est
475 5553 805 5600 consecuta.
844 5543 1243 5598 Ilulocaustum
1265 5540 1542 5611 significat
1576 5554 1724 5602 eum,
1747 5540 1839 5608 qui
1874 5554 1931 5591 se
1956 5546 2129 5592 totum
2160 5548 2449 5592 consecrat
2481 5550 2534 5594 et
2563 5541 2770 5595 addicit
2814 5542 2984 5594 cultui
3025 5540 3243 5598 divino.
3279 5542 3392 5600 Nec
3449 5555 3636 5601 tamen

476 5728 499 5760 ⁸
525 5727 688 5783 Eccle
733 5745 788 5790 ν,
827 5726 884 5789 3.
910 5731 965 5784 ι.
1043 5730 1088 5761 ⁸⁸
1119 5727 1262 5783 Psal.
1299 5745 1465 5791 Lxxv,
1502 5729 1588 5784 ω.
1667 5727 1716 5759 ⁸⁸
1747 5727 1903 5782 Joau.
1935 5745 1987 5790 v,
2025 5727 2117 5782 24.

1974 5769 1987 5790 ,
2025 5727 2117 5782 24.
2192 5729 2236 5758 ¹¹¹
2278 5727 2434 5779 Rom.
2470 5740 2593 5790 vttt,
2620 5727 2711 5786 '55.
2747 5725 2838 5780 ⁵54.
2914 5726 2962 5757 ⁸³
2993 5725 3127 5781 Luc.
3165 5740 3275 5789 xix,
3310 5723 3364 5779 8.
3441 5721 3485 5754 ⁸⁵
3524 5721 3664 5780 Psal.

373 5815 511 5865 cvtt,
539 5800 598 5854 2.
667 5801 718 5832 ⁸⁵
746 5798 911 5855 Joan.
941 5801 1086 5868 κω.
1166 5801 1214 5832 ⁸⁸
1247 5801 1384 5854 Ibid.
1417 5801 1507 5856 55.
1586 5801 1631 5831 ⁸⁷
1665 5800 1894 5855 Malach.
1936 5816 2020 5861 ιιι,
2053 5799 2065 5850 ε

1181 5801 1214 5831 ιθ
1247 5801 1384 5854 Ibid.
1417 5801 1507 5856 55.
1586 5801 1631 5831 ⁸⁷
1665 5800 1894 5855 Malach.
1936 5816 2020 5861 ιιι,
2053 5799 2108 5852 2.
2194 5799 2238 5830 ⁸⁸
2268 5797 2470 5852 Ezech.
2497 5813 2626 5865 xui,
2661 5798 2744 5862 I3,
2785 5799 2873 5852 M.

668 5899 944 5962 ΡΑτιιοι..
995 5899 1113 5960 Gn.
1174 5897 1545 5958 LXXXVII.

3263 5893 3340 5954 23
