4286 6444
771 356 885 419 ’115
2078 354 2428 413 PROCOPH

2342 355 2428 413 Pll
2469 353 2709 413 esset
3929 368 4034 435 m

764 457 1114 524 rejicieudus
1151 463 1202 507 et
1228 453 1667 508 routemuemlus
1703 453 1874 513 estis,
1911 454 2002 522 qui
2040 454 2123 505 vel
2154 469 2217 508 ex
2253 464 2429 521 parte,
2468 464 2517 504 ut
2548 452 2799 506 ostendit
2834 438 3151 525 manipulus
3180 456 3505 523 sacerdotis,
3537 457 3772 516 devotus
3809 472 3884 515 est
3923 464 4027 514 liu-

778 542 951 597 ntino.
990 541 1100 594 lloc
1146 541 1485 594 sacrificium
1526 557 1650 593 esse
1683 550 1905 608 oportet
1940 540 2252 602 odoratum,
2288 552 2345 593 ut
2381 543 2470 593 cui
2502 540 2795 609 adjiciatur
2829 544 2955 596 thus
2996 551 3049 596 et
3090 543 3271 597 oleum
3312 563 3323 596 :
3365 561 3602 614 quorum
3645 548 3880 600 alterum
3926 549 4022 599 ho-

778 644 903 681 natu
946 628 1152 682 indicat
1185 642 1361 694 spem,
1398 627 1630 679 alterum
1670 628 1835 678 vitam
1873 641 2088 679 morum
2130 629 2399 695 gravitate
2443 629 2825 696 conspicutun,
2860 645 2981 696 quae
3019 645 3300 700 nunquam
3346 632 3698 687 ohlivi~citur
3749 633 3864 690 Dei.
3900 633 4027 690 lla‘e

774 718 889 768 vita
928 723 1013 768 est
1039 713 1243 767 munda
1275 716 1541 782 omnique
1577 714 1804 765 malitia:
1834 722 1987 766 caret
2021 712 2311 767 fermento.
2340 716 2527 786 Neque
2561 717 2708 771 enim
2738 718 2993 772 Salvator
3039 721 3234 789 probat
3265 729 3317 773 et
3348 724 3607 774 mundam
3639 721 3857 790 judicat
3891 738 4023 776 ora-

772 806 1011 867 tionem,
1054 819 1176 870 qrue
1208 805 1261 855 in
1294 802 1413 854 foro
1440 802 1756 855 Ostentaudi
1795 803 1970 869 gratia
2010 800 2277 856 funditur.
2308 803 2420 857 Nec
2452 805 2647 873 recipit
2677 805 2949 873 jejunium
2976 806 3401 875 hypocriticutn,
3470 823 3568 861 nec
3604 810 3887 862 collaudat
3925 811 4025 862 trti-

775 891 1099 945 serieordia:
1131 906 1320 958 opera,
1358 890 1562 957 quibus
1586 891 1852 957 qua-ritur
1882 898 2109 941 externa
2133 892 2274 944 laus.
2306 889 2600 945 Peccatum
2635 894 2737 945 hoc
2769 894 2890 947 loco
2926 895 3178 947 nmninat
3232 895 3278 949 si
3316 896 3560 948 scienter
3586 895 3977 964 deliuquamus
4010 914 4026 962 ;

772 977 1039 1031 delictum
1067 988 1247 1036 vocat.
1278 977 1324 1031 si
1358 978 1679 1045 ignorauter
1712 990 2024 1044 peccemus.

839 1068 953 1120 Hoc
983 1066 1051 1117 sit
1069 1064 1267 1115 donum
1292 1064 1470 1115 Aaron
1490 1075 1538 1114 et
1572 1063 1811 1130 ﬁliorum
1849 1062 1985 1129 ejus,
2020 1070 2131 1116 etc.
2158 1060 2777 1133 [Vl,20.]Sacrific-iutn
2805 1063 3111 1118 sacerdotis
3149 1064 3423 1133 integrum
3459 1067 3531 1120 sit
3566 1070 3895 1133 requiritur,
3926 1084 4025 1123 nec

768 1166 835 1205 ex
863 1159 1017 1221 parte
1046 1150 1273 1205 offertur
1308 1164 1321 1203 :
1358 1159 1582 1217 totoque
1612 1149 1701 1201 dic
1731 1148 1915 1201 durat.
1940 1146 2074 1201 Nam
2107 1148 2427 1203 sacerdotes
2462 1166 2567 1203 non
2606 1150 2714 1205 Deo
2752 1154 3088 1219 mundoque,
3123 1159 3182 1204 ut
3221 1154 3448 1222 reliqui,
3483 1156 3770 1218 serviunt;
3808 1157 3901 1211 sed
3925 1157 4025 1210 toti

767 1251 892 1292 sunt
916 1238 1211 1306 mancipati
1246 1237 1493 1291 Domino.
1529 1235 1667 1289 Huic
1693 1251 1923 1305 prorsus
1949 1236 2110 1305 337
2130 1250 2255 1289 sunt
2278 1238 2434 1305 quasi
2458 1238 2703 1305 impacti,
2730 1237 2798 1292 ab
2825 1238 3054 1305 ejusque
3079 1252 3264 1291 amore
3292 1255 3569 1308 nunquam
3603 1244 3760 1295 avelli
3791 1254 4024 1312 queunt.

770 1327 843 1379 lta
863 1341 919 1380 se
939 1341 1052 1379 rem
1082 1325 1283 1378 habere
1319 1333 1644 1393 argumeuto
1673 1332 1755 1376 est
1780 1324 2096 1391 Apostolus,
2129 1324 2319 1376 dicens
2356 1342 2368 1375 :
2397 1340 2416 1373 ι
2447 1323 2567 1378 Una
2603 1342 2727 1377 cum
2760 1324 2989 1379 Christo
3022 1325 3323 1380 cruciﬁxus
3353 1342 3499 1380 sum.
3532 1328 3669 1382 Vivo
3699 1342 3882 1383 autem
3912 1345 4026 1384 non

772 1412 1014 1481 amplius
1046 1426 1168 1479 ego,
1200 1411 1293 1464 sed
1331 1412 1383 1463 in
1415 1427 1499 1463 tne
1529 1410 1661 1463 vivit
1689 1409 2033 1463 Christus".
2081 1428 2100 1461 ι
2147 1408 2378 1478 Sartago
2402 1410 2669 1463 indiciqu
2697 1418 2751 1464 et
2793 1418 2921 1464 nota
2948 1419 3035 1465 est
3064 1411 3459 1477 doloris.Quod
3492 1414 3728 1483 frigetur
3759 1424 3814 1470 et
3842 1432 4028 1471 mace-

768 1506 924 1550 ratur
960 1498 1101 1558 oleo,
1146 1497 1363 1565 signum
1390 1503 1475 1548 est
1509 1494 1795 1548 immensae
1826 1495 2056 1557 laetitiae,
2083 1510 2244 1561 quam
2282 1497 2439 1551 nobis
2468 1497 2734 1565 elargitur
2769 1507 2923 1551 certa
2950 1513 3075 1566 spes
3110 1499 3164 1550 in
3202 1498 3391 1551 Deum.
3428 1498 3583 1565 Quod
3635 1517 3701 1555 ex
3738 1500 4020 1571 fragmen-

773 1585 845 1638 tis
878 1584 1171 1645 conflatur,
1214 1592 1605 1649 argumeuttuu
1654 1590 1738 1635 est
1774 1584 1911 1636 satis
1952 1597 2237 1648 magnum,
2271 1596 2366 1635 cor
2397 1582 2619 1651 quidem
2671 1592 2994 1637 sanctorum
3035 1583 3200 1638 facile
3240 1586 3455 1654 prolabi
3490 1586 3541 1639 itt
3579 1587 3916 1657 voluptates.
3964 1599 4027 1643 et

764 1670 1029 1725 facillime
1066 1672 1191 1724 inde
1231 1669 1438 1723 retrahi
1470 1677 1525 1721 et
1559 1668 1884 1748 humiliari:
1924 1683 2024 1723 nec
2047 1683 2171 1723 esse
2193 1676 2489 1723 contumax
2523 1678 2575 1723 et
2609 1670 2981 1724 intractabile.
3014 1669 3151 1724 Nam
3179 1670 3347 1725 David
3374 1674 3487 1725 ait:
3518 1692 3535 1724 ι
3573 1674 3681 1728 Cor
3720 1676 4025 1729 contritum

760 1768 815 1812 et
853 1759 1201 1813 humiliatqu
1242 1756 1386 1810 Deus
1419 1770 1526 1809 non
1562 1756 1833 1824 despiciet
1874 1757 1943 1811 '°.
1981 1774 1998 1807 ι
2036 1757 2105 1809 At
2132 1756 2333 1809 diaboli
2368 1772 2463 1811 eor
2488 1760 2840 1829 congelatum
2875 1760 3012 1826 riget
3038 1761 3216 1814 instar
3252 1762 3476 1831 lapidis,
3508 1771 3562 1815 et
3588 1771 3647 1816 ιιι
3681 1764 3865 1826 incus,
3901 1779 4027 1832 quas

762 1848 931 1901 nullis
969 1847 1291 1901 malleorum
1327 1844 1654 1899 verberibus
1682 1854 1736 1899 et
1760 1845 1962 1899 ictibus
1993 1846 2287 1899 mollescit.
2318 1843 2588 1900 Praztcrea
2628 1848 2894 1901 docemur
2925 1849 3069 1903 ﬁlios
3100 1848 3319 1911 decere,
3350 1860 3407 1903 ut
3437 1852 3550 1905 sint
3576 1851 3891 1905 imitatores
3926 1867 4026 1921 pa-

747 1951 976 1992 1eutum
1019 1944 1367 1999 sanctorum,
1410 1933 1693 1999 similiter,
1732 1943 1793 1987 ut
1831 1941 2112 2003 parentes,
2143 1934 2472 1990 holocausto
2515 1950 2627 1990 rem
2666 1950 2884 1989 sacram
2918 1936 3213 1991 facientes.

833 2048 967 2118 Ephi
993 2058 1040 2101 cl
1068 2048 1286 2104 clrmnix
1321 2058 1449 2103 sunt
1477 2062 1783 2119 synonyma
1816 2056 1869 2103 et
1902 2048 2154 2103 eamdem
2182 2064 2335 2102 men-
2364 2060 2407 2116 Α
2509 2052 2525 2102 1

2328 2079 2335 2089 -
2364 2060 2407 2116 Α
2509 2049 2643 2118 Οἰςρὶ
2676 2050 2732 2103 δὲ
2773 2052 2863 2103 καὶ
2894 2053 3063 2120 xor/:5
3088 2053 3144 2105 ἓν
3180 2054 3296 2105 ἐστι
3334 2055 3551 2124 μέτρον,
3594 2054 3756 2124 διττῷ
3794 2054 4020 2124 ὀνόματι

758 2158 944 2194 rurant
999 2140 1331 2210 significant.
1387 2139 1483 2193 Est
1534 2148 1719 2193 autem
1793 2139 2015 2193 chaenix
2077 2155 2333 2194 mensura
2444 2161 2450 2175 ι

2324 2158 2333 2193 ι
2444 2143 3005 2213 προσαγορευόμενον.
3041 2144 3194 2197 Ἔστι
3228 2145 3282 2196 δὲ
3322 2145 3431 2198 δύω
3464 2146 3665 2211 ξεστὼν
3692 2148 3782 2200 καὶ
3815 2165 4016 2216 matr,—

755 2232 1050 2286 rontinens
1077 2247 1301 2286 urceum
1335 2238 1387 2285 et
1419 2239 1631 2302 partem
1669 2232 1818 2285 urcei
1844 2232 2151 2285 minimam.
2445 2234 2658 2304 μορίου.

829 2344 896 2399 1η
929 2347 1045 2400 loco
1068 2346 1157 2399 ubi
1183 2358 1417 2400 mactant
1450 2346 1784 2409 holocausta,
1840 2356 2067 2399 mactant
2106 2346 2431 2415 sacriﬁcium
2466 2364 2560 2416 pro
2598 2358 2834 2416 peccato,
2866 2358 2975 2404 etc.
3011 2348 3155 2421 [25.]
3193 2350 3451 2415 Victima,
3494 2368 3614 2421 qum
3655 2367 3751 2421 pro
3792 2362 4022 2422 peccato

748 2437 1056 2500 occiditur,
1097 2436 1255 2491 solus
1286 2444 1370 2491 est
1399 2435 1678 2499 Christus,
1713 2434 1804 2504 qui
1839 2450 1936 2504 per
1992 2436 2175 2488 omnia
2216 2443 2443 2489 sanctus
2486 2435 2741 2491 habetur.
2773 2434 2990 2490 Idcirco
3021 2438 3252 2493 ett-ditur
3283 2440 3333 2491 in
3370 2438 3510 2503 loco,
3547 2456 3709 2509 quem
3741 2450 4021 2509 occupant

754 2525 1101 2578 holocausta.
1147 2521 1284 2577 Nam
1323 2541 1340 2573 ι
1380 2538 1504 2577 cum
1538 2522 1744 2592 iniquis
1808 2532 2098 2593 reputatus
2128 2532 2213 2577 est
2251 2523 2326 2587 9';
2368 2540 2385 2572 ι
2422 2530 2683 2576 caeterum
2722 2536 2869 2575 mors
2904 2522 3024 2591 ejus
3058 2535 3249 2578 sancta
3278 2526 3625 2580 celebratur:
3655 2537 3707 2581 et
3744 2529 4019 2595 quemad-

754 2611 976 2665 modum
1013 2610 1156 2666 Dcus
1179 2611 1408 2665 deorum
1449 2618 1532 2665 est
1565 2610 1709 2664 filius
1748 2629 1760 2663 :
1796 2610 1871 2664 ita
1898 2618 1949 2663 et
1984 2608 2223 2665 Sanctus
2255 2620 2573 2663 sanctorum
2608 2608 2930 2665 adorandus
2959 2620 3063 2665 est.
3103 2612 3390 2681 Siquidem
3425 2622 3703 2683 quatenus
3732 2613 3877 2669 Deus
3909 2628 4017 2675 est,

754 2700 1072 2753 universam
1108 2709 1420 2752 creaturam
1457 2710 1651 2751 sancto
1677 2697 1884 2768 Spiritu
1918 2706 2142 2751 renovat
2179 2707 2230 2752 et
2262 2696 2596 2751 sanctificat.
2627 2695 2887 2751 Vescitur
2916 2709 3102 2753 autem
3139 2700 3417 2753 sacrificio
3452 2703 3727 2770 pontifex,
3756 2703 3848 2770 qui
3902 2719 4019 2755 rem

754 2786 1001 2839 divinam
1033 2785 1184 2838 facit.
1228 2782 1619 2854 Unusquisque
1651 2785 1856 2838 etenim
1893 2784 2154 2838 sacerdos
2187 2785 2539 2839 vindcmiabit
2573 2793 2626 2837 et
2664 2786 2886 2858 colliget
2914 2786 3128 2842 fructus
3160 2804 3386 2843 suorum
3423 2790 3674 2844 laborum
3701 2808 3712 2843 :
3742 2802 3796 2845 et
3831 2806 4020 2844 remu-

755 2876 1096 2928 nerationem
1134 2872 1217 2927 sui
1254 2873 1547 2927 ministerii
1580 2874 1836 2941 accipiet.

829 2960 893 3015 In
925 2961 1129 3015 sanctis
1172 2961 1303 3015 locis
1336 2962 1587 3023 eduntur,
1619 2970 1723 3014 etc.
1771 2958 1909 3031 [θα]
1954 2960 2086 3013 Nam
2119 2961 2173 3013 in
2213 2959 2475 3015 I‘Icclcsiis
2517 2961 2827 3016 oﬂeruntur
2870 2965 3125 3033 mystica.
3184 2962 3447 3018 Sanctum
3481 2974 3705 3034 praestat
3741 2982 3865 3019 eum
3908 2968 4021 3022 tale

753 3050 1115 3113 sacrificium,
1143 3050 1233 3117 qui
1270 3050 1537 3118 contingit
1576 3049 1754 3118 ipsum
1782 3068 1793 3101 :
1825 3064 1921 3102 nec
1956 3065 2063 3102 non
2099 3050 2447 3102 sanctitatem
2476 3050 2646 3103 trahit
2685 3066 2749 3104 ex
2781 3053 3069 3121 sanguinis
3098 3054 3442 3121 aspersione.
3471 3054 3539 3106 At
3563 3069 3689 3107 vasa
3723 3062 3776 3108 et
3808 3054 4019 3109 instru-

754 3147 936 3193 menta
968 3137 1244 3206 quoe-huic
1280 3137 1499 3205 negotio
1538 3136 1876 3201 deStll'Vllllll,
1910 3152 2018 3189 non
2057 3136 2122 3189 ad
2152 3137 2420 3191 humanos
2450 3136 2807 3205 proferuntur
2842 3155 3000 3193 usus.

824 3225 893 3280 Et
920 3227 1099 3278 omnia
1128 3240 1245 3295 qua:
1277 3224 1539 3292 pertinent
1572 3223 1641 3276 ad
1667 3224 1995 3291 sacri/icium
2045 3240 2141 3291 pro
2174 3233 2409 3293 peccato,
2462 3236 2519 3276 ut
2557 3226 2618 3279 de
2672 3228 2933 3296 sanguine
2996 3227 3289 3295 inferatur,
3323 3237 3430 3283 etc.
3468 3226 3609 3300 [.30.]
3655 3228 3915 3283 Prohibet
3950 3245 4021 3285 ne

752 3313 1072 3371 sacerdotes
1111 3311 1277 3368 edant
1320 3312 1535 3367 viscera
1562 3320 1613 3367 et
1640 3311 1902 3365 intestina
1937 3311 2311 3365 victimarum.
2363 3310 2645 3367 Laudatur
2687 3324 2869 3369 autem
2902 3330 2931 3368 a
2974 3315 3160 3369 divina
3190 3324 3244 3370 et
3290 3331 3547 3385 suprerua
3598 3326 3818 3381 natura,
3856 3316 4020 3386 cujus

752 3415 918 3474 typus
953 3411 1032 3456 est
1073 3402 1240 3472 ignis.
1279 3400 1495 3466 Quanta
1530 3401 1825 3453 sanctitate
1854 3398 2069 3453 fulserit
2119 3415 2268 3452 mors
2295 3398 2523 3466 Christi,
2558 3402 2695 3456 satis
2744 3403 3033 3463 evidenter
3083 3412 3463 3457 commonstra
3494 3420 3659 3458 cruor
3690 3406 3784 3474 qui
3827 3420 4023 3476 asper-

751 3494 901 3557 gitur
968 3488 1085 3543 basi
1141 3503 1271 3543 arte.
1317 3486 1589 3543 Caeterum
1654 3487 1918 3541 intestina
1972 3485 2136 3541 tacite
2187 3496 2583 3556 repraesentant
2647 3491 2964 3546 varietatem
3038 3492 3303 3545 virtutum
3379 3493 3585 3561 quibus
3646 3503 3879 3547 ornatus
3930 3503 4021 3549 est

749 3580 1034 3635 Christus.

822 3668 1136 3739 Quicunque
1189 3668 1342 3737 o/fert
1391 3669 1762 3723 holocaustmn
1798 3668 2049 3731 hominis,
2078 3673 2186 3719 etc.
2224 3664 2342 3719 Non
2373 3663 2519 3719 enim
2566 3667 2739 3737 gratis
2780 3669 3050 3723 servimus
3085 3666 3214 3721 Deo.
3250 3668 3373 3723 llaec
3404 3679 3490 3723 est
3519 3668 3601 3722 lex
3636 3667 3812 3729 Pauli,
3846 3684 4015 3737 quam

748 3757 1014 3812 omnibus
1045 3758 1171 3810 tulit
1203 3755 1486 3823 Ecclesiis,
1522 3758 1713 3811 dicens
1746 3770 1759 3807 :
1815 3775 1832 3806 ι
1892 3755 1982 3808 Sic
2023 3763 2076 3807 et
2116 3753 2379 3807 Dominus
2411 3754 2732 3819 ordinavit,
2778 3764 2837 3808 ut
2890 3756 2943 3807 hi
2970 3796 2985 3820 ,
3042 3756 3135 3821 qui
3175 3757 3336 3809 altari
3376 3755 3659 3811 assideant
3689 3795 3701 3817 ,
3752 3772 3815 3808 ex
3855 3759 4015 3810 altari

747 3846 937 3899 vivant
968 3846 1034 3899 ".
1081 3861 1097 3893 ι
1150 3842 1212 3895 Et
1261 3844 1457 3897 iterum
1494 3862 1506 3898 ;
1550 3862 1567 3893 ι
1605 3843 1707 3908 Qui
1745 3841 1977 3895 olli-runt
2036 3840 2291 3894 victimas
2323 3841 2513 3895 altaris
2551 3850 2680 3895 sunt
2717 3843 3018 3912 participes
3052 3842 3119 3894 ”.
3170 3863 3187 3895 ι
3232 3841 3431 3898 Verum
3488 3844 3579 3897 illa
3624 3844 3825 3898 tradita
3887 3857 4018 3899 sunt

746 3934 1150 4000 sacerdotibus,
1176 3942 1234 3984 ut
1266 3934 1517 4003 :tdjtttcnl
1549 3934 1812 4004 populum
1845 3944 2065 4001 portare
2088 3931 2313 3995 delicta,
2335 3939 2387 3985 et
2416 3947 2510 4002 per
2539 3931 2638 3985 hos
2670 3933 2862 4001 gratiae
2890 3939 3129 4003 agantur
3160 3932 3288 3988 Deo.
3311 3932 3450 4000 Quia
3479 3935 3547 3987 ah
3576 3933 3685 3987 illis
3707 3935 4014 4003 gratiarum

743 4024 890 4077 actio
929 4022 1008 4076 fit.

817 4109 991 4162 Panes
1025 4125 1091 4162 ex
1121 4110 1305 4162 simila
1333 4120 1552 4177 parntes
1588 4111 1639 4161 in
1692 4108 1827 4173 oleo,
1880 4118 1927 4160 ct
1971 4108 2247 4174 placentas
2290 4124 2392 4160 non
2433 4108 2781 4175 fermentata:
2808 4121 3093 4176 perunctus
3136 4110 3248 4164 oleo
3273 4126 3432 4176 sttper
3461 4111 3688 4175 panibus
3715 4111 4015 4178 {armenta-

740 4201 832 4260 tis,
858 4209 965 4252 etc.
991 4198 1133 4269 [\'|l,
1160 4198 1273 4269 12.]
1299 4199 1423 4253 llaec
1446 4212 1592 4251 nunc.
1622 4197 1889 4267 loquitur,
1923 4198 2176 4265 quamvis
2208 4211 2372 4265 supra
2400 4197 2653 4265 rejccerit
2680 4206 2733 4250 et
2773 4198 3145 4265 repudiaverit
3176 4198 3280 4251 mel
3317 4206 3371 4251 et
3400 4196 3729 4251 fermentum
3759 4199 3811 4252 in
3835 4203 4015 4253 sacri—

741 4288 902 4342 ticiis.
940 4287 1141 4341 Verum
1196 4288 1484 4341 sciendum
1527 4296 1630 4349 est,
1674 4287 1822 4355 quod
1862 4301 2009 4339 nunc
2053 4286 2215 4339 verba
2262 4286 2447 4339 fundit
2473 4286 2539 4340 de
2572 4283 2736 4339 laude
2767 4300 2875 4352 qua
2924 4283 3157 4339 aflicitur
3202 4285 3367 4339 Deus.
3405 4283 3543 4339 Nam
3581 4286 3843 4341 laudibus
3878 4303 4018 4341 con-

736 4379 1068 4432 dccoramus
1104 4375 1273 4430 Deum
1300 4377 1640 4445 populariter
1665 4372 2061 4429 convenientes
2101 4373 2153 4425 in
2185 4372 2428 4442 templis,
2462 4387 2492 4425 a
2531 4387 2641 4442 qtto
2663 4379 2937 4425 conventu
2981 4386 3084 4425 nec
3122 4373 3507 4426 catcchumeni
3544 4384 3826 4427 arcentur.
3865 4374 4013 4428 Idem

734 4468 901 4519 etiam
934 4464 1195 4518 laudibus
1238 4465 1579 4533 privatorum
1612 4464 1934 4526 extollitur,
1954 4462 2082 4514 dum
2115 4462 2260 4515 intra
2287 4462 2483 4515 mdium
2522 4460 2857 4529 privatarum
2892 4459 3133 4529 parietes
3168 4458 3338 4513 Deum
3396 4460 3629 4514 laudant
3677 4460 3869 4515 ﬁdeles
3915 4464 4019 4515 ho-

736 4556 934 4606 mines.
976 4553 1163 4606 tloctte
1210 4567 1411 4607 carnes
1450 4551 1755 4606 ostemlunt
1781 4550 1883 4605 sub
1916 4550 2153 4618 quodatn
2187 4564 2285 4603 ceu
2318 4559 2443 4619 typo
2472 4548 2660 4617 pOpuIi
2699 4557 3033 4602 conventum
3060 4558 3114 4601 et
3141 4547 3522 4602 concordiam.
3557 4546 3747 4610 Patris,
3776 4551 3867 4602 cui
3900 4566 4013 4603 non

735 4638 966 4691 additur
1018 4638 1377 4699 fermentum,
1417 4639 1603 4690 fideles
1636 4647 1692 4691 et
1743 4637 1863 4707 pios
1898 4635 2184 4705 designat:
2242 4636 2707 4705 quemadu’rodum
2754 4637 3145 4690 catcchumeui
3179 4636 3564 4705 intelliguntur
3604 4637 3709 4691 sub
3746 4639 4012 4706 panibus,

734 4730 828 4799 qui
862 4742 1139 4784 acuerunt
1172 4729 1465 4784 fermento.
1508 4729 1642 4782 Nam
1683 4727 2069 4783 catcchumeui
2104 4727 2350 4779 nondum
2383 4734 2668 4780 sectantur
2696 4740 2892 4793 purum
2925 4733 2978 4779 ct
3002 4725 3327 4779 defaecatunt
3362 4728 3485 4779 vitm
3516 4742 3716 4795 genus,
3741 4728 4018 4794 quemad-

734 4820 959 4873 modum
994 4835 1119 4873 vere
1167 4818 1495 4873 Christiani.
1549 4816 1746 4870 Simila
1783 4824 1963 4869 autem
2016 4814 2221 4868 illibata
2259 4828 2359 4868 nec
2418 4812 2601 4867 adhuc
2636 4827 2963 4880 conspersa,
3003 4822 3061 4865 ut
3098 4814 3180 4867 vel
3220 4815 3376 4882 panis
3423 4813 3503 4867 vel
3558 4815 3825 4882 placentae
3887 4813 4016 4869 inde

731 4912 886 4970 fiant,
923 4908 1154 4963 denotat
1208 4909 1425 4963 laudem
1476 4924 1641 4978 quam
1677 4906 1879 4978 singuli
1912 4904 2227 4958 Christiani
2259 4919 2356 4973 per
2392 4919 2451 4957 se
2495 4900 2736 4954 offerunt
2764 4899 2879 4955 Deo
2912 4902 3062 4955 omni
3115 4902 3384 4956 fermento
3417 4918 3643 4955 vacuam
3701 4902 4014 4957 secundum

726 4997 902 5050 divini
935 4996 1089 5050 Pauli
1118 5011 1306 5051 vocem
1335 5015 1347 5049 :
1373 5014 1389 5046 ι
1435 4995 1622 5067 Itaque
1653 4995 1850 5051 festqu
1875 4992 2242 5057 celebremus,
2265 5008 2373 5047 non
2407 4991 2460 5045 in
2489 4990 2760 5045 fermento
2802 4990 2973 5042 veteri
3006 5005 3184 5059 neque
3216 4990 3271 5042 in
3298 4989 3463 5060 338
3489 4989 3763 5045 fermento
3789 4990 4017 5045 malitiae

724 5101 778 5143 ιιι
811 5092 1102 5145 versuti»:
1143 5090 1239 5145 sed
1276 5091 1330 5145 in
1364 5092 1600 5162 panibus
1636 5089 1909 5144 fermento
1950 5088 2292 5149 carentibus,
2326 5083 2433 5141 hoc
2459 5093 2565 5153 est,
2598 5084 2654 5138 in
2685 5084 3005 5138 sinceritate
3037 5091 3091 5136 et
3122 5083 3354 5137 veritate
3380 5082 3479 5136 ⁸⁸.»
3506 5081 3569 5135 Ει
3604 5083 3800 5137 iterum
3822 5102 3864 5136 τι
3902 5082 4014 5140 Es-

725 5192 957 5252 purgatc
993 5182 1542 5248 vetusferum-ntulit,
1586 5196 1642 5238 ut
1672 5184 1795 5239 sitis
1840 5198 1991 5237 nova
2021 5183 2367 5253 conspersit),
2392 5182 2553 5236 sicuti
2584 5180 2720 5233 estis
2752 5194 2861 5232 non
2895 5177 3210 5231 fermentati
3240 5177 3305 5229 ".
3346 5194 3366 5229 ι
3406 5175 3599 5231 Oleum
3633 5177 3836 5232 latitia
3864 5193 4017 5249 sym.

727 5275 914 5328 bolum
948 5284 1051 5329 est.
1090 5275 1223 5329 Nam
1260 5276 1727 5341 miscricordiam,
1751 5290 1915 5343 quam
1949 5273 2141 5327 tribuit
2182 5272 2345 5336 Deus,
2379 5285 2481 5325 nos
2513 5269 2784 5339 consequi
2840 5275 3076 5338 oportet.
3114 5267 3299 5337 lnquit
3338 5268 3485 5322 enim
3527 5285 3537 5318 :
3580 5286 3598 5319 ι
3660 5265 3840 5321 Macta
3902 5268 4016 5324 Deo

725 5362 1059 5417 sacrificium
1090 5365 1293 5425 laudis,
1330 5373 1383 5417 et
1433 5363 1599 5416 redde
1639 5363 1870 5417 Domino
1904 5372 2028 5414 vota
2064 5372 2176 5423 tua,
2217 5370 2268 5412 et
2303 5362 2494 5414 invoca
2523 5376 2607 5413 me
2641 5361 2693 5413 in
2733 5360 2819 5413 die
2848 5358 3225 5412 tribulationis
3263 5367 3392 5423 tute,
3428 5366 3479 5410 et
3517 5357 3814 5411 vindicabo
3849 5366 3923 5424 te,
3958 5370 4015 5414 et

722 5452 1072 5507 collaudabis
1116 5468 1202 5507 nte
1225 5455 1514 5521 tuaguilice
1550 5452 1651 5503 π.»
1680 5449 1816 5503 lluic
1852 5453 2113 5504 convenit
2144 5460 2193 5501 cl
2231 5449 2395 5503 illud:
2430 5469 2445 5498 ι
2494 5448 2690 5503 Maale
2725 5448 2852 5517 quis
2890 5446 3032 5501 inter
3068 5461 3163 5502 vos
3192 5448 3380 5500 animo
3412 5456 3517 5511 est,
3549 5447 3793 5500 orationi
3829 5448 4015 5501 inten-

724 5552 815 5597 tus
854 5543 969 5595 sit.
997 5540 1145 5597 Lmto
1174 5542 1299 5611 quis
1334 5541 1521 5595 animo
1553 5548 1658 5602 est,
1690 5539 1941 5592 cantillet
1974 5539 2041 5590 ‘-".
2088 5556 2102 5588 ι
2141 5567 2207 5576 —--
2247 5559 2262 5586 ο
2309 5536 2425 5593 Non
2479 5537 2819 5607 relinquent,
2850 5535 2947 5599 ait,
2984 5535 3050 5591 de
3079 5550 3145 5590 eo
3178 5538 3232 5589 in
3270 5537 3603 5599 crastinum,
3645 5553 3663 5587 ι
3705 5545 3815 5591 etc.
3853 5535 4015 5592 Alius

792 5700 836 5732 "
882 5699 1065 5752 Galat.
1111 5715 1169 5758 tt,
1207 5697 1294 5755 19.
1340 5697 1430 5750 20.
1511 5697 1556 5727 ⁵⁸⁸
1582 5696 1723 5748 Psal.
1761 5692 2122 5751 1.,19.*¹1ςτ1.
2159 5710 2272 5756 Lm,
2315 5693 2398 5747 l‘l.
2480 5702 2484 5724 τ

2315 5693 2398 5747 1⁶ὶ.
2480 5697 2523 5726 ’³
2562 5692 2737 5747 ιιῑυτ.
2785 5708 2862 5759 ιι,
2896 5693 2981 5747 15.
3041 5691 3085 5722 ⁸³
3118 5690 3138 5746 1
3180 5690 3307 5747 Cor.
3342 5707 3395 5755 ι,
3426 5690 3511 5745 18.
3591 5691 3636 5723 ⁵⁸
3675 5689 3847 5747 lCor.
3876 5691 3991 5761 v,8

717 5769 771 5804 ’⁸
804 5772 935 5827 11ι1ι1.
974 5772 1020 5826 7.
1102 5771 1145 5802 ⁸⁸
1179 5768 1325 5823 l’sal.
1360 5786 1503 5831 thv,
1550 5769 1631 5834 li,
1668 5768 1755 5819 'lfi.
1834 5770 1872 5796 δ”
1902 5765 2019 5819 ire.
2059 5782 2114 5827 γ,
2146 5766 2227 5819 15.
