4286 6444
300 408 411 475 ’117
1335 404 1869 464 ΟΟΪιὶΜΕΝΤᾹιῖῐι
1917 403 1992 462 1N

1335 404 1869 464 CORUIENTARU
1917 403 1996 462 ΙΝ
2040 403 2473 463 LEVITiCUM.

299 525 451 577 enim
489 519 689 574 modus
711 525 795 574 est
832 514 1092 571 laudandi
1125 513 1415 567 Dominum
1445 517 1495 566 in
1525 515 1710 569 futuro
1750 516 1974 575 szeculo,
1999 515 2468 583 quemadmodum
2494 515 2606 582 jam
2643 515 2771 569 olim
2805 519 3008 571 dictum
3034 529 3117 574 est
3152 539 3162 572 :
3206 540 3221 572 ι
3260 523 3562 584 Cantemus

299 611 556 663 Domino.
610 604 895 676 Magniﬁce
941 602 1142 658 etenim
1191 601 1531 666 gloriﬁcalus
1584 613 1664 656 cst
1692 605 1754 656 ".
1798 623 1814 654 ι
1849 602 2084 656 Carmen
2141 611 2345 666 autem,
2395 602 2540 670 quod
2577 611 2846 672 tempore,
2881 623 2995 676 quo
3048 609 3436 668 manifestatus
3477 627 3562 669 est

299 691 580 752 Christus,
614 698 735 742 erat
771 688 1102 751 canendum,
1129 693 1294 742 etiam
1329 688 1756 756 przenuntiatum
1791 695 1913 740 cst:
1948 704 1964 735 ι
2000 686 2239 740 Carmen
2265 702 2532 742 canamus
2566 687 2798 744 Domino
2825 708 3050 747 carmen
3079 711 3279 751 nevum
3311 701 3421 774 "._s
3451 701 3563 757 lloc

298 778 564 829 nimirum
603 776 738 829 illud
770 787 872 838 est,
903 776 1052 842 quod
1095 775 1395 828 scribitur:
1435 794 1451 824 ι
1493 774 1753 827 Ascendit
1817 775 1959 830 Deus
1997 791 2121 829 cum
2161 777 2563 832 vociferatione
2603 780 2692 832 uisi
2731 781 2964 850 diripuit
3001 783 3298 850 infernum,
3329 797 3382 841 rt
3429 791 3564 844 dixit

295 865 404 926 his,
426 865 522 931 qui
550 871 710 916 erant
734 862 786 914 in
816 862 1092 914 vinculis:
1136 862 1327 914 Exite:
1363 871 1417 913 et
1440 860 1547 922 his,
1573 862 1666 929 qui
1698 863 1750 914 in
1779 865 2030 918 tenebris
2073 867 2455 928 morabantur,
2483 865 2539 919 lu
2573 868 2749 922 lucem
2777 872 3060 938 procedite
3092 875 3161 925 ’.ι
3191 876 3405 940 Quibus
3441 896 3562 933 vcr-

293 952 380 1004 bis
401 951 704 1004 edocemur
728 959 960 1002 mortem
982 963 1103 1002 esse
1134 947 1492 1010 debellatam,
1525 957 1579 1000 ct
1613 963 1896 1016 peccatum
1940 955 2161 1020 penitus
2197 955 2565 1008 destructum.
2597 954 2838 1012 Proinde
2866 959 2995 1012 huic
3030 964 3262 1030 tempori
3290 977 3564 1035 congruct

293 1043 386 1090 illa
419 1041 543 1092 laus
577 1039 692 1092 sive
730 1039 822 1091 ille
857 1033 1119 1090 laudandi
1162 1034 1331 1088 Deum
1369 1035 1530 1088 ritus.
1565 1035 1701 1088 Nam
1729 1036 2056 1094 adveniente
2096 1056 2183 1104 eo,
2217 1042 2363 1110 quod
2403 1043 2704 1111 perfectqu
2743 1057 2797 1098 et
2832 1049 3074 1116 undique
3106 1033 3423 1106 absolutum
3453 1068 3559 1116 cst,

289 1130 441 1198 quod
478 1129 811 1198 particulare
843 1127 1006 1180 luerit
1034 1125 1374 1179 dissolvetur
1401 1134 1454 1176 et
1481 1125 1697 1179 irritmn
1746 1129 1854 1181 erit
1885 1128 1925 1180 '.
1969 1126 2063 1181 Sic
2093 1138 2148 1182 et
2184 1129 2434 1183 Cluistus
2472 1133 2683 1198 inquit:
2726 1151 2743 1183 ι
2777 1132 2934 1187 Nunc
2964 1152 3057 1204 per
3085 1140 3375 1206 parabolas
3409 1144 3562 1196 locu-

289 1221 384 1266 tus
409 1229 536 1267 sum
571 1212 749 1266 vobis.
787 1209 946 1266 Venit
980 1210 1138 1272 hora,
1165 1209 1386 1280 quando
1421 1223 1529 1261 non
1557 1212 1792 1278 amplius
1821 1225 1917 1281 per
1948 1214 2239 1281 parabolas
2269 1217 2465 1285 loquar
2497 1221 2657 1272 vobis
2686 1220 2725 1271 ³.
2757 1238 2774 1270 ι

3452 415 3559 478 ἨΒ

360 1327 472 1381 Καὶ
511 1327 578 1380 τὸ
614 1328 1014 1396 καταλειφθὲν
1044 1327 1164 1381 ἀπὸ
1210 1327 1320 1394 τῆς
1354 1330 1573 1391 θυσίας
1595 1327 1704 1391 ἕως
1733 1327 1876 1396 ὴμέ-
1910 1313 1953 1368 Α

1871 1359 1876 1367 ι
1910 1313 1953 1368 Α
2059 1328 2212 1394 Quod
2248 1331 2519 1384 residuum
2551 1333 2712 1400 fuerit
2743 1336 2806 1387 de
2841 1339 3089 1392 carnibus
3119 1344 3375 1408 sacriﬁcii
3401 1361 3563 1414 usque

290 1437 393 1484 ρας
429 1422 653 1488 τρίτης,
683 1422 754 1473 ἐν
793 1421 937 1487 πυρὶ
987 1419 1529 1489 κατακαυθήσεται.
1585 1421 1721 1472 Ἀπὸ
1767 1420 1878 1472 τῶν

290 1511 561 1563 ὲκουσέων
592 1511 688 1563 καὶ
717 1511 826 1563 τῶν
862 1513 981 1563 κατ’
1010 1511 1175 1582 εὐχὴν
1209 1512 1279 1564 τὰ
1321 1512 1570 1581 λείψανα,
1605 1513 1698 1563 καὶ
1727 1514 1785 1564 ἐν
1811 1514 1876 1582 τῇ

287 1600 522 1671 Emodon
559 1601 826 1669 βρώματα
857 1601 936 1672 (6)
962 1618 976 1632 ο
1009 1604 1066 1654 ὲν
1096 1605 1162 1672 τῇ
1204 1603 1367 1674 τρίτῃ
1399 1603 1478 1666 δὲ,
1511 1601 1594 1655 οὗ.
1638 1601 1744 1654 Τοῦ
1780 1603 1878 1672 μὲν

283 1693 607 1762 αὐθημερὸν
639 1692 925 1759 δηλοῦντος
955 1692 1037 1756 τὺ,
1075 1711 1094 1744 ι
1131 1693 1221 1745 Ἐν
1248 1695 1313 1763 τῇ
1350 1697 1590 1763 κοσμικῇ
1615 1694 1821 1764 ἡμέρᾳ.
1855 1710 1873 1746 ι

284 1785 410 1848 μεθ’
452 1787 519 1852 ἦν
553 1786 654 1837 οὐκ
706 1785 823 1836 ἔστι
866 1785 957 1837 διὰ
996 1784 1228 1838 Θανάτου
1270 1783 1518 1856 σωτηρία
1543 1803 1555 1816 ·
1588 1785 1684 1838 τοῦ
1725 1786 1781 1838 δὲ
1817 1787 1874 1837 ὲν

279 1876 395 1930 δύω
426 1877 617 1947 μόναις
648 1879 907 1950 ἡμέραις,
958 1879 1058 1949 τὴν
1087 1878 1175 1931 διὰ
1207 1877 1400 1948 τρίτης
1428 1877 1737 1949 δηλοῦντος,
1770 1880 1870 1949 τὴν

276 1970 586 2022 ἀνάστασιν
603 1972 696 2022 τοῦ
725 1972 946 2034 ἑκόντος
968 1970 1260 2034 παθόντος.

1981 1422 2036 1474 in
2056 1423 2192 1474 diem
2215 1423 2451 1486 tertium,
2470 1424 2587 1493 igne
2605 1428 3049 1494 concrcmabitur,
3066 1440 3171 1485 etc.
3193 1431 3446 1508 [Vll,l7.]
3469 1436 3565 1491 Rt»

1983 1512 2170 1581 liquite
2187 1512 2585 1567 sacrificiorum
2611 1516 3142 1582 voluntariorum,ct
3163 1526 3561 1579 sacriﬁciorum

1981 1602 2049 1655 ad
2082 1619 2206 1674 quae
2235 1605 2362 1673 quis
2393 1608 2609 1661 ratione
2632 1609 2746 1661 voti
2785 1612 3147 1679 persolvenda
3206 1616 3434 1672 adactus
3456 1629 3560 1678 est.

1983 1697 2037 1750 in
2076 1697 2321 1751 secundo
2356 1697 2436 1750 vel
2476 1699 2650 1752 altero
2672 1701 2760 1754 die
2791 1718 2898 1756 non
2932 1704 3265 1761 damnantur
3288 1710 3340 1762 in
3379 1711 3517 1765 cibis
3549 1727 3561 1761 :

1985 1798 2039 1841 at
2072 1790 2123 1841 in
2151 1791 2316 1844 tertio
2348 1791 2436 1846 die
2481 1808 2712 1860 prorsus
2749 1795 2835 1848 his
2877 1796 3266 1854 abstinendum
3301 1817 3424 1858 csse
3451 1804 3566 1857 edi-

1981 1883 2148 1934 citur.
2184 1882 2341 1947 Quod
2363 1884 2488 1936 aitzi
2522 1883 2576 1936 In
2609 1885 2731 1954 ipso
2768 1887 2876 1951 die,
2912 1908 2928 1939 ι
2956 1899 3090 1953 etc.,
3124 1895 3285 1949 nobis
3323 1897 3392 1950 ob
3429 1912 3560 1951 ocu-

1981 1972 2064 2026 los
2096 1975 2251 2041 pouit
2274 1983 2512 2044 tempus,
2544 1975 2692 2044 quod
2722 1977 2776 2030 in
2815 1979 2917 2032 hoc
2956 1983 3162 2036 sarculo
3203 1986 3328 2040 vitae
3359 1997 3566 2046 nostrae

279 2067 584 2120 tribuitur:
623 2082 733 2135 quo
759 2076 1004 2135 peracto,
1042 2067 1300 2123 videlicet
1323 2069 1542 2138 quando
1570 2068 1858 2132 morimur,
1904 2068 2051 2122 nulla
2083 2070 2322 2138 amplius
2347 2071 2621 2140 speranda
2653 2080 2738 2127 est
2776 2073 2926 2128 salus
2961 2092 3056 2145 per
3113 2079 3345 2134 alterius
3416 2099 3564 2138 tuor-

279 2172 414 2224 Iem,
445 2175 571 2214 cum
607 2159 810 2215 Christi
843 2160 1156 2230 passionem
1181 2168 1236 2214 et
1266 2172 1494 2216 mortem
1534 2162 1588 2214 in
1620 2161 1723 2214 hoc
1758 2159 1963 2213 saeculo
1992 2159 2301 2229 despicatui
2329 2161 2710 2218 habuerimus.
2764 2162 2922 2228 Quod
2985 2168 3159 2236 inquit

3207 2188 3218 2221 :
3271 2193 3287 2222 ι
3333 2174 3388 2227 In
3424 2178 3563 2230 duo.

279 2249 383 2304 bus
416 2250 619 2304 diebus
648 2251 803 2312 solis,
841 2269 858 2302 ι
892 2261 1028 2314 elc.,
1061 2251 1221 2305 nobis
1249 2251 1303 2304 in
1337 2259 1576 2305 mentem
1606 2261 1898 2305 revocatur
1934 2250 2052 2305 dies
2083 2251 2301 2315 tertius,
2333 2268 2445 2321 quo
2478 2254 2766 2324 magniﬁce
2807 2261 3111 2312 resurrexit
3177 2262 3428 2324 Salvator
3468 2284 3571 2326 no~

276 2350 418 2406 ster,
445 2344 540 2411 qui
577 2358 676 2411 pro
709 2343 866 2396 nobis
890 2344 1152 2397 ultimum
1187 2345 1456 2400 sustinuit
1487 2344 1842 2415 supplicium.

349 2457 463 2510 Kal
489 2457 523 2521 ή
553 2458 893 2524 ἀκαθαρσία
929 2459 1116 2515 αὐτοῦ
1147 2460 1241 2511 ἐπ’
1271 2459 1450 2524 αὐτῷ.
1482 2459 1737 2531 ’Λὸρωτα
1756 2462 1870 2520 τοῖς

278 2550 617 2620 ἀκαθάρτοις
651 2551 718 2602 τὰ
759 2552 896 2620 κρέα
940 2551 1034 2603 τοῦ
1077 2552 1372 2622 σωτηρίου.
1411 2555 1662 2624 Καϐαροὶ
1688 2554 1795 2625 γὰρ
1819 2555 1869 2606 oi

281 2641 524 2715 Χριστοῦ
561 2644 884 2713 μετέχοντες
913 2704 921 2713 ⁸

357 2907 490 2961 Πᾶν
535 2908 722 2977 στέαρ
750 2905 940 2972 βοῶν,
989 2909 1084 2962 καὶ
1133 2909 1464 2978 προϐάτων,
1514 2913 1612 2967 καὶ
1669 2913 1871 2984 ιιιγῶν.

2051 2453 2116 2506 Et
2152 2454 2496 2508 imnmnditia
2527 2455 2642 2524 ejus
2675 2472 2830 2525 super
2880 2460 3092 2527 ipsum,
3140 2466 3252 2520 étc.
3288 2467 3425 2542 [10,]
3462 2472 3565 2525 Im-

1981 2547 2100 2618 puri
2149 2555 2202 2598 et
2245 2547 2460 2616 profani
2519 2547 2772 2604 homines
2805 2567 2911 2606 non
2944 2554 3275 2613 admittendi
3312 2575 3442 2616 sunt
3495 2569 3563 2620 ad

1980 2651 2178 2691 carnes
2217 2639 2594 2703 victimarum,
2623 2655 2746 2708 quzn
2777 2658 2874 2711 pro
2909 2643 3086 2700 salute
3120 2647 3325 2705 fuerint
3367 2656 3563 2708 immo-

1979 2728 2122 2780 latae.
2175 2728 2310 2782 Nam
2349 2731 2668 2798 quicunque
2729 2749 2853 2787 vere
2902 2744 3193 2793 sectantur
3245 2745 3561 2816 religionem

1906 2793 1950 2852 Β
1978 2817 2208 2881 Christi,
2242 2820 2310 2873 ab
2337 2793 2483 2873 omni
2519 2793 2640 2877 labe
2668 2833 2721 2877 et
2746 2827 2964 2879 macula
3001 2832 3124 2898 puri
3154 2793 3302 2887 sunt.

2051 2910 2239 2966 Omnis
2307 2913 2572 2982 pinguedo
2619 2914 2774 2968 boum
2809 2929 2859 2970 et
2905 2920 3104 2986 ovium,
3131 2935 3235 2980 ctc.
3267 2928 3404 3001 [17η
3437 2930 3562 2986 Pin-

279 3000 522 3062 Σιέατος
560 3000 654 3051 καὶ
694 3001 928 3069 αἳματος
975 3000 1383 3069 ἀπαγορεύεται
1439 3000 1664 3074 βρῶσις.
1717 3004 1874 3059 Ἐστι

1866 3026 1874 3059 ι
1978 3003 2233 3072 gucdinis
2277 3007 2394 3059 sive
2439 3007 2550 3061 sevi
2598 3018 2651 3062 et
2692 3012 2980 3081 sanguinis
3019 3017 3362 3078 interdicitur
3397 3000 3558 3082 rosus.

278 3094 337 3146 δὲ
363 3093 426 3144 τὸ
470 3093 590 3160 μὲν,
637 3091 784 3159 ζωῆς
834 3092 1138 3158 σύμϐολον⁶
1191 3094 1253 3145 τὸ
1294 3092 1373 3157 δὲ,
1435 3095 1658 3167 ἀρετῆς.
1695 3097 1874 3169 Ἀπερ

277 3184 522 3252 ἑκάτερα
561 3184 716 3252 τίμια
756 3182 898 3252 Θεῷ,
949 3185 1043 3238 καὶ
1085 3183 1234 3254 αὑτῷ
1262 3185 1596 3242 ἀνατίθεται.
1650 3188 1876 3260 Ἀπειρ-

278 3292 369 3343 γει
400 3275 456 3327 δὲ
487 3275 581 3328 καὶ
606 3276 820 3346 τρυφῆς
855 3276 949 3330 καὶ
973 3275 1201 3346 φονικῆς
1237 3277 1632 3346 προαιρέσεως.

1982 3092 2224 3163 Sanguis
2249 3095 2394 3149 enim
2426 3097 2568 3162 vitae,
2598 3107 2654 3152 at
2678 3102 2955 3172 pinguedo
2990 3108 3214 3166 virtutis
3254 3117 3561 3184 symbolum

1978 3193 2084 3240 est.
2118 3184 2359 3256 Utraque
2385 3192 2563 3261 magni
2591 3193 2732 3247 ﬁunt
2767 3198 2911 3265 apud
2948 3199 3144 3268 Deum,
3175 3208 3334 3277 eique
3365 3226 3560 3268 consc-

1983 3286 2228 3333 crantur.
2264 3279 2536 3336 Caeterum
2569 3286 2682 3340 haec
2715 3290 2898 3343 omnia
2922 3307 2989 3346 eo
3016 3298 3271 3364 tendunt,
3298 3312 3354 3355 ut
3386 3305 3437 3357 in
3467 3323 3564 3361 no-

1984 3370 2068 3425 bis
2092 3372 2348 3442 voluptas
2379 3385 2431 3427 et
2457 3375 2709 3433 humanae
2735 3376 2967 3441 rationis
3000 3388 3248 3448 instituta
3281 3406 3326 3448 et
3362 3397 3564 3453 dclira-

1983 3473 2167 3516 menta
2191 3464 2565 3522 eradicentur.

357 3555 427 3612 Et
471 3556 737 3627 pinguedo
762 3557 1082 3610 animalium
1114 3574 1215 3613 sua
1249 3570 1436 3628 sponte
1459 3562 1829 3628 "mortuorum,
1858 3579 1907 3622 et
1941 3589 1972 3626 a
2005 3573 2176 3629 bestia
2226 3578 2607 3643 laceratorum,
2639 3593 2746 3639 etc.
2781 3584 2919 3661 [IL]
2953 3591 3127 3647 Etiam
3165 3597 3441 3669 pinguedo
3471 3604 3568 3658 ιιο.

278 3666 407 3706 rum
443 3649 764 3703 animalium
790 3649 1047 3719 rejicitur
1077 3658 1130 3705 et
1161 3651 1478 3708 damnatur.
1509 3653 1628 3711 Non
1663 3660 1779 3713 vult
1805 3659 1949 3720 Deus
1979 3666 2082 3723 hac
2108 3669 2341 3738 placari.

356 3762 645 3832 Ἀσρωτον
670 3760 830 3813 τοῦτό
859 3778 1046 3832 φησιν,
1071 3764 1150 3826 εἰς
1171 3762 1228 3816 δὲ
1251 3764 1388 3834 ἔργα
1413 3766 1639 3836 ληπτόν.
1670 3770 1876 3842 Σημαί-

279 3872 430 3911 νοιτο
459 3854 503 3907 δ’
543 3855 612 3908 ἂν
643 3855 672 3907 ὁ
694 3854 988 3925 ἀνθρώπου
1026 3854 1259 3920 θάνατος
1297 3859 1361 3910 ὲκ
1396 3858 1496 3928 τῆς
1523 3859 1616 3914 τοῦ
1640 3863 1876 3934 ἀοράτου

279 3947 478 4018 θηρίου
527 3945 757 4017 πικρίας
811 3946 1130 4016 εἰσαχθείς·
1178 3948 1304 4002 καθ’
1356 3951 1552 4005 ἑαυτὸν
1600 3954 1723 4023 μὲν,
1776 3958 1877 4011 οὑκ

276 4039 594 4110 ὠφέλιμος·
633 4038 769 4100 «Ti;
794 4039 903 4110 γὰρ
923 4039 1165 4106 ὠφέλεια
1194 4042 1252 4125 ev
1298 4039 1376 4112 τῷ
1426 4043 1624 4113 αἵματι
1674 4064 1777 4116 μου
1818 4049 1876 4101 ὲν

276 4129 358 4200 τῷ
391 4129 701 4200 καταϐῆναι
733 4145 800 4198 με
850 4131 944 4195 εἰς,
975 4128 1311 4201 διαφθοράνς
1355 4151 1374 4183 ι
1423 4133 1547 4188 ὅθεν
1592 4137 1876 4209 ἄϐρωτονο

277 4223 425 4292 ἔχων
453 4221 510 4274 δὲ
537 4222 638 4292 τὴν
667 4221 735 4274 δι’
775 4221 956 4292 ἔργων
990 4222 1282 4291 ὠφέλειαν,
1317 4224 1372 4277 ετ
1398 4243 1482 4290 τις
1510 4229 1580 4282 τὰ
1609 4231 1691 4294 εἰς
1729 4231 1875 4307 ζωὴν

275 4315 632 4385 ἀναφέροντα
665 4314 978 4384 ἐργάζοιτο,
1020 4313 1097 4384 τῷ
1143 4314 1296 4386 φόϐῳ
1342 4315 1438 4370 τοῦ
1471 4317 1705 4375 θανάτου
1740 4325 1878 4396 πρὸς

273 4406 442 4461 τοῦτο
471 4405 797 4476 ὠφεληθεῑς.

277 4501 540 4570 reproba.
580 4498 854 4553 Caeterum
891 4498 1186 4555 utilitatem
1212 4499 1456 4572 aliquam
1479 4504 1644 4606 habet
1667 4509 1714 4563 si
1740 4509 2056 4579 proferatur
2080 4520 2135 4574 in
2163 4537 2298 4580 usus
2331 4498 2622 4596 profanos.
2649 4498 2664 4509 ’
2697 4536 2766 4587 At
2826 4498 2952 4608 quo

274 4591 407 4662 quis
442 4590 665 4645 virtutis
697 4599 1042 4661 exsequatur
1111 4605 1310 4661 opera,
1354 4607 1477 4662 quae
1532 4595 1700 4650 vitam
1757 4601 1916 4657 nobis
1997 4590 2340 4681 procuranti

274 4686 506 4743 mortis.

2053 3779 2170 3836 Non
2203 3791 2386 3840 tamen
2425 3803 2544 3843 eam
2580 3793 2837 3860 prohibet
2868 3782 3117 3855 adhiberi
3152 3807 3346 3863 usibus
3381 3814 3567 3880 profa-

1984 3873 2092 3928 nis.
2125 3873 2482 3946 Signiﬁcatur
2509 3893 2691 3940 autem
2733 3886 2837 3942 hoc
2871 3890 2990 3946 loco
3016 3909 3182 3962 mors,
3208 3917 3328 3969 qua:
3359 3873 3564 3963 homini

1982 3964 2130 4020 illata
2158 3976 2242 4022 est
2273 3984 2303 4022 a
2335 3970 2556 4028 diabolo
2594 3977 2858 4035 invisibili
2894 3983 2983 4037 illa
3017 3964 3237 4044 bellua:
3264 3994 3437 4052 llomo
3470 4000 3570 4068 igi—

1981 4062 2074 4110 tur
2093 4072 2189 4127 per
2211 4074 2272 4116 se
2304 4062 2359 4116 in
2386 4063 2535 4121 hunc
2559 4069 2781 4125 modum
2815 4075 3053 4135 violatus
3081 4080 3340 4138 dentibus
3362 4062 3570 4145 diaboli

1982 4149 2279 4221 lethil'eris,
2313 4158 2521 4212 nullam
2563 4161 2618 4215 in
2649 4179 2708 4218 se
2744 4165 2908 4222 habet
2945 4171 3261 4242 utilitatem,
3305 4195 3428 4252 qua!
3457 4185 3572 4251 pla-

1984 4249 2104 4297 ceat
2135 4242 2266 4300 Deo.
2307 4265 2325 4299 ι
2363 4247 2496 4315 Quae
2529 4255 2675 4309 enim
2713 4256 2925 4315 utilitas
2956 4261 3010 4316 in
3047 4242 3492 4338 s:inguine.mco,
3524 4279 3590 4328 si»

1984 4331 2316 4392 descendam
2372 4341 2425 4394 in
2459 4342 2692 4410 exitium
2739 4355 2790 4401 et
2843 4331 3254 4423 corruptionem
3287 4359 3334 4414 ⁸2
3369 4381 3386 4412 ι
3422 4331 3570 4428 Qua-

1987 4437 2209 4498 propter
2238 4445 2344 4486 non
2378 4433 2584 4502 editur,
2629 4442 3100 4509 quemadmodum
3154 4450 3432 4520 pinguedo
3481 4458 3571 4510 illa

2403 4632 2737 4690 exsequatur
2794 4637 2975 4684 autem
3033 4632 3124 4687 illa
3189 4649 3354 4704 opera
3426 4649 3572 4694 metu

277 4838 281 4842 ’
348 4841 548 4908 Accipe
567 4839 840 4895 Aaronem
865 4847 918 4894 et
944 4839 1090 4909 ﬁlios
1120 4840 1263 4938 ejus,
1294 4848 1412 4938 etc:
1439 4839 1581 4917 [29.]
1613 4844 1749 4902 Cum
1779 4860 1940 4906 antea
1967 4857 2202 4912 seorsim
2234 4858 2417 4920 Moses
2447 4866 2571 4923 oleo
2589 4876 2643 4923 et
2671 4875 2904 4929 seorsim
2938 4890 3137 4934 cruore
3166 4879 3400 4937 alterius
3429 4887 3573 4938 διιο-

272 4931 349 4986 tis
386 4930 644 4985 unsisset
699 4928 848 4996 illos,
893 4930 988 4999 qui
1025 4931 1202 4985 sacris
1235 4930 1605 4987 initiabantur
1633 4948 1691 4990 ut
1721 4939 2045 4998 sacerdotio
2090 4945 2186 5003 [un

271 5018 645 5091 perfectione,
690 5019 910 5086 qualem
949 5016 1264 5088 suppeditat
1301 5019 1410 5083 les,
1448 5021 1758 5090 potiuntur.
1793 5025 1911 5084 Non
1958 5031 2160 5106 simple

341 5134 556 5206 Δῖματι
605 5135 699 5188 καὶ
756 5134 928 5205 ἐλαίῳ
988 5134 1314 5206 ιῤῥάντισιν
1367 5135 1587 5201 αὐτούς.
1637 5139 1710 5193 Τὸ
1772 5143 1872 5213 μὲν

2193 4963 2495 5025 gerentur;
2532 4975 2683 5015 nunc
2717 4962 3013 5022 offerentes
3054 4971 3326 5026 sacriﬁcia
3365 4975 3572 5043 majori-

2167 5054 2199 5093 ι
2244 5042 2426 5098 oleum
2476 5048 2818 5107 admiscetur
2853 5058 3118 5128 sanguini
3164 5042 3573 5133 simplici,scd

1980 5151 2166 5208 oleum
2226 5162 2508 5220 unctionis
2556 5175 2612 5221 et
2662 5183 2832 5224 cruor
2880 5171 3074 5231 altaris
3125 5175 3568 5235 confunduntur.
3611 5193 3619 5204 ‘

267 5229 479 5292 ἔλαιον,
512 5227 623 5283 ἀπὸ
640 5226 739 5281 τοῦ
766 5227 949 5280 ιλαίου
969 5226 1071 5297 τῆς
1100 5226 1336 5297 κρίσεως
1361 5243 1374 5257 ·
1398 5230 1461 5282 τὸ
1491 5230 1549 5284 δὲ
1577 5227 1738 5304 αἷμα,
1762 5235 1872 5289 ἀπὸ

1977 5241 2090 5299 Nec
2149 5246 2254 5317 ipsi
2305 5255 2432 5321 soli,
2460 5256 2555 5312 sed
2586 5267 2638 5314 et
2665 5261 2996 5320 vestimenta
3040 5266 3288 5337 ipsorum
3322 5272 3572 5326 sentiunt

266 5320 365 5375 τοῦ
404 5319 823 5390 θυσιαστηρίου.
856 5319 970 5373 Καὶ
1014 5317 1187 5373 ταῦτα
1210 5317 1383 5383 τύπος
1411 5321 1478 5374 ἀν
1525 5323 1634 5394 εἴη,
1660 5324 1721 5378 τὸ
1772 5327 1872 5396 μὶν

341 5527 392 5560 ⁸⁸
424 5520 594 5581 Exod.
624 5541 712 5590 xv,
744 5524 793 5579 1.
856 5525 902 5556 ”
931 5525 1077 5578 Psal.
1116 5541 1235 5586 xcv,
1263 5527 1314 5580 1.

267 5606 288 5629 ⁸
320 5595 474 5651 Ρςςιι.
509 5613 664 5661 satis,
701 5596 789 5649 10.

1421 5527 1575 5583 ‘lsa.
1603 5544 1751 5597 sus,
1789 5531 1860 5598 9;
1893 5532 1937 5587 ll
1963 5535 2092 5594 Cor.
2135 5558 2210 5608 νι,
2242 5545 2328 5601 17.

1953 5335 2100 5390 hanc
2117 5341 2458 5402 unctionem.
2489 5347 2688 5406 Verum
2717 5353 2832 5410 haec
2858 5344 3044 5412 omnia
3066 5335 3122 5412 in
3148 5367 3283 5431 typo
3319 5362 3564 5434 quodam

2448 5550 2466 5580 ²
2502 5551 2672 5609 Hier.
2710 5572 2833 5625 xui,
2864 5560 2953 5614 10.
3071 5562 3091 5594 ⁸
3133 5561 3293 5625 Joan.
3328 5580 3435 5634 svi,
3469 5567 3560 5623 25.

1797 5738 2028 5802 NOTAE.

339 5853 422 5922 i5)
453 5853 667 5924 Βρωτά.
711 5856 770 5911 ’0
800 5858 897 5922 τῆς
927 5857 1062 5924 Αὺγ.
1088 5855 1218 5913 κώδ.
