4286 6444
718 375 824 439 ’119
2032 372 2387 431 PRUCOPII

2293 372 2387 430 r11
2437 368 2679 429 GAZ£l
3879 364 3985 431 πο

720 491 1018 559 contigere.
1040 489 1098 542 Ct
1116 504 1215 543 nor
1248 488 1695 557 passionis339
1714 486 2031 551 Dominicm,
2052 486 2307 539 utolcnm
2337 493 2382 547 Α

2295 503 2307 536 ι
2337 493 2382 547 Α
2412 478 2574 551 αἷμα,
2623 481 2717 533 τοῦ
2751 479 3021 549 σωτηρίου
3063 480 3303 542 πάϐουςν
3342 481 3401 533 τὸ
3442 482 3499 534 δὲ
3526 481 3733 542 ἔλαιον,
3763 480 3861 549 τῆς
3890 481 3987 532 ἐπὶ

720 579 1024 641 unctionis,
1048 595 1171 645 qua:
1203 579 1256 630 in
1283 578 1561 645 baptismo
1589 579 1668 638 lit,
1703 575 2011 645 symbolum
2049 574 2303 626 habetur.
2404 592 2412 607 ι

2294 612 2303 625 .
2404 573 2501 625 τοῦ
2555 570 2783 641 λουτροῦ
2828 572 3082 640 κρίσεως.
3133 569 3271 621 Ἀλλ’
3322 572 3381 621 ἐν
3426 569 3504 638 τῷ
3548 570 3701 639 νόμῳ
3732 571 3779 620 οἱ
3820 572 3986 636 ἱερεῖς

720 671 945 724 Notabis
978 680 1182 732 autem,
1220 670 1273 722 in
1309 670 1427 736 lege
1464 670 1616 722 solus
1642 667 1962 721 sacerdotes
2000 665 2221 719 lustrari
2250 672 2305 717 et
2408 684 2412 733 γ

2296 676 2305 716 L
2408 667 2559 734 μόνοι
2589 665 2687 733 ('7),
2728 665 2784 713 ἐν
2815 664 2871 715 δὲ
2913 665 2979 731 τῇ
3008 663 3191 732 χάριτι
3236 662 3298 713 τὸ
3331 662 3539 730 πλῆθος
3568 662 3709 714 ὅλον.
3743 662 3806 713 Ol.
3832 660 3988 729 βασι-

723 762 909 831 perlici
959 763 1230 831 sanguine
1259 771 1309 813 et
1339 761 1465 813 oleo
1492 776 1504 810 :
1535 771 1589 812 at
1618 768 1866 828 tempore
1905 758 2094 825 gratia:
2136 756 2304 824 parti-
2403 754 2415 806 i

2299 785 2304 796 -
2403 754 2513 816 λεῖς
2552 755 2611 806 δὲ
2662 755 2826 821 ἐλαίῳ
2863 753 3031 822 μόνῳ.
3078 755 3193 805 υὺςι
3216 753 3344 821 ὲξῆν
3392 753 3449 806 δὲ
3492 753 3616 806 οὔτε
3646 752 3852 820 ἱερεῦσι
3891 750 3991 816 τῆς

724 856 878 923 ripes
917 854 1052 907 ﬁunt
1082 851 1457 923 perfectionis,
1492 852 1746 905 universa
1775 849 2088 913 multitudo,
2117 863 2302 901 saccr-
2403 865 2416 901 Α

2301 878 2302 883 η
2403 846 2697 916 Λευῖτικῆς
2717 846 2891 915 φυλῆς
2919 842 3061 909 οὖσι,
3090 843 3435 914 βασιλεύειν⁹
3468 844 3592 898 οὔτε
3622 847 3735 906 τοῖς
3764 843 3821 908 ἐξ
3860 839 3993 894 Ἰού-

723 948 933 1001 dotinm
988 948 1216 1015 regium,
1247 961 1381 1014 gens
1413 955 1626 997 sancta.
1684 940 1955 995 Praeterea
1991 952 2167 1008 reges,
2203 937 2298 1006 qui
2404 939 2415 989 ἓ

2404 939 2469 991 δα
2524 939 2944 1007 καταγομένοις,
3000 936 3317 1004 ἱερατεύειν.
3372 936 3547 999 Μόνος
3599 937 3658 988 δὲ
3700 938 3729 987 ό
3786 934 3994 1001 Κύριος

726 1041 932 1108 legium
993 1040 1311 1107 dignitatem
1362 1035 1780 1104 suscipiebant,
1816 1033 1869 1086 in
1900 1030 2303 1083 Vetcri’l‘esta-
2408 1036 2418 1081 ι

2300 1057 2303 1066 -
2408 1028 2568 1098 ἡμῶν
2596 1028 2736 1097 ὑπὲρ
2765 1027 2951 1095 νόμον,
2989 1026 3084 1078 καὶ
3114 1025 3368 1094 βασιλεὺς
3408 1026 3506 1079 καὶ
3550 1025 3729 1097 ἱερεὺς
3775 1022 3992 1091 γέγονε.

728 1145 913 1185 mento
944 1133 1062 1185 solo
1094 1129 1501 1199 inungebantur
1532 1129 1655 1180 oleo
1682 1143 1695 1179 :
1726 1134 1781 1178 at
1820 1124 2139 1179 sacerdotes
2172 1136 2307 1175 con-
2415 1138 2420 1172 τ

1572 1129 1655 1180 leo
1682 1143 1695 1179 :
1726 1134 1781 1178 at
1820 1124 2139 1179 sacerdotes
2172 1136 2307 1175 con-
2415 1119 2558 1173 κατᾶ
2587 1120 2687 1189 τὴν
2720 1118 2877 1182 τάξιν
2904 1118 3262 1186 Μελχισεδέκ.

729 1222 1091 1274 seerabanlttr
1119 1218 1382 1271 adhibitis
1412 1217 1534 1271 oleo
1558 1224 1612 1269 et
1642 1214 1928 1283 sanguine.
1952 1210 2069 1265 Non
2102 1211 2302 1265 licebat
2342 1210 2565 1278 regibus
2599 1207 2951 1263 sacerdotum
2995 1207 3180 1259 munia
3210 1206 3409 1271 obire;
3457 1205 3704 1260 vicissim
3766 1216 3867 1256 nec
3929 1201 3999 1253 li‘

730 1314 898 1364 citum
939 1319 1057 1363 erat
1081 1308 1481 1369 sacerdotibus,
1528 1315 1585 1359 ut
1614 1304 1767 1374 regio
1797 1305 2164 1371 fungerentur
2185 1299 2393 1355 ofﬁcio.
2434 1296 2598 1351 Solus
2659 1307 2840 1351 autem
2906 1294 3183 1363 Christus,
3255 1295 3353 1365 qui
3433 1295 3656 1349 excellit
3702 1293 3899 1361 legem,
3944 1298 4001 1343 et

730 1416 822 1453 rex
859 1411 913 1454 et
947 1399 1210 1454 sacerdos
1254 1398 1651 1466 pronuntiatur
1690 1393 1994 1449 secundum
2042 1390 2306 1453 ordinem
2349 1386 2772 1443 Melchisedech.

801 1578 901 1631 llic
941 1574 1089 1627 enim
1126 1581 1357 1641 utraque
1384 1572 1651 1641 dignitate
1679 1568 2021 1637 conspicuus
2074 1564 2199 1618 fuit.
2247 1560 2671 1615 Administravit
2722 1558 3127 1621 sacerdotium,
3175 1566 3229 1611 et
3284 1557 3437 1627 regni
3466 1557 3847 1627 gubernacula
3883 1572 4006 1610 mo-

729 1668 958 1720 deratus
993 1678 1100 1717 est.
1136 1666 1489 1733 Quapropter
1520 1671 1755 1728 utraque
1787 1662 2196 1711 concurrerunt
2230 1650 2455 1721 corpori
2511 1648 2721 1703 Christi
2776 1650 2829 1702 in
2873 1647 3146 1711 Ecclesia,
3190 1648 3413 1701 scilicet
3450 1646 3681 1716 sanguis
3713 1648 3997 1715 preti05tis

729 1766 775 1805 et
814 1754 998 1807 oleum
1029 1732 1313 1803 sanctum.
1347 1748 1505 1811 Quod
1548 1747 1755 1814 septies
1788 1743 1843 1797 itl
1880 1743 1999 1798 ﬁeri
2036 1741 2366 1811 requiritur,
2411 1738 2545 1791 satis
2578 1735 2928 1790 demonstrat
2970 1734 3346 1789 abundantem
3377 1732 3625 1803 Spiritus
3666 1733 3843 1787 sancti
3884 1733 3999 1786 lar-

729 1842 1018 1911 gitionem,
1050 1855 1157 1906 qua
1194 1838 1546 1889 refocillatnr
1590 1831 1867 1886 Ecclesia.

806 1926 875 1979 Et
909 1943 972 1980 ar
997 1904 1135 1978 ostio
1167 1919 1504 1976 tabernaculi
1544 1919 1837 1973 testimonii
1873 1933 1975 1969 non
2005 1910 2353 1982 egrediemini
2393 1918 2590 1976 septem
2621 1907 2827 1959 dierum
2862 1909 3060 1976 spatio,
3091 1918 3197 1962 etc.
3244 1905 3407 1979 [VII],
3445 1904 3562 1979 53.]
3592 1904 3722 1959 Vult
3751 1915 3809 1959 ut
3846 1921 4006 1975 pror-

732 2032 831 2071 sus
870 2014 1218 2068 assideamus
1284 2010 1417 2074 Deo,
1449 2018 1504 2063 et
1544 2016 1657 2060 tota
1709 2006 1917 2059 virtute
1968 2005 2091 2074 ipso
2151 2002 2399 2055 nitamur
2445 1997 2568 2051 toﬁ.
2643 1993 2870 2065 Septem
2923 1997 3071 2051 enim
3118 1994 3237 2050 dies
3290 1996 3430 2050 satis
3474 1995 3735 2058 edocent,
3795 2004 4004 2064 quanta

733 2104 990 2156 ιςινιιιὶιιιιο
1058 2108 1111 2152 et
1147 2098 1428 2152 soliditate
1482 2110 1584 2149 nos
1634 2093 1825 2147 aﬁivos
1862 2091 1971 2145 Deo
2020 2096 2144 2144 esse
2191 2094 2473 2157 oporteat,
2520 2084 2739 2138 scilicet
2777 2100 2843 2140 ne
2873 2099 3121 2155 unquam
3162 2086 3345 2152 ipsum
3390 2093 3599 2138 temere
3628 2082 4002 2137 oﬂ‘endatnns.

735 2194 847 2245 line
889 2190 1027 2243 facit
1070 2190 1358 2257 propheta:
1390 2184 1680 2237 oraculum
1722 2201 1733 2234 :
1775 2201 1791 2231 ι
1829 2178 2143 2245 Qumrendo
2178 2189 2364 2245 qurere
2405 2182 2459 2226 et
2506 2170 2650 2241 apud
2685 2186 2769 2225 me
2800 2180 3018 2226 maneto
3044 2172 3155 2241 (vel
3194 2171 3495 2239 habitato).
3536 2189 3553 2222 ι

809 2278 874 2333 Et
905 2278 1106 2347 factum
1139 2284 1216 2329 est
1252 2274 1337 2326 die
1378 2282 1586 2334 octava,
1626 2280 1732 2322 etc.
1773 2267 1892 2339 [l.\',
1931 2265 2007 2337 1.]
2042 2264 2254 2320 Octavo
2286 2261 2377 2315 die
2416 2268 2607 2314 cessat
2655 2258 2834 2315 Moses
2868 2260 3193 2314 sacerdotio
3230 2259 3386 2329 fungi
3418 2278 3430 2313 :
3466 2259 3834 2325 eamdemque
3871 2271 4005 2326 pro-

732 2346 975 2420 vinciam
1011 2363 1214 2417 exinde
1264 2360 1432 2415 tradit
1477 2358 1705 2411 Aaroni.
1738 2354 1803 2408 Et
1848 2370 1914 2408 ne
1955 2368 2102 2406 nunc
2131 2351 2352 2421 quidem
2390 2356 2536 2402 tacet
2579 2346 2781 2403 Moses.
2816 2347 2953 2400 Nam
2991 2362 3197 2402 novum
3233 2347 3611 2403 sacerdotium
3644 2346 3860 2400 Christi
3895 2361 4007 2397 cm—

732 2466 810 2524 p.t
843 2453 931 2505 die
964 2461 1185 2511 Octavo,
1236 2462 1349 2517 quo
1403 2444 1711 2499 resurrexit
1758 2442 2073 2496 Christus:
2117 2441 2361 2507 hincque
2415 2436 2575 2506 quasi
2610 2437 2738 2488 novi
2790 2436 2979 2489 szeculi
3018 2437 3252 2504 petitum
3308 2445 3394 2490 est
3441 2435 3805 2505 principium.
3850 2432 4002 2486 Novzt

735 2521 1015 2611 siquidem
1051 2547 1333 2597 creatura,
1374 2535 1456 2589 vel
1491 2532 1708 2588 creatio
1746 2531 1800 2584 in
1835 2529 2088 2592 Christo,
2132 2533 2394 2582 cessante
2431 2524 2571 2591 legis
2612 2523 2918 2577 sccumlnm
2957 2521 3197 2575 litteram
3236 2522 3559 2575 intellectu:
3594 2521 3705 2574 imo
3743 2522 3827 2572 lex
3858 2534 4005 2573 nunc

732 2606 1110 2698 spirittialiter
1158 2632 1321 2679 sonat
1370 2635 1586 2691 nosque
1644 2617 2019 2688 spiritualitcr
2050 2615 2261 2675 erudit.
2294 2614 2428 2667 dum
2477 2610 2689 2665 diserte
2735 2610 3000 2665 edisserit
3050 2608 3258 2663 Christi
3317 2610 3604 2679 mysteria.
3661 2606 3820 2673 Quod
3872 2622 4009 2660 veru

737 2696 1031 2787 pontiﬁces
1064 2717 1244 2785 primo
1276 2727 1377 2783 pro
1406 2727 1487 2773 se,
1523 2709 1725 2763 deinde
1784 2721 1885 2776 pro
1931 2704 2138 2774 populo
2195 2702 2447 2754 victimas
2483 2700 2721 2761 caedant,
2754 2698 2917 2751 etiaut
2956 2696 3160 2751 Paulus
3210 2696 3534 2765 pronuntiat
3566 2697 3620 2749 in
3667 2696 3911 2765 Epistula
3939 2696 4008 2746 ad

735 2785 1041 2859 llebrzeos:
1084 2822 1101 2853 ι
1157 2802 1353 2855 Omnis
1400 2800 1546 2853 enim
1586 2796 1834 2866 pontifex
1870 2793 1937 2847 ad
1970 2789 2318 2846 otTerendum
2361 2787 2504 2840 dona
2556 2796 2612 2841 et
2646 2786 2904 2840 victimas
2943 2786 3333 2839 constituitur.
3369 2785 3692 2839 Assumitur
3726 2791 3909 2835 antem
3938 2797 4008 2834 ex

737 2894 1094 2955 hominibus,
1131 2899 1191 2944 ιιι
1226 2890 1321 2960 qui
1373 2888 1555 2957 possit
1604 2881 1990 2939 commiserari
2047 2881 2368 2950 ignorantcr
2429 2876 2844 2943 delinquentes,
2900 2882 2957 2927 et
2991 2876 3204 2927 veniam
3245 2877 3378 2927 dare
3410 2888 3602 2927 errore
3636 2872 3841 2925 ductis.
3873 2869 4011 2922 Nam

736 2993 791 3035 et
834 2983 952 3051 ipse
985 2980 1170 3034 induit
1205 2977 1612 3031 inﬁrmitatem.
1667 2970 1732 3024 Et
1794 2977 2019 3039 propter
2067 2968 2209 3020 hanc
2254 2966 2636 3019 inlirmitatem
2672 2962 2968 3029 oportebat
3012 2976 3160 3025 eum,
3202 2963 3367 3017 sicuti
3404 2977 3503 3031 pro
3538 2960 3763 3030 populo,
3802 2960 3876 3012 ita
3909 2974 4016 3026 pro

735 3069 1043 3137 semetipso
1081 3083 1194 3121 rem
1232 3078 1448 3120 sacram
1484 3063 1668 3115 facere
1722 3059 1763 3111 ⁸.
1806 3077 1824 3109 ›
1868 3056 2042 3110 Paulo
2074 3063 2201 3123 post
2245 3054 2385 3107 idem
2422 3052 2605 3120 inquit
2657 3050 2725 3103 de
2774 3048 2999 3103 Christo
3034 3066 3046 3100 :
3082 3067 3100 3099 ι
3138 3049 3237 3131 Cui
3272 3066 3381 3103 non
3415 3063 3647 3102 necesse
3674 3055 3792 3101 erat
3826 3045 4016 3114 quoti-

735 3159 847 3224 die,
889 3122 1359 3228 quemadmodum
1403 3149 1640 3220 reliquis
1679 3144 2279 3218 pontiﬁeibus,primo
2310 3157 2411 3211 pro
2440 3143 2555 3194 suis
2583 3138 2830 3209 peccatis
2863 3122 3400 3202 sacriﬁcia‘oﬁ‘erre,
3430 3135 3629 3190 deinde
3664 3149 3765 3204 pro
3792 3133 4017 3186 delictis

737 3248 949 3319 populi.
996 3246 1113 3300 lloc
1142 3245 1293 3300 enim
1323 3242 1478 3305 fecit,
1513 3254 1640 3294 cum
1681 3236 1846 3292 semel
1887 3235 2250 3302 semetipsum
2278 3230 2479 3284 obtulit
2506 3230 2546 3285 ⁸.
2588 3246 2605 3277 ι

814 3426 879 3479 Et
929 3423 1217 3478 extendens
1273 3422 1457 3473 Aaron
1499 3431 1688 3470 manus
1736 3412 1806 3465 ad
1838 3409 2113 3480 pupulum,
2163 3408 2317 3461 bcne-
2350 3414 2391 3467 Β
2492 3408 2506 3457 ι

2350 3414 2391 3467 Β
2492 3403 2599 3457 Kal
2633 3400 2858 3468 ἐξάρας
2896 3400 3128 3471 Ἀαρὼν
3178 3402 3282 3463 τὰς
3310 3398 3512 3467 χεῖρας
3557 3397 3654 3450 ἐπὶ
3680 3397 3787 3449 τόν
3835 3397 4015 3460 λαὸν,

738 3520 874 3571 dixit
904 3518 971 3570 ci.
998 3513 1140 3587 [2-2.]
1177 3510 1302 3565 Ilaec
1329 3509 1494 3563 verba
1526 3507 1863 3563 subinnuere
1884 3499 2163 3561 videntur,
2195 3512 2320 3551 eum

739 3610 833 3679 qni
877 3608 1007 3661 aliis
1060 3601 1366 3664 benedicit,
1414 3597 1638 3654 eximiis
1674 3604 1727 3650 et
1800 3608 1970 3662 super
2010 3591 2149 3644 alios
2181 3588 2323 3642 emi-

740 3702 1006 3759 ncntibtts
1056 3696 1319 3768 operibus
1364 3698 1699 3749 exornatum
1756 3702 1879 3743 esse
1938 3684 2164 3741 debere.
2222 3682 2324 3737 Ubi

737 3796 883 3847 enim
918 3791 1122 3863 populo
1175 3786 1505 3841 benedicere
1558 3781 1679 3835 vult
1711 3779 1921 3841 Aaron,
1973 3789 2175 3828 manus
2206 3772 2327 3843 ejus

741 3892 795 3941 in
829 3886 1067 3941 sublime
1114 3883 1426 3936 elevantur.
1485 3874 1657 3943 Cujus
1689 3872 1836 3927 enim
1883 3882 2083 3922 manus
2115 3864 2181 3919 ad
2217 3872 2328 3917 ter-

740 3996 874 4036 rena
928 3985 1194 4047 vergunt,
1250 3973 1320 4035 is,
1368 3966 1625 4039 quamvis
1677 3961 1940 4025 voluerit,
1999 3958 2329 4014 benedicere

742 4076 866 4129 aliis
923 4087 1031 4126 non
1084 4067 1308 4139 poterit.
1348 4062 1536 4132 Neque
1583 4058 1793 4130 Moysis
1834 4068 2058 4117 manus,
2104 4050 2330 4121 quando

740 4150 1019 4221 deorsum}
1084 4160 1470 4221 vertebantur,
1542 4151 1747 4223 populo
1822 4146 2173 4217 profuerunt,
2232 4140 2329 4198 sed

742 4258 967 4328 quando
1011 4254 1437 4310 attollebantur.
1490 4245 1670 4315 Hujus
1705 4243 1785 4298 rei
1830 4241 2141 4313 symbolum
2191 4236 2334 4307 pari-

743 4365 826 4406 ter
852 4350 1093 4407 elcvatio
1126 4359 1390 4401 manuum
1436 4338 1747 4395 Salvatoris
1783 4335 1904 4390 fuit.
1940 4334 2043 4388 Per
2081 4346 2145 4386 ea
2181 4331 2330 4386 enim

744 4461 866 4516 quae
910 4459 1011 4512 pro
1056 4437 1384 4494 hominibus
1414 4432 1572 4496 fecit,
1610 4444 1805 4487 eorum
1848 4440 2048 4480 manus
2096 4421 2335 4477 elevavit

747 4513 1021 4602 ﬁdemque
1066 4533 1336 4585 habentes
1386 4524 1641 4579 salvavit.
1702 4516 1969 4575 Fortasse
2003 4515 2172 4586 igitur
2208 4513 2335 4583 qni-

745 4643 966 4698 eunque
1008 4622 1275 4692 operibus
1335 4620 1389 4672 in
1446 4615 1685 4671 sublime
1736 4610 1991 4665 evehitur
2039 4605 2195 4660 cruci
2250 4602 2336 4657 af-

749 4725 891 4778 ﬁxus
944 4717 1218 4774 dicendus
1266 4714 1392 4767 erit.
1448 4708 1565 4762 lloc
1616 4720 1784 4761 sensu
1832 4702 2042 4756 Paulus
2091 4712 2333 4768 quoque,

751 4838 769 4871 ι
820 4817 957 4886 Ego,
985 4812 1190 4880 inquit,
1230 4803 1436 4859 nutudo
1477 4799 1785 4856 cruciﬁxus
1817 4809 1961 4857 sum,
2002 4802 2059 4846 et
2095 4788 2338 4844 mundus

748 4882 955 4971 mihi",
999 4925 1017 4955 ι
1056 4906 1160 4956 hoc
1194 4907 1300 4960 est,
1340 4912 1451 4949 non
1483 4892 1723 4961 amplius
1756 4898 1981 4942 terreno
2018 4898 2081 4937 ac
2119 4882 2336 4947 humili,

748 5001 845 5056 sed
877 4996 1155 5069 spirituali
1202 5002 1254 5047 et
1291 4988 1477 5044 altiori
1514 4999 1681 5041 sensu
1720 4994 1877 5035 mens
1913 4992 2032 5031 mea
2066 4973 2336 5028 mundum

748 5094 1185 5162 contemplatur.
1219 5086 1557 5153 Quicunque
1581 5079 1726 5133 enim
1762 5070 2068 5131 creationis
2107 5082 2333 5124 sensum

750 5188 897 5243 hand
957 5183 1231 5257 percepit,
1300 5178 1350 5233 ei
1406 5172 1647 5230 mundus
1712 5184 1821 5224 non
1876 5162 2183 5221 cruciﬁxus
2235 5170 2342 5215 est.

819 5327 841 5357 ⁸
874 5324 1040 5379 llebr.
1072 5337 1125 5385 v,
1166 5319 1277 5372 1-5.
1355 5317 1374 5347 ⁸
1408 5313 1578 5369 Hebr.
1610 5323 1713 5372 vu,
1740 5307 1831 5361 27.

2426 3497 2779 3565 ηὺλόγησεν
2823 3495 3071 3559 αὐτούς.
3118 3492 3522 3563 Ὑπολαμϐάνω
3556 3492 3744 3545 ἐνθάδε
3774 3492 4018 3543 αἰνίσσε-

2430 3588 2553 3640 σθαι
2580 3588 2671 3640 τὸν
2710 3586 2891 3654 λόγον,
2940 3586 3022 3638 ὃτι
3066 3585 3147 3637 δεῖ
3178 3585 3267 3638 τὸν
3315 3583 3642 3652 εὐλογοῦντά
3670 3600 3824 3645 τινας
3859 3599 4023 3635 κεκοα

2431 3677 2676 3749 σμῆσοαι
2709 3677 2892 3748 ἔργοις
2923 3676 3208 3745 διαφανέσι
3231 3676 3326 3729 καὶ
3354 3676 3689 3747 ἐπηρμένοις
3716 3674 3869 3744 παρὰ
3894 3675 4023 3736 τοὺς

2430 3771 2679 3834 πολλούς.
2716 3772 2782 3823 Ai
2842 3770 2951 3844 γὰρ
3002 3773 3185 3840 χεῖρες
3247 3769 3460 3839 Ἀαρὼν
3511 3770 3624 3822 ἄνω
3687 3770 4021 3838 ὲξαίρονται,

2428 3866 2519 3918 ὅτε
2564 3864 2749 3935 μέλλει
2792 3864 3035 3931 εὐλογεῖν
3082 3863 3175 3915 τὸν
3227 3862 3377 3915 λαόν.
3426 3861 3535 3914 Καὶ
3571 3861 3731 3930 εἴπερ
3759 3878 3840 3922 τις
3872 3863 4028 3913 κάτω

2432 3958 2545 4028 ἔχοι
2569 3958 2666 4021 τὰς
2696 3959 2885 4027 χεῖρας
2913 3958 2993 4019 εἰς
3025 3956 3094 4007 τὰ
3133 3958 3317 4025 γήϊνα,
3352 3954 3451 4008 οὐκ
3489 3955 3555 4007 ἂν
3607 3953 3795 4007 ἁνύσοι
3834 3953 4029 4022 βουλό-

2437 4068 2595 4121 μενος
2624 4051 2869 4118 εὐλογεῖν
2910 4067 3053 4101 τινα.
3085 4049 3304 4119 Καῑπερ
3338 4047 3459 4100 οὐδὲ
3489 4047 3643 4100 κάτω
3685 4047 3939 4115 κείμεναι
3967 4049 4029 4098 at

2430 4142 2675 4205 Μωσέως
2706 4144 2887 4211 χεῖρες
2939 4139 3181 4207 ὠφέλουν
3229 4140 3319 4191 τὸν
3352 4138 3501 4203 λαὸν,
3529 4138 3643 4191 ἁλλ’
3686 4140 3885 4209 ὅτεπερ
3932 4140 4033 4190 ἐπ-

2432 4233 2649 4306 ῄροντο.
2678 4232 2882 4285 Τούτου
2918 4231 3188 4303 σύμϐολον
3225 4226 3295 4302 ἦν
3325 4231 3419 4283 καὶ
3446 4233 3478 4301 ὴ
3509 4230 3743 4302 ἔπαρσις
3771 4229 3881 4281 τῶν
3911 4247 4032 4299 χει-

2437 4326 2547 4398 ρῶν
2596 4325 2691 4380 τοῦ
2728 4325 3008 4396 Σωτῆρος.
3059 4325 3193 4386 Ταῖς
3224 4323 3334 4395 γὰρ
3363 4322 3504 4392 ὑπὲρ
3536 4321 3844 4392 ἀνθρώπων
3894 4322 4028 4387 πρὸ-

2438 4419 2586 4484 ξεσιν
2636 4417 2854 4488 ὕψωσεν
2909 4416 3091 4471 αὐτῶν
3139 4415 3240 4480 τας
3298 4418 3513 4486 χεῖρας,
3564 4416 3660 4467 καὶ
3698 4413 3873 4466 ἔσωσε
3905 4416 4038 4477 τοὺς

2441 4511 2820 4573 πιστεύοντας.
2888 4511 3043 4579 Τάχα
3099 4509 3285 4561 τοίνυν
3355 4508 3463 4568 πᾶς
3517 4508 3546 4558 ό
3591 4507 3713 4568 ταῖς
3769 4506 4041 4576 πράξεσι-

2439 4604 2778 4673 ὲπηρμένος,
2813 4597 3159 4669 ἐσταυρώθη.
3197 4596 3307 4650 Καὶ
3338 4596 3481 4649 κατὰ
3520 4595 3681 4648 τοῦτο
3710 4594 3863 4661 ἔλεγε
3890 4593 4044 4645 Παῦ-

2440 4694 2553 4758 λος,
2594 4714 2611 4745 ι
2651 4692 2790 4761 Ἐγὼ
2822 4692 3017 4762 κόσμῳ
3048 4688 3428 4759 ὲσταύρωμαι,
3474 4687 3643 4757 κάμοὶ
3674 4688 3702 4738 ὁ
3735 4688 3977 4754 κόσμος·
4019 4704 4038 4736 ι

2366 4770 2410 4826 C
2443 4788 2714 4853 τουτέστι,
2748 4781 3016 4854 Νενόηταί
3060 4799 3151 4852 μοι
3188 4782 3216 4833 ὁ
3242 4780 3399 4849 λόγος
3444 4781 3474 4833 ό
3508 4778 3637 4850 περὶ
3685 4777 3918 4847 κόσμου,
3946 4779 4047 4829 καὶ

2447 4879 2686 4949 ἐπῆρται
2714 4876 2792 4937 δὲ,
2821 4875 2920 4928 οὐκ
2945 4874 3027 4927 ἔτι
3054 4876 3233 4927 κεῖται
3264 4872 3437 4925 κάτω.
3467 4869 3559 4940 Τῷ
3588 4869 3698 4940 γὰρ
3724 4868 3799 4939 μὴ
3831 4868 4050 4920 συνιέν-

2446 4989 2499 5025 τι
2528 4971 2619 5023 τὸν
2648 4970 2807 5038 λόγον
2830 4970 2929 5039 τῆς
2960 4964 3344 5036 κοσμοποιίας,
3370 4967 3398 5018 ὁ
3422 4962 3581 5031 λόγος
3613 4964 3692 5032 (8)
3722 4962 3823 5013 οὐκ
3849 4960 4051 5012 ὲσταύ-

2453 5083 2643 5136 ρωται.
2680 5064 2859 5118 Καλὸν
2906 5061 3015 5133 γὰρ
3062 5059 3305 5131 ἠγοῦμαι
3355 5059 3416 5111 τὸ
3458 5055 3741 5127 μυστικῶς
3771 5051 4051 5124 σταυροῦ-

2456 5159 2605 5225 σθαι,
2638 5159 2667 5210 ὃ
2707 5158 2803 5211 καὶ
2839 5156 3049 5218 Παῦλος
3084 5151 3325 5207 πέπονθε
3351 5166 3364 5180 ·
3402 5147 3632 5222 ’Χριστῷ
3663 5144 4047 5214 συνεσταύρω-

1969 5303 1988 5333 ⁷
2033 5299 2215 5355 Calat.
2245 5314 2323 5361 vt,
2364 5297 2454 5355 M.

2269 5388 2509 5445 ΝΟΤΛΞ.

823 5531 899 5601 (7)
932 5529 996 5579 (li.
1028 5528 1195 5595 ἱερεῖς
1226 5522 1377 5592 μόνοι
1416 5513 1751 5597 αἵματιὶκαὶ
1782 5509 1947 5601 sitatam
1983 5502 2340 5601 ετελειοξδντρ.

747 5575 841 5658 ,Εὖ
880 5575 935 5652 ἑὲ
962 5601 1028 5667 τῇ
1054 5575 1238 5667 luget;
1262 5594 1321 5644 τὸ
1360 5575 1564 5667 τξλῆῧος
1590 5585 1739 5667 ἕλον,
1784 5583 1850 5665 τὸ
1877 5575 2156 5667 κβαπυίλείιον
2191 5575 2343 5667 ιερὰ..

749 5690 948 5743 caupo,
981 5646 1223 5727 {ibiibi/0;
1260 5664 1317 5715 τὸ
1373 5646 1551 5728 ἆγίον.
1590 5656 1708 5739 ἰςίτι
1750 5653 1798 5737 οἱ
1834 5646 1932 5733 μὲν
1957 5651 2036 5743 εἰς
2064 5646 2343 5743 paruisti:

750 5715 1045 5811 παριὸιίτες
1077 5742 1132 5792 ἐν
1164 5741 1228 5807 τῇ
1262 5715 1495 5800 Παλαίᾷ,
1522 5728 1686 5811 ἐλαςῳ
1707 5724 1873 5807 *μόνον
1908 5719 2184 5811 εἰξρξονῖοο
2219 5717 2266 5767 οἱ
2287 5715 2344 5801 ει

753 5789 1175 5884 είέιίείλωπδνην,
1201 5789 1293 5859 Ξχὶ
1328 5791 1523 5873 αἵματι
1551 5798 1645 5852 καὶ
1677 5797 1859 5865 ἐλαίῳ.
1924 5791 2032 5867 Καὶ
2068 5789 2193 5841 οὒτε
2238 5789 2351 5849 τοῖς

2445 5499 2764 5624 ἓατιλεῦσιν
2798 5493 3105 5566 ἱερατεύειν
3137 5490 3288 5562 ἐξῆν,
3332 5488 3457 5542 οὗτε
3487 5490 3599 5551 τοῖς
3634 5484 3843 5557 ἱερεῦσι
3890 5483 4058 5553 βατι-

2465 5573 2648 5624 .εύειν.
2671 5570 2849 5624 Μόνος
2880 5566 2956 5624 δὲ,
2989 5582 3050 5617 κ.
3082 5580 3137 5615 τ.
3171 5563 3220 5614 λ.
3270 5562 3328 5613 '0
3354 5560 3457 5624 τῆς
3490 5559 3626 5624 Αὑγ.
3665 5556 3799 5609 κώδ.

2465 5573 2648 5624 ιεύειν.
2671 5556 2956 5630 Μόνοξὸὲ,
2989 5582 3050 5617 κ.
3082 5580 3137 5615 τ.
3171 5556 3234 5614 λ.’
3270 5562 3328 5613 '0
3354 5560 3457 5629 τῆς
3490 5559 3626 5630 Αὺγ,
3665 5556 3799 5630 κώδτ

2522 5642 2597 5712 (8)
2636 5642 2694 5692 '0
2726 5625 3125 5712 >ιόσξλ.ς›ςρινειγ1
3155 5625 3490 5712 sedasse?
3526 5625 3735 5692 (induxi.
3775 5625 3852 5690 ὡς
3897 5642 4063 5694 προσ-

2452 5699 2599 5785 οήὶτί
2628 5729 2712 5775 τις
2748 5713 2804 5763 ἐν
2833 5699 3026 5780 stiti};
3058 5699 3199 5772 Ᾱὺγ.
3389 5701 3593 5755 κεῖται.
