4286 6444
329 448 425 512 721
1361 455 1895 513 ΠΟΜΜΕΝΤΛΗΙΙ
1937 455 2010 511 l.\'

1894 504 1895 508 η
1937 455 2010 511 l.\'
2062 455 2493 513 LI‘IVl'l‘ltIl'M.
3484 453 3586 513 792

329 578 440 626 ται,
474 566 570 614 καὶ
600 565 627 615 ὁ
657 566 855 633 κ’ἒσμος
900 567 1055 633 ἔσχεν
1100 568 1172 627 ὡς
1216 570 1349 634 πρὸς
1391 571 1478 620 τὸν
1510 569 1721 621 Παύλου
1761 570 1905 629 νοῦν,
1940 596 1982 647 Δ
2016 568 2021 617 l

1893 610 1905 629 ,
1940 596 1982 647 Δ
2016 568 2216 619 Hortarii
2253 585 2366 620 rcut
2409 571 2671 620 nimirum
2707 587 2909 621 censeo
2946 582 2999 620 ut
3026 571 3155 636 quis
3198 572 3423 637 tuyslite
3458 587 3584 620 cru-

333 655 646 724 ἐπηρμένον
673 657 763 707 καὶ
788 659 1106 727 νενοημένον
1136 657 1302 728 αὐτῷ.
2017 679 2025 707 ⁴

2017 660 2286 725 alligatur,
2331 661 2474 727 quod
2508 671 2560 712 et
2592 659 2762 711 Paulo
2802 660 3021 713 accidit.
3057 659 3161 723 Qui
3197 677 3319 711 cuiu
3360 661 3582 711 (Ibi-isto

2016 748 2387 815 cruciﬁgitur,
2422 750 2471 800 ei
2510 747 2747 800 mundus
2775 759 3019 815 apparet,
3068 749 3140 799 uti
3179 747 3377 807 Paulo,-
3402 752 3580 800 ultimi

2018 850 2079 889 ac
2114 838 2388 904 spirituali
2422 853 2592 892 sensu
2636 846 2955 907 conceptus.

406 942 476 997 Et
497 947 608 999 visa
637 958 713 1000 est
740 948 916 1016 gloria
947 946 1164 1000 Domini
1190 949 1433 1002 universo
1464 949 1672 1015 populo.
1706 957 1811 1001 etc.
1848 946 1963 1017 px,
1987 947 2104 1019 25.]
2142 948 2278 1002 Nam
2312 958 2509 1002 octavo
2535 950 2623 1003 die
2657 952 2910 1017 apparuit
2944 948 3139 1013 Filius,
3174 951 3265 1017 qui
3294 960 3377 1003 cst
3410 953 3582 1020 gloria

331 1029 519 1086 l’atris
561 1042 614 1087 et
645 1032 763 1087 Dei.
809 1034 883 1087 De
912 1035 1015 1087 bac
1041 1035 1215 1103 gloria
1245 1038 1325 1090 sic
1357 1038 1597 1104 appellat
1641 1034 1825 1093 Mosen
1858 1052 1871 1086 :
1910 1053 1927 1085 ι
1975 1033 2111 1087 Vivo
2146 1050 2269 1102 ego,
2311 1036 2444 1089 dicit
2479 1035 2764 1097 Dominus,
2800 1038 2844 1089 si
2886 1053 2992 1090 non
3026 1038 3197 1105 gloria
3234 1038 3443 1089 Domini
3478 1039 3582 1090 ini-

334 1120 539 1188 plenda
569 1121 643 1173 sit
676 1121 935 1173 universa
976 1127 1125 1174 terra
1164 1124 1206 1175 ⁸.
1247 1141 1264 1172 ι
1302 1122 1617 1175 lmmolavit
1648 1131 1833 1175 autem
1881 1123 2238 1191 semetipsum
2290 1138 2390 1191 pro
2432 1124 2591 1176 nobis
2627 1124 2786 1191 quasi
2819 1125 2872 1177 iu
2902 1125 3078 1177 vitulo
3113 1134 3171 1176 ct
3209 1125 3403 1177 ariete.
3455 1124 3579 1175 Vir-

332 1215 508 1261 tutem
561 1208 727 1269 aries,
782 1208 1268 1265 mansuetudinem
1303 1209 1587 1262 indicabat
1636 1210 1861 1261 vitulus.
1896 1209 1998 1261 Per
2043 1208 2190 1261 hunc
2228 1223 2421 1277 nempe
2473 1209 2753 1262 Christum
2789 1209 3011 1261 adducti
3045 1226 3238 1263 sumus
3266 1211 3318 1262 in
3355 1211 3578 1263 odorem

330 1294 496 1348 bona:
551 1293 893 1363 lragrantiaa.
953 1296 1114 1350 Aries
1176 1304 1324 1349 totus
1369 1307 1423 1349 et
1453 1296 1801 1349 membratim
1846 1295 2005 1364 quasi
2040 1310 2139 1362 pro
2191 1296 2431 1365 singulis
2483 1296 2931 1349 comburebatur.
2977 1295 3113 1348 Nam
3144 1297 3273 1349 dum
3311 1315 3417 1349 una
3451 1314 3577 1349 cum

331 1383 457 1449 ipso
490 1383 901 1449 cruciﬁgimur,
944 1384 1216 1436 morimur
1268 1382 1476 1437 mundo
1547 1392 1601 1437 et
1639 1397 1968 1451 superamus
2024 1381 2256 1435 aﬁ‘ectus
2299 1383 2511 1435 carnis.
2544 1380 2875 1449 Egredimur
2906 1381 2972 1433 ad
3005 1383 3206 1451 ipsum,
3250 1384 3342 1450 qui
3383 1400 3581 1452 passus

329 1475 424 1521 est
456 1477 616 1521 extra
657 1469 873 1532 urbem,
907 1468 1089 1523 instar
1118 1471 1264 1522 tauri
1298 1481 1355 1523 et
1388 1469 1547 1523 vituli
1578 1469 1824 1522 mactati.
1870 1467 2079 1522 llostiis
2125 1469 2429 1537 majoribus
2462 1469 2652 1521 litatur
2695 1477 2804 1521 tam
2840 1483 2938 1537 pro
2970 1470 3382 1533 sacerdotibus,
3414 1488 3579 1539 quam

332 1569 437 1624 pro
466 1556 691 1626 populo.
723 1552 861 1608 Nam
896 1555 1089 1610 haedus
1130 1558 1315 1611 minor
1362 1565 1450 1611 est
1486 1556 1767 1624 prtediCtis
1810 1556 2165 1617 animalibus,
2220 1564 2480 1625 respectu
2512 1555 2839 1609 diﬂ‘erentize
2870 1556 2996 1610 vita:
3021 1565 3073 1610 et
3114 1558 3481 1617 conditionis.
3525 1561 3579 1612 iu

329 1656 443 1710 qua
511 1649 643 1696 sunt
676 1641 995 1697 sacerdores
1044 1644 1417 1712 populusque.
1466 1642 1593 1711 Spei
1658 1642 1996 1697 hilaritatem
2045 1644 2396 1712 splendidam
2457 1645 2737 1713 signiﬁcat
2767 1647 2948 1697 simila
2982 1647 3104 1698 oleo
3134 1646 3411 1702 delibuta.
3448 1648 3581 1699 Nam

327 1727 731 1781 exsultandqu
786 1736 873 1782 est
927 1729 996 1781 ob
1039 1728 1285 1789 labores.
1323 1729 1417 1797 qui
1454 1730 1795 1793 sentiuntur,
1852 1728 1981 1780 dum
2030 1730 2156 1797 quis
2189 1730 2416 1783 virtutis
2476 1731 2674 1783 callem
2726 1730 3061 1799 ingreditur,
3119 1734 3580 1801 quemadmodum

330 1816 609 1882 scriptum
641 1822 762 1866 est:
808 1832 827 1864 ι
863 1812 1186 1877 Veniamus,
1244 1815 1589 1869 exsulteinus
1640 1814 1877 1868 Domino
1902 1817 1955 1868 ’.
1996 1834 2014 1861 ι
2071 1814 2142 1869 Ut
2174 1817 2319 1869 enim
2358 1816 2530 1886 gloria
2560 1815 2768 1869 Christi
2795 1818 2925 1869 olim
2980 1818 3206 1871 emicuit
3240 1820 3293 1872 in
3324 1821 3469 1889 igne.
3503 1822 3584 1874 sic

330 1916 488 1957 nunc
524 1901 578 1953 iu
612 1902 811 1969 spiritu
846 1901 1130 1971 eﬂ'ulgebit
1157 1902 1289 1955 dum
1319 1902 1671 1971 Spiritualem
1704 1901 1939 1956 hostiam
1994 1902 2356 1971 spiritualiter
2386 1902 2876 1972 apprchendimus.
2911 1902 3098 1957 Primo
3150 1914 3331 1959 autem
3389 1924 3585 1960 manus

328 1990 705 2058 imponuntur
762 1988 1002 2057 p0pulis.
1052 1988 1344 2058 Siquidem
1377 1989 1688 2057 spiritualis
1726 1988 1913 2042 Aaron
1958 2005 2056 2060 per
2086 1992 2235 2045 hunc
2270 1992 2632 2046 adumbratos
2684 1992 3068 2047 benedictione
3122 2004 3336 2049 recreat
3382 2012 3586 2063 parvos

329 2092 461 2130 cum
496 2077 733 2146 magnis,
786 2077 954 2129 sicuti
987 2076 1250 2129 traditum
1280 2084 1384 2130 est.
1421 2077 1487 2128 At
1521 2090 1780 2128 manuuru
1820 2078 2099 2145 itnposilio
2124 2078 2400 2146 signiﬁcat
2436 2078 2680 2147 Spiritus
2713 2080 2892 2133 sancti
2945 2080 2999 2132 in
3034 2080 3198 2151 3&0
3228 2096 3325 2133 uos
3381 2083 3587 2151 largam

332 2165 746 2235 profusionem.
800 2162 962 2217 Nulla
1017 2175 1138 2217 erat
1170 2179 1434 2217 manuum
1468 2163 1899 2231 impositio,imo
1947 2165 2307 2233 ignorabatur
2340 2174 2467 2220 ante
2504 2166 2763 2220 Aarouici
2802 2167 3100 2221 sacerdotii
3144 2170 3575 2222 institutionem.

331 2252 591 2307 Nondum
641 2253 787 2306 enim
839 2260 959 2306 erat
989 2251 1231 2322 Spiritus
1282 2251 1591 2306 secundum
1624 2250 1755 2305 illud
1802 2248 2031 2306 Joannis
2064 2254 2441 2307 testimonium
2476 2271 2487 2306 :
2528 2274 2547 2305 ε
2595 2253 2733 2318 Quia
2778 2252 2940 2307 Jesus
2975 2256 3213 2308 nondum
3250 2266 3367 2309 erat
3420 2258 3593 2325 glori.

332 2342 536 2396 licatus
562 2341 631 2393 ¹⁰.
664 2358 682 2390 ι

410 2428 479 2481 Et
514 2428 829 2494 accipientes
856 2427 963 2480 duo
996 2426 1100 2492 ﬁlii
1146 2425 1333 2478 Aaron
1389 2424 1585 2479 Nadab
1621 2434 1670 2479 et
1704 2427 1900 2491 Abiud,
1934 2435 2043 2482 etc.
2079 2427 2171 2499 [X,
2227 2428 2303 2501 L]
2360 2429 2685 2499 Exemplum
2720 2430 2811 2483 hic
2866 2430 3160 2483 babemus-
3189 2431 3589 2491 clarissimum,

332 2517 585 2571 humana
618 2529 731 2568 non
767 2512 1132 2568 admiscenda
1162 2512 1393 2566 divinis.
1422 2511 1488 2565 Et
1522 2513 1628 2567 hoc
1680 2514 1900 2583 quidem
1949 2530 2144 2585 parum
2186 2519 2483 2571 observant
2512 2517 2781 2571 haeretici.
2818 2516 2962 2572 Deus
2996 2518 3332 2587 imperavit,
3356 2528 3415 2572 ut
3444 2518 3589 2572 duu-

332 2614 489 2660 taxat
534 2605 587 2658 in
619 2618 718 2658 ara
753 2603 1132 2674 thymiamatis
1181 2603 1387 2658 odores
1448 2602 1775 2658 incenderet
1824 2606 2013 2658 Aaron
2061 2619 2223 2658 mane
2272 2618 2400 2657 cum
2455 2612 2612 2673 parat
2653 2604 2937 2667 lucernas,
2973 2612 3026 2657 et
3062 2606 3305 2673 vesperi,
3336 2621 3461 2659 cum
3489 2623 3584 2659 eas

334 2692 648 2749 accendit:
689 2706 791 2746 nec
823 2691 933 2745 alio
989 2699 1239 2759 tempore
1271 2687 1513 2744 suiﬁtu’m
1563 2690 1854 2745 odoratqu
1913 2692 2099 2748 facere
2150 2707 2273 2746 eum
2325 2692 2517 2759 jussit.
2566 2691 2677 2745 Nec
2725 2691 2900 2744 voluit
2926 2706 3166 2760 quoque,
3210 2703 3266 2745 ut
3295 2703 3586 2747 externum

335 2780 666 2835 admoveret
692 2781 904 2849 ignem,
939 2793 1067 2833 cum
1100 2779 1329 2833 divinus
1369 2779 1513 2849 ignis
1561 2780 1983 2848 conspiceretur
2021 2794 2196 2848 usque
2254 2789 2458 2848 praesto
2486 2792 2632 2833 esse.
2670 2778 2762 2831 Sic
2790 2778 2974 2831 littera
3007 2778 3144 2849 legis
3200 2779 3414 2833 inutilis
3451 2794 3586 2833 cen-

333 2881 499 2923 setur
558 2874 862 2937 apparente
920 2865 1123 2935 gratia.
1184 2865 1332 2934 Ignis
1382 2880 1515 2919 vero
1562 2867 1787 2921 divinus
1843 2867 1994 2921 vires
2046 2881 2179 2920 suas
2220 2864 2491 2926 ostendit,
2544 2878 2615 2917 ne
2668 2864 2794 2932 quis
2832 2863 3587 2935 imaginarimnimaginetur

333 2972 466 3011 esse
496 2956 750 3010 divinum
808 2956 990 3025 ignem
1026 2996 1040 3008 .
1079 2952 1429 3022 Quapropter
1471 2954 1617 3008 haud
1654 2954 1932 3009 immerito
1982 2953 2188 3007 l’aulus
2224 2953 2279 3005 in
2315 2949 2564 3021 Epistola
2602 2950 2669 3003 ad
2699 2949 2982 3016 llebraaos,
3012 2952 3231 3022 inquit:
3270 2971 3286 3003 ι
3323 2952 3466 3007 Deus
3492 2959 3580 3005 est

334 3045 486 3111 ignis
518 3056 859 3097 consumens
894 3041 960 3093 “.
997 3058 1015 3091 ι
2242 3078 2245 3079 ν

410 3130 479 3184 In
515 3133 618 3192 his,
652 3131 743 3200 qui
777 3131 906 3183 mihi
941 3132 1388 3199 appropinquant,
1442 3132 1837 3199 sancti/imber,
1865 3138 1976 3185 etc.
2010 3125 2112 3200 [5.]
2149 3123 2298 3179 idem
2352 3123 2676 3193 praedictum
2714 3134 2800 3179 est
2838 3127 2891 3177 in
2931 3124 3142 3179 Exodo.
3176 3126 3246 3177 At
3275 3126 3377 3179 hoc
3415 3126 3593 3194 ipsum

334 3221 628 3287 paululum
665 3219 912 3273 diversis
947 3228 1002 3273 et
1035 3220 1263 3273 mutatis
1312 3220 1498 3276 verbis
1545 3221 1777 3291 protulit
1810 3220 2026 3281 Petrus,
2085 3215 2318 3268 dicens:
2357 3230 2374 3262 ι
2412 3211 2658 3280 Tempus
2710 3220 2796 3266 est
2838 3220 2895 3265 ut
2933 3210 3206 3280 judicium
3245 3214 3425 3281 primo
3458 3213 3601 3267 inci-

335 3309 452 3377 piat
483 3322 513 3361 a
549 3306 715 3361 domo
744 3306 837 3362 Dei
873 3308 933 3358 “.
981 3326 1000 3358 ι

413 3418 536 3483 Thr
574 3416 851 3486 κεφαλὴν
904 3418 1074 3485 ὑμῶν
1118 3421 1229 3472 οὐκ
1262 3416 1767 3484 ἀποκιόαρώσετε.
1809 3418 1919 3487 Τὴν
1954 3402 1995 3456 Β
2095 3419 2105 3464 ι

1913 3437 1919 3462 ι
1954 3402 1995 3456 Β
2095 3411 2266 3477 Caput
2294 3418 2520 3463 vestrum
2562 3426 2667 3462 non
2695 3409 2995 3471 nudabitis,
3026 3419 3136 3464 etc.
3171 3408 3274 3479 [6.]
3317 3408 3433 3463 Non
3480 3424 3605 3477 per-

335 3511 433 3562 ἐπὶ
467 3511 579 3571 τοῖς
609 3508 886 3575 φιλτάτοις
909 3508 1087 3577 λύπην
1116 3508 1215 3561 οὐκ
1256 3510 1321 3578 ὲᾷ
1363 3507 1634 3577 πρόφασιν
1671 3508 1921 3575 γενέσθαι

1912 3528 1921 3561 ι
2028 3506 2213 3568 mittit,
2258 3513 2316 3557 ut
2367 3502 2592 3557 habitus
2654 3502 2973 3571 pontilleius
3021 3512 3266 3555 mutetur
3322 3502 3375 3555 in
3428 3503 3604 3563 luctu,

336 3603 437 3669 τῆς
458 3599 553 3653 τοῦ
588 3600 736 3670 ἱεροῦ
773 3602 1051 3671 σχήματος
1088 3600 1388 3671 μεταϐολῆς
1406 3619 1419 3631 ο
1440 3598 1707 3652 διδάσκων
1733 3601 1800 3653 τα
1827 3599 1923 3653 τοῦ

1914 3599 1923 3650 i
2029 3596 2246 3652 etiamsi
2299 3595 2504 3650 mortui
2560 3594 2767 3648 fuerint
2816 3594 3073 3648 homines
3122 3594 3220 3647 tibi
3262 3594 3606 3662 ceujunctis-

336 3694 477 3745 θεοῦ
519 3692 596 3762 (9)
635 3692 746 3745 τῶν
788 3693 1033 3760 φυσικῶν
1096 3692 1419 3764 ἰσχυρότερα
1481 3696 1595 3765 (l0)
1656 3693 1925 3746 τίθεσθαι.

1916 3732 1925 3745 .
2033 3688 2180 3745 siuti.
2214 3688 2350 3742 Nam
2405 3702 2562 3741 amor
2617 3686 2713 3739 Dei
2749 3685 2963 3740 ﬁrmius
3017 3703 3117 3741 uos
3162 3686 3374 3754 obligat
3427 3692 3479 3739 et
3520 3701 3608 3737 ar-

339 3787 552 3855 11>.ηροῖ
600 3789 715 3849 τοῖς
745 3784 1079 3839 ἀποθανοῦσι
1108 3786 1208 3856 τὴν
1235 3782 1400 3855 τιμὴν
1431 3785 1501 3838 δι’
1532 3786 1618 3839 ἑτὲ
1630 3802 1755 3855 ρων.
1782 3782 1926 3836 Καθ-

1913 3814 1926 3823 -
2032 3781 2173 3834 ctius
2218 3787 2397 3843 tenet,
2450 3794 2615 3847 quam
2668 3792 2842 3842 amor,
2876 3777 2969 3846 qui
3022 3778 3300 3846 personis.
3344 3776 3435 3844 qui
3473 3791 3605 3831 con-

337 3879 477 3947 ἧκον
507 3879 617 3947 γὰρ
643 3877 864 3930 ἔλαττον
890 3876 1071 3929 τοῦτο.
1100 3877 1176 3928 Οὐ
1218 3875 1298 3927 δεῖ
1334 3876 1443 3947 ἄρα
1477 3876 1695 3929 πενθεῖν
1721 3875 1921 3945 ἱερέας,
2026 3929 2029 3939 η

1919 3919 1921 3930 ι
2026 3872 2235 3943 junctis
2286 3870 2537 3941 personis
2592 3878 2679 3925 est
2734 3870 3162 3937 impartiendus.
3208 3869 3300 3922 Sic
3355 3869 3611 3921 Salvator

341 3968 436 4018 καὶ
473 3967 711 4036 μάλιστα
743 3968 869 4029 τοὺς
895 3966 1020 4037 ἄρτι
1055 3964 1399 4034 χρισθέντας.
2032 3994 2033 4003 ι

2032 3964 2369 4033 discipulum
2432 3978 2462 4017 a
2514 3961 2675 4015 Patre
2730 3961 3031 4024 abstrahit,
3084 3969 3141 4014 nt
3192 3962 3366 4015 libere
3431 3961 3609 4013 Evan-

342 4060 548 4125 gr-Iium
608 4060 922 4115 annuntiet.
976 4058 1284 4129 Exsequias
1332 4069 1538 4121 autem,
1602 4076 1724 4131 qua:
1781 4057 2050 4113 ducendae
2126 4067 2275 4119 sunt,
2308 4070 2405 4126 per
2445 4056 2585 4110 alios
2628 4055 2746 4108 ﬁeri
2802 4056 2968 4108 volet.
3018 4052 3152 4107 Nam
3196 4053 3299 4107 hoc
3374 4052 3612 4106 alliciqu

343 4173 542 4222 parum
602 4158 861 4225 congruit
911 4157 1208 4212 sacerdoti.
1244 4155 1363 4211 Non
1414 4157 1583 4227 igitur
1652 4166 1871 4228 Oportet
1938 4154 2109 4210 luctui
2154 4154 2403 4207 deditum
2437 4167 2560 4207 esse
2611 4151 2978 4214 sacerdotem,
3024 4157 3082 4230 et
3113 4146 3385 4216 imprimis
3425 4146 3547 4200 illos
3584 4162 3612 4197 a

344 4252 499 4301 luctu
533 4248 746 4301 alienos
776 4264 898 4301 esse
929 4248 1209 4314 convenit,
1238 4251 1331 4317 qui
1376 4250 1540 4303 modo
1576 4251 1826 4304 unctioni
1862 4249 2068 4303 fuerint
2096 4245 2330 4301 admoti.

418 4335 601 4391 Οἶνον
629 4338 727 4391 καὶ
761 4340 973 4405 σίκερα
1002 4344 1073 4392 οὺ
1131 4340 1363 4393 πίεσθε.
1424 4343 1499 4394 Οὐ
1558 4342 1716 4411 μόνον
1774 4342 1935 4405 εὐθὺς
2063 4355 2072 4365 ‘

1924 4360 1935 4405 ;
2063 4355 2072 4365 ‘
2118 4339 2311 4391 Vinum
2334 4348 2384 4391 et
2414 4339 2645 4420 siccrant
2667 4352 2770 4388 non
2810 4334 3019 4396 bibatis,
3062 4343 3171 4387 etc.
3352 4327 3465 4382 Non
3501 4330 3616 4381 nbi-

343 4433 507 4485 τοῦτο
530 4432 786 4501 ληπτέον,
804 4432 940 4484 ἀλλά
964 4434 1099 4507 μηδὲ
1120 4434 1433 4505 κραιπαλᾷν
1457 4437 1565 4488 ἀπὸ
1587 4437 1753 4507 μέθης
1772 4438 1934 4489 ἑσπε-

1923 4466 1934 4478 -
2036 4439 2122 4485 ter
2167 4430 2257 4483 bic
2305 4430 2463 4483 locus
2514 4425 2871 4496 accipieudus
2923 4434 3045 4479 est:
3096 4422 3206 4475 imo
3263 4420 3469 4485 aliquid
3506 4436 3615 4471 an:-

346 4526 505 4594 ρινῆς
540 4522 710 4576 ἕωθεν
741 4523 1185 4595 λειτουργοῦντα.
1218 4526 1343 4589 Πῶς
1386 4528 1496 4596 γὰρ
1533 4527 1682 4591 ἄξιον
1742 4528 1934 4580 ἐπιθυ·
2037 4538 2038 4543 ‘

1925 4558 1934 4568 .
2037 4522 2206 4589 plius,
2247 4534 2415 4589 quam
2471 4517 2650 4587 primo
2692 4524 2919 4585 aspectu
2952 4529 3059 4583 piae
3109 4527 3168 4565 se
3214 4510 3376 4571 ferat,
3427 4520 3617 4562 noser

347 4617 479 4685 μίας
502 4615 773 4686 ἡττᾶσθαι
822 4616 915 4669 τὸν
970 4617 1109 4686 ὑπὲρ
1141 4616 1249 4669 τῶν
1295 4619 1617 4687 ἡττημένων
1646 4618 1932 4688 δεόμενονς
2038 4630 2039 4665 1

1922 4635 1932 4680 ;
2038 4610 2345 4667 intellectui
2400 4610 2624 4679 ingerit,
2684 4623 2878 4677 nempe
2930 4614 2987 4659 ut
3024 4604 3288 4660 sacerdos
3338 4619 3447 4656 non
3487 4618 3614 4653 uau

345 4710 434 4760 51‘:
477 4707 765 4776 συμϐόλων
801 4708 908 4777 γὰρ
938 4709 1121 4761 πᾶσαν
1152 4708 1427 4778 πρόφασιν
1464 4710 1802 4781 ἀπαγορεύει
1838 4711 1937 4779 τὴν

1922 4727 1937 4759 ν
2040 4712 2180 4766 seet,
2238 4716 2503 4756 nauseant
2552 4707 2807 4754 movente
2856 4696 3193 4767 vespertina,
3227 4708 3351 4764 qua:
3384 4707 3614 4761 praeces—

346 4800 648 4863 ἐξεστᾶσαν
706 4798 798 4851 τὸν
849 4798 1131 4868 λογισμὸν,
1189 4800 1283 4852 καὶ
1308 4802 1515 4872 γηῖνοις
1561 4801 1940 4869 μεθύσκουσαν

1922 4819 1940 4853 ν
2042 4798 2136 4860 sit,
2173 4796 2442 4851 ebrietate
2474 4813 2486 4848 :
2524 4803 2598 4849 ct‘
2624 4794 2704 4849 sic
2732 4792 2799 4846 ad
2839 4807 2995 4847 sacra
3028 4789 3256 4844 accedat
3292 4787 3614 4840 ministeria.

349 4894 666 4965 πράγμασι.
685 4892 776 4945 Διὸ
800 4893 936 4945 καὶὸ
958 4892 1149 4962 Σωτὴρ
1172 4891 1277 4962 ἔφη
1301 4909 1313 4922 ·
1355 4913 1373 4943 ι
1397 4892 1697 4964 Προσέχετε
1731 4896 1939 4963 μήποτε
1970 4944 2007 4965 η

1931 4911 1939 4946 :
1970 4944 2007 4965 η
2043 4890 2175 4956 Quae
2200 4889 2346 4942 enim
2380 4886 2522 4941 ratio
2547 4884 2807 4939 concedit
2832 4894 2895 4937 ut
2936 4885 3008 4944 is,
3042 4881 3137 4952 qui
3176 4896 3273 4952 pro
3306 4879 3439 4944 illis,
3483 4891 3623 4948 quos

352 4984 704 5054 βαρυνθῶσιν
742 4982 897 5053 ὑμῶν
924 4984 979 5035 αἱ
1006 4983 1230 5053 καρδίαι
1261 4983 1502 5053 φροντίδι
1524 4984 1619 5035 καὶ
1643 4984 1938 5053 μερίμναις
1969 4970 2009 5001 υ

1926 5001 1938 5046 ;
1969 4970 2009 5001 υ
2046 4982 2187 5036 mala
2226 4979 2504 5049 cupiditas
2550 4979 2744 5042 vincit,
2777 4978 3025 5046 supplice
3069 4991 3200 5029 voce
3236 4981 3390 5043 rogat
3424 4970 3618 5025 Deum.

353 5080 645 5145 βιωτικαῖς
668 5093 679 5105 ·
711 5097 727 5127 ι
759 5078 881 5129 ἐπεὶ
912 5076 1010 5129 καὶ
1053 5076 1246 5147 σίκερα
1294 5078 1403 5129 πᾶν
1443 5075 1808 5147 ἑρμηνεύεται
1842 5074 1940 5145 μέ-

1932 5105 1940 5115 -
2052 5083 2110 5129 ut
2183 5073 2253 5136 is,
2307 5074 2555 5140 inquam,
2616 5070 2907 5139 cupiditati
2991 5084 3217 5139 quoque
3275 5082 3334 5119 se
3389 5063 3624 5129 turpiter

350 5172 562 5235 (ὲνσμα,
605 5170 708 5222 κᾶν
739 5169 799 5233 ἐξ
827 5169 1073 5239 ἀμπέλου
1103 5164 1264 5242 μὴ

2055 5165 2392 5220 submittat?
2449 5163 2550 5217 Per
2585 5164 2700 5215 hmc
2754 5161 2999 5231 symlmla
3079 5159 3330 5226 prohibet
3380 5166 3434 5209 et
3474 5162 3618 5206 arcet

350 5281 576 5331 rurmeur
640 5265 1013 5326 occasionem,
1052 5278 1173 5331 qua:
1234 5277 1418 5318 veram
1477 5264 1744 5317 rationem
1786 5276 1892 5317 suo
1931 5261 2103 5330 gradu
2139 5260 2379 5328 dejicere
2420 5268 2473 5312 et
2499 5258 2795 5311 deturbare
2839 5262 3027 5325 queat,
3084 5261 3138 5306 ct
3185 5268 3286 5305 nos
3358 5248 3632 5303 inebriare

352 5368 710 5413 terrenarum
772 5372 955 5412 rerum
1005 5358 1319 5414 dulcedine.
1380 5359 1729 5429 Quapmpter
1784 5356 2035 5410 Salvator
2108 5356 2223 5409 lucc
2278 5356 2447 5412 verba
2496 5354 2813 5423 expromit:
2879 5370 2894 5400 ι
2949 5350 3250 5411 Attendite,
3323 5361 3391 5401 ne
3457 5344 3622 5400 corda

428 5516 451 5545 "
477 5514 645 5569 Num.
683 5531 796 5577 ειν.
831 5516 922 5569 2|.
997 5516 1020 5548 ⁹
1052 5514 1197 5569 Psal.
1253 5530 1395 5577 serv,
1444 5517 1491 5569 l.
1574 5516 1615 5546 "
1648 5513 1805 5568 Ioau.
1846 5529 1943 5578 vu,
1976 5512 2067 5567 59.

1648 5513 1805 5568 .‘oau.
1846 5529 1943 5578 vn,
1976 5512 2067 5567 59.
2152 5511 2188 5540 “
2235 5509 2401 5565 llebr.
2445 5525 2540 5574 xu,
2582 5507 2673 5561 29.
2785 5510 2825 5538 ¹¹
2869 5506 3062 5561 ll‘etr.
3111 5522 3184 5571 tv,
3225 5501 3318 5560 ΓΙ.

1890 5673 2121 5728 ΜΠἍΕ.

433 5793 515 5861 (9)
544 5792 625 5844 Τὰ
653 5792 763 5859 γὰρ
784 5795 878 5843 τοῦ
899 5791 1057 5844 Θεοῦ.
1107 5791 1164 5845 ⁸0
1200 5793 1295 5859 τῆς
1322 5795 1454 5858 Λύγ.
1496 5792 1622 5845 mbo.

438 5854 557 5935 (10)
595 5854 688 5927 ἀξ
708 5854 744 5916 θ’
766 5863 958 5932 Σωτὴρ
982 5864 1214 5930 ἀφιστὰς
1252 5854 1485 5931 Πατρὲς,
1508 5864 1591 5915 ἵνα
1621 5863 1680 5914 τὸ
1710 5861 2043 5929 Ιίζῦαγγξλιον
2073 5877 2130 5911 κν

1121 5867 1214 5927 τὰς
1252 5854 1485 5931 Πατρὲς,
1508 5864 1591 5915 ἵνα
1621 5863 1680 5914 τὸ
1710 5861 2043 5929 Εὖαγγξλιον
2073 5858 2322 5928 marini).
2398 5855 2663 5926 ;I.1'lf,‘~‘i,;-
2686 5854 2813 5907 Ᾱᾶε-
