4286 6444
709 382 812 445 723
2025 382 2381 442 PROCOPII
2418 383 2661 443 GAZEEI
3869 364 3974 430 ’124

710 505 896 548 vestra
963 509 1101 549 cura
1172 504 1226 549 et
1275 493 1753 551 sollicitudinibus
1801 496 1989 551 seculi
2052 511 2430 566 aggraventur
2481 498 2547 551 ⁸³.
2595 517 2612 549 ι
2670 495 2862 551 Sicera
2914 507 3178 563 namque,
3229 494 3276 548 si
3329 505 3530 546 nomen
3613 484 3971 555 interpretari

712 588 868 652 velis,
926 585 1207 656 signiﬁcat
1263 602 1484 641 onmem
1532 588 1857 643 ebrietatem
1910 590 2130 644 etiamsi
2177 605 2288 644 non
2331 599 2663 659 procuretur
2691 603 2755 642 ex
2783 588 2968 642 fructu
3004 588 3305 642 vinearum.

782 721 1032 822 δοται-ωε
1071 724 1425 779 abstinebant
1459 726 1528 780 ab
1572 725 1727 778 omni
1777 739 1865 822 eo.
1903 725 2053 822 quod
2081 726 2410 780 ebrietatem
2445 725 2595 779 ciere
2646 731 2852 794 posset.
2887 721 3127 776 Proinde
3173 718 3310 772 nihil
3343 713 3677 769 differebant
3709 728 3738 766 a
3787 729 3979 767 sacer-

712 812 958 912 dotibus
998 826 1159 912 sacra
1207 827 1439 866 munera
1492 813 1958 882 exsequentibus.
1997 810 2312 881 Optandnm
2349 821 2453 878 est,
2499 820 2557 865 ut
2589 810 2914 866 sacerdotes
2944 823 3042 878 per
3074 816 3251 860 totum
3303 819 3416 858 sua:
3449 803 3577 856 vita:
3629 802 3975 854 curriculum

1162 911 1168 912 ,
1330 910 1338 912 _
1672 909 1679 912 .
2041 911 2047 912 ,
2168 902 2180 912 .
2261 909 2271 912 _
2312 903 2323 912 .
2585 900 2597 911 ο
2753 898 2786 912 n
2845 896 2860 912 I
2972 897 3009 912 0,
3052 896 3062 907 ι
3089 897 3104 912 ι
3144 892 3431 912 J2m---l.-_
3460 889 3697 912 -L-!_-_:
3734 887 3971 912 ..-ιιι-..1η

712 904 827 955 sint
877 902 1075 966 sobrii,
1121 911 1176 956 et
1229 910 1378 956 recte
1427 909 1688 970 spargant
1728 911 2108 956 sacrosanctae
2148 902 2415 956 doctrinm
2462 900 2700 955 semina.
2753 896 2861 952 Sed
2894 897 3022 966 quia
3052 896 3104 948 id
3136 892 3432 947 diﬂiculter
3455 889 3701 943 obtineri
3731 887 3974 957 Optandn

712 996 917 1058 potest,
953 991 1146 1043 saltem
1187 989 1511 1044 sobrietatis
1543 989 1658 1042 sint
1681 1004 1985 1054 memores,
2017 996 2076 1042 ut
2110 989 2400 1043 lamentari
2449 987 2666 1057 possint
2701 986 2867 1039 vitam
2915 991 3294 1053 peccatorum,
3328 993 3395 1033 eo
3422 985 3692 1046 tempore,
3729 990 3844 1044 quo
3879 989 3972 1027 sa-

711 1081 825 1132 cris
880 1094 940 1134 se
1000 1078 1315 1132 immisceut
1357 1077 1799 1146 Operatiunibus.
1856 1076 2021 1131 Certe
2056 1077 2138 1130 vel
2178 1075 2450 1146 imprimis
2496 1074 2820 1143 requiritur,
2877 1079 2934 1124 ut
2966 1085 3033 1124 eo
3065 1078 3314 1136 tempore
3344 1073 3576 1119 utantur
3613 1062 3708 1115 vili
3761 1070 3815 1115 et
3869 1062 3974 1113 tri-

711 1166 885 1220 stiore
918 1165 1099 1230 dimta,
1141 1165 1306 1219 sicuti
1336 1179 1584 1234 presens
1644 1163 1956 1233 symbolum
2010 1163 2232 1232 egregie
2279 1162 2476 1217 docere
2515 1161 2759 1216 videtur.
2794 1158 3036 1212 llabetur
3067 1157 3119 1210 in
3162 1156 3452 1222 Scriptura
3491 1158 3547 1205 et
3605 1149 3758 1203 aliud
3800 1163 3975 1216 pocu-

710 1255 849 1314 lum,
879 1252 1026 1322 quod
1064 1252 1304 1306 inebriat
1349 1261 1401 1305 et
1449 1252 1675 1304 inlerim
1709 1249 1968 1304 laudibus
2003 1249 2342 1304 celebratur.
2398 1248 2532 1303 Nam
2563 1249 2618 1302 in
2657 1247 2895 1302 Jeremia
2928 1245 3134 1313 legitur
3168 1259 3181 1294 :
3223 1260 3242 1293 ι
3284 1238 3555 1294 lnebriavi
3583 1251 3802 1291 onmem
3837 1239 3964 1289 ani-

710 1356 854 1394 mam
892 1341 1201 1398 sitientem.
1242 1349 1295 1393 et
1351 1353 1574 1393 omnem
1619 1337 1862 1391 animam
1950 1338 2296 1392 esurientem
2363 1337 2607 1391 saturavi
2651 1337 2714 1390 ⁸⁸.
2753 1354 2772 1384 ι
2809 1333 2875 1386 Ει
2913 1335 3149 1386 iterum:
3208 1346 3227 1379 ι
3265 1325 3552 1381 lnebriabo
3605 1324 3843 1376 animam
3886 1337 3977 1375 sa-

708 1428 995 1481 cerdotum
1026 1427 1091 1480 ¹⁵.
1136 1445 1152 1476 ι
1190 1425 1584 1479 Exhilarantur
1623 1423 1768 1477 enim
1813 1422 2077 1476 laudabili
2111 1421 2267 1493 351
2299 1423 2390 1476 illa
2427 1424 2693 1478 ebrietate
2741 1420 3082 1483 sacerdotes,
3120 1415 3343 1484 quando
3376 1409 3720 1481 expiaverint
3749 1415 3974 1476 peccata

709 1515 1267 1582 mortaliumeaque
1327 1527 1556 1581 prorsus
1617 1511 1944 1564 deleverint.
1997 1510 2136 1562 Huic
2196 1509 2340 1562 haud
2385 1511 2652 1564 dissimile
2704 1516 2809 1572 est,
2874 1506 3104 1575 quodin
3164 1500 3459 1570 Evangelio
3507 1504 3842 1551 memoratur
3898 1485 3994 1552 ι’,

708 1603 776 1658 de
805 1603 932 1658 [iliis
980 1603 1168 1672 sponsi
1211 1599 1594 1670 jejunantibus
1641 1597 1864 1668 quando
1900 1612 2140 1666 sponsus
2171 1596 2388 1650 ablatus
2448 1595 2632 1650 fuerit.
2672 1594 2941 1648 Caeterum
3004 1605 3129 1644 cum
3199 1601 3363 1642 nemo
3422 1582 3736 1637 mortalium
3794 1581 3868 1634 sit
3903 1579 3973 1631 ab

709 1691 856 1744 omni
890 1699 1046 1758 parte
1097 1706 1291 1760 purus,
1325 1697 1622 1756 careatque
1660 1685 1919 1741 sordibus
1953 1695 2008 1739 et
2040 1684 2304 1738 ebrietate
2335 1683 2556 1744 mentis,
2600 1690 2657 1735 ut
2692 1680 2797 1733 rite
2841 1693 3001 1732 orare
3034 1676 3211 1746 possit
3254 1675 3421 1727 Deum
3449 1684 3546 1737 pro
3576 1669 3834 1736 impuris,
3864 1679 3975 1718 non

709 1777 777 1831 ab
813 1794 871 1834 re
892 1794 1032 1848 opus
1066 1778 1164 1830 fuit
1195 1776 1324 1831 Jesu
1355 1754 1558 1830 αξιοι-ιιι)
1595 1772 1854 1844 pontiﬁce
1889 1771 2192 1826 secundum
2234 1770 2485 1825 ordinem
2517 1767 2915 1826 Melchisedech
2945 1785 2958 1819 :
2994 1774 3049 1820 et
3079 1775 3210 1820 vero
3241 1759 3337 1814 illo
3366 1771 3528 1830 agno,
3559 1757 3654 1826 qui
3679 1754 3822 1808 tollit
3845 1766 3974 1822 pec-

708 1875 895 1921 catum
940 1865 1130 1919 mundi
1166 1866 1228 1919 ¹⁷.
1299 1897 1321 1916 ρ

778 2001 1034 2058 Obelisco
1059 2003 1271 2071 signata
1299 2002 1563 2058 sunthaec
1594 2000 1758 2055 verba
1791 2017 1800 2050 :
1839 2017 1856 2048 ι
1893 1999 1997 2053 Aut
2028 1999 2294 2052 acceden-
2329 2001 2365 2053 Λ

707 2094 858 2148 tibus
885 2093 951 2146 ad
983 2094 1179 2154 altare.
1207 2113 1224 2144 ι
1253 2103 1382 2156 etc.,
1414 2093 1574 2162 quasi
1606 2091 1897 2146 referenda
1924 2092 2036 2144 sint
2058 2091 2121 2143 ad
2148 2104 2294 2152 eum,

707 2187 808 2255 qui
839 2185 1011 2239 ﬂectit
1046 2186 1269 2254 vestigia
1307 2186 1371 2237 ad
1398 2183 1819 2238 tabernaculum
1846 2180 2180 2247 testimonii;
2213 2178 2296 2233 vel

707 2279 855 2345 quod
887 2277 1143 2331 fortassis
1172 2276 1238 2329 ad
1272 2276 1444 2329 altare
1467 2276 1618 2329 adire
1641 2274 1804 2327 liceat
1824 2284 1877 2327 et
1908 2273 2017 2328 illis
2040 2274 2133 2342 qui
2187 2289 2296 2328 non

709 2368 912 2422 fuerint
967 2366 1308 2422 sacerdotes.
1373 2365 1467 2419 llis
1504 2364 1744 2420 conferri
1778 2375 2012 2434 possunt
2071 2364 2172 2425 illi,
2226 2364 2296 2418 de

706 2457 911 2526 quibus
948 2456 1000 2510 in
1030 2455 1552 2525 Evangeliodicitur
1575 2454 1643 2521 η,
1667 2463 1728 2508 ιιι
1756 2454 2080 2524 relinquant
2108 2469 2293 2508 coram

709 2551 870 2604 altari
906 2565 1110 2604 munus
1139 2549 1316 2602 donec
1354 2547 1582 2602 redeant
1625 2547 1680 2602 in
1726 2548 1961 2617 gratiam
2006 2561 2130 2600 cum
2187 2545 2300 2599 fra-

708 2641 912 2706 tribus,
947 2649 1002 2695 et
1031 2650 1164 2694 tunc
1212 2639 1432 2694 demum
1466 2637 1606 2707 pede
1645 2637 1827 2693 l'austo
1857 2645 1986 2693 eant
2018 2638 2083 2691 ad
2121 2652 2293 2690 aram.

711 2734 809 2788 Vel
834 2734 1176 2796 sacerdotes,
1202 2747 1346 2801 quos
1387 2732 1524 2785 ordo
1555 2746 1663 2784 non
1698 2739 1860 2785 vocat
1892 2738 1950 2783 ut
1981 2729 2300 2784 ministrent

711 2825 837 2880 aliis
865 2824 1082 2881 scilicet
1106 2824 1560 2888 succedentibus,
1583 2820 1854 2878 accedunt
1877 2821 1942 2875 ad
1969 2823 2143 2874 altare
2171 2821 2299 2874 licet

709 2934 825 2973 non
868 2918 1256 2988 ingrediantur
1300 2917 1355 2970 in
1403 2916 1820 2970 tabernaculum
1869 2913 2174 2968 testimonii
2232 2929 2296 2967 eo

709 3018 982 3079 tempore,
1007 3025 1118 3080 quo
1158 3010 1432 3063 immunes
1468 3016 1596 3063 sunt
1628 3024 1656 3060 a
1695 3006 2029 3060 ministerio.

791 3121 860 3177 Ut
882 3122 1218 3192 distinguant
1246 3121 1384 3174 inter
1399 3130 1582 3173 sancta
1603 3125 1653 3172 et
1670 3116 1924 3186 profana,
1940 3124 2048 3169 etc.
2066 3111 2158 3184 [X,
2182 3111 2294 3182 ια]

711 3217 902 3272 Solius
943 3214 1152 3270 Christi
1193 3222 1277 3267 est
1319 3220 1373 3267 et
1409 3212 1664 3274 illorum,
1697 3223 1839 3279 quos
1880 3205 2080 3259 ﬁliolos
2118 3213 2294 3268 vocat,

709 3322 1004 3380 segregare
1037 3315 1228 3360 sancta
1256 3318 1283 3356 a
1312 3302 1584 3373 profanis.
1610 3298 1710 3354 Hic
1736 3312 1960 3369 quoque
1983 3296 2037 3348 in
2058 3302 2296 3348 mentem

2481 1995 2782 2049 Ὠὁέλισται
2832 1993 2887 2046 δὲ
2929 1990 3008 2051 τὸ,
3062 2007 3080 2040 ι
3124 1988 3194 2041 Ἣ
3242 1977 3771 2055 προσπορευομένων
3822 1974 3980 2045 ὑμῶν

2406 2088 2541 2156 πρὸς
2568 2088 2629 2138 τὸ
2659 2086 3067 2152 θυσιαστήριον,
3112 2099 3130 2132 ι
3169 2080 3245 2140 ὡς
3277 2073 3666 2143 συννοούμενον
3694 2068 3772 2138 τῷ
3809 2083 3979 2137 προσ-

2401 2180 2758 2249 πορευομένῳ
2780 2177 2914 2246 πρὸς
2944 2175 3041 2243 τὴν
3071 2171 3275 2239 σκηνὴν
3303 2167 3396 2220 τοῦ
3435 2161 3736 2236 μαρτυρίου
3761 2175 3772 2187 ·
3807 2160 3977 2228 ἧγουν

2398 2247 2487 2331 the
2529 2268 2623 2321 τοῦ
2682 2263 3070 2333 Θυσιαστηρίου
3110 2258 3272 2330 βατοῦ
3302 2257 3453 2317 ὄντος
3500 2253 3595 2306 καὶ⁵
3629 2251 3702 2320 μὴ
3749 2247 3975 2318 ἱερεῦσι.

2399 2361 2646 2415 Τοιοῦτοι
2725 2360 2834 2430 γὰρ
2883 2357 2975 2410 καὶ
3040 2355 3089 2407 οἱ
3165 2351 3419 2421 ἀφιέντες
3500 2341 3809 2414 ἔμπροσθεν
3882 2337 3978 2391 τοῦ

2400 2427 2881 2521 θυσιαστηρίου-τὸ
2908 2448 3081 2516 δῶρον
3117 2444 3278 2514 μέχρι
3321 2435 3650 2504 διαλλαγῶσι
3679 2434 3789 2494 τοῖς
3827 2427 3983 2483 ἀδελ-

2399 2550 2538 2616 φοῖς,
2576 2546 2664 2597 ἵνα
2690 2545 2812 2595 τότε
2836 2538 3176 2610 προσέλθωσι
3213 2533 3291 2602 τῷ
3333 2528 3726 2596 θυσιαστηρίῳ.
3751 2523 3982 2591 Μήποτε

2397 2614 2453 2693 δὲ
2481 2639 2577 2691 καὶ
2603 2639 2653 2689 oi
2684 2635 2843 2694 ἐκτὸς
2865 2635 2963 2702 τῆς
2999 2628 3307 2700 ἐφημερίας
3330 2625 3495 2694 ἱερεῖς
3513 2614 3982 2690 προσπορεύονται

2396 2732 2476 2799 τῷ
2538 2728 2938 2796 θυσιαστηρίῳ,
2999 2723 3094 2776 καὶ
3133 2723 3180 2773 εί
3217 2718 3294 2789 μὴ
3318 2719 3384 2786 τῇ
3421 2714 3595 2782 σκηνῇ
3637 2708 3731 2762 τοῦ
3777 2722 3985 2778 μαρτυ-

2403 2826 2519 2896 ρίου
2547 2840 2560 2885 ;

2473 3113 2650 3166 Μόνου
2670 3107 2827 3160 τοῦτο
2857 3101 3094 3174 Χριστοῦ
3125 3096 3418 3160 κάκείνων,
3467 3090 3560 3154 οὓς
3588 3087 3777 3142 τεκνία
3811 3081 3984 3138 καλεῖ·

2399 3205 2457 3268 ὃς
2497 3203 2591 3255 καὶ
2619 3195 2948 3268 συμϐιόἀζει
2974 3193 3064 3246 τὸν
3119 3190 3260 3244 κατὰ
3295 3187 3478 3255 σάρκα
3507 3180 3724 3251 Ἰσραὴλ
3752 3177 3786 3231 ἃ
3824 3175 3989 3227 λελάο

2399 3294 2530 3363 ληκε
2564 3267 2766 3360 Κύριος
2790 3286 2876 3340 διὰ
2899 3284 2997 3354 τῆς
3027 3279 3307 3340 Μωῦσέως
3332 3293 3414 3346 χει
3425 3275 3517 3345 ρος
3554 3273 3656 3340 τῆς
3701 3267 3990 3339 χωρούσης

709 3360 724 3364 -
747 3360 824 3380 -υν
849 3360 924 3378 -υκ
948 3360 995 3361 κγ
1312 3360 1326 3373 .
1756 3360 1767 3369 .
1869 3360 1885 3368 -

708 3400 1200 3457 vocatsecunduui
1229 3411 1450 3452 carnem
1492 3393 1700 3450 Judaeis
1737 3392 1830 3446 illa
1853 3431 1868 3455 ,
1905 3404 2027 3459 qua:
2058 3404 2154 3458 per
2184 3386 2298 3440 Mo-
2331 3399 2375 3455 Β

2294 3399 2375 3455 ιβ
2402 3360 2561 3452 λογον
2620 3379 2780 3434 Θεοῦ.
2826 3377 2917 3430 Διὸ
2976 3374 3071 3426 καὶ
3121 3369 3314 3431 πιστὸς
3368 3363 3436 3437 ἦν
3489 3368 3545 3417 ὲν
3579 3364 3684 3432 ὅλῳ
3723 3360 3802 3428 τῷ
3829 3360 3986 3426 οἴκῳ,

711 3506 834 3554 sen,
866 3491 960 3560 qui
997 3488 1589 3558 capiebatsermonem
1623 3483 1743 3545 Dei,
1790 3489 2049 3551 potenter
2080 3480 2302 3533 locutus

2175 3485 2302 3531 utus
2332 3453 2363 3455 —
2404 3479 2479 3541 ὠς
2500 3476 2778 3546 θεράπων,
2807 3472 2885 3532 εις
2920 3465 3221 3538 μαρτύριον
3253 3460 3359 3514 τῶν
3388 3453 3859 3529 λαληθησομένων.

709 3591 816 3639 est.
850 3581 1202 3653 Quapmpter
1235 3579 1437 3633 dicitur
1470 3577 1612 3631 iidus
1645 3576 1696 3630 in
1721 3581 1840 3627 tota
1872 3573 2036 3628 domo
2063 3586 2165 3626 ceu
2200 3571 2301 3623 mi-

709 3678 886 3731 nister
925 3676 980 3728 in
1010 3673 1392 3729 testimonium
1425 3684 1639 3733 eorum,
1668 3681 1791 3738 qua:
1815 3663 2047 3720 dicenda
2079 3671 2262 3715 erant.

783 3791 1054 3846 Prmterea
1082 3803 1313 3844 necesse
1334 3795 1440 3849 est,
1474 3795 1534 3840 ut
1566 3782 1906 3844 sacerdotes,
1936 3778 2153 3835 etiamsi
2177 3792 2303 3846 pro-

712 3884 824 3938 fani
862 3882 1092 3944 l'tterint,
1126 3882 1301 3936 vitent
1332 3879 1678 3934 consortium
1718 3873 2078 3946 profanorum
2112 3879 2165 3925 et
2196 3869 2294 3922 im-

710 3989 980 4046 purorum
1012 3973 1323 4027 hominum.
1361 3969 1497 4023 Nam
1543 3988 1560 4021 ι
1607 3968 1783 4022 Omne
1824 3961 2061 4026 animal,
2097 3960 2299 4028 inquit,

711 4077 861 4123 amat
913 4067 998 4123 sui
1048 4065 1230 4121 simile
1265 4067 1352 4116 "z
1400 4083 1416 4114 ι
1464 4070 1518 4116 et
1574 4062 1659 4114 vir
1707 4056 2010 4115 adharebit
2043 4052 2302 4121 ei,cujns

712 4177 835 4217 mos
864 4161 1106 4215 maxime
1132 4157 1441 4213 consimilis
1472 4155 1637 4210 fuerit
1672 4154 1851 4224 ipsius
1883 4149 2046 4204 mori.

784 4279 853 4334 At
888 4265 1021 4347 quid
1045 4274 1353 4331 monebunt
1372 4272 1394 4324 ?
1411 4270 1541 4340 quid
1564 4276 1861 4340 suggerent
1885 4267 1907 4320 ?
1929 4265 2126 4335 Legem
2155 4279 2303 4317 neni-

712 4389 782 4445 pe
808 4387 933 4428 esse
964 4368 1332 4437 spiritualem,
1372 4374 1427 4419 et
1457 4379 1578 4419 esse
1610 4362 1998 4432 pmdagOgum,
2055 4357 2150 4425 qui
2201 4371 2303 4411 nos

707 4464 895 4537 jungit
928 4461 1153 4517 Christo
1187 4476 1198 4510 :
1240 4459 1439 4511 littera:
1469 4471 1578 4510 non
1615 4469 1737 4508 esse
1770 4450 2161 4521 superstitiose
2216 4448 2302 4501 in-

711 4549 1087 4608 cumbendum
1119 4568 1130 4598 :
1171 4545 1484 4600 uberrimus
1526 4542 1757 4613 spiritus
1786 4540 2001 4594 fructus
2035 4538 2160 4592 inde
2184 4537 2300 4591 col-

711 4643 983 4716 ﬁgendos.

784 4737 856 4792 Et
891 4751 1114 4804 caprum
1137 4749 1233 4803 pro
1261 4742 1474 4799 peccato
1501 4728 1784 4799 qrtwrendo
1819 4725 2060 4794 quasivit
2086 4721 2259 4774 Moses
2285 4736 2302 4773 :
2332 4747 2374 4806 ρ

712 4841 767 4884 αι
797 4831 914 4901 igne
941 4837 1217 4894 correptus
1255 4825 1616 4893 ﬂagraverat,
1656 4829 1763 4874 etc.
1798 4815 1938 4888 [16.]
1992 4813 2109 4868 Non
2154 4813 2302 4867 enim

712 4925 948 4978 decebat
1002 4931 1061 4976 ut
1091 4919 1232 4990 patri
1292 4926 1347 4971 et
1402 4916 1667 4970 fratribus
1697 4911 1947 4973 illorum,
1981 4922 2124 4978 quos
2166 4904 2307 4976 ignis

714 5027 1049 5088 peremerat,
1080 5012 1400 5068 traderetur
1430 5024 1594 5078 caper
1624 5025 1636 5058 :
1677 5019 1854 5074 neque
1885 5003 2050 5057 etiam
2083 4999 2166 5064 fas
2187 5005 2307 5053 erat

713 5123 772 5165 ιιι
802 5111 919 5176 alii,
952 5123 1117 5179 quam
1141 5106 1274 5177 igni,
1298 5105 1391 5174 qui
1421 5095 2005 5159 devoraveratﬁadab
2027 5103 2080 5148 et
2100 5090 2303 5152 Abiud,

713 5208 1038 5258 donaretur.
1098 5199 1257 5254 Prius
1316 5214 1480 5260 vero,
1515 5210 1681 5264 quam
1723 5192 2050 5246 rescisceret
2100 5187 2205 5240 hoc
2239 5200 2306 5240 ex

715 5296 988 5351 relatione
1023 5293 1278 5356 Aaronis,
1316 5291 1498 5345 Moses
1531 5293 1722 5343 monet.
1759 5283 1983 5336 fratrem
2022 5289 2076 5334 et
2111 5293 2307 5346 super—

716 5391 876 5443 stites
909 5387 1070 5452 filius,
1105 5395 1165 5441 ιιι
1195 5385 1421 5440 ederent
1452 5379 1830 5450 pectusculum
1862 5374 2234 5445 scparationis
2257 5378 2310 5425 et

717 5498 935 5537 armum
966 5481 1292 5537 clevationis
1321 5480 1374 5532 in
1411 5479 1529 5530 loco
1563 5483 1759 5529 sancto
1791 5489 1804 5524 :

796 5756 839 5788 ²³
871 5755 1005 5808 an.
1048 5769 1161 5813 ni,
1199 5752 1290 5805 Si.
1374 5750 1415 5778 “
1453 5745 1655 5802 Jcrem.
1720 5763 1871 5811 xxxr,
1931 5743 2021 5797 95.

717 5827 813 5886 35.
847 5827 938 5881 24.
1021 5827 1063 5856 ’τ’
1111 5824 1280 5879 Eccli.
1318 5837 1439 5878 xm.
1491 5819 1578 5872 19.

2107 5742 2145 5773 "
2179 5739 2316 5796 ibid.
2355 5737 2441 5794 14.

2475 3781 2565 3832 Δεῖ
2591 3779 2716 3838 τοὺς
2745 3775 2925 3845 ἱερέας
2955 3767 3253 3838 ἁϐεὸήλους
3300 3765 3459 3826 ὄντας
3493 3759 3699 3830 ἀνδρῶν
3747 3754 3994 3826 βεϐήλων

2404 3868 2732 3936 ἀποφοιτᾷν.
2798 3882 2817 3914 ι
2879 3863 2996 3917 Πᾶν
3043 3858 3153 3928 γὰρ
3206 3855 3380 3921 ζῶον,
3435 3853 3638 3921 φησὶν,
3694 3847 3884 3916 ἀγαπᾷ
3930 3845 3994 3897 τὸ

2405 3966 2593 4034 ὅμοιον
2643 3959 2828 4030 αὐτῷ·
2867 3976 2884 4008 ι
2915 3957 3009 4010 καὶ
3043 3952 3120 4023 τῷ
3150 3950 3322 4022 ὁμοίῳ
3362 3946 3529 4001 αὑτοῦ
3582 3939 3996 4014 προσκολληθή-

2408 4073 2556 4108 σεται
2590 4053 2690 4123 ἀνή
2699 4070 2751 4122 ρ.

2477 4261 2542 4313 Ti
2577 4258 2632 4311 δὲ
2663 4254 3120 4326 συμὸιῦἁσουσιν,
3151 4249 3184 4319 ἢ
3217 4247 3291 4308 ὡς
3329 4239 3698 4312 πνευματικδς
3736 4238 3763 4289 ὁ
3805 4233 3994 4303 νόμος,

2407 4355 2501 4408 καὶ
2549 4349 2898 4418 παιδαγωγὸς
2960 4346 3042 4407 εἰς
3072 4340 3346 4414 Χριστάν;
3376 4338 3449 4400 ὡς
3486 4337 3547 4388 τό
3567 4351 3628 4402 γε
3652 4331 3891 4402 γράμμα
3915 4327 3999 4380 δι-

2409 4446 2710 4507 δασκαλίας
2745 4443 2805 4496 οὐ
2827 4442 3026 4494 δέεται.

2489 4722 2583 4780 ις’.
2611 4711 2718 4766 Καὶ
2741 4711 2847 4763 τὸν
2868 4707 3123 4776 χίμαρον
3150 4700 3259 4753 τὸν
3283 4697 3416 4764 περὶ
3449 4692 3558 4761 τῆς
3586 4685 3879 4759 ἁμαρτίας
3903 4680 4000 4748 ζη-

2411 4777 2534 4864 τῶνξ
2549 4804 2872 4872 ὲξεζήτησε
2889 4794 3154 4862 Μωυσῆς
3175 4809 3190 4823 °
3210 4795 3242 4846 ό
3258 4791 3326 4844 δὲ
3346 4785 3807 4851 ἐνεπεπύριστο.
3840 4777 4001 4829 Ἐπεὶ

2411 4904 2512 4958 οὐκ
2531 4899 2697 4970 ἐχρῆν
2717 4897 2810 4951 τὸν
2831 4894 3045 4964 πατέρα
3062 4889 3168 4942 τῶν
3186 4883 3566 4941 ἀποθανόντων
3584 4875 3688 4929 ὑπὸ
3710 4872 3805 4925 τοῦ
3826 4868 4005 4937 πυρὸς

2412 4960 2626 5056 iuueni;
2655 4960 3150 5057 ’καταχαρίσασθαι
3206 4979 3298 5030 τὸν
3356 4974 3611 5044 χίμαρον,
3643 4967 3676 5038 ἢ
3721 4965 3865 5032 ἄλλῳ
3895 4960 4004 5057 τινὶ.

2413 5089 2576 5144 αὑτὸν
2609 5050 2976 5155 ῖπαραδοθναι,
3002 5075 3115 5130 ἀλλ’
3146 5073 3178 5144 ἢ
3227 5068 3304 5140 τῷ
3343 5065 3492 5136 παρὰ
3522 5060 3728 5130 Κυρίου
3760 5056 3896 5125 τιυρὶ
3927 5050 4010 5122 τῷ

2415 5151 2794 5251 καταφαγιίντι
2829 5173 3018 5230 Ναδάὃ
3043 5171 3135 5225 καὶ
3180 5163 3414 5220 Ἀϐιούδ.
3452 5160 3588 5228 Πρὶν
3622 5151 4010 5251 δὲῇτοῦτοὶμα-

2416 5238 2531 5330 θετν
2557 5238 2615 5337 tui
2655 5238 2868 5341 ζΛαρὼν
2894 5270 2921 5320 ὁ
2955 5262 3195 5329 Μωῦσῆς
3225 5255 3636 5324 ὑπομιμνήσκει
3659 5245 3748 5298 τὸν
3777 5238 4012 5306 ἀδελφὸν

2421 5371 2514 5424 καὶ
2539 5368 2664 5426 τοὺς
2693 5357 3155 5426 καταλειφθέντας
3181 5351 3328 5410 υἱοὺς
3347 5342 3513 5399 αὑτοῦ
3553 5339 3755 5394 ἐσθίειν
3786 5336 3846 5387 τὸ
3877 5349 4013 5401 στη-

2421 5461 2600 5513 Θύνιον
2631 5459 2727 5507 τοῦ
2762 5428 3162 5522 ὰφαιρὲματος,
3191 5445 3284 5497 καὶ
3307 5442 3398 5496 τὸν
3441 5435 3703 5509 βραχίονα
3725 5428 3822 5483 τοῦ
3846 5430 4012 5498 ἀφαι-

2435 5555 2675 5623 ρήματος
2701 5551 2757 5600 ὲν
2787 5546 2940 5613 τόπῳ
2972 5541 3126 5610 ἁγίῳ.

3635 5719 3678 5753 ⁸⁸
3716 5712 3911 5771 Matth.
3953 5727 4006 5774 ν,

2527 5737 2567 5766 ’⁸
2598 5733 2788 5788 Matth.
2830 5747 2902 5796 ις,
2946 5728 3026 5783 15.
3113 5727 3149 5756 ³⁷
3185 5724 3344 5779 Juan.
3390 5738 3428 5786 ι,
3460 5720 3550 5774 ‘20.
