4286 6444
692 371 795 432 727
2033 378 2380 438 PROCOPII
2414 381 2653 438 GAZ.~-El
3846 373 3954 437 728

692 483 934 537 futuram
965 485 1355 538 beatitudinem
1386 489 1687 556 exquirunt
1713 490 1968 544 sollicite.
2001 490 2065 544 lli
2099 506 2321 559 quoque
2358 506 2465 544 non
2492 492 2670 544 solum
2709 469 2922 546 ﬁndunt
2946 491 3232 561 ungulam,
3255 490 3348 544 sed
3386 487 3550 542 etiam
3576 500 3791 556 ungues
3813 503 3950 556 pra:-

687 588 904 640 sccaut,
947 578 998 629 id
1033 588 1138 638 est.
1173 581 1433 634 auferunt
1466 583 1533 634 ab
1561 586 1824 652 operibus
1853 587 1971 640 suis
2006 587 2275 655 quidquid
2302 586 2466 640 fuerit
2497 586 2835 656 superﬂuum
2867 596 2923 641 et
2945 599 3248 640 mortuum.
3285 583 3462 638 Etiam
3498 598 3526 636 a
3561 583 3790 651 pedibus
3820 584 3952 637 sui)-

690 671 936 728 iuoveut,
972 666 1240 734 quidquid
1273 669 1674 738 impedimento
1725 671 1914 735 fuerit,
1950 674 2269 741 quominus,
2310 684 2368 726 ut
2416 669 2653 740 oportet,
2685 675 2738 728 in
2775 677 3000 730 virtutis
3050 675 3189 728 calle
3242 671 3693 742 progrediantur.
3749 670 3824 724 De
3848 671 3952 725 hoc

688 753 831 806 calle
857 755 933 805 ait
966 752 1134 807 David
1177 772 1187 805 :
1236 775 1252 805 t
1283 755 1385 808 Pes
1420 773 1575 813 meus
1612 769 1696 813 est
1741 761 1798 814 in
1835 762 2164 814 rectitudine
2209 762 2273 814 ³⁸.
2319 770 2380 811 H

2259 801 2273 814 .
2319 777 2336 809 ›
2366 760 2436 812 At
2484 760 2552 814 de
2578 764 2860 815 contrario
2913 761 3077 815 modo
3111 759 3325 814 all‘eetis
3372 759 3618 824 profatur
3648 758 3791 810 idem
3829 772 3951 824 pro-

688 839 853 904 pheta
891 856 903 892 :
952 859 969 890 t
1005 839 1237 895 Veloces
1272 843 1435 912 pedes
1465 846 1685 900 illorum
1727 849 1792 900 ad
1829 847 2172 902 fundendum
2226 846 2550 916 sanguinein
2578 887 2591 909 ,
2629 847 2893 900 contritio
2942 856 2997 900 et
3047 845 3339 900 calamitas
3381 845 3436 896 in
3469 844 3572 896 viis
3603 858 3793 896 eorum
3823 843 3886 896 ”.
3929 861 3947 892 ι

690 923 844 978 Totis
883 927 1068 996 itaque
1091 931 1304 985 viribus
1329 931 1610 999 fugiamus
1637 933 1780 996 illos,
1805 936 1899 1004 qui
1935 951 2035 988 nec
2066 952 2195 989 vera
2230 934 2517 1004 religione,
2541 949 2640 989 nec
2659 933 2974 990 Christiana
2995 935 3284 999 eharitate,
3309 941 3401 986 aut
3432 933 3701 986 alterutra
3756 932 3951 984 harum

688 1014 1040 1084 praefulgent.
1080 1016 1288 1072 Horum
1324 1020 1592 1073 cadavera
1622 1036 1867 1090 quoque,
1902 1022 2117 1076 scilicet
2157 1023 2387 1091 scripta,
2419 1037 2542 1090 quae
2579 1024 2820 1091 posteris
2852 1023 3171 1090 relinquunt
3211 1035 3264 1074 et
3295 1021 3786 1080 circumieruutur,
3818 1019 3950 1071 aho-

687 1101 985 1155 rnincuiur.
1012 1101 1116 1155 Per
1150 1104 1422 1157 eamelum
1450 1114 1503 1158 et
1537 1105 1806 1175 leporem,
1833 1123 1957 1176 qua:
1992 1109 2255 1161 animalia
2279 1109 2591 1177 quantitate
2625 1112 2768 1163 inter
2804 1125 2864 1164 se
2896 1108 3178 1172 differunt,
3211 1107 3670 1161 commonstravit
3707 1106 3952 1158 celebres

687 1197 741 1237 et
771 1188 1042 1251 obscuros
1068 1191 1372 1260 media‘que
1408 1201 1549 1245 notre
1581 1193 1852 1254 homines,
1875 1193 2080 1262 quibus
2108 1194 2434 1264 plerumque
2465 1197 2596 1250 ﬁdes
2621 1207 2674 1250 et
2699 1211 2864 1266 opera
2883 1204 3104 1249 mortua
3135 1197 3340 1257 insunt,
3367 1204 3462 1246 aut
3484 1193 3716 1247 alterum
3750 1193 3950 1252 solum,

687 1283 742 1325 et
771 1274 850 1326 sic
881 1283 1158 1334 neutrum.
1188 1275 1322 1329 Nam
1367 1277 1501 1332 ﬁdes
1536 1281 1747 1346 absque
1795 1280 2059 1342 operibus
2085 1290 2170 1334 est
2205 1291 2422 1335 mortua
2446 1282 2493 1314 ‘°
2531 1297 2545 1336 :
2577 1299 2677 1339 nec
2707 1299 2816 1338 non
2845 1297 3012 1352 opera
3049 1283 3172 1337 sine
3201 1281 3306 1336 ﬁde
3345 1296 3568 1350 quoque
3605 1289 3820 1333 mortua
3849 1279 3953 1332 du-

687 1368 911 1412 cuntur.
948 1359 1151 1414 Verum
1185 1364 1468 1417 sciendum
1499 1373 1604 1428 est,
1636 1366 1784 1431 quod
1815 1367 1920 1419 alia
1949 1368 2164 1420 ratione
2196 1368 2466 1436 impulsus
2493 1372 2770 1426 concessit
2826 1369 3071 1426 Hebraeis
3126 1371 3178 1422 in
3223 1367 3462 1438 Egypto
3494 1369 3640 1422 vesci
3694 1369 3870 1422 bobus
3896 1376 3952 1420 et

687 1446 906 1508 ovibus,
941 1461 1062 1515 qua:
1093 1449 1352 1502 animalia
1387 1452 1693 1505 adorabant
1716 1451 1978 1523 Egyptii.
2021 1451 2198 1508 Judaei
2231 1467 2412 1511 autem
2441 1459 2532 1512 illa
2559 1459 2819 1520 edebant,
2855 1468 2916 1512 ut
2945 1457 3227 1511 discerent
3265 1471 3328 1510 ea
3386 1464 3744 1509 contemnere
3773 1464 3828 1508 et
3854 1455 3950 1509 de-

691 1538 931 1600 spicere,
965 1545 1022 1588 ut
1051 1537 1104 1588 iu
1141 1538 1345 1604 quibus
1381 1539 1514 1592 nihil
1547 1540 1860 1595 divinitatis
1897 1543 2122 1596 inesset.
2159 1540 2448 1598 Prohihuit
2483 1561 2702 1614 quoque
2735 1544 2982 1599 llebrmis
3013 1544 3066 1598 in
3098 1542 3444 1613 Egyptome
3473 1541 3833 1595 admoverent
3865 1541 3950 1594 ori

687 1622 869 1684 cibos,
908 1625 1110 1692 quibus
1163 1627 1291 1696 gula
1348 1629 1508 1696 quasi
1552 1629 1828 1683 illecebris
1874 1631 2210 1699 quibusdam
2249 1631 2462 1686 fovetur
2508 1640 2563 1687 et
2629 1634 2904 1688 irritatur.
2942 1631 3149 1686 [lorum
3198 1630 3266 1684 de
3317 1644 3551 1684 numero
3591 1635 3721 1682 sunt
3749 1643 3950 1682 carnes

686 1712 886 1771 suillte,
922 1728 1064 1781 quas
1093 1716 1406 1782 petiverunt
1437 1718 1658 1771 tandem
1698 1719 1751 1771 iu
1783 1728 1936 1780 vasta
1970 1720 2268 1775 solitudine
2293 1719 2617 1790 [Egyptiaea
2656 1719 2871 1774 liberati
2920 1719 3209 1774 servitute.
3244 1714 3448 1769 Verum
3484 1714 3632 1768 haud
3663 1715 3952 1782 imperavit

687 1795 954 1860 llebrteis,
986 1813 1043 1853 ut
1069 1801 1427 1870 degustareut
1453 1804 1544 1856 illa
1579 1805 1862 1868 animalia,
1892 1821 1921 1858 a
1950 1807 2154 1874 quibus
2185 1807 2447 1862 abhorret
2473 1808 2775 1862 humanum
2809 1808 3113 1871 ingenium,
3140 1819 3371 1874 quinque
3401 1803 3777 1857 abominetur.
3809 1801 3951 1856 Aliis

686 1887 873 1939 causis
900 1888 1105 1942 ductus
1135 1903 1262 1944 ante
1293 1891 1476 1944 datam
1517 1893 1688 1961 legem
1726 1892 1892 1960 jussit
1929 1892 2187 1948 llebrzeos
2219 1895 2496 1950 abstinere
2552 1909 2583 1948 a
2620 1894 2984 1948 cadaveribus
3035 1891 3272 1946 mortuis
3300 1890 3461 1959 quasi
3511 1889 3948 1943 intolerabiliora

687 1972 890 2026 faciant
925 1985 978 2029 et
1006 1979 1165 2029 morti
1200 1987 1330 2030 sunt
1356 1979 1678 2042 viciniorcs,
1704 1979 1865 2050 343
1891 1982 1983 2048 qui
2023 1981 2162 2036 tales
2190 1996 2301 2034 non
2337 1991 2666 2036 averscntur
2701 1982 2882 2036 cibos.

758 2060 844 2116 Ne
879 2066 1206 2132 contigeritis
1238 2065 1520 2126 cadurci-tt,
1553 2077 1661 2121 etc.
1696 2067 1808 2137 |.\l,
1835 2067 1916 2138 8.]
1944 2067 2068 2122 Πειξο
2097 2085 2206 2123 non
2243 2070 2425 2139 inepte
2449 2069 2758 2137 praesen-ibit
2794 2067 3020 2138 populo,
3049 2066 3142 2136 qui
3172 2080 3268 2135 per
3294 2063 3538 2118 carnalia
3572 2061 3947 2125 erudiebatur,

687 2158 745 2204 ut
782 2160 836 2204 et
876 2153 924 2203 in
959 2152 1046 2205 his
1078 2165 1360 2207 servarent
1395 2157 1712 2223 puritatetn,
1735 2170 1842 2224 qua
1871 2170 1898 2208 a
1934 2156 2159 2224 reliquis
2181 2165 2603 2210 secernerentur
2633 2155 2912 2224 gentibus.
2953 2152 3011 2207 Si
3037 2160 3218 2207 autem
3245 2152 3371 2220 quis
3399 2151 3567 2213 dicat,
3595 2148 3698 2202 hac
3738 2150 3952 2203 ratione

687 2240 831 2298 ﬁcii,
877 2249 933 2292 ut
972 2241 1238 2308 plut-ima,
1277 2257 1400 2311 qua:
1437 2243 1606 2296 habet
1633 2253 1857 2306 natura,
1887 2256 1994 2296 non
2022 2252 2251 2297 careant
2282 2242 2733 2312 reprehensione.
2765 2242 2925 2310 quasi
2955 2240 3061 2294 sint
3099 2240 3316 2308 impura
3346 2257 3359 2292 :
3408 2237 3500 2290 ille
3527 2236 3668 2290 sciat
3703 2236 3887 2289 omnia
3919 2253 3949 2290 a

682 2328 945 2379 tit-catore
976 2343 1096 2381 esse
1125 2338 1309 2382 creata
1349 2330 1404 2382 iu
1440 2329 1778 2398 peculiarem
1822 2328 2114 2397 quemdam
2149 2329 2349 2383 ﬁnem:
2396 2338 2450 2384 et
2483 2340 2737 2400 respccm
2787 2329 2908 2398 ejus
2945 2327 3071 2382 ﬁnis
3110 2327 3323 2397 singula
3371 2324 3660 2380 continere
3704 2323 3948 2392 aliquam

684 2415 984 2466 utilitatem
1024 2427 1077 2468 et
1111 2418 1437 2484 puritatem.

762 2499 888 2553 "ccc
923 2502 1089 2553 cdetis
1122 2501 1185 2553 de
1222 2503 1621 2570 omnibus,qttcv
1645 2515 1806 2571 agunt
1842 2507 1894 2558 in
1933 2508 2086 2573 cit/uis
2111 2523 2127 2558 :
2156 2496 2475 2575 qtta’cimqtte
2507 2505 2697 2572 pinnas
2723 2503 2915 2556 habent
2946 2513 2994 2556 et
3027 2518 3280 2572 squamas
3315 2509 3422 2552 tam
3452 2500 3507 2551 in
3553 2497 3692 2550 mari
3713 2512 3871 2565 quant
3893 2496 3950 2547 in

685 2588 1021 2665 ﬁtttttittil=tts,
1059 2606 1119 2640 cct
1153 2589 1460 2652 comedetis,
1493 2600 1600 2644 etc.
1637 2588 1743 2661 [9.]
1777 2593 1952 2646 Etiam
1988 2593 2250 2660 aquatilia
2277 2593 2529 2648 diversos
2562 2607 2748 2647 mores
2775 2599 2829 2645 et
2865 2592 3018 2645 varia
3046 2590 3360 2644 mortalium
3398 2588 3614 2657 ingenia
3652 2584 3950 2638 ostendunt

687 2677 854 2728 sicuti
892 2687 1078 2728 mouet
1116 2678 1476 2740 verriculum,
1502 2677 1570 2731 de
1608 2693 1718 2747 quo
1779 2679 1832 2732 in
1877 2679 2198 2748 Evangeliea
2238 2680 2486 2741 historia,
2519 2681 2666 2750 quod
2696 2681 2907 2750 jactum
2942 2681 2994 2731 iu
3047 2692 3199 2732 mare
3232 2677 3419 2747 pisces
3461 2676 3527 2728 de
3562 2673 3709 2726 omni
3754 2687 3952 2737 genere

689 2765 839 2828 capit
872 2782 882 2814 :
922 2779 984 2816 ex
1019 2780 1131 2831 quo
1165 2764 1342 2816 bonos
1373 2765 1554 2832 pisces
1594 2767 1869 2836 coiligunt
1904 2779 1959 2822 et
2000 2776 2352 2829 conservant,
2402 2769 2671 2836 reprobus
2709 2767 3000 2836 abjiciunt.
3051 2765 3265 2818 Psaltes
3309 2777 3529 2830 quoque
3563 2760 3747 2826 regius
3783 2762 3948 2808 vitam

685 2864 934 2904 nostrain
984 2861 1270 2922 comparat
1331 2855 1508 2917 mari,
1580 2855 1810 2909 dicens:
1856 2876 1875 2907 α
1911 2856 2025 2911 lloc
2071 2860 2250 2925 ipsum
2307 2873 2459 2911 mare
2518 2871 2777 2926 magnum
2835 2865 2888 2909 et
2936 2853 3264 2923 spatiosum,
3311 2851 3386 2903 ibi
3443 2847 3660 2917 reptilia
3717 2860 3950 2914 quorum

686 2958 792 2992 non
849 2952 930 2994 est
994 2959 1299 3006 numerus,
1361 2943 1622 2996 animalia
1671 2960 1835 3013 parva
1876 2956 1930 2999 et
1976 2961 2171 3015 magna
2218 2946 2284 2999 δ’.
2335 2965 2352 2997 ι
2408 2945 2680 2997 Similiter
2739 2941 3016 3011 signiﬁcat
3079 2955 3229 2992 mare
3272 2938 3399 2990 vita:
3457 2944 3658 2988 nostra!
3708 2947 3951 2983 amaram

686 3030 1024 3097 salsuginem
1089 3030 1208 3082 sive
1263 3030 1683 3084 amaruleutiaut
1741 3040 1797 3084 et
1842 3033 2282 3095 instabilitatein,
2339 3033 2706 3099 omniumque
2758 3046 2942 3082 rerum
2999 3029 3053 3081 in
3108 3027 3213 3080 hoc
3264 3025 3470 3078 mundo
3509 3021 3666 3090 quasi
3711 3020 3764 3071 in
3817 3019 3952 3070 mari

684 3125 1100 3182 restaguantcui
1168 3117 1590 3170 inundationem
1659 3119 1959 3187 omniaque
2015 3118 2442 3174 confundentcm
2495 3139 2505 3172 :
2573 3129 2836 3188 pneterea
2890 3118 3143 3169 homines
3200 3115 3376 3167 instar
3437 3111 3674 3180 piscium
3733 3108 3784 3158 iu
3851 3108 3957 3156 hoc.

686 3207 896 3256 Innudu
948 3207 1114 3257 vitam
1168 3220 1331 3274 agere
1391 3217 1706 3273 qtitercntes
1757 3209 2085 3276 semetipsos
2142 3209 2373 3262 invicem
2400 3223 2614 3262 vorare.
2677 3206 2900 3266 Pisces,
2971 3204 3063 3274 qui
3127 3204 3444 3256 vestiuntur
3505 3199 3750 3263 squamis
3818 3196 3956 3246 solis-

684 3292 874 3344 calore
930 3292 1095 3344 exciti
1165 3292 1220 3344 iu
1283 3309 1560 3346 summum
1634 3303 1864 3347 enatant
1929 3310 2118 3356 mare,
2181 3306 2237 3348 et
2302 3297 2622 3364 plerumque
2681 3293 3020 3363 piscatorum
3096 3291 3230 3343 retia
3294 3287 3584 3356 effugiunt.
3641 3283 3705 3334 At
3776 3281 3956 3348 pisces

687 3381 938 3449 squamis
976 3391 1235 3434 carentes
1262 3383 1472 3450 quique
1516 3383 1687 3436 nullis
1720 3385 2071 3438 sustinentur
2105 3385 2290 3453 pinnis
2322 3383 2377 3436 in
2409 3383 2608 3437 limoso
2641 3379 2919 3450 profundo
2962 3379 3154 3438 latent,
3208 3376 3589 3440 inluereutque
3639 3372 3775 3435 alg:e
3839 3383 3958 3417 ma-

685 3471 843 3530 rium,
887 3485 1009 3535 qua:
1046 3469 1098 3521 iu
1150 3471 1260 3522 imo
1312 3470 1590 3538 profundo
1643 3471 1842 3525 fertilis
1883 3473 2186 3525 enascitur.
2223 3471 2285 3523 lli
2339 3471 2523 3540 pisces
2577 3483 2808 3538 prorsus
2867 3475 2996 3520 sunt
3045 3464 3247 3516 inlirtni
3295 3461 3672 3526 facillimoque
3722 3455 3959 3519 capiun-

685 3565 795 3607 tur.
843 3556 1013 3623 igitur
1065 3557 1383 3608 uzortaliuiu
1438 3557 1643 3623 aliqui,
1706 3559 1797 3610 tibi
1851 3559 2236 3613 aberraveriut
2283 3574 2310 3611 a
2367 3558 2571 3612 divinis
2625 3554 2938 3626 pricceptis,
2991 3553 3140 3606 illico
3205 3563 3366 3604 suum
3416 3561 3661 3601 errorem
3705 3543 3959 3595 sentiunt

685 3653 742 3696 t't
781 3652 1116 3711 agnoscunt.
1171 3643 1330 3702 Nam.
1369 3657 1425 3699 tit
1460 3655 1648 3699 mouet
1689 3644 1978 3715 Scriptura
2018 3665 2028 3698 :
2074 3646 2426 3700 «Plurimum
2480 3659 2733 3698 erramus
2765 3656 2959 3694 omnes
3004 3641 3056 3691 in
3102 3637 3290 3689 multis
3314 3634 3376 3686 "’.
3417 3652 3434 3683 ι
3485 3634 3553 3684 At
3599 3646 3709 3682 non
3760 3643 3788 3678 a
3844 3642 3959 3676 suis

684 3734 973 3788 erroribus
1004 3734 1219 3788 resilire
1256 3745 1310 3787 et
1355 3733 1614 3789 recedere
1651 3736 1704 3788 iu
1744 3736 1988 3788 animum
2025 3736 2315 3794 inducunt,
2351 3749 2450 3787 nec
2487 3734 2664 3802 palam
2715 3740 2897 3784 tamen
2952 3728 3190 3796 turpiter
3221 3737 3384 3792 agere
3416 3721 3644 3772 volunt:
3675 3715 3958 3784 siquidem

684 3824 990 3894 prudentes
1025 3836 1079 3878 et
1136 3825 1414 3894 sapientes
1475 3825 1577 3877 viri
1629 3826 1814 3879 celant
1849 3841 1949 3878 sua
1995 3825 2290 3879 dedecora.
2336 3825 2376 3878 F

2279 3866 2290 3877 .
2336 3821 2621 3878 Fortassis
2652 3820 2756 3872 hoc.
2815 3815 2947 3870 illud
3000 3823 3108 3876 est,
3153 3811 3299 3880 quod
3352 3808 3509 3870 dicit,
3559 3819 3822 3875 squamas
3860 3804 3957 3852 ha—

686 3914 837 3979 bere,
872 3913 1002 3965 dutn
1053 3927 1151 3967 sua
1197 3914 1410 3966 seelcra
1467 3913 1804 3981 quibusdam
1852 3927 1951 3966 ceu
2005 3913 2335 3967 velamentis
2376 3909 2693 3964 cunvelant.
2752 3905 2967 3974 Szepius
3000 3916 3222 3971 quoque
3257 3899 3309 3950 in
3345 3909 3628 3951 summum
3667 3899 3962 3956 emergunt

685 4017 836 4055 mare
877 4012 934 4054 ιιι
969 4001 1260 4055 foveantur
1301 4001 1476 4056 radiis
1512 4002 1813 4065 solaribus,
1853 4013 1906 4056 et
1944 4004 2279 4071 piscatorum
2325 3999 2596 4067 cflugiunt
2627 4008 2826 4048 manus
2865 3990 2985 4045 freti
3026 3988 3234 4060 pinnis.
3271 3985 3520 4038 Aliorum
3554 3989 3736 4034 autem
3784 3978 3960 4044 gloria

685 4093 741 4143 ίη
785 4090 1087 4154 ignominia
1116 4091 1386 4160 ipsorum,
1417 4091 1548 4145 dum
1583 4091 1870 4160 propalam
1911 4069 2267 4160 delinquunt.
2311 4100 2536 4156 suaque
2569 4084 2779 4137 scelera
2812 4079 3142 4146 neutiquam
3168 4074 3472 4128 occultant.
3516 4069 3782 4122 Volutant
3812 4082 3871 4116 se.
3906 4069 3958 4115 in

684 4179 969 4247 profundo
993 4194 1173 4242 cunno,
1210 4179 1413 4233 inﬁrmi
1442 4189 1572 4233 sunt
1605 4178 1884 4248 facileque
1917 4181 2219 4245 capiuntur
2250 4192 2278 4229 a
2313 4154 2716 4243 piscatoribus,
2747 4169 3066 4236 friget-eque.
3107 4161 3268 4232 quasi
3314 4161 3628 4227 ohtorpeut.
3677 4154 3771 4208 llis
3809 4154 3959 4205 haud

685 4266 983 4322 dissimilis
1025 4280 1110 4322 est
1146 4269 1281 4328 vita,
1316 4268 1408 4336 qui
1459 4277 1684 4337 prepter
1731 4245 2074 4320 contractam
2114 4265 2493 4334 impuritatem
2529 4267 2807 4329 coguntur
2838 4256 3104 4310 ext-edere
3157 4251 3382 4314 castris,
3422 4261 3674 4316 quosque
3711 4245 3793 4337 Ιοξ
3831 4258 3961 4310 βιη-

685 4358 912 4411 nuntiat
950 4357 1222 4425 iinput'os.
1276 4357 1490 4424 lteliqui
1549 4371 1681 4408 vero
1718 4356 1771 4406 in
1809 4357 2017 4409 castris
2052 4362 2239 4421 utpote
2278 4354 2332 4406 in
2377 4353 2502 4404 loco
2537 4363 2675 4417 puro
2723 4357 2776 4399 ct
2807 4346 3013 4397 mundo
3046 4346 3338 4393 versantur
3384 4337 3727 4388 adharentes
3761 4329 3874 4379 Deo
3909 4339 3964 4379 et

681 4447 834 4515 juste
868 4446 1223 4498 ambulantes
1264 4446 1316 4497 iu
1369 4445 1474 4497 hoc
1535 4442 1764 4496 mundo.
1803 4442 2009 4496 lloruni
2059 4441 2407 4495 consortium
2437 4455 2501 4488 ne
2527 4437 2654 4502 quis
2687 4432 2840 4493 vitet,
2877 4440 2931 4481 at
2982 4427 3326 4494 itnpurorum
3361 4422 3686 4474 societatem
3740 4415 3961 4508 alnnni-

687 4543 894 4588 neutur
924 4546 1140 4586 omnes.
1184 4532 1464 4600 Scriptum
1499 4545 1736 4598 namque
1766 4530 1894 4584 esti
1930 4547 1947 4578 ‹
1982 4529 2084 4593 Qui
2121 4523 2584 4580 consuetudinem
2620 4521 2743 4572 vita:
2785 4517 2899 4585 agit
2927 4530 3056 4566 cum
3083 4509 3427 4579 sapientibus
3468 4516 3523 4559 et
3583 4509 3698 4572 ipse
3720 4513 3964 4601 (sapio-us

685 4622 797 4674 erit
836 4639 848 4675 :
883 4629 938 4674 at
973 4619 1064 4688 qui
1110 4627 1481 4672 conversatur
1509 4633 1636 4670 cum
1676 4617 1849 4670 stulto
1879 4627 1932 4669 et
1971 4616 2274 4684 insipiente
2310 4618 2688 4682 cognoscetur
2711 4605 2781 4657 ⁸³.
2820 4623 2837 4654 ι
2878 4604 2994 4657 luto
3026 4598 3234 4653 Paulus
3277 4596 3397 4664 ipse
3439 4592 3638 4688 scribit
3673 4610 3685 4644 :
3720 4589 3775 4642 Si
3807 4602 3962 4688 quis,

688 4725 814 4761 cum
859 4709 1180 4761 nominetur
1213 4705 1408 4767 frater,
1437 4705 1607 4758 fuerit
1635 4705 1976 4766 vinolentus,
2025 4672 2119 4756 aut
2156 4715 2380 4761 avarus.

2268 4672 2518 4761 rus,vaut
2549 4693 2866 4756 idololatra,
2911 4698 3008 4744 aut
3035 4683 3321 4741 ebrietatis
3347 4680 3667 4738 studiosus,
3699 4690 3824 4730 cum
3864 4672 3960 4724 tali

689 4813 758 4850 ne
789 4797 974 4849 cibum
1007 4809 1130 4848 esse
1158 4793 1492 4861 capiendum
1519 4792 1580 4845 '".
3815 4851 3824 4858 Ι

768 4883 894 4936 ΙΙαέ
924 4893 1076 4934 erunt
1111 4882 1257 4935 vobis
1299 4881 1690 4933 abontinalioni
1725 4881 1863 4932 inter
1896 4879 2144 4932 rolaliliu
2176 4892 2190 4928 .'
2228 4876 2446 4946 Aquila,
2483 4874 2757 4941 accipiter,
2799 4867 2981 4935 aquila
3011 4864 3244 4925 marina,
3281 4859 3462 4912 vultur
3503 4865 3551 4908 et
3586 4854 3775 4906 ntilrits
3800 4854 3892 4946 ius
3908 4858 3968 4946 tu

691 4974 915 5041 speciem
954 4988 1130 5024 suum.
1183 4969 1369 5023 Omnis
1412 4986 1602 5022 cort'us
1630 4971 1793 5037 juxta
1823 4970 2046 5037 speciem
2101 4963 2276 5019 suum.
2313 4964 2383 5034 με

2289 4941 2424 5034 liii,
2460 4961 2571 5032 14.]
2629 4959 2796 5013 [istim
2840 4954 3060 5024 aquilae,
3115 4949 3334 5021 gryphi,
3377 4945 3602 5006 haliteti,
3638 4952 3692 4996 et
3724 4941 3968 4991 vulturis

689 5062 1041 5116 demonstrat
1073 5075 1199 5113 esse
1234 5059 1516 5112 illicitum.
1580 5060 1646 5111 At
1672 5059 1752 5112 hac
1778 5073 1911 5110 aves
1948 5057 2271 5122 signiﬁcant
2305 5033 2411 5106 sub
2445 5063 2574 5120 typo
2619 5045 2861 5117 quodam
2895 5039 3158 5110 superbia
3194 5036 3431 5090 inﬂatos.
3480 5033 3618 5087 Nam
3669 5044 3801 5122 aves
3845 5033 3969 5080 ista:

692 5152 747 5204 in
786 5149 1026 5205 sublime
1050 5148 1296 5209 evolant,
1331 5146 1565 5200 humilia
1593 5144 1782 5200 etima
1816 5145 2074 5200 oderunt.
2112 5163 2135 5205 t.
2163 5141 2302 5195 Pulli
2334 5140 2506 5198 enim,
2539 5138 2718 5206 inquit
2757 5133 3073 5200 Scriptura,
3112 5126 3349 5180 vulturis
3385 5122 3653 5176 sublimes
3690 5118 3960 5215 volant.)

694 5238 788 5293 Sic
822 5239 988 5292 etiam
1029 5246 1192 5292 nemo
1224 5237 1502 5306 superbus
1536 5235 1845 5290 humilibus
1871 5250 1930 5288 se
1958 5234 2153 5289 sociat.
2191 5231 2583 5297 Reprobautur
2624 5225 2732 5277 hoc
2763 5223 2887 5275 loco
2914 5229 2967 5272 et
3005 5217 3154 5270 fures
3209 5223 3598 5282 raptoresque,
3634 5222 3774 5278 quos
3796 5207 3968 5307 nobis

692 5328 894 5382 milvus
927 5329 1159 5397 alicequc
1191 5342 1422 5390 rapaces
1456 5341 1585 5379 aves
1623 5325 1981 5378 adumbrant.
2018 5321 2354 5390 Versipellcs
2389 5329 2441 5372 et
2490 5313 2749 5371 oeezecati
2788 5316 2973 5364 mente
3021 5305 3338 5357 indicantur
3373 5316 3468 5369 per
3504 5312 3759 5352 corvum.
3796 5297 3964 5347 Stiu-

693 5417 916 5472 thioues
970 5427 1024 5472 et
1068 5391 1180 5472 lari
1227 5419 1515 5472 declarant
1565 5416 1818 5469 homines
1855 5415 2163 5470 helluones.
2205 5412 2298 5480 qui
2337 5406 2500 5478 344
2550 5398 2826 5473 quidquid
2875 5397 3096 5450 obviam
3132 5402 3217 5446 est
3273 5391 3546 5485 ςοιιίὲεξηι
3597 5395 3676 5485 ξἰ-
3708 5391 3961 5485 τθξηιηιίτ

693 5507 979 5574 δνίὼῐιίιιιο
1017 5507 1280 5577 iugluvici
1317 5509 1548 5558 donant.
1608 5502 1712 5557 Nec
1750 5519 1858 5555 non
1901 5503 2358 5556 demonstrantur
2395 5499 2556 5551 nobis
2594 5495 2698 5548 sub
2755 5491 2838 5544 his
2891 5487 3085 5540 avibus
3142 5482 3400 5536 homines
3453 5475 3820 5576 fraudulenti,
3867 5475 3966 5540 qui

693 5597 953 5650 (inutilius
990 5598 1351 5659 insidiantur,
1386 5611 1599 5663 suaque
1634 5595 1916 5646 incondita
1953 5607 2084 5642 voce
2123 5601 2175 5642 et
2217 5589 2625 5642 obtrectatione
2665 5582 2864 5638 vicinis
2898 5585 3028 5633 sunt
3068 5571 3312 5626 molesti.
3349 5570 3440 5621 Sic.
3480 5568 3747 5635 accipiter
3775 5571 3969 5630 captat

765 5731 808 5762 ³⁸⁸
841 5729 983 5782 Psal.
1030 5747 1152 5787 xxv,
1189 5728 1266 5781 12.
1352 5730 1390 5754 "‘
1426 5727 1568 5779 i’sal.
1602 5742 1718 5786 \‘lll,
1747 5725 1797 5778 ὖ.
1886 5724 1921 5752 "
1956 5721 2071 5773 Jac.
2107 5737 2164 5784 ll,
2200 5721 2287 5772 ‘30.
2369 5720 2405 5748 ³⁸
2440 5718 2456 5768 1

2279 5762 2287 5772 .
2369 5720 2405 5748 ³⁸
2440 5717 2582 5770 Psal.
2611 5711 2850 5776 conﬂi}.
2941 5707 2980 5736 ”
3014 5703 3128 5756 Jac.
3165 5715 3245 5764 tit,
3283 5696 3337 5750 9..
3458 5695 3501 5726 ³³
3524 5693 3692 5747 Prov.
3720 5703 3875 5755 χχιι,
3907 5689 3965 5745 9.

699 5805 740 5832 ³³
772 5806 785 5857 Ι
815 5805 941 5855 (Σιιῑ.
983 5819 1034 5864 v,
1070 5802 1148 5854 H,
