4286 6444
238 388 344 448 729
1223 389 1753 450 COMMENTARII
1792 392 1871 450 IN
1906 393 2342 454 LEViTlCUM.
3392 397 3495 458 730

244 502 585 554 inﬁrmiores
621 502 895 565 aviculas,
935 503 1127 571 eisque
1184 520 1281 558 sua
1315 506 1523 574 jejunia
1563 509 1762 576 pascit.
1813 507 2111 573 Mergulus,
2148 512 2271 568 ibis,
2321 508 2480 560 ardea
2530 514 2585 559 et
2629 507 2926 575 pelecanus
2986 506 3277 557 innninent
3326 510 3498 560 exitio

245 591 512 655 pisi'ium.
554 594 619 642 At
654 591 817 644 nobis
848 593 1133 644 deliueaut
1164 594 1289 645 illos
1325 596 1595 659 homines,
1631 599 1683 649 in
1728 614 1869 665 quos
1898 598 2024 649 illud
2057 596 2357 660 Scriptum
2383 593 2615 660 quadrat
2645 611 2656 642 :
2700 624 2711 639 ε
2752 591 2866 642 Non
2900 607 2996 643 sua
3031 602 3359 657 quare-etes,
3403 595 3497 643 sed

245 678 424 740 magis
457 693 579 744 qua:
621 688 750 730 sunt
786 678 1022 731 aliorum
1051 698 1065 741 ;
1098 696 1220 733 nam
1265 682 1511 735 charitas
1571 686 1822 751 proximo
1856 684 2064 735 malum
2116 697 2225 733 non
2276 692 2533 747 operatur
2562 679 2627 730 ".
2665 698 2681 729 ι
2722 677 2955 731 llamnat
2986 694 3207 745 quoque
3256 681 3306 730 in
3340 681 3499 749 rcibis

246 765 528 821 volucres,
563 779 685 829 quas
732 774 921 817 amant
972 774 1199 818 noctem.
1226 776 1281 819 et
1315 771 1591 821 tenebras.
1652 771 1720 822 At
1758 770 1951 821 harum
1992 771 2047 820 in
2102 769 2354 834 catalogo
2392 774 2768 818 memorantur
2806 764 3058 825 erodius,
3098 767 3270 827 nluta,
3306 766 3500 815 ('liara-

248 849 436 909 :lrnm,
478 864 659 916 upupa
694 859 747 902 et
776 861 1003 903 noctua.
1038 851 1210 905 Nobis
1249 869 1376 904 vero
1408 858 1511 906 sub
1542 855 1731 907 barum
1766 858 1945 907 avium
1982 867 2105 924 typo
2135 862 2644 907 commonstrantur
2672 853 2942 913 homines,
2981 854 3071 919 qui
3106 853 3243 902 mala
3279 863 3500 918 patrant

247 935 522 989 facinora.
561 937 743 1004 lnquit
778 939 1054 1005 siquidem
1092 937 1348 992 Christus
1385 955 1399 991 :
1442 960 1458 990 ι
1492 942 1684 995 Omnis
1738 943 1832 1011 qui
1865 943 2016 996 mala
2073 941 2209 993 facit
2258 940 2370 992 odit
2425 941 2625 1001 lucem,
2660 948 2714 991 e'.
2741 955 2848 991 non
2883 940 3029 990 venit
3078 942 3141 989 ad
3196 941 3392 995 lucem,
3433 956 3499 989 no

248 1038 419 1087 opera
445 1024 566 1088 ejus
599 1025 1032 1093 redarguantur.
1070 1026 1173 1088 Qui
1208 1042 1339 1077 vero
1371 1029 1661 1081 veritatem
1699 1028 1848 1091 facit,
1882 1030 1928 1081 is
1961 1028 2141 1096 prodit
2176 1028 2229 1080 in
2263 1027 2438 1080 lucem
2473 1036 2531 1080 ut
2562 1041 2727 1095 Opera
2763 1042 2867 1080 sua
2892 1025 3339 1084 manileslentnr,
3372 1028 3498 1090 quia

250 1109 307 1160 in
369 1108 478 1160 Deo
520 1110 668 1162 facta
719 1121 849 1163 sunt
895 1111 961 1165 “.
1015 1132 1033 1162 ι
1093 1112 1237 1165 Inter
1266 1116 1511 1167 volatilia
1546 1117 1758 1184 impura
1789 1122 2453 1182 censenturqiuecumtue
2510 1113 2716 1166 fuerint
2767 1112 3167 1181 quadrupcdia.
3232 1111 3499 1163 Pra-terea

250 1211 460 1249 mnscze
491 1213 705 1260 omnes,
741 1206 795 1251 et
829 1213 1177 1267 quaecunque
1204 1200 1370 1266 huius
1401 1204 1621 1269 generis
1654 1204 1861 1255 fuerint
1901 1204 2136 1261 insecta,
2171 1202 2316 1253 inter
2353 1200 2636 1253 immunda
2670 1207 3162 1251 cormumerantur.
3194 1197 3245 1249 In
3288 1201 3500 1261 magnis-

250 1294 305 1335 ct
345 1284 535 1350 parvis
563 1286 965 1349 animantibus,
1000 1302 1349 1354 qua‘cuuqne
1373 1288 1606 1340 u'ialeliei
1646 1290 1854 1342 fuerint
1887 1289 2132 1353 generis,
2163 1302 2222 1338 ea
2255 1286 2545 1353 Scriptura
2576 1300 2729 1338 sacra
2764 1284 3083 1351 pronuntiat
3118 1285 3353 1348 impura.
3384 1283 3500 1335 Non

249 1371 403 1421 enim
438 1379 523 1423 est
558 1386 923 1438 personarum
976 1383 1266 1439 respectus
1298 1377 1438 1441 apud
1484 1374 1675 1429 Deum.
1730 1377 2097 1445 Excipiunlur
2148 1385 2329 1426 autem
2368 1374 2578 1425 locusta
2631 1383 2685 1423 et
2744 1372 2989 1423 bruchus
3029 1381 3080 1422 et
3126 1372 3350 1431 similia,
3382 1388 3501 1438 qn:e

252 1455 567 1507 animantia
612 1457 870 1524 quamvis
922 1459 1201 1511 exsultare
1253 1467 1477 1521 norunt,
1519 1469 1698 1513 tamen
1752 1463 2026 1514 interdum
2081 1462 2540 1528 volantquoque,
2602 1476 2703 1513 nec
2752 1474 2972 1527 semper
3020 1460 3224 1526 degunt
3256 1459 3501 1511 demersa

254 1542 455 1593 humo.
486 1540 637 1594 Talis
676 1554 781 1603 est,
820 1545 914 1611 qui
950 1552 1196 1597 sectatur
1236 1544 1402 1597 vitam
1449 1546 1615 1611 hujus
1657 1548 1863 1607 saeculi,
1907 1564 2008 1601 nec
2062 1558 2245 1602 tamen
2281 1550 2503 1616 penitus
2530 1557 2681 1600 caret
2718 1561 2907 1599 amore
2956 1546 3045 1597 Dei
3083 1564 3094 1597 :
3148 1558 3251 1596 nec
3282 1546 3503 1596 interim

256 1646 507 1700 prorsus
542 1632 767 1684 deditus
790 1640 844 1685 et
872 1635 1133 1685 astrictus
1162 1643 1245 1686 est
1270 1634 1497 1687 terrenis
1521 1644 1575 1688 et
1606 1637 1831 1689 caducis
1866 1639 2051 1689 rebus.

332 1715 514 1784 quuil
549 1734 667 1770 eum
729 1719 819 1784 qui
854 1722 1259 1772 contrectaverit
1317 1723 1561 1781 cadaver,
1614 1733 1851 1789 oportere
1899 1727 2076 1775 lavure
2128 1723 2461 1785 vestimenta,
2503 1729 2551 1772 et
2601 1720 2667 1771 ad
2702 1734 2970 1784 vesperam
3002 1734 3113 1770 esse
3153 1734 3363 1783 parum,
3400 1728 3506 1770 etc.

258 1802 519 1875 [Xl,‘25.]
558 1803 691 1856 Nam
724 1805 1041 1860 novissimis
1064 1807 1401 1875 temporibus
1428 1792 1479 1861 in
1506 1808 1725 1863 Christo
1758 1811 2031 1879 repnrgati
2069 1824 2260 1861 sumus
2298 1808 2365 1860 ab
2392 1808 2649 1860 erunibus
2682 1807 2925 1874 peccatis
2973 1797 3226 1857 cln'entt-s
3257 1806 3512 1871 inquina-

259 1901 449 1945 menta
482 1892 633 1944 sacri
669 1892 929 1960 baptismi
963 1894 1197 1961 liquore.
1239 1913 1254 1943 ι
1288 1894 1349 1946 Et
1386 1911 1547 1949 omne
1581 1899 1722 1964 quod
1749 1913 1911 1966 super
1942 1911 2136 1949 manus
2166 1896 2433 1963 graditur,
2474 1896 2617 1947 inter
2648 1910 2839 1945 omnes
2874 1893 3099 1951 bestias,
3134 1912 3151 1943 ι
3183 1904 3287 1945 etc.
3321 1892 3513 1942 llcstia:

260 1980 346 2032 lue
384 1978 631 2031 indicant
667 1979 815 2033 viros
868 1980 1122 2033 crudeles
1184 1988 1237 2033 et
1266 1982 1432 2035 caedis
1467 1982 1679 2045 avidos,
1725 1985 2186 2052 queinadmodum
2232 1998 2395 2051 supra
2433 1983 2706 2035 dedimus.
2744 1981 2993 2040 Mustela,
3038 1998 3181 2039 inus,
3231 1990 3282 2029 ct
3337 1982 3515 2031 sti-ilio

259 2075 318 2120 et
376 2067 583 2119 similia
635 2066 935 2119 animantia
975 2070 1554 2135 representantviros
1602 2073 1841 2133 dolosos,
1897 2074 1986 2140 qui
2042 2074 2179 2124 clam
2240 2070 2467 2124 insidias
2506 2070 2813 2121 moliuntur
2855 2078 2910 2119 et
2958 2067 3156 2117 damna
3191 2068 3513 2133 important.

263 2153 555 2222 Siquidem
594 2154 713 2206 ista:
752 2155 999 2207 bestiola:
1024 2156 1256 2222 inopino
1289 2171 1390 2210 suo
1423 2159 1659 2209 adventu
1700 2167 1906 2211 terrent
1940 2162 2210 2210 humanas
2250 2166 2483 2211 mentes.
2524 2155 2665 2208 Vasa
2698 2163 2905 2214 autem,
2939 2170 3061 2221 quae
3095 2163 3385 2205 lllttl‘llcmﬂ
3422 2170 3516 2205 seu

261 2242 536 2294 cadavera
576 2240 887 2308 attigerint,
930 2240 1178 2306 intelligo
1204 2240 1481 2306 homines,
1520 2243 1721 2311 quibus
1758 2245 2107 2299 lanuliaritas
2140 2246 2577 2297 iutercediteum
2606 2242 2841 2311 impuris
2869 2241 3215 2299 hominibus,
3257 2242 3379 2291 licet
3417 2242 3516 2304 n-si

265 2344 367 2397 per
401 2344 461 2382 se
521 2343 630 2380 non
672 2327 879 2380 fuerint
931 2328 1231 2396 impuritati
1279 2330 1528 2391 obnoxii,
1570 2340 1625 2382 at
1666 2333 1801 2384 male
1835 2334 2031 2400 agendi
2087 2335 2428 2401 propositum
2459 2331 2688 2399 jamjatn
2744 2330 3015 2399 ceperint.
3053 2329 3321 2381 Caeterum
3356 2330 3524 2381 cdirit

267 2418 472 2476 fontes,
507 2417 789 2469 cisternas
822 2424 876 2469 et
914 2418 1019 2468 alia
1062 2432 1329 2485 aquarum
1382 2420 1749 2485 receptacula,
1790 2436 1890 2471 nec
1949 2436 2056 2473 non
2109 2428 2323 2487 segetes
2372 2435 2495 2472 esse
2553 2420 2825 2471 inununes
2882 2418 2950 2470 ab
2990 2418 3373 2485 iuqirinatione
3411 2419 3520 2471 illa.

271 2505 479 2558 Verum
518 2521 586 2558 ne
646 2506 863 2558 interim
910 2508 1074 2557 lateat
1123 2506 1374 2558 homines
1406 2521 1547 2573 sepe
1605 2511 1720 2559 suis
1762 2510 1987 2561 sedibus
2037 2511 2228 2576 pul5os
2264 2525 2385 2562 cum
2426 2509 2599 2576 pressi
2656 2508 2791 2575 legis
2824 2523 2993 2560 onere
3045 2524 3165 2559 cam
3217 2524 3322 2558 non
3367 2524 3524 2558 exse-

268 2604 603 2664 querentur.
647 2593 701 2646 Si
736 2595 861 2663 quis
895 2596 1140 2647 animum
1188 2594 1439 2660 adjiciat,
1476 2596 1744 2664 intelliget
1769 2598 1952 2649 omnia
1982 2597 2096 2658 illa,
2139 2612 2261 2665 qme
2300 2599 2552 2650 homines
2596 2596 3019 2657 adinvenerunt,
3076 2610 3446 2661 conspurcare
3475 2605 3527 2646 et

270 2685 664 2736 contaminare
713 2683 1016 2734 humanum
1073 2684 1377 2747 ingenium.
1442 2683 1805 2751 Excipiuntur
1866 2698 2044 2740 autem
2079 2688 2255 2738 κοιναὶ
2302 2687 2519 2749 ἔννοιαι,
2573 2686 2763 2745 idest,
2820 2684 3163 2737 universales
3223 2694 3527 2751 conceptus

273 2771 475 2830 animi,
519 2772 613 2837 qui
654 2780 780 2821 sunt
814 2768 981 2821 veluti
1020 2768 1203 2820 fontes
1235 2777 1288 2820 et
1311 2770 1523 2821 semina
1560 2773 1776 2822 \irtntis
1801 2778 1853 2823 et
1883 2772 1993 2833 lux,
2022 2774 2325 2826 secundum
2354 2771 2619 2825 Joannem
2647 2772 2715 2834 ⁸⁷,
2752 2786 2874 2838 quae
2897 2786 2924 2821 a
2959 2771 3204 2821 tenebris
3240 2786 3343 2819 non
3377 2788 3531 2819 com-

274 2859 664 2927 prebenditur.
694 2856 754 2907 lli
784 2858 954 2907 animi
982 2867 1286 2923 conceptus
1312 2857 1573 2908 hauriunt
1604 2873 1800 2927 aquam
1828 2861 2029 2912 vivant.
2064 2860 2119 2911 Si
2155 2876 2283 2910 vero
2315 2867 2766 2927 conspurCentur
2799 2866 2922 2925 post
2952 2858 3192 2925 agnitum
3219 2857 3530 2917 veritatem,

274 2946 425 2996 nulla
465 2946 576 2997 illis
616 2960 715 3011 pro
747 2944 955 2995 delicto
987 2944 1197 3009 reliqua
1226 2956 1308 2995 est
1342 2945 1546 2996 hostia.
1583 2943 1689 2997 Sed
1730 2946 2020 2998 recedente
2048 2947 2243 3014 Spiritu
2279 2948 2331 2999 in
2374 2948 2512 3000 duas
2544 2953 2804 2999 secantur
2843 2955 3049 3013 partes,
3074 2952 3124 2995 et
3156 2957 3282 3009 pars
3312 2944 3531 2995 illorum

273 3047 405 3084 cum
440 3032 743 3083 incredulis
775 3040 828 3081 ct
852 3032 1037 3097 impiis
1070 3032 1462 3081 colloeabitur.

354 3118 416 3173 Si
474 3131 652 3171 autem
694 3121 959 3169 moriatur
1000 3118 1328 3183 jumentum,
1366 3128 1476 3170 etc.
1518 3116 1657 3183 [59.]
1706 3117 1977 3171 lim-emur
2016 3121 2122 3172 sub
2174 3120 2277 3173 boe
2324 3119 2614 3171 involucro
2654 3118 2785 3171 illud
2842 3117 3033 3171 Pauli:
3081 3138 3097 3168 ι
3132 3118 3186 3171 Si
3228 3120 3373 3186 quis,
3413 3133 3534 3168 cuni

280 3208 606 3261 nominetur
642 3206 835 3266 frater,
893 3205 1061 3259 fuerit
1108 3216 1197 3259 aut
1244 3216 1542 3269 scortator,
1580 3215 1673 3257 aut
1725 3224 1947 3265 avarus,
1990 3218 2083 3261 aut
2137 3210 2453 3270 idololatra,
2506 3218 2601 3260 aut
2653 3208 3015 3269 convivator,
3059 3216 3153 3259 aut
3196 3210 3403 3268 ebrius,
3448 3215 3539 3256 aut

282 3310 497 3365 raptor,
530 3311 654 3348 cum
692 3297 787 3348 tali
821 3310 886 3347 ne
919 3296 1100 3347 cibum
1134 3297 1397 3361 cepi-ritis
1423 3295 1485 3347 "".
1519 3314 1535 3344 ι
1576 3296 1678 3359 Qui
1707 3296 1849 3347 enim
1889 3296 2192 3348 arbitratur
2235 3297 2307 3348 ob
2345 3295 2525 3357 fidem,
2557 3311 2722 3363 quant
2775 3295 2958 3357 liabet,
3000 3312 3057 3347 se
3091 3312 3287 3363 purum
3316 3311 3459 3351 esse,
3495 3294 3540 3345 si

283 3385 622 3448 subjiciatur
648 3384 828 3438 morti.
859 3400 1020 3451 quam
1060 3381 1276 3434 inducit
1317 3393 1625 3450 peeeatum,
1662 3385 1910 3449 impurus
1941 3393 2044 3443 est,
2077 3401 2254 3453 neque
2285 3386 2495 3450 piorum
2534 3386 2817 3437 consertio
2847 3385 3065 3447 dignus.
3105 3383 3236 3435 Nam
3280 3402 3319 3436 Si
3344 3386 3540 3449 riptnm

278 3482 367 3526 est
400 3490 411 3523 :
450 3490 466 3519 ‹
497 3470 601 3535 Qui
660 3471 834 3539 tangit
890 3471 1086 3537 picem,
1123 3470 1504 3535 inquinabitur
1543 3470 1609 3522 "9.
1648 3490 1664 3520 ι
1702 3472 1972 3523 Czetcrum
2008 3473 2153 3526 illius
2191 3473 2392 3543 impuri
2425 3488 2515 3526 res
2576 3487 2633 3526 se
2690 3471 2827 3525 bene
2882 3471 3187 3531 habebunt,
3219 3472 3265 3523 si
3302 3472 3544 3538 profusis

281 3558 551 3626 lacrymis
587 3558 929 3621 [ML-nitentia:
957 3557 1259 3607 remedium
1293 3558 1585 3623 repererit.

357 3643 473 3697 Nec
497 3645 747 3710 palmetis
776 3644 984 3694 animus
1022 3653 1221 3694 vestra.»
1259 3643 1309 3693 iu
1340 3643 1583 3694 omnibus
1618 3642 1915 3706 reptilibus,
1952 3654 2058 3699 etc.
2095 3644 2186 3717 [45
2218 3645 2231 3717 ]
2278 3645 2433 3700 Nunc
2482 3646 2711 3701 disertis
2767 3648 2951 3700 verbis
3004 3647 3254 3700 ostendit
3304 3662 3400 3715 per
3434 3647 3550 3695 ani-

284 3734 561 3785 mantium
617 3732 1009 3799 praedictorum
1056 3730 1271 3798 species
1326 3732 1558 3798 proponi
1610 3734 1903 3798 qualitates
1953 3746 2189 3784 morum.
2226 3732 2367 3794 Ouid
2406 3733 2550 3785 enim
2817 3743 3085 3785 externus
3131 3741 3311 3784 lactus
3362 3732 3546 3781 ιξηιιιιιι

284 3823 453 3874 infert
492 3819 688 3869 anima:
708 3819 728 3869 ?
767 3818 1038 3869 l‘rreterca
1070 3816 1200 3884 quid
1236 3818 1557 3869 detrimenti
1614 3821 1837 3870 timetur
1876 3817 1944 3869 ab
1974 3830 2061 3877 eo,
2099 3815 2241 3882 quod
2282 3814 2591 3882 ingreditur
2640 3817 2693 3867 iu
2741 3824 2986 3867 ventrem
3030 3822 3083 3867 et
3129 3830 3225 3881 per
3272 3831 3549 3866 secessum

286 3909 538 3977 ejicitur,
568 3908 871 3960 secundum
909 3906 1217 3959 Salvator-is
1251 3922 1438 3958 vocem
1469 3906 1559 3955 δοῖ
1593 3906 1695 3959 Per
1733 3906 1952 3975 rcptilia
1982 3906 2268 3965 docemur,
2291 3920 2357 3957 ne
2390 3919 2618 3973 prorsus
2648 3904 2850 3957 addicti
2886 3906 3058 3957 simus
3095 3904 3259 3955 rebus
3295 3904 3553 3961 terrenis,

289 3995 507 4063 alioqui
547 3998 764 4045 macula
810 4008 917 4045 non
961 3993 1315 4045 vacabimus.
1352 3992 1516 4045 Forte
1548 3994 1675 4061 quis
1711 3993 1856 4044 dicat
1901 3992 2265 4060 pollutionem
2300 4002 2354 4044 et
2389 3994 2727 4060 contagium,
2766 4009 2888 4061 qua:
2923 4008 3087 4060 Opera
3128 3993 3267 4043 mala
3302 3991 3553 4043 comitari

290 4085 499 4142 solent,
530 4097 782 4149 przesens
812 4080 1094 4148 respicere
1139 4080 1427 4134 sa'culum.
1472 4079 1606 4131 Nam
1648 4081 1897 4131 futurum
1946 4080 2205 4133 sacculum
2236 4080 2383 4132 otnni
2415 4080 2535 4132 labe
2573 4088 2725 4132 caret
2776 4080 2846 4130 ab
2891 4082 3039 4132 Ollllli
3076 4090 3245 4147 parte.
3283 4076 3375 4128 Vel
3410 4076 3556 4143 quod

294 4175 400 4225 ista
440 4172 679 4240 pollutio
715 4170 781 4222 ad
815 4171 983 4224 breve
1018 4179 1233 4239 tempus
1274 4169 1453 4233 duret,
1483 4169 1587 4222 nisi
1622 4171 1837 4223 radices
1868 4169 2041 4238 egerit
2076 4169 2129 4221 in
2161 4171 2343 4222 animo
2368 4181 2422 4222 et
2451 4170 2611 4238 quasi
2641 4169 2695 4220 in
2735 4177 2989 4221 naturam
3024 4186 3179 4223 versa
3212 4169 3398 4233 fuerit,
3430 4176 3560 4219 tunc.

292 4258 594 4315 difficulter
630 4258 974 4311 eratlit'alttr.

366 4348 572 4400 Mulier
596 4364 712 4411 qua:
744 4357 990 4414 concepto
1026 4348 1222 4398 semine
1248 4346 1444 4413 peperit
1471 4362 1693 4408 marem,
1750 4354 1858 4400 etc.
1892 4343 2036 4415 [XIL
2064 4344 2155 4417 2.]
2194 4344 2500 4399 Suffccerat
2530 4345 2742 4399 dlxisse
2770 4363 2782 4397 :
2819 4343 3011 4395 Mulier
3039 4343 3083 4395 si
3120 4342 3332 4410 peperit
3366 4343 3558 4394 lilium.

298 4437 409 4491 Sed
448 4436 659 4503 excipit
692 4444 943 4487 sanctam
975 4434 1276 4502 Virginem,
1310 4450 1431 4501 qua:
1476 4434 1687 4486 nullius
1731 4434 1960 4486 seminis
2000 4435 2316 4487 interventu
2356 4433 2526 4485 lilium
2563 4433 2725 4483 enixa
2759 4440 2867 4485 est.
2920 4431 3055 4483 Nam
3106 4445 3229 4482 cum
3263 4440 3563 4494 tttrttt‘t‘pltts

294 4538 451 4580 esset
475 4527 545 4578 de
572 4526 787 4592 Spiritu
824 4534 1048 4585 sancto,
1081 4538 1191 4575 non
1230 4524 1622 4591 requirebatur
1647 4523 1712 4575 ad
1748 4534 2075 4575 sanctorum
2110 4522 2546 4589 primogenitum
2579 4518 2918 4587 gignendum
2958 4518 3188 4570 seminis
3218 4518 3382 4567 fusio.
3409 4518 3568 4565 llum:

296 4620 737 4689 primogenitum
769 4626 1097 4669 sanctorum
1132 4616 1347 4667 credito
1381 4631 1505 4669 esse
1545 4616 1823 4684 primitias
1864 4613 2091 4666 illorum
2134 4608 2230 4677 qui
2293 4616 2692 4676 regenerantur
2722 4621 2817 4674 per
2858 4603 3134 4671 Spiritum
3177 4614 3456 4659 sanctum,
3508 4603 3573 4651 de

296 4710 507 4775 quibus
533 4707 608 4758 ita
646 4704 904 4774 profatur
940 4722 952 4757 :
994 4722 1011 4754 ι
1052 4703 1153 4768 Qui
1196 4718 1303 4757 non
1350 4719 1415 4756 ex
1480 4704 1856 4772 sanguinibus
1902 4716 2001 4753 nec
2042 4712 2105 4750 ex
2153 4696 2438 4747 voluntate
2483 4692 2691 4756 carnis,
2739 4691 2835 4744 sed
2868 4708 2933 4742 ex
2971 4690 3080 4743 lleo
3118 4691 3229 4741 nati
3280 4699 3407 4741 sunt
3446 4689 3509 4738 δ’.
3553 4707 3567 4736 ι

296 4794 500 4846 Mulier
528 4794 734 4845 dicitur
763 4792 930 4845 etiam
965 4792 1141 4859 virgo.
1176 4790 1309 4842 Nam
1360 4791 1473 4843 lucc
1513 4790 1812 4858 appellatio
1846 4796 1939 4842 est
1973 4785 2159 4839 aetatis
2192 4782 2521 4843 adultioris,
2556 4780 3029 4847 iptcmaduiodum
3070 4778 3233 4829 etiam
3272 4776 3575 4843 appellatio

298 4884 409 4935 viri
449 4886 629 4933 virum
677 4880 976 4948 signilieat,
1014 4880 1117 4931 etsi
1173 4892 1457 4943 nunquam
1500 4894 1627 4929 cum
1691 4878 1923 4928 muliere
1957 4873 2336 4928 concubuerit.
2389 4870 2663 4935 Quocirca
2720 4867 2924 4918 l’aulus
2959 4866 3010 4917 in
3049 4865 3161 4917 lucc
3219 4864 3381 4915 Verba
3423 4880 3579 4915 suam

301 4968 557 5040 linguam
592 4970 757 5021 solvit
795 4986 808 5019 :
857 4985 875 5016 ι
922 4965 1124 5018 Emisit
1178 4965 1321 5018 Deus
1358 4964 1557 5016 Filium
1586 4980 1745 5017 suum
1772 4972 1960 5016 natum
2002 4978 2068 5015 ex
2099 4960 2327 5012 muliere
2365 4960 2431 5007 ".
2476 4975 2492 5006 ι
2531 4954 2800 5009 Similiter
2845 4963 2897 5005 et
2936 4954 3283 5005 Abrahamus
3320 4953 3577 5019 imperat,

302 5077 406 5115 suo
434 5060 716 5121 ministro,
758 5072 921 5125 quem
963 5055 1186 5107 miserat
1213 5056 1276 5106 ad
1316 5053 1661 5115 llethuclem,
1702 5062 1761 5104 ut
1796 5053 2078 5118 acciperet
2104 5048 2231 5100 inde
2270 5046 2381 5097 lilio
2408 5060 2510 5099 suo
2553 5043 2865 5104 mulierem,
2915 5056 3015 5093 nee
3070 5042 3209 5093 dixit
3242 5058 3253 5092 :
3291 5042 3585 5108 virginem.
3666 5054 3667 5057 η

381 5195 510 5256 Πῶς
541 5194 597 5245 δὲ
621 5191 929 5258 ἀκάθαρτος
967 5192 1000 5258 ἡ
1047 5186 1283 5241 τεκοῦσα
1332 5187 1467 5254 γυνή
1502 5202 1515 5247 ;
1544 5187 1605 5237 0!
1638 5184 1736 5254 μέν
1769 5200 1902 5250 φασι
1934 5199 1979 5254 Α

1899 5199 1979 5254 ,Α
2078 5184 2260 5249 Quare
2300 5188 2479 5234 autem
2515 5178 2797 5232 immunda
2842 5186 2950 5241 est,
2988 5193 3110 5245 qua:
3152 5179 3402 5246 peperit?
3457 5175 3591 5241 Qni-

301 5292 392 5343 ειὰ
436 5288 539 5358 τὴν
572 5288 651 5347 εἰς
682 5285 895 5351 ’ίένευιν
934 5281 1236 5351 ἐρχημένην
1266 5279 1465 5348 ψυχὴν,
1498 5279 1621 5347 ἥτις
1672 5278 1901 5346 μολύνε-

1898 5306 1901 5315 ι
2011 5278 2135 5329 dam
2168 5276 2313 5329 aiunt
2347 5274 2415 5326 ob
2439 5273 2703 5335 animam,
2732 5287 2857 5340 qua:
2896 5272 2948 5322 in
2982 5281 3395 5338 generationem
3424 5272 3590 5333 ιϊιιίι,

304 5400 397 5433 ται
475 5378 573 5430 καὶ
606 5378 657 5428 οἱ
684 5374 861 5447 ταύτῃ
900 5375 1037 5443 ’κρῆς
1068 5372 1283 5438 γένεσιν
1317 5369 1790 5439 ὑπουργήσαντες,
1828 5366 1902 5427 ὡς

1898 5386 1902 5421 τ
2014 5377 2066 5422 et
2101 5369 2215 5420 lucc
2261 5374 2692 5434 conspurcatur,
2728 5379 2827 5417 nee
2864 5378 2972 5415 non
3007 5374 3059 5416 et
3094 5364 3173 5425 hi,
3217 5364 3310 5430 qui
3345 5363 3466 5429 ejus
3497 5380 3590 5429 ge-

306 5471 525 5526 baI'Oat
580 5471 674 5521 καὶ
718 5468 813 5521 τοῦ
860 5468 947 5518 διὰ
1000 5464 1204 5517 θυσιῶν
1238 5463 1500 5531 ἱλασμοῶ
1534 5466 1677 5523 τινὲς
1716 5462 1789 5523 δὲ,
1819 5462 1901 5511 ὅτι

2017 5460 2289 5514 nerationi
2328 5459 2659 5511 inserviunt.
2690 5456 2881 5525 Itaque
2923 5457 3247 5525 requiritur,
3282 5465 3337 5507 ιιι
3393 5450 3596 5509 sortia—

309 5568 533 5633 γίνεται
551 5563 765 5629 γένεσις
792 5558 1079 5629 προίόντος
1108 5556 1199 5608 τοῦ
1219 5554 1518 5622 γεννῶντθς
1558 5555 1621 5605 ἐκ
1648 5554 1745 5621 τῆς
1778 5553 1901 5603 ἑαυ-

1897 5580 1901 5591 ›
2014 5559 2104 5601 tur
2155 5548 2483 5618 purgamina
2535 5550 2795 5603 mactatis
2838 5549 3098 5602 victimis.
3156 5548 3389 5614 Quidam
3425 5550 3589 5601 aliam

390 5723 436 5754 “
471 5722 486 5771 l
518 5718 646 5773 Cor.
679 5734 799 5777 sui,
826 5716 877 5769 Si.
956 5714 1001 5745 “
1036 5711 1196 5766 Joan.
1234 5727 1314 5771 ut,
1356 5710 1446 5769 ﬂtl,
1478 5708 1567 5760 “ll.
1650 5709 1686 5737 ⁸⁷
1727 5705 1882 5758 Jaan.
1927 5706 2039 5768 1,5.

1880 5748 1882 5754 ι
1927 5721 1963 5768 1,
1992 5706 2039 5758 Ti.
2120 5707 2165 5735 "‘
2202 5704 2370 5759 lCur.
2410 5720 2476 5767 ν,
2517 5704 2599 5759 ll.
2685 5705 2724 5735 "’
2765 5702 2930 5757 Eccli.
2990 5718 3113 5770 \lll,
3173 5703 3224 5757 Ι.
3303 5704 3345 5733 ’³
3379 5702 3572 5759 Matth.

317 5810 412 5851 xv.
455 5792 537 5845 ΓΖ.
617 5792 658 5818 ⁸¹
700 5788 860 5843 Joatt.
902 5802 937 5845 I.
990 5785 1072 5837 l5.
1152 5782 1196 5812 “
1242 5782 1537 5860 Utlilll..l\’,
1586 5780 1632 5831 ί.
