4286 6444
689 414 786 475 T31

1989 418 2342 478 PROCOPII
2384 420 2626 479 GAZ£I

3856 418 3957 480 732

686 525 1019 570 mai-uiuunt
1065 531 1312 579 causam,
1349 518 1615 572 videlicet
1662 518 1806 585 quod
1847 531 2135 587 generatio
2182 522 2274 574 fiat
2304 528 2378 583 Αη

2262 531 2274 573 ι
2304 528 2348 583 Α
2377 522 2470 574 τοῦ
2500 522 2835 592 τελειότητος
2859 522 2937 584 εἰς
2967 522 3027 575 τὸ
3065 523 3254 584 ἀτελὲς
3281 523 3373 574 τοῦ
3404 525 3769 593 γενιωμένου.
3804 525 3954 593 Αὕτη

682 610 1019 675 pun-edente
1053 610 1101 659 vi
1134 608 1477 673 generativa,
1510 620 1631 674 quae
1653 608 1898 674 perfecta
1929 618 2032 667 est,
2066 607 2133 661 ad
2170 609 2273 661 im-

684 697 1110 760 pcrfectiunem,
1162 698 1291 750 dum
1346 697 1422 759 id,
1467 698 1614 764 quod
1658 698 1839 751 adhuc
1883 698 2272 765 imperfectum

682 800 804 849 cst,
866 799 1109 841 creatur.
1172 786 1309 841 Nam
1363 788 1482 853 ipsa
1544 797 1746 840 natura
1813 789 1954 842 solet
2009 790 2272 855 paulatim

693 881 947 931 amittere
989 894 1145 931 Suam
1179 880 1469 943 pristinam
1523 879 1945 948 perfectionem,
1974 879 2107 932 dum
2143 879 2273 933 sub-

684 969 810 1019 inle
882 971 1213 1022 distrahitur
1280 970 1515 1024 infinitis
1576 969 2071 1039 generationibus.
2132 984 2274 1038 quas

686 1062 921 1127 perlicit.
951 1062 1299 1130 Quapropter
1332 1065 1509 1116 donec
1550 1060 1698 1117 fetus
1730 1064 1996 1116 formetur
2031 1064 2085 1113 in
2116 1069 2273 1115 utero

687 1162 963 1215 materno,
1010 1155 1225 1222 impura
1263 1162 1349 1207 est
1394 1170 1688 1224 puerpera,
1729 1154 1783 1208 id
1818 1164 1922 1212 est.
1956 1163 2111 1209 tanto
2136 1164 2275 1210 tem-

686 1244 837 1310 poris
880 1247 1063 1312 spatio
1112 1247 1328 1313 impura
1387 1254 1649 1299 censetur
1693 1261 1962 1314 puerpera
1994 1286 2008 1309 ,
2064 1258 2273 1315 quanto

683 1338 913 1404 eiuhryu
960 1337 1011 1389 in
1067 1338 1190 1390 alvu
1227 1344 1482 1390 materno
1539 1338 1821 1389 animatur
1870 1345 1924 1390 et
1971 1335 2268 1393 formatur.

2382 613 2491 681 γὰρ
2521 614 2553 680 ἠ
2609 611 2770 679 φύσις
2816 613 3022 681 ἐστὶνή
3060 612 3533 682 καταϐιόαζομένη
3576 614 3729 682 παρὰ
3770 614 3869 683 τὴν
3899 617 3957 680 ἐξ

2382 702 2558 769 ἀρχῆς
2610 702 2668 753 ὲν
2718 701 3015 769 τελειότητι
3047 703 3282 772 ποίησιν.
3335 703 3427 754 Διὸ
3480 702 3576 755 καὶ
3638 704 3833 771 μέχρις
3892 705 3959 757 ἂν

2382 792 2461 852 εἰς
2498 792 2784 860 μόρφωσιν
2825 792 2956 861 ἔλθῃ
3015 794 3084 844 τὰ
3139 794 3401 860 κυόμενα,
3462 792 3771 860 ἀκάθαρτος
3805 796 3838 861 ἠ
3866 810 3958 845 τε·

2384 880 2575 944 κοῦσα,
2607 882 2884 935 τουτέστιν
2911 883 3016 944 ἕως
3044 883 3277 934 τοσῶνδε
3336 882 3592 951 ἡμερῶν,
3622 883 3741 951 μεθ’
3767 883 3831 944 ἃς
3861 886 3960 936 οὐκ

2381 972 2568 1034 ἀτελές
2599 973 2712 1024 ἐστι
2747 973 2806 1024 τὸ
2847 972 3281 1041 συνειλημμένον
3339 976 3416 1034 εἰς
3467 972 3714 1041 ψύχωσίν
3761 989 3820 1024 τε
3865 975 3961 1025 καὶ

2385 1066 2689 1134 μόρφωσιν,
2757 1066 2867 1117 Καὶ
2921 1065 3138 1133 Θύματα
3188 1066 3262 1125 ὼς
3306 1065 3446 1133 ὑπὲρ
3473 1066 3755 1135 ἁμαρτίας
3786 1081 3962 1130 προσ-

2381 1159 2572 1225 άγεται
2598 1160 2726 1227 περὶ
2752 1158 2921 1226 αὐτῆς
2952 1159 3045 1210 καὶ
3074 1157 3521 1227 ὁλοκαυτώματα,
3549 1156 3693 1228 ἅπερ
3719 1159 3866 1210 ἐστὶν
3882 1159 3963 1219 εις

2380 1249 2516 1301 Θεὸν
2537 1250 2884 1303 ὲπανακτιχὰ
2921 1249 3031 1301 ἀπὸ
3064 1249 3163 1318 τῆς
3203 1250 3429 1313 ἀτελοῦς
3456 1250 3599 1336 ςωῆς
3636 1252 3717 1312 εις
3751 1250 3849 1318 τὴν
3876 1264 3963 1302 τεο

2364 1339 2549 1411 λείαν.

690 1424 796 1477 1ἰ·υ
839 1428 941 1479 hac
978 1429 1341 1481 immolantur
1372 1430 1571 1482 hostia:
1599 1444 1695 1497 pro
1724 1428 1952 1491 delicto,
1985 1429 2148 1480 etiam
2178 1430 2501 1484 holocausta
2531 1430 2849 1491 adolentur.
2917 1434 3123 1502 quibus
3187 1433 3295 1488 Deo
3370 1433 3563 1502 gratim
3629 1442 3867 1497 aguntur
3907 1440 3964 1484 et

691 1517 985 1579 habentur,
1018 1518 1163 1585 quod
1196 1519 1263 1569 ab
1287 1517 1608 1586 imperfecta
1650 1518 1759 1571 vita
1801 1518 1869 1571 ad
1898 1519 2202 1587 perfectam
2245 1519 2505 1587 produxit
2531 1532 2855 1590 conceptum
2884 1523 3080 1577 letum.

762 1631 870 1683 Nec
900 1629 1106 1682 desunt
1142 1633 1237 1698 qui
1271 1630 1425 1683 aiunt
1489 1631 1776 1684 mulierem
1810 1648 1921 1686 non
1960 1641 2273 1688 contentam
2316 1650 2415 1689 sua
2445 1633 2706 1692 felicitate
2764 1640 2819 1693 in
2876 1648 3102 1707 peccata
3136 1641 3453 1709 prolapsam
3487 1639 3732 1709 graviter
3777 1642 3965 1696 sordi-

690 1724 878 1773 datam
903 1728 957 1771 et
982 1719 1264 1772 sordidam
1286 1734 1431 1779 esse,
1467 1719 1634 1786 inque
1658 1721 2046 1790 gravissimum
2091 1730 2146 1775 et
2177 1723 2707 1790 periculosissimum
2752 1726 3014 1780 incidisse
3056 1728 3308 1781 exitium.
3366 1745 3383 1777 ι
3428 1725 3562 1779 Nam
3628 1727 3767 1782 Deus
3814 1744 3966 1782 mor-

693 1820 799 1861 tem
842 1822 949 1859 non
973 1807 1207 1866 creavit,
1240 1820 1342 1859 nec
1367 1805 1684 1859 oblectatur
1710 1809 1934 1861 interitu
1957 1808 2264 1861 viventium
2290 1810 2392 1872 ⁸³,ι
2417 1819 2527 1866 etc.
2560 1812 2836 1869 Mulierem
2870 1816 3034 1869 etiam
3060 1818 3400 1869 contaminat
3424 1824 3747 1883 conceptus,
3802 1832 3965 1883 quem

693 1896 882 1948 carnis
921 1901 1184 1963 procurat
1218 1893 1495 1961 voluptas.
1537 1901 1595 1945 ut
1629 1902 1775 1963 patet
1809 1910 1875 1947 ex
1910 1895 2131 1951 Davidis
2166 1898 2395 1951 oraculo

2429 1916 2443 1952 :
2486 1920 2502 1951 I
2543 1901 2682 1957 Ecce
2710 1904 2856 1956 enim
2897 1905 2950 1957 in
3014 1904 3395 1972 iniquitatibus
3458 1915 3760 1972 conceptus
3808 1921 3951 1966 sum,

693 1998 740 2034 et
779 1986 828 2035 in
866 1986 1107 2052 peccatis
1143 1983 1281 2037 fovit
1316 1997 1402 2036 me
1443 1990 1619 2036 mater
1654 1997 1771 2036 mea
1804 1981 1875 2034 ".
1915 2001 1932 2033 ι
1964 1981 2165 2037 Verum
2224 1984 2310 2039 lex
2363 1988 2651 2053 quemdam
2706 1991 2925 2044 modum
2992 1990 3205 2043 induxit
3249 1990 3609 2059 propulsandi
3654 1991 3966 2047 istiusmodi

712 2070 1136 2122 tnmnnnlitient.
1206 2069 1453 2139 Physici,
1513 2068 1606 2138 qui
1647 2069 1842 2122 harum
1874 2084 2057 2123 rerum
2091 2071 2322 2125 scientia
2354 2081 2482 2125 sunt
2503 2073 2735 2141 praediti.
2775 2075 2974 2127 docent
3005 2073 3195 2139 fetum,
3233 2076 3276 2128 si
3311 2073 3475 2128 fuerit
3509 2076 3808 2136 masculus,
3872 2076 3963 2129 vix

698 2162 841 2211 intra
887 2158 1377 2227 quadragesimum
1418 2158 1561 2210 diem
1621 2156 1845 2210 formari
1894 2168 2051 2211 utero
2096 2167 2380 2216 materno:
2433 2158 2647 2213 femella
2705 2176 2837 2215 vero
2879 2163 3123 2230 requirat
3171 2162 3337 2228 dttplo
3393 2161 3658 2230 prolixius
3739 2169 3962 2230 tempus

706 2258 928 2314 propter
953 2262 1105 2297 suam
1146 2246 1595 2299 imbecillitatem.
1633 2243 1755 2298 [Lee
1785 2254 1967 2299 autem
2014 2247 2197 2300 omnia
2238 2247 2483 2303 indicant
2510 2249 2806 2303 humanam
2849 2261 3095 2304 naturam
3162 2266 3191 2304 a
3239 2250 3348 2305 Deo
3404 2251 3712 2319 sejunctam
3757 2260 3811 2305 et
3879 2266 3971 2305 sc-

703 2344 978 2401 pregatam
1013 2336 1175 2403 longo
1209 2345 1451 2404 tempore
1484 2334 1537 2387 in
1568 2335 1823 2388 sordibus
1851 2336 2154 2392 haesitasse.
2190 2334 2323 2389 Nam
2355 2352 2504 2392 mors
2555 2342 2800 2408 regnavit
2848 2340 2916 2391 ab
2977 2338 3146 2392 Adam
3187 2353 3363 2407 usque
3419 2339 3487 2391 ad
3526 2338 3729 2391 Mosen.
3766 2337 3971 2391 Octavo

696 2424 805 2486 dic,
839 2424 929 2490 qui
960 2424 1229 2477 successit
1266 2424 1369 2492 legi
1405 2432 1451 2477 et
1493 2423 1673 2491 prisco
1707 2423 2066 2486 sabbatisuto,
2128 2424 2438 2478 circumcisi
2499 2439 2689 2478 sumus
2729 2425 3172 2487 circumcisione,
3212 2440 3332 2493 qua:
3366 2440 3475 2478 non
3500 2440 3759 2478 manuum
3810 2425 3974 2477 mini-

701 2512 871 2566 sterio
905 2514 1207 2581 peragitur,
1236 2512 1329 2566 sed
1375 2510 1653 2581 perficitur
1688 2525 1853 2580 Opera
1887 2511 2126 2581 Spiritus
2158 2509 2333 2566 sancti
2364 2530 2377 2564 :
2418 2510 2698 2564 reformati
2729 2527 2948 2581 quoque
2974 2528 3165 2566 smnus
3205 2521 3259 2566 et
3320 2512 3621 2579 regenerati
3676 2527 3772 2580 per
3808 2512 3973 2564 Chri-

699 2611 846 2653 stum
904 2599 1030 2653 dum
1090 2600 1235 2653 illius
1279 2600 1476 2652 divina:
1521 2608 1732 2651 naturae
1769 2597 2049 2653 reddimur
2091 2599 2406 2669 participes.
2450 2599 2787 2653 Generamur
2822 2600 2968 2653 enim
3013 2614 3121 2652 non
3164 2601 3218 2653 in
3280 2602 3688 2670 corruptionem
3752 2612 3977 2669 propter

700 2688 897 2744 Adami
940 2688 1210 2756 impuram
1260 2688 1470 2756 peccati
1507 2689 1777 2739 maculam
1817 2704 1829 2739 :
1861 2686 1956 2740 sed
1989 2687 2267 2756 gignimur
2300 2686 2364 2740 ad
2397 2686 2564 2738 vitam
2598 2694 2652 2739 et
2679 2686 3140 2740 immortalitatem
3174 2696 3395 2755 propter
3452 2688 3770 2757 puritatem,

3843 2704 3969 2753 quzP

704 2777 863 2831 nobis
900 2777 951 2829 in
986 2777 1217 2829 Christo
1244 2777 1463 2844 obtigit,
1500 2775 1629 2828 dum
1665 2790 1764 2842 pro
1797 2775 1959 2828 nobis
2000 2774 2334 2829 borreudmn
2360 2788 2654 2843 perpessus
2684 2784 2769 2828 est
2801 2774 3157 2843 supplicium.
3188 2772 3324 2828 llinc
3351 2789 3571 2844 quoque
3604 2775 3739 2828 illud
3795 2774 3972 2846 356

702 2864 1177 2933 intelliges,quod
1215 2864 1483 2931 scriptum
1522 2873 1608 2917 est
1644 2881 1656 2915 :
1702 2881 1721 2913 ι
1766 2862 2011 2916 Alienati
2057 2872 2186 2918 sunt
2215 2861 2670 2931 peccatoresjam
2720 2861 2850 2915 inde
2888 2864 2957 2915 ab
2990 2871 3150 2915 utero
3174 2862 3243 2917 ⁸⁸.
3277 2881 3294 2913 ι
3330 2864 3400 2915 At
3424 2863 3549 2931 quis
3577 2870 3632 2916 et
3663 2863 3844 2932 qualis
3891 2873 3978 2916 est

703 2954 796 3005 ille
834 2952 1068 3007 uterus?
1100 2952 1379 3013 videlicet,
1414 2952 1564 3019 quod
1600 2966 1706 3004 non
1751 2950 2065 3004 circumcisi
2103 2958 2233 3004 sunt
2270 2950 2363 3002 illa
2405 2949 2843 3004 circumcisione
2912 2950 2980 3003 dc
3024 2964 3130 3019 qua
3159 2947 3363 3004 Paulus
3428 2948 3696 3020 disputat,
3743 2950 3930 3003 dicens
3962 2968 3973 3002 :

706 3058 727 3089 ς
766 3040 871 3095 Nos
908 3056 1099 3095 sumus
1131 3041 1513 3103 circumcisio,
1542 3038 1636 3108 qui
1662 3039 1863 3107 spiritu
1903 3036 2071 3092 Deum
2106 3036 2349 3092 colimus
2378 3037 2443 3091 ⁸⁸.

778 3161 1010 3225 Quidam
1043 3160 1273 3212 tradunt
1308 3159 1397 3211 illa
1453 3160 1637 3211 omnia
1688 3157 1831 3217 ﬁeri.
1882 3164 1941 3209 ut
1992 3171 2287 3226 puerpera,
2328 3152 2369 3210 Β
2469 3161 2470 3171 ‘

2328 3152 2369 3210 Β
2469 3156 2624 3220 Τινὲς
2646 3156 2699 3208 δέ
2731 3172 2917 3224 φασιν,
2952 3155 3028 3218 ὡς
3055 3157 3082 3208 ὁ
3113 3155 3277 3224 νόμος
3309 3154 3559 3223 βούλεται
3586 3155 3685 3224 τὴν
3710 3155 3982 3208 τεκοῦσαν

706 3268 830 3320 qtne
873 3253 1112 3305 maxime
1151 3262 1345 3304 vexata
1385 3260 1439 3304 et
1482 3252 1685 3303 lassata
1731 3257 1815 3303 est
1857 3258 2051 3318 partus
2084 3248 2291 3301 dolori-

708 3346 836 3408 bus,
885 3344 1173 3413 paululum
1209 3344 1546 3413 requiescat,
1582 3352 1636 3396 et
1666 3343 1850 3413 quiete
1885 3341 2124 3395 fruatur.
2155 3340 2295 3394 For—

707 3437 878 3491 tassis
924 3438 1209 3489 mulierem
1254 3436 1595 3489 immundam
1650 3432 1997 3504 pronuntiat,
2043 3431 2187 3501 quod
2230 3444 2296 3484 eo

712 3540 958 3596 tempore
1001 3528 1276 3594 cupiditas
1320 3540 1553 3580 venerea
1602 3541 1832 3594 prorsus
1864 3524 1917 3577 in
1951 3524 2069 3593 ipsa
2099 3523 2172 3575 sit
2200 3537 2295 3575 ex-

710 3619 935 3670 stincta.
976 3616 1110 3669 Nam
1141 3619 1188 3673 si
1224 3616 1337 3671 feta
1386 3618 1624 3671 habetur
1665 3617 1906 3686 impura,
1958 3615 2126 3670 etiam
2172 3628 2300 3684 gra-

711 3709 835 3761 vida
871 3710 1213 3776 impuritatis
1254 3708 1492 3761 crimine
1522 3707 1666 3761 haud
1704 3707 1944 3761 vacabit.

784 3796 843 3849 Si
877 3808 1050 3848 autem
1080 3813 1183 3849 non
1213 3798 1469 3849 invenerit
1505 3813 1697 3849 manus
1729 3797 1872 3865 ejus,
1903 3804 2013 3851 etc.
2047 3793 2190 3866 [ΧΗ.
2219 3793 2298 3866 8.]

714 3890 827 3945 Hoc
868 3891 1066 3944 fecisse
1116 3900 1337 3944 constat
1381 3898 1640 3961 parentes
1677 3890 1922 3952 Domini,
1974 3903 2101 3943 cum
2154 3888 2299 3942 haud

714 3984 1066 4037 abundarent
1108 3985 1318 4039 divitiis
1355 3994 1412 4038 ut
1454 4000 1652 4054 agnum
1695 3990 1926 4052 possent
1963 3980 2183 4037 offerre.
2206 3979 2304 4035 Vel

715 4075 972 4130 fortassis
1008 4076 1057 4129 id
1093 4078 1317 4142 accidit,
1356 4079 1500 4147 quod
1539 4076 1822 4140 Christus,
1858 4076 1953 4144 qui
1982 4081 2103 4128 erat
2125 4087 2302 4143 agnus

717 4170 811 4221 Dei
864 4171 917 4222 in
956 4170 1224 4223 mundum
1276 4181 1463 4232 natus,
1508 4172 1867 4237 semetipsum
1925 4174 1987 4221 ut
2032 4165 2303 4219 holocau-

717 4270 872 4313 stum
901 4261 1191 4316 oblaturus
1215 4269 1332 4316 erat
1364 4276 1463 4331 pro
1492 4260 1683 4314 mundi
1714 4261 1845 4313 vita.

2402 3250 2548 3318 ἔχειν
2576 3249 2905 3312 ἀνάπαυσιν,
2940 3247 3016 3311 ὼς
3055 3248 3262 3316 σφόδρα
3322 3250 3700 3316 πεπονηκυῖαν
3758 3249 3817 3299 ἐν
3861 3252 3987 3310 ταῖς

2402 3340 2576 3392 ὠδῖσι.
2614 3339 2759 3410 Πρὸς
2782 3339 2842 3390 τὸ
2864 3334 2957 3391 οὖν
2997 3338 3294 3407 σϐεσθῆναι
3339 3335 3439 3408 τὴν
3488 3337 3808 3407 ἐπιθυμίαν,
3844 3338 3987 3389 ἀκά-

2403 3432 2601 3502 θαρτον
2628 3432 2776 3496 εδοξε
2804 3432 2899 3501 τὴν
2931 3434 3169 3505 γυναῖκα
3192 3432 3398 3485 καλεῖν.
3440 3432 3662 3485 Ἐπεὶεῑ
3688 3434 3721 3502 ἡ
3747 3430 3989 3485 τεκοῦσα

2401 3523 2731 3594 ἀκάθαρτος,
2759 3526 2854 3577 καὶ
2882 3523 2915 3593 ἡ
2952 3523 3234 3592 ἐγκύμων.

2490 3777 2625 3830 Ἐὰν
2645 3776 2712 3830 δὲ
2733 3776 2819 3845 μὴ
2840 3779 3095 3846 εὑρίσκῃ
3126 3778 3164 3845 ἡ
3205 3776 3336 3846 χεὶρ
3362 3776 3572 3844 αὐτῆς.
3604 3776 3775 3830 Τοῦτο
3800 3776 3994 3846 ἐποίη-

2409 3888 2509 3923 σαν
2537 3873 2584 3925 οἱ
2611 3874 2788 3939 γονεῖς
2815 3871 2909 3923 τοῦ
2946 3868 3179 3940 Κυρίου,
3212 3869 3287 3932 ὡς
3318 3871 3543 3939 πτωχοὶ,
3569 3870 3665 3923 καὶ
3702 3868 3776 3939 μὴ
3827 3869 3996 3921 εὐπο-

2412 3962 2633 4035 ροῦντες
2663 3962 2837 4033 ἀμνοῦ
2863 3965 2940 4024 εἰς
2969 3961 3335 4031 ὁλοκαύτωμα
3358 3977 3369 3988 ·
3396 3961 3428 4031 ἢ
3459 3962 3540 4015 ὅτι
3565 3962 3725 4023 αὐτὸς
3758 3960 3995 4031 ἧμελλεν

2412 4053 2669 4123 ὁτεχθεὶς
2715 4052 2885 4121 ἀμνὸς
2913 4051 3007 4104 τοῦ
3056 4052 3190 4104 Θεοῦ
3248 4051 3610 4121 ὁλοκαύτωμα
3660 4050 3997 4122 προσςιςέρειν

2413 4145 2606 4199 ἑαυτὸν
2632 4146 2771 4213 ὑπὲρ
2794 4143 2893 4213 τῆς
2914 4143 3006 4197 τοῦ
3040 4144 3246 4214 κόσμου
3273 4140 3440 4211 ζωῆς.

789 4375 1010 4431 Homini
1038 4374 1205 4426 alicui
1236 4374 1284 4425 si
1307 4371 1523 4424 accidat
1556 4380 1612 4424 ut
1642 4372 1697 4423 in
1723 4370 1967 4437 corporis
1993 4377 2134 4429 cule,
2170 4372 2281 4421 etc.
2323 4362 2487 4436 [ΧΙΙΙ.
2519 4362 2601 4433 2.]
2636 4362 2798 4417 Prius
2827 4376 2994 4431 quam
3025 4360 3317 4431 speciatim
3347 4360 3440 4413 illa
3475 4376 3833 4420 enarramus.
3865 4377 4002 4413 cou-

718 4465 1057 4533 tcmplcmur
1090 4461 1441 4515 affectiones.
1478 4460 1575 4514 Est
1611 4460 1784 4529 igitur
1832 4460 1988 4526 lepra
2031 4455 2237 4509 malum
2288 4451 2569 4523 quoddam
2610 4465 2782 4504 vorax
2817 4458 2873 4504 et
2906 4450 3241 4503 iueurabile.
3278 4446 3413 4501 Nam
3442 4464 3577 4502 caro
3608 4459 3915 4501 excavatur
3947 4460 4003 4502 et

717 4553 1065 4614 iurroditur;
1096 4553 1332 4602 moritur
1366 4563 1587 4618 quoque
1617 4546 1859 4601 subinde
1890 4544 1957 4598 ad
1995 4542 2260 4598 inferiora
2289 4541 2435 4595 malo
2468 4540 2572 4593 hoc
2601 4547 2880 4607 serpente.
2918 4535 3039 4602 Quo
3070 4539 3219 4591 circa
3248 4536 3413 4589 etiam
3467 4536 3611 4605 pilus
3639 4534 3844 4589 florens
3876 4551 4007 4604 per-

718 4643 757 4691 it
801 4655 910 4693 non
969 4654 1133 4692 secus
1183 4653 1246 4691 ac
1294 4638 1507 4706 planta,
1547 4651 1671 4705 qua:
1710 4634 1985 4689 emoritur
2016 4646 2126 4686 una
2159 4645 2285 4686 cum
2313 4640 2478 4684 terra.
2516 4626 2753 4690 Albedo,
2790 4626 2858 4679 de
2885 4638 2992 4693 qua
3033 4625 3121 4679 hic
3154 4624 3359 4693 agitur,
3392 4630 3477 4675 cst
3522 4623 3712 4675 carnis
3745 4625 4003 4691 quaedam

721 4727 1023 4779 infirmitas
1060 4725 1202 4778 haud
1240 4726 1538 4779 dissimilis
1571 4724 1741 4791 leprae
1778 4741 1791 4777 :
1824 4736 1935 4775 non
1974 4729 2161 4773 tamen
2188 4719 2299 4773 alte
2327 4718 2382 4771 in
2423 4731 2629 4785 corpus
2664 4715 2980 4775 descendit,
3012 4712 3110 4767 sed
3145 4712 3198 4765 in
3233 4709 3525 4780 superficie
3555 4713 3812 4780 corporis
3838 4727 4007 4779 spar-

718 4818 869 4884 gitur
892 4825 946 4868 et
978 4815 1331 4868 diffunditur.
1382 4812 1508 4866 llaec
1540 4813 1711 4881 igitur
1757 4811 1921 4863 facile
1949 4815 2205 4862 curatur.
2233 4807 2482 4875 Apparet
2523 4819 2587 4858 ex
2616 4802 2784 4857 modo
2815 4800 3268 4855 commemoratis
3296 4799 3503 4868 lepram
3541 4813 3665 4853 esse
3698 4798 4003 4866 quamdam

719 4915 959 4974 postem,
997 4920 1121 4973 qum
1158 4903 1412 4956 corrodit
1444 4917 1655 4971 corpus
1688 4900 2024 4960 humanum,
2057 4897 2223 4966 idque
2255 4894 2532 4950 Ietltaliter
2570 4891 2781 4961 afﬂigit.
2818 4889 3025 4943 Albedo
3060 4897 3242 4941 autem
3280 4888 3525 4955 speciem
3558 4886 3861 4956 quamdam
3908 4888 4011 4940 ha-

720 4997 811 5047 bet
845 4997 1026 5063 leprre.
1069 4993 1397 5060 Ubicunque
1428 4991 1576 5044 enim
1628 4990 1722 5043 illa
1763 4986 2081 5050 emicuerit,
2119 4985 2392 5039 continuo
2433 4983 2793 5053 suspicantur
2845 4994 2971 5034 esse
3018 4978 3252 5049 lepram.
3294 4976 3495 5031 Verum
3547 4976 3634 5031 lex
3690 4976 4006 5031 albediuem

716 5101 827 5138 tuin
869 5084 1195 5151 pronuntiat
1226 5083 1523 5147 impuram,
1560 5087 1619 5131 ttt
1662 5078 1899 5146 lepram.

794 5170 901 5225 Sex
937 5184 1122 5225 autem
1149 5169 1368 5237 species
1389 5177 1791 5221 enumerantur
1817 5166 1981 5233 lepra:
2023 5181 2037 5218 :
2064 5178 2170 5218 una
2203 5171 2313 5225 est,
2344 5168 2389 5230 (ζ

2344 5168 2389 5230 ρ
2500 5159 2597 5224 Ἐξ
2655 5158 2771 5226 εἴδη
2836 5157 3095 5225 λεπρῶν·
3140 5156 3171 5224 ἡ
3229 5154 3351 5224 μὲν,
3400 5153 3459 5219 ἐξ
3512 5152 3675 5222 οὐλῆς
3728 5154 4011 5224 σημασίας

720 5283 843 5337 quae
876 5275 1103 5334 apparet
1136 5281 1200 5317 ex
1237 5263 1496 5315 evidente
1530 5258 1818 5313 cicatricis
1866 5258 2095 5311 iudicio.
2127 5257 2313 5310 Altera

722 5371 897 5413 totum
929 5362 1139 5428 obtegit
1177 5373 1403 5427 corpus.
1436 5354 1624 5409 Tertia
1666 5340 1989 5422 ‘prorumpit
2018 5366 2082 5404 ex
2133 5350 2317 5402 ulcere

725 5464 940 5508 sanato.
1004 5456 1210 5519 Quarta
1273 5453 1531 5522 provenit
1590 5466 1653 5505 ex
1725 5450 2040 5502 adustionc.
2108 5447 2315 5514 Quinta

725 5551 953 5600 oberrat
1005 5549 1057 5599 in
1093 5548 1273 5616 (rapite
1310 5546 1392 5599 \‘cl
1432 5545 1645 5607 barba;
1688 5543 2027 5610 infcstatque
2073 5550 2184 5593 tam
2234 5542 2317 5593 vi-

726 5658 848 5694 rum
886 5656 1049 5709 quam
1094 5641 1373 5691 feminam.
1409 5637 1810 5690 Scxtaittvadit
1837 5638 2116 5687 calvitium
2161 5636 2316 5701 rapi-

726 5733 821 5789 tis.
849 5740 943 5783 aut
975 5740 1210 5799 Occupat
1240 5728 1519 5783 ralvitiem
1546 5724 2000 5793 Stlpt't't'ilittt'ttttt.

798 5852 997 5916 c1‘Snp.
1038 5874 1071 5915 ι,
1115 5852 1194 5903 13,
1277 5851 1318 5875 ’λ
1362 5847 1480 5898 l‘~.l
1556 5862 1599 5897 ιν
1650 5845 1699 5892 fi.
1783 5843 1825 5869 δ’
1866 5839 1901 5891 l‘
1940 5841 2006 5890 ιιι.
2040 5856 2145 5890 t.\.-
2221 5836 2260 5887 ί.

2418 5251 2727 5323 τηλαυγοῦς
2745 5267 2757 5281 ⁸
2795 5253 2828 5320 ἡ
2856 5251 2934 5311 δὲ,
2968 5251 3075 5301 πᾶν
3094 5249 3156 5301 τὸ
3188 5247 3351 5317 σῶμα
3375 5246 3732 5299 καλύπτουσα
3758 5259 3772 5274 °
3814 5247 3849 5315 ἡ
3876 5245 3928 5297 δὲ
3953 5249 4013 5313 ἐξ

2426 5349 2622 5409 ἕλκους
2654 5343 3006 5412 ὑγιασοέντος
3034 5358 3048 5371 ·
3083 5343 3115 5409 ἡ
3143 5340 3221 5406 δὲ,
3255 5341 3363 5392 ἀπὸ
3387 5338 3812 5408 κατακαύματος
3834 5353 3846 5365 ·
3871 5340 3903 5407 ἡ
3930 5340 4019 5399 δὲ,

2420 5440 2613 5510 ἀνδρὸς
2639 5440 2671 5509 ἦ
2696 5437 2957 5506 γυναικὸς
2994 5437 3049 5487 ὲν
3102 5433 3309 5503 κεφαλῇ
3336 5432 3368 5502 ἢ
3394 5433 3451 5486 ὲν
3486 5430 3743 5499 πώγωνιο
3773 5432 3805 5501 ἡ
3836 5429 3914 5497 δὲ,
3957 5434 4017 5483 ὲν,

2421 5534 2497 5602 τῷ
2538 5532 2940 5602 φαλακρὼματι
2969 5532 2999 5601 ἢ
3034 5530 3108 5597 τῷ
3142 5527 3668 5598 ἁναςιαλαντιτιματι.

2372 5838 2387 5855 ⁸
2414 5831 2648 5895 l‘ltiltpp.
2699 5845 2779 5886 iit.
2820 5822 2860 5880 3'
