4286 6444
264 418 374 485 733
1294 428 1833 491 COMMENTARII
1878 433 1955 493 IN
2000 435 2435 497 chmcuu.
3434 432 3535 494 73¢

342 538 413 589 At
450 536 606 607 lepra
652 536 928 609 signiﬁcat
970 538 1222 596 maculas
1258 540 1508 605 illorum,
1561 542 1657 611 qui
1702 545 1954 597 mundati
2001 558 2129 600 sunt
2164 548 2244 601 vel
2296 550 2347 600 in
2384 550 2487 602 hoc
2519 548 2601 601 vel
2636 550 2690 601 iu
2728 547 2917 600 futuro
2955 545 3183 608 sreculo,
3226 552 3283 595 ut
3312 542 3533 610 quidam

266 623 585 692 perhibent.
616 623 688 680 Ut
730 626 880 680 enim
914 626 1147 680 cicatrix
1194 628 1487 695 vestigium
1516 639 1601 684 est
1642 631 1894 685 vulneris
1930 632 1983 683 in
2013 647 2245 701 corpore
2273 638 2450 687 curati
2488 654 2499 688 :
2536 637 2615 688 sic
2660 637 2713 688 iu
2747 635 2930 688 anima
2965 632 3324 699 delinqueute
3350 669 3364 693 ,
3428 631 3531 683 etsi

273 719 536 774 sanetur,
563 712 900 781 relinquitur
928 712 1180 781 quaedam
1214 714 1376 783 quasi
1418 716 1675 779 cicatrix,
1709 731 1873 785 quam
1914 718 2067 773 solus
2101 722 2281 775 cernit
2319 721 2483 785 Deus,
2523 734 2615 777 aut
2649 724 2852 791 quibus
2884 737 2911 773 a
2946 719 3056 774 Deo
3081 720 3269 771 datum
3321 726 3429 778 est,
3476 727 3535 769 ut

270 810 396 850 eam
430 798 754 867 perspicere
794 806 1024 865 queant.
1072 795 1289 853 Idcirco
1339 800 1521 854 danda
1561 809 1647 855 est
1680 816 1869 870 opera,
1902 814 1965 856 ut
1997 821 2156 861 omne
2196 810 2444 862 vulneris
2488 810 2778 877 vestigium
2824 809 3073 861 tollatur.
3127 806 3281 869 Quod
3322 808 3431 863 lict,
3470 805 3519 857 si

271 883 581 951 perfectam
630 886 979 939 curationem
1024 886 1245 941 vulneri
1291 885 1723 943 admoverimus.
1773 888 1848 944 De
1903 892 2221 947 istiusmodi
2276 896 2605 949 vulneribus
2649 898 2725 948 ita
2775 895 3108 948 vaticinatur
3148 893 3321 945 Isaias
3358 910 3370 944 :
3411 909 3430 941 ι
3493 892 3533 942 Α

272 969 467 1038 planta
518 971 677 1040 pedis
712 987 889 1041 usque
939 971 1010 1027 ad
1061 974 1327 1027 verticem
1369 989 1480 1027 non
1520 982 1605 1029 est
1647 975 1701 1028 in
1748 991 1813 1031 eo
1840 980 2061 1034 sanitas
2088 984 2155 1036 ⁸⁷.
2201 1000 2219 1032 i
2252 1011 2321 1025 —
2351 1001 2369 1032 ι
2406 981 2621 1037 Vulnus
2654 991 2709 1036 et
2754 983 2896 1035 livor
2943 991 2997 1035 et
3024 984 3182 1051 plaga
3232 990 3470 1033 tumens.
3515 999 3533 1030 ο

271 1058 439 1123 Quod
480 1075 611 1115 vero
634 1060 1004 1129 quorumdam
1040 1062 1375 1116 vulneribus
1403 1063 1769 1133 imponuntur
1799 1066 2147 1139 malagmata,
2185 1070 2408 1121 illorum
2444 1072 2668 1138 inquam
2696 1085 2933 1139 quorum
2969 1070 3124 1121 salus
3152 1067 3397 1120 nondum
3436 1082 3529 1134 pe-

273 1145 433 1200 nitus
465 1157 550 1199 est
578 1147 870 1217 deplorata
911 1156 965 1201 et
998 1148 1315 1217 desperata,
1348 1149 1597 1205 declarat
1621 1152 1761 1205 idem
1788 1156 1965 1223 prophi

1846 1156 2049 1223 'opheta
2085 1160 2440 1224 sequentibus
2472 1158 2656 1211 verbis
2689 1176 2701 1210 :
2737 1176 2754 1208 ι
2786 1157 2907 1209 Non
2938 1158 3068 1210 licet
3121 1157 3395 1222 malagma
3440 1154 3538 1205 ad-

274 1233 415 1287 dere
443 1234 691 1299 vulneri,
731 1249 842 1288 non
874 1234 1058 1289 oleum
1096 1234 1407 1290 infundere
1432 1237 1499 1303 "',
1535 1257 1553 1287 ι
1584 1241 1796 1307 respuit
1830 1257 2050 1310 quoque
2082 1244 2281 1296 vulnus
2317 1245 2419 1297 hoc
2455 1244 2694 1296 vincula.
2731 1244 2797 1294 At
2838 1243 2905 1295 de
2942 1242 3278 1294 contritione
3311 1252 3363 1293 et
3396 1255 3540 1293 saeva

275 1321 483 1375 auium
513 1324 672 1391 plaga
696 1362 711 1386 ,
740 1338 867 1391 qua:
899 1337 1009 1377 non
1057 1323 1163 1377 nisi
1192 1338 1392 1393 magno
1418 1335 1649 1378 curatur
1682 1328 1890 1392 labore,
1925 1329 2099 1381 donec
2127 1330 2345 1397 penitus
2385 1330 2676 1397 pristinam
2710 1331 2942 1396 recipiat
2976 1332 3271 1381 sanitatem
3305 1335 3359 1379 et
3391 1329 3541 1379 cica-

278 1409 431 1463 trice
466 1408 793 1478 obtegatur,
830 1410 912 1463 sic
940 1411 1107 1463 verba
1154 1409 1287 1464 facit
1310 1408 1581 1466 Jeremias
1610 1430 1625 1466 :
1665 1412 1790 1467 llaec
1825 1414 1959 1467 dicit
1995 1414 2259 1469 Dominus
2292 1437 2306 1470 :
2340 1414 2668 1471 Restauravi
2714 1418 3111 1470 contritionem
3144 1424 3291 1466 tuam
3320 1432 3331 1467 :
3363 1416 3540 1483 ρυεςί-

276 1510 369 1549 ma
398 1503 485 1549 est
530 1497 691 1566 plaga
725 1506 841 1552 tua.
876 1495 993 1551 Non
1036 1498 1237 1566 estqui
1267 1497 1484 1565 judicet
1514 1499 1785 1568 judicium
1824 1508 1977 1554 tuum
2026 1504 2092 1556 ad
2128 1504 2458 1573 alligaudam
2495 1506 2839 1557 curationem
2874 1513 3047 1565 tuam,
3076 1513 3206 1563 etc.,
3244 1518 3419 1571 usque
3474 1503 3541 1555 ad

280 1582 406 1636 haec
439 1583 604 1636 verba
638 1601 650 1636 :
682 1602 701 1635 ι
740 1583 782 1637 Α
812 1584 995 1653 plaga,
1027 1599 1150 1652 qua:
1189 1585 1537 1655 gravissimis
1569 1586 1852 1641 doloribus
1900 1595 1952 1641 te
1981 1592 2279 1651 excruciat.
2326 1592 2565 1645 liberabo
2618 1600 2668 1643 te
2699 1592 2763 1643 ".
2808 1608 2824 1639 ι
2861 1590 2984 1643 llrec
3038 1590 3340 1642 novissima
3379 1589 3543 1641 verba

280 1671 371 1724 sic
418 1670 831 1740 interpretatus
876 1678 965 1726 est
1024 1674 1221 1741 Aquila
1249 1683 1303 1727 et
1344 1673 1707 1744 Symmachus
1746 1695 1759 1729 :
1794 1677 1933 1743 Quia
1958 1678 2213 1731 abducam
2252 1678 2434 1730 vulnus
2470 1688 2615 1729 tuum
2656 1678 2924 1729 cicatrice.
2980 1674 3179 1728 Iterum
3218 1676 3356 1727 idem
3391 1672 3545 1728 Jcre-

280 1756 433 1809 mias
490 1756 743 1825 loquitur
786 1756 1096 1841 secundum
1132 1760 1441 1815 versionem
1484 1761 1838 1834 Septuaginta
1883 1768 2242 1834 interpretum
2280 1784 2292 1817 :
2335 1783 2353 1814 ί
2389 1764 2525 1818 Ecce
2565 1780 2665 1833 ego
2691 1765 2948 1817 inducam
2982 1764 3057 1815 illi
3115 1764 3454 1825 cicatricem,
3495 1775 3548 1816 et

281 1843 585 1897 sanitatem
626 1844 914 1898 restituam
950 1845 1054 1909 eis,
1078 1854 1133 1899 et
1164 1846 1527 1901 manifestabo
1590 1851 1668 1904 eis
1700 1850 1856 1905 fidem
1896 1862 1950 1906 et
1980 1868 2165 1922 pacem
2203 1870 2217 1911 ;
2251 1861 2305 1905 et
2336 1851 2594 1905 reducam
2652 1852 3031 1916 migrationem
3063 1847 3203 1902 Juda
3276 1862 3328 1901 et
3366 1859 3544 1902 trans-

278 1932 683 1999 ntigrationem
711 1930 1020 1987 Jerusalem
1059 1933 1126 1986 “.
1166 1952 1185 1984 ι
1226 1933 1537 1991 lnnascitur
1568 1938 1837 1992 interdum
1903 1940 2171 2003 cicatrici,
2226 1955 2351 2009 quae
2396 1940 2615 2007 quidem
2657 1942 2741 1993 vix
2786 1940 2932 1993 cerui
2968 1947 3192 2006 promer
3246 1940 3549 1991 curationis

277 2017 696 2089 perfectionem
756 2020 900 2088 quit,
934 2020 1029 2073 sed
1064 2020 1255 2074 saltem
1292 2022 1454 2091 lepra:
1480 2032 1665 2077 notam
1687 2032 1739 2079 et
1769 2026 2222 2095 significationem
2255 2029 2544 2097 quamdam
2567 2043 2665 2081 nec
2692 2042 2810 2081 eam
2845 2028 3154 2080 evidentem
3220 2025 3311 2079 sed
3349 2026 3549 2078 subob-

278 2120 515 2161 acuram
548 2105 777 2161 exhibet
819 2106 876 2160 in
923 2116 1050 2161 cute
1080 2108 1334 2176 corporis
1363 2126 1374 2161 :
1402 2108 1561 2179 347
1595 2120 1647 2164 et
1692 2121 1911 2181 propter
1951 2115 1970 2168 l'

1853 2128 1911 2168 er
1951 2115 2092 2169 hanc
2124 2116 2414 2185 sequentia
2449 2116 2563 2185 lege
2608 2116 3071 2170 delcrmiuantur.
3134 2112 3369 2167 Necesse
3401 2114 3545 2163 enim

277 2202 396 2256 est,
434 2202 495 2246 ut
538 2193 595 2246 hi
650 2194 743 2263 qui
780 2193 849 2247 ab
872 2208 1007 2248 orco
1041 2198 1200 2264 quasi
1235 2198 1434 2250 mortui
1478 2213 1573 2267 per
1594 2196 1872 2253 Christum
1909 2200 1974 2255 ad
2000 2204 2166 2255 vitam
2213 2212 2342 2257 sunt
2374 2204 2636 2265 revocati,
2672 2218 2833 2269 (niam
2870 2202 3187 2270 longissime
3232 2203 3488 2253 recedant
3517 2217 3545 2251 a

280 2282 463 2348 vitiis,
499 2280 904 2351 repudiumque
932 2283 1152 2336 mittant
1181 2283 1368 2337 carnis
1392 2290 1444 2337 et
1465 2285 1651 2338 mundi
1709 2285 2004 2344 illecebris.
2039 2290 2141 2356 Qui
2178 2306 2415 2360 namque
2438 2292 2491 2344 in
2520 2306 2682 2344 carne
2708 2300 3003 2344 sementem
3047 2289 3258 2351 fecerit,
3288 2288 3352 2341 de
3384 2302 3550 2340 carne

278 2378 461 2425 metet
489 2370 906 2438 corruptionem
938 2369 1005 2426 ⁶¹.
1044 2386 1061 2419 ι
1097 2367 1247 2423 Talis
1278 2371 1463 2440 itaque
1492 2371 1740 2441 impurus
1768 2384 1820 2427 et
1843 2378 2457 2448 immundusjudicatur
2485 2379 2537 2430 in
2561 2384 2861 2445 conspectu
2894 2376 3125 2435 Christi,
3154 2376 3311 2443 juxta
3374 2375 3503 2427 illud
3533 2392 3546 2426 :

292 2455 631 2527 clmpnrum
682 2458 859 2526 ipsum
905 2458 1291 2526 pronuntiabit
1324 2460 1602 2514 sacerdos.
1649 2480 1667 2512 ι
1720 2460 1929 2526 Quibus
1972 2465 2060 2517 illa
2109 2466 2399 2533 impuritas
2446 2465 2747 2532 inhaeserit,
2776 2462 3003 2516 audient
3040 2454 3371 2515 horrendam
3402 2462 3548 2512 illam

282 2546 509 2603 Christi
547 2561 741 2601 vocem
780 2565 793 2600 :
836 2564 854 2597 ‹
889 2545 1161 2600 Discedite
1195 2562 1355 2610 ame,
1384 2549 1479 2618 qui
1510 2550 1719 2619 operati
1753 2550 1888 2605 estis
1920 2553 2122 2604 malum
2164 2570 2175 2604 :
2211 2566 2319 2605 non
2351 2552 2476 2604 novi
2508 2566 2610 2605 vos
2643 2552 2711 2603 ⁶¹.
2756 2569 2773 2602 ›
2813 2551 3023 2604 Albedo
3085 2550 3279 2601 animae
3308 2557 3360 2600 et
3388 2563 3553 2615 argu-

281 2645 538 2692 mentum
571 2636 658 2689 vel
706 2635 972 2689 indicium
1004 2637 1279 2690 cicatricis
1322 2638 1473 2707 lepra
1507 2638 1724 2693 infecta:
1752 2648 1836 2695 est
1873 2640 2154 2694 inclinatio
2183 2647 2237 2693 et
2269 2639 2333 2691 ad
2366 2641 2565 2692 malum
2596 2639 2793 2693 mentis
2846 2638 3187 2707 proclivitas,
3217 2652 3318 2688 nec
3354 2645 3553 2695 tamen

281 2725 356 2781 ad
400 2726 607 2779 malum
642 2725 901 2795 procedit
940 2744 952 2778 :
993 2725 1088 2779 sed
1125 2739 1153 2777 a
1185 2725 1342 2780 malis
1377 2726 1539 2781 factis
1575 2726 1837 2780 abstinet.
1866 2725 2105 2795 Operam
2137 2722 2413 2791 siquidem
2447 2729 2641 2775 auctor
2680 2729 2734 2773 ct
2760 2721 2873 2773 dux
2902 2729 3161 2773 censetur
3190 2719 3351 2771 ratio.
3541 2713 3557 2753 ε

356 2813 718 2883 Quapropter
746 2814 926 2881 inquit
960 2813 1131 2866 David
1168 2831 1180 2866 :
1220 2832 1237 2864 ι
1274 2814 1588 2883 Antequam
1624 2815 1946 2868 humiliatus
1977 2828 2133 2875 sum,
2168 2811 2389 2880 peccavi
2417 2812 2483 2863 ⁵³.
2526 2829 2542 2859 i
2581 2809 2736 2863 Tunc
2768 2811 2915 2863 enim
2956 2823 3145 2869 mens,
3180 2808 3337 2875 quasi
3375 2806 3511 2858 libra
3537 2848 3552 2870 ,

280 2899 616 2971 impellitur,
650 2901 876 2968 quando
908 2900 1033 2973 quis
1069 2900 1123 2954 in
1157 2902 1355 2955 mortis
1387 2903 1692 2971 periculum
1728 2906 1972 2956 nondum
2004 2902 2248 2962 venerit,
2282 2900 2377 2954 sed
2408 2914 2572 2967 quam
2606 2896 2853 2966 proxime
2886 2897 2950 2948 ad
2988 2899 3189 2948 malum
3227 2897 3551 2948 accesserit.

282 2984 410 3042 But:
440 2987 620 3056 aptari
651 2995 837 3057 potest
866 2995 921 3040 et
955 2986 1091 3041 illud
1123 3004 1135 3041 :
1173 3006 1191 3039 ι
1229 2986 1422 3051 Nemo,
1452 2990 1545 3057 qui
1578 2997 1847 3051 tentatur,
1878 2992 2027 3044 dicat
2056 3005 2116 3044 se
2146 3004 2175 3042 a
2210 2990 2319 3043 Deo
2350 2989 2575 3043 tentari.
2630 2987 2774 3040 Deus
2836 2994 2896 3037 ut
2952 3002 3058 3038 non
3094 2992 3341 3037 tentatur
3369 2984 3551 3046 malis,

283 3074 372 3130 sic
417 3089 523 3129 nec
565 3074 687 3143 ipse
744 3082 929 3128 tentat
1002 3090 1363 3144 quemquam.
1428 3073 1831 3146 Unusquisque
1896 3088 2078 3133 autem
2121 3086 2369 3131 tentatur
2404 3092 2432 3129 a
2471 3091 2567 3129 sua
2608 3074 3067 3142 concupiscentia
3133 3074 3449 3126 abstractus
3501 3080 3555 3125 et

285 3162 600 3217 inescatus.
621 3162 831 3217 Deinde
855 3164 1316 3233 concupiscentia
1353 3163 1445 3217 ubi
1485 3168 1821 3234 conceperit,
1857 3167 1999 3235 parit
2036 3172 2319 3234 peccatum
2347 3180 2360 3215 :
2387 3171 2442 3216 at
2479 3173 2765 3233 peccatum
2805 3169 3253 3215 consummatum
3296 3167 3558 3229 procreat

284 3257 531 3305 mortem
549 3250 672 3304 ⁶³⁹.›
701 3249 822 3304 Νυη
852 3252 1022 3322 igitur
1055 3252 1319 3305 continuo
1341 3252 1573 3315 malum,
1602 3254 1746 3321 quod
1774 3262 2003 3308 mortem
2033 3253 2431 3321 importat,nos
2468 3250 3039 3317 invadit,quantisper
3060 3256 3284 3315 peccan
3321 3248 3560 3299 relucta-

286 3352 441 3391 mur.
472 3335 608 3390 Nam
640 3353 748 3392 non
782 3353 944 3393 omne
973 3348 1261 3409 peccatum
1293 3349 1376 3394 est
1408 3341 1473 3394 ad
1507 3351 1762 3395 mortem.
1790 3340 2137 3410 QuaprOpter
2164 3354 2266 3394 nec
2297 3339 2366 3401 is,
2396 3340 2490 3407 qui
2524 3346 2815 3407 suspectus
2862 3345 2980 3390 erat
3014 3336 3083 3388 ob
3115 3336 3319 3404 lcpram
3352 3334 3420 3387 de
3451 3350 3561 3403 quo

289 3441 445 3483 nunc
477 3426 685 3495 agitur,
720 3427 1034 3483 sacerdotis
1067 3429 1340 3481 sententia
1375 3431 1627 3499 impurus
1657 3429 1968 3483 ostenditur
2000 3446 2012 3483 :
2048 3428 2143 3483 sed
2174 3438 2519 3496 segregatur.
2552 3427 2646 3479 Illa
2676 3440 2807 3479 vero
2841 3425 3091 3493 probatio
3114 3462 3129 3485 ,
3168 3438 3290 3491 qua:
3347 3432 3559 3491 septem

287 3514 460 3570 durat
492 3515 728 3580 diebus,
758 3516 1037 3586 significat
1067 3516 1228 3569 istam
1266 3516 1652 3586 probationem
1675 3556 1690 3579 ,
1721 3533 1842 3586 quae
1875 3532 1976 3571 nos
2008 3532 2106 3585 per
2137 3516 2459 3569 universum
2490 3514 2614 3567 vita)
2641 3514 2985 3567 curriculum
3018 3512 3261 3579 exagitat
3291 3518 3344 3563 et
3374 3512 3565 3580 explo-

287 3611 400 3659 rat.
438 3600 587 3657 Deus
622 3618 734 3658 non
769 3605 970 3672 probat
1004 3605 1048 3657 si
1086 3618 1368 3658 moremur
1400 3605 1569 3659 vicini
1615 3605 1779 3658 malo.
1820 3604 2057 3659 Proinde
2093 3605 2330 3657 sollicite
2366 3602 2672 3655 cavendum
2710 3612 2792 3654 est
2829 3599 3027 3660 nobis,
3068 3615 3132 3651 ue
3177 3596 3385 3664 aliquid
3433 3596 3562 3647 mali

288 3703 526 3762 propter
561 3693 810 3746 vicinum
854 3693 1062 3745 malum
1115 3706 1218 3745 nos
1258 3692 1674 3761 apprehendat,
1713 3692 1858 3761 quod
1897 3708 1998 3747 nos
2033 3691 2232 3747 deinde
2270 3691 2480 3744 inﬁci-at
2515 3698 2567 3744 et
2601 3705 2631 3743 e
2668 3689 2869 3742 castris
2908 3688 2999 3739 llei
3038 3700 3204 3752 quam
3246 3683 3565 3753 longissime

289 3778 595 3850 propellat.
629 3780 891 3835 Christus
921 3788 1006 3835 est
1038 3781 1085 3835 is
1117 3778 1418 3842 sacerdos,
1450 3779 1545 3847 qui
1581 3781 1891 3833 animarum
1925 3790 2246 3833 nostrarum
2283 3779 2489 3845 lepram
2525 3776 2847 3830 considerat
2884 3795 2895 3827 :
2932 3776 3079 3827 hunc
3117 3772 3333 3825 nullum
3374 3773 3567 3823 latcbit

289 3865 463 3936 lepra
485 3866 705 3920 vitium.
734 3866 947 3922 Idcirco
982 3867 1162 3935 inquit
1192 3884 1207 3921 :
1246 3884 1264 3917 ι
1302 3864 1492 3920 Sancti
1527 3876 1708 3921 estote
1739 3886 1751 3920 :
1783 3868 1914 3935 quia
1944 3876 1998 3922 et
2027 3882 2127 3935 ego
2160 3874 2391 3920 sanctus
2424 3880 2545 3919 sum
2570 3864 2635 3917 “.
2675 3882 2692 3914 ι
2731 3863 2890 3916 lllum
2929 3871 3110 3915 autem
3132 3900 3145 3923 ,
3176 3861 3269 3928 qui
3303 3860 3564 3912 absolve-

290 3954 465 4008 batur
494 3968 525 4007 a
562 3954 729 4023 lepra!
765 3954 1094 4024 itnpuritate
1128 3952 1441 4007 sacerdotis
1479 3953 1848 4014 auctoritate,
1882 3954 2173 4023 oportebat
2209 3953 2393 4006 eluere
2425 3952 2789 4015 vestimenta,
2828 3958 2886 4001 ut
2920 3957 2974 4001 et
3013 3950 3066 4001 in
3107 3949 3209 4000 hac
3250 3954 3407 4014 parte
3441 3946 3565 4012 ejus

291 4042 518 4113 puritas
547 4049 854 4096 constaret.
888 4044 1062 4111 Aque
1089 4056 1220 4095 vero
1253 4043 1589 4096 mentionem
1626 4040 1796 4095 infert
1829 4042 1912 4095 lex
1939 4081 1954 4106 ,
1984 4052 2041 4094 ut
2077 4049 2264 4094 uotum
2294 4039 2365 4095 sit
2400 4038 2661 4094 omnibus
2683 4076 2697 4098 ,
2729 4052 2950 4091 sacrum
2987 4036 3259 4105 baptisma
3288 4034 3399 4102 jam
3433 4033 3565 4085 olim

292 4130 352 4185 in
390 4130 512 4200 lege
544 4144 671 4183 esse
705 4128 1069 4184 delineatum.
1748 4136 1755 4141 ‘

379 4224 520 4277 Ἐὰν
558 4222 628 4275 δὲ
652 4261 664 4274 .
693 4263 707 4276 .
732 4263 746 4276 .
781 4225 1033 4292 καλύψῃ
1076 4224 1114 4291 ἠ
1160 4223 1355 4289 λέπρα
1408 4220 1478 4274 ὲν
1518 4220 1598 4286 τῷ
1643 4220 1885 4291 δέρματι
1919 4228 1962 4285 Α
2065 4256 2071 4275 Α

1878 4242 1885 4276 ι
1919 4228 1962 4285 Α
2065 4221 2131 4275 Et
2160 4224 2206 4276 si
2238 4222 2385 4291 lepra
2414 4220 2664 4274 obtexerit
2697 4223 2997 4271 universam
3025 4226 3195 4269 cutem
3221 4231 3251 4266 a
3280 4213 3451 4281 capite
3479 4226 3570 4263 us-

289 4315 407 4384 τῆς
462 4313 629 4385 ἁφῆς
680 4315 799 4368 ἀπὸ
849 4314 1123 4384 κεφαλῆς
1184 4315 1295 4379 ἕως
1349 4311 1569 4366 ποδῶν.
1621 4315 1742 4367 Τῶν
1782 4332 1883 4366 πα-

289 4408 465 4463 λαιῶν
531 4424 616 4470 τις
676 4406 863 4476 χρῶτα
922 4406 1100 4469 ζῶντα
1170 4408 1263 4458 τὸν
1327 4406 1488 4473 λόγον
1553 4404 1882 4474 ἐλάμϐανεν.

291 4494 371 4555 Ob
439 4498 519 4569 μὴ
567 4500 837 4567 παρόντος
888 4499 955 4569 τῇ
989 4497 1162 4568 ψυχῇ,
1214 4500 1242 4549 ὅ
1284 4497 1335 4549 τί
1376 4497 1497 4549 ποτ’
1540 4491 1633 4549 οὖν
1682 4497 1748 4550 ἂν
1792 4496 1887 4563 γέ-

290 4608 479 4661 νηται,
562 4590 900 4659 ἀνέγκλητος
975 4592 1004 4643 ὁ
1057 4591 1360 4661 ἁμαρτὼν,
1431 4592 1629 4659 ἀλόγου
1702 4592 1885 4662 φέρων

291 4684 683 4738 κατάστασιν
718 4685 767 4735 el
791 4684 847 4736 δὲ
874 4684 1074 4755 παρείη
1107 4683 1287 4751 λόγος,
1327 4684 1648 4746 ὑπεύθυνος.
1686 4684 1750 4735 Τί
1792 4684 1886 4737 οὖν

290 4776 354 4829 τὺ
390 4775 519 4830 καθ’
546 4775 669 4828 ὅλου
711 4775 806 4829 τοῦ
842 4774 1094 4846 σώματος
1136 4774 1382 4844 γίνεσθαι
1436 4777 1535 4846 τὴν
1583 4777 1761 4846 ἁφήν;
1812 4776 1885 4845 μή

291 4885 428 4923 ποτε
474 4868 765 4939 τροπικῶς
806 4867 1142 4937 φρενίτιδας,
1193 4869 1226 4939 ἢ
1285 4867 1648 4935 μελαγχολίας
1707 4868 1886 4937 δηλοί;

295 4965 372 5033 μὴ
405 4960 740 5031 βοηθοῦντος
768 4962 879 5031 γὰρ
919 4962 1039 5013 τότε
1066 4960 1250 5027 λόγου,
1288 4960 1425 5030 μηδὲ
1460 4960 1743 5030 παρούσης
1803 4962 1888 5011 αἱ..
1953 4956 1961 4964 ’

294 5053 570 5124 σθήσεως,
603 5054 715 5105 πᾶν
738 5053 799 5105 τὸ
821 5053 1090 5123 πραχθὲν,
1123 5052 1155 5123 ἢ
1189 5053 1397 5121 λεχθὲν,
1429 5052 1527 5121 οὐχ
1556 5052 1885 5123 ἁμάρτημα’

294 5148 414 5202 ἀ)λ’
441 5148 532 5200 ὅτε
588 5147 855 5217 πάρεστιν
887 5146 1164 5212 αἴσθησις.

1994 4332 2091 4384 que
2111 4316 2177 4367 ad
2195 4317 2412 4379 calcem,
2429 4323 2535 4369 etc.
2559 4310 2721 4385 LXIII,
2744 4310 2851 4382 19η]
2874 4310 3104 4375 Quidam
3126 4324 3187 4362 ex
3210 4307 3410 4377 priscis
3431 4304 3570 4357 scri-

1994 4408 2243 4477 ptoribus
2273 4408 2376 4462 sub
2402 4416 2549 4472 Cute,
2576 4421 2738 4476 quam
2769 4416 2935 4457 totam
2966 4401 3255 4469 occupavit
3284 4398 3455 4464 lepra,
3485 4397 3570 4447 in-

1994 4500 2189 4568 telligit
2209 4500 2384 4553 viva'u
2412 4501 2703 4561 rationem,
2724 4513 2830 4568 qua
2855 4498 2898 4551 si
2924 4496 3090 4549 fuerit
3114 4495 3277 4547 homo
3300 4492 3567 4557 privatus,

1993 4592 2262 4660 quidquid
2302 4593 2475 4661 egerit
2517 4592 2846 4659 reprehendi
2885 4590 3173 4641 commode
3214 4601 3321 4638 non
3364 4591 3566 4651 potest.

1994 4684 2125 4737 Nam
2162 4686 2324 4737 homo
2352 4683 2445 4753 qui
2481 4682 2697 4736 ratione
2726 4691 2904 4743 caret,
2936 4680 3069 4731 nihil
3100 4678 3279 4730 dichrt
3311 4691 3337 4727 a
3369 4674 3566 4727 bellua.

1999 4776 2101 4831 Ubi
2125 4779 2359 4847 primum
2390 4765 2858 4830 adfttcritliorititii
2891 4774 3053 4839 ratio,
3083 4775 3125 4826 si
3160 4769 3293 4840 quid
3327 4769 3572 4835 delique-

1998 4875 2100 4933 rit,
2146 4873 2324 4940 poenis
2366 4881 2514 4924 recte
2557 4869 2802 4923 coerceri
2846 4869 3068 4936 poterit.
3110 4864 3253 4930 Quid
3298 4863 3404 4917 sibi
3449 4860 3565 4911 vult

1998 4966 2139 5032 quod
2172 4965 2351 5033 inquit
2381 4980 2393 5016 :
2426 4962 2656 5016 Tactnm
2691 4962 2809 5017 fieri
2839 4962 3007 5015 totius
3035 4958 3321 5030 corporis?
3353 4954 3575 5007 Fortas-

1997 5057 2074 5111 sis
2111 5059 2319 5126 tropice
2359 5057 2609 5126 intelligit
2642 5056 2961 5109 melancolia
2995 5062 3087 5106 aut
3123 5050 3380 5121 plircncsi
3420 5046 3573 5099 labo-

1996 5158 2203 5204 rantes.
2233 5147 2370 5202 Dum
2400 5149 2547 5204 enim
2581 5150 2664 5202 bis
2695 5164 2803 5201 non
2838 5149 3064 5201 inservit
3098 5160 3272 5213 neque
3303 5142 3448 5196 ratio
3476 5156 3569 5193 ne-

295 5255 406 5310 que
436 5255 664 5303 sensus,
691 5237 961 5311 quidquid
989 5240 1071 5292 vel
1103 5237 1347 5291 dixerint
1374 5238 1458 5293 vel
1493 5237 1748 5303 fecerint,
1784 5252 1893 5292 non
1936 5242 2145 5309 peccati
2193 5257 2391 5297 nomen
2442 5242 2774 5308 merebitur;
2822 5251 2877 5293 at
2925 5238 3130 5309 peccati
3213 5253 3409 5290 nomen
3458 5242 3571 5286 tum

295 5342 574 5391 recurret.
604 5348 730 5388 cum
765 5349 965 5389 sensus
995 5332 1233 5388 affuerit.

372 5426 621 5482 Proinde
659 5426 713 5480 in
758 5427 904 5481 hunc
930 5427 1154 5481 modum
1200 5427 1533 5494 loquamur:
1573 5422 1837 5477 Bifariam
1878 5425 2161 5493 placemus
2195 5435 2249 5479 et
2284 5424 2425 5494 grati
2466 5439 2661 5479 sumus
2704 5423 2832 5477 Deo.
2880 5423 2933 5474 Si
2980 5421 3215 5475 vivimus
3261 5418 3391 5481 fleo,
3433 5420 3572 5472 nihil

298 5526 620 5572 emortuum
660 5518 734 5571 sit
771 5518 827 5569 in
869 5516 1063 5581 nobis;
1101 5514 1148 5571 si
1193 5515 1398 5569 mortui
1439 5512 1712 5569 fuerimus
1753 5524 2000 5583 peccato,
2042 5516 2205 5567 nulla:
2248 5513 2457 5582 peccati
2496 5513 2746 5580 reliquiae
2786 5512 2838 5564 in
2881 5511 3042 5565 nobis
3086 5518 3432 5561 remaneant.
3471 5506 3571 5561 Ubi

302 5606 517 5661 mortui
553 5604 831 5661 fuerimus
867 5604 1105 5667 mundo,
1141 5619 1208 5658 ne
1244 5619 1596 5659 recurramus
1632 5604 1697 5657 ad
1733 5606 1887 5656 vitia.
1921 5603 2193 5669 Quocirca
2230 5601 2435 5658 Paulus
2472 5604 2547 5656 ait
2582 5620 2595 5655 :
2636 5621 2653 5653 ‹
2696 5599 2787 5655 Sic
2821 5609 2870 5654 et
2907 5616 3003 5654 vos
3040 5599 3282 5668 cogitate
3320 5605 3573 5653 mortuos

386 5742 428 5773 ’Ἴ
468 5765 575 5823 lsa.
606 5782 644 5827 t,
674 5765 725 5819 6.
806 5762 852 5796 ⁸⁸
894 5762 1029 5818 ibid.
1106 5764 1151 5794 ⁸⁹
1198 5760 1377 5816 Jerem
1440 5778 1565 5825 sxa,
1599 5759 1687 5818 l2.
1742 5760 1820 5813 l3.
1900 5761 1944 5791 ⁶⁰
1974 5760 2107 5813 ibid.
2147 5760 2229 5826 l7,
2282 5761 2366 5815 l8.

391 5838 539 5885 Paal-
574 5852 767 5885 αλκ-ιιι-
801 5836 890 5885 67.
968 5836 1034 5866 ⁸³⁸
1070 5832 1185 5885 Jac.
1233 5849 1270 5885 ι.
1316 5832 1408 5885 Ιΰο
1440 5833 1525 5885 15.
1604 5833 1646 5863 ⁸⁵
1690 5830 1861 5885 chtt.
1897 5834 2088 5885 ιι.11.

1632 5842 1646 5861 ‘
1690 5842 1861 5886 chtt.
1897 5846 1969 5894 xl,
2004 5842 2088 5885 Η.

310 5837 351 5870 ’⁸
389 5838 539 5895 Psal.
574 5852 767 5902 cum,
801 5836 890 5890 67.
968 5836 1034 5866 ⁸³⁸
1070 5832 1185 5888 Jac.
1233 5849 1270 5899 ι,
1316 5832 1408 5885 ιδ.
1440 5833 1525 5885 15.

2475 5762 2515 5791 ⁸³
2556 5759 2830 5825 Galat.vt,
2875 5758 2925 5812 8.
3035 5759 3078 5788 ε’
3113 5756 3303 5813 Matth.
3343 5771 3438 5819 vti,
3478 5754 3572 5811 23.
