4286 6444
778 384 887 449 735
2106 384 2452 443 PROCOPII
2494 385 2735 443 GAZfEl
3932 384 4037 448 736

778 492 1003 558 quidem
1040 499 1289 557 peccato,
1326 492 1571 543 viveutes
1608 502 1789 543 autem
1830 491 1939 543 Deo
1978 492 2031 542 iu
2068 490 2291 543 Christo
2325 488 2453 542 Jesu
2477 490 2545 543 ".
2580 487 2714 541 Nam
2750 503 2849 557 pro
2880 487 3041 543 nobis
3076 497 3305 545 mortem
3345 488 3613 543 sustinuit
3641 489 3921 556 Christus,
3954 504 4033 555 ut,

781 580 873 642 qui
908 579 1118 636 vivunt,
1152 592 1259 629 non
1291 580 1527 645 amplius
1560 580 1663 630 sibi
1694 580 1900 639 vivant,
1930 577 2023 629 sed
2056 578 2131 638 ei,
2158 576 2253 643 qui
2288 590 2385 645 pro
2415 575 2549 641 ipsis
2579 584 2831 628 mortuus
2856 585 2940 629 est
2964 586 3019 629 et
3046 577 3431 638 resurrexit“,
3461 577 3553 643 qui
3589 586 3812 644 peccata
3846 589 4035 632 nostra

784 663 1014 730 poi-tavit
1051 676 1287 729 corpore
1322 678 1426 717 suo
1459 679 1624 729 super
1652 664 1823 731 ligno,
1854 671 1911 715 ιιι
1944 670 2293 730 peccatorum
2326 662 2653 730 impunitate
2686 671 2906 731 recepta
2932 663 3187 717 vivamus
3211 663 3531 732 justitiae‘“
3569 681 3586 713 ι
3618 662 3883 716 Moriatur
3910 680 4038 732 pee-

781 756 927 810 rato,
970 764 1035 798 ne
1071 757 1124 800 et
1166 747 1268 799 hoc
1309 763 1408 801 uos
1444 759 1754 815 praetereat,
1792 750 1837 801 si
1884 763 2147 800 necamns
2185 747 2431 801 membra
2467 758 2660 801 nostra
2698 757 2940 812 terrena,
2978 750 3399 809 sem-tationem.
3439 750 3866 813 immunditiem,
3905 751 4039 802 alle-

781 843 960 893 ctum,
998 834 1358 900 cupiditatem
1401 834 1617 887 malam.
1656 834 1759 898 Qui
1798 849 1929 887 vero
1967 834 2168 887 mortui
2206 849 2399 887 sumus
2440 846 2693 903 peccato.
2728 835 3005 904 quomodo
3043 845 3233 905 postea
3260 836 3313 888 in
3350 834 3517 907 358
3547 850 3613 889 eo
3645 837 3940 890 vivemus?
3973 838 4031 891 Si

782 924 1066 990 paululttm
1119 925 1279 973 modo
1330 925 1788 976 couseuscrimus
1834 932 2087 992 peccato,
2136 923 2512 989 inquinamur.
2556 923 2795 975 Proinde
2843 923 3179 992 impuritatis
3228 923 3439 975 crimen
3492 937 3600 974 non
3648 923 3977 989 eﬂ'ugiemus
4021 945 4035 979 :

779 1010 1245 1078 ιιιιειιιςιάιιιοάιιιιι
1279 1012 1570 1077 puritatem
1604 1026 2002 1063 eonservamus
2022 1048 2036 1072 ,
2066 1013 2111 1063 si
2150 1010 2419 1063 fuerimus
2447 1009 2649 1062 monui
2686 1018 2932 1075 peccato.
2964 1010 3130 1070 Nam,
3160 1018 3221 1063 ιιι
3247 1010 3497 1077 perhibet
3528 1008 3733 1061 Paulus
3754 1010 3819 1074 ⁸⁸,
3857 1011 4037 1063 modi-

778 1112 902 1148 cum
942 1097 1271 1147 fermentum
1306 1105 1476 1147 totam
1509 1096 1804 1149 fermentat
1836 1111 2097 1147 massam.
2132 1094 2235 1147 Sed
2271 1095 2315 1148 si
2352 1094 2627 1147 modicum
2660 1094 2794 1147 illud
2830 1094 3160 1148 fermentum
3195 1095 3418 1147 malitiae
3450 1093 3616 1147 fuerit
3651 1095 3920 1152 ablatum.
3952 1096 4039 1146 ni-

780 1182 855 1233 hil
902 1183 1131 1247 periculi
1175 1191 1368 1236 restat.
1403 1182 1616 1233 Idcirco
1655 1197 1682 1232 a
1723 1182 1957 1234 Domino
1991 1183 2313 1250 prohibetur
2344 1182 2790 1250 supplementum
2831 1197 3031 1235 novum
3074 1182 3128 1235 in
3161 1184 3491 1235 vestimento
3524 1183 3727 1245 veteri,
3758 1194 3812 1235 et
3846 1184 4036 1235 vinum

778 1284 979 1319 novum
1023 1278 1207 1321 mouet
1248 1267 1514 1320 Dominus
1538 1271 1580 1299 “
1616 1284 1725 1321 non
1755 1285 1880 1323 esse
1912 1270 2300 1337 exeipit-mlum
2338 1270 2557 1321 utribus
2584 1268 2839 1322 vetustis.
2872 1268 3109 1333 Quidam
3140 1268 3331 1321 dixere
3360 1270 3635 1337 impuram
3673 1283 3795 1322 eam
3836 1270 4039 1320 morti-

779 1356 1115 1412 licationem,
1152 1370 1314 1421 quam
1353 1356 1496 1421 parit
1528 1356 1726 1407 vitium
1759 1363 1814 1409 ct
1846 1356 1974 1407 mali
2010 1356 2181 1407 animi
2218 1356 2356 1407 mala
2387 1354 2682 1423 dispositio
2713 1364 2765 1407 et
2796 1354 3041 1408 atl'ectio.
3073 1354 3197 1408 llasc
3228 1354 3584 1416 dilIunditur,
3622 1356 3783 1420 longe
3817 1353 4040 1421 lateque

779 1442 973 1506 serpit,
1005 1450 1063 1491 ut
1094 1442 1279 1493 videre
1308 1452 1391 1517 est
1426 1444 1479 1493 in
1511 1442 1665 1495 vitiis
1695 1443 2136 1510 intemperantia
2166 1442 2582 1510 iujustititeque.
2612 1442 2813 1496 Puram
2846 1457 2966 1495 eam
2999 1450 3259 1495 asserunt
3288 1441 3512 1509 quidam
3547 1441 4035 1494 mortificationem

777 1541 883 1594 qua
922 1526 1045 1579 freti
1087 1527 1471 1580 indill‘erenter
1504 1536 1737 1579 tttuutur
1774 1528 1861 1580 his
1900 1528 2177 1588 externis.
2212 1529 2374 1581 modo
2403 1529 2620 1583 exsulet
2650 1528 2871 1581 vitium.
2905 1526 3000 1582 Sic
3040 1537 3313 1597 respuunt
3350 1528 3560 1581 alienas
3597 1527 3823 1595 nuptias
3846 1567 3860 1589 ,
3893 1528 3937 1579 si
3966 1526 4035 1579 ad

779 1617 875 1667 has
912 1613 1192 1665 ducantur
1228 1614 1365 1666 vitio
1406 1614 1855 1676 incontinentiae;
1894 1615 1975 1666 sic
2017 1615 2229 1667 nullum
2270 1616 2531 1683 rejiciunt
2566 1616 2786 1680 cibum,
2823 1616 2931 1669 nisi
2969 1616 3064 1684 qui
3104 1616 3543 1685 intemperantia:
3579 1615 3912 1677 ancillatur;
3955 1614 4038 1667 sit:

778 1700 992 1752 nulluut
1034 1714 1177 1767 opus
1216 1700 1393 1751 vitant
1434 1701 1487 1751 in
1528 1701 1794 1758 Sabbato,
1836 1700 1942 1770 nisi
1983 1700 2128 1767 quod
2174 1702 2489 1770 impellente
2529 1704 2760 1756 avaritia
2802 1704 3127 1771 suscipitur.
3167 1702 3515 1771 Quapropter
3550 1702 3731 1771 inquit
3770 1699 3981 1753 Paulus
4035 1716 4050 1751 :

782 1808 798 1837 ι
840 1786 975 1839 Mori
1016 1803 1117 1839 nos
1152 1796 1367 1856 Oportet
1401 1786 1503 1855 legi
1529 1826 1542 1843 .
1578 1802 1679 1839 nec
1713 1787 1825 1838 ullo
1858 1789 2022 1838 modo
2056 1790 2252 1841 reverti
2287 1789 2353 1841 ad
2383 1790 2592 1851 vitam,
2629 1806 2794 1859 quam
2831 1790 2917 1844 lex
2952 1791 3270 1859 pollicetur,
3303 1798 3560 1858 putantes
3596 1803 3699 1843 nos
3730 1804 3827 1855 per
3858 1788 4034 1855 legem

771 1874 1224 1941 justilicatiouem
1261 1872 1585 1942 adipisci".
1623 1892 1640 1923 ι
1674 1870 1907 1937 Quidam
1942 1882 2275 1941 prmsentem
2309 1876 2489 1928 loctnn
2523 1878 2604 1931 sic
2634 1885 2918 1945 exponunt
2950 1897 2962 1931 :
2997 1877 3157 1937 Eum,
3187 1877 3349 1945 cujus
3381 1891 3587 1946 corpus
3618 1885 3792 1929 totum
3828 1876 4038 1927 invasit

775 1962 944 2027 lepra.
979 1960 1063 2011 lev
1101 1959 1367 2011 mundum
1408 1960 1614 2020 sancit,
1649 1969 1709 2011 ut
1745 1959 2005 2012 ostendat
2048 1960 2215 2014 Deum
2254 1962 2442 2017 odisse
2475 1964 2625 2016 varia
2666 1964 2885 2032 ingenia
2923 1970 2977 2018 et
3013 1962 3271 2017 subdola.
3308 1962 3451 2017 Idem
3490 1962 3804 2017 evidentius
3844 1962 3897 2013 in
3944 1976 4037 2014 se-

773 2048 1077 2114 quentibus
1116 2050 1317 2115 aperit,
1356 2048 1483 2099 dum
1528 2049 1761 2116 imperat
1801 2066 1813 2099 :
1856 2066 1873 2097 ι
1911 2046 2135 2101 Vineam
2178 2059 2324 2101 tuam
2361 2065 2471 2103 non
2510 2065 2773 2103 conscres
2812 2051 3021 2103 diversi
3067 2050 3286 2119 generis
3324 2049 3719 2103 seminibus".
3762 2068 3780 2099 ι
3823 2047 3889 2100 Ει
3928 2048 4037 2101 ite-

774 2151 892 2186 rum
926 2153 937 2186 :
974 2153 990 2183 ι
1020 2133 1206 2187 Vestis
1240 2152 1305 2187 ex
1343 2136 1551 2203 duplici
1589 2136 1819 2187 materia
1852 2145 2172 2189 contextum
2205 2139 2277 2189 sit
2310 2138 2766 2191 adulterinum".
2804 2157 2821 2187 ι
2860 2136 2925 2190 Et
2958 2138 3157 2191 iterum
3196 2156 3208 2191 :
3248 2154 3268 2187 ‹
3305 2135 3424 2189 Non
3459 2136 3827 2191 admissuram
3860 2134 4036 2189 facies

772 2237 1033 2290 pecorum
1068 2234 1288 2275 tuorum
1314 2265 1327 2286 ,
1361 2223 1711 2277 admittendo
1742 2239 1806 2277 ea
1841 2224 1906 2277 ad
1942 2218 2380 2293 pecoradiversi
2412 2227 2629 2295 generis
2653 2227 2719 2280 ⁷³.
2756 2245 2775 2277 ‹
2816 2224 2956 2281 Ecce
2988 2226 3196 2294 ubique
3232 2224 3375 2279 Deus
3405 2225 3667 2277 laudibus
3697 2222 3855 2278 cll‘ert
3887 2225 4030 2277 sim-

772 2312 1098 2376 plicitatem.
1130 2308 1363 2375 Quidam
1400 2311 1556 2363 aiunt
1592 2310 1787 2373 illum,
1820 2327 1981 2381 quem
2016 2313 2168 2378 lepra
2202 2320 2379 2366 totum
2408 2313 2801 2380 conspurcavit
2824 2353 2837 2373 ,
2872 2328 2938 2367 ex
2972 2327 3121 2365 mera
3152 2312 3498 2380 benignitate
3534 2310 3718 2364 divina
3752 2311 4022 2364 mundum

772 2397 1145 2466 piounntiari,
1176 2405 1233 2448 ut
1265 2396 1380 2465 qui,
1412 2406 1683 2464 quantum
1719 2398 1772 2450 in
1809 2414 1869 2453 se
1900 2406 2006 2459 est,
2036 2399 2244 2452 nullam
2280 2414 2433 2467 spem
2467 2399 2665 2454 salutis
2699 2400 2998 2468 concipiat.
3027 2399 3104 2453 Ne
3135 2400 3306 2469 igitur
3336 2405 3609 2467 perpetuo
3640 2399 3709 2450 ab
3741 2398 4031 2452 hominum

771 2487 1061 2537 tousortio
1090 2492 1414 2552 segregatus
1444 2486 1611 2537 vitam
1644 2500 1805 2553 agere
1835 2496 2093 2553 cogatur,
2122 2486 2437 2552 benignitas
2461 2488 2646 2541 divina
2674 2487 2724 2541 ei
2759 2489 3057 2556 puritatem
3088 2486 3281 2539 donat.
3313 2484 3427 2538 lloc
3454 2501 3678 2553 quoque
3710 2492 3839 2555 typo
3866 2487 4031 2539 docet

768 2576 947 2634 viros,
984 2575 1072 2639 qui
1107 2572 1489 2641 {ligyptiaeam
1526 2572 1741 2625 vivendi
1780 2574 2053 2627 rationem
2091 2574 2488 2639 sequebantur,
2519 2583 2579 2626 ttt
2612 2582 2774 2627 caute
2807 2574 3091 2627 ambulent
3124 2574 3527 2640 modestiaque
3562 2574 3676 2627 sint
3710 2588 3982 2628 memores
4018 2592 4032 2627 :

769 2679 835 2714 ιιι·
879 2678 934 2712 +0.
972 2662 1206 2713 ell'eraut
1245 2660 1316 2712 ob
1349 2660 1604 2725 corporis
1637 2660 1718 2711 vel
1758 2662 2229 2728 pulchritudinem
2263 2663 2345 2712 vel
2383 2662 2571 2716 robur.
2607 2662 2822 2714 Addicti
2861 2671 2993 2715 sunt
3026 2664 3124 2713 toti
3166 2661 3311 2725 Deo,
3346 2662 3563 2731 hocque
3596 2662 3930 2729 glorientur,
3968 2677 4039 2716 nc

768 2750 1013 2802 incidant
1055 2749 1106 2799 iu
1144 2749 1383 2815 aliquam
1419 2746 1815 2810 calamitatem,
1846 2755 1902 2800 et
1934 2748 2336 2800 abominabiles
2367 2750 2621 2802 evadant.
2658 2748 2929 2801 Prmlcrea
2966 2758 3024 2801 ut
3057 2749 3379 2802 abstineant
3409 2748 3478 2802 ab
3511 2748 3758 2811 luxuria,
3793 2746 4039 2817 fugiant-

767 2852 876 2905 que
905 2836 1242 2902 voluptates.
1279 2834 1402 2886 Ilaec
1435 2834 1584 2885 enim
1619 2833 1731 2886 dtto
1767 2834 1908 2886 mala
1948 2835 2275 2902 plerumque
2310 2836 2513 2902 lepram
2552 2849 2819 2904 generare
2855 2844 3287 2889 consueverunt.

842 2924 905 2976 Et
939 2940 1090 2984 caro,
1123 2924 1169 2974 si
1197 2924 1341 2991 facta
1374 2921 1535 2988 fuerit
1568 2923 1619 2972 in
1652 2932 1770 2973 cule
1799 2921 1913 2988 cjus
1946 2921 2116 2982 ulcus,
2136 2928 2243 2974 etc.
2264 2920 2427 2992 [Xlll,
2457 2922 2767 2993 18.]Tertia
2792 2923 3177 2990 poniturnunc
3202 2923 3284 2976 lex
3303 2923 3370 2975 de
3392 2922 3563 2991 lepra,
3583 2921 3793 2976 scilicet
3814 2921 4040 2989 quando

766 3013 925 3065 ulcus
958 3020 1213 3065 sanatum
1250 3008 1439 3068 fuerit.
1472 3018 1528 3062 et
1564 3009 1616 3061 iu
1656 3010 1796 3071 loco,
1828 3024 1990 3077 quem
2027 3009 2185 3061 ulcus
2219 3018 2499 3073 tenuerat,
2530 3012 2759 3065 cicatrix
2790 3012 2913 3065 alba
2946 3019 3166 3079 reperta
3202 3010 3390 3064 fuerit.
3418 3010 3491 3065 Ut
3520 3011 3669 3062 enim
3701 3010 3754 3062 in
3788 3024 4032 3078 corpore

767 3102 1018 3168 plurimm
1059 3098 1410 3166 reperiuntur
1441 3112 1623 3151 causm
1662 3097 2004 3157 morborum,
2043 3097 2125 3151 sic
2160 3106 2214 3151 et
2254 3097 2310 3149 in
2346 3098 2528 3151 anima
2566 3097 3057 3165 deprehenduntur
3090 3098 3343 3167 plurimm
3377 3097 3639 3150 vitiorum
3680 3097 4037 3151 occasiones.

767 3189 870 3243 libi
909 3188 1135 3240 vulnera
1170 3185 1586 3249 convaluerint,
1618 3184 1849 3239 cicatrix
1883 3186 2207 3254 plerumque
2243 3186 2580 3255 conspicitur
2608 3186 2728 3239 alba
2758 3193 2811 3239 et
2843 3186 3059 3253 leprosa
3096 3202 3108 3237 :
3141 3194 3235 3238 attt
3266 3182 3388 3236 rufa
3410 3226 3424 3249 ,
3455 3199 3578 3253 qua:
3610 3182 3945 3250 inﬂammat,
3978 3194 4040 3240 et

767 3278 1036 3330 humilior
1062 3283 1147 3329 est
1180 3275 1385 3342 reliqua
1417 3274 1669 3343 corporis
1698 3273 2023 3343 superficie,
2052 3280 2107 3327 et
2138 3273 2369 3343 proinde
2400 3273 2746 3327 humiliorem
2778 3272 2941 3327 cllicit
2967 3279 3023 3326 et
3051 3271 3315 3325 animam.

840 3384 1151 3437 Incendium
1193 3382 1352 3451 ignis.
1393 3389 1503 3435 etc.
1546 3379 1685 3453 [9.7L]
1721 3379 2000 3435 Fortassis
2040 3380 2347 3434 inllamma-
2379 3364 2426 3420 Α
2522 3387 2532 3436 l

2379 3364 2426 3420 Α
2522 3382 2885 3450 Κατάκαυμα
2910 3382 3119 3447 πυρός.
3145 3381 3235 3449 Μή
3268 3396 3399 3432 ποτε
3427 3379 3766 3449 κατάκαυμὰ
3791 3380 3942 3431 ἐστιν
3980 3378 4040 3428 ὲν

765 3480 967 3531 tionem
1004 3485 1057 3529 et
1092 3474 1491 3528 intolerabilem
1528 3481 1723 3526 mstum
1762 3472 2068 3541 experitur,
2107 3471 2198 3540 qui
2240 3468 2344 3524 Sa-

765 3584 902 3622 tauze
934 3570 1098 3622 telum
1137 3568 1368 3636 ignitum
1407 3565 1635 3633 excipit.
1664 3562 1817 3618 Talis
1852 3579 2037 3617 amore
2071 3564 2346 3618 ardentis-

766 3678 789 3713 κ
820 3678 905 3711 mo
932 3659 1284 3728 prost‘quitttr
1307 3666 1399 3710 aut
1426 3671 1650 3707 uxorem
1681 3663 1777 3707 aut
1804 3654 1995 3707 tilium.
2017 3654 2177 3706 Amat
2201 3655 2345 3706 enim

762 3767 983 3804 t'.t|‘:lt‘:tt
1028 3758 1075 3803 et
1124 3750 1469 3818 sanguinem.
1510 3746 1769 3816 Ejusdem
1825 3747 2018 3801 farina:
2058 3754 2218 3809 sunt,
2255 3746 2348 3814 qui

764 3857 961 3895 insano
986 3841 1173 3911 gloria:
1197 3851 1248 3894 et
1275 3840 1523 3893 avaritia:
1546 3840 1899 3908 exagitantur
1922 3852 2132 3891 amore.
2153 3837 2348 3891 Anima

762 3936 906 3988 enim
942 3935 1025 3987 his
1058 3932 1351 3987 affectibus
1383 3932 1623 3985 obnoxia
1656 3930 1834 3984 ardet.
1868 3929 1926 3983 Si
1956 3944 2087 3984 vero
2119 3930 2349 3983 liberata

762 4024 927 4079 τηε-ιιι
955 4027 1137 4079 anima
1172 4025 1290 4080 istis
1319 4023 1501 4086 malis,
1530 4031 1584 4077 et
1614 4022 1932 4078 sanctitatis
1961 4023 2239 4092 particeps
2272 4020 2350 4074 fa-

763 4130 846 4171 rta
881 4120 1063 4175 fuerit.
1096 4133 1195 4171 nec
1224 4116 1525 4185 :cquavcrit
1553 4116 1735 4169 locum
1766 4125 1826 4168 ut
1856 4126 2140 4184 appareat,
2168 4114 2352 4182 qualis

763 4220 871 4261 rrnl
912 4218 1039 4262 ante
1070 4219 1321 4261 exortum
1353 4207 1475 4273 ejus
1502 4205 1619 4259 vitii
1658 4224 1670 4259 :
1707 4203 1955 4275 profecto
1986 4220 2112 4259 cum
2148 4205 2219 4257 sit
2252 4203 2352 4255 bu-

763 4302 942 4353 milior
973 4302 1108 4367 legis
1135 4300 1372 4364 ratione,
1402 4298 1609 4368 polluta
1640 4298 1907 4353 creditur.

2455 3475 2618 3527 παντὶ
2650 3474 2729 3543 τῷ
2755 3474 3033 3543 δεξαμένῳ
3060 3472 3215 3541 βέλος
3250 3472 3342 3523 τοῦ
3400 3471 3646 3543 Πονηροῦ
3700 3472 4044 3541 πεπυρωμέ-

2455 3584 2546 3620 νον
2576 3584 2590 3630 ;
2628 3567 2728 3636 ἐρᾷ
2760 3565 2869 3635 γὰρ
2894 3560 3053 3624 οὗτος
3086 3563 3292 3633 σαρκός
3318 3580 3378 3614 τε
3411 3564 3504 3615 καὶ
3537 3564 3792 3630 αἵματος,
3849 3578 4044 3628 γυναι-

2457 3658 2571 3721 κὸς,
2612 3657 2644 3726 ἢ
2684 3657 2891 3718 παιδός.
2926 3654 3174 3707 Τοιοῦτοι
3201 3656 3294 3707 καὶ
3328 3656 3376 3706 οἱ
3409 3654 3546 3723 πρδς
3575 3653 3735 3716 δόξαν
3778 3652 4047 3720 μαινόμε-

2457 3762 2537 3798 νοι
2564 3746 2661 3798 καὶ
2693 3744 2981 3816 ἀργύριον.
3015 3744 3176 3814 Ψυχὴ
3207 3743 3317 3814 γὰρ
3348 3742 3607 3813 ἐμπαθὴς
3643 3743 3735 3794 ἐπὶ
3776 3743 4045 3804 τοιούτοις

2459 3837 2721 3906 ὲκκᾲεται
2752 3852 2766 3865 ο
2804 3835 2909 3889 κᾶν
2965 3834 3346 3901 ἀπαλλαγεῖσα
3383 3833 3590 3886 τούτων
3624 3834 3879 3902 ὑγιαςθῇ,
3948 3834 4046 3885 καὶ

2461 3928 2535 3998 μὴ
2560 3928 2731 3991 οὓτως
2760 3927 2996 3999 ὁμαλίσῃ
3048 3927 3137 3979 τὸν
3177 3927 3344 3979 τόπον
3398 3925 3494 3978 τοῦ
3532 3924 3757 3987 πάθους,
3810 3925 3889 3985 ὡς
3937 3925 4048 3993 πρὸ

2456 4019 2552 4072 τοῦ
2592 4018 2800 4081 πάθους
2844 4016 3159 4086 ἐτύγχανεν,
3195 4015 3311 4068 ἀλλ’
3411 4014 3554 4068 κατὰ
3591 4013 3750 4066 τοῦτο
3786 4028 4047 4065 ταπεινο-

2459 4112 2613 4183 τέρα,
2651 4112 2823 4181 μιαρὰ
2849 4108 2927 4179 τῷ
2959 4110 3110 4179 νόμῳ
3129 4109 3297 4160 δοκεῖ.

838 4421 1051 4471 ,ιιυιιιιιίι
1085 4418 1360 4471 interdtnn
1397 4428 1457 4469 ιιι
1489 4416 1695 4477 anima,
1730 4416 1821 4469 ubi
1856 4414 2155 4481 perlectam
2191 4410 2464 4481 receperit
2496 4408 2814 4469 sanitatem,
2845 4414 2904 4460 ut
2940 4421 3050 4476 prze
3080 4403 3334 4459 socordia
3365 4403 3647 4458 relabatnr
3679 4402 3733 4455 in
3768 4399 3924 4456 vitia.
3962 4403 4025 4457 Si

765 4512 892 4561 iltia
933 4509 1125 4560 saltem
1162 4509 1379 4560 ratione
1414 4506 1809 4573 concipiuntur
1840 4519 1943 4557 nec
1972 4504 2025 4556 iu
2059 4502 2313 4557 eﬂ'ecttnu
2352 4497 2758 4570 producuntur,
2793 4495 2882 4548 illc
2917 4494 3081 4571 homo
3118 4508 3225 4545 non
3266 4491 3543 4559 rejieitur,
3573 4490 3829 4560 quamvis
3868 4504 4033 4557 sepa-

764 4612 931 4651 retur.
967 4598 1021 4649 Si
1058 4612 1187 4649 vero
1229 4605 1281 4651 et
1326 4596 1469 4648 mala
1509 4609 1675 4663 opera
1722 4594 1901 4647 facere
1942 4602 1997 4647 et
2035 4596 2251 4661 culpam
2288 4585 2619 4644 comtnercri
2657 4584 2978 4645 instituerit,
3015 4580 3356 4650 impuritatis
3390 4578 3661 4632 maculam
3700 4578 3805 4631 sibi
3841 4578 4041 4631 cunei-

764 4691 874 4738 liat.
916 4686 1109 4739 l-Zvrnit
1145 4685 1313 4753 igitur
1346 4682 1494 4752 quod
1530 4684 1733 4735 dicitur
1766 4701 1778 4735 :
1816 4699 1833 4731 ‹
1871 4681 2040 4735 Canis
2070 4681 2293 4733 rediens
2326 4678 2390 4730 ad
2424 4690 2584 4729 suum
2617 4672 2909 4725 vomitum.
2939 4668 3025 4731 Et,
3058 4669 3170 4721 Sus
3200 4668 3313 4721 lota
3345 4681 3567 4719 reversa
3602 4666 3655 4717 in
3687 4663 4047 4717 volutabrum

763 4776 903 4829 ιϋιιὶ
934 4774 1002 4827 ⁷⁸.
1046 4792 1065 4825 ο
1108 4772 1181 4825 De
1215 4772 1379 4844 tertia
1414 4771 1586 4837 igitur
1616 4770 1751 4840 lege,
1785 4784 1905 4837 qua:
1938 4768 2008 4821 ob
2040 4769 2249 4837 lepram
2286 4765 2484 4829 fertur,
2516 4764 2631 4816 lucc
2666 4760 2876 4814 dixisse
2908 4758 3050 4811 haud
3088 4758 3337 4826 ineptum
3368 4753 3584 4823 judico.

840 4904 897 4954 In
928 4902 1099 4970 capite
1128 4909 1177 4953 ct
1207 4901 1259 4952 in
1291 4899 1491 4959 barba,
1521 4908 1627 4952 etc.
1660 4897 1796 4970 [ρο]
1824 4898 1959 4953 Mihi
1990 4899 2213 4953 videtur
2240 4897 2343 4951 ltoc
2377 4889 2417 4943 Β

764 4998 886 5049 loco
932 4990 1351 5062 intelligendam
1400 5006 1523 5045 esse
1572 4991 1782 5061 lcpram
1825 4991 1991 5063 349
2035 4991 2257 5059 capitis,
2302 4990 2347 5043 si

764 5087 888 5154 quis
921 5086 1039 5139 loco
1066 5083 1297 5145 Christi,
1326 5083 1420 5153 qui
1455 5081 1718 5138 Ecclesia:
1744 5092 1911 5154 caput
1935 5091 2042 5146 est,
2072 5084 2348 5137 diversam

765 5188 1030 5247 sequatur
1055 5178 1394 5238 doctrinam,
1428 5176 1704 5246 eligatque
1734 5178 1840 5232 sibi
1873 5186 2036 5245 caput
2070 5178 2351 5246 leprosum

764 5279 816 5323 et
853 5271 1212 5324 itmuumlmu.
1249 5268 1520 5324 Prrcterea
1556 5269 1603 5325 si
1638 5271 1765 5338 quis
1804 5270 1857 5323 in
1890 5270 2101 5323 virilem
2138 5276 2356 5324 :etatem

766 5375 1150 5435 transgressus
1178 5372 1229 5418 et
1257 5365 1465 5419 relictis
1494 5364 1749 5425 nucibus,
1776 5364 1922 5434 quod
1952 5364 2126 5424 aiunt,
2156 5363 2354 5415 iterum

768 5460 1076 5527 delinquat.
1110 5458 1246 5512 Cum
1289 5458 1391 5511 hoc
1431 5468 1717 5525 peccatum
1756 5473 1783 5509 a
1822 5459 1942 5511 viro
1978 5458 2051 5510 sit
2087 5454 2355 5509 commis-

772 5568 891 5605 attttl
914 5592 927 5615 ,
963 5552 1285 5622 intelligitur
1313 5559 1461 5605 recte
1495 5552 1541 5603 is
1571 5550 1654 5602 vir
1685 5551 1831 5617 lepra
1868 5550 2067 5603 habere
2097 5548 2353 5602 infectant

1403 5728 1447 5757 "'
1489 5726 1526 5780 ll
1559 5728 1684 5781 Cor.
1721 5744 1774 5782 v.
1813 5727 1894 5779 15.

1324 5800 1364 5827 ⁷⁸
1412 5798 1539 5851 l.ev.
1580 5814 1693 5860 xix,
1733 5799 1817 5851 ill.

851 5730 892 5756 "‘
938 5727 1091 5780 iittttt.
1125 5744 1200 5787 γι.
1238 5727 1320 5781 Η.

773 5798 818 5829 τυ
858 5797 1029 5850 Galat.
1069 5816 1127 5864 tt,
1165 5802 1245 5851 Η).
1324 5800 1364 5827 ⁷¹
1412 5798 1539 5851 l.cv.
1580 5814 1693 5860 xix,
1733 5799 1817 5851 ill.
1900 5800 1943 5827 "’
1987 5798 2121 5851 ibid.

1974 5729 2016 5759 "
2060 5726 2073 5779 l
2110 5725 2257 5781 Pctr.
2291 5742 2351 5786 lt,
2382 5727 2475 5783 ⁸24.

2199 5798 2245 5828 ⁷³
2287 5798 2419 5853 ibid.

2531 4901 2626 4951 ’ἰίν
2660 4896 2734 4965 τῇ
2762 4912 2913 4964 vespa
2936 4893 2999 4961 ἰεῙ
3042 4893 3075 4959 ἦ
3108 4893 3175 4944 ἐν
3214 4891 3293 4955 τῷ
3316 4891 3574 4957 πώγωνι,
3622 4888 3765 4956 Ὅρα
3799 4889 3845 4938 εἰ
3877 4887 4049 4939 δύνα-

2450 5009 2540 5045 ται
2573 4990 2751 5059 λέπρα
2798 4990 2895 5057 μὲν
2941 4984 3318 5055 λαμϐάνεσθαι
3358 4982 3623 5051 κεφαλῆς,
3652 4982 3741 5033 ὅτε
3778 4979 3899 5031 ἀντὶ
3952 4982 4053 5033 τοῦ

2454 5084 2599 5153 ἔχειν
2634 5081 2875 5149 κεφαλὴν
2916 5076 3169 5146 Χριστὸν,
3201 5076 3359 5129 ἄλλον
3383 5074 3504 5126 τινά
3527 5090 3608 5132 τις
3631 5073 3788 5139 λόγον
3817 5072 4055 5141 ἐπιγρὰ-

2458 5192 2629 5245 φηται
2661 5174 2905 5242 κεφαλὴν
2952 5172 3156 5241 λεπρὸν
3186 5172 3280 5222 καὶ
3313 5167 3650 5233 ἀκάθαρτον.
3731 5164 3895 5217 Ἀλλὰ
3953 5165 4055 5216 καὶ

2458 5270 2555 5320 ἐὰν
2583 5266 2681 5336 ἤδη
2717 5282 2800 5328 τις
2828 5264 3119 5333 γενόμενος
3149 5261 3309 5332 ἀνὴρ,
3341 5262 3436 5313 καὶ
3478 5259 3653 5311 δοκῶν
3696 5257 4053 5325 κατηργηκὲοι

2463 5375 2553 5411 ναι
2578 5358 2644 5409 τὰ
2666 5356 2759 5409 τοῦ
2792 5356 3011 5425 νηπίου,
3050 5356 3366 5425 ἁμαρτάνῃ,
3423 5351 3497 5423 μὴ
3554 5352 3630 5413 ὡς
3672 5351 3887 5419 νήπιος,
3934 5348 4056 5400 ἀλλ’

2462 5451 2740 5521 ἁμαρτίαν
2768 5451 2983 5520 ἀνδρὸς,
3006 5451 3147 5519 τάχα
3184 5450 3297 5519 ἔχει
3329 5449 3539 5513 ὶὲπραν
3564 5447 3657 5497 ἐπὶ
3714 5441 3807 5494 τοῦ
3849 5441 4056 5509 πώγω-

2460 5560 2571 5608 νος.
2610 5544 2719 5595 Καὶ
2742 5543 2879 5613 γυνὴ
2908 5543 2985 5607 δὲ,
3020 5541 3221 5613 deith
3257 5542 3331 5611 μὴ
3364 5536 3631 5609 προετικὴ
3662 5536 3761 5605 μὲν
3819 5533 4061 5599 λογικῶν

2590 5724 2632 5752 θ’
2673 5723 2687 5774 1
2742 5720 2869 5774 Cor.
2899 5738 2952 5779 ν,
2984 5720 3051 5786 6;
3082 5720 3259 5773 Halat.
3292 5736 3343 5779 γ,
3375 5722 3428 5773 9.
3545 5718 3589 5748 θ’
3631 5716 3821 5771 Matth.
3854 5733 3927 5779 Ix,
3966 5718 4053 5772 I7.

2498 5798 2540 5829 7‘
2583 5796 2620 5849 Il
2660 5794 2803 5847 l’rtr.
2836 5808 2895 5853 tt.
2926 5793 3016 5845 2'2.
