4286 6444
280 407 385 469 73⁸7
1312 396 1846 461 COMMENTARII
1883 393 1959 452 IN

1883 393 1959 452 IN
2006 393 2422 453 LEVITICUM
3434 394 3542 457 738

280 522 643 592 σπερμάτων,
688 523 915 593 δεκτικὴ
949 523 1032 584 δὲ,
1063 521 1177 590 ἔχοι
1204 520 1271 573 ἄν
1297 535 1429 571 ποτε
1453 518 1545 569 ἐπὶ
1582 515 1680 567 τοῦ
1712 520 1928 581 προσ-Α
1958 510 1972 561 l

1847 520 1928 572 l-A
1958 510 2203 561 barbam.
2235 509 2297 561 Et
2329 512 2547 571 mulier,
2579 510 2629 563 id
2663 518 2777 573 est,
2806 510 2986 561 anima
3006 548 3021 571 ,
3050 522 3172 576 quae
3200 520 3307 559 non
3339 508 3539 558 amittit

276 613 433 666 ὡπου
468 616 562 667 καὶ
589 613 685 666 τοῦ
716 616 775 667 ἐν
800 616 937 685 αὐτῇ
962 613 1249 680 πώγωνος,
1277 612 1415 675 ὅπερ
1450 608 1593 670 ἰδίως
1623 605 1773 676 παρὰ
1791 604 1860 655 τὰ
1960 615 1968 651 1

1848 621 1860 655 ι
1960 600 2193 653 rationis
2229 616 2369 652 vera:
2403 603 2734 663 dictamina,
2773 602 2864 654 Sed
2902 615 2964 653 ea
3002 600 3228 652 ﬁrmiter
3259 607 3407 652 tenet
3442 615 3455 649 :
3486 607 3540 651 ct

278 706 525 773 πρότερα
559 706 653 758 καὶ
680 705 939 775 Ope-tuopte.
963 703 1248 774 ὠνόμασεν
1274 704 1301 755 ὀ
1322 701 1504 770 νόμος.
1964 692 1970 745 Ῑ

1964 692 2162 746 habeat
2200 692 2452 748 fortnas-is
2490 696 2541 747 in
2572 697 2724 747 vultu
2758 697 2839 749 vel
2881 695 3045 747 barba
3083 694 3158 750 id.
3188 695 3334 763 quod
3357 712 3539 764 pecn—

1965 781 2087 834 liari
2122 784 2284 835 modo
2313 793 2367 836 et
2396 785 2617 854 proprie
2646 787 2728 838 lex
2766 786 3070 837 nominavit
3098 786 3423 838 fractimiem
3458 788 3536 838 vel

1963 874 2504 940 eonqnassationem.

351 979 653 1045 Cancrum,
687 996 811 1051 quae
842 979 1109 1034 hactenus
1140 978 1419 1039 dedimus,
1442 986 1497 1031 et
1529 977 1584 1030 in
1614 976 1763 1029 hunc
1792 978 2015 1032 modum
2063 982 2311 1035 enarrari
2337 992 2548 1049 queunt
2587 998 2600 1033 :
2644 981 2850 1050 Duplex
2879 981 2931 1034 in
2967 981 3126 1034 nohis
3193 982 3543 1035 contrahitur

276 1069 607 1135 impuritas,
642 1069 817 1122 altera
845 1069 1023 1131 carni,
1056 1069 1227 1121 altera
1263 1066 1535 1119 incumbit
1566 1064 1812 1133 spiritui.
1850 1065 2081 1119 Carnem
2110 1078 2481 1135 conspureant
2516 1070 2762 1122 enormia
2787 1078 2840 1122 et
2882 1069 3049 1135 impia
3080 1069 3310 1122 scelera.
3346 1068 3538 1118 Anima

280 1153 549 1215 findatur,
583 1153 629 1207 si
666 1154 791 1221 quis
856 1152 1077 1206 recedat
1102 1167 1130 1203 a
1164 1152 1344 1204 sacris
1404 1150 1756 1220 dogmatibus
1782 1159 1836 1205 et
1870 1168 2004 1206 sana
2054 1154 2178 1209 ﬁde.
2207 1156 2466 1208 Animum
2505 1164 2769 1223 praeterea
2806 1156 3059 1223 polluunt
3126 1153 3369 1214 ftatttles,
3402 1155 3530 1212 doli,

281 1240 553 1309 pet-juris,
584 1240 1023 1305 susurrationes,
1060 1238 1394 1303 inﬂationes,
1432 1239 1820 1293 contentiones
1848 1250 1901 1294 et
1931 1244 2335 1309 mniulationes,
2375 1253 2429 1298 ct
2459 1247 2672 1315 reliqua
2726 1245 2893 1313 hujus
2940 1245 3136 1299 fariu-«e
3186 1246 3321 1297 vitta
3381 1243 3540 1296 Nune

279 1341 418 1377 vero
466 1328 551 1378 lex
605 1327 802 1379 animae
842 1326 977 1379 vitia
1007 1340 1272 1379 enarrare
1334 1324 1597 1379 instituit.
1646 1326 1714 1377 At
1746 1326 1944 1378 mentis
1971 1333 2134 1395 typus
2158 1337 2241 1380 est
2281 1336 2453 1395 caput
2486 1346 2497 1380 :
2525 1330 2920 1396 cogitationem
2976 1330 3177 1381 mentis
3234 1326 3538 1394 perfectam

280 1415 509 1467 denotat
539 1414 731 1467 barba.
784 1412 917 1466 Nam
951 1413 1307 1482 perfectionis
1328 1412 1548 1480 signum
1588 1412 1908 1481 perhibetur
1937 1411 2128 1464 barba.
2161 1409 2364 1464 Verum
2402 1422 2456 1465 et
2487 1412 2678 1465 istlnec
2707 1412 2914 1465 habent
2950 1414 3251 1481 quamdam
3281 1414 3539 1479 specula-

280 1502 493 1552 tionem
546 1500 904 1568 peculiarem.
949 1498 1085 1552 Nam
1118 1515 1292 1558 mens,
1326 1498 1429 1553 etsi
1489 1498 1740 1551 nonnihil
1807 1496 2122 1567 implicatur
2154 1498 2413 1551 vitiorum
2457 1499 2743 1552 doloribus
2778 1501 3097 1568 primulutn,
3132 1510 3184 1551 et
3217 1511 3393 1551 tamen
3431 1516 3537 1551 non

281 1601 518 1656 prorsus
552 1587 605 1639 in
642 1586 769 1639 vitia
818 1586 1145 1655 prolabitur,
1175 1585 1269 1640 sed
1305 1584 1576 1638 modestis
1612 1585 2132 1652 reprehensionibus
2156 1585 2350 1639 educta
2395 1600 2421 1636 a
2455 1586 2608 1639 vitiis
2643 1588 2872 1647 recedit,
2903 1598 2955 1638 et
2982 1588 3138 1655 quasi
3192 1595 3478 1652 separatur
3519 1603 3534 1639 :

279 1691 367 1732 ea,
401 1674 653 1741 inquam,
691 1674 873 1727 anima
907 1689 1016 1727 non
1040 1681 1300 1727 censetur
1335 1688 1430 1741 per
1454 1671 1641 1725 omnia
1666 1671 1999 1740 impuritatis
2029 1672 2234 1723 crimen
2268 1670 2594 1734 incurrisse,
2635 1687 2735 1723 nec
2768 1687 2995 1739 prorsus
3032 1674 3305 1722 alienatur
3339 1691 3365 1721 a
3410 1671 3538 1725 Deo.

284 1782 302 1811 ι
329 1759 434 1815 Ubi
468 1761 663 1814 laverit
690 1761 1016 1813 vestimenta
1041 1775 1164 1821 sua,
1198 1759 1592 1821 mundus‘erit,
1622 1777 1640 1810 ι
1697 1759 1884 1823 idest,
1917 1758 2151 1827 accipiet
2174 1766 2225 1811 et
2258 1762 2461 1812 sentiet
2496 1760 2822 1813 auxiliaretn
2846 1762 3332 1827 justtlieatiouem,
3366 1778 3535 1829 quam

278 1849 541 1903 Christus
569 1850 788 1902 mortali
819 1849 1005 1917 generi
1040 1848 1351 1916 itnpartitus
1384 1855 1490 1901 est.
1526 1844 1681 1910 Quod
1731 1860 1859 1898 vero
1916 1847 2080 1898 etiam
2110 1847 2207 1914 pili
2230 1848 2546 1906 nudantur,
2581 1848 3041 1915 signiﬁcationem
3107 1849 3273 1901 habet
3335 1852 3541 1902 nudam

277 1950 597 1990 creaturam
626 1950 771 1999 esse,
805 1950 970 2004 quam
1016 1950 1123 1988 non
1173 1935 1353 1987 videat
1386 1942 1440 1986 et
1475 1940 1773 2001 cegnoscat
1839 1930 2000 1985 Deus.
2062 1930 2256 1986 Omnia
2311 1934 2586 2001 siquidem
2621 1942 2754 1988 sunt
2786 1934 3081 1987 manifesta
3120 1944 3174 1986 et
3205 1939 3529 2002 resupinata

276 2026 462 2075 oculis
498 2022 738 2075 Domini.
779 2020 917 2075 lline
952 2022 1153 2075 alicubi
1205 2021 1277 2073 ita
1312 2022 1592 2090 prol‘atur:
1631 2036 1648 2069 ι
1672 2018 1813 2073 Deus
1844 2020 2304 2089 appmpinquaus
2328 2036 2427 2091 ego
2451 2037 2597 2084 sum,
2626 2021 2759 2074 dicit
2796 2023 3087 2082 Dominus,
3112 2031 3165 2073 et
3195 2040 3303 2074 non
3340 2022 3482 2077 Deus
3510 2041 3537 2075 a

279 2112 677 2179 longinquo".
706 2130 725 2162 ι
771 2111 911 2164 Num
947 2124 1030 2163 me
1050 2109 1320 2164 celabitur
1347 2106 1594 2175 aliquid?
2218 2158 2223 2161 ι

356 2198 593 2251 Macqu
610 2199 746 2251 alba:
765 2196 1127 2257 caudicantes,
1152 2206 1259 2249 etc.
1277 2193 1569 2266 [Xlll,59.]
1590 2192 1643 2246 Si
1663 2209 1787 2261 quis
1811 2207 1922 2247 rem
1954 2192 2242 2261 diligenter
2268 2194 2545 2263 exquirat,
2574 2194 2819 2248 inveniat
2843 2195 3002 2248 istam
3023 2198 3209 2249 carnis
3235 2198 3542 2251 albetlinem

277 2304 405 2342 eSse
436 2287 733 2356 quamdam
766 2288 1016 2353 corporis
1052 2284 1394 2337 affectionem
1434 2285 1595 2346 lepra:
1625 2282 1882 2334 vicinam.
1920 2280 2121 2335 Verum
2172 2283 2287 2335 haec
2348 2283 2547 2335 albedo
2598 2284 2875 2351 siguilicat
2921 2285 3008 2335 illa
3066 2285 3210 2336 anim
3233 2303 3261 2335 ιε
3316 2287 3541 2344 ticlit‘ta,

278 2376 489 2442 quibus
516 2374 699 2425 anima
721 2389 828 2425 non
871 2372 1150 2425 lethalitcr
1186 2370 1598 2425 consauciatur.
1630 2368 1702 2421 De
1733 2368 1818 2422 his
1845 2368 2111 2438 scriptum
2144 2378 2225 2422 est
2262 2387 2274 2423 :
2317 2386 2335 2418 ι
2363 2368 2566 2422 Delicta
2621 2370 2744 2436 quis
2806 2374 3173 2448 c0gn05m:t_"
3200 2373 3221 2424 ?
3250 2392 3264 2421 ι
3302 2374 3547 2439 Inlelligc

281 2464 454 2531 igitur
485 2462 589 2515 sub
624 2462 723 2513 hac
776 2461 969 2512 vocula
1023 2459 1276 2523 allectus,
1304 2460 1397 2526 qui
1430 2473 1525 2525 per
1557 2473 1615 2510 se
1649 2471 1750 2509 nec
1784 2465 2010 2509 mortem
2044 2470 2143 2507 nec
2188 2456 2385 2508 anima:
2420 2456 2702 2509 interitum
2741 2466 3061 2523 procurant.
3116 2458 3315 2521 Verum
3365 2461 3537 2525 judex

280 2566 393 2602 non
426 2547 733 2603 secundum
766 2547 908 2616 juris
943 2548 1179 2615 rigorem
1220 2546 1301 2599 vel
1325 2546 1520 2598 stricto
1546 2544 1671 2612 jure
1701 2546 1883 2595 omnia
1909 2544 2247 2609 exsequitur.
2284 2544 2505 2612 Aliquid
2532 2557 2735 2597 nostra:
2763 2546 2954 2598 tribuit
2985 2547 3158 2599 imber:
3186 2549 3365 2600 liitati.
3402 2550 3541 2614 Quia

282 2638 583 2705 ipsenovit
619 2649 867 2689 nostrum
922 2634 1263 2703 ﬁgmentum.
1310 2630 1428 2685 Huc
1491 2632 1614 2684 addi
1676 2638 1855 2701 potest
1916 2640 1969 2683 et
2012 2630 2145 2682 illud
2218 2630 2519 2698 Scriptura:
2583 2634 2931 2700 proloquium
2969 2652 2981 2685 :
3024 2652 3039 2682 t
3070 2636 3123 2687 Si
3152 2637 3539 2689 oltsetvavet'is

280 2726 510 2785 delicta,
535 2716 659 2791 quis
691 2719 1132 2775 sustinebit"?r
1170 2719 1369 2771 Verum
1400 2728 1456 2770 ut
1479 2720 1624 2772 scias
1658 2729 1849 2771 exacte
1885 2733 2133 2786 quzenam
2165 2718 2273 2771 sint
2308 2719 2409 2770 illa:
2462 2720 3107 2780 cantlicautes'tnacnlm,
3137 2726 3276 2773 scito
3324 2726 3543 2776 illarum

283 2826 523 2865 numero
557 2811 851 2871 contineri,
882 2810 1233 2861 vehementes
1266 2806 1504 2874 impetus
1567 2805 1736 2858 animi
1795 2807 1945 2859 brevi
2005 2815 2248 2873 tempore
2301 2818 2723 2868 evanescentes,
2758 2823 2857 2861 nec
2914 2825 3021 2860 non
3050 2810 3447 2876 proclivitatem
3478 2814 3545 2867 atl

282 2900 660 2954 irascendum.
696 2898 811 2950 llue
840 2898 1149 2966 applicetur
1188 2895 1615 2963 pusillanitnitas
1668 2909 1799 2963 erga
1850 2892 2073 2956 fratres,
2126 2894 2398 2963 cupiditas
2461 2911 2614 2949 vanae
2651 2896 2917 2965 gloriohe,
2953 2908 3006 2950 et
3040 2902 3248 2968 reliqua
3287 2902 3373 2953 his
3403 2902 3545 2954 haud

283 2987 591 3042 absitnilia.

359 3094 423 3149 Si
456 3100 615 3160 caput
644 3092 877 3161 alicujus
913 3092 1149 3145 calvities
1182 3090 1463 3154 obsederit,
1497 3103 1604 3145 etc.
1640 3089 1779 3161 μαι
1810 3088 2090 3144 Postrema
2126 3090 2274 3159 lepra
2331 3104 2794 3146 commemoratur
2832 3109 2955 3162 quae
2986 3094 3037 3147 in
3084 3095 3307 3150 calvitio
3337 3098 3421 3151 vel
3457 3114 3550 3152 sn-

285 3183 533 3253 perciliis
559 3189 831 3233 moratur.
862 3179 924 3232 Et
954 3194 1089 3234 sane
1122 3179 1340 3233 videtur
1368 3179 1671 3233 verisimile
1696 3178 1871 3239 illum,
1902 3177 1993 3243 qui
2024 3177 2164 3245 pilos
2192 3176 2508 3243 deposuerit
2534 3180 2687 3248 (sunt
2710 3181 2857 3234 enim
2882 3195 2971 3234 res
2992 3183 3242 3250 quaedam
3284 3187 3548 3256 mortue)

286 3270 508 3324 censeri
543 3284 766 3335 purum,
797 3267 899 3321 nisi
940 3265 1197 3323 fortassis
1224 3266 1375 3336 lepra
1401 3266 1731 3335 contingens
1770 3272 2028 3322 tuentem,
2061 3264 2222 3331 cujus
2254 3271 2415 3334 typus
2463 3268 2783 3333 perhibetur
2812 3277 2996 3336 caput,
3036 3269 3335 3325 tttztttifcsto
3389 3274 3552 3328 elﬁo-

290 3363 489 3413 ruerit.
534 3356 644 3412 Sed
698 3357 900 3412 iterum
935 3371 1163 3410 cernere
1204 3367 1308 3419 est,
1365 3364 1572 3425 quanta
1642 3353 1975 3422 benignitate
2014 3352 2152 3407 Deus
2204 3369 2303 3406 nos
2366 3354 2558 3408 liberet
2588 3357 2832 3422 peccatis
2866 3358 3179 3412 inconsulto
3203 3364 3548 3417 commissis.

288 3446 430 3501 Nam
456 3458 516 3501 ut
539 3447 666 3515 quis
687 3446 848 3514 degat
876 3460 1107 3511 prorsus
1137 3460 1164 3497 a
1192 3443 1405 3514 peccati
1431 3444 1594 3498 sorde
1622 3442 1903 3504 immunis,
1927 3455 2035 3495 non
2075 3440 2238 3495 fuerit
2275 3444 2560 3511 praesentis
2582 3444 2675 3498 sed
2705 3443 2875 3499 futuri
2903 3448 3115 3511 seculi,
3148 3450 3372 3517 quando
3410 3467 3541 3519 pee-

290 3544 481 3587 catnm
515 3547 748 3601 prorsus
780 3532 1113 3585 abolebitur.
1141 3531 1370 3599 Lepram
1400 3539 1582 3584 autem
1620 3528 1823 3596 capitis
1850 3528 2121 3581 arbitrare
2163 3544 2362 3595 parvos
2415 3529 2674 3592 allectus,
2711 3533 2808 3599 qui
2852 3535 3090 3587 crimina
3137 3538 3424 3603 capitalia,
3456 3541 3555 3591 nisi

292 3622 679 3684 iuhibeantor,
713 3634 905 3687 parere
935 3634 1292 3674 consuevere.
1357 3618 1450 3672 Sic
1481 3620 1537 3672 in
1576 3632 1802 3678 nervum
1836 3616 1998 3669 etiam
2031 3616 2271 3684 erumpit
2302 3618 2502 3685 saepius
2545 3632 2712 3685 parva
2752 3620 2857 3684 ira,
2898 3622 2944 3676 si
2981 3638 3089 3675 non
3127 3628 3558 3681 mansuetudine

294 3710 658 3779 rvpi-iuratur,
686 3707 991 3762 secundum
1025 3707 1126 3760 hoc
1154 3706 1443 3761 oraculum
1469 3723 1482 3757 :
1518 3724 1537 3756 ι
1566 3703 1898 3767 lrascimini,
1934 3712 1987 3756 et
2020 3705 2189 3756 nolite
2219 3704 2529 3772 peccare".
2554 3724 2572 3757 ι

372 3819 441 3872 Et
477 3792 786 3872 vestimenta
802 3818 916 3885 ejus
946 3826 1101 3870 erunt
1124 3816 1354 3879 dissuta,
1385 3824 1435 3868 et
1464 3823 1619 3881 caput
1654 3812 1768 3882 ejus
1803 3812 2022 3875 nudum,
2046 3820 2094 3864 et
2124 3829 2180 3865 os
2211 3812 2326 3881 ejus
2356 3815 2557 3867 veletur
2595 3857 2609 3879 ,
2641 3801 2749 3870 etc.
2793 3814 2931 3887 μδ]
2964 3816 3080 3872 Non
3141 3822 3284 3873 enim
3345 3832 3564 3892 oportet

297 3910 583 3977 leprosum
608 3906 830 3959 occulta
856 3906 1057 3960 habere
1082 3905 1252 3959 animi
1295 3910 1551 3973 peccata,
1582 3917 1685 3956 nec
1743 3900 1922 3971 ipsum
1956 3899 2137 3953 celare
2164 3907 2384 3966 oportet
2420 3902 2820 3970 turpitudinem
2853 3919 3009 3957 suam
3052 3922 3119 3960 ne
3161 3909 3414 3963 videatur
3441 3927 3565 3965 esse

296 3997 624 4064 sepulcrum
651 3992 986 4047 dealbatam.
1026 3991 1119 4045 Vel
1166 3992 1417 4063 gravitas
1446 4004 1685 4050 morum,
1712 3988 2113 4047 etauctoritas,
2174 4004 2295 4057 quae
2313 4004 2379 4044 ex
2409 3991 2569 4045 bonis
2609 3993 2858 4046 moribus
2897 4007 3142 4063 paratur,
3173 3998 3259 4051 hic
3300 4001 3563 4054 nimirum

297 4085 409 4138 sub
445 4082 689 4134 arnicqu
716 4081 1040 4150 accipienda
1064 4087 1170 4134 est.
1206 4078 1321 4133 lloc
1345 4077 1642 4132 amiculum
1665 4091 1774 4130 non
1804 4076 2181 4142 obvenitillis,
2214 4093 2449 4146 quorum
2486 4080 2704 4148 ingenia
2744 4090 2873 4134 sunt
2901 4084 3253 4145 insanabilia,
3286 4096 3340 4141 et
3365 4104 3568 4159 propa-

300 4172 413 4223 lam
454 4168 689 4238 turpiter
728 4168 1086 4236 delinqutmt.
1115 4165 1421 4235 Leprosum
1477 4170 1698 4234 oportet
1724 4170 1892 4232 caput
1946 4165 2151 4219 habere
2212 4176 2492 4234 apertum,
2530 4177 2587 4219 ut
2620 4168 2852 4222 laedatur
2893 4186 2921 4223 a
2953 4172 3157 4241 frigore
3184 4187 3485 4234 nocturno.
3512 4187 3568 4231 et

296 4268 441 4315 testu
481 4258 706 4312 diurno.
738 4256 904 4327 350
935 4257 1003 4309 At
1031 4256 1158 4309 huic
1191 4255 1533 4310 contrarium
1575 4252 1777 4307 accidit
1830 4266 1997 4321 quam
2044 4252 2144 4317 illi,
2169 4252 2237 4307 de
2262 4268 2373 4324 quo
2400 4255 2604 4309 dicitur
2634 4273 2646 4309 :
2698 4276 2717 4308 ι
2749 4256 2843 4312 Sol
2880 4260 3126 4330 interdi_u
3192 4278 3299 4315 non
3362 4267 3565 4321 adoret
3600 4257 3602 4259 i

300 4358 389 4411 te;
442 4361 545 4401 nec
571 4347 740 4399 etiam
768 4348 899 4399 luna
930 4353 1203 4400 nocturna
1235 4354 1288 4399 te
1317 4342 1633 4398 violabit".
1661 4361 1680 4393 ι
1721 4340 1889 4396 Jacob
1915 4347 2104 4409 pastor
2125 4355 2226 4394 suo
2272 4340 2456 4395 ofﬁcio
2496 4333 2719 4399 functus
2774 4344 2953 4400 donec
3002 4350 3275 4405 mercedis
3344 4358 3572 4409 nomine

298 4446 529 4507 caperet
550 4451 580 4489 a
603 4433 828 4490 Labano
857 4443 1055 4505 peeora
1089 4436 1317 4505 Optima,
1353 4434 1564 4504 inquit:
1601 4452 1619 4485 ι
1663 4430 1909 4487 Interdiu
1930 4443 2016 4483 me
2048 4428 2447 4491 urebatmstos,
2477 4439 2643 4485 noctu
2672 4431 2953 4503 afl‘ligebar
2984 4435 3248 4503 frigore.)
3272 4437 3346 4492 0s
3372 4441 3573 4508 lcprosi

300 4527 543 4586 velatur,
573 4538 643 4577 ne
669 4525 884 4578 scilicet
931 4524 1152 4583 habeat.
1190 4538 1303 4593 quo
1349 4530 1583 4576 excuset
1636 4536 1735 4575 sua
1800 4525 2027 4589 peccata
2080 4527 2337 4585 peccator
2384 4533 2574 4571 coram
2629 4525 2760 4574 Deo.
2804 4522 2918 4575 lmo
2955 4538 3021 4578 ne
3052 4525 3271 4579 dicendi
3335 4529 3557 4593 quidem

302 4614 624 4666 libertatem
687 4610 850 4664 habet
895 4618 1153 4679 peccator
1180 4624 1195 4663 :
1220 4610 1423 4664 mutire
1456 4609 1545 4662 vix
1582 4607 1825 4661 audetin
1866 4613 2169 4673 conspectu
2204 4602 2323 4657 Dei.
2354 4602 2488 4656 Nam
2535 4616 2879 4673 peccatorem
2918 4610 3000 4663 sic
3029 4614 3333 4679 alloquitur
3364 4614 3507 4670 Deus
3553 4636 3564 4669 :

306 4719 325 4751 ι
358 4699 507 4765 Quid
544 4706 603 4753 tu
664 4712 896 4753 enarras
956 4697 1389 4767 justiﬁcationes
1446 4697 1706 4751 meas?et
1735 4693 1895 4747 labiis
1948 4693 2058 4747 tuis
2113 4693 2443 4761 pronuntias
2500 4703 2890 4767 testamentum
2959 4704 3246 4755 meum”?
3284 4724 3300 4754 ι
3347 4704 3581 4770 Ejieitur

300 4788 513 4842 castris
536 4793 867 4855 arceturque
904 4796 1226 4841 sanctorum
1257 4784 1561 4840 consortio.
1588 4784 1669 4837 Ad
1694 4797 1819 4837 eum
1854 4780 2074 4834 modum
2103 4780 2155 4832 in
2191 4778 2379 4834 futuro
2408 4783 2612 4836 saeculo
2677 4788 3135 4856 segregabuntnr
3166 4790 3298 4845 boui
3340 4807 3367 4844 a
3395 4794 3576 4854 malis,

299 4888 357 4930 et
388 4891 527 4931 suos
551 4877 633 4930 sic
657 4874 916 4929 aﬂ'abitnr
955 4874 1224 4929 Dominus
1258 4892 1271 4928 :
1311 4893 1329 4925 ι
1355 4872 1531 4936 Exite,
1558 4870 1707 4926 exite
1732 4870 1799 4923 de
1832 4867 2016 4922 medio
2052 4867 2296 4929 illorum,
2334 4878 2388 4923 et
2415 4873 2749 4939 separamini
2802 4876 2899 4943 qui
2937 4878 3172 4944 portatis
3206 4894 3336 4933 vasa
3399 4882 3583 4934 Ilonti-

302 4963 454 5018 ηῖοι.
484 4982 502 5015 ι
540 4962 647 5019 Pcr
677 4978 810 5019 vasa
847 4973 902 5017 tu
936 4963 1125 5032 accipe
1172 4962 1359 5016 varias
1396 4962 1653 5022 virtutes,
1685 4957 1890 5028 quibus
1917 4956 2095 5009 sancti
2132 4957 2315 5024 vigent
2344 4975 2357 5010 :
2384 4971 2479 5010 eas
2518 4958 2678 5013 nobis
2713 4960 2785 5013 ob
2815 4964 3010 5017 oculos
3066 4980 3281 5032 ponens
3353 4966 3577 5026 Paulus,

308 5054 530 5123 inquit:
560 5070 578 5103 ι
603 5051 1010 5106 Convertitnini
1043 5052 1165 5115 lilii,
1224 5058 1637 5107 convcrtentes.
1670 5054 1724 5101 et
1753 5045 1958 5099 satiabo
1998 5044 2370 5097 contritiones
2397 5051 2609 5098 vestras
2627 5045 2694 5097 '".
2728 5065 2745 5096 ι
2792 5047 2967 5113 Quem
3007 5050 3175 5119 igitur
3212 5068 3591 5123 agnoscemus

306 5141 513 5197 salutis
543 5154 667 5195 esse
730 5140 968 5195 callent?
992 5137 1177 5205 Illum,
1210 5138 1300 5208 qui
1342 5137 1495 5192 dedit
1525 5134 1886 5204 semetipsum
1922 5133 2153 5201 pretium
2190 5129 2592 5200 redemptionis
2621 5147 2721 5200 pro
2747 5135 3030 5200 omnibus,
3061 5145 3114 5191 et
3140 5140 3453 5195 sanctiﬁcat
3484 5158 3585 5195 nos

308 5245 416 5285 suo
436 5242 642 5282 cruore
672 5241 932 5298 egressus
962 5228 1165 5282 castris
1202 5228 1269 5281 ad
1306 5240 1430 5289 nos,
1491 5224 1694 5295 quibus
1724 5230 1982 5291 negatum
2010 5229 2128 5275 erat
2160 5222 2213 5273 in
2240 5232 2420 5275 castra
2481 5225 2681 5277 reverti
2749 5225 3073 5297 priusquam
3102 5245 3535 5301 repurgaiemur
3570 5251 3581 5286 :

310 5317 481 5373 sicuti
516 5325 571 5371 et
601 5315 854 5386 leprosos
886 5331 986 5387 per
1015 5331 1075 5370 se
1100 5330 1212 5369 non
1288 5324 1467 5385 potest
1524 5312 1758 5367 introire
1790 5312 1844 5364 in
1878 5318 2083 5371 castra,
2158 5310 2267 5363 nisi
2297 5307 2366 5361 ab
2396 5309 2507 5363 alio
2530 5309 2837 5365 deducatur
2860 5319 2946 5367 eo.
2987 5316 3054 5367 At
3089 5331 3191 5370 nos
3222 5327 3589 5387 apportamur

312 5416 380 5460 ad
412 5405 697 5459 Christum
735 5419 763 5458 a
797 5403 907 5458 Deo
943 5405 1127 5468 Patre,
1160 5402 1623 5474 quemadmodum
1664 5399 1923 5454 Christus
1957 5398 2075 5468 ipse
2099 5397 2277 5462 docet,
2316 5398 2575 5466 inquiens
2617 5418 2629 5452 :
2674 5420 2691 5451 ι
2719 5397 2891 5453 Nemo
2926 5412 3105 5471 petest
3142 5406 3332 5460 venire
3367 5408 3433 5460 ad
3469 5423 3575 5469 me,

311 5497 421 5550 nisi
454 5494 643 5558 Pater,
683 5493 776 5563 qui
814 5494 963 5547 misit
990 5509 1095 5557 me,
1123 5492 1353 5546 traxerit
1404 5492 1583 5561 ipsum
1602 5490 1670 5541 ⁸³.
1701 5508 1718 5539 ι
1748 5485 1887 5539 Nam
1941 5486 2202 5541 Christus
2279 5485 2519 5548 advenit,
2548 5496 2608 5539 ut
2638 5488 2945 5542 remedium
3014 5492 3276 5546 adhibeat
3332 5496 3591 5549 contritis

314 5584 509 5645 corde,
546 5591 601 5637 ct
625 5581 1053 5652 aperiatoculos
1084 5594 1377 5645 caecorum,
1415 5578 1744 5647 aboleatque
1790 5588 1981 5628 otttncs
2054 5572 2374 5640 iniquitates
2401 5581 2548 5635 tuas,
2579 5583 2632 5627 ct
2662 5574 2897 5628 redimat
2928 5590 2995 5630 ex
3034 5581 3395 5650 corruptione
3420 5590 3471 5634 ct
3502 5582 3590 5634 in-

2117 5749 2146 5767 ιν

392 5752 829 5817 "Jeretn.xmt,
861 5754 952 5808 '23.
1030 5757 1076 5789 ⁷⁸
1099 5755 1244 5811 Psal.
1277 5769 1429 5816 xvttt,
1468 5752 1553 5805 l5.
1629 5752 1672 5783 ⁷⁷
1709 5749 1852 5803 Psal.
1896 5763 2084 5809 cum,

1898 5763 2085 5809 cum,
2116 5749 2168 5803 5.
2242 5748 2289 5779 ⁷¹¹
2321 5746 2469 5801 Psal.
2498 5762 2571 5812 tv,
2775 5751 2818 5782 ⁷³
2852 5749 2959 5805 lsa.
3010 5766 3130 5817 λιιι,
3162 5751 3252 5808 10.
3367 5754 3413 5786 ⁸⁸
3440 5752 3590 5809 Psal.

324 5843 483 5892 ηις,
511 5828 598 5882 16.
681 5829 722 5859 ⁸⁸
759 5827 862 5882 lsa.
903 5843 999 5893 ιιι,
1047 5828 1132 5882 ll.
1208 5823 1482 5879 ηιατυς...
1515 5840 1593 5890 ιιι,
1643 5823 1731 5878 Η,
1846 5817 2016 5873 “10a

681 5829 722 5859 "
759 5827 862 5882 lsa.
903 5843 999 5893 ιιι,
1047 5828 1132 5882 ll.
1208 5823 1482 5879 “Jerear.
1515 5840 1593 5890 tu,
1643 5823 1731 5878 Η.
1846 5821 1891 5853 ⁸³
1921 5817 2080 5873 ιΙοιιιι.
2122 5834 2201 5881 Vl.
2231 5820 2317 5871 Η.
