4286 6444
797 383 901 450 739

2089 378 2440 439 PROCOPII
2468 381 2713 441 GAZAZI

3940 383 4048 448 γω

794 487 963 538 tcritu
1003 486 1164 539 vitam
1201 496 1373 537 tuam.
1401 485 1536 538 Cum
1579 484 1726 537 enim
1767 483 1829 537 ad
1868 497 1968 537 nos
1998 485 2242 539 venisset
2278 485 2528 542 inﬁrmos
2566 464 2857 553 visendos,
2894 467 3148 544 -mundos
3197 500 3302 544 nos
3347 488 3586 543 reddidit
3617 479 3739 560 'per
3792 500 4053 548 sanctum

794 573 1155 641 baptismum.
1192 583 1242 625 ct
1278 587 1482 638 corpus
1511 570 1943 639 sanguincmquc
1970 587 2152 624 suum.
2189 571 2314 626 llaec
2348 575 2622 644 siquidem
2659 577 2764 631 sub
2794 577 2901 631 illis
2931 577 3405 646 portendebantur
3433 578 3600 647 typis.

867 701 1104 754 Avieulae
1131 700 1251 750 duas
1288 699 1420 750 viva:
1479 709 1786 765 congruunt
1834 699 2187 767 pr0portione
2231 714 2369 768 qua-
2401 709 2447 764 Α
2546 703 2559 755 Ἴ

2363 729 2369 740 -
2401 709 2447 764 Α
2546 703 2630 755 Τὰ
2660 702 2768 756 δύω
2815 702 2996 766 ζῶντα
3050 703 3260 772 ὀρνίθια
3289 705 3436 758 δοκεῖ
3466 721 3588 758 τινα
3634 707 3825 776 φέρειν
3862 711 4055 762 ἀναλο-

793 793 915 846 dant
949 793 1115 844 hircis
1149 793 1255 841 ililS
1283 791 1518 851 duobus,
1544 804 1778 856 quorum
1817 789 1957 842 alter
1987 790 2372 844 dimittebatur

794 887 847 938 iu
880 895 1086 937 vastam
1126 882 1498 934 solitudinem.
1537 879 1670 931 Nam
1739 896 1882 933 unus
1940 882 2127 936 hircus
2176 882 2372 935 immo-

795 977 956 1040 latur,
979 986 1024 1025 et
1048 973 1185 1024 alter
1217 972 1529 1023 dimittitur.
1568 968 1810 1038 Uterque
1841 986 1972 1024 vero
2000 971 2236 1024 mundus
2265 980 2368 1035 est,

791 1062 1252 1133 qucuiat'iuudum
1277 1069 1330 1115 et
1363 1061 1588 1113 aviculae
1620 1060 1700 1112 lue
1735 1060 2006 1113 munditie
2057 1060 2251 1114 nitent.
2281 1060 2373 1114 Si-

792 1157 1007 1224 quidem
1061 1156 1212 1205 aiunt
1264 1153 1476 1204 hircum
1511 1166 1615 1203 nou
1654 1159 1849 1216 suapte
1904 1158 2098 1203 natura
2123 1161 2370 1205 creatum

792 1261 913 1300 esse
973 1245 1348 1303 iuiutuuduut,
1402 1257 1576 1309 neque
1615 1241 1904 1294 dimissum
1970 1255 2093 1294 esse
2152 1250 2373 1309 propter

794 1353 948 1390 suam
1005 1335 1363 1400 iniquitatem.
1388 1331 1455 1383 At
1484 1341 1707 1400 propter
1757 1331 1967 1399 peccati
2010 1329 2239 1399 lepratn,
2273 1332 2367 1400 qui

797 1428 1112 1484 inundatur,
1148 1424 1394 1476 uuuuihil
1441 1424 1663 1490 prodest
1695 1433 1750 1474 et
1786 1421 1958 1483 hirco,
2017 1421 2110 1488 qui
2167 1418 2369 1488 depor-

797 1527 959 1578 tatur,
993 1525 1043 1566 t'l
1074 1517 1116 1566 si
1155 1515 1391 1564 evaserit
1445 1511 1844 1564 immunditicm
1876 1511 2057 1578 leprar.
2094 1509 2161 1564 Ut
2190 1521 2369 1563 autem

792 1618 1046 1673 appuleal
1075 1606 1247 1667 illum,
1292 1604 1383 1671 qui
1417 1603 1486 1654 ob
1515 1603 1716 1669 lepram
1765 1611 1884 1655 erat
1925 1609 2240 1670 suspectus,
2277 1616 2371 1670 pe-

792 1712 936 1751 ttztus
970 1707 1315 1765 rrpurgatuut
1354 1705 1406 1748 et
1433 1709 1626 1762 purum
1659 1708 1802 1754 csse,
1837 1695 2010 1746 altera
2037 1709 2101 1747 ex
2141 1694 2371 1746 aviculis

793 1794 1126 1845 immolatur.
1158 1789 1353 1843 Verum
1400 1791 1501 1841 ilhc
1523 1788 1769 1844 avicula.
1800 1775 1922 1856 qure
1949 1803 2094 1840 nunc
2129 1786 2371 1840 olIcruno

790 1892 899 1941 tur,
935 1884 1188 1934 videntur
1252 1881 1472 1933 ditTcrrc
1511 1895 1712 1949 genere
1749 1881 1818 1932 ab
1850 1879 2063 1940 avibus,
2111 1895 2234 1947 quae
2270 1880 2372 1931 im-

791 1982 1072 2040 pnuuntur
1113 1989 1240 2027 arar.
1269 1972 1427 2023 siculi
1486 1985 1652 2037 supra
1702 1970 1989 2023 docuimus
2023 1970 2074 2022 in
2104 1971 2370 2025 relatione

2480 794 2610 861 γίαν
2668 795 2806 862 πρὸς
2865 796 2991 858 τοὺς
3047 795 3160 849 δύω
3205 798 3465 866 τράγους,
3502 791 3628 853 divo
3657 793 3737 860 εἷς
3765 799 3858 853 τοῦ
3915 802 4056 853 ἁπο-

2480 885 2761 949 πομπαίου
2796 900 2809 915 ·
2843 886 3009 938 κάκεῖ
3072 887 3181 954 γὰρ
3208 889 3235 938 ό
3258 881 3337 949 εἷς
3367 887 3576 948 θύεται,
3615 889 3708 940 καὶ
3737 891 3764 940 ὀ
3793 883 3878 951 εἷς
3912 890 4058 957 πέμ-

2481 990 2644 1026 πεται
2675 977 2753 1037 εις
2772 975 2870 1045 τὴν
2899 976 3242 1046 ἀποπομπὴν
3275 978 3441 1030 αὑτοῦ
3464 993 3478 1009 ο
3515 978 3749 1048 καθαροὶ
3779 979 3836 1032 δὲ
3864 980 4058 1048 ἄμφω.

2482 1067 2627 1119 καθὰ
2656 1069 2749 1118 καὶ
2785 1067 2857 1120 τὰ
2887 1066 2982 1121 νῦν
3011 1068 3244 1138 ὀρνίθια.
3304 1070 3420 1120 Οὐκ
3475 1070 3788 1141 ἀκάθαρτος
3846 1072 3956 1139 γὰρ
3989 1075 4059 1141 τῇ

2482 1158 2668 1226 φύσει,
2705 1160 2863 1226 φασὶ,
2919 1159 3403 1230 δεδημιούργηται,
3443 1160 3566 1213 οὐδὲ
3599 1163 3627 1213 ό
3651 1161 3739 1215 διὰ
3766 1162 3866 1232 τὴν
3893 1161 4059 1214 αὑτοῦ

2480 1247 2681 1300 κακίαν
2727 1247 3019 1316 γενόμενος
3071 1249 3484 1316 ἀποπομπαῖος.
3542 1247 3640 1300 Διὰ
3703 1248 3803 1318 μὲν
3830 1249 3925 1302 οὖν
3958 1251 4062 1320 τὴν

2479 1339 2589 1392 ἀπὸ
2637 1339 2739 1407 τῆς
2780 1324 3059 1410 ἁμαρτίας
3104 1339 3317 1409 λέπραν
3369 1340 3575 1408 ὀφείλει
3615 1341 3772 1409 τιτῷ
3805 1342 4063 1412 ἀποπομο

2481 1430 2630 1499 παῑῳ
2662 1429 3118 1499 καθαριζόμενος,
3149 1433 3197 1483 εἰ
3238 1431 3331 1484 καὶ
3358 1431 3525 1499 ἔφυγε
3555 1432 3655 1500 τὴν
3689 1433 3798 1484 ἀπὸ
3826 1434 3924 1502 τῆς
3973 1433 4064 1485 λέ-

2480 1536 2625 1590 πρας
2683 1520 3047 1591 ἀκαθαρσίαν.
3106 1522 3203 1574 Διὰ
3231 1522 3287 1575 δὲ
3315 1524 3414 1593 τὴν
3478 1523 3833 1593 καθαρότητα
3891 1542 4062 1595 προσ-

2480 1613 2707 1681 φέρεται
2749 1614 2879 1684 περὶ
2907 1614 3070 1666 αὑτοῦ
3102 1614 3210 1668 τῶν
3271 1615 3524 1682 όρνιθίων
3556 1617 3616 1668 τὺ
3648 1617 3856 1685 ἓτερον.
3914 1618 4064 1687 ῐιλὴν

2478 1701 2546 1754 τὰ
2569 1702 2679 1754 δύω
2706 1702 2883 1755 ἔοικεν
2930 1706 3095 1774 ἔτερα
3149 1701 3291 1757 εἶναι
3323 1707 3403 1775 τῷ
3433 1706 3581 1772 γένει
3613 1710 3765 1778 παρὰ
3795 1708 3863 1760 τὰ
3892 1726 4064 1777 προσ-

2480 1793 2758 1862 φερόμενα
2786 1796 2866 1857 εἰς
2904 1795 2958 1847 τὸ
2979 1796 3392 1865 θυσιαστήριον,
3445 1797 3714 1867 τρυγόνας
3740 1799 3772 1867 ἢ
3801 1815 4061 1868 περιστε-

2479 1886 2600 1954 ράς.
2655 1884 2714 1937 '0
2739 1888 2933 1938 νεωστὶ
2961 1887 3071 1957 γὰρ
3126 1888 3506 1958 καθαρισθεὶς,
3542 1888 3696 1941 οὔπω
3743 1890 3838 1942 τοῦ
3869 1891 4064 1944 θυσια-

2481 1978 2703 2046 στηρέου
2757 1979 2982 2046 γέγονεν
3040 1979 3210 2045 ἄξιος,
3261 1981 3373 2033 ἀλλ’
3411 1981 3558 2044 ὅπως
3605 1981 3756 2046 ἄξιος
3812 1983 4061 2052 γένηται,

789 2068 1166 2118 rulumharuui
1190 2074 1242 2118 et
1272 2073 1568 2116 turturum.
1603 2061 1735 2114 Nam
1773 2064 1839 2125 is,
1867 2063 1958 2130 qui
1991 2063 2156 2116 modo
2186 2078 2371 2117 saccr-
2404 2069 2446 2126 Β
2475 2069 2481 2120 ἰ

2404 2069 2813 2138 Βλαμὸἀνεται
2866 2070 3042 2124 ταῦτα
3091 2071 3220 2141 παρ’
3289 2072 3457 2125 αὐτοῦ
3595 2073 3663 2127 ἂν
3727 2075 3911 2144 ἡμέρᾳ
3959 2093 4063 2128 κα-

787 2159 934 2210 dutis
985 2157 1254 2209 sentt-lilia
1296 2157 1675 2222 pruuumialus
1714 2165 1796 2208 est
1832 2170 2026 2224 purus,
2079 2170 2186 2208 non
2229 2171 2367 2209 eon-

2479 2157 2735 2228 θαρισθῇ.

789 2248 1139 2300 tiuunaudet
1195 2247 1458 2299 accedere
1481 2245 1548 2296 ad
1582 2260 1796 2298 sacram
1851 2261 2046 2297 aram:
2084 2247 2176 2299 sed
2244 2256 2303 2300 ut
2369 2248 2570 2316 dignus
2624 2250 2891 2304 eﬁiciatur
2949 2265 3175 2306 accessu
3230 2265 3361 2316 arae,
3422 2252 3514 2307 illo
3565 2254 3684 2322 ipso
3768 2254 3878 2322 die,
3951 2271 4064 2326 quo

788 2341 1084 2395 mundatus
1118 2352 1221 2404 est,
1271 2342 1419 2394 omni
1475 2355 1630 2394 mora
1686 2342 1883 2410 posita,
1958 2344 2212 2411 expiatur
2273 2344 2366 2398 illo
2407 2347 2744 2400 avicularum
2783 2347 3076 2403 sacriﬁcio.

857 2479 1094 2529 Additur
1125 2476 1252 2530 huic
1286 2491 1446 2529 sacro
1481 2476 1685 2543 lignum
1726 2477 2042 2541 CCtil'illlllll,
2087 2479 2236 2547 quod
2274 2481 2495 2551 signum
2542 2494 2627 2537 est
2657 2484 2923 2538 salutaris
2979 2485 3137 2555 ligni,
3180 2501 3290 2554 quo
3343 2484 3704 2554 triumphavit
3732 2485 3800 2541 de
3830 2485 4063 2540 devictis

787 2566 1189 2637 principatibus
1220 2573 1272 2619 et
1304 2575 1407 2633 pot.
1432 2566 1672 2618 statibus
1710 2565 1982 2629 Salvator,
2010 2582 2108 2620 nos
2142 2570 2362 2636 penitus
2386 2571 2438 2621 in
2468 2581 2728 2625 aeternam
2758 2587 3018 2627 asserens
3049 2573 3468 2628 beatitudinem.
3502 2572 3803 2627 Cocciuum
3837 2583 4062 2643 propter

783 2657 1022 2706 culurem
1059 2667 1217 2704 suum
1253 2667 1590 2720 purpureum
1646 2660 1806 2722 typus
1834 2664 1916 2707 est
1971 2655 2192 2723 pretiosi
2247 2657 2553 2723 sanguinis,
2603 2673 2770 2725 quem
2829 2675 2928 2728 pro
2970 2670 3159 2713 nostra
3215 2660 3397 2714 salute
3464 2660 3711 2728 proludit
3771 2662 4055 2716 Christus.

786 2741 962 2794 Filum
986 2741 1326 2800 coccineum,
1365 2739 1527 2806 cujus
1561 2755 1695 2792 usus
1723 2747 1838 2792 erat
1876 2741 1930 2792 iu
1965 2741 2253 2794 uativitatc
2293 2741 2527 2806 Phares,
2569 2745 2872 2798 salutarem
2909 2744 3118 2799 Christi
3167 2762 3422 2801 cruorem
3453 2763 3674 2815 quoque
3706 2749 4062 2804 demonstra-

790 2831 883 2881 vit.
926 2828 1040 2881 lluc
1075 2827 1256 2895 adjicc
1303 2829 1451 2879 tilum
1493 2841 1856 2894 purpureum,
1914 2845 2023 2895 qtto
2065 2827 2218 2883 Raab
2269 2830 2528 2884 hostilem
2589 2835 2766 2886 evasit
2819 2834 3184 2903 direptionem
3204 2845 3255 2888 et
3278 2835 3508 2898 eadem,
3541 2835 3622 2888 sic
3686 2837 3958 2890 instructa
3989 2838 4061 2892 ab

785 2917 1248 2984 speculatoribus.
1293 2914 1580 2984 l|y550pus
1609 2915 1932 2984 :uljuugitur
1976 2917 2106 2970 huic
2139 2917 2491 2972 caerimoniae.
2528 2919 2704 2975 liabet
2748 2923 2896 2975 enim
2946 2925 3210 2977 virtutem
3249 2923 3558 2992 purgandi.
3590 2921 3702 2976 Nec
3728 2925 3843 2992 ipse
3869 2940 4057 2978 sacer-

785 3007 883 3061 dos
928 3014 1133 3059 mactat
1192 3005 1487 3057 arieuIam.
1549 3002 1683 3056 Nam
1747 3005 1814 3068 is,
1849 3003 1914 3058 de
1943 3005 2103 3072 cujus
2177 3005 2417 3073 puritate
2462 3008 2777 3073 dubitatur,
2841 3013 3090 3064 nondum
3124 3010 3326 3079 dignus
3356 3019 3463 3077 est,
3494 3019 3555 3064 ttt
3583 3011 3813 3080 prodeat
3837 3012 3890 3064 in
3923 3028 4060 3067 cou-

785 3105 1030 3161 apertum
1072 3094 1404 3146 sacerdutis.
1441 3090 1793 3162 Quapropter
1838 3092 2068 3160 sanguis
2123 3093 2212 3146 ille
2284 3110 2393 3148 non
2460 3095 2794 3164 importatur
2828 3096 2898 3149 ad
2931 3112 3083 3151 aram
3129 3115 3142 3152 :
3186 3099 3282 3153 sed
3312 3098 3591 3167 excipitur
3625 3113 3754 3152 vase
3788 3097 3965 3163 ﬁctili,
4001 3101 4058 3154 in

784 3183 923 3248 quod
962 3181 1132 3248 prius
1181 3179 1362 3232 inlusa
1398 3189 1482 3232 est
1515 3194 1658 3246 aqua
1701 3180 1846 3240 viva,
1891 3189 1947 3231 ut
1977 3181 2294 3247 puriﬁcatio
2360 3185 2684 3249 perﬁciatur
2737 3186 3052 3238 interventu
3119 3199 3275 3254 aqua:
3305 3193 3360 3239 et
3405 3185 3723 3254 sanguinis,
3759 3201 3882 3256 quae
3942 3187 4057 3241 duo

785 3277 1177 3334 permanat-unt
1211 3285 1273 3320 ex
1301 3267 1472 3320 latere
1503 3265 1828 3327 Salvatoris,
1884 3275 2026 3320 teste
2055 3264 2268 3320 Joanne
2304 3285 2316 3320 :
2346 3271 2437 3337 qui
2477 3286 2697 3339 quoque
2722 3270 2882 3326 docet
2916 3273 2971 3324 in
3010 3286 3110 3326 sua
3142 3272 3386 3342 Epistola
3430 3275 3536 3326 tria
3571 3289 3716 3335 esse,
3750 3289 3871 3340 qua:
3904 3278 4062 3343 puri-

784 3360 1093 3409 lu-ationcm
1119 3356 1404 3417 inducant,
1442 3354 1720 3422 spiritum,
1777 3369 1975 3422 aquam
2013 3363 2067 3407 et
2100 3356 2448 3422 sanguinem.
2475 3359 2542 3410 At
2577 3359 2680 3412 hoc
2730 3361 2848 3413 leco
2906 3360 3165 3414 videntur
3223 3361 3458 3430 sanguis
3493 3368 3547 3416 et
3577 3379 3715 3430 aqua
3747 3379 3759 3415 :
3788 3365 4056 3432 spiritum

781 3455 1220 3498 rouimonstrant
1250 3460 1390 3497 cassa
1428 3445 1666 3497 avicula.
1694 3442 1792 3496 llis
1827 3444 2006 3498 tribus
2027 3445 2281 3513 expiatur
2307 3456 2361 3499 et
2389 3455 2683 3517 purgatur,
2706 3464 2867 3516 quem
2891 3449 3058 3518 lepra!
3082 3451 3328 3516 suspicio
3355 3452 3685 3521 contigerat,
3723 3452 3848 3505 liu-t
3876 3467 3972 3520 per
4001 3468 4060 3506 se

780 3550 1000 3603 quoque
1024 3549 1196 3603 purus
1223 3533 1294 3586 sit
1332 3533 1399 3586 ab
1429 3533 1594 3601 lepra:
1621 3531 1839 3585 morbo.

851 3679 1030 3747 Supra
1058 3677 1197 3729 dixit
1231 3696 1240 3728 :
1284 3695 1300 3725 ι
1326 3674 1446 3740 Quo
1469 3673 1555 3728 die
1595 3673 1923 3743 puriﬁcatus
1955 3672 2144 3738 fuerit,
2175 3693 2192 3726 ι
2231 3683 2366 3739 etc.,
2400 3682 2443 3740 (ζ

2400 3682 2443 3740 C
2551 3681 2719 3739 Ἀνω.
2755 3674 2928 3742 εἷπεν,
2976 3699 2994 3730 ι
3029 3674 3108 3752 τῌ
3138 3678 3205 3731 ἂν
3245 3678 3430 3749 ἡμέρᾳ
3478 3678 3783 3747 καθαρισοῇ
3811 3697 3822 3707 ·
3869 3698 3887 3730 ι
3937 3682 4058 3734 νυνὶ

779 3788 927 3826 nunc
963 3785 1091 3824 vero
1154 3770 1375 3837 inquit:
1413 3786 1430 3817 ι
1455 3766 1515 3820 Ει
1541 3782 1713 3836 purus
1755 3767 1870 3821 sive
1929 3768 2170 3822 mundus
2197 3768 2322 3822 erit.
2349 3787 2367 3818 ι

777 3865 1044 3932 Quamvis
1095 3877 1225 3916 veru
1279 3861 1548 3914 liberatus
1578 3862 1699 3914 sita
1736 3859 1885 3928 lepra
1914 3869 1967 3912 et
1991 3859 2158 3928 lepra:
2191 3860 2375 3930 suspi-

776 3961 958 4022 ciune,
1027 3971 1166 4025 Opus
1203 3963 1382 4006 tamen
1423 3953 1586 4005 habet
1612 3952 1996 4022 purilieatione
2028 3953 2121 4005 illa
2148 3961 2375 4023 propter

777 4049 1041 4121 praeteriti
1109 4045 1377 4115 temporis
1412 4045 1844 4099 immunditiem.
1881 4042 2193 4100 Necessarii
2229 4061 2370 4115 quo-

775 4159 882 4212 que
905 4151 1023 4195 sunt
1049 4149 1160 4193 tres
1183 4137 1377 4207 reliqui
1409 4137 1810 4207 purilicationis
1830 4138 2000 4192 modi.
2023 4135 2179 4194 Unus
2201 4137 2361 4208 351

773 4237 919 4290 enim
957 4231 1359 4303 puriﬁcatiouis
1390 4231 1585 4284 modus
1609 4238 1712 4290 est.
1747 4231 1843 4300 qui
1886 4232 2210 4286 enuntiatur
2250 4231 2369 4285 ltis-

774 4347 837 4384 ee
862 4329 1043 4382 verbis
1081 4345 1092 4379 :
1143 4325 1300 4390 «Οιιο
1347 4325 1436 4379 die
1481 4323 1808 4394 puriﬁcatus
1871 4322 2100 4379 fuerit.»
2169 4323 2368 4380 Caneri

775 4432 885 4475 tres
918 4418 1325 4490 puriﬁeatiouis
1370 4417 1516 4471 modi
1571 4418 1624 4471 iu
1680 4415 1862 4472 medio
1921 4418 2288 4481 collocantur,
2313 4425 2370 4470 et

2474 3770 2550 3835 δὲ,
2588 3789 2606 3822 t
2631 3772 2741 3825 Καὶ
2765 3770 3006 3841 καθαρὸς
3043 3771 3218 3823 ἔσται.
3242 3789 3260 3822 ι
3299 3771 3409 3823 Καὶ
3434 3767 3732 3837 καθαρθεὶς
3792 3770 3900 3842 γὰρ
3958 3771 4059 3840 τῆς

2473 3865 2703 3934 λέπρας,
2726 3866 2878 3935 ὅμως
2901 3865 3043 3935 ὑπὲρ
3064 3863 3156 3917 τοῦ
3179 3863 3462 3934 μολυσμοῦ
3487 3862 3580 3915 τοῦ
3603 3863 3918 3931 φθάσαντος
3942 3865 4073 3932 χρό-

2474 3973 2567 4009 νου
2602 3955 2776 4010 δεῖται
2806 3955 2902 4009 τοῦ
2937 3957 3205 4026 παρόντος
3236 3953 3610 4024 καθαρισμοῦ,
3647 3954 3852 4024 μᾶλλον
3876 3953 3932 4006 δὲ
3963 3953 4066 4006 καὶ

2470 4049 2650 4104 ἄλλων
2676 4048 2864 4119 τριῶν.
2890 4042 2985 4112 Εἷς
3005 4049 3116 4118 γὰρ
3141 4048 3487 4118 καθαρισμὸς
3517 4048 3600 4112 τὸ,
3629 4064 3647 4098 ι
3675 4040 3752 4118 ᾟ
3787 4046 3855 4100 ἂν
3877 4045 4064 4116 ἡμέρᾳ

2471 4140 2780 4212 καθαρισθῇ
2806 4157 2821 4172 ’
2869 4159 2888 4193 ι
2912 4141 3007 4194 καὶ
3037 4142 3191 4211 τρεὶς
3225 4139 3429 4210 μεταξὺ
3480 4139 3580 4208 τῷ,
3616 4155 3634 4189 t
3674 4138 3784 4191 Καὶ
3816 4137 4061 4207 καθαρὸς

2471 4233 2646 4296 ἔσται,
2692 4251 2712 4283 ι
2750 4234 2930 4302 τρίτον
2961 4232 3264 4302 λεγομένῳ,
3311 4251 3330 4283 r
3360 4230 3681 4300 δηλούμενοι
3702 4247 3717 4260 ·
3752 4250 3771 4282 ι
3799 4229 3892 4283 καὶ
3918 4231 4059 4300 πέμο

2472 4342 2604 4388 πτος
2631 4327 2726 4379 καὶ
2747 4326 3057 4390 τελευταῖος
3080 4326 3168 4378 διὰ
3198 4324 3317 4388 τοῦ,
3344 4344 3362 4377 ι
3389 4325 3500 4377 Καὶ
3530 4322 4018 4393 καθαρισθήσεται.
4035 4341 4056 4372 ι

2470 4418 2596 4472 Εἰσὶ
2619 4419 2729 4488 γὰρ
2764 4415 2879 4472 οἷον
2924 4420 3020 4472 καὶ
3051 4417 3423 4487 καθαρισμῶν
3453 4415 3759 4487 προκοπαὶ,
3793 4416 3922 4486 πρὶν
3977 4417 4062 4477 εἰς

773 4517 1164 4586 signiﬁcantur
1228 4515 1356 4565 dum
1391 4526 1472 4566 ter
1516 4513 1607 4565 illa
1641 4512 1805 4566 verba
1846 4521 2174 4580 repetuntur
2209 4531 2220 4566 :
2254 4529 2272 4562 ι
2301 4510 2368 4564 Et

1725 4512 1805 4564 'ba
1846 4521 2174 4580 repetuntur
2209 4531 2220 4566 :
2254 4529 2272 4562 ι
2301 4510 2368 4564 Et
2469 4511 2570 4580 τὴν
2599 4513 2810 4565 τελείαν
2833 4511 3008 4564 ἐλθεῖν
3042 4509 3417 4580 καθαρότητα.

773 4608 1015 4661 mundus
1042 4608 1167 4658 erit.
1194 4625 1211 4655 ι
1253 4603 1489 4658 Ultimus
1514 4612 1695 4657 autem
1720 4612 1776 4658 et
1805 4604 2034 4671 quintus
2092 4602 2497 4672 puriﬁcationis
2523 4604 2664 4658 ritus
2736 4603 3056 4658 declaratur
3122 4615 3220 4670 per
3270 4600 3388 4654 haec
3453 4597 3621 4653 verba
3656 4614 3668 4648 :
3737 4614 3758 4650 ς
3789 4597 3854 4650 Et
3898 4611 4060 4649 mun-

771 4700 1008 4752 dabitur.
1040 4716 1056 4749 ι
1120 4697 1332 4750 Ilaheut
1383 4697 1657 4763 siquidem
1730 4694 2154 4764 puriticatioues
2217 4709 2352 4750 suos
2395 4709 2752 4765 progressus,
2813 4702 2870 4750 et
2921 4693 2991 4749 ab
3038 4689 3553 4763 imperfectioribus
3621 4687 3687 4742 ad
3740 4702 4058 4759 supremam

772 4795 1004 4848 tendunt
1038 4789 1500 4860 puriﬁcationem.

845 4919 946 4976 Ubi
979 4921 1182 4973 emissa
1222 4918 1385 4970 fuerit
1411 4916 1648 4977 avicula,
1682 4914 2010 4968 vestimenta
2031 4913 2178 4967 lavat
2208 4913 2305 4982 qui
2340 4911 2712 4984 puriﬁcationi
2738 4909 3100 4963 admovetur:
3133 4906 3262 4962 dein
3296 4920 3492 4961 omnes
3523 4902 3873 4958 ahraduntur
3911 4903 4007 4974 pili
4039 4923 4055 4972 ;

775 5013 977 5069 deinde
1027 5010 1376 5080 perfunditur
1407 5017 1461 5060 et
1506 5006 1753 5060 abluitur
1783 5021 1947 5072 aqua.
1985 5004 2124 5058 Tum
2158 5004 2380 5059 demum
2411 5000 2908 5056 accommodantur
2943 4997 3061 5051 haec
3091 4998 3259 5050 verba
3292 5012 3305 5050 :
3337 5013 3357 5047 ι
3391 4993 3629 5048 Mundus
3664 4993 3806 5059 erit;
3839 5011 3859 5045 ι
3892 4996 4057 5061 quasi

769 5119 876 5155 ttou
917 5099 1256 5154 sulticienter
1287 5097 1402 5148 lucc
1463 5095 1625 5147 verba
1656 5095 1867 5163 prolata
1906 5093 2172 5157 fuissent,
2213 5094 2266 5147 ni
2302 5094 2500 5164 reliqui
2527 5093 2944 5164 praeeessissent
2993 5089 3404 5161 puriﬁcationis
3447 5087 3620 5142 modi.
3645 5084 3950 5156 Postquam
3983 5086 4054 5151 is,

768 5195 934 5262 cujus
969 5191 1194 5261 purilas.
1231 5197 1587 5258 procuratur,
1623 5202 1760 5254 aqua
1809 5185 1976 5240 fuerit
2016 5185 2302 5254 perfusus,
2336 5201 2446 5239 non
2487 5184 2684 5239 sordes
2718 5181 2913 5251 abjicit
2957 5195 3152 5235 omnes
3187 5199 3198 5234 :
3234 5179 3568 5234 vestimenta
3617 5175 3798 5230 adhuc
3835 5174 4055 5245 impura

765 5261 1069 5339 ducuntur.
1114 5283 1220 5336 Sed
1272 5282 1384 5333 hare
1422 5280 1670 5332 iudicant
1705 5278 1871 5330 vitam
1917 5277 2061 5345 ejus,
2116 5277 2378 5343 quamvis
2417 5289 2525 5328 non
2570 5285 2801 5342 prorsus
2864 5270 3165 5340 impuram,
3218 5277 3405 5322 tamen
3460 5263 3870 5334 aliquantulum
3900 5261 4055 5315 vitiis

762 5375 1223 5431 contaminatam,
1264 5370 1390 5423 licet
1425 5368 1775 5427 vestimenta,
1821 5365 1874 5418 id
1906 5375 2011 5427 est,
2055 5365 2262 5434 prioris
2302 5364 2428 5417 vita:
2464 5358 2990 5429 vitia,deposuerit.
3023 5354 3127 5410 Pili
3159 5354 3506 5426 portendunt
3542 5358 3795 5422 peculi.
3828 5364 3950 5419 quae
3984 5365 4053 5404 ει

763 5465 951 5517 aniqu
998 5468 1347 5514 enascuntur
1397 5465 1452 5512 et
1504 5463 1740 5509 mortem
1783 5454 2074 5508 inducunt.
2111 5451 2387 5508 Caeterum
2417 5450 2488 5504 ab
2520 5450 2607 5503 his
2640 5446 2912 5502 differunt
2957 5445 3054 5516 pili
3097 5442 3379 5500 Samuelis
3415 5449 3472 5496 et
3504 5439 3919 5500 Nazareorum,
3950 5451 4054 5492 nec

760 5567 870 5608 non
900 5550 1332 5617 discipulorum,
1355 5559 1498 5614 quos
1532 5541 1694 5598 Pater
1719 5542 1970 5598 cmlestis
1996 5543 2050 5596 iu
2079 5547 2376 5596 numerato
2402 5546 2574 5593 tenet.
2595 5533 2731 5589 Nam
2765 5534 2975 5590 ferrum
2997 5547 3107 5587 non
3131 5530 3408 5602 contingit
3439 5536 3607 5617 caput
3634 5527 4050 5582 Nazaraorum.

835 5641 906 5693 At
942 5615 1063 5691 lucc
1105 5635 1306 5689 docent
1341 5633 1529 5688 omnia
1590 5646 1938 5700 quaecunque
1978 5630 2192 5685 faciunt
2238 5628 2508 5688 Νεῖλε-εεὶ.
2544 5633 2701 5695 grata
2753 5631 2809 5676 et
2845 5629 3075 5691 accepta
3121 5633 3251 5673 esse
3285 5617 3421 5681 Deo,
3476 5615 3730 5684 adeoque
3792 5621 3949 5685 grata
3995 5623 4056 5667 et

762 5737 1008 5795 accepta,
1030 5737 1088 5778 ut
1113 5740 1181 5778 ne
1211 5722 1402 5777 folium
1438 5720 1662 5790 quidem
1690 5720 1915 5774 decidat
1937 5735 1999 5773 cx
2037 5718 2145 5780 his,
2172 5717 2266 5788 qui
2305 5715 2632 5786 spirituales
2659 5714 2827 5768 edant
2854 5711 3096 5765 fructus.
3121 5706 3285 5761 Nunc
3319 5707 3540 5761 detnttm
3574 5705 3768 5760 sordes
3796 5702 4055 5795 corporis

763 5793 906 5884 aqua
934 5815 1088 5870 eluit.
1128 5815 1324 5868 l‘ustea
1355 5812 1598 5874 demum,
1633 5809 1724 5863 ubi
1760 5810 1922 5864 tertio
1955 5807 2272 5864 constiterit
2300 5807 2422 5877 ejus
2454 5806 2692 5876 puritas,
2721 5804 2774 5859 in
2803 5812 3007 5869 castra,
3037 5815 3068 5855 ε
3096 5798 3305 5872 quibus
3336 5797 3547 5868 eiectus
3587 5804 3728 5859 erat,
3755 5793 4055 5864 recipitur,
