4286 6444
280 377 379 440 741
1325 358 1854 421 COMMENTM’UI
1886 360 1960 420 IN
1990 361 2431 420 LEVITICUM.
3414 361 3521 424 ηε

260 485 335 531 At
359 479 418 533 In
453 485 611 529 suam
638 486 745 526 non
785 468 1091 538 ingreditur
1126 468 1372 528 domum,
1401 470 1504 521 nisi
1532 470 1683 536 prius
1711 484 1952 524 excurso
1988 478 2196 536 septem
2228 469 2440 520 dierum
2468 466 2664 534 spatio,
2694 472 2746 518 et
2775 466 2972 518 iterum
3004 481 3185 528 rasus,
3220 469 3375 535 quasi
3409 487 3516 525 non

261 562 508 618 suﬂieiat
557 559 624 611 ad
671 557 974 624 puritatem
1028 555 1198 608 semel
1264 570 1384 609 esse
1449 570 1656 608 rasum.
1694 554 1888 607 Verum
1927 572 1952 609 s

1827 571 1888 607 un
1927 556 2164 609 secunda
2221 565 2448 606 tonsura
2497 554 2677 620 priore
2729 557 3081 620 praestantior
3122 563 3224 604 est.
3263 557 3519 611 (Tontim-t

261 647 543 716 siquidem
571 652 757 713 partes
784 641 1209 710 principaliores
1239 641 1516 708 corporis,
1547 641 1984 709 videlieeteaput
2017 652 2067 694 et
2101 643 2349 695 barham.
2374 643 2549 708 Caput
2581 639 2840 691 indit-ium
2872 639 3019 701 fat-it,
3057 657 3296 700 errores,
3320 645 3522 716 quibus

260 733 488 789 ἰηιιαιείι
541 731 726 799 quoad
787 737 1146 783 sacrosancta
1180 729 1459 795 dogmata,
1503 743 1626 781 esse
1661 728 1884 796 pulsos;
1916 729 2082 781 barba
2122 728 2583 797 signiﬁcationem
2608 742 2670 777 et
2703 742 2824 777 sese
2859 725 2972 786 dat,
3025 736 3267 794 [il-erata,
3302 746 3419 796 qua:
3465 733 3517 782 in

260 819 414 873 virili
450 818 1076 878 committuntura-tate,
1107 831 1229 866 esse
1263 814 1471 882 ahjeeta
1509 833 1520 866 :
1557 815 1850 880 supercilia
1884 817 1988 867 suh
2010 816 2245 882 quodam
2282 823 2409 882 typo
2436 813 2670 866 cdoCent
2700 829 2868 865 vanas
2900 821 2951 864 et
2986 816 3183 865 stultas
3215 817 3517 880 opiniones

260 921 391 961 esse
429 904 804 972 propulsatas.
838 900 1048 954 Deinde
1100 904 1296 952 ilcruut
1343 901 1547 968 expulit
1582 902 1932 963 vestimenta,
1970 905 2164 953 iterum
2199 902 2430 952 lavatur.
2484 899 2548 951 Et
2594 900 2646 950 itt
2685 900 2829 951 hunc
2866 899 3084 950 modum
3137 912 3328 967 quater
3353 920 3521 970 purus

264 992 540 1046 redditur.
575 987 782 1041 Octavo
822 987 1020 1040 exinde
1049 985 1158 1046 die,
1186 1001 1296 1053 quo
1357 987 1409 1038 itt
1469 994 1652 1040 castra
1695 994 1951 1054 receptus
2005 997 2110 1049 est,
2152 1003 2260 1040 non
2314 986 2549 1051 amplius
2607 986 2813 1052 indiget
2860 987 3196 1052 reliquorum
3235 989 3517 1041 hominum

268 1080 586 1134 ministerio
618 1096 630 1131 :
668 1079 784 1146 ipse
823 1077 1050 1128 dimittit
1102 1077 1428 1136 animantia,
1465 1077 1579 1142 ipse
1613 1077 1792 1128 oleum
1822 1091 1945 1128 cum
1998 1074 2175 1127 simila
2220 1071 2400 1136 offert,
2461 1081 2514 1124 ιιι
2566 1087 2792 1139 prorsus
2831 1081 3160 1140 repurgetur
3194 1090 3221 1125 a
3251 1075 3424 1142 lepra,
3472 1089 3525 1128 εει

268 1169 478 1236 dignus
514 1168 808 1229 habeatur,
846 1167 937 1233 qui
975 1181 1130 1217 sacra
1161 1164 1323 1215 faciat
1358 1166 1410 1216 ιιι
1443 1164 1564 1216 loco
1594 1179 1776 1217 sacro.
1816 1162 1966 1231 Ejus,
2009 1160 2188 1227 quiad
2222 1161 2369 1212 hunc
2401 1158 2623 1210 modum
2657 1159 2954 1212 acet'ditad
2982 1161 3228 1226 quintam
3260 1165 3524 1228 puritira-

270 1256 506 1315 tionem,
541 1253 897 1313 sacriﬁcium,
921 1253 1062 1303 inter
1091 1250 1290 1304 Sancta
1320 1258 1639 1304 sanctorum
1669 1256 2120 1304 connmneratur.
2154 1247 2358 1315 Agnus,
2388 1246 2480 1315 qui
2513 1246 2828 1297 immolatur
2875 1262 2972 1314 pro
2999 1247 3220 1307 delicto,
3253 1248 3527 1315 signiﬁcat

267 1341 558 1399 virtutem.
599 1356 721 1409 qua:
776 1339 920 1392 tollit
954 1348 1198 1407 peccata.
1260 1337 1673 1399 Holocaustum,
1712 1339 1857 1405 quod
1905 1337 2154 1389 adoletur
2192 1337 2245 1387 in
2291 1348 2406 1392 ara.
2439 1335 2597 1385 docet
2650 1333 2806 1384 illum
2844 1333 3120 1386 hominem
3163 1335 3273 1402 jam
3326 1345 3526 1400 totum,

268 1439 519 1496 quantus
558 1437 803 1494 quantus
849 1437 951 1483 est.
990 1425 1214 1493 dignum
1248 1425 1488 1483 censeri,
1524 1426 1616 1493 qui
1653 1431 2010 1477 consecretur
2043 1421 2170 1475 Deo.
2205 1420 2302 1472 llis
2351 1419 2644 1474 sacrificiis
2681 1422 2927 1472 succedit
2963 1421 3103 1484 oris,
3150 1439 3271 1489 qua:
3323 1439 3526 1491 rrprze-

269 1523 463 1567 sentat
515 1513 732 1567 fructus
765 1513 1006 1582 pietatis,
1038 1514 1127 1580 qui
1163 1514 1340 1564 adhuc
1372 1522 1500 1566 sunt
1532 1512 1791 1564 inanimo
1825 1510 1963 1576 ejus,
1997 1511 2089 1578 qui
2119 1518 2406 1576 purgatur,
2450 1509 2609 1574 eique
2642 1508 2981 1560 tribuuntur.
3019 1507 3220 1563 Tribus
3273 1511 3380 1562 iilis
3437 1527 3530 1564 sa-

270 1602 508 1655 criliciis
535 1603 813 1654 adduntur
851 1611 1017 1653 terna!
1047 1600 1272 1652 det-iuta:
1307 1600 1500 1651 similae
1532 1598 1597 1650 ad
1631 1601 1878 1666 quintam
1911 1597 2350 1666 puriﬁcationem
2386 1595 2772 1663 peragendam.
2811 1595 2924 1648 Non
2967 1597 3141 1663 inquit
3175 1601 3526 1667 accipit-udas

269 1705 400 1743 esse
434 1689 627 1743 farinae
661 1691 929 1751 decimas,
964 1688 1062 1742 sed
1115 1689 1329 1744 simil-.e.
1368 1702 1488 1754 qua:
1541 1693 1624 1739 est
1667 1685 2031 1738 subtilissima
2069 1682 2295 1736 materia
2346 1681 2674 1734 conficiendi
2729 1683 2907 1748 panis,
2961 1685 3292 1736 mentionem
3337 1686 3525 1741 infert.

274 1775 473 1828 Simila
518 1785 702 1828 autem
737 1774 1086 1843 perfunditur
1119 1775 1261 1827 oleo.
1297 1775 1363 1824 At
1405 1774 1586 1826 oleum
1615 1787 1722 1824 non
1759 1773 1931 1824 solum
1982 1771 2157 1823 lucent
2193 1769 2601 1826 subministrat,
2636 1769 2730 1820 scd
2771 1771 2933 1820 etiam
2967 1770 3143 1835 ignem
3178 1772 3291 1825 alit.
3329 1771 3383 1824 In
3420 1775 3530 1826 alio

273 1863 686 1930 purilicatimtis
715 1863 953 1927 quodam
996 1864 1104 1914 ritu
1133 1862 1434 1929 requiritur
1469 1861 1686 1913 hemina
1726 1860 1853 1912 olei.
1887 1857 2087 1910 Verum
2124 1856 2194 1908 ihi
2244 1865 2510 1924 purgatur
2548 1855 2614 1915 is,
2652 1856 2742 1922 qui
2785 1871 2922 1923 opus
2957 1857 3122 1909 habet
3156 1875 3318 1926 opera
3349 1876 3530 1913 sacer-

271 1951 454 2010 dotis,
489 1967 514 2000 a
552 1965 663 2018 quo
695 1965 800 2001 nou
841 1950 1020 2002 solum
1050 1947 1346 2000 inducatur
1379 1948 1432 1999 in
1459 1955 1660 2009 castra,
1691 1945 1786 1999 sed
1817 1945 2048 1999 sistatur
2080 1945 2133 1996 in
2165 1943 2310 1996 ostio
2337 1942 2682 1995 tabernaculi
2723 1943 3023 1995 testimonii
3059 1959 3242 1996 coram
3273 1943 3526 2001 Domino.

271 2035 388 2089 Nec
425 2036 679 2102 imperat,
709 2045 768 2087 ttt
791 2035 1106 2088 immoletur
1136 2049 1329 2103 agnus,
1365 2032 1822 2102 quemadmodum
1857 2032 2180 2098 imperatum
2214 2035 2329 2082 erat
2374 2029 2427 2080 ιιι
2451 2027 2723 2081 sacriﬁcio
2761 2029 3099 2083 avicularum
3123 2049 3134 2083 :
3161 2032 3265 2084 into
3297 2033 3530 2100 ipsemet

273 2125 474 2191 arripit
513 2139 711 2192 agnum
762 2138 999 2192 euntque
1048 2138 1148 2190 pro
1182 2123 1383 2175 delicto
1436 2124 1618 2184 credit,
1655 2122 1905 2189 quamvis
1956 2118 2006 2170 id
2061 2120 2241 2170 lacere
2287 2123 2412 2168 ante
2456 2124 2708 2181 quartam
2760 2128 3034 2184 peractam
3092 2120 3530 2185 puriﬁcationem

277 2224 564 2277 nunquam
588 2211 639 2261 itt
672 2210 915 2262 animum
947 2210 1244 2262 induxerit.
1274 2208 1445 2278 llujus
1473 2210 1706 2261 victima!
1728 2223 1920 2260 cruore
1944 2207 2193 2260 dextram
2222 2203 2484 2258 emundat
2517 2220 2728 2266 aurem,
2768 2221 2998 2273 eamque
3028 2207 3280 2261 idoneam
3306 2220 3528 2279 prmslat

273 2295 666 2351 anseultandis
693 2296 894 2349 divinis
944 2297 1330 2350 sermonibus:
1362 2304 1646 2364 totumque
1687 2295 1961 2349 hominem
2009 2294 2079 2346 ita
2116 2292 2364 2354 instruit,
2401 2301 2458 2343 ttt
2493 2307 2587 2360 per
2613 2300 2822 2344 rectum
2865 2293 3088 2346 virtutis
3121 2296 3316 2348 callem
3373 2306 3527 2350 recto

277 2386 420 2454 pede
451 2383 690 2445 incedat,
721 2393 774 2437 et
819 2385 1041 2438 virtutis
1093 2399 1259 2452 opera
1294 2384 1455 2438 edere
1508 2383 1653 2436 haud
1707 2393 1906 2436 cesset.
1951 2381 2005 2434 Si
2039 2383 2184 2433 cnim
2235 2395 2345 2432 non
2388 2382 2773 2448 purilicart-Iur
2815 2383 3017 2434 dextra:
3053 2384 3201 2437 auris
3258 2385 3528 2447 auricula,

277 2481 470 2543 posset
505 2473 629 2541 quis
665 2472 970 2540 intelligere
1002 2486 1066 2525 os
1101 2471 1296 2536 leonis,
1327 2470 1784 2540 quemadmodum
1809 2471 2078 2540 scriptum
2113 2477 2236 2521 est:
2277 2487 2294 2519 ι
2337 2468 2511 2520 Sicuti
2537 2469 2733 2521 eximit
2767 2479 2950 2534 pastor
2989 2486 3054 2522 ex
3087 2487 3179 2523 ore
3215 2472 3389 2526 leonis
3422 2476 3532 2528 duo

275 2576 446 2613 crura
481 2566 574 2610 aut
602 2558 907 2610 auriculam
940 2558 1006 2610 ⁸⁵.
1043 2577 1060 2608 ι
1101 2557 1241 2622 Quia
1277 2575 1405 2611 vero
1435 2559 1693 2627 leprosus
1726 2558 2077 2612 intmuuditie
2118 2557 2471 2616 laboraverit,
2505 2565 2560 2607 ιιι
2594 2565 2647 2608 et
2684 2557 2798 2609 lucc
2833 2557 3071 2620 recedat,
3113 2562 3266 2614 auris
3313 2561 3529 2626 dextra,

279 2663 386 2701 nec
420 2662 530 2700 non
554 2661 750 2699 manus
783 2645 944 2714 352
983 2662 1188 2715 pesque
1218 2648 1409 2700 dexter
1437 2655 1764 2715 purgantur,
1801 2653 1859 2698 ttt
1888 2647 1955 2699 ab
1984 2646 2068 2701 his
2120 2645 2568 2698 extremitatibus
2606 2648 2817 2712 puritas
2850 2662 2945 2714 per
2982 2655 3154 2700 totum
3187 2650 3534 2706 dilIundatur

275 2753 508 2805 corpus.
545 2735 738 2791 Sexies
780 2735 835 2790 ﬁt
869 2738 1118 2804 aspersio
1151 2737 1218 2790 de
1252 2738 1374 2790 ulco
1401 2751 1587 2789 coram
1628 2735 1874 2790 Domino.
1920 2732 2136 2795 Oleum,
2179 2732 2324 2799 quod
2390 2734 2742 2796 remanserit,
2780 2735 2977 2786 itertntt
3018 2737 3240 2790 additur
3267 2740 3535 2793 auricula:

276 2824 513 2887 dextrae,
548 2837 604 2879 et
636 2839 804 2879 manu
835 2823 1173 2894 pedibusque
1198 2823 1428 2878 dextris.
1461 2823 1596 2888 Quia
1632 2822 1856 2891 sanguis
1889 2821 1994 2874 nisi
2026 2821 2342 2873 accessmne
2366 2821 2492 2881 olei,
2537 2836 2644 2873 nott
2674 2821 2874 2875 sullicit
2906 2823 2970 2876 ad
2994 2824 3135 2878 hanc
3168 2841 3305 2878 rem.
3337 2825 3531 2880 Oleum

278 2917 492 2972 autem,
527 2910 674 2978 quod
706 2925 803 2964 sua
836 2925 1000 2962 manu
1039 2910 1404 2978 apprehendit
1440 2910 1720 2970 sacerdos,
1753 2908 2053 2977 imponitur
2086 2907 2251 2975 capiti
2290 2907 2641 2974 puriﬁcandi.
2675 2908 2808 2962 Nam
2854 2911 3162 2965 necessitas
3187 2912 3528 2980 postulabat,

280 3007 344 3052 ut
372 3000 602 3066 reliquis
636 3000 862 3052 humani
895 3000 1150 3068 corporis
1181 3000 1429 3069 partibus
1460 2998 1788 3067 repurgatis,
1831 2999 1994 3051 ctiam
2036 3005 2198 3062 caput
2226 3011 2322 3048 sua
2375 2998 2615 3064 puritate
2641 2999 2930 3066 potin-tur.
2961 3000 3248 3055 Absolutis
3277 3012 3328 3055 et
3365 3003 3535 3058 [initis

279 3086 769 3154 puriﬁcationibus
821 3086 1105 3150 omnibus,
1134 3086 1276 3139 alter
1307 3087 1512 3155 petitur
1542 3100 1738 3152 agnus,
1769 3083 1861 3152 qui
1904 3093 2196 3148 mactatur,
2235 3092 2288 3136 et
2326 3092 2496 3148 totus,
2536 3093 2595 3138 ut
2625 3089 2696 3140 sit
2723 3087 3128 3153 holocaustum,
3177 3101 3536 3145 consecratur

280 3173 420 3229 Deo.
453 3173 688 3240 Quidam
718 3174 914 3228 docent
947 3172 1086 3227 duas
1123 3173 1244 3226 illas
1274 3175 1519 3229 aviculae
1549 3188 1673 3228 esse
1703 3186 1870 3226 unum
1903 3171 2184 3240 quiddam,
2205 3183 2256 3224 et
2287 3172 2603 3241 signiﬁcare
2654 3174 2934 3228 Christum
2969 3191 2998 3229 e
3029 3177 3166 3231 ctelo
3191 3178 3534 3234 delabentem

278 3261 434 3330 (nam
474 3260 591 3314 avis
630 3259 684 3314 itt
712 3276 838 3315 aere
862 3261 1142 3325 movetur)-
1169 3269 1223 3313 et
1253 3261 1548 3314 humanam
1585 3273 1838 3314 naturam
1869 3269 2240 3313 assumcntem
2278 3268 2331 3312 ct
2369 3277 2467 3329 pro
2495 3262 2655 3315 nobis
2689 3263 2960 3325 oblatum,
2989 3275 3039 3317 et
3072 3273 3131 3317 ut
3167 3265 3398 3319 ntiseros
3436 3282 3537 3322 nes

280 3355 610 3419 peccatores
660 3348 958 3402 redimeret
997 3348 1219 3404 coalitus
1268 3348 1596 3403 demissum.
1627 3347 1815 3412 Quoad
1863 3346 2158 3400 humanam
2210 3356 2489 3412 naturam,
2523 3364 2700 3403 caesus
2729 3360 2782 3402 et
2828 3351 3051 3403 oblatus
3079 3360 3186 3405 est.
3219 3352 3538 3408 Secundum

278 3437 529 3491 divinam
573 3444 830 3489 naturam
873 3437 1084 3489 nullunt
1131 3436 1305 3491 sensit
1349 3435 1632 3490 damnum.
1670 3433 1794 3488 llmc
1822 3434 1966 3488 cuint
2021 3435 2204 3488 nescia
2259 3444 2341 3488 est
2396 3438 2529 3504 pati.
2571 3435 2855 3506 Siquidem
2929 3437 3215 3508 Scriptura
3253 3450 3528 3496 testatur:

287 3540 308 3574 ι
345 3521 598 3578 Mortuus
625 3530 712 3576 est
763 3538 951 3587 carne,
983 3532 1036 3577 et
1081 3522 1390 3578 virilicatus
1438 3532 1522 3576 est
1558 3523 1753 3591 spiritu
1796 3521 1864 3574 ”.
1917 3521 2092 3590 Super
2133 3536 2274 3590 aqua
2327 3522 2469 3584 viva,
2506 3541 2522 3573 ι
2553 3534 2656 3577 etc.
2712 3524 2848 3588 Quia
2884 3540 3031 3578 mors
3097 3526 3218 3595 ejus
3273 3535 3358 3580 est
3396 3531 3529 3584 vita.

281 3609 476 3680 Itaque
500 3609 763 3680 proﬂuxit
799 3611 1026 3680 sanguis
1055 3621 1106 3664 et
1138 3625 1278 3680 aqua
1312 3610 1380 3664 de
1419 3623 1646 3680 corpore
1679 3610 1822 3678 ejus.
1865 3608 2094 3678 Lignum
2125 3608 2439 3674 cedrinum,
2469 3612 2614 3679 quod
2654 3614 2802 3664 nulla
2837 3613 3124 3680 putredine
3153 3615 3413 3677 violatur,
3445 3617 3535 3669 iu-

281 3696 651 3764 corruptibile
701 3694 907 3750 Christi
952 3711 1151 3765 corpus
1179 3696 1542 3751 demonstrat.
1580 3694 1863 3766 Siquidem
1913 3698 2183 3765 scriptum
2221 3706 2304 3750 cst
2335 3715 2347 3749 :
2391 3715 2410 3748 ι
2449 3695 2566 3752 Non
2600 3701 2823 3768 patieris
2855 3709 3109 3754 sanctum
3144 3710 3298 3755 tutnn
3352 3705 3540 3759 videre

278 3783 700 3853 corruptionem
733 3782 800 3834 “.
828 3801 846 3832 ι
887 3783 1064 3836 Filum
1096 3784 1415 3836 coccineum
1450 3792 1610 3854 typus
1643 3793 1726 3836 est
1752 3781 2028 3838 Ecclesize.
2065 3783 2350 3854 llyssopus
2379 3787 2620 3839 ostendit
2657 3786 2929 3840 fervorem
2966 3789 3216 3854 spiritus.
3248 3788 3372 3843 llaec
3389 3795 3538 3847 enim

285 3871 454 3925 herba
492 3870 1010 3924 mirabiliterealida
1032 3872 1371 3937 perhibetur.
1407 3870 1674 3924 Praeterea
1711 3880 1971 3943 repurgat
1994 3880 2048 3926 et
2071 3872 2264 3927 liberat
2302 3875 2603 3943 prtecordia
2626 3883 2815 3929 nostra
2853 3877 2922 3929 ab
2955 3877 3170 3945 impuro
3199 3879 3532 3950 phlegmate,

279 3957 435 4027 qUod
457 3965 622 4029 typus
647 3966 731 4013 est
757 3957 1107 4012 allectionum
1141 3959 1359 4014 mentis.
1398 3956 1531 4012 Nam
1563 3959 1818 4027 baptizati
1848 3975 2042 4019 sumus
2075 3967 2128 4020 in
2161 3966 2369 4034 Spiritu
2397 3975 2588 4022 saneto
2622 3981 2672 4022 et
2699 3969 2840 4038 igne.
2868 3969 3172 4038 Siquidem,
3210 3980 3268 4024 ut
3298 3988 3541 4041 pramo-

278 4045 405 4109 nui,
437 4045 540 4102 .illa
585 4045 752 4098 herba
781 4045 960 4098 calida
1003 4057 1108 4099 est.
1154 4047 1388 4112 Quidam
1427 4049 1650 4100 tradunt
1693 4048 1840 4102 ﬁlum
1879 4050 2012 4106 illud
2074 4069 2409 4122 purpureum
2458 4065 2511 4108 et
2543 4065 2856 4111 contortum
2890 4060 3204 4127 Siguilicare
3236 4064 3438 4120 divinae
3484 4073 3540 4119 et

280 4133 541 4186 humanae
591 4133 882 4186 naturain
929 4132 1151 4187 Christo
1191 4134 1661 4201 coniunctionem.
1693 4134 1892 4191 Verum
1924 4138 1975 4192 in
2029 4143 2227 4194 occisa:
2285 4143 2518 4196 aviculae
2574 4153 2806 4198 mortem
2867 4145 3254 4214 baptizabatur
3302 4151 3426 4203 \iva
3484 4159 3541 4205 et

278 4229 571 4291 superstes
615 4220 852 4274 avicula.
905 4221 1174 4289 Aspersio
1207 4231 1410 4286 autem,
1458 4239 1579 4292 qua:
1606 4225 1808 4293 septies
1837 4224 1915 4286 lit,
1955 4227 2230 4296 significat
2272 4231 2712 4298 puriﬁcationem
2774 4247 2936 4300 quant
2977 4236 3383 4301 perfectissime
3415 4253 3540 4294 esse

275 4318 566 4379 peractam
600 4318 652 4360 et
689 4308 916 4362 ﬁnitam.
953 4305 1113 4370 Nam,
1147 4322 1202 4362 ιιι
1236 4310 1399 4363 habet
1431 4311 1736 4380 Scriptura,
1779 4331 1796 4362 ι
1835 4311 1934 4366 Ubi
1977 4316 2280 4369 abundavit
2332 4312 2642 4386 peccatum,
2682 4320 2752 4371 ihi
2783 4336 2947 4388 supra
2981 4323 3201 4374 modum
3237 4325 3539 4380 abundavit

275 4396 459 4466 gratia
480 4393 548 4448 ⁸⁷.
595 4414 613 4445 ι
651 4395 917 4450 Christus
961 4405 1166 4453 autem.
1213 4398 1306 4466 qtti
1360 4407 1576 4451 nostros
1631 4401 1836 4453 ahrasit
1879 4401 2128 4467 allectus,
2182 4414 2471 4472 reputatur
2512 4422 2692 4462 sermo
2735 4409 2888 4463 vivus
2918 4418 2970 4462 et
3035 4411 3262 4472 cllicax.
3313 4415 3404 4483 qui
3442 4431 3538 4468 ex-

276 4483 566 4537 actissime
592 4491 814 4552 peccata
852 4483 1089 4536 abradit.
1115 4483 1167 4537 lu
1197 4485 1343 4539 hunc
1370 4487 1589 4539 modum
1615 4489 1904 4556 puritatem
1937 4491 2134 4558 adepti.
2154 4492 2496 4546 admittimur
2519 4495 2572 4547 itt
2599 4505 2778 4548 castra
2809 4506 3147 4564 sanelortnn,
3167 4510 3217 4553 et
3244 4501 3538 4556 introituus

277 4576 336 4626 in
369 4572 592 4625 domum
621 4570 734 4623 Dei.
766 4570 965 4624 Verum
997 4573 1358 4639 prohibemur
1385 4573 1562 4626 adhuc
1588 4576 1846 4642 supernis
1872 4579 2273 4632 utatuionihus.
2308 4579 2396 4632 "il‘
2428 4581 2571 4634 enim
2605 4599 2702 4636 ceu
2730 4600 2933 4638 munus
2956 4598 3308 4640 reservantur
3335 4595 3539 4645 sanctis

276 4664 333 4714 in
365 4659 611 4713 futurum
664 4661 949 4714 saeculum.
991 4659 1204 4728 Elapsis
1235 4663 1504 4730 siquidem
1539 4671 1744 4732 septem
1799 4663 2014 4729 diebus,
2065 4667 2116 4719 id
2146 4677 2250 4732 est,
2285 4670 2439 4722 linito
2473 4673 2725 4746 praesmtti
2765 4675 2987 4740 saeculo,
3032 4676 3084 4729 in
3115 4687 3340 4733 nostras
3370 4680 3536 4746 aedes,

275 4748 497 4804 scilicet
535 4747 587 4800 in
621 4761 858 4815 superna
888 4748 1195 4801 habitacula
1229 4750 1610 4818 tnigrahimus,
1644 4762 1698 4805 et
1731 4751 1928 4822 singuli
1966 4768 2094 4810 suas
2133 4756 2435 4810 sortientur
2471 4759 2650 4813 sedes.

352 4878 426 4936 lu
454 4881 788 4943 uestelauea,
817 4889 912 4933 aut
933 4882 987 4934 in
1017 4884 1331 4950 restelinea,
1358 4893 1449 4937 aut
1481 4887 1853 4949 stamine,etc.
1880 4885 2138 4944 l'luribus
2171 4891 2463 4960 descripsit
2492 4891 2718 4961 Iepram,
2757 4911 2879 4963 quae
2906 4909 3237 4967 conspurcat
3262 4899 3537 4958 homines.

278 4971 355 5024 lle
381 4969 558 5022 altera
609 4968 928 5038 lepra,qu:e
961 4980 1197 5039 occupat
1235 4973 1537 5026 inanimata
1577 4974 1932 5042 paucioribus
1959 4983 2178 5030 tractat.
2227 4977 2514 5048 Siquident
2567 4981 2841 5045 homines,
2877 5001 3042 5054 quant
3088 5003 3174 5042 res
3225 4989 3541 5047 inanimatae

276 5061 460 5128 magis
499 5056 607 5112 Deo
636 5072 783 5112 cura:
817 5066 967 5113 sunt.
999 5059 1266 5115 Caeterum
1301 5077 1421 5130 qua:
1451 5062 1744 5118 traduntur
1771 5064 1876 5120 hoc
1909 5067 2030 5120 loco
2061 5067 2129 5121 de
2151 5068 2324 5137 lepra,
2358 5085 2480 5139 quze
2514 5073 2852 5126 contaminat
2885 5091 2971 5129 res
3003 5075 3356 5141 inauimatas,
3380 5083 3538 5149 quasi

274 5147 384 5200 sub
420 5146 718 5216 enigntate
761 5147 1001 5216 quodam
1044 5158 1489 5204 comutonstrant
1539 5151 1695 5215 vitia,
1732 5169 1853 5222 quae
1893 5155 2224 5211 mortalibus
2266 5161 2537 5213 inhatrent
2562 5160 2672 5214 alte
2710 5160 2833 5216 lixis
2862 5164 3165 5218 radicibus.
3203 5146 3441 5223 Proinde
3492 5171 3539 5225 si

275 5234 426 5289 tales
453 5233 705 5289 homines
742 5233 1097 5289 luerintviva
1123 5251 1263 5306 aqua
1298 5237 1505 5306 perfusi
1537 5246 1592 5292 et
1623 5239 1866 5304 lustrati,
1899 5251 1954 5297 et
1991 5244 2143 5298 color
2175 5249 2430 5316 corporis
2459 5249 2697 5303 vitiosus
2733 5265 2838 5303 non
2874 5253 3196 5316 recesserit,
3238 5269 3540 5325 argumen-

275 5332 397 5375 tum
429 5329 540 5386 est,
565 5335 757 5375 eorum
787 5322 1051 5376 malitiam
1087 5338 1314 5391 prorsus
1346 5339 1470 5379 esse
1496 5323 1914 5394 deplorandam.
1946 5329 2150 5386 Horum
2179 5334 2246 5387 de
2286 5349 2447 5405 grege
2478 5343 2643 5392 sunt.
2668 5337 2760 5404 qui
2800 5340 3101 5391 abluuntur
3125 5357 3283 5394 sacro
3311 5322 3534 5398 lavacro

277 5409 723 5480 religionemque
767 5409 951 5466 verbis
993 5412 1277 5476 simulant,
1315 5421 1371 5466 ιιι
1417 5414 1629 5481 majore
1668 5431 1791 5468 cum
1826 5416 1981 5474 lucro
2010 5421 2061 5474 itt
2095 5431 2276 5492 empta
2307 5426 2515 5479 malitia
2549 5427 2842 5495 persistere
2901 5441 3126 5496 queant.
3162 5429 3430 5501 Exz-ntplo
3467 5412 3539 5488 sit

276 5498 480 5554 Simon
522 5499 736 5570 Hagus,
765 5501 860 5570 qui
895 5501 1075 5556 adhuc
1123 5503 1477 5559 tletittcbalttt'
1506 5503 1630 5560 felle
1661 5507 2072 5570 amaritudinis,
2102 5518 2156 5564 et
2194 5512 2247 5565 in
2279 5512 2628 5582 colligatioue
2657 5513 2966 5582 injustitiat.
2995 5515 3157 5570 Tales
3189 5498 3545 5575 reservantur

274 5595 496 5645 artemo
545 5590 739 5656 exitio,
811 5589 904 5644 ubi
976 5594 1194 5646 aeternis
1258 5592 1665 5648 divesabnntur
1733 5594 1992 5655 ﬂammis.
2045 5599 2162 5655 Non
2205 5613 2386 5656 autent
2451 5604 2607 5673 prius
2662 5620 2748 5657 tes
2815 5606 3153 5673 inanimatae,
3191 5623 3328 5679 quas
3393 5608 3542 5680 lepra

353 5767 402 5800 “
439 5769 630 5836 Amos,
675 5785 752 5836 ιιι,
794 5772 875 5824 l2.
957 5766 999 5797 "
1044 5776 1054 5816 l
1091 5771 1232 5826 l'ctr.
1273 5788 1353 5837 ιιι,
1398 5775 1476 5826 l3.
1557 5775 1601 5804 “
1647 5774 1791 5830 l’sal.
1847 5790 1934 5836 xv,
1989 5776 2045 5828 l0

1430 5776 1476 5825 3.
1557 5775 1601 5804 “
1647 5774 1791 5830 l’sal.
1847 5790 1934 5836 xv,
1989 5776 2088 5840 l0;
2170 5779 2290 5829 Aet.
2330 5793 2426 5831 vti!
2482 5778 2566 5833 53.
2649 5782 2690 5809 ’Π
2736 5779 2891 5834 Ιιιειιι.
2933 5798 2982 5842 ι’,
3023 5783 3113 5837 πυ.
