4286 6444
785 376 894 441 7‘3
2080 376 2426 434 l‘liUCOPll
2469 384 2477 428 t

2342 376 2426 433 ill
2469 375 2711 434 (ΞΛΖίΕΙ
2870 442 2872 444 τ
3927 383 4034 444 ’πα

787 485 1060 543 infecerit,
1117 493 1562 544 couereamutur,
1625 499 1787 551 quam
1865 492 1988 551 post
2053 485 2331 536 lavacrum
2396 482 2610 536 alienus
2665 483 2822 535 color
2891 480 3107 534 abierit.
3167 481 3401 535 Alienus
3465 485 3620 539 color
3677 488 4036 543 existimatur

789 571 1026 621 sublatio
1072 570 1284 620 illarum
1324 585 1529 629 rerum,
1581 586 1702 637 qua:
1771 571 2026 622 videntur
2084 569 2256 621 fuisse
2300 582 2481 622 causa:
2531 568 2740 635 peccati
2773 567 2889 621 sive
2948 566 3192 619 malitize.
3233 565 3293 619 Si
3357 570 3512 624 locus
3542 582 3840 640 postquam
3890 576 4039 629 lotus

789 658 950 706 fuerit
979 657 1243 721 .equalem
1281 658 1562 705 t'elitt:tt:til
1600 656 1971 722 superficiem.
2000 654 2464 722 quemadmodum
2501 655 2768 722 scriptum
2816 663 2902 708 est
2934 672 2946 707 :
2977 671 2994 703 ι
3037 652 3265 707 Frustra
3301 660 3549 724 percussi
3610 660 3910 728 prophetas
3939 677 4036 714 ve-

789 754 958 799 stros.
1011 743 1359 808 di~riplinam
1393 758 1500 793 non
1533 742 1840 810 t'eeepiSIis,
1874 750 2004 802 etc.,
2055 741 2196 810 ignis
2233 740 2437 792 furoris
2467 738 2682 791 Domini
2722 738 3080 792 iullamntabit
3107 749 3161 792 et
3205 750 3494 795 consumet
3524 744 3873 798 adversarios
3901 746 3971 797 ”.
4014 765 4033 795 ι

786 832 917 892 Qua:
949 846 1072 880 vero
1097 839 1382 896 postquam
1417 827 1600 879 abluta
1639 827 1865 891 fuerint,
1903 843 2038 895 pura
2071 827 2472 895 apparuerint,
2512 827 2711 879 iterum
2737 826 2994 878 lavantur
3019 834 3077 878 ut
3110 826 3325 880 illorum
3360 827 3575 896 puritas
3609 833 3907 900 conspicua
3941 835 4036 894 sit,

788 919 998 968 St‘iItCt-l
1025 916 1150 966 dum
1179 904 1385 966 malitia
1413 915 1665 982 pietatem
1694 915 1938 974 simulat,
1959 915 2086 966 dum
2110 915 2323 966 videtur
2345 914 2500 981 sequi
2525 913 2738 978 eadem,
2759 929 2881 984 qua:
2904 928 3030 979 nos,
3054 915 3179 968 vita:
3212 915 3485 968 instituta.
3512 915 3675 970 Tales
3698 929 3874 975 erant.
3897 936 4038 986 quos

789 1003 989 1055 I’aolus
1025 1005 1101 1054 sie
1134 1002 1372 1069 appellat
1404 1018 1416 1053 :
1458 1018 1476 1050 ‹
1514 998 1698 1052 Filioli
1753 1000 1881 1065 mei,
1907 1015 2045 1066 quos
2087 1001 2284 1052 iterum
2321 1001 2589 1068 parturio,
2626 1001 2803 1054 donec
2832 1000 2994 1070 353
3027 1000 3289 1055 Christus
3314 1001 3586 1055 formetur
3631 1005 3685 1056 in
3724 1007 3879 1058 vobis
3905 1006 3972 1056 ⁸⁸.
4016 1025 4034 1055 ι

858 1131 922 1183 Et
947 1131 1086 1182 (Iuba
1117 1131 1328 1198 plagam
1381 1129 1541 1195 lepra:
1573 1131 1628 1182 in
1668 1129 1916 1196 ardi/iciis
1949 1139 2123 1191 tet-rw,
2164 1135 2270 1182 etc.
2311 1126 2428 1181 Sub
2473 1129 2557 1182 bis
2609 1128 2927 1181 indicantur
2964 1141 3049 1192 ea,
3080 1143 3201 1196 qua:
3234 1144 3337 1181 usu
3392 1139 3656 1182 venerunt
3689 1138 3743 1182 et
3775 1139 4041 1185 eventura-

785 1231 948 1270 erunt
986 1219 1287 1287 Sytmgogtc
1317 1215 1661 1271 Iudaeorum.
1697 1216 1875 1287 Lepra
1899 1217 2230 1272 dehortatur
2258 1233 2381 1278 nos,
2423 1231 2492 1269 ne
2533 1217 2783 1269 sinamus
2825 1214 2959 1267 vitia
2995 1223 3171 1267 totum
3206 1229 3483 1284 occupare
3517 1219 3784 1269 animum.
3823 1217 3880 1270 Si
3912 1232 4034 1286 par-

789 1308 952 1356 ιιι-ιιιςι
1009 1308 1172 1373 lepr.e
1220 1306 1529 1357 membrum
1584 1305 1946 1373 corripuerit,
2002 1305 2243 1359 sollicite
2277 1306 2546 1374 agendum
2577 1318 2645 1356 ne
2693 1301 3020 1366 invaleseat,
3072 1310 3126 1355 et
3152 1310 3325 1355 totum
3361 1303 3766 1372 complectatur
3811 1321 4040 1374 corpus.

787 1394 1074 1460 Siquidem
1128 1393 1370 1460 reperire
1425 1400 1510 1444 est
1555 1392 1832 1445 interdum
1880 1391 2148 1454 animum,
2184 1392 2280 1461 qui
2328 1391 2619 1458 utriusque
2649 1396 2758 1440 tam
2790 1388 2978 1456 leprze,
3019 1402 3186 1457 quam
3213 1390 3471 1444 sanitatis
3507 1395 3788 1461 particeps
3815 1403 3918 1447 est.
3956 1393 4044 1447 ln-

789 1481 1000 1530 terdum
1041 1487 1152 1529 tota
1197 1478 1328 1531 urbs
1367 1485 1458 1529 aut
1499 1477 1652 1529 natio
1684 1480 1762 1530 sic
1802 1475 1995 1530 aﬂ‘ecta
2026 1484 2134 1536 est,
2167 1485 2225 1528 ut
2269 1478 2467 1546 partim
2517 1476 2590 1531 sit
2625 1489 2784 1540 sana,
2819 1476 3020 1544 partim
3056 1477 3498 1544 perniciosorum
3530 1477 3846 1546 dogtnatum
3887 1483 4040 1550 lepra

788 1567 1009 1626 laniata,
1062 1567 1223 1632 cujus
1280 1565 1358 1617 rei
1410 1572 1802 1633 argumentum
1835 1573 1945 1626 est,
1987 1563 2132 1630 quod
2167 1563 2255 1616 hic
2309 1564 2555 1632 ponitur,
2595 1563 2812 1625 domus._
2859 1562 2916 1616 In
2969 1563 3118 1617 hunc
3168 1563 3390 1617 modum
3427 1563 3761 1620 offendimus
3790 1566 4040 1621 affectant

782 1655 1099 1707 Jmlmorum
1139 1654 1511 1721 Synagogam,
1545 1652 1612 1704 de
1671 1667 1778 1719 qua
1831 1651 2078 1704 sananda
2119 1652 2409 1704 clamitant
2467 1651 2751 1719 propheta:
2789 1657 2920 1704 ante
2951 1650 3162 1705 Christi
3196 1652 3639 1706 incarnationem
3670 1664 4042 1722 exposcentes

784 1745 1034 1793 diximuu
1086 1741 1410 1801 remedium,
1462 1738 1603 1790 inter
1657 1753 1796 1806 quos
1827 1745 1880 1790 et
1913 1735 2186 1790 Jeremias
2227 1739 2279 1790 in
2322 1739 2436 1790 luec
2469 1739 2633 1790 verba
2682 1735 2926 1806 linguam
2970 1737 3197 1791 resolvit
3231 1755 3244 1790 :
3280 1756 3298 1789 ι
3341 1735 3398 1791 Si
3449 1749 3676 1808 peccata
3717 1750 3907 1794 nostra
3945 1757 4039 1794 re-

784 1833 1042 1881 stiterunt
1077 1830 1256 1885 nobis,
1292 1825 1541 1887 homine,
1578 1824 1662 1877 fac
1689 1823 1851 1878 nobis
1889 1833 2116 1893 propter
2146 1840 2348 1878 nomen
2392 1823 2616 1876 tuum"
2649 1841 2660 1875 :
2701 1842 2718 1874 ι
2765 1832 2872 1877 etc.
2907 1822 2973 1876 Et
3001 1824 3197 1878 iterum
3237 1825 3380 1879 idem
3416 1827 3682 1895 prOpheta
3714 1831 3992 1880 exclamat
4022 1867 4040 1892 ,

790 1939 805 1964 ι
853 1919 945 1969 iloi
987 1920 1143 1976 mibi,
1185 1934 1215 1966 o
1253 1917 1456 1967 anima.
1497 1915 1633 1978 Quia
1668 1914 1830 1982 periit
1860 1913 2048 1981 justus
2096 1912 2162 1966 de
2197 1922 2365 1974 terra,
2397 1925 2497 1965 nec
2529 1920 2614 1965 est
2645 1911 2741 1980 qui
2771 1911 2973 1965 bonum
2999 1921 3261 1980 operetur
3298 1912 3446 1966 inter
3478 1916 3742 1968 mortales
3767 1916 3834 1968 9‘.
3875 1936 3892 1967 υ
3936 1915 4042 1968 Sa-

785 2007 986 2057 t'i‘t'tlus
1038 2006 1197 2073 jubet
1261 2011 1317 2054 ut
1372 2004 1439 2064 is,
1481 2003 1574 2071 qui
1611 2016 1903 2070 possessor
1951 2010 2061 2062 est,
2095 2000 2281 2052 omnia
2319 1999 2684 2052 instrumenta
2725 2007 2778 2052 et
2823 1999 3230 2067 suppellectilia
3261 1999 3463 2053 aedium
3503 2010 3799 2069 exportet:
3833 2014 3885 2056 et
3919 2012 4039 2055 tum

784 2094 1005 2144 detuum
1044 2089 1359 2156 ingreditur
1418 2089 1470 2140 iu
1523 2087 1774 2149 domum,
1811 2094 1874 2138 ut
1905 2086 2029 2153 ejus
2068 2085 2382 2137 consideret
2419 2093 2473 2137 et
2495 2085 2798 2153 perspiciat
2827 2087 3044 2140 vitium.
3083 2084 3217 2139 Nam
3257 2085 3351 2141 Dei
3392 2089 3640 2142 visitatio
3675 2091 3948 2143 terribilis
3985 2101 4040 2144 et

788 2181 860 2230 [ιιι
883 2180 1151 2230 tttltltiluszt
1194 2186 1299 2229 est.
1356 2175 1598 2228 Proinde
1634 2176 1869 2243 imperat
1901 2172 2042 2227 Deus
2085 2182 2145 2226 ut
2175 2174 2573 2242 amplectamur
2612 2188 2675 2226 ex
2709 2174 2897 2225 animo
2920 2171 3337 2241 purifieationes
3366 2189 3394 2226 a
3425 2177 3652 2239 morbis,
3687 2186 3741 2230 et
3780 2179 4043 2231 vacuefa-

784 2271 1047 2328 t-tiow'm,
1085 2286 1206 2335 (μιις
1235 2266 1506 2333 contingit
1543 2264 1672 2316 dum
1700 2264 1840 2316 mala
1877 2278 2030 2325 vasa,
2084 2261 2135 2314 id
2171 2271 2275 2324 est,
2326 2261 2497 2314 malas
2531 2268 2584 2314 et
2618 2259 2817 2329 impias
2857 2259 3105 2314 rationes
3149 2262 3498 2330 abegerituus
3532 2279 3598 2317 ex
3628 2266 3834 2328 animo,
3875 2275 3930 2320 et
3959 2268 4041 2319 sic

784 2370 1168 2426 t'xspt't'li'tltlts
1205 2353 1394 2427 Deum,
1428 2355 1520 2420 qui
1553 2354 1687 2406 olim
1723 2367 1812 2406 res
1861 2359 2086 2404 nostras
2135 2349 2301 2402 altius
2327 2348 2726 2402 considerabit.
2769 2347 2847 2401 lta
2893 2363 2952 2401 se
2980 2362 3094 2402 rem
3123 2347 3330 2404 habere
3359 2358 3602 2404 testatur
3634 2353 3766 2405 illml
3803 2355 4043 2422 prophe-

785 2445 953 2497 ticum
993 2462 1002 2494 :
1045 2464 1060 2493 ι
1104 2444 1173 2497 Ut
1211 2429 1358 2494 laves
1417 2456 1446 2493 a
1503 2441 1714 2492 malitia
1779 2454 1876 2493 cor
1919 2447 2096 2502 tuum,
2148 2434 2477 2502 Jerusalem,
2513 2445 2573 2489 ut
2603 2435 2857 2490 salveris.
2906 2435 3208 2505 Quousque
3265 2445 3430 2491 erunt
3464 2439 3517 2491 iu
3566 2449 3616 2492 te
3660 2442 4034 2507 cogitationes

787 2536 1035 2584 laim‘ttttt
1094 2529 1429 2584 tuorum“?
1476 2548 1493 2580 ι
1536 2530 1795 2582 nimirqu
1829 2542 2031 2593 eausm,
2077 2540 2216 2596 quas
2266 2531 2535 2595 praetexas
2591 2523 2922 2578 criminibus
2974 2524 3110 2588 tuis,
3144 2532 3198 2578 et
3238 2525 3321 2579 sic
3379 2525 3755 2596 sublerfugias
3787 2544 4030 2598 pinnam.

787 2623 1059 2674 Sam-idos
1119 2621 1209 2670 ubi
1246 2619 1297 2670 iu
1331 2618 1474 2670 ιριιρς
1515 2616 1747 2668 vitiosas
1809 2614 2147 2678 introiverit,
2201 2627 2296 2666 eas
2343 2619 2597 2681 segregat
2653 2611 2834 2680 spatio
2867 2609 3083 2665 dierum
3120 2621 3354 2682 septem.
3387 2612 3523 2666 Nam
3581 2615 3728 2668 haud
3763 2617 4042 2670 immerito

789 2723 960 2760 umet
1010 2708 1442 2774 indignationem
1471 2705 1729 2766 Domino,
1763 2703 1806 2756 si
1841 2702 2196 2768 conSpicetur
2230 2699 2412 2754 denuo
2449 2699 2678 2768 lepram,
2700 2713 2870 2766 quam
2910 2714 3010 2754 sua
3037 2699 3460 2768 longanimitate
3487 2712 3594 2755 tam
3624 2701 3718 2756 ditt
3761 2706 4040 2759 toleravit.

785 2803 1138 2866 (\ltlilpl'ttplt‘l'
1207 2796 1253 2848 si
1307 2798 1446 2847 banc
1489 2794 1690 2845 iterum
1746 2791 2124 2860 conspexerit,
2179 2791 2406 2843 domum
2464 2795 2738 2857 segregat.
2782 2785 2942 2852 Quod
2992 2802 3124 2842 vero
3171 2801 3573 2845 commemorat
3634 2791 3754 2846 dies
3805 2804 4042 2862 septem,

785 2892 1047 2940 numrmn
1103 2882 1344 2936 ostendit
1399 2896 1616 2950 pinnas,
1663 2893 1808 2948 quas
1856 2877 2055 2931 inflixit
2123 2876 2261 2943 illis,
2305 2875 2400 2945 qui
2450 2875 2799 2944 deliquerant
2853 2875 3022 2945 impie
3068 2876 3124 2929 iu
3187 2877 3384 2946 legem.
3429 2877 3566 2932 Nam
3620 2895 3797 2949 pinna:
3856 2898 4050 2938 sertos

787 2975 914 3028 ferit
973 2973 1114 3026 Deus
1141 2971 1365 3024 .ludmos
1407 2969 1474 3022 ad
1533 2983 1709 3022 annos
1737 2982 1915 3035 usque
1950 2965 2327 3035 septuaginta,
2354 2972 2684 3032 computans
2722 2979 2895 3017 unum
2921 2963 3067 3017 diem
3095 2977 3196 3033 pro
3232 2962 3426 3019 decem
3460 2967 3649 3031 anuis,
3681 2970 4048 3037 quemadmo-

785 3065 914 3116 :lttut
950 3061 1014 3112 ad
1048 3059 1388 3113 ilzerhielem
1420 3058 1622 3110 dicitur
1657 3073 1669 3109 :
1703 3074 1722 3105 ι
1768 3056 1918 3109 Diem
1957 3069 2056 3124 pro
2088 3067 2233 3107 anno
2272 3051 2536 3106 constitui
2575 3050 2672 3103 tibi
2700 3051 2766 3104 ”.
2800 3069 2820 3103 ι
2865 3049 3043 3104 Etiam
3077 3051 3133 3104 in
3173 3049 3442 3133 Zacharia
3488 3057 3746 3125 proponit
3777 3067 3830 3110 et
3863 3058 4050 3112 deter-

785 3151 959 3204 minat
994 3158 1213 3218 tempus
1270 3145 1524 3212 angelus,
1587 3144 1819 3211 loquens
1886 3142 1941 3195 in
1987 3141 2135 3194 hunc
2172 3138 2436 3194 modum:
2473 3157 2491 3189 σ
2533 3135 2767 3192 Domine
2819 3137 3160 3204 dominator,
3188 3155 3487 3212 quousque
3547 3160 3657 3198 non
3693 3146 4047 3202 misereberis

783 3237 1108 3301 Jerusalem,
1171 3245 1223 3288 et
1262 3235 1483 3286 urbium
1527 3231 1689 3295 Juda,
1725 3245 1864 3299 quas
1935 3227 2228 3295 neglexisti
2284 3227 2371 3281 bis
2412 3227 2760 3298 septuaginta
2815 3229 2976 3283 annis
3004 3229 3091 3282 "1'
3124 3248 3143 3280 ι
3182 3229 3390 3286 Deinde
3453 3232 3670 3288 infert:
3711 3255 3729 3287 ι
3775 3235 4048 3292 Sacerdos

785 3335 1094 3380 revertetur
1147 3324 1236 3377 die
1283 3322 1542 3391 septimo,
1580 3339 1598 3370 ι
1633 3329 1742 3372 etc.
1774 3317 2051 3372 Caeterum
2116 3316 2222 3370 hoc
2271 3315 2394 3368 loco
2455 3324 2616 3369 vocat
2665 3314 2977 3370 sacerdotis
3005 3317 3253 3371 reditum
3291 3318 3385 3374 Dei
3421 3320 3892 3384 misericordiam,
3933 3342 4043 3395 qua

784 3423 966 3468 motus
998 3413 1138 3466 redit
1167 3411 1233 3463 ad
1272 3417 1488 3479 gentem
1533 3423 1689 3462 suam
1747 3406 1904 3476 juxta
1941 3404 2077 3458 illtul
2127 3403 2411 3474 prepbcta:
2461 3423 2475 3458 :
2525 3421 2544 3454 ι
2580 3403 2849 3457 ltevertar
2883 3403 2951 3457 ad
2983 3401 3292 3468 Jerusalem
3352 3407 3407 3460 in
3441 3411 3958 3474 commiseratione,
3994 3422 4050 3464 et

785 3504 984 3556 domus
1020 3515 1137 3554 mea
1172 3501 1372 3552 iterum
1406 3497 1771 3552 :edilicabitur
1799 3495 1866 3548 ’³.
1906 3513 1923 3545 ι
1961 3493 2025 3547 Et
2069 3494 2269 3548 iterum
2305 3509 2319 3546 :
2359 3510 2378 3544 r
2429 3489 2772 3544 Couversum
2824 3498 2911 3544 est
2950 3505 3047 3545 cor
3077 3508 3258 3548 meum
3309 3493 3364 3547 in
3415 3496 3544 3560 hoc,
3576 3500 3904 3552 conturbata
3961 3507 4051 3554 est

783 3589 1112 3659 pmniletttia
1175 3602 1316 3644 mea.
1371 3599 1718 3653 nequaquam
1782 3582 1980 3636 faciam
2031 3580 2337 3635 secundum
2391 3579 2531 3632 iram
2589 3578 2795 3633 furoris
2855 3579 2934 3633 tui
2984 3582 3055 3634 ".
3101 3600 3120 3634 ι
3179 3579 3281 3637 Ubi
3315 3586 3580 3640 sacerdos
3641 3589 4051 3656 contemplatus

783 3679 973 3741 luerit,
1012 3675 1216 3745 inquit,
1267 3675 1474 3743 lepraut
1529 3671 1787 3726 dilfusam
1818 3680 1876 3725 et
1902 3684 2181 3738 sparsam,
2211 3667 2370 3736 jubet
2403 3665 2638 3734 lapides,
2693 3667 2748 3720 in
2796 3667 3006 3737 quibus
3035 3669 3202 3739 lepra:
3233 3672 3426 3726 vitium
3480 3673 3724 3739 haeserit,
3776 3678 3945 3730 eximi
3995 3689 4051 3732 et

781 3768 909 3835 ejici
942 3787 954 3821 :
986 3767 1153 3835 inque
1184 3764 1385 3818 horum
1424 3763 1604 3816 locum
1659 3760 1800 3814 alios
1847 3759 1987 3812 bene
2020 3757 2220 3826 politos
2275 3754 2558 3810 substitui.
2610 3753 2748 3807 Nam
2794 3754 2887 3807 ubi
2919 3757 3090 3810 semel
3121 3761 3528 3826 praeteritorum
3582 3763 3910 3818 delictorum
3948 3766 4054 3818 im-

782 3855 1186 3923 patraret-imus
1219 3850 1466 3912 veniam,
1517 3857 1571 3902 et
1621 3847 1768 3901 Deus
1816 3845 1941 3898 inde
1990 3843 2266 3898 invenerit
2318 3843 2373 3895 in
2413 3841 2576 3895 nobis
2623 3841 2782 3905 vitia,
2835 3849 2990 3897 certe
3022 3843 3161 3898 iram
3215 3862 3374 3901 suam
3415 3851 3657 3904 ostendit
3694 3851 3750 3905 in
3784 3853 4048 3905 vitiorum

779 3958 987 3998 causas
1023 3959 1036 3996 :
1075 3956 1177 3995 nec
1219 3942 1272 3994 in
1308 3942 1498 3994 omnia
1528 3936 1808 3990 invehitur
1854 3935 2010 3995 vitia,
2044 3933 2139 3988 sed
2189 3939 2426 3985 conatur
2472 3927 2796 3983 exscindere
2829 3931 2957 3984 mali
3004 3933 3381 3989 occasionem.
3423 3934 3516 3990 Sic
3544 3939 3744 4007 priscis
3773 3941 4050 4009 tempori-

782 4035 909 4093 bus,
955 4047 1080 4084 eum
1143 4040 1332 4083 essent
1380 4024 1902 4096 pseudoprophetze,
1967 4022 2438 4090 loquerenturque
2482 4028 2594 4067 non
2635 4013 2878 4084 impulsu
2917 4014 3185 4086 Spiritus,
3213 4021 3310 4073 sed
3366 4037 3547 4089 prava:
3595 4026 3798 4078 mentis
3855 4026 4051 4092 perciti

778 4118 1107 4178 dictamiue,
1141 4113 1297 4182 jubet
1331 4111 1456 4164 illos
1497 4109 1664 4177 abjici
1697 4125 1712 4173 ;
1759 4122 1868 4176 qua
1922 4121 1982 4158 re
2008 4105 2252 4158 declarat
2293 4102 2734 4169 segregationem
2785 4113 2880 4158 aut
2916 4113 3088 4159 totam
3131 4107 3526 4175 abjectionem,
3563 4113 3819 4166 utetiam
3853 4113 3921 4166 de
3953 4111 4051 4166 Je-

778 4205 981 4256 ebonia
1019 4201 1164 4254 Detts
1191 4199 1364 4253 dicit:
1409 4216 1426 4248 ι
1463 4194 1660 4257 Terra,
1693 4203 1862 4257 terra,
1900 4189 2032 4244 amli
2062 4204 2378 4243 sermonem
2411 4189 2653 4242 Domini.
2686 4189 2880 4244 Scribe
2913 4193 3094 4246 virum
3119 4193 3270 4248 hunc
3297 4195 3636 4264 abdicatum,
3673 4200 3756 4253 vel
3800 4203 4054 4268 proscri-

780 4303 931 4362 ptum
961 4291 1030 4344 ".
1073 4308 1092 4342 ι
1130 4286 1208 4340 De
1261 4284 1552 4356 prophetis
1591 4281 1746 4336 lalsis
1788 4282 1842 4334 in
1901 4279 2051 4332 hunc
2081 4277 2303 4330 modum
2355 4278 2757 4332 concinnatur:
2800 4297 2818 4329 ι
2865 4278 3169 4350 Pmpterea
3213 4282 3417 4338 abstuli
3466 4287 3775 4356 prophetas
3806 4298 4051 4352 vestros,

777 4389 834 4435 et
870 4376 1125 4432 interfeci
1159 4391 1256 4430 eos
1287 4373 1473 4427 verbis
1496 4370 1617 4424 oris
1648 4367 1753 4422 mei
1785 4365 1856 4422 ".
1894 4384 1911 4417 ι
1954 4364 2023 4418 Et
2062 4365 2299 4419 iterum:
2341 4382 2358 4415 ι
2395 4364 2754 4436 Quapropter
2783 4367 2956 4421 duces
2984 4369 3176 4439 pepuli
3213 4370 3317 4425 mei
3356 4370 3655 4441 ejicieutur
3689 4390 3754 4428 ex
3789 4375 4052 4432 domibus

779 4471 1025 4538 ipsorum
1073 4465 1216 4518 mala
1267 4462 1332 4514 θ’.
1374 4480 1392 4511 ι
1452 4457 1657 4513 Verum
1715 4456 1808 4508 alii
1843 4453 2264 4517 substituuntur
2316 4451 2367 4504 in
2418 4452 2598 4506 locum
2660 4453 2906 4517 illorutn,
2940 4455 3043 4524 qui
3077 4454 3292 4511 fuerint
3340 4460 3604 4536 expuLsi:
3663 4477 3785 4531 qua:
3824 4465 4051 4534 quidem

777 4555 963 4610 omnia
997 4553 1110 4623 agit
1149 4551 1314 4613 Deus,
1350 4548 1444 4619 qui
1487 4548 1542 4600 in
1579 4545 1762 4598 locum
1801 4541 1966 4611 ejecti
2005 4550 2119 4592 tum
2167 4539 2314 4607 regis
2367 4547 2481 4591 tum
2529 4543 2813 4611 prophetae
2850 4543 3019 4596 alium
3062 4545 3343 4600 submittit
3375 4556 3488 4602 tum
3531 4564 3718 4618 regem
3756 4566 3878 4604 cum
3923 4566 4054 4619 pro-

775 4645 1023 4714 phetam,
1076 4649 1135 4694 ut
1171 4648 1322 4709 patet
1371 4653 1438 4690 ex
1497 4631 1787 4704 prophetia
1844 4629 1999 4684 Isaia:
2037 4628 2077 4690 ί,
2126 4627 2219 4696 qui
2258 4628 2526 4682 describit
2554 4629 2722 4702 355
2754 4633 2946 4686 multis
2993 4649 3106 4703 quo
3140 4645 3306 4704 pacto
3342 4652 3442 4692 sua
3484 4637 3780 4707 dignitate,
3816 4638 4051 4700 honore,

773 4732 1066 4798 ollicioque
1101 4737 1306 4783 exutus
1347 4726 1421 4780 sit
1459 4724 1646 4776 Sobua
1702 4730 1949 4789 qtuestor
2003 4717 2236 4770 aerarius
2267 4732 2280 4767 :
2321 4721 2376 4770 et
2409 4718 2690 4784 quomodo
2739 4718 2792 4770 in
2836 4718 3007 4787 hujus
3043 4719 3222 4774 locum
3255 4723 3597 4792 subrogatus
3636 4725 3712 4778 sit
3747 4723 3950 4779 Helkizc
3986 4727 4054 4779 li-

774 4821 882 4874 lius
917 4817 1213 4881 lleliakim,
1263 4829 1428 4884 quem
1485 4819 1697 4877 patretn
1749 4806 1872 4860 fore
1927 4805 2306 4859 incolentibus
2355 4801 2665 4858 Jerusalem
2709 4807 3068 4862 vaticinatur.
3103 4808 3268 4863 Jubet
3309 4810 3540 4875 deinde,
3585 4820 3644 4864 ιιι
3673 4812 3782 4864 alia
3819 4814 4052 4868 materia

772 4909 1059 4962 oblinatur
1089 4908 1309 4968 domus,
1367 4913 1476 4956 etc.
1525 4897 1692 4952 Tales
1738 4903 1875 4949 sunt
1921 4893 2252 4963 prophetat,
2283 4893 2375 4961 qui
2413 4892 2729 4947 oblinentes
2771 4909 2894 4958 eos,
2932 4897 3030 4965 qui
3060 4907 3523 4978 commeruerunt
3549 4915 3774 4970 gravem
3807 4903 4053 4966 culpam,

773 4998 1132 5051 sermonibus
1169 4990 1567 5048 adhortatoriis
1604 4993 1820 5040 tantum
1856 4981 2165 5051 profecere,
2207 4989 2266 5033 ut
2298 4989 2624 5049 peccatores
2667 4987 2734 5034 ad
2773 4985 3159 5054 paenitentiam
3196 4989 3360 5056 pleno
3401 4990 3574 5058 gradu
3621 4990 4054 5054 contenderent,

773 5088 996 5155 Deoque
1029 5101 1088 5139 se
1129 5084 1543 5138 committerent
1578 5083 1750 5130 totos.
1805 5071 1960 5126 'l'alis
1994 5077 2081 5124 est
2125 5071 2242 5122 haec
2285 5071 2613 5154 prophetica
2665 5073 2984 5127 adhortatio
3019 5091 3031 5128 :
3071 5093 3090 5125 ι
3152 5073 3440 5144 Exquirite
3470 5077 3676 5131 bonum
3708 5086 3764 5132 et
3795 5094 3906 5133 non
3940 5095 4059 5132 ma-

773 5177 906 5236 lum,
940 5183 999 5227 ut
1029 5172 1252 5234 vivatis.
1289 5169 1355 5223 Et
1414 5169 1496 5222 sic
1547 5166 1658 5220 erit
1713 5163 2006 5217 vobiscum
2062 5157 2334 5212 Dominus
2370 5157 2514 5214 lleus
2563 5159 2883 5214 dominator
2919 5162 2960 5214 ’.
3018 5181 3036 5213 ›
3084 5161 3168 5226 Si,
3207 5163 3299 5216 tibi
3351 5169 3551 5218 mutati
3584 5164 3794 5220 fuerint
3831 5165 4054 5221 aedilici‘

772 5264 1010 5333 lapides.
1047 5265 1247 5316 iterum
1288 5274 1347 5312 se
1374 5255 1668 5310 videndam
1718 5249 1984 5304 Obtulerit
2036 5249 2187 5315 lepra
2221 5267 2230 5299 :
2265 5246 2414 5299 nulla
2463 5255 2721 5316 superest
2752 5264 2880 5319 spes
2909 5249 3134 5330 salutis.
3170 5250 3378 5306 Domus
3409 5253 3692 5320 diruatur,
3725 5263 3780 5308 et
3817 5255 4056 5309 materia

769 5353 957 5404 otunis
986 5351 1105 5405 sire
1149 5348 1354 5402 rudera
1405 5350 1776 5414 exponentur
1825 5337 1984 5396 urbe,
2030 5344 2085 5387 et
2138 5333 2480 5401 abjiciaulur
2520 5337 2574 5389 in
2621 5337 2802 5389 locum
2841 5337 3216 5399 immundum,
3264 5340 3358 5407 qui
3391 5340 3686 5398 ordinatus
3715 5351 3802 5396 est
3836 5345 3888 5396 in
3925 5343 4056 5406 hoc,

770 5450 830 5498 et
862 5441 1105 5510 excipiat
1149 5440 1371 5507 impura
1413 5438 1502 5488 illa
1540 5431 1764 5486 rudera.
1800 5427 2104 5494 Postquam
2153 5424 2279 5475 mali
2334 5423 2588 5479 homines
2635 5433 2690 5478 ct
2733 5425 3034 5480 facinerosi
3076 5425 3282 5482 fuerint
3319 5444 3387 5482 ex
3421 5429 3589 5484 domo
3615 5430 3848 5500 dejecti,
3881 5442 3936 5486 et
3963 5444 4060 5486 sa-

839 5649 884 5681 ⁸⁸
914 5647 1115 5702 Jerem.
1157 5663 1218 5705 ll,
1249 5645 1338 5700 30.
1416 5645 1462 5675 ⁸⁹
1492 5643 1672 5698 Galat.
1705 5659 1779 5700 tv,
1817 5641 1905 5694 19.
1983 5639 2029 5671 ⁸ο
2061 5635 2265 5690 Jerem.
2296 5653 2409 5702 XIV,
2445 5638 2496 5692 7.
2576 5641 2616 5672 "
2652 5639 2852 5694 Jerem.
2892 5657 3008 5705 vttt,
3043 5639 3094 5695 6.
3175 5641 3219 5671 "
3246 5638 3453 5693 Jerem.
3488 5657 3560 5702 tv,
3612 5641 3700 5698 14,
3775 5641 3822 5674 ⁸³
3848 5641 4060 5700 Elei-1.,

747 5737 824 5784 tv,
863 5719 916 5773 6.
1005 5721 1047 5750 9‘
1082 5717 1318 5772 Zaelaar.
1363 5734 1415 5776 ι,
1458 5717 1544 5768 19..
1623 5717 1668 5746 ’³
1699 5713 1834 5767 ibid.
1865 5712 1953 5764 16.
2055 5706 2273 5784 9f_Osce
2307 5725 2382 5777 XI,
2420 5708 2439 5762 ε

2370 5749 2382 5777 ,
2420 5708 2473 5762 8.
2511 5711 2564 5767 9.
2645 5714 2688 5746 ’⁷
2721 5712 2925 5767 Jerem.
2957 5727 3095 5781 xxu,
3131 5712 3200 5767 20
3232 5749 3247 5776 ,
3269 5708 3356 5764 50.
3383 5709 3426 5742 ’⁸
3453 5712 3588 5765 Osee
3609 5711 3736 5779 vt,5.
3827 5715 3874 5747 ”
3916 5715 4062 5770 Osee

748 5780 828 5857 Ix,
878 5791 967 5846 15.
1050 5791 1206 5846 ’lsa.
1234 5805 1371 5854 nu,
1407 5788 1474 5843 15
1507 5801 1662 5857 seqq.
1741 5786 1761 5816 ’
1792 5785 1958 5837 Amos
1985 5797 2036 5846 v,
2076 5780 2166 5834 14.
