4286 6444
273 403 386 468 7:5
1349 395 1877 456 Ct_l.\l.\lE.\"l'.'t|lll
1924 396 1994 452 l\'
2044 395 2476 456 LEVITICI'M.
3427 405 3528 462 τεά

274 517 348 566 tis
381 528 666 580 superque
701 511 1104 580 prophetarum
1145 510 1383 562 solantia
1425 509 1590 561 verba
1624 508 1977 568 audiverunt,
2025 507 2258 559 sedeum
2297 515 2638 575 contemptu,
2675 507 2865 560 Judaei.
2903 511 3038 560 redit
3075 513 3528 566 consideratur-us

273 615 433 654 suam
467 603 694 652 dommn
729 599 1017 650 Uutnitttts.
1051 596 1183 649 Nam
1212 596 1407 648 Sermo
1437 594 1756 645 incarnatus
1793 600 1847 642 ut
1903 592 2048 643 venit
2095 593 2148 643 in
2206 595 2492 654 mundum,
2549 603 2600 645 et
2635 597 3009 647 consideravit
3033 596 3343 650 Judaeorum
3399 603 3530 668 Syn-

270 703 508 756 agogam
568 687 803 754 pristino
841 684 1169 752 implicitam
1231 683 1447 742 morbo,
1483 681 1620 749 legis
1649 680 1902 732 ordinem
1951 679 2249 741 destruxit,
2295 689 2508 747 gentem
2545 678 2862 734 Judazorum
2903 682 2956 734 in
2993 699 3185 737 omnes
3212 687 3368 739 orbis
3406 697 3526 740 tra-

272 784 400 828 (tus
452 775 746 842 dispersit,
803 773 961 839 juxta
1002 771 1133 822 illud
1197 770 1522 838 prephetze:
1563 787 1579 818 ι
1619 767 1937 834 Dispergam
1990 783 2085 819 eos
2116 770 2167 820 iu
2226 783 2443 820 omnem
2498 778 2740 829 ventum,
2784 781 2877 822 aut
2923 771 3302 826 disseminabo
3334 790 3430 828 eos
3473 777 3524 828 in

269 876 470 914 omnes
504 871 696 930 gentes
724 861 798 911 ³.»
834 860 1102 912 Similiter
1132 857 1198 908 de
1230 856 1435 924 templo
1460 857 1541 909 sic
1575 855 1803 908 disserit
1838 853 2092 906 Salvator
2121 873 2132 908 :
2164 873 2180 902 ι
2215 853 2330 906 Non
2371 855 2614 908 manebit
2652 856 2742 908 hic
2778 857 2915 924 lapis
2947 873 3112 926 super
3139 861 3399 927 lapidem,
3430 866 3523 930 qui

273 964 386 1000 nou
463 949 796 1001 destruatur
855 947 897 1000 ⁸.
939 965 956 997 ι
1010 976 1075 985 -
1115 965 1132 996 ι
1170 945 1296 1008 Qui,
1346 947 1442 1007 ait,
1492 943 1772 995 introierit
1817 943 1870 993 in
1934 941 2155 992 domum
2210 955 2578 1010 scgrcgatam,
2632 943 2878 1011 impurus
2919 948 3024 999 erit
3087 963 3256 1014 usque
3307 948 3373 1000 ad
3434 966 3524 1004 vc-

270 1053 530 1105 Speram;
593 1047 646 1092 et
705 1038 798 1105 qui
856 1037 909 1088 in
981 1036 1085 1088 hac
1133 1034 1380 1097 dormit,
1448 1033 1651 1084 lavabit
1708 1031 2025 1082 vestimenta
2071 1045 2208 1089 sua,
2249 1040 2302 1083 et
2353 1031 2604 1098 impurus
2665 1035 2772 1085 erit
2807 1049 2978 1102 usque
3006 1036 3069 1088 ad
3113 1052 3438 1106 vesperam;
3471 1047 3526 1092 et

269 1133 366 1198 qui
405 1131 461 1182 in
510 1132 630 1200 ipsa
696 1132 829 1183 edit.
869 1149 884 1179 ι
923 1129 1025 1193 Qui
1059 1128 1204 1180 enim
1238 1143 1361 1178 cum
1395 1125 1618 1193 perfidis
1653 1133 1706 1175 et
1737 1123 1970 1189 objectis
1999 1121 2203 1174 Juda'is
2237 1124 2290 1175 in
2321 1125 2578 1177 omnibus
2614 1126 2693 1178 vel
2726 1141 2835 1178 uno
2862 1126 3116 1194 dogmate
3158 1133 3524 1193 consenserit,

271 1219 320 1270 is
401 1234 510 1270 non
567 1219 782 1271 Carebit
853 1217 1192 1284 impuritatis
1251 1215 1490 1274 macula,
1557 1211 1918 1277 eamdemque
1973 1212 2318 1263 lnereditabit
2380 1213 2776 1279 impuritatem.
2862 1232 2878 1263 ι
2944 1214 3047 1267 Sed
3117 1215 3160 1267 si
3217 1218 3524 1286 ingresqis,

268 1306 482 1372 inquit,
520 1306 791 1358 invenerit
826 1306 1031 1369 lepraiu
1065 1312 1342 1358 curatam,
1404 1299 1597 1350 iterum
1633 1297 1914 1349 mundahit
1963 1299 2134 1359 illam,
2180 1317 2195 1347 ι
2232 1309 2339 1352 etc.
2365 1297 2679 1352 Jmleorum
2717 1299 2984 1367 siquidem
3018 1301 3304 1370 Synag03a
3339 1319 3527 1371 repro-

270 1392 396 1441 bata
436 1401 660 1458 propter
715 1392 883 1457 impia
935 1389 1210 1446 facinora,
1267 1403 1388 1453 qua:
1439 1387 1489 1437 in
1525 1383 1804 1436 Christum
1859 1387 2238 1447 commiserat,
2284 1396 2404 1453 post
2435 1387 2807 1449 implclionem
2845 1389 3113 1454 gentium,
3159 1397 3296 1442 teste
3331 1389 3523 1450 Paulo,

269 1479 324 1528 in
363 1478 638 1545 integrum
674 1480 998 1529 restituetur
1027 1493 1119 1542 per
1151 1478 1180 1526 ﬁ
1206 1476 1309 1525 lem
1359 1473 1478 1534 Dei,
1539 1472 1633 1539 qui
1667 1472 1849 1522 denuo
1898 1472 2071 1539 ipsam
2123 1489 2317 1534 magna
2359 1473 2735 1524 misericordia
2775 1474 3017 1526 visilabit
3058 1476 3109 1525 in
3146 1478 3389 1528 secundo
3425 1494 3524 1530 suo

267 1563 535 1623 adventu,
569 1565 732 1615 sicuti
777 1580 839 1616 ex
869 1564 968 1616 hoc
1000 1562 1303 1629 Seriptune
1337 1560 1602 1611 vaticinio
1655 1559 1869 1610 elucet:
1912 1575 1928 1606 ι
1973 1557 2027 1610 In
2065 1559 2157 1609 illo
2196 1557 2306 1619 die,
2335 1557 2468 1610 dicit
2509 1557 2794 1622 Dominus,
2829 1562 3082 1630 colligam
3115 1565 3436 1627 contritam,
3474 1578 3526 1619 et

270 1653 537 1719 reiectam
593 1652 915 1718 suscipiam,
973 1661 1025 1703 et
1056 1665 1196 1718 quos
1251 1648 1427 1716 repuli
1469 1665 1480 1700 :
1542 1659 1595 1698 et
1627 1660 1822 1714 ponam
1873 1646 2170 1696 contritam
2211 1647 2262 1697 iu
2299 1647 2556 1714 reliquias
2583 1647 2622 1697 ⁸.
2667 1667 2684 1697 ι
2729 1647 2789 1698 lit
2827 1649 3064 1702 iterum:
3100 1667 3117 1698 ι
3157 1650 3294 1714 Quia
3327 1654 3526 1707 diebus

269 1740 464 1792 ntultis
495 1738 766 1791 sedi-bunt
798 1739 890 1790 lilii
945 1737 1136 1797 Israel,
1173 1738 1379 1802 absque
1423 1752 1570 1804 rege.
1624 1735 1834 1801 absque
1868 1735 2214 1799 magistratu.
2270 1737 2478 1803 absque
2516 1736 2820 1798 sacriﬁcio,
2851 1739 3058 1806 absque
3091 1742 3277 1804 altari,
3312 1743 3526 1813 absque

269 1831 617 1888 sacerdotio,
660 1830 868 1896 absque
927 1827 1491 1880 manifestationilms.
1540 1825 1602 1877 Et
1649 1835 1834 1894 postea
1881 1833 2274 1877 convertentur
2323 1822 2417 1875 ﬁlii
2470 1824 2660 1888 Israel,
2695 1833 2748 1878 et
2792 1826 3198 1895 investigabunt
3231 1830 3522 1885 Dominum

270 1915 444 1968 Deum
487 1932 672 1976 suum,
702 1924 753 1966 et
787 1915 1044 1968 Davidem
1081 1931 1260 1981 regem
1301 1931 1486 1974 suum,
1522 1923 1574 1966 et
1622 1914 2017 1980 obstupesceut
2066 1927 2231 1979 super
2266 1912 2520 1972 Domino,
2562 1923 2614 1965 et
2657 1930 2822 1983 super
2865 1917 3147 1970 beneﬁciis
3179 1918 3299 1986 ejus
3335 1921 3386 1973 in
3422 1938 3525 1974 no-

271 2006 505 2058 vissim”
542 1987 757 2056 (“(1er
800 2006 838 2056 :_
878 2023 893 2053 ,
934 2004 1027 2056 “is
1074 2003 1347 2072 c\pt‘tiillS
1392 2002 1599 2069 profert
1655 2004 1767 2062 illa,
1819 2003 2022 2070 quibus
2071 2001 2270 2052 domus
2306 2011 2571 2068 purgatur
2604 2021 2614 2053 :
2652 2003 2739 2053 illa
2769 2019 2987 2071 quoque
3016 2005 3259 2058 adhibita
3298 2017 3427 2061 sunt
3473 2011 3522 2062 in

269 2093 493 2160 leproso
535 2091 847 2161 purgando,
889 2101 947 2143 ut
991 2107 1161 2160 supra
1215 2091 1493 2143 dedimus.
1531 2089 1706 2143 Filum
1756 2105 2089 2159 purpureum
2145 2098 2198 2141 et
2243 2097 2558 2142 contortum
2601 2090 2874 2158 signiﬁcat
2910 2093 3056 2144 illam
3091 2094 3524 2160 confessionem,

265 2196 381 2249 qua
421 2181 752 2233 conﬁtemur
779 2190 832 2234 et
866 2182 1312 2234 demonstramus
1349 2196 1450 2232 nos
1482 2179 1595 2232 Sola
1634 2187 1811 2232 morte
1843 2176 2154 2230 Salvatoris
2197 2178 2436 2231 salutem
2473 2177 2756 2247 indipisci.
2791 2179 2936 2232 idem
2967 2182 3219 2235 innuitur
3247 2185 3298 2236 in
3334 2187 3524 2239 Cauti-

265 2271 353 2320 cis
389 2269 738 2320 canticorum
798 2282 894 2336 per
946 2268 1059 2320 11ωο
1114 2268 1278 2319 verba
1315 2283 1324 2316 :
1400 2286 1416 2316 ι
1464 2264 1529 2318 Ct
1578 2276 1824 2334 spartum
1874 2282 2208 2334 purpureum
2263 2266 2404 2318 labia
2429 2275 2547 2324 tua.
2584 2281 2745 2322 soror
2775 2276 2828 2320 et
2863 2283 3068 2335 sponsa
3101 2286 3218 2322 mea
3251 2270 3293 2321 “.
3336 2291 3351 2320 ι
3388 2271 3523 2326 Nam

269 2354 541 2409 Ecclesiae
571 2355 715 2407 labia
751 2355 1128 2423 dt-prredicant
1161 2356 1422 2414 salutem,
1457 2370 1578 2420 qua:
1615 2355 1778 2408 nobis
1829 2369 1924 2422 per
1955 2355 2279 2422 sanguinem
2327 2353 2540 2408 Christi
2591 2355 2834 2408 obvenit.
2879 2356 3237 2429 Cill‘isl0_llili
3269 2360 3380 2412 vult
3421 2361 3521 2412 lic-

264 2443 442 2496 clesia
483 2457 668 2495 veram
709 2440 832 2494 ﬁdei
891 2441 1327 2494 confessionem.
1384 2441 1475 2493 Sic
1510 2449 1563 2493 et
1607 2455 1765 2496 Cinna
1812 2442 2040 2511 mystica
2096 2443 2486 2511 complectitur
2535 2443 3018 2497 annuutiationcm
3074 2447 3268 2501 mortis
3317 2448 3521 2503 Christi

266 2533 507 2598 ejusque
564 2531 1017 2584 resurrectionis.
1076 2531 1309 2598 Propter
1361 2530 1475 2582 hzec
1527 2529 1636 2582 duo
1687 2530 2002 2584 accedimus
2037 2531 2102 2584 ad
2151 2543 2568 2585 sacrosanctum
2602 2534 2874 2600 baptisma
2909 2533 3136 2602 perfecti
3169 2544 3221 2589 et
3257 2552 3524 2591 consum-

268 2619 404 2669 ruati
438 2618 711 2686 sanguine
751 2619 940 2670 aeterni
988 2619 1328 2671 testamenti.
1379 2617 1650 2670 Caeterum
1690 2629 1942 2670 sanctum
1990 2619 2261 2687 baptisma
2308 2620 2442 2672 satis
2486 2619 2794 2686 explicatur
2825 2620 2893 2672 ab
2928 2621 3209 2676 Ezechiele
3236 2627 3521 2692 propheta,

265 2707 529 2759 dicente:
572 2726 588 2756 ι
627 2706 688 2758 Et
718 2708 984 2775 accipiam
1022 2721 1120 2760 vos
1147 2721 1213 2761 ex
1254 2708 1537 2775 gentibus,
1569 2715 1622 2759 et
1675 2709 2025 2775 congregabo
2077 2723 2172 2761 vos
2202 2725 2264 2760 ex
2302 2709 2458 2771 locis,
2497 2719 2546 2760 et
2576 2709 2851 2760 effundam
2891 2710 2941 2760 in
2978 2725 3074 2762 vos
3109 2726 3305 2778 aquam
3343 2715 3524 2783 limpi-

265 2795 424 2855 dam,
451 2805 502 2847 et
531 2795 935 2847 mundabimini
965 2797 1005 2848 ’.
1042 2814 1060 2844 ι
1088 2825 1157 2834 -
1183 2812 1200 2844 ι
1247 2795 1475 2846 Avicula
1515 2795 1792 2846 emittitur
1824 2805 1978 2847 extra
2028 2797 2239 2858 urbem,
2282 2815 2298 2844 ι
2334 2804 2438 2847 etc.
2473 2795 2736 2847 Nimirum
2784 2805 2938 2849 extra
2981 2797 3168 2850 orbem
3218 2809 3518 2858 terrarum.

269 2881 339 2935 Ut
379 2883 526 2934 enim
560 2884 692 2935 mbs
735 2884 896 2935 habet
927 2883 1097 2934 multa
1135 2883 1362 2934 :ediﬁcia
1395 2921 1410 2944 ,
1473 2882 1552 2934 sic
1609 2881 1764 2934 orbis
1815 2882 2044 2949 plurima
2089 2882 2336 2934 continet
2386 2883 2668 2934 hominum
2697 2898 2924 2950 genera,
2954 2893 3008 2937 et
3041 2887 3200 2952 quasi
3231 2903 3388 2941 muro
3421 2906 3522 2942 un-

265 2970 442 3034 dique
483 2971 730 3021 :unhitur
769 2973 1141 3022 ﬁrmamento.
1178 2968 1316 3023 lluic
1348 2969 1566 3022 demum
1618 2968 1870 3021 SllCCCdil
1912 2970 2218 3022 latissimus
2249 2978 2299 3021 et
2332 2970 2661 3035 purissimus
2697 2971 2923 3038 superni
2957 2971 3146 3025 mundi
3175 2989 3430 3044 campus,
3466 2978 3520 3032 in

264 3074 434 3123 quem
481 3059 730 3110 introivit
781 3059 1061 3111 Christus.
1099 3057 1254 3121 Quod
1294 3072 1421 3108 vero
1459 3056 1696 3108 mundus
1739 3058 2049 3117 universus,
2103 3063 2316 3107 constet
2348 3055 2563 3106 duabus
2595 3057 2864 3122 partibus,
2907 3059 3125 3112 scilicet
3162 3061 3389 3123 visibili,
3431 3064 3519 3117 in-

264 3161 461 3210 quam,
498 3153 553 3197 et
591 3145 856 3198 invisibili
897 3147 1123 3205 mutulo,
1156 3143 1472 3198 declaratur
1505 3161 1599 3212 per
1636 3143 1776 3199 duas
1824 3143 1946 3197 illas
1978 3142 2244 3194 aviculas.
2277 3142 2522 3194 Alterius
2556 3157 2723 3195 cruor
2750 3154 3156 3200 commonstrat
3183 3147 3345 3219 355
3373 3151 3514 3220 ejus,

263 3234 362 3298 qui
400 3248 602 3300 passus
633 3241 739 3294 est,
783 3234 1073 3300 templum.
1124 3233 1355 3300 Lignnm
1401 3234 1688 3286 cedriuum
1748 3241 1915 3301 typus
1948 3238 2030 3283 est
2092 3231 2345 3298 corporis
2391 3228 2622 3292 Christi,
2669 3231 2813 3298 quod
2853 3234 2987 3285 nulli
3029 3238 3376 3304 corruptioni
3417 3240 3520 3292 ob-

265 3320 500 3371 noxium
547 3329 652 3372 est.
703 3319 985 3387 llyssopus
1043 3320 1319 3387 signiﬁcat
1366 3320 1653 3388 spiritum.
1693 3319 1871 3372 Filutn
1911 3319 2229 3372 coccineum
2280 3327 2638 3385 reprwseutat
2668 3335 2852 3373 veram
2913 3321 3034 3375 ﬁdei
3085 3323 3517 3392 confessionem,

263 3424 390 3476 quae
427 3410 685 3460 innititur
727 3409 986 3473 Sanguiui
1021 3408 1226 3460 Christi
1263 3422 1360 3474 pro
1391 3408 1551 3460 nobis
1587 3408 1729 3459 fuso.
1766 3409 1918 3459 Auua
1947 3408 2067 3458 ViHl
2109 3405 2420 3475 symbolum
2458 3414 2541 3459 est
2584 3407 2866 3475 baptismi.

354 3495 503 3556 Viro,
543 3501 628 3547 cui
681 3497 939 3564 contingit
971 3495 1152 3562 ﬂuam
1183 3510 1246 3546 ea:
1275 3510 1511 3561 corpore,
1549 3504 1654 3548 etc.
1693 3493 1833 3566 μγ,
1867 3494 1946 3564 2].
1987 3495 2131 3547 Mens
2157 3495 2381 3554 etenim,
2438 3494 2484 3547 si
2527 3493 2708 3547 dedita
2746 3497 2819 3549 sit
2855 3497 3144 3554 inutilibus
3178 3504 3366 3569 rebus,
3400 3523 3521 3575 quae

265 3587 421 3639 nullo
459 3585 641 3639 studio
669 3585 845 3653 digtta:
880 3587 1150 3646 teruntur,
1187 3582 1434 3650 profecto
1467 3585 1795 3645 absumitur,
1828 3593 1880 3636 et
1914 3584 1958 3636 si
1992 3598 2146 3637 suam
2186 3583 2559 3652 operationem
2587 3584 2850 3638 extendat
2880 3587 2945 3639 ad
2978 3604 3063 3651 ea,
3105 3605 3225 3658 qua:
3259 3608 3365 3646 non
3421 3611 3520 3650 ne-

263 3675 513 3728 cessaria
546 3684 696 3730 sunt.
729 3683 783 3727 et
816 3674 1092 3742 prepriam
1139 3688 1296 3726 suam
1335 3674 1712 3740 operationem
1747 3671 2000 3741 negligit,
2034 3680 2183 3724 certe
2222 3671 2402 3723 nullos
2431 3683 2798 3740 consequetur
2829 3675 3022 3744 dignos
3059 3680 3288 3744 fructus,
3330 3695 3518 3735 verum

267 3778 500 3830 prorsus
544 3761 710 3815 rebus
743 3763 1116 3815 deterioribus
1176 3770 1464 3814 atteretur.
1499 3760 1630 3814 Nam
1675 3762 1868 3822 homo,
1901 3759 2016 3827 qui,
2064 3767 2200 3811 teste
2231 3756 2398 3811 Paulo
2439 3758 2502 3821 ³⁸,
2535 3760 2789 3814 conditus
2819 3773 2903 3814 est
2941 3763 3006 3814 ad
3041 3779 3205 3834 opera
3255 3769 3388 3820 bona
3413 3809 3427 3832 ,
3473 3771 3517 3825 si

265 3850 384 3902 hac
441 3849 750 3911 oluuiserit,
784 3859 838 3901 et
862 3848 1141 3902 diversum
1177 3858 1395 3901 secutus
1431 3848 1589 3900 fuerit
1623 3847 1836 3902 callem.
1873 3845 2245 3913 repuleritque
2274 3859 2458 3896 veram
2493 3845 2559 3898 de
2593 3847 2702 3900 Deo
2731 3849 3066 3914 Opinionem.
3122 3852 3232 3912 hic.
3272 3855 3518 3921 inquam,

267 3935 600 4005 planissime
631 3936 910 3990 exorbitat
940 3951 968 3988 a
1015 3951 1139 3987 vera
1185 3936 1470 4003 religione.
1514 3934 1749 3988 Proinde
1781 3935 2161 3994 vitandusest,
2183 3949 2250 3986 ne
2283 3948 2378 3986 sua
2412 3934 2616 3986 malitia
2653 3935 2814 3988 etiam
2847 3952 2948 3991 nos
2979 3939 3204 3994 inliciat.
3241 3941 3518 4011 Scriptum

267 4038 509 4090 namque
541 4031 627 4076 est
663 4040 674 4074 :
714 4040 733 4072 ι
768 4023 868 4087 Qui
916 4024 1136 4090 attingit
1181 4025 1377 4089 picem,
1415 4023 1883 4076 contamiuabitur
1914 4022 1980 4073 “.
2024 4041 2041 4071 ι
2092 4019 2360 4074 Praeterea
2394 4039 2406 4073 :
2446 4039 2463 4070 ι
2511 4021 2677 4073 Serva
2713 4024 2941 4091 teipsum
2987 4042 3204 4094 purum,
3239 4044 3339 4083 nec
3370 4046 3521 4084 COlll-

265 4112 640 4163 municaveris
690 4111 886 4164 alienis
952 4114 1190 4178 peccatis
1229 4113 1293 4166 ".
1354 4131 1371 4162 ι
1441 4111 1707 4164 Caeterum
1756 4111 1848 4163 illa
1904 4110 2088 4163 omnia
2140 4107 2451 4176 repurgabit
2491 4105 2770 4163 Christus.
2823 4109 2930 4164 Lex
2979 4113 3126 4166 enim
3159 4115 3375 4170 inﬁrma
3412 4129 3518 4184 est,

266 4212 371 4250 nec
408 4197 496 4248 illa
533 4199 724 4249 tollere
761 4198 877 4263 quit
909 4199 1173 4249 maculas.

339 4285 732 4352 Sipuri/icatus
756 4285 915 4352 fuerit
938 4286 1111 4350 ιδ,ᾳυὶ
1136 4283 1341 4334 laborat
1375 4282 1634 4349 proﬂuvio
1669 4283 1902 4344 seminis,
1926 4283 2135 4350 (il/luxu
2188 4300 2302 4347 suo,
2343 4291 2448 4338 etc.
2488 4283 2628 4352 μιν,
2659 4284 2768 4356 15].
2811 4285 2947 4343 Ecce
2979 4289 3172 4344 iterum
3212 4295 3520 4361 puriﬁcatio

265 4373 324 4424 ﬁt
375 4374 686 4425 interventu
744 4386 899 4439 aquae
932 4379 984 4422 et
1017 4372 1322 4438 sanguinis.
1355 4372 1579 4435 Oportet
1612 4379 1793 4422 autem
1835 4386 1933 4423 nos
1970 4373 2021 4423 in
2057 4373 2200 4425 diem
2241 4374 2558 4436 septimum,
2587 4373 2640 4426 id
2671 4383 2774 4433 est.
2819 4390 2914 4442 per
2958 4391 3119 4433 omne
3159 4381 3283 4434 vitae
3321 4394 3520 4438 nostra:

266 4474 492 4530 tempus
536 4462 825 4530 repurgari
868 4475 897 4513 a
929 4461 1098 4513 vitiis.
1143 4461 1272 4512 Nam
1321 4459 1671 4525 septenarius
1714 4459 1870 4526 quasi
1919 4463 2040 4513 linis
2077 4470 2158 4512 est
2199 4461 2554 4514 revolutiouis
2593 4470 2924 4527 temporum.
2989 4466 3078 4517 cui
3131 4469 3387 4523 succedet
3440 4489 3521 4522 ie-

265 4550 642 4604 surrectionis
675 4558 909 4601 octavus
936 4548 1073 4608 dies,
1115 4548 1220 4598 imo
1245 4548 1561 4598 universum
1594 4554 1828 4613 tempus.
1865 4549 2006 4613 quod
2047 4557 2305 4615 sequetur
2338 4548 2792 4602 iuCarnationem.
2835 4551 2901 4602 At
2927 4549 3250 4606 Enunanuel
3283 4571 3380 4623 pro
3419 4574 3519 4609 uo-

261 4638 349 4690 bis
397 4638 652 4689 ultitnum
697 4635 963 4689 sustinuit
1002 4636 1362 4702 supplicium,
1398 4632 1914 4702 praetiguratusjam
1948 4635 2076 4686 olim
2114 4637 2164 4686 in
2196 4635 2309 4702 lege
2335 4633 2436 4687 sub
2471 4635 2649 4700 specie
2684 4637 2914 4688 turturis
2939 4646 2991 4690 et
3021 4639 3307 4694 columbae.
3342 4641 3518 4712 Hujus

265 4741 420 4778 mors
447 4741 614 4794 quam
633 4740 730 4793 pro
768 4725 926 4777 nobis
961 4723 1176 4776 miseris
1197 4722 1577 4789 peccatoribus
1596 4721 1752 4779 adiit,
1778 4721 1912 4773 mire
1933 4720 2262 4788 fragrantem
2283 4720 2504 4773 odorem
2523 4721 2856 4775 transfundit
2884 4724 2949 4776 ad
2972 4723 3186 4780 Patrem
3211 4731 3512 4788 cmiesrem.

259 4813 615 4882 Quapropter
657 4815 827 4866 altera
863 4812 981 4865 avis
1028 4810 1341 4864 caedebatur
1363 4825 1462 4877 pro
1499 4817 1748 4876 peccato,
1790 4809 1960 4861 altera
1990 4814 2102 4857 tota
2144 4807 2621 4866 concremabatur,
2655 4815 2872 4860 utesset
2912 4810 3322 4867 holocaustum.
3357 4813 3514 4878 Quod

261 4914 394 4953 vero
430 4915 528 4967 pro
563 4909 786 4967 peccato
815 4899 976 4952 nobis
1004 4897 1162 4950 ﬁebat
1188 4897 1525 4964 propitiatio,
1565 4897 1700 4950 satis
1756 4896 2140 4948 manifestatur
2170 4893 2254 4946 his
2284 4893 2469 4944 verbis
2494 4910 2505 4944 :
2533 4912 2550 4942 ι
2579 4891 2640 4944 Et
2670 4893 2909 4960 placabit
2940 4911 3038 4963 pro
3061 4913 3126 4950 eo
3158 4901 3438 4954 sacerdos.
3490 4923 3507 4954 ι

344 4989 458 5054 Vir,
491 4988 557 5041 de
584 5005 686 5056 quo
714 4988 986 5055 egreditur
1044 4986 1305 5039 somniale
1333 5001 1528 5044 semen.
1562 4994 1668 5038 etc.
1705 4982 1844 5053 [16].
1880 4982 2055 5050 Supra
2092 4997 2216 5034 cum
2255 4983 2415 5033 verba
2451 4979 2656 5033 faceret
2689 4981 2754 5033 de
2791 4982 3064 5051 profluvio
3095 4987 3322 5041 seminis
3356 4992 3510 5058 geni-

261 5078 433 5140 talis,
471 5077 692 5144 lougum
740 5082 794 5129 et
831 5075 1156 5128 continuum
1207 5074 1502 5141 descripsit
1563 5072 1838 5126 morbum.
1897 5070 2052 5123 Nunc
2086 5085 2218 5122 vero
2257 5069 2502 5136 disputat
2546 5071 2611 5120 de
2666 5073 2880 5132 morbo,
2917 5087 3077 5138 quem
3112 5074 3253 5141 parit
3286 5079 3512 5133 seminis

260 5165 627 5235 profluvium,
679 5164 1025 5233 particulari.
1087 5161 1201 5216 llac
1251 5163 1302 5215 in
1353 5178 1410 5216 re
1474 5177 1582 5214 non
1637 5160 1852 5213 aldudit
1881 5159 1948 5211 ab
1987 5157 2070 5208 his
2104 5156 2304 5217 verbis,
2333 5173 2566 5222 quorum
2601 5157 2684 5208 hic
2721 5165 2876 5210 tenor
2907 5167 2988 5211 est
3017 5176 3028 5211 :
3058 5178 3075 5210 ι
3107 5161 3163 5214 Si
3202 5163 3327 5230 quis
3364 5167 3508 5219 enim

257 5263 435 5307 totam
493 5253 664 5320 legem
713 5260 1010 5306 exsecutus
1045 5249 1232 5314 fuerit,
1284 5258 1338 5302 et
1375 5248 1716 5302 aberraverit
1748 5249 1815 5299 ab
1851 5262 1952 5298 tina
1977 5283 1992 5307 ,
2040 5246 2283 5298 omnium
2333 5243 2510 5297 factus
2542 5253 2620 5297 est
2657 5261 2781 5298 reus
2829 5246 2890 5299 ³³.
2934 5267 2952 5299 ι
3000 5247 3102 5312 Qui
3138 5251 3280 5302 enim
3318 5251 3457 5306 dixit
3493 5275 3505 5309 :

261 5361 280 5392 ε
325 5341 448 5393 Non
481 5341 799 5394 commutes
831 5339 1194 5402 adulterium,
1243 5357 1261 5388 ι
1303 5336 1445 5389 dixit
1478 5352 1697 5404 quoque
1729 5353 1742 5389 :
1784 5353 1801 5385 ι
1837 5333 1913 5387 Ne
1961 5334 2202 5387 Occidas.
2242 5352 2258 5383 ι
2291 5332 2346 5385 Si
2395 5350 2500 5386 non
2535 5333 2861 5388 adulterium
2901 5339 3236 5403 committas,
3269 5350 3323 5394 at
3361 5345 3507 5397 occi-

256 5430 370 5491 dis,
411 5430 527 5498 jam
577 5427 715 5495 legis
767 5427 944 5480 factus
989 5441 1048 5479 cs
1095 5434 1494 5495 transgressor.
1556 5425 1752 5476 Verum
1801 5423 1852 5475 in
1896 5422 2115 5475 Christo
2153 5423 2448 5490 puritatem
2483 5425 2842 5490 consequitur
2874 5433 2927 5477 ct
2966 5426 3074 5479 ille.
3133 5425 3237 5481 Sed
3290 5431 3506 5484 interim

256 5532 406 5585 aqua
462 5516 766 5585 requiritur
817 5513 883 5566 ad
939 5513 1236 5582 puritatem
1286 5511 1722 5582 adipiscendam.
1763 5511 1971 5564 Christi
2017 5524 2148 5562 vero
2189 5508 2457 5563 adventus
2495 5510 2650 5563 nobis
2692 5511 3012 5579 przcdicitur
3045 5513 3147 5569 hoc
3187 5515 3340 5581 loco,
3378 5517 3506 5573 dmn

331 5698 349 5727 ³
389 5694 585 5750 Ierem.
623 5712 774 5752 rtus.
800 5696 889 5747 '52.
967 5693 986 5724 ⁸
1013 5691 1207 5745 Matth.
1242 5709 1386 5751 μιν,
1427 5691 1482 5744 ‘2.
1561 5693 1578 5722 ⁸
1605 5691 1764 5743 non].
1796 5706 1869 5751 xt,
1901 5689 1992 5741 9.5.

1814 5706 1869 5751 :t,
1901 5689 1992 5741 9.5.
2068 5690 2087 5720 °
2121 5687 2284 5741 Micb.
2315 5703 2388 5744 IV.
2433 5687 2483 5740 ‘7.
2565 5689 2582 5717 ⁷
2617 5685 2758 5742 Osee
2792 5705 2870 5746 ιιι.
2907 5689 3024 5742 ιο.
3101 5690 3120 5720 ⁸
3151 5689 3306 5743 Cant.
3341 5706 3413 5755 tv,
3454 5692 3506 5745 5.

254 5769 509 5824 Ἐωι-ὶι.
543 5783 732 5824 xxxvr.
772 5765 863 5818 23.
976 5766 1020 5795 "
1057 5762 1212 5816 Rom.
1261 5779 1298 5823 ι,
1355 5763 1413 5816 l7
1444 5778 1598 5831 seqq.
1683 5763 1718 5791 ¹¹
1766 5761 1931 5815 Cccli.

1547 5778 1598 5831 ιι.
1683 5763 1718 5791 ¹¹
1766 5761 1931 5815 Ευυιι.
1971 5776 2088 5823 sui,
2129 5760 2180 5813 1.
2262 5762 2302 5791 η
2343 5755 2532 5812 lTim.
2566 5776 2633 5823 v,
2669 5757 2760 5815 ‘22.
2843 5759 3019 5814 "Jac.
3057 5777 3113 5823 ιι,
3150 5759 3230 5814 to.

543 5865 812 5923 Parnm“
846 5864 959 5921 Gn.
998 5859 1344 5922 LXXXVII.
3011 5856 3082 5914 '2';
