4286 6444
741 406 845 471 747
2065 369 2416 465 modum
2450 404 2720 466 GA'IAII‘
3891 411 4008 482 ua

743 511 1133 584 pTOIIUIlliultll'
1185 510 1273 565 ille
1315 525 1438 564 esse
1487 509 1807 564 immundus
1838 526 2012 579 usque
2044 513 2110 565 ad
2150 526 2455 581 vesperam.
2500 512 2653 566 "and
2688 511 2961 566 dissimile
2989 513 3212 582 genitali
3251 515 3522 581 profluvio
3563 525 3647 572 est
3684 520 4009 587 proﬂuvium

742 598 1033 669 sanguinis
1065 598 1314 650 mulieris
1347 597 1728 658 immodicum,
1774 598 1978 650 malum
2027 599 2450 653 immedicabile.
2483 600 2553 651 At
2587 599 2808 653 marbos
2840 599 2962 651 illos
2987 613 3180 652 omnes
3219 601 3364 654 tollit
3409 611 3462 655 et
3505 613 3702 673 purgat
3732 606 4009 663 Christus.

743 687 947 741 Verum
986 683 1304 754 purilicatio
1342 699 1468 737 vera
1516 697 1624 735 non
1669 684 1780 745 hic,
1826 686 1920 737 SCfI
1963 685 2015 736 in
2056 684 2240 737 futuro
2271 687 2435 738 sazcul

2317 687 2472 738 eculo
2507 687 2780 753 obtinget.
2817 684 2992 753 Hujus
3021 687 3179 753 quasi
3209 688 3536 754 prtelutlium
3573 693 3786 744 exstitit
3820 704 4009 746 octata

738 771 1174 827 resurrectionis
1201 771 1343 831 dies,
1377 770 1429 822 in
1462 785 1572 837 quo
1609 772 1915 823 resurrexit
1944 770 2202 824 Christus
2234 772 2736 840 irreprehensibilis
2769 773 2969 825 hostia.
3005 773 3262 827 Christus
3290 783 3473 828 autem
3515 785 3574 828 ut
3604 779 4014 834 demonstraret
4074 836 4080 841 _

738 861 793 914 in
827 857 1014 913 futuro
1047 857 1250 911 smculo
1285 871 1388 910 nos
1427 857 1752 910 inventuros
1783 856 2083 925 perfectam
2121 857 2412 922 puritatem
2437 900 2450 923 ,
2491 860 2744 927 leprosos
2779 859 2992 912 sanavit
3023 860 3213 922 verbo,
3245 869 3298 915 et
3341 877 3456 915 sure
3490 878 3689 919 manus
3720 876 4007 920 contactu.

735 952 1006 1008 Prmterca
1052 947 1321 1015 elargitus
1359 957 1445 1000 est
1479 948 1779 1012 puritatem
1830 946 2047 999 mulieri
2101 944 2386 1012 sanguinis
2419 944 2691 1014 proﬂuvio
2745 945 3042 1010 laboranti,
3081 962 3204 999 cum
3240 949 3569 1016 contigisset
3617 952 3888 1004 fimbriam
3923 971 4012 1015 ve-

734 1038 980 1092 stimenti
1023 1037 1219 1104 ipsius.
1259 1034 1609 1103 Quapropter
1650 1033 1762 1100 jam
1797 1041 2160 1100 utrorumque
2203 1039 2313 1084 tam
2362 1031 2729 1099 leprosorum,
2770 1045 2938 1099 quam
2980 1031 3274 1100 sanguinis
3321 1032 3596 1101 profluvio
3637 1035 4010 1095 laborantium

735 1126 1025 1193 impuritas
1058 1133 1113 1176 ct
1159 1121 1382 1175 fmditas
1418 1119 1710 1189 purificata
1742 1129 1846 1172 est.
1887 1120 2015 1172 Haec
2063 1118 2276 1187 puritas
2306 1117 2527 1170 obvenit
2574 1131 2638 1169 ex
2683 1118 2966 1170 consortio
2999 1132 3188 1171 eorum
3233 1119 3328 1188 qui
3361 1121 3657 1187 puritatem
3694 1135 3821 1175 sunt
3857 1137 4015 1182 asse.

732 1215 847 1267 cuti
874 1229 886 1264 :
916 1220 970 1266 et
1003 1226 1066 1265 ex
1107 1211 1310 1262 virtute
1355 1208 1575 1260 illorum
1608 1207 1703 1274 qui
1752 1206 2037 1275 repurgati
2072 1212 2200 1258 sunt
2241 1203 2311 1256 ab
2364 1201 2663 1255 illiusmodi
2723 1201 3089 1257 fmditatibus.
3123 1202 3235 1257 Nec
3277 1219 3384 1258 non
3433 1206 3736 1274 plurimum
3763 1209 3908 1276 juvit
3960 1211 4013 1261 in

735 1305 836 1354 hac
860 1315 919 1353 re
950 1298 1305 1368 participatio
1326 1295 1580 1362 spiritus,
1606 1295 1698 1362 qui
1735 1293 1950 1346 fortiter
1983 1292 2308 1345 munditiem
2345 1289 2564 1342 inducit
2587 1289 2854 1343 sordibus
2885 1289 3175 1344 abstersis.
3210 1287 3508 1345 Promovet
3535 1293 3678 1347 hanc
3713 1297 4012 1362 puritatem

735 1387 1083 1440 familiaritas
1113 1398 1329 1442 eorum,
1374 1381 1466 1448 qui
1516 1380 1837 1448 impuritatc
1873 1386 2107 1439 carent;
2157 1379 2207 1429 in
2243 1377 2444 1444 quibus
2475 1385 2560 1430 est
2609 1377 2866 1446 spiritus,
2915 1385 2976 1429 ut
3008 1375 3224 1445 possint
3257 1378 3555 1445 purificarc
3597 1391 3650 1435 et
3693 1381 4008 1449 pprificent.

733 1473 867 1526 Nam
898 1473 1024 1526 talis
1052 1467 1428 1523 manifestatio
1459 1467 1695 1536 spiritus
1726 1474 1811 1520 est
1844 1466 2021 1519 utilis.
2058 1465 2342 1533 Siquidem
2380 1464 2508 1516 data
2537 1473 2621 1516 est
2655 1461 3035 1516 manifestatio
3064 1463 3294 1531 spiritus
3327 1464 3394 1517 ad
3434 1467 3730 1521 utilitatem
3773 1470 3837 1521 ".

811 1581 874 1635 Et
913 1594 1015 1631 non
1049 1576 1420 1647 ingrediantur
1455 1575 1598 1629 omni
1629 1584 1864 1642 tempore
1893 1574 1946 1626 in
1979 1573 2372 1634 sanctuarium,
2425 1580 2533 1624 etc.
2573 1569 2742 1642 [XV],
2766 1569 2845 1641 2].
2881 1568 3186 1639 Oportebat
3216 1572 3360 1625 enim
3396 1581 3584 1644 typum
3619 1574 3786 1647 356
3825 1593 4014 1634 sacer-

734 1670 867 1724 tiotii
894 1666 1097 1721 Christi
1113 1662 1434 1716 conservari
1463 1675 1684 1732 purum,
1716 1661 1810 1729 qui
1842 1662 2011 1715 semel
2044 1659 2298 1713 introivit
2330 1660 2382 1711 in
2414 1657 2616 1711 Sancta
2651 1665 2993 1721 sanctorum,
3032 1664 3238 1710 aeterna
3276 1658 3656 1727 redemptione
3686 1677 3924 1733 reperta.
3958 1667 4012 1719 Id

736 1766 792 1809 ut
821 1756 923 1811 sub
949 1761 1079 1823 typo
1110 1750 1344 1820 quodam
1375 1749 1852 1803 demonstraretur
1879 1749 2080 1818 priscis
2113 1745 2455 1807 mortalibus,
2490 1743 2805 1812 pontificem
2837 1743 3138 1811 quotannis
3156 1744 3326 1796 semel
3359 1745 3415 1796 in
3448 1745 3657 1799 Sancta
3689 1757 4013 1804 sanctorum

735 1850 945 1900 intrare
977 1840 1284 1911 oportebat.
1314 1837 1454 1890 Hinc
1486 1853 1595 1892 non
1626 1838 1693 1891 ab
1721 1853 1779 1892 re
1810 1838 1987 1907 inquit
2014 1837 2307 1890 Christus:
2330 1850 2348 1885 ι
2377 1831 2490 1900 Ego
2523 1845 2646 1884 sum
2675 1830 2882 1884 veritas
2910 1830 2952 1860 ¹³
2974 1847 3021 1894 ,r
3060 1829 3112 1882 id
3141 1838 3249 1892 est,
3283 1829 3528 1898 impletin
3563 1841 3846 1903 typorum,
3875 1854 4014 1906 quos

735 1934 820 1986 lex
857 1929 1127 1985 continet.
1167 1926 1451 1995 Siquidem
1487 1925 1611 1978 finis
1645 1925 1778 1993 legis
1809 1934 1864 1979 et
1897 1927 2292 1993 prophetarum
2328 1928 2406 1974 est
2435 1917 2715 1970 Christus.
2750 1914 2809 1968 Si
2839 1929 2970 1968 vero
3013 1915 3252 1983 capitale
3293 1918 3630 1985 supplicium
3663 1921 4016 1990 irrogabatur

734 2013 1080 2088 delinquenti
1115 2015 1168 2067 in
1201 2023 1380 2084 typos,
1416 2027 1525 2080 qua
1562 2026 1725 2080 pmna
1758 2011 2041 2066 feriendus
2074 2018 2195 2074 est,
2238 2008 2331 2078 qui
2362 2006 2660 2074 deliquerit
2707 2003 2761 2057 in
2797 2003 2974 2073 ipsam
3019 2003 3344 2067 veritatem,
3377 2007 3468 2060 cui
3502 2022 3599 2060 sua
3629 2007 4015 2064 incredulitate

736 2122 962 2176 magnas
992 2103 1357 2158 contumelias
1390 2099 1568 2154 fecere
1598 2099 1808 2154 Judaei!

808 2217 869 2270 Et
907 2216 1130 2269 intrabit
1159 2215 1342 2265 Aaron
1378 2214 1432 2265 in
1472 2211 1730 2266 Sanctum
1759 2229 1874 2265 cum
1907 2213 2177 2280 sarriﬁcio
2213 2208 2387 2274 vituli,
2416 2216 2524 2260 etc.
2567 2205 2704 2277 [ιη.
2745 2207 2953 2271 Aaron,
2989 2205 3120 2259 licet
3145 2204 3287 2260 foret
3313 2214 3478 2277 typus
3497 2207 3726 2275 Christi,
3759 2226 3884 2266 cum
3927 2222 4010 2266 ta-

733 2322 858 2360 men
905 2304 1127 2357 interim
1173 2309 1320 2355 esset
1357 2302 1544 2363 homo,
1582 2315 1811 2354 necesse
1846 2310 2001 2364 erat,
2042 2308 2100 2351 ut
2141 2313 2242 2353 sua
2309 2305 2530 2366 peccata
2584 2293 2867 2348 sacrificio
2913 2293 3183 2360 expiaret.
3235 2293 3347 2349 Nec
3396 2305 3579 2352 tamen
3630 2309 3890 2353 aeternam
3927 2317 4012 2354 re-

731 2393 1109 2462 demptionem
1147 2388 1356 2440 invenit
1383 2403 1479 2456 per
1505 2389 1832 2456 sanguinem
1863 2387 2142 2440 hircorum
2179 2397 2232 2440 et
2265 2383 2587 2438 vitulorum.
2620 2379 2817 2433 Verum
2838 2377 3116 2461 Christus,
3147 2381 3241 2450 qui
3277 2396 3372 2451 per
3403 2398 3567 2436 suum
3591 2387 3916 2455 sanguinem
3953 2387 4009 2440 in

737 2481 941 2535 Sancta
983 2489 1304 2531 sanctorum
1342 2491 1464 2529 sese
1496 2477 1724 2543 recepit,
1779 2475 1846 2535 is,
1884 2476 2132 2543 inquam,
2167 2489 2268 2528 nos
2299 2469 2540 2543 perfecte
2586 2468 2838 2522 redemit.
2868 2466 2970 2524 Per
2999 2467 3146 2521 hunc
3178 2469 3452 2538 siquidem
3488 2471 3653 2524 etiam
3694 2475 4012 2529 sacerdotes

733 2565 1194 2638 purificabantur.
1227 2561 1502 2615 Caeterum
1535 2562 1743 2615 Christi
1785 2561 2117 2616 sacrificium
2153 2562 2324 2615 fuisse
2356 2562 2602 2628 undique
2632 2561 2950 2613 absolutum
2984 2568 3039 2613 et
3066 2559 3377 2629 perfngum
3412 2562 3605 2617 edocet
3631 2562 3857 2618 vitulus.
3883 2566 4014 2620 Per-

732 2656 873 2711 fecta
924 2654 1068 2707 enim
1119 2661 1172 2705 et
1205 2649 1494 2719 magnifica
1531 2650 1690 2702 docet
1735 2665 1859 2704 esse
1903 2650 1995 2703 illa
2036 2648 2330 2712 sacrificia,
2365 2661 2621 2718 quae‘pro
2664 2647 2877 2703 sanctis
2909 2648 3219 2702 ceduntur.
3285 2649 3442 2713 Quod
3483 2665 3612 2704 vero
3659 2650 3835 2706 [enm-
3874 2653 4011 2708 illud

729 2742 1062 2799 sacrificium
1093 2754 1291 2794 suaves
1311 2736 1538 2790 fundere
1563 2740 1784 2799 odores,
1814 2737 2135 2792 memineris
2165 2737 2296 2789 illud
2327 2734 2662 2791 sacrificium
2691 2735 2879 2789 arietis
2905 2750 3005 2788 sua
3032 2734 3441 2804 jucundissima
3461 2735 3759 2804 fragrantia
3789 2739 4012 2809 fugasse

716 2840 958 2885 nostros
997 2837 1172 2881 tetros
1207 2825 1442 2888 odores,
1473 2824 1680 2894 quibus
1699 2816 1921 2878 vnumen
1957 2824 2360 2878 olIendebatur.
2399 2825 2585 2876 Aaron
2635 2831 2821 2877 autem
2869 2839 2976 2876 non
2996 2823 3237 2891 'jubetur
3275 2824 3329 2877 in
3371 2825 3560 2878 habitu
3595 2827 3877 2894 pontificio
3909 2845 4008 2884 ex-

728 2913 880 2988 piare
908 2930 1006 2971 sua
1041 2921 1288 2984 peccata,
1318 2927 1442 2981 qua:
1468 2911 1711 2965 insciens
1742 2911 2094 2964 commiserat
2120 2928 2135 2976 ;
2162 2927 2268 2964 non
2304 2911 2450 2965 enim
2479 2916 2559 2964 las
2589 2919 2730 2974 erat,
2765 2919 2824 2964 ut
2853 2912 2990 2978 ipse,
3021 2912 3150 2964 dum
3171 2927 3282 2965 rem
3313 2926 3528 2966 sacram
3563 2929 3662 2982 pro
3688 2930 3747 2970 se
3779 2917 4008 2983 faceret,

728 3005 1147 3074 conspiceretur
1180 3010 1413 3055 ornatus
1442 2999 1647 3053 vestitu
1683 2998 1988 3068 pontificio,
2016 3015 2125 3067 quo
2157 2999 2426 3053 referebat
2448 2996 2751 3061 Christum,
2787 2997 2878 3065 qui
2900 2998 3173 3066 ignoravit
3207 3007 3520 3068 peccatum,
3552 3009 3606 3054 et
3634 3004 3821 3070 quem,
3847 3010 4010 3074 quasi

727 3093 833 3148 sub
857 3101 1009 3162 typo,
1053 3087 1513 3143 demonstrab-mt
1541 3086 1910 3139 sacerdotium
1960 3097 2014 3139 et
2057 3087 2203 3156 regia
2251 3093 2506 3156 petestas.
2566 3083 2718 3154 Opus
2755 3096 2873 3139 erat
2907 3086 3124 3139 lavacro
3168 3088 3603 3156 regenerationis
3653 3095 3870 3158 paranti
3923 3096 4009 3147 in-

726 3182 883 3252 gredi
929 3182 982 3233 in
1018 3177 1219 3232 Sancta
1266 3186 1608 3234 sanctorum,
1647 3174 1857 3227 scilicet
1898 3173 1950 3226 in
1991 3174 2405 3228 tabernaculum
2444 3166 2655 3239 vet-um,
2711 3174 2858 3243 quod
2903 3176 3019 3228 fixit
3054 3174 3349 3242 Dominus,
3379 3175 3433 3231 e't
3471 3193 3580 3231 non
3630 3180 3816 3234 homo.
3858 3181 4012 3248 Qua-

727 3275 955 3338 propter
998 3266 1182 3318 Aaron
1231 3278 1372 3331 aqua
1415 3264 1531 3314 viva
1567 3261 1720 3329 prius
1753 3261 2044 3313 irroratur.
2085 3261 2154 3314 At
2196 3263 2331 3315 odor
2363 3264 2444 3316 vel
2481 3278 2647 3330 vapor
2680 3263 3089 3333 thymiamatis,
3137 3263 3300 3332 quasi
3359 3264 3502 3319 nulie
3548 3267 3838 3336 obtegebat
3881 3286 4011 3340 pro-

727 3355 1094 3424 pitiatorium.
1135 3350 1418 3420 Siquidem
1471 3348 1724 3403 Christus
1774 3349 2093 3403 immolatus
2144 3359 2226 3401 est
2273 3358 2332 3402 ut
2380 3351 2590 3404 vitulus
2639 3357 2741 3403 :et
2785 3364 2887 3402 ceu
2937 3349 3324 3406 holocaustum
3371 3353 3562 3408 arietis
3607 3356 3870 3412 incensus
3901 3361 4008 3413 est.

728 3443 946 3514 Spargit
981 3441 1047 3494 de
1086 3455 1146 3494 se
1180 3437 1579 3492 suavissimum
1617 3437 1874 3500 odorem,
1911 3443 1969 3490 ut
2007 3444 2170 3491 tenue
2222 3445 2275 3489 et
2311 3439 2510 3491 subtile
2552 3438 2868 3508 thymiama,
2901 3448 2953 3492 et
2981 3439 3166 3508 explet
3201 3439 3523 3509 fragrantia,
3551 3458 3675 3512 qua:
3720 3446 4010 3502 intellectu

726 3530 1054 3601 percipitur,
1090 3535 1346 3581 sanctum
1401 3526 1847 3589 tabernaculmu,
1883 3539 2077 3592 nempe
2110 3524 2433 3580 Ecclesium.
2481 3522 2720 3608 Proinde
2757 3523 3002 3579 Ecclesia
3039 3527 3328 3581 Christum
3373 3530 3615 3600 appellat
3650 3532 3738 3588 bis
3773 3535 3959 3592 verbis
3992 3555 4005 3590 :

731 3638 748 3670 ι
784 3616 1134 3688 Unguentum
1165 3613 1399 3668 effusum
1431 3628 1628 3666 nomen
1663 3620 1819 3664 tuum
1863 3619 1967 3665 est.
2033 3611 2383 3681 Quapmpler
2450 3613 2885 3666 adulescentula:
2927 3613 3236 3669 dilexerunt
3273 3623 3348 3678 te,
3392 3618 3445 3670 in
3483 3619 3652 3674 odore
3695 3632 4009 3691 unguento-

725 3723 846 3761 rum
893 3716 1115 3758 tuorum
1150 3701 1528 3756 curremus”.
1576 3720 1593 3750 ι
1637 3701 1700 3752 Et
1743 3701 1856 3753 haec
1889 3701 2107 3770 quidem
2153 3701 2500 3769 pertinebant
2539 3701 2604 3756 ad
2645 3701 3016 3765 sacrificium,
3053 3718 3162 3771 quo
3197 3719 3258 3758 se
3291 3707 3548 3774 expiabat
3593 3708 3795 3763 Aaron.
3832 3709 4012 3766 Cate-

726 3811 845 3851 rum
880 3807 982 3864 pro
1012 3791 1196 3861 populi
1235 3789 1455 3843 delictis
1500 3788 1875 3858 poscebantur
1906 3789 2017 3842 duo
2063 3789 2202 3842 hirci
2245 3803 2368 3840 cum
2405 3790 2606 3854 ariete,
2638 3789 2731 3857 qui
2778 3789 3035 3860 explebat
3081 3791 3492 3847 holocaustum.
3529 3795 3706 3851 Sorte
3754 3813 3888 3853 vero
3938 3816 4010 3856 ex

724 3882 897 3936 hircis
945 3879 1274 3947 eligebatur,
1322 3878 1414 3946 qui
1465 3876 1860 3935 inunolandus.
1890 3884 1942 3930 et
1974 3877 2069 3945 qui
2109 3876 2475 3931 dimittendus
2507 3879 2560 3930 in
2594 3879 2954 3934 solitudinem
2996 3891 3208 3936 vastam
3253 3891 3420 3937 esset.
3451 3884 3683 3949 Quidam
3717 3887 4010 3957 perhibent

723 3972 958 4026 alterum
997 3967 1239 4031 hircum,
1262 3965 1354 4034 qui
1388 3964 1799 4027 dimittebatur,
1825 3964 2139 4017 consecrari
2174 3963 2404 4017 demoni
2440 3965 2659 4018 cuidam
2694 3967 3086 4036 Apopompzo.
3121 3967 3224 4022 Sed
3255 3969 3369 4023 haec
3401 3972 3591 4040 opinio
3611 3977 4010 4043 superstitione

725 4057 870 4112 haud
892 4064 1068 4118 vacat,
1098 4055 1382 4123 legemque
1408 4053 1717 4114 insimulat,
1754 4051 1912 4120 quasi
1938 4051 2387 4119 superstitionem
2423 4052 2649 4119 doceat;
2670 4070 2796 4108 cum
2827 4063 3009 4109 tamen
3040 4057 3275 4110 summis
3309 4059 3522 4115 viribus
3551 4060 3603 4114 id
3630 4073 3862 4117 conetur
3898 4066 4008 4132 lex,

725 4157 781 4199 ut
801 4161 902 4199 nos
925 4143 1342 4219 abidololatriae
1362 4141 1578 4194 insania
1602 4140 1818 4193 liberet.
1853 4138 1998 4192 Dens
2025 4141 2226 4193 etenim
2252 4140 2403 4193 solus
2436 4141 2672 4208 ignoscit
2697 4150 2751 4195 et
2782 4143 3228 4198 remittitdelicta
3250 4160 3264 4208 ;
3284 4153 3339 4199 et
3357 4148 3696 4215 sacrificium
3721 4151 3872 4220 quod
3898 4153 4007 4206 im-

725 4237 965 4288 molatur
995 4231 1130 4292 Deo,
1156 4230 1282 4298 quis
1303 4228 1525 4295 negabit
1550 4243 1672 4282 esse
1693 4226 1980 4280 sanctum?
2001 4227 2156 4291 Quod
2182 4242 2312 4280 vero
2330 4226 2690 4283 consecrafur
2713 4229 2844 4294 Deo,
2877 4231 2928 4284 id
2953 4232 3084 4296 nulli
3103 4232 3193 4286 alii
3225 4243 3308 4287 est
3325 4234 3713 4292 addicendum.
3733 4239 3788 4292 Si
3807 4248 4009 4296 cetera

725 4322 1025 4384 sacrificia,
1062 4320 1294 4399 qttibus‘
1325 4317 1678 4370 immolantes
1708 4331 1805 4370 sua
1849 4327 2067 4388 peccata
2102 4317 2412 4386 impontmt,
2447 4327 2575 4371 sunt
2608 4327 2823 4381 sancta,
2854 4327 3004 4373 certe
3040 4320 3177 4374 satis
3211 4321 3380 4389 liquet
3409 4328 3577 4378 etiam
3610 4327 3762 4380 illum
3789 4328 4006 4384 hircum

729 4420 985 4466 sanctum
1019 4405 1261 4460 censeri.
1287 4403 1488 4458 Verum
1524 4404 1828 4458 necessitas
1855 4404 2182 4469 postulabat,
2215 4413 2274 4458 ut
2305 4405 2694 4459 ostenderetur
2721 4406 2886 4459 Deum
2920 4406 3226 4476 imperasse
3260 4417 3318 4462 ut
3351 4409 3456 4464 sibi
3487 4412 3654 4465 etiam
3686 4413 3980 4471 oﬂerretur

725 4498 938 4561 hircus,
987 4493 1081 4564 qui
1118 4492 1544 4560 deportabatur.
1588 4491 1644 4545 ια
1677 4491 1901 4561 quidem
1939 4492 2098 4546 facile
2125 4494 2358 4562 probatu
2389 4502 2496 4547 est.
2544 4491 2681 4545 Nam
2747 4493 2928 4561 inquit
2961 4513 2974 4546 :
3010 4511 3030 4545 ι
3064 4494 3320 4562 Accipies
3352 4497 3570 4552 hircum
3598 4500 3785 4555 vivum
3817 4518 4007 4559 coram

724 4585 980 4646 Domino,
1005 4590 1066 4634 ut
1093 4580 1336 4650 expiatio
1364 4595 1462 4650 per
1489 4594 1614 4633 eum
1632 4579 1745 4641 fiat.
1770 4588 1823 4634 et
1838 4580 2176 4650 relegeturin
2200 4581 2502 4636 desertum.
2525 4598 2544 4630 ι
2567 4578 2723 4646 Quod
2745 4580 2966 4649 quidem
2995 4583 3389 4653 interpretatus
3414 4594 3502 4640 est
3521 4586 3748 4656 Aquilas
3777 4591 3831 4644 in
3860 4592 4011 4648 hunc

722 4671 947 4726 modum
974 4710 989 4734 ,
1032 4678 1092 4722 ut
1133 4667 1445 4722 referantur
1478 4667 1739 4734 praedicta
1772 4667 1940 4721 verba
1978 4669 2032 4720 in
2066 4668 2282 4722 hircum
2305 4707 2320 4731 ,
2351 4668 2445 4737 qui
2479 4669 2532 4722 in
2567 4667 2920 4722 solitudinem
2951 4669 3331 4725 emittebatur.
3369 4673 3441 4728 Ut
3482 4685 3666 4728 autem
3695 4679 3772 4732 rei
3803 4681 4010 4735 veritas
4062 4731 4068 4733 Α

727 4761 1125 4824 cognoscatur,
1175 4751 1498 4805 memineris
1524 4750 1741 4804 duabus
1774 4750 2019 4806 sortibus
2059 4752 2244 4806 bireos
2278 4753 2400 4809 illos
2437 4755 2611 4811 fuisse
2653 4758 2949 4811 discretos.
2984 4757 3152 4812 Alteri
3214 4760 3626 4817 inscribebatur
3659 4783 3673 4820 :
3708 4764 4013 4836 Dominus;

723 4846 878 4898 alteri
924 4866 934 4897 ;
964 4843 1376 4909 Apopompteus.
1408 4839 1514 4904 Qui
1547 4839 1788 4893 trahebat
1825 4839 2245 4909 inscriptionem
2287 4841 2526 4908 Domini,
2551 4846 2891 4912 caedebatur,
2916 4855 2970 4901 et
2999 4849 3364 4903 consecrabat
3388 4865 3491 4906 suo
3520 4868 3720 4910 cruore
3751 4857 4010 4916 intimum

723 4931 1170 4993 tabernaculum,
1200 4940 1255 4983 et
1290 4930 1465 4983 altare
1493 4927 1628 4982 foris
1659 4928 1849 4981 situm.
1889 4929 2298 4998 Apopompazus
2343 4931 2728 4988 dimittebatur
2761 4935 2817 4990 in
2843 4945 3059 4989 vastam
3096 4936 3476 5004 solitudinem,
3508 4949 3562 4995 et
3587 4943 3792 4998 inviam
3819 4987 3834 5011 ,
3880 4963 4010 5002 cum

722 5025 882 5094 prius
918 5022 1184 5077 sacerdos
1221 5028 1451 5091 peccata
1509 5022 1680 5073 totius
1716 5019 1903 5090 populi
1959 5019 2014 5072 in
2059 5019 2239 5088 ipsius
2282 5030 2449 5090 caput
2494 5021 2809 5077 effudisset.
2849 5021 3090 5093 Uterque
3119 5039 3248 5079 vero
3300 5025 3493 5084 hircus
3554 5029 3834 5088 Christum
3870 5051 4014 5105 prae-

721 5113 1021 5181 figurabat.
1066 5108 1202 5162 Nam
1269 5110 1494 5163 occisus
1552 5117 1638 5162 est
1703 5115 1762 5161 ut
1824 5107 2040 5173 homo,
2099 5109 2192 5177 qui
2263 5110 2425 5162 nobis
2479 5119 2839 5179 peccatorum
2901 5114 3118 5166 veniam
3184 5114 3526 5185 impetraret.
3588 5116 3735 5175 Idem
3791 5137 4014 5194 quoque

720 5202 1030 5256 sanctificat
1061 5198 1223 5269 357
1261 5197 1597 5261 Ecclesiam,
1634 5195 1782 5267 quod
1819 5197 1950 5251 inde
1985 5197 2344 5266 intelligitur,
2377 5199 2526 5267 quod
2553 5198 2678 5268 ejus
2718 5200 2951 5270 sanguis
2990 5201 3046 5254 in
3083 5199 3285 5256 Sancta
3315 5213 3635 5260 sanctorum
3670 5217 3757 5263 est
3798 5210 4009 5269 illatus.

719 5292 832 5344 Imo
874 5289 1233 5342 sanctitatem
1274 5287 1704 5357 impertiebatur
1737 5293 1792 5339 et
1823 5285 1932 5349 his,
1967 5285 2063 5355 qui
2102 5286 2212 5341 sub
2243 5285 2361 5356 lege
2390 5295 2576 5341 erant.
2616 5286 2734 5342 Hoc
2767 5289 2947 5357 ipsum
2982 5289 3334 5358 significabat
3372 5293 3550 5350 altare
3589 5294 3728 5353 foris
3764 5300 4012 5355 colloca-

719 5392 858 5434 tum.
893 5377 1029 5431 Nam
1062 5378 1204 5432 citra
1240 5392 1462 5430 omnetn
1491 5375 2026 5441 contradictionem,
2066 5375 2215 5446 quod
2257 5375 2444 5430 minus
2484 5385 2571 5430 est
2601 5390 2632 5429 a
2671 5377 2882 5446 majore
2919 5377 3295 5434 benedicitur.
3327 5380 3466 5435 Cum
3499 5382 3763 5442 Christus
3799 5389 4018 5444 sancti.

717 5477 883 5522 tatem
925 5475 1181 5535 pratstet,
1209 5467 1469 5535 profecto
1503 5464 1726 5519 videtur
1755 5463 1842 5519 lex
1873 5465 2061 5535 inopia
2082 5465 2363 5535 laborare,
2389 5481 2493 5520 nec
2526 5481 2694 5536 posse
2715 5467 3150 5523 sanctimoniam
3175 5473 3334 5525 dare.
3367 5471 3504 5526 Nam
3539 5473 3595 5528 in
3625 5477 4014 5534 huncmodum

715 5559 880 5610 docet
913 5553 1122 5612 Paulus
1165 5574 1176 5609 :
1216 5574 1233 5606 ι
1269 5554 1552 5620 Scientes,
1577 5553 1727 5623 quod
1757 5569 1866 5608 non
1889 5553 2424 5624 justificalurhomo
2454 5570 2520 5610 ex
2543 5554 2809 5626 operibus
2838 5555 2999 5626 legis,
3039 5558 3145 5612 nisi
3173 5575 3272 5628 per
3306 5559 3468 5615 fidem
3525 5561 3654 5619 Jesu
3686 5565 3918 5622 Christi.
3945 5568 4020 5627 Et

715 5661 818 5701 nos
853 5644 909 5698 in
933 5645 1222 5702 Christum
1257 5642 1449 5700 Jesum
1484 5643 1829 5700 credidimus
1864 5643 1928 5698 ".
1976 5643 2156 5700 rCunt
2188 5645 2360 5717 igitur
2392 5661 2492 5717 pro
2527 5645 2692 5700 nobis
2718 5662 2969 5703 amarum
3007 5649 3344 5718 supplicium
3381 5665 3684 5722 perpessus
3720 5670 3893 5726 esset,
3925 5674 4023 5717 re.

792 5826 828 5857 ³⁸
865 5827 882 5877 l
918 5823 1046 5880 Cer.
1109 5841 1203 5890 λιι,
1254 5827 1304 5878 7.
1388 5822 1619 5880 "Joan.
1690 5840 1804 5894 xlv,
1841 5824 1896 5913 6.
1979 5827 2022 5859 “
2061 5825 2224 5883 Cant.
2293 5838 2342 5894 t‘,
2395 5826 2536 5892 2,5.
2617 5829 2661 5862 ⁸⁷
2717 5826 2876 5884 Rom.
2947 5845 3028 5898 ιιι,
3089 5829 3223 5898 20.;
3280 5830 3460 5890 Galat.
3497 5837 3658 5902 ".16.
