4286 6444
265 398 375 460 749
1340 400 1869 459 t’ImlNli-ZXTARH
1919 399 1992 456 t.\'
2031 399 2461 456 Levrrtctrit.
3435 409 3538 467 τεο

268 511 428 570 vixit,
464 516 518 561 et
557 509 609 561 in
637 509 820 563 locum
859 512 1179 565 hominibus
1207 513 1585 574 inaccessum,
1611 511 2022 578 nempecuzlum
2067 513 2346 577 prol‘ec'us
2382 523 2488 570 est,
2515 527 2599 578 pa:
2623 521 2743 562 ’.ιιιή
2777 521 2825 562 cl
2866 512 3122 580 bajuiaus
3156 520 3316 583 quasi
3347 529 3532 570 Iltvsllzl

267 605 526 664 peccata.
571 598 695 664 Ipsi:
740 604 915 660 enim,
979 610 1037 652 ut
1085 602 1379 669 Scriptura
1442 614 1628 652 lnont't
1658 602 1719 658 "‘,
1767 606 1988 666 pcrcata
2039 606 2226 649 nostra
2275 599 2426 659 tulit,
2467 609 2518 648 et
2577 614 2674 664 pro
2712 600 2868 651 nobis
2925 603 3284 667 gravissimos
3321 606 3539 657 dolores

272 687 568 737 sustinuit.
601 685 668 739 Ut
711 687 879 755 igitur
912 704 996 741 res
1023 698 1168 742 esset
1205 689 1522 751 dilucidior,
1576 689 1941 755 Symmachus
1976 685 2056 736 sic
2087 696 2414 750 pratsrntem
2453 686 2632 736 locum
2666 688 2949 737 transtulit
2981 705 2992 737 :
3039 688 3244 740 Sortem
3283 707 3440 742 unam
3471 697 3537 742 nrt

266 775 479 825 hircum
518 776 824 826 abeuntem.
862 774 996 827 Nam
1028 777 1289 830 Christus
1326 777 1694 829 transmissus
1721 787 1826 835 est,
1857 773 2014 841 quasi
2046 790 2107 825 ex
2146 773 2308 823 nobis
2341 772 2390 820 in
2425 772 2806 822 «(nlicolarum
2847 773 3061 832 urbem,
3101 783 3158 823 ut
3189 787 3449 841 appareat
3486 780 3538 828 in

265 873 580 927 conspectu
631 861 721 912 Dei
763 871 818 913 et
855 873 1104 915 nostram
1139 878 1365 916 causam
1417 864 1719 928 suscipiat.
1769 869 1824 912 et
1856 875 1952 926 pro
1994 860 2155 911 nobis
2199 858 2367 909 dicat.
2438 857 2649 910 Idcirco
2684 860 2752 909 ait
2789 857 3033 912 Joannes
3073 878 3084 909 :
3121 879 3137 908 ι
3182 860 3382 924 Filioli,
3429 864 3540 915 hau:

265 949 458 998 scribo
495 949 676 1006 vobis,
703 957 760 998 ut
805 963 911 999 non
937 952 1199 1016 peccetis.
1235 950 1297 1001 Et
1335 951 1378 1001 si
1408 952 1536 1017 quis
1580 948 1917 1017 peccaverit,
1947 946 2273 998 advocatum
2307 951 2359 995 et
2383 950 2674 1010 patronum
2711 945 2982 999 habemus
3018 947 3158 1014 apud
3195 946 3415 1001 Patrem
3455 949 3541 1002 .Ie-

265 1052 391 1088 sum
427 1035 712 1088 Christum
736 1037 952 1103 justum
990 1057 1001 1090 :
1037 1048 1089 1088 et
1118 1041 1235 1105 ipse
1268 1052 1351 1091 est
1389 1039 1717 1106 propitiatio
1745 1049 1843 1104 pro
1870 1033 2113 1100 peccatis
2144 1031 2376 1087 nostris.
2420 1044 2520 1082 nec
2541 1033 2720 1081 solum
2755 1045 2854 1098 pro
2886 1035 3122 1095 nostris,
3161 1035 3257 1086 sed
3289 1051 3386 1102 pro
3417 1053 3542 1104 pec-

263 1136 408 1173 catis
449 1125 623 1173 ιοιίιις
673 1125 860 1174 mundi
901 1127 962 1176 υ.
1005 1144 1021 1174 i
1081 1125 1234 1185 Nam,
1281 1135 1336 1178 ut
1387 1130 1552 1179 habet
1607 1124 1979 1178 testimonium
2024 1117 2176 1169 Pauli
2202 1119 2270 1178 ὀ,
2338 1132 2649 1184 przecursor
2679 1133 2779 1185 pro
2831 1120 2999 1179 nobis
3038 1121 3322 1187 ingressus
3362 1133 3445 1177 cst
3488 1125 3539 1175 in

263 1211 498 1266 rcelum.
545 1220 600 1261 et
664 1212 781 1276 ipse
824 1212 981 1263 nobis
1041 1215 1254 1278 paravit
1297 1215 1438 1266 viam
1487 1225 1763 1266 recentem
1802 1217 1854 1261 et
1907 1208 2086 1258 vivam
2143 1207 2514 1258 introeuntem
2576 1205 2718 1256 intra
2774 1209 2976 1260 velum.
3036 1207 3224 1276 Itaque
3285 1212 3442 1275 quasi
3489 1213 3541 1263 in

267 1302 448 1348 Ioruia
508 1299 648 1349 hirci
697 1309 872 1365 portat
931 1311 1154 1366 peccata
1203 1313 1413 1354 nostra.
1469 1301 1599 1353 Nam
1665 1301 1852 1352 hircus
1899 1309 1957 1360 pr

1846 1316 1852 1346 ι
1899 1308 1994 1360 pro
2051 1292 2291 1359 peccatis
2350 1291 2582 1344 cadebat
2649 1294 2896 1344 \iCtima.
2956 1292 3200 1347 Duorum
3261 1297 3538 1349 hircorum

268 1388 569 1448 a-qualitas
597 1389 854 1455 subtypo
885 1388 1610 1442 demonstravitChristum.
1654 1387 1768 1437 Non
1789 1385 1932 1436 enim
1962 1382 2163 1434 licebat
2211 1396 2414 1433 ca'sum
2459 1381 2672 1435 hircum
2726 1385 3079 1438 reviviscere.
3134 1387 3352 1454 Alioqui
3405 1390 3541 1441 nihil

265 1475 427 1524 τίςηε
497 1484 646 1525 esse;
714 1473 937 1527 auferre
986 1491 1013 1526 ε
1071 1489 1308 1543 specum
1389 1480 1454 1529 Λι
1516 1475 1656 1528 licus
1735 1475 1900 1526 lttlIIIS
1963 1469 2134 1518 utitur
2206 1467 2540 1536 praestigiis,
2611 1484 2734 1520 cum
2795 1473 2980 1521 omnia
3038 1473 3213 1539 possit
3277 1475 3540 1543 singulari

268 1556 516 1621 quadam
552 1558 866 1608 meononiia
899 1559 1149 1624 exsequi.
1203 1558 1348 1611 iIirei
1379 1560 1691 1626 deliguntur
1733 1557 1843 1609 duo
1873 1568 1925 1610 et
1955 1555 2194 1622 :equales
2221 1555 2274 1606 in
2299 1557 2500 1620 quibus
2533 1558 2668 1607 nihil
2708 1558 2836 1608 vitio
2869 1565 3078 1612 vertere
3118 1561 3201 1612 vel
3229 1563 3541 1628 improbare

269 1643 480 1708 possis.
523 1643 670 1694 Idem
721 1644 809 1694 hic
832 1643 1063 1704 accidit,
1121 1646 1265 1713 quod
1302 1647 1352 1698 in
1391 1647 1768 1714 puriﬁcatione
1799 1644 2021 1712 leprosi.
2059 1639 2192 1691 Nam
2244 1641 2368 1692 istic
2396 1657 2500 1693 una
2540 1643 2753 1695 avicula
2786 1659 3007 1713 quoque
3047 1646 3458 1710 iuinolabatur,
3490 1660 3541 1702 et

265 1732 446 1782 altera
474 1731 898 1797 permittebatur
931 1732 1173 1786 avolare.

345 1817 453 1878 ’ος
485 1815 562 1866 ἄν
588 1816 796 1881 σφάξῃ
820 1817 1423 1884 μόσχον-ἣπρόόατον
1449 1798 1652 1886 iiulra.
1677 1820 1746 1870 Τὸ
1766 1822 1863 1886 μὲν
1896 1829 1936 1884 Α

1853 1841 1863 1868 ρ
1896 1829 1936 1884 Α
2041 1817 2355 1885 Quicunque
2392 1819 2704 1870 mactarerit
2734 1819 2982 1884 vitulum,
3016 1832 3107 1871 aut
3143 1838 3308 1885 avent,
3337 1832 3429 1873 a..t
3455 1840 3545 1874 ca-

279 1903 577 1972 Ἑὸραῐκὸν
609 1904 708 1972 τὴν
741 1904 1027 1972 παροῦσαν
1063 1906 1176 1973 ἔχει
1209 1907 1370 1976 ῥῆσιν
1424 1910 1563 1975 μετὰ
1594 1909 1695 1976 τὴν
1731 1908 1858 1976 περὶ

263 1995 366 2047 τοῦ
392 1996 813 2062 ἁποπομπαίου,
849 1996 916 2047 τὰ
956 1997 1014 2048 δὲ
1045 1997 1202 2049 κοινά
1235 1999 1545 2067 ἀντίγραφα
1581 1999 1679 2068 τὴν
1728 2001 1858 2069 περὶ

263 2085 366 2138 τοῦ
431 2086 688 2154 ἱλασμοῦ.
758 2087 1118 2162 Ἀπαγορεύει
1160 2089 1215 2140 δὲ
1265 2090 1456 2143 θυσίαν
1517 2089 1751 2160 ἀλλαχοῦ
1783 2092 1857 2160 μὴ

263 2175 522 2243 γίνεσθαι
573 2175 670 2241 τῆς
719 2178 946 2243 σκηνῆς,
985 2177 1079 2243 τῆς
1115 2176 1433 2241 Αἰγυπτίων
1486 2177 1681 2238 αὐτοὺς
1722 2178 1858 2228 ἀπο·

267 2267 458 2336 φέρων
499 2267 811 2328 πολυθεῖας.
851 2267 924 2317 Τὸ
957 2268 1064 2336 γὰρ
1095 2267 1179 2317 ἐπ’
1207 2267 1391 2328 ἀδείας
1418 2267 1566 2318 θύειν
1594 2267 1860 2334 σφαλερὸν

267 2359 352 2418 et;
391 2355 702 2414 εὐσέϐειαν.
739 2356 834 2408 καὶ
856 2358 1096 2425 παρέχον
1125 2357 1374 2421 ἐξουσίαν
1402 2357 1494 2409 τοῦ
1544 2357 1693 2409 θύειν
1744 2352 1862 2410 οἶσ-

268 2465 379 2518 περ
411 2448 478 2501 ἂν
505 2448 735 2509 ἕλοιντο,
757 2451 900 2501 κατὰ
930 2451 990 2500 τὸ
1014 2451 1300 2516 ποιητικὸν
1328 2452 1388 2502 τὸ
1417 2450 1575 2517 λέγον
1601 2467 1613 2479 ·
1646 2451 1864 2516 Ἀλλος

267 2541 444 2603 ἄλλῳ
481 2540 651 2606 ἔρεξε
689 2537 843 2593 θεῶν
872 2540 1010 2606 (15).
1073 2539 1238 2591 Ὅθεν
1266 2539 1341 2603 ὡς
1370 2539 1552 2610 ψυχὴν
1605 2542 1864 2610 ἁναιρούν

268 2635 332 2684 ἐν
370 2633 472 2702 ἴσῳ
508 2632 672 2701 φόνου
705 2631 818 2702 ἔχει
849 2634 909 2684 τὸ
937 2633 1222 2702 ἔγκλημα.

1965 1921 2138 1974 pram,
2179 1917 2290 1960 etc.
2337 1905 2522 1977 [.\'\'II,
2559 1906 2636 1978 3.]
2668 1905 2937 1962 Hebraeus
2975 1911 3232 1964 relationi
3284 1926 3547 1980 apOpom-

1967 1999 2067 2068 pwi
2105 1997 2291 2052 subdit
2314 2001 2474 2054 modo
2501 2001 2729 2054 recitata
2745 2001 2932 2054 verba.
2963 2001 3067 2055 Sed
3091 2004 3338 2071 quaedam
3364 2020 3546 2058 exem-

1966 2093 2140 2162 plaria
2193 2092 2539 2160 subtungunt
2590 2095 2928 2162 expiationis
2981 2105 3033 2149 et
3078 2098 3550 2152 reconciliationis

1970 2185 2160 2238 ritum.
2187 2184 2458 2240 Caeterum
2501 2185 3060 2255 prohibenturJudaei
3095 2191 3248 2255 alibi,
3283 2207 3447 2259 quam
3482 2193 3547 2245 ad

1970 2277 2388 2331 tabernaculum
2415 2279 2672 2333 victimas
2705 2279 2914 2332 ctederc
2948 2301 2957 2333 :
2994 2294 3046 2334 et
3069 2283 3120 2334 in
3144 2283 3288 2336 hunc
3326 2284 3546 2338 moduni

1971 2364 2040 2417 ab
2074 2362 2460 2433 Egyptiorum
2502 2366 2818 2417 idololatria
2857 2382 2951 2418 eus
2988 2367 3310 2422 dehortatur
3347 2368 3549 2424 Moses.

1967 2451 2103 2505 Nam
2153 2456 2198 2506 si
2235 2453 2323 2505 cui
2358 2453 2685 2505 conceditur
2723 2454 3048 2508 immolandi
3084 2439 3243 2526 plena
3281 2468 3549 2526 potestas.

1969 2544 2134 2597 lat-ile
2173 2545 2423 2611 proiecto
2457 2544 2779 2612 prohibetur
2829 2547 2881 2597 in
2924 2548 3148 2600 vetitam
3201 2550 3550 2618 religionem,

1970 2643 2024 2693 et
2053 2635 2334 2689 exorietur
2368 2637 2502 2688 illud
2551 2647 2726 2704 poeta:
2765 2655 2776 2688 :
2819 2640 2972 2692 Alius
3010 2642 3109 2692 atii
3145 2640 3362 2694 deorum
3394 2659 3554 2694 sacra

1977 2728 2230 2780 faciebat.
2252 2727 2605 2798 Quapropter
2626 2731 2723 2797 qui
2756 2730 2993 2784 animam
3011 2733 3336 2804 exstinguit,
3358 2733 3554 2789 eodem

1975 2820 2229 2881 crimine,
2267 2836 2373 2888 quo
2405 2821 2707 2883 hoodcida,
2745 2829 2984 2876 tenetur.
3146 2815 3152 2820 ’

349 2901 405 2954 Si
440 2911 626 2955 autem
663 2908 826 2968 typus
853 2907 939 2950 est
975 2897 1184 2951 Christi
1227 2898 1438 2953 vitulus
1463 2915 1562 2969 pro
1587 2913 1811 2970 peccato
1835 2914 2139 2966 sacerdotis
2169 2914 2489 2978 ignoranter
2516 2923 2852 2980 perpetrato,
2885 2915 3021 2969 satis
3042 2917 3401 2972 manifestum
3432 2932 3560 2975 esse

271 2991 520 3045 arbitror
553 2990 606 3042 in
629 2991 764 3042 solis
793 2988 1175 3042 tabernaculis
1206 2991 1439 3052 sanctis,
1476 3005 1672 3061 nempe
1711 2996 1969 3052 ccclesiis
2018 3000 2388 3070 peragendum
2431 3015 2558 3054 esse
2597 2999 2804 3054 Christi
2837 3003 3187 3072 mysterium.
3225 3002 3361 3056 Nam
3395 3012 3446 3060 et
3488 3005 3556 3060 de

271 3094 424 3149 agno
454 3078 702 3147 paschali
742 3085 1074 3146 pr:ECeptttm
1121 3085 1205 3129 est
1247 3093 1259 3128 :
1300 3096 1316 3128 ι
1358 3076 1414 3130 In
1455 3093 1563 3130 una
1611 3079 1775 3134 domo
1806 3083 2094 3140 edatur“.
2132 3108 2148 3139 ι
2193 3087 2309 3140 Non
2343 3087 2490 3142 enim
2543 3089 2884 3142 sacriﬁcium
2925 3091 3059 3144 illud
3101 3091 3441 3145 efferendum
3473 3101 3557 3147 cst

272 3169 332 3222 in
370 3168 761 3220 lizereticorum
802 3163 1000 3217 domos
1039 3181 1051 3216 :

268 3271 424 3312 cum,
460 3254 554 3322 qui
591 3269 684 3320 per
714 3267 772 3306 se
803 3251 1162 3305 indivisihilis
1203 3261 1310 3304 est.

362 3346 422 3398 Ἡ
445 3346 557 3413 γὰρ
587 3343 758 3412 ψυχὴ
800 3343 1004 3410 πάσης
1034 3345 1264 3413 σαρκὸς
1294 3341 1438 3414 αἷμα
1482 3349 1668 3402 αὑτοῦ
1713 3350 1864 3404 ἐστι.

273 3438 340 3490 Et
363 3453 428 3488 πε
441 3437 493 3507 ρὶ
523 3437 632 3488 τῶν
659 3436 994 3507 ἐσθιομένων
1025 3440 1051 3490 ὁ
1080 3437 1256 3504 λόγος,
1279 3437 1436 3506 δῆλον
1461 3439 1538 3503 ὡς
1562 3441 1659 3504 τὴν
1685 3441 1865 3513 ψυχὴν

273 3532 387 3583 τῶν
421 3531 633 3597 ἀλόγων
693 3525 833 3599 αἷμα
882 3531 1057 3592 καλεῖ,
1095 3531 1170 3592 ὡς
1198 3532 1616 3602 προηγούμενον
1676 3536 1864 3604 σχῆμα

271 3623 376 3689 τῆς
435 3621 581 3672 κατὰ
629 3621 729 3688 τὴν
782 3621 992 3672 τοιάνδε
1044 3622 1246 3690 κρᾶσιν
1296 3623 1614 3690 ἀναλογίας,
1643 3623 1711 3676 δι’
1743 3622 1864 3698 ἦςὴ

277 3717 484 3768 τούτων
538 3714 710 3783 ψυχή.
768 3714 1074 3785 Τοιγαροῦν
1123 3714 1575 3768 ἀντιδιαστέλλων
1628 3720 1694 3788 τῇ
1759 3718 1869 3770 τῶν

274 3807 609 3877 ἀνθρώπων,
637 3807 770 3874 φηςί
790 3821 804 3834 ’
838 3826 854 3857 t
878 3807 985 3858 Καὶ
1016 3806 1127 3876 ἐγὼ
1143 3807 1318 3859 ἔδωκα
1345 3810 1472 3877 ύμῖν
1495 3809 1627 3862 αὐτὸ
1653 3813 1745 3863 ἐπὶ
1778 3811 1869 3863 τοῦ

271 3900 678 3970 θυσιαστηρίου
749 3893 1136 3963 ἐξιλάσκεσθαι
1193 3903 1324 3970 περὶ
1388 3900 1499 3953 τῶν
1558 3903 1747 3972 ψυχῶν
1807 3905 1868 3956 ὑ-

277 3996 466 4066 μῶν,›
503 3992 581 4055 ὡς
643 3989 938 4055 ἀθανάτοις
995 3991 1197 4061 ψυχαῖς
1242 3992 1678 4056 ἁντιδιαστείλας
1742 3993 1871 4066 Ονη-

283 4090 409 4150 τᾶς.

1091 3166 1141 3214 in
1170 3179 1202 3217 ο
1253 3164 1650 3220 haereticorum
1692 3176 2078 3229 conventicula
2107 3175 2368 3247 fugienda
2405 3185 2560 3230 sunt.
2603 3175 2713 3231 Nec
2744 3178 3008 3231 convenit
3047 3193 3272 3247 quoque
3307 3178 3558 3232 dividere

2052 3355 2194 3410 Nam
2247 3360 2425 3411 anima
2477 3361 2647 3412 omnis
2699 3360 2876 3411 carnis
2904 3360 3122 3428 sanguis
3155 3359 3269 3426 ejus
3321 3369 3417 3421 cst,
3449 3367 3560 3413 etc.

1980 3448 2119 3520 [|0.]
2163 3450 2217 3503 Si
2276 3451 2525 3519 disputat
2571 3465 2719 3503 nunc
2781 3450 2847 3504 de
2897 3450 3268 3512 animalibus,
3324 3465 3559 3519 quorum

1975 3557 2106 3596 esus
2151 3543 2515 3610 permittitur,
2563 3543 2828 3594 nimirutn
2870 3542 3135 3595 omnibus
3179 3551 3327 3610 patet
3373 3542 3561 3597 Mosen

1977 3646 2175 3685 vocare
2217 3632 2543 3701 sanguinem
2583 3634 2867 3684 hrutorum
2919 3633 3243 3684 animalium
3293 3634 3560 3685 animam.

1990 3723 2230 3792 Sanguis
2265 3725 2540 3792 siquidem
2588 3734 2676 3778 est
2712 3725 2989 3793 quoddam
3025 3724 3183 3792 quasi
3221 3723 3562 3787 vehiculum,

1977 3830 2090 3885 quo
2111 3816 2330 3868 illorum
2357 3817 2556 3868 aninize
2584 3814 2889 3869 secundum
2921 3816 3334 3884 proportionem
3367 3830 3567 3883 quam-

1979 3905 2106 3958 dam
2161 3905 2460 3957 vehuntur.
2503 3901 2664 3956 Velut
2695 3916 2893 3957 caetera
2925 3905 3190 3957 animalia
3223 3905 3291 3957 ab
3323 3905 3568 3958 homini-

1982 3999 2088 4053 bus
2126 3999 2437 4067 distinguat
2466 4007 2521 4051 et
2554 4007 2835 4064 secernat,
2873 3999 3055 4067 inquit
3088 4017 3098 4052 :
3147 4018 3164 4048 ι
3215 3999 3278 4052 Et
3305 4015 3406 4068 ego
3443 3999 3570 4054 dedi

1983 4089 2144 4142 vobis
2170 4091 2379 4157 ipsum,
2405 4096 2466 4139 ut
2500 4088 2553 4140 in
2580 4088 2739 4140 altari
2766 4087 3002 4156 expietis
3036 4089 3249 4142 animas
3278 4096 3515 4152 vestras,
3548 4108 3566 4140 ι

1983 4182 2199 4236 scilicet
2234 4195 2540 4250 segregans
2577 4180 2846 4234 mortales
2880 4179 2948 4233 ab
2999 4180 3406 4234 immortalibus
3453 4182 3574 4234 ani-

1989 4273 2201 4325 inabus.

349 4368 489 4435 Qua!
522 4383 674 4421 enim
722 4368 866 4420 ratio
913 4367 1146 4437 patitur,
1193 4374 1254 4419 ut
1299 4367 1554 4421 divinum
1585 4367 1928 4436 spiraculum
1967 4383 2076 4420 non
2103 4368 2175 4421 sit
2214 4366 2527 4421 immortale
2548 4364 2895 4434 ?'lnspiravtt
2942 4381 3178 4436 namque
3227 4374 3449 4418 terreno
3479 4364 3576 4435 tig-

273 4469 468 4514 mcnto
527 4460 654 4512 vita!
707 4457 1048 4526 spiraculum
1083 4471 1266 4510 rerum
1299 4455 1484 4525 Opifex
1510 4471 1786 4510 summus.

346 4548 512 4610 Τινὲς
551 4546 608 4599 δέ
636 4564 828 4616 φασιν,
865 4547 941 4610 ὡς
995 4547 1168 4600 τύπον
1212 4547 1311 4616 τῆς
1339 4546 1634 4619 ἀνθρώπου
1691 4550 1874 4619 ψυχῆς

269 4642 334 4692 τὸ
354 4640 464 4692 τῶν
497 4639 654 4703 ζώων
688 4641 1036 4710 παρείληφεν
1064 4635 1205 4709 αἷμα
1233 4658 1245 4672 ·
1284 4640 1345 4693 τὺ
1382 4642 1480 4711 μὲν
1511 4641 1620 4693 τῶν
1670 4642 1875 4711 ἱερουρ-

2063 4546 2302 4610 Quidam
2354 4546 2628 4600 aﬂirmant
2667 4545 2836 4600 Deum
2889 4547 3008 4600 loco
3050 4544 3305 4599 humana:
3356 4560 3572 4608 ammte,

1990 4639 2107 4692 sive
2143 4638 2198 4692 in
2240 4647 2368 4708 typo
2399 4639 2654 4692 humanm
2693 4638 2951 4707 aet-iperc
2984 4637 3311 4705 sanguinem
3356 4638 3575 4690 anima-

272 4731 566 4801 γουμένων
625 4730 802 4798 ζώων,
860 4733 1273 4803 προσχεόμενον
1316 4731 1394 4801 τῷ
1445 4732 1832 4804 θυσιαστηρίῳ
1860 4751 1871 4763 -
1907 4766 1950 4824 c

1860 4751 1871 4763 -
1907 4766 1950 4824 ε
1989 4729 2149 4792 lium,
2180 4730 2383 4798 quibus
2413 4728 2696 4804 litabatur,
2734 4740 2787 4783 et
2814 4743 3050 4797 quorum
3072 4728 3299 4797 sanguis
3329 4727 3549 4782 all'undc

269 4827 336 4878 τὸ
367 4826 425 4878 δὲ
455 4825 567 4877 τῶν
601 4824 782 4886 ἄλλως
837 4825 1144 4896 θυομένων,
1196 4825 1579 4896 κρυπτόμενον
1612 4826 1718 4878 ὑπὸ
1753 4827 1875 4894 γῆς.

275 4913 544 4984 Σύμϐολα
576 4911 694 4979 τοῦ,
725 4917 772 4967 εἰ
801 4917 893 4967 καὶ
917 4919 972 4968 ὲν
1000 4915 1130 4986 ᾅδου
1205 4915 1572 4986 τυγχάνουσιν
1603 4918 1658 4967 αἱ
1685 4915 1878 4984 ψυχαὶ,

277 5008 358 5078 μὴ
390 5007 598 5078 ὁμοίως
633 5007 712 5077 τῷ
759 5007 979 5079 σώματι
1032 5008 1368 5062 διαλύεσθαι.
1401 5009 1475 5060 Οὐ
1523 5009 1633 5080 γὰρ
1685 5002 1798 5060 οἷόν
1824 5023 1884 5058 τε

270 5097 344 5172 ἦν
374 5101 436 5153 τὸ
480 5100 612 5152 [διον
673 5103 774 5172 τῆς
827 5100 1124 5172 ἀνθρώπου
1193 5100 1374 5170 ψυχῆς
1415 5099 1770 5171 παραστῆσαι
1818 5098 1885 5151 δι’

271 5195 519 5265 αἵματος
567 5195 921 5264 ἀνθρωπίνου
957 5211 969 5223 ·
1013 5197 1153 5268 ὅπερ
1191 5197 1268 5269 μὴ
1313 5197 1596 5266 ἐκκεῖσθαι
1621 5195 1884 5260 διέταξεν.

286 5289 380 5349 Ὧς
403 5287 501 5342 οὖν
551 5287 830 5357 σύμϐολον
853 5288 1082 5360 χωρίζει
1112 5290 1208 5343 τοῦ
1234 5289 1511 5359 σώματος.

353 5595 402 5629 ³⁸
438 5595 544 5651 lsa.
575 5613 690 5662 LIII,
726 5600 780 5651 4.
861 5600 902 5627 ¹⁸³
931 5597 946 5651 l
974 5595 1136 5651 Joan.
1173 5614 1234 5664 ιι,
1277 5599 1322 5662 ι,
1357 5598 1411 5650 ‘2.
1489 5600 1535 5628 "
1583 5597 1746 5651 llcbr.
1783 5615 1858 5663 vi,

1989 4820 2153 4872 batur
2186 4835 2316 4874 arae.
2352 4819 2553 4874 Verum
2594 4820 2885 4884 animalia,
2928 4821 2974 4873 si
3013 4819 3218 4888 alioqui
3247 4821 3573 4872 niactabau-

1988 4914 2115 4975 tur,‘
2139 4925 2331 4964 eorum
2377 4909 2608 4979 sanguis
2633 4908 2996 4962 occulebatur
3029 4916 3201 4960 terra.
3236 4904 3343 4960 Sed
3379 4923 3440 4959 ea
3492 4924 3577 4959 res

1994 5001 2333 5069 symbolum,
2397 5001 2504 5054 etsi
2549 5000 2602 5053 in
2643 4998 2866 5052 inferno
2894 4998 3062 5068 358
3099 4999 3211 5052 sint
3244 5000 3460 5059 animaa,
3497 5009 3577 5050 ta-

1992 5109 2117 5148 men
2145 5108 2242 5149 eas
2270 5107 2380 5147 non
2413 5108 2478 5148 eo
2513 5093 2695 5153 modo.
2739 5108 2848 5162 quo
2875 5107 3132 5161 corpora.
3177 5091 3426 5145 interire.
3462 5090 3583 5146 Non

1995 5186 2146 5240 enim
2196 5185 2401 5240 licebat
2451 5185 2844 5255 proprietatem
2898 5185 3158 5237 humanm
3193 5185 3389 5237 anima:
3421 5185 3583 5237 nobis

1991 5289 2440 5333 commonstrare
2493 5293 2591 5347 per
2646 5277 2975 5347 sanguinem
3029 5277 3368 5338 humanum,
3417 5293 3581 5346 quem

1992 5370 2227 5425 fundere
2258 5372 2404 5426 Deus
2425 5370 2730 5440 prohibuit.
2761 5369 2992 5439 Separat
3019 5368 3204 5440 itaque
3228 5370 3583 5438 sanguinem,

1991 5473 2050 5518 ut
2074 5464 2408 5536 symbolum,
2443 5480 2470 5515 a
2512 5479 2767 5532 corpore,
3546 5465 3553 5470 -

2014 5601 2104 5654 νο.
2183 5603 2222 5631 ²¹
2270 5599 2445 5653 Exod.
2491 5616 2583 5663 ιιι,
2640 5600 2724 5650 «ili.

1809 5716 2044 5774 ΝΟΤΛΞ.

354 5837 474 5910 (15)
524 5836 584 5890 ’0
618 5830 827 5907 Ὄμηρ.
875 5839 932 5888 ἐν
957 5836 1098 5903 στὶγ.
1137 5843 1182 5888 υ⁹
1228 5836 1324 5904 τῆς
1357 5835 1400 5906 β’
1433 5837 1563 5907 pax}.
1600 5839 1693 5906 τῆς

1747 5837 1925 5890 Ἰλιάδ.
