4286 6444
306 353 410 414 753
1319 360 1851 419 COMMENTARII
1888 359 1968 417 IN
2014 360 2362 441 LEVI'l'lt'IL'
2386 362 2449 417 Ii.
3468 359 3572 420 ’154

306 466 431 526 τοὺς
464 467 629 531 ἰδίους
666 476 829 536 ποιεῖ,
863 473 1191 545 ἀποτρέπων
1212 469 1333 524 ὁδοῦ
1361 470 1468 522 τῶν
1498 469 1621 522 ὂοεν
1647 467 1890 538 ἐξῆλθον,
1924 479 1965 532 Α
1998 470 2104 523 iter

1998 470 2104 523 iter
2146 470 2488 523 contrarium
2526 469 2725 520 divina:
2761 469 2892 531 ιί.ι·;
2928 475 2979 521 et
3022 468 3164 521 istud
3193 469 3373 521 secuti
3419 482 3570 529 sunt,

306 558 401 608 καὶ
442 559 521 620 si;
552 560 644 624 οὓς
669 565 1105 635 εῐηςπορεὺονται.
1995 560 2119 613 facit

1995 560 2139 613 facto
2172 560 2331 613 initio
2365 575 2392 612 a
2430 560 2674 627 prima-vi
2710 560 2951 611 heminis
2996 559 3221 613 delicto.
3270 558 3394 613 Ideo
3430 560 3573 611 Deus

307 654 557 707 ostendit
586 672 715 711 suas
743 658 1173 712 consuetudines
1202 654 1499 724 plurimum
1528 652 1746 709 diﬂerrc
1773 669 1802 706 a
1842 652 2341 707 consuetudinibus
2373 651 2680 713 hominum,
2716 652 3149 720 adhortaturque
3174 662 3231 704 ut
3257 653 3482 706 redeant
3517 654 3567 704 iu

307 744 475 808 viam,
518 761 597 809 ει,
625 762 732 816 qua
772 745 1105 801 tleﬂcxerant
1138 745 1325 814 impie.

484 854 547 910 Et
624 860 859 915 habetur
892 861 945 914 in
981 859 1204 914 Psalmo
1236 878 1249 913 :
1287 878 1304 910 ι
1343 859 1480 915 Vide
1506 874 1576 912 an
1604 861 1690 913 via
1720 860 2032 928 iniquitatis
2074 862 2144 912 sit
2178 860 2230 912 in
2262 874 2368 921 me,
2407 867 2461 913 ct
2488 859 2594 913 duc
2630 874 2719 927 me
2746 861 2800 913 in
2841 862 3036 915 semita
3063 868 3269 915 :eterna
3303 860 3371 914 ’⁸.
3413 859 3567 913 Pert-

308 946 389 1000 bit
419 947 569 1001 enim
600 947 899 1017 impiorum
927 948 1014 1000 via
1048 948 1090 977 ’⁷
1124 964 1135 998 :
1170 966 1188 997 ι
1224 957 1277 1001 et
1307 947 1455 1009 illos,
1480 945 1574 1015 qui
1612 961 1708 1014 per
1731 947 1873 1000 hanc
1903 946 2407 1011 inccdnnt,Paulus
2440 957 2599 1001 vocat
2624 948 2859 1016 perditos
2894 949 3143 1015 “.tQute
3177 948 3384 1004 faciens
3410 950 3571 1002 homo

312 1035 460 1088 vivet
490 1035 544 1087 in
572 1036 677 1095 eis,
706 1054 723 1086 ι
753 1045 863 1089 etc.
897 1033 1033 1087 Nam
1065 1044 1122 1088 et
1173 1036 1256 1086 lex
1304 1048 1527 1101 quoque
1560 1034 1737 1086 vitam
1784 1034 2076 1103 ροιιὶριιιιιι·
2110 1053 2122 1087 :
2154 1043 2211 1088 et
2256 1031 2514 1086 Salvator
2555 1035 2824 1103 qutcrenti
2872 1036 3040 1087 vitam
3086 1036 3401 1113 prtescribit
3443 1035 3575 1104 legis

310 1138 507 1192 opera.
543 1123 842 1187 Ceterum,
898 1131 955 1177 ut
986 1137 1089 1177 nos
1130 1122 1200 1175 ab
1236 1122 1341 1175 hac
1377 1122 1489 1176 vita
1516 1120 1569 1175 in
1600 1128 1863 1175 aeternam
1911 1121 2152 1174 deducat
2185 1120 2560 1183 Christus,ita
2588 1123 2835 1190 loquitur
2874 1140 2886 1174 :
2929 1137 3078 1183 eum,
3103 1138 3263 1192 quem
3301 1138 3409 1176 non
3434 1124 3571 1177 lihe-

314 1228 437 1264 rum
485 1211 681 1265 fecerit
709 1210 911 1274 Filius,
951 1226 1059 1264 non
1092 1224 1319 1263 manere
1353 1209 1405 1263 in
1438 1210 1601 1263 domo
1642 1211 1696 1263 in
1734 1207 1900 1278 359
1930 1216 2199 1261 aeternum
2228 1207 2296 1260 ¹⁹.
2336 1208 2619 1275 Siquidem
2657 1223 2853 1263 servus
2878 1210 2970 1269 sit,
3015 1217 3069 1262 et
3094 1210 3274 1263 adhuc
3320 1219 3574 1263 teneatur

310 1312 365 1354 et
400 1300 741 1353 sollicitetur
772 1298 961 1353 servili
1002 1307 1151 1352 metu
1184 1314 1198 1350 :
1238 1298 1652 1365 plurimumque
1686 1295 1964 1363 diserepet
2000 1311 2029 1348 a
2061 1296 2197 1359 lilio,
2228 1295 2319 1363 qui
2352 1295 2603 1348 libertate
2634 1303 2687 1348 et
2728 1296 2965 1348 veritate
2992 1294 3218 1349 fruitur.

386 1389 587 1444 Nullus
609 1390 678 1443 ad
696 1391 1049 1459 propinquum
1071 1390 1247 1442 carnis
1267 1405 1375 1443 sua,
1394 1388 1631 1451 accedet,
1653 1394 1759 1440 etc.
1783 1386 1996 1457 [XVIIL
2014 1384 2094 1457 6.]
2119 1386 2242 1440 Vult
2274 1395 2333 1439 ιιι
2362 1387 2628 1457 sanguine
2657 1388 2818 1441 nobis
2850 1389 3164 1457 conjunctis
3202 1390 3452 1456 personis
3481 1406 3577 1443 sua

313 1478 631 1531 reverentia
668 1487 721 1530 et
754 1477 1001 1546 gravitas
1027 1485 1402 1531 conservetur
1436 1475 1671 1529 illibata.
1708 1472 1980 1528 Prteterca
2027 1474 2324 1543 diligenter
2363 1476 2494 1543 agit,
2541 1484 2601 1527 ut
2645 1476 2863 1545 singula
2896 1491 3095 1545 genera
3141 1492 3249 1529 nun
3280 1477 3547 1546 deturpeu

314 1572 408 1615 tur
433 1562 790 1625 confusione,
848 1564 1070 1618 scilicet
1110 1578 1178 1615 ne
1235 1561 1381 1616 filius
1431 1563 1502 1617 sit
1534 1560 1785 1629 ejusdem
1818 1561 2035 1622 matris,
2083 1562 2243 1628 cujus
2297 1560 2443 1614 [ilius
2493 1571 2600 1621 est,
2657 1563 2825 1616 etiam
2882 1564 3115 1617 maritus
3149 1582 3160 1616 :
3198 1575 3252 1617 ct
3289 1580 3356 1618 ne
3386 1565 3454 1626 is,
3488 1568 3579 1634 qui

314 1660 476 1719 pater
504 1660 587 1703 est
624 1650 870 1717 alicujus
896 1650 1043 1712 illim,
1070 1649 1318 1717 ejusdem
1356 1649 1479 1702 ﬁlim
1511 1663 1733 1718 quoque
1763 1649 1835 1702 sit
1879 1648 2135 1701 maritus.
2175 1647 2299 1702 lia-c
2324 1657 2377 1703 ct
2412 1648 2496 1702 his
2529 1649 2729 1701 similia
2772 1650 3067 1717 generibus
3100 1664 3351 1720 magnam
3383 1651 3576 1721 impor-

312 1744 435 1788 lant
471 1737 880 1801 confusionem,
911 1751 1037 1790 cum
1072 1735 1337 1789 decorum
1373 1750 1498 1789 non-
1516 1737 1873 1789 observatur.
1927 1732 2062 1788 Nam
2106 1750 2269 1790 nemo
2303 1747 2589 1791 reveretur
2620 1737 2742 1790 illas
2786 1753 3075 1805 personas,
3111 1753 3235 1792 cum
3265 1741 3465 1808 quibus
3493 1756 3589 1808 per

313 1824 497 1890 stupri
534 1824 998 1878 consuetudinem
1025 1823 1425 1876 commiscetur
1459 1840 1472 1877 :
1513 1822 1624 1876 imo
1667 1822 1845 1890 pudor
1875 1831 1929 1875 et
1966 1822 2273 1876 reverentia
2308 1824 2491 1877 omnis
2538 1824 2843 1876 evanescit.
2880 1823 3107 1877 Etiamsi
3139 1826 3264 1893 quis
3297 1826 3588 1887 concedat,

314 1922 374 1963 ut
399 1910 529 1978 quis
567 1925 679 1963 rem
712 1910 933 1973 habeat,
970 1909 1065 1964 sed
1101 1909 1167 1962 ad
1195 1908 1358 1962 breve
1390 1915 1628 1977 tempus,
1668 1924 1793 1961 cum
1854 1909 2084 1962 muliere
2116 1923 2305 1962 severa
2337 1919 2390 1962 et
2423 1910 2622 1978 pudica
2674 1928 2685 1962 :
2726 1910 3095 1965 nihilominus
3146 1913 3326 1981 pudor
3357 1921 3409 1967 et
3439 1928 3593 1967 reve-

314 1999 495 2051 rentia
525 1997 981 2067 exsdnguuntur.
1013 1996 1135 2061 Quo
1158 1996 1307 2049 circa
1348 1994 1558 2051 Paulus
1597 1995 2001 2050 continentiam
2037 2003 2324 2065 nuncupat
2356 1996 2643 2052 honestam
2672 1996 2736 2049 '°.
2778 1994 2846 2050 Ut
2893 2008 3078 2052 autem
3116 1999 3320 2055 timore
3350 2000 3591 2070 quodam

313 2087 679 2141 inhibeantnr
711 2086 781 2140 ab
814 2085 1098 2154 impudico
1136 2085 1229 2138 illo
1254 2085 1579 2147 concubitu,
1618 2084 1770 2138 addit
1809 2104 1821 2137 :
1861 2104 1878 2135 ι
1912 2086 2024 2153 Ego
2058 2083 2344 2139 Dominus.
2384 2104 2400 2135 ι

386 2204 462 2253 Τὸ
488 2203 543 2255 δὲ
572 2203 671 2271 τῆς
699 2200 1045 2270 ὁμοπατρίας
1070 2198 1330 2269 ἀδελφῆς,
1366 2200 1440 2261 ὡς
1466 2199 1553 2252 διὰ
1606 2198 1901 2269 συνήθειαν
1934 2188 1974 2242 Α
2076 2201 2119 2268 Q

1966 2210 1974 2242 ι
2076 2201 2207 2268 Qua:
2237 2202 2530 2256 traduntur
2561 2204 2627 2257 de
2680 2217 2871 2257 sorore
2910 2218 2973 2255 ex
3012 2203 3207 2257 eodem
3259 2212 3413 2271 patre
3453 2212 3597 2269 orta,

312 2312 569 2365 7.1::ng
584 2294 784 2347 nis-91'.
812 2293 1138 2362 δυνάμενον·
1164 2292 1244 2345 διὸ
1276 2295 1367 2345 καὶ
1389 2292 1576 2360 ἔλεγεν
1624 2292 1902 2363 Ἀϐραὰμ..
2018 2290 2119 2344 Ιιιιιι

2018 2290 2165 2344 hunc
2218 2290 2521 2360 prmierunt
2575 2307 2821 2355 sensum,
2869 2293 3027 2360 quasi
3083 2294 3255 2362 ipsam
3305 2296 3431 2363 quis
3472 2309 3603 2349 con-

318 2408 336 2438 ι
383 2385 614 2455 ’Λδελφὴ
664 2386 774 2454 γάρ
836 2384 937 2452 μού
980 2385 1096 2436 ἐστι
1132 2383 1269 2453 πρὸς
1292 2382 1522 2451 πατρδς,
1550 2382 1609 2435 οὐ
1640 2381 1775 2454 πρὸς
1809 2399 1910 2451 μη·
2019 2392 2119 2435 tem

2019 2392 2265 2438 temnere
2297 2383 2470 2450 possit
2504 2392 2727 2453 propter
2758 2383 3094 2451 quotidiana:
3138 2378 3261 2438 iure
3301 2394 3602 2438 consuetu-

310 2479 465 2548 τρός.
523 2496 541 2529 ι
603 2475 879 2547 Προΰταξέ
932 2494 991 2529 τε
1044 2477 1144 2545 τῆς
1213 2477 1342 2545 περὶ
1392 2475 1497 2544 τῆς
1579 2476 1718 2545 πρὸς
1796 2492 1904 2545 μην
2018 2474 2119 2527 ι]ἰιι‹

2018 2474 2224 2529 dinem.
2277 2472 2455 2527 Nimia
2509 2475 2780 2543 siquidem
2844 2474 3193 2529 familiaritas
3230 2485 3603 2544 contemptum

310 2571 445 2635 τρδς
498 2567 1215 2639 ἀδελφῆμάπαγορεύσεωξ
1252 2611 1264 2633 ,
1325 2566 1421 2619 καὶ
1467 2566 1676 2641 προῖὼν
1735 2567 1902 2619 ἐπαν-
2020 2581 2117 2635 par

2020 2567 2187 2635 parit.
2224 2565 2439 2621 Idcirco
2473 2567 2753 2620 Abraham
2785 2567 3003 2621 dicebat
3038 2586 3049 2620 :
3082 2566 3251 2621 Soror
3280 2583 3398 2621 mea
3430 2576 3513 2621 est
3540 2585 3604 2620 ev

316 2659 509 2713 έλαὸε.
1360 2726 1363 2729 ν
2024 2668 2204 2727 patre,
2238 2667 2292 2713 at
2322 2674 2428 2713 non
2454 2674 2519 2713 ex
2553 2669 2727 2713 matre
2757 2659 2825 2711 3‘.
2862 2677 2878 2709 ι
2930 2658 3201 2715 Cmterum
3236 2660 3341 2715 hoc
3378 2660 3606 2714 interdi-

315 2761 497 2815 ctum,
540 2750 586 2803 si
614 2748 870 2803 ordinem
932 2746 1225 2816 reSpieias,
1270 2746 1453 2815 priore
1472 2744 1599 2799 loco
1628 2746 1835 2814 posuit,
1868 2752 1919 2798 et
1961 2745 2132 2815 legem
2164 2747 2231 2802 de
2258 2761 2368 2801 non
2413 2747 2664 2802 ducenda
2739 2760 2932 2801 sorore
2986 2762 3049 2802 ex
3140 2757 3317 2804 matre
3367 2749 3608 2805 sccuud-t

321 2843 448 2897 loco
482 2842 760 2897 locavitet
797 2842 946 2896 illam
980 2840 1035 2894 in
1075 2839 1434 2910 sequentibus
1466 2837 1738 2908 repetivit.

395 2957 535 3027 Περὶ
563 2958 826 3025 γυναικδς
857 2956 1168 3025 ἀλλοτρίας,
1200 2954 1276 3017 ὡς
1308 2952 1571 3024 ἀκριϐοῦς
1627 2954 1907 3023 μολυσμοῦ
2096 2953 2119 3008 (

2096 2953 2229 3008 Cum
2259 2968 2398 3017 vero
2435 2955 2599 3009 vellet
2630 2958 2923 3013 ostendere
2954 2951 3230 3014 hominem
3284 2962 3452 3030 pollui
3488 2978 3613 3035 gra-

321 3046 662 3117 νιιροσέυηκε,
689 3048 784 3099 τοῦ
810 3044 1175 3116 ἑκμιανοῆναι
1208 3044 1345 3115 πρὸς
1374 3044 1564 3112 αὐτὴν.
2022 3043 2119 3098 vis:

2022 3043 2272 3108 vissime,
2312 3046 2357 3100 si
2392 3046 2626 3102 alterius
2674 3063 2797 3102 cum
2848 3065 3019 3104 uxore
3068 3053 3424 3120 concumbat,
3458 3055 3613 3111 addi-

2025 3136 2147 3190 dit:
2185 3154 2203 3187 ι
2238 3135 2308 3191 Ut
2354 3137 2638 3207 polluatur
2672 3156 2797 3194 cmn
2832 3156 2919 3196 ea.
2950 3162 2991 3193 ιν

414 3224 779 3294 ’Δπιγορεύει
814 3223 952 3294 μηδὲ
975 3221 1086 3276 δύω
1106 3223 1378 3275 συνοικεῖν
1401 3220 1517 3289 ἅμα
1536 3220 1810 3286 ἁδελφιιίςε
1842 3218 1917 3279 ὡς
2098 3226 2118 3279 ι

2098 3226 2361 3295 Prohibet
2397 3245 2639 3300 quoque,
2692 3248 2757 3285 ne
2804 3234 2931 3300 quis
2977 3235 3166 3288 eodem
3205 3244 3447 3307 tempore
3479 3237 3617 3291 ιΙιιτις

329 3332 408 3387 ι,η
442 3315 503 3368 τὺ
540 3315 874 3367 οἰκειότατον
903 3311 1315 3383 πολεμιώτατον
1345 3310 1430 3363 διὰ
1476 3310 1640 3381 ζήλου
1663 3310 1878 3377 γένοιτο
1904 3324 1917 3336 ·
2030 3340 2119 3377 5m-

2030 3336 2253 3377 surores
2286 3322 2337 3375 in
2369 3324 2725 3378 matrimonio
2757 3326 2955 3380 haheat
2988 3345 2999 3381 :
3029 3344 3095 3382 ne
3126 3329 3341 3382 scilicet
3377 3346 3616 3395 sorores,

328 3410 446 3479 (lii)
486 3408 581 3461 καί
608 3408 669 3460 τὸ
702 3410 768 3477 τῇ
803 3406 1186 3477 καθαιρομένῃ
1217 3408 1481 3469 συνεῖναι,
1511 3404 1596 3455 ἵνα
1627 3403 1725 3473 τὴν
1758 3402 1920 3472 φύσιν
2031 3430 2119 3484 (μη

2031 3430 2263 3484 quarum
2295 3425 2378 3471 est
2409 3423 2468 3469 ut
2499 3418 2610 3472 sint
2645 3419 2789 3474 inter
2820 3434 2879 3474 se
2912 3421 3414 3490 conjunCtissimm,
3447 3440 3617 3479 temu-

342 3502 421 3573 μὴ
454 3499 895 3572 ἀπογυμνώσειε.
2033 3507 2119 3561 lati

2033 3507 2239 3562 latione
2272 3517 2587 3578 provocatus
2615 3509 2924 3568 inimicitiis
2966 3513 3192 3569 ardeant
3228 3529 3241 3568 :
3278 3513 3341 3568 Et
3379 3532 3447 3572 ne
3498 3520 3624 3586 quis

1966 3594 2161 3678 B.cum
2206 3609 2545 3656 menstruata
2596 3605 2930 3659 concumbat
2964 3616 3024 3660 ut
3056 3621 3167 3662 non
3217 3608 3495 3663 reveletur
3529 3626 3625 3663 ua-

2036 3702 2180 3746 tura.

415 3783 773 3854 Ὰπαγορεύει
824 3784 925 3855 τὴν
956 3784 1094 3855 πρὸς
1149 3784 1325 3851 ἄλογα.
1380 3782 1551 3853 μῖξιν,
1576 3782 1652 3844 ὼς
1695 3778 1926 3834 αὐτόθεν
2109 3784 2119 3837 |

2109 3784 2413 3839 Damnatur
2443 3796 2497 3840 et
2527 3789 2771 3843 mascula
2807 3788 3016 3854 Venus,
3058 3800 3117 3846 ut
3152 3808 3241 3847 res
3280 3792 3622 3848 absurdissi-

324 3878 558 3941 ἄτοπον,
591 3878 687 3930 καὶ
739 3878 948 3932 ἀτόπου
986 3878 1207 3949 τρόπων
1269 3875 1578 3930 ἀλλοκότων
1635 3873 1927 3935 κοινωνίας
2039 3892 2119 3931 ma

2039 3892 2123 3931 ma
2152 3886 2205 3933 et
2247 3878 2615 3948 pessimorum
2646 3897 2857 3937 morum
2892 3885 3129 3954 signum.

329 3988 400 4041 ση
411 3972 644 4041 μαντική
652 3989 699 4026 ν.

425 4073 569 4141 Lege
610 4074 881 4138 prieterea
914 4073 1165 4125 cavetur,
1210 4070 1270 4115 ut
1313 4059 1634 4115 abstineant
1670 4058 1965 4113 connubiis
2010 4060 2470 4131 alienigenarum,
2508 4078 2577 4119 ne
2619 4063 2678 4118 in
2720 4065 3045 4120 servitutem
3081 4066 3254 4121 dediti
3307 4067 3629 4121 iltiiciulllllt'

326 4161 763 4231 peregrinarum
795 4152 1258 4223 superstitionum
1294 4149 1575 4218 contagio.
1608 4147 1795 4202 Genus
1844 4147 2175 4207 Hebraicum
2231 4150 2512 4220 quondam
2546 4151 2718 4205 coiuit
2751 4153 2918 4220 impie
2946 4152 3159 4211 Moloch
3199 4154 3434 4208 idolum.
3472 4153 3631 4210 Vetat
3662 4216 3689 4232 _

329 4267 403 4305 ne
435 4246 651 4303 l-lebrtei
688 4259 822 4299 suos
865 4242 1077 4295 liberos
1123 4239 1257 4293 huic
1313 4236 1463 4291 idolo
1494 4242 1843 4292 consecrent.
1880 4243 1934 4289 et
2002 4246 2289 4289 sacrorum
2336 4236 2623 4292 ministros
2669 4243 3039 4293 constituant.
3094 4240 3231 4294 Nam
3271 4254 3499 4310 propter
3534 4242 3626 4294 illa

329 4340 569 4410 ﬂagitia.
608 4334 816 4404 inquit,
861 4341 1013 4386 terra
1047 4330 1339 4397 indigenas
1374 4325 1642 4381 evomuit.
1680 4322 1965 4393 Siquidem
2026 4324 2079 4378 id
2105 4365 2119 4388 ,
2178 4326 2325 4394 quod
2385 4335 2585 4397 prmter
2614 4314 2871 4382 naturam
2910 4339 3018 4392 est,
3072 4338 3133 4383 ut
3164 4346 3366 4384 causas
3401 4334 3623 4385 moi-hu-

330 4444 488 4491 rllm,
526 4433 727 4479 natura
763 4431 818 4475 et
851 4433 1079 4475 suarum
1104 4424 1491 4470 creaturarum
1527 4414 1811 4481 inspector
1846 4412 1989 4465 Deus
2022 4413 2268 4481 expellit.
2306 4412 2422 4469 Non
2455 4415 2707 4469 rationali
2740 4417 2979 4485 quadam
3019 4418 3236 4472 ratione
3273 4429 3418 4472 terra
3439 4428 3626 4473 extru-

330 4516 411 4567 dit
446 4512 648 4575 malos,
696 4508 793 4563 sed
844 4508 959 4574 ipse
998 4502 1142 4558 Deus
1196 4503 1323 4555 illos
1358 4500 1510 4570 ejicit
1562 4500 1768 4567 majore
1798 4500 2062 4568 quadam.
2095 4515 2260 4569 qttam
2292 4502 2549 4556 rationali
2588 4503 2662 4567 vi,
2701 4518 2825 4555 eum
2878 4504 2950 4557 sit
2997 4506 3216 4559 occulta
3270 4504 3536 4577 quaedam
3573 4518 3627 4560 et

331 4600 643 4658 incﬂ'abilis
676 4597 857 4668 ipsius
886 4593 1018 4649 boni
1052 4600 1271 4646 natura.
1303 4588 1421 4644 Non
1456 4590 1625 4659 igitur
1675 4603 1815 4656 Opus
1849 4587 2015 4641 habet
2068 4588 2151 4641 vel
2203 4586 2603 4644 deliberatione
2650 4590 2735 4645 vel
2772 4589 3007 4645 ratione.
3046 4592 3182 4647 Nam
3233 4594 3309 4655 td,
3350 4595 3495 4665 quod
3526 4612 3623 4650 sua

330 4699 538 4746 natura
580 4697 635 4742 et
666 4700 767 4757 per
812 4698 875 4740 se
913 4683 1123 4737 bonum
1164 4689 1273 4740 est,
1322 4678 1476 4733 novit
1516 4684 1772 4747 potenter
1802 4677 2089 4730 destruere
2133 4676 2366 4729 malum.
2412 4674 2640 4750 Terram
2673 4678 2939 4747 pollutam
2974 4694 3100 4735 esse
3135 4680 3270 4735 dicit
3303 4682 3448 4740 ideo.
3497 4685 3627 4753 quia

331 4778 580 4847 suscipit
608 4774 820 4839 omnia,
861 4785 987 4842 qum
1014 4770 1068 4823 in
1093 4767 1214 4838 ipsa
1250 4768 1410 4821 tiunt.
1447 4764 1540 4819 Sic
1583 4763 1752 4819 etiam
1792 4764 2031 4817 mundus
2075 4764 2421 4833 inquinatur,
2455 4764 2690 4834 proinde
2734 4782 2957 4836 quoque
3003 4768 3386 4824 iunovabitur.
3424 4770 3628 4825 Verum

336 4870 488 4923 Deus
524 4879 635 4919 non
668 4862 966 4933 polluitur.
996 4858 1120 4913 Non
1161 4857 1307 4910 enim
1348 4855 1401 4908 in
1443 4855 1565 4924 ipso
1610 4860 1761 4918 sunt,
1799 4866 1922 4921 qum
1956 4851 2126 4920 impie
2164 4860 2218 4906 et
2271 4852 2415 4907 male
2457 4863 2747 4923 geruntur,
2784 4853 2881 4909 sed
2917 4864 3071 4910 extra
3120 4856 3309 4926 ipsum
3360 4866 3514 4913 sunt.
3565 4862 3631 4912 Αι

337 4956 606 5011 Salvator
642 4960 838 5007 noster
868 4963 995 5002 cum
1042 4960 1151 5001 non
1185 4942 1355 4997 fuerit
1386 4942 1710 5008 inquinatus
1741 4950 1796 4995 et
1825 4949 2236 5007 conspurcatus
2264 4940 2729 5008 quemadmodum
2764 4942 2949 4995 raateri
2984 4944 3263 5004 homines.
3309 4943 3493 5016 ell‘ecit
3528 4962 3634 5001 suo

334 5041 625 5114 exemplo,
666 5047 727 5093 ut
770 5038 1055 5092 hominem
1093 5041 1149 5088 et
1200 5031 1469 5084 nmndum
1513 5041 1735 5084 maneat
1786 5039 1938 5084 certa
1971 5028 2277 5082 innovatio.
2320 5025 2389 5081 Ut
2439 5037 2702 5097 appareat
2734 5028 2901 5083 Deum
2932 5044 3044 5083 non
3087 5040 3409 5100 respectqu
3472 5048 3644 5104 agere

338 5142 742 5204 personarum,
787 5124 1079 5180 minitatur
1110 5119 1318 5175 Judazis
1358 5120 1581 5175 easdem
1618 5132 1833 5187 pinnas,
1862 5132 2001 5187 quas
2027 5127 2265 5185 experta:
2293 5131 2452 5170 erant
2488 5128 2676 5185 gentes
2707 5115 2971 5187 profante.
3003 5116 3187 5171 Primo
3215 5121 3421 5175 etenim
3448 5124 3629 5184 docet.

336 5203 550 5276 deinde
576 5217 760 5287 punit.
798 5234 816 5266 ι
845 5212 1040 5269 Sancti
1070 5218 1272 5274 estote,
1322 5209 1455 5278 quia
1491 5215 1545 5262 et
1575 5223 1676 5277 ego
1702 5215 1925 5261 suttt'lus
1970 5222 2090 5262 sum
2120 5206 2187 5269 ³⁸,
2228 5214 2333 5259 etc.
2399 5203 2524 5259 Vult
2560 5215 2621 5259 ut
2660 5206 2821 5260 nobis
2877 5204 3234 5265 fatniliaritas
3266 5222 3458 5268 sancta
3510 5228 3635 5265 eum

340 5311 489 5382 ipso,
528 5306 741 5379 quiest
773 5314 1031 5363 sanctus,
1067 5296 1382 5353 intercedat
1417 5316 1429 5349 :
1464 5305 1519 5351 et
1547 5296 1660 5350 lucc
1693 5305 1899 5350 servat.

448 5491 495 5521 "
534 5486 677 5543 Psal.
712 5501 989 5542 cvxxvttt.
1024 5485 1114 5539 2L
1226 5485 1268 5515 ³⁷
1305 5481 1456 5536 Psal.
1500 5499 1534 5543 ι,
1589 5481 1642 5533 (i.
1749 5481 1790 5509 ³³
1832 5481 1867 5533 Η
1905 5479 2102 5533 Thess.

1966 5496 2102 5533 tess.
2153 5497 2209 5533 ll.
2264 5482 2316 5532 7».
2423 5482 2467 5512 "
2535 5476 2689 5530 .Iuan.
2751 5494 2863 5541 vm,
2922 5478 3009 5532 53.
3120 5480 3160 5511 "’
3195 5478 3359 5534 Hebr.
3398 5496 3516 5537 χιιι.
3577 5479 3630 5535 ι.

339 5565 377 5596 ⁸¹
419 5562 561 5616 Gen.
596 5576 688 5622 rx,
738 5559 821 5612 l2.
902 5559 945 5587 ”
984 5555 1161 5611 Levii.
1192 5572 1266 5615 λι.
1313 5555 1399 5607 id.

1891 5668 2117 5721 λοιπε.

415 5794 531 5864 (Eli)
593 5790 674 5844 ’ὶὰ
722 5789 965 5857 ἑπόμενα
1011 5793 1066 5840 ἓν
1118 5786 1194 5857 τῷ
1271 5787 1371 5857 τῆς
1416 5789 1551 5854 Λὺγ.
1623 5784 1754 5838 xciv}.
1806 5786 1865 5836 οὐ
1922 5788 2119 5839 κεῖται.
