4266 6446
750 312 860 378 ἿΕῚ
2063 336 2423 395 Pttocortt

2344 338 2423 394 ⁵ιι
2464 337 2708 396 cum
2891 292 2915 410 γ’
3926 330 4029 392 768

755 444 856 491 pus
891 433 942 482 in
986 431 1309 485 servitutem
1360 437 1595 488 dabat-ir
1625 454 1636 488 :
1673 429 1881 492 iverutu
1930 445 2163 507 Septimo
2197 459 2342 496 amo
2378 456 2416 505 Α

2341 474 2342 481 ι
2378 456 2416 505 Α
2448 445 2591 495 οὕτω
2629 446 2928 512 μιγείςῖιις,
2965 444 3036 504 ὡς
3083 445 3182 494 clx
3231 444 3382 503 ὄντος
3432 443 3621 510 ἑτέρη-λ
3673 442 3883 510 civ-39'};-
3917 445 4026 510 Ἰἧς

758 522 1116 588 ι·.ιειιρ.·ι”;ιὶ›;ιι
1153 524 1446 590 pristinam
1470 529 1801 585 libertatem.
1831 529 1924 584 Sic
1946 533 2089 585 inter
2120 535 2326 600 [lt'lltlilf-

2447 537 2555 602 γὰρ
2597 537 2934 606 εὺτῖρ;πείας
2994 535 3452 602 πριύρῖιαίῑερεν
3489 537 3519 602 ἡ
3564 533 3900 602 δημιουργία
3941 533 4025 584 ὃςῖι

753 625 849 661 vos
887 611 1138 665 homines
1167 614 1379 667 sororis
1406 619 1612 684 nnptim
1647 634 1752 671 non
1787 629 1943 673 erant
1975 623 2176 686 vetita-,
2210 639 2334 674 cum

1889 629 1943 673 ιιι
1975 623 2176 686 vetita-,
2210 639 2334 674 cum
2446 624 2545 690 τῆς
2587 624 2888 691 ὑπουργίας
2913 625 3212 691 τελουμςίνη
3247 625 3335 675 τιιῦ
3365 625 3569 691 γέεωυ.

755 698 901 750 nulla
940 700 1045 751 alia
1071 711 1238 766 esset,
1273 719 1398 756 eum
1433 721 1542 771 qua
1581 709 2010 762 contraheretur
2045 712 2479 763 matrimonium.
2551 710 2721 763 Venia
2788 712 2916 764 data
2963 722 3047 764 t'st
3131 714 3369 775 liliaLus,
3426 730 3548 780 qua:
3614 716 4021 764 ροειωιιιιιριιιειτ

751 801 875 838 eum
910 803 1012 840 suo
1065 804 1309 856 parente,
1373 806 1499 844 cum
1551 803 1813 861 putarent
1869 803 2049 849 totuut
2104 799 2340 849 mortale.
2379 814 2552 866 genus
2613 800 2912 853 interiisse.
2977 799 3096 868 Ipsa
3128 801 3272 853 enim
3320 802 3548 866 ereatio,
3619 817 3740 869 qtae
3813 816 4027 871 peragi-

753 893 838 932 tur
893 882 1208 936 interventu
1244 887 1606 952 tuatrimonii,
1649 889 1829 956 potior
1871 897 1956 943 est
1987 889 2102 957 ipsa
2149 891 2451 944 honestate.

821 974 1092 1037 (la-terum
1159 978 1407 1044 loqui;ur
1453 979 1522 1032 de
1577 980 1821 1034 moribus
1857 982 2165 1045 hominum,
2199 982 2291 1050 qtti
2339 997 2447 1035 non
2477 983 2731 1036 velabant
2779 983 3040 1038 mulieres
3093 993 3377 1038 menstrua
3425 986 3718 1051 patientes,
3769 1001 3891 1054 qua:
3938 1006 4026 1044 res

754 1063 856 1114 illis
894 1062 1125 1116 honesta
1157 1065 1445 1120 videbatur
1479 1075 1532 1121 et
1566 1067 1767 1120 decora
1807 1077 2033 1138 propter
2090 1069 2467 1138 prodigiosum
2511 1069 2818 1123 libidinem.
2843 1069 3052 1130 _Priorc
3093 1070 3259 1140 igitur
3305 1072 3424 1123 loco
3455 1073 3608 1139 ponit
3656 1089 3742 1136 ea,
3794 1091 3918 1142 «tua:
3959 1079 4024 1130 ad

754 1147 916 1200 licunt
953 1151 1323 1218 pertinebant.
1368 1153 1481 1205 ltiis
1539 1167 1745 1215 autem,
1777 1157 1871 1222 qui
1920 1156 2025 1210 sibi
2069 1158 2426 1209 matrimonio
2473 1157 2736 1224 copulcnt
2778 1157 3004 1211 amitam
3055 1158 3137 1211 vel
3181 1167 3564 1223 materteram,
3591 1161 3670 1212 vel
3706 1163 3886 1230 patrui
3942 1165 4026 1217 vel

750 1237 937 1288 il';li.li$
971 1245 1218 1300 uxorem,
1259 1248 1315 1290 ut
1349 1241 1441 1307 qui
1500 1241 1553 1293 in
1606 1257 1764 1296 suam
1801 1242 2128 1311 delinquant
2169 1254 2410 1309 gentem,
2449 1245 2747 1296 orbitatem
2801 1246 3116 1308 minitatur,
3145 1261 3308 1313 quam
3345 1247 3763 1301 matrimonium
3795 1262 4019 1304 contra-

750 1324 940 1376 hentes
977 1325 1252 1394 przeeipae
1283 1326 1523 1394 Effugere
1561 1342 1776 1396 parant.
1810 1330 2037 1384 Orbitas
2071 1346 2202 1383 vero
2255 1332 2490 1383 maxima
2541 1347 2708 1399 pinna
2741 1341 2824 1387 est
2852 1332 3063 1384 homini
3094 1342 3340 1386 scusato.
3389 1333 3593 1388 Verum
3628 1335 3790 1390 hodie
3820 1349 4021 1400 cessat,

749 1428 844 1463 use.
876 1413 980 1463 vim
1021 1413 1280 1481 importat
1314 1417 1395 1469 vel
1440 1417 1829 1470 neerssitatem
1869 1416 2332 1484 quemadmodum
2376 1428 2641 1472 :eternum
2684 1420 3037 1488 supplicium.
3095 1419 3205 1473 lmo
3238 1432 3293 1473 Ill
3328 1422 3676 1477 abundemns
3718 1425 3907 1479 liberis
3943 1429 4022 1479 vel

745 1502 918 1554 simus
952 1504 1128 1554 orbati
1165 1515 1356 1556 nostro
1389 1505 1732 1574 permittitur
1768 1506 2016 1558 arbitrio.
2052 1504 2169 1570 Qua
2208 1507 2340 1558 moti
2388 1507 2489 1571 illi,
2537 1507 2629 1577 q'ui
2660 1507 2726 1559 ad
2756 1508 3150 1576 perfectionem
3205 1497 3574 1572 contendunt,
3628 1511 3836 1564 nullius
3879 1522 4023 1565 rete-

745 1591 1360 1658 gnat"turpitudinem.
1443 1591 1794 1661 Quapropter
1866 1593 2070 1646 l‘aulus
2128 1593 2204 1644 ait
2273 1595 2538 1663 virginem
2613 1610 2736 1648 esse
2816 1597 3185 1647 venerandam
3250 1596 3541 1649 cultricem
3614 1596 3842 1651 Christi.
3909 1598 4019 1651 Nec

670 1746 674 1750 ‘
742 1678 918 1731 obstat
953 1679 1281 1748 quidquam,
1318 1681 1466 1748 quod
1503 1697 1611 1733 non
1645 1680 1808 1750 365
1843 1695 2062 1749 operam
2093 1681 2182 1732 dat
2217 1681 2584 1754 procreatioui
2634 1681 2932 1746 liberorum
2979 1699 3088 1750 quo
3121 1698 3293 1751 genus
3330 1684 3616 1738 hominum
3655 1687 3727 1739 sit
3760 1686 4018 1754 amplius.

743 1765 1023 1834 Siquidem
1059 1783 1157 1821 nec
1186 1767 1436 1820 ,Ιιιιδυηιιτυ
1471 1769 1820 1820 coannodum
1853 1777 1971 1822 erat
2009 1779 2232 1837 propter
2274 1752 2678 1837 impendentem
2713 1769 3093 1823 calamitatem
3123 1786 3351 1825 uxorem
3389 1772 3610 1837 ducere,
3649 1773 3759 1828 Deo
3788 1752 4024 1843 jubente

742 1866 791 1907 ut
835 1873 897 1906 l..‘
929 1856 1188 1909 arimonio
1221 1856 1525 1910 abstineret
1556 1857 1625 1908 εν.
1658 1855 1895 1920 Quidam
1933 1856 2015 1909 sic
2054 1857 2493 1926 interpretantur
2529 1857 2680 1910 hunc
2737 1857 2957 1911 locum:

814 1988 831 2018 ι
879 1967 1012 2022 Orbi
1071 1967 1395 2031 morientur,
1446 1985 1466 2017 ι
1505 1965 1556 2019 id
1589 1977 1694 2029 est,
1740 1965 1940 2021 Suneu
1971 1983 2166 2022 eorum
2217 1986 2325 2023 non
2367 1956 2405 2010 Β

2367 1956 2405 2010 Β
2509 1988 2526 2021 ι
2562 1971 2811 2024 Ἀτεκνοι
2839 1969 3244 2024 ἀποθανοῦνται
3277 1972 3330 2042 (‘2
3347 1972 3445 2040 ’t),t
3477 1973 3598 2026 ἀντὶ
3627 1973 3746 2036 τοῦ,
3781 1976 3841 2027 οὐ
3873 1975 4025 2041 λογι-

737 2061 1119 2116 resensebitur
1165 2061 1310 2115 inter
1363 2061 1589 2122 liberos,
1641 2062 1788 2130 quod
1831 2062 2049 2130 quidem
2089 2061 2324 2116 Romani

2437 2061 2701 2132 σοήσεται
2741 2062 2800 2115 τὸ
2836 2063 3061 2133 σπέρμα
3101 2063 3268 2115 animi
3303 2068 3381 2127 εἷς
3416 2065 3605 2119 τέκνα.
3642 2068 3820 2135 Ὅπερ
3862 2068 3956 2120 καὶ
3996 2072 4023 2120 ὁ

736 2164 1042 2210 sanxerunt
1091 2153 1498 2208 observandum
1559 2154 1614 2207 in
1673 2154 1934 2210 omnibus
1973 2155 2185 2226 nuptiis
2242 2157 2324 2209 iu-

2433 2156 2542 2208 τῶν
2580 2156 2872 2226 Ῥωμαίων
2903 2157 3238 2225 ἀπαγορεύει
3270 2158 3436 2227 νόμος
3471 2160 3563 2210 ἐπὶ
3602 2160 3780 2229 πάσης
3822 2159 4019 2229 ἀοεμι·

735 2249 923 2304 restis.

2431 2247 2724 2317 τογαμίας.

807 2343 938 2406 va
970 2343 1237 2411 segregari
1271 2340 1413 2394 vobis
1442 2343 1494 2395 in
1523 2342 1890 2397 t'mntunditia.
1927 2339 2068 2412 [XX]
2104 2340 2195 2411 2i}
2228 2340 2342 2393 Non
2402 2342 2539 2395 dixit
2566 2360 2578 2396 :
2610 2341 2742 2408 Qua:
2795 2359 2894 2413 ego
2930 2344 3029 2399 feci
3081 2347 3134 2399 in
3185 2343 3555 2399 innutmditia.
3594 2341 3739 2394 Nihil
3777 2342 3918 2396 enim
3952 2359 4016 2396 ex

734 2433 992 2500 operibus
1027 2431 1116 2485 llci
1148 2432 1423 2500 impurum
1457 2448 1550 2486 seu
1595 2432 1937 2485 imuzundunt
1972 2440 2074 2485 est.
2108 2429 2241 2482 Nam
2293 2429 2468 2499 usque
2492 2430 2558 2484 ad
2597 2430 2726 2483 illud
2756 2439 2972 2501 tempus
3009 2443 3248 2487 nomium
3285 2430 3661 2485 erantmunda
3684 2430 3753 2483 ab
3777 2430 4018 2482 innnun-

735 2521 818 2574 dis
846 2519 1131 2581 distineta,
1172 2521 1282 2572 imo
1315 2519 1535 2573 Noacbo
1564 2519 1685 2588 ejus
1711 2536 1796 2586 gue
1840 2520 2134 2587 nepotibus
2180 2519 2380 2572 tradita
2413 2527 2572 2574 erant
2602 2519 2786 2573 omnia
2816 2531 2876 2574 ut
2907 2523 3057 2576 olera
3095 2521 3384 2590 graminis.
3421 2518 3579 2572 Nunc
3610 2534 3740 2572 vero
3772 2519 4011 2573 discreta

735 2619 862 2661 sunt
898 2608 1183 2661 immunda
1213 2609 1280 2662 ab
1311 2608 1555 2674 mundis,
1606 2624 1672 2662 ne
1713 2616 2152 2669 contreclentur,
2197 2615 2255 2658 ut
2302 2607 2413 2661 sint
2445 2606 2692 2676 symbola
2726 2623 2918 2662 carum
2955 2609 3365 2679 impuritatum,
3402 2623 3430 2660 a
3465 2607 3666 2676 quibus
3703 2605 4010 2660 cavendum

734 2709 839 2758 est,
875 2711 996 2764 «tute
1029 2697 1274 2749 animum
1307 2697 1581 2764 polluant.
1624 2694 1757 2749 Nam
1793 2695 1996 2750 mentis
2041 2695 2391 2763 impuritates
2438 2712 2544 2749 non
2599 2699 2860 2750 accidunt
2890 2710 3120 2753 auctore
3176 2699 3305 2754 Deo.
3363 2698 3636 2752 Caeterum
3694 2697 3820 2748 illas
3881 2710 4012 2762 per-

734 2800 957 2839 manere
989 2785 1142 2846 sinit,
1177 2784 1353 2838 donec
1384 2792 1546 2855 typos
1583 2786 1917 2856 transgressi
1957 2783 2302 2838 deducantur
2349 2783 2402 2834 in
2444 2784 2618 2852 ipsam
2657 2787 2963 2840 veritatem.
2998 2786 3194 2840 Omnia
3232 2786 3376 2838 facta
3405 2794 3536 2839 sunt
3577 2799 3710 2854 pura
3750 2782 3908 2852 puris
3941 2782 4012 2844 ‘°,

733 2873 838 2928 nisi
871 2874 998 2943 quis
1034 2873 1125 2926 illa
1162 2881 1470 2927 contrectet
1501 2874 1967 2941 intemperanter.
2004 2870 2162 2925 Tunc
2189 2871 2334 2923 enim
2379 2886 2484 2924 non
2518 2871 2679 2925 facile
2714 2873 2920 2924 vitatur
2951 2873 3349 2928 immumlitics.

801 2961 1097 3028 Lapidibus
1135 2961 1370 3017 obruetis
1414 2980 1524 3025 eos,
1581 2971 1688 3018 etc.
1723 2961 1864 3034 [ειη
1896 2962 1971 3026 Is,
2007 2961 2098 3030 qui
2135 2962 2308 3014 instar
2353 2957 2554 3027 lapidis
2594 2960 2842 3030 obriguit
2873 2960 2939 3012 ad
2976 2962 3260 3022 virtutem,
3301 2961 3500 3013 merito
3533 2959 3816 3030 lapidibus
3848 2961 4015 3029 puni.-

730 3067 839 3106 tur.
871 3051 1006 3106 Nam
1069 3051 1248 3120 magia
1299 3053 1479 3106 cmdcs
1534 3059 1837 3120 perpetrat,
1892 3050 2144 3116 sepulcra
2181 3046 2442 3118 perfodit,
2499 3049 2710 3100 animas
2767 3049 3049 3100 hominum
3083 3051 3402 3116 perturbat.
3444 3048 3583 3120 Magi
3644 3049 3849 3100 etenim
3883 3059 4018 3103 sunt

731 3140 1004 3200 homines,
1037 3141 1129 3208 qui
1162 3149 1417 3193 naturam
1452 3140 1751 3192 humanam
1799 3146 2188 3206 corrumpunt.
2250 3134 2368 3189 Non
2425 3144 2608 3188 autem
2645 3135 2713 3188 ab
2743 3151 2800 3189 re
2853 3134 2996 3191 Deus
3025 3137 3279 3191 homines
3310 3140 3463 3207 pritts
3494 3139 3655 3206 quasi
3691 3138 3812 3191 viva
3850 3154 4011 3194 voce.

730 3229 845 3297 lege
874 3227 1155 3290 videlicet,
1192 3227 1465 3281 reformat
1507 3245 1518 3280 :
1554 3235 1610 3279 et
1640 3241 1792 3280 more
1817 3225 2108 3278 brutornm
2142 3227 2415 3277 viventem
2442 3223 2603 3292 prius
2651 3225 2902 3278 moribus
2938 3226 3158 3279 decoris
3199 3237 3451 3289 exornat,
3481 3235 3542 3279 ut
3573 3228 3751 3294 gratia
3799 3224 4014 3278 Christi

729 3317 911 3370 locum
947 3317 1216 3371 inveniat.
1270 3316 1406 3384 Ejus
1439 3315 1587 3369 enim
1624 3321 1784 3374 antea
1820 3327 2016 3382 parum
2071 3313 2312 3366 fuissent
2359 3326 2614 3380 capaces.
2647 3329 2772 3364 cum
2825 3328 2891 3366 ne
2928 3314 3179 3367 homines
3210 3313 3461 3382 quidem,
3498 3314 3604 3367 nisi
3639 3323 3910 3383 quantum
3947 3317 4014 3369 ad

727 3405 989 3471 speciem,
1031 3406 1402 3460 exstitissent.
1448 3401 1639 3458 Gratia
1680 3403 1896 3455 veniam
1947 3402 2142 3454 tribuit
2192 3402 2391 3454 delicta
2439 3400 2896 3467 agnoscentibus.
2934 3400 3003 3452 At
3037 3401 3315 3461 homines,
3345 3418 3469 3455 cum
3504 3401 3919 3470 delinquerent,
3957 3419 4020 3458 se

728 3493 907 3548 facere
939 3510 1061 3563 quze
1093 3495 1372 3562 placerent
1403 3491 1533 3554 Deo,
1564 3491 1779 3546 scilicet
1804 3489 2038 3557 justitiae
2062 3503 2269 3555 opera,.
2293 3487 2615 3542 credebant.
2646 3487 2889 3552 Proinde
2931 3489 3241 3543 necessitas
3281 3490 3626 3555 postulabat,
3659 3499 3715 3543 ut
3749 3491 3832 3544 lex
3881 3506 4019 3561 pee-

724 3590 905 3635 catum
929 3583 1103 3651 quam
1139 3581 1379 3635 maxime
1409 3578 1768 3633 manifestum
1808 3577 2032 3637 faceret,
2071 3586 2122 3629 et
2179 3577 2363 3630 locum
2423 3583 2644 3645 pararet
2679 3576 2891 3643 gratim.
2925 3574 3121 3631 Omnis
3159 3577 3306 3630 enim
3343 3593 3480 3644 gens
3528 3593 3696 3647 opera
3733 3579 3868 3648 legis
3896 3579 4018 3633 Mo-

723 3671 887 3723 saiCte
938 3670 1201 3738 cognovit
1235 3676 1547 3738 peccatum.
1581 3666 1646 3717 Et
1679 3665 2054 3734 cognitionem
2091 3665 2322 3732 peet'ati.
2354 3678 2520 3733 quam
2575 3663 2968 3730 suppeditabat
3004 3665 3109 3725 lex,
3146 3666 3436 3732 proximus
3487 3681 3708 3735 semper
3761 3667 4020 3736 proximo

723 3757 1057 3814 transmisit.
1092 3756 1159 3810 Et
1192 3757 1247 3810 in
1278 3756 1426 3809 hunc
1453 3754 1677 3808 tnodum
1712 3752 1888 3823 gratia
1924 3753 2236 3820 penetravit
2286 3754 2349 3806 ad
2398 3768 2613 3806 omnes.
2654 3749 2858 3805 Verum
2892 3753 3044 3821 ‘quia
3084 3754 3337 3822 plerique
3375 3757 3643 3810 mortales
3676 3756 3856 3808 instar
3895 3757 4018 3809 bel-

723 3846 934 3898 lnarum
970 3846 1249 3908 vivebant,
1285 3859 1394 3898 non
1427 3843 1691 3897 omnibus
1718 3857 1784 3896 ex
1821 3839 2078 3910 professo
2114 3841 2197 3893 lex
2233 3840 2359 3892 data
2405 3849 2510 3893 est.
2547 3837 2654 3894 Sed
2693 3840 2787 3893 uni
2825 3840 3029 3908 p0pttlo
3064 3841 3206 3895 hanc
3239 3842 3521 3897 concessit
3559 3861 3572 3896 :
3613 3858 3722 3912 qua
3751 3843 3796 3896 is
3833 3858 4016 3911 popu-

721 3936 806 3989 lus
855 3935 1164 3989 instructus
1223 3931 1453 4000 reliquis
1505 3931 1608 4000 piae
1646 3930 1770 3983 vitte
1797 3927 1957 3997 quasi
2005 3929 2060 3984 in
2092 3927 2244 3982 edito
2280 3929 2622 3982 constitutus
2662 3931 2997 3996 eventplum,
3059 3931 3125 3984 ad
3180 3931 3328 3998 quod
3384 3947 3582 3985 omnes
3643 3930 4017 4000 respicerent,

720 4025 882 4077 foret.
917 4025 1270 4093 Quapropter
1302 4021 1434 4075 Sion
1491 4010 1717 4089 speettla
1769 4018 2113 4079 nominatur,
2154 4025 2212 4069 ut
2235 4025 2384 4084 patet
2431 4033 2498 4070 ex
2548 4018 2634 4071 bis
2666 4016 2976 4072 Ezechielis
3007 4019 3193 4073 verbis
3226 4037 3240 4073 :
3283 4039 3300 4070 ι
3340 4019 3758 4086 Speculatorem
3795 4020 3922 4074 dedi
3960 4030 4018 4074 te

716 4113 974 4166 omnilms
1008 4112 1266 4179 gentibus
1309 4111 1376 4164 “.
1419 4130 1438 4162 ι
1477 4111 1756 4162 Praeterea
1785 4104 2082 4161 Judaicum
2113 4105 2376 4175 populum
2425 4105 2601 4159 ferum
2655 4115 2710 4160 et
2743 4107 3156 4162 intractabilem
3207 4107 3586 4178 quadraginta
3640 4107 3806 4162 annis
3840 4109 4018 4163 variis

717 4201 1004 4254 miraculis
1057 4198 1299 4253 erudivit
1349 4206 1409 4251 nt
1469 4202 1914 4256 mansuesceret.
1968 4203 2023 4249 ct
2069 4193 2355 4256 duritiem,
2397 4208 2564 4263 quam
2623 4195 2857 4264 reliqua!
2905 4197 3159 4250 nationes
3193 4203 3407 4259 tenent,
3440 4195 3769 4264 deponeret.
3806 4196 4014 4251 Verum

715 4288 1050 4340 laboriosmu
1089 4284 1287 4341 fuisset
1321 4284 1603 4338 universis
1635 4282 1899 4352 gentibus
1947 4281 2226 4335 difficilem
2267 4280 2415 4335 illam
2456 4289 2511 4334 et
2565 4281 2902 4336 laboriosam
2931 4282 3228 4336 admovere
3259 4283 3645 4350 disciplinam.
3685 4284 3824 4336 Cum
3855 4284 4012 4336 enim
4078 4333 4080 4335 ,

714 4378 1046 4431 adventante
1074 4375 1276 4445 gratia,
1333 4389 1457 4443 qua:
1509 4373 1725 4427 nullum
1758 4372 1952 4440 iugum
1989 4369 2250 4438 imponit,
2309 4369 2405 4424 sed
2451 4373 2667 4438 iugum,
2702 4385 2814 4442 quo
2843 4372 3163 4440 premimur,
3215 4371 3359 4426 levat
3395 4380 3752 4441 peccatorum
3787 4372 4010 4424 veniam

710 4466 871 4526 dans,
933 4463 1155 4532 plurimi
1211 4462 1419 4530 reperti
1448 4463 1562 4514 sint
1592 4461 1686 4530 qui
1735 4461 1852 4528 lege
1883 4458 2270 4513 edocebantur
2303 4466 2358 4512 et
2406 4466 2595 4512 tamen
2630 4458 2686 4512 in
2728 4458 3102 4513 inobedicntia
3133 4474 3523 4528 permansere,
3574 4460 3711 4527 quid
3769 4460 4013 4530 reliquis

707 4552 1048 4608 accidisset?
1081 4560 1215 4621 quot
1244 4550 1631 4604 inobedientes
1663 4548 1866 4602 inventi
1897 4555 2087 4601 essent
2141 4547 2284 4600 inter
2313 4555 2523 4599 tantam
2563 4547 2856 4599 hominum
2887 4545 3355 4602 multitudinem?

775 4639 949 4708 Super
981 4641 1263 4692 animabus
1293 4655 1394 4691 non
1429 4638 1758 4705 polluantur,
1796 4645 1906 4690 etc.
1934 4634 2105 4707 [X\'l.
2142 4632 2218 4706 1.]
2254 4632 2310 4688 Si
2356 4643 2616 4688 naturam
2675 4634 2872 4687 mortis
2919 4649 3016 4704 per
3043 4650 3106 4689 se
3133 4636 3406 4700 intueare,
3445 4636 3728 4691 rescisces
3764 4645 4010 4690 mortem
4067 4699 4079 4710 ι

705 4747 814 4783 non
849 4729 1142 4797 inquinare
1188 4742 1555 4796 quemquam.
1621 4725 1821 4778 Verum
1880 4725 1984 4778 hoc
2035 4723 2357 4793 praecipitur
2408 4724 2514 4778 sub
2573 4722 2831 4792 symbolo
2877 4722 3144 4790 quodam,
3180 4733 3240 4776 ut
3273 4724 3545 4786 vitentur,
3576 4739 3701 4794 qua:
3733 4739 3838 4778 nos
3871 4739 4013 4778 con-

703 4827 994 4887 spureaut,
1035 4816 1325 4870 mortifera
1358 4831 1548 4885 opera.
1585 4813 1770 4884 Erigit
1804 4814 1973 4883 igitur
2007 4811 2174 4873 Deus.
2213 4821 2270 4865 ut
2302 4826 2592 4866 sacrorum
2634 4811 2889 4864 minister
2933 4810 3180 4881 refugiat
3212 4810 3469 4866 letbifera
3508 4827 3708 4882 opera,
3744 4812 4012 4868 horreat-

700 4923 807 4975 que
831 4906 923 4960 illa
956 4917 1192 4975 patrare.
1229 4904 1335 4970 Qui
1384 4905 1534 4958 enim
1596 4903 1819 4972 attingit
1853 4902 2030 4971 picem
2069 4895 2477 4970 inqtiinabitur.
2516 4898 2652 4955 Cum
2707 4910 2889 4954 autem
2923 4899 2992 4954 de
3024 4900 3292 4970 symbolis
3344 4902 3460 4955 sive
3492 4901 3639 4972 typis
3673 4901 3752 4955 illi
3779 4901 3854 4956 sit
3887 4918 4012 4957 ser-

700 5009 812 5058 mo,
844 5011 913 5048 nc
964 4969 1120 5063 quis:
1141 4993 1464 5048 sacerdotes
1520 5000 1738 5061 reputet
1774 4991 2011 5054 ferreos,
2048 4990 2103 5042 in
2138 5005 2279 5059 quos
2326 4992 2512 5046 nullus
2547 4991 2710 5045 cadat
2766 4991 2971 5053 luctus,
3008 4993 3204 5046 statuit
3235 4993 3300 5045 ad
3339 5007 3483 5063 quas
3527 5008 3802 5062 personas
3839 5007 4012 5048 accc-

696 5085 827 5139 dere
860 5083 942 5138 fas
973 5083 1068 5146 sit.
1105 5084 1383 5153 prtecipue
1412 5097 1538 5136 cum
1574 5082 1660 5135 lex
1694 5081 1843 5136 dicat
1882 5098 1893 5133 :
1933 5097 1949 5129 ι
1994 5079 2216 5134 llonora
2247 5086 2458 5148 patrem
2500 5090 2652 5134 tuum
2707 5088 2764 5136 et
2823 5091 3056 5134 matrem
3102 5089 3251 5155 tuam
3285 5081 3353 5134 “.
3394 5100 3412 5134 ι
3450 5080 3802 5136 Permittitur
3843 5083 4009 5138 adire

694 5181 750 5225 et
777 5173 842 5226 ad
876 5165 1148 5234 sororem,
1176 5173 1338 5241 cujus
1367 5171 1554 5226 adhuc
1606 5171 1897 5237 virginitas
1950 5169 2025 5223 sit
2055 5167 2291 5222 illibata.
2333 5166 2620 5224 Fortassis
2664 5170 2772 5223 hoc
2800 5169 2988 5223 datum
3018 5178 3105 5223 est
3137 5167 3479 5239 quotidianae
3516 5171 3647 5223 vitae
3675 5179 4000 5225 consuetu-

692 5261 831 5315 dini.
870 5259 1031 5313 .‘llodo
1083 5271 1551 5315 connumnoratas
1627 5273 1895 5329 personas
1950 5255 2245 5310 lamentari
2283 5257 2407 5311 licet
2464 5258 2783 5325 sacerdoti;
2822 5258 3072 5328 reliquos
3124 5273 3237 5313 non
3281 5259 3494 5329 lugebit
3545 5259 3838 5316 sacerdos.
3900 5262 4004 5331 qui

693 5353 985 5407 institutus
1016 5358 1102 5408 est
1130 5358 1191 5405 ut
1227 5350 1529 5412 sacrilieia,
1564 5351 1769 5420 quibus
1813 5363 1961 5402 mors
2004 5347 2382 5416 propulsetur,
2421 5345 2641 5400 oll’erat.
2692 5343 2829 5402 Nam
2865 5347 3063 5403 mortis
3098 5346 3414 5404 destructio
3446 5358 3532 5404 est
3572 5349 3784 5405 Christi
3820 5364 4006 5418 more,

759 5509 807 5542 ”
832 5507 1035 5564 Jerem.
1085 5510 1279 5572 ιιι-ιλ.
1360 5510 1404 5540 ⁸ο
1435 5507 1544 5562 Tit.
1585 5527 1620 5572 ι,
1671 5508 1749 5559 l3.
1831 5508 1869 5536 “
1929 5503 2128 5561 Etecli.
2181 5522 2262 5565 ιιι,
2305 5507 2387 5561 l7.

1360 5510 1404 5540 ⁸ο
1435 5507 1544 5562 Tit.
1585 5527 1620 5572 ι,
1671 5508 1749 5559 l3.
1831 5508 1869 5536 “
1929 5503 2128 5561 Eteeli.
2181 5522 2262 5565 ιιι,
2305 5507 2387 5561 l7.
2469 5510 2510 5540 "’
2553 5507 2721 5562 Exod.
2764 5523 2853 5568 xx,
2899 5507 2978 5561 l2.

2253 5650 2481 5707 NOTAE.

759 5764 874 5832 (ἐξ)
894 5763 1070 5826 Τινὲς,
1107 5763 1164 5816 τὸ
1189 5764 1404 5816 ἅτῖκνςι
1444 5764 1795 5828 attain-litat,
1824 5765 1939 5816 ἀντὶ
1971 5765 2091 5832 19-3,
2129 5781 2209 5816 κτ.
2259 5766 2313 5816 ’0
2355 5764 2444 5833 τῆς

1107 5763 1164 5816 -.>.
1189 5764 1404 5816 ἄτεκνοι
1444 5764 1795 5828 attain-3771:,
1824 5765 1939 5816 ἀντὶ
1971 5765 2091 5832 τσῦ,
2129 5781 2209 5816 κτ.
2259 5766 2313 5816 ’0
2355 5764 2454 5833 τῆς
2481 5766 2618 5832 Λὺγ.
2653 5764 2782 5819 mas.
