  <div class='ocr_page' id='page_1' title='image "/cluster/home/n/w/nwhite01/storage/ocr_20150623/87 pt.1/nnc1.0046979824/403.png"; bbox 0 0 4266 6446; ppageno 0'>
   <div class='ocr_carea' id='block_1_1' title="bbox 766 390 4047 459">
    <p class='ocr_par' dir='ltr' id='par_1_1' title="bbox 766 390 4047 459">
     <span class='ocr_line' id='line_1_1' title="bbox 766 390 4047 459; baseline 0.006 -24"><span class='ocrx_word' id='word_1_1' title='bbox 766 397 859 459; x_wconf 63' lang='lat'><strong>771</strong></span> <span class='ocrx_word' id='word_1_2' title='bbox 2069 390 2425 449; x_wconf 76' lang='lat' dir='ltr'><strong>PROCOPII</strong></span> <span class='ocrx_word' id='word_1_3' title='bbox 2467 391 2704 448; x_wconf 63' lang='lat' dir='ltr'><strong>GALEI</strong></span> <span class='ocrx_word' id='word_1_4' title='bbox 3942 393 4047 456; x_wconf 75' lang='lat'><strong>77?.</strong></span> 
     </span>
    </p>
   </div>
   <div class='ocr_carea' id='block_1_2' title="bbox 765 500 4039 574">
    <p class='ocr_par' dir='ltr' id='par_1_2' title="bbox 765 500 4039 574">
     <span class='ocr_line' id='line_1_2' title="bbox 765 500 4039 574; baseline 0 -16"><span class='ocrx_word' id='word_1_5' title='bbox 765 507 972 571; x_wconf 73' lang='lat' dir='ltr'><strong>integer</strong></span> <span class='ocrx_word' id='word_1_6' title='bbox 1003 513 1052 556; x_wconf 83' lang='lat' dir='ltr'><strong>et</strong></span> <span class='ocrx_word' id='word_1_7' title='bbox 1082 512 1297 556; x_wconf 82' lang='lat' dir='ltr'><strong>erectus</strong></span> <span class='ocrx_word' id='word_1_8' title='bbox 1330 502 1397 553; x_wconf 90' lang='lat' dir='ltr'><strong>sit</strong></span> <span class='ocrx_word' id='word_1_9' title='bbox 1438 501 1527 552; x_wconf 86' lang='lat' dir='ltr'><strong>Dei</strong></span> <span class='ocrx_word' id='word_1_10' title='bbox 1561 501 1722 552; x_wconf 78' lang='lat' dir='ltr'><strong>homo</strong></span> <span class='ocrx_word' id='word_1_11' title='bbox 1749 508 1799 551; x_wconf 89' lang='lat' dir='ltr'><strong>et</strong></span> <span class='ocrx_word' id='word_1_12' title='bbox 1833 500 1897 552; x_wconf 87' lang='lat' dir='ltr'><strong>ad</strong></span> <span class='ocrx_word' id='word_1_13' title='bbox 1933 515 2093 553; x_wconf 89' lang='lat' dir='ltr'><strong>omne</strong></span> <span class='ocrx_word' id='word_1_14' title='bbox 2125 516 2266 569; x_wconf 86' lang='lat' dir='ltr'><strong>opus</strong></span> <span class='ocrx_word' id='word_1_15' title='bbox 2305 502 2510 555; x_wconf 91' lang='lat' dir='ltr'><strong>bonum</strong></span> <span class='ocrx_word' id='word_1_16' title='bbox 2545 510 2770 568; x_wconf 88' lang='lat' dir='ltr'><strong>paratus</strong></span> <span class='ocrx_word' id='word_1_17' title='bbox 2804 508 2856 553; x_wconf 91' lang='lat' dir='ltr'><strong>et</strong></span> <span class='ocrx_word' id='word_1_18' title='bbox 2897 502 3222 569; x_wconf 65' lang='lat' dir='ltr'><strong>expeditus,</strong></span> <span class='ocrx_word' id='word_1_19' title='bbox 3261 502 3337 554; x_wconf 85' lang='lat' dir='ltr'><strong>uti</strong></span> <span class='ocrx_word' id='word_1_20' title='bbox 3369 518 3469 571; x_wconf 60' lang='lat' dir='ltr'><strong>pra</strong></span> <span class='ocrx_word' id='word_1_21' title='bbox 3488 503 3617 572; x_wconf 76' lang='lat' dir='ltr'><strong>cipit</strong></span> <span class='ocrx_word' id='word_1_22' title='bbox 3646 503 3865 560; x_wconf 80' lang='lat' dir='ltr'><strong>divinus</strong></span> <span class='ocrx_word' id='word_1_23' title='bbox 3894 518 4039 574; x_wconf 75' lang='lat' dir='ltr'><strong>Apo-</strong></span> 
     </span>
    </p>
   </div>
   <div class='ocr_carea' id='block_1_3' title="bbox 764 590 4036 663">
    <p class='ocr_par' dir='ltr' id='par_1_3' title="bbox 764 590 4036 663">
     <span class='ocr_line' id='line_1_3' title="bbox 764 590 4036 663; baseline -0.001 -11"><span class='ocrx_word' id='word_1_24' title='bbox 764 599 958 652; x_wconf 84' lang='lat' dir='ltr'><strong>stolus.</strong></span> <span class='ocrx_word' id='word_1_25' title='bbox 983 597 1127 649; x_wconf 80' lang='lat' dir='ltr'><strong>Iden:</strong></span> <span class='ocrx_word' id='word_1_26' title='bbox 1158 610 1381 663; x_wconf 88' lang='lat' dir='ltr'><strong>quoque</strong></span> <span class='ocrx_word' id='word_1_27' title='bbox 1413 595 1603 656; x_wconf 88' lang='lat' dir='ltr'><strong>tradit,</strong></span> <span class='ocrx_word' id='word_1_28' title='bbox 1626 593 1833 658; x_wconf 64' lang='lat' dir='ltr'><strong>requiri</strong></span> <span class='ocrx_word' id='word_1_29' title='bbox 1862 600 1915 642; x_wconf 80' lang='lat' dir='ltr'><strong>ut</strong></span> <span class='ocrx_word' id='word_1_30' title='bbox 1936 594 2236 660; x_wconf 86' lang='lat' dir='ltr'><strong>episcopus</strong></span> <span class='ocrx_word' id='word_1_31' title='bbox 2268 595 2386 646; x_wconf 90' lang='lat' dir='ltr'><strong>sine</strong></span> <span class='ocrx_word' id='word_1_32' title='bbox 2419 593 2650 646; x_wconf 88' lang='lat' dir='ltr'><strong>crimine</strong></span> <span class='ocrx_word' id='word_1_33' title='bbox 2676 592 2767 646; x_wconf 89' lang='lat' dir='ltr'><strong>sit.</strong></span> <span class='ocrx_word' id='word_1_34' title='bbox 2803 590 2874 643; x_wconf 86' lang='lat' dir='ltr'><strong>De.</strong></span> <span class='ocrx_word' id='word_1_35' title='bbox 2900 594 3159 646; x_wconf 85' lang='lat' dir='ltr'><strong>omnibus</strong></span> <span class='ocrx_word' id='word_1_36' title='bbox 3182 609 3330 655; x_wconf 85' lang='lat' dir='ltr'><strong>vero,</strong></span> <span class='ocrx_word' id='word_1_37' title='bbox 3361 611 3480 663; x_wconf 64' lang='lat' dir='ltr'><strong>qtae</strong></span> <span class='ocrx_word' id='word_1_38' title='bbox 3508 595 3737 659; x_wconf 74' lang='lat' dir='ltr'><strong>Paulus,</strong></span> <span class='ocrx_word' id='word_1_39' title='bbox 3767 598 3821 648; x_wconf 89' lang='lat' dir='ltr'><strong>ni</strong></span> <span class='ocrx_word' id='word_1_40' title='bbox 3854 597 4036 661; x_wconf 86' lang='lat' dir='ltr'><strong>fallor,</strong></span> 
     </span>
    </p>
   </div>
   <div class='ocr_carea' id='block_1_4' title="bbox 764 679 4037 749">
    <p class='ocr_par' dir='ltr' id='par_1_4' title="bbox 764 679 4037 749">
     <span class='ocr_line' id='line_1_4' title="bbox 764 679 4037 749; baseline 0.001 -13"><span class='ocrx_word' id='word_1_41' title='bbox 764 694 1034 740; x_wconf 73' lang='lat' dir='ltr'><strong>recenset.</strong></span> <span class='ocrx_word' id='word_1_42' title='bbox 1072 681 1256 736; x_wconf 77' lang='lat' dir='ltr'><strong>Moses</strong></span> <span class='ocrx_word' id='word_1_43' title='bbox 1291 682 1485 732; x_wconf 80' lang='lat' dir='ltr'><strong>ordine</strong></span> <span class='ocrx_word' id='word_1_44' title='bbox 1508 682 1677 748; x_wconf 75' lang='lat' dir='ltr'><strong>legem</strong></span> <span class='ocrx_word' id='word_1_45' title='bbox 1711 679 1974 747; x_wconf 65' lang='lat' dir='ltr'><strong>explicat,</strong></span> <span class='ocrx_word' id='word_1_46' title='bbox 2008 679 2220 732; x_wconf 85' lang='lat' dir='ltr'><strong>dicens:</strong></span> <span class='ocrx_word' id='word_1_47' title='bbox 2268 698 2285 729; x_wconf 77' lang='grc' dir='ltr'>ι</span> <span class='ocrx_word' id='word_1_48' title='bbox 2329 679 2401 730; x_wconf 78' lang='lat' dir='ltr'><strong>Ex</strong></span> <span class='ocrx_word' id='word_1_49' title='bbox 2428 695 2628 747; x_wconf 82' lang='lat' dir='ltr'><strong>genere</strong></span> <span class='ocrx_word' id='word_1_50' title='bbox 2662 691 2751 732; x_wconf 87' lang='lat' dir='ltr'><strong>tuo</strong></span> <span class='ocrx_word' id='word_1_51' title='bbox 2777 681 2828 732; x_wconf 88' lang='lat' dir='ltr'><strong>iu</strong></span> <span class='ocrx_word' id='word_1_52' title='bbox 2862 684 3252 749; x_wconf 64' lang='lat' dir='ltr'><strong>generationes</strong></span> <span class='ocrx_word' id='word_1_53' title='bbox 3286 694 3523 737; x_wconf 67' lang='lat' dir='ltr'><strong>Vestras.</strong></span> <span class='ocrx_word' id='word_1_54' title='bbox 3569 704 3586 735; x_wconf 75' lang='grc' dir='ltr'><strong><em>ι</em></strong></span> <span class='ocrx_word' id='word_1_55' title='bbox 3623 686 3864 736; x_wconf 65' lang='lat' dir='ltr'><strong>:‘taronis</strong></span> <span class='ocrx_word' id='word_1_56' title='bbox 3891 689 4037 739; x_wconf 89' lang='lat' dir='ltr'><strong>enim</strong></span> 
     </span>
    </p>
   </div>
   <div class='ocr_carea' id='block_1_5' title="bbox 760 767 4038 839">
    <p class='ocr_par' dir='ltr' id='par_1_5' title="bbox 760 767 4038 839">
     <span class='ocr_line' id='line_1_5' title="bbox 760 767 4038 839; baseline 0 -17"><span class='ocrx_word' id='word_1_57' title='bbox 760 787 934 839; x_wconf 73' lang='lat' dir='ltr'><strong>genus</strong></span> <span class='ocrx_word' id='word_1_58' title='bbox 968 769 1188 819; x_wconf 60' lang='lat' dir='ltr'><strong>derant</strong></span> <span class='ocrx_word' id='word_1_59' title='bbox 1219 783 1393 834; x_wconf 89' lang='lat' dir='ltr'><strong>usque</strong></span> <span class='ocrx_word' id='word_1_60' title='bbox 1443 767 1509 817; x_wconf 89' lang='lat' dir='ltr'><strong>ad</strong></span> <span class='ocrx_word' id='word_1_61' title='bbox 1557 769 1945 831; x_wconf 84' lang='lat' dir='ltr'><strong>generationes</strong></span> <span class='ocrx_word' id='word_1_62' title='bbox 1989 767 2300 834; x_wconf 79' lang='lat' dir='ltr'><strong>Spiritualis</strong></span> <span class='ocrx_word' id='word_1_63' title='bbox 2347 767 2608 827; x_wconf 77' lang='lat' dir='ltr'><strong>Aarouis,</strong></span> <span class='ocrx_word' id='word_1_64' title='bbox 2641 768 2729 820; x_wconf 90' lang='lat' dir='ltr'><strong>cui</strong></span> <span class='ocrx_word' id='word_1_65' title='bbox 2765 769 2952 836; x_wconf 72' lang='lat' dir='ltr'><strong>agnati</strong></span> <span class='ocrx_word' id='word_1_66' title='bbox 2992 784 3093 818; x_wconf 79' lang='lat' dir='ltr'><strong>sua</strong></span> <span class='ocrx_word' id='word_1_67' title='bbox 3121 786 3185 821; x_wconf 90' lang='lat' dir='ltr'><strong>us</strong></span> <span class='ocrx_word' id='word_1_68' title='bbox 3219 778 3441 836; x_wconf 70' lang='lat' dir='ltr'><strong>propter</strong></span> <span class='ocrx_word' id='word_1_69' title='bbox 3475 771 3743 837; x_wconf 75' lang='lat' dir='ltr'><strong>Spiritum</strong></span> <span class='ocrx_word' id='word_1_70' title='bbox 3783 783 4038 824; x_wconf 83' lang='lat' dir='ltr'><strong>sanctum</strong></span> 
     </span>
    </p>
   </div>
   <div class='ocr_carea' id='block_1_6' title="bbox 759 853 4034 923">
    <p class='ocr_par' dir='ltr' id='par_1_6' title="bbox 759 853 4034 923">
     <span class='ocr_line' id='line_1_6' title="bbox 759 853 4034 923; baseline 0 -14"><span class='ocrx_word' id='word_1_71' title='bbox 759 859 1116 923; x_wconf 64' lang='lat' dir='ltr'><strong>ejusdemque</strong></span> <span class='ocrx_word' id='word_1_72' title='bbox 1148 865 1430 906; x_wconf 79' lang='lat' dir='ltr'><strong>consortes</strong></span> <span class='ocrx_word' id='word_1_73' title='bbox 1458 869 1686 914; x_wconf 56' lang='lat' dir='ltr'><strong>naturae,</strong></span> <span class='ocrx_word' id='word_1_74' title='bbox 1721 854 1785 904; x_wconf 87' lang='lat' dir='ltr'><strong>de.</strong></span> <span class='ocrx_word' id='word_1_75' title='bbox 1814 855 2016 920; x_wconf 89' lang='lat' dir='ltr'><strong>quibus</strong></span> <span class='ocrx_word' id='word_1_76' title='bbox 2053 855 2122 905; x_wconf 91' lang='lat' dir='ltr'><strong>ita</strong></span> <span class='ocrx_word' id='word_1_77' title='bbox 2165 853 2416 921; x_wconf 73' lang='lat' dir='ltr'><strong>profatur</strong></span> <span class='ocrx_word' id='word_1_78' title='bbox 2447 872 2458 905; x_wconf 86' lang='lat'><strong>:</strong></span> <span class='ocrx_word' id='word_1_79' title='bbox 2501 871 2519 902; x_wconf 72' lang='grc' dir='ltr'><strong>ε</strong></span> <span class='ocrx_word' id='word_1_80' title='bbox 2561 853 2701 906; x_wconf 82' lang='lat' dir='ltr'><strong>Ecce</strong></span> <span class='ocrx_word' id='word_1_81' title='bbox 2737 871 2860 919; x_wconf 75' lang='lat' dir='ltr'><strong>ego,</strong></span> <span class='ocrx_word' id='word_1_82' title='bbox 2897 865 2949 906; x_wconf 89' lang='lat' dir='ltr'><strong>et</strong></span> <span class='ocrx_word' id='word_1_83' title='bbox 2998 855 3154 906; x_wconf 80' lang='lat' dir='ltr'><strong>liberi</strong></span> <span class='ocrx_word' id='word_1_84' title='bbox 3184 870 3326 922; x_wconf 89' lang='lat' dir='ltr'><strong>quos</strong></span> <span class='ocrx_word' id='word_1_85' title='bbox 3366 856 3497 907; x_wconf 74' lang='lat' dir='ltr'><strong>mihi</strong></span> <span class='ocrx_word' id='word_1_86' title='bbox 3540 856 3696 908; x_wconf 89' lang='lat' dir='ltr'><strong>dedit</strong></span> <span class='ocrx_word' id='word_1_87' title='bbox 3731 857 3876 910; x_wconf 88' lang='lat' dir='ltr'><strong>Deus</strong></span> <span class='ocrx_word' id='word_1_88' title='bbox 3904 859 3974 910; x_wconf 82' lang='grc'><strong>⁷⁵.</strong></span> <span class='ocrx_word' id='word_1_89' title='bbox 4017 876 4034 908; x_wconf 70' lang='grc' dir='ltr'><strong><em>ι</em></strong></span> 
     </span>
    </p>
   </div>
   <div class='ocr_carea' id='block_1_7' title="bbox 757 939 4038 1010">
    <p class='ocr_par' dir='ltr' id='par_1_7' title="bbox 757 939 4038 1010">
     <span class='ocr_line' id='line_1_7' title="bbox 757 939 4038 1010; baseline -0.001 -13"><span class='ocrx_word' id='word_1_90' title='bbox 757 946 972 997; x_wconf 71' lang='lat' dir='ltr'><strong>(la-cum</strong></span> <span class='ocrx_word' id='word_1_91' title='bbox 1017 944 1184 994; x_wconf 82' lang='lat' dir='ltr'><strong>dubio</strong></span> <span class='ocrx_word' id='word_1_92' title='bbox 1220 945 1409 1008; x_wconf 76' lang='lat' dir='ltr'><strong>procul</strong></span> <span class='ocrx_word' id='word_1_93' title='bbox 1449 941 1686 992; x_wconf 85' lang='lat' dir='ltr'><strong>nominat</strong></span> <span class='ocrx_word' id='word_1_94' title='bbox 1726 939 1904 992; x_wconf 73' lang='lat' dir='ltr'><strong>Moses</strong></span> <span class='ocrx_word' id='word_1_95' title='bbox 1935 953 2205 992; x_wconf 85' lang='lat' dir='ltr'><strong>amentem</strong></span> <span class='ocrx_word' id='word_1_96' title='bbox 2241 949 2292 991; x_wconf 89' lang='lat' dir='ltr'><strong>et</strong></span> <span class='ocrx_word' id='word_1_97' title='bbox 2327 941 2578 993; x_wconf 90' lang='lat' dir='ltr'><strong>stultum.</strong></span> <span class='ocrx_word' id='word_1_98' title='bbox 2635 940 2846 992; x_wconf 83' lang='lat' dir='ltr'><strong>Oculus</strong></span> <span class='ocrx_word' id='word_1_99' title='bbox 2879 942 3024 992; x_wconf 91' lang='lat' dir='ltr'><strong>enim</strong></span> <span class='ocrx_word' id='word_1_100' title='bbox 3057 943 3107 992; x_wconf 87' lang='lat' dir='ltr'><strong>in</strong></span> <span class='ocrx_word' id='word_1_101' title='bbox 3160 956 3394 1008; x_wconf 86' lang='lat' dir='ltr'><strong>corpore</strong></span> <span class='ocrx_word' id='word_1_102' title='bbox 3432 943 3731 1010; x_wconf 88' lang='lat' dir='ltr'><strong>respondet</strong></span> <span class='ocrx_word' id='word_1_103' title='bbox 3775 945 3944 996; x_wconf 88' lang='lat' dir='ltr'><strong>menti</strong></span> <span class='ocrx_word' id='word_1_104' title='bbox 3987 947 4038 996; x_wconf 92' lang='lat' dir='ltr'><strong>in</strong></span> 
     </span>
    </p>
   </div>
   <div class='ocr_carea' id='block_1_8' title="bbox 758 1026 4037 1097">
    <p class='ocr_par' dir='ltr' id='par_1_8' title="bbox 758 1026 4037 1097">
     <span class='ocr_line' id='line_1_8' title="bbox 758 1026 4037 1097; baseline 0 -15"><span class='ocrx_word' id='word_1_105' title='bbox 758 1034 964 1092; x_wconf 75' lang='lat' dir='ltr'><strong>animo,</strong></span> <span class='ocrx_word' id='word_1_106' title='bbox 993 1046 1111 1097; x_wconf 68' lang='lat' dir='ltr'><strong>q&#39;tze</strong></span> <span class='ocrx_word' id='word_1_107' title='bbox 1152 1046 1311 1080; x_wconf 86' lang='lat' dir='ltr'><strong>tuens</strong></span> <span class='ocrx_word' id='word_1_108' title='bbox 1349 1029 1623 1093; x_wconf 86' lang='lat' dir='ltr'><strong>spirituali</strong></span> <span class='ocrx_word' id='word_1_109' title='bbox 1680 1027 1886 1078; x_wconf 91' lang='lat' dir='ltr'><strong>lumine</strong></span> <span class='ocrx_word' id='word_1_110' title='bbox 1941 1026 2089 1079; x_wconf 89' lang='lat' dir='ltr'><strong>Solis</strong></span> <span class='ocrx_word' id='word_1_111' title='bbox 2119 1027 2350 1094; x_wconf 75' lang='lat' dir='ltr'><strong>justitia:</strong></span> <span class='ocrx_word' id='word_1_112' title='bbox 2380 1027 2718 1088; x_wconf 86' lang='lat' dir='ltr'><strong>illutninata,</strong></span> <span class='ocrx_word' id='word_1_113' title='bbox 2772 1028 2926 1079; x_wconf 85' lang='lat' dir='ltr'><strong>norit</strong></span> <span class='ocrx_word' id='word_1_114' title='bbox 2970 1029 3248 1096; x_wconf 78' lang='lat' dir='ltr'><strong>respicere</strong></span> <span class='ocrx_word' id='word_1_115' title='bbox 3301 1028 3366 1080; x_wconf 83' lang='lat' dir='ltr'><strong>ad</strong></span> <span class='ocrx_word' id='word_1_116' title='bbox 3396 1030 3742 1096; x_wconf 79' lang='lat' dir='ltr'><strong>splendorem</strong></span> <span class='ocrx_word' id='word_1_117' title='bbox 3780 1045 4037 1083; x_wconf 88' lang='lat' dir='ltr'><strong>verorum</strong></span> 
     </span>
    </p>
   </div>
   <div class='ocr_carea' id='block_1_9' title="bbox 755 1113 4043 1186">
    <p class='ocr_par' dir='ltr' id='par_1_9' title="bbox 755 1113 4043 1186">
     <span class='ocr_line' id='line_1_9' title="bbox 755 1113 4043 1186; baseline 0.001 -18"><span class='ocrx_word' id='word_1_118' title='bbox 755 1118 1091 1185; x_wconf 62' lang='lat' dir='ltr'><strong>«logniatmn,</strong></span> <span class='ocrx_word' id='word_1_119' title='bbox 1145 1114 1608 1183; x_wconf 76' lang='lat' dir='ltr'><strong>quemmlamnlum</strong></span> <span class='ocrx_word' id='word_1_120' title='bbox 1655 1114 1706 1164; x_wconf 90' lang='lat' dir='ltr'><strong>in</strong></span> <span class='ocrx_word' id='word_1_121' title='bbox 1762 1114 2069 1168; x_wconf 79' lang='lat' dir='ltr'><strong>Proverbiis</strong></span> <span class='ocrx_word' id='word_1_122' title='bbox 2127 1114 2360 1166; x_wconf 88' lang='lat' dir='ltr'><strong>habetur</strong></span> <span class='ocrx_word' id='word_1_123' title='bbox 2400 1131 2412 1163; x_wconf 92' lang='lat'><strong>:</strong></span> <span class='ocrx_word' id='word_1_124' title='bbox 2451 1133 2468 1163; x_wconf 73' lang='grc' dir='ltr'><strong><em>ι</em></strong></span> <span class='ocrx_word' id='word_1_125' title='bbox 2511 1113 2666 1167; x_wconf 91' lang='lat' dir='ltr'><strong>Oculi</strong></span> <span class='ocrx_word' id='word_1_126' title='bbox 2726 1115 2801 1167; x_wconf 90' lang='lat' dir='ltr'><strong>ttti</strong></span> <span class='ocrx_word' id='word_1_127' title='bbox 2839 1125 2984 1168; x_wconf 88' lang='lat' dir='ltr'><strong>recta</strong></span> <span class='ocrx_word' id='word_1_128' title='bbox 3020 1118 3287 1167; x_wconf 79' lang='lat' dir='ltr'><strong>videant:</strong></span> <span class='ocrx_word' id='word_1_129' title='bbox 3327 1125 3379 1169; x_wconf 89' lang='lat' dir='ltr'><strong>et</strong></span> <span class='ocrx_word' id='word_1_130' title='bbox 3414 1118 3690 1186; x_wconf 74' lang='lat' dir='ltr'><strong>palpebra:</strong></span> <span class='ocrx_word' id='word_1_131' title='bbox 3715 1125 3822 1171; x_wconf 69' lang='lat' dir='ltr'><strong>tua:</strong></span> <span class='ocrx_word' id='word_1_132' title='bbox 3867 1128 4043 1172; x_wconf 80' lang='lat' dir='ltr'><strong>nuant</strong></span> 
     </span>
    </p>
   </div>
   <div class='ocr_carea' id='block_1_10' title="bbox 751 1199 4038 1274">
    <p class='ocr_par' dir='ltr' id='par_1_10' title="bbox 751 1199 4038 1274">
     <span class='ocr_line' id='line_1_10' title="bbox 751 1199 4038 1274; baseline 0.002 -24"><span class='ocrx_word' id='word_1_133' title='bbox 751 1207 899 1272; x_wconf 67' lang='lat' dir='ltr'><strong>justa</strong></span> <span class='ocrx_word' id='word_1_134' title='bbox 935 1205 996 1256; x_wconf 70' lang='lat'><strong>7‘.</strong></span> <span class='ocrx_word' id='word_1_135' title='bbox 1036 1223 1052 1253; x_wconf 73' lang='grc' dir='ltr'><strong><em>ι</em></strong></span> <span class='ocrx_word' id='word_1_136' title='bbox 1097 1202 1440 1271; x_wconf 76' lang='lat' dir='ltr'><strong>Synagogam</strong></span> <span class='ocrx_word' id='word_1_137' title='bbox 1468 1199 1984 1253; x_wconf 68' lang='lat' dir='ltr'><strong>atttethmlmot-um</strong></span> <span class='ocrx_word' id='word_1_138' title='bbox 2011 1202 2088 1252; x_wconf 88' lang='lat' dir='ltr'><strong>sic</strong></span> <span class='ocrx_word' id='word_1_139' title='bbox 2118 1201 2454 1266; x_wconf 91' lang='lat' dir='ltr'><strong>alloquitur:</strong></span> <span class='ocrx_word' id='word_1_140' title='bbox 2491 1221 2509 1252; x_wconf 75' lang='grc' dir='ltr'><strong><em>ι</em></strong></span> <span class='ocrx_word' id='word_1_141' title='bbox 2548 1201 2685 1255; x_wconf 84' lang='lat' dir='ltr'><strong>Ecce</strong></span> <span class='ocrx_word' id='word_1_142' title='bbox 2715 1217 2820 1255; x_wconf 88' lang='lat' dir='ltr'><strong>nou</strong></span> <span class='ocrx_word' id='word_1_143' title='bbox 2847 1212 2975 1256; x_wconf 91' lang='lat' dir='ltr'><strong>sunt</strong></span> <span class='ocrx_word' id='word_1_144' title='bbox 3008 1204 3152 1256; x_wconf 90' lang='lat' dir='ltr'><strong>oculi</strong></span> <span class='ocrx_word' id='word_1_145' title='bbox 3191 1204 3292 1261; x_wconf 88' lang='lat' dir='ltr'><strong>tui.</strong></span> <span class='ocrx_word' id='word_1_146' title='bbox 3325 1219 3536 1256; x_wconf 82' lang='lat' dir='ltr'><strong>uereor</strong></span> <span class='ocrx_word' id='word_1_147' title='bbox 3559 1216 3715 1258; x_wconf 91' lang='lat' dir='ltr'><strong>tuum</strong></span> <span class='ocrx_word' id='word_1_148' title='bbox 3745 1207 4038 1274; x_wconf 89' lang='lat' dir='ltr'><strong>pulchrum</strong></span> 
     </span>
    </p>
   </div>
   <div class='ocr_carea' id='block_1_11' title="bbox 753 1290 4036 1361">
    <p class='ocr_par' dir='ltr' id='par_1_11' title="bbox 753 1290 4036 1361">
     <span class='ocr_line' id='line_1_11' title="bbox 753 1290 4036 1361; baseline -0 -16"><span class='ocrx_word' id='word_1_149' title='bbox 753 1305 836 1345; x_wconf 86' lang='lat' dir='ltr'><strong>est</strong></span> <span class='ocrx_word' id='word_1_150' title='bbox 865 1294 908 1322; x_wconf 84' lang='grc'><strong>⁷⁷</strong></span> <span class='ocrx_word' id='word_1_151' title='bbox 931 1312 973 1344; x_wconf 74' lang='grc' dir='ltr'><strong>,ι</strong></span> <span class='ocrx_word' id='word_1_152' title='bbox 1006 1292 1205 1341; x_wconf 63' lang='lat' dir='ltr'><strong>Verum</strong></span> <span class='ocrx_word' id='word_1_153' title='bbox 1242 1300 1294 1341; x_wconf 90' lang='lat' dir='ltr'><strong>et</strong></span> <span class='ocrx_word' id='word_1_154' title='bbox 1335 1292 1508 1346; x_wconf 87' lang='lat' dir='ltr'><strong>illum,</strong></span> <span class='ocrx_word' id='word_1_155' title='bbox 1553 1291 1868 1354; x_wconf 80' lang='lat' dir='ltr'><strong>cuicunque</strong></span> <span class='ocrx_word' id='word_1_156' title='bbox 1917 1290 2119 1354; x_wconf 81' lang='lat' dir='ltr'><strong>aliquid</strong></span> <span class='ocrx_word' id='word_1_157' title='bbox 2155 1290 2271 1340; x_wconf 84' lang='lat' dir='ltr'><strong>vitii</strong></span> <span class='ocrx_word' id='word_1_158' title='bbox 2303 1290 2444 1341; x_wconf 85' lang='lat' dir='ltr'><strong>inest</strong></span> <span class='ocrx_word' id='word_1_159' title='bbox 2467 1290 2666 1353; x_wconf 87' lang='lat' dir='ltr'><strong>oculis,</strong></span> <span class='ocrx_word' id='word_1_160' title='bbox 2694 1291 2932 1357; x_wconf 83' lang='lat' dir='ltr'><strong>repellit,</strong></span> <span class='ocrx_word' id='word_1_161' title='bbox 2974 1300 3032 1342; x_wconf 93' lang='lat' dir='ltr'><strong>ut</strong></span> <span class='ocrx_word' id='word_1_162' title='bbox 3069 1290 3123 1342; x_wconf 91' lang='lat' dir='ltr'><strong>in</strong></span> <span class='ocrx_word' id='word_1_163' title='bbox 3155 1291 3519 1358; x_wconf 80' lang='lat' dir='ltr'><strong>sequentibus</strong></span> <span class='ocrx_word' id='word_1_164' title='bbox 3539 1306 3600 1342; x_wconf 80' lang='lat' dir='ltr'><strong>ex</strong></span> <span class='ocrx_word' id='word_1_165' title='bbox 3630 1292 3776 1359; x_wconf 90' lang='lat' dir='ltr'><strong>lippo</strong></span> <span class='ocrx_word' id='word_1_166' title='bbox 3801 1293 4036 1361; x_wconf 84' lang='lat' dir='ltr'><strong>patebit.</strong></span> 
     </span>
    </p>
   </div>
   <div class='ocr_carea' id='block_1_12' title="bbox 752 1377 4029 1446">
    <p class='ocr_par' dir='ltr' id='par_1_12' title="bbox 752 1377 4029 1446">
     <span class='ocr_line' id='line_1_12' title="bbox 752 1377 4029 1446; baseline -0.001 -14"><span class='ocrx_word' id='word_1_167' title='bbox 752 1379 886 1432; x_wconf 69' lang='lat' dir='ltr'><strong>Nam</strong></span> <span class='ocrx_word' id='word_1_168' title='bbox 927 1383 977 1430; x_wconf 88' lang='lat' dir='ltr'><strong>in</strong></span> <span class='ocrx_word' id='word_1_169' title='bbox 1012 1379 1392 1430; x_wconf 85' lang='lat' dir='ltr'><strong>sacerdotibus</strong></span> <span class='ocrx_word' id='word_1_170' title='bbox 1416 1377 1750 1444; x_wconf 83' lang='lat' dir='ltr'><strong>partirulare</strong></span> <span class='ocrx_word' id='word_1_171' title='bbox 1785 1379 1973 1426; x_wconf 82' lang='lat' dir='ltr'><strong>vitium</strong></span> <span class='ocrx_word' id='word_1_172' title='bbox 2013 1377 2326 1444; x_wconf 82' lang='lat' dir='ltr'><strong>:cquipollet</strong></span> <span class='ocrx_word' id='word_1_173' title='bbox 2359 1377 2681 1428; x_wconf 87' lang='lat' dir='ltr'><strong>universali.</strong></span> <span class='ocrx_word' id='word_1_174' title='bbox 2717 1377 2797 1428; x_wconf 79' lang='lat' dir='ltr'><strong>Ad</strong></span> <span class='ocrx_word' id='word_1_175' title='bbox 2841 1392 2964 1428; x_wconf 87' lang='lat' dir='ltr'><strong>eum</strong></span> <span class='ocrx_word' id='word_1_176' title='bbox 2999 1379 3220 1429; x_wconf 91' lang='lat' dir='ltr'><strong>modum</strong></span> <span class='ocrx_word' id='word_1_177' title='bbox 3256 1378 3516 1446; x_wconf 86' lang='lat' dir='ltr'><strong>reprobat</strong></span> <span class='ocrx_word' id='word_1_178' title='bbox 3550 1377 3834 1440; x_wconf 90' lang='lat' dir='ltr'><strong>claudum,</strong></span> <span class='ocrx_word' id='word_1_179' title='bbox 3874 1379 4029 1433; x_wconf 88' lang='lat' dir='ltr'><strong>vide-</strong></span> 
     </span>
    </p>
   </div>
   <div class='ocr_carea' id='block_1_13' title="bbox 754 1462 4038 1534">
    <p class='ocr_par' dir='ltr' id='par_1_13' title="bbox 754 1462 4038 1534">
     <span class='ocr_line' id='line_1_13' title="bbox 754 1462 4038 1534; baseline -0.001 -15"><span class='ocrx_word' id='word_1_180' title='bbox 754 1470 882 1521; x_wconf 71' lang='lat' dir='ltr'><strong>licet</strong></span> <span class='ocrx_word' id='word_1_181' title='bbox 913 1485 1059 1525; x_wconf 76' lang='lat' dir='ltr'><strong>eum,</strong></span> <span class='ocrx_word' id='word_1_182' title='bbox 1097 1467 1188 1534; x_wconf 92' lang='lat' dir='ltr'><strong>qui</strong></span> <span class='ocrx_word' id='word_1_183' title='bbox 1213 1483 1318 1516; x_wconf 92' lang='lat' dir='ltr'><strong>non</strong></span> <span class='ocrx_word' id='word_1_184' title='bbox 1357 1473 1507 1516; x_wconf 81' lang='lat' dir='ltr'><strong>recto</strong></span> <span class='ocrx_word' id='word_1_185' title='bbox 1544 1464 1677 1531; x_wconf 80' lang='lat' dir='ltr'><strong>pede</strong></span> <span class='ocrx_word' id='word_1_186' title='bbox 1712 1465 1916 1514; x_wconf 83' lang='lat' dir='ltr'><strong>incedit</strong></span> <span class='ocrx_word' id='word_1_187' title='bbox 1951 1463 2018 1514; x_wconf 87' lang='lat' dir='ltr'><strong>ad</strong></span> <span class='ocrx_word' id='word_1_188' title='bbox 2049 1478 2214 1530; x_wconf 85' lang='lat' dir='ltr'><strong>opera</strong></span> <span class='ocrx_word' id='word_1_189' title='bbox 2240 1464 2403 1526; x_wconf 90' lang='lat' dir='ltr'><strong>bona,</strong></span> <span class='ocrx_word' id='word_1_190' title='bbox 2445 1478 2544 1514; x_wconf 82' lang='lat' dir='ltr'><strong>nec</strong></span> <span class='ocrx_word' id='word_1_191' title='bbox 2581 1473 2833 1531; x_wconf 90' lang='lat' dir='ltr'><strong>prompte</strong></span> <span class='ocrx_word' id='word_1_192' title='bbox 2894 1466 3060 1514; x_wconf 87' lang='lat' dir='ltr'><strong>vitam</strong></span> <span class='ocrx_word' id='word_1_193' title='bbox 3098 1464 3208 1530; x_wconf 78' lang='lat' dir='ltr'><strong>agit</strong></span> <span class='ocrx_word' id='word_1_194' title='bbox 3240 1478 3302 1514; x_wconf 83' lang='lat' dir='ltr'><strong>ex</strong></span> <span class='ocrx_word' id='word_1_195' title='bbox 3336 1464 3670 1532; x_wconf 78' lang='lat' dir='ltr'><strong>praescripto</strong></span> <span class='ocrx_word' id='word_1_196' title='bbox 3705 1462 3944 1528; x_wconf 88' lang='lat' dir='ltr'><strong>Domini,</strong></span> <span class='ocrx_word' id='word_1_197' title='bbox 3971 1466 4038 1518; x_wconf 91' lang='lat' dir='ltr'><strong>de</strong></span> 
     </span>
    </p>
   </div>
   <div class='ocr_carea' id='block_1_14' title="bbox 750 1549 4031 1623">
    <p class='ocr_par' dir='ltr' id='par_1_14' title="bbox 750 1549 4031 1623">
     <span class='ocr_line' id='line_1_14' title="bbox 750 1549 4031 1623; baseline 0.001 -20"><span class='ocrx_word' id='word_1_198' title='bbox 750 1574 858 1623; x_wconf 84' lang='lat' dir='ltr'><strong>quo</strong></span> <span class='ocrx_word' id='word_1_199' title='bbox 893 1557 1056 1621; x_wconf 65' lang='lat' dir='ltr'><strong>digne.</strong></span> <span class='ocrx_word' id='word_1_200' title='bbox 1105 1556 1214 1605; x_wconf 80' lang='lat' dir='ltr'><strong>tilCi</strong></span> <span class='ocrx_word' id='word_1_201' title='bbox 1255 1563 1440 1621; x_wconf 78' lang='lat' dir='ltr'><strong>posSet</strong></span> <span class='ocrx_word' id='word_1_202' title='bbox 1478 1573 1488 1604; x_wconf 90' lang='lat'>:</span> <span class='ocrx_word' id='word_1_203' title='bbox 1522 1572 1538 1600; x_wconf 70' lang='grc' dir='ltr'><strong>ε</strong></span> <span class='ocrx_word' id='word_1_204' title='bbox 1577 1553 1853 1605; x_wconf 71' lang='lat' dir='ltr'><strong>ltoborate.</strong></span> <span class='ocrx_word' id='word_1_205' title='bbox 1901 1566 2097 1603; x_wconf 80' lang='lat' dir='ltr'><strong>manus</strong></span> <span class='ocrx_word' id='word_1_206' title='bbox 2163 1554 2445 1608; x_wconf 84' lang='lat' dir='ltr'><strong>remissas.</strong></span> <span class='ocrx_word' id='word_1_207' title='bbox 2492 1559 2544 1602; x_wconf 90' lang='lat' dir='ltr'><strong>et</strong></span> <span class='ocrx_word' id='word_1_208' title='bbox 2591 1551 2832 1601; x_wconf 90' lang='lat' dir='ltr'><strong>labantia</strong></span> <span class='ocrx_word' id='word_1_209' title='bbox 2888 1565 3062 1617; x_wconf 83' lang='lat' dir='ltr'><strong>genua</strong></span> <span class='ocrx_word' id='word_1_210' title='bbox 3092 1549 3159 1601; x_wconf 74' lang='lat'><strong>&quot;.</strong></span> <span class='ocrx_word' id='word_1_211' title='bbox 3203 1569 3221 1600; x_wconf 75' lang='grc' dir='ltr'><strong><em>ι</em></strong></span> <span class='ocrx_word' id='word_1_212' title='bbox 3269 1550 3340 1604; x_wconf 88' lang='lat' dir='ltr'><strong>De</strong></span> <span class='ocrx_word' id='word_1_213' title='bbox 3360 1550 3647 1605; x_wconf 76' lang='lat' dir='ltr'><strong>Judzeisin</strong></span> <span class='ocrx_word' id='word_1_214' title='bbox 3681 1552 4031 1606; x_wconf 87' lang='lat' dir='ltr'><strong>Psalmorum</strong></span> 
     </span>
    </p>
   </div>
   <div class='ocr_carea' id='block_1_15' title="bbox 751 1635 4035 1701">
    <p class='ocr_par' dir='ltr' id='par_1_15' title="bbox 751 1635 4035 1701">
     <span class='ocr_line' id='line_1_15' title="bbox 751 1635 4035 1701; baseline -0.001 -9"><span class='ocrx_word' id='word_1_215' title='bbox 751 1646 892 1694; x_wconf 86' lang='lat' dir='ltr'><strong>libro</strong></span> <span class='ocrx_word' id='word_1_216' title='bbox 923 1645 1000 1692; x_wconf 67' lang='lat' dir='ltr'><strong>sic.</strong></span> <span class='ocrx_word' id='word_1_217' title='bbox 1048 1644 1265 1692; x_wconf 76' lang='lat' dir='ltr'><strong>fertur:</strong></span> <span class='ocrx_word' id='word_1_218' title='bbox 1305 1661 1320 1689; x_wconf 79' lang='grc' dir='ltr'>ι</span> <span class='ocrx_word' id='word_1_219' title='bbox 1362 1640 1481 1692; x_wconf 78' lang='lat' dir='ltr'><strong>Filii</strong></span> <span class='ocrx_word' id='word_1_220' title='bbox 1522 1641 1686 1692; x_wconf 85' lang='lat' dir='ltr'><strong>alieni</strong></span> <span class='ocrx_word' id='word_1_221' title='bbox 1733 1640 1947 1691; x_wconf 88' lang='lat' dir='ltr'><strong>tuentili</strong></span> <span class='ocrx_word' id='word_1_222' title='bbox 2004 1647 2132 1690; x_wconf 91' lang='lat' dir='ltr'><strong>sunt</strong></span> <span class='ocrx_word' id='word_1_223' title='bbox 2169 1639 2324 1700; x_wconf 89' lang='lat' dir='ltr'><strong>mihi,</strong></span> <span class='ocrx_word' id='word_1_224' title='bbox 2374 1637 2466 1689; x_wconf 83' lang='lat' dir='ltr'><strong>lilii</strong></span> <span class='ocrx_word' id='word_1_225' title='bbox 2501 1636 2665 1688; x_wconf 91' lang='lat' dir='ltr'><strong>alieni</strong></span> <span class='ocrx_word' id='word_1_226' title='bbox 2708 1636 2979 1701; x_wconf 73' lang='lat' dir='ltr'><strong>antiquati</strong></span> <span class='ocrx_word' id='word_1_227' title='bbox 3053 1643 3202 1696; x_wconf 86' lang='lat' dir='ltr'><strong>sunt,</strong></span> <span class='ocrx_word' id='word_1_228' title='bbox 3240 1645 3294 1688; x_wconf 92' lang='lat' dir='ltr'><strong>et</strong></span> <span class='ocrx_word' id='word_1_229' title='bbox 3329 1635 3785 1690; x_wconf 88' lang='lat' dir='ltr'><strong>claudicaverunt</strong></span> <span class='ocrx_word' id='word_1_230' title='bbox 3831 1638 3889 1690; x_wconf 92' lang='lat' dir='ltr'><strong>in</strong></span> <span class='ocrx_word' id='word_1_231' title='bbox 3929 1638 4035 1690; x_wconf 90' lang='lat' dir='ltr'><strong>viis</strong></span> 
     </span>
    </p>
   </div>
   <div class='ocr_carea' id='block_1_16' title="bbox 746 1721 4036 1792">
    <p class='ocr_par' dir='ltr' id='par_1_16' title="bbox 746 1721 4036 1792">
     <span class='ocr_line' id='line_1_16' title="bbox 746 1721 4036 1792; baseline -0.001 -14"><span class='ocrx_word' id='word_1_232' title='bbox 746 1733 861 1780; x_wconf 81' lang='lat' dir='ltr'><strong>suis</strong></span> <span class='ocrx_word' id='word_1_233' title='bbox 892 1731 955 1782; x_wconf 74' lang='grc' dir='ltr'><strong>υ,</strong></span> <span class='ocrx_word' id='word_1_234' title='bbox 997 1747 1012 1775; x_wconf 73' lang='grc' dir='ltr'>ι</span> <span class='ocrx_word' id='word_1_235' title='bbox 1075 1726 1465 1779; x_wconf 74' lang='lat' dir='ltr'><strong>Verumtamen</strong></span> <span class='ocrx_word' id='word_1_236' title='bbox 1524 1727 1576 1778; x_wconf 93' lang='lat' dir='ltr'><strong>in</strong></span> <span class='ocrx_word' id='word_1_237' title='bbox 1640 1725 1999 1791; x_wconf 72' lang='lat' dir='ltr'><strong>sequentibus</strong></span> <span class='ocrx_word' id='word_1_238' title='bbox 2043 1725 2222 1792; x_wconf 89' lang='lat' dir='ltr'><strong>rejicit</strong></span> <span class='ocrx_word' id='word_1_239' title='bbox 2280 1739 2498 1777; x_wconf 88' lang='lat' dir='ltr'><strong>onmem</strong></span> <span class='ocrx_word' id='word_1_240' title='bbox 2560 1725 2646 1775; x_wconf 90' lang='lat' dir='ltr'><strong>cui</strong></span> <span class='ocrx_word' id='word_1_241' title='bbox 2694 1737 2788 1790; x_wconf 84' lang='lat' dir='ltr'><strong>pes</strong></span> <span class='ocrx_word' id='word_1_242' title='bbox 2814 1724 2884 1774; x_wconf 92' lang='lat' dir='ltr'><strong>sit</strong></span> <span class='ocrx_word' id='word_1_243' title='bbox 2919 1721 3158 1775; x_wconf 76' lang='lat' dir='ltr'><strong>afﬂictus</strong></span> <span class='ocrx_word' id='word_1_244' title='bbox 3184 1731 3238 1775; x_wconf 91' lang='lat' dir='ltr'><strong>et</strong></span> <span class='ocrx_word' id='word_1_245' title='bbox 3263 1725 3561 1776; x_wconf 91' lang='lat' dir='ltr'><strong>contritus.</strong></span> <span class='ocrx_word' id='word_1_246' title='bbox 3611 1722 3662 1776; x_wconf 84' lang='lat' dir='ltr'><strong>Is</strong></span> <span class='ocrx_word' id='word_1_247' title='bbox 3724 1724 3814 1776; x_wconf 91' lang='lat' dir='ltr'><strong>cui</strong></span> <span class='ocrx_word' id='word_1_248' title='bbox 3865 1737 4036 1778; x_wconf 90' lang='lat' dir='ltr'><strong>nasus</strong></span> 
     </span>
    </p>
   </div>
   <div class='ocr_carea' id='block_1_17' title="bbox 747 1809 4029 1891">
    <p class='ocr_par' dir='ltr' id='par_1_17' title="bbox 747 1809 4029 1891">
     <span class='ocr_line' id='line_1_17' title="bbox 747 1809 4029 1891; baseline -0.002 -24"><span class='ocrx_word' id='word_1_249' title='bbox 747 1821 1042 1882; x_wconf 79' lang='lat' dir='ltr'><strong>depressus</strong></span> <span class='ocrx_word' id='word_1_250' title='bbox 1076 1825 1182 1873; x_wconf 78' lang='lat' dir='ltr'><strong>est,</strong></span> <span class='ocrx_word' id='word_1_251' title='bbox 1216 1814 1497 1881; x_wconf 71' lang='lat' dir='ltr'><strong>significat</strong></span> <span class='ocrx_word' id='word_1_252' title='bbox 1533 1814 1836 1877; x_wconf 82' lang='lat' dir='ltr'><strong>hominem,</strong></span> <span class='ocrx_word' id='word_1_253' title='bbox 1862 1814 1950 1864; x_wconf 91' lang='lat' dir='ltr'><strong>cui</strong></span> <span class='ocrx_word' id='word_1_254' title='bbox 1979 1827 2087 1864; x_wconf 92' lang='lat' dir='ltr'><strong>non</strong></span> <span class='ocrx_word' id='word_1_255' title='bbox 2119 1823 2206 1864; x_wconf 90' lang='lat' dir='ltr'><strong>est</strong></span> <span class='ocrx_word' id='word_1_256' title='bbox 2241 1811 2557 1864; x_wconf 89' lang='lat' dir='ltr'><strong>intellectus</strong></span> <span class='ocrx_word' id='word_1_257' title='bbox 2594 1809 2832 1870; x_wconf 69' lang='lat' dir='ltr'><strong>validus,</strong></span> <span class='ocrx_word' id='word_1_258' title='bbox 2866 1817 2920 1861; x_wconf 90' lang='lat' dir='ltr'><strong>ut</strong></span> <span class='ocrx_word' id='word_1_259' title='bbox 2954 1809 3462 1876; x_wconf 87' lang='lat' dir='ltr'><strong>queatdiscernere</strong></span> <span class='ocrx_word' id='word_1_260' title='bbox 3496 1811 3643 1863; x_wconf 88' lang='lat' dir='ltr'><strong>inter</strong></span> <span class='ocrx_word' id='word_1_261' title='bbox 3676 1810 4029 1891; x_wconf 77' lang='lat' dir='ltr'><strong>spiritualem</strong></span> 
     </span>
    </p>
   </div>
   <div class='ocr_carea' id='block_1_18' title="bbox 747 1895 4034 1968">
    <p class='ocr_par' dir='ltr' id='par_1_18' title="bbox 747 1895 4034 1968">
     <span class='ocr_line' id='line_1_18' title="bbox 747 1895 4034 1968; baseline 0 -16"><span class='ocrx_word' id='word_1_262' title='bbox 747 1904 1101 1965; x_wconf 56' lang='lat' dir='ltr'><strong>fragrantiam</strong></span> <span class='ocrx_word' id='word_1_263' title='bbox 1132 1910 1183 1951; x_wconf 82' lang='lat' dir='ltr'><strong>et</strong></span> <span class='ocrx_word' id='word_1_264' title='bbox 1221 1910 1570 1966; x_wconf 84' lang='lat' dir='ltr'><strong>peceatoruut</strong></span> <span class='ocrx_word' id='word_1_265' title='bbox 1614 1903 1866 1950; x_wconf 80' lang='lat' dir='ltr'><strong>fetorem.</strong></span> <span class='ocrx_word' id='word_1_266' title='bbox 1907 1897 2037 1949; x_wconf 78' lang='lat' dir='ltr'><strong>Nam</strong></span> <span class='ocrx_word' id='word_1_267' title='bbox 2073 1897 2182 1951; x_wconf 87' lang='lat' dir='ltr'><strong>illis</strong></span> <span class='ocrx_word' id='word_1_268' title='bbox 2211 1897 2303 1966; x_wconf 91' lang='lat' dir='ltr'><strong>qui</strong></span> <span class='ocrx_word' id='word_1_269' title='bbox 2341 1898 2544 1950; x_wconf 80' lang='lat' dir='ltr'><strong>fuerint</strong></span> <span class='ocrx_word' id='word_1_270' title='bbox 2567 1897 2715 1960; x_wconf 87' lang='lat' dir='ltr'><strong>simi,</strong></span> <span class='ocrx_word' id='word_1_271' title='bbox 2750 1913 2857 1950; x_wconf 88' lang='lat' dir='ltr'><strong>non</strong></span> <span class='ocrx_word' id='word_1_272' title='bbox 2892 1905 3021 1950; x_wconf 87' lang='lat' dir='ltr'><strong>sunt</strong></span> <span class='ocrx_word' id='word_1_273' title='bbox 3057 1899 3190 1951; x_wconf 85' lang='lat' dir='ltr'><strong>recti</strong></span> <span class='ocrx_word' id='word_1_274' title='bbox 3249 1895 3492 1952; x_wconf 87' lang='lat' dir='ltr'><strong>olfactus</strong></span> <span class='ocrx_word' id='word_1_275' title='bbox 3525 1907 3764 1953; x_wconf 84' lang='lat' dir='ltr'><strong>meatus.</strong></span> <span class='ocrx_word' id='word_1_276' title='bbox 3797 1897 4034 1968; x_wconf 90' lang='lat' dir='ltr'><strong>Oportet</strong></span> 
     </span>
    </p>
   </div>
   <div class='ocr_carea' id='block_1_19' title="bbox 744 1986 3153 2054">
    <p class='ocr_par' dir='ltr' id='par_1_19' title="bbox 744 1986 3153 2054">
     <span class='ocr_line' id='line_1_19' title="bbox 744 1986 3153 2054; baseline 0 -15"><span class='ocrx_word' id='word_1_277' title='bbox 744 1997 925 2041; x_wconf 87' lang='lat' dir='ltr'><strong>autem</strong></span> <span class='ocrx_word' id='word_1_278' title='bbox 969 2005 1086 2048; x_wconf 81' lang='lat' dir='ltr'><strong>uos,</strong></span> <span class='ocrx_word' id='word_1_279' title='bbox 1127 1990 1302 2039; x_wconf 70' lang='lat' dir='ltr'><strong>instar</strong></span> <span class='ocrx_word' id='word_1_280' title='bbox 1335 1988 1456 2038; x_wconf 80' lang='lat' dir='ltr'><strong>botii</strong></span> <span class='ocrx_word' id='word_1_281' title='bbox 1494 1988 1792 2052; x_wconf 65' lang='lat' dir='ltr'><strong>trapezitae,</strong></span> <span class='ocrx_word' id='word_1_282' title='bbox 1830 1987 2065 2054; x_wconf 88' lang='lat' dir='ltr'><strong>probare</strong></span> <span class='ocrx_word' id='word_1_283' title='bbox 2098 1988 2302 2049; x_wconf 87' lang='lat' dir='ltr'><strong>omnia,</strong></span> <span class='ocrx_word' id='word_1_284' title='bbox 2337 1997 2390 2037; x_wconf 90' lang='lat' dir='ltr'><strong>et</strong></span> <span class='ocrx_word' id='word_1_285' title='bbox 2418 1994 2606 2040; x_wconf 84' lang='lat' dir='ltr'><strong>tenere</strong></span> <span class='ocrx_word' id='word_1_286' title='bbox 2632 1987 2780 2054; x_wconf 90' lang='lat' dir='ltr'><strong>quod</strong></span> <span class='ocrx_word' id='word_1_287' title='bbox 2811 1986 3013 2038; x_wconf 90' lang='lat' dir='ltr'><strong>bonum</strong></span> <span class='ocrx_word' id='word_1_288' title='bbox 3047 1995 3153 2040; x_wconf 89' lang='lat' dir='ltr'><strong>est.</strong></span> 
     </span>
    </p>
   </div>
   <div class='ocr_carea' id='block_1_20' title="bbox 816 2073 4022 2145">
    <p class='ocr_par' dir='ltr' id='par_1_20' title="bbox 816 2073 4022 2145">
     <span class='ocr_line' id='line_1_20' title="bbox 816 2073 4022 2145; baseline 0 -17"><span class='ocrx_word' id='word_1_289' title='bbox 816 2081 972 2128; x_wconf 72' lang='lat' dir='ltr'><strong>Auris</strong></span> <span class='ocrx_word' id='word_1_290' title='bbox 1000 2073 1750 2145; x_wconf 69' lang='lat' dir='ltr'><strong>nitttilata,etc.,[x.\ll.25.]</strong></span> <span class='ocrx_word' id='word_1_291' title='bbox 1788 2075 1880 2128; x_wconf 86' lang='lat' dir='ltr'><strong>llis</strong></span> <span class='ocrx_word' id='word_1_292' title='bbox 1909 2073 2376 2128; x_wconf 81' lang='lat' dir='ltr'><strong>verbisferiuutur</strong></span> <span class='ocrx_word' id='word_1_293' title='bbox 2408 2073 2506 2137; x_wconf 94' lang='lat' dir='ltr'><strong>illi,</strong></span> <span class='ocrx_word' id='word_1_294' title='bbox 2527 2073 2617 2141; x_wconf 89' lang='lat' dir='ltr'><strong>qui</strong></span> <span class='ocrx_word' id='word_1_295' title='bbox 2641 2088 2749 2125; x_wconf 92' lang='lat' dir='ltr'><strong>non</strong></span> <span class='ocrx_word' id='word_1_296' title='bbox 2769 2088 2864 2140; x_wconf 89' lang='lat' dir='ltr'><strong>per</strong></span> <span class='ocrx_word' id='word_1_297' title='bbox 2881 2073 3064 2125; x_wconf 89' lang='lat' dir='ltr'><strong>omnia</strong></span> <span class='ocrx_word' id='word_1_298' title='bbox 3084 2074 3462 2128; x_wconf 75' lang='lat' dir='ltr'><strong>assentiuntur</strong></span> <span class='ocrx_word' id='word_1_299' title='bbox 3477 2074 3689 2128; x_wconf 74' lang='lat' dir='ltr'><strong>cmlesti</strong></span> <span class='ocrx_word' id='word_1_300' title='bbox 3716 2074 3983 2129; x_wconf 72' lang='lat' dir='ltr'><strong>doctrina:</strong></span> <span class='ocrx_word' id='word_1_301' title='bbox 4011 2093 4022 2128; x_wconf 93' lang='lat'><strong>:</strong></span> 
     </span>
    </p>
   </div>
   <div class='ocr_carea' id='block_1_21' title="bbox 696 2159 4025 2234">
    <p class='ocr_par' dir='ltr' id='par_1_21' title="bbox 696 2159 4025 2234">
     <span class='ocr_line' id='line_1_21' title="bbox 696 2159 4025 2234; baseline 0 -17"><span class='ocrx_word' id='word_1_302' title='bbox 696 2227 703 2233; x_wconf 39' lang='grc'><em>,</em></span> <span class='ocrx_word' id='word_1_303' title='bbox 745 2176 840 2218; x_wconf 85' lang='lat' dir='ltr'><strong>aut</strong></span> <span class='ocrx_word' id='word_1_304' title='bbox 873 2168 965 2234; x_wconf 89' lang='lat' dir='ltr'><strong>qui</strong></span> <span class='ocrx_word' id='word_1_305' title='bbox 1005 2183 1113 2217; x_wconf 89' lang='lat' dir='ltr'><strong>non</strong></span> <span class='ocrx_word' id='word_1_306' title='bbox 1149 2177 1418 2233; x_wconf 81' lang='lat' dir='ltr'><strong>usui-pint</strong></span> <span class='ocrx_word' id='word_1_307' title='bbox 1450 2165 1680 2216; x_wconf 87' lang='lat' dir='ltr'><strong>auribus</strong></span> <span class='ocrx_word' id='word_1_308' title='bbox 1713 2164 1955 2231; x_wconf 82' lang='lat' dir='ltr'><strong>perfecte</strong></span> <span class='ocrx_word' id='word_1_309' title='bbox 1990 2176 2043 2215; x_wconf 91' lang='lat' dir='ltr'><strong>et</strong></span> <span class='ocrx_word' id='word_1_310' title='bbox 2073 2178 2212 2231; x_wconf 91' lang='lat' dir='ltr'><strong>pure</strong></span> <span class='ocrx_word' id='word_1_311' title='bbox 2251 2163 2467 2215; x_wconf 87' lang='lat' dir='ltr'><strong>divinos</strong></span> <span class='ocrx_word' id='word_1_312' title='bbox 2497 2175 2804 2214; x_wconf 82' lang='lat' dir='ltr'><strong>sermones.</strong></span> <span class='ocrx_word' id='word_1_313' title='bbox 2832 2159 2996 2214; x_wconf 84' lang='lat' dir='ltr'><strong>Tales</strong></span> <span class='ocrx_word' id='word_1_314' title='bbox 3028 2171 3180 2225; x_wconf 80' lang='lat' dir='ltr'><strong>sont,</strong></span> <span class='ocrx_word' id='word_1_315' title='bbox 3213 2163 3307 2232; x_wconf 88' lang='lat' dir='ltr'><strong>qui</strong></span> <span class='ocrx_word' id='word_1_316' title='bbox 3339 2163 3687 2219; x_wconf 82' lang='lat' dir='ltr'><strong>declinantes</strong></span> <span class='ocrx_word' id='word_1_317' title='bbox 3714 2178 3743 2216; x_wconf 90' lang='lat' dir='ltr'><strong>a</strong></span> <span class='ocrx_word' id='word_1_318' title='bbox 3767 2166 4025 2224; x_wconf 80' lang='lat' dir='ltr'><strong>veritate.</strong></span> 
     </span>
    </p>
   </div>
   <div class='ocr_carea' id='block_1_22' title="bbox 742 2248 4024 2323">
    <p class='ocr_par' dir='ltr' id='par_1_22' title="bbox 742 2248 4024 2323">
     <span class='ocr_line' id='line_1_22' title="bbox 742 2248 4024 2323; baseline -0.002 -14"><span class='ocrx_word' id='word_1_319' title='bbox 742 2258 871 2309; x_wconf 87' lang='lat' dir='ltr'><strong>dum</strong></span> <span class='ocrx_word' id='word_1_320' title='bbox 909 2271 990 2308; x_wconf 86' lang='lat' dir='ltr'><strong>eis</strong></span> <span class='ocrx_word' id='word_1_321' title='bbox 1039 2271 1202 2306; x_wconf 81' lang='lat' dir='ltr'><strong>aures</strong></span> <span class='ocrx_word' id='word_1_322' title='bbox 1245 2254 1521 2323; x_wconf 85' lang='lat' dir='ltr'><strong>pruriunt,</strong></span> <span class='ocrx_word' id='word_1_323' title='bbox 1564 2252 1844 2304; x_wconf 68' lang='lat' dir='ltr'><strong>adhaerent</strong></span> <span class='ocrx_word' id='word_1_324' title='bbox 1872 2253 2163 2318; x_wconf 78' lang='lat' dir='ltr'><strong>Spit-ilibus</strong></span> <span class='ocrx_word' id='word_1_325' title='bbox 2201 2249 2627 2319; x_wconf 88' lang='lat' dir='ltr'><strong>impostoribus.</strong></span> <span class='ocrx_word' id='word_1_326' title='bbox 2674 2248 2952 2302; x_wconf 80' lang='lat' dir='ltr'><strong>Contritio</strong></span> <span class='ocrx_word' id='word_1_327' title='bbox 2992 2264 3191 2302; x_wconf 88' lang='lat' dir='ltr'><strong>manus</strong></span> <span class='ocrx_word' id='word_1_328' title='bbox 3221 2259 3326 2313; x_wconf 88' lang='lat' dir='ltr'><strong>est,</strong></span> <span class='ocrx_word' id='word_1_329' title='bbox 3367 2250 3498 2303; x_wconf 91' lang='lat' dir='ltr'><strong>dum</strong></span> <span class='ocrx_word' id='word_1_330' title='bbox 3537 2265 3735 2306; x_wconf 89' lang='lat' dir='ltr'><strong>manus</strong></span> <span class='ocrx_word' id='word_1_331' title='bbox 3767 2267 4024 2305; x_wconf 88' lang='lat' dir='ltr'><strong>corrum-</strong></span> 
     </span>
    </p>
   </div>
   <div class='ocr_carea' id='block_1_23' title="bbox 742 2340 4024 2414">
    <p class='ocr_par' dir='ltr' id='par_1_23' title="bbox 742 2340 4024 2414">
     <span class='ocr_line' id='line_1_23' title="bbox 742 2340 4024 2414; baseline 0.001 -19"><span class='ocrx_word' id='word_1_332' title='bbox 742 2347 890 2414; x_wconf 90' lang='lat' dir='ltr'><strong>pi:ur</strong></span> <span class='ocrx_word' id='word_1_333' title='bbox 923 2361 988 2395; x_wconf 88' lang='lat' dir='ltr'><strong>ne</strong></span> <span class='ocrx_word' id='word_1_334' title='bbox 1023 2344 1262 2410; x_wconf 73' lang='lat' dir='ltr'><strong>periei-te</strong></span> <span class='ocrx_word' id='word_1_335' title='bbox 1296 2353 1483 2408; x_wconf 80' lang='lat' dir='ltr'><strong>pergat</strong></span> <span class='ocrx_word' id='word_1_336' title='bbox 1520 2340 1588 2392; x_wconf 88' lang='lat' dir='ltr'><strong>ad</strong></span> <span class='ocrx_word' id='word_1_337' title='bbox 1641 2355 1808 2408; x_wconf 83' lang='lat' dir='ltr'><strong>opera</strong></span> <span class='ocrx_word' id='word_1_338' title='bbox 1848 2341 2011 2402; x_wconf 87' lang='lat' dir='ltr'><strong>bona,</strong></span> <span class='ocrx_word' id='word_1_339' title='bbox 2065 2341 2226 2392; x_wconf 87' lang='lat' dir='ltr'><strong>sicuti</strong></span> <span class='ocrx_word' id='word_1_340' title='bbox 2260 2351 2312 2393; x_wconf 87' lang='lat' dir='ltr'><strong>et</strong></span> <span class='ocrx_word' id='word_1_341' title='bbox 2348 2340 2414 2392; x_wconf 89' lang='lat' dir='ltr'><strong>de</strong></span> <span class='ocrx_word' id='word_1_342' title='bbox 2460 2340 2597 2410; x_wconf 87' lang='lat' dir='ltr'><strong>pede</strong></span> <span class='ocrx_word' id='word_1_343' title='bbox 2643 2355 2811 2409; x_wconf 86' lang='lat' dir='ltr'><strong>supra</strong></span> <span class='ocrx_word' id='word_1_344' title='bbox 2858 2340 3116 2394; x_wconf 86' lang='lat' dir='ltr'><strong>dedimus</strong></span> <span class='ocrx_word' id='word_1_345' title='bbox 3143 2341 3512 2396; x_wconf 89' lang='lat' dir='ltr'><strong>claudicante.</strong></span> <span class='ocrx_word' id='word_1_346' title='bbox 3548 2340 3685 2397; x_wconf 77' lang='lat' dir='ltr'><strong>Nam</strong></span> <span class='ocrx_word' id='word_1_347' title='bbox 3750 2345 4024 2414; x_wconf 84' lang='lat' dir='ltr'><strong>propheta</strong></span> 
     </span>
    </p>
   </div>
   <div class='ocr_carea' id='block_1_24' title="bbox 737 2426 4029 2502">
    <p class='ocr_par' dir='ltr' id='par_1_24' title="bbox 737 2426 4029 2502">
     <span class='ocr_line' id='line_1_24' title="bbox 737 2426 4029 2502; baseline 0 -18"><span class='ocrx_word' id='word_1_348' title='bbox 737 2435 1012 2485; x_wconf 72' lang='lat' dir='ltr'><strong>evclamat</strong></span> <span class='ocrx_word' id='word_1_349' title='bbox 1043 2449 1054 2482; x_wconf 92' lang='lat'><strong>:</strong></span> <span class='ocrx_word' id='word_1_350' title='bbox 1094 2451 1108 2479; x_wconf 76' lang='grc' dir='ltr'>ι</span> <span class='ocrx_word' id='word_1_351' title='bbox 1153 2428 1242 2482; x_wconf 69' lang='lat' dir='ltr'><strong>Vae</strong></span> <span class='ocrx_word' id='word_1_352' title='bbox 1270 2430 1398 2487; x_wconf 82' lang='lat' dir='ltr'><strong>illis.</strong></span> <span class='ocrx_word' id='word_1_353' title='bbox 1435 2429 1528 2497; x_wconf 92' lang='lat' dir='ltr'><strong>qui</strong></span> <span class='ocrx_word' id='word_1_354' title='bbox 1556 2444 1722 2496; x_wconf 81' lang='lat' dir='ltr'><strong>opera</strong></span> <span class='ocrx_word' id='word_1_355' title='bbox 1754 2427 2327 2502; x_wconf 76' lang='lat' dir='ltr'><strong>Dominiexercituum</strong></span> <span class='ocrx_word' id='word_1_356' title='bbox 2358 2426 2569 2481; x_wconf 90' lang='lat' dir='ltr'><strong>faciunt</strong></span> <span class='ocrx_word' id='word_1_357' title='bbox 2597 2428 2961 2499; x_wconf 79' lang='lat' dir='ltr'><strong>negligenter,</strong></span> <span class='ocrx_word' id='word_1_358' title='bbox 3000 2449 3020 2482; x_wconf 70' lang='grc' dir='ltr'><strong><em>ι</em></strong></span> <span class='ocrx_word' id='word_1_359' title='bbox 3067 2430 3215 2484; x_wconf 87' lang='lat' dir='ltr'><strong>sive:</strong></span> <span class='ocrx_word' id='word_1_360' title='bbox 3249 2449 3267 2480; x_wconf 73' lang='grc' dir='ltr'>ι</span> <span class='ocrx_word' id='word_1_361' title='bbox 3304 2430 3409 2495; x_wconf 87' lang='lat' dir='ltr'><strong>Qui</strong></span> <span class='ocrx_word' id='word_1_362' title='bbox 3452 2431 3632 2500; x_wconf 86' lang='lat' dir='ltr'><strong>ipsum</strong></span> <span class='ocrx_word' id='word_1_363' title='bbox 3676 2433 3889 2500; x_wconf 84' lang='lat' dir='ltr'><strong>justum</strong></span> <span class='ocrx_word' id='word_1_364' title='bbox 3919 2446 4029 2485; x_wconf 90' lang='lat' dir='ltr'><strong>non</strong></span> 
     </span>
    </p>
   </div>
   <div class='ocr_carea' id='block_1_25' title="bbox 736 2516 4027 2588">
    <p class='ocr_par' dir='ltr' id='par_1_25' title="bbox 736 2516 4027 2588">
     <span class='ocr_line' id='line_1_25' title="bbox 736 2516 4027 2588; baseline 0.001 -17"><span class='ocrx_word' id='word_1_365' title='bbox 736 2523 896 2588; x_wconf 82' lang='lat' dir='ltr'><strong>justis</strong></span> <span class='ocrx_word' id='word_1_366' title='bbox 932 2521 1241 2574; x_wconf 85' lang='lat' dir='ltr'><strong>rationibus</strong></span> <span class='ocrx_word' id='word_1_367' title='bbox 1273 2529 1610 2583; x_wconf 61' lang='lat' dir='ltr'><strong>sectantur,»</strong></span> <span class='ocrx_word' id='word_1_368' title='bbox 1650 2527 1706 2569; x_wconf 85' lang='grc' dir='ltr'><strong>ιιι</strong></span> <span class='ocrx_word' id='word_1_369' title='bbox 1734 2520 2001 2586; x_wconf 78' lang='lat' dir='ltr'><strong>scriptum</strong></span> <span class='ocrx_word' id='word_1_370' title='bbox 2033 2517 2200 2570; x_wconf 77' lang='lat' dir='ltr'><strong>est&quot;.</strong></span> <span class='ocrx_word' id='word_1_371' title='bbox 2235 2516 2538 2570; x_wconf 86' lang='lat' dir='ltr'><strong>Gibbosum</strong></span> <span class='ocrx_word' id='word_1_372' title='bbox 2568 2531 2694 2571; x_wconf 90' lang='lat' dir='ltr'><strong>eum</strong></span> <span class='ocrx_word' id='word_1_373' title='bbox 2733 2517 3007 2580; x_wconf 89' lang='lat' dir='ltr'><strong>nominat,</strong></span> <span class='ocrx_word' id='word_1_374' title='bbox 3032 2519 3126 2585; x_wconf 88' lang='lat' dir='ltr'><strong>qui</strong></span> <span class='ocrx_word' id='word_1_375' title='bbox 3157 2517 3384 2583; x_wconf 85' lang='lat' dir='ltr'><strong>respicit</strong></span> <span class='ocrx_word' id='word_1_376' title='bbox 3416 2519 3772 2575; x_wconf 89' lang='lat' dir='ltr'><strong>solummodo</strong></span> <span class='ocrx_word' id='word_1_377' title='bbox 3806 2528 4027 2576; x_wconf 83' lang='lat' dir='ltr'><strong>terreea</strong></span> 
     </span>
    </p>
   </div>
   <div class='ocr_carea' id='block_1_26' title="bbox 735 2605 4028 2680">
    <p class='ocr_par' dir='ltr' id='par_1_26' title="bbox 735 2605 4028 2680">
     <span class='ocr_line' id='line_1_26' title="bbox 735 2605 4028 2680; baseline -0 -16"><span class='ocrx_word' id='word_1_378' title='bbox 735 2622 788 2664; x_wconf 92' lang='lat' dir='ltr'><strong>et</strong></span> <span class='ocrx_word' id='word_1_379' title='bbox 831 2611 1106 2670; x_wconf 74' lang='lat' dir='ltr'><strong>carnalia,</strong></span> <span class='ocrx_word' id='word_1_380' title='bbox 1142 2624 1240 2662; x_wconf 89' lang='lat' dir='ltr'><strong>uec</strong></span> <span class='ocrx_word' id='word_1_381' title='bbox 1280 2623 1520 2676; x_wconf 86' lang='lat' dir='ltr'><strong>unquam</strong></span> <span class='ocrx_word' id='word_1_382' title='bbox 1553 2607 1786 2675; x_wconf 75' lang='lat' dir='ltr'><strong>erigitur</strong></span> <span class='ocrx_word' id='word_1_383' title='bbox 1822 2605 1888 2656; x_wconf 91' lang='lat' dir='ltr'><strong>ad</strong></span> <span class='ocrx_word' id='word_1_384' title='bbox 1942 2605 2373 2673; x_wconf 76' lang='lat' dir='ltr'><strong>speculationem</strong></span> <span class='ocrx_word' id='word_1_385' title='bbox 2414 2618 2598 2656; x_wconf 88' lang='lat' dir='ltr'><strong>rerum</strong></span> <span class='ocrx_word' id='word_1_386' title='bbox 2648 2605 2984 2660; x_wconf 71' lang='lat' dir='ltr'><strong>cwlestium.</strong></span> <span class='ocrx_word' id='word_1_387' title='bbox 3027 2609 3075 2660; x_wconf 88' lang='lat' dir='ltr'><strong>Is</strong></span> <span class='ocrx_word' id='word_1_388' title='bbox 3103 2609 3272 2660; x_wconf 91' lang='lat' dir='ltr'><strong>etiam</strong></span> <span class='ocrx_word' id='word_1_389' title='bbox 3322 2607 3432 2662; x_wconf 87' lang='lat' dir='ltr'><strong>illis</strong></span> <span class='ocrx_word' id='word_1_390' title='bbox 3457 2609 3794 2665; x_wconf 81' lang='lat' dir='ltr'><strong>criminibus</strong></span> <span class='ocrx_word' id='word_1_391' title='bbox 3833 2611 4028 2680; x_wconf 82' lang='lat' dir='ltr'><strong>impli-</strong></span> 
     </span>
    </p>
   </div>
   <div class='ocr_carea' id='block_1_27' title="bbox 735 2691 4032 2768">
    <p class='ocr_par' dir='ltr' id='par_1_27' title="bbox 735 2691 4032 2768">
     <span class='ocr_line' id='line_1_27' title="bbox 735 2691 4032 2768; baseline 0 -15"><span class='ocrx_word' id='word_1_392' title='bbox 735 2710 917 2762; x_wconf 88' lang='lat' dir='ltr'><strong>catur,</strong></span> <span class='ocrx_word' id='word_1_393' title='bbox 955 2716 1075 2766; x_wconf 65' lang='lat' dir='ltr'><strong>quas</strong></span> <span class='ocrx_word' id='word_1_394' title='bbox 1107 2702 1360 2750; x_wconf 83' lang='lat' dir='ltr'><strong>teruntur</strong></span> <span class='ocrx_word' id='word_1_395' title='bbox 1394 2695 1460 2748; x_wconf 89' lang='lat' dir='ltr'><strong>de</strong></span> <span class='ocrx_word' id='word_1_396' title='bbox 1502 2693 1750 2747; x_wconf 70' lang='lat' dir='ltr'><strong>Judteis:</strong></span> <span class='ocrx_word' id='word_1_397' title='bbox 1815 2712 1832 2742; x_wconf 70' lang='grc' dir='ltr'>ι</span> <span class='ocrx_word' id='word_1_398' title='bbox 1864 2692 2310 2745; x_wconf 79' lang='lat' dir='ltr'><strong>Obteticbreutur</strong></span> <span class='ocrx_word' id='word_1_399' title='bbox 2362 2691 2507 2745; x_wconf 89' lang='lat' dir='ltr'><strong>oculi</strong></span> <span class='ocrx_word' id='word_1_400' title='bbox 2540 2707 2732 2746; x_wconf 86' lang='lat' dir='ltr'><strong>eorum</strong></span> <span class='ocrx_word' id='word_1_401' title='bbox 2776 2709 2841 2746; x_wconf 89' lang='lat' dir='ltr'><strong>ue</strong></span> <span class='ocrx_word' id='word_1_402' title='bbox 2880 2705 3132 2760; x_wconf 81' lang='lat' dir='ltr'><strong>cernant,</strong></span> <span class='ocrx_word' id='word_1_403' title='bbox 3179 2705 3233 2749; x_wconf 92' lang='lat' dir='ltr'><strong>et</strong></span> <span class='ocrx_word' id='word_1_404' title='bbox 3257 2704 3474 2765; x_wconf 80' lang='lat' dir='ltr'><strong>tergum</strong></span> <span class='ocrx_word' id='word_1_405' title='bbox 3530 2697 3751 2752; x_wconf 90' lang='lat' dir='ltr'><strong>illorum</strong></span> <span class='ocrx_word' id='word_1_406' title='bbox 3807 2713 4032 2768; x_wconf 87' lang='lat' dir='ltr'><strong>semper</strong></span> 
     </span>
    </p>
   </div>
   <div class='ocr_carea' id='block_1_28' title="bbox 738 2780 4024 2860">
    <p class='ocr_par' dir='ltr' id='par_1_28' title="bbox 738 2780 4024 2860">
     <span class='ocr_line' id='line_1_28' title="bbox 738 2780 4024 2860; baseline 0.001 -20"><span class='ocrx_word' id='word_1_407' title='bbox 738 2790 962 2840; x_wconf 80' lang='lat' dir='ltr'><strong>incurva</strong></span> <span class='ocrx_word' id='word_1_408' title='bbox 1000 2788 1096 2836; x_wconf 57' lang='grc' dir='ltr'><strong>Μ.»</strong></span> <span class='ocrx_word' id='word_1_409' title='bbox 1133 2784 1397 2836; x_wconf 57' lang='grc' dir='ltr'><strong>Ριιηιιιιτιε</strong></span> <span class='ocrx_word' id='word_1_410' title='bbox 1429 2785 1633 2836; x_wconf 90' lang='lat' dir='ltr'><strong>habere</strong></span> <span class='ocrx_word' id='word_1_411' title='bbox 1670 2784 1874 2834; x_wconf 90' lang='lat' dir='ltr'><strong>dicitur</strong></span> <span class='ocrx_word' id='word_1_412' title='bbox 1910 2782 1964 2833; x_wconf 89' lang='lat' dir='ltr'><strong>in</strong></span> <span class='ocrx_word' id='word_1_413' title='bbox 2013 2780 2218 2842; x_wconf 87' lang='lat' dir='ltr'><strong>fronte.</strong></span> <span class='ocrx_word' id='word_1_414' title='bbox 2269 2781 2360 2848; x_wconf 86' lang='lat' dir='ltr'><strong>qui</strong></span> <span class='ocrx_word' id='word_1_415' title='bbox 2393 2782 2832 2838; x_wconf 80' lang='lat' dir='ltr'><strong>inﬂammatione</strong></span> <span class='ocrx_word' id='word_1_416' title='bbox 2867 2787 3212 2854; x_wconf 90' lang='lat' dir='ltr'><strong>pustularum</strong></span> <span class='ocrx_word' id='word_1_417' title='bbox 3259 2803 3572 2857; x_wconf 88' lang='lat' dir='ltr'><strong>respersam</strong></span> <span class='ocrx_word' id='word_1_418' title='bbox 3612 2788 3810 2844; x_wconf 83' lang='lat' dir='ltr'><strong>faciem</strong></span> <span class='ocrx_word' id='word_1_419' title='bbox 3858 2792 4024 2860; x_wconf 89' lang='lat' dir='ltr'><strong>gerit.</strong></span> 
     </span>
    </p>
   </div>
   <div class='ocr_carea' id='block_1_29' title="bbox 738 2865 4030 2944">
    <p class='ocr_par' dir='ltr' id='par_1_29' title="bbox 738 2865 4030 2944">
     <span class='ocr_line' id='line_1_29' title="bbox 738 2865 4030 2944; baseline 0.001 -17"><span class='ocrx_word' id='word_1_420' title='bbox 738 2875 973 2927; x_wconf 79' lang='lat' dir='ltr'><strong>Pustu‘ae</strong></span> <span class='ocrx_word' id='word_1_421' title='bbox 995 2881 1178 2925; x_wconf 89' lang='lat' dir='ltr'><strong>autem</strong></span> <span class='ocrx_word' id='word_1_422' title='bbox 1221 2870 1325 2922; x_wconf 75' lang='lat' dir='ltr'><strong>illa:</strong></span> <span class='ocrx_word' id='word_1_423' title='bbox 1352 2872 1498 2922; x_wconf 89' lang='lat' dir='ltr'><strong>inter</strong></span> <span class='ocrx_word' id='word_1_424' title='bbox 1533 2869 1760 2922; x_wconf 86' lang='lat' dir='ltr'><strong>morbos</strong></span> <span class='ocrx_word' id='word_1_425' title='bbox 1784 2875 2286 2921; x_wconf 86' lang='lat' dir='ltr'><strong>connumerantur.</strong></span> <span class='ocrx_word' id='word_1_426' title='bbox 2315 2865 2507 2925; x_wconf 89' lang='lat' dir='ltr'><strong>Solent</strong></span> <span class='ocrx_word' id='word_1_427' title='bbox 2529 2872 2674 2926; x_wconf 89' lang='lat' dir='ltr'><strong>enim</strong></span> <span class='ocrx_word' id='word_1_428' title='bbox 2711 2871 2931 2927; x_wconf 90' lang='lat' dir='ltr'><strong>fuscare</strong></span> <span class='ocrx_word' id='word_1_429' title='bbox 2959 2875 3103 2927; x_wconf 89' lang='lat' dir='ltr'><strong>cutis</strong></span> <span class='ocrx_word' id='word_1_430' title='bbox 3128 2876 3504 2944; x_wconf 80' lang='lat' dir='ltr'><strong>superficiem.</strong></span> <span class='ocrx_word' id='word_1_431' title='bbox 3530 2877 3654 2931; x_wconf 81' lang='lat' dir='ltr'><strong>Tali</strong></span> <span class='ocrx_word' id='word_1_432' title='bbox 3681 2877 3876 2932; x_wconf 80' lang='lat' dir='ltr'><strong>morbo</strong></span> <span class='ocrx_word' id='word_1_433' title='bbox 3899 2888 4030 2932; x_wconf 87' lang='lat' dir='ltr'><strong>sunt</strong></span> 
     </span>
    </p>
   </div>
   <div class='ocr_carea' id='block_1_30' title="bbox 733 2959 4023 3033">
    <p class='ocr_par' dir='ltr' id='par_1_30' title="bbox 733 2959 4023 3033">
     <span class='ocr_line' id='line_1_30' title="bbox 733 2959 4023 3033; baseline 0.001 -15"><span class='ocrx_word' id='word_1_434' title='bbox 733 2967 1006 3033; x_wconf 87' lang='lat' dir='ltr'><strong>impediti,</strong></span> <span class='ocrx_word' id='word_1_435' title='bbox 1031 2965 1123 3033; x_wconf 91' lang='lat' dir='ltr'><strong>qui</strong></span> <span class='ocrx_word' id='word_1_436' title='bbox 1165 2974 1450 3032; x_wconf 88' lang='lat' dir='ltr'><strong>nequeunt</strong></span> <span class='ocrx_word' id='word_1_437' title='bbox 1493 2977 1632 3031; x_wconf 90' lang='lat' dir='ltr'><strong>puro</strong></span> <span class='ocrx_word' id='word_1_438' title='bbox 1658 2963 1813 3013; x_wconf 87' lang='lat' dir='ltr'><strong>vullu</strong></span> <span class='ocrx_word' id='word_1_439' title='bbox 1852 2959 2054 3012; x_wconf 83' lang='lat' dir='ltr'><strong>intueri</strong></span> <span class='ocrx_word' id='word_1_440' title='bbox 2090 2959 2410 3022; x_wconf 88' lang='lat' dir='ltr'><strong>Dominum,</strong></span> <span class='ocrx_word' id='word_1_441' title='bbox 2444 2975 2544 3013; x_wconf 89' lang='lat' dir='ltr'><strong>nec</strong></span> <span class='ocrx_word' id='word_1_442' title='bbox 2568 2971 2802 3029; x_wconf 87' lang='lat' dir='ltr'><strong>possunt</strong></span> <span class='ocrx_word' id='word_1_443' title='bbox 2825 2963 2993 3015; x_wconf 89' lang='lat' dir='ltr'><strong>etiam</strong></span> <span class='ocrx_word' id='word_1_444' title='bbox 3032 2979 3130 3017; x_wconf 89' lang='lat' dir='ltr'><strong>sua</strong></span> <span class='ocrx_word' id='word_1_445' title='bbox 3166 2965 3450 3019; x_wconf 87' lang='lat' dir='ltr'><strong>occultare</strong></span> <span class='ocrx_word' id='word_1_446' title='bbox 3500 2965 3799 3020; x_wconf 84' lang='lat' dir='ltr'><strong>dedecora.</strong></span> <span class='ocrx_word' id='word_1_447' title='bbox 3835 2964 4023 3022; x_wconf 79' lang='lat' dir='ltr'><strong>Minus</strong></span> 
     </span>
    </p>
   </div>
   <div class='ocr_carea' id='block_1_31' title="bbox 731 3045 4023 3122">
    <p class='ocr_par' dir='ltr' id='par_1_31' title="bbox 731 3045 4023 3122">
     <span class='ocr_line' id='line_1_31' title="bbox 731 3045 4023 3122; baseline 0 -14"><span class='ocrx_word' id='word_1_448' title='bbox 731 3067 912 3108; x_wconf 80' lang='lat' dir='ltr'><strong>autem</strong></span> <span class='ocrx_word' id='word_1_449' title='bbox 970 3065 1202 3122; x_wconf 88' lang='lat' dir='ltr'><strong>peccant</strong></span> <span class='ocrx_word' id='word_1_450' title='bbox 1244 3053 1316 3108; x_wconf 80' lang='lat' dir='ltr'><strong>hi.</strong></span> <span class='ocrx_word' id='word_1_451' title='bbox 1361 3068 1527 3120; x_wconf 89' lang='lat' dir='ltr'><strong>quam</strong></span> <span class='ocrx_word' id='word_1_452' title='bbox 1558 3051 1674 3113; x_wconf 70' lang='lat' dir='ltr'><strong>illi,</strong></span> <span class='ocrx_word' id='word_1_453' title='bbox 1709 3050 1804 3119; x_wconf 90' lang='lat' dir='ltr'><strong>qui</strong></span> <span class='ocrx_word' id='word_1_454' title='bbox 1842 3049 2060 3117; x_wconf 87' lang='lat' dir='ltr'><strong>penitus</strong></span> <span class='ocrx_word' id='word_1_455' title='bbox 2103 3045 2286 3102; x_wconf 90' lang='lat' dir='ltr'><strong>fronte</strong></span> <span class='ocrx_word' id='word_1_456' title='bbox 2332 3059 2558 3113; x_wconf 86' lang='lat' dir='ltr'><strong>carent,</strong></span> <span class='ocrx_word' id='word_1_457' title='bbox 2609 3059 2663 3103; x_wconf 90' lang='lat' dir='ltr'><strong>et</strong></span> <span class='ocrx_word' id='word_1_458' title='bbox 2694 3049 2928 3104; x_wconf 80' lang='lat' dir='ltr'><strong>eﬂ&#39;reues</strong></span> <span class='ocrx_word' id='word_1_459' title='bbox 2981 3051 3033 3103; x_wconf 90' lang='lat' dir='ltr'><strong>in</strong></span> <span class='ocrx_word' id='word_1_460' title='bbox 3087 3066 3254 3106; x_wconf 89' lang='lat' dir='ltr'><strong>omne</strong></span> <span class='ocrx_word' id='word_1_461' title='bbox 3309 3067 3487 3122; x_wconf 88' lang='lat' dir='ltr'><strong>genus</strong></span> <span class='ocrx_word' id='word_1_462' title='bbox 3547 3053 3776 3108; x_wconf 84' lang='lat' dir='ltr'><strong>sceleris</strong></span> <span class='ocrx_word' id='word_1_463' title='bbox 3831 3063 4023 3109; x_wconf 89' lang='lat' dir='ltr'><strong>ruunt.</strong></span> 
     </span>
    </p>
   </div>
   <div class='ocr_carea' id='block_1_32' title="bbox 730 3135 4017 3212">
    <p class='ocr_par' dir='ltr' id='par_1_32' title="bbox 730 3135 4017 3212">
     <span class='ocr_line' id='line_1_32' title="bbox 730 3135 4017 3212; baseline 0.001 -17"><span class='ocrx_word' id='word_1_464' title='bbox 730 3141 941 3211; x_wconf 86' lang='lat' dir='ltr'><strong>Lippus</strong></span> <span class='ocrx_word' id='word_1_465' title='bbox 971 3150 1056 3195; x_wconf 91' lang='lat' dir='ltr'><strong>est</strong></span> <span class='ocrx_word' id='word_1_466' title='bbox 1092 3141 1159 3203; x_wconf 87' lang='lat' dir='ltr'><strong>is,</strong></span> <span class='ocrx_word' id='word_1_467' title='bbox 1189 3140 1285 3209; x_wconf 88' lang='lat' dir='ltr'><strong>qui</strong></span> <span class='ocrx_word' id='word_1_468' title='bbox 1315 3139 1483 3210; x_wconf 77' lang='lat'><strong>368</strong></span> <span class='ocrx_word' id='word_1_469' title='bbox 1517 3138 1808 3207; x_wconf 80' lang='lat' dir='ltr'><strong>prudentia</strong></span> <span class='ocrx_word' id='word_1_470' title='bbox 1844 3137 2061 3205; x_wconf 86' lang='lat' dir='ltr'><strong>quidem</strong></span> <span class='ocrx_word' id='word_1_471' title='bbox 2101 3136 2271 3199; x_wconf 86' lang='lat' dir='ltr'><strong>valet,</strong></span> <span class='ocrx_word' id='word_1_472' title='bbox 2301 3135 2370 3189; x_wconf 93' lang='lat' dir='ltr'><strong>ab</strong></span> <span class='ocrx_word' id='word_1_473' title='bbox 2397 3136 2689 3193; x_wconf 72' lang='lat' dir='ltr'><strong>affectibus</strong></span> <span class='ocrx_word' id='word_1_474' title='bbox 2722 3154 2854 3192; x_wconf 87' lang='lat' dir='ltr'><strong>vero</strong></span> <span class='ocrx_word' id='word_1_475' title='bbox 2893 3137 3162 3202; x_wconf 78' lang='lat' dir='ltr'><strong>vincitur,</strong></span> <span class='ocrx_word' id='word_1_476' title='bbox 3191 3140 3283 3210; x_wconf 91' lang='lat' dir='ltr'><strong>qui</strong></span> <span class='ocrx_word' id='word_1_477' title='bbox 3320 3141 3496 3210; x_wconf 89' lang='lat' dir='ltr'><strong>ipsius</strong></span> <span class='ocrx_word' id='word_1_478' title='bbox 3527 3141 3771 3195; x_wconf 90' lang='lat' dir='ltr'><strong>animum</strong></span> <span class='ocrx_word' id='word_1_479' title='bbox 3805 3145 4017 3212; x_wconf 66' lang='lat' dir='ltr'><strong>smpius</strong></span> 
     </span>
    </p>
   </div>
   <div class='ocr_carea' id='block_1_33' title="bbox 730 3223 4017 3298">
    <p class='ocr_par' dir='ltr' id='par_1_33' title="bbox 730 3223 4017 3298">
     <span class='ocr_line' id='line_1_33' title="bbox 730 3223 4017 3298; baseline 0 -14"><span class='ocrx_word' id='word_1_480' title='bbox 730 3247 756 3284; x_wconf 88' lang='lat' dir='ltr'><strong>a</strong></span> <span class='ocrx_word' id='word_1_481' title='bbox 792 3236 1018 3285; x_wconf 76' lang='lat' dir='ltr'><strong>veritate</strong></span> <span class='ocrx_word' id='word_1_482' title='bbox 1062 3238 1322 3287; x_wconf 84' lang='lat' dir='ltr'><strong>avocant,</strong></span> <span class='ocrx_word' id='word_1_483' title='bbox 1373 3241 1426 3280; x_wconf 89' lang='lat' dir='ltr'><strong>et</strong></span> <span class='ocrx_word' id='word_1_484' title='bbox 1485 3227 1696 3279; x_wconf 81' lang='lat' dir='ltr'><strong>accedit</strong></span> <span class='ocrx_word' id='word_1_485' title='bbox 1744 3223 1943 3278; x_wconf 88' lang='lat' dir='ltr'><strong>deinde</strong></span> <span class='ocrx_word' id='word_1_486' title='bbox 2001 3223 2223 3290; x_wconf 88' lang='lat' dir='ltr'><strong>adjutor</strong></span> <span class='ocrx_word' id='word_1_487' title='bbox 2254 3223 2526 3280; x_wconf 68' lang='lat' dir='ltr'><strong>haereticis</strong></span> <span class='ocrx_word' id='word_1_488' title='bbox 2568 3227 2862 3296; x_wconf 83' lang='lat' dir='ltr'><strong>dogmatis,</strong></span> <span class='ocrx_word' id='word_1_489' title='bbox 2917 3229 3387 3296; x_wconf 85' lang='lat' dir='ltr'><strong>quemadmodum</strong></span> <span class='ocrx_word' id='word_1_490' title='bbox 3431 3227 3605 3283; x_wconf 73' lang='lat' dir='ltr'><strong>Judtei</strong></span> <span class='ocrx_word' id='word_1_491' title='bbox 3656 3239 3710 3284; x_wconf 87' lang='lat' dir='ltr'><strong>et</strong></span> <span class='ocrx_word' id='word_1_492' title='bbox 3746 3231 4017 3298; x_wconf 75' lang='lat' dir='ltr'><strong>haeretici,</strong></span> 
     </span>
    </p>
   </div>
   <div class='ocr_carea' id='block_1_34' title="bbox 728 3311 4026 3387">
    <p class='ocr_par' dir='ltr' id='par_1_34' title="bbox 728 3311 4026 3387">
     <span class='ocr_line' id='line_1_34' title="bbox 728 3311 4026 3387; baseline 0.001 -15"><span class='ocrx_word' id='word_1_493' title='bbox 728 3319 820 3387; x_wconf 88' lang='lat' dir='ltr'><strong>qui</strong></span> <span class='ocrx_word' id='word_1_494' title='bbox 853 3318 1073 3387; x_wconf 86' lang='lat' dir='ltr'><strong>quidem</strong></span> <span class='ocrx_word' id='word_1_495' title='bbox 1110 3317 1346 3369; x_wconf 88' lang='lat' dir='ltr'><strong>credunt</strong></span> <span class='ocrx_word' id='word_1_496' title='bbox 1387 3314 1556 3368; x_wconf 85' lang='lat' dir='ltr'><strong>Deum</strong></span> <span class='ocrx_word' id='word_1_497' title='bbox 1611 3329 1735 3368; x_wconf 86' lang='lat' dir='ltr'><strong>esse</strong></span> <span class='ocrx_word' id='word_1_498' title='bbox 1777 3312 2020 3376; x_wconf 79' lang='lat' dir='ltr'><strong>Patrem,</strong></span> <span class='ocrx_word' id='word_1_499' title='bbox 2077 3313 2297 3366; x_wconf 89' lang='lat' dir='ltr'><strong>interim</strong></span> <span class='ocrx_word' id='word_1_500' title='bbox 2336 3311 2536 3365; x_wconf 84' lang='lat' dir='ltr'><strong>Filium</strong></span> <span class='ocrx_word' id='word_1_501' title='bbox 2577 3315 2699 3382; x_wconf 87' lang='lat' dir='ltr'><strong>ejus</strong></span> <span class='ocrx_word' id='word_1_502' title='bbox 2735 3313 2921 3368; x_wconf 84' lang='lat' dir='ltr'><strong>Jesum</strong></span> <span class='ocrx_word' id='word_1_503' title='bbox 2964 3315 3250 3368; x_wconf 82' lang='lat' dir='ltr'><strong>Christum</strong></span> <span class='ocrx_word' id='word_1_504' title='bbox 3301 3315 3585 3385; x_wconf 88' lang='lat' dir='ltr'><strong>rejiciunt.</strong></span> <span class='ocrx_word' id='word_1_505' title='bbox 3641 3317 3908 3386; x_wconf 86' lang='lat' dir='ltr'><strong>Proinde,</strong></span> <span class='ocrx_word' id='word_1_506' title='bbox 3966 3331 4026 3374; x_wconf 90' lang='lat' dir='ltr'><strong>ut</strong></span> 
     </span>
    </p>
   </div>
   <div class='ocr_carea' id='block_1_35' title="bbox 726 3400 4020 3476">
    <p class='ocr_par' dir='ltr' id='par_1_35' title="bbox 726 3400 4020 3476">
     <span class='ocr_line' id='line_1_35' title="bbox 726 3400 4020 3476; baseline 0.001 -14"><span class='ocrx_word' id='word_1_507' title='bbox 726 3416 963 3462; x_wconf 80' lang='lat' dir='ltr'><strong>testatur</strong></span> <span class='ocrx_word' id='word_1_508' title='bbox 1006 3404 1282 3473; x_wconf 82' lang='lat' dir='ltr'><strong>Propheta</strong></span> <span class='ocrx_word' id='word_1_509' title='bbox 1325 3404 1392 3466; x_wconf 70' lang='grc' dir='ltr'><strong>θ’,</strong></span> <span class='ocrx_word' id='word_1_510' title='bbox 1434 3423 1450 3454; x_wconf 86' lang='grc'><em>‹</em></span> <span class='ocrx_word' id='word_1_511' title='bbox 1483 3403 1684 3458; x_wconf 88' lang='lat' dir='ltr'><strong>Oculos</strong></span> <span class='ocrx_word' id='word_1_512' title='bbox 1721 3401 1926 3454; x_wconf 89' lang='lat' dir='ltr'><strong>habent</strong></span> <span class='ocrx_word' id='word_1_513' title='bbox 1959 3408 2012 3453; x_wconf 90' lang='lat' dir='ltr'><strong>et</strong></span> <span class='ocrx_word' id='word_1_514' title='bbox 2043 3415 2153 3452; x_wconf 92' lang='lat' dir='ltr'><strong>non</strong></span> <span class='ocrx_word' id='word_1_515' title='bbox 2186 3400 2394 3454; x_wconf 89' lang='lat' dir='ltr'><strong>vident.</strong></span> <span class='ocrx_word' id='word_1_516' title='bbox 2431 3422 2448 3454; x_wconf 70' lang='grc' dir='ltr'><strong><em>ι</em></strong></span> <span class='ocrx_word' id='word_1_517' title='bbox 2487 3403 2836 3474; x_wconf 85' lang='lat' dir='ltr'><strong>Pruriginem</strong></span> <span class='ocrx_word' id='word_1_518' title='bbox 2879 3416 3036 3458; x_wconf 78' lang='lat' dir='ltr'><strong>vocat</strong></span> <span class='ocrx_word' id='word_1_519' title='bbox 3089 3407 3343 3475; x_wconf 90' lang='lat' dir='ltr'><strong>corporis</strong></span> <span class='ocrx_word' id='word_1_520' title='bbox 3378 3407 3692 3476; x_wconf 72' lang='lat' dir='ltr'><strong>voluptates</strong></span> <span class='ocrx_word' id='word_1_521' title='bbox 3737 3419 3792 3465; x_wconf 89' lang='lat' dir='ltr'><strong>et</strong></span> <span class='ocrx_word' id='word_1_522' title='bbox 3851 3412 4020 3465; x_wconf 86' lang='lat' dir='ltr'><strong>vitam</strong></span> 
     </span>
    </p>
   </div>
   <div class='ocr_carea' id='block_1_36' title="bbox 727 3486 4021 3565">
    <p class='ocr_par' dir='ltr' id='par_1_36' title="bbox 727 3486 4021 3565">
     <span class='ocr_line' id='line_1_36' title="bbox 727 3486 4021 3565; baseline 0.001 -15"><span class='ocrx_word' id='word_1_523' title='bbox 727 3499 948 3565; x_wconf 86' lang='lat' dir='ltr'><strong>penitus</strong></span> <span class='ocrx_word' id='word_1_524' title='bbox 980 3493 1270 3548; x_wconf 73' lang='lat' dir='ltr'><strong>affectibus</strong></span> <span class='ocrx_word' id='word_1_525' title='bbox 1305 3495 1573 3555; x_wconf 75' lang='lat' dir='ltr'><strong>dicatam,</strong></span> <span class='ocrx_word' id='word_1_526' title='bbox 1626 3493 1785 3558; x_wconf 80' lang='lat' dir='ltr'><strong>cujus</strong></span> <span class='ocrx_word' id='word_1_527' title='bbox 1817 3491 2001 3542; x_wconf 83' lang='lat' dir='ltr'><strong>exitus</strong></span> <span class='ocrx_word' id='word_1_528' title='bbox 2051 3498 2135 3542; x_wconf 88' lang='lat' dir='ltr'><strong>est</strong></span> <span class='ocrx_word' id='word_1_529' title='bbox 2182 3491 2342 3542; x_wconf 92' lang='lat' dir='ltr'><strong>dolor</strong></span> <span class='ocrx_word' id='word_1_530' title='bbox 2386 3501 2440 3544; x_wconf 88' lang='lat' dir='ltr'><strong>et</strong></span> <span class='ocrx_word' id='word_1_531' title='bbox 2474 3492 2754 3563; x_wconf 67' lang='lat' dir='ltr'><strong>Iacrymaa.</strong></span> <span class='ocrx_word' id='word_1_532' title='bbox 2799 3491 2924 3546; x_wconf 63' lang='grc' dir='ltr'><strong>ΙΙῈο</strong></span> <span class='ocrx_word' id='word_1_533' title='bbox 2962 3486 3172 3548; x_wconf 66' lang='grc' dir='ltr'><strong>’ρίιὼειυ</strong></span> <span class='ocrx_word' id='word_1_534' title='bbox 3222 3497 3332 3548; x_wconf 86' lang='lat' dir='ltr'><strong>vita</strong></span> <span class='ocrx_word' id='word_1_535' title='bbox 3377 3495 3613 3564; x_wconf 89' lang='lat' dir='ltr'><strong>plurima</strong></span> <span class='ocrx_word' id='word_1_536' title='bbox 3649 3498 3790 3550; x_wconf 83' lang='lat' dir='ltr'><strong>mala</strong></span> <span class='ocrx_word' id='word_1_537' title='bbox 3841 3499 4021 3553; x_wconf 86' lang='lat' dir='ltr'><strong>instar</strong></span> 
     </span>
    </p>
   </div>
   <div class='ocr_carea' id='block_1_37' title="bbox 725 3577 4021 3655">
    <p class='ocr_par' dir='ltr' id='par_1_37' title="bbox 725 3577 4021 3655">
     <span class='ocr_line' id='line_1_37' title="bbox 725 3577 4021 3655; baseline 0 -16"><span class='ocrx_word' id='word_1_538' title='bbox 725 3584 1104 3639; x_wconf 87' lang='lat' dir='ltr'><strong>inuudationis</strong></span> <span class='ocrx_word' id='word_1_539' title='bbox 1141 3585 1353 3635; x_wconf 88' lang='lat' dir='ltr'><strong>invehit</strong></span> <span class='ocrx_word' id='word_1_540' title='bbox 1401 3584 1520 3634; x_wconf 89' lang='lat' dir='ltr'><strong>suis</strong></span> <span class='ocrx_word' id='word_1_541' title='bbox 1562 3579 1896 3633; x_wconf 84' lang='lat' dir='ltr'><strong>cultoribus.</strong></span> <span class='ocrx_word' id='word_1_542' title='bbox 1943 3577 2176 3642; x_wconf 79' lang='lat' dir='ltr'><strong>Quidam</strong></span> <span class='ocrx_word' id='word_1_543' title='bbox 2232 3579 2377 3630; x_wconf 89' lang='lat' dir='ltr'><strong>enim</strong></span> <span class='ocrx_word' id='word_1_544' title='bbox 2415 3581 2768 3634; x_wconf 86' lang='lat' dir='ltr'><strong>solummodo</strong></span> <span class='ocrx_word' id='word_1_545' title='bbox 2823 3593 3163 3650; x_wconf 87' lang='lat' dir='ltr'><strong>superantur</strong></span> <span class='ocrx_word' id='word_1_546' title='bbox 3224 3583 3292 3636; x_wconf 89' lang='lat' dir='ltr'><strong>ab</strong></span> <span class='ocrx_word' id='word_1_547' title='bbox 3327 3583 3620 3639; x_wconf 76' lang='lat' dir='ltr'><strong>affectibus</strong></span> <span class='ocrx_word' id='word_1_548' title='bbox 3656 3593 3710 3639; x_wconf 91' lang='lat' dir='ltr'><strong>et</strong></span> <span class='ocrx_word' id='word_1_549' title='bbox 3767 3586 4021 3655; x_wconf 83' lang='lat' dir='ltr'><strong>graviter</strong></span> 
     </span>
    </p>
   </div>
   <div class='ocr_carea' id='block_1_38' title="bbox 721 3668 4022 3744">
    <p class='ocr_par' dir='ltr' id='par_1_38' title="bbox 721 3668 4022 3744">
     <span class='ocr_line' id='line_1_38' title="bbox 721 3668 4022 3744; baseline 0 -15"><span class='ocrx_word' id='word_1_550' title='bbox 721 3683 1012 3744; x_wconf 61' lang='lat' dir='ltr'><strong>mgrotant.</strong></span> <span class='ocrx_word' id='word_1_551' title='bbox 1047 3673 1152 3725; x_wconf 82' lang='lat' dir='ltr'><strong>Alii</strong></span> <span class='ocrx_word' id='word_1_552' title='bbox 1187 3688 1318 3725; x_wconf 92' lang='lat' dir='ltr'><strong>vero</strong></span> <span class='ocrx_word' id='word_1_553' title='bbox 1350 3671 1414 3724; x_wconf 89' lang='lat' dir='ltr'><strong>ad</strong></span> <span class='ocrx_word' id='word_1_554' title='bbox 1452 3686 1729 3724; x_wconf 87' lang='lat' dir='ltr'><strong>summum</strong></span> <span class='ocrx_word' id='word_1_555' title='bbox 1765 3670 2019 3721; x_wconf 83' lang='lat' dir='ltr'><strong>vitiorum</strong></span> <span class='ocrx_word' id='word_1_556' title='bbox 2054 3668 2335 3736; x_wconf 77' lang='lat' dir='ltr'><strong>faszigium</strong></span> <span class='ocrx_word' id='word_1_557' title='bbox 2374 3668 2638 3736; x_wconf 85' lang='lat' dir='ltr'><strong>provecti,</strong></span> <span class='ocrx_word' id='word_1_558' title='bbox 2675 3683 2784 3722; x_wconf 88' lang='lat' dir='ltr'><strong>non</strong></span> <span class='ocrx_word' id='word_1_559' title='bbox 2833 3669 2936 3723; x_wconf 89' lang='lat' dir='ltr'><strong>sibi</strong></span> <span class='ocrx_word' id='word_1_560' title='bbox 2975 3679 3288 3739; x_wconf 88' lang='lat' dir='ltr'><strong>temperant</strong></span> <span class='ocrx_word' id='word_1_561' title='bbox 3317 3686 3346 3723; x_wconf 90' lang='lat' dir='ltr'><strong>a</strong></span> <span class='ocrx_word' id='word_1_562' title='bbox 3375 3673 3704 3738; x_wconf 89' lang='lat' dir='ltr'><strong>sceleribus,</strong></span> <span class='ocrx_word' id='word_1_563' title='bbox 3742 3689 3866 3743; x_wconf 77' lang='lat' dir='ltr'><strong>qua:</strong></span> <span class='ocrx_word' id='word_1_564' title='bbox 3912 3675 4022 3744; x_wconf 88' lang='lat' dir='ltr'><strong>ipsi</strong></span> 
     </span>
    </p>
   </div>
   <div class='ocr_carea' id='block_1_39' title="bbox 722 3743 4014 3829">
    <p class='ocr_par' dir='ltr' id='par_1_39' title="bbox 722 3743 4014 3829">
     <span class='ocr_line' id='line_1_39' title="bbox 722 3743 4014 3829; baseline -0.001 -11"><span class='ocrx_word' id='word_1_565' title='bbox 722 3743 1089 3818; x_wconf 88' lang='lat' dir='ltr'><strong>adversantur</strong></span> <span class='ocrx_word' id='word_1_566' title='bbox 1133 3774 1363 3816; x_wconf 70' lang='lat' dir='ltr'><strong>natum.</strong></span> <span class='ocrx_word' id='word_1_567' title='bbox 1400 3759 1671 3813; x_wconf 66' lang='lat' dir='ltr'><strong>Cancrum</strong></span> <span class='ocrx_word' id='word_1_568' title='bbox 1719 3759 1809 3810; x_wconf 92' lang='lat' dir='ltr'><strong>illa</strong></span> <span class='ocrx_word' id='word_1_569' title='bbox 1846 3759 1972 3810; x_wconf 86' lang='lat' dir='ltr'><strong>vitia</strong></span> <span class='ocrx_word' id='word_1_570' title='bbox 2006 3767 2408 3825; x_wconf 87' lang='lat' dir='ltr'><strong>comparantur</strong></span> <span class='ocrx_word' id='word_1_571' title='bbox 2443 3756 2586 3809; x_wconf 86' lang='lat' dir='ltr'><strong>haud</strong></span> <span class='ocrx_word' id='word_1_572' title='bbox 2629 3756 2865 3810; x_wconf 82' lang='lat' dir='ltr'><strong>absurde</strong></span> <span class='ocrx_word' id='word_1_573' title='bbox 2886 3759 3034 3812; x_wconf 90' lang='lat' dir='ltr'><strong>cutis</strong></span> <span class='ocrx_word' id='word_1_574' title='bbox 3067 3743 3534 3829; x_wconf 11' lang='lat' dir='ltr'><strong>asperitati,iqu:e</strong></span> <span class='ocrx_word' id='word_1_575' title='bbox 3567 3761 3807 3816; x_wconf 87' lang='lat' dir='ltr'><strong>subinde</strong></span> <span class='ocrx_word' id='word_1_576' title='bbox 3836 3743 4014 3818; x_wconf 85' lang='lat' dir='ltr'><strong>latius</strong></span> 
     </span>
    </p>
   </div>
   <div class='ocr_carea' id='block_1_40' title="bbox 720 3839 4018 3920">
    <p class='ocr_par' dir='ltr' id='par_1_40' title="bbox 720 3839 4018 3920">
     <span class='ocr_line' id='line_1_40' title="bbox 720 3839 4018 3920; baseline -0.002 -14"><span class='ocrx_word' id='word_1_577' title='bbox 720 3853 916 3920; x_wconf 83' lang='lat' dir='ltr'><strong>serpit.</strong></span> <span class='ocrx_word' id='word_1_578' title='bbox 946 3849 1220 3904; x_wconf 84' lang='lat' dir='ltr'><strong>Vitiorum</strong></span> <span class='ocrx_word' id='word_1_579' title='bbox 1273 3851 1494 3901; x_wconf 88' lang='lat' dir='ltr'><strong>illorum</strong></span> <span class='ocrx_word' id='word_1_580' title='bbox 1524 3859 1848 3918; x_wconf 89' lang='lat' dir='ltr'><strong>progressus</strong></span> <span class='ocrx_word' id='word_1_581' title='bbox 1878 3855 1995 3899; x_wconf 88' lang='lat' dir='ltr'><strong>erat</strong></span> <span class='ocrx_word' id='word_1_582' title='bbox 2027 3845 2364 3900; x_wconf 88' lang='lat' dir='ltr'><strong>iuhibendus</strong></span> <span class='ocrx_word' id='word_1_583' title='bbox 2392 3845 2550 3913; x_wconf 74' lang='lat' dir='ltr'><strong>juxta</strong></span> <span class='ocrx_word' id='word_1_584' title='bbox 2589 3843 2725 3897; x_wconf 87' lang='lat' dir='ltr'><strong>illud</strong></span> <span class='ocrx_word' id='word_1_585' title='bbox 2759 3863 2772 3899; x_wconf 88' lang='lat'><strong>:</strong></span> <span class='ocrx_word' id='word_1_586' title='bbox 2819 3862 2836 3895; x_wconf 74' lang='grc' dir='ltr'>ι</span> <span class='ocrx_word' id='word_1_587' title='bbox 2873 3844 2930 3898; x_wconf 90' lang='lat' dir='ltr'><strong>Si</strong></span> <span class='ocrx_word' id='word_1_588' title='bbox 2970 3848 3202 3916; x_wconf 83' lang='lat' dir='ltr'><strong>Spiritus</strong></span> <span class='ocrx_word' id='word_1_589' title='bbox 3246 3847 3367 3917; x_wconf 87' lang='lat' dir='ltr'><strong>ejus</strong></span> <span class='ocrx_word' id='word_1_590' title='bbox 3416 3850 3510 3919; x_wconf 87' lang='lat' dir='ltr'><strong>qui</strong></span> <span class='ocrx_word' id='word_1_591' title='bbox 3552 3850 3652 3904; x_wconf 86' lang='lat' dir='ltr'><strong>tibi</strong></span> <span class='ocrx_word' id='word_1_592' title='bbox 3687 3839 4018 3920; x_wconf 49' lang='lat' dir='ltr'><strong>imperitare</strong></span> 
     </span>
    </p>
   </div>
   <div class='ocr_carea' id='block_1_41' title="bbox 718 3932 4008 4012">
    <p class='ocr_par' dir='ltr' id='par_1_41' title="bbox 718 3932 4008 4012">
     <span class='ocr_line' id='line_1_41' title="bbox 718 3932 4008 4012; baseline -0.002 -15"><span class='ocrx_word' id='word_1_593' title='bbox 718 3945 894 4012; x_wconf 88' lang='lat' dir='ltr'><strong>cupit,</strong></span> <span class='ocrx_word' id='word_1_594' title='bbox 954 3941 1270 3996; x_wconf 87' lang='lat' dir='ltr'><strong>ascenderit</strong></span> <span class='ocrx_word' id='word_1_595' title='bbox 1320 3941 1386 3992; x_wconf 91' lang='lat' dir='ltr'><strong>ad</strong></span> <span class='ocrx_word' id='word_1_596' title='bbox 1431 3949 1505 3999; x_wconf 91' lang='lat' dir='ltr'><strong>te,</strong></span> <span class='ocrx_word' id='word_1_597' title='bbox 1540 3952 1674 3990; x_wconf 84' lang='lat' dir='ltr'><strong>cave</strong></span> <span class='ocrx_word' id='word_1_598' title='bbox 1745 3938 1924 3988; x_wconf 85' lang='lat' dir='ltr'><strong>locum</strong></span> <span class='ocrx_word' id='word_1_599' title='bbox 1983 3944 2138 3988; x_wconf 88' lang='lat' dir='ltr'><strong>tuum</strong></span> <span class='ocrx_word' id='word_1_600' title='bbox 2197 3935 2444 3989; x_wconf 85' lang='lat' dir='ltr'><strong>deseras.</strong></span> <span class='ocrx_word' id='word_1_601' title='bbox 2475 3932 2614 3998; x_wconf 85' lang='lat' dir='ltr'><strong>Quia</strong></span> <span class='ocrx_word' id='word_1_602' title='bbox 2684 3933 2958 3988; x_wconf 88' lang='lat' dir='ltr'><strong>medicina</strong></span> <span class='ocrx_word' id='word_1_603' title='bbox 3001 3937 3288 4005; x_wconf 83' lang='lat' dir='ltr'><strong>coiisopiet</strong></span> <span class='ocrx_word' id='word_1_604' title='bbox 3339 3949 3566 4006; x_wconf 87' lang='lat' dir='ltr'><strong>peccata</strong></span> <span class='ocrx_word' id='word_1_605' title='bbox 3627 3956 3828 4010; x_wconf 86' lang='lat' dir='ltr'><strong>magna</strong></span> <span class='ocrx_word' id='word_1_606' title='bbox 3864 3940 3935 3996; x_wconf 84' lang='grc'><strong>³³,</strong></span> <span class='ocrx_word' id='word_1_607' title='bbox 3990 3960 4008 3992; x_wconf 77' lang='grc' dir='ltr'><strong><em>ι</em></strong></span> 
     </span>
    </p>
   </div>
   <div class='ocr_carea' id='block_1_42' title="bbox 717 4023 4013 4101">
    <p class='ocr_par' dir='ltr' id='par_1_42' title="bbox 717 4023 4013 4101">
     <span class='ocr_line' id='line_1_42' title="bbox 717 4023 4013 4101; baseline -0.001 -17"><span class='ocrx_word' id='word_1_608' title='bbox 717 4031 990 4101; x_wconf 74' lang='grc' dir='ltr'><strong>Ἀιόνορχις</strong></span> <span class='ocrx_word' id='word_1_609' title='bbox 1025 4029 1230 4080; x_wconf 89' lang='lat' dir='ltr'><strong>dicitur</strong></span> <span class='ocrx_word' id='word_1_610' title='bbox 1265 4028 1348 4078; x_wconf 91' lang='lat' dir='ltr'><strong>vir</strong></span> <span class='ocrx_word' id='word_1_611' title='bbox 1379 4024 1740 4079; x_wconf 86' lang='lat' dir='ltr'><strong>effeminatus</strong></span> <span class='ocrx_word' id='word_1_612' title='bbox 1769 4034 1821 4076; x_wconf 91' lang='lat' dir='ltr'><strong>et</strong></span> <span class='ocrx_word' id='word_1_613' title='bbox 1867 4023 2246 4092; x_wconf 74' lang='lat' dir='ltr'><strong>audrogynus,</strong></span> <span class='ocrx_word' id='word_1_614' title='bbox 2290 4024 2381 4092; x_wconf 92' lang='lat' dir='ltr'><strong>qui</strong></span> <span class='ocrx_word' id='word_1_615' title='bbox 2423 4025 2623 4091; x_wconf 91' lang='lat' dir='ltr'><strong>partim</strong></span> <span class='ocrx_word' id='word_1_616' title='bbox 2662 4023 2763 4085; x_wconf 81' lang='lat' dir='ltr'><strong>vir,</strong></span> <span class='ocrx_word' id='word_1_617' title='bbox 2798 4025 2999 4093; x_wconf 88' lang='lat' dir='ltr'><strong>partim</strong></span> <span class='ocrx_word' id='word_1_618' title='bbox 3029 4025 3231 4078; x_wconf 89' lang='lat' dir='ltr'><strong>mulier</strong></span> <span class='ocrx_word' id='word_1_619' title='bbox 3283 4037 3571 4081; x_wconf 88' lang='lat' dir='ltr'><strong>censetur.</strong></span> <span class='ocrx_word' id='word_1_620' title='bbox 3615 4030 3686 4083; x_wconf 82' lang='lat' dir='ltr'><strong>At</strong></span> <span class='ocrx_word' id='word_1_621' title='bbox 3723 4029 3904 4083; x_wconf 91' lang='lat' dir='ltr'><strong>dehis</strong></span> <span class='ocrx_word' id='word_1_622' title='bbox 3937 4032 4013 4084; x_wconf 76' lang='lat' dir='ltr'><strong>ita</strong></span> 
     </span>
    </p>
   </div>
   <div class='ocr_carea' id='block_1_43' title="bbox 717 4113 4015 4186">
    <p class='ocr_par' dir='ltr' id='par_1_43' title="bbox 717 4113 4015 4186">
     <span class='ocr_line' id='line_1_43' title="bbox 717 4113 4015 4186; baseline 0.001 -16"><span class='ocrx_word' id='word_1_623' title='bbox 717 4119 968 4186; x_wconf 89' lang='lat' dir='ltr'><strong>loquitur</strong></span> <span class='ocrx_word' id='word_1_624' title='bbox 999 4118 1284 4183; x_wconf 70' lang='lat' dir='ltr'><strong>Scriptura</strong></span> <span class='ocrx_word' id='word_1_625' title='bbox 1317 4133 1327 4167; x_wconf 93' lang='lat'>:</span> <span class='ocrx_word' id='word_1_626' title='bbox 1374 4133 1390 4163; x_wconf 73' lang='grc' dir='ltr'><strong>ε</strong></span> <span class='ocrx_word' id='word_1_627' title='bbox 1437 4114 1621 4180; x_wconf 77' lang='lat' dir='ltr'><strong>Neque</strong></span> <span class='ocrx_word' id='word_1_628' title='bbox 1659 4119 1999 4164; x_wconf 77' lang='lat' dir='ltr'><strong>scortatores</strong></span> <span class='ocrx_word' id='word_1_629' title='bbox 2035 4127 2210 4178; x_wconf 86' lang='lat' dir='ltr'><strong>neque</strong></span> <span class='ocrx_word' id='word_1_630' title='bbox 2262 4113 2454 4167; x_wconf 90' lang='lat' dir='ltr'><strong>molles</strong></span> <span class='ocrx_word' id='word_1_631' title='bbox 2483 4129 2712 4183; x_wconf 81' lang='lat' dir='ltr'><strong>regnum</strong></span> <span class='ocrx_word' id='word_1_632' title='bbox 2747 4113 2838 4167; x_wconf 88' lang='lat' dir='ltr'><strong>Dei</strong></span> <span class='ocrx_word' id='word_1_633' title='bbox 2896 4115 3396 4171; x_wconf 67' lang='lat' dir='ltr'><strong>hazreditabunt“.</strong></span> <span class='ocrx_word' id='word_1_634' title='bbox 3434 4137 3452 4169; x_wconf 74' lang='grc' dir='ltr'>ι</span> <span class='ocrx_word' id='word_1_635' title='bbox 3498 4117 3597 4173; x_wconf 80' lang='lat' dir='ltr'><strong>Vel</strong></span> <span class='ocrx_word' id='word_1_636' title='bbox 3647 4121 3752 4175; x_wconf 93' lang='lat' dir='ltr'><strong>sub</strong></span> <span class='ocrx_word' id='word_1_637' title='bbox 3789 4122 3881 4173; x_wconf 91' lang='lat' dir='ltr'><strong>illa</strong></span> <span class='ocrx_word' id='word_1_638' title='bbox 3925 4121 4015 4174; x_wconf 85' lang='lat' dir='ltr'><strong>dt-</strong></span> 
     </span>
    </p>
   </div>
   <div class='ocr_carea' id='block_1_44' title="bbox 715 4199 4010 4279">
    <p class='ocr_par' dir='ltr' id='par_1_44' title="bbox 715 4199 4010 4279">
     <span class='ocr_line' id='line_1_44' title="bbox 715 4199 4010 4279; baseline 0 -18"><span class='ocrx_word' id='word_1_639' title='bbox 715 4209 902 4261; x_wconf 80' lang='lat' dir='ltr'><strong>cuone</strong></span> <span class='ocrx_word' id='word_1_640' title='bbox 937 4206 1244 4274; x_wconf 85' lang='lat' dir='ltr'><strong>capiendus</strong></span> <span class='ocrx_word' id='word_1_641' title='bbox 1287 4212 1373 4256; x_wconf 90' lang='lat' dir='ltr'><strong>est</strong></span> <span class='ocrx_word' id='word_1_642' title='bbox 1408 4202 1477 4265; x_wconf 88' lang='lat' dir='ltr'><strong>is,</strong></span> <span class='ocrx_word' id='word_1_643' title='bbox 1509 4202 1604 4270; x_wconf 89' lang='lat' dir='ltr'><strong>qui</strong></span> <span class='ocrx_word' id='word_1_644' title='bbox 1654 4217 1762 4254; x_wconf 90' lang='lat' dir='ltr'><strong>non</strong></span> <span class='ocrx_word' id='word_1_645' title='bbox 1797 4200 1956 4252; x_wconf 87' lang='lat' dir='ltr'><strong>lirtuo</strong></span> <span class='ocrx_word' id='word_1_646' title='bbox 1979 4200 2115 4268; x_wconf 88' lang='lat' dir='ltr'><strong>pede</strong></span> <span class='ocrx_word' id='word_1_647' title='bbox 2152 4199 2364 4252; x_wconf 81' lang='lat' dir='ltr'><strong>accedit</strong></span> <span class='ocrx_word' id='word_1_648' title='bbox 2393 4202 2458 4255; x_wconf 87' lang='lat' dir='ltr'><strong>ad</strong></span> <span class='ocrx_word' id='word_1_649' title='bbox 2489 4201 2772 4256; x_wconf 85' lang='lat' dir='ltr'><strong>virtutem.</strong></span> <span class='ocrx_word' id='word_1_650' title='bbox 2810 4201 3042 4272; x_wconf 88' lang='lat' dir='ltr'><strong>Oportet</strong></span> <span class='ocrx_word' id='word_1_651' title='bbox 3072 4204 3244 4270; x_wconf 87' lang='lat' dir='ltr'><strong>enim,</strong></span> <span class='ocrx_word' id='word_1_652' title='bbox 3304 4214 3366 4258; x_wconf 87' lang='grc' dir='ltr'><strong>ιιι</strong></span> <span class='ocrx_word' id='word_1_653' title='bbox 3400 4219 3589 4262; x_wconf 89' lang='lat' dir='ltr'><strong>monet</strong></span> <span class='ocrx_word' id='word_1_654' title='bbox 3615 4206 3904 4279; x_wconf 88' lang='lat' dir='ltr'><strong>Scriptura</strong></span> <span class='ocrx_word' id='word_1_655' title='bbox 3939 4210 4010 4274; x_wconf 84' lang='grc'><strong>⁸⁸,</strong></span> 
     </span>
    </p>
   </div>
   <div class='ocr_carea' id='block_1_45' title="bbox 714 4287 4012 4366">
    <p class='ocr_par' dir='ltr' id='par_1_45' title="bbox 714 4287 4012 4366">
     <span class='ocr_line' id='line_1_45' title="bbox 714 4287 4012 4366; baseline 0.001 -20"><span class='ocrx_word' id='word_1_656' title='bbox 714 4295 950 4347; x_wconf 87' lang='lat' dir='ltr'><strong>viriliter</strong></span> <span class='ocrx_word' id='word_1_657' title='bbox 979 4308 1140 4362; x_wconf 86' lang='lat' dir='ltr'><strong>agere</strong></span> <span class='ocrx_word' id='word_1_658' title='bbox 1167 4303 1220 4345; x_wconf 90' lang='lat' dir='ltr'><strong>et</strong></span> <span class='ocrx_word' id='word_1_659' title='bbox 1265 4291 1464 4343; x_wconf 85' lang='lat' dir='ltr'><strong>fortem</strong></span> <span class='ocrx_word' id='word_1_660' title='bbox 1500 4304 1622 4344; x_wconf 77' lang='lat' dir='ltr'><strong>esse</strong></span> <span class='ocrx_word' id='word_1_661' title='bbox 1653 4303 1807 4352; x_wconf 89' lang='lat' dir='ltr'><strong>eum,</strong></span> <span class='ocrx_word' id='word_1_662' title='bbox 1831 4289 1924 4357; x_wconf 90' lang='lat' dir='ltr'><strong>qui</strong></span> <span class='ocrx_word' id='word_1_663' title='bbox 1955 4287 2170 4341; x_wconf 84' lang='lat' dir='ltr'><strong>accedit</strong></span> <span class='ocrx_word' id='word_1_664' title='bbox 2196 4288 2262 4341; x_wconf 91' lang='lat' dir='ltr'><strong>ad</strong></span> <span class='ocrx_word' id='word_1_665' title='bbox 2302 4287 2501 4345; x_wconf 90' lang='lat' dir='ltr'><strong>Deum.</strong></span> <span class='ocrx_word' id='word_1_666' title='bbox 2535 4289 2616 4343; x_wconf 91' lang='lat' dir='ltr'><strong>llli</strong></span> <span class='ocrx_word' id='word_1_667' title='bbox 2643 4291 2814 4361; x_wconf 89' lang='lat' dir='ltr'><strong>igitur</strong></span> <span class='ocrx_word' id='word_1_668' title='bbox 2846 4292 3207 4347; x_wconf 87' lang='lat' dir='ltr'><strong>interdicitur</strong></span> <span class='ocrx_word' id='word_1_669' title='bbox 3257 4293 3599 4361; x_wconf 87' lang='lat' dir='ltr'><strong>sacerdotio,</strong></span> <span class='ocrx_word' id='word_1_670' title='bbox 3637 4298 3729 4366; x_wconf 88' lang='lat' dir='ltr'><strong>qui</strong></span> <span class='ocrx_word' id='word_1_671' title='bbox 3774 4298 3913 4351; x_wconf 89' lang='lat' dir='ltr'><strong>vitio</strong></span> <span class='ocrx_word' id='word_1_672' title='bbox 3955 4308 4012 4352; x_wconf 91' lang='lat' dir='ltr'><strong>et</strong></span> 
     </span>
    </p>
   </div>
   <div class='ocr_carea' id='block_1_46' title="bbox 715 4376 4008 4455">
    <p class='ocr_par' dir='ltr' id='par_1_46' title="bbox 715 4376 4008 4455">
     <span class='ocr_line' id='line_1_46' title="bbox 715 4376 4008 4455; baseline 0 -17"><span class='ocrx_word' id='word_1_673' title='bbox 715 4385 1152 4453; x_wconf 88' lang='lat' dir='ltr'><strong>reprehensione</strong></span> <span class='ocrx_word' id='word_1_674' title='bbox 1194 4397 1306 4434; x_wconf 90' lang='lat' dir='ltr'><strong>non</strong></span> <span class='ocrx_word' id='word_1_675' title='bbox 1338 4387 1520 4432; x_wconf 85' lang='lat' dir='ltr'><strong>vacat.</strong></span> <span class='ocrx_word' id='word_1_676' title='bbox 1552 4376 1663 4430; x_wconf 73' lang='lat' dir='ltr'><strong>Nec</strong></span> <span class='ocrx_word' id='word_1_677' title='bbox 1695 4386 1877 4429; x_wconf 89' lang='lat' dir='ltr'><strong>tamen</strong></span> <span class='ocrx_word' id='word_1_678' title='bbox 1904 4376 2348 4445; x_wconf 87' lang='lat' dir='ltr'><strong>prohibebantur</strong></span> <span class='ocrx_word' id='word_1_679' title='bbox 2372 4378 2549 4434; x_wconf 83' lang='lat' dir='ltr'><strong>sacris</strong></span> <span class='ocrx_word' id='word_1_680' title='bbox 2589 4379 2845 4448; x_wconf 85' lang='lat' dir='ltr'><strong>dapibus,</strong></span> <span class='ocrx_word' id='word_1_681' title='bbox 2875 4395 3115 4450; x_wconf 87' lang='lat' dir='ltr'><strong>quarum</strong></span> <span class='ocrx_word' id='word_1_682' title='bbox 3148 4397 3246 4440; x_wconf 90' lang='lat' dir='ltr'><strong>esu</strong></span> <span class='ocrx_word' id='word_1_683' title='bbox 3281 4383 3487 4436; x_wconf 89' lang='lat' dir='ltr'><strong>infirmi</strong></span> <span class='ocrx_word' id='word_1_684' title='bbox 3516 4385 3774 4438; x_wconf 81' lang='lat' dir='ltr'><strong>nonnihil</strong></span> <span class='ocrx_word' id='word_1_685' title='bbox 3807 4385 4008 4455; x_wconf 84' lang='lat' dir='ltr'><strong>purifi-</strong></span> 
     </span>
    </p>
   </div>
   <div class='ocr_carea' id='block_1_47' title="bbox 711 4463 4008 4535">
    <p class='ocr_par' dir='ltr' id='par_1_47' title="bbox 711 4463 4008 4535">
     <span class='ocr_line' id='line_1_47' title="bbox 711 4463 4008 4535; baseline 0.001 -9"><span class='ocrx_word' id='word_1_686' title='bbox 711 4485 931 4531; x_wconf 86' lang='lat' dir='ltr'><strong>camur,</strong></span> <span class='ocrx_word' id='word_1_687' title='bbox 961 4473 1087 4523; x_wconf 90' lang='lat' dir='ltr'><strong>dum</strong></span> <span class='ocrx_word' id='word_1_688' title='bbox 1132 4477 1330 4523; x_wconf 81' lang='lat' dir='ltr'><strong>necant</strong></span> <span class='ocrx_word' id='word_1_689' title='bbox 1379 4467 1638 4535; x_wconf 87' lang='lat' dir='ltr'><strong>corporis</strong></span> <span class='ocrx_word' id='word_1_690' title='bbox 1689 4463 1927 4533; x_wconf 84' lang='lat' dir='ltr'><strong>affectus</strong></span> <span class='ocrx_word' id='word_1_691' title='bbox 1973 4480 2193 4534; x_wconf 88' lang='lat' dir='ltr'><strong>pravos.</strong></span> <span class='ocrx_word' id='word_1_692' title='bbox 2231 4468 2299 4519; x_wconf 79' lang='lat' dir='ltr'><strong>At</strong></span> <span class='ocrx_word' id='word_1_693' title='bbox 2330 4468 2450 4522; x_wconf 91' lang='lat' dir='ltr'><strong>sani</strong></span> <span class='ocrx_word' id='word_1_694' title='bbox 2485 4467 2794 4522; x_wconf 90' lang='lat' dir='ltr'><strong>redduntur</strong></span> <span class='ocrx_word' id='word_1_695' title='bbox 2841 4468 3122 4526; x_wconf 86' lang='lat' dir='ltr'><strong>firmiores</strong></span> <span class='ocrx_word' id='word_1_696' title='bbox 3177 4472 3231 4526; x_wconf 91' lang='lat' dir='ltr'><strong>in</strong></span> <span class='ocrx_word' id='word_1_697' title='bbox 3271 4474 3418 4527; x_wconf 89' lang='lat' dir='ltr'><strong>bono</strong></span> <span class='ocrx_word' id='word_1_698' title='bbox 3453 4473 3584 4527; x_wconf 89' lang='lat' dir='ltr'><strong>dum</strong></span> <span class='ocrx_word' id='word_1_699' title='bbox 3618 4473 3896 4529; x_wconf 88' lang='lat' dir='ltr'><strong>accedunt</strong></span> <span class='ocrx_word' id='word_1_700' title='bbox 3938 4477 4008 4528; x_wconf 88' lang='lat' dir='ltr'><strong>ad</strong></span> 
     </span>
    </p>
   </div>
   <div class='ocr_carea' id='block_1_48' title="bbox 710 4556 4005 4632">
    <p class='ocr_par' dir='ltr' id='par_1_48' title="bbox 710 4556 4005 4632">
     <span class='ocr_line' id='line_1_48' title="bbox 710 4556 4005 4632; baseline 0 -17"><span class='ocrx_word' id='word_1_701' title='bbox 710 4579 856 4616; x_wconf 87' lang='lat' dir='ltr'><strong>aras.</strong></span> <span class='ocrx_word' id='word_1_702' title='bbox 887 4561 1021 4614; x_wconf 81' lang='lat' dir='ltr'><strong>Nam</strong></span> <span class='ocrx_word' id='word_1_703' title='bbox 1059 4574 1159 4628; x_wconf 89' lang='lat' dir='ltr'><strong>per</strong></span> <span class='ocrx_word' id='word_1_704' title='bbox 1201 4557 1413 4612; x_wconf 80' lang='lat' dir='ltr'><strong>Christi</strong></span> <span class='ocrx_word' id='word_1_705' title='bbox 1467 4571 1695 4610; x_wconf 88' lang='lat' dir='ltr'><strong>carnem</strong></span> <span class='ocrx_word' id='word_1_706' title='bbox 1747 4563 1803 4608; x_wconf 87' lang='lat' dir='ltr'><strong>et</strong></span> <span class='ocrx_word' id='word_1_707' title='bbox 1831 4556 2157 4625; x_wconf 85' lang='lat' dir='ltr'><strong>sanguinem</strong></span> <span class='ocrx_word' id='word_1_708' title='bbox 2201 4571 2537 4612; x_wconf 86' lang='lat' dir='ltr'><strong>renovantur</strong></span> <span class='ocrx_word' id='word_1_709' title='bbox 2563 4558 2796 4628; x_wconf 80' lang='lat' dir='ltr'><strong>expulso</strong></span> <span class='ocrx_word' id='word_1_710' title='bbox 2819 4560 2997 4614; x_wconf 88' lang='lat' dir='ltr'><strong>senio.</strong></span> <span class='ocrx_word' id='word_1_711' title='bbox 3038 4558 3089 4615; x_wconf 89' lang='lat' dir='ltr'><strong>ls</strong></span> <span class='ocrx_word' id='word_1_712' title='bbox 3123 4568 3210 4614; x_wconf 90' lang='lat' dir='ltr'><strong>est</strong></span> <span class='ocrx_word' id='word_1_713' title='bbox 3252 4576 3395 4615; x_wconf 85' lang='lat' dir='ltr'><strong>nova</strong></span> <span class='ocrx_word' id='word_1_714' title='bbox 3448 4570 3739 4627; x_wconf 88' lang='lat' dir='ltr'><strong>creatura,</strong></span> <span class='ocrx_word' id='word_1_715' title='bbox 3772 4563 3869 4632; x_wconf 87' lang='lat' dir='ltr'><strong>qui</strong></span> <span class='ocrx_word' id='word_1_716' title='bbox 3935 4562 4005 4616; x_wconf 91' lang='lat' dir='ltr'><strong>ad</strong></span> 
     </span>
    </p>
   </div>
   <div class='ocr_carea' id='block_1_49' title="bbox 705 4643 1907 4712">
    <p class='ocr_par' dir='ltr' id='par_1_49' title="bbox 705 4643 1907 4712">
     <span class='ocr_line' id='line_1_49' title="bbox 705 4643 1907 4712; baseline -0.006 -9"><span class='ocrx_word' id='word_1_717' title='bbox 705 4667 830 4704; x_wconf 89' lang='lat' dir='ltr'><strong>eum</strong></span> <span class='ocrx_word' id='word_1_718' title='bbox 870 4651 1094 4701; x_wconf 86' lang='lat' dir='ltr'><strong>modum</strong></span> <span class='ocrx_word' id='word_1_719' title='bbox 1125 4657 1285 4699; x_wconf 79' lang='lat' dir='ltr'><strong>exuta</strong></span> <span class='ocrx_word' id='word_1_720' title='bbox 1323 4654 1548 4698; x_wconf 84' lang='lat' dir='ltr'><strong>senecta</strong></span> <span class='ocrx_word' id='word_1_721' title='bbox 1575 4643 1907 4712; x_wconf 85' lang='lat' dir='ltr'><strong>juvenescit.</strong></span> 
     </span>
    </p>
   </div>
   <div class='ocr_carea' id='block_1_50' title="bbox 784 4732 4006 4806">
    <p class='ocr_par' dir='ltr' id='par_1_50' title="bbox 784 4732 4006 4806">
     <span class='ocr_line' id='line_1_50' title="bbox 784 4732 4006 4806; baseline 0 -14"><span class='ocrx_word' id='word_1_722' title='bbox 784 4739 848 4792; x_wconf 78' lang='lat' dir='ltr'><strong>Et</strong></span> <span class='ocrx_word' id='word_1_723' title='bbox 885 4739 1233 4791; x_wconf 81' lang='lat' dir='ltr'><strong>immimditia</strong></span> <span class='ocrx_word' id='word_1_724' title='bbox 1265 4737 1379 4802; x_wconf 76' lang='lat' dir='ltr'><strong>eius</strong></span> <span class='ocrx_word' id='word_1_725' title='bbox 1422 4752 1580 4804; x_wconf 81' lang='lat' dir='ltr'><strong>super</strong></span> <span class='ocrx_word' id='word_1_726' title='bbox 1605 4738 1740 4797; x_wconf 71' lang='lat' dir='ltr'><strong>ipso,</strong></span> <span class='ocrx_word' id='word_1_727' title='bbox 1780 4742 1891 4789; x_wconf 85' lang='lat' dir='ltr'><strong>ete.</strong></span> <span class='ocrx_word' id='word_1_728' title='bbox 1927 4732 2051 4788; x_wconf 73' lang='lat' dir='ltr'><strong>[hec</strong></span> <span class='ocrx_word' id='word_1_729' title='bbox 2091 4735 2290 4790; x_wconf 80' lang='lat' dir='ltr'><strong>scribit</strong></span> <span class='ocrx_word' id='word_1_730' title='bbox 2324 4734 2391 4789; x_wconf 90' lang='lat' dir='ltr'><strong>de</strong></span> <span class='ocrx_word' id='word_1_731' title='bbox 2426 4733 2556 4796; x_wconf 85' lang='lat' dir='ltr'><strong>illis,</strong></span> <span class='ocrx_word' id='word_1_732' title='bbox 2603 4750 2840 4804; x_wconf 89' lang='lat' dir='ltr'><strong>quorum</strong></span> <span class='ocrx_word' id='word_1_733' title='bbox 2882 4736 3165 4806; x_wconf 88' lang='lat' dir='ltr'><strong>ingenium</strong></span> <span class='ocrx_word' id='word_1_734' title='bbox 3193 4736 3508 4791; x_wconf 88' lang='lat' dir='ltr'><strong>insanabile</strong></span> <span class='ocrx_word' id='word_1_735' title='bbox 3548 4743 3656 4800; x_wconf 90' lang='lat' dir='ltr'><strong>est,</strong></span> <span class='ocrx_word' id='word_1_736' title='bbox 3711 4744 3767 4791; x_wconf 89' lang='lat' dir='ltr'><strong>et</strong></span> <span class='ocrx_word' id='word_1_737' title='bbox 3821 4752 4006 4805; x_wconf 89' lang='lat' dir='ltr'><strong>usque</strong></span> 
     </span>
    </p>
   </div>
   <div class='ocr_carea' id='block_1_51' title="bbox 705 4819 4008 4894">
    <p class='ocr_par' dir='ltr' id='par_1_51' title="bbox 705 4819 4008 4894">
     <span class='ocr_line' id='line_1_51' title="bbox 705 4819 4008 4894; baseline -0.002 -10"><span class='ocrx_word' id='word_1_738' title='bbox 705 4829 976 4884; x_wconf 67' lang='lat' dir='ltr'><strong>inhmrent</strong></span> <span class='ocrx_word' id='word_1_739' title='bbox 1009 4828 1177 4879; x_wconf 81' lang='lat' dir='ltr'><strong>vitiis.</strong></span> <span class='ocrx_word' id='word_1_740' title='bbox 1210 4826 1562 4894; x_wconf 77' lang='lat' dir='ltr'><strong>Quapropzer</strong></span> <span class='ocrx_word' id='word_1_741' title='bbox 1616 4833 1764 4878; x_wconf 84' lang='lat' dir='ltr'><strong>recte</strong></span> <span class='ocrx_word' id='word_1_742' title='bbox 1807 4839 1904 4877; x_wconf 89' lang='lat' dir='ltr'><strong>eos</strong></span> <span class='ocrx_word' id='word_1_743' title='bbox 1937 4831 2093 4878; x_wconf 79' lang='lat' dir='ltr'><strong>arcet</strong></span> <span class='ocrx_word' id='word_1_744' title='bbox 2140 4823 2476 4877; x_wconf 87' lang='lat' dir='ltr'><strong>sacerdotio.</strong></span> <span class='ocrx_word' id='word_1_745' title='bbox 2523 4819 2679 4876; x_wconf 86' lang='lat' dir='ltr'><strong>Nunc</strong></span> <span class='ocrx_word' id='word_1_746' title='bbox 2706 4837 2832 4877; x_wconf 87' lang='lat' dir='ltr'><strong>vero</strong></span> <span class='ocrx_word' id='word_1_747' title='bbox 2870 4832 3070 4894; x_wconf 87' lang='lat' dir='ltr'><strong>purgat</strong></span> <span class='ocrx_word' id='word_1_748' title='bbox 3103 4839 3302 4878; x_wconf 89' lang='lat' dir='ltr'><strong>sacros</strong></span> <span class='ocrx_word' id='word_1_749' title='bbox 3354 4824 3676 4890; x_wconf 90' lang='lat' dir='ltr'><strong>ministros,</strong></span> <span class='ocrx_word' id='word_1_750' title='bbox 3709 4839 4008 4881; x_wconf 86' lang='lat' dir='ltr'><strong>removens</strong></span> 
     </span>
    </p>
   </div>
   <div class='ocr_carea' id='block_1_52' title="bbox 702 4911 4004 4982">
    <p class='ocr_par' dir='ltr' id='par_1_52' title="bbox 702 4911 4004 4982">
     <span class='ocr_line' id='line_1_52' title="bbox 702 4911 4004 4982; baseline -0.002 -11"><span class='ocrx_word' id='word_1_751' title='bbox 702 4918 1019 4973; x_wconf 77' lang='lat' dir='ltr'><strong>(&#39;Ullllllllllia</strong></span> <span class='ocrx_word' id='word_1_752' title='bbox 1050 4928 1104 4969; x_wconf 93' lang='lat' dir='ltr'><strong>et</strong></span> <span class='ocrx_word' id='word_1_753' title='bbox 1141 4915 1447 4968; x_wconf 80' lang='lat' dir='ltr'><strong>mediocria</strong></span> <span class='ocrx_word' id='word_1_754' title='bbox 1480 4914 1639 4977; x_wconf 80' lang='lat' dir='ltr'><strong>\itia,</strong></span> <span class='ocrx_word' id='word_1_755' title='bbox 1681 4914 1727 4966; x_wconf 88' lang='lat' dir='ltr'><strong>si</strong></span> <span class='ocrx_word' id='word_1_756' title='bbox 1762 4912 1904 4966; x_wconf 87' lang='lat' dir='ltr'><strong>forte</strong></span> <span class='ocrx_word' id='word_1_757' title='bbox 1937 4911 2165 4980; x_wconf 88' lang='lat' dir='ltr'><strong>quidam</strong></span> <span class='ocrx_word' id='word_1_758' title='bbox 2185 4911 2282 4966; x_wconf 85' lang='lat' dir='ltr'><strong>his</strong></span> <span class='ocrx_word' id='word_1_759' title='bbox 2318 4911 2519 4966; x_wconf 90' lang='lat' dir='ltr'><strong>fuerint</strong></span> <span class='ocrx_word' id='word_1_760' title='bbox 2548 4911 2838 4981; x_wconf 90' lang='lat' dir='ltr'><strong>impediti:</strong></span> <span class='ocrx_word' id='word_1_761' title='bbox 2875 4927 3087 4981; x_wconf 89' lang='lat' dir='ltr'><strong>eosque</strong></span> <span class='ocrx_word' id='word_1_762' title='bbox 3109 4912 3276 4982; x_wconf 88' lang='lat' dir='ltr'><strong>erigit</strong></span> <span class='ocrx_word' id='word_1_763' title='bbox 3314 4921 3369 4967; x_wconf 91' lang='lat' dir='ltr'><strong>ct</strong></span> <span class='ocrx_word' id='word_1_764' title='bbox 3394 4912 3742 4977; x_wconf 89' lang='lat' dir='ltr'><strong>cohortatur,</strong></span> <span class='ocrx_word' id='word_1_765' title='bbox 3787 4924 3845 4966; x_wconf 91' lang='lat' dir='ltr'><strong>ut</strong></span> <span class='ocrx_word' id='word_1_766' title='bbox 3884 4914 4004 4968; x_wconf 84' lang='lat' dir='ltr'><strong>sint</strong></span> 
     </span>
    </p>
   </div>
   <div class='ocr_carea' id='block_1_53' title="bbox 705 4999 4003 5074">
    <p class='ocr_par' dir='ltr' id='par_1_53' title="bbox 705 4999 4003 5074">
     <span class='ocr_line' id='line_1_53' title="bbox 705 4999 4003 5074; baseline -0.001 -16"><span class='ocrx_word' id='word_1_767' title='bbox 705 5010 873 5060; x_wconf 83' lang='lat' dir='ltr'><strong>fortes</strong></span> <span class='ocrx_word' id='word_1_768' title='bbox 900 5016 953 5059; x_wconf 93' lang='lat' dir='ltr'><strong>et</strong></span> <span class='ocrx_word' id='word_1_769' title='bbox 995 5015 1263 5074; x_wconf 71' lang='lat' dir='ltr'><strong>praerepta</strong></span> <span class='ocrx_word' id='word_1_770' title='bbox 1302 5001 1518 5055; x_wconf 87' lang='lat' dir='ltr'><strong>Domini</strong></span> <span class='ocrx_word' id='word_1_771' title='bbox 1553 5013 1790 5056; x_wconf 80' lang='lat' dir='ltr'><strong>servent.</strong></span> <span class='ocrx_word' id='word_1_772' title='bbox 1835 5022 1852 5053; x_wconf 78' lang='grc' dir='ltr'>ι</span> <span class='ocrx_word' id='word_1_773' title='bbox 1904 5001 2042 5071; x_wconf 84' lang='lat' dir='ltr'><strong>Ego,</strong></span> <span class='ocrx_word' id='word_1_774' title='bbox 2075 5001 2277 5070; x_wconf 90' lang='lat' dir='ltr'><strong>inquit,</strong></span> <span class='ocrx_word' id='word_1_775' title='bbox 2323 5000 2588 5054; x_wconf 90' lang='lat' dir='ltr'><strong>Dominus</strong></span> <span class='ocrx_word' id='word_1_776' title='bbox 2621 4999 2764 5055; x_wconf 89' lang='lat' dir='ltr'><strong>Deus</strong></span> <span class='ocrx_word' id='word_1_777' title='bbox 2800 5011 2985 5055; x_wconf 88' lang='lat' dir='ltr'><strong>vester</strong></span> <span class='ocrx_word' id='word_1_778' title='bbox 3009 5040 3023 5064; x_wconf 90' lang='lat'><strong>,</strong></span> <span class='ocrx_word' id='word_1_779' title='bbox 3068 5021 3084 5051; x_wconf 78' lang='grc' dir='ltr'><strong><em>ι</em></strong></span> <span class='ocrx_word' id='word_1_780' title='bbox 3126 5001 3178 5055; x_wconf 92' lang='lat' dir='ltr'><strong>id</strong></span> <span class='ocrx_word' id='word_1_781' title='bbox 3219 5007 3326 5064; x_wconf 88' lang='lat' dir='ltr'><strong>est,</strong></span> <span class='ocrx_word' id='word_1_782' title='bbox 3359 5016 3468 5054; x_wconf 88' lang='lat' dir='ltr'><strong>non</strong></span> <span class='ocrx_word' id='word_1_783' title='bbox 3505 5002 3646 5055; x_wconf 80' lang='lat' dir='ltr'><strong>falso</strong></span> <span class='ocrx_word' id='word_1_784' title='bbox 3679 5014 4003 5058; x_wconf 84' lang='lat' dir='ltr'><strong>tiotmttatus</strong></span> 
     </span>
    </p>
   </div>
   <div class='ocr_carea' id='block_1_54' title="bbox 703 5087 4003 5164">
    <p class='ocr_par' dir='ltr' id='par_1_54' title="bbox 703 5087 4003 5164">
     <span class='ocr_line' id='line_1_54' title="bbox 703 5087 4003 5164; baseline -0.001 -17"><span class='ocrx_word' id='word_1_785' title='bbox 703 5094 869 5157; x_wconf 78' lang='lat' dir='ltr'><strong>Deus,</strong></span> <span class='ocrx_word' id='word_1_786' title='bbox 908 5111 1068 5164; x_wconf 89' lang='lat' dir='ltr'><strong>quem</strong></span> <span class='ocrx_word' id='word_1_787' title='bbox 1110 5091 1267 5146; x_wconf 81' lang='lat' dir='ltr'><strong>facile</strong></span> <span class='ocrx_word' id='word_1_788' title='bbox 1320 5093 1392 5146; x_wconf 88' lang='lat' dir='ltr'><strong>sit</strong></span> <span class='ocrx_word' id='word_1_789' title='bbox 1445 5101 1825 5145; x_wconf 82' lang='lat' dir='ltr'><strong>contemnere.</strong></span> <span class='ocrx_word' id='word_1_790' title='bbox 1860 5089 2063 5145; x_wconf 89' lang='lat' dir='ltr'><strong>Deinde</strong></span> <span class='ocrx_word' id='word_1_791' title='bbox 2115 5091 2399 5162; x_wconf 83' lang='lat' dir='ltr'><strong>subjungit</strong></span> <span class='ocrx_word' id='word_1_792' title='bbox 2453 5091 2519 5145; x_wconf 89' lang='lat' dir='ltr'><strong>de</strong></span> <span class='ocrx_word' id='word_1_793' title='bbox 2561 5091 2803 5160; x_wconf 85' lang='lat' dir='ltr'><strong>leproso,</strong></span> <span class='ocrx_word' id='word_1_794' title='bbox 2847 5091 2951 5145; x_wconf 92' lang='lat' dir='ltr'><strong>sub</strong></span> <span class='ocrx_word' id='word_1_795' title='bbox 3000 5106 3108 5161; x_wconf 91' lang='lat' dir='ltr'><strong>quo</strong></span> <span class='ocrx_word' id='word_1_796' title='bbox 3145 5087 3403 5160; x_wconf 76' lang='lat' dir='ltr'><strong>intelhgit</strong></span> <span class='ocrx_word' id='word_1_797' title='bbox 3440 5091 3731 5160; x_wconf 83' lang='lat' dir='ltr'><strong>illum,qui</strong></span> <span class='ocrx_word' id='word_1_798' title='bbox 3768 5108 4003 5160; x_wconf 74' lang='lat' dir='ltr'><strong>prorsus</strong></span> 
     </span>
    </p>
   </div>
   <div class='ocr_carea' id='block_1_55' title="bbox 697 5179 4002 5252">
    <p class='ocr_par' dir='ltr' id='par_1_55' title="bbox 697 5179 4002 5252">
     <span class='ocr_line' id='line_1_55' title="bbox 697 5179 4002 5252; baseline -0.001 -13"><span class='ocrx_word' id='word_1_799' title='bbox 697 5194 850 5240; x_wconf 85' lang='lat' dir='ltr'><strong>caret</strong></span> <span class='ocrx_word' id='word_1_800' title='bbox 884 5187 1104 5247; x_wconf 84' lang='lat' dir='ltr'><strong>virtute,</strong></span> <span class='ocrx_word' id='word_1_801' title='bbox 1135 5194 1194 5247; x_wconf 85' lang='lat' dir='ltr'><strong>et</strong></span> <span class='ocrx_word' id='word_1_802' title='bbox 1250 5185 1474 5252; x_wconf 90' lang='lat' dir='ltr'><strong>penitus</strong></span> <span class='ocrx_word' id='word_1_803' title='bbox 1519 5191 1774 5236; x_wconf 90' lang='lat' dir='ltr'><strong>mortuus</strong></span> <span class='ocrx_word' id='word_1_804' title='bbox 1815 5193 1924 5243; x_wconf 89' lang='lat' dir='ltr'><strong>est,</strong></span> <span class='ocrx_word' id='word_1_805' title='bbox 1960 5183 2006 5236; x_wconf 92' lang='lat' dir='ltr'><strong>si</strong></span> <span class='ocrx_word' id='word_1_806' title='bbox 2042 5183 2270 5236; x_wconf 89' lang='lat' dir='ltr'><strong>virtutis</strong></span> <span class='ocrx_word' id='word_1_807' title='bbox 2313 5191 2629 5251; x_wconf 86' lang='lat' dir='ltr'><strong>respectum</strong></span> <span class='ocrx_word' id='word_1_808' title='bbox 2673 5196 2830 5251; x_wconf 83' lang='lat' dir='ltr'><strong>agas.</strong></span> <span class='ocrx_word' id='word_1_809' title='bbox 2867 5179 3069 5234; x_wconf 85' lang='lat' dir='ltr'><strong>Verum</strong></span> <span class='ocrx_word' id='word_1_810' title='bbox 3100 5181 3167 5234; x_wconf 86' lang='lat' dir='ltr'><strong>de</strong></span> <span class='ocrx_word' id='word_1_811' title='bbox 3192 5181 3296 5234; x_wconf 91' lang='lat' dir='ltr'><strong>hoc</strong></span> <span class='ocrx_word' id='word_1_812' title='bbox 3334 5196 3507 5249; x_wconf 75' lang='lat' dir='ltr'><strong>supra</strong></span> <span class='ocrx_word' id='word_1_813' title='bbox 3555 5182 3610 5234; x_wconf 89' lang='lat' dir='ltr'><strong>in</strong></span> <span class='ocrx_word' id='word_1_814' title='bbox 3652 5180 3817 5251; x_wconf 77' lang='lat' dir='ltr'><strong>leprte</strong></span> <span class='ocrx_word' id='word_1_815' title='bbox 3849 5181 4002 5237; x_wconf 89' lang='lat' dir='ltr'><strong>rela-</strong></span> 
     </span>
    </p>
   </div>
   <div class='ocr_carea' id='block_1_56' title="bbox 698 5269 3996 5342">
    <p class='ocr_par' dir='ltr' id='par_1_56' title="bbox 698 5269 3996 5342">
     <span class='ocr_line' id='line_1_56' title="bbox 698 5269 3996 5342; baseline -0.001 -14"><span class='ocrx_word' id='word_1_816' title='bbox 698 5275 848 5330; x_wconf 90' lang='lat' dir='ltr'><strong>tione</strong></span> <span class='ocrx_word' id='word_1_817' title='bbox 877 5276 1043 5329; x_wconf 88' lang='lat' dir='ltr'><strong>verba</strong></span> <span class='ocrx_word' id='word_1_818' title='bbox 1083 5271 1341 5328; x_wconf 83' lang='lat' dir='ltr'><strong>fecimus.</strong></span> <span class='ocrx_word' id='word_1_819' title='bbox 1375 5271 1650 5326; x_wconf 79' lang='lat' dir='ltr'><strong>Similiter</strong></span> <span class='ocrx_word' id='word_1_820' title='bbox 1684 5272 1915 5326; x_wconf 88' lang='lat' dir='ltr'><strong>disserit</strong></span> <span class='ocrx_word' id='word_1_821' title='bbox 1954 5270 2022 5326; x_wconf 90' lang='lat' dir='ltr'><strong>de</strong></span> <span class='ocrx_word' id='word_1_822' title='bbox 2056 5287 2146 5334; x_wconf 88' lang='lat' dir='ltr'><strong>eo,</strong></span> <span class='ocrx_word' id='word_1_823' title='bbox 2181 5272 2276 5341; x_wconf 90' lang='lat' dir='ltr'><strong>qui</strong></span> <span class='ocrx_word' id='word_1_824' title='bbox 2307 5277 2517 5341; x_wconf 80' lang='lat' dir='ltr'><strong>patitur</strong></span> <span class='ocrx_word' id='word_1_825' title='bbox 2548 5272 2931 5342; x_wconf 88' lang='lat' dir='ltr'><strong>importunum</strong></span> <span class='ocrx_word' id='word_1_826' title='bbox 2977 5271 3215 5326; x_wconf 74' lang='lat' dir='ltr'><strong>seminis</strong></span> <span class='ocrx_word' id='word_1_827' title='bbox 3249 5269 3487 5331; x_wconf 78' lang='lat' dir='ltr'><strong>fluxum,</strong></span> <span class='ocrx_word' id='word_1_828' title='bbox 3522 5270 3626 5324; x_wconf 83' lang='lat' dir='ltr'><strong>sub</strong></span> <span class='ocrx_word' id='word_1_829' title='bbox 3657 5287 3768 5342; x_wconf 92' lang='lat' dir='ltr'><strong>quo</strong></span> <span class='ocrx_word' id='word_1_830' title='bbox 3803 5271 3996 5326; x_wconf 84' lang='lat' dir='ltr'><strong>admo-</strong></span> 
     </span>
    </p>
   </div>
   <div class='ocr_carea' id='block_1_57' title="bbox 695 5357 3998 5434">
    <p class='ocr_par' dir='ltr' id='par_1_57' title="bbox 695 5357 3998 5434">
     <span class='ocr_line' id='line_1_57' title="bbox 695 5357 3998 5434; baseline -0.002 -14"><span class='ocrx_word' id='word_1_831' title='bbox 695 5381 893 5420; x_wconf 87' lang='lat' dir='ltr'><strong>nemur</strong></span> <span class='ocrx_word' id='word_1_832' title='bbox 920 5367 1059 5434; x_wconf 88' lang='lat' dir='ltr'><strong>ejus,</strong></span> <span class='ocrx_word' id='word_1_833' title='bbox 1090 5363 1182 5432; x_wconf 91' lang='lat' dir='ltr'><strong>qui</strong></span> <span class='ocrx_word' id='word_1_834' title='bbox 1241 5363 1444 5417; x_wconf 87' lang='lat' dir='ltr'><strong>mentis</strong></span> <span class='ocrx_word' id='word_1_835' title='bbox 1505 5365 1649 5416; x_wconf 89' lang='lat' dir='ltr'><strong>vires</strong></span> <span class='ocrx_word' id='word_1_836' title='bbox 1681 5363 1888 5432; x_wconf 83' lang='lat' dir='ltr'><strong>patitur</strong></span> <span class='ocrx_word' id='word_1_837' title='bbox 1919 5361 2190 5416; x_wconf 86' lang='lat' dir='ltr'><strong>inutiliter</strong></span> <span class='ocrx_word' id='word_1_838' title='bbox 2222 5361 2471 5423; x_wconf 90' lang='lat' dir='ltr'><strong>effluere,</strong></span> <span class='ocrx_word' id='word_1_839' title='bbox 2506 5374 2608 5414; x_wconf 90' lang='lat' dir='ltr'><strong>nec</strong></span> <span class='ocrx_word' id='word_1_840' title='bbox 2644 5359 2710 5414; x_wconf 90' lang='lat' dir='ltr'><strong>iis</strong></span> <span class='ocrx_word' id='word_1_841' title='bbox 2744 5359 2919 5413; x_wconf 90' lang='lat' dir='ltr'><strong>utitur</strong></span> <span class='ocrx_word' id='word_1_842' title='bbox 2951 5357 3019 5411; x_wconf 86' lang='lat' dir='ltr'><strong>ad</strong></span> <span class='ocrx_word' id='word_1_843' title='bbox 3048 5373 3145 5413; x_wconf 91' lang='lat' dir='ltr'><strong>eas</strong></span> <span class='ocrx_word' id='word_1_844' title='bbox 3181 5374 3293 5421; x_wconf 85' lang='lat' dir='ltr'><strong>res.</strong></span> <span class='ocrx_word' id='word_1_845' title='bbox 3327 5373 3467 5425; x_wconf 75' lang='lat' dir='ltr'><strong>quas</strong></span> <span class='ocrx_word' id='word_1_846' title='bbox 3493 5358 3762 5415; x_wconf 71' lang='lat' dir='ltr'><strong>boni-stas</strong></span> <span class='ocrx_word' id='word_1_847' title='bbox 3789 5367 3841 5411; x_wconf 88' lang='lat' dir='ltr'><strong>et</strong></span> <span class='ocrx_word' id='word_1_848' title='bbox 3874 5362 3998 5428; x_wconf 87' lang='lat' dir='ltr'><strong>pias</strong></span> 
     </span>
    </p>
   </div>
   <div class='ocr_carea' id='block_1_58' title="bbox 694 5447 4001 5522">
    <p class='ocr_par' dir='ltr' id='par_1_58' title="bbox 694 5447 4001 5522">
     <span class='ocr_line' id='line_1_58' title="bbox 694 5447 4001 5522; baseline -0.002 -14"><span class='ocrx_word' id='word_1_849' title='bbox 694 5454 968 5509; x_wconf 86' lang='lat' dir='ltr'><strong>novimus.</strong></span> <span class='ocrx_word' id='word_1_850' title='bbox 1011 5453 1218 5510; x_wconf 87' lang='lat' dir='ltr'><strong>Deinde</strong></span> <span class='ocrx_word' id='word_1_851' title='bbox 1269 5453 1530 5506; x_wconf 87' lang='lat' dir='ltr'><strong>additur:</strong></span> <span class='ocrx_word' id='word_1_852' title='bbox 1590 5471 1608 5502; x_wconf 82' lang='grc'><em>‹</em></span> <span class='ocrx_word' id='word_1_853' title='bbox 1650 5451 1755 5517; x_wconf 85' lang='lat' dir='ltr'><strong>Qui</strong></span> <span class='ocrx_word' id='word_1_854' title='bbox 1805 5452 2030 5522; x_wconf 87' lang='lat' dir='ltr'><strong>attingit</strong></span> <span class='ocrx_word' id='word_1_855' title='bbox 2075 5465 2239 5505; x_wconf 90' lang='lat' dir='ltr'><strong>omne</strong></span> <span class='ocrx_word' id='word_1_856' title='bbox 2268 5451 2486 5520; x_wconf 89' lang='lat' dir='ltr'><strong>reptile,</strong></span> <span class='ocrx_word' id='word_1_857' title='bbox 2520 5469 2537 5500; x_wconf 72' lang='grc' dir='ltr'><strong><em>ι</em></strong></span> <span class='ocrx_word' id='word_1_858' title='bbox 2578 5458 2687 5505; x_wconf 87' lang='lat' dir='ltr'><strong>etc.</strong></span> <span class='ocrx_word' id='word_1_859' title='bbox 2721 5450 2939 5516; x_wconf 83' lang='lat' dir='ltr'><strong>Quibus</strong></span> <span class='ocrx_word' id='word_1_860' title='bbox 2981 5448 3170 5503; x_wconf 86' lang='lat' dir='ltr'><strong>verbis</strong></span> <span class='ocrx_word' id='word_1_861' title='bbox 3223 5447 3574 5517; x_wconf 83' lang='lat' dir='ltr'><strong>significatur</strong></span> <span class='ocrx_word' id='word_1_862' title='bbox 3607 5448 3675 5511; x_wconf 87' lang='lat' dir='ltr'><strong>is,</strong></span> <span class='ocrx_word' id='word_1_863' title='bbox 3705 5449 3798 5518; x_wconf 92' lang='lat' dir='ltr'><strong>qui</strong></span> <span class='ocrx_word' id='word_1_864' title='bbox 3827 5461 4001 5501; x_wconf 77' lang='lat' dir='ltr'><strong>vene-</strong></span> 
     </span>
    </p>
   </div>
   <div class='ocr_carea' id='block_1_59' title="bbox 695 5536 3998 5614">
    <p class='ocr_par' dir='ltr' id='par_1_59' title="bbox 695 5536 3998 5614">
     <span class='ocr_line' id='line_1_59' title="bbox 695 5536 3998 5614; baseline -0.003 -15"><span class='ocrx_word' id='word_1_865' title='bbox 695 5559 822 5599; x_wconf 89' lang='lat' dir='ltr'><strong>num</strong></span> <span class='ocrx_word' id='word_1_866' title='bbox 846 5544 1098 5614; x_wconf 87' lang='lat' dir='ltr'><strong>aspidum</strong></span> <span class='ocrx_word' id='word_1_867' title='bbox 1125 5542 1264 5614; x_wconf 86' lang='lat' dir='ltr'><strong>gerit</strong></span> <span class='ocrx_word' id='word_1_868' title='bbox 1297 5543 1351 5595; x_wconf 91' lang='lat' dir='ltr'><strong>in</strong></span> <span class='ocrx_word' id='word_1_869' title='bbox 1383 5541 1547 5596; x_wconf 88' lang='lat' dir='ltr'><strong>labiis</strong></span> <span class='ocrx_word' id='word_1_870' title='bbox 1599 5543 1743 5604; x_wconf 90' lang='lat' dir='ltr'><strong>suis,</strong></span> <span class='ocrx_word' id='word_1_871' title='bbox 1787 5549 1842 5596; x_wconf 90' lang='lat' dir='ltr'><strong>et</strong></span> <span class='ocrx_word' id='word_1_872' title='bbox 1898 5539 2336 5609; x_wconf 87' lang='lat' dir='ltr'><strong>simplicioribus</strong></span> <span class='ocrx_word' id='word_1_873' title='bbox 2382 5538 2734 5594; x_wconf 73' lang='lat' dir='ltr'><strong>l&#39;t-autlulente</strong></span> <span class='ocrx_word' id='word_1_874' title='bbox 2778 5538 3034 5608; x_wconf 87' lang='lat' dir='ltr'><strong>imponit.</strong></span> <span class='ocrx_word' id='word_1_875' title='bbox 3084 5537 3332 5592; x_wconf 84' lang='lat' dir='ltr'><strong>Cadaver</strong></span> <span class='ocrx_word' id='word_1_876' title='bbox 3364 5552 3475 5608; x_wconf 73' lang='lat' dir='ltr'><strong>pra:</strong></span> <span class='ocrx_word' id='word_1_877' title='bbox 3509 5551 3567 5592; x_wconf 92' lang='lat' dir='ltr'><strong>se</strong></span> <span class='ocrx_word' id='word_1_878' title='bbox 3602 5536 3706 5591; x_wconf 83' lang='lat' dir='ltr'><strong>fert</strong></span> <span class='ocrx_word' id='word_1_879' title='bbox 3735 5553 3860 5591; x_wconf 87' lang='lat' dir='ltr'><strong>eum</strong></span> <span class='ocrx_word' id='word_1_880' title='bbox 3897 5538 3998 5606; x_wconf 81' lang='lat' dir='ltr'><strong>qui</strong></span> 
     </span>
    </p>
   </div>
   <div class='ocr_carea' id='block_1_60' title="bbox 760 5693 2445 5763">
    <p class='ocr_par' dir='ltr' id='par_1_60' title="bbox 760 5697 2421 5763">
     <span class='ocr_line' id='line_1_60' title="bbox 760 5697 2421 5763; baseline -0.005 -7"><span class='ocrx_word' id='word_1_881' title='bbox 760 5702 806 5733; x_wconf 81' lang='grc'><strong><em>⁷⁵</em></strong></span> <span class='ocrx_word' id='word_1_882' title='bbox 856 5701 963 5756; x_wconf 77' lang='lat' dir='ltr'><strong>Isa.</strong></span> <span class='ocrx_word' id='word_1_883' title='bbox 1005 5719 1118 5761; x_wconf 82' lang='lat' dir='ltr'><strong>vni,</strong></span> <span class='ocrx_word' id='word_1_884' title='bbox 1154 5701 1259 5763; x_wconf 80' lang='lat' dir='ltr'><strong>f8;</strong></span> <span class='ocrx_word' id='word_1_885' title='bbox 1305 5699 1473 5752; x_wconf 84' lang='lat' dir='ltr'><strong>Hebr.</strong></span> <span class='ocrx_word' id='word_1_886' title='bbox 1504 5715 1564 5759; x_wconf 86' lang='lat' dir='ltr'><strong>II,</strong></span> <span class='ocrx_word' id='word_1_887' title='bbox 1605 5699 1689 5752; x_wconf 77' lang='grc'><strong>15.</strong></span> <span class='ocrx_word' id='word_1_888' title='bbox 1770 5700 1815 5729; x_wconf 75' lang='grc'><strong>⁷⁸</strong></span> <span class='ocrx_word' id='word_1_889' title='bbox 1852 5697 2038 5754; x_wconf 76' lang='grc' dir='ltr'><strong>Ρτον.,</strong></span> <span class='ocrx_word' id='word_1_890' title='bbox 2095 5715 2168 5758; x_wconf 84' lang='lat' dir='ltr'><strong>tv.</strong></span> <span class='ocrx_word' id='word_1_891' title='bbox 2202 5697 2291 5751; x_wconf 75' lang='grc'><strong>25.</strong></span> <span class='ocrx_word' id='word_1_892' title='bbox 2377 5699 2421 5728; x_wconf 76' lang='grc'><strong>⁷⁷</strong></span> 
     </span>
    </p>
   </div>
   <div class='ocr_carea' id='block_1_61' title="bbox 2312 5693 3997 5763">
    <p class='ocr_par' dir='ltr' id='par_1_61' title="bbox 2377 5693 3997 5759">
     <span class='ocr_line' id='line_1_61' title="bbox 2377 5693 3997 5759; baseline -0.012 -2"><span class='ocrx_word' id='word_1_893' title='bbox 2377 5699 2421 5728; x_wconf 77' lang='grc'><strong>⁷⁷</strong></span> <span class='ocrx_word' id='word_1_894' title='bbox 2465 5695 2566 5749; x_wconf 69' lang='lat' dir='ltr'><strong>lsa.</strong></span> <span class='ocrx_word' id='word_1_895' title='bbox 2599 5714 2746 5759; x_wconf 70' lang='grc' dir='ltr'><strong>κων,</strong></span> <span class='ocrx_word' id='word_1_896' title='bbox 2795 5697 2880 5750; x_wconf 82' lang='grc'><strong>18.</strong></span> <span class='ocrx_word' id='word_1_897' title='bbox 2963 5697 3008 5726; x_wconf 51' lang='grc'><strong>7⁸</strong></span> <span class='ocrx_word' id='word_1_898' title='bbox 3054 5694 3219 5749; x_wconf 83' lang='lat' dir='ltr'><strong>llebr.</strong></span> <span class='ocrx_word' id='word_1_899' title='bbox 3259 5711 3361 5759; x_wconf 76' lang='lat' dir='ltr'><strong>stt,</strong></span> <span class='ocrx_word' id='word_1_900' title='bbox 3403 5695 3470 5749; x_wconf 68' lang='grc' dir='ltr'><strong><em>η</em></strong></span> <span class='ocrx_word' id='word_1_901' title='bbox 3569 5695 3613 5726; x_wconf 80' lang='grc' dir='ltr'><strong>τ’</strong></span> <span class='ocrx_word' id='word_1_902' title='bbox 3649 5693 3796 5747; x_wconf 80' lang='lat' dir='ltr'><strong>Psal.</strong></span> <span class='ocrx_word' id='word_1_903' title='bbox 3857 5710 3997 5755; x_wconf 67' lang='grc' dir='ltr'><strong>χνη,</strong></span> 
     </span>
    </p>
   </div>
   <div class='ocr_carea' id='block_1_62' title="bbox 689 5765 2374 5832">
    <p class='ocr_par' dir='ltr' id='par_1_62' title="bbox 689 5770 2334 5828">
     <span class='ocr_line' id='line_1_62' title="bbox 689 5770 2334 5828; baseline -0.002 -1"><span class='ocrx_word' id='word_1_904' title='bbox 689 5774 776 5827; x_wconf 60' lang='grc' dir='ltr'><strong>με.</strong></span> <span class='ocrx_word' id='word_1_905' title='bbox 884 5775 929 5803; x_wconf 79' lang='grc'><strong>⁸⁰</strong></span> <span class='ocrx_word' id='word_1_906' title='bbox 955 5771 1158 5825; x_wconf 80' lang='lat' dir='ltr'><strong>Jereut.</strong></span> <span class='ocrx_word' id='word_1_907' title='bbox 1268 5786 1456 5825; x_wconf 79' lang='lat' dir='ltr'><strong>Xl.\&#39;l|l.</strong></span> <span class='ocrx_word' id='word_1_908' title='bbox 1495 5772 1577 5823; x_wconf 80' lang='grc'><strong>10.</strong></span> <span class='ocrx_word' id='word_1_909' title='bbox 1659 5773 1700 5801; x_wconf 79' lang='grc'><strong>⁸⁸</strong></span> <span class='ocrx_word' id='word_1_910' title='bbox 1735 5771 1876 5823; x_wconf 65' lang='lat' dir='ltr'><strong>i&#39;sztl.</strong></span> <span class='ocrx_word' id='word_1_911' title='bbox 1914 5787 2100 5828; x_wconf 79' lang='lat' dir='ltr'><strong>l.\‘.&#39;lll.</strong></span> <span class='ocrx_word' id='word_1_912' title='bbox 2131 5772 2212 5824; x_wconf 73' lang='grc'><strong>24.</strong></span> <span class='ocrx_word' id='word_1_913' title='bbox 2291 5770 2334 5799; x_wconf 80' lang='grc'><strong>⁸²</strong></span> 
     </span>
    </p>
   </div>
   <div class='ocr_carea' id='block_1_63' title="bbox 2312 5765 3997 5832">
    <p class='ocr_par' dir='ltr' id='par_1_63' title="bbox 2318 5765 3997 5832">
     <span class='ocr_line' id='line_1_63' title="bbox 2318 5765 3997 5832; baseline 0 -10"><span class='ocrx_word' id='word_1_914' title='bbox 2318 5772 2334 5799; x_wconf 84' lang='grc'>²</span> <span class='ocrx_word' id='word_1_915' title='bbox 2374 5768 2519 5822; x_wconf 79' lang='lat' dir='ltr'><strong>l‘.-a|.</strong></span> <span class='ocrx_word' id='word_1_916' title='bbox 2575 5784 2726 5832; x_wconf 71' lang='lat' dir='ltr'><strong>exul,</strong></span> <span class='ocrx_word' id='word_1_917' title='bbox 2784 5769 2836 5822; x_wconf 76' lang='grc'><strong>5.</strong></span> <span class='ocrx_word' id='word_1_918' title='bbox 2904 5797 2919 5813; x_wconf 77' lang='grc' dir='ltr'>ι</span> <span class='ocrx_word' id='word_1_919' title='bbox 2946 5769 2990 5797; x_wconf 75' lang='grc'><strong>⁸³</strong></span> <span class='ocrx_word' id='word_1_920' title='bbox 3031 5769 3213 5820; x_wconf 66' lang='lat' dir='ltr'><strong>lict-le.</strong></span> <span class='ocrx_word' id='word_1_921' title='bbox 3259 5783 3312 5828; x_wconf 69' lang='grc' dir='ltr'><strong>χ,</strong></span> <span class='ocrx_word' id='word_1_922' title='bbox 3351 5769 3403 5820; x_wconf 59' lang='lat' dir='ltr'><strong>At.</strong></span> <span class='ocrx_word' id='word_1_923' title='bbox 3511 5767 3558 5798; x_wconf 73' lang='lat'><strong>”</strong></span> <span class='ocrx_word' id='word_1_924' title='bbox 3587 5765 3603 5818; x_wconf 93' lang='grc' dir='ltr'><strong>Ι</strong></span> <span class='ocrx_word' id='word_1_925' title='bbox 3637 5765 3764 5821; x_wconf 82' lang='lat' dir='ltr'><strong>Cor.</strong></span> <span class='ocrx_word' id='word_1_926' title='bbox 3796 5781 3870 5830; x_wconf 77' lang='lat' dir='ltr'><strong>rt,</strong></span> <span class='ocrx_word' id='word_1_927' title='bbox 3907 5768 3997 5822; x_wconf 83' lang='lat' dir='ltr'><strong>to.</strong></span> 
     </span>
    </p>
   </div>
   <div class='ocr_carea' id='block_1_64' title="bbox 712 5816 1466 5904">
    <p class='ocr_par' dir='ltr' id='par_1_64' title="bbox 712 5843 1466 5904">
     <span class='ocr_line' id='line_1_64' title="bbox 712 5843 1466 5904; baseline -0.009 -5"><span class='ocrx_word' id='word_1_928' title='bbox 712 5843 933 5900; x_wconf 68' lang='grc' dir='ltr'><strong>ιισον.</strong></span> <span class='ocrx_word' id='word_1_929' title='bbox 972 5843 1263 5904; x_wconf 66' lang='lat' dir='ltr'><strong>\v,,15tl</strong></span> <span class='ocrx_word' id='word_1_930' title='bbox 1317 5844 1406 5891; x_wconf 70' lang='grc' dir='ltr'><strong>ςιιεὶ</strong></span> <span class='ocrx_word' id='word_1_931' title='bbox 1458 5883 1466 5892; x_wconf 91' lang='grc'><strong>.</strong></span> 
     </span>
    </p>
   </div>
  </div>
