4266 6446
312 402 421 470 773
1312 407 1851 467 COMMEXTARII
1902 407 1983 466 ΙΝ

1902 407 1983 466 1N
2027 409 2474 473 LEVITlCUM.
2812 426 2815 429 “
3466 426 3571 494 774

315 526 535 593 penitus
572 520 808 583 refrixit,
842 536 940 574 nec
972 521 1212 575 fervidus
1238 523 1433 590 Spiritu
1471 527 1842 592 cognoscitur.
1888 526 1929 576 A
1960 526 2136 579 bestia
2186 538 2382 596 captus
2432 531 2764 598 intelligitur
2792 531 2861 595 is,
2899 533 2990 601 qui
3027 536 3235 593 diaboli
3263 538 3458 599 (actus
3481 558 3568 601 ρει

320 610 503 662 cibus.
541 607 652 662 llos
675 624 866 660 omnes
890 605 1039 677 fugat
1073 610 1153 661 lrx
1190 609 1373 661 divina
1406 624 1435 660 a
1471 612 1666 663 sat-tis.
1699 609 1857 672 Nam,
1899 619 1957 663 ut
2005 614 2169 667 docet
2206 614 2448 665 Paulus:
2488 633 2505 663 ι
2547 614 2871 684 Quicunque
2900 620 3074 673 ederit
3098 637 3299 687 corpus
3357 630 3565 686 cum,“

312 708 369 750 et
399 698 603 751 biberit
631 702 886 766 poculum
916 700 1159 766 indigne,
1198 700 1300 751 sibi
1330 700 1431 768 ipsi
1452 700 1725 767 judicium
1763 703 1875 755 edit
1900 712 1953 753 et
1991 703 2130 755 bibit
2160 702 2225 754 ⁸⁸.
2254 721 2269 751 ι
2311 700 2471 755 Tales
2509 703 2783 756 habentur
2813 708 2863 758 in
2889 713 3566 773 numeroimmundurnm.

314 783 649 849 Polluuntur
679 798 728 839 et
768 790 843 849 hi,
877 790 968 856 qui
1003 789 1085 841 bis
1115 786 1461 841 famiiiariter
1489 790 1823 857 junguntur.
1855 790 1991 841 Nam
2024 805 2118 858 per
2150 800 2461 841 contactum
2497 792 2843 860 intelligenda
2873 807 2953 849 est
2987 799 3329 855 familiaritas
3384 824 3403 855 ‹
3430 810 3569 857 Cur-

308 882 583 939 rumpunt
624 874 891 941 siquidem
940 890 1122 928 mores
1156 876 1331 927 bonos
1363 877 1640 943 colloquia
1696 893 1861 945 prava
1886 878 1955 928 ⁸⁷.
1994 896 2011 926 ι
2043 878 2103 929 Et
2128 893 2247 946 quae
2278 893 2403 945 pars
2434 878 2573 930 ﬁdi-li
2605 884 3085 938 cutrrincrrdulo?
3121 890 3321 943 Contra
3366 902 3565 959 autem,

314 960 363 1012 si
391 975 518 1013 cum
550 969 746 1013 sancto
779 962 1149 1025 converseris,
1178 970 1235 1012 tu
1261 977 1480 1028 quoque
1507 962 1925 1017 sanctiﬁcabere
1947 964 2014 1014 ⁸⁸.
2040 964 2194 1028 Quod
2222 980 2351 1017 veto
2373 966 2438 1017 de
2470 966 2783 1020 hominibus
2801 985 3105 1025 sermonem
3132 974 3321 1030 habeat
3355 980 3569 1034 abunde

312 1046 549 1107 indicat,
605 1047 747 1114 quod
809 1049 942 1101 dicit
970 1066 983 1101 :
1031 1068 1049 1100 ι
1082 1050 1303 1111 Anima,
1334 1067 1457 1117 qua:
1510 1051 1775 1118 attigerit.
1809 1070 1827 1101 ι
1864 1049 1999 1102 Cum
2026 1054 2113 1101 tali
2137 1066 2203 1103 ne
2228 1052 2409 1103 cibum
2441 1053 2657 1119 quidem
2715 1058 3032 1122 capit-mlum
3064 1074 3186 1112 esse.
3215 1077 3391 1117 monet
3425 1066 3567 1121 Pau—

313 1134 403 1185 lus
431 1132 499 1183 ".
538 1133 608 1185 At
644 1133 896 1187 Christus
929 1135 1031 1187 sub
1079 1150 1365 1203 vesperam
1393 1136 1634 1199 advenit,
1671 1147 1728 1188 ut
1756 1138 2117 1191 illinscemodi
2147 1139 2395 1190 homines
2424 1141 2730 1206 apeCcatis.
2760 1157 2880 1205 quae
2913 1145 3188 1198 immunda
3210 1162 3356 1208 sunt.
3387 1154 3568 1206 altsol~
3610 1152 3620 1165 '

310 1227 430 1271 vat.
472 1217 711 1273 Proinde
739 1221 1001 1288 iubentur
1066 1221 1238 1277 Judaei
1298 1226 1405 1278 sub
1465 1239 1746 1292 vesperam
1783 1240 1981 1293 agnum
2016 1227 2225 1280 czvdere
2262 1229 2595 1294 pasclialem,
2635 1238 2689 1279 ut
2728 1231 2831 1283 sub
2871 1232 2974 1283 hoc
3020 1244 3147 1302 typo
3178 1240 3568 1306 prasigniﬁce.

314 1318 409 1359 tur
437 1318 680 1375 tempus,
740 1324 851 1376 quo
888 1310 1229 1363 adventurus
1263 1312 1332 1364 sit
1388 1312 1667 1364 Christus.
1708 1312 1868 1364 Venit
1906 1315 2069 1379 igitur
2098 1314 2353 1366 Christus
2388 1318 2649 1368 extremis
2684 1320 3048 1383 temporibus,
3107 1325 3223 1376 sole
3256 1324 3568 1383 declinante

314 1396 590 1463 temporis
624 1411 941 1449 mensuram
992 1399 1056 1449 ad
1085 1413 1389 1465 vesperam.
1424 1399 1498 1451 Eo
1531 1412 1773 1467 tempore
1808 1402 1965 1452 nobis
2003 1401 2187 1453 divino
2220 1416 2445 1453 munere
2477 1403 2670 1467 obtigit
2710 1416 3098 1458 sacrosanctus
3134 1410 3454 1476 baptismus.
3494 1416 3569 1465 lio

311 1495 543 1548 quoque
595 1490 842 1549 tempore
897 1485 1037 1550 paSIi
1076 1498 1269 1538 sumus
1300 1500 1459 1553 pane,
1491 1487 1584 1552 qui
1615 1501 1643 1538 c
1680 1487 1823 1537 cmlo
1854 1488 2161 1548 descendit,
2195 1501 2355 1554 quem
2408 1489 2585 1537 oratio
2637 1486 2916 1541 Dominica
2975 1497 3217 1547 nominat
3275 1502 3570 1565 supersub-

313 1572 663 1623 stantialem.

385 1658 752 1729 3690mnis
782 1660 1075 1724 alienigena
1091 1676 1191 1713 non
1221 1671 1453 1714 nascetur
1469 1663 1689 1721 sanctis,
1712 1671 1817 1715 etc.
1847 1661 2035 1729 [XXIL
2062 1659 2172 1729 10.]
2199 1657 2367 1712 Taxat
2397 1663 2499 1712 hoc
2528 1661 2647 1713 loco
2685 1662 2909 1731 impium
2931 1673 2982 1718 et
3009 1681 3038 1719 a
3067 1666 3169 1723 ﬁde
3196 1671 3453 1735 alienum,
3473 1677 3567 1743 qui

310 1762 637 1817 aegregatus
669 1749 739 1802 sit
772 1750 840 1801 ab
872 1748 1115 1801 Ecclesia
1148 1749 1259 1801 Dei.
1291 1746 1407 1801 Non
1439 1750 1585 1801 enim
1637 1749 1894 1801 convenit
1947 1757 2003 1801 ut
2046 1751 2235 1800 demus
2282 1748 2425 1813 quod
2458 1757 2706 1800 sanctum
2745 1760 2828 1803 est
2859 1754 3089 1809 canibus
3122 1775 3133 1809 :
3168 1759 3473 1823 nec'di-cct,
3509 1772 3567 1815 ιιι

308 1835 654 1902 objiciamus
710 1836 895 1903 porcis
931 1836 1259 1903 margaritas
1303 1837 1370 1889 ".
1426 1834 1563 1889 lluic
1594 1837 1906 1889 adnectitur
1960 1836 2190 1894 advena,
2229 1834 2320 1900 qui
2355 1829 2617 1901 operibus
2649 1850 2757 1903 pra:
2786 1852 2844 1889 se.
2878 1836 2982 1890 fert
3018 1844 3192 1895 civem
3223 1848 3434 1911 mundi,
3470 1852 3566 1916 qui

309 1921 585 1974 mundum
620 1936 776 1974 suam
803 1922 1103 1974 arbitratur
1136 1922 1389 1989 patriam.
1420 1920 1622 1974 Verum
1654 1923 1833 1973 verbis
1864 1929 1915 1974 et
1950 1922 2091 1973 nuda
2122 1922 2222 1974 lide
2250 1923 2411 1973 etiam
2446 1920 2701 1975 Ecclesiae
2745 1924 2975 1976 incolam
3026 1942 3084 1982 se
3134 1931 3380 1987 simulat.
3419 1934 3566 1988 Prm—

316 2018 472 2062 terea
500 2010 876 2062 mercenarius
926 2009 1277 2062 existimatur
1323 2008 1390 2070 is,
1421 2009 1511 2076 qui
1546 2008 1859 2075 religionem
1903 2013 2170 2073 qtta‘stttut
2214 2001 2536 2069 arbitratur,
2573 2014 2624 2057 et
2668 2016 2901 2059 conatur
2938 2025 3151 2064 summa
3204 2030 3305 2082 ope
3356 2021 3568 2085 placare

314 2094 601 2157 ﬁdelibus,
635 2109 870 2163 quorum
914 2099 1217 2149 aucmritas
1260 2104 1313 2149 et
1365 2096 1570 2149 divitiae
1607 2095 1898 2162 plurimum
1933 2094 2176 2160 pollent:
2229 2100 2286 2143 ut
2337 2091 2465 2145 hinc
2498 2108 2656 2144 suum
2708 2104 2988 2161 comparet
3035 2100 3407 2157 commodum.
3458 2104 3567 2159 llos

309 2184 399 2235 lex
435 2183 575 2235 nihil
624 2182 844 2236 diﬂ'erre
876 2182 944 2235 ab
990 2183 1311 2250 alienigenis
1359 2182 1591 2250 judicat.
1634 2181 1701 2233 At
1756 2180 2141 2235 liiiuslamilias
2189 2180 2369 2233 sacris
2403 2181 2645 2232 vescitur
2691 2181 2853 2234 cibis.
2888 2180 3019 2234 Nam
3073 2186 3117 2239 is
3154 2188 3296 2241 lilius
3334 2192 3385 2243 in
3444 2192 3550 2248 ﬁde

307 2270 590 2333 genuinus
624 2278 677 2323 et
707 2285 873 2322 verus
898 2278 1003 2331 est,
1039 2278 1093 2323 ct
1126 2270 1467 2338 propinquus
1498 2269 1773 2336 spirituLt
1811 2267 1874 2319 Et
1900 2282 2009 2321 aere
2040 2276 2314 2335 emptus,»
2345 2274 2454 2319 etc.
2482 2265 2736 2319 Christus
2762 2266 2909 2321 enim
2939 2286 3036 2325 nos
3069 2272 3298 2327 redemit
3333 2292 3397 2330 es
3433 2280 3568 2349 legis

308 2358 710 2411 tnaledictioue
736 2358 865 2409 dum
901 2372 998 2424 pro
1024 2358 1181 2411 nobis
1213 2357 1527 2409 maledictio
1558 2356 1736 2409 lactus
1774 2369 1876 2409 ρει.

392 2442 459 2496 Ει
490 2446 606 2511 ﬁ‘ia
637 2444 930 2498 sacerdotis
955 2447 999 2497 si
1033 2446 1269 2511 nupserit
1306 2444 1639 2513 alienigenis,
1668 2454 1773 2497 etc.
1807 2442 1950 2515 [l2.]
1992 2444 2466 2510 Quemadmodum
2497 2444 2565 2507 is,
2603 2447 2695 2513 qui
2729 2447 2899 2515 tangit
2926 2448 3200 2517 leprosum
3234 2461 3286 2506 et
3314 2470 3564 2523 sperma-

310 2536 386 2585 ιὶς
418 2534 690 2602 proﬂuvio
724 2536 1085 2600 laborantem,
1119 2537 1210 2588 illo
1239 2542 1457 2587 attactu
1480 2536 1813 2594 incestatur,
1882 2534 1980 2589 ita.
2020 2533 2146 2585 licet
2174 2533 2300 2599 quis
2332 2533 2673 2601 propinquus
2707 2534 2770 2586 sit
2810 2535 2951 2595 ﬁdei,
2975 2539 3379 2604 quamprimum
3415 2558 3568 2596 com-

308 2622 581 2675 mercium
614 2622 874 2676 habuerit
900 2637 1024 2676 cum
1056 2623 1376 2680 incredulis.
1414 2621 1610 2674 horum
1644 2621 1943 2672 violabitur
1967 2628 2021 2672 et
2052 2618 2433 2687 profanabitur
2486 2617 2884 2673 familiaritate.
2919 2618 3109 2674 Filiam
3144 2627 3447 2683 sacerdotis
3474 2647 3572 2683 no.

309 2710 492 2762 minat
522 2710 762 2762 animam
796 2720 1171 2778 regeneratam
1219 2725 1283 2761 ex
1319 2724 1462 2777 aqua
1495 2716 1549 2761 et
1589 2707 1787 2774 spiritu
1821 2727 1833 2758 :
1881 2724 2066 2761 verum
2098 2708 2346 2774 junctam
2398 2708 2683 2761 incrednlo
2732 2718 2953 2779 propter
2990 2712 3451 2771 incredulitatem.
3483 2708 3601 2773 ld-‘r

305 2798 465 2851 circo
499 2796 779 2867 Sapientia
832 2798 1079 2867 prazcipit
1120 2816 1134 2851 :
1178 2815 1196 2846 ι
1245 2795 1369 2859 Fili,
1424 2812 1491 2849 ne
1534 2805 1584 2848 te
1621 2796 2052 2847 circumveniant
2083 2796 2181 2847 viri
2218 2796 2369 2863 impii
2395 2796 2461 2849 ⁹¹.
2505 2814 2523 2846 ι
2566 2794 2681 2848 Non
2733 2799 2875 2849 enim
2910 2808 3127 2865 oportet
3152 2818 3249 2855 nos
3280 2807 3565 2862 attendere

305 2884 604 2951 spiritibus
638 2885 1060 2954 impostoribus,
1098 2897 1161 2936 ac
1202 2882 1473 2935 doctrinis
1512 2882 1933 2943 daemoniorum.
1983 2897 2077 2950 per
2112 2882 2523 2935 simulationem
2563 2880 3003 2951 falsiloquorutn,
3032 2890 3279 2943 cauterio
3318 2900 3560 2947 notatam

307 2972 633 3027 habentium
676 2974 1097 3028 conscientiam.

384 3057 451 3110 Et
489 3060 613 3127 [ilia
662 3063 957 3116 sacerdotis
984 3066 1029 3117 si
1082 3066 1241 3133 fuerit
1278 3067 1435 3119 vidua
1475 3066 1664 3133 ejecta,
1723 3072 1829 3116 cte.
1879 3062 2131 3114 Animam
2170 3057 2285 3111 haec
2341 3056 2507 3110 verba
2552 3056 2936 3109 demonstrant
2988 3059 3327 3117 deﬁcientem
3375 3081 3401 3116 a
3437 3066 3567 3131 Deo,

302 3147 511 3201 deinde
539 3163 634 3216 per
652 3153 1036 3219 pmnitcntiain
1074 3163 1331 3209 reroata
1371 3155 1602 3207 liberata
1656 3150 2061 3221 fuerit_semine
2096 3144 2411 3214 peregrino,
2442 3144 2602 3211 cujus
2631 3145 2865 3212 impulsu
2893 3147 2945 3199 in
2981 3150 3216 3216 perﬁdia:
3249 3152 3566 3208 barathrum

302 3234 552 3290 adducta
596 3234 795 3291 fuerat.
834 3238 943 3292 Aut
978 3249 1032 3293 et
1067 3241 1111 3293 si
1160 3240 1446 3309 repudiata
1499 3237 1665 3291 fuerit
1695 3253 1721 3289 a
1778 3235 1887 3287 Deo
1936 3247 2127 3287 carens
2177 3231 2397 3282 virtutis
2429 3228 2631 3291 fructu,
2665 3246 2827 3297 quam
2859 3234 3116 3287 ocissime
3164 3247 3473 3292 revertatur
3501 3243 3568 3294 ad

306 3323 484 3382 Deum
530 3332 582 3376 et
611 3335 835 3394 accepta
879 3326 1006 3379 erit.
1039 3324 1243 3381 Eadem
1275 3327 1438 3380 verba
1474 3326 1577 3379 sub
1611 3334 1742 3395 typo
1776 3320 2013 3390 quodam
2061 3324 2461 3387 repraesentant
2515 3314 2857 3386 S)napogaut
2892 3317 3227 3375 Inda-orum.
3260 3322 3382 3378 Hier
3426 3330 3572 3381 enim

304 3424 407 3478 per
430 3407 617 3464 Mosen
651 3426 811 3466 sacro
835 3415 1021 3484 generi
1059 3413 1359 3482 desponsa,
1405 3428 1530 3466 cum
1572 3411 1824 3482 plurimis
1871 3412 1955 3475 (ut
2005 3414 2245 3460 testatur
2278 3402 2569 3471 Jeremias)
2605 3406 2920 3471 pastoribus
2952 3416 3190 3460 scortata
3224 3421 3329 3464 est.
3370 3411 3566 3465 Novis-

264 3475 450 3553 'sime
477 3510 661 3554 autem
699 3475 939 3567 praetulit
962 3475 1234 3570 praecepta
1268 3475 1587 3555 Scribarum
1621 3509 1671 3553 et
1704 3496 2108 3551 Pharisaeorum
2150 3492 2358 3546 Christi
2393 3490 2686 3544 doctrinae.
2723 3490 2995 3546 Caeterum
3045 3497 3225 3550 denuo
3259 3502 3568 3565 vocabitur,

300 3596 360 3644 et
396 3588 588 3642 audiet
631 3588 942 3643 doctrinam
974 3589 1207 3643 Christi.
1245 3589 1402 3654 Nam,
1473 3599 1527 3641 ιιι
1562 3589 1765 3641 habent
1818 3581 2121 3655 prOpbetia:
2154 3580 2345 3641 verba,
2394 3596 2411 3626 ι
2446 3575 2649 3631 Diebus
2683 3581 2933 3647 plurimis
2983 3584 3247 3638 sedebant
3284 3586 3375 3639 ﬁlii
3407 3588 3571 3643 Israel

302 3677 523 3747 absque
544 3691 697 3748 rege,
736 3678 857 3732 sive
891 3678 1145 3747 principe
1177 3679 1222 3708 "
1248 3720 1264 3743 ,
1306 3696 1323 3727 ι
1362 3687 1473 3730 etc.
1511 3676 1717 3731 Deinde
1748 3674 2026 3731 subneCtit
2057 3690 2070 3719 :
2105 3692 2123 3723 ι
2151 3670 2579 3732 Convertentnr,
2614 3679 2668 3724 et
2718 3672 3011 3739 esquirent
3058 3673 3346 3729 Dominum
3400 3678 3569 3733 Deum

384 3876 495 3943 Qui
521 3877 688 3931 ederit
724 3886 914 3931 sancta
959 3878 1287 3948 ignoranter,
1313 3885 1421 3933 etc.
1455 3876 1595 3949 [ιι]
1635 3876 1807 3932 Cmsis
1840 3877 2080 3932 victimis
2105 3886 2159 3933 et
2190 3878 2415 3942 oblatis,
2449 3876 2523 3930 de‘
2545 3890 2720 3941 more,
2755 3876 3025 3945 quidquid
3064 3889 3371 3948 supererat,
3406 3885 3570 3940 cede-

296 3965 399 4037 bat
430 3965 845 4030 sacerdotibus,
881 3976 1074 4035 utpote
1105 3976 1269 4032 caput
1306 3975 1357 4019 et
1392 3966 1579 4035 pedes.
1635 3964 1691 4018 Si
1725 3967 1848 4033 quis
1890 3974 2070 4021 autem
2106 3967 2367 4036 ignorans
2399 3964 2607 4018 edisset
2634 3962 2701 4016 de
2730 3964 2835 4025 bis,
2868 3962 2989 4033 qua:
3012 3965 3407 4035 ollercbantur,
3443 3988 3567 4040 pro-

298 4052 451 4109 fecto
502 4067 697 4122 patrias
744 4054 1124 4124 incogitantia:
1188 4055 1394 4108 Ιιιιοιιτιι.
1445 4052 1749 4122 Oportebat
1800 4056 1969 4117 enim,
2005 4062 2058 4106 ut
2102 4054 2263 4107 docet
2323 4049 2529 4105 Paulus
2581 4051 2664 4111 ”.
2699 4049 2924 4106 edentes
2961 4053 3225 4107 sacriﬁcia
3270 4061 3565 4129 participes

298 4142 425 4196 ﬁeri
461 4141 661 4195 altaris
693 4160 705 4195 :
744 4156 846 4195 nec
895 4144 1104 4204 omnia,
1137 4157 1259 4211 qua:
1313 4142 1764 4204 itmnolahantur,
1797 4143 1881 4196 sui
1918 4142 2062 4210 juris
2100 4139 2305 4195 facere.
2358 4139 2503 4192 ldcm
2536 4137 2639 4191 hoc
2679 4135 2954 4192 iaciebant
3006 4139 3099 4193 lilii
3138 4140 3257 4195 lleli
3287 4150 3563 4203 consulto.

293 4230 656 4300 Quapropter
684 4229 1155 4299 meritas-experti
1204 4237 1335 4283 sunt
1364 4243 1578 4297 punias.
3062 4234 3068 4240 ’

372 4339 483 4405 Qui
517 4338 777 4390 attuli-rit
802 4337 1121 4402 donasua,
1176 4345 1284 4390 etc.
1336 4335 1483 4407 [l8.]
1515 4335 1818 4389 llasculum
1861 4349 1983 4387 esse
2012 4341 2227 4403 oportet
2276 4340 2331 4386 et
2363 4331 2656 4385 admodum
2690 4333 2847 4387 virile
2887 4333 2961 4396 id,
2991 4337 3136 4403 quod
3170 4336 3396 4392 oﬁ'ertur
3430 4340 3559 4395 Deo.

294 4428 581 4483 Prazterea
612 4441 845 4481 necesse
883 4433 989 4491 est,
1024 4434 1083 4479 ut
1121 4435 1308 4479 careat
1339 4426 1487 4477 omni
1519 4424 1675 4477 vitio.
1730 4421 1823 4476 llis
1852 4422 2034 4475 verbis
2071 4420 2413 4490 signiﬁcatur
2464 4419 2718 4474 Christus
2762 4419 2853 4475 Dei
2889 4426 3154 4490 potentia,
3190 4427 3283 4492 qui
3335 4441 3563 4494 prorsus

295 4532 326 4569 ιι
360 4516 589 4583 'prccati
627 4514 848 4568 macula
878 4521 932 4567 et
962 4513 1082 4566 labe
1112 4512 1214 4566 fuit
1256 4512 1543 4566 immunis.
1577 4510 1854 4564 Masculus
1889 4523 2105 4576 semper
2134 4517 2295 4577 typus
2329 4516 2412 4560 est
2457 4507 2824 4574 imperatoriae
2851 4512 3128 4577 potentia.
3161 4510 3251 4564 Sic
3282 4513 3559 4581 Clirisws,

290 4603 560 4672 quamvis
618 4602 917 4654 humanam
962 4612 1217 4653 naturam
1271 4600 1926 4675 assumpseritetovium
1962 4611 2191 4649 numero
2238 4598 2309 4649 sit
2344 4595 2588 4655 habitus,
2622 4605 2862 4650 attamen
2898 4600 3129 4665 imperat
3159 4604 3436 4656 omnibus.
3473 4603 3560 4657 Vi-

292 4695 490 4754 ctima,
547 4704 670 4758 quae
706 4688 875 4742 fuerit
910 4702 1084 4750 cares,
1124 4687 1471 4757 reprobatur.
1528 4686 1617 4740 Sic
1646 4686 1962 4755 quicunque
2000 4685 2202 4737 divina:
2248 4685 2529 4752 sapientia:
2570 4683 2774 4763 iuerint
2824 4695 3081 4753 expertes
3116 4703 3216 4741 nec
3252 4694 3559 4758 receperint

292 4778 768 4832 illuminatiunrm
796 4775 1033 4835 Christi,
1071 4786 1192 4845 qua
1230 4775 1354 4829 ﬁdei
1388 4776 1698 4829 interventu
1723 4774 1965 4835 obvenit,
2006 4774 2201 4825 merito
2229 4772 2609 4841 repudiantur.
2651 4769 2808 4835 Nam,
2861 4780 2920 4824 ut
2966 4780 3197 4828 testatur
3246 4774 3557 4849 Scriptura,

293 4886 314 4917 ι
350 4865 410 4919 Si
466 4879 579 4917 non
614 4860 991 4927 credideritis,
1024 4876 1367 4932 nequaquam
1404 4862 1722 4932 intelligetis
1750 4861 1814 4914 ".
1858 4877 1877 4909 ι
1915 4859 2220 4912 Contritum
2247 4868 2500 4912 censetur
2533 4859 2663 4911 illud
2713 4859 2935 4923 animal,
2978 4862 3121 4927 quod
3154 4877 3377 4929 prorsus
3412 4880 3561 4918 mor—

290 4958 496 5009 Lusum
530 4950 721 5004 fuerit.
750 4950 824 5004 De
858 4950 1064 5003 talibus
1096 4950 1276 5019 inquit
1310 4950 1600 5019 propheta,
1624 4950 1692 5003 de
1720 4949 1946 5011 talibus,
1975 4948 2223 5014 inquam,
2255 4948 2349 5016 qui
2384 4948 2486 4999 sub
2517 4948 2776 5002 morboso
2807 4950 3028 5001 animali
3056 4960 3557 5018 repraesentantur:

292 5060 315 5093 ι
365 5039 517 5093 Ecce
555 5051 660 5108 ego
688 5036 893 5092 induco
925 5051 1093 5107 super
1122 5038 1381 5106 populum
1415 5038 1563 5090 hunc
1609 5034 2006 5096 inﬁrmitatem,
2047 5044 2099 5088 et
2140 5049 2205 5088 ea
2259 5034 2590 5087 laborabunt
2616 5042 2803 5102 patres
2832 5046 2883 5088 et
2918 5036 3011 5089 lilii
3046 5057 3057 5088 :
3096 5038 3308 5092 vicinus
3357 5043 3563 5109 pariter

293 5138 352 5184 et
378 5125 681 5198 proximus
713 5124 837 5192 ejus
868 5124 1131 5193 peribunt
1168 5121 1235 5175 ”.
1276 5141 1295 5175 ι
1334 5122 1437 5190 Qui
1471 5138 1600 5177 vero
1629 5123 1915 5192 justiﬁcati
1950 5120 2154 5175 fuerint
2194 5122 2501 5176 interventu
2558 5120 2680 5175 ﬁdei
2715 5132 2921 5176 canunt
2957 5140 2970 5175 :
3013 5143 3031 5175 ι
3071 5122 3349 5179 Benedicit
3378 5130 3562 5183 anima

289 5230 418 5272 mea
449 5214 769 5277 Dominum,
803 5212 897 5282 qui
926 5221 1086 5269 sanat
1125 5226 1319 5266 omnes
1368 5212 1589 5265 morbos
1637 5221 1797 5272 tuos;
1828 5209 1920 5279 qui
1953 5209 2173 5263 redimit
2216 5225 2282 5263 ex
2322 5211 2675 5278 corruptione
2704 5211 2867 5263 vitam
2900 5220 3050 5265 tuam
3091 5214 3157 5266 π.
3194 5232 3214 5265 ι
3248 5214 3564 5270 Balbutirns

288 5303 647 5373 intelligitur,
680 5301 775 5371 qui
820 5302 1011 5370 nequit
1045 5300 1292 5371 proloqui
1328 5299 1551 5354 verbum
1589 5298 1712 5353 ﬁdei
1770 5297 1916 5366 quod
1951 5299 2369 5353 annuntiamus.
2419 5296 2690 5353 Caeterum
2747 5298 2912 5368 37o
2963 5299 3221 5357 Christus
3266 5314 3319 5355 et
3348 5302 3450 5356 hoc
3484 5304 3565 5357 vi-

300 5395 449 5447 tium
489 5389 813 5445 emendavit
844 5398 904 5443 ut
937 5396 1179 5443 testatur
1226 5387 1536 5457 propheta:
1586 5405 1603 5437 ι
1652 5383 1716 5438 Et
1751 5386 1949 5454 lingua:
1988 5385 2360 5440 balliutientes
2387 5384 2534 5439 brevi
2568 5387 2784 5440 discent
2827 5389 2973 5457 loqui
3004 5404 3191 5457 pacem
3225 5390 3269 5422 "
3291 5431 3306 5454 ,
3350 5409 3369 5441 ι
3398 5390 3449 5444 id
3481 5402 3567 5447 est

297 5480 622 5538 Christum.
662 5476 1023 5542 Formicatio,
1058 5476 1338 5545 inqietigo,
1374 5484 1428 5529 et
1465 5474 1733 5545 asperitas
1767 5474 1915 5527 cutis
1948 5472 2265 5541 signiﬁcant
2303 5472 2471 5526 animi
2506 5473 2635 5527 vitia
2658 5515 2673 5539 ,
2709 5489 2829 5542 quae
2857 5475 3099 5544 quotidie
3135 5490 3436 5548 augescunt
3466 5496 3567 5535 nec

297 5573 662 5626 minuuntur.
703 5566 915 5621 Animal
951 5566 1203 5620 mutilum
1241 5565 1287 5619 si
1318 5565 1398 5620 vel
1431 5564 1663 5618 caudam
1710 5564 1795 5617 vel
1844 5561 2118 5616 auriculas
2155 5560 2443 5632 respicias,
2475 5577 2583 5631 pra
2616 5578 2676 5618 se
2728 5562 2832 5618 fert
2872 5563 3307 5633 inobedientem,
3341 5583 3439 5623 nec
3486 5578 3567 5621 ta-

351 5749 442 5807 “i
472 5751 608 5807 Cor.
644 5767 718 5815 ιιι,
748 5751 839 5808 27.
922 5749 1008 5804 "l
1038 5747 1168 5804 Cor.
1199 5762 1289 5807 ιν.
1311 5716 1401 5800 33'.
1471 5742 1518 5775 ⁸⁸
1543 5740 1685 5797 Psal.
1708 5758 1839 5796 xvn.

2045 5742 2089 5774 ”
2126 5741 2297 5815 lCor.
2331 5743 2493 5805 v,H.
2526 5814 2533 5815 ί
2571 5743 2616 5774 ’θ
2648 5742 2835 5796 Matth.
2874 5760 2967 5807 vn,
2997 5744 3049 5800 6.
3116 5744 3349 5800 “Eccll.
3384 5761 3493 5805 xvi,
3519 5748 3551 5802 l.

289 5829 335 5861 "
368 5823 514 5882 Osee
551 5840 609 5879 ιιι
638 5863 654 5890 ,
696 5813 749 5879 4.
830 5825 873 5856 ’³
914 5822 1087 5876 ιίὲοι.
1132 5816 1324 5879 H.113.
1377 5817 1421 5846 ⁸⁸
1457 5818 1557 5870 lsa.
1598 5832 1690 5880 ιιι,
1728 5816 1778 5869 9.
1858 5814 1903 5844 ⁸³
1935 5813 1974 5866 ,Ιι

1858 5814 1903 5844 ⁸³
1935 5813 2136 5867 Jcrrm.
2164 5830 2239 5879 vi,
2272 5814 2363 5867 21.
2440 5816 2486 5845 ³⁸
2520 5814 2661 5869 l‘sal.
2693 5828 2766 5868 cn
2790 5855 2804 5881 ,
2846 5816 2899 5869 τι.
2978 5818 3020 5848 ’⁷
3055 5815 3157 5871 lsa.
3190 5833 3336 5874 sun
3415 5822 3465 5870 4.
