4266 6446
772 334 879 399 T15
2088 330 2439 391 PROCOPII
2474 329 2716 389 (‘u‘IZzEI
3933 333 4010 393 771

777 457 898 495 men
934 454 1034 511 per
1064 438 1247 493 omnia
1300 437 1593 507 pulchrum
1622 444 1677 491 et
1710 436 2022 491 honestum.
2059 436 2334 505 Bejieitur
2381 435 2587 488 animal
2637 442 2833 489 natura
2861 436 3194 500 masculum,
3230 436 3274 489 si
3307 434 3490 489 officio
3530 436 3701 492 maris
3738 437 3888 505 fungi
3940 451 4042 487 ne-

776 531 921 598 quit,
953 535 1144 597 utpote
1177 525 1222 578 si
1273 525 1440 576 fuerit
1485 524 1675 578 sterile
1708 525 1789 577 vel
1826 524 2039 575 aridmn
2073 535 2167 577 aut
2205 526 2316 577 alio
2349 522 2588 591 quodam
2636 525 2797 577 modo
2839 531 3167 577 castratum.
3203 522 3317 576 lloc
3351 523 3501 576 enitn
3538 523 3821 594 significat
3860 539 4042 575 eunu-

776 618 1005 670 chorum
1057 613 1292 682 species.
1329 611 1475 663 Varii
1509 612 1655 665 enim
1684 612 1843 665 nobis
1890 612 2157 665 infuerunt
2186 610 2439 673 alb-etus,
2470 614 2562 682 qui
2598 613 2785 665 multis
2828 611 3006 665 modis
3044 626 3147 665 nos
3192 611 3668 666 aii-infirmitatem
3722 612 4037 680 impellunt.

775 702 931 768 Quod
969 703 1083 754 ait:
1125 720 1143 751 ‹
1196 698 1298 753 Per
1326 714 1547 751 manum
1586 699 1904 768 alienigena:
1938 713 2045 750 nou
2080 696 2322 751 olli-retis
2353 699 2498 753 dona
2522 741 2537 762 ,
2574 720 2590 752 ι
2638 709 2781 763 etc.,
2816 699 3279 768 significationem
3324 699 3513 763 habet,
3547 700 3696 768 quod
3728 713 3823 768 per
3852 700 4038 754 solum

775 792 1057 844 Christum
1092 787 1381 841 adeundus
1412 788 1482 841 sit
1512 785 1696 846 Pater,
1732 802 1760 839 a
1799 801 1912 852 quo
1939 784 2160 837 adducti
2210 800 2403 839 sumus
2444 788 2511 840 ad
2546 786 2761 840 Patrem
2798 789 2851 841 in
2888 786 3119 855 Spiritu.

846 903 913 956 Et
944 903 1042 955 erit
1072 908 1267 967 septem
1300 898 1484 950 diebus
1504 900 1597 950 sub
1615 891 2503 963 matresua,ctc.[XXll,9.7.IQua:
2524 902 2781 963 spectant
2816 893 2883 947 ad
2916 894 3434 963 interpretationem
3469 892 3635 961 hujus
3672 907 3890 953 versus.
3929 907 4039 945 sae-

779 1006 902 1062 ptus
934 989 1266 1043 tradidimus
1301 988 1356 1040 in
1390 986 1549 1044 locis,
1594 999 1718 1051 quae
1753 999 1861 1035 non
1898 983 2286 1050 discrepabunt
2342 984 2411 1035 ab
2454 984 2581 1035 hoc.
2640 982 2774 1037 Nam
2828 985 2932 1038 sub
2963 984 3065 1036 hoc
3100 984 3387 1037 iuvoluero
3420 984 3581 1036 nobis
3634 984 3810 1050 aperit
3858 981 4039 1036 Moses

724 1070 733 1082 ’
774 1094 923 1141 eum,
966 1077 1058 1145 qui
1094 1075 1277 1128 adhuc
1320 1084 1405 1127 est
1440 1074 1624 1125 infans
1661 1084 1713 1125 et
1745 1071 2001 1123 infirmus
2034 1082 2085 1124 et
2122 1070 2281 1124 factis
2340 1078 2469 1137 potu
2517 1069 2698 1123 adhuc
2737 1086 2878 1138 Opus
2913 1072 3097 1132 habet,
3156 1080 3214 1123 ut
3252 1080 3375 1123 utar
3404 1071 3590 1123 verbis
3649 1069 3805 1122 Pauli
3840 1070 3919 1123 ”.
3970 1071 4040 1122 At

775 1168 925 1220 hunc
958 1164 1268 1233 perfectum
1306 1160 1545 1214 reddidit
1576 1159 1835 1213 Christus
1877 1173 1973 1227 per
2021 1174 2176 1211 suam
2230 1160 2715 1212 resurrectionem.
2770 1157 2905 1211 Nam
2957 1168 3186 1211 octavus
3220 1159 3337 1212 dies
3369 1160 3619 1211 succedit
3652 1160 3910 1225 septimo,
3941 1159 4037 1225 qui

774 1254 1022 1305 eoatinet
1064 1260 1279 1317 tempus
1326 1247 1461 1315 legis
1502 1255 1556 1300 et
1606 1247 1888 1298 carnalem
1928 1246 2159 1297 culttttn.
2202 1244 2544 1313 Quapropter
2580 1246 2749 1299 dicit:
2804 1263 2823 1295 ι
2867 1247 3002 1297 Cttm
3044 1247 3322 1298 exaltatus
3373 1245 3530 1298 fuero
3575 1254 3806 1307 eterra,
3841 1260 4040 1299 omnes

779 1342 989 1393 traham
1021 1338 1089 1390 ad
1126 1352 1210 1389 me
1241 1337 1309 1388 ’°.
1343 1354 1361 1386 ι
1397 1334 1459 1385 Et
1496 1352 1509 1386 :
1548 1353 1564 1383 ι
1610 1333 1722 1385 Nisi
1769 1349 2003 1401 granum
2050 1332 2313 1386 frumenti
2362 1332 2415 1385 iu
2466 1341 2611 1385 terra
2663 1342 2937 1387 mortuum
2978 1333 3166 1393 fuerit,
3204 1333 3384 1400 ipsum
3424 1335 3674 1385 manebit
3704 1334 3881 1386 solum
3936 1332 3973 1384 ⁸.
4015 1351 4033 1382 ι

776 1425 842 1479 Et
882 1422 1351 1493 quemadmodum
1387 1423 1552 1475 etiam
1589 1419 1902 1473 Juda-orum
1946 1422 2234 1489 Synagoga
2271 1421 2448 1473 noluit
2480 1420 2710 1473 interire
2747 1436 2853 1471 ttua
2887 1434 3012 1472 cum
3044 1420 3163 1472 suis
3204 1419 3601 1473 sectatoribus.
3633 1416 3768 1471 Nam
3814 1420 4039 1471 univer-

775 1530 870 1570 sus
902 1514 1066 1568 Israel
1102 1512 1336 1564 salutem
1387 1516 1759 1577 consequetur
1797 1518 1921 1574 post
1963 1507 2345 1575 impletiouem
2387 1507 2657 1576 gentium.
2706 1504 3054 1559 Demonstrat
3094 1518 3314 1573 quoque
3359 1515 3609 1558 mutuam
3646 1507 3893 1567 illorum,
3942 1508 4037 1574 qui

773 1602 954 1656 adhuc
1003 1598 1335 1666 superstites
1370 1607 1517 1655 sunt.
1555 1595 1976 1649 successionem
2024 1594 2265 1660 generis,
2296 1607 2364 1645 ne
2409 1606 2607 1645 omnes
2641 1606 2748 1644 una
2786 1591 2993 1660 pariter
3027 1591 3323 1645 intereant.
3367 1590 3503 1645 Nam
3552 1595 3740 1645 mundi
3805 1608 4038 1661 genera~

774 1691 959 1743 tiones
1002 1688 1276 1741 salutares
1335 1692 1485 1737 sunt.
1550 1683 1820 1735 Cretertuu
1902 1682 2009 1733 ista
2064 1680 2252 1732 omnia
2302 1690 2625 1750 congruunt
2685 1678 2932 1742 Christo,
2996 1695 3091 1749 per
3144 1695 3308 1749 quem
3350 1680 3578 1733 humani
3626 1681 3849 1750 generis
3915 1696 4040 1733 «or-

778 1785 942 1846 rupta
993 1774 1151 1828 radix
1210 1774 1407 1826 iterum
1457 1767 1702 1823 refloruit
1746 1768 1812 1821 ad
1859 1768 2118 1822 salutem.

844 1887 967 1943 Non
1001 1887 1308 1955 relinquetis
1330 1885 1392 1937 de
1416 1885 1663 1936 carnibus
1696 1898 1859 1951 usque
1885 1882 1936 1934 in
1965 1881 2410 1943 crastinum,etc.
2454 1876 2647 1949 [XXI],
2683 1876 2798 1948 30.]
2835 1875 3180 1948 Seriptttram
3211 1893 3424 1934 sacram
3461 1879 3604 1933 haud
3653 1878 3794 1950 fttgit
3832 1880 4036 1947 duplex

770 1977 854 2030 vel
905 1976 1103 2044 triplex
1157 1988 1284 2027 esse
1348 1983 1589 2039 tempus,
1650 1969 1821 2022 sicuti
1893 1968 2218 2037 praedictum
2267 1976 2374 2030 est,
2407 1968 2662 2022 videlicet
2704 1966 2841 2036 legis
2906 1976 2959 2019 et
2992 1967 3226 2031 Christi,
3258 1977 3311 2022 et
3351 1969 3751 2037 prophetarum
3797 1980 4037 2037 tempus,

770 2065 916 2135 quod
973 2066 1025 2116 iii
1088 2060 1272 2115 medio
1347 2058 1480 2127 legis
1508 2064 1563 2111 et
1611 2057 1814 2110 Christi
1849 2055 2114 2109 decurrit.
2148 2052 2351 2108 Verum
2400 2071 2541 2109 unus
2588 2054 2693 2107 fuit
2737 2054 2923 2107 cultus
2946 2062 3058 2106 tam
3101 2055 3235 2126 legis
3269 2072 3431 2125 quam
3474 2058 3899 2125 prophetarum,
3935 2060 4031 2122 qui

770 2153 997 2222 quidem
1032 2151 1221 2204 cultus
1278 2145 1687 2215 reprobabatur
1719 2142 2004 2196 exoriente
2032 2140 2276 2205 Christo,
2304 2143 2396 2209 qui
2430 2144 2747 2197 intellectus
2780 2142 2872 2194 lux
2910 2150 3019 2197 est.
3058 2141 3341 2213 Plu-cepit,
3383 2151 3462 2207 ut,
3495 2144 3656 2197 sicuti
3686 2158 3882 2197 carnes
3910 2144 4036 2212 agni

769 2240 1047 2309 paschalis
1081 2251 1189 2289 uno
1233 2234 1607 2288 absumuntur
1647 2230 1757 2293 dic,
1791 2231 1872 2284 sic
1912 2229 2080 2283 etiam
2117 2230 2353 2283 victima:
2389 2230 2567 2284 laudis
2596 2246 2704 2283 uno
2734 2229 2972 2283 edantur
3001 2230 3112 2289 die.
3148 2246 3327 2300 neque
3369 2232 3675 2300 quidquam
3722 2242 4038 2285 reservetur

770 2328 825 2382 in
857 2326 1182 2381 crastinum.
1217 2320 1363 2375 Laus
1405 2319 1673 2390 siquidem
1706 2316 1798 2371 Del
1837 2325 1921 2372 est
1952 2318 2085 2384 vita,
2130 2333 2251 2389 quae
2292 2317 2548 2373 obveniet
2603 2318 2657 2372 in
2700 2317 2886 2372 futuro
2922 2318 3145 2385 seculo,
3186 2319 3240 2373 iii
3286 2335 3394 2390 qua
3434 2322 3643 2374 nullum
3679 2322 4036 2375 mortalitatis

771 2414 1011 2471 exstabit
1054 2410 1292 2481 amplius
1325 2409 1636 2477 vestigium.

841 2521 907 2575 In
938 2524 1110 2588 primo
1146 2534 1317 2571 mense
1350 2526 1399 2570 et
1423 2518 1629 2569 decimo
1653 2527 1844 2586 qttarto
1874 2517 1981 2578 die,
2012 2524 2120 2570 etc.
2167 2512 2359 2587 [XXIII
2381 2556 2396 2581 ,
2442 2513 2519 2586 5.]
2551 2513 2623 2568 De
2656 2512 2944 2570 Paschalis
2978 2513 3118 2570 festo
3152 2529 3253 2570 nec
3287 2530 3395 2569 non
3431 2513 3662 2586 reliquis
3697 2516 4037 2571 celebritati-

769 2612 872 2665 bus
911 2608 1314 2677 disputavimus
1347 2606 1533 2660 multis
1573 2606 1625 2659 iu
1661 2604 1870 2660 Exodo.
1900 2604 2005 2660 Sed
2043 2605 2168 2674 quia
2204 2606 2290 2657 hic
2316 2604 2564 2673 qmedam
2597 2612 2920 2667 occurrunt,
2962 2619 3084 2674 quae
3126 2606 3399 2675 pertinent
3439 2605 3505 2658 ad
3544 2606 3852 2659 secundum
3887 2615 4031 2658 temo

768 2714 894 2769 pus,
920 2712 983 2748 ea
1018 2696 1195 2749 obiter
1229 2692 1550 2763 exponenda
1582 2700 1768 2758 erunt,
1800 2693 2183 2747 antecedentia
2215 2692 2451 2746 breviter
2478 2693 2933 2762 perstringcmus.
2974 2692 3107 2745 Nam
3172 2692 3428 2747 Christus
3480 2694 3734 2761 primitiae
3779 2707 4037 2747 censetur

766 2792 1042 2840 renovata:
1084 2782 1465 2845 humanitatis,
1494 2782 1585 2850 qui
1648 2781 1821 2835 instar
1859 2780 2122 2849 manipuli
2167 2780 2383 2833 oblatus
2416 2788 2518 2833 est.
2555 2778 2611 2832 In
2669 2779 2787 2848 ipso
2819 2782 2963 2833 enim
3002 2778 3352 2835 refloruimus
3388 2789 3440 2835 et
3475 2783 3783 2836 revisimus
3850 2782 4037 2837 instar

768 2874 1084 2929 aristarum.
1120 2867 1185 2922 de
1215 2869 1415 2937 quibus
1467 2872 1537 2921 ita
1592 2867 1880 2936 loquitur:
1920 2886 1937 2917 t
1998 2867 2238 2935 Aspicite
2290 2869 2557 2935 regiones,
2591 2867 2720 2935 quia
2770 2861 2905 2919 allia:
2939 2876 3069 2920 sunt
3120 2867 3186 2920 ad
3247 2883 3483 2922 messem
3515 2870 3557 2921 ⁸.
3601 2888 3618 2919 ι
3666 2870 3784 2938 Ipse
3810 2885 4037 2940 quoilue

766 2957 1023 3013 Christus
1049 2965 1133 3011 est
1163 2956 1560 3025 primogenitus
1592 2970 1657 3009 ex
1705 2956 1959 3015 mortuis,
1988 2954 2079 3023 qui
2116 2954 2361 3007 ascendit
2397 2955 2447 3006 in
2479 2957 2699 3017 coelum,
2733 2964 2791 3006 ut
2820 2964 3078 3022 precetur
3115 2970 3215 3023 pro
3247 2956 3406 3010 nobis
3436 2954 3678 3021 Patrem,
3714 2973 3812 3026 pro
3846 2958 4034 3024 nobis,

767 3047 1014 3115 inquam,
1057 3059 1195 3113 quos
1229 3044 1427 3110 dignos
1472 3043 1632 3096 Pater
1657 3042 1951 3111 judicavit,
2004 3052 2060 3094 ut
2102 3058 2200 3111 pro
2232 3044 2390 3095 nobis
2435 3042 2797 3095 intercederet
2825 3042 3107 3096 Christus.
3146 3041 3424 3103 .Cteterum
3461 3044 3543 3096 lex
3576 3052 3739 3096 etiam
3782 3059 4038 3098 resurre-

765 3134 964 3189 Cliouis
995 3140 1210 3200 tempus
1243 3120 1405 3185 nobis
1434 3129 1752 3184 deliueavit.
1788 3128 2042 3183 Crastino
2086 3131 2228 3184 enim
2260 3130 2347 3183 die
2381 3129 2484 3183 diei
2521 3130 2705 3199 primi,
2736 3131 2834 3183 ait.
2877 3132 2944 3182 At
2980 3133 3175 3185 tertitts
3212 3132 3352 3194 dies,
3402 3133 3454 3185 in
3497 3148 3660 3202 quem
3694 3135 4037 3187 resurrectio

767 3220 1037 3278 incurrit.
1075 3219 1272 3272 tertius
1302 3218 1441 3281 dies,
1479 3233 1579 3273 nec
1603 3220 1881 3272 crastinus
1917 3233 1943 3270 a
1970 3218 2145 3287 primo
2173 3228 2275 3272 εει.
2306 3218 2480 3271 Simili
2514 3221 2723 3273 ratione
2755 3221 2800 3273 is
2828 3220 2945 3274 dies
2971 3221 3331 3274 adumbratur
3376 3238 3471 3290 per
3502 3224 3823 3291 pra-dictum
3864 3239 4037 3277 nmo-

765 3324 888 3364 rum
962 3304 1239 3360 fructuum
1299 3315 1537 3375 tempus,
1599 3322 1709 3375 quo
1777 3305 2014 3375 primum
2074 3306 2283 3375 peccati
2344 3319 2616 3361 senectam
2671 3310 2824 3362 exuit
2874 3309 3059 3365 homo.
3120 3308 3359 3364 Proinde
3425 3311 3604 3380 inquit
3642 3329 3656 3365 :
3692 3329 3711 3362 ε
3779 3310 4035 3366 Exsultet

767 3396 949 3449 anima
986 3408 1103 3447 mea
1136 3394 1189 3447 iti
1240 3392 1375 3446 Deo.
1440 3384 1622 3446 Iuduit
1657 3394 1803 3446 enim
1861 3409 1946 3444 me
1979 3406 2127 3446 veSIe
2177 3396 2393 3457 salutis,
2442 3404 2495 3447 et
2550 3393 2737 3447 tunica
2799 3396 2998 3451 laetitiae
3054 3396 3109 3463 ³;
3148 3416 3165 3447 ι
3206 3397 3408 3466 quibus
3468 3399 3653 3453 verbis
3716 3402 4035 3455 ostenditur

766 3483 1155 3538 immortalitas
1200 3520 1214 3542 .
1294 3496 1457 3549 quam
1546 3480 1981 3535 resurrectionis
2069 3479 2334 3535 beneficio
2411 3484 2827 3553 consequimur.
2901 3486 3103 3539 Iterum
3188 3489 3468 3557 appellare
3543 3488 3671 3542 licet
3748 3489 4032 3544 Christum

765 3572 1057 3642 primitias.
1135 3568 1364 3635 Rapitur
1429 3568 1575 3622 enim
1643 3582 1707 3620 ex
1766 3582 1925 3636 grege
1998 3577 2055 3620 ttt
2120 3570 2239 3623 ovis
2312 3570 2444 3623 vitio
2500 3586 2695 3625 carens
2766 3573 2881 3628 sive
2950 3574 3474 3640 irreprehensihilis.
3542 3574 3776 3644 Rapitur
3856 3576 4020 3648 371

764 3667 948 3713 autem
1001 3672 1065 3710 ex
1105 3671 1269 3725 grege
1320 3655 1444 3708 vivo
1496 3655 1549 3708 in
1583 3654 1916 3725 pinguedine
1949 3656 2137 3723 gratiae
2164 3666 2219 3710 et
2253 3656 2435 3711 laetitia
2475 3659 2725 3727 spiritus.
2772 3660 3117 3731 Quapropter
3146 3663 3346 3727 simila,
3378 3665 3558 3717 oleum
3589 3666 3888 3735 vinumque
3923 3682 4024 3720 una

762 3758 887 3796 cum
916 3758 1017 3797 ove
1034 3740 1364 3795 offeruntur.
1397 3740 1643 3795 Olfertur
1674 3750 1857 3795 autem
1877 3742 2036 3810 quasi
2068 3743 2121 3796 in
2149 3758 2288 3812 pane
2313 3753 2366 3798 et
2390 3746 2560 3815 spicis
2590 3748 2770 3801 frixis.
2804 3747 2952 3802 Nova
2978 3750 3250 3819 siquidem
3274 3764 3352 3805 est
3391 3766 3661 3821 con~peis
3687 3770 3738 3815 ο,
3771 3756 3833 3805 ad
3862 3771 4028 3821 quam

763 3845 867 3884 nos
900 3826 1287 3890 reformantur,
1319 3836 1477 3881 vetus
1505 3826 1835 3883 fermentum
1867 3829 2225 3899 deponentes,
2255 3842 2314 3884 ut
2346 3834 2519 3888 simus
2552 3848 2691 3887 nova
2732 3838 3060 3904 conspersio
3093 3838 3134 3891 ⁸.
3165 3836 3307 3891 Idem
3344 3838 3690 3894 demonstrat
3722 3842 3901 3910 panis,
3933 3841 4027 3909 qui

760 3916 990 3971 offertur
1022 3933 1087 3971 ex
1126 3917 1283 3970 novis
1316 3915 1589 3969 fructibus
1614 3916 1976 3985 compositus.
2004 3917 2258 3973 Christus
2290 3920 2494 3975 etenim
2532 3926 2744 3992 paravit
2775 3926 2936 3980 nobis
2972 3927 3115 3980 viam
3138 3937 3433 3993 recentem,
3458 3929 3620 3997 cujus
3646 3940 3861 3998 tempus
3892 3933 4025 3984 dum

758 4012 1149 4073 exspectamus
1180 4017 1287 4056 non
1326 4003 1451 4056 licet
1486 4005 1645 4056 novis
1678 4003 1824 4057 vesci
1858 4003 2154 4069 fructibus,
2185 4006 2361 4062 donec
2391 4011 2708 4075 manipulus
2754 4013 3041 4068 offeratur.
3084 4014 3220 4068 Tum
3260 4016 3482 4069 demum
3528 4020 3831 4086 poterimus
3867 4034 4027 4073 novat:

758 4092 1058 4161 participes
1083 4091 1197 4144 fieri
1230 4093 1371 4144 vitae.
1412 4090 1735 4145 Dinumerat
1763 4106 1982 4160 quoque
2013 4092 2193 4149 Moses
2234 4106 2487 4151 sanctum
2527 4099 2884 4155 Pentecostes
2922 4100 3124 4156 festum
3160 4118 3186 4155 a
3221 4107 3632 4159 resurrectione
3664 4116 3886 4175 sumpto
3913 4108 4022 4161 iiii-

759 4180 856 4232 tio.
891 4177 1026 4230 Nam
1057 4177 1483 4231 resurrectionis
1519 4185 1741 4246 tempus
1771 4178 2037 4233 transfert
2073 4182 2447 4237 sanctificatos
2477 4186 2532 4239 in
2581 4188 2777 4244 soiritu
2808 4203 2894 4252 eo,
2935 4197 2993 4243 ut
3028 4191 3240 4259 possint
3274 4191 3488 4245 fructus
3518 4193 3661 4245 ferre
3690 4192 3797 4247 Deo
3831 4195 3884 4247 in
3918 4211 4023 4248 no-

757 4282 822 4319 va
857 4268 990 4319 vita.
1026 4263 1204 4318 Panes
1238 4264 1348 4319 duo
1381 4273 1561 4329 erant,
1614 4266 1706 4335 qui
1738 4266 2123 4323 conflabantur
2149 4286 2215 4324 ex
2242 4273 2400 4327 novis
2428 4273 2724 4329 fructibus.
2762 4277 2854 4330 Sic
2908 4278 3016 4331 duo
3049 4289 3176 4331 sunt
3221 4278 3429 4346 pepuli.
3460 4282 3555 4347 qui
3603 4282 3836 4334 salutem
3889 4292 4023 4336 sunt

756 4353 965 4421 adepti,
1006 4361 1061 4406 et
1087 4352 1153 4404 ad
1181 4352 1303 4406 fidei
1334 4353 1601 4408 unitatem
1636 4354 1861 4408 adducti
1884 4366 2012 4411 sunt
2044 4372 2140 4426 per
2171 4359 2480 4425 Christum,
2512 4360 2607 4415 sed
2659 4362 3068 4431 quodammodo
3104 4373 3233 4418 sunt
3276 4366 3585 4419 fet-trientali
3620 4377 3877 4422 cessante
3907 4370 4019 4421 fer-

755 4449 944 4494 mento
984 4440 1176 4493 veteri.
1208 4438 1343 4493 Nam
1388 4439 1676 4509 Scriptura
1705 4457 1860 4498 sacra
1891 4446 2042 4499 novit
2074 4448 2242 4500 etiam
2267 4450 2470 4503 bonum
2507 4450 2865 4516 fermentmn,
2899 4452 2980 4507 sic
3029 4454 3357 4522 appellitaus
3395 4455 3706 4509 doctrinam
3739 4459 4020 4527 evangeli-

753 4543 873 4582 cam
911 4547 924 4582 :
971 4548 991 4579 ι
1039 4527 1231 4581 Simile
1274 4528 1417 4582 cnim
1449 4538 1535 4584 est
1566 4545 1791 4600 regnum
1825 4534 2092 4588 cmlorum
2135 4533 2431 4600 fermento,
2462 4538 2607 4606 quod
2642 4540 2930 4593 abscondit
2968 4542 3168 4595 mulier
3198 4542 3251 4595 in
3286 4541 3475 4597 farina:
3515 4554 3632 4596 sata
3668 4546 3801 4606 tria.
3835 4547 4016 4602 donec

749 4624 925 4669 totum
967 4615 1326 4669 fermentetur
1346 4619 1389 4669 ⁸.
1430 4635 1448 4668 ι
1490 4615 1621 4671 Nam
1659 4620 2021 4675 transformat
2048 4623 2113 4676 ad
2157 4638 2313 4677 suam
2351 4626 2742 4694 proprietatem
2767 4627 2944 4696 ipsam
2971 4628 3237 4691 animam,
3270 4641 3543 4699 quatenus
3579 4631 3737 4686 decet
3773 4633 4018 4688 fermen.

750 4704 856 4757 tari
898 4703 1037 4757 duos
1071 4704 1324 4773 populos.
1360 4705 1436 4758 Ex
1463 4704 1888 4763 duabusautem
1948 4711 2186 4764 sumitur
2213 4710 2461 4775 decimis.
2515 4722 2622 4767 etc.
2658 4712 2941 4783 Siquidem
2989 4714 3238 4770 binarius
3271 4716 3478 4771 indicat
3511 4729 3753 4772 nostram
3790 4720 4017 4775 institu-

748 4793 976 4846 tionem.
1012 4789 1149 4843 Nam
1173 4792 1461 4847 erudimur
1491 4795 1610 4863 lege
1638 4803 1693 4849 et
1717 4794 2015 4867 Evangelia
2045 4806 2305 4868 tanquam
2338 4799 2656 4854 sacerdotes
2681 4801 2733 4854 in
2794 4802 2918 4855 vita:
2953 4804 3252 4857 novitatem
3286 4812 3663 4861 transeuntes.
3693 4806 3757 4859 Et
3794 4808 3900 4862 hoc
3929 4821 4015 4864 est

745 4880 894 4947 quod
935 4879 1143 4933 dicitur
1178 4897 1196 4929 ι
1237 4880 1434 4935 Scriba
1475 4884 1567 4951 qui
1598 4882 1874 4954 depromit
1897 4901 1963 4939 ex
2004 4886 2267 4941 thesauro
2299 4902 2401 4943 suo
2433 4896 2618 4942 vetera
2651 4895 2706 4941 et
2735 4903 2874 4942 nova
2894 4890 2937 4942 ⁸.
2983 4909 3002 4941 ι
3040 4887 3261 4959 Septem
3287 4894 3413 4960 agni
3447 4906 3846 4963 repraesentant
3870 4896 4012 4950 fide.—

750 4966 887 5020 Iium
920 4980 1141 5037 gregem
1171 4968 1335 5037 quasi
1382 4969 1566 5023 adhuc
1598 4971 1863 5025 infantem
1895 4972 1948 5026 in
1974 4973 2220 5029 Christo.
2250 4975 2325 5029 At
2347 4976 2393 5030 is
2416 4990 2549 5045 grex
2587 4976 2639 5029 in
2670 4974 2990 5032 fortitudine
3020 4980 3299 5048 spirituali
3331 4983 3579 5050 procedit
3604 4982 3670 5037 ad
3714 4984 4011 5053 perfectio-

745 5066 870 5106 nem
922 5060 976 5106 et
1009 5053 1075 5105 ad
1132 5068 1453 5109 mensuram
1486 5057 1661 5110 aetatis
1705 5057 2063 5127 plenitudinis
2097 5060 2365 5115 Christi'.
2394 5064 2663 5119 Caeterum
2699 5066 3010 5135 symbolum
3053 5064 3412 5136 perfectionis
3453 5081 3510 5123 et
3540 5067 3889 5126 fortitudinis
3925 5081 4013 5127 est

742 5140 989 5205 vitulus;
1049 5140 1305 5209 perfectae
1353 5159 1485 5198 vero
1515 5144 1693 5199 aetatis
1718 5146 2024 5215 symbolum
2062 5156 2253 5216 putato
2281 5150 2502 5207 arietes.
2538 5152 2673 5206 Nam
2714 5154 2902 5208 fideles
2935 5153 3153 5209 fortiter
3184 5165 3402 5210 terrena
3430 5169 3759 5228 superantes
3783 5161 3849 5211 ad
3882 5177 4011 5229 per-

743 5224 1038 5281 feetionem
1072 5226 1446 5284 Christianam
1496 5224 1750 5286 tendunt.
1780 5231 1905 5287 Ilzec
1934 5246 2115 5289 autem
2148 5236 2417 5307 perfectio
2450 5240 2710 5295 consistit
2742 5242 2797 5295 in
2839 5257 3008 5311 opere
3039 5254 3093 5296 et
3125 5244 3346 5306 notitia,
3402 5224 3563 5299 sicuti
3590 5224 4011 5302 demonstratur

740 5314 845 5369 sub
906 5316 1159 5386 symbolo
1221 5317 1457 5371 duorum
1493 5318 1796 5374 hircorum.
1832 5319 1967 5375 Nam
2007 5324 2086 5377 ait
2119 5340 2132 5376 :
2169 5343 2187 5375 ι
2224 5324 2328 5390 Qui
2376 5328 2570 5381 fecerit
2597 5337 2652 5383 et
2707 5329 2981 5395 docuerit,
3015 5330 3106 5386 ille
3137 5348 3371 5403 magnus
3403 5334 3690 5387 vocabitur
3719 5335 3775 5387 in
3838 5351 4011 5405 regno

738 5403 1011 5459 caelorum
1038 5404 1083 5458 ⁸.
1118 5423 1139 5456 ι
1188 5402 1358 5459 Tales
1398 5407 1699 5461 comitatur
1721 5408 1934 5475 laetitia,
1968 5426 2131 5480 quam
2163 5414 2324 5469 nobis
2355 5415 2408 5469 in
2443 5425 2681 5471 mentem
2714 5428 2911 5472 vocant
2948 5419 3211 5475 libamina
3238 5402 3387 5476 ivini.
3424 5420 3568 5475 Dicit
3598 5422 3745 5475 enim
3786 5402 3958 5477 David
3991 5442 4004 5477 :

740 5506 761 5543 ι
800 5489 1003 5547 Vinum
1059 5492 1301 5549 laetiﬁcat
1326 5508 1422 5549 eor
1451 5494 1697 5550 hominis
1726 5499 1768 5550 ν.
1808 5515 1825 5548 ι
1862 5496 1966 5553 Per
2012 5500 2223 5555 hircum
2258 5504 2421 5558 nobis
2456 5506 2783 5575 proponitur
2813 5506 3070 5562 Christus
3103 5523 3304 5565 etesiis.
3350 5507 3457 5565 Pro
3491 5510 3737 5581 peccatis
3769 5514 3984 5569 nostris

800 5685 848 5778 fl“
884 5685 1049 5778 Hebr.
1088 5704 1141 5752 v,
1171 5689 1288 5773 -15.
1340 5760 1358 5778 .
1391 5686 1625 5778 fil-nan:
1662 5690 1922 5778 vlg-‘7th
2025 5695 2037 5723 '
2094 5694 2225 5749 ibid.
2261 5696 2350 5750 ἐνί.
2458 5701 2477 5730 ²

2321 5698 2398 5778 ι..-
2458 5697 2673 5778 ’_Joan.
2707 5718 2786 5778 iv,
2819 5703 2909 5778 3F}.
2935 5775 2963 5778 _
3020 5705 3177 5778 '_|sa.
3218 5721 3332 5767 ιιι.
3388 5709 3475 5764 10.
3581 5710 3604 5741 ⁴
3636 5710 3659 5766 ι
3687 5709 3816 5766 Cor.
3851 5728 3907 5778 v,
3950 5712 4006 5771 ’7.

733 5756 1127 5825 'Matth.xtu,
1171 5759 1260 5813 55.
1340 5759 1643 5816 'ibid.52.
1724 5761 1741 5792 τ
1783 5761 2073 5832 Epltcs.v,
2145 5767 2222 5821 ιδ.
2303 5768 2545 5823 unus.
2612 5788 2662 5834 v,
2706 5756 2786 5829 ιυζ
2863 5775 2884 5807 ι
2934 5756 3356 5845 Ρεαιῗιὲίνζϊὲ.
