4266 6446
299 405 407 465 777
1333 403 1868 464 COMMENTARII
1917 401 1991 460 ΙΝ
2040 401 2478 460 LEVITICL'M.
3460 403 3563 463 778

296 525 358 566 ut
393 515 552 567 nobis
581 514 936 568 fumiamenta
973 529 1125 567 nova:
1153 513 1366 581 jacert-t
1392 517 1514 568 vine
1555 525 1608 567 ct
1638 530 1831 568 novam
1861 527 1961 565 nos
2011 510 2220 565 faceret
2252 513 2701 580 conspersionem
2763 512 2993 580 depulso
3049 513 3222 566 veteri
3270 513 3560 570 fermento.

294 599 431 653 Nam
468 618 594 653 rum
625 602 846 655 duobus
875 603 1109 670 panibus
1139 600 1390 654 offertur.
1427 601 1711 669 Siquidem
1746 620 1761 648 ι
1796 599 2112 667 Conscpulti
2141 615 2333 652 sunms
2367 615 2489 650 cum
2521 614 2586 651 eo
2623 615 2715 667 per
2737 599 3067 668 baptismum
3108 600 3160 652 in
3196 613 3450 664 mortem,
3483 614 3560 666 ut,

293 689 768 756 quemadmodum
833 691 1112 742 excitatus
1149 699 1234 742 est
1287 689 1542 742 Christus
1581 704 1675 756 per
1707 687 1933 753 gloriam
1970 687 2174 746 Patris,
2201 689 2280 739 sic
2301 697 2356 740 et
2390 702 2492 739 nos
2520 687 2572 738 in
2625 689 2870 740 novitate
2904 688 3030 741 vit-.r
3060 689 3406 745 ambulemus
3435 690 3496 743 ‘°.
3540 711 3556 740 ι

293 774 414 828 Non
454 785 638 829 tamen
693 785 778 830 est
815 785 872 828 tit
908 778 1188 843 intelligas
1221 787 1506 828 externam
1553 776 1908 843 sepulfuram.
1967 773 2223 826 Neramla
2259 783 2386 826 sunt
2425 776 2690 833 membra,
2731 791 2851 841 quae
2877 783 3004 827 sunt
3036 790 3200 843 super
3228 785 3394 828 terra.
3430 775 3564 832 Vide

295 862 490 930 igitur,
529 864 723 916 occiso
757 865 916 915 hirco
974 865 1386 918 interficiuntur
1438 872 1492 916 et
1527 864 1675 929 agni,
1706 875 1924 929 unaque
1971 861 2276 915 oil'eruntur
2303 877 2473 929 panes
2505 861 2558 913 iu
2584 862 2807 914 odorem
2845 863 2998 914 bonae
3037 863 3373 930 fragrantia'.
3429 864 3565 919 Nam

293 952 642 1003 consecratio
687 950 891 1004 Christi
933 950 1337 1018 quodzumnodo
1369 961 1520 1018 grata
1559 957 1612 1002 et
1647 959 1870 1017 accepta
1889 951 2137 1013 est,dum
2173 949 2464 1017 reSpoudet
2493 950 2891 1018 passinniejns.
2919 951 2973 1002 Si
3011 966 3116 1002 una
3139 967 3262 1003 rum
3300 953 3393 1002 ilio
3425 955 3568 1019 pati-

293 1052 442 1102 mur,
475 1054 580 1090 nna
609 1055 734 1092 cum
771 1041 865 1091 illo
897 1041 1268 1108 regnabimus.
1299 1038 1354 1092 Si
1383 1054 1488 1092 una
1520 1053 1642 1090 cum
1666 1038 1757 1090 illo
1786 1039 2075 1101 morimur,
2117 1053 2223 1090 nua
2270 1053 2395 1091 cum
2422 1038 2515 1090 illo
2547 1039 2813 1092 vivemus.
2846 1036 3190 1107 Quapropter
3232 1042 3568 1091 saeuiit-ium

294 1126 399 1178 hoc
465 1137 692 1180 vocatur
753 1131 973 1182 salutis.
1027 1127 1197 1182 Porro
1231 1129 1321 1180 hin
1354 1135 1438 1182 est
1470 1142 1728 1180 mensura
1761 1141 1853 1179 sex
1877 1128 2220 1192 cyathorum.

367 1211 435 1265 In
460 1231 636 1266 mense
665 1215 889 1281 septimo
917 1216 971 1268 in
1001 1231 1105 1266 uno
1134 1215 1348 1276 mensis,
1380 1215 1481 1265 erit
1506 1211 1648 1264 vobis
1685 1213 1907 1280 requies,
1932 1222 2037 1264 etc.
2060 1208 2177 1280 [ει]
2205 1206 2434 1262 Videtur
2458 1210 2560 1262 hoc
2595 1210 2716 1261 loco
2741 1210 3038 1278 pranlicere
3063 1208 3568 1262 consummationis

294 1306 545 1367 tempus.
579 1315 690 1368 quo
751 1302 996 1369 quilibet
1035 1302 1548 1354 remunerationem
1607 1299 1842 1366 accipiet
1900 1313 2090 1349 eorum
2141 1312 2261 1364 quae
2315 1298 2400 1348 hic.
2445 1307 2704 1363 Operatus
2733 1307 2836 1350 est.
2890 1297 3041 1349 Tune
3076 1299 3276 1348 recedit
3304 1297 3568 1364 operandi

292 1393 538 1453 tempus.
573 1395 626 1440 et
661 1387 862 1454 judicii
892 1396 1192 1455 tempestas
1221 1388 1458 1448 accedit,
1492 1387 1547 1438 in
1577 1401 1684 1453 qua
1717 1384 1852 1437 nihil
1886 1385 2124 1452 amplius
2153 1385 2371 1452 operari
2410 1385 2620 1443 licebit,
2653 1387 2748 1436 illo
2777 1395 3022 1451 tempore
3053 1385 3212 1437 nobis
3242 1387 3294 1437 in
3326 1395 3568 1436 mentem

295 1474 483 1526 veniet
517 1474 648 1526 illud
669 1475 874 1526 Chriin
900 1493 913 1528 :
935 1494 952 1523 ι
982 1475 1162 1528 Nolite
1194 1476 1351 1527 vobis
1382 1475 1646 1543 colligere
1678 1473 1971 1525 thesauros
2005 1473 2057 1524 in
2095 1480 2261 1534 terra,
2293 1471 2383 1524 tibi
2424 1473 2569 1525 tinea
2599 1481 2652 1525 et
2678 1487 2862 1539 aerugo
2897 1474 3155 1540 furesque
3184 1481 3571 1539 corrumpunt.

293 1562 394 1615 sed
434 1563 488 1614 in
537 1563 696 1615 cmlis
722 1562 824 1615 η’.
854 1581 872 1614 ι
907 1562 1345 1616 ltecordabimur
1369 1563 1536 1614 etiam
1570 1560 1850 1628 discipuli,
1888 1558 1982 1626 qui
2034 1560 2330 1612 clamavit:
2369 1578 2385 1606 ι
2426 1559 2796 1612 Novissimum
2830 1568 3043 1627 tempus
3069 1567 3153 1613 est
3187 1560 3249 1611 “.
3281 1579 3298 1609 ι
3334 1558 3573 1628 lli-quies

295 1651 488 1717 itaque
537 1651 788 1718 obtinget
843 1651 951 1707 his.
983 1649 1090 1719 qui'
1116 1650 1209 1702 illa
1247 1651 1435 1702 omnia
1468 1633 1820 1701 arbitrantur
1863 1654 2223 1699 monumenta
2254 1658 2513 1700 extrema:
2545 1648 2710 1700 tubm.
2746 1646 2900 1700 Tuba
2936 1649 3106 1710 enim,
3149 1647 3352 1715 inqttit,
3389 1658 3571 1708 canet,

292 1744 351 1786 et
383 1737 588 1788 mortui
642 1737 1070 1789 suscitabuntur
1099 1737 1162 1788 ".
1205 1755 1222 1786 ι
1255 1734 1379 1789 lla-c
1415 1735 1713 1791 celebritas
1744 1734 1992 1786 omnium
2055 1733 2370 1786 clarissima
2405 1734 2644 1798 habetur
2676 1753 2687 1786 :
2725 1734 2790 1787 ad
2825 1750 2990 1803 quam
3021 1736 3114 1801 qui
3176 1734 3443 1788 festinant
3499 1735 3573 1786 ita

297 1822 608 1877 instructos
641 1838 769 1878 esse
796 1825 1079 1886 convenit,
1105 1832 1166 1876 ut
1196 1824 1461 1877 habentes
1489 1837 1689 1876 uxores
1722 1823 1802 1874 sic
1833 1822 1944 1874 sint
1968 1808 2216 1887 animati,
2250 1825 2409 1892 quasi
2434 1839 2540 1877 non
2574 1825 2812 1878 habeant
2842 1841 2853 1875 :
2886 1832 2939 1878 et
2978 1826 3068 1893 qui
3100 1834 3333 1878 utuntur
3369 1826 3576 1878 mundo

296 1909 427 1973 hoc,
470 1912 637 1978 quasi
669 1926 780 1963 non
803 1921 1054 1967 utantur.

371 1997 623 2051 Decimus
658 2000 852 2052 mensis
881 2000 1093 2065 septimi
1125 1999 1282 2067 hujus
1305 1999 1441 2061 dies,
1477 2005 1556 2051 est
1588 1997 1910 2063 expiationis
1931 2000 2008 2053 rel
2037 2001 2511 2066 reconciliationis,
2539 2010 2647 2056 etc.
2678 2001 2820 2073 [27.]
2855 2000 3016 2055 Parat
3049 2018 3150 2056 nos
3175 2004 3238 2056 ad
3267 2013 3572 2057 euri-mum

293 2088 598 2156 judicium,
641 2092 802 2158 quasi
850 2091 902 2142 in
940 2105 1009 2144 eo
1032 2091 1120 2144 die
1152 2092 1202 2142 id
1236 2089 1630 2157 accipiendum
1687 2087 1781 2140 sit.
1827 2085 2062 2142 Proinde
2089 2088 2383 2142 allec-tuum
2421 2091 2849 2144 trucidationem
2884 2105 2978 2159 per
3006 2091 3277 2160 jejunium
3310 2093 3574 2160 suggerit.

301 2175 368 2229 Ut
397 2193 528 2230 vero
566 2192 796 2246 prorsus
833 2181 1010 2232 simus
1039 2179 1349 2231 consecrati
1382 2178 1489 2229 Deo
1522 2175 1576 2227 in
1607 2174 1834 2228 odorem
1865 2175 2018 2228 bona:
2046 2174 2331 2246 fragautia:
2376 2177 2534 2229 docet
2576 2193 2672 2245 per
2713 2179 3056 2231 holocausta.
3121 2179 3186 2233 ιςι
3216 2181 3283 2230 ab
3315 2181 3578 2234 absurdis

292 2271 352 2318 et
380 2264 546 2318 malis
573 2266 839 2333 operibus
871 2264 1035 2334 372
1066 2278 1356 2318 cessemus
1392 2275 1446 2317 et
1477 2263 1814 2316 desistamus
1852 2263 2128 2331 signiﬁcat
2160 2279 2254 2333 per
2278 2265 2516 2334 quietem
2567 2266 2682 2319 sive
2711 2268 2906 2320 otium.
2948 2265 3074 2318 llaec
3127 2267 3401 2335 siquidem
3431 2284 3578 2320 sem-

298 2367 399 2420 per
454 2368 718 2406 exercet'e
750 2365 967 2420 oportet
1017 2369 1144 2405 etttn
1198 2353 1294 2420 qui
1331 2366 1539 2405 memor
1570 2357 1655 2402 est
1683 2358 1944 2402 extrema:
1975 2351 2120 2403 illius
2155 2352 2316 2405 tuba}.
2383 2352 2729 2422 Quapropter
2758 2354 2903 2406 haud
2943 2356 3218 2408 immerito
3251 2359 3579 2409 reconcilia-

302 2444 446 2495 tioni
488 2443 748 2494 attribuit
780 2443 977 2511 jejunii
1011 2443 1178 2495 diem.
1208 2444 1310 2506 Qui
1349 2455 1476 2493 vero
1512 2439 1730 2492 diversa
1787 2448 2096 2506 sequuntur
2127 2439 2331 2498 studia.
2370 2439 2479 2493 illis
2529 2443 2898 2495 comminatus
2931 2451 3021 2496 est
3047 2440 3314 2496 aeternum
3366 2446 3578 2512 suppli-

299 2532 474 2584 cium.
514 2530 670 2594 Quol
710 2546 844 2583 vero
873 2532 964 2583 illo
996 2540 1244 2598 tempore
1296 2527 1593 2597 perfectam
1631 2537 1678 2580 et
1712 2526 2018 2579 absolutam
2043 2526 2307 2592 quietem,
2335 2527 2386 2579 in
2415 2544 2520 2595 qua
2555 2530 2887 2585 desisteutus
2919 2532 2986 2584 ab
3005 2532 3265 2586 omnibus
3291 2533 3579 2600 cperibus,

298 2619 482 2671 simus
515 2620 900 2678 consecuturi,
934 2619 1074 2672 satis
1105 2615 1316 2677 docuit,
1355 2618 1482 2667 dum
1519 2613 1649 2666 illud
1685 2624 1899 2681 tempus
1935 2616 2241 2666 nominavit
2269 2616 2506 2669 Sabbata
2541 2617 2936 2672 Sabbatorum.

377 2705 444 2758 Et
491 2708 755 2772 accipietis
789 2707 929 2758 vobis
949 2707 1003 2757 in
1032 2704 1320 2768 dieprimo
1357 2703 1587 2771 fructum
1620 2702 1747 2768 tigni
1772 2702 2058 2770 magniﬁci,
2084 2703 2294 2770 frondes
2315 2703 2638 2769 palmarum,
2663 2716 2769 2760 etc.
2793 2704 2905 2778 [l0]
2925 2705 3025 2761 Ubi
3051 2713 3582 2778 comportaverimus

303 2796 514 2859 singuli
553 2796 606 2846 iu
642 2809 776 2847 suos
827 2795 1123 2846 thesauros
1177 2807 1343 2862 opera
1371 2801 1556 2844 tiostra
1588 2790 1951 2857 subsequitur
1985 2793 2340 2862 Sceuopegia:
2373 2795 2670 2849 celebritas
2706 2797 2757 2849 in
2806 2810 3046 2850 mentem
3082 2815 3351 2852 revocans
3387 2803 3580 2858 vitam.

299 2899 470 2954 quam
500 2884 553 2936 iu
585 2883 842 2950 paradiso
873 2894 1100 2950 egerunt
1133 2881 1484 2950 protoplasti.
1515 2877 1858 2948 Sccnopegia
1896 2881 2041 2934 enim
2083 2892 2175 2934 est
2226 2883 2541 2948 assumptio
2573 2884 2687 2937 sive
2718 2885 2769 2936 in
2800 2889 2999 2939 ctelum
3029 2889 3321 2941 trazzslatio
3366 2902 3583 2942 nostro-

300 2991 429 3027 rum
467 2988 791 3042 corporum,
821 2972 865 3026 si
900 2971 1177 3026 fuerimus
1210 2971 1488 3040 aequitatis
1506 2978 1560 3024 et
1597 2970 1817 3039 pietatis
1843 2969 2103 3033 studiosi,
2135 2978 2189 3022 et
2209 2972 2672 3048 immortalitatem
2708 2974 3073 3028 ilttlttet‘tttttls.
3114 2974 3238 3029 llaec
3266 2993 3392 3030 vero
3424 2980 3584 3047 quies

299 3064 662 3117 demonstrat
716 3067 938 3128 tempus
1016 3059 1165 3128 quod
1216 3060 1498 3128 praecessit
1535 3058 2036 3128 transgressionem
2061 3064 2114 3109 et
2148 3057 2356 3124 peccati
2391 3069 2553 3109 onus.
2588 3057 2857 3111 Similiter
2888 3068 2942 3111 et
2983 3060 3100 3113 dies
3137 3063 3409 3130 septimus
3442 3064 3582 3117 idem

302 3152 580 3210 insinuat,
613 3149 664 3201 in
727 3164 892 3217 quem
927 3147 1176 3201 excurrit
1209 3148 1333 3199 linis
1369 3146 1525 3216 legis.
1557 3145 1694 3201 lluic
1724 3147 1972 3201 succedit
2028 3145 2145 3198 dies
2178 3146 2632 3207 resurrectionis,
2669 3149 2722 3200 in
2760 3163 2868 3216 quo
2903 3149 3101 3202 iterum
3143 3151 3500 3205 liberabimnr
3532 3164 3586 3208 et

301 3241 665 3293 absolventur
697 3238 766 3290 ab
796 3238 944 3290 omni
978 3243 1205 3305 peccato
1231 3236 1286 3289 in
1323 3235 1595 3304 integrum
1634 3236 1896 3290 restituti.
1927 3233 2275 3302 Quapropter
2307 3234 2382 3286 ait
2405 3233 2666 3289 Christus
2700 3251 2713 3287 :
2746 3255 2763 3287 ι
2792 3235 2989 3291 Venite
3017 3239 3082 3290 ad
3120 3253 3206 3293 me
3237 3255 3451 3304 omnes,
3489 3245 3584 3312 qui

299 3328 575 3383 laboratis
606 3335 662 3380 et
707 3326 917 3379 onerati
947 3326 1102 3387 estis,
1129 3332 1182 3378 et
1219 3340 1320 3392 ego
1351 3324 1672 3378 refucillabo
1701 3339 1799 3378 vos
1824 3324 1889 3377 ”.
1925 3342 1941 3373 I
1973 3323 2118 3376 litt-m
2151 3325 2204 3376 in
2244 3323 2390 3376 hunc
2421 3323 2642 3377 modum
2662 3328 2956 3394 compellat
2989 3327 3293 3383 latronem:
3332 3350 3348 3381 ι
3388 3335 3583 3396 Amen,

301 3433 466 3471 amen
497 3415 623 3468 dico
655 3416 772 3473 tibi,
810 3414 972 3467 hodie
1003 3416 1114 3466 eris
1148 3427 1362 3464 mecum
1392 3413 1442 3462 in
1483 3411 1740 3478 paradiso
1769 3411 1832 3462 “.
1879 3429 1897 3460 ι
1935 3409 2288 3480 Scenopegize
2319 3419 2500 3465 autem
2536 3411 2734 3466 festum
2768 3416 3072 3467 adornatur
3105 3431 3168 3468 ex
3200 3417 3402 3484 plantis
3438 3435 3585 3473 sem-

298 3524 402 3577 per
437 3507 763 3560 virentibus.
816 3504 1004 3558 Gtatia
1061 3504 1331 3572 siquidem
1387 3503 1648 3572 perennis
1679 3499 1798 3554 est.
1838 3498 1970 3554 Nam
1993 3514 2219 3552 suorum
2257 3517 2544 3554 munerum
2573 3510 2627 3554 et
2655 3502 2924 3555 donorum
2957 3504 3098 3557 haud
3131 3508 3354 3574 poenitet
3397 3507 3584 3563 Deum.

298 3595 575 3648 Similiter
637 3608 738 3646 nec
787 3591 1098 3645 vocationis
1123 3592 1268 3659 piget
1297 3589 1614 3650 Dominum,
1641 3586 2101 3658 quemadmodum
2127 3585 2288 3638 docct
2312 3589 2591 3641 evidenter
2619 3588 2929 3658 Scriptura.
2953 3592 3124 3647 lsaias
3154 3609 3372 3662 quoque
3395 3599 3586 3649 vatici-

298 3692 514 3736 natur:
541 3699 559 3732 ι
599 3679 808 3734 Lanitia
839 3680 1098 3747 perennis
1121 3680 1222 3732 erit
1250 3693 1412 3745 super
1439 3685 1603 3744 caput
1627 3692 1817 3730 eorum
1844 3692 1858 3741 ;
1892 3675 2010 3728 laus
2038 3684 2091 3728 et
2123 3675 2307 3726 laeti.ia
2341 3688 2599 3744 perpetua
2639 3679 3010 3746 apprehendat
3038 3696 3165 3747 eos;
3196 3684 3402 3752 fugient
3432 3687 3590 3739 dolor

297 3770 535 3823 tristitia
571 3779 626 3822 et
655 3769 892 3838 gemitus
921 3767 983 3820 ¹⁵.
1016 3785 1034 3817 ι
1064 3765 1138 3820 lle
1179 3777 1420 3820 torrente
1457 3774 1720 3834 petuntur
1739 3764 1893 3817 rami.
1929 3761 2062 3815 Nam
2095 3763 2349 3818 Christus
2382 3766 2540 3833 aquis
2577 3766 2691 3821 sive
2719 3767 3039 3824 llutninibus
3077 3773 3298 3828 coalitus
3332 3775 3590 3832 demissis

298 3860 500 3929 irrigat
531 3861 749 3928 piorum
778 3857 1010 3910 animas.
1042 3856 1588 3924 Quapropteriuquit
1623 3871 1717 3924 per
1747 3855 2047 3923 prophetas
2081 3870 2092 3904 :
2130 3871 2146 3901 ι
2189 3851 2327 3906 Ecce
2348 3869 2448 3922 ego
2475 3855 2679 3908 inclino
2704 3856 2754 3908 in
2782 3872 2900 3918 eos,
2926 3860 3082 3925 quasi
3118 3860 3342 3914 [luvium
3373 3879 3587 3932 pacem,

295 3958 357 4003 et
387 3950 550 4018 quasi
582 3957 884 4000 torrentem
921 3948 1301 4009 inundantem,
1337 3947 1571 4014 gloriam
1609 3944 1854 4015 gentium
1891 3943 1954 3994 “.
1990 3960 2007 3991 ι
2048 3940 2313 3995 Praeterea
2348 3953 2401 3996 et
2435 3944 2487 3996 in
2532 3942 2766 3999 Psalmis
2796 3949 2944 4000 canit
2976 3965 2986 3998 :
3018 3967 3036 3999 ι
3088 3950 3358 4006 Torrente
3398 3957 3586 4023 volup-

297 4048 434 4092 tatis
474 4047 582 4091 tua!
615 4038 832 4105 potabis
858 4051 954 4089 eos
984 4036 1047 4086 ”.
1093 4054 1109 4086 ι
1155 4036 1421 4088 Universa
1461 4049 1595 4104 gens
1648 4034 1982 4085 conveniens
2021 4028 2327 4084 Jerusalem
2354 4033 2464 4098 agit
2488 4032 2685 4087 festum
2714 4036 2860 4088 diem
2896 4037 3067 4099 hunc,
3097 4041 3175 4094 sic
3218 4057 3438 4101 omnes,
3489 4047 3584 4112 qui

299 4130 539 4182 honeste
569 4142 625 4182 et
674 4143 763 4196 pte
785 4128 1102 4180 vixerintin
1151 4127 1415 4193 supernis
1463 4123 1847 4177 mansionibus
1884 4123 2354 4176 concelebrabunt
2388 4137 2712 4195 perpetuam
2764 4129 3142 4186 celebritatem
3186 4149 3312 4188 cum
3340 4136 3587 4192 Christo.

299 4216 670 4271 Central-ium
724 4215 1010 4283 continget
1061 4213 1191 4272 illis,
1229 4211 1322 4281 qui
1351 4227 1462 4265 non
1515 4211 1870 4278 apparuerint
1920 4210 1973 4261 in
2007 4226 2072 4262 eo
2101 4211 2263 4274 festo,
2294 4214 2459 4266 sicuti
2513 4217 2850 4287 vaticinatur
2882 4217 3185 4277 Zacharias
3217 4226 3448 4279 dicens:
3480 4245 3497 4277 ι
3529 4228 3593 4282 Et

296 4306 434 4370 erit,
476 4314 533 4357 ut
565 4307 748 4357 omnis
780 4303 873 4373 qtti
904 4303 1132 4356 relictus
1170 4301 1338 4354 fuerit
1369 4317 1434 4355 ex
1463 4299 1724 4353 Omnibus
1749 4297 2003 4367 gentibus
2032 4299 2385 4354 venientibus
2416 4312 2610 4357 contra
2642 4302 2972 4372 Jerusalem,
3017 4313 3320 4366 aSCt’lldCHl
3352 4317 3419 4369 ab
3443 4333 3591 4370 anno

297 4396 358 4448 in
387 4408 600 4448 annum
636 4393 704 4445 ad
745 4393 1090 4468 adorandum
1144 4405 1327 4460 regem
1373 4387 1666 4441 Dominqu
1706 4388 2071 4447 exercituum,
2106 4396 2161 4440 et
2205 4390 2271 4439 ad
2303 4377 2698 4444 celebrandum
2737 4395 3151 4452 solemnitatem
3179 4399 3592 4458 Tabeinaculo-

299 4499 449 4537 rum.
485 4483 554 4537 Et
584 4484 714 4546 erit,
760 4490 821 4535 ut
851 4482 946 4550 qui
977 4496 1084 4533 non
1110 4477 1517 4533 ascenderitde
1547 4476 1975 4546 cognationibus
1997 4484 2160 4530 terrai
2196 4478 2248 4530 in
2277 4477 2584 4534 Jerusalem
2617 4483 2684 4536 ad
2714 4483 3059 4540 adorandum
3093 4506 3274 4560 regem
3298 4493 3589 4551 Dominum

295 4573 674 4635 exercituum,
733 4588 841 4625 non
891 4571 1082 4625 futura
1116 4571 1188 4623 sit
1239 4583 1406 4638 super
1430 4581 1527 4622 eos
1565 4567 1769 4637 pluvia.
1810 4565 1873 4618 Et
1909 4566 1953 4619 si
1992 4563 2198 4617 familia
2226 4563 2614 4636 Egyptiorum
2653 4586 2760 4624 non
2808 4575 3116 4630 ascenderit
3146 4595 3325 4648 neque
3355 4587 3589 4644 venerit.

296 4674 411 4714 non
438 4658 547 4712 erit
577 4658 758 4723 I)luvia
792 4671 958 4724 super
983 4671 1104 4716 eos,
1135 4653 1232 4708 sed
1256 4656 1362 4708 erit
1394 4656 1576 4723 plaga.
1613 4667 1721 4721 qua
1757 4653 2028 4721 percutiet
2057 4651 2322 4708 Dominus
2369 4665 2562 4724 gentes
2612 4674 2736 4727 quae
2786 4677 2894 4714 non
2925 4669 3297 4721 ascenderunt
3343 4670 3408 4723 ad
3444 4675 3592 4727 rele-

292 4744 576 4800 brandum
639 4743 992 4799 feSIivitatein
1039 4728 1548 4796 Tabernaculorutn
1582 4741 1646 4793 ¹⁸.
1689 4759 1706 4791 ι
1756 4739 1871 4793 lloc
1933 4741 2056 4793 loco
2113 4741 2338 4794 silentio
2393 4748 2637 4812 praeterit
2671 4749 2897 4803 modum
2938 4754 3327 4823 victimarum,
3388 4763 3592 4830 quibus

294 4835 578 4889 litandum
605 4843 687 4886 est
715 4833 769 4886 in
801 4831 1329 4887 hiscelebritatibus
1362 4846 1373 4880 :
1418 4845 1542 4882 nam
1571 4830 1623 4882 in
1661 4830 1806 4884 libro
1838 4828 2207 4885 Numerorum
2241 4830 2419 4888 iusius
2467 4835 2581 4888 haec
2611 4838 2796 4892 omnia
2823 4845 3126 4898 enarravit.

367 4943 530 5005 Τινὲς
563 4942 678 5011 (25)
704 4942 805 5009 τὴν
841 4940 953 4993 τῶν
986 4939 1308 5008 σαλπίγγων
1344 4939 1540 5010 ἑορτὴν
1591 4940 1652 4992 τὸ
1697 4939 1894 5010 μέλλον
1925 4955 1968 5008 Α

1925 4955 1968 5008 Α
2068 4939 2301 5005 Quidam
2323 4954 2579 4997 asserunt
2617 4945 2810 5001 festum
2838 4951 3096 5006 tubarum
3134 4955 3591 5025 significationem

291 5034 516 5105 δηλοῦν.
548 5035 638 5087 Ἐν
669 5033 821 5103 αὑτῷ
842 5034 952 5102 γὰρ
983 5031 1187 5104 ἤμελλε
1212 5031 1291 5100 τῷ
1328 5034 1458 5101 μηνὶ
1485 5033 1516 5100 ἡ
1550 5033 1702 5102 φωνὴ
1737 5031 1896 5100 βοῶν·

2005 5035 2205 5090 babet'e
2244 5039 2436 5091 futuri.
2470 5039 2524 5094 ln
2573 5057 2637 5094 eo
2671 5043 2815 5097 enim
2845 5062 3034 5103 mense
3076 5065 3174 5104 vox
3215 5055 3504 5110 clamanzis
3541 5059 3591 5109 ι..

290 5148 388 5193 τος
421 5132 482 5182 ὲν
507 5132 574 5199 τῇ
600 5130 799 5200 ἐρήμῳ
824 5125 1323 5197 συλλαμϐάνεσθαι.
1354 5126 1443 5177 Διὺ
1466 5126 1559 5178 καὶ
1583 5129 1638 5177 ἐν
1668 5129 1894 5196 σκηναῖς

2003 5129 2221 5184 deserto
2251 5133 2610 5202 concipienda
2642 5147 2778 5192 erat.
2835 5139 3176 5212 QuaprOpter
3203 5147 3502 5214 desiderat,
3538 5162 3596 5204 ut

294 5227 557 5298 βούλεται
586 5223 799 5291 διάγειν
843 5224 935 5275 τὸν
967 5221 1189 5291 Ἰσραὴλ
1241 5221 1333 5284 τὰς
1369 5223 1508 5274 ἐπτὰ
1545 5221 1781 5290 ἡμέρας,
1817 5222 1896 5284 εἰς

2007 5222 2175 5276 Israel
2225 5233 2431 5294 septem
2463 5227 2660 5283 diebus
2710 5234 2761 5284 in
2797 5236 3175 5292 tabernaculis
3211 5252 3335 5308 agat
3371 5259 3382 5292 :
3425 5259 3598 5310 quare

288 5319 470 5372 τύπον
502 5315 599 5369 τοῦ
632 5316 908 5386 μονήρους
948 5313 1088 5383 βίου,
1131 5307 1193 5366 οὗ
1225 5312 1440 5383 πρῶτος
1483 5315 1575 5364 καὶ
1617 5313 1893 5381 Ἰωάννης.

2005 5327 2432 5382 τυρτωεειιιειιιι·
2457 5320 2564 5374 vita
2607 5321 2890 5390 solitaria,
2913 5329 3073 5396 cujus
3108 5307 3351 5388 sectator
3384 5307 3598 5405 priuuts

290 5411 408 5464 Καὶ
438 5405 622 5471 ἔξοδον
655 5406 829 5477 αὐτὴν
858 5405 1037 5469 καλεῖ,
1065 5405 1154 5458 διὰ
1192 5407 1294 5476 τὴν
1325 5405 1434 5460 ἀπὸ
1483 5403 1579 5457 τοῦ
1616 5405 1784 5474 νόμου
1817 5404 1901 5469 ἔξ-

2007 5407 2220 5462 exstitit
2270 5408 2534 5470 Joannes.
2591 5413 2899 5475 Celebritas
2957 5419 3052 5476 illa
3115 5435 3346 5480 vocatur
3385 5403 3595 5492 exitus.

356 5591 404 5670 f°
434 5587 594 5670 R‘om.
628 5605 704 5650 vt,
737 5587 793 5640 4.
980 5585 1171 5670 Matth.
1201 5601 1274 5640 vt.
1312 5583 1396 5638 t9.
1558 5581 1764 5670 lJpap.
1799 5599 1860 5670 n,
1893 5583 1979 5640 18.

1893 5583 1979 5640 18.
2061 5588 2140 5670 "Al
2175 5588 2542 5670 Cor._xv,»5~3.
2627 5597 2668 5628 "
2705 5598 2896 5655 Matth.
2931 5619 3006 5666 χι,
3030 5603 3117 5658 ‘28.
3204 5609 3244 5638 “
3273 5608 3402 5666 Luc.
3442 5629 3573 5670 nni

289 5663 382 5717 63.
466 5661 510 5693 ³⁸
540 5660 646 5715 lsa.
689 5675 855 5722 xxxv,
892 5657 978 5712 10.
1060 5659 1102 5688 ¹⁶
1129 5657 1234 5711 Isa.
1275 5673 1420 5722 ιινι,
1458 5655 1542 5711 19..
1623 5657 1661 5685 ¹⁷
1699 5653 1847 5711 Psal.
1900 5672 2060 5720 xxxv,
2099 5662 2150 5714 9.
2234 5663 2274 5693 '“
2315 5653 2545 5720 Zachar.
2586 5685 2697 5735 xw,
2726 5653 3006 5730 lli-19.“,
3039 5653 3117 5658 ni
3444 5653 3598 5678 “m'

1829 5743 2061 5801 ΝΟΤΑιῖ.

363 5850 481 5920 (ἆῖ)
507 5847 828 5916 Ἓννοητὲον
854 5846 934 5909 τὸ,
961 5843 1112 5914 φασί.

645 5949 918 6008 Ριτιιρι.
975 5944 1092 6003 (in.
1165 5939 1537 6004 LXXXVII.

1434 5939 1537 6004 Γιι.
3042 5957 3119 6016 ,εδ
