4266 6446
726 371 833 432 ’Π9
2025 370 2374 431 PROCOPII
2410 371 2650 432 ΟΑΖιίΕῙ
3884 375 3988 437 780

730 485 854 556 quia
891 482 958 534 ab
991 482 1088 536 hac
1129 480 1470 551 egredientes
1518 480 1742 535 veniunt
1775 479 1839 536 ad
1874 484 2124 551 gratiam.
2178 484 2308 536 S..b-
2342 490 2415 545 Λη

2300 511 2308 520 -
2342 490 2386 545 Λ
2414 483 2532 535 οδον
2558 484 2646 535 ἐπὶ
2669 486 2763 553 τὴν
2797 482 2988 554 χάριν·
3025 489 3114 537 καὶ
3144 484 3394 538 Σὰὗῦιτιι
3427 484 3742 555 Σαϐϐἀτων,
3771 486 3861 540 διὰ
3889 487 3985 554 τὴ)

729 578 854 629 hata
890 573 1259 627 Sabbatorum
1293 572 1648 625 nominantur
1680 581 1905 642 propter
1941 571 2305 626 Subhatortuu
2412 594 2414 604 λ

2298 592 2305 626 ι
2412 570 2615 624 παῦσιν
2668 571 2774 624 τῶν
2803 572 3118 627 Σαεϐἅτων.
3155 576 3264 628 Καί
3292 591 3305 605 ο
3347 594 3362 625 ι
3399 574 3802 642 Ταπεινώσετε,
3827 577 3983 647 φησὶ.

728 666 1022 734 quieteth
1053 662 1447 725 llumiliabitis,
1481 663 1679 729 inquit,
1742 664 1957 718 animas
1998 673 2230 724 vestras,
2284 682 2301 715 ι
2383 681 2413 710 .'

2300 693 2301 705 η
2383 660 2510 720 ,τὰς
2553 660 2732 729 ψυχὰς
2780 662 2957 732 ὑμῶν.
3003 682 3021 714 ι
3077 666 3377 734 Μονονουχὶ
3433 667 3498 718 τὰ
3548 667 3801 721 Ἰωάννου
3856 665 3985 735 βοᾷ·

729 771 849 824 qua:
897 755 1114 824 quidem
1176 753 1342 807 Musis
1375 753 1536 805 verba
1588 753 1899 806 aiiinitatem
1952 753 2151 806 habent
2183 768 2308 804 eum

2297 769 2308 803 ι
2419 767 2436 799 ι
2467 751 2796 803 Μετανοεῖτε
2816 768 2830 781 ο
2857 751 3055 821 ἧγγικι
3077 755 3186 823 γὰρ
3209 756 3241 824 ὴ
3265 753 3513 822 βασιλεία
3538 755 3646 808 τῶν
3671 756 3936 825 οὐρανῶν.
3965 775 3982 804 ι

731 849 837 909 his,
871 863 990 914 quae
1020 843 1259 898 Joannes
1294 843 1642 913 proloquitur
1675 843 1952 896 clamans:
1985 861 2000 892 ι
2038 841 2310 895 Ραλιιίιυιι-
2415 882 2416 889 η

2306 872 2310 880 ι
2415 841 2505 892 Διό
2548 843 2645 894 καὶ
2681 843 2977 914 ἐξιλασμοῦ
3019 847 3176 922 καλεῖ
3202 848 3301 914 τὴν
3351 848 3582 916 ἡμέραν.
3630 848 3794 909 Τέλος
3825 847 3933 915 γὰρ
3962 848 3991 898 ὁ

730 934 860 986 tiam
922 932 1085 1002 agite.
1148 931 1619 999 Appropinquatit
1661 932 1806 984 enim
1861 946 2086 999 regnum
2140 933 2309 983 cmin-

2308 963 2309 966 η
2415 928 2672 998 Ἰωάννης
2712 932 2812 1000 τῆς
2851 924 3239 999 Παλαιᾶςξκαι
3279 937 3423 1005 ἀρχὴ
3462 940 3562 1006 τῆς
3591 937 3824 1004 Καινῆς,
3856 937 3930 996 ὡς
3965 938 3993 987 6

729 1041 849 1077 rum
878 1025 942 1076 υ.
981 1043 998 1074 ι
1038 1022 1248 1076 Idcirco
1283 1023 1614 1090 expiationis
1663 1038 1858 1076 nomen
1893 1023 1968 1076 illi
2002 1023 2306 1077 celebritati

2415 1020 2714 1090 ἑωσφόρος.
2766 1022 2847 1075 Τὰ
2891 1023 2948 1076 δὲ
2999 1025 3312 1096 κὰλλυντρα.
3378 1027 3487 1079 τῶν
3539 1027 3832 1095 φοινίκων,
3896 1028 3992 1078 καὶ

727 1125 810 1170 est
862 1116 1114 1168 inditum.
1155 1113 1434 1180 Siquidem
1465 1111 1705 1168 Joannes
1741 1112 1862 1167 finis
1893 1122 1976 1166 est
2016 1111 2229 1166 Veteris
2258 1120 2310 1163 rt

2304 1149 2310 1162 .
2415 1111 2583 1164 τᾶλλα
2611 1113 2678 1165 τὰ
2706 1115 2992 1183 εἰρημένα,
3029 1117 3184 1186 φέρει
3224 1117 3321 1171 τοῦ
3364 1119 3634 1189 Ἰορδάνου
3678 1121 3712 1184 ἡ
3762 1118 3989 1187 ἔρημον

729 1208 946 1261 initium
979 1204 1111 1258 Novi
1145 1204 1508 1258 Testamenti.
1542 1205 1809 1257 Ca'terutn
1844 1202 2065 1259 frondes
2092 1203 2308 1273 palma-

2416 1207 2472 1258 ὲν
2562 1207 2829 1276 ἐκήρυττε
2866 1211 2961 1261 καὶ
2988 1210 3171 1277 διῆγεν
3223 1210 3252 1262 6
3297 1210 3757 1280 Βαπτιστὴ;,ἒως
3781 1208 3995 1279 ἡμέρας

731 1315 848 1353 rum
909 1308 962 1352 et
1013 1299 1266 1366 reliquas
1321 1297 1548 1350 arbores
1605 1296 1862 1364 producit
1907 1295 2146 1350 solitudo
2190 1311 2312 1365 qum

1938 1295 2146 1350 oiitudo
2190 1311 2312 1365 qum
2419 1297 2742 1361 ἀναδείξεως
2775 1299 2963 1361 αὑτοῦ,
2998 1300 3158 1369 δῆλον
3193 1300 3268 1364 ὡς
3294 1304 3352 1353 ὲν
3375 1303 3623 1370 σκηναῖς.

729 1388 1210 1459 adjacctJnrdani,
1249 1390 1300 1440 iu
1337 1402 1443 1454 qua
1502 1387 1798 1442 solitudine
1838 1388 2201 1440 concinnatus
2231 1393 2315 1439 est
2353 1383 2590 1441 Joannes
2641 1387 2954 1456 ibidemque
3002 1389 3167 1442 vitam
3243 1390 3352 1460 egit
3399 1390 3558 1460 quasi
3625 1391 3679 1443 in
3743 1386 3995 1456 entoriis,

731 1484 906 1540 donec
964 1480 1174 1533 veniret
1233 1489 1449 1547 tempus
1514 1491 1625 1546 quo
1655 1486 1774 1530 erat
1826 1475 2308 1532 demonstrandus.

802 1623 985 1696 [373
1018 1621 1086 1675 Et
1118 1621 1383 1682 accipiant
1411 1621 1580 1673 oleum
1605 1617 2050 1688 alicarnm,ete.]
2075 1617 2369 1671 Sincerum
2393 1612 2664 1682 siquidem
2691 1614 2880 1666 lumen
2903 1621 2957 1668 et
2987 1615 3289 1682 genuinum
3322 1616 3374 1667 in
3399 1613 3651 1669 Ecclesia
3684 1615 3876 1685 flagret
3899 1632 3998 1672 nc-

729 1727 947 1768 ccssunt
983 1719 1090 1764 est.
1127 1726 1145 1758 ι
1192 1706 1301 1761 Vos
1336 1708 1507 1771 enim,
1545 1707 1752 1774 inquit,
1785 1707 1926 1773 ustis
1967 1705 2060 1757 lux
2101 1705 2291 1757 tuundi
2321 1704 2391 1756 ”.
2443 1720 2461 1752 ι
2494 1699 2560 1751 Et
2592 1701 2791 1753 iterum
2827 1720 2841 1754 ς
2885 1719 2903 1752 ι
2953 1703 3078 1755 Sitit
3110 1713 3308 1756 vestra:
3353 1706 3595 1756 lucerna:
3628 1719 3901 1766 accensae.
3943 1716 4001 1760 et

729 1816 830 1855 vos
865 1798 1075 1852 similes
1106 1796 1427 1850 hominibus
1463 1795 1928 1864 exspectantibus
1970 1792 2264 1844 Dominum
2314 1806 2473 1844 suum
2508 1790 2575 1840 ".
2614 1807 2631 1840 ι
2669 1787 2997 1843 Ostenditur
3041 1790 3149 1846 sub
3181 1792 3288 1844 hoc
3318 1802 3448 1861 typo
3471 1832 3486 1856 ,
3536 1800 3595 1844 ut
3632 1807 4001 1849 coruscemus

734 1889 787 1940 in
817 1883 1003 1938 mundi
1039 1882 1284 1936 tenebris
1317 1882 1552 1934 scientia
1585 1891 1638 1934 et
1672 1882 1797 1932 vita:
1835 1881 2149 1941 honestate,
2189 1886 2246 1931 ut
2285 1877 2540 1946 intrepidi
2573 1893 2842 1946 apparere
2876 1877 3156 1946 possimus
3189 1879 3244 1931 in
3269 1890 3522 1934 extremo
3553 1879 3645 1933 die
3675 1895 3802 1933 cmn
3835 1880 4001 1935 adve-

733 1974 875 2027 nerit
911 1971 1182 2023 Dominus
1207 1967 1518 2038 judicatum
1555 1969 1714 2020 viros
1758 1979 1813 2022 ct
1849 1977 2125 2022 mortuos.
2167 1965 2452 2018 Munemur
2499 1980 2745 2033 quoque,
2787 1974 2842 2017 ιιι
2877 1974 3041 2020 caute
3081 1966 3458 2027 ambulemus,
3502 1982 3572 2020 ne
3617 1983 3717 2019 ceu
3754 1965 3842 2020 fur
3877 1967 3998 2022 dies

734 2063 825 2115 ille
866 2062 922 2114 in
957 2057 1253 2111 nocturnis
1293 2056 1548 2110 tenebris
1580 2071 1685 2110 nos
1714 2056 2080 2124 opprimat“.
2115 2056 2466 2123 Quapropter
2519 2051 2674 2106 addit
2711 2072 2722 2106 :
2763 2072 2781 2103 ι
2819 2051 2883 2105 Et
2929 2062 3222 2122 componet
3271 2057 3388 2109 sive
3421 2055 3708 2108 orcliualiit
3735 2055 3995 2111 lucernas

731 2163 914 2200 coram
941 2144 1170 2198 Domino
1189 2159 1362 2211 usque
1389 2158 1566 2206 tuane,
1592 2161 1608 2194 ι
1638 2143 1688 2195 id
1715 2153 1820 2204 est,
1847 2159 2018 2212 usque
2041 2144 2105 2195 ad
2141 2141 2385 2195 futurum
2420 2140 2563 2194 diem
2594 2141 2809 2211 judieii.
2843 2141 2903 2195 Ισίι
2925 2144 3071 2210 quod
3103 2142 3178 2195 ait
3205 2161 3217 2194 :
3247 2161 3266 2194 ι
3292 2142 3489 2198 Coram
3517 2143 3773 2201 Domino.
3807 2162 3824 2193 ι
3855 2150 3992 2208 ctc.,

733 2233 996 2289 indicium
1059 2231 1189 2285 facit
1227 2231 1425 2284 diVillil'
1483 2231 1623 2291 vitae.
1667 2247 1830 2300 quam
1877 2231 1930 2283 in
2005 2231 2230 2284 cmleste
2296 2242 2521 2296 regnum
2565 2229 2815 2282 translati
2849 2230 3113 2283 vivemus.
3166 2228 3300 2283 Nam
3359 2230 3504 2283 oculi
3561 2229 3775 2283 Domini
3831 2244 4001 2299 super

732 2326 938 2394 justos.
965 2321 1102 2374 Cum
1134 2334 1267 2373 vero
1308 2333 1414 2372 nes
1462 2318 1667 2372 fratres
1708 2318 2072 2387 appellaverit
2104 2328 2157 2372 ct
2184 2319 2236 2372 in
2271 2332 2426 2371 suam
2462 2317 2789 2369 societatem
2825 2317 3136 2381 admiserit,
3169 2333 3521 2386 nequaquam
3566 2319 3883 2371 mirandum
3919 2318 3992 2379 si,

731 2429 857 2466 cum
889 2410 963 2464 sit
999 2409 1115 2469 lux,
1157 2407 1323 2458 etiam
1359 2407 1520 2460 nobis
1547 2407 1685 2460 lucis
1713 2408 2037 2474 dignitatem
2082 2405 2540 2462 commodaverit,
2573 2405 2693 2457 suis
2724 2418 2825 2456 nos
2853 2405 3131 2458 extollens
3175 2405 3504 2459 honoribus.
3537 2404 3684 2458 Intra
3719 2406 3868 2458 enim
3901 2421 3997 2460 γε·

739 2500 847 2551 luat
875 2505 962 2551 est
1003 2509 1140 2563 pura
1170 2493 1424 2557 lucerna,
1458 2493 1509 2546 id
1544 2503 1649 2554 est,
1691 2494 1970 2556 Clui‘tus,
2011 2495 2223 2548 habens
2246 2487 2453 2561 septem
2487 2491 2767 2555 lucernas,
2797 2493 3002 2562 quibus
3028 2493 3092 2546 ad
3119 2509 3179 2548 se
3217 2493 3569 2547 venientibus
3597 2493 3882 2561 copiosam
3916 2495 3998 2546 in-

734 2585 918 2640 fundit
952 2585 1151 2637 lucem.
1185 2580 1319 2633 Nam
1352 2582 1467 2633 ait:
1510 2601 1525 2631 ι
1565 2580 1849 2641 Accedite.
1882 2589 1937 2635 et
1977 2581 2364 2636 iilutuiuenziui
2395 2584 2412 2612 ²

2314 2583 2364 2636 ui
2395 2582 2459 2635 ".
2503 2601 2521 2632 ι
2568 2581 2728 2648 Quod
2771 2600 2903 2638 vero
2929 2584 3073 2654 apud
3108 2585 3286 2654 ipsum
3324 2585 3712 2638 acet-nduntur
3755 2586 3998 2643 lucerna

732 2675 893 2726 ducet
933 2669 1334 2724 incarnationis
1370 2679 1607 2736 tempus.
1641 2685 1747 2737 qua
1781 2678 1934 2723 totus
1974 2671 2291 2725 illustratus
2333 2679 2411 2725 est
2448 2670 2655 2737 fugatis
2707 2673 2959 2726 tenebris
3006 2673 3271 2727 mundus.
3315 2673 3531 2726 Idcirco
3564 2675 3740 2742 inquit
3782 2672 3950 2727 David
3984 2697 3995 2728 ε

739 2781 754 2812 ι
794 2759 951 2813 Mane
987 2771 1178 2810 vocem
1209 2769 1384 2809 meam
1414 2754 1681 2808 cxamlies
1719 2755 1787 2806 “.
1823 2775 1840 2805 ι
1881 2753 1973 2808 Vel
2010 2756 2117 2810 sub
2155 2759 2398 2824 puritate
2437 2758 2682 2810 lucerna:
2714 2767 3121 2812 conunonstrat
3153 2758 3486 2821 Ecclesiam,
3543 2761 3598 2814 in
3635 2776 3744 2828 qua
3805 2755 4002 2816 corus-

730 2857 821 2903 cat
853 2849 944 2902 lux
972 2845 1227 2916 spiritus,
1261 2858 1382 2913 qua:
1416 2851 1680 2897 coruscat
1721 2853 1773 2896 ct
1813 2845 1958 2898 vires
1987 2860 2120 2897 snas
2149 2847 2325 2898 exerit
2359 2847 2413 2898 in
2451 2855 2659 2912 septem
2688 2844 2852 2898 donis
2891 2844 3133 2914 Spiritus
3167 2848 3371 2900 sancti.

804 2983 1089 3039 Sincerum
1118 2990 1166 3034 et
1197 2993 1391 3047 parum
1419 2978 1615 3036 oleum.
1645 2987 1752 3034 etc.
1793 2974 2015 3048 [XXIV,
2049 2977 2133 3046 2.]
2179 2979 2323 3033 Pura
2350 2979 2628 3048 siquidem
2662 2994 2829 3047 Opera
2869 2980 3208 3032 conveniunt
3233 2980 3435 3033 divina:
3467 2980 3596 3033 luci.
3635 2978 3712 3034 Ex
3743 2979 3912 3034 olivis
3947 2977 4004 3033 id

738 3070 926 3140 colligi
960 3070 1144 3140 jubet.
1177 3079 1237 3122 ut
1260 3067 1608 3122 demonstret
1635 3081 1756 3129 eos,
1796 3067 1888 3135 qui
1927 3066 2370 3119 misericordiam
2417 3068 2528 3121 siut
2555 3067 2864 3121 consecuti.
2911 3086 2928 3116 ι
2967 3066 3134 3120 Extra
3168 3069 3620 3137 tabernaculum,
3668 3089 3686 3119 ι
3719 3077 3832 3123 etc.
3863 3065 4003 3120 Nam

739 3161 965 3213 interna
995 3155 1291 3226 splendent
1319 3163 1374 3207 ct
1413 3155 1765 3207 iilnstrautur
1796 3153 2005 3206 cn'lesti
2033 3153 2179 3215 luce,
2203 3168 2326 3221 quac
2356 3170 2523 3225 supra
2552 3169 2740 3208 aream
2774 3157 3124 3224 conspicitur
3159 3164 3214 3208 ut
3245 3157 3492 3210 (celestis
3519 3157 3658 3211 lucis
3686 3157 3760 3210 sit
3796 3157 4002 3225 imago.

737 3257 789 3299 at
822 3245 1071 3298 cmlestis
1108 3245 1196 3297 lux
1238 3241 1500 3296 Christus
1533 3249 1638 3295 est.
1687 3241 1814 3293 lizec
1851 3255 1985 3294 vero
2016 3241 2104 3294 lux
2139 3243 2398 3310 apparuit
2428 3258 2536 3295 non
2577 3242 2862 3294 hominum
2903 3243 3092 3296 labore
3124 3251 3456 3311 praeparata,
3499 3243 3594 3296 sed
3633 3243 3906 3296 divinitus
3949 3249 4005 3295 et

736 3333 959 3388 curiitus
993 3332 1162 3385 allata
1196 3339 1302 3384 est.
1339 3327 1398 3384 in
1432 3330 1620 3398 priore
1660 3328 2027 3382 tabernaculo
2059 3339 2182 3382 crat
2226 3329 2459 3384 lucerna
2496 3329 2721 3383 ardens.
2753 3326 2887 3380 Nam
2923 3343 3023 3384 nec
3049 3330 3190 3383 citra
3232 3329 3478 3383 divinam
3513 3331 3691 3385 lucem
3724 3329 4006 3401 degebant

736 3422 842 3484 illi,
867 3434 1009 3485 quos
1043 3420 1130 3472 lex
1171 3417 1483 3481 erudiebat,
1525 3424 1579 3471 ct
1613 3416 1685 3470 ab
1730 3417 2231 3485 superstitionibus
2266 3417 2320 3471 in
2367 3417 2537 3473 unius
2573 3418 2667 3472 Dei
2717 3421 2930 3472 cultum
2965 3418 3350 3488 rapiebantur.
3380 3419 3657 3474 Caeterum
3701 3419 4006 3473 admodum

739 3522 932 3578 parum
959 3506 1152 3560 aderat
1181 3505 1304 3572 ejus
1341 3504 1482 3558 lucis
1506 3520 1628 3574 qure
1663 3505 1718 3558 in
1762 3504 1991 3559 Christo
2025 3505 2278 3560 emicuit.
2309 3505 2483 3562 Musis
2521 3505 2798 3575 siquidem
2829 3508 2916 3559 lus
2957 3514 3177 3561 tantum
3207 3507 3391 3562 differt
3419 3521 3448 3560 a
3485 3522 3613 3561 vera
3647 3507 3792 3570 luce,
3817 3521 4005 3576 quan-

742 3609 856 3650 tum
883 3595 1052 3647 distat
1083 3592 1275 3646 umbra
1301 3606 1329 3645 a
1365 3592 1682 3661 splemlorc.
1715 3589 1778 3646 Et
1819 3582 2286 3662 quemadmodum
2314 3591 2596 3663 discrepat
2637 3609 2746 3648 una
2782 3607 2915 3664 gens
2938 3597 3006 3647 ah
3035 3594 3295 3648 omnibus
3326 3594 3498 3650 t0tius
3525 3595 3680 3650 orbis
3703 3595 3963 3665 gentibus
3989 3613 4002 3649 :

738 3685 811 3736 ita
840 3682 1067 3735 lucerna
1104 3679 1360 3734 humanis
1391 3680 1650 3733 manibus
1687 3688 1948 3750 apparata
1982 3678 2165 3733 differt
2191 3695 2366 3734 avera
2397 3691 2450 3735 ct
2477 3683 2666 3739 divina
2692 3684 2838 3737 luce.
2870 3681 2963 3737 Vel
2991 3682 3250 3738 fortassis
3282 3683 3373 3736 illa
3403 3684 3628 3737 lucerna
3663 3683 4007 3752 praenuntia-

738 3773 832 3826 bat
869 3768 1140 3825 Joannem
1177 3768 1502 3841 Baptistam.
1543 3768 1839 3823 Duodecim
1883 3783 2054 3838 panes
2086 3769 2401 3841 significant
2438 3786 2664 3827 sacrum
2708 3769 3002 3825 duodecim
3041 3771 3428 3840 apostolorum
3457 3772 3712 3824 chorum.
3747 3768 3885 3826 Nam
3919 3773 4005 3824 ιιι-

737 3874 905 3912 ιιμιοιιει
939 3856 1310 3928 pt‘mvcniebat
1336 3857 1474 3910 solis
1505 3866 1789 3910 exortum.
1819 3854 2028 3910 De'hoc
2074 3857 2150 3910 ita
2198 3858 2444 3929 loquitur
2477 3859 2642 3914 l‘ater
2674 3878 2687 3916 :
2723 3878 2741 3911 ι
2788 3859 2983 3913 l’aravi
3018 3859 3302 3914 lucernam
3341 3858 3573 3914 Christo
3597 3873 3719 3913 meo
3747 3860 3816 3911 “.
3855 3877 3873 3911 ι
3915 3857 4006 3913 Si-

737 3950 939 4002 militer
981 3954 1036 4002 et
1065 3944 1330 4000 Christus
1373 3945 1598 4014 inquit:
1641 3963 1658 3996 ι
1703 3941 1810 4002 Vos
1851 3945 2106 4002 voluistis
2139 3948 2205 4001 ad
2239 3955 2456 4019 tempus
2495 3949 2784 4004 exsultare
2816 3947 2872 4002 iu
2909 3948 3030 4002 lucc
3055 3947 3176 4016 ejus
3217 3947 3283 3999 “.
3330 3965 3348 3998 ι
3385 3945 3520 4000 Nam
3566 3947 3620 4000 in
3669 3946 4000 4001 memoriam

737 4037 933 4107 redigit
968 4035 1102 4098 illis.
1142 4035 1235 4104 qui
1271 4033 1411 4106 legis
1444 4032 1631 4090 studio
1663 4034 1838 4090 dediti
1871 4043 2054 4098 erant,
2083 4036 2397 4102 lucernam,
2431 4052 2556 4106 qum
2589 4036 2769 4092 fuerat
2801 4035 2856 4090 in
2902 4035 3081 4105 primo
3107 4034 3494 4090 tabernaculo.
3532 4031 3807 4088 Czcterum
3833 4029 4004 4104 regis-

737 4125 880 4179 lator
910 4124 1087 4179 voluit
1117 4122 1265 4177 illam
1292 4124 1582 4177 lucernam
1624 4137 1749 4177 esse
1785 4138 2107 4191 perennem.
2143 4126 2211 4177 At
2243 4126 2322 4178 illi
2352 4123 2724 4181 brevisaltem
2759 4132 3009 4193 tempore
3053 4123 3255 4192 gravisi
3287 4122 3381 4176 ilia
3417 4123 3646 4176 lucerna
3671 4121 4008 4176 accedentes

735 4214 800 4265 ad
833 4214 954 4282 ejus
997 4213 1355 4278 baptismum.
1397 4209 1601 4264 Verum
1633 4211 1895 4281 deinceps
1929 4226 2035 4264 nou
2062 4223 2402 4282 exceperunt
2431 4228 2582 4274 eum,
2615 4212 2710 4280 qui
2749 4213 2818 4264 ab
2863 4211 2960 4264 illo
2997 4210 3424 4282 prmdieabatur.
3457 4207 3524 4261 Et
3549 4212 3655 4262 hoc
3695 4220 3815 4263 erat
3848 4209 4008 4273 illud,

735 4304 878 4370 quod
903 4303 1038 4355 dicit
1069 4301 1288 4355 scilicet
1319 4299 1616 4369 repudiare
1655 4301 1856 4355 lucem.
1894 4301 2143 4370 Apustoli
2180 4309 2362 4354 autem
2408 4311 2540 4355 sunt
2574 4316 2774 4370 panes,
2803 4309 3081 4370 quatenus
3111 4299 3321 4354 similes
3355 4307 3484 4351 sunt
3517 4301 3612 4352 uni
3651 4299 3776 4369 pani
3811 4314 4010 4368 nempe

732 4393 979 4450 Christo.
1014 4392 1226 4444 alentes
1251 4404 1351 4443 nos
1387 4391 1439 4442 in
1480 4390 1704 4458 pietate,
1751 4399 1807 4445 et
1851 4390 2179 4460 ignorantia:
2213 4391 2603 4460 propulsantes
2629 4390 2853 4441 famem.
2901 4385 3104 4442 Verum
3140 4387 3212 4438 ita
3243 4388 3615 4451 collocantur,
3643 4396 3703 4440 ut
3743 4387 3858 4441 duo
3890 4389 4007 4440 sint

734 4487 955 4538 illorum
990 4481 1216 4537 ordines
1243 4482 1297 4534 in
1337 4497 1574 4551 quorum
1610 4482 1790 4535 medio
1815 4482 2103 4550 ponendus
2132 4483 2205 4535 sit
2241 4482 2425 4550 panis,
2456 4482 2549 4551 qui
2573 4495 2604 4536 e
2637 4482 2784 4533 cmlo
2814 4480 3129 4534 descendit.
3168 4477 3242 4531 Ex
3275 4477 3490 4531 dualms
3522 4477 3754 4531 decimis
3795 4479 4008 4548 singuli

731 4580 1144 4640 cmupouuntur
1196 4570 1352 4638 quasi
1407 4569 1737 4638 postuletur.
1773 4579 1831 4621 ιιι
1876 4569 2052 4624 simus
2097 4571 2247 4622 dicto
2287 4577 2341 4623 et
2387 4569 2531 4622 facto
2592 4567 2852 4638 perfecti.
2889 4565 3122 4632 Quidam
3155 4573 3466 4619 autumant
3500 4566 3639 4620 duos
3672 4568 3900 4622 ordines
3954 4577 4010 4623 ct

732 4663 872 4715 duas
900 4659 1150 4714 decimas
1181 4656 1502 4727 significare
1544 4656 1685 4711 duos
1714 4659 1949 4730 populos
1971 4662 2073 4713 sub
2109 4661 2333 4714 Christo
2354 4658 2409 4709 iu
2443 4657 2802 4711 concordiam
2831 4654 3248 4709 reconciliatos.
3275 4651 3430 4708 Thus
3456 4665 3640 4708 autem
3666 4668 3719 4708 et
3749 4656 3830 4709 sal
3856 4672 4010 4726 sym-

731 4752 858 4805 huta
892 4758 1024 4802 sunt
1053 4747 1390 4812 fragrantia,
1420 4761 1542 4816 qua!
1579 4763 1744 4816 quam
1793 4749 2116 4814 longissime
2153 4751 2437 4817 Spargitur
2467 4768 2476 4800 :
2513 4758 2567 4800 et
2595 4747 2822 4806 salutis,
2855 4758 2976 4814 qua:
3013 4759 3114 4798 nos
3143 4759 3174 4798 e
3202 4745 3585 4813 corruptionis
3619 4746 3870 4814 periculo
3895 4745 4010 4798 eri-

733 4841 831 4906 t-it.
870 4837 1003 4889 Nam
1045 4833 1347 4904 flagrantia
1395 4834 1573 4888 thuris
1608 4850 1774 4904 quam
1819 4835 2090 4890 latissime
2122 4836 2475 4890 diffunditur.
2522 4833 2794 4888 Praeterea
2847 4849 3080 4905 corpora
3127 4831 3219 4886 ditt
3247 4844 3653 4887 conservantur
3701 4835 3915 4901 integra
3960 4837 4007 4887 si

733 4931 1178 4992 conspergantur
1210 4924 1345 4977 Sale.
1384 4921 1653 4977 Ρηιιιοιθιι
1691 4925 1771 4978 sal
1806 4927 2076 4993 optimum
2106 4926 2362 4979 ciborum
2394 4935 2479 4979 est
2519 4921 2962 4978 condimentum.
3003 4919 3139 4976 Nam
3173 4931 3500 4975 sanctorum
3532 4937 3720 4976 sermo
3743 4923 3920 4985 cratia
3954 4932 4010 4975 et

732 5014 846 5066 sale
872 5013 1134 5066 conditus
1163 5025 1268 5073 est.
1303 5015 1772 5082 quemadmodum
1817 5024 2002 5068 mouet
2040 5014 2358 5083 Scriptura.
2396 5013 2472 5068 De
2507 5013 2592 5067 his
2629 5014 2702 5066 ita
2733 5013 2942 5066 dicitur
2984 5029 2995 5061 :
3036 5029 3054 5062 ι
3095 5009 3207 5064 Vos
3241 5011 3378 5066 estis
3413 5011 3495 5064 sal
3528 5023 3687 5065 terra:
3723 5012 3791 5063 ".
3835 5030 3854 5063 ι
3903 5013 4007 5067 Ve.

733 5119 854 5155 rum
885 5103 938 5155 iu
975 5102 1222 5154 Sabbato
1255 5109 1669 5170 proponuntur.
1722 5111 1780 5156 ut
1813 5106 2099 5171 aperiatur
2143 5117 2255 5156 tum
2291 5103 2510 5156 domum
2559 5102 2843 5155 Christum
2894 5103 3244 5154 incarnatum
3275 5101 3368 5164 iri,
3407 5114 3533 5153 cum
3569 5103 3801 5155 mortale
3829 5117 4012 5169 genus

731 5192 990 5244 maximis
1025 5189 1189 5261 374
1217 5199 1268 5243 et
1297 5191 1408 5260 plut
1428 5191 1555 5243 imis
1581 5200 1802 5244 auctum
1845 5191 2012 5246 fuerit
2039 5193 2425 5246 incrementis.
2452 5189 2545 5243 V'cl
2573 5189 2618 5242 si
2659 5190 2748 5243 hic
2779 5190 2958 5259 magis
2985 5189 3238 5243 arriserit
3268 5203 3491 5251 sensus,
3519 5189 3840 5242 memineris
3869 5189 4010 5243 Sali-

734 5281 844 5332 bziti
890 5289 1109 5348 tempus
1147 5283 1250 5332 hoc
1294 5295 1441 5340 csst',
1477 5296 1584 5349 qeo
1613 5280 1942 5332 demandata
1983 5291 2068 5335 est
2114 5280 2385 5350 apostolis
2425 5278 2767 5346 priedieandi
2804 5277 2955 5330 verbi
2997 5277 3167 5330 ιιιι·ἱιιί
3219 5277 3531 5346 provincia,
3568 5284 3628 5330 ut
3671 5281 4014 5333 annuntient

728 5369 941 5423 (lin-isti
972 5375 1294 5432 adt-nutum,
1334 5384 1498 5438 quem
1541 5387 1666 5422 ιιιιιι
1701 5386 1810 5424 non
1852 5371 2217 5424 admitterent
2260 5369 2544 5433 lsraclitzr,
2591 5367 2776 5434 inquit
2809 5364 3061 5420 Paulus:
3101 5385 3117 5416 ι
3153 5365 3323 5435 Igitur
3351 5365 3685 5430 relinquitur
3727 5365 4014 5419 sabbatis.

731 5474 850 5510 mu~
874 5459 1075 5527 populo
1109 5456 1202 5509 ι)ςὶ
1226 5457 1292 5508 ’⁸.
1329 5477 1344 5507 ι
1396 5456 1449 5507 in
1479 5468 1782 5526 conspectu
1819 5459 2036 5510 ltnm.ui
2068 5465 2679 5529 prrqmuunturpanes.
2707 5453 2848 5519 Quia
2886 5456 2973 5508 hic
3012 5454 3255 5508 libenter
3280 5453 3462 5507 cernit
3494 5459 3746 5516 sanctos,
3779 5453 3875 5522 qui
3908 5470 4014 5506 ceu

726 5548 1038 5616 ('.\t‘tttpl.t:tt
1066 5547 1337 5616 prepositi
1375 5553 1508 5598 sunt
1543 5545 1784 5607 (aderis,
1826 5555 1883 5596 ut
1921 5561 2116 5596 eorum
2155 5546 2300 5598 facta
2327 5538 2641 5598 imitentur.

803 5732 838 5758 "
875 5729 1066 5781 Matth.
1097 5743 1177 5786 ιιι,
1215 5727 1267 5778 '2.
1348 5729 1392 5757 ὀ
1430 5726 1623 5782 Matth.
1661 5727 1832 5786 v.15.
1953 5729 1993 5756 ²¹
2027 5727 2164 5780 Luc.
2203 5744 2303 5791 xu,
2329 5729 2418 5782 53$.

2334 5729 2418 5782 53.
2530 5727 2620 5777 ”ι
2661 5725 2860 5782 leess.
2892 5744 2944 5789 ν,
3051 5727 3105 5784 Ξ,
3144 5724 3434 5779 4;Iif‘etr.
3475 5740 3555 5788 ut,
3596 5726 3680 5778 10.
3789 5728 3835 5760 ⁸³
3867 5725 4019 5783 Psal.

732 5818 932 5866 xum,
983 5803 1014 5853 6
1115 5803 1159 5830 ’δ
1204 5799 1346 5852 l’sal.
1395 5817 1443 5861 γ,
1505 5801 1556 5853 ι.
1676 5798 1894 5854 "Psal.
1948 5815 2136 5864 cum,
2199 5801 2285 5855 Π.
2399 5802 2414 5829 ²

2399 5800 2442 5830 ²⁶
2504 5796 2667 5852 Joan.
2729 5814 2794 5863 ν,
2851 5799 2941 5852 35.
3020 5797 3264 5851 "Matth.
3302 5799 3477 5860 \',15.
3559 5798 3604 5828 ’⁸
3639 5794 3805 5853 Hebr.
3857 5803 4019 5864 ",9.
