4266 6446
255 366 355 432 781
1285 359 1792 421 COMMENTARI
1807 358 1826 416 1⁷
1857 358 1935 416 I.\'
1979 357 2333 416 LEViTiCU
2347 360 2392 415 .\i
2408 404 2420 416 .
3420 358 3525 418 782

335 476 400 530 Et
426 483 584 530 erunt
616 473 850 526 Aaronis
872 482 920 524 et
948 470 1188 538 ﬁliorum
1219 472 1358 540 ejus,
1391 481 1442 526 et
1470 469 1627 525 edent
1654 485 1766 528 eos.
1793 476 1900 523 etc.
1942 467 2047 539 [9.]
2075 466 2346 522 Omnibus
2375 469 2524 521 enim
2569 467 2745 521 instar
2778 467 3087 536 spiritualis
3117 469 3383 531 convivii,
3420 488 3513 538 ap-

255 568 456 636 positae
486 570 622 615 sunt
654 559 977 630 apostolica:
1009 557 1344 630 Scripturze.
1372 558 1643 612 Przeterea
1681 558 1802 610 loco
1839 554 1932 610 Dei
1973 557 2181 608 utimur
2215 555 2542 610 doctoribus
2575 556 2976 610 sacerdotibus.
3015 555 3288 610 Caeterum
3317 559 3516 612 Chris-

255 663 348 709 tus
382 669 549 708 suum
586 655 771 708 cibum
810 660 970 707 vocat
1018 650 1183 704 tidem
1221 650 1467 715 illorum,
1501 649 1597 719 qui
1645 657 1962 702 servantur.
2002 643 2146 698 Dicit
2193 644 2344 698 enim
2379 658 2393 696 :
2429 663 2446 694 ι
2491 643 2604 713 Ego
2640 645 2826 698 cibum
2872 646 3046 700 habeo
3091 646 3510 710 comedendum,

254 757 422 810 quem
449 757 547 796 vos
571 742 804 796 nescitis
831 741 900 794 ”.
938 759 956 790 ι
989 739 1046 792 In
1077 736 1471 793 diﬂerentibus
1508 746 1693 791 autem
1726 732 2107 788 tabernaculis
2132 740 2356 786 exstant
2385 731 2600 785 Christi
2636 739 2691 786 et
2721 741 3042 785 sanctorum
3081 733 3215 803 typi.
3251 732 3385 786 Nam
3413 733 3523 788 Deo

256 841 318 880 se
354 829 658 895 plurimum
696 828 864 880 homo
901 825 1235 880 insinuavit.
1271 823 1398 879 Sive
1426 822 1689 883 Joannes.
1730 822 1824 891 qui
1867 821 2140 890 processit
2172 836 2235 873 ex
2267 818 2498 882 Judzeis,
2537 827 2592 873 et
2621 821 2865 889 apostoli
2906 836 3000 890 per
3027 821 3164 890 legis
3194 823 3402 875 cultum
3445 824 3523 876 si.

256 912 620 980 gnillcantur.
643 909 911 968 Caeterum
942 912 1180 966 duorum
1205 911 1711 965 tabernaculorum
1738 908 2104 964 differentiam
2131 907 2361 962 edocuit
2379 905 2584 962 Paulus
2607 908 2798 962 dicens
2833 922 2847 961 :
2887 925 2904 958 ι
2943 906 3001 960 In
3023 913 3262 976 primunt
3295 910 3522 977 quidem

259 999 684 1054 tabernaculum
727 1013 946 1068 semper
988 997 1372 1068 ingrediuntur
1420 996 1745 1052 sacerdotes
1779 996 1844 1060 ³⁸,
1887 1014 1906 1048 ι
1943 1004 2049 1052 etc.
2097 993 2374 1049 Praeterea
2405 995 2551 1064 quod
2591 995 2703 1064 typi
2746 995 3076 1048 transierint
3120 997 3185 1048 ad
3234 999 3523 1051 veritatem

273 1100 443 1153 supra
468 1087 794 1150 edisseruit,
817 1083 1052 1139 dicens:
1086 1100 1104 1133 ι
1139 1082 1428 1136 Sacrillcia
1455 1090 1510 1138 et
1533 1082 1843 1136 oblationes
1877 1091 1931 1136 et
1965 1083 2289 1136 holocausta
2319 1095 2420 1150 pro
2448 1090 2677 1150 peccato
2709 1082 2934 1136 noluisti
2967 1082 3036 1144 ",
3077 1101 3094 1132 ι
3121 1090 3227 1136 (τις.

339 1169 405 1224 Et
435 1174 570 1226 exiit
617 1173 767 1241 ﬁlius
811 1169 1060 1224 mulieris
1097 1167 1456 1234 Israelitidis,
1503 1177 1613 1224 etc.
1652 1166 1796 1241 [l0.]
1829 1167 1909 1223 Ex
1942 1167 2208 1240 Egyptio
2235 1167 2399 1222 Patre
2429 1178 2655 1221 creatus
2696 1178 2782 1223 est
2823 1169 3181 1238 blasphemus
3213 1170 3324 1224 ille.
3378 1170 3496 1236 Qua
3519 1201 3531 1212 ο

261 1269 493 1328 propter
523 1259 837 1328 segregavit
868 1259 938 1312 ab
974 1257 1312 1326 alienigenis
1345 1255 1630 1312 lsraelitas
1657 1256 1800 1310 Deus
1835 1257 2103 1310 inducens
2131 1270 2227 1310 eos
2260 1255 2325 1308 ad
2361 1256 2618 1323 pietatem
2646 1255 2834 1306 statim
2881 1256 2950 1308 ab
2983 1257 3120 1323 ipsis
3151 1258 3523 1310 incunabulis.

264 1346 324 1400 In
358 1345 600 1418 Egypto
633 1363 786 1403 more
821 1347 1114 1418 gentilium
1143 1347 1424 1401 vixerunt.

349 1457 410 1510 '0
438 1457 576 1510 Θεὸν
613 1457 1032 1529 καταρώμενος,
1065 1457 1186 1511 τίνα
1221 1455 1440 1509 κελεύει
1479 1455 1614 1508 Θεὸν
1663 1455 1848 1524 ἕτερον
1879 1442 1926 1497 Α
2023 1454 2034 1509 i

1843 1442 1926 1497 νΑ
2023 1448 2127 1517 Qui
2192 1464 2324 1505 vero
2380 1461 2713 1505 exsecratur
2766 1448 2975 1512 Deum,
3026 1467 3188 1512 quem
3247 1452 3528 1506 invocabit

263 1548 347 1611 ei;
394 1548 496 1617 τὴν
532 1550 633 1618 τῆς
683 1551 824 1619 ἀρᾶς
878 1548 1210 1618 βεϐαίωσιν;
1245 1549 1315 1601 Ἦ
1351 1547 1513 1613 δῆλον
1561 1548 1643 1599 ὅτι
1691 1547 1855 1599 αὑτὸν

1844 1564 1855 1597 ο
1961 1543 2131 1596 Deum
2174 1541 2243 1596 ad
2279 1542 2721 1596 conﬁrmandam
2777 1544 3257 1598 exsecrationem“!
3284 1545 3398 1598 lino
3445 1561 3529 1599 se-

265 1639 392 1692 καθ⁹
422 1639 646 1694 ἑαυτοῦ.
687 1641 887 1710 Ἐχρῆν
931 1640 1030 1710 μὲν
1064 1636 1161 1694 οὖν
1205 1639 1505 1710 παρεῖσθαι
1548 1637 1648 1690 τοῦ
1688 1636 1854 1706 φθεγ-

1848 1668 1854 1678 .
1959 1637 2259 1703 metipsum
2302 1645 2624 1689 exsecratur
2670 1635 2779 1689 ille.
2835 1633 3032 1689 Verum
3080 1653 3304 1692 necesse
3355 1637 3533 1692 fuerat

265 1737 510 1802 ξαειένου
547 1737 647 1807 τὴν
689 1737 970 1803 γλῶσσαν.
1003 1736 1240 1808 Προνοίᾳ
1281 1736 1339 1789 δὲ
1374 1735 1472 1804 τῆς
1511 1735 1691 1803 δίκης,
1729 1733 1854 1786 οὕτε

1846 1751 1854 1785 ε
1962 1735 2020 1779 ut
2053 1727 2141 1781 ille
2175 1726 2339 1781 homo
2365 1727 2606 1796 elinguis
2632 1737 2794 1780 natus
2819 1738 2988 1791 esset,
3023 1744 3091 1783 ne
3123 1729 3176 1782 in
3214 1730 3316 1784 hoc
3350 1733 3531 1801 prole--

263 1826 480 1893 ἀγαθὸν
511 1825 875 1892 ὑπερϐάλλον,
902 1824 1030 1879 οὕτε
1082 1826 1253 1879 κακὸν
1299 1824 1680 1888 ἐπιςκιάξεται
1717 1824 1855 1893 πρὸς

1846 1841 1855 1886 ;
1959 1816 2182 1872 beretur
2212 1819 2417 1872 scelus.
2449 1818 2515 1871 At
2543 1819 2890 1888 providentia
2926 1835 3100 1888 paenae
3124 1837 3301 1891 neque
3332 1824 3531 1878 bonum

266 1919 504 1987 ἱλεγχον
539 1918 744 1988 ἀρετῆς
770 1918 802 1989 ἢ
852 1918 1052 1980 κακίας
1073 1931 1086 1945 ⁸
1129 1917 1216 1969 ἵνα
1252 1915 1350 1985 τὴν
1394 1917 1514 1984 μέν’
1549 1913 1820 1984 ἀπθδθκῆς
1842 1931 1854 1944 ’

1850 1931 1854 1944 ι
1961 1908 2241 1962 excellens
2278 1924 2378 1963 nec
2417 1911 2581 1963 etiam
2617 1910 2821 1964 malum
2855 1911 3205 1978 obscuratur,
3239 1916 3535 1983 quominus

265 2010 370 2079 τὴν
400 2009 478 2072 δὲ,
509 2008 789 2077 τιμωρξας
826 2005 1057 2078 ἀξιώσῃ.

1961 1999 2279 2052 declaretur
2305 1998 2391 2052 vel
2427 1999 2607 2053 virtus
2635 2001 2717 2052 vel
2736 2002 2931 2055 vitium
2955 2020 2968 2066 ;
2995 2003 3174 2058 virtus
3197 2005 3250 2058 in
3275 2008 3375 2060 hoc
3397 2022 3539 2060 cont-

987 2102 992 2107 ’
1963 2101 2154 2162 parata
2188 2100 2296 2158 est,
2339 2102 2397 2145 ut
2427 2094 2728 2162 recipiatur
2757 2112 2771 2146 :
2803 2104 2856 2148 at
2887 2097 3077 2149 vitium
3113 2101 3293 2167 pinnis
3322 2099 3538 2156 feritur.

347 2213 458 2264 va
491 2210 640 2264 nulla
665 2210 846 2280 posita
887 2207 1095 2268 luerat.
1127 2222 1239 2277 qua
1275 2207 1652 2276 plecterentur
1687 2206 2014 2277 blasphemi,
2042 2205 2154 2261 Deo
2188 2207 2440 2277 ipsonon
2467 2207 2605 2261 citra
2629 2223 2785 2262 suam
2816 2211 3220 2278 providentiam
3241 2211 3528 2266 dilTJrrntv.

271 2302 432 2355 illam
469 2313 718 2367 poenam,
752 2306 810 2350 ut
840 2293 1092 2364 exemplo
1124 2293 1429 2354 horrendo,
1469 2294 1562 2363 qui
1594 2293 1793 2363 reliqui
1841 2302 1988 2350 metu
2036 2295 2498 2364 percellerentur,
2536 2311 2655 2349 eam
2688 2298 2859 2366 legem
2915 2299 3177 2352 sanciret.
3217 2298 3539 2356 Secundum

273 2388 617 2441 sententiam
658 2385 750 2440 Dei
791 2385 1103 2439 sceleratus
1141 2384 1235 2438 ille
1278 2382 1500 2452 ejicitnr
1534 2384 1762 2449 castris,
1815 2383 2021 2453 quibus
2055 2383 2215 2451 quasi
2267 2383 2423 2436 oneri
2461 2383 2652 2436 fuerit.
2709 2383 2778 2438 Ut
2817 2377 3543 2455 populum'consuel‘aceret

272 2475 667 2544 ad'pietatcm,
708 2472 756 2526 ei
788 2472 1048 2540 imperat,
1081 2479 1142 2525 ut
1180 2470 1297 2526 suis
1334 2471 1590 2525 manibus
1620 2472 1773 2526 illum
1811 2473 2110 2542 perimant.
2134 2473 2269 2534 Quia
2303 2488 2432 2525 vctu
2474 2473 2519 2526 is
2549 2482 2666 2526 erat
2689 2476 2846 2542 quasi
2881 2474 3017 2541 lapis
3041 2485 3091 2527 et
3121 2476 3385 2544 lapideus.
3426 2495 3541 2531 me-

273 2568 388 2618 rito
414 2563 697 2633 lapidibus
719 2561 1002 2616 obruitur.
1039 2559 1312 2614 Prteterea
1349 2559 1435 2614 lex
1473 2560 1645 2614 edicit
1676 2561 1959 2624 omnibus,
2004 2576 2073 2614 ne
2114 2563 2240 2630 quis
2271 2561 2618 2632 blasphemet
2659 2563 2828 2618 Deum
2882 2580 3047 2634 quem
3083 2566 3234 2628 colit,
3265 2569 3481 2622 etiamsi
3516 2588 3545 2624 e

271 2651 424 2705 falso
448 2652 861 2704 nominatorum
896 2646 1042 2702 Deus
1075 2647 1171 2701 ille
1201 2649 1276 2702 sit
1312 2662 1564 2700 numero.
1593 2646 1728 2700 Nam
1763 2664 1919 2702 mens
1950 2649 2246 2718 delinquit.
2283 2651 2448 2704 etiam
2484 2651 2614 2704 dum
2645 2649 2738 2705 Dei
2769 2667 2973 2706 nomen
3009 2653 3119 2705 illis
3146 2654 3274 2719 diis,
3308 2657 3398 2725 qui
3438 2673 3544 2710 non

272 2747 435 2802 sunt,
467 2737 689 2792 tribuit.
725 2735 932 2790 Deinde
962 2742 1156 2804 peccat
1189 2750 1352 2789 mens
1375 2735 1522 2803 quod
1548 2750 1673 2787 ettm
1701 2750 1800 2789 nec
1834 2738 2031 2790 debeat
2065 2741 2186 2792 illos
2219 2741 2468 2793 venerari
2522 2741 2657 2795 deos
2685 2752 2736 2795 et
2769 2753 2947 2794 tamen
2994 2755 3292 2797 veneratur
3329 2763 3340 2796 :
3369 2755 3422 2799 et
3469 2749 3547 2800 iu-

272 2827 443 2881 terizn
484 2838 706 2892 quoque
743 2825 892 2892 quod
946 2823 1074 2876 illos
1107 2822 1483 2890 blasphemat.
1525 2819 2081 2878 Verumtanieutales
2118 2842 2225 2878 non
2265 2829 2440 2896 punit,
2473 2827 2568 2881 sed
2615 2829 2838 2897 reliquit
2871 2834 2921 2881 in
2961 2830 3102 2882 mala
3146 2831 3364 2886 illorum
3412 2849 3548 2888 cou-

273 2915 522 2968 scientia
553 2912 704 2967 istud
730 2911 1022 2974 delictum,
1051 2925 1154 2964 nos
1193 2910 1550 2965 solummodo
1585 2910 1983 2974 assnefaciens,
2023 2929 2092 2965 ne
2133 2913 2294 2979 impie
2325 2915 2618 2984 loquamur
2642 2917 2709 2971 de
2735 2915 2866 2973 Deo.
2894 2914 2998 2982 Qui
3033 2933 3164 2972 vero
3194 2920 3548 2988 blasphema-

277 3007 393 3055 rint
425 3015 622 3055 verum
655 2998 848 3065 Deum,
889 2999 1019 3052 illos
1043 2998 1194 3052 baud
1227 2997 1363 3052 sivit
1393 2998 1534 3052 hanc
1563 2998 1902 3068 impietatem
1938 3012 2006 3051 au
2027 2996 2174 3050 lerre
2199 2998 2472 3051 inultam-

351 3110 428 3163 τὸ
465 3108 779 3179 ὀνομάζειν
804 3110 926 3163 ἀντὶ
961 3109 1054 3163 τοῦ
1097 3109 1504 3178 καταρᾶσθαι·
1569 3112 1739 3182 ἦγουν
1773 3129 1865 3165 κο-
1900 3098 1941 3153 υ

1859 3141 1865 3151 .
1900 3098 1941 3153 Β
2043 3103 2342 3161 Νυηιὶηατε
2385 3107 2489 3162 hoc
2544 3108 2664 3163 loco
2705 3111 2932 3180 ponitur
2973 3127 3070 3180 pro
3115 3115 3408 3168 exsecrari.
3451 3114 3544 3170 γει

274 3200 440 3264 λάζει
481 3201 578 3252 καὶ
621 3199 684 3252 τὸ
731 3199 978 3269 ἀκαίρως
1008 3199 1174 3253 αὑτοῦ
1223 3199 1564 3268 φθέγξασθαι
1609 3202 1866 3272 τοῦνομα.

1860 3242 1866 3255 ,
1973 3196 2152 3265 pretiis
2191 3197 2412 3268 subjicit
2456 3200 2618 3253 etiam
2671 3201 2846 3264 illum,
2895 3203 2987 3272 qui
3027 3218 3134 3258 non
3175 3205 3231 3259 in
3277 3213 3545 3274 tempore,

276 3294 444 3357 Τινὲς
473 3293 531 3346 δὲ
567 3293 886 3361 ὀνομάσαι,
919 3293 978 3345 τὸ
1031 3292 1329 3364 σαφηνίσαι
1387 3295 1520 3362 φασὶ
1570 3295 1631 3346 τὸ
1672 3312 1870 3364 τετρα-

1864 3323 1870 3335 ι
1976 3291 2072 3344 sed
2099 3298 2306 3346 temere
2331 3294 2509 3361 ipsius
2547 3309 2746 3348 nomen
2776 3297 3050 3350 sonuerit.
3075 3297 3185 3353 Nec
3209 3301 3431 3362 desunt,
3457 3301 3549 3368 qui

274 3383 624 3452 γράμματον
651 3381 784 3451 παρ’
825 3381 1105 3452 Ἑϐραίοις
1130 3381 1324 3451 ὄνομα.

1975 3384 2078 3436 sub
2121 3384 2291 3438 verbo
2355 3387 2651 3453 nominare,
2706 3391 2894 3442 volunt
2943 3391 3281 3461 signiﬁcari,
3325 3409 3392 3448 ne
3429 3396 3551 3463 quis

748 3485 752 3488 ·
1980 3476 2333 3544 aggrediatur
2376 3479 2596 3546 aperire
2633 3487 2688 3535 et
2731 3481 3044 3550 patefacere
3095 3499 3291 3538 nomen
3332 3485 3424 3541 Dei
3477 3495 3556 3540 te-

1981 3571 2456 3634 tragrammatum.

365 3675 431 3730 Et
462 3676 642 3740 homo,
667 3676 759 3745 qui
791 3677 1120 3744 percusserit
1165 3690 1373 3729 onmem
1411 3675 1652 3728 animam
1689 3674 1943 3741 hominis,
1970 3689 2076 3733 etc.
2117 3679 2257 3754 [17.]
2293 3683 2675 3754 Blasphemiat,
2717 3703 2829 3758 qua
2875 3695 3180 3745 temeratur
3214 3691 3376 3757 Deus,
3424 3710 3558 3749 eon-

275 3767 475 3836 jungit
505 3764 890 3818 homicidium.
938 3762 1050 3817 Nec
1079 3763 1442 3832 blasphemus
1472 3763 1820 3833 punitur,'ut
1864 3765 1958 3834 qui
1999 3770 2254 3824 instituat
2298 3771 2738 3842 blasphemando
2770 3793 2978 3833 nocere
3013 3777 3145 3843 Deo,
3180 3783 3440 3847 quamvis
3471 3799 3556 3836 rc.-

281 3870 419 3908 vera
451 3867 613 3907 nemo
635 3852 889 3906 mortalis
909 3851 1212 3921 quidquam
1244 3852 1442 3905 laedere
1478 3852 1653 3920 possit
1674 3847 1910 3907 Numen.
1948 3855 2022 3908 Ita
2051 3858 2144 3926 qui
2169 3858 2528 3913 homicidium
2554 3866 2873 3929 committit,
2902 3866 3164 3920 damnum
3199 3868 3293 3921 dat
3317 3870 3366 3924 ei
3394 3886 3555 3938 quem

285 3940 584 3997 interﬁcit.
609 3939 748 3994 Cum
783 3941 956 4010 igitur
988 3948 1097 3993 tam
1133 3939 1445 4008 blasphemi
1479 3954 1643 4009 quam
1688 3939 1981 3996 homicida:
2026 3945 2168 3999 idem
2209 3946 2279 4001 sit
2313 3948 2538 4011 animus
2568 3951 2826 4020 idemque
2865 3956 3230 4024 propositum,
3265 3959 3465 4012 metito
3502 3959 3556 4011 in

285 4031 646 4100 legislatioue
676 4030 1118 4098 eoujungnntur.
1155 4027 1428 4084 Similiter
1455 4047 1485 4084 a
1514 4032 1824 4096 contrario,
1856 4046 1978 4086 cum
2024 4037 2182 4088 docet
2223 4037 2566 4106 diligendum
2606 4039 2804 4106 Deum,
2845 4041 3109 4098 eharitati
3156 4043 3248 4099 Dei
3278 4047 3561 4116 copulavit

290 4119 631 4174 rharitatem
670 4117 936 4187 proximi.

360 4233 475 4288 Kal
507 4230 578 4297 ὃς
606 4228 684 4285 ἂν
717 4227 958 4296 πατάξῃ
1004 4228 1249 4294 κτῆνος,
1277 4229 1375 4282 καὶ
1404 4228 1700 4296 ἀποθάνῃ,
1728 4230 1880 4282 ἁπο-

1876 4261 1880 4270 ι
2064 4233 2130 4287 Et
2153 4236 2445 4305 quicunque
2482 4239 2798 4312 percusserit
2831 4240 3145 4306 iumentum,
3181 4243 3294 4296 luat
3323 4246 3561 4298 animam

286 4324 519 4381 τισὰτω
553 4321 774 4392 ψυχὴν
813 4321 946 4376 ἀντὶ
988 4320 1220 4390 ψυχῆς.
1282 4321 1474 4389 Δῆλον,
1511 4322 1593 4373 ὅτι
1648 4322 1880 4389 κτήνους

1872 4339 1880 4383 ;
1986 4339 2080 4390 pro
2117 4326 2296 4379 anima
2321 4325 2569 4394 jumcnti.
2602 4327 2749 4400 [18.]
2772 4330 3016 4385 Animam
3055 4333 3290 4399 scilicet,
3326 4343 3557 4390 ntcom-

283 4418 496 4489 ψυχὴν,
519 4415 664 4468 ὥστε
697 4413 1009 4468 ἀντιδοῦναι
1049 4413 1270 4480 κτῆνος.
1305 4412 1418 4482 (9.6)
1457 4412 1577 4482 Ἰση
1608 4409 1702 4466 οὖν
1734 4416 1766 4484 ἡ
1799 4414 1875 4466 δι-

1079 4413 1270 4480 ξτῆνος.
1305 4412 1418 4482 (9.6)
1457 4412 1577 4482 Ἰση
1608 4409 1702 4466 οὖν
1734 4416 1766 4484 ἡ
1799 4414 1875 4466 δι·
1985 4425 2177 4484 μουειοι
2205 4419 2478 4486 jar-turam
2511 4419 2764 4488 jumenti.

286 4506 561 4576 καιοσύνη
586 4506 724 4575 πρὸς
755 4505 852 4574 τὴν
889 4505 1116 4573 φονικὴν
1147 4505 1491 4574 προαίρεσιν.

367 4620 437 4676 Et
463 4623 558 4690 qui
582 4619 788 4674 dederit
817 4622 1087 4674 maculam
1114 4620 1383 4694 proximo.
1418 4631 1528 4675 etc.
1574 4619 1717 4694 [l9.]
1751 4619 1908 4673 llaud
1941 4621 2373 4692 incpngruenter
2409 4624 2689 4679 homicidii
2725 4627 2828 4695 legi
2856 4627 3145 4682 subnectit
3197 4630 3370 4701 legem
3417 4632 3564 4702 inju-

288 4713 530 4766 riarum.
575 4710 721 4764 Idem
742 4708 836 4778 jus
879 4709 990 4763 erit
1041 4709 1335 4778 peregrino
1366 4717 1420 4763 et
1447 4709 1742 4779 indigenae.
1792 4710 1923 4762 Nam
1949 4724 2052 4779 ego
2085 4709 2350 4766 Dominus
2379 4711 2522 4768 Deus
2559 4724 2762 4779 vester,
2794 4716 2889 4784 qui
2920 4716 3182 4772 videlicet
3225 4735 3350 4771 amo
3381 4721 3557 4790 ipsum

283 4803 567 4872 justitiam
603 4800 757 4854 nullo
792 4799 985 4854 habito
1015 4813 1385 4868 personarum
1413 4810 1694 4868 respectu.
1738 4798 1902 4870 375
1943 4817 1961 4850 t
1994 4800 2050 4852 Si
2082 4801 2208 4869 quis
2244 4802 2561 4855 vendiderit
2591 4802 2816 4857 domum
2850 4804 2904 4857 in
2935 4806 3070 4860 urbe
3099 4809 3375 4864 moenibus
3408 4811 3559 4864 cinc-

287 4903 367 4956 ta,
405 4892 538 4946 licet
571 4890 620 4943 ei
658 4888 942 4943 venditatn
985 4886 1212 4940 domum
1267 4889 1413 4940 intra
1453 4903 1660 4942 annum
1696 4891 1990 4942 redimere.
2029 4907 2047 4938 ι
2081 4891 2142 4940 At
2178 4890 2378 4958 prmdia
2419 4891 2622 4944 rustica
2670 4890 2786 4945 sive
2822 4891 3017 4946 domos
3061 4889 3303 4950 rusticas
3347 4913 3566 4965 selllpt'l'

294 4983 430 5034 licet
477 4976 757 5032 redimere
797 4975 1099 5030 vemlitori.
1127 4975 1226 5029 Cui
1270 4990 1403 5028 vero
1445 4993 1554 5028 nun
1585 4985 1754 5029 tautae
1787 4982 1918 5028 sunt
1951 4973 2264 5039 facultates,
2296 4985 2356 5029 ut
2387 4978 2567 5047 possit
2601 4978 2876 5033 redimere
2904 4981 3200 5036 aedilicium
3232 4986 3381 5053 quod
3427 5002 3561 5040 ven-

288 5070 457 5133 didit,
496 5082 648 5122 anno
681 5067 1160 5136 quinquagesimo
1199 5065 1338 5117 citra
1365 5067 1525 5134 pretii
1559 5065 2009 5119 numerationem
2039 5074 2331 5134 recuperat
2365 5066 2644 5119 venditam
2666 5069 3105 5136 possessionem.
3137 5067 3272 5124 Nam
3298 5073 3566 5128 diuturna
3621 5062 3626 5064 ⁷

290 5160 383 5212 illa
421 5154 708 5226 possessio
737 5169 836 5224 pro
897 5154 1075 5224 pretio
1105 5161 1414 5222 reputatur.
1454 5153 1604 5206 Dona
1640 5163 1819 5207 autem
1854 5152 2168 5206 Levitarnm
2214 5169 2434 5224 semper
2472 5171 2500 5208 a
2532 5153 2738 5210 Levitis
2766 5156 2960 5210 redimi
2996 5170 3248 5227 possunt.
3292 5161 3393 5227 Qui
3420 5166 3565 5218 enim

288 5244 645 5315 privilegium
676 5241 901 5312 aliquod
939 5255 969 5294 a
1006 5239 1117 5295 Deo
1146 5241 1382 5306 accepit,
1440 5251 1495 5293 et
1545 5251 1696 5294 recte
1727 5255 1850 5311 erga
1881 5242 2012 5296 illud
2052 5243 2286 5297 allicitur
2315 5252 2373 5297 ut
2410 5247 2558 5314 quod
2598 5261 2625 5296 a
2675 5243 2783 5299 Deo
2823 5251 3120 5316 acceperit,
3157 5251 3452 5318 nullo'jure
3475 5271 3570 5307 ρλ-

287 5334 542 5389 clnditur
580 5337 651 5385 ab
684 5331 806 5396 ejus
829 5329 1207 5398 redmuptione
1245 5337 1475 5399 propter
1532 5344 1690 5384 suam
1751 5333 2144 5385 constantiam.
2196 5331 2289 5387 Sic
2338 5331 2532 5398 David,
2575 5335 2829 5405 quamvis
2880 5350 2980 5389 sua
3017 5340 3371 5407 possessione
3406 5346 3567 5412 quasi

289 5423 460 5478 domo
491 5420 784 5484 exciderit,
815 5419 1084 5472 continuo
1107 5417 1174 5472 ad
1201 5417 1386 5471 Deum'
1407 5433 1664 5472 reversus
1708 5427 1815 5484 est,
1853 5434 1954 5474 nec
1982 5423 2233 5490 privatus
2266 5429 2349 5476 est
2388 5423 2592 5479 honore
2617 5431 2669 5478 ct
2702 5423 2992 5495 dignitate,
3029 5428 3195 5483 veluti
3225 5429 3569 5499 hzrreditatv,

365 5585 411 5614 "
454 5580 622 5637 Joan.
671 5595 743 5645 tv,
770 5579 861 5635 32.
941 5579 987 5610 ³⁸
1067 5575 1235 5632 llebr.
1267 5593 1344 5642 ix,
1376 5575 1428 5631 6.
1509 5577 1549 5608 "
1596 5575 1741 5632 l‘sal.
1782 5594 1970 5643 xxxix,
2003 5580 2056 5630 7.

1824 5690 1955 5747 ΝΟΤ
1966 5691 2052 5749 ΛΞ.

364 5789 478 5862 (26)
512 5789 596 5844 τὰ
627 5788 868 5860 ἑπόμενα
898 5788 959 5841 οὐ
986 5788 1163 5841 κεῖται
1188 5787 1247 5841 ἐν
1273 5786 1350 5858 τῷ
1369 5787 1465 5858 τῆς
1499 5787 1634 5856 Αὖῖ.
1666 5787 1797 5840 κώδ.
