4266 6446
777 368 878 427 783

2098 362 2450 422 PROCOPII
2495 361 2737 421 GAZ/EI

3913 345 4018 412 784

777 497 939 548 quam
966 478 1107 548 apud
1146 477 1314 532 Deum
1343 479 1556 532 habuit.
1589 479 1694 542 Qui
1730 491 1863 532 vero
1905 491 2012 530 nou
2044 475 2298 529 habuerit
2331 478 2495 530 talem
2524 475 2943 544 proprietatem,
2991 470 3210 540 qualem
3240 468 3430 532 David,
3461 465 3568 520 nisi
3608 465 3719 518 cito
3747 462 3938 518 redeat
3961 463 4015 515 in

781 570 946 627 viain,
980 581 1136 620 suam
1175 566 1562 634 proprietatem
1612 565 1843 627 amittit,
1892 562 2358 632 quemadmodum
2391 561 2548 624 Saul,
2582 562 2700 629 qui,
2733 575 2858 612 eum
2913 573 3019 612 non
3047 558 3308 612 continuo
3342 561 3711 607 reverteretur
3741 549 3807 604 ad
3849 549 4019 603 Deum

781 662 1068 720 postquam
1097 668 1207 705 non
1248 662 1540 706 exsecutus
1571 663 1691 704 erat
1756 651 2016 704 mandata
2069 649 2187 713 Dei,
2220 648 2428 702 decidit
2469 663 2657 717 regno.
2697 646 2905 701 Nactus
2957 655 3137 698 autem
3173 652 3259 698 est
3295 655 3649 697 successores
3679 653 3891 701 servos,
3923 635 4019 700 qui

777 758 839 792 ex
869 741 972 792 alia
1003 751 1157 793 erant
1190 740 1338 792 tribu
1375 740 1614 792 oriundi.
1639 737 1749 792 Iloc
1773 738 1911 791 idem
1933 738 2297 807 significatur.
2324 736 2454 790 dum
2485 735 2720 789 dicitur:
2747 753 2765 785 ι
2801 733 3184 800 Subjieiuntur
3214 729 3422 782 sanctis
3448 734 3640 796 gentes
3663 725 3731 780 “.
3770 743 3791 776 ι
3821 723 3888 778 Et
3922 724 4024 776 ite-

779 843 898 879 rum
933 843 947 879 :
995 845 1012 877 ι
1048 825 1293 894 Subjecit
1319 827 1478 880 nobis
1504 828 1756 895 populos,
1790 833 1845 879 et
1873 837 2064 894 gentes
2095 826 2200 878 sub
2231 823 2399 892 pedes
2425 829 2650 877 nostros
2673 820 2741 874 ³⁸.
2781 839 2800 872 ι
2831 819 2996 873 Tales
3030 825 3190 871 erant
3213 813 3556 869 Gabaonitae.

847 935 1115 991 Caeterum
1145 953 1267 1006 qua
1293 939 1436 992 ratio
1470 938 1760 1010 permittit,
1789 947 1848 992 ut
1884 941 2092 992 urbana
2117 939 2344 992 aedificia
2379 923 2422 977 Α

2388 923 2422 977 λ
2520 937 2646 1000 Πῶς
2667 935 2724 989 δὶ
2751 937 2820 989 τὰ
2859 937 2960 1004 μὲν
2991 935 3050 987 ὲν
3087 934 3242 987 ἄστει
3273 932 3468 1000 μέχρις
3511 930 3664 988 ἔτους
3693 925 3830 988 ἑνὸς,
3869 923 3939 976 τὰ
3966 924 4023 976 δὲ

779 1027 927 1079 intra
951 1043 1158 1080 annum
1201 1029 1636 1086 redimantur,et
1664 1028 1807 1081 villa“:
1837 1037 2101 1097 perpetrm
2134 1028 2349 1081 redem-

779 1118 983 1185 ptionis
1047 1118 1289 1186 gaudent
1333 1119 1504 1188 jure?
1566 1120 1766 1173 Verum
1827 1119 2107 1187 legislator
2155 1133 2348 1187 parum

780 1218 939 1264 curat
969 1210 1294 1264 historicum
1327 1224 1546 1264 sensum
1588 1209 1814 1278 quando
1859 1208 2085 1262 disserit
2113 1207 2181 1261 de
2237 1209 2352 1277 spi-

780 1302 1097 1356 ritualibus.
1135 1303 1237 1366 Qui
1274 1304 1327 1354 in
1362 1316 1513 1370 agris
1542 1301 1658 1355 sive
1689 1314 1817 1354 rure
1850 1306 2023 1368 agunt
2068 1297 2228 1352 facile
2259 1314 2353 1352 ea-

779 1392 1009 1468 pi'untur
1040 1405 1163 1442 cum
1197 1390 1365 1443 nullis
1401 1396 1696 1442 teneantur
1731 1387 1927 1440 muniti
1959 1389 2154 1439 muris.
2187 1386 2354 1455 Oppi-

777 1474 907 1534 dani
939 1481 1250 1534 civiliorem
1301 1489 1587 1534 sectantur
1652 1480 1774 1531 vita:
1823 1479 2118 1541 rationem,
2165 1487 2354 1547 utpote

777 1572 958 1640 legum
993 1572 1228 1626 scientia
1251 1571 1480 1640 praediti.
1520 1565 1734 1622 Rustici
1777 1569 1996 1638 quidem
2044 1568 2354 1624 fortissime

778 1678 878 1731 pro
909 1678 967 1716 se
996 1677 1240 1731 pugnare
1271 1662 1469 1717 solent.
1497 1662 1564 1714 At
1595 1660 1856 1729 oppidani
1892 1661 2086 1714 melius
2126 1662 2351 1714 consul-

778 1757 897 1802 tant
925 1749 993 1802 de
1029 1750 1207 1804 salute
1251 1750 1536 1820 magisque
1595 1748 1790 1801 muniti
1841 1756 1990 1802 sunt.
2044 1749 2180 1802 Cum
2227 1763 2353 1802 vero

774 1839 969 1893 rustici
1003 1854 1104 1893 nec
1138 1841 1374 1896 consilio
1417 1841 1655 1904 valeant,
1688 1853 1789 1893 nec
1847 1841 2056 1893 munita
2108 1841 2226 1894 ioca
2269 1842 2354 1893 in-

776 1929 979 1991 colant,
1015 1930 1059 1982 si
1085 1929 1151 1982 ab
1177 1930 1432 1984 hostibus
1472 1929 1839 1994 debellentur,
1885 1930 2063 1997 magis
2117 1929 2350 1982 commi-

777 2022 1112 2076 serationem
1160 2028 1213 2075 et
1263 2021 1480 2075 veniant
1521 2032 1827 2084 merentur,
1858 2036 2024 2090 quam
2060 2020 2349 2090 oppidani.

776 2111 1049 2179 Oppidani
1087 2125 1213 2164 cum
1271 2110 1324 2163 in
1366 2111 1502 2166 tutis
1558 2120 1842 2165 morentur
1883 2112 2045 2174 locis,
2078 2123 2132 2166 et
2163 2111 2353 2165 omnia

775 2201 1167 2256 administrent
1203 2201 1362 2256 bonis
1398 2202 1669 2266 consiliis,
1704 2202 1748 2256 si
1796 2202 2111 2266 vincantur,
2147 2201 2351 2254 nullam

774 2291 1071 2346 inveniunt
1125 2306 1277 2359 spem
1337 2291 1532 2345 venia}.
1563 2292 1736 2347 ιιιόωί
1769 2292 1962 2360 igitur,
1983 2293 2078 2360 qui
2104 2301 2350 2348 sanctam

775 2382 1060 2436 incoluere
1084 2380 1296 2442 urbem.
1363 2381 1432 2435 de
1465 2395 1572 2448 qua
1623 2381 1706 2436 sic
1749 2380 1994 2450 loquitur
2018 2379 2304 2449 Scriptura
2339 2399 2354 2435 :

788 2485 806 2517 ε
839 2466 906 2520 Et
925 2480 1027 2536 ego
1056 2479 1152 2520 ero
1192 2467 1266 2526 ei.
1294 2466 1432 2520 dicit
1474 2465 1758 2530 Dominus.
1779 2482 1971 2524 murus
2005 2467 2150 2536 ignis
2171 2471 2223 2524 in
2249 2471 2358 2525 cir-

776 2556 954 2620 cuitu,
989 2563 1043 2609 et
1073 2555 1128 2608 in
1166 2554 1393 2621 gloriam
1421 2571 1517 2612 ero
1553 2557 1607 2609 in
1641 2555 1823 2611 medio
1851 2558 1976 2628 ejus
2007 2558 2091 2622 ³⁸ς
2133 2578 2151 2608 ι
2188 2567 2241 2612 et
2277 2561 2358 2614 le-

773 2648 933 2717 gibus
953 2646 1154 2700 eruditi
1183 2647 1428 2716 optimis,
1462 2663 1569 2703 non
1594 2647 1854 2703 dicebant
1881 2665 1894 2700 :
1931 2668 1948 2700 ε
1980 2648 2132 2704 Beati
2161 2667 2357 2706 sumus

776 2738 969 2803 Israel,
984 2738 1112 2807 quia
1129 2752 1252 2808 quae
1270 2738 1489 2806 placent
1506 2736 1757 2804 Domino,
1783 2747 1908 2794 nota
1927 2740 2089 2794 nobis
2106 2749 2234 2794 sunt
2254 2741 2318 2794 ³⁵.
2334 2761 2352 2793 ο

775 2828 1067 2895 Quomodo
1098 2829 1265 2898 igitur
1297 2827 1568 2884 illiJudtei
1603 2842 1634 2882 a
1657 2829 2000 2884 dzemonibus
2031 2837 2164 2884 sunt
2187 2831 2356 2900 capti,

771 2927 828 2972 et
879 2917 1235 2972 vecordiores
1297 2903 1535 2972 evasere.
1560 2911 1838 2987 gentibus,
1888 2934 2011 2986 quae
2057 2928 2359 2973 caruerunt

775 3008 1061 3076 illis,‘qua
1111 3007 1273 3061 modo
1303 3006 1679 3068 recitavinms.
1720 3006 2044 3061 beneﬂciis?
2068 3005 2356 3060 Verumta-

774 3113 897 3152 men
935 3098 1197 3152 obstinati
1259 3098 1336 3149 illi
1391 3095 1590 3162 Judaei,
1640 3099 1744 3152 nisi
1781 3113 1842 3153 se
1891 3098 2126 3152 laverint
2168 3110 2221 3152 et
2256 3112 2355 3152 co-

774 3200 1106 3259 gnoscentes
1143 3204 1256 3243 suae
1292 3190 1514 3243 malitiae
1573 3189 1900 3244 fermentum
1941 3190 2224 3243 attulerint
2271 3205 2356 3244 re-

774 3280 1107 3349 demptionis
1159 3280 1396 3348 pretium
1458 3294 1566 3347 quo
1616 3294 1754 3349 Opus
1780 3291 1885 3343 est,
1915 3296 1981 3333 eo
2026 3280 2147 3350 ipso
2180 3294 2354 3345 anno,

773 3385 884 3439 quo
950 3368 1209 3425 Christus
1238 3369 1485 3434 advenit,
1527 3385 1745 3438 semper
1769 3370 1994 3424 obnoxii
2034 3381 2088 3425 et
2117 3371 2352 3440 subjecti

770 3467 936 3513 erunt
969 3459 1227 3526 emptori,
1288 3458 1339 3512 id
1371 3467 1478 3520 est.
1509 3458 1766 3512 Satanae:
1803 3476 1821 3508 ι
1870 3457 2009 3512 Ecce
2047 3460 2216 3523 enim,
2254 3460 2352 3524 ait,

2451 1028 2572 1081 κατ’
2625 1026 2794 1096 ἀγρὸν
2840 1024 3135 1084 διαπαντὸς
3203 1021 3489 1089 λυτρωτάς
3550 1017 3690 1070 Ἀλλ’
3723 1013 3898 1076 οὐδεὶς
3947 1014 4025 1080 τῷ

2451 1115 2722 1186 νομοθέτῃ
2754 1115 2856 1183 τῆς
2891 1112 3131 1183 ἱστορίας
3164 1113 3318 1163 ἔσται
3349 1110 3527 1176 λόγος,
3554 1107 3665 1160 ἐστ’
3692 1106 3757 1158 ἂν
3786 1107 3855 1157 [et
3885 1106 4026 1154 κατᾶ

2456 1204 2585 1277 ῥοῦν
2619 1205 2768 1275 αὑτῴ
2813 1205 2882 1258 τὰ
2925 1202 3294 1271 πνευματικά.
3327 1200 3601 1254 Εὑάλωτοι
3645 1197 3825 1249 τοίνυν
3867 1196 3915 1246 οί
3967 1195 4026 1245 ὲν

2453 1298 2645 1366 ἀγροῖς
2685 1297 2979 1358 διαζῶντες
3004 1295 3322 1361 ἀτείχιστοι.
3349 1292 3492 1344 Ζῶσι
3518 1290 3574 1342 δὲ
3613 1288 3817 1358 μᾶλλον
3856 1288 4027 1338 ἐπιει-

2454 1387 2566 1448 κῶς
2598 1387 2657 1439 ὲν
2689 1387 2894 1454 εἰδήσει
2944 1386 3125 1452 νόμων
3157 1385 3205 1435 oi
3249 1383 3485 1436 ὰστικοί.
3521 1381 3634 1433 Καὶ
3691 1382 3741 1431 oi
3795 1379 3894 1447 μὲν
3927 1379 4026 1429 ἀν-

2453 1476 2731 1546 δρίσαιντο
2759 1475 2826 1528 ἂν
2851 1474 2992 1543 ὑπὲρ
3016 1473 3228 1524 ἑαυτῶν
3255 1470 3605 1540 μαχούμενοι,
3627 1470 3676 1521 οἱ
3700 1469 3756 1520 δὲ
3781 1471 4028 1536 κρεῖττον

2454 1566 2583 1634 περὶ
2612 1563 2885 1633 σωτηρίας
2934 1561 3338 1630 βουλεύσαιντο.
3379 1559 3492 1611 Καὶ
3535 1562 3650 1620 τοῖς
3693 1557 3792 1626 μὲν
3838 1555 4028 1608 ἁλοῦσι

2455 1655 2520 1707 δι’
2548 1655 2717 1725 ἄμφω
2758 1652 3080 1721 συγγνώμη,
3113 1653 3161 1703 ei
3208 1651 3390 1703 δὲκαὶ
3435 1647 3632 1717 τειχῶν
3682 1650 3776 1699 καὶ
3830 1646 4029 1716 βουλῆς

2459 1744 2780 1813 μετέχοντες
2837 1741 3085 1810 ἀγαθῆς,
3117 1739 3478 1810 ἡττηθέντες,
3507 1736 3904 1805 ἀσύγγνωστοι.
3963 1736 4030 1788 Ol

2458 1836 2557 1905 μὲν
2589 1831 2682 1888 οὖν
2709 1833 2954 1888 Ἰουδαῖοι
2973 1833 3075 1902 τὴν
3105 1832 3271 1900 ἁγίαν
3297 1832 3452 1884 πόλιν
3469 1829 3743 1893 οἰκοῦντες
3763 1845 3777 1859 ⁸
3802 1829 3934 1898 περὶ
3959 1822 4030 1898 ἦς

2455 1942 2620 1995 φησιν
2655 1925 2685 1978 ό
2711 1925 2863 1988 Θεός.
2917 1941 2936 1976 ι
2978 1924 3088 1976 Καὶ
3129 1922 3241 1990 ἐγὼ
3265 1921 3462 1991 ἔσομαι
3490 1920 3629 1989 αὐτῇ
3661 1957 3677 1983 ,
3707 1917 3861 1986 λέγει
3915 1917 4030 1969 Κύ-

2457 2033 2594 2087 ριος,
2628 2018 2808 2085 τεῖχος
2841 2015 3010 2084 πυρὸς
3059 2012 3345 2074 κυκλόθεν,
3377 2011 3471 2065 καὶ
3525 2011 3607 2073 είς
3645 2008 3805 2073 δόξαν
3835 2009 4032 2077 εσομαι

2455 2110 2514 2160 ὲν
2550 2106 2702 2176 μέσῳ
2735 2105 2904 2174 αὐτῆς
2924 2121 2938 2136 ·
2979 2123 2998 2157 ι
3029 2105 3122 2157 καὶ
3152 2105 3339 2173 νόμοις
3369 2102 3672 2173 τραφέντες
3693 2141 3709 2164 ,
3739 2098 4031 2170 τοιγαροῦν

2455 2198 2552 2250 καὶ
2602 2196 2869 2264 ἔφασκον
2935 2194 3257 2265 (Μακάριοι
3313 2194 3487 2262 ἐσμεν
3536 2190 3778 2262 Ἰσραὴλ,
3830 2190 3916 2243 ὅτι
3959 2189 4030 2243 τὰ

2388 2257 2428 2313 Β
2458 2257 2664 2358 ἀρεστά
2685 2288 2875 2357 Κυρίῳ
2908 2285 3134 2354 γνωστὰ
3153 2257 3289 2356 ήμῖν
3311 2257 3449 2339 εστι.
3499 2301 3520 2336 ι
3556 2257 3682 2344 Πῶς
3705 2257 3800 2336 οὖν
3828 2282 3930 2334 οὐκ
3962 2280 4032 2335 ἂν

2456 2377 2682 2440 είκότως
2706 2373 2850 2448 ἦσαν
2876 2377 2984 2430 ὑπὸ
3026 2376 3299 2446 δαιμόνων
3321 2374 3628 2440 ἁνάλωτοις
3653 2372 4033 2443 εὐπαράφοροι

2455 2471 2513 2523 δὲ
2541 2469 2741 2540 μᾶλλον
2764 2469 2874 2522 τῶν
2906 2468 3076 2521 ἐθνῶν
3105 2469 3154 2520 oi
3188 2467 3326 2532 λαοὶ,
3355 2466 3653 2537 μηδετέρου
3688 2463 4030 2535 μετέχοντες.

2471 2560 2612 2614 Ἀλλ’
2638 2561 2788 2630 ὅμως
2821 2561 2869 2612 εί
2910 2561 2986 2629 μή
3015 2558 3286 2628 νήψαντες
3315 2559 3536 2622 ἐκεῖνοι,
3573 2556 3793 2625 καὶτῆς
3822 2553 4035 2609 ἑαυτῶν

2459 2649 2663 2719 ζημίας
2685 2649 2941 2712 λασόντες
2974 2647 3230 2717 αἴσθησιν
3264 2646 3696 2718 ἁνακομίσαιντο
3725 2644 3797 2699 τὰ
3829 2646 4036 2707 οἰκεῖα,

2455 2737 2552 2793 τοῦ
2582 2741 2678 2810 τῆς
2705 2738 3031 2809 λυτρώσεως
3071 2739 3429 2807 ἐνεστηκότος
3461 2737 3734 2799 ὶνιαυτοῦ,
3757 2734 3881 2790 καθ’
3915 2735 3976 2789 δν
4006 2734 4040 2786 ό

2457 2831 2652 2901 Σωτήρ
2680 2829 3018 2900 ἐπεδήμησε,
3047 2829 3316 2899 διηνεκῶς
3347 2829 3736 2882 ὑποκείσονται
3762 2825 3842 2896 τῷ
3872 2842 4039 2895 πρια-

2459 2923 2628 2992 μένῳ,
2664 2921 2910 2974 τουτέστι
2941 2921 3020 2989 τῷ
3059 2921 3292 2990 Σατανᾷ,
3337 2939 3357 2972 ε
3395 2918 3529 2972 Ἰδοὺ
3559 2918 3694 2989 γὰρ,
3730 2917 3888 2987 φησὶ,
3917 2919 4040 2979 ταῖς

2457 3012 2716 3080 ἀνομίαις
2743 3011 2901 3080 ὑμῶν
2933 3010 3234 3082 επράθητε,
3269 3008 3366 3062 καὶ
3392 3011 3515 3073 ταῖς
3544 3008 3851 3080 ἁμαρτίαις
3881 3005 4041 3076 ὑμῶν

2457 3102 2823 3166 ὲξαπέστειλα
2847 3104 2949 3174 τὴν
2986 3082 3200 3173 μητέρα
3245 3101 3421 3172 ὑμῶν.
3454 3119 3473 3152 ι
3513 3101 3577 3153 'H
3619 3099 3678 3153 δὲ
3712 3099 3822 3153 τῶν
3869 3097 4042 3151 ἐθνῶν

2455 3195 2629 3266 ἀγέλη
2661 3195 3098 3266 ἀνεπικούρητος
3122 3189 3280 3256 οὖσα,
3297 3192 3590 3255 διαπαντός
3615 3193 3734 3244 εστι
3761 3189 4039 3260 λυτρωτή.

2457 3285 2567 3339 Καὶ
2596 3285 2973 3354 οίκτείραντος
3005 3283 3166 3350 Θεοῦ,
3198 3285 3293 3337 τὸν
3349 3283 3480 3336 ἴδιον
3521 3281 3862 3352 ἀπολήψεται
3901 3280 4043 3349 κλῆο

2460 3393 2574 3448 ρον,
2613 3375 2932 3448 κεκλημένη
2987 3377 3127 3446 πρὸς
3175 3375 3495 3447 ελευθερίαν
3547 3377 3608 3428 εν
3661 3374 3739 3443 τῷ
3785 3374 3898 3426 ἔτει
3941 3374 4044 3441 τῆς

2454 3447 2850 3533 ἀφέσεωςκότε⁴
2869 3467 3052 3518 πᾶσαν
3081 3466 3182 3536 τὴν
3213 3465 3306 3536 ὑφ’
3333 3467 3472 3536 ἡλίῳ
3497 3466 3596 3534 τῆς
3618 3464 3727 3517 τῶν
3752 3463 4033 3532 δαιμόνων

772 3559 998 3616 propter
1048 3550 1371 3618 iniquitates
1429 3554 1640 3603 Vestras
1714 3550 2013 3603 venundati
2071 3551 2251 3617 estis,
2297 3561 2421 3630 etc
2454 3556 2510 3608 τι]

2388 3572 2421 3630 ε
2454 3555 2773 3623 πλεονεξίας
2811 3557 2984 3626 ἀνῆκε
3011 3552 3274 3629 Χριστὸς,
3299 3557 3377 3626 τῷ
3404 3557 3518 3628 ίδίῳ
3554 3555 3776 3626 σταυρῷ
3817 3556 3881 3608 τὸ
3916 3555 4044 3608 καθ’

773 3650 998 3707 propter
1013 3650 1233 3708 peccata
1253 3650 1433 3694 vestra
1455 3641 1735 3710 repudiari
1759 3649 1984 3695 matrem
2003 3652 2240 3696 vestram
2256 3643 2320 3696 ³⁸.
2336 3664 2352 3695 ι
2466 3648 2510 3716 ήέ

2466 3645 2626 3716 ήμῶν
2659 3647 3021 3717 καταργήσας
3049 3647 3437 3717 χειρόγραφον.

770 3732 1038 3787 Caeterum
1065 3750 1194 3805 grex
1229 3735 1540 3804 gentilium,
1593 3738 1684 3804 qui
1716 3735 1966 3790 custodia
2001 3743 2056 3791 et
2076 3737 2334 3807 praesidio
2371 3747 2545 3805 caret,
2582 3754 2798 3808 semper
2861 3741 2954 3808 jus
3009 3741 3406 3810 redemptionis
3435 3740 3620 3804 habet,
3653 3747 3711 3795 et
3747 3755 3816 3796 ex
3866 3741 4042 3795 mise-

779 3827 1018 3885 ricordia
1050 3835 1104 3881 et
1129 3828 1613 3882 commiseratione
1637 3827 1823 3882 divina
1875 3843 2034 3884 suum
2082 3831 2280 3900 recipit
2299 3830 2626 3897 dominium,
2657 3838 2888 3887 vocatus
2935 3832 3004 3888 ad
3058 3832 3368 3911 libertatem
3415 3831 3474 3885 in
3550 3844 3697 3885 anno
3762 3832 4044 3887 remissio-

771 3922 880 3984 nis,
907 3937 1031 3977 cum
1059 3935 1250 3976 omnes
1286 3921 1558 3983 homines,
1609 3933 1750 3991 quos
1781 3919 2026 3975 intuetur
2052 3920 2160 3988 sol,
2193 3924 2499 3980 asseruerit
2559 3938 2626 3979 ex
2674 3924 2982 3980 demonqu
3045 3925 3314 3980 servitute
3372 3923 3628 3978 Christus
3670 3938 3838 3979 cruce
3913 3940 4042 3991 sua,

771 4014 988 4068 irritum
1052 4011 1264 4066 faciens
1287 4012 1746 4082 chirographum,
1798 4012 1946 4084 quod
1996 4023 2120 4068 erat
2153 4023 2348 4070 contra
2387 4029 2510 4072 nos.

843 4125 1002 4180 Nullo
1029 4126 1189 4179 modo
1207 4133 1389 4179 autem
1415 4126 1730 4178 alienantur
1748 4122 1990 4179 Levitica
2023 4127 2186 4180 bona.
2216 4125 2350 4180 Nam

2526 4128 2890 4197 Ἀνεκποίητα
2943 4128 3004 4182 δὲ
3040 4128 3108 4181 τὰ
3150 4127 3413 4181 Δευῖτικὰ
3462 4129 3575 4190 τοῖς
3635 4128 4044 4200 ιρηρεισμίνην

771 4218 874 4278 illi,
911 4217 1004 4286 qui
1037 4217 1255 4284 penitus
1289 4214 1474 4270 devoti
1497 4223 1627 4270 sunt
1663 4211 1797 4279 Deo,
1845 4214 2052 4270 nullam
2106 4217 2355 4272 sentiunt
2451 4221 2510 4290 ιχ

2451 4221 2640 4290 ιχουσι
2667 4219 2767 4291 τὴν
2787 4219 3003 4274 ἐλπίδα.
3043 4218 3157 4272 Καὶ
3182 4219 3315 4288 γοῦν
3351 4220 3446 4273 Mcl
3481 4221 3548 4291 τῇ
3586 4219 4043 4294 φιλομαθεστάτῃ

774 4308 1163 4362 alienationem
1201 4315 1389 4375 utpote
1419 4303 1634 4358 firtuam
1694 4304 1961 4362 habentes
1991 4321 2166 4376 spem.
2203 4307 2351 4372 Qua-
2451 4313 2506 4366 Μ

2451 4312 2687 4381 Μαριὰμ
2719 4311 2822 4380 ἔφη
2841 4327 2947 4363 που
2981 4313 3010 4363 ό
3041 4311 3292 4380 Χριστὸς,
3327 4312 3410 4364 δτι
3443 4329 3464 4363 ι
3491 4311 3605 4381 Τὴν
3629 4311 3804 4383 καλὴν
3840 4313 4040 4382 μερίδα

775 4409 996 4472 propter
1019 4401 1085 4453 de
1119 4397 1455 4464 blaria.qu:e
1513 4396 1771 4451 audiendi
1819 4399 2049 4453 verbum
2097 4398 2189 4452 Dei
2225 4413 2352 4468 per-
2451 4400 2510 4465 ιε

2451 4400 2760 4466 ἐξελέξατο,
2790 4401 2912 4471 ήτις
2948 4399 3048 4454 οὐκ
3073 4399 3510 4470 ἀφαιρεθήσεται
3541 4400 3738 4469 αὐτῆς.
3774 4419 3794 4453 ι
3821 4401 3972 4471 Πλὴν
4002 4405 4036 4471 ή

771 4492 968 4560 cupida
988 4499 1124 4552 erat,
1158 4489 1337 4556 inquit
1365 4489 1620 4542 Salvator
1649 4505 1662 4538 τ
1704 4507 1722 4541 ι
1752 4487 1954 4542 Bonam
1991 4501 2199 4558 partem
2235 4491 2349 4543 ele-
2459 4510 2510 4545 πε

2459 4493 2682 4547 πάντων
2723 4491 3007 4563 ἐλευθερία
3045 4493 3135 4546 διὰ
3163 4491 3401 4563 Χριστοῦ
3423 4532 3439 4556 ,
3475 4494 3524 4545 ει
3570 4494 3668 4545 καὶ
3695 4493 3868 4562 μείζω
3913 4493 4040 4545 καθ’

772 4585 871 4651 git,
905 4595 1026 4650 quae
1056 4595 1163 4633 non
1225 4577 1514 4633 auferatur
1575 4579 1645 4632 ab
1688 4594 1752 4634 ea
1798 4579 1864 4632 ".
1903 4597 1923 4631 ι
1959 4578 2351 4636 Verumtamen
2471 4584 2510 4637 Ἰ

2471 4584 2742 4655 Ἑϐραίων
2784 4587 3067 4654 ὲπήρτησε
3113 4579 3299 4652 φόϐον,
3335 4584 3412 4654 μὴ
3463 4583 3658 4637 θᾶττον
3721 4581 4041 4637 ἐπανιοῦσιν

771 4673 1018 4725 omnium
1051 4669 1383 4724 universalis
1433 4668 1682 4733 libertas,
1755 4683 1875 4737 qua:
1930 4683 2026 4738 per
2072 4668 2350 4722 Christum
2461 4673 2510 4742 (ο

2461 4673 2545 4742 (οὐ
2578 4673 2686 4740 γὰρ
2743 4673 2808 4743 δὴ
2844 4675 3114 4743 φήσομεν,
3173 4673 3249 4735 ὡς
3300 4670 3634 4724 κεκώλυνται
3676 4670 3817 4740 μετά
3863 4670 4039 4724 ταῦτα

772 4762 990 4830 obtigit,
1034 4763 1160 4815 licet
1192 4761 1262 4830 sit
1312 4759 1508 4828 major.
1554 4767 1792 4813 attamen
1846 4758 2111 4823 Hebr-mis,
2146 4760 2191 4814 si
2245 4769 2355 4813 lar-
2463 4781 2510 4815 π.

2463 4762 2626 4816 πάλιν
2683 4765 3046 4835 ἐπανελθεῖν).
3092 4763 3209 4819 ἀλλ’
3252 4765 3333 4827 είς
3388 4763 3628 4834 ἔμφασιν
3661 4762 3882 4834 εἴρηται
3935 4760 4031 4815 τοῦ

771 4855 897 4907 dius
929 4858 1359 4913 reverterentur,
1390 4848 1869 4903 incussitmetum.
1899 4847 2016 4902 Non
2046 4850 2192 4903 enim
2225 4850 2364 4904 dici-
2460 4853 2510 4920 dq

2460 4853 2767 4920 ὀφείλοντος
2797 4873 2856 4909 τε
2882 4859 2978 4910 καὶ
3007 4857 3331 4926 πρέποντος.

775 4961 914 5008 mus,
946 4946 1090 5013 quod
1124 4942 1232 4996 illis
1271 4941 1481 4996 reditus
1512 4941 1584 4995 sit
1623 4955 1751 5010 spes
1785 4941 1969 4996 omnis
2001 4941 2274 5009 adempta.
2300 4939 2498 4996 Verum
2530 4945 2622 4998 illa
2688 4946 3042 5014 pronuntiata
3080 4955 3210 5002 sunt
3275 4945 3451 5016 magis
3493 4944 3672 5016 gratia
3705 4944 3848 5014 ejus.
3889 4945 4039 5016 quod

773 5038 891 5090 ﬁeri
926 5045 981 5089 et
1007 5035 1206 5089 debeat
1235 5045 1290 5088 et
1327 5033 1646 5088 conveniat.

845 5127 1064 5180 Interim
1103 5134 1284 5178 tamen
1322 5133 1643 5180 sanctorum
1678 5125 1972 5180 haereditas
2003 5134 2056 5179 et
2087 5135 2268 5201 sortes
2295 5125 2522 5179 illibata‘.
2549 5133 2976 5189 conservantur,
3016 5141 3119 5179 nee
3168 5125 3384 5177 illarqu
3423 5122 3670 5178 dominia
3695 5122 4036 5177 transferun-

773 5223 884 5269 tur.
907 5212 1090 5277 Quare
1118 5212 1284 5280 igitur
1319 5212 1502 5281 inquit
1527 5210 1781 5266 Ezechiel
1817 5227 1831 5263 ι
1873 5231 1890 5261 ι
1929 5211 1984 5265 Si
2049 5211 2260 5266 dederit
2312 5215 2570 5281 princeps
2632 5214 2856 5266 domum
2919 5214 3008 5265 uni
3058 5227 3122 5266 ex
3159 5211 3289 5266 filiis
3335 5211 3452 5264 suis
3488 5210 3559 5274 ³⁸,
3596 5228 3614 5261 ι
3653 5219 3799 5272 etc.,
3832 5209 4043 5278 quibus

774 5302 956 5356 verbis
979 5299 1272 5354 erudimur
1299 5299 1345 5354 si
1373 5299 1500 5369 quis
1527 5299 1794 5368 pontifex,
1830 5300 1924 5368 qui
1959 5313 2026 5354 eo
2056 5299 2352 5368 dignitatis
2382 5310 2468 5354 est
2490 5309 2738 5364 evectus,
2770 5309 2827 5354 ut
2870 5300 3133 5369 populum
3167 5300 3462 5369 gubernet,
3491 5298 3558 5352 de
3583 5298 3702 5352 suis
3733 5296 3896 5352 bonis
3924 5298 4047 5351 lilio

774 5389 994 5442 douurn
1021 5388 1407 5457 assignaverit,
1443 5387 1564 5456 ejus
1597 5387 1905 5441 dominium
1943 5395 2209 5456 perpetuo
2237 5389 2380 5455 apud
2413 5387 2584 5441 filium
2621 5402 3071 5455 permansurum.
3113 5387 3264 5440 Bona
3295 5385 3518 5455 quidem
3553 5383 3837 5454 pontificia
3863 5391 4048 5438 trans-

777 5474 1032 5528 feruntur
1061 5485 1109 5528 et
1145 5474 1570 5543 usucapiuntur,
1599 5475 1692 5531 sed
1726 5491 1833 5530 non
1867 5476 2226 5546 egrediuntur
2253 5476 2345 5527 illa
2381 5474 2554 5528 tribu.
2579 5473 2676 5527 Sin
2714 5489 2846 5528 vero
2871 5473 3094 5527 domum
3122 5472 3332 5528 dederit
3355 5471 3522 5542 376
3551 5485 3732 5531 servo.
3768 5485 3916 5524 anno
3951 5485 4047 5526 re-

853 5655 894 5683 ³⁸
927 5650 1068 5704 1³κιι1.
1103 5667 1247 5705 \I.\'|.
1283 5653 1335 5704 4.
1415 5651 1458 5682 ⁸⁵
1504 5651 1668 5705 Ερυίὶ.
1711 5669 1780 5716 ιγ,
1814 5652 1901 5705 IIS.
1984 5651 2026 5682 "
2059 5651 2288 5703 Zuchar.
2321 5666 2382 5713 11,
2415 5649 2467 5704 5.

2415 5649 2467 5704 5.
2548 5649 2590 5682 ³⁵
2624 5648 2862 5703 llarttclt.
2903 5665 2976 5711 tr,
3015 5649 3069 5702 Ιι.
3144 5651 3188 5680 ³⁸
3225 5651 3328 5702 lsa.
3381 5666 3429 5712 |.,
3465 5649 3518 5702 1.
3631 5648 3677 5682 ⁸⁷
3705 5647 3837 5702 Luc.
3868 5662 3925 5706 ι.
3952 5648 4047 5701 62.

777 5722 822 5756 ³⁸
851 5721 1043 5774 Ern-rh.
1073 5737 1217 5781 XLVI,
1261 5721 1347 5774 16.
