4266 6446
311 389 416 456 785
1303 410 1840 470 connexum”
1896 411 1977 469 ιιι
2023 405 2463 470 LEVITICUM.
3468 404 3577 466 786

314 507 603 563 missionis
635 510 726 565 illa
767 516 1184 583 recuperabitur
1211 525 1266 571 et
1304 518 1358 571 in
1414 521 1693 588 integrum
1755 519 2100 572 restituetur.
2143 517 2415 571 Caeterum
2465 517 2794 587 gravissime
2840 515 3198 569 interdictum
3233 525 3341 579 est,
3390 530 3456 568 ne
3484 516 3572 567 cui

315 593 562 661 illorum,
595 613 737 664 quos
773 602 1008 670 imperio
1047 605 1206 673 regit,
1245 605 1516 659 violenter
1554 607 1730 675 rapiat
1775 620 1934 660 suam
1989 615 2197 659 sortem
2236 609 2317 659 vel
2363 605 2761 658 luereditatetn.
2785 603 2855 656 At
2885 603 3166 666 Christus,
3200 618 3343 657 unus
3379 601 3488 655 dux
3522 610 3578 655 ct

315 682 581 752 princeps
620 686 842 740 illorum
907 690 1000 756 qui
1063 691 1164 744 fide
1203 691 1605 758 justiﬁeautUr,
1661 692 1870 747 habens
1911 700 2022 744 tum
2057 706 2215 744 suam
2267 705 2392 744 cum
2437 689 2620 743 Patris
2658 697 2861 743 sortem
2901 688 3105 755 (omnia
3138 687 3284 742 enim
3319 702 3439 740 mea
3483 695 3578 738 tua

313 778 470 834 sunt,
503 781 557 824 et
587 780 677 825 tua
714 784 841 828 sunt
875 791 994 829 mea
1022 779 1114 847 ⁸⁸),
1149 788 1212 832 ιιι
1242 779 1298 833 in
1330 779 1550 833 Psalmo
1579 781 1800 832 canitur
1828 794 1840 831 :
1883 797 1900 830 ι
1937 778 2202 833 Ascendit
2239 778 2292 831 in
2326 779 2496 832 altum
2559 787 2613 832 et
2659 778 2934 846 captivam
2977 776 3137 829 duxit
3175 775 3580 844 captivitatem,

310 865 368 908 et
395 856 540 908 dona
564 857 712 911 dedit
739 861 1158 917 interhomines
1187 865 1253 916 “.
1300 885 1318 916 ι
1355 897 1418 906 -
1459 884 1474 916 ι
1505 864 1787 932 Quosdam
1835 869 1980 921 enim
2035 869 2088 922 in
2121 867 2371 922 Ecclesia
2417 868 2622 937 posuit,
2666 866 2846 935 primo
2875 864 3183 932 apostolos,
3216 862 3415 918 deimlc
3451 879 3580 932 pro-

313 943 534 1009 phetas,
572 945 772 1001 deinde
798 947 1060 1004 doctores
1095 953 1162 1012 “.
1195 959 1306 1006 etc.
1341 951 1615 1011 Praeterea
1651 954 1745 1006 illa
1776 953 1920 1006 dona
1961 967 2284 1023 permanent
2321 954 2476 1007 firma
2515 955 2690 1007 sacris
2732 951 3004 1005 ministris
3054 959 3111 1004 et
3168 951 3223 1004 in
3273 951 3581 1004 libertatem

314 1032 572 1085 assertis.
607 1029 924 1098 AtJudaBis,
959 1037 1052 1102 qtti
1090 1039 1277 1091 servili
1317 1039 1604 1106 agitantur
1629 1041 1851 1109 spiritu,
1874 1051 1927 1094 et
1955 1043 2144 1107 fidem,
2176 1057 2300 1112 qua:
2331 1042 2640 1094 libertatem
2686 1038 2878 1100 donat,
2919 1038 3206 1106 rejiciuut,
3241 1040 3407 1090 etiam
3453 1036 3587 1090 sub-

313 1118 555 1170 trahitur
586 1121 760 1187 gratia
795 1137 891 1190 per
927 1121 1118 1178 Mosen
1160 1125 1312 1191 data,
1366 1141 1489 1196 quae
1520 1127 1586 1179 ad
1617 1127 1904 1182 veritatem
1939 1131 2115 1200 ipsam
2145 1145 2246 1184 ceu
2294 1126 2625 1197 paedagogus
2659 1126 2932 1194 quispiam
2982 1139 3084 1179 nos
3150 1124 3300 1178 ducit
3335 1139 3348 1174 :
3392 1141 3410 1173 ι
3449 1122 3585 1175 Nam

315 1207 545 1261 habenti
585 1209 832 1274 dabitur,
865 1221 919 1268 et
950 1215 1257 1272 abundabit
1289 1236 1303 1272 :
1343 1219 1412 1272 ah
1458 1233 1546 1283 eo,
1601 1221 1696 1289 qui
1737 1235 1846 1274 non
1879 1217 2066 1277 habet,
2106 1215 2272 1270 etiam
2303 1213 2452 1283 quod
2480 1220 2637 1282 putat
2665 1226 2724 1266 se
2763 1211 2989 1271 habere.
3013 1209 3267 1264 aufertur
3290 1210 3357 1263 δ’.
3387 1229 3404 1260 ι
3444 1208 3591 1261 Sane

315 1295 444 1362 quis
475 1296 628 1350 dicat
671 1315 683 1348 :
719 1297 790 1353 Ut
818 1301 943 1369 quis
974 1304 1229 1372 proprias
1262 1305 1465 1360 habeat
1499 1306 1911 1376 possessiones.
1968 1303 2295 1371 neutiquam
2339 1301 2636 1354 honestum
2686 1297 2926 1351 videtur.
2973 1296 3264 1364 Siquidem
3321 1296 3590 1349 bonorum

318 1384 638 1452 proprietas
663 1388 802 1440 solet
859 1389 1146 1444 concitare
1203 1392 1345 1445 bella
1381 1400 1435 1446 et
1484 1393 1810 1454 seditiones.
1843 1403 1898 1448 et
1933 1399 2021 1447 est
2055 1391 2213 1460 quasi
2261 1389 2482 1444 initium
2516 1385 2707 1441 omnis
2745 1384 3035 1454 injuslitia‘.
3070 1393 3125 1437 et
3160 1383 3393 1437 fraudis.
3430 1383 3594 1435 Com-

317 1472 508 1525 munis
531 1473 802 1526 honorum
832 1490 990 1540 usus,
1023 1478 1208 1547 qualis
1233 1479 1290 1533 in
1325 1479 1590 1549 paradiso
1609 1481 1968 1548 erat.,magis
2000 1477 2313 1532 laudandus
2364 1474 2526 1530 foret.
2562 1471 2766 1529 Verum
2799 1483 2854 1527 et
2887 1470 3018 1526 hu‘lc
3055 1471 3350 1539 objectioni
3392 1484 3595 1523 occur-

321 1568 505 1610 ratur.
535 1560 688 1614 Scito
719 1560 811 1613 illa
844 1563 1009 1624 mala,
1055 1580 1180 1632 qua:
1231 1581 1296 1620 ex
1333 1567 1602 1621 bonorum
1665 1567 1932 1622 dominiis
1987 1567 2270 1628 oriuntur,
2306 1563 2598 1619 emendata
2645 1577 2770 1616 esse
2809 1560 3201 1613 communione
3232 1567 3288 1612 et
3331 1557 3597 1610 societate

323 1649 660 1716 apostolica,
693 1651 916 1719 quando
949 1651 1252 1708 Christiani
1286 1658 1422 1709 bona
1455 1658 1640 1710 omnia
1672 1657 1948 1712 habebant
1972 1654 2313 1709 communia.
2345 1653 2434 1705 -At
2485 1660 2734 1720 tempore
2774 1649 3154 1718 apostolorum
3196 1648 3288 1700 illa
3321 1647 3596 1700 bonorum

320 1736 648 1788 communio
713 1739 1069 1801 censebatur,
1120 1749 1346 1810 propter
1401 1744 1648 1811 inopiam
1709 1743 2076 1812 quorumdam
2143 1743 2234 1796 cui
2291 1740 2726 1797 subveniebatur
2777 1737 2996 1792 virtutis
3061 1736 3388 1806 praeclarum
3434 1749 3598 1802 Opus.

323 1819 596 1877 Ceterum
622 1823 676 1876 in
695 1822 880 1879 futuro
920 1827 1121 1882 saeculo
1151 1828 1240 1881 illa
1276 1832 1597 1885 communio
1617 1838 1672 1886 et
1706 1833 1950 1886 societas
1983 1829 2204 1884 florehit
2237 1842 2364 1882 eum
2401 1827 2552 1881 oumi
2595 1825 2898 1880 aﬂluentia.

404 1967 560 2030 Ἕως
615 1966 902 2022 ἐνιαυτοῦ
957 1968 1064 2035 τῆς
1117 1969 1394 2038 ἀφέσεως
1454 1971 1694 2040 ἐργάται
1756 1971 1917 2039 παρὰ
1951 1955 1993 2011 Α

1951 1955 1993 2011 Α
2098 1967 2275 2039 Usque
2303 1967 2372 2021 ad
2403 1981 2602 2021 annum
2633 1962 2986 2023 remissionis,
3021 1970 3126 2016 etc.
3177 1958 3422 2027 Septimo
3459 1972 3603 2010 anno

328 2059 456 2113 σοί.
486 2056 577 2127 Τῷ
617 2059 836 2130 ἑϐδόμῳ
880 2060 1118 2131 ἐνιαυτῷ
1166 2063 1374 2115 ἀνεῖναι
1428 2062 1780 2133 προστάττει,
1826 2062 1916 2115 τὸν

2021 2062 2406 2118 remissionem
2441 2061 2558 2114 fieri
2595 2058 2853 2129 imperat,
2893 2063 2953 2110 ut
2997 2055 3060 2108 ad
3093 2069 3216 2107 eum
3250 2052 3472 2108 modum
3509 2067 3604 2106 ve-

329 2151 440 2220 τῆς
480 2150 742 2204 ἁπάντων
793 2151 1046 2220 ἀφέσεως
1075 2153 1351 2224 τιμῶντας
1391 2155 1604 2222 καιρὸν,
1637 2154 1737 2224 τὴν
1786 2153 1922 2226 Χρι-

2027 2163 2291 2209 nerentnr
2340 2153 2587 2208 omnium
2649 2150 3002 2206 remissionis
3063 2156 3283 2216 tempus
3351 2145 3608 2200 videlicet

336 2243 468 2295 ατοῦ
513 2241 858 2312 παρουσίαν
909 2243 968 2307 ὃς
1008 2245 1150 2317 ὑπὲρ
1204 2245 1364 2317 ἡμῶν
1412 2247 1673 2313 ἀποδοὺς,
1703 2245 1762 2300 τὸ
1801 2245 1924 2298 καθ’

2025 2248 2325 2302 adventum
2351 2245 2583 2307 Christi,
2609 2245 2701 2316 qui
2745 2260 2844 2315 pro
2899 2242 3059 2296 nobis
3106 2240 3345 2294 traditus
3384 2238 3612 2293 sustulit

333 2333 497 2405 ἡμῶν
528 2333 701 2403 ἀνῆκε
734 2337 1125 2406 χειρόγραφον.

2029 2351 2081 2395 et
2109 2339 2320 2396 remisit
2357 2339 2788 2411 chirographum
2826 2345 3029 2392 contra
3066 2349 3166 2389 uos
3185 2335 3478 2404 scriptum.

411 2469 551 2525 Nam
583 2471 872 2544 Scriptura
911 2489 1072 2530 Sacra
1098 2475 1415 2544 septenario
1444 2484 1735 2547 comparat
1771 2493 2015 2546 prasens
2047 2478 2334 2542 smerrhnn,
2370 2477 2514 2547 quod
2551 2491 2618 2531 eo
2649 2475 2917 2545 temporis
2947 2474 3131 2543 spatio
3163 2487 3380 2540 semper
3413 2469 3475 2522 ad
3511 2483 3613 2522 sua

338 2557 503 2612 initia
559 2564 918 2616 revolvantur
961 2563 1104 2617 dies.
1161 2563 1294 2617 Nam
1347 2567 1674 2634 septimana:
1730 2567 1856 2621 finis
1903 2578 1988 2621 est
2042 2565 2344 2620 Sabhatum
2385 2575 2480 2620 :et
2499 2566 2717 2620 vicinus
2743 2565 2861 2618 dies
2891 2574 3119 2618 octavus
3165 2561 3397 2614 alterius
3424 2559 3616 2612 saeculi

341 2646 684 2716 principium
719 2660 828 2712 est,
863 2666 996 2719 quo,
1027 2651 1339 2706 interventu
1376 2656 1828 2718 resurrectionis,
1887 2655 1957 2708 ab
1999 2654 2258 2708 onmibus
2295 2654 2595 2707 liberamur
2624 2653 2848 2705 debitis.
2890 2650 3028 2704 Hinc
3073 2653 3151 2713 lit,
3185 2657 3244 2703 ut
3272 2649 3436 2702 etiam
3467 2661 3620 2700 com—

343 2750 612 2804 paremur
636 2752 744 2792 are
774 2738 956 2792 alieno
978 2740 1300 2806 oppressis:
1335 2760 1352 2791 ι
1381 2741 1498 2794 Duo
1553 2742 1834 2797 debitores
1888 2752 2049 2798 erant
2085 2742 2294 2796 homini
2333 2742 2425 2795 uni
2457 2742 2525 2794 ".
2566 2759 2584 2792 ι
2624 2741 2896 2794 Praeterea
2940 2739 2995 2792 in
3032 2739 3285 2790 oratione
3335 2735 3620 2788 Dominica

346 2821 594 2877 dicimus
625 2845 638 2877 :
677 2842 695 2874 ι
735 2822 801 2877 Et
834 2825 1054 2879 remitte
1088 2827 1247 2880 nobis
1279 2826 1461 2882 debita
1483 2838 1672 2884 nostra
1708 2833 1774 2884 “.
1812 2849 1830 2882 ι
1865 2829 2185 2885 Postulabat
2217 2830 2382 2902 igitur
2426 2828 2562 2898 legis
2600 2829 2927 2888 necessitas,
2976 2837 3029 2878 ut
3070 2840 3218 2878 anno
3273 2823 3622 2877 remissionis

349 2911 558 2975 singuli
595 2911 662 2965 ad
687 2912 928 2966 amissas
962 2914 1214 2968 redirent
1240 2929 1396 2985 Opes.
1433 2915 1704 2972 Cancrum
1764 2918 2030 2975 Dominus
2065 2921 2118 2974 in
2152 2921 2426 2991 integrum
2474 2919 2880 2973 restitutionem
2910 2918 3200 2986 pollicetur
3262 2917 3345 2969 his
3375 2914 3468 2983 qui
3503 2915 3626 2983 pul-

348 2997 485 3050 ehre
509 2997 1030 3053 administraverint
1061 3001 1115 3054 in
1150 3002 1253 3056 hoc
1275 3005 1478 3058 mundo
1514 3005 1694 3060 aliena
1732 3024 1744 3060 τ
1779 3006 1862 3062 sic
1891 3006 1960 3061 de
2009 3010 2306 3065 contrariis
2332 3009 2495 3062 verba
2539 3007 2747 3062 faciens
2777 3025 2789 3059 :
2823 3026 2840 3058 ι
2875 3005 2931 3059 Si
2979 3006 3032 3058 in
3071 3006 3252 3058 alieno
3293 3003 3483 3057 fideles
3516 3018 3625 3056 nou

350 3082 564 3150 fuistis,
604 3095 848 3140 vestrum
883 3088 1011 3155 quis
1056 3088 1216 3145 vobis
1240 3090 1394 3146 dabit
1420 3092 1464 3123 “
1489 3093 1511 3145 ?
1540 3112 1558 3145 ι
1590 3093 1720 3160 Quae
1753 3105 1936 3150 autem
1971 3107 2224 3168 spectant
2251 3097 2318 3154 ad
2359 3082 2672 3159 llebrieum,
2711 3096 2804 3167 qui
2837 3095 3160 3150 servitutem
3191 3091 3464 3156 servierit,
3497 3089 3628 3144 satis

348 3183 616 3227 enarrata
658 3183 787 3228 sunt
822 3175 876 3228 in
913 3175 1123 3232 Exodo.

427 3304 547 3374 (27)
585 3305 753 3359 Ὀϐεν
799 3309 832 3376 ἡ
870 3307 1016 3378 ἀρχὴ
1056 3308 1152 3362 τοῦ
1194 3311 1446 3366 ἐνιαυτοῦ
1479 3314 1631 3386 παρὰ
1665 3317 1778 3379 τοῖς
1817 3315 1946 3369 ’1ου-
1982 3309 2025 3364 Β

1982 3309 2025 3364 Β
2124 3316 2358 3385 Quidam
2409 3318 2509 3382 ait,
2563 3317 2692 3371 anui
2741 3315 2957 3372 initium
3005 3315 3147 3385 apud
3195 3313 3413 3369 .l‘udteos
3477 3319 3633 3368 certo

351 3399 529 3461 δαεοις
565 3401 883 3468 νενόμισται
916 3402 1026 3454 ἀπὸ
1061 3403 1158 3473 τῆς
1223 3404 1401 3474 ἀρχῆς
1429 3405 1522 3458 τοῦ
1553 3407 1801 3460 ἐνιαυτοῦ
1849 3409 1948 3478 τῆς

1947 3430 1948 3433 ‘
2055 3394 2333 3468 constare.
2354 3409 2489 3465 Nam
2523 3410 2737 3465 initium
2772 3409 3116 3464 remissionis
3143 3408 3210 3462 ab
3236 3409 3393 3461 initio
3418 3407 3632 3475 septimi

353 3495 633 3560 ἀφέσεως,
671 3496 790 3564 ἦτοι
840 3496 950 3548 ἀπὸ
993 3497 1092 3566 τῆς
1136 3498 1312 3569 ἀρχῆς
1361 3499 1456 3552 τοῦ
1485 3499 1717 3571 ἑϐδόμου
1757 3504 1945 3572 μηνὸς,

2058 3504 2262 3573 petitur
2291 3503 2520 3565 mensis,
2557 3502 2611 3555 in
2675 3514 2838 3570 quem
2889 3499 3119 3553 incurrit
3169 3497 3499 3567 expiationis
3545 3511 3633 3549 so-

354 3589 416 3640 ἐν
443 3580 490 3655 ᾧ
517 3589 551 3657 ἡ
576 3588 741 3658 ἑορτὴ
758 3589 852 3640 τοῦ
890 3589 1190 3658 ἐξιλασμοῦ
1221 3593 1552 3647 ἐπετε).εἰτο.
1583 3595 1720 3648 Καθ’
1747 3597 1812 3666 ἢν
1836 3595 1949 3664 (28)

2059 3594 2318 3651 lemnitas
2352 3612 2364 3648 :
2398 3608 2510 3664 quo
2561 3604 2806 3663 tempore
2864 3594 2983 3647 solo
3026 3590 3268 3662 pontifici
3317 3587 3398 3643 fas
3433 3597 3517 3642 est
3554 3589 3637 3640 in-

357 3683 533 3753 μόνην
559 3682 737 3752 εἰσῄει
766 3684 794 3734 6
845 3685 1023 3752 ίερεὺς
1051 3686 1129 3746 sl;
1158 3686 1226 3738 τὰ
1263 3687 1433 3754 "Arta.
1481 3686 1590 3740 τῶν
1626 3690 1815 3756 ἁγίων.
1853 3690 1950 3744 Διὰ

2060 3697 2211 3744 trare
2249 3689 2304 3743 in
2359 3686 2560 3742 Sancta
2611 3698 2955 3743 sant-torum.
3013 3687 3362 3757 Quapropter
3420 3684 3641 3754 pt-Oprie

359 3775 522 3828 τοῦτο
601 3778 810 3846 κυρίως
873 3777 1007 3830 αὐτὸ
1083 3779 1344 3833 καλοῦσιν
1404 3784 1453 3834 oi
1510 3782 1761 3836 Ἰουδαῖοι
1798 3786 1952 3851 -ρισ-

2057 3777 2232 3835 Judaei
2263 3789 2458 3835 vocant
2485 3780 2617 3834 illud
2645 3790 2862 3849 tempus
2901 3777 3294 3842 Rhessetluha,
3319 3778 3370 3830 id
3403 3784 3508 3841 est,
3537 3777 3642 3828 iui-

357 3864 506 3920 σαθὰ
543 3866 681 3935 (29),
713 3869 998 3922 τουτέστιν
1023 3871 1164 3941 ἀρχὴ
1198 3872 1308 3924 τῶν
1339 3871 1398 3936 ἐξ
1425 3873 1743 3928 ὑπολοίπων
1770 3875 1956 3945 μηνῶν

2061 3872 2198 3926 tium
2247 3886 2345 3928 sex
2411 3871 2754 3927 residuorum
2813 3872 3108 3926 mensium.
3147 3869 3483 3939 Principium
3513 3867 3642 3920 anni

357 3957 460 4010 τοῦ
490 3959 768 4020 ἐνιαυτοῦ.
798 3960 1020 4029 Κυρίως
1046 3962 1154 4029 γὰρ
1181 3962 1213 4030 ἡ
1245 3962 1388 4030 ἀρχὴ
1420 3963 1532 4032 (50)
1563 3962 1656 4015 τοῦ
1684 3961 1954 4027 ἐνιαυτοῦ,

2063 3967 2256 4022 incidit
2311 3968 2366 4021 in
2395 3965 2764 4031 Xanthicum,
2805 3981 2967 4035 quem
3011 3964 3180 4019 Judaei
3218 3969 3416 4017 vocant
3449 3959 3640 4020 Nisan,

358 4050 464 4104 καὶ
500 4053 528 4104 6
563 4051 784 4120 πρῶτος
824 4053 933 4121 μὴν
956 4055 984 4104 6
1013 4052 1227 4105 Νισσᾶν
1260 4055 1430 4119 ἐστιν,
1464 4055 1585 4124 ἦτοι
1610 4057 1638 4108 6
1665 4053 1956 4120 Ξανθικδς,

2063 4069 2119 4114 ιιι
2147 4056 2380 4114 Romani
2403 4060 2666 4129 Aprilem.
2694 4057 2890 4114 Verum
2913 4059 3039 4127 quia
3077 4056 3376 4110 Sabbatum
3401 4069 3643 4106 annuum

358 4142 392 4193 6
446 4141 546 4193 καὶ
583 4142 885 4212 ’Δπρίλιος.
939 4143 1081 4195 Ἀλλ’
1129 4143 1365 4214 ἐπείπερ
1412 4147 1663 4198 ἐνιαυτὸν
1705 4146 1827 4199 ὅλον
1872 4164 1965 4199 κε-

2070 4152 2331 4207 indicitur
2367 4161 2546 4216 terra},
2592 4153 2908 4208 necessario
2964 4151 3262 4205 Sabbatum
3294 4147 3427 4201 illud
3453 4146 3650 4214 incipit
3749 4150 3755 4158 '

360 4233 622 4288 λεύονται
649 4235 1002 4299 σαϐϐατίζειν
1029 4235 1128 4307 τὴν
1160 4237 1286 4305 γῆν,
1320 4238 1545 4308 ἄρχεται
1567 4238 1622 4291 δέ
1650 4239 1965 4306 ἀναγκαίως

2067 4260 2096 4299 a
2127 4253 2375 4315 tempore
2407 4246 2672 4302 sementis
2702 4262 2714 4297 :
2745 4260 2849 4299 nec
2887 4253 3069 4298 tamen
3104 4241 3367 4297 sementis
3399 4238 3658 4292 facienda

361 4329 395 4380 6
426 4326 808 4397 σαϐϐατισμὸς
841 4330 952 4381 ἀπὸ
979 4329 1074 4383 τοῦ
1104 4330 1299 4400 καιροῦ
1330 4331 1427 4384 τοῦ
1459 4332 1688 4402 σπόρου,
1708 4332 1768 4384 οὑ
1798 4331 1878 4383 δεῖ
1911 4331 1968 4383 δὲ

1966 4370 1968 4378 ν
2068 4345 2176 4391 est.
2251 4336 2405 4391 Haud
2467 4339 2769 4407 incongrue
2799 4337 2916 4391 sive
2950 4337 3133 4405 inepte
3156 4335 3487 4406 principium
3525 4334 3651 4386 anui

366 4422 628 4490 σπείρειν
654 4423 886 4484 είκότως
911 4422 1022 4475 ἀπὸ
1057 4422 1148 4475 τοῦ
1182 4423 1414 4492 ἑϐδόμου
1453 4424 1643 4495 μηνὸς,
1674 4426 1734 4478 ἐν
1759 4416 1804 4491 ᾧ
1841 4425 1974 4478 σπό-

1969 4456 1974 4467 ›
2073 4427 2422 4482 remissionis
2444 4429 2791 4482 constituunt
2826 4444 2856 4481 a
2902 4427 3138 4498 septimo
3170 4440 3377 4490 mense,
3407 4424 3462 4479 in
3490 4440 3654 4494 quem

370 4531 536 4587 ριμος
566 4515 596 4568 ὁ
633 4514 848 4586 καιρὸς,
873 4514 974 4586 τὴν
1012 4516 1190 4586 ἀρχὴν
1241 4519 1524 4570 ποιοῦνται
1572 4516 1668 4570 τοῦ
1717 4517 1970 4570 ἐνιαυτοῦ

968 4535 974 4559 ι
1012 4516 1190 4586 ἀρχὴν
1241 4519 1524 4570 ποιοῦνται
1572 4516 1668 4570 τοῦ
1717 4517 1970 4570 ἐνιαυτοῦ
2073 4521 2340 4576 coincidit
2370 4523 2653 4577 sementis.

365 4610 474 4681 τῆς
504 4609 776 4679 ἀφέσεως.
818 4609 908 4662 Διὸ
949 4613 1046 4663 καὶ
1077 4610 1334 4664 Σάϐϐατα
1376 4611 1674 4666 Σαϐϐάτων
1715 4610 1965 4664 καλεῖται
2002 4613 2291 4686 ἡτοιαύτη
2365 4615 2551 4687 ἑορτὴ,
2595 4615 2719 4669 καθ’
2772 4618 2862 4686 ἦν,
2943 4616 3018 4678 ὼς
3066 4615 3304 4685 εἴρηται,
3356 4609 3580 4682 ἔμελλεν
3629 4611 3658 4660 6

367 4702 478 4775 τῆς
511 4703 766 4772 ἀφέσεως
799 4705 892 4757 καὶ
921 4705 1020 4773 τῆς
1058 4705 1346 4774 μετανοίας
1377 4704 1645 4777 ἄρχεσθαι
1683 4708 1895 4778 καιρός.

446 4844 709 4898 Σάϐϐατα
764 4843 1062 4897 Σαϐϐἀτων
1115 4845 1361 4897 καλεῖται
1413 4846 1447 4914 ἡ
1490 4845 1676 4916 ἑορτὴ,
1739 4843 1863 4898 καθ’
1905 4847 1970 4914 ἢν
2002 4851 2045 4909 c

2002 4851 2045 4909 C
2148 4844 2366 4899 Idcirco
2388 4843 2625 4899 Sabbata
2670 4841 3037 4896 Sabbatorum
3079 4841 3401 4894 nominatur
3438 4838 3660 4900 festum,

373 4937 609 5006 ἔμελλεν
637 4937 666 4988 6
703 4935 803 5004 τῆς
852 4935 1105 5003 ἀφέσεως
1148 4938 1247 4989 καὶ
1291 4936 1392 5005 τῆς
1443 4936 1736 5007 μετανοίας
1789 4938 1978 5007 καιρὸς

2085 4939 2137 4992 in
2162 4953 2273 5008 quo
2296 4937 2512 4991 initium
2550 4943 2897 5004 sumpturum
2929 4945 3045 4988 erat
3080 4934 3423 4988 remissionis
3457 4942 3509 4986 et
3551 4946 3667 5000 pae-

373 5029 654 5100 ἁρχεσθαι
694 5028 784 5082 διὰ
818 5029 932 5096 (51)
984 5029 1082 5098 τῆς
1127 5028 1446 5100 συλλήψεως
1493 5029 1586 5082 τοῦ
1634 5029 1978 5101 Προδρόμου.

2086 5030 2333 5084 nitentia:
2358 5036 2601 5098 tempus.
2638 5025 2890 5080 videlicet
2926 5023 2993 5078 ab
3015 5038 3079 5078 eo
3101 5033 3368 5092 tempore.
3405 5036 3514 5090 quo
3539 5034 3667 5098 cou-

377 5123 547 5178 Ὅθεν
599 5121 694 5175 καὶ
757 5122 882 5174 κατ’
941 5121 1308 5191 ἐτυμολογίαν
1343 5121 1436 5175 τοῦ
1495 5121 1778 5177 Σαϐϐἁτου
1833 5122 1984 5176 ἐστιν

1978 5141 1984 5170 ν
2085 5131 2280 5193 ceptus
2330 5129 2415 5176 est
2443 5118 2764 5174 Prmcursor
2820 5116 3052 5171 Christi.
3108 5115 3248 5169 llinc
3287 5114 3450 5168 etiam
3483 5113 3663 5185 colligi

453 5294 499 5326 ³⁹
533 5297 696 5352 .Ioau.
755 5314 897 5370 xvii.
944 5297 1031 5370 lO.
1074 5367 1088 5370 Α
1138 5297 1183 5328 δ’
1214 5296 1361 5352 Psal.
1412 5313 1588 5370 uvn,
1641 5299 1728 5353 l9.
1831 5297 1871 5328 “
1911 5296 2115 5370 Ephes.

1979 5299 2115 5354 dies.
2158 5315 2230 5364 tv,
2289 5298 2373 5370 ll.
2473 5297 2518 5327 “
2555 5295 2747 5350 Matth.
2800 5300 2919 5353 xui,
2982 5291 3064 5346 12.
3179 5291 3225 5323 ⁵³
3258 5290 3394 5348 Luc.
3434 5307 3530 5357 vn,
3575 5292 3664 5346 ιι.

383 5373 427 5404 ⁵⁵
459 5371 652 5424 Matth.
689 5386 764 5434 vr,
820 5369 908 5423 12.
987 5369 1032 5401 ⁵⁵
1071 5367 1211 5423 Luc.
1258 5385 1369 5428 ινι.
1403 5369 1488 5422 ii.
1958 5367 1970 5370 ’

642 5411 652 5423 .
689 5386 764 5434 γι,
820 5369 908 5423 12.
987 5369 1032 5401 ⁵⁵
1071 5367 1211 5423 Luc.
1258 5385 1369 5428 ινι.
1403 5369 1488 5422 ii.
1958 5367 1970 5370 ’
2321 5369 2327 5374 ’

1940 5482 2172 5540 NOTAE.

485 5577 576 5645 27)
599 5576 740 5646 Φησὶ
763 5574 822 5627 δέ
845 5591 926 5635 τις
951 5573 1026 5635 ὡς
1055 5573 1264 5696 φὲάρχὴ
1292 5574 1386 5628 τοῦ
1421 5577 1673 5631 ἐνιαυτοῦ
1698 5577 1851 5647 παρὰ
1872 5580 1982 5642 τοῖς
2163 5577 2276 5644 (29)
2322 5574 2643 5647 Ῥησσεθθά.
2684 5577 2742 5631 ’0
2764 5578 2885 5631 αὐτ.

485 5649 669 5696 laniat:
698 5648 1037 5696 νενόμισται.
1103 5643 1197 5696 θεν
1231 5649 1264 5696 ἠ
1304 5647 1449 5696 ἀργὴ
1472 5651 1568 5696 τοὺ
1602 5648 1853 5696 ἐνιαυτοῦ
1886 5650 1983 5696 τῆς
2155 5647 2269 5696 (Sili
2298 5646 2467 5696 Ἀτινῆ
2499 5648 2610 5696 γὰο
2639 5648 2792 5696 ἔτους
2831 5648 2861 5696 6

385 5641 677 5729 Ἰουδαίοις
695 5648 1038 5729 νενόμισται,
1072 5641 1273 5729 ξθενῆ.
1304 5647 1449 5729 αρχὴ
1472 5651 1568 5703 τοὺ
1601 5641 1983 5729 ἐνιαυτοῦμτῆς
2155 5641 2269 5717 (50)
2298 5641 2468 5729 ᾌρχὴ
2499 5648 2610 5729 rep
2639 5648 2793 5729 ἔτους
2831 5647 3179 5729 εεαχθικδς,
3215 5644 3389 5729 Νισὰν
3429 5641 3667 5729 λεγόμςτ

385 5721 641 5847 mdia);
683 5717 794 5770 ἀπὸ
823 5712 922 5784 τῆς
958 5714 1139 5784 ἀρχῆς
1180 5712 1277 5772 τοῦ
1307 5712 1448 5774 ἐϐδ’.’
1473 5737 1559 5775 κτ.
1601 5721 1662 5774 ’0
1700 5721 1797 5789 τῆς
1845 5712 1981 5788 Αιγ.
2091 5712 2180 5807 νος
2213 5712 2344 5790 παρ’
2368 5712 2598 5781 ἀὖτοῖςλ
2655 5720 2808 5792 παρὰ
2840 5720 2896 5774 δέ
2938 5719 3252 5789 Ῥωμαίοις,
3285 5712 3683 5788 ’Λπρίλέκτᾘυ

2090 5807 2196 5844 αυτ

465 5863 578 5933 (28)
603 5864 731 5916 Ὀτι
764 5864 923 5934 μόνον
954 5863 1093 5936 βατὰ
1114 5863 1192 5934 τῷ
1230 5862 1366 5932 ἱερεῖ
1400 5863 1468 5915 τὰ
1502 5862 1651 5932 ἅγια,
1679 5864 1838 5917 κτ.”Ο
1863 5862 1984 5916 αῦτ.

1049 5863 1093 5917 :‘7.
1114 5863 1192 5934 τῷ
1230 5862 1366 5932 ἱερεῖ
1400 5863 1468 5915 τὰ
1502 5862 1651 5932 ἅγια,
1679 5864 1838 5917 κτ.”Ο
1863 5862 1984 5916 αῦτ.
2169 5865 2282 5932 (31)
2319 5862 2474 5915 ⁹Υπ’.
2524 5861 2580 5915 Ὀ
2612 5862 2734 5916 αῦτ.
