4266 6446
789 379 890 439 ’78⁸1
2081 394 2322 456 PROCO
2333 396 2432 454 ΡΗ

2345 397 2432 454 ;’ll
2474 400 2714 458 CAZJSI
3932 397 4030 457 788

791 491 989 558 poterit
1074 489 1293 547 Sabbati
1361 491 1691 552 benedictio.
1778 497 2059 567 Siquidem
2115 502 2476 566 remisstoAi

2340 512 2438 566 DA
2474 506 2603 559 ἰδεῖν
2646 507 2760 575 (32)
2811 507 2893 559 ὅτι
2951 504 3208 560 Σάσακθα
3254 507 3366 575 (53)
3423 507 3667 559 καλεῖται
3726 509 3758 576 ἡ
3818 507 4025 575 ἄφεσις.

788 594 1009 646 quoque
1040 581 1242 634 dicitur
1300 583 1639 640 Sabachtha.
1698 586 2244 646 Cousecrantautem
2269 608 2360 647 re-

2342 619 2360 633 -
2477 597 2696 664 Ἀφιᾶσι
2718 597 2776 649 δὲ
2803 597 2974 664 αὐτὴν
3007 597 3157 665 ἱερὰν
3180 597 3255 665 τῷ
3288 597 3492 666 Κυρίῳ,
3522 599 3604 650 ὅτι
3636 598 3836 666 ἑὸδόμη
3865 598 4027 656 ἐστὶν,

790 669 1108 722 missionem
1166 670 1418 736 Domino,
1460 675 1576 728 sive
1622 678 1768 745 quod
1833 681 2061 748 septima
2096 690 2200 744 est,
2237 696 2359 750 quae
2462 688 2475 740 ε

1316 672 1418 736 ino,
1460 675 1576 728 sive
1622 678 1768 745 quod
1833 681 2061 748 septima
2096 690 2200 744 est,
2237 696 2359 750 quae
2462 688 2490 743 ὃ
2518 690 2633 741 ἐστι
2658 687 2842 741 Σασαά
2868 689 3001 755 (54).

788 760 1038 814 ltznuitur
1071 777 1166 830 per
1194 764 1522 832 dietionem;
1553 765 1756 822 Sabaa.

864 875 933 929 Et
965 878 1208 930 redibitis
1245 883 1604 952 unusquisque
1623 886 1694 938 ad
1716 890 2104 956 possessionem
2134 905 2288 943 suam
2321 899 2370 943 et
2401 890 2453 941 in
2481 887 2717 955 patriam
2745 903 2922 947 suam,
2959 893 3066 939 etc.
3097 884 3235 956 ιιι]
3263 884 3402 950 Quia
3437 882 3685 954 plurimae
3720 883 4030 938 mansiones

789 971 920 1016 sunt
951 969 1092 1031 apud
1127 966 1317 1029 Deum,
1351 975 1407 1022 et
1441 974 1826 1041 unusquisque
1860 991 2014 1029 suam
2046 976 2333 1030 sortietur.
2361 977 2493 1040 Qua:
2524 989 2654 1029 vero
2697 988 2805 1026 non
2839 972 3179 1040 fuerintjure
3211 974 3494 1033 restituta,
3528 971 3784 1025 videlicet
3815 973 4030 1040 pr0pin-

788 1067 1040 1112 quonon
1073 1051 1379 1108 redimente
1429 1056 1570 1110 bona
1601 1074 1613 1107 ε
1646 1060 1738 1112 ubi
1783 1061 2186 1116 usumfructum
2240 1062 2554 1131 aliquandiu
2617 1060 2869 1113 habuerit
2913 1069 3147 1128 emptor.
3199 1059 3422 1112 tandem
3481 1073 3629 1111 anno
3685 1058 4029 1113 remissionis

789 1145 961 1199 timus
988 1153 1084 1190 ceu
1111 1155 1311 1194 munus
1331 1141 1493 1210 377
1523 1143 1638 1206 Dei,
1668 1145 1850 1199 reddit
1882 1149 2131 1216 pristinis
2158 1149 2573 1217 possessoribus
2603 1150 2746 1203 bona
2779 1149 2890 1208 illa.
2920 1146 3055 1200 Nam
3106 1158 3310 1201 terram
3356 1145 3736 1216 promissionis
3785 1161 3850 1200 ex
3887 1144 4030 1198 dono

789 1223 977 1277 divino
1015 1227 1374 1294 possederunt
1396 1226 1591 1284 Judaei.
1630 1230 1899 1287 Praeterea
1932 1246 1984 1287 et
2010 1236 2112 1302 ipsi
2142 1235 2364 1288 fuerunt
2397 1239 2540 1289 servi
2597 1236 2688 1289 Dei
2748 1233 3011 1302 redempti
3043 1241 3098 1286 et
3133 1233 3196 1286 ad
3246 1233 3554 1286 libertatem
3584 1232 3762 1286 vocati
3797 1233 4029 1300 septimo

789 1321 842 1370 υι
869 1314 1323 1384 quinquagesimo
1354 1332 1522 1373 anno.
1562 1318 1772 1375 Idcirco
1804 1324 2020 1391 inquit:
2069 1341 2086 1372 ι
2120 1323 2275 1376 Servi
2313 1324 2436 1388 mei,
2466 1337 2605 1391 quos
2653 1320 2819 1375 eduxi
2852 1334 2882 1371 e
2905 1328 3050 1372 terra
3074 1317 3317 1387 Egypti.
3357 1339 3374 1368 ι
3411 1317 3682 1372 Ceterum
3717 1318 3860 1371 servi
3900 1323 4029 1370 sunt

789 1399 1000 1453 Christi
1037 1402 1220 1453 cuncti
1254 1405 1512 1457 mortales
1546 1406 1762 1460 liberati
1800 1407 1867 1460 ab
1892 1423 1956 1460 eo
1984 1409 2216 1462 servitio
2247 1410 2478 1464 molesto
2502 1407 2710 1462 mundi.
2748 1406 2930 1473 inquit
2959 1405 3104 1458 enim
3129 1403 3420 1473 Scriptura
3456 1425 3471 1459 :
3515 1424 3532 1455 ι
3567 1403 3665 1457 Cui
3702 1403 4029 1458 dedideritis

789 1503 887 1540 vos
911 1504 1100 1542 servos
1133 1493 1198 1542 ad
1233 1490 1622 1556 obedicndtun,
1657 1493 1799 1547 servi
1835 1494 1955 1562 ejus
1977 1497 2131 1559 estis,
2160 1515 2178 1548 ι
2198 1497 2310 1550 sive
2330 1509 2554 1564 peccato
2582 1492 2991 1562 obtemperatis.
3019 1493 3225 1559 peccati
3250 1491 3382 1545 estis
3408 1490 3549 1544 servi
3576 1492 3727 1555 ;sive
3759 1489 4027 1544 obedien-

789 1579 878 1630 tizc
908 1577 973 1629 ad
1003 1577 1298 1644 justitiam.
1339 1577 1587 1648 Seipsum
1620 1589 1743 1648 post
1776 1582 2081 1636 libertatem
2113 1601 2141 1637 a
2181 1585 2403 1638 Christo
2455 1583 2639 1635 datam
2671 1581 2856 1634 denuo
2888 1580 2941 1632 in
2979 1580 3303 1633 servitutem
3337 1577 3589 1644 coniicit.
3623 1575 3670 1629 si
3714 1587 3939 1644 peccato
3968 1591 4028 1632 se

789 1664 1102 1733 coniungit,
1135 1667 1600 1733 quemadmodum
1635 1667 1900 1723 Hebraeus
1929 1667 2191 1740 Egyptio
2212 1670 2438 1725 servitio
2467 1676 2688 1736 ereptus
2716 1667 2760 1720 si
2784 1680 2844 1720 se
2868 1668 3065 1718 iterum
3098 1665 3154 1717 in
3179 1665 3501 1717 servitutem
3536 1671 3760 1731 propter
3791 1677 4027 1730 pauper—

790 1762 955 1813 tatem
981 1753 1186 1807 vendit.
1207 1751 1410 1807 Verum
1441 1755 1723 1809 servitutis
1755 1758 2059 1812 necessitas
2086 1759 2469 1812 remittebatur
2505 1755 2731 1809 Hebra'o
2765 1753 3019 1806 libenter.
3045 1751 3160 1804 Non
3186 1752 3332 1805 enim
3367 1759 3576 1804 tantum
3602 1750 3742 1803 valet
3766 1751 4026 1817 pretium,

788 1839 937 1906 quod
976 1855 1073 1908 pro
1106 1842 1328 1895 vendito
1365 1853 1708 1914 numeratur,
1737 1853 1795 1898 ut
1829 1846 2058 1898 fratrem
2091 1854 2352 1914 perpetua
2389 1845 2666 1914 opprimat
2700 1843 2989 1896 servitute.
3045 1840 3230 1908 inquit
3281 1838 3428 1892 enim
3465 1855 3477 1889 :
3515 1837 3572 1891 Si
3615 1846 4027 1906 praeoccupatus

790 1924 956 1982 fuerit
978 1927 1141 1981 homo
1167 1927 1219 1982 in
1243 1928 1430 1997 aliquo
1451 1912 1672 1988 delicto.
1715 1945 1836 1993 vos.
1884 1931 1981 2000 qui
2043 1912 2362 2000 spiritualea
2399 1912 2557 1991 eatis,
2592 1937 2899 1984 restaurate
2930 1927 3087 1981 illum
3127 1927 3185 1980 iu
3219 1927 3418 1996 spiritu
3462 1925 3932 1979 mansuetudinis.
3964 1923 4028 1978 Et

789 2013 906 2068 haec
936 2022 1066 2067 sunt
1099 2015 1188 2068 illa
1212 2016 1435 2076 delicta.
1466 2032 1587 2085 qua:
1614 2019 1954 2073 orationibus
1979 2019 2285 2077 hominum.
2310 2027 2544 2088 possunt
2570 2017 2799 2071 dissolvi
2831 2031 2928 2085 per
2956 2016 3188 2085 gratiam
3217 2015 3447 2078 Christi,
3471 2015 3566 2084 qui
3592 2013 3756 2068 solvit
3780 2022 4028 2082 peccata,

787 2116 912 2170 qua:
937 2104 1117 2155 sancti
1156 2101 1244 2154 hic
1280 2104 1331 2155 in
1373 2112 1516 2156 terra
1552 2104 1840 2158 solverint.
1873 2104 1970 2158 Sin
1999 2121 2129 2160 vero
2157 2106 2451 2176 peregrino
2479 2107 2562 2160 vel
2597 2104 2822 2160 advenae
2849 2104 2903 2160 in
2925 2103 3241 2158 servitutem
3266 2102 3431 2156 datus
3454 2101 3640 2162 fuerit.
3667 2099 4028 2169 quemadmo-

788 2188 919 2240 dum
953 2188 1048 2240 ille
1093 2188 1187 2255 qui
1212 2188 1283 2241 ob
1315 2190 1538 2242 vetitam
1576 2189 1996 2245 fornicationem
2033 2191 2272 2245 traditus
2304 2202 2423 2246 erat
2447 2192 2689 2254 Satanae.
2728 2195 2800 2256 is,
2839 2193 3086 2261 inquam,
3127 2190 3364 2261 pretium
3417 2187 3816 2258 redemptionis
3842 2186 4030 2240 refun-

788 2276 904 2340 det,
933 2275 1189 2330 videlicet
1217 2278 1479 2346 operibus
1511 2279 1628 2334 suis
1660 2279 1927 2334 abolendo
1957 2289 2207 2350 peccata,
2254 2290 2478 2350 propter
2521 2295 2643 2346 qua:
2692 2282 2747 2332 in
2801 2278 3086 2332 servitutis
3118 2279 3504 2333 necessitatem
3535 2277 3783 2330 devenit.
3834 2275 3906 2328 De
3933 2276 4028 2328 illo

789 2361 938 2415 fatur
964 2363 1260 2430 Apostolus
1299 2381 1313 2417 :
1348 2381 1366 2412 ι
1405 2362 1482 2418 Ne
1518 2365 1920 2419 abundantiore
1957 2367 2039 2419 vel
2081 2367 2285 2436 majore
2331 2367 2556 2420 tristitia
2610 2367 2973 2421 absorbeatur
3005 2366 3130 2418 talis
3165 2383 3184 2416 ι
3213 2374 3272 2420 ut
3313 2367 3404 2434 qui
3443 2381 3557 2420 sua».
3592 2364 3925 2434 poenitentia:
3971 2369 4027 2416 et

788 2451 1172 2504 conversionis
1203 2452 1340 2506 satis
1362 2452 1588 2508 evidens
1610 2453 1893 2518 specimen
1920 2451 2156 2517 dederit,
2187 2463 2241 2508 et
2281 2470 2379 2508 suo
2409 2455 2685 2510 desiderio
2718 2463 2947 2510 testetur
2990 2463 3205 2521 tempus
3233 2469 3376 2516 esse,
3420 2463 3480 2508 ιιι
3505 2453 3805 2522 recipiatur
3837 2453 3890 2506 itt
3920 2450 4029 2505 Ec-

787 2538 966 2594 clesia:
997 2552 1238 2606 gregem,
1273 2552 1302 2590 a
1330 2554 1440 2608 quo
1470 2540 1731 2593 caelusus
1759 2539 1955 2593 fuerat.

859 2650 960 2698 Aut
997 2663 1133 2698 unus
1159 2662 1221 2698 ex
1252 2647 1516 2714 fratribus
1548 2649 1662 2716 ejus
1699 2652 1915 2703 redimet
1950 2666 2088 2711 euut,
2129 2648 2269 2720 [48.]
2299 2650 2432 2704 ιυιέ
2463 2650 2856 2717 redemptionis
2888 2648 3128 2716 gaudent
3176 2649 3252 2702 illi
3292 2649 3386 2717 qui
3418 2662 3517 2702 sua
3543 2646 3760 2713 iustitia
3785 2655 3838 2699 et
3864 2644 4022 2700 fami-

787 2736 1044 2798 liaritate,
1075 2751 1193 2802 quae
1227 2735 1360 2802 ipsis
1389 2749 1468 2789 ρει
1498 2753 1620 2789 cum
1659 2744 1968 2806 peccatore.
2001 2747 2236 2804 possunt
2274 2739 2421 2792 illius
2450 2738 2753 2790 dissolvere
2772 2736 2979 2799 debita,
3009 2735 3473 2804 quemadmodum
3497 2735 3598 2795 illi,
3632 2734 3724 2801 qui
3752 2741 4012 2801 apporta-

788 2820 1009 2878 nantad
1040 2818 1322 2871 Christum
1358 2823 1738 2892 paralyticum,
1771 2831 1991 2892 propter
2047 2822 2205 2875 Iidem
2265 2837 2421 2876 suam
2481 2825 2848 2892 impetrarunt
2886 2823 3104 2877 inllrmo
3148 2824 3464 2876 sanitatem.
3508 2821 3776 2874 Caeterum
3826 2819 4026 2872 fortior

787 2918 839 2960 et
879 2907 1105 2960 validior
1137 2917 1222 2962 est
1258 2908 1565 2975 spiritualis
1595 2911 1940 2979 coniunctio,
1979 2926 2144 2977 tllluttl
2178 2911 2419 2964 amicitia
2452 2912 2566 2974 illa,
2598 2925 2717 2980 quae
2750 2911 2934 2965 oritur
2987 2925 3052 2963 es
3103 2909 3447 2979 praecedente
3480 2907 3846 2960 beneficentia
3891 2920 4025 2974 erga

787 2994 1087 3050 beneﬁcos.

860 3135 914 3187 Si
950 3145 1128 3190 autem
1166 3137 1420 3193 llebrteus
1443 3141 1538 3194 ille
1561 3157 1670 3196 non
1701 3143 2015 3214 redemptus
2054 3145 2209 3199 ittt‘t‘il
2246 3162 2353 3212 quo
2388 3129 2427 3182 Β
2527 3139 2545 3191 1

2343 3165 2353 3197 ι
2388 3129 2427 3182 Β
2527 3139 2589 3191 El
2622 3137 2680 3191 δὲ
2711 3139 2807 3191 καὶ
2841 3137 2915 3207 μὴ
2956 3136 3044 3189 διὰ
3080 3134 3404 3206 λυτρὡσεως
3441 3133 3668 3202 δυνηθῇ,
3711 3132 3769 3184 ἐν
3808 3127 3888 3198 τῷ
3917 3129 4028 3181 ἐνι-

783 3223 1022 3278 dixiuuts
1055 3227 1233 3290 modo,
1267 3244 1410 3283 anno
1429 3229 1822 3299 redemptionis
1852 3237 2137 3304 pristinam
2161 3238 2354 3303 l‘t‘t'ipit

785 3317 1118 3373 libertatem.
1143 3319 1333 3374 Frater
1356 3323 1499 3375 enim
1532 3338 1640 3377 non
1672 3324 1868 3378 liberat
1896 3327 1975 3392 “;
2012 3339 2065 3382 at
2103 3328 2356 3382 Christus

786 3425 886 3463 nos
914 3409 1123 3464 liberali
1153 3425 1322 3465 causa
1380 3414 1578 3468 asserit
1634 3429 1820 3468 manu.
1855 3414 1919 3468 Et
1947 3432 2108 3483 quem
2150 3416 2354 3486 judicis

784 3500 1055 3553 sententia
1079 3516 1295 3553 servum
1337 3503 1675 3569 pronuntiat,
1719 3505 1847 3557 huic
1893 3505 2066 3571 gratia
2127 3505 2352 3559 Iiberta-

785 3601 892 3642 ινιιι
959 3590 1256 3645 ιιίιηιίι.ιιι
1319 3595 1434 3662 lege
1487 3609 1647 3647 nemo
1703 3597 2020 3664 patiebatur
2075 3597 2350 3658 libertate,

785 3683 890 3736 nisi
938 3683 1123 3736 oblato
1187 3685 1344 3752 prius
1422 3688 1617 3754 pretio.
1671 3687 1740 3739 At
1801 3688 1905 3742 sub
1960 3689 2184 3742 Christo
2243 3703 2351 3742 non

783 3774 1058 3828 solliciunt
1124 3775 1204 3828 vel
1284 3784 1529 3830 nostrum
1605 3779 1875 3844 pretium,
1954 3779 2034 3832 vel
2116 3779 2349 3848 pretium

782 3867 925 3936 quod
959 3867 1049 3920 alii
1101 3883 1199 3936 pro
1239 3868 1396 3921 nobis
1433 3868 1743 3936 persolvere
1775 3871 1947 3937 parati
1967 3878 2129 3933 sunt,
2160 3886 2348 3939 quem-

782 3957 1076 4009 admodum
1146 3973 1243 4012 nec
1271 3956 1434 4012 Josite
1458 3959 1668 4027 iustitia
1700 3957 1907 4028 profuit
1947 3961 2146 4029 populo
2173 3961 2352 4016 lsrae~

783 4047 957 4101 litico.
994 4047 1193 4103 Verum
1256 4047 1420 4104 Hosis
1462 4049 1640 4103 virtus
1693 4049 1863 4102 valuit
1923 4051 2174 4106 nonnihil
2252 4067 2351 4120 pro

779 4141 985 4208 populo
1023 4151 1272 4195 recenter
1330 4150 1542 4204 vocato,
1608 4142 1702 4211 qui
1763 4143 2025 4212 nequibat
2062 4147 2351 4198 commode

778 4250 842 4282 ea
892 4240 1214 4300 tempestate
1254 4233 1456 4301 puniri.
1505 4232 1854 4302 Quapropter
1897 4234 2071 4303 gratia
2132 4235 2352 4289 admisit

781 4324 949 4377 .\losis
990 4323 1286 4392 justitiam,
1323 4325 1394 4378 ob
1428 4339 1592 4394 quam
1621 4334 1938 4394 pacaretur,
1986 4333 2208 4394 propter
2253 4342 2350 4380 co-

778 4415 1115 4481 gnationem,
1163 4429 1286 4485 qua!
1322 4416 1402 4469 illi
1447 4430 1573 4469 cum
1627 4415 1732 4468 ista
1770 4425 1930 4484 gente
1959 4415 2155 4469 fuerat.
2202 4414 2348 4469 Nihil

777 4511 979 4564 dicitur
1043 4511 1130 4586 de;
1167 4509 1372 4564 Levitis
1419 4510 1473 4562 in
1529 4509 1848 4563 servitutem
1897 4509 2208 4578 rapiendis,
2269 4510 2352 4564 vel

779 4620 808 4653 τι
866 4603 1188 4670 propinquis
1221 4604 1274 4654 in
1303 4601 1611 4654 libertatem
1668 4601 2030 4654 vindicandis.
2055 4598 2173 4654 Non
2201 4601 2348 4654 enim

2457 3230 2604 3300 αυτῷ
2633 3230 2734 3299 τῆς
2767 3229 3013 3297 ἀφέσεως
3037 3227 3254 3291 ἔξεισιν.
3296 3224 3550 3293 ’Δδελφδς
3579 3223 3683 3292 γὰρ
3713 3223 3773 3273 οὐ
3801 3218 4030 3291 λυτροῦ-

2455 3341 2566 3386 ται,
2606 3318 2946 3391 λυτρὼσεται
2969 3320 3195 3388 Κύριος.
3228 3319 3338 3370 Καὶ
3371 3316 3400 3367 ὅ
3429 3317 3609 3384 κρίσει
3648 3313 3722 3383 μὴ
3755 3311 3966 3372 λύεται,
3991 3309 4028 3376 ἡ

2455 3418 2612 3486 χάρις
2636 3414 2896 3482 ἀφίησιν
2940 3413 2998 3463 ἑν
3031 3411 3132 3480 μὲν
3166 3409 3244 3479 τῷ
3269 3409 3440 3477 νόμῳ,
3490 3406 3565 3476 μὴ
3607 3403 3902 3472 διδομένων
3931 3399 4030 3452 λύ-

2455 3524 2600 3577 τρων
2619 3524 2633 3537 ·
2659 3507 2717 3557 ὲν
2746 3505 2801 3556 δὲ
2837 3503 2916 3574 τῷ
2943 3502 3187 3571 Χριστῷ,
3213 3501 3287 3569 μὴ
3309 3498 3681 3569 ἐξαρκούντων
3708 3495 3744 3548 ἃ
3764 3511 3848 3556 τις
3881 3492 4030 3560 ὑπὲρ

2455 3596 2671 3658 ἑαυτοῦ.
2698 3595 2732 3665 ἢ
2763 3596 2921 3657 ἄλλος
2942 3595 3084 3663 ὑπὲρ
3113 3592 3278 3644 αὑτοῦ
3308 3589 3594 3658 καταθείη.
3627 3585 3713 3649 Ὧς
3734 3587 3834 3639 οὐκ
3860 3585 4032 3654 ἢρκε-

2456 3691 2604 3758 σενὴ
2647 3686 2853 3739 Ἰωσίου
2908 3685 3226 3749 δικαιοσύνη
3277 3683 3419 3751 ὑπὲρ
3455 3680 3549 3732 τοῦ
3575 3678 3832 3746 Ἰσραήλο
3879 3677 3913 3744 ἠ
3969 3674 4029 3728 δὲ

2452 3775 2732 3838 Μωῦσέως
2768 3776 3013 3844 ἴσχυσεν,
3051 3774 3179 3841 ἄρτι
3224 3771 3319 3824 τοῦ
3353 3770 3486 3824 λαοῦ
3525 3765 3889 3836 κεκλημένου,
3931 3764 4032 3815 καὶ

2453 3869 2647 3938 καιρὸν
2671 3869 2772 3920 οὐκ
2800 3865 3014 3935 ἔχοντος
3041 3864 3258 3926 τελείας
3298 3862 3597 3923 κολάσεως.
3631 3857 3724 3911 Διδ
3759 3857 3860 3926 τὴν
3891 3855 4029 3908 Μω-

2455 3965 2592 4022 σέως
2620 3957 2966 4023 δικαιοσύνην
3018 3959 3158 4024 ὑπὲρ
3199 3953 3294 4008 τοῦ
3334 3952 3464 4008 λαοῦ
3507 3951 3594 4005 διὰ
3641 3950 3966 4017 συγγένειαν
3995 3947 4031 4015 ἠ

2451 4052 2612 4123 χάρις
2652 4050 2886 4119 ἐδέχετο.
2923 4049 3149 4101 Λευΐτου
3176 4045 3235 4100 δὲ
3288 4047 3348 4099 οὐ
3385 4045 3534 4114 λέγει
3585 4043 3868 4100 δούλωσιν,
3902 4038 4031 4092 οὐδὲ

2451 4144 2722 4212 λύτρωσιν
2763 4140 2904 4211 ὑπὲρ
2931 4137 3080 4210 [ὑπὸ.
3128 4134 3417 4205 ὁρθότερ.]
3455 4133 3770 4202 ωγγινοῦς.
3805 4133 3883 4184 Οὐ
3918 4131 4032 4199 γὰρ

2451 4233 2568 4286 ἔστι
2597 4233 2724 4295 τοὺς
2760 4231 2959 4300 ἑτέρων
2996 4228 3392 4300 ἐλευθερωτὰς,
3419 4217 3621 4288 αὐτοῦς
3671 4226 3752 4288 εις
3776 4221 4032 4276 δουλείαν
4081 4247 4088 4258 η

2453 4326 2656 4387 πεσεῖν,
2692 4325 2787 4375 καὶ
2839 4321 2908 4374 δι’
2953 4320 3156 4391 ἐτέρων
3203 4318 3567 4390 λυτρωθῆναι.
3616 4315 3761 4371 Ἐὰν
3807 4312 3921 4383 γὰρ
3964 4311 4030 4364 τὸ

2453 4416 2606 4480 ἅλας
2631 4411 2929 4482 μωρανθῇ.
2949 4412 3020 4467 ἐν
3044 4413 3160 4465 τίνι
3188 4410 3581 4475 ἁλισθήσεται
3603 4424 3624 4472 ;
3650 4407 3742 4459 As!
3762 4399 3857 4458 οὖν
3884 4402 4032 4472 ἔχειν

2454 4509 2515 4561 τὸ
2561 4506 2939 4559 ἀνέκτιτωτον·
2973 4507 3023 4556 ει
3071 4504 3131 4557 δὲ
3167 4504 3264 4572 μὴ,
3315 4502 3392 4565 ὼς
3451 4501 3690 4562 ἀνιάτως
3727 4497 3902 4567 ἔχων,
3953 4496 4032 4558 ὡς

2458 4597 2704 4666 ῐμπηρος
2729 4594 3123 4658 ἀποϐάλλεται,
3151 4593 3408 4662 καθάπερ
3443 4590 3790 4660 ὶγνώκαμεν.

777 4694 904 4747 licet
953 4702 1013 4747 ut
1078 4694 1177 4754 illi,
1231 4695 1322 4761 qui
1379 4693 1603 4760 reliquis
1647 4692 1952 4745 libertatem
1999 4699 2314 4759 procurant,
2371 4689 2424 4741 in
2475 4691 2796 4742 servitutem
2836 4687 3219 4749 detrahantur,
3249 4694 3305 4740 et
3333 4683 3531 4738 deinde
3567 4683 3637 4736 ab
3702 4679 3828 4733 aliis
3888 4676 4034 4731 redi-

776 4797 1014 4838 mantur.
1048 4783 1104 4836 Si
1159 4785 1302 4837 enim
1358 4784 1434 4834 sal
1471 4783 1775 4836 iniatuatus
1809 4781 1996 4841 fuerit.
2037 4797 2148 4850 quo
2176 4782 2404 4834 salietur
2433 4779 2474 4811 ⁸⁷
2503 4779 2525 4832 ?
2558 4779 2772 4832 Levitas
2819 4778 2986 4847 igitur
3044 4777 3117 4830 ita
3151 4777 3310 4830 decet
3367 4789 3497 4828 esse
3540 4770 3748 4826 solidos
3816 4769 3870 4822 in
3941 4781 4031 4821 re~

775 4875 1001 4947 ligiunis
1033 4876 1270 4942 negotio,
1303 4883 1358 4926 ut
1389 4891 1666 4942 nunquam
1731 4874 1797 4926 ad
1836 4875 2089 4927 servilem
2160 4872 2481 4940 redigantur
2558 4869 2954 4923 conditionem.

3036 4866 3133 4922 Sin
3193 4868 3351 4921 aliter
3405 4865 3630 4927 fuerint,
3690 4860 4032 4917 insanabiles

775 4981 870 5019 eos
912 4982 1034 5026 csse
1061 4973 1112 5018 et
1157 4965 1375 5018 mutilos
1405 4971 1642 5017 constat.
1678 4963 1915 5017 Proinde
1949 4964 2114 5018 sicuti
2147 4977 2341 5017 omnes
2381 4970 2608 5021 norunt,
2635 4959 2983 5027 abjieieutur.

847 5097 904 5151 Si
939 5099 1107 5164 frater
1130 5107 1254 5149 tuus
1279 5096 1350 5149 ad
1388 5098 1622 5166 inopiam
1645 5097 1894 5151 redactus
1934 5097 2122 5164 fuerit,
2146 5107 2195 5150 et
2219 5097 2474 5162 impotens
2519 5093 2676 5160 fuerit
2702 5107 2888 5144 manus
2917 5091 3033 5158 ejus
3063 5090 3205 5157 apud
3241 5100 3309 5151 te,
3336 5089 3608 5142 subvenies
3635 5087 3705 5148 ei,
3745 5096 3856 5140 etc.
3885 5083 4028 5156 [35.]

776 5189 848 5239 Ex
873 5185 1077 5253 quibus
1105 5185 1284 5238 verbis
1326 5191 1542 5252 patent.
1574 5184 1735 5237 fenus
1769 5195 1822 5238 et
1865 5198 2086 5236 usuram
2122 5199 2186 5235 ex
2232 5183 2513 5252 impietate
2562 5180 2764 5232 exoriri
2812 5185 2867 5232 et
2913 5192 3133 5232 omnem
3179 5179 3382 5246 pellere
3425 5176 3853 5230 humanitatem.
3907 5172 4026 5224 Non

775 5285 958 5325 autem
994 5274 1281 5338 imperavit
1316 5273 1478 5330 tiens.
1518 5281 1577 5322 ut.
1607 5273 1756 5324 illam
1792 5269 2209 5324 beneﬁcentiam
2244 5270 2296 5324 in
2318 5278 2535 5324 exteras
2563 5275 2892 5323 exercerent
2929 5275 3142 5337 gentes.
3179 5265 3368 5320 V'olnit
3401 5265 3551 5319 enitn
3575 5274 3634 5318 ιιι
3655 5263 3826 5318 Judaei
3868 5276 4026 5316 exte-

776 5361 854 5414 tis
893 5359 1151 5430 gentibus
1175 5370 1357 5413 essent
1395 5359 1600 5419 infesti,
1628 5361 1888 5426 nulloque
1912 5359 2244 5413 commercio
2277 5358 2360 5410 his
2382 5360 2746 5412 sociarentur.
2782 5355 2925 5421 Quia
2967 5355 3165 5409 harum
3192 5355 3451 5410 convictu
3483 5350 4029 5424 plurimumludaw-

848 5515 889 5546 ³⁸
918 5514 1061 5568 Psal.
1113 5531 1301 5570 ιινιιι.
1330 5515 1380 5565 8.
1491 5515 1526 5542 "
1571 5511 1757 5568 Matth.
1797 5531 1850 5574 γ,
1899 5514 1985 5567 l3.

2289 5602 2512 5658 NOTAE.

849 5699 962 5759 ιῗιιὶ)
989 5698 1174 5748 "Estis;
1207 5697 1517 5748 -αυὶαῦίῖν,
1559 5700 1617 5740 Ἠ
1653 5717 1744 5748 ’λ

850 5771 958 5835 '33)
1001 5769 1272 5836 Σιιέέαγῧά.
1323 5769 1378 5819 Ὀ
1411 5769 1506 5820 am

2523 5700 2631 5768 (5-1)
2655 5697 2857 5751 Σᾱεόἅ.
2907 5697 2962 5752 ’0
3006 5697 3238 5761 Ἀλεξιν.
3277 5696 3402 5751 κώδ.
