4266 6446
737 331 836 392 791
2071 344 2416 406 PHOL‘UPH

2305 348 2416 406 ῬΠ
2455 349 2695 408 BAL-EI
3888 356 3990 418 792

737 460 789 512 pi
810 449 974 536 intum
1001 452 1170 536 creati
1206 458 1354 504 sunt.
1385 450 1480 502 Vir
1509 453 1782 520 siquidem
1821 456 2002 525 imago
2031 467 2082 510 et
2113 458 2288 526 gloria
2314 459 2407 512 Dei
2450 471 2556 525 est,
2585 473 2639 516 at
2686 465 2879 518 mulier
2915 471 2999 518 est
3035 465 3209 532 gloria
3239 465 3340 518 viri
3371 481 3436 518 ex
3476 467 3598 535 ipso
3631 479 3852 536 sumpta
3887 487 3986 526 nec

735 544 861 585 ante
891 534 1069 602 ipsum
1101 535 1332 590 formata
1368 541 1669 592 secundmn
1705 544 2047 610 spiraculum
2075 557 2326 599 Sanctum
2358 550 2503 607 vitm,
2551 552 2697 615 quod
2749 551 3038 618 inspiravit
3084 552 3223 613 viro,
3261 566 3438 619 eoque
3473 534 3652 618 ipsum
3688 534 3980 610 animavit.

737 629 791 680 In
823 629 984 680 modo
1015 631 1295 683 nominata
1314 641 1473 685 relate
1503 635 1549 687 si
1577 634 1785 688 fuerint
1820 638 1903 688 vir
1930 647 1984 690 et
2017 640 2238 702 mulier,
2274 642 2568 695 aestimatio
2600 645 2697 696 viri
2718 645 2935 696 cxeedit
2970 646 3383 698 aestimationem
3421 647 3668 700 mulieris
3704 647 3775 700 20
3807 650 3983 703 siclis.

737 716 840 769 Pro
868 719 983 770 viro
1014 721 1159 770 cttittt
1204 721 1294 785 50,
1319 730 1374 773 et
1404 737 1504 790 pro
1539 726 1773 778 muliere
1797 725 1867 778 50
1893 737 2313 794 computantur.
2345 730 2524 783 Etiam
2553 732 2602 783 in
2647 731 2878 798 reliquis
2914 733 3093 783 :etatis
3125 733 3542 786 conditionibus
3575 735 3812 802 explicat
3839 739 3986 789 :t-sti-

736 804 1586 861 malionisdiversitatem.£tas
1607 825 1729 878 qua:
1759 826 1784 861 a
1821 813 2013 878 quinto
2035 830 2180 868 anno
2215 816 2484 886 incipiens
2516 833 2574 871 se
2607 818 2849 872 extendit
2874 834 3047 885 usque
3069 819 3134 871 ad
3158 821 3474 872 vicesimum
3495 835 3700 874 annum
3749 823 3982 876 multum

735 894 937 943 recedit
970 895 1038 944 ab
1068 895 1434 947 aestimatione
1465 896 1636 950 virilis
1664 896 1831 966 379
1857 902 2054 953 aetatis.
2095 900 2235 965 Quia
2283 903 2335 956 in
2369 920 2430 957 ea
2467 913 2623 958 aetate
2665 905 2836 972 major
2873 915 2956 975 est
2981 907 3222 957 amentia
3265 915 3318 959 ct
3357 908 3527 959 libido
3565 909 3828 976 cupidine
3866 919 3982 962 tum

730 981 1056 1036 innascente
1083 995 1135 1036 et
1170 996 1458 1054 grassante
1492 990 1544 1040 in
1564 992 1912 1057 corporibus.
1943 991 2121 1056 .‘Etas,
2154 1008 2277 1061 qure
2309 991 2437 1044 huic
2467 987 2739 1051 succedit,
2767 987 3318 1056 majorisaestimatur
3345 1000 3568 1057 propter
3603 994 3981 1044 maturitatem

728 1072 1059 1134 graviorem.
1097 1071 1249 1124 Tunc
1279 1074 1424 1125 enim
1464 1074 1853 1128 defervescunt
1902 1077 2159 1131 violentae
2193 1079 2514 1146 cupidines:
2547 1091 2647 1130 nec
2686 1091 2882 1144 magna
2937 1085 3021 1130 est
3065 1076 3373 1129 ditlerentta
3413 1079 3556 1130 inter
3603 1094 3721 1130 eam
3758 1089 3812 1132 et
3854 1081 3983 1132 viri-

731 1154 832 1206 lem
862 1165 1099 1208 aetatem.
1138 1158 1317 1211 Prima
1348 1176 1565 1227 quoque
1587 1171 1720 1216 tetas
1745 1172 1966 1232 propter
1993 1165 2402 1234 simplicitatem
2453 1174 2508 1218 et
2571 1165 2948 1217 sinceritatem
2984 1178 3138 1215 suam
3177 1165 3473 1232 plurinutm
3508 1167 3771 1218 momenti
3815 1166 3983 1219 habet

727 1243 870 1307 apud
908 1241 1187 1297 Christum
1220 1247 1490 1301 dicentem
1520 1268 1531 1301 :
1559 1267 1576 1299 ι
1613 1248 1826 1302 Talium
1859 1260 1944 1305 est
1977 1266 2206 1320 regnum
2236 1253 2497 1306 ctelorum
2531 1250 2596 1301 ".
2638 1250 2773 1314 ιριιὶ
2801 1263 2932 1301 vero
2955 1263 3062 1300 non
3100 1251 3377 1317 attingunt
3411 1260 3633 1319 propter
3663 1253 3980 1320 pauperiem

725 1344 844 1378 eam
874 1333 1318 1393 mstimatiotteut,
1373 1350 1472 1386 nec
1523 1351 1644 1388 eam
1701 1339 2016 1404 persolvere
2083 1349 2342 1408 possunt,
2397 1353 2427 1391 a
2481 1353 2609 1390 vero
2651 1337 2907 1406 pontifice
2937 1342 3283 1390 aestimantur
3309 1352 3408 1405 pro
3430 1353 3530 1392 sua
3567 1339 3849 1401 facultate,
3880 1339 3981 1406 qui

723 1415 856 1468 dicit
893 1435 904 1470 :
939 1437 955 1467 ι
1000 1419 1113 1470 Non
1146 1436 1336 1474 otnnes
1361 1437 1591 1487 capaces
1625 1435 1753 1477 sunt
1780 1425 1944 1493 hujus
1980 1426 2134 1489 dicti,
2165 1428 2259 1479 sed
2300 1429 2504 1495 quibus
2565 1424 2770 1478 dictum
2817 1435 2902 1478 est
2935 1425 3002 1476 ⁸⁸.
3029 1443 3046 1474 ι
3085 1423 3222 1477 lluic
3265 1424 3421 1478 aliine
3451 1436 3534 1480 est
3560 1439 3573 1478 :
3604 1445 3622 1476 ι
3658 1426 3758 1490 Qui
3802 1434 3981 1493 potest

721 1516 919 1568 capere
946 1509 1129 1571 capiat
1161 1509 1225 1560 ⁵³.
1275 1528 1293 1559 ι
1321 1509 1570 1578 Sejungit
1604 1514 1727 1566 illos
1772 1524 1996 1582 propter
2020 1514 2294 1574 defectus.
2326 1529 2466 1582 quos
2501 1512 2740 1564 admittit
2788 1511 2842 1562 in
2875 1510 2950 1572 id,
2982 1511 3127 1579 quod
3158 1521 3409 1578 possunt,
3437 1524 3487 1565 et
3530 1513 3673 1581 quod
3729 1517 3977 1582 capiunt.

722 1591 1055 1644 Animalan
1089 1605 1270 1648 autem
1312 1608 1760 1652 consecratorum
1797 1602 1924 1663 Deo,
1962 1616 2083 1670 quae
2107 1601 2306 1653 munda
2341 1601 2565 1661 fuerint,
2597 1615 2702 1653 non
2739 1612 2967 1665 possunt
2999 1601 3305 1666 permutari
3339 1617 3519 1667 neque
3549 1601 3772 1654 meliore
3803 1617 3981 1668 neque

719 1678 1013 1734 deteriore.
1045 1683 1166 1736 Non
1196 1686 1341 1737 enim
1374 1688 1514 1754 perit
1538 1687 1611 1750 id,
1638 1689 1784 1755 quod
1817 1688 2003 1744 .luerit
2046 1688 2157 1742 llei.
2195 1688 2476 1758 Siquidem
2512 1689 2676 1742 etiam
2726 1688 3079 1756 parvulorum
3122 1688 3296 1756 angeli
3329 1687 3515 1740 vident
3550 1690 3760 1739 vultum
3798 1688 3980 1742 Patris

718 1767 809 1834 qui
846 1777 929 1821 est
965 1770 1017 1820 in
1051 1772 1228 1825 caelis.
1262 1771 1461 1825 Verum
1487 1775 1871 1844 unusquisque
1906 1776 1960 1829 in
1995 1791 2096 1830 suo
2141 1778 2336 1829 ordine
2364 1779 2416 1829 in
2473 1791 2643 1843 regno
2689 1775 2900 1827 ctelesti
2940 1775 3147 1841 potitur
3175 1775 3411 1841 gaudiis.
3446 1772 3714 1828 Praeterea
3754 1774 3929 1840 inquit
3963 1795 3974 1828 :

724 1871 742 1903 ι
783 1852 880 1918 Qui
907 1858 1057 1908 venit
1089 1858 1155 1910 ad
1186 1875 1292 1920 me,
1325 1875 1447 1913 eum
1484 1877 1833 1931 nequaquam
1865 1864 2082 1931 ejiciatn
2119 1866 2183 1916 “.
2239 1884 2256 1914 ι
2294 1863 2664 1917 Familiaritas
2694 1863 2839 1914 enim
2884 1861 3000 1927 illa,
3031 1878 3136 1930 qua
3167 1862 3547 1916 concessimus
3574 1864 3626 1915 in
3651 1871 3978 1931 potestatem

718 1939 836 2004 Dei,
862 1961 966 1998 non
1007 1948 1184 2000 solum
1223 1961 1402 2003 servat
1463 1952 1670 2020 primos
1700 1960 1754 2005 et
1794 1952 2090 2012 secundos.
2132 1956 2299 2006 etiam
2351 1953 2582 2006 salutem
2617 1952 2808 2004 tribuit
2842 1953 3045 2011 tertiis,
3089 1951 3250 2003 modo
3288 1965 3354 2003 ne
3390 1951 3501 2002 sint
3547 1951 3598 2003 in
3638 1965 3867 2003 numero
3893 1965 3981 2002 re-

716 2033 1038 2097 proborum,
1074 2036 1162 2102 qui
1195 2038 1567 2104 expelluntur.
1600 2039 1734 2092 Nam
1762 2043 2280 2095 multmmansioucs
2298 2049 2429 2094 sunt
2456 2041 2597 2109 apud
2628 2039 2866 2095 Patrem.
2891 2038 3208 2092 )Estimatio
3240 2047 3420 2090 autem
3453 2039 3618 2090 datur
3645 2054 3744 2104 pro
3775 2039 3978 2090 anima-

716 2118 859 2172 lihus
888 2119 1207 2176 immundis.
1236 2123 1512 2178 lmmunda
1552 2129 1808 2180 animalia
1843 2129 2087 2197 iutcllige
2126 2129 2382 2197 illasqui,
2424 2144 2530 2182 nou
2562 2143 2657 2196 per
2697 2143 2776 2190 se,
2804 2129 2896 2180 sed
2931 2142 3026 2195 per
3052 2128 3189 2180 alios
3223 2126 3639 2193 coniunguntur
3668 2125 3797 2178 Deo.
3837 2126 3978 2179 Istos

714 2205 994 2260 adducunt
1028 2225 1124 2278 per
1158 2212 1480 2265 charitatem
1508 2216 1811 2267 secundum
1839 2218 2256 2270 aestimationem
2293 2219 2449 2284 pretii
2504 2217 2744 2269 illorum.
2777 2213 2839 2267 lli
2882 2223 3015 2267 sunt
3054 2214 3154 2276 illi,
3193 2228 3332 2282 quos
3367 2227 3626 2279 paramus
3672 2213 3882 2266 amicos
3911 2230 3976 2266 ex

715 2310 1027 2350 ntauunona
1068 2300 1274 2368 iniquo,
1303 2310 1360 2354 ut
1400 2304 1708 2371 suscipiant
1735 2320 1831 2358 nos
1874 2307 1925 2357 iu
1958 2316 2160 2359 :elerna
2191 2306 2436 2374 ipsorum
2463 2304 2843 2356 tabernacula.
2895 2298 3140 2356 Edilieii
3187 2301 3482 2354 :estimatio
3515 2300 3714 2353 iterum
3751 2301 3977 2367 pennit-

713 2383 851 2435 titur
879 2386 1118 2439 arbitrio
1161 2388 1487 2442 sacerdotis.
1529 2390 1583 2442 ln
1612 2391 2029 2446 :estimationetn
2056 2394 2170 2462 agri
2206 2394 2434 2460 veniunt
2461 2391 2624 2443 etiam
2652 2389 2868 2441 fructus
2902 2387 3278 2455 computandi.
3312 2385 3450 2439 lline
3473 2386 3756 2453 colligitur
3779 2395 3979 2455 prmter

714 2471 978 2535 fructum,
1034 2491 1194 2544 quem
1254 2479 1378 2545 quis
1433 2477 1639 2546 profert
1707 2481 1804 2544 illi,
1859 2481 1949 2549 qui
1987 2497 2086 2549 pro
2127 2483 2248 2550 ipso
2289 2480 2505 2535 accedit
2560 2477 2625 2530 ad
2669 2475 2864 2537 Deum,
2905 2481 3067 2528 etiam
3123 2475 3414 2528 mstitnatio
3454 2475 3504 2527 ei
3531 2489 3626 2542 per
3658 2475 3822 2528 istum
3847 2475 3974 2527 erit.

713 2560 896 2629 luquit
928 2563 1073 2616 cnim
1111 2563 1314 2621 Paulus
1349 2583 1360 2618 :
1395 2586 1412 2619 ι
1457 2565 1574 2622 Non
1635 2569 1784 2638 quod
1830 2570 2106 2639 requiram
2160 2586 2382 2633 munus,
2451 2568 2544 2621 sed
2596 2568 2819 2636 requiro
2879 2564 3117 2618 fructum
3155 2563 3553 2618 exuberantem
3603 2563 3660 2616 in
3701 2563 3974 2617 rationem

711 2660 953 2706 vestram
989 2654 1054 2705 ⁸⁵.
1097 2673 1115 2703 ι

785 2770 842 2823 Si
876 2774 1002 2840 quis
1040 2770 1148 2826 Dco
1185 2773 1519 2828 dedicaverit
1553 2791 1664 2829 non
1693 2778 2116 2831 :estimatiouem
2143 2818 2155 2841 ,
2191 2777 2285 2832 sed
2319 2765 2364 2821 Α
2464 2781 2470 2831 l

2319 2765 2364 2821 Α
2464 2779 2598 2832 Bibl-ﬁ
2631 2777 2704 2848 μὴ
2734 2775 2846 2843 (40)
2867 2775 3033 2845 τιμὴν
3065 2772 3243 2832 cinia;
3275 2770 3307 2842 ἦ
3337 2770 3508 2841 ἀγροῦ
3539 2785 3640 2832 τις,
3679 2768 3796 2820 ἀλλ’
3837 2767 3977 2822 αὐτὰ

709 2861 883 2928 ipsam
913 2869 1314 2920 consecraverit
1349 2871 1571 2921 duuinm
1600 2881 1691 2921 aut
1727 2886 1949 2940 agrum:
1980 2871 2293 2924 numerabit

2399 2873 2604 2942 ἁγιάσῃ
2646 2869 2786 2939 Θεῷ,
2841 2867 2938 2937 τὴν
2974 2866 3141 2935 τιμὴν
3179 2863 3477 2931 καταθήσει
3529 2861 3667 2930 μετὰ
3707 2861 3801 2912 τοῦ
3837 2861 3981 2928 πέμ-

708 2955 1125 3008 wstimationem
1165 2959 1271 3019 rei,
1306 2972 1356 3009 et
1389 2967 1636 3027 quintam
1673 2969 1880 3027 partem
1918 2963 2076 3026 pretii
2131 2963 2292 3016 addet

2286 2977 2292 3015 ι
2399 2983 2556 3027 πτου,
2598 2961 2965 3032 λυτρούμενος
2993 2960 3157 3023 αὐτὰ,
3207 2959 3300 3009 καὶ
3345 2955 3561 3025 μεθέξει
3588 2955 3683 3015 τὰς
3728 2953 3971 3021 κτήσεις.

708 3046 978 3111 prre.lir-ta:
1014 3064 1260 3102 sun-mm.
1301 3049 1802 3127 Etpossessioncm
1861 3054 2138 3115 retinebit,
2190 3067 2290 3107 nec

2287 3073 2290 3102 τ
2411 3059 2614 3127 Ἐτέρῳ
2640 3057 2694 3108 δὲ
2730 3056 2830 3108 οὐκ
2864 3053 3226 3111 ἀποδώσεται,
3256 3049 3390 3102 ἀλλὰ
3409 3048 3511 3101 κᾶν
3533 3046 3809 3101 ἀποδῶται
3838 3045 3972 3112 (41),

707 3139 798 3190 alii
821 3140 1032 3193 vendet.
1066 3139 1161 3193 Sin
1187 3143 1278 3194 alii
1301 3143 1627 3203 vendiderit.
1657 3153 1875 3212 emptor
1901 3158 1962 3196 ea
1998 3144 2136 3195 bona
2163 3158 2289 3212 pos-

2398 3150 2558 3219 μέχρι
2592 3147 2684 3201 τοῦ
2716 3146 3031 3216 ἰωόηλαιου
3058 3142 3275 3208 καθέξει
3303 3143 3331 3194 ὁ
3354 3141 3676 3211 πριάμενος,
3712 3137 3806 3190 καὶ
3839 3137 3978 3206 μετὰ

707 3230 904 3285 εῐιίώίι
938 3248 1110 3301 usque
1135 3234 1201 3286 ad
1234 3235 1540 3304 jubilatum,
1572 3245 1620 3289 et
1653 3234 1850 3290 deinde
1872 3236 2175 3305 proprietas
2207 3237 2288 3290 vel

1271 3235 1540 3298 ubilaaum,
1572 3245 1620 3289 et
1653 3234 1850 3290 deinde
1872 3236 2175 3305 proprietas
2207 3237 2288 3290 vel
2392 3242 2582 3295 τοῦτον
2615 3241 2768 3294 ἔσται
2799 3239 2956 3293 Θεοῦ.

705 3322 1012 3377 dominium
1041 3327 1235 3379 iterum
1266 3327 1471 3382 recidet
1495 3328 1562 3382 ad
1597 3327 1786 3381 Deum.

776 3415 878 3483 Qui
914 3435 1041 3471 vero
1065 3422 1273 3474 voverit
1303 3437 1518 3492 agrmn,
1550 3425 1641 3490 qui
1680 3437 1788 3475 non
1823 3431 1906 3477 est
1941 3423 2009 3478 de
2037 3437 2134 3476 sua
2172 3423 2286 3476 ha:-

2462 3415 2567 3467 Τὸν
2593 3414 2651 3466 δὲ
2681 3413 2740 3480 ἐξ
2763 3413 3070 3483 ἁγορασίας
3099 3407 3398 3483 (ﬁlthpr
3439 3410 3540 3462 οὐκ
3605 3407 3977 3475 ἅνακτήσεται

705 3507 970 3572 reditatc,
1013 3510 1104 3564 scd
1151 3526 1276 3565 eum
1323 3529 1388 3566 cx
1424 3520 1607 3580 empto
1640 3513 1973 3581 possederit,
2012 3528 2137 3567 eum
2178 3527 2284 3566 non

2393 3505 2556 3558 αὐτὸν
2587 3505 2782 3575 ἑαυτῷ,
2819 3505 2958 3558 ἀλλὰ
2986 3505 3122 3575 πρὸς
3156 3505 3316 3570 λόγον
3347 3501 3457 3554 τῶν
3487 3497 3718 3569 καρπῶν
3740 3497 3979 3558 ἀποδοὺς

703 3600 950 3666 :thttiret
984 3602 1110 3656 sibi.
1162 3600 1263 3656 Ubi
1309 3604 1638 3673 persolverit
1675 3603 1888 3658 fructus
1941 3601 2069 3665 Deo,
2101 3603 2156 3656 in
2195 3602 2287 3671 ju-

2391 3598 2467 3668 τῷ
2493 3598 2634 3669 Θεῷ,
2671 3601 2727 3651 ὲν
2758 3598 2834 3667 τῷ
2881 3597 3070 3670 Ἰωὸὴλ
3107 3594 3626 3664 ὰποκαταστήσεται
3668 3591 3758 3645 τὸν
3806 3590 3981 3660 ἀγρὸν

703 3691 861 3746 bilzeo
888 3694 1139 3748 eumdem
1172 3708 1364 3765 agrum
1396 3695 1649 3749 restituet
1683 3692 1981 3748 venditori.

1172 3708 1364 3765 agrum
1396 3695 1649 3749 restituet
1683 3692 1981 3748 venditori.
2390 3690 2468 3759 τῷ
2504 3690 2838 3762 πεπραχότι.

769 3810 1043 3863 Animalia
1081 3810 1459 3880 primogenita,
1495 3809 1541 3864 si
1573 3809 1772 3864 munda
1805 3807 2026 3879 fuerint,
2067 3824 2170 3862 non
2216 3818 2436 3878 possunt
2469 3807 2678 3862 redimi.
2720 3805 2859 3880 [28.]

769 3927 827 3982 Si
873 3942 1002 3981 vero
1038 3926 1322 3980 immunda
1368 3923 1603 3990 fuerint,
1637 3927 1948 3983 admittitur
1978 3930 2286 4000 redemptio

2463 3927 2555 3997 Μὴ
2614 3925 2873 4000 καθαρῶν
2913 3924 3000 3992 δὲ,
3051 3926 3085 3995 ἡ
3138 3924 3279 3995 μετὰ
3323 3921 3420 3977 τοῦ
3465 3919 3715 3991 πέμπτου
3762 3916 3979 3991 λύτρω-

662 4052 664 4055 -
697 4035 821 4076 cum
854 4020 1137 4074 additione
1171 4020 1364 4089 quinta
1406 4020 1567 4088 pretii
1613 4030 1788 4090 parte.
2391 4037 2476 4083 σις
2507 4021 2643 4091 (43).

767 4137 875 4189 Aut
920 4135 1023 4188 hac
1060 4132 1383 4187 conditione
1421 4134 1587 4187 etiam
1631 4133 1792 4187 vendi
1836 4144 2114 4204 poterunt.
2154 4134 2512 4205 Quzecunque
2557 4146 2742 4190 autem
2781 4134 3062 4189 donantur
3114 4139 3170 4188 et
3207 4141 3614 4187 consecrantur
3645 4126 3778 4191 Deo,
3830 4142 3979 4178 nuu-

694 4239 860 4292 quam
903 4221 1225 4293 gaudebunt
1269 4221 1395 4290 jure
1453 4220 1858 4290 redemptionis
1899 4241 1909 4275 :
1954 4224 2065 4276 imo
2103 4239 2277 4291 usque
2317 4221 2384 4276 ad
2422 4231 2654 4278 mortem
2686 4223 2804 4277 sive
2837 4223 3123 4277 interitum
3172 4220 3264 4275 Dei
3303 4228 3649 4291 permanent.
3702 4215 3979 4270 Czeterum

694 4329 759 4365 ex
804 4312 890 4366 his
939 4310 1296 4364 relucescunt
1334 4305 1663 4363 differentia:
1701 4310 1924 4364 illorunt
1976 4311 2070 4380 qui
2129 4312 2456 4365 dedicantur
2492 4313 2624 4368 Deo.
2663 4311 2795 4365 Nam
2842 4313 3065 4382 quidam
3100 4311 3342 4379 seipsum
3377 4326 3473 4380 per
3512 4309 3654 4364 alios
3693 4305 3805 4362 Deo
3839 4321 3975 4362 con-

695 4411 906 4465 secrat;
940 4399 1082 4453 alius
1115 4413 1209 4466 per
1241 4412 1300 4452 se
1333 4399 1511 4466 ipsum
1563 4398 1855 4452 dedicatur
1907 4399 2036 4454 Deo.
2090 4398 2325 4463 Quidam
2373 4409 2606 4470 possunt
2643 4415 2739 4468 per
2787 4400 2928 4454 alios
2966 4400 3151 4453 oﬂ‘erri
3195 4400 3342 4463 Deo;
3383 4397 3480 4450 alii
3544 4405 3832 4464 nequeunt
3879 4411 3980 4467 per
4053 4425 4056 4427 λ

692 4490 830 4543 alios
862 4489 1059 4541 donari
1085 4485 1216 4547 Deo,
1256 4487 1352 4554 qui
1389 4486 1645 4539 videlicet
1679 4484 1907 4539 utuntur
1945 4487 2216 4542 ministris
2255 4487 2346 4542 Dei
2388 4489 2440 4540 in
2477 4489 2698 4557 negotio
2737 4486 2854 4550 Dei,
2898 4488 2993 4557 qui
3036 4487 3194 4557 quasi
3230 4486 3532 4540 aestimatio
3554 4499 3654 4553 pro
3690 4484 3827 4552 ipsis
3877 4486 3979 4537 ob-

694 4579 785 4631 lati
820 4586 967 4632 Sunt.
993 4576 1089 4629 Per
1114 4589 1173 4629 se
1203 4575 1412 4628 donant
1444 4590 1501 4628 se
1530 4573 1658 4633 Deo,
1689 4575 1782 4642 qui
1817 4576 2202 4628 administrant
2229 4591 2427 4629 munus
2445 4578 2810 4644 apostolicum
2840 4591 2852 4628 :
2887 4575 2940 4628 in
2971 4574 3219 4629 secundo
3238 4574 3306 4626 ab
3330 4572 3417 4626 his
3448 4572 3640 4624 ordine
3674 4577 3805 4624 sunt
3828 4611 3840 4630 ,
3882 4571 3976 4639 qui

689 4669 1020 4721 diaconatus
1045 4666 1229 4718 munia
1264 4665 1509 4719 oheuut':
1545 4663 1615 4718 ab
1647 4663 1942 4717 diaconatu
1974 4665 2066 4733 qui
2100 4665 2413 4727 discedunt,
2447 4665 2705 4719 recidunt
2741 4664 2807 4718 ad
2843 4679 2963 4718 eam
2986 4664 3218 4717 classem
3263 4662 3572 4720 hominum.
3611 4661 3702 4728 qui
3734 4662 3976 4713 aliorum

689 4773 856 4826 Opera
881 4757 1195 4825 junguntur
1220 4755 1390 4807 cultui
1427 4753 1638 4806 divino.
1670 4751 1775 4817 Qui
1813 4751 2112 4805 sacerdotii
2160 4750 2501 4808 functionetn
2537 4763 2930 4824 susceperunt,
2976 4765 3262 4822 nunquam
3307 4758 3570 4819 poterunt
3602 4750 3670 4801 ab
3714 4749 3816 4801 hac
3849 4763 3979 4802 sese

689 4858 982 4913 segregare
1016 4852 1069 4896 et
1102 4841 1170 4895 ad
1220 4841 1406 4895 seculi
1446 4841 1662 4909 negotia
1706 4839 1927 4893 reverti.
1974 4836 2109 4892 Nam
2154 4841 2217 4892 ad
2251 4841 2436 4894 omnia
2473 4844 2823 4895 habebuntur
2857 4841 3103 4895 inutiles.
3162 4840 3255 4892 Sal
3303 4839 3452 4891 enim
3503 4838 3549 4889 si
3596 4835 3768 4889 fuerit
3832 4835 3981 4888 infa-

690 4941 899 4995 tuatus,
951 4946 1061 4999 quo
1123 4929 1391 4983 salietur‘.’
1453 4927 1836 4983 Verumtamen
1890 4935 1944 4980 et
1985 4927 2029 4982 si
2105 4917 2231 4997 quis
2301 4945 2361 4984 se
2434 4929 2651 4984 abdicet
2713 4929 3029 4988 diaconatu.
3086 4942 3154 4982 ne
3199 4936 3383 4980 tamen
3473 4939 3533 4978 se
3587 4933 3763 4976 totum
3825 4941 3983 4977 man-

688 5023 828 5090 ripet
863 5021 1107 5074 externis
1140 5021 1374 5088 negotiis
1402 5026 1456 5073 et
1492 5017 1942 5072 ocoessitatibus.
1977 5016 2093 5070 lloc
2123 5019 2268 5072 enim
2302 5019 2550 5074 inuuitur
2591 5034 2688 5087 per
2724 5019 2800 5080 id,
2835 5019 2982 5088 quod
3023 5017 3177 5082 dicit,
3215 5030 3406 5084 agrum
3446 5029 3557 5068 non
3591 5013 3975 5078 vendendum,

691 5112 785 5165 s.--d
816 5109 1218 5163 restituendum
1269 5107 1379 5162 Deo
1418 5108 1638 5162 etiamsi
1676 5107 1949 5161 alienatus
1987 5104 2193 5160 fuerit:
2233 5109 2423 5163 redimi
2466 5123 2596 5161 vero
2637 5107 2825 5160 addita
2853 5106 3045 5176 quinta
3089 5114 3246 5165 parte
3275 5103 3436 5171 pretii
3482 5117 3589 5155 una
3624 5117 3750 5155 cum
3793 5103 3978 5170 pretio

692 5201 857 5254 iusto.
896 5194 1248 5267 Significatur
1284 5207 1544 5267 praterea
1578 5211 1726 5259 eum,
1761 5197 1854 5264 qui
1888 5195 2202 5266 exagitatur
2237 5197 2487 5252 adversis
2524 5198 2688 5252 rebus
2720 5196 2936 5258 saeculi,
2986 5193 3190 5248 debere
3227 5191 3475 5262 cogitare
3518 5189 3816 5259 spirituale
3873 5207 3978 5243 ιιιι-

755 5380 794 5405 “
833 5376 1026 5430 Matth.
1072 5377 1296 5440 x1x,l4.
1378 5377 1422 5406 "
1462 5372 1592 5427 ibid.
1647 5373 1729 5425 ll.
1811 5374 1856 5402 ι³
1895 5372 2025 5426 ihid.
2067 5371 2146 5426 l2.
2226 5374 2272 5404 "
2303 5370 2466 5427 Joau.
2499 5389 2574 5433 vi,
2617 5372 2706 5428 57.
2788 5373 2830 5404 ⁸³
2863 5371 3103 5444 Philipp.
3139 5389 3211 5440 tv,
3242 5371 3335 5428 17.

2189 5489 2422 5548 ΝΟΤᾸΞ..

756 5591 868 5657 (40)
902 5589 1030 5643 Ἐὰν
1051 5591 1105 5642 δέ
1142 5609 1224 5652 τις
1252 5592 1324 5658 μὴ
1365 5591 1465 5658 τὴν
1501 5588 1686 5658 τιμὴν,
1718 5588 1832 5642 ἀλλ’
1861 5587 2032 5659 αὐτὴν
2066 5588 2270 5659 ἁγιάσῃ
2451 5589 2564 5657 (Η)
2601 5588 2728 5641 Ἐὰν
2757 5587 2811 5639 δὲ
2846 5587 3018 5656 ἑτέρῳ
3046 5586 3343 5659 ἀποδῶται.
3386 5586 3441 5659 ’0
3469 5587 3593 5638 αὐτ.

683 5653 782 5730 τὴ)
826 5664 1004 5715 οἰκίαν
1065 5661 1097 5731 ἢ
1152 5653 1262 5714 τὸν·
1294 5653 1493 5732 ἆγρδν,
1546 5653 1707 5712 δώσει
1757 5658 2051 5741 τὴνιτιμὴν
2087 5662 2178 5741 ικαὶ
2211 5653 2272 5741 το
2452 5653 2564 5716 iul
2617 5661 2672 5711 ὐ
2695 5659 2749 5711 δὲ
2785 5653 3018 5741 ardia";
3066 5660 3233 5741 αγρὸν
3281 5655 3775 5741 οὑκ-απὸικλήρου
3815 5653 3973 5720 ἰδίου,

696 5727 938 5787 ξένιπτον
961 5777 973 5789 .
1024 5727 1113 5786 xit
1147 5727 1596 5798 κιϐἐξεῖταῦτα,
1632 5732 1802 5800 ἑτέρῳ
1834 5729 1909 5794 ἑὲ,
1963 5746 2046 5782 κτ.
2089 5731 2148 5782 'tl
2177 5731 2270 5800 τῆς
2381 5733 2494 5783 ἀλλ’
2526 5733 2580 5796 ἐξ
2616 5731 2915 5799 ἀγορασίαις
2940 5731 3040 5781 οὐκ
3074 5731 3232 5782 ἁνακ.
3270 5747 3356 5784 κτ.
3401 5729 3458 5780 Ὀ
3493 5727 3615 5781 αὺτ.

691 5811 826 5874 tt;-
857 5806 984 5863 me.
1298 5795 1308 5798 ’
1586 5795 1591 5798 ’
1727 5795 1736 5800 ’
1776 5795 1784 5800 ’
2227 5795 2235 5800 ’
2467 5795 2575 5872 ρῖὖι
2604 5795 2907 5873 ait}.ng
2943 5801 2976 5870 ἢ
3014 5803 3232 5871 πρᾶσις.
3285 5802 3339 5853 ’0
3371 5800 3470 5870 τῆς
3500 5800 3632 5866 ,νζ-ί.
3657 5795 3792 5852 xiiii.
