4266 6446
743 369 849 429 795
2047 373 2392 432 rnocoru
2425 376 2666 434 oazm
2852 443 2855 445 _
3336 363 3338 366 ’
3906 381 4009 447 796

745 495 927 531 mares
963 478 1253 546 imligenze,
1293 480 1471 545 liberi,
1509 481 1645 533 bene
1669 481 1805 544 nati,
1841 481 2160 551 justamque
2190 494 2322 535 aua-
2356 497 2398 546 Α

2356 497 2398 546 Α
2431 487 2522 536 καὶ
2552 487 2762 546 οἰκεῖοι,
2805 485 3082 556 ἐλεύθεροί
3121 505 3179 540 τε
3232 491 3327 543 καὶ
3371 493 3633 558 εὐγενεῖς,
3671 492 3763 543 καὶ
3794 494 3870 552 εἰς
3915 496 4008 562 μὲο

744 586 851 628 tem
895 577 1073 642 adepti
1117 576 1170 628 in
1199 577 1664 643 stqqilementum,
1700 577 1804 627 hoc
1845 585 1954 638 est,
1983 578 2201 644 generis
2233 593 2324 630 sc-

2299 607 2324 619 -
2429 592 2558 644 τρον
2593 577 2808 644 ἡλικίας
2833 579 3059 645 ἥκοντες
3091 579 3185 631 τ’ιῦ
3217 582 3580 653 πληρώματος
3612 584 3704 635 τοῦ
3744 585 3983 652 Χριστοῦ

743 668 879 720 riem
909 667 1138 729 Christi,
1179 676 1575 720 acccuseutur.

810 802 945 856 Nam
973 805 1007 855 ii
1047 804 1138 872 qui
1172 804 1386 857 animos
1417 803 1481 856 ad
1527 818 1767 871 pugnam
1806 802 2274 854 instructissimos
2318 801 2539 861 habent.
2565 803 2771 870 quique
2805 804 2988 856 divina
3015 807 3325 873 cognitione
3360 807 3510 875 digni
3545 808 3891 872 juilicantur.
3939 809 3992 861 in

742 907 975 945 numero
1012 893 1185 958 ipsius
1222 903 1272 943 et
1317 891 1545 943 decuria
1588 894 1766 941 locum
1798 889 2018 941 demum
2068 890 2371 942 inveniunt.
2408 889 2622 955 Alioqui
2661 904 2791 942 sane
2832 891 3208 958 Cognitionem
3242 893 3420 960 ipsius
3459 895 3796 961 subter-fugit
3835 896 3995 956 nihil,

735 979 892 1047 juxta
927 980 1057 1030 illud
1094 998 1106 1032 :
1155 996 1173 1029 ι
1212 980 1312 1042 Qui
1346 979 1537 1046 copias
1583 988 1865 1029 astrorum
1904 977 2223 1028 dinumerat
2260 977 2323 1027 ⁸⁸.
2367 994 2384 1025 ι
2427 973 2488 1026 Et
2529 974 2659 1028 illud
2697 996 2708 1030 :
2745 995 2761 1024 ι
2810 975 3012 1030 Omnes
3045 993 3146 1030 sno
3179 982 3396 1030 vocalnt
3428 980 3647 1030 nomine
3680 980 3746 1030 δ’.
3810 998 3828 1028 ι
3862 979 4005 1044 Quin

740 1067 905 1118 etiam
938 1066 1001 1115 ad
1033 1082 1284 1132 passeres
1318 1081 1492 1132 usque
1529 1080 1685 1116 suam
1719 1065 2091 1131 cognitionem
2137 1062 2421 1129 pervenire
2455 1062 2712 1114 Servatur
2745 1064 3035 1116 asscrit“.
3072 1066 3253 1131 Atque
3284 1066 3563 1131 jttstm‘ttltt
3601 1068 4004 1132 cognitionem,

744 1166 838 1218 per
881 1153 1139 1212 familias,
1174 1167 1268 1218 per
1309 1151 1530 1212 domos,
1569 1166 1664 1218 per
1705 1164 2157 1217 unumquemque
2209 1151 2530 1216 separatim,
2577 1150 2645 1201 ab
2691 1150 2972 1203 universis
3009 1150 3073 1201 ad
3123 1152 3370 1217 singulos
3403 1159 3685 1220 propagat.
3721 1151 4006 1216 Siquidem

741 1247 924 1304 partes
950 1237 1179 1303 singulae
1208 1238 1260 1288 in
1298 1238 1557 1289 universo
1591 1238 1871 1289 conclusa:
1906 1245 2184 1294 tem-utor.
2225 1250 2324 1286 nee.
2363 1236 2553 1296 totius,
2597 1237 2848 1302 partilms
2885 1237 3152 1295 exclusis.
3181 1238 3340 1302 juxta
3385 1237 3702 1292 Graecorum
3735 1255 4009 1307 quorum-

738 1327 861 1377 dam
891 1326 1233 1394 opinzonem,
1269 1325 1409 1376 ratio
1447 1327 1558 1375 ullo
1598 1325 1759 1376 modo
1791 1324 1974 1374 haberi
2010 1331 2210 1390 potest.
2242 1323 2319 1374 Ad
2351 1324 2497 1375 hunc
2527 1323 2747 1375 modum
2787 1326 3107 1378 recensione
3142 1341 3362 1394 quoque
3397 1340 3563 1393 super
3626 1325 3791 1379 Saule
3833 1326 4004 1391 facta,

738 1413 1047 1465 secundum
1079 1414 1256 1466 tribus
1299 1414 1533 1480 prim-ru
1566 1411 1706 1464 facta
1740 1421 1825 1465 est
1854 1413 2095 1464 sortitio.
2138 1411 2341 1464 Deinde
2376 1409 2680 1464 sccundmn
2719 1410 2978 1464 familias.
3028 1415 3249 1464 Demum
3281 1413 3590 1466 secundant
3631 1428 4004 1481 unumquem-

735 1517 842 1568 que
877 1502 1052 1552 donec
1094 1512 1242 1553 sorte
1277 1502 1543 1568 quaesitus
1579 1509 1727 1552 esset
1791 1498 2190 1566 deprehensus.
2240 1497 2341 1561 Qui
2397 1513 2514 1549 mos
2563 1503 2728 1549 etiam
2791 1513 2916 1548 etim
2969 1498 3157 1550 Achan
3211 1511 3510 1566 usurpatus
3549 1509 3656 1553 cst.
3691 1498 3792 1564 Qui
3834 1501 4007 1568 igitur

734 1589 1110 1654 descriptione
1150 1588 1295 1655 digni
1333 1588 1683 1647 exstiterint,
1726 1587 1778 1638 in
1813 1589 1919 1637 vita
1951 1584 2274 1638 referentur.
2303 1584 2497 1636 lteatus
2531 1590 2712 1635 autem
2747 1583 2837 1636 ille
2869 1586 2960 1652 qui
3007 1585 3060 1636 in
3103 1586 3383 1637 civitatem
3420 1585 3730 1638 Jerusalem
3765 1588 3994 1641 inscribi

733 1679 933 1745 dignus
970 1679 1124 1728 luerit
1157 1677 1439 1743 judicatus
1479 1693 1490 1727 :
1527 1695 1542 1725 ι
1584 1673 1869 1745 Exsuitate
1912 1676 2093 1732 enim,
2129 1672 2327 1739 inquit,
2363 1689 2427 1723 eo
2453 1670 2600 1738 quod
2640 1669 2864 1721 nomina
2906 1680 3086 1723 vestra
3124 1672 3176 1723 in
3220 1672 3378 1725 caelis
3405 1680 3533 1724 sunt
3566 1672 3835 1741 inscripta
3872 1675 3940 1704 ⁶¹ο
3979 1693 3996 1723 ι

732 1767 1006 1831 Quoniam
1043 1781 1173 1817 vero
1208 1767 1383 1818 civem
1425 1762 1728 1816 Jerusalem
1759 1743 2048 1823 exsistere,
2095 1769 2148 1813 et
2178 1762 2298 1812 vita:
2339 1755 2729 1822 felicitatisque
2777 1767 3093 1809 consortem
3135 1773 3257 1810 esse
3286 1759 3428 1810 inter
3461 1773 3518 1812 se
3551 1758 3854 1822 cohaerent,
3896 1775 3994 1813 ve-

731 1853 1020 1906 hementer
1052 1853 1375 1905 enitendum
1413 1860 1517 1912 est,
1554 1867 1619 1903 ηις
1655 1851 1927 1903 exsistant
1959 1862 2196 1917 quorum
2231 1844 2450 1898 nomina
2481 1844 2590 1896 sint
2627 1845 2894 1910 asCripta,
2939 1861 3062 1895 cum
3097 1845 3200 1913 ipsi
3237 1846 3458 1897 interim
3494 1860 3520 1896 a
3563 1846 3698 1908 vita,
3735 1861 3834 1899 sua
3876 1848 4007 1900 cul-

733 1956 797 2008 pa
831 1942 1237 2001 desciscentes,
1269 1941 1424 2004 juxta
1453 1936 1778 1996 Jeretniatn,
1809 1936 2088 1988 excidant.
2133 1933 2287 1998 Quod
2322 1947 2447 1985 cum
2499 1934 2572 1984 ita
2621 1933 2715 1996 sit,
2759 1931 3037 2001 duplicem
3089 1935 3520 2003 descriptionem
3563 1950 3690 1988 esse
3746 1937 4007 2003 cogitan-

728 2029 859 2080 dum
895 2036 996 2089 est,
1034 2043 1196 2080 unam
1246 2026 1468 2094 quidem
1504 2040 1722 2084 eorum,
1757 2025 1850 2092 qui
1902 2022 1968 2074 ad
2005 2024 2171 2074 vitam
2203 2029 2329 2074 sunt
2361 2019 2644 2088 descripti,
2675 2036 2910 2087 quorum
2947 2022 3128 2089 capilli
3182 2022 3232 2073 iu
3289 2031 3581 2076 numerato
3631 2023 3782 2090 apud
3829 2021 4007 2080 Deum

734 2116 1025 2174 labentur,
1071 2116 1299 2167 alteram
1349 2127 1539 2166 eorum
1582 2112 1672 2180 qui
1710 2112 1776 2162 ad
1811 2111 2111 2163 interitum.
2167 2107 2276 2160 “JC
2307 2111 2451 2164 enim
2477 2111 2620 2179 quod
2660 2112 2711 2162 di
2739 2112 2904 2164 ~it'tr:
2954 2129 2972 2162 ι
3037 2114 3075 2166 E
3109 2114 3856 2168 commentario'viventium
3907 2132 4008 2168 ex-

731 2201 1059 2256 scindantur
1095 2202 1196 2266 ⁶¹·;
1234 2221 1250 2251 ι
1292 2203 1415 2253 item
1459 2219 1469 2253 :
1507 2219 1523 2250 ι
1564 2200 1618 2252 In
1668 2215 1895 2252 ttttntet'o
1921 2199 2196 2264 justmum
2225 2213 2330 2250 non
2357 2198 2698 2252 collocentur
2721 2198 2797 2262 ⁶²;
2847 2218 2862 2250 ι
2895 2207 3060 2269 atque
3097 2201 3228 2254 illud
3271 2220 3282 2254 :
3319 2220 3336 2252 ι
3370 2207 3416 2265 Ε
3461 2201 3606 2254 libro
3633 2210 3726 2254 tuo
3755 2217 3842 2256 me
3873 2205 4009 2257 abo-

729 2294 836 2344 leto
862 2292 941 2355 ⁸³,
996 2309 1012 2338 ι
1055 2290 1120 2341 de
1151 2291 1217 2341 iis
1262 2290 1353 2357 qui
1392 2288 1762 2356 descriptione
1801 2303 1828 2338 a
1885 2285 1995 2338 Deo
2040 2287 2188 2354 digni
2225 2287 2332 2354 jam
2388 2285 2559 2337 hahiti
2611 2295 2791 2347 erant,
2822 2296 2875 2339 et
2916 2301 3320 2356 saepenumero,
3371 2290 3596 2354 quando
3629 2304 3657 2342 a
3700 2290 3905 2342 virtute
3935 2291 4004 2344 ad

728 2382 922 2431 vitium
959 2377 1304 2432 deflectimus
1339 2376 1612 2438 videlici-t,
1653 2375 2049 2442 descriptionis
2084 2377 2538 2443 permutationem
2571 2373 2707 2438 ﬁeri,
2740 2384 2823 2428 est
2867 2376 3308 2444 intelligemlufn.
3345 2375 3508 2430 Facta
3563 2384 3647 2431 est
3683 2387 3868 2431 autem
3904 2377 4004 2431 de-

728 2469 957 2536 scriptio
989 2482 1082 2534 per
1114 2465 1294 2517 .\luseu
1324 2476 1372 2516 et
1407 2467 1702 2525 Aarouem,
1747 2479 1857 2533 quo
1885 2465 1937 2516 in
1967 2464 2235 2516 ambobus
2271 2462 2491 2514 unicum
2520 2461 2842 2525 Christum;
2874 2464 2928 2517 in
2965 2463 3111 2516 Mose
3151 2465 3373 2532 quidem
3406 2475 3461 2515 ut
3507 2465 3742 2518 latorem
3782 2467 3994 2534 legum,

729 2557 781 2606 in
802 2555 1016 2606 Aarone
1044 2567 1194 2613 vero,
1224 2562 1282 2603 ut
1315 2553 1630 2620 pontiﬁcem
1661 2567 1936 2604 summum
1967 2551 2486 2616 contemplaremur.
2527 2548 2801 2604 Caeterum
2830 2551 3142 2620 descriptos
3172 2550 3419 2606 Joannes
3447 2553 3631 2623 inquit
3663 2571 3674 2606 :
3709 2571 3727 2603 ι
3768 2551 3823 2606 In
3853 2554 4001 2607 litte-

728 2639 804 2690 ris
837 2638 973 2689 lucis
1019 2637 1147 2688 nolo
1180 2651 1277 2688 vos
1323 2636 1525 2696 Celare,
1559 2633 1815 2701 juvenes.
1845 2633 1990 2700 quod
2026 2633 2173 2685 viros
2205 2647 2300 2685 vos
2351 2639 2710 2701 prmstitisus,
2744 2646 2797 2692 et
2845 2640 3048 2691 malum
3100 2640 3388 2693 devicistis
3439 2641 3503 2691 εδ.
3547 2659 3564 2690 ι
3607 2643 4003 2694 Aceensentur

728 2742 858 2777 vero
894 2724 1026 2777 Mosi
1063 2725 1304 2790 C()ilt'g;l‘.,
1338 2737 1482 2791 quos
1537 2721 1785 2788 adjunxit
1841 2719 1981 2773 Deus
2007 2759 2020 2779 .
2068 2721 2322 2774 tribunus
2365 2738 2559 2795 nempe
2612 2726 2854 2778 tribuum
2908 2728 3278 2796 singularum,
3313 2727 3421 2779 dux
3459 2729 3695 2792 militiae,
3735 2729 4000 2797 princeps

727 2815 1116 2867 consiliorum.
1156 2812 1258 2875 Qui
1290 2827 1422 2865 sane
1462 2814 1690 2879 angelos
1723 2827 1889 2879 super
1914 2812 2231 2866 hominibus
2266 2814 2707 2868 succenturiatos
2753 2825 3180 2882 repraesentant.
3218 2815 3290 2867 De
3331 2815 3500 2882 jnstis
3531 2817 3678 2868 enim
3720 2816 4000 2884 scriptum

723 2911 905 2956 exstat
940 2920 954 2956 :
997 2921 1014 2953 ι
1049 2903 1290 2971 Angelus
1319 2899 1538 2952 Domini
1580 2911 1763 2953 castra
1815 2899 2055 2969 undique
2082 2901 2227 2953 circa
2261 2903 2525 2958 timentes
2559 2902 2735 2970 ipsmn
2773 2903 2960 2964 habet,
3012 2904 3274 2971 ipsosque
3302 2917 3402 2971 pro
3433 2904 3579 2956 virili
3615 2905 3818 2957 asserit
3864 2905 3935 2956 “.
3976 2922 3996 2955 ι

727 2989 1010 3057 Siquidem
1045 2989 1078 3041 ii
1119 2989 1221 3056 ipsi
1257 3003 1478 3056 quoque
1511 2988 1753 3056 gentium
1786 2989 1986 3039 limites
2028 2987 2292 3042 Israclitis
2329 2999 2477 3043 sorte
2509 2990 2946 3043 diStrihuerunt.
2987 2990 3355 3042 Collocantur
3389 3005 3519 3043 vero
3567 2991 3642 3042 illi
3691 2991 3998 3044 secundum

723 3078 945 3145 generis
984 3077 1328 3143 dignitatem,
1355 3091 1450 3128 nee
1481 3075 1859 3143 generationis
1890 3077 2104 3128 seriem.
2145 3074 2330 3129 Primo
2369 3075 2582 3138 ltuhen,
2607 3076 2868 3145 deinceps
2901 3078 3090 3131 cuncti
3126 3079 3200 3139 illi
3233 3088 3382 3139 octo,
3417 3079 3508 3146 qui
3540 3097 3569 3131 e
3597 3080 3785 3132 liberis
3810 3082 4001 3132 uvoi‘i-

725 3167 828 3218 bus
861 3173 991 3218 sunt
1028 3166 1225 3216 exciti.
1288 3162 1483 3216 Postei
1520 3172 1762 3232 quatuor
1804 3177 1832 3214 a
1881 3166 2057 3216 servis
2084 3164 2236 3216 editi.
2276 3164 2395 3230 Ipsa
2425 3165 2571 3217 enim
2609 3165 2914 3233 antiquitas
2943 3179 3038 3233 per
3083 3182 3140 3219 se
3186 3165 3331 3235 apud
3391 3165 3558 3219 Deum
3611 3183 3719 3220 non
3753 3168 3999 3220 excellit.

723 3254 897 3318 Quem
922 3253 1200 3306 idmodum
1244 3269 1342 3305 nec
1382 3253 1550 3304 Israel
1585 3252 1873 3320 posteriori
1925 3249 2200 3310 Eeclesiw.
2257 3251 2402 3304 illius
2440 3254 2587 3304 enim
2621 3261 2810 3321 typum
2847 3254 3019 3322 gessit
3065 3254 3284 3312 lstmel,
3321 3253 3490 3320 hujus
3532 3269 3686 3318 vero,
3727 3256 3868 3309 bene
3901 3271 4002 3308 ne-

724 3353 810 3395 tus
841 3343 950 3401 ille,
989 3341 1241 3408 quamvis
1271 3339 1458 3408 junior
1504 3339 1674 3391 Isaac.
1713 3339 1924 3390 Idcirco
1954 3339 2048 3406 qui
2095 3339 2353 3405 baptiz...i
2392 3340 2498 3392 vim
2547 3341 2767 3394 cazlitus
2814 3348 2867 3393 et
2902 3341 3124 3393 divitias
3149 3349 3567 3408 compararunt,
3621 3343 3825 3410 quique
3859 3358 4003 3394 novo

722 3431 911 3482 ascito-
942 3430 1131 3481 habitu
1170 3444 1351 3480 rerum
1381 3428 1698 3480 divinarum
1735 3436 2077 3493 sategcrunt,
2113 3435 2221 3478 tam
2258 3427 2492 3494 juvenes
2521 3443 2686 3495 quam
2727 3427 2851 3487 viri,
2887 3429 3148 3496 superuis
3182 3428 3552 3480 instituuntur
3595 3430 3840 3482 sedibus.
3878 3427 3998 3482 Non

723 3533 832 3570 nuo
861 3525 1044 3569 tamen
1076 3518 1383 3585 eademque
1426 3517 1588 3568 modo
1622 3531 1853 3579 omnes;
1890 3515 2010 3578 sed,
2052 3515 2095 3567 si
2129 3517 2392 3582 Apostolo
2419 3517 2716 3578 credimus,
2752 3516 3056 3570 secundum
3091 3516 3319 3584 patrias.
3355 3526 3407 3570 et
3449 3516 3709 3582 familias,
3742 3518 3832 3568 alii
3862 3518 3992 3584 qui-

720 3605 842 3657 dem
887 3605 988 3665 sic,
1030 3606 1120 3656 alii
1167 3620 1293 3656 vero
1329 3605 1410 3657 sic
1438 3604 1504 3654 ““.
1542 3602 1728 3667 Quare
1779 3602 1981 3653 adultis
2005 3600 2224 3654 Levitas
2253 3613 2305 3656 ct
2333 3604 2730 3673 prituogcnitos
2764 3604 2816 3656 in
2851 3603 3102 3673 catalogo
3149 3604 3459 3673 subiungit.
3507 3604 3623 3656 lmo
3678 3620 3803 3657 cum
3838 3605 4002 3658 nobis

718 3692 884 3762 382
918 3693 1159 3745 misisset
1188 3689 1386 3744 Filium
1440 3690 1625 3760 gravis
1661 3705 1931 3742 annorum
1967 3686 2150 3754 Pater,
2181 3699 2240 3741 ut
2281 3691 2335 3743 in
2369 3689 2592 3744 ltaniele
2633 3690 2864 3760 legimus
2906 3690 2948 3720 ⁸⁷
2971 3729 2986 3752 ,
3030 3692 3199 3744 libros
3228 3693 3470 3758 aperuit,
3499 3707 3564 3745 ac
3598 3708 3724 3746 reos
3767 3694 3997 3761 quidem

721 3793 1069 3853 peccatorum
1104 3786 1314 3852 judicio
1351 3784 1612 3850 subjecit.
1678 3799 1774 3836 eos
1827 3798 1958 3833 vero
2011 3784 2100 3852 qui
2158 3783 2372 3835 fortiter
2417 3789 2645 3848 egerant
2694 3779 3024 3834 etnlestibus
3084 3782 3220 3833 locis
3282 3781 3512 3834 inscribi
3598 3782 4004 3849 accenserique

717 3877 958 3934 mandat,
1006 3873 1203 3926 deletis
1230 3889 1292 3926 ex
1340 3872 1478 3925 libro
1512 3873 1837 3932 viventium,
1864 3871 2018 3938 juxta
2063 3870 2282 3923 Davidis
2306 3870 2657 3931 vaticinium,
2697 3867 2904 3923 Juda-is
2934 3871 3113 3939 “,qui
3152 3873 3396 3940 segniter
3429 3882 3679 3937 egerant,
3715 3874 3998 3943 fidemque

715 3959 1117 4028 derogavcraut
1146 3958 1424 4011 vocationi
1459 3974 1591 4020 sine,
1621 3958 1723 4010 hoc
1757 3958 1977 4026 quidem
2007 3967 2341 4026 pra:tex-3nte
2371 3957 2518 4026 quod
2551 3958 2783 4010 emisset
2811 3972 3029 4026 agrum,
3067 3959 3162 4010 illo
3191 3958 3336 4026 quod
3374 3975 3608 4012 uxorem
3637 3961 3920 4014 durisset.

789 4046 1082 4099 Considera
1113 4047 1252 4114 filios
1283 4043 1425 4110 Levi,
1463 4059 1568 4098 etc.
1606 4044 1714 4116 [lll,
1745 4045 1778 4095 6
1808 4044 1823 4116 ]
1863 4047 2040 4096 Prima
2076 4048 2298 4113 quidem
2328 4046 2629 4115 ilestriptio
2653 4057 2737 4098 est
2787 4047 3129 4115 magnanimi
3170 4055 3335 4116 atque
3388 4047 3702 4116 prudentis.
3741 4048 3991 4102 Duarum

715 4149 849 4188 vero
881 4135 1232 4203 sequentium
1269 4134 1439 4186 altera
1482 4133 1708 4202 quidem
1747 4148 1963 4184 omnem
2011 4131 2239 4186 Levitici
2281 4140 2497 4205 generis
2534 4139 2842 4192 masculum
2887 4140 3156 4192 continet.
3200 4140 3383 4191 Altera
3427 4155 3558 4193 vero
3595 4139 3792 4208 reliqui
3837 4141 3982 4206 vulgi

715 4237 823 4276 non
852 4237 1067 4275 onmem
1109 4223 1437 4282 masculum,
1473 4235 1663 4273 verum
1698 4221 2130 4288 primogenitum
2161 4223 2320 4290 cujus
2362 4237 2492 4279 aetas
2524 4241 2552 4277 a
2585 4241 2772 4280 mense
2815 4227 2896 4280 Vcl
2932 4241 3101 4294 supra
3136 4236 3528 4281 numeraretur
3563 4229 3754 4281 etiam.
3793 4226 4000 4282 Prima:

713 4311 918 4364 etenim
951 4309 1313 4378 descriptioni
1349 4309 1495 4362 illam
1546 4323 1771 4377 quoque
1797 4325 1917 4378 qua:
1955 4308 2117 4362 ﬁdem
2155 4321 2576 4380 repra'sentaret
2608 4312 2911 4383 adjungere
2941 4322 3062 4367 erat
3110 4329 3383 4368 necesse:
3431 4315 3594 4382 cujus
3631 4315 3858 4382 quidem
3897 4319 4003 4369 du-

717 4401 840 4469 plex
872 4399 1083 4453 exstitit
1128 4400 1286 4451 ratio.
1322 4398 1426 4451 Alii
1464 4402 1668 4452 etenim
1707 4397 1798 4451 Dei
1833 4399 1970 4467 jugo
2004 4401 2399 4456 submittentes
2440 4403 2582 4456 colla
2628 4403 2777 4465 ﬁdei,
2813 4403 3163 4455 sanctitatem
3214 4418 3450 4471 operum
3498 4402 3834 4472 adjunguut.
3887 4406 3999 4457 Alii

717 4504 848 4542 vero
875 4503 997 4541 cum
1029 4489 1237 4541 mundo
1275 4488 1694 4556 participantes,
1719 4489 2106 4543 sanctimonia:
2139 4493 2466 4544 exercitium
2501 4505 2757 4544 mancum
2798 4487 3299 4558 imperfectumque
3351 4492 3697 4559 relinquunt.
3746 4490 3999 4556 Quorum

716 4578 792 4631 illi
844 4578 1064 4646 quidem
1129 4578 1422 4646 imaginem
1456 4592 1648 4630 eorum
1686 4578 1778 4646 qui
1833 4578 1977 4631 inter
2010 4577 2230 4632 Levitas
2269 4581 2475 4647 primas
2517 4587 2704 4632 tenent
2731 4620 2744 4637 .
2783 4579 2834 4631 hi
2870 4593 2998 4632 vero
3034 4580 3128 4648 qui
3176 4586 3493 4646 sequuntur
3528 4594 3648 4638 eos,
3689 4594 3803 4649 prae
3830 4594 3892 4633 se
3923 4578 4006 4631 fe-

715 4676 862 4720 runt.
892 4667 1092 4720 Cuncti
1128 4681 1308 4718 mares
1351 4667 1702 4735 primogeniti
1756 4665 1969 4719 Christi
2008 4668 2360 4736 primogeniti
2402 4667 2628 4735 ﬁguram
2665 4667 2718 4719 in
2753 4681 2813 4720 se
2854 4666 3079 4718 habent.
3111 4667 3181 4718 At
3225 4666 3322 4735 qui
3371 4665 3456 4718 his
3501 4665 3800 4720 inferiores
3847 4673 4002 4726 sunt,

714 4756 890 4809 Paulo
923 4770 1064 4824 opus
1107 4755 1332 4816 habent,
1367 4758 1462 4824 qui
1498 4770 1595 4809 eos
1627 4754 1922 4824 parturiat,
1955 4754 2132 4809 donec
2167 4757 2218 4808 in
2253 4757 2335 4810 eis
2379 4757 2740 4810 conﬁrmetur
2787 4754 3058 4809 Dominus
3096 4755 3162 4807 ".
3200 4755 3272 4808 De
3299 4754 3532 4822 reliquis
3563 4754 3785 4822 quidem
3823 4754 4006 4807 tribu-

712 4847 814 4899 lius
848 4861 955 4897 non
1000 4853 1236 4896 cunctas
1280 4859 1420 4901 mas.
1462 4844 1570 4896 imo
1625 4842 2032 4912 primogenitus
2069 4853 2281 4896 tantum
2317 4843 2671 4897 describitur.
2728 4843 2785 4897 Si
2832 4844 3054 4911 quidem
3107 4857 3215 4895 non
3269 4842 3454 4896 omnis
3510 4843 3677 4896 homo
3712 4840 3892 4896 ﬁdelis
3942 4853 4005 4894 et

711 4936 937 4989 Christo
993 4933 1300 4986 conformis
1332 4941 1439 4992 est.
1501 4948 1625 4985 cum
1682 4933 1838 4986 multi
1877 4947 1986 4985 non
2045 4932 2276 4988 credant
2315 4937 2564 4987 omnino.
2614 4933 2888 4986 Caeterum
2940 4931 3007 4986 de
3041 4930 3249 4985 Levitis
3282 4932 3512 4985 omnis:
3577 4950 3594 4982 ι
3648 4929 3792 4984 Deus
3853 4932 4004 4983 enim

710 5025 858 5093 quod
896 5035 1150 5075 sanctum
1204 5035 1286 5075 est
1318 5021 1422 5076 sibi
1479 5032 1652 5074 totum
1705 5023 1968 5074 vindicat.
2011 5038 2028 5070 ι
2064 5021 2285 5075 Clarum
2333 5036 2465 5076 vero
2513 5019 2721 5074 Christi
2765 5019 3052 5074 infantiam
3103 5019 3256 5084 facit,
3297 5019 3446 5088 quod
3502 5018 4002 5088 primogenitorum

709 5113 1013 5181 descriptio
1056 5111 1121 5163 ad
1159 5112 1367 5165 mensis
1399 5125 1621 5180 quoque
1661 5119 1878 5163 a:tatem
1920 5122 1975 5164 et
2008 5125 2173 5179 supra
2215 5125 2338 5164 sese
2363 5110 2689 5165 deinittehat
2727 5128 2926 5183 usque.
2966 5111 3033 5164 Et
3069 5112 3210 5165 tales
3240 5126 3367 5163 cum
3399 5125 3503 5165 nos
3535 5126 3662 5165 esse
3695 5111 3882 5170 vellet,
3912 5111 4004 5163 iu-

707 5203 866 5270 quit:
907 5219 924 5250 ι
960 5199 1093 5253 Sitis
1123 5201 1420 5267 prudentes
1455 5200 1606 5253 velut
1643 5205 1953 5267 serpentes,
1987 5207 2042 5251 et
2076 5199 2224 5266 plani
2264 5199 2408 5252 sicut
2449 5201 2810 5254 columbo".
2862 5220 2880 5252 ι
2917 5198 3065 5265 Quin
3122 5209 3176 5254 et
3215 5197 3414 5251 Paulus
3456 5199 3594 5251 dicit
3631 5216 3644 5250 :
3688 5217 3706 5247 ι
3753 5195 4004 5256 Fratres.

708 5307 776 5344 ne
811 5289 955 5343 ﬁatis
985 5291 1264 5342 urentibus
1299 5289 1500 5342 vestris
1538 5288 1784 5356 puerulis
1822 5287 2058 5349 similes,
2112 5287 2206 5340 sed
2259 5287 2508 5340 malitia:
2551 5287 2717 5341 corde
2755 5302 2885 5340 vero
2935 5287 3000 5340 ad
3053 5285 3450 5353 perfectionem
3486 5286 3734 5354 aspirate
3763 5284 3836 5336 ".
3885 5305 3903 5335 ι
3941 5285 4003 5338 In

708 5385 847 5437 totis
900 5384 1046 5436 enim
1081 5380 1306 5450 perfecti
1365 5382 1567 5433 habent
1606 5388 1663 5432 ut
1697 5395 2006 5441 servernur,
2047 5389 2100 5432 et
2137 5379 2409 5432 bonorum
2442 5390 2564 5444 qua:
2621 5375 2727 5443 piis
2780 5375 2899 5430 suis
2937 5374 3224 5429 laboribus
3277 5381 3637 5443 pepererunt,
3698 5374 4006 5444 partit-ipes

707 5474 948 5527 fiamus:
983 5470 1244 5538 Magnum
1290 5471 1440 5522 enim
1490 5484 1575 5522 me
1613 5476 1764 5522 tenet
1794 5469 1956 5523 vestri
1990 5469 2354 5533 desiderium,
2393 5467 2590 5540 inquit,
2630 5477 2684 5521 ut
2716 5467 2991 5522 donorum
3029 5467 3410 5538 spiritualiqu
3449 5466 3607 5521 vobis
3638 5466 3866 5536 aliquod
3894 5467 4006 5521 im-

780 5661 826 5692 "
855 5658 999 5713 Psal.
1032 5675 1210 5718 chvi,
1247 5658 1298 5711 ι.
1379 5659 1422 5688 ⁸”
1470 5655 1573 5708 La.
1629 5673 1718 5715 ιι..
1750 5653 1842 5706 26.
1921 5656 1964 5685 ⁸ο
1999 5651 2191 5706 Matth.
2233 5670 2285 5715 κ.
2323 5653 2415 5708 ‘2‘).

2323 5653 2415 5708 ‘2‘).
2491 5652 2532 5682 “
2573 5650 2702 5703 an.
2745 5650 2913 5714 x,20.
3032 5650 3097 5680 ⁸⁸·
3130 5648 3278 5702 Psal.
3324 5662 3529 5709 LH’III.
3561 5647 3654 5702 ἓξ).
3773 5648 3819 5718 ἐ
3856 5645 4007 5718 ibid.

705 5732 754 5765 ⁸⁸
781 5732 956 5787 Exod.
990 5748 1162 5786 uvn.
1202 5715 1291 5782 ’δι
1375 5725 1615 5780 ““ΙΙς›ιιι.
1660 5743 1729 5780 ιι.
1779 5726 1860 5777 ιι.
1943 5725 2374 5782 ⁸Ἰδρυὶ.ἰῖκιιι,

2330 5742 2374 5782 ι,
2412 5726 2462 5774 ιζ.
2543 5723 2588 5754 ⁶⁴⁴
2629 5723 2642 5773 Ι
2672 5721 2800 5776 Cor.
2837 5736 2907 5775 vn
2932 5763 2944 5786 ,
2972 5721 3025 5773 7.
3105 5722 3149 5752 ⁸⁷
3182 5719 3320 5776 Dan.
3352 5737 3449 5785 vn,
3482 5720 3550 5775 l3
3577 5733 3693 5789 seq.
3778 5717 3824 5749 “
3852 5715 4007 5772 l’sal.

709 5820 882 5861 ιιι-ιιι
910 5845 922 5869 ,
963 5803 1054 5869 9.9.
1133 5805 1178 5834 ""
1218 5802 1394 5855 Calat.
1442 5816 1513 5861 ιγ,
1550 5799 1630 5854 l1).
1710 5799 1756 5829 το
1791 5797 1984 5862 Μιιιιι,
2023 5814 2073 5861 s,
2122 5796 2200 5850 ιϐ.
2283 5797 2320 5825 ⁷³
2362 5797 2376 5849 l

1133 5805 1178 5834 "’
1218 5802 1394 5855 Uulal.
1442 5816 1513 5861 tv,
1550 5799 1630 5854 I'._l.
1710 5799 1756 5829 το
1791 5797 1984 5862 Mittit,
2023 5814 2073 5861 Χ,
2122 5796 2200 5850 l‘i.
2283 5797 2320 5825 ⁷³
2362 5796 2533 5850 ICot'.
2573 5810 2681 5858 MV,
2711 5795 2805 5848 ‘20.
