4266 6446
331 415 434 475 797

1429 411 1835 471 CUMMENTA
1850 412 1959 470 ιίιι
1997 411 2072 470 IN
2113 410 2498 470 NUMERUS.

3462 406 3564 465 793

332 529 594 598 pertiam,
640 545 832 596 nempe
877 539 1086 581 cei-tam
1132 535 1184 580 et
1220 535 1562 578 constantem
1599 524 1688 576 Dei
1721 526 2127 589 cognitionem:
2165 521 2556 573 recordabatur
2585 519 2728 570 enim
2761 516 2964 568 lIhristi
2993 516 3282 566 \et‘but‘tttn
3317 533 3328 564 -.
3366 531 3383 560 ε
3422 516 3561 565 tira-

333 615 408 668 tis
443 614 759 681 accepistis,
803 615 975 680 gratis
1005 610 1214 664 reddite
1241 613 1308 662 ".
1351 629 1369 661 i
1399 612 1474 662 Ac
1505 613 1556 662 in
1594 624 1806 663 summa
1856 609 2075 676 quidem
2117 622 2310 673 magna
2344 607 2502 657 nobis
2551 619 2643 671 p--r
2680 604 2801 655 illus
2860 618 3025 655 usura
3066 602 3232 653 rcdit.
3283 600 3330 651 si
3375 600 3558 651 divina

333 708 560 768 propter
595 709 816 767 peccata
847 710 1108 764 concepta
1161 698 1355 750 aemula
1391 703 1703 748 concurrat.
1735 695 2003 758 Quocirca
2039 696 2306 750 Jeremias
2340 697 2793 763 supplicationem
2828 711 2924 760 pro
2956 694 3158 760 populo
3200 691 3340 758 apud
3393 692 3557 742 Deum

331 784 640 847 eﬂuttdeus,
674 789 826 838 audit
874 804 885 837 :

930 804 948 834 α
993 785 1258 837 Ol-errate
1288 785 1470 836 inviis
1497 781 1824 841 Jerusalem.
1859 791 1911 833 et
1953 783 2128 834 vidi-te
2168 782 2214 834 si
2245 783 2372 849 quis
2398 783 2665 847 judicium
2689 789 2964 840 exercent,
3006 790 3061 831 et
3103 779 3260 829 tidem
3291 787 3554 829 sectetur.

331 870 492 934 Quod
525 872 572 926 si
604 871 788 933 fuerit,
810 887 910 939 ego
943 887 1165 940 quoque
1189 871 1466 937 episc0pis
1502 869 1770 936 propitius
1805 867 1959 920 incro
1980 870 2121 924 "-“.
2154 889 2172 920 ι
2204 869 2259 921 In
2291 870 2543 922 Sodomis
2571 883 2790 936 quoque
2813 867 2882 920 de
2906 870 3148 936 quinque
3178 862 3420 933 [decem]
3445 880 3560 931 per-

330 966 592 1013 contatus
622 966 706 1011 est
747 960 820 1020 ¹¹,
852 972 1087 1026 quorum
1118 957 1290 1023 gratia
1316 958 1451 1008 iram
1499 970 1653 1007 suam
1677 955 1852 1008 voluit
1881 955 2172 1022 deponere.

403 1046 545 1098 Cave
575 1062 640 1099 ne
671 1048 865 1098 tribum
899 1045 1019 1099 Levi
1065 1046 1163 1097 alii
1191 1059 1490 1096 accenseus.
1527 1040 1669 1112 [l0.]
1713 1041 1938 1109 Propter
1971 1043 2238 1094 sacrificia
2274 1040 2439 1107 hujus
2487 1041 2663 1095 tribus
2697 1043 2810 1094 haec
2857 1042 2998 1092 facta
3031 1049 3120 1093 est
3154 1040 3456 1108 separatio,
3493 1055 3555 1093 ea

327 1133 551 1186 ratione
583 1133 858 1194 videlicet,
894 1148 998 1201 qua
1032 1132 1330 1199 Apostolus
1361 1130 1528 1182 etiam
1555 1128 1620 1180 ad
1656 1127 2013 1195 Evangelium
2064 1128 2166 1181 fuit
2190 1136 2501 1195 separatus.

401 1216 541 1271 Care
588 1234 650 1270 ne
691 1221 886 1271 tribum
931 1219 1082 1269 illam
1133 1218 1472 1268 adnumerat.
1510 1215 1833 1282 Separetur.
1872 1214 2115 1282 inquam,
2148 1213 2329 1266 tribus
2361 1213 2473 1273 illa,
2514 1221 2738 1279 propter
2770 1212 3138 1266 ministerium
3177 1227 3360 1276 suum,
3409 1217 3555 1280 quod

326 1316 643 1374 separatum
671 1322 796 1361 esse
834 1307 1044 1367 dicunt.
1093 1313 1255 1375 atque
1299 1307 1395 1367 ita,
1437 1311 1496 1357 ut
1523 1305 1572 1357 si
1617 1303 1742 1371 quis
1773 1303 1985 1354 alienus
2016 1303 2197 1366 (quem
2237 1299 2413 1351 sacris
2443 1312 2548 1349 non
2587 1296 2858 1381 initiatum
2908 1290 3088 1365 vocat)
3123 1297 3254 1349 illud
3288 1312 3551 1364 captisca-

326 1402 432 1454 ret,
472 1404 800 1448 moreretur.
843 1396 920 1448 Ac
955 1411 1020 1448 ne
1059 1395 1168 1462 regi
1210 1393 1433 1461 quidem
1468 1393 1644 1445 sacris
1684 1389 1897 1458 operari
1928 1394 2047 1440 erat
2088 1387 2325 1446 licitum,
2367 1387 2506 1438 adeo
2544 1392 2601 1436 ut
2630 1399 2754 1438 cum
2799 1393 3034 1437 conatus
3063 1395 3212 1439 esset
3245 1387 3359 1450 ille,
3395 1386 3546 1452 lepra

326 1477 670 1533 indiceretur.
705 1479 770 1532 Et
801 1481 904 1534 hac
928 1495 1060 1534 sane
1102 1481 1336 1542 ratione,
1362 1494 1427 1532 ex
1457 1478 1803 1532 invocatione
1833 1473 2066 1542 Philippi
2097 1472 2316 1525 diaconi
2351 1471 2593 1539 Spiritus
2637 1488 2745 1524 non
2773 1471 3059 1526 descendit
3089 1475 3158 1526 ab
3186 1475 3376 1536 initio,
3410 1472 3551 1525 Petri

321 1574 378 1618 et
407 1563 640 1619 Joannis
673 1568 779 1620 hoc
802 1567 1040 1620 ollicinru
1086 1581 1209 1618 cum
1239 1575 1411 1618 esset.
1457 1567 1524 1616 At
1574 1563 1940 1617 concedamus
1971 1575 2104 1612 sane
2137 1559 2282 1612 hanc
2317 1561 2655 1612 iunctionem
2685 1574 2810 1613 esse
2838 1573 3076 1619 sacram,
3114 1560 3245 1625 quid
3285 1576 3412 1613 vera
3436 1564 3551 1628 jam

322 1646 432 1700 ista
478 1651 862 1718 segregatione
886 1659 1001 1701 erat
1041 1663 1202 1716 opus,
1239 1663 1363 1699 cum
1394 1654 1590 1698 natura
1617 1645 2020 1714 quodammodo
2058 1644 2288 1698 inferius
2315 1661 2345 1697 a
2378 1646 2681 1712 superioris
2721 1647 2915 1698 ordine
2944 1646 3259 1698 abstineat?
3294 1647 3432 1710 Quid
3470 1652 3553 1699 iii-

319 1729 586 1797 quisiad
624 1731 838 1784 ordinis
873 1732 1318 1799 perSpiwitatem
1362 1727 1540 1781 facere
1569 1737 1731 1792 nota;
1763 1728 1908 1782 unde
1947 1743 2162 1786 constat
2206 1734 2338 1786 illud
2379 1733 2523 1800 quod
2552 1734 2687 1786 dicit
2720 1749 2733 1785 :
2771 1751 2789 1782 ι
2829 1732 3075 1801 Quisque
3113 1736 3166 1786 in
3214 1750 3373 1787 suum
3405 1735 3552 1787 ordi-

319 1829 445 1868 nem
478 1824 532 1869 et
563 1816 845 1870 decuriam
884 1831 1006 1870 sese
1032 1816 1171 1869 ferat
1206 1817 1270 1868 ".
1312 1833 1329 1864 ι
1368 1814 1506 1879 Quid
1548 1815 1693 1882 quod
1732 1817 1908 1884 angeli
1949 1834 2171 1889 quoque
2209 1821 2477 1874 centuriis
2507 1829 2638 1873 sunt
2666 1819 2968 1888 disiuncti?
3005 1819 3145 1885 Quid
3190 1823 3334 1890 quod
3361 1821 3546 1874 divina

317 1902 674 1957 institutione
705 1904 810 1958 sub
835 1904 1139 1971 majoribus
1167 1903 1409 1955 minores
1443 1902 1606 1969 positi
1637 1905 1794 1954 sunt?

390 1987 600 2043 Ponant
649 1999 825 2043 autem
876 2001 1056 2044 castra
1105 1992 1359 2043 orientem
1413 2005 1588 2041 uersus
1616 1988 1684 2039 ad
1719 1990 2036 2042 exorientem
2067 1991 2229 2044 solem
2267 1991 2498 2060 quisunt
2550 1991 2644 2043 sub
2677 1992 2868 2044 vexillo
2911 2000 3206 2043 castrorum
3250 1989 3397 2044 Iuda
3459 2007 3548 2057 per

313 2079 584 2131 exercitus
615 2095 741 2130 suos
789 2078 853 2131 “‘.
891 2076 1029 2148 [‘22.]
1061 2080 1233 2131 Judas
1265 2077 1626 2145 primogenita
1658 2075 1846 2129 Ruben
1880 2082 2236 2146 praeponitur,
2273 2078 2418 2145 quod
2469 2078 2521 2130 in
2553 2076 2777 2130 Christo
2805 2078 3048 2130 secundo
3075 2080 3195 2130 loco
3233 2087 3316 2132 est
3346 2087 3544 2130 notan-

313 2165 471 2217 dum.
505 2163 621 2218 Sub
649 2166 814 2234 primi
841 2165 998 2219 ducis
1034 2165 1228 2232 signis,
1257 2167 1311 2216 iu
1345 2163 1552 2216 lumine
1577 2173 1630 2216 et
1661 2165 1855 2231 Spiritu
1902 2169 2062 2218 vitam
2092 2179 2245 2218 suam
2284 2166 2646 2233 transigentes
2680 2165 3061 2232 designantur.
3097 2165 3368 2218 (Steterunt
3397 2167 3543 2232 quod

314 2251 414 2305 alii
452 2251 820 2304 tabernaculo
845 2252 972 2304 aliis
994 2251 1284 2304 imminent
1316 2251 1562 2318 propius,
1602 2251 1742 2305 alios
1773 2253 1959 2304 virtuti
1995 2252 2289 2305 viciniores
2319 2251 2441 2304 aliis
2475 2266 2596 2304 esse
2627 2252 2894 2304 insinuat.
2931 2252 3105 2306 Habet
3131 2250 3320 2312 indas,
3376 2265 3404 2302 a
3437 2267 3547 2318 quo

308 2337 575 2392 Christus
603 2337 912 2391 secundum
940 2352 1165 2393 carnem
1197 2346 1364 2392 natus
1389 2345 1497 2401 est,
1530 2338 1765 2406 primum
1801 2341 1981 2392 locum
2021 2349 2145 2406 post
2185 2346 2296 2391 tres
2341 2338 2468 2392 illas
2503 2353 2624 2406 qua:
2651 2352 2680 2390 a
2710 2339 2958 2407 principe
2988 2339 3133 2391 tribu
3174 2337 3364 2391 Ruben
3397 2338 3546 2390 vide-

308 2423 461 2486 licet,
492 2433 879 2478 numerantur.

377 2532 583 2600 Τάγμα
608 2531 860 2601 δεύτερον
916 2531 1049 2600 (48),
1101 2525 1281 2584 οὗτοι·
1352 2531 1600 2600 Ῥουὸὶμ,
1638 2531 1880 2600 Συμεὼν,
1913 2541 1956 2594 Λ
2061 2540 2062 2548 ‘

1855 2549 1880 2597 ν,
1913 2541 1956 2594 Α
2061 2528 2369 2583 Secundum
2425 2529 2614 2584 Ruben
2647 2531 2830 2588 habet.
2879 2531 3005 2586 Post
3057 2547 3235 2601 regem
3274 2534 3418 2586 enim
3452 2545 3540 2585 sc-

303 2623 436 2678 Γάδ.
477 2623 536 2677 '0
570 2625 908 2693 πρωτότοκος
935 2624 1149 2692 ἐξάρχει
1181 2623 1317 2691 ueri
1336 2623 1427 2674 τὸν
1453 2622 1695 2690 βασιλέα.
1721 2625 1878 2688 "pw-

299 2716 529 2776 τότοκος
561 2715 670 2784 γὰρ
697 2715 727 2766 ὁ
751 2714 984 2783 Χριστὸς
1019 2717 1075 2764 ὲν
1114 2714 1299 2782 σαρκί.
1351 2716 1614 2783 Δεύτερον
1643 2713 1697 2765 δὲ
1730 2715 1788 2766 τὸ
1823 2718 1878 2766 ἐν

305 2801 544 2871 ὑπάρξει
570 2801 786 2869 σεμνὸν,
818 2801 849 2870 ἡ
875 2802 937 2852 τὸ
966 2800 1263 2869 βασιλικόν.
1305 2801 1663 2862 Συνέξευκται
1687 2803 1742 2854 δὲ
1765 2805 1876 2865 τοῖς

301 2891 616 2962 ἐλευθέροις
650 2891 714 2942 τὸ
744 2891 949 2954 δοῦλον,
983 2890 1344 2960 βοηθούμενον
1365 2893 1429 2960 τῇ
1471 2893 1720 2956 συζεύξει
1739 2908 1755 2921 ο
1781 2893 1876 2945 καὶ

298 2983 465 3036 τοῦτο
496 2981 732 3051 μάλιστα
764 2980 914 3048 παρὰ
947 2981 1169 3050 Χριστῷ
1198 3021 1211 3044 ,
1255 2981 1390 3034 ὅπου
1427 2985 1526 3034 οὐκ
1567 2982 1646 3034 ἔνι
1672 2982 1876 3048 δοῦλος,

297 3073 424 3127 οὐδὲ
451 3073 636 3126 meo:
643 3090 757 3141 ρος.

372 3163 576 3233 Τρίτον
602 3164 790 3232 τάγμα
815 3157 961 3216 οὗτοι
987 3177 1002 3192 ’
1041 3161 1304 3233 Ἐφραῒμ,
1339 3165 1654 3233 Μανασσῆς,
1697 3167 1880 3219 Βενια-

301 3256 419 3327 μίν.
459 3256 555 3309 Ἐκ
581 3255 928 3324 πρωτοτόκου
971 3255 1069 3324 τῆς
1131 3254 1328 3324 Ῥαχὴλ
1364 3256 1393 3306 ὁ
1446 3257 1705 3327 Ἐφραῖμ.
1749 3257 1880 3311 Ἀπὸ

305 3349 412 3418 {ip
440 3346 535 3399 τοῦ
573 3346 774 3417 Ἰωσὴφ
811 3345 928 3400 υἱοῦ
956 3345 1172 3413 πρώτου
1204 3347 1316 3416 (ιθ)
1348 3348 1450 3414 τῆς
1491 3349 1710 3420 Ῥαχὴλ.
1744 3353 1875 3402 Συν-

304 3439 539 3492 instat
572 3438 632 3492 at
662 3439 756 3491 καὶ
792 3441 820 3492 ὁ
856 3438 1067 3508 ἔτερος,
1090 3438 1343 3507 δεύτερος
1383 3440 1477 3501 ὢν,
1527 3441 1789 3511 πρότερος
1820 3445 1876 3495 ἐν

303 3530 460 3600 τύπῳ
500 3531 613 3584 τῶν
662 3532 1102 3602 ἐπιστρεφόντων
1154 3533 1261 3583 ἀπὸ
1303 3531 1397 3585 τοῦ
1437 3534 1672 3603 Ἰσραὴλ,
1707 3535 1875 3587 ὄντων

301 3623 540 3694 ιχθρῶν,
572 3625 669 3677 καὶ
693 3623 781 3677 διὰ
809 3627 936 3688 τοὺς
964 3626 1208 3695 πατέρας
1235 3625 1555 3692 ἀγαπητῶν.

371 3890 650 3960 Τέταρτον
685 3890 875 3960 τάγμα
931 3892 1043 3963 (50)
1094 3894 1231 3946 εἰσὶν
1290 3895 1432 3947 οἵδε·
1488 3885 1617 3959 Δᾶν,
1683 3897 1872 3967 Ἀσὴρ,

297 3980 644 4048 Νεφθαλείμ.
666 3979 868 4035 Δοῦλον
887 3982 948 4035 rb
971 3983 1276 4050 γένος,ἀλλ⁹
1296 3986 1396 4038 οὐκ
1419 3985 1746 4054 ἁτιμὰζιται
1761 3987 1872 4056 (51)

293 4074 421 4126 οὐδὲ
453 4074 514 4124 ιν
535 4072 710 4142 νόμῳ.

1985 2622 2194 2674 cundus
2227 2621 2711 2690 primogeniturain
2740 2623 2900 2692 383
2949 2625 3122 2677 honor
3170 2633 3375 2686 manet,
3432 2625 3545 2692 pri-

1986 2712 2290 2780 mogenitus
2321 2713 2467 2765 enim
2512 2713 2691 2766 omnis
2715 2715 2898 2766 carnis
2929 2714 3184 2768 Christus
3216 2715 3434 2768 exsistit
3477 2715 3544 2766 ”.

1981 2802 2228 2870 ευριπιδιὶ
2258 2817 2388 2856 vero
2439 2812 2570 2856 sunt
2633 2805 2818 2858 liberis
2866 2807 3032 2867 servi,
3091 2814 3149 2858 ut
3208 2815 3399 2859 mutuo
3441 2806 3545 2859 sibi

1981 2901 2275 2969 suppetias
2307 2900 2502 2954 ferant.
2552 2899 2706 2965 Quod
2760 2903 2814 2954 in
2868 2903 3062 2970 primis
3092 2903 3231 2970 apud
3263 2899 3544 2954 Christum

1984 2989 2100 3045 ﬁeri
2135 2992 2296 3054 solet,
2327 2992 2382 3045 in
2408 3007 2518 3061 quo
2558 3006 2660 3045 nec
2695 3007 2888 3045 servus
2928 3001 3011 3046 cst
3055 3007 3156 3046 nec
3199 2992 3427 3047 libertus
3453 2993 3497 3022 ¹⁶
3530 3011 3543 3046 :

1983 3097 2152 3149 super
2183 3096 2374 3136 servos
2408 3083 2552 3136 enim
2594 3083 2824 3153 spiritus
2857 3093 2941 3137 est
2965 3083 3196 3138 etl‘usus.

2051 3171 2292 3227 Tertiam
2350 3174 2641 3228 stationem
2688 3171 2970 3243 Eplzraint,
3021 3175 3300 3236 Manasse.
3343 3173 3551 3242 Benja-

1981 3265 2098 3318 min
2137 3265 2410 3318 obtinent.
2435 3263 2513 3317 Ex
2551 3265 2914 3336 primogenita
2964 3265 3218 3320 Rachelis
3258 3276 3548 3334 susceptus

1982 3364 2067 3409 est
2108 3354 2388 3425 Epliraim,
2415 3371 2444 3408 a
2476 3354 2717 3426 Josepho
2740 3359 2885 3412 enim
2922 3359 3100 3427 primo
3141 3355 3396 3410 Rachelis
3438 3355 3550 3407 tilio

1981 3455 2064 3502 est
2123 3449 2464 3518 progenitus.
2517 3449 2852 3519 Adjungitur
2882 3465 3014 3503 vero
3045 3451 3207 3502 ctiam
3248 3450 3412 3510 alter,
3450 3463 3548 3516 po-

1981 3538 2180 3590 sterior
2219 3537 2442 3604 quidem
2483 3538 2538 3590 in
2588 3539 2778 3590 ordine
2803 3579 2817 3602 ,
2853 3541 2998 3607 prior
3054 3553 3185 3590 vero
3222 3538 3274 3588 in
3334 3537 3501 3606 ligura
3530 3577 3544 3599 ,

1980 3642 2146 3697 quam
2179 3627 2284 3691 iis,
2323 3627 2418 3697 qui
2459 3643 2526 3680 cx
2577 3629 2814 3682 inimicis
2872 3629 3032 3682 amici
3083 3631 3238 3690 liuut,
3287 3637 3340 3681 et
3389 3626 3545 3680 chari

1992 3729 2212 3788 propter
2245 3730 2428 3789 patres
2458 3731 2608 3780 sunt,
2643 3722 2879 3788 pra'tulit
2916 3740 2928 3774 :
2966 3722 3005 3752 ⁸⁷
3039 3719 3206 3775 Versa
3233 3721 3378 3775 enim
3432 3720 3548 3773 vice

1977 3826 2170 3867 servus
2204 3814 2256 3866 in
2291 3814 2596 3867 libertatem
2625 3825 2710 3868 est
2742 3816 3064 3868 translatus.

2041 3903 2307 3968 Quartum
2345 3905 2593 3959 ordinem
2634 3906 2885 3959 obtinent
2920 3907 3055 3970 Dan,
3087 3907 3226 3960 Aser
3268 3903 3550 3974 Nephtha-

1981 3993 2072 4046 lim
2105 4013 2118 4046 :
2151 4009 2323 4063 genus
2349 3997 2568 4060 servile,
2606 3999 2698 4050 sed
2731 4013 2835 4050 non
2869 4000 3168 4066 despicuur
3196 4000 3250 4049 in
3290 3997 3430 4065 lege.

369 4165 732 4237 Unaqueque
757 4183 887 4222 vero
946 4168 1126 4223 tribus
1167 4168 1222 4222 in
1257 4170 1482 4222 modum
1513 4171 1792 4225 exercitus
1853 4171 2122 4225 instrueta
2153 4182 2292 4226 erat.
2331 4174 2460 4226 Erat
2493 4176 2639 4227 enim
2689 4177 2868 4239 locus,
2902 4185 3020 4227 erat
3056 4175 3312 4228 distincta
3367 4177 3536 4244 regio,

291 4265 420 4311 erat
449 4264 641 4311 certus
675 4271 959 4321 numerus,
997 4256 1073 4309 ita
1109 4266 1166 4310 ut
1195 4257 1350 4311 salvo
1383 4257 1577 4312 ordine
1609 4263 1689 4313 ire
1718 4267 1789 4331 et.
1817 4260 1995 4312 redire
2041 4270 2289 4328 possent.
2327 4261 2556 4328 Insuper
2586 4269 2641 4315 et
2689 4261 3044 4316 manifestum
3105 4261 3267 4316 [iebat
3314 4273 3449 4330 quot
3475 4279 3540 4318 es

292 4358 520 4412 quaque
561 4342 707 4396 tribu
759 4344 828 4396 ab
858 4357 1036 4412 pugna
1070 4347 1489 4410 egrederentur,
1542 4354 1676 4414 quot
1709 4355 2013 4409 manerent,
2044 4356 2285 4415 quotque
2317 4350 2368 4400 in
2398 4349 2543 4401 bello
2589 4349 2789 4403 cadere
2838 4351 3183 4420 contigisset.
3221 4348 3532 4402 Notandum

291 4445 452 4490 vero.
484 4429 632 4498 quod
665 4436 878 4483 tantum
906 4431 1012 4495 illi,
1045 4431 1138 4499 qui
1175 4430 1365 4498 viginti
1400 4441 1454 4486 et
1490 4448 1656 4501 supra
1694 4448 1963 4486 annorum
1999 4434 2328 4489 exsistentes
2361 4451 2592 4491 censum
2617 4437 3005 4500 sustinebant,
3058 4437 3350 4492 ordinibus
3386 4439 3527 4493 insi-

290 4516 539 4578 sti-bant.
585 4518 994 4586 tentoriumque
1050 4515 1261 4586 reliqua
1300 4509 1659 4586 supellectile
1727 4519 1915 4577 triduo
1947 4532 2072 4577 ante
2101 4532 2379 4591 assumpta
2409 4526 2818 4579 comitabantur
2845 4565 2860 4589 ,
2897 4534 2956 4579 ut
2981 4531 3268 4595 sequetur.

366 4603 435 4658 Et
468 4606 750 4659 tuebantur
779 4607 1050 4659 custodias
1077 4607 1213 4675 ejus,
1242 4606 1474 4660 Aaronit
1497 4606 1758 4664 uidelicet.
1795 4608 1935 4680 [58.]
1969 4610 2086 4678 Ipse
2112 4625 2242 4664 vero
2258 4621 2618 4681 reprasentat
2638 4613 2920 4665 Christum
2948 4629 3110 4680 quem
3141 4612 3304 4667 Pater
3341 4613 3533 4666 domui

287 4706 427 4752 sine.
465 4706 592 4760 quae
633 4707 737 4746 nos
768 4708 982 4758 sumus,
1007 4693 1274 4760 praefecit.
1306 4695 1377 4745 At
1398 4708 1686 4747 sacrorum
1715 4695 1834 4764 ejus
1867 4699 2200 4765 coOperarii,
2225 4699 2605 4768 apostolorum
2638 4699 2776 4750 ordo
2803 4707 2908 4761 est,
2938 4699 3031 4752 Dei
3055 4700 3200 4752 enim
3232 4699 3538 4768 cooperarii

285 4784 448 4841 sunt,
479 4785 535 4832 et
569 4779 962 4850 mysteriorum
997 4777 1089 4833 Dei
1138 4779 1578 4848 dispensatores.
1640 4779 1826 4834 lnnuit
1876 4793 2060 4838 autem
2103 4795 2308 4841 sancta:
2339 4787 2601 4841 Ecclesia.-
2631 4785 2877 4847 ordines,
2926 4788 3310 4854 episcoporum
3379 4793 3535 4854 puta,

284 4875 343 4918 et
373 4864 826 4936 presbyterorum
846 4865 941 4935 qui
971 4881 1127 4920 sacra
1157 4868 1465 4921 ministeria
1493 4869 1724 4922 obeunt.
1762 4868 1835 4922 Ea
1873 4885 2002 4925 vero
2032 4887 2154 4941 qua!
2191 4873 2336 4926 intra
2365 4875 2662 4927 tentorium
2695 4883 2844 4937 sunt,
2869 4872 3091 4926 ordines
3117 4887 3308 4927 eorum
3343 4872 3536 4924 adum-

283 4952 474 5012 brant,
506 4952 600 5021 qui
622 4966 780 5006 suam
813 4951 971 5006 (idem
999 4953 1054 5006 in
1085 4952 1365 5021 profunda
1400 4965 1454 5007 et
1487 4955 1670 5008 abdita
1709 4957 2062 5012 abstrudunt.
2094 4959 2150 5012 In
2186 4976 2329 5028 quos
2360 4961 2492 5013 illud
2523 4962 2808 5027 competit,
2844 4973 3035 5012 sacras
3071 4974 3204 5013 suas
3233 4959 3539 5012 tuebuntur

286 5039 631 5095 functiones.
669 5038 1036 5095 Diaconorum
1092 5041 1244 5107 item,
1274 5040 1370 5110 qui
1401 5041 1730 5096 ministeriis
1764 5044 2000 5112 publicis
2023 5045 2336 5115 invigilant.
2368 5047 2464 5115 qui
2507 5047 2767 5115 populum
2815 5047 2888 5100 de
2921 5046 3186 5114 precibus
3225 5053 3280 5097 et
3308 5044 3537 5112 reliquis

352 5147 402 5176 ’³
436 5145 632 5222 Matth.
656 5162 726 5222 Δι,
755 5147 808 5202 8.
882 5149 1003 5222 τω·
1039 5147 1244 5222 Jerem.
1267 5165 1322 5222 γ,
1357 5150 1406 5202 Ι.
1479 5149 1522 5180 ¹²
1550 5149 1687 5222 Geig.
1722 5166 1878 5213 xvui.
1905 5154 1994 5210 52.

1852 5171 1878 5213 r.
1905 5154 1994 5210 52.
2071 5155 2116 5186 ¹³
2147 5155 2308 5216 ι,18.
2386 5156 2427 5186 ίδ
2456 5153 2551 5207 llic
2591 5157 2742 5206 locus;
2768 5155 2820 5207 in
2854 5153 3043 5207 Graaco
3099 5168 3290 5222 parum
3331 5153 3537 5217 integer

280 5224 493 5340 σιειειπ
545 5217 704 5271 valde
749 5218 1066 5291 perplexus.
1169 5221 1211 5252 "
1245 5221 1461 5274 Coloss.
1510 5235 1563 5283 ι,
1614 5220 1700 5274 15,
1797 5224 1842 5253 ³⁸
1868 5222 2044 5278 Galat.
2087 5224 2301 5287 ni,23.
2381 5226 2419 5255 "
2463 5227 2516 5279 in
2549 5225 2737 5279 Graeco
2775 5226 3030 5293 quiddam
3077 5217 3332 5276 mancum
3367 5227 3536 5276 inter-

280 5301 393 5340 seri
423 5301 510 5340 ur.

278 5301 456 5348 εει-ιω
466 5301 510 5340 1⁵.

1816 5425 1856 5478 Ν
1865 5427 2025 5483 UTI.
2036 5470 2048 5483 .

2039 5541 2149 5606 (ω)
2201 5541 2407 5602 ’Υῖὸοὐς
2440 5542 2586 5599 ὄντος
2620 5538 2735 5588 υἱοῦ
2769 5541 3006 5607 πρῶτον.
3054 5539 3112 5589 ’0
3146 5539 3240 5588 1t}?

2038 5611 2150 5678 {50)
2193 5611 2314 5661 Τῶν
2340 5612 2484 5676 ἀμφὶ
2525 5612 2647 5661 Arx-1.
2710 5613 2761 5660 ’0
2793 5609 2890 5673 τῆς
2924 5611 3055 5673 Δὺγ.
3091 5610 3216 5659 xiiii}.

2039 5683 2146 5736 (fili
2201 5680 2336 5732 ’.λη’
2377 5681 2490 5731 οὐδὲ
2521 5682 2571 5731 iv
2603 5679 2750 5747 νόμιον
2779 5679 3100 5742 ἅττ-κηπίον.
3150 5681 3207 5728 ὐ
3239 5678 3357 5730 αξη.

354 5537 470 5603 (48)
511 5534 786 5597 Δευτέραν
826 5536 854 5587 ὁ
914 5534 1146 5602 Ῥουϐὴν
1197 5536 1550 5604 παρεμϐολὴν
1599 5533 1710 5600 ἔχει
1770 5537 1860 5586 καὶ

280 5611 497 5675 τάγμα.
529 5603 686 5658 Μετὰ
713 5604 824 5675 γὰρ
847 5606 938 5657 τὸν
974 5605 1202 5672 βασιλέα
1260 5603 1517 5674 δεύτερον
1541 5609 1601 5657 τῆ
1640 5606 1698 5654 ἐν
1728 5621 1858 5674 προ-

282 5673 523 5739 i‘mi‘oﬁu
558 5674 779 5726 σεανὸψ
808 5675 1160 5742 Πρωτότοκος
1189 5677 1294 5743 γὰρ
1323 5681 1343 5728 c'
1377 5673 1573 5742 Κύριος
1599 5677 1654 5726 ὲν
1678 5676 1855 5742 δοριξ·

283 5748 646 5810 συνέζευκται
685 5745 766 5809 δὲ,
801 5760 884 5797 κτ.
939 5747 996 5796 ’0
1028 5744 1125 5814 τῆς
1165 5747 1296 5812 Διὶ-ί.
1332 5749 1454 5797 miri.
