  <div class='ocr_page' id='page_1' title='image "/cluster/home/n/w/nwhite01/storage/ocr_20150623/87 pt.1/nnc1.0046979824/417.png"; bbox 0 0 4266 6446; ppageno 0'>
   <div class='ocr_carea' id='block_1_1' title="bbox 749 368 4012 432">
    <p class='ocr_par' dir='ltr' id='par_1_1' title="bbox 749 368 4012 432">
     <span class='ocr_line' id='line_1_1' title="bbox 749 368 4012 432; baseline -0 -3"><span class='ocrx_word' id='word_1_1' title='bbox 749 372 850 432; x_wconf 77' lang='lat'><strong>799</strong></span> <span class='ocrx_word' id='word_1_2' title='bbox 2044 371 2356 430; x_wconf 79' lang='lat' dir='ltr'><strong>PROCOPI</strong></span> <span class='ocrx_word' id='word_1_3' title='bbox 2375 371 2398 428; x_wconf 86' lang='grc' dir='ltr'><strong>Ι</strong></span> <span class='ocrx_word' id='word_1_4' title='bbox 2439 371 2681 430; x_wconf 75' lang='lat' dir='ltr'><strong>GALEI</strong></span> <span class='ocrx_word' id='word_1_5' title='bbox 2714 389 2716 391; x_wconf 68' lang='lat'><strong><em>‘</em></strong></span> <span class='ocrx_word' id='word_1_6' title='bbox 3909 368 4012 430; x_wconf 82' lang='lat'><strong>800</strong></span> 
     </span>
    </p>
   </div>
   <div class='ocr_carea' id='block_1_2' title="bbox 750 482 4016 555">
    <p class='ocr_par' dir='ltr' id='par_1_2' title="bbox 750 482 4016 555">
     <span class='ocr_line' id='line_1_2' title="bbox 750 482 4016 555; baseline 0.001 -20"><span class='ocrx_word' id='word_1_7' title='bbox 750 483 914 535; x_wconf 75' lang='lat' dir='ltr'><strong>rebus</strong></span> <span class='ocrx_word' id='word_1_8' title='bbox 945 482 1223 544; x_wconf 85' lang='lat' dir='ltr'><strong>erudiunt,</strong></span> <span class='ocrx_word' id='word_1_9' title='bbox 1248 482 1340 550; x_wconf 91' lang='lat' dir='ltr'><strong>qni</strong></span> <span class='ocrx_word' id='word_1_10' title='bbox 1361 497 1517 538; x_wconf 90' lang='lat' dir='ltr'><strong>sacra</strong></span> <span class='ocrx_word' id='word_1_11' title='bbox 1543 499 1675 537; x_wconf 81' lang='lat' dir='ltr'><strong>vasa</strong></span> <span class='ocrx_word' id='word_1_12' title='bbox 1709 482 2124 547; x_wconf 79' lang='lat' dir='ltr'><strong>administrant,</strong></span> <span class='ocrx_word' id='word_1_13' title='bbox 2154 488 2204 538; x_wconf 92' lang='lat' dir='ltr'><strong>in</strong></span> <span class='ocrx_word' id='word_1_14' title='bbox 2239 501 2381 554; x_wconf 89' lang='lat' dir='ltr'><strong>quos</strong></span> <span class='ocrx_word' id='word_1_15' title='bbox 2413 486 2547 539; x_wconf 88' lang='lat' dir='ltr'><strong>illud</strong></span> <span class='ocrx_word' id='word_1_16' title='bbox 2573 487 2680 539; x_wconf 88' lang='lat' dir='ltr'><strong>dici</strong></span> <span class='ocrx_word' id='word_1_17' title='bbox 2713 485 2885 555; x_wconf 90' lang='lat' dir='ltr'><strong>possit</strong></span> <span class='ocrx_word' id='word_1_18' title='bbox 2914 500 2927 537; x_wconf 83' lang='lat'><strong>:</strong></span> <span class='ocrx_word' id='word_1_19' title='bbox 2959 504 2976 535; x_wconf 82' lang='grc' dir='ltr'><strong>ι</strong></span> <span class='ocrx_word' id='word_1_20' title='bbox 3009 485 3342 540; x_wconf 84' lang='lat' dir='ltr'><strong>Custodient</strong></span> <span class='ocrx_word' id='word_1_21' title='bbox 3371 487 3658 541; x_wconf 72' lang='lat' dir='ltr'><strong>custodias</strong></span> <span class='ocrx_word' id='word_1_22' title='bbox 3685 485 4016 539; x_wconf 59' lang='lat' dir='ltr'><strong>tabernacno</strong></span> 
     </span>
    </p>
   </div>
   <div class='ocr_carea' id='block_1_3' title="bbox 750 569 4012 642">
    <p class='ocr_par' dir='ltr' id='par_1_3' title="bbox 750 569 4012 642">
     <span class='ocr_line' id='line_1_3' title="bbox 750 569 4012 642; baseline 0.001 -22"><span class='ocrx_word' id='word_1_23' title='bbox 750 569 808 626; x_wconf 88' lang='lat' dir='ltr'><strong>li.</strong></span> <span class='ocrx_word' id='word_1_24' title='bbox 841 570 1022 621; x_wconf 89' lang='lat' dir='ltr'><strong>omnia</strong></span> <span class='ocrx_word' id='word_1_25' title='bbox 1052 584 1178 622; x_wconf 89' lang='lat' dir='ltr'><strong>vasa</strong></span> <span class='ocrx_word' id='word_1_26' title='bbox 1209 570 1410 638; x_wconf 89' lang='lat' dir='ltr'><strong>ipsius,</strong></span> <span class='ocrx_word' id='word_1_27' title='bbox 1443 579 1495 624; x_wconf 89' lang='lat' dir='ltr'><strong>et</strong></span> <span class='ocrx_word' id='word_1_28' title='bbox 1531 572 1717 639; x_wconf 79' lang='lat' dir='ltr'><strong>papuli</strong></span> <span class='ocrx_word' id='word_1_29' title='bbox 1754 571 2000 640; x_wconf 88' lang='lat' dir='ltr'><strong>judicia;</strong></span> <span class='ocrx_word' id='word_1_30' title='bbox 2041 591 2058 622; x_wconf 74' lang='grc' dir='ltr'><strong>ι</strong></span> <span class='ocrx_word' id='word_1_31' title='bbox 2094 573 2329 625; x_wconf 80' lang='lat' dir='ltr'><strong>.‘llinistri</strong></span> <span class='ocrx_word' id='word_1_32' title='bbox 2357 574 2501 625; x_wconf 91' lang='lat' dir='ltr'><strong>enim</strong></span> <span class='ocrx_word' id='word_1_33' title='bbox 2541 582 2696 624; x_wconf 90' lang='lat' dir='ltr'><strong>erant</strong></span> <span class='ocrx_word' id='word_1_34' title='bbox 2724 587 3010 626; x_wconf 88' lang='lat' dir='ltr'><strong>sacrorum</strong></span> <span class='ocrx_word' id='word_1_35' title='bbox 3045 588 3335 626; x_wconf 88' lang='lat' dir='ltr'><strong>nmnerum</strong></span> <span class='ocrx_word' id='word_1_36' title='bbox 3421 582 3476 626; x_wconf 89' lang='lat' dir='ltr'><strong>et</strong></span> <span class='ocrx_word' id='word_1_37' title='bbox 3500 572 3757 642; x_wconf 73' lang='lat' dir='ltr'><strong>magistri</strong></span> <span class='ocrx_word' id='word_1_38' title='bbox 3810 572 4012 639; x_wconf 87' lang='lat' dir='ltr'><strong>plebis.</strong></span> 
     </span>
    </p>
   </div>
   <div class='ocr_carea' id='block_1_4' title="bbox 751 653 4013 728">
    <p class='ocr_par' dir='ltr' id='par_1_4' title="bbox 751 653 4013 728">
     <span class='ocr_line' id='line_1_4' title="bbox 751 653 4013 728; baseline 0.002 -22"><span class='ocrx_word' id='word_1_39' title='bbox 751 653 961 707; x_wconf 79' lang='lat' dir='ltr'><strong>Etcum</strong></span> <span class='ocrx_word' id='word_1_40' title='bbox 1000 671 1132 723; x_wconf 90' lang='lat' dir='ltr'><strong>puer</strong></span> <span class='ocrx_word' id='word_1_41' title='bbox 1158 670 1268 708; x_wconf 89' lang='lat' dir='ltr'><strong>non</strong></span> <span class='ocrx_word' id='word_1_42' title='bbox 1300 667 1446 711; x_wconf 84' lang='lat' dir='ltr'><strong>esset</strong></span> <span class='ocrx_word' id='word_1_43' title='bbox 1472 658 1574 719; x_wconf 82' lang='lat' dir='ltr'><strong>eis,</strong></span> <span class='ocrx_word' id='word_1_44' title='bbox 1629 661 1805 712; x_wconf 87' lang='lat' dir='ltr'><strong>sacris</strong></span> <span class='ocrx_word' id='word_1_45' title='bbox 1828 662 2042 727; x_wconf 75' lang='lat' dir='ltr'><strong>operati</strong></span> <span class='ocrx_word' id='word_1_46' title='bbox 2078 668 2210 712; x_wconf 87' lang='lat' dir='ltr'><strong>sunt</strong></span> <span class='ocrx_word' id='word_1_47' title='bbox 2244 659 2474 712; x_wconf 76' lang='lat' dir='ltr'><strong>Eleazar</strong></span> <span class='ocrx_word' id='word_1_48' title='bbox 2505 670 2554 712; x_wconf 90' lang='lat' dir='ltr'><strong>et</strong></span> <span class='ocrx_word' id='word_1_49' title='bbox 2592 658 2855 725; x_wconf 89' lang='lat' dir='ltr'><strong>Ithamar,</strong></span> <span class='ocrx_word' id='word_1_50' title='bbox 2890 674 3016 714; x_wconf 91' lang='lat' dir='ltr'><strong>cum</strong></span> <span class='ocrx_word' id='word_1_51' title='bbox 3058 667 3214 728; x_wconf 85' lang='lat' dir='ltr'><strong>patre</strong></span> <span class='ocrx_word' id='word_1_52' title='bbox 3249 674 3352 713; x_wconf 89' lang='lat' dir='ltr'><strong>suo</strong></span> <span class='ocrx_word' id='word_1_53' title='bbox 3379 660 3621 714; x_wconf 82' lang='lat' dir='ltr'><strong>Aarone.</strong></span> <span class='ocrx_word' id='word_1_54' title='bbox 3654 660 3710 714; x_wconf 92' lang='lat' dir='ltr'><strong>In</strong></span> <span class='ocrx_word' id='word_1_55' title='bbox 3733 659 3874 725; x_wconf 76' lang='lat' dir='ltr'><strong>satis</strong></span> <span class='ocrx_word' id='word_1_56' title='bbox 3897 666 4013 712; x_wconf 84' lang='lat' dir='ltr'><strong>ete-</strong></span> 
     </span>
    </p>
   </div>
   <div class='ocr_carea' id='block_1_5' title="bbox 751 743 4014 813">
    <p class='ocr_par' dir='ltr' id='par_1_5' title="bbox 751 743 4014 813">
     <span class='ocr_line' id='line_1_5' title="bbox 751 743 4014 813; baseline 0.002 -21"><span class='ocrx_word' id='word_1_57' title='bbox 751 744 862 792; x_wconf 91' lang='lat' dir='ltr'><strong>nim</strong></span> <span class='ocrx_word' id='word_1_58' title='bbox 891 754 1007 794; x_wconf 86' lang='lat' dir='ltr'><strong>erat</strong></span> <span class='ocrx_word' id='word_1_59' title='bbox 1040 753 1095 794; x_wconf 93' lang='lat' dir='ltr'><strong>nt</strong></span> <span class='ocrx_word' id='word_1_60' title='bbox 1142 756 1361 795; x_wconf 82' lang='lat' dir='ltr'><strong>sacrum</strong></span> <span class='ocrx_word' id='word_1_61' title='bbox 1417 759 1619 797; x_wconf 88' lang='lat' dir='ltr'><strong>munus</strong></span> <span class='ocrx_word' id='word_1_62' title='bbox 1650 759 1677 796; x_wconf 76' lang='grc' dir='ltr'>ει</span> <span class='ocrx_word' id='word_1_63' title='bbox 1714 743 1825 797; x_wconf 88' lang='lat' dir='ltr'><strong>Deo</strong></span> <span class='ocrx_word' id='word_1_64' title='bbox 1855 745 2231 798; x_wconf 89' lang='lat' dir='ltr'><strong>constitutum</strong></span> <span class='ocrx_word' id='word_1_65' title='bbox 2285 745 2511 798; x_wconf 89' lang='lat' dir='ltr'><strong>duraret</strong></span> <span class='ocrx_word' id='word_1_66' title='bbox 2542 753 2834 812; x_wconf 64' lang='lat' dir='ltr'><strong>perpetuo.</strong></span> <span class='ocrx_word' id='word_1_67' title='bbox 2866 745 2934 798; x_wconf 76' lang='lat' dir='ltr'><strong>At</strong></span> <span class='ocrx_word' id='word_1_68' title='bbox 2962 745 3053 798; x_wconf 89' lang='lat' dir='ltr'><strong>hic</strong></span> <span class='ocrx_word' id='word_1_69' title='bbox 3077 745 3299 813; x_wconf 82' lang='lat' dir='ltr'><strong>quidem</strong></span> <span class='ocrx_word' id='word_1_70' title='bbox 3333 759 3507 800; x_wconf 89' lang='lat' dir='ltr'><strong>causa</strong></span> <span class='ocrx_word' id='word_1_71' title='bbox 3548 744 3814 799; x_wconf 77' lang='lat' dir='ltr'><strong>redditur</strong></span> <span class='ocrx_word' id='word_1_72' title='bbox 3846 759 4014 812; x_wconf 87' lang='lat' dir='ltr'><strong>quam</strong></span> 
     </span>
    </p>
   </div>
   <div class='ocr_carea' id='block_1_6' title="bbox 750 827 4020 898">
    <p class='ocr_par' dir='ltr' id='par_1_6' title="bbox 750 827 4020 898">
     <span class='ocr_line' id='line_1_6' title="bbox 750 827 4020 898; baseline 0.001 -18"><span class='ocrx_word' id='word_1_73' title='bbox 750 827 824 882; x_wconf 89' lang='lat' dir='ltr'><strong>ob</strong></span> <span class='ocrx_word' id='word_1_74' title='bbox 851 827 1048 882; x_wconf 81' lang='lat' dir='ltr'><strong>fratres</strong></span> <span class='ocrx_word' id='word_1_75' title='bbox 1080 839 1272 882; x_wconf 89' lang='lat' dir='ltr'><strong>contra</strong></span> <span class='ocrx_word' id='word_1_76' title='bbox 1331 844 1390 882; x_wconf 88' lang='lat' dir='ltr'><strong>se</strong></span> <span class='ocrx_word' id='word_1_77' title='bbox 1423 831 1766 885; x_wconf 85' lang='lat' dir='ltr'><strong>dissiderunt</strong></span> <span class='ocrx_word' id='word_1_78' title='bbox 1802 832 2056 886; x_wconf 83' lang='lat' dir='ltr'><strong>invicem.</strong></span> <span class='ocrx_word' id='word_1_79' title='bbox 2094 832 2261 884; x_wconf 76' lang='lat' dir='ltr'><strong>Addit</strong></span> <span class='ocrx_word' id='word_1_80' title='bbox 2287 831 2460 891; x_wconf 91' lang='lat' dir='ltr'><strong>enim,</strong></span> <span class='ocrx_word' id='word_1_81' title='bbox 2497 848 2515 880; x_wconf 81' lang='grc' dir='ltr'><strong>ι</strong></span> <span class='ocrx_word' id='word_1_82' title='bbox 2556 845 2683 882; x_wconf 89' lang='lat' dir='ltr'><strong>eum</strong></span> <span class='ocrx_word' id='word_1_83' title='bbox 2733 830 2952 884; x_wconf 81' lang='lat' dir='ltr'><strong>Aarone</strong></span> <span class='ocrx_word' id='word_1_84' title='bbox 2991 849 3004 882; x_wconf 88' lang='lat'><strong>:</strong></span> <span class='ocrx_word' id='word_1_85' title='bbox 3043 849 3061 881; x_wconf 75' lang='grc' dir='ltr'><strong>ι</strong></span> <span class='ocrx_word' id='word_1_86' title='bbox 3099 847 3127 883; x_wconf 91' lang='lat' dir='ltr'><strong>a</strong></span> <span class='ocrx_word' id='word_1_87' title='bbox 3170 831 3277 884; x_wconf 82' lang='lat' dir='ltr'><strong>Deo</strong></span> <span class='ocrx_word' id='word_1_88' title='bbox 3332 840 3514 884; x_wconf 87' lang='lat' dir='ltr'><strong>autem</strong></span> <span class='ocrx_word' id='word_1_89' title='bbox 3552 831 3850 886; x_wconf 78' lang='lat' dir='ltr'><strong>sacerdotii</strong></span> <span class='ocrx_word' id='word_1_90' title='bbox 3894 843 4020 898; x_wconf 87' lang='lat' dir='ltr'><strong>per-</strong></span> 
     </span>
    </p>
   </div>
   <div class='ocr_carea' id='block_1_7' title="bbox 750 915 4017 986">
    <p class='ocr_par' dir='ltr' id='par_1_7' title="bbox 750 915 4017 986">
     <span class='ocr_line' id='line_1_7' title="bbox 750 915 4017 986; baseline 0.001 -19"><span class='ocrx_word' id='word_1_91' title='bbox 750 930 885 967; x_wconf 90' lang='lat' dir='ltr'><strong>sona</strong></span> <span class='ocrx_word' id='word_1_92' title='bbox 920 916 1150 969; x_wconf 78' lang='lat' dir='ltr'><strong>Aaronis</strong></span> <span class='ocrx_word' id='word_1_93' title='bbox 1185 917 1370 985; x_wconf 78' lang='lat' dir='ltr'><strong>generi</strong></span> <span class='ocrx_word' id='word_1_94' title='bbox 1422 928 1504 970; x_wconf 87' lang='lat' dir='ltr'><strong>est</strong></span> <span class='ocrx_word' id='word_1_95' title='bbox 1536 918 1810 984; x_wconf 89' lang='lat' dir='ltr'><strong>imposita,</strong></span> <span class='ocrx_word' id='word_1_96' title='bbox 1851 933 1949 970; x_wconf 86' lang='lat' dir='ltr'><strong>nec</strong></span> <span class='ocrx_word' id='word_1_97' title='bbox 1979 918 2388 971; x_wconf 74' lang='lat' dir='ltr'><strong>vicissitudinis</strong></span> <span class='ocrx_word' id='word_1_98' title='bbox 2467 916 2880 977; x_wconf 89' lang='lat' dir='ltr'><strong>incertitudine,</strong></span> <span class='ocrx_word' id='word_1_99' title='bbox 2916 927 2974 969; x_wconf 90' lang='grc' dir='ltr'><strong>ιιι</strong></span> <span class='ocrx_word' id='word_1_100' title='bbox 3014 918 3118 971; x_wconf 89' lang='lat' dir='ltr'><strong>sub</strong></span> <span class='ocrx_word' id='word_1_101' title='bbox 3151 917 3316 971; x_wconf 91' lang='lat' dir='ltr'><strong>Saule</strong></span> <span class='ocrx_word' id='word_1_102' title='bbox 3345 919 3603 986; x_wconf 75' lang='lat' dir='ltr'><strong>contigit,</strong></span> <span class='ocrx_word' id='word_1_103' title='bbox 3648 915 4017 970; x_wconf 80' lang='lat' dir='ltr'><strong>labefactare-</strong></span> 
     </span>
    </p>
   </div>
   <div class='ocr_carea' id='block_1_8' title="bbox 751 1001 4015 1072">
    <p class='ocr_par' dir='ltr' id='par_1_8' title="bbox 751 1001 4015 1072">
     <span class='ocr_line' id='line_1_8' title="bbox 751 1001 4015 1072; baseline 0 -19"><span class='ocrx_word' id='word_1_104' title='bbox 751 1009 862 1053; x_wconf 91' lang='lat' dir='ltr'><strong>tur.</strong></span> <span class='ocrx_word' id='word_1_105' title='bbox 904 1002 1094 1055; x_wconf 74' lang='lat' dir='ltr'><strong>Adami</strong></span> <span class='ocrx_word' id='word_1_106' title='bbox 1150 1004 1355 1071; x_wconf 79' lang='lat' dir='ltr'><strong>quippe</strong></span> <span class='ocrx_word' id='word_1_107' title='bbox 1394 1005 1650 1071; x_wconf 83' lang='lat' dir='ltr'><strong>prosapia</strong></span> <span class='ocrx_word' id='word_1_108' title='bbox 1695 1019 1788 1071; x_wconf 89' lang='lat' dir='ltr'><strong>per</strong></span> <span class='ocrx_word' id='word_1_109' title='bbox 1821 1002 1951 1058; x_wconf 91' lang='lat' dir='ltr'><strong>Seth</strong></span> <span class='ocrx_word' id='word_1_110' title='bbox 1984 1020 2206 1072; x_wconf 89' lang='lat' dir='ltr'><strong>quoque</strong></span> <span class='ocrx_word' id='word_1_111' title='bbox 2264 1003 2705 1057; x_wconf 89' lang='lat' dir='ltr'><strong>conservabatur</strong></span> <span class='ocrx_word' id='word_1_112' title='bbox 2735 1013 2857 1072; x_wconf 90' lang='lat' dir='ltr'><strong>post</strong></span> <span class='ocrx_word' id='word_1_113' title='bbox 2887 1002 3044 1056; x_wconf 90' lang='lat' dir='ltr'><strong>Caini</strong></span> <span class='ocrx_word' id='word_1_114' title='bbox 3092 1011 3148 1058; x_wconf 89' lang='lat' dir='ltr'><strong>et</strong></span> <span class='ocrx_word' id='word_1_115' title='bbox 3179 1004 3354 1058; x_wconf 88' lang='lat' dir='ltr'><strong>abelis</strong></span> <span class='ocrx_word' id='word_1_116' title='bbox 3388 1013 3642 1058; x_wconf 84' lang='lat' dir='ltr'><strong>mortem.</strong></span> <span class='ocrx_word' id='word_1_117' title='bbox 3671 1001 3841 1055; x_wconf 86' lang='lat' dir='ltr'><strong>David</strong></span> <span class='ocrx_word' id='word_1_118' title='bbox 3883 1004 4015 1056; x_wconf 86' lang='lat' dir='ltr'><strong>item</strong></span> 
     </span>
    </p>
   </div>
   <div class='ocr_carea' id='block_1_9' title="bbox 751 1088 4019 1159">
    <p class='ocr_par' dir='ltr' id='par_1_9' title="bbox 751 1088 4019 1159">
     <span class='ocr_line' id='line_1_9' title="bbox 751 1088 4019 1159; baseline 0 -20"><span class='ocrx_word' id='word_1_119' title='bbox 751 1104 820 1141; x_wconf 88' lang='lat' dir='ltr'><strong>ne</strong></span> <span class='ocrx_word' id='word_1_120' title='bbox 858 1090 1292 1143; x_wconf 84' lang='lat' dir='ltr'><strong>successoribus</strong></span> <span class='ocrx_word' id='word_1_121' title='bbox 1352 1102 1577 1159; x_wconf 88' lang='lat' dir='ltr'><strong>propter</strong></span> <span class='ocrx_word' id='word_1_122' title='bbox 1610 1091 1925 1146; x_wconf 76' lang='lat' dir='ltr'><strong>Solomonis</strong></span> <span class='ocrx_word' id='word_1_123' title='bbox 1963 1093 2428 1146; x_wconf 84' lang='lat' dir='ltr'><strong>exorbitationem</strong></span> <span class='ocrx_word' id='word_1_124' title='bbox 2467 1088 2888 1152; x_wconf 76' lang='lat' dir='ltr'><strong>destitueretur,</strong></span> <span class='ocrx_word' id='word_1_125' title='bbox 2924 1089 3126 1142; x_wconf 80' lang='lat' dir='ltr'><strong>eximia</strong></span> <span class='ocrx_word' id='word_1_126' title='bbox 3161 1090 3363 1156; x_wconf 81' lang='lat' dir='ltr'><strong>pietate</strong></span> <span class='ocrx_word' id='word_1_127' title='bbox 3391 1107 3488 1144; x_wconf 80' lang='lat' dir='ltr'><strong>sua</strong></span> <span class='ocrx_word' id='word_1_128' title='bbox 3524 1100 3612 1144; x_wconf 82' lang='lat' dir='ltr'><strong>est</strong></span> <span class='ocrx_word' id='word_1_129' title='bbox 3651 1089 3973 1143; x_wconf 75' lang='lat' dir='ltr'><strong>sublevatus</strong></span> <span class='ocrx_word' id='word_1_130' title='bbox 4003 1106 4019 1149; x_wconf 82' lang='lat'><strong>;</strong></span> 
     </span>
    </p>
   </div>
   <div class='ocr_carea' id='block_1_10' title="bbox 753 1174 4014 1248">
    <p class='ocr_par' dir='ltr' id='par_1_10' title="bbox 753 1174 4014 1248">
     <span class='ocr_line' id='line_1_10' title="bbox 753 1174 4014 1248; baseline 0 -21"><span class='ocrx_word' id='word_1_131' title='bbox 753 1174 959 1227; x_wconf 88' lang='lat' dir='ltr'><strong>factum</strong></span> <span class='ocrx_word' id='word_1_132' title='bbox 991 1183 1076 1228; x_wconf 86' lang='lat' dir='ltr'><strong>est</strong></span> <span class='ocrx_word' id='word_1_133' title='bbox 1106 1179 1276 1237; x_wconf 87' lang='lat' dir='ltr'><strong>enim,</strong></span> <span class='ocrx_word' id='word_1_134' title='bbox 1308 1187 1363 1229; x_wconf 92' lang='lat' dir='ltr'><strong>nt</strong></span> <span class='ocrx_word' id='word_1_135' title='bbox 1405 1193 1501 1244; x_wconf 91' lang='lat' dir='ltr'><strong>per</strong></span> <span class='ocrx_word' id='word_1_136' title='bbox 1528 1179 1706 1246; x_wconf 85' lang='lat' dir='ltr'><strong>ipsum</strong></span> <span class='ocrx_word' id='word_1_137' title='bbox 1745 1187 2175 1232; x_wconf 81' lang='lat' dir='ltr'><strong>conservaretur</strong></span> <span class='ocrx_word' id='word_1_138' title='bbox 2212 1178 2380 1243; x_wconf 89' lang='lat' dir='ltr'><strong>filius,</strong></span> <span class='ocrx_word' id='word_1_139' title='bbox 2422 1181 2607 1247; x_wconf 83' lang='lat' dir='ltr'><strong>potius</strong></span> <span class='ocrx_word' id='word_1_140' title='bbox 2637 1193 2804 1248; x_wconf 87' lang='lat' dir='ltr'><strong>quam</strong></span> <span class='ocrx_word' id='word_1_141' title='bbox 2835 1188 2894 1232; x_wconf 94' lang='lat' dir='ltr'><strong>ut</strong></span> <span class='ocrx_word' id='word_1_142' title='bbox 2935 1180 3051 1246; x_wconf 90' lang='lat' dir='ltr'><strong>ipse</strong></span> <span class='ocrx_word' id='word_1_143' title='bbox 3083 1188 3307 1248; x_wconf 86' lang='lat' dir='ltr'><strong>propter</strong></span> <span class='ocrx_word' id='word_1_144' title='bbox 3340 1177 3509 1230; x_wconf 88' lang='lat' dir='ltr'><strong>filium</strong></span> <span class='ocrx_word' id='word_1_145' title='bbox 3547 1191 3648 1231; x_wconf 90' lang='lat' dir='ltr'><strong>sua</strong></span> <span class='ocrx_word' id='word_1_146' title='bbox 3691 1177 3866 1244; x_wconf 83' lang='lat' dir='ltr'><strong>stirpe</strong></span> <span class='ocrx_word' id='word_1_147' title='bbox 3908 1191 4014 1230; x_wconf 90' lang='lat' dir='ltr'><strong>ex-</strong></span> 
     </span>
    </p>
   </div>
   <div class='ocr_carea' id='block_1_11' title="bbox 752 1262 4022 1335">
    <p class='ocr_par' dir='ltr' id='par_1_11' title="bbox 752 1262 4022 1335">
     <span class='ocr_line' id='line_1_11' title="bbox 752 1262 4022 1335; baseline -0 -19"><span class='ocrx_word' id='word_1_148' title='bbox 752 1264 987 1325; x_wconf 63' lang='lat' dir='ltr'><strong>cideret;</strong></span> <span class='ocrx_word' id='word_1_149' title='bbox 1025 1264 1491 1331; x_wconf 84' lang='lat' dir='ltr'><strong>quemadmodum</strong></span> <span class='ocrx_word' id='word_1_150' title='bbox 1524 1266 1792 1332; x_wconf 87' lang='lat' dir='ltr'><strong>scriptum</strong></span> <span class='ocrx_word' id='word_1_151' title='bbox 1822 1273 1927 1318; x_wconf 88' lang='lat' dir='ltr'><strong>est.</strong></span> <span class='ocrx_word' id='word_1_152' title='bbox 1959 1267 2037 1319; x_wconf 84' lang='lat' dir='ltr'><strong>Ac</strong></span> <span class='ocrx_word' id='word_1_153' title='bbox 2067 1264 2233 1319; x_wconf 79' lang='lat' dir='ltr'><strong>l3i-ael</strong></span> <span class='ocrx_word' id='word_1_154' title='bbox 2271 1281 2379 1319; x_wconf 92' lang='lat' dir='ltr'><strong>non</strong></span> <span class='ocrx_word' id='word_1_155' title='bbox 2415 1265 2666 1319; x_wconf 79' lang='lat' dir='ltr'><strong>funditus</strong></span> <span class='ocrx_word' id='word_1_156' title='bbox 2688 1265 2964 1335; x_wconf 87' lang='lat' dir='ltr'><strong>extirpata</strong></span> <span class='ocrx_word' id='word_1_157' title='bbox 2993 1273 3097 1326; x_wconf 84' lang='lat' dir='ltr'><strong>est,</strong></span> <span class='ocrx_word' id='word_1_158' title='bbox 3129 1279 3259 1319; x_wconf 88' lang='lat' dir='ltr'><strong>cum</strong></span> <span class='ocrx_word' id='word_1_159' title='bbox 3298 1264 3353 1316; x_wconf 91' lang='lat' dir='ltr'><strong>in</strong></span> <span class='ocrx_word' id='word_1_160' title='bbox 3388 1279 3452 1318; x_wconf 88' lang='lat' dir='ltr'><strong>ea</strong></span> <span class='ocrx_word' id='word_1_161' title='bbox 3483 1273 3673 1318; x_wconf 85' lang='lat' dir='ltr'><strong>essent</strong></span> <span class='ocrx_word' id='word_1_162' title='bbox 3700 1265 3795 1331; x_wconf 89' lang='lat' dir='ltr'><strong>qui</strong></span> <span class='ocrx_word' id='word_1_163' title='bbox 3823 1262 4022 1316; x_wconf 88' lang='lat' dir='ltr'><strong>crede-</strong></span> 
     </span>
    </p>
   </div>
   <div class='ocr_carea' id='block_1_12' title="bbox 752 1348 4023 1422">
    <p class='ocr_par' dir='ltr' id='par_1_12' title="bbox 752 1348 4023 1422">
     <span class='ocr_line' id='line_1_12' title="bbox 752 1348 4023 1422; baseline 0 -20"><span class='ocrx_word' id='word_1_164' title='bbox 752 1350 906 1404; x_wconf 75' lang='lat' dir='ltr'><strong>bant.</strong></span> <span class='ocrx_word' id='word_1_165' title='bbox 941 1350 1208 1418; x_wconf 90' lang='lat' dir='ltr'><strong>lniquitas</strong></span> <span class='ocrx_word' id='word_1_166' title='bbox 1235 1351 1380 1403; x_wconf 88' lang='lat' dir='ltr'><strong>enim</strong></span> <span class='ocrx_word' id='word_1_167' title='bbox 1410 1351 1532 1417; x_wconf 84' lang='lat' dir='ltr'><strong>ejus</strong></span> <span class='ocrx_word' id='word_1_168' title='bbox 1554 1360 1639 1405; x_wconf 89' lang='lat' dir='ltr'><strong>est</strong></span> <span class='ocrx_word' id='word_1_169' title='bbox 1665 1351 1912 1412; x_wconf 88' lang='lat' dir='ltr'><strong>inducta,</strong></span> <span class='ocrx_word' id='word_1_170' title='bbox 1948 1361 2172 1420; x_wconf 89' lang='lat' dir='ltr'><strong>propter</strong></span> <span class='ocrx_word' id='word_1_171' title='bbox 2205 1351 2598 1422; x_wconf 72' lang='lat' dir='ltr'><strong>benignitatem</strong></span> <span class='ocrx_word' id='word_1_172' title='bbox 2635 1352 2752 1416; x_wconf 87' lang='lat' dir='ltr'><strong>Dei,</strong></span> <span class='ocrx_word' id='word_1_173' title='bbox 2786 1368 2949 1420; x_wconf 89' lang='lat' dir='ltr'><strong>quam</strong></span> <span class='ocrx_word' id='word_1_174' title='bbox 2986 1353 3243 1421; x_wconf 86' lang='lat' dir='ltr'><strong>concepit</strong></span> <span class='ocrx_word' id='word_1_175' title='bbox 3269 1366 3396 1421; x_wconf 87' lang='lat' dir='ltr'><strong>erga</strong></span> <span class='ocrx_word' id='word_1_176' title='bbox 3426 1358 3628 1420; x_wconf 83' lang='lat' dir='ltr'><strong>patres.</strong></span> <span class='ocrx_word' id='word_1_177' title='bbox 3668 1348 4023 1418; x_wconf 83' lang='lat' dir='ltr'><strong>QuaprOpter</strong></span> 
     </span>
    </p>
   </div>
   <div class='ocr_carea' id='block_1_13' title="bbox 751 1437 4024 1509">
    <p class='ocr_par' dir='ltr' id='par_1_13' title="bbox 751 1437 4024 1509">
     <span class='ocr_line' id='line_1_13' title="bbox 751 1437 4024 1509; baseline -0.001 -19"><span class='ocrx_word' id='word_1_178' title='bbox 751 1447 984 1505; x_wconf 83' lang='lat' dir='ltr'><strong>augusta</strong></span> <span class='ocrx_word' id='word_1_179' title='bbox 1013 1438 1327 1506; x_wconf 90' lang='lat' dir='ltr'><strong>antiquitus</strong></span> <span class='ocrx_word' id='word_1_180' title='bbox 1359 1439 1570 1492; x_wconf 83' lang='lat' dir='ltr'><strong>sobolis</strong></span> <span class='ocrx_word' id='word_1_181' title='bbox 1629 1439 1948 1507; x_wconf 68' lang='lat' dir='ltr'><strong>proluigatio</strong></span> <span class='ocrx_word' id='word_1_182' title='bbox 1983 1439 2088 1490; x_wconf 88' lang='lat' dir='ltr'><strong>fuit</strong></span> <span class='ocrx_word' id='word_1_183' title='bbox 2121 1440 2266 1491; x_wconf 90' lang='lat' dir='ltr'><strong>sient</strong></span> <span class='ocrx_word' id='word_1_184' title='bbox 2291 1440 2557 1494; x_wconf 82' lang='lat' dir='ltr'><strong>sterilitas</strong></span> <span class='ocrx_word' id='word_1_185' title='bbox 2589 1441 2864 1509; x_wconf 89' lang='lat' dir='ltr'><strong>lugubris.</strong></span> <span class='ocrx_word' id='word_1_186' title='bbox 2901 1438 3140 1493; x_wconf 83' lang='lat' dir='ltr'><strong>Causam</strong></span> <span class='ocrx_word' id='word_1_187' title='bbox 3187 1452 3318 1491; x_wconf 84' lang='lat' dir='ltr'><strong>vero</strong></span> <span class='ocrx_word' id='word_1_188' title='bbox 3351 1445 3574 1505; x_wconf 89' lang='lat' dir='ltr'><strong>propter</strong></span> <span class='ocrx_word' id='word_1_189' title='bbox 3600 1452 3766 1506; x_wconf 86' lang='lat' dir='ltr'><strong>quam</strong></span> <span class='ocrx_word' id='word_1_190' title='bbox 3796 1437 4024 1489; x_wconf 82' lang='lat' dir='ltr'><strong>Levitas</strong></span> 
     </span>
    </p>
   </div>
   <div class='ocr_carea' id='block_1_14' title="bbox 752 1521 4019 1595">
    <p class='ocr_par' dir='ltr' id='par_1_14' title="bbox 752 1521 4019 1595">
     <span class='ocr_line' id='line_1_14' title="bbox 752 1521 4019 1595; baseline -0.001 -18"><span class='ocrx_word' id='word_1_191' title='bbox 752 1526 1049 1592; x_wconf 88' lang='lat' dir='ltr'><strong>mancipet,</strong></span> <span class='ocrx_word' id='word_1_192' title='bbox 1114 1540 1237 1578; x_wconf 90' lang='lat' dir='ltr'><strong>esse</strong></span> <span class='ocrx_word' id='word_1_193' title='bbox 1286 1526 1384 1586; x_wconf 89' lang='lat' dir='ltr'><strong>ait,</strong></span> <span class='ocrx_word' id='word_1_194' title='bbox 1438 1525 1658 1579; x_wconf 88' lang='lat' dir='ltr'><strong>lsraelis</strong></span> <span class='ocrx_word' id='word_1_195' title='bbox 1693 1540 1758 1578; x_wconf 92' lang='lat' dir='ltr'><strong>ex</strong></span> <span class='ocrx_word' id='word_1_196' title='bbox 1794 1524 2027 1595; x_wconf 63' lang='lat' dir='ltr'><strong>Egypto</strong></span> <span class='ocrx_word' id='word_1_197' title='bbox 2050 1529 2592 1589; x_wconf 87' lang='lat' dir='ltr'><strong>assertionem;non</strong></span> <span class='ocrx_word' id='word_1_198' title='bbox 2632 1527 2812 1581; x_wconf 84' lang='lat' dir='ltr'><strong>solum</strong></span> <span class='ocrx_word' id='word_1_199' title='bbox 2881 1526 3167 1579; x_wconf 91' lang='lat' dir='ltr'><strong>hominum</strong></span> <span class='ocrx_word' id='word_1_200' title='bbox 3208 1523 3428 1578; x_wconf 78' lang='lat' dir='ltr'><strong>aﬂectio</strong></span> <span class='ocrx_word' id='word_1_201' title='bbox 3463 1525 3618 1593; x_wconf 91' lang='lat' dir='ltr'><strong>ipsos</strong></span> <span class='ocrx_word' id='word_1_202' title='bbox 3647 1523 3790 1592; x_wconf 90' lang='lat' dir='ltr'><strong>apud</strong></span> <span class='ocrx_word' id='word_1_203' title='bbox 3844 1521 4019 1575; x_wconf 90' lang='lat' dir='ltr'><strong>Deum</strong></span> 
     </span>
    </p>
   </div>
   <div class='ocr_carea' id='block_1_15' title="bbox 751 1607 4019 1681">
    <p class='ocr_par' dir='ltr' id='par_1_15' title="bbox 751 1607 4019 1681">
     <span class='ocr_line' id='line_1_15' title="bbox 751 1607 4019 1681; baseline -0.001 -15"><span class='ocrx_word' id='word_1_204' title='bbox 751 1612 1124 1676; x_wconf 79' lang='lat' dir='ltr'><strong>commendat,</strong></span> <span class='ocrx_word' id='word_1_205' title='bbox 1155 1626 1347 1665; x_wconf 72' lang='lat' dir='ltr'><strong>Verum</strong></span> <span class='ocrx_word' id='word_1_206' title='bbox 1387 1613 1556 1666; x_wconf 84' lang='lat' dir='ltr'><strong>inulto</strong></span> <span class='ocrx_word' id='word_1_207' title='bbox 1601 1613 1771 1678; x_wconf 83' lang='lat' dir='ltr'><strong>magis</strong></span> <span class='ocrx_word' id='word_1_208' title='bbox 1807 1611 1948 1665; x_wconf 88' lang='lat' dir='ltr'><strong>Deus</strong></span> <span class='ocrx_word' id='word_1_209' title='bbox 1979 1613 2098 1681; x_wconf 91' lang='lat' dir='ltr'><strong>ipse</strong></span> <span class='ocrx_word' id='word_1_210' title='bbox 2139 1613 2394 1666; x_wconf 81' lang='lat' dir='ltr'><strong>homines</strong></span> <span class='ocrx_word' id='word_1_211' title='bbox 2424 1614 2677 1676; x_wconf 85' lang='lat' dir='ltr'><strong>attrahit,</strong></span> <span class='ocrx_word' id='word_1_212' title='bbox 2710 1613 2927 1681; x_wconf 86' lang='lat' dir='ltr'><strong>sibique</strong></span> <span class='ocrx_word' id='word_1_213' title='bbox 2965 1612 3226 1666; x_wconf 88' lang='lat' dir='ltr'><strong>vindicat.</strong></span> <span class='ocrx_word' id='word_1_214' title='bbox 3267 1608 3427 1664; x_wconf 88' lang='lat' dir='ltr'><strong>Unde</strong></span> <span class='ocrx_word' id='word_1_215' title='bbox 3464 1621 3518 1664; x_wconf 90' lang='lat' dir='ltr'><strong>et</strong></span> <span class='ocrx_word' id='word_1_216' title='bbox 3542 1607 3788 1664; x_wconf 78' lang='lat' dir='ltr'><strong>Joannes</strong></span> <span class='ocrx_word' id='word_1_217' title='bbox 3826 1627 3839 1662; x_wconf 92' lang='lat'>:</span> <span class='ocrx_word' id='word_1_218' title='bbox 3896 1608 4019 1663; x_wconf 78' lang='lat' dir='ltr'><strong>Non</strong></span> 
     </span>
    </p>
   </div>
   <div class='ocr_carea' id='block_1_16' title="bbox 751 1695 4019 1766">
    <p class='ocr_par' dir='ltr' id='par_1_16' title="bbox 751 1695 4019 1766">
     <span class='ocr_line' id='line_1_16' title="bbox 751 1695 4019 1766; baseline -0 -16"><span class='ocrx_word' id='word_1_219' title='bbox 751 1698 897 1765; x_wconf 89' lang='lat' dir='ltr'><strong>quod</strong></span> <span class='ocrx_word' id='word_1_220' title='bbox 944 1698 1109 1751; x_wconf 85' lang='lat' dir='ltr'><strong>Deum</strong></span> <span class='ocrx_word' id='word_1_221' title='bbox 1139 1699 1494 1753; x_wconf 75' lang='lat' dir='ltr'><strong>dilexerimus</strong></span> <span class='ocrx_word' id='word_1_222' title='bbox 1527 1714 1646 1764; x_wconf 88' lang='lat' dir='ltr'><strong>nos,</strong></span> <span class='ocrx_word' id='word_1_223' title='bbox 1697 1699 1898 1766; x_wconf 82' lang='lat' dir='ltr'><strong>inquit,</strong></span> <span class='ocrx_word' id='word_1_224' title='bbox 1933 1714 2127 1752; x_wconf 88' lang='lat' dir='ltr'><strong>verum</strong></span> <span class='ocrx_word' id='word_1_225' title='bbox 2160 1714 2260 1752; x_wconf 90' lang='lat' dir='ltr'><strong>nos</strong></span> <span class='ocrx_word' id='word_1_226' title='bbox 2312 1699 2476 1760; x_wconf 89' lang='lat' dir='ltr'><strong>Deus,</strong></span> <span class='ocrx_word' id='word_1_227' title='bbox 2509 1714 2631 1752; x_wconf 90' lang='lat' dir='ltr'><strong>cum</strong></span> <span class='ocrx_word' id='word_1_228' title='bbox 2664 1699 2861 1753; x_wconf 83' lang='lat' dir='ltr'><strong>Filium</strong></span> <span class='ocrx_word' id='word_1_229' title='bbox 2903 1700 2969 1752; x_wconf 87' lang='lat' dir='ltr'><strong>ad</strong></span> <span class='ocrx_word' id='word_1_230' title='bbox 3005 1714 3108 1754; x_wconf 90' lang='lat' dir='ltr'><strong>nos</strong></span> <span class='ocrx_word' id='word_1_231' title='bbox 3135 1699 3386 1752; x_wconf 87' lang='lat' dir='ltr'><strong>misisset</strong></span> <span class='ocrx_word' id='word_1_232' title='bbox 3420 1697 3484 1750; x_wconf 87' lang='grc'><strong>¹⁶.</strong></span> <span class='ocrx_word' id='word_1_233' title='bbox 3522 1696 3734 1751; x_wconf 83' lang='lat' dir='ltr'><strong>Idcirco</strong></span> <span class='ocrx_word' id='word_1_234' title='bbox 3793 1695 4019 1764; x_wconf 84' lang='lat' dir='ltr'><strong>quidem</strong></span> 
     </span>
    </p>
   </div>
   <div class='ocr_carea' id='block_1_17' title="bbox 755 1782 4023 1856">
    <p class='ocr_par' dir='ltr' id='par_1_17' title="bbox 755 1782 4023 1856">
     <span class='ocr_line' id='line_1_17' title="bbox 755 1782 4023 1856; baseline 0 -22"><span class='ocrx_word' id='word_1_235' title='bbox 755 1787 1152 1854; x_wconf 77' lang='lat' dir='ltr'><strong>primogenitos</strong></span> <span class='ocrx_word' id='word_1_236' title='bbox 1183 1786 1290 1840; x_wconf 85' lang='lat' dir='ltr'><strong>sibi</strong></span> <span class='ocrx_word' id='word_1_237' title='bbox 1339 1787 1708 1850; x_wconf 80' lang='lat' dir='ltr'><strong>consecravit,</strong></span> <span class='ocrx_word' id='word_1_238' title='bbox 1749 1785 1896 1855; x_wconf 87' lang='lat' dir='ltr'><strong>quod</strong></span> <span class='ocrx_word' id='word_1_239' title='bbox 1935 1785 2332 1854; x_wconf 83' lang='lat' dir='ltr'><strong>primogenitos</strong></span> <span class='ocrx_word' id='word_1_240' title='bbox 2365 1799 2588 1853; x_wconf 90' lang='lat' dir='ltr'><strong>quoque</strong></span> <span class='ocrx_word' id='word_1_241' title='bbox 2615 1786 2667 1838; x_wconf 91' lang='lat' dir='ltr'><strong>in</strong></span> <span class='ocrx_word' id='word_1_242' title='bbox 2706 1785 2945 1856; x_wconf 66' lang='lat' dir='ltr'><strong>Egypto</strong></span> <span class='ocrx_word' id='word_1_243' title='bbox 2981 1785 3196 1854; x_wconf 91' lang='lat' dir='ltr'><strong>magnis</strong></span> <span class='ocrx_word' id='word_1_244' title='bbox 3219 1784 3400 1837; x_wconf 86' lang='lat' dir='ltr'><strong>affecit</strong></span> <span class='ocrx_word' id='word_1_245' title='bbox 3437 1783 3748 1838; x_wconf 83' lang='lat' dir='ltr'><strong>beneficiis.</strong></span> <span class='ocrx_word' id='word_1_246' title='bbox 3781 1782 3859 1836; x_wconf 88' lang='lat' dir='ltr'><strong>Ita</strong></span> <span class='ocrx_word' id='word_1_247' title='bbox 3884 1799 4023 1838; x_wconf 87' lang='lat' dir='ltr'><strong>sane</strong></span> 
     </span>
    </p>
   </div>
   <div class='ocr_carea' id='block_1_18' title="bbox 752 1869 4023 1942">
    <p class='ocr_par' dir='ltr' id='par_1_18' title="bbox 752 1869 4023 1942">
     <span class='ocr_line' id='line_1_18' title="bbox 752 1869 4023 1942; baseline -0.001 -18"><span class='ocrx_word' id='word_1_248' title='bbox 752 1873 915 1924; x_wconf 86' lang='lat' dir='ltr'><strong>etiam</strong></span> <span class='ocrx_word' id='word_1_249' title='bbox 947 1887 1070 1924; x_wconf 88' lang='lat' dir='ltr'><strong>eum</strong></span> <span class='ocrx_word' id='word_1_250' title='bbox 1108 1872 1362 1940; x_wconf 86' lang='lat' dir='ltr'><strong>primitus</strong></span> <span class='ocrx_word' id='word_1_251' title='bbox 1396 1873 1449 1924; x_wconf 93' lang='lat' dir='ltr'><strong>in</strong></span> <span class='ocrx_word' id='word_1_252' title='bbox 1496 1872 1875 1926; x_wconf 85' lang='lat' dir='ltr'><strong>testimonium</strong></span> <span class='ocrx_word' id='word_1_253' title='bbox 1909 1873 2100 1942; x_wconf 63' lang='lat' dir='ltr'><strong>gloriae</strong></span> <span class='ocrx_word' id='word_1_254' title='bbox 2121 1888 2234 1927; x_wconf 66' lang='lat' dir='ltr'><strong>sua:</strong></span> <span class='ocrx_word' id='word_1_255' title='bbox 2263 1887 2326 1925; x_wconf 81' lang='lat' dir='ltr'><strong>ex</strong></span> <span class='ocrx_word' id='word_1_256' title='bbox 2363 1873 2619 1926; x_wconf 89' lang='lat' dir='ltr'><strong>omnibus</strong></span> <span class='ocrx_word' id='word_1_257' title='bbox 2652 1873 2967 1927; x_wconf 89' lang='lat' dir='ltr'><strong>hominibus</strong></span> <span class='ocrx_word' id='word_1_258' title='bbox 3001 1871 3292 1940; x_wconf 86' lang='lat' dir='ltr'><strong>selegissct</strong></span> <span class='ocrx_word' id='word_1_259' title='bbox 3317 1869 3479 1932; x_wconf 87' lang='lat' dir='ltr'><strong>Deus,</strong></span> <span class='ocrx_word' id='word_1_260' title='bbox 3506 1884 3763 1938; x_wconf 88' lang='lat' dir='ltr'><strong>agnoque</strong></span> <span class='ocrx_word' id='word_1_261' title='bbox 3793 1885 3893 1938; x_wconf 92' lang='lat' dir='ltr'><strong>pro</strong></span> <span class='ocrx_word' id='word_1_262' title='bbox 3922 1884 4023 1922; x_wconf 87' lang='lat' dir='ltr'><strong>no-</strong></span> 
     </span>
    </p>
   </div>
   <div class='ocr_carea' id='block_1_19' title="bbox 755 1956 4020 2029">
    <p class='ocr_par' dir='ltr' id='par_1_19' title="bbox 755 1956 4020 2029">
     <span class='ocr_line' id='line_1_19' title="bbox 755 1956 4020 2029; baseline -0.002 -16"><span class='ocrx_word' id='word_1_263' title='bbox 755 1961 842 2013; x_wconf 87' lang='lat' dir='ltr'><strong>bis</strong></span> <span class='ocrx_word' id='word_1_264' title='bbox 867 1961 1146 2027; x_wconf 79' lang='lat' dir='ltr'><strong>deposito,</strong></span> <span class='ocrx_word' id='word_1_265' title='bbox 1179 1961 1247 2012; x_wconf 88' lang='lat' dir='ltr'><strong>ab</strong></span> <span class='ocrx_word' id='word_1_266' title='bbox 1274 1961 1655 2014; x_wconf 75' lang='lat' dir='ltr'><strong>internecione</strong></span> <span class='ocrx_word' id='word_1_267' title='bbox 1681 1960 1982 2029; x_wconf 75' lang='lat' dir='ltr'><strong>rapuisset,</strong></span> <span class='ocrx_word' id='word_1_268' title='bbox 2012 1975 2110 2013; x_wconf 92' lang='lat' dir='ltr'><strong>nos</strong></span> <span class='ocrx_word' id='word_1_269' title='bbox 2145 1974 2366 2028; x_wconf 88' lang='lat' dir='ltr'><strong>quoque</strong></span> <span class='ocrx_word' id='word_1_270' title='bbox 2395 1959 2499 2013; x_wconf 85' lang='lat' dir='ltr'><strong>sibi</strong></span> <span class='ocrx_word' id='word_1_271' title='bbox 2525 1959 2728 2012; x_wconf 82' lang='lat' dir='ltr'><strong>dicavit</strong></span> <span class='ocrx_word' id='word_1_272' title='bbox 2762 1960 3036 2028; x_wconf 85' lang='lat' dir='ltr'><strong>proprios.</strong></span> <span class='ocrx_word' id='word_1_273' title='bbox 3072 1958 3215 2024; x_wconf 83' lang='lat' dir='ltr'><strong>Quid</strong></span> <span class='ocrx_word' id='word_1_274' title='bbox 3241 1972 3373 2011; x_wconf 91' lang='lat' dir='ltr'><strong>vero</strong></span> <span class='ocrx_word' id='word_1_275' title='bbox 3404 1972 3588 2010; x_wconf 72' lang='lat' dir='ltr'><strong>causa:</strong></span> <span class='ocrx_word' id='word_1_276' title='bbox 3612 1965 3697 2011; x_wconf 86' lang='lat' dir='ltr'><strong>est</strong></span> <span class='ocrx_word' id='word_1_277' title='bbox 3729 1956 3876 2026; x_wconf 87' lang='lat' dir='ltr'><strong>quod</strong></span> <span class='ocrx_word' id='word_1_278' title='bbox 3911 1970 4020 2008; x_wconf 91' lang='lat' dir='ltr'><strong>non</strong></span> 
     </span>
    </p>
   </div>
   <div class='ocr_carea' id='block_1_20' title="bbox 753 2044 4018 2116">
    <p class='ocr_par' dir='ltr' id='par_1_20' title="bbox 753 2044 4018 2116">
     <span class='ocr_line' id='line_1_20' title="bbox 753 2044 4018 2116; baseline -0.001 -18"><span class='ocrx_word' id='word_1_279' title='bbox 753 2048 903 2116; x_wconf 69' lang='lat' dir='ltr'><strong>ipsos</strong></span> <span class='ocrx_word' id='word_1_280' title='bbox 937 2047 1156 2116; x_wconf 85' lang='lat' dir='ltr'><strong>quidem</strong></span> <span class='ocrx_word' id='word_1_281' title='bbox 1189 2047 1610 2116; x_wconf 88' lang='lat' dir='ltr'><strong>primogenitos,</strong></span> <span class='ocrx_word' id='word_1_282' title='bbox 1638 2060 1780 2115; x_wconf 87' lang='lat' dir='ltr'><strong>quos</strong></span> <span class='ocrx_word' id='word_1_283' title='bbox 1811 2047 2196 2100; x_wconf 87' lang='lat' dir='ltr'><strong>sanctilieasse</strong></span> <span class='ocrx_word' id='word_1_284' title='bbox 2223 2062 2282 2100; x_wconf 91' lang='lat' dir='ltr'><strong>se</strong></span> <span class='ocrx_word' id='word_1_285' title='bbox 2325 2055 2586 2108; x_wconf 88' lang='lat' dir='ltr'><strong>testatur,</strong></span> <span class='ocrx_word' id='word_1_286' title='bbox 2619 2047 2684 2100; x_wconf 92' lang='lat' dir='ltr'><strong>ad</strong></span> <span class='ocrx_word' id='word_1_287' title='bbox 2715 2049 2858 2102; x_wconf 89' lang='lat' dir='ltr'><strong>sacri</strong></span> <span class='ocrx_word' id='word_1_288' title='bbox 2897 2047 3189 2101; x_wconf 83' lang='lat' dir='ltr'><strong>ministerii</strong></span> <span class='ocrx_word' id='word_1_289' title='bbox 3225 2045 3567 2100; x_wconf 91' lang='lat' dir='ltr'><strong>functionem</strong></span> <span class='ocrx_word' id='word_1_290' title='bbox 3611 2044 3874 2114; x_wconf 60' lang='lat' dir='ltr'><strong>separat!</strong></span> <span class='ocrx_word' id='word_1_291' title='bbox 3903 2045 4018 2098; x_wconf 81' lang='lat' dir='ltr'><strong>Aut</strong></span> 
     </span>
    </p>
   </div>
   <div class='ocr_carea' id='block_1_21' title="bbox 751 2133 4022 2204">
    <p class='ocr_par' dir='ltr' id='par_1_21' title="bbox 751 2133 4022 2204">
     <span class='ocr_line' id='line_1_21' title="bbox 751 2133 4022 2204; baseline -0 -19"><span class='ocrx_word' id='word_1_292' title='bbox 751 2152 849 2186; x_wconf 82' lang='lat' dir='ltr'><strong>t&#39;nt&#39;</strong></span> <span class='ocrx_word' id='word_1_293' title='bbox 882 2133 1084 2188; x_wconf 80' lang='lat' dir='ltr'><strong>Levita:</strong></span> <span class='ocrx_word' id='word_1_294' title='bbox 1114 2150 1234 2188; x_wconf 82' lang='lat' dir='ltr'><strong>eam</strong></span> <span class='ocrx_word' id='word_1_295' title='bbox 1297 2134 1363 2187; x_wconf 90' lang='lat' dir='ltr'><strong>ad</strong></span> <span class='ocrx_word' id='word_1_296' title='bbox 1403 2149 1515 2188; x_wconf 89' lang='lat' dir='ltr'><strong>rem</strong></span> <span class='ocrx_word' id='word_1_297' title='bbox 1548 2135 1934 2204; x_wconf 83' lang='lat' dir='ltr'><strong>priinogcnitis</strong></span> <span class='ocrx_word' id='word_1_298' title='bbox 1978 2136 2258 2189; x_wconf 74' lang='lat' dir='ltr'><strong>exsistunt</strong></span> <span class='ocrx_word' id='word_1_299' title='bbox 2309 2134 2593 2202; x_wconf 87' lang='lat' dir='ltr'><strong>potiores?</strong></span> <span class='ocrx_word' id='word_1_300' title='bbox 2625 2135 2766 2200; x_wconf 87' lang='lat' dir='ltr'><strong>Quia</strong></span> <span class='ocrx_word' id='word_1_301' title='bbox 2795 2136 2841 2189; x_wconf 91' lang='lat' dir='ltr'><strong>si</strong></span> <span class='ocrx_word' id='word_1_302' title='bbox 2868 2150 2933 2189; x_wconf 88' lang='lat' dir='ltr'><strong>ex</strong></span> <span class='ocrx_word' id='word_1_303' title='bbox 2957 2135 3107 2189; x_wconf 86' lang='lat' dir='ltr'><strong>omni</strong></span> <span class='ocrx_word' id='word_1_304' title='bbox 3139 2135 3287 2188; x_wconf 89' lang='lat' dir='ltr'><strong>tribu</strong></span> <span class='ocrx_word' id='word_1_305' title='bbox 3321 2149 3472 2187; x_wconf 84' lang='lat' dir='ltr'><strong>more</strong></span> <span class='ocrx_word' id='word_1_306' title='bbox 3499 2141 3770 2188; x_wconf 87' lang='lat' dir='ltr'><strong>consueto</strong></span> <span class='ocrx_word' id='word_1_307' title='bbox 3802 2134 4022 2201; x_wconf 73' lang='lat' dir='ltr'><strong>ptimo-</strong></span> 
     </span>
    </p>
   </div>
   <div class='ocr_carea' id='block_1_22' title="bbox 749 2221 4023 2292">
    <p class='ocr_par' dir='ltr' id='par_1_22' title="bbox 749 2221 4023 2292">
     <span class='ocr_line' id='line_1_22' title="bbox 749 2221 4023 2292; baseline -0.001 -18"><span class='ocrx_word' id='word_1_308' title='bbox 749 2224 916 2291; x_wconf 58' lang='lat' dir='ltr'><strong>geniti</strong></span> <span class='ocrx_word' id='word_1_309' title='bbox 975 2223 1156 2276; x_wconf 81' lang='lat' dir='ltr'><strong>forent</strong></span> <span class='ocrx_word' id='word_1_310' title='bbox 1193 2223 1489 2291; x_wconf 84' lang='lat' dir='ltr'><strong>assumpti,</strong></span> <span class='ocrx_word' id='word_1_311' title='bbox 1542 2221 1768 2287; x_wconf 76' lang='lat' dir='ltr'><strong>vulgare</strong></span> <span class='ocrx_word' id='word_1_312' title='bbox 1823 2222 1990 2275; x_wconf 88' lang='lat' dir='ltr'><strong>nimis</strong></span> <span class='ocrx_word' id='word_1_313' title='bbox 2035 2223 2404 2276; x_wconf 70' lang='lat' dir='ltr'><strong>inioiswrium</strong></span> <span class='ocrx_word' id='word_1_314' title='bbox 2459 2238 2681 2278; x_wconf 88' lang='lat' dir='ltr'><strong>sacrum</strong></span> <span class='ocrx_word' id='word_1_315' title='bbox 2729 2224 3003 2279; x_wconf 80' lang='lat' dir='ltr'><strong>evasisset</strong></span> <span class='ocrx_word' id='word_1_316' title='bbox 3044 2223 3187 2292; x_wconf 87' lang='lat' dir='ltr'><strong>apud</strong></span> <span class='ocrx_word' id='word_1_317' title='bbox 3220 2222 3461 2292; x_wconf 90' lang='lat' dir='ltr'><strong>plebem,</strong></span> <span class='ocrx_word' id='word_1_318' title='bbox 3496 2230 3666 2291; x_wconf 88' lang='lat' dir='ltr'><strong>atque</strong></span> <span class='ocrx_word' id='word_1_319' title='bbox 3707 2221 4023 2275; x_wconf 86' lang='lat' dir='ltr'><strong>eviluisset.</strong></span> 
     </span>
    </p>
   </div>
   <div class='ocr_carea' id='block_1_23' title="bbox 748 2308 4025 2380">
    <p class='ocr_par' dir='ltr' id='par_1_23' title="bbox 748 2308 4025 2380">
     <span class='ocr_line' id='line_1_23' title="bbox 748 2308 4025 2380; baseline 0 -18"><span class='ocrx_word' id='word_1_320' title='bbox 748 2313 1095 2380; x_wconf 74' lang='lat' dir='ltr'><strong>Qttlpropler</strong></span> <span class='ocrx_word' id='word_1_321' title='bbox 1119 2326 1362 2379; x_wconf 77' lang='lat' dir='ltr'><strong>cita-quo</strong></span> <span class='ocrx_word' id='word_1_322' title='bbox 1400 2317 1458 2361; x_wconf 93' lang='lat' dir='ltr'><strong>nt</strong></span> <span class='ocrx_word' id='word_1_323' title='bbox 1504 2324 1735 2380; x_wconf 90' lang='lat' dir='ltr'><strong>regnum</strong></span> <span class='ocrx_word' id='word_1_324' title='bbox 1791 2311 1970 2362; x_wconf 70' lang='lat' dir='ltr'><strong>unica:</strong></span> <span class='ocrx_word' id='word_1_325' title='bbox 2003 2308 2157 2363; x_wconf 66' lang='lat' dir='ltr'><strong>Iudae</strong></span> <span class='ocrx_word' id='word_1_326' title='bbox 2183 2308 2353 2362; x_wconf 89' lang='lat' dir='ltr'><strong>tribui</strong></span> <span class='ocrx_word' id='word_1_327' title='bbox 2380 2318 2465 2364; x_wconf 91' lang='lat' dir='ltr'><strong>est</strong></span> <span class='ocrx_word' id='word_1_328' title='bbox 2495 2309 2799 2376; x_wconf 89' lang='lat' dir='ltr'><strong>addictum,</strong></span> <span class='ocrx_word' id='word_1_329' title='bbox 2836 2310 3210 2366; x_wconf 82' lang='lat' dir='ltr'><strong>sacerdotium</strong></span> <span class='ocrx_word' id='word_1_330' title='bbox 3244 2323 3469 2380; x_wconf 89' lang='lat' dir='ltr'><strong>quoque</strong></span> <span class='ocrx_word' id='word_1_331' title='bbox 3497 2310 3566 2362; x_wconf 90' lang='lat' dir='ltr'><strong>ab</strong></span> <span class='ocrx_word' id='word_1_332' title='bbox 3610 2309 3735 2363; x_wconf 88' lang='lat' dir='ltr'><strong>aliis</strong></span> <span class='ocrx_word' id='word_1_333' title='bbox 3762 2309 4025 2363; x_wconf 85' lang='lat' dir='ltr'><strong>tribubus</strong></span> 
     </span>
    </p>
   </div>
   <div class='ocr_carea' id='block_1_24' title="bbox 750 2394 4026 2468">
    <p class='ocr_par' dir='ltr' id='par_1_24' title="bbox 750 2394 4026 2468">
     <span class='ocr_line' id='line_1_24' title="bbox 750 2394 4026 2468; baseline -0.001 -18"><span class='ocrx_word' id='word_1_334' title='bbox 750 2398 1065 2465; x_wconf 67' lang='grc' dir='ltr'>δι’]ιιιιυιιιηι</span> <span class='ocrx_word' id='word_1_335' title='bbox 1102 2411 1228 2450; x_wconf 78' lang='lat' dir='ltr'><strong>esse</strong></span> <span class='ocrx_word' id='word_1_336' title='bbox 1274 2397 1542 2464; x_wconf 89' lang='lat' dir='ltr'><strong>oportuit.</strong></span> <span class='ocrx_word' id='word_1_337' title='bbox 1586 2395 1835 2461; x_wconf 74' lang='lat' dir='ltr'><strong>Quorum</strong></span> <span class='ocrx_word' id='word_1_338' title='bbox 1871 2407 2104 2466; x_wconf 90' lang='lat' dir='ltr'><strong>utroque</strong></span> <span class='ocrx_word' id='word_1_339' title='bbox 2133 2411 2268 2450; x_wconf 86' lang='lat' dir='ltr'><strong>sane</strong></span> <span class='ocrx_word' id='word_1_340' title='bbox 2293 2394 2359 2448; x_wconf 90' lang='lat' dir='ltr'><strong>ad</strong></span> <span class='ocrx_word' id='word_1_341' title='bbox 2396 2395 2703 2459; x_wconf 85' lang='lat' dir='ltr'><strong>Christum,</strong></span> <span class='ocrx_word' id='word_1_342' title='bbox 2744 2400 2841 2468; x_wconf 90' lang='lat' dir='ltr'><strong>qui</strong></span> <span class='ocrx_word' id='word_1_343' title='bbox 2871 2399 3244 2454; x_wconf 88' lang='lat' dir='ltr'><strong>sacerdotium</strong></span> <span class='ocrx_word' id='word_1_344' title='bbox 3285 2405 3340 2452; x_wconf 91' lang='lat' dir='ltr'><strong>et</strong></span> <span class='ocrx_word' id='word_1_345' title='bbox 3387 2412 3618 2468; x_wconf 80' lang='lat' dir='ltr'><strong>regnum</strong></span> <span class='ocrx_word' id='word_1_346' title='bbox 3658 2397 4026 2451; x_wconf 84' lang='lat' dir='ltr'><strong>communita-</strong></span> 
     </span>
    </p>
   </div>
   <div class='ocr_carea' id='block_1_25' title="bbox 750 2473 4024 2556">
    <p class='ocr_par' dir='ltr' id='par_1_25' title="bbox 750 2473 4024 2556">
     <span class='ocr_line' id='line_1_25' title="bbox 750 2473 4024 2556; baseline -0 -20"><span class='ocrx_word' id='word_1_347' title='bbox 750 2487 820 2538; x_wconf 90' lang='lat' dir='ltr'><strong>tis</strong></span> <span class='ocrx_word' id='word_1_348' title='bbox 861 2500 1052 2538; x_wconf 79' lang='lat' dir='ltr'><strong>exsors</strong></span> <span class='ocrx_word' id='word_1_349' title='bbox 1090 2484 1274 2546; x_wconf 63' lang='lat' dir='ltr'><strong>habet,</strong></span> <span class='ocrx_word' id='word_1_350' title='bbox 1308 2483 1447 2537; x_wconf 54' lang='lat' dir='ltr'><strong>fat-ta</strong></span> <span class='ocrx_word' id='word_1_351' title='bbox 1484 2495 1568 2538; x_wconf 90' lang='lat' dir='ltr'><strong>est</strong></span> <span class='ocrx_word' id='word_1_352' title='bbox 1596 2485 1816 2538; x_wconf 80' lang='lat' dir='ltr'><strong>allusio.</strong></span> <span class='ocrx_word' id='word_1_353' title='bbox 1855 2486 1930 2538; x_wconf 83' lang='lat' dir='ltr'><strong>Ac</strong></span> <span class='ocrx_word' id='word_1_354' title='bbox 1963 2486 2098 2538; x_wconf 91' lang='lat' dir='ltr'><strong>illud</strong></span> <span class='ocrx_word' id='word_1_355' title='bbox 2133 2473 2422 2552; x_wconf 77' lang='lat' dir='ltr'><strong>quidemn</strong></span> <span class='ocrx_word' id='word_1_356' title='bbox 2457 2496 2653 2548; x_wconf 85' lang='lat' dir='ltr'><strong>matre,</strong></span> <span class='ocrx_word' id='word_1_357' title='bbox 2688 2487 2793 2541; x_wconf 90' lang='lat' dir='ltr'><strong>hoc</strong></span> <span class='ocrx_word' id='word_1_358' title='bbox 2829 2502 2960 2542; x_wconf 88' lang='lat' dir='ltr'><strong>vero</strong></span> <span class='ocrx_word' id='word_1_359' title='bbox 2994 2503 3024 2541; x_wconf 89' lang='lat' dir='ltr'><strong>a</strong></span> <span class='ocrx_word' id='word_1_360' title='bbox 3068 2497 3226 2556; x_wconf 90' lang='lat' dir='ltr'><strong>patre</strong></span> <span class='ocrx_word' id='word_1_361' title='bbox 3252 2485 3470 2540; x_wconf 86' lang='lat' dir='ltr'><strong>habuit.</strong></span> <span class='ocrx_word' id='word_1_362' title='bbox 3516 2484 3585 2537; x_wconf 86' lang='lat' dir='ltr'><strong>At</strong></span> <span class='ocrx_word' id='word_1_363' title='bbox 3614 2484 4024 2552; x_wconf 86' lang='lat' dir='ltr'><strong>primogenitos</strong></span> 
     </span>
    </p>
   </div>
   <div class='ocr_carea' id='block_1_26' title="bbox 753 2570 4028 2647">
    <p class='ocr_par' dir='ltr' id='par_1_26' title="bbox 753 2570 4028 2647">
     <span class='ocr_line' id='line_1_26' title="bbox 753 2570 4028 2647; baseline -0 -22"><span class='ocrx_word' id='word_1_364' title='bbox 753 2574 856 2625; x_wconf 84' lang='lat' dir='ltr'><strong>sibi</strong></span> <span class='ocrx_word' id='word_1_365' title='bbox 895 2573 1296 2637; x_wconf 88' lang='lat' dir='ltr'><strong>vindicaverat,</strong></span> <span class='ocrx_word' id='word_1_366' title='bbox 1330 2572 1516 2641; x_wconf 88' lang='lat' dir='ltr'><strong>inquis</strong></span> <span class='ocrx_word' id='word_1_367' title='bbox 1551 2590 1564 2625; x_wconf 91' lang='lat'><strong>:</strong></span> <span class='ocrx_word' id='word_1_368' title='bbox 1594 2573 1726 2641; x_wconf 90' lang='lat' dir='ltr'><strong>quid</strong></span> <span class='ocrx_word' id='word_1_369' title='bbox 1761 2581 1878 2625; x_wconf 90' lang='lat' dir='ltr'><strong>tum</strong></span> <span class='ocrx_word' id='word_1_370' title='bbox 1900 2574 1921 2626; x_wconf 88' lang='lat'><strong>?</strong></span> <span class='ocrx_word' id='word_1_371' title='bbox 1946 2588 2126 2626; x_wconf 86' lang='lat' dir='ltr'><strong>nonne</strong></span> <span class='ocrx_word' id='word_1_372' title='bbox 2163 2574 2309 2626; x_wconf 89' lang='lat' dir='ltr'><strong>cnim</strong></span> <span class='ocrx_word' id='word_1_373' title='bbox 2336 2570 2505 2643; x_wconf 61' lang='lat'><strong>384</strong></span> <span class='ocrx_word' id='word_1_374' title='bbox 2534 2575 2804 2647; x_wconf 83' lang='lat' dir='ltr'><strong>quidquid</strong></span> <span class='ocrx_word' id='word_1_375' title='bbox 2834 2576 3047 2645; x_wconf 86' lang='lat' dir='ltr'><strong>uspiam</strong></span> <span class='ocrx_word' id='word_1_376' title='bbox 3076 2582 3186 2638; x_wconf 89' lang='lat' dir='ltr'><strong>est,</strong></span> <span class='ocrx_word' id='word_1_377' title='bbox 3219 2589 3320 2643; x_wconf 86' lang='lat' dir='ltr'><strong>pro</strong></span> <span class='ocrx_word' id='word_1_378' title='bbox 3354 2574 3500 2628; x_wconf 86' lang='lat' dir='ltr'><strong>virili</strong></span> <span class='ocrx_word' id='word_1_379' title='bbox 3546 2573 3650 2627; x_wconf 88' lang='lat' dir='ltr'><strong>sibi</strong></span> <span class='ocrx_word' id='word_1_380' title='bbox 3688 2581 3925 2640; x_wconf 89' lang='lat' dir='ltr'><strong>usurpat</strong></span> <span class='ocrx_word' id='word_1_381' title='bbox 3971 2579 4028 2626; x_wconf 84' lang='lat' dir='ltr'><strong>et</strong></span> 
     </span>
    </p>
   </div>
   <div class='ocr_carea' id='block_1_27' title="bbox 753 2659 4027 2730">
    <p class='ocr_par' dir='ltr' id='par_1_27' title="bbox 753 2659 4027 2730">
     <span class='ocr_line' id='line_1_27' title="bbox 753 2659 4027 2730; baseline 0 -20"><span class='ocrx_word' id='word_1_382' title='bbox 753 2659 1030 2714; x_wconf 75' lang='lat' dir='ltr'><strong>vindicat?</strong></span> <span class='ocrx_word' id='word_1_383' title='bbox 1059 2661 1170 2713; x_wconf 92' lang='lat' dir='ltr'><strong>imo</strong></span> <span class='ocrx_word' id='word_1_384' title='bbox 1217 2675 1348 2713; x_wconf 88' lang='lat' dir='ltr'><strong>vero</strong></span> <span class='ocrx_word' id='word_1_385' title='bbox 1399 2661 1558 2714; x_wconf 89' lang='lat' dir='ltr'><strong>bruta</strong></span> <span class='ocrx_word' id='word_1_386' title='bbox 1597 2661 1714 2729; x_wconf 91' lang='lat' dir='ltr'><strong>ipsa</strong></span> <span class='ocrx_word' id='word_1_387' title='bbox 1768 2661 2154 2716; x_wconf 84' lang='lat' dir='ltr'><strong>sanctificasse</strong></span> <span class='ocrx_word' id='word_1_388' title='bbox 2189 2659 2294 2714; x_wconf 84' lang='lat' dir='ltr'><strong>sibi</strong></span> <span class='ocrx_word' id='word_1_389' title='bbox 2323 2659 2484 2713; x_wconf 90' lang='lat' dir='ltr'><strong>dicit.</strong></span> <span class='ocrx_word' id='word_1_390' title='bbox 2521 2660 2687 2715; x_wconf 71' lang='lat' dir='ltr'><strong>«Mihi</strong></span> <span class='ocrx_word' id='word_1_391' title='bbox 2735 2664 2883 2717; x_wconf 89' lang='lat' dir='ltr'><strong>enim</strong></span> <span class='ocrx_word' id='word_1_392' title='bbox 2921 2661 3108 2724; x_wconf 87' lang='lat' dir='ltr'><strong>cedat,</strong></span> <span class='ocrx_word' id='word_1_393' title='bbox 3143 2662 3350 2730; x_wconf 87' lang='lat' dir='ltr'><strong>inquit,</strong></span> <span class='ocrx_word' id='word_1_394' title='bbox 3397 2676 3561 2714; x_wconf 88' lang='lat' dir='ltr'><strong>omne</strong></span> <span class='ocrx_word' id='word_1_395' title='bbox 3593 2659 4027 2730; x_wconf 83' lang='lat' dir='ltr'><strong>primogenitum</strong></span> 
     </span>
    </p>
   </div>
   <div class='ocr_carea' id='block_1_28' title="bbox 748 2747 3810 2816">
    <p class='ocr_par' dir='ltr' id='par_1_28' title="bbox 748 2747 3810 2816">
     <span class='ocr_line' id='line_1_28' title="bbox 748 2747 3810 2816; baseline -0.001 -14"><span class='ocrx_word' id='word_1_396' title='bbox 748 2749 801 2802; x_wconf 92' lang='lat' dir='ltr'><strong>in</strong></span> <span class='ocrx_word' id='word_1_397' title='bbox 832 2747 1020 2808; x_wconf 87' lang='lat' dir='ltr'><strong>Israel,</strong></span> <span class='ocrx_word' id='word_1_398' title='bbox 1043 2750 1158 2801; x_wconf 79' lang='lat' dir='ltr'><strong>sive</strong></span> <span class='ocrx_word' id='word_1_399' title='bbox 1197 2748 1434 2801; x_wconf 87' lang='lat' dir='ltr'><strong>hominis</strong></span> <span class='ocrx_word' id='word_1_400' title='bbox 1468 2747 1583 2802; x_wconf 87' lang='lat' dir='ltr'><strong>sive</strong></span> <span class='ocrx_word' id='word_1_401' title='bbox 1611 2748 1848 2816; x_wconf 82' lang='lat' dir='ltr'><strong>jnmenti</strong></span> <span class='ocrx_word' id='word_1_402' title='bbox 1874 2749 2124 2802; x_wconf 80' lang='lat' dir='ltr'><strong>exsistat.</strong></span> <span class='ocrx_word' id='word_1_403' title='bbox 2168 2767 2186 2798; x_wconf 79' lang='grc' dir='ltr'><strong>ι</strong></span> <span class='ocrx_word' id='word_1_404' title='bbox 2230 2749 2301 2802; x_wconf 89' lang='lat' dir='ltr'><strong>De</strong></span> <span class='ocrx_word' id='word_1_405' title='bbox 2340 2747 2725 2816; x_wconf 85' lang='lat' dir='ltr'><strong>primogenitis</strong></span> <span class='ocrx_word' id='word_1_406' title='bbox 2752 2765 2881 2803; x_wconf 91' lang='lat' dir='ltr'><strong>vero</strong></span> <span class='ocrx_word' id='word_1_407' title='bbox 2906 2750 2958 2802; x_wconf 90' lang='lat' dir='ltr'><strong>in</strong></span> <span class='ocrx_word' id='word_1_408' title='bbox 2984 2749 3173 2803; x_wconf 81' lang='lat' dir='ltr'><strong>Exodo</strong></span> <span class='ocrx_word' id='word_1_409' title='bbox 3194 2748 3406 2802; x_wconf 89' lang='lat' dir='ltr'><strong>dictum</strong></span> <span class='ocrx_word' id='word_1_410' title='bbox 3445 2757 3530 2802; x_wconf 87' lang='lat' dir='ltr'><strong>est</strong></span> <span class='ocrx_word' id='word_1_411' title='bbox 3564 2747 3810 2800; x_wconf 84' lang='lat' dir='ltr'><strong>uberius.</strong></span> 
     </span>
    </p>
   </div>
   <div class='ocr_carea' id='block_1_29' title="bbox 831 2829 4030 2910">
    <p class='ocr_par' dir='ltr' id='par_1_29' title="bbox 831 2829 4030 2910">
     <span class='ocr_line' id='line_1_29' title="bbox 831 2829 4030 2910; baseline -0.001 -22"><span class='ocrx_word' id='word_1_412' title='bbox 831 2835 1027 2904; x_wconf 78' lang='lat' dir='ltr'><strong>Viginti</strong></span> <span class='ocrx_word' id='word_1_413' title='bbox 1058 2837 1288 2905; x_wconf 82' lang='lat' dir='ltr'><strong>quinque</strong></span> <span class='ocrx_word' id='word_1_414' title='bbox 1320 2847 1369 2888; x_wconf 80' lang='lat' dir='ltr'><strong>et</strong></span> <span class='ocrx_word' id='word_1_415' title='bbox 1398 2852 1563 2904; x_wconf 87' lang='lat' dir='ltr'><strong>supra</strong></span> <span class='ocrx_word' id='word_1_416' title='bbox 1601 2852 1888 2899; x_wconf 84' lang='lat' dir='ltr'><strong>annorum,</strong></span> <span class='ocrx_word' id='word_1_417' title='bbox 1925 2853 2087 2905; x_wconf 76' lang='lat' dir='ltr'><strong>usque</strong></span> <span class='ocrx_word' id='word_1_418' title='bbox 2139 2836 2207 2888; x_wconf 87' lang='lat' dir='ltr'><strong>ad</strong></span> <span class='ocrx_word' id='word_1_419' title='bbox 2258 2837 2671 2910; x_wconf 80' lang='lat' dir='ltr'><strong>quinquaginta.</strong></span> <span class='ocrx_word' id='word_1_420' title='bbox 2709 2833 3020 2904; x_wconf 85' lang='lat' dir='ltr'><strong>Descriptio</strong></span> <span class='ocrx_word' id='word_1_421' title='bbox 3066 2836 3288 2904; x_wconf 87' lang='lat' dir='ltr'><strong>quidem</strong></span> <span class='ocrx_word' id='word_1_422' title='bbox 3321 2836 3539 2904; x_wconf 87' lang='lat' dir='ltr'><strong>reliqua</strong></span> <span class='ocrx_word' id='word_1_423' title='bbox 3573 2829 3781 2888; x_wconf 82' lang='lat' dir='ltr'><strong>mensis</strong></span> <span class='ocrx_word' id='word_1_424' title='bbox 3811 2842 4030 2887; x_wconf 66' lang='lat' dir='ltr'><strong>aztatem</strong></span> 
     </span>
    </p>
   </div>
   <div class='ocr_carea' id='block_1_30' title="bbox 750 2924 4024 2995">
    <p class='ocr_par' dir='ltr' id='par_1_30' title="bbox 750 2924 4024 2995">
     <span class='ocr_line' id='line_1_30' title="bbox 750 2924 4024 2995; baseline 0.002 -22"><span class='ocrx_word' id='word_1_425' title='bbox 750 2933 975 2991; x_wconf 83' lang='lat' dir='ltr'><strong>pmpter</strong></span> <span class='ocrx_word' id='word_1_426' title='bbox 1010 2925 1383 2977; x_wconf 89' lang='lat' dir='ltr'><strong>innocentiam</strong></span> <span class='ocrx_word' id='word_1_427' title='bbox 1413 2924 1536 2992; x_wconf 82' lang='lat' dir='ltr'><strong>ejus</strong></span> <span class='ocrx_word' id='word_1_428' title='bbox 1566 2940 1688 2994; x_wconf 82' lang='lat' dir='ltr'><strong>qua-</strong></span> <span class='ocrx_word' id='word_1_429' title='bbox 1722 2925 1903 2993; x_wconf 87' lang='lat' dir='ltr'><strong>magni</strong></span> <span class='ocrx_word' id='word_1_430' title='bbox 1935 2924 2079 2993; x_wconf 86' lang='lat' dir='ltr'><strong>apud</strong></span> <span class='ocrx_word' id='word_1_431' title='bbox 2113 2925 2278 2980; x_wconf 88' lang='lat' dir='ltr'><strong>Deum</strong></span> <span class='ocrx_word' id='word_1_432' title='bbox 2313 2929 2392 2993; x_wconf 85' lang='lat' dir='ltr'><strong>fit,</strong></span> <span class='ocrx_word' id='word_1_433' title='bbox 2425 2928 2750 2995; x_wconf 81' lang='lat' dir='ltr'><strong>attingebat.</strong></span> <span class='ocrx_word' id='word_1_434' title='bbox 2784 2925 3056 2981; x_wconf 67' lang='lat' dir='ltr'><strong>Caeterum</strong></span> <span class='ocrx_word' id='word_1_435' title='bbox 3099 2941 3260 2981; x_wconf 83' lang='lat' dir='ltr'><strong>sacra</strong></span> <span class='ocrx_word' id='word_1_436' title='bbox 3305 2927 3602 2980; x_wconf 89' lang='lat' dir='ltr'><strong>ministerii</strong></span> <span class='ocrx_word' id='word_1_437' title='bbox 3634 2924 3848 2979; x_wconf 84' lang='lat' dir='ltr'><strong>fuitetio</strong></span> <span class='ocrx_word' id='word_1_438' title='bbox 3891 2933 4024 2978; x_wconf 61' lang='lat' dir='ltr'><strong>tntae</strong></span> 
     </span>
    </p>
   </div>
   <div class='ocr_carea' id='block_1_31' title="bbox 754 3009 4032 3084">
    <p class='ocr_par' dir='ltr' id='par_1_31' title="bbox 754 3009 4032 3084">
     <span class='ocr_line' id='line_1_31' title="bbox 754 3009 4032 3084; baseline -0.001 -20"><span class='ocrx_word' id='word_1_439' title='bbox 754 3023 863 3064; x_wconf 83' lang='lat' dir='ltr'><strong>tein</strong></span> <span class='ocrx_word' id='word_1_440' title='bbox 903 3011 1163 3074; x_wconf 67' lang='lat' dir='ltr'><strong>validam,</strong></span> <span class='ocrx_word' id='word_1_441' title='bbox 1194 3023 1247 3066; x_wconf 88' lang='lat' dir='ltr'><strong>et</strong></span> <span class='ocrx_word' id='word_1_442' title='bbox 1273 3021 1579 3069; x_wconf 85' lang='lat' dir='ltr'><strong>maturam.</strong></span> <span class='ocrx_word' id='word_1_443' title='bbox 1604 3013 1787 3078; x_wconf 89' lang='lat' dir='ltr'><strong>qualis</strong></span> <span class='ocrx_word' id='word_1_444' title='bbox 1810 3020 1898 3065; x_wconf 90' lang='lat' dir='ltr'><strong>est</strong></span> <span class='ocrx_word' id='word_1_445' title='bbox 1929 3011 2090 3064; x_wconf 88' lang='lat' dir='ltr'><strong>initio</strong></span> <span class='ocrx_word' id='word_1_446' title='bbox 2121 3015 2327 3082; x_wconf 87' lang='lat' dir='ltr'><strong>posita,</strong></span> <span class='ocrx_word' id='word_1_447' title='bbox 2364 3029 2487 3084; x_wconf 74' lang='lat' dir='ltr'><strong>quae</strong></span> <span class='ocrx_word' id='word_1_448' title='bbox 2528 3011 2956 3064; x_wconf 82' lang='lat' dir='ltr'><strong>adolescentiam</strong></span> <span class='ocrx_word' id='word_1_449' title='bbox 2984 3016 3293 3078; x_wconf 86' lang='lat' dir='ltr'><strong>superaret,</strong></span> <span class='ocrx_word' id='word_1_450' title='bbox 3329 3024 3471 3078; x_wconf 88' lang='lat' dir='ltr'><strong>aque</strong></span> <span class='ocrx_word' id='word_1_451' title='bbox 3506 3009 3670 3064; x_wconf 88' lang='lat' dir='ltr'><strong>senili</strong></span> <span class='ocrx_word' id='word_1_452' title='bbox 3706 3009 4032 3062; x_wconf 83' lang='lat' dir='ltr'><strong>infirmitate</strong></span> 
     </span>
    </p>
   </div>
   <div class='ocr_carea' id='block_1_32' title="bbox 752 3095 4027 3165">
    <p class='ocr_par' dir='ltr' id='par_1_32' title="bbox 752 3095 4027 3165">
     <span class='ocr_line' id='line_1_32' title="bbox 752 3095 4027 3165; baseline 0.001 -18"><span class='ocrx_word' id='word_1_453' title='bbox 752 3098 939 3163; x_wconf 85' lang='lat' dir='ltr'><strong>procul</strong></span> <span class='ocrx_word' id='word_1_454' title='bbox 981 3096 1221 3156; x_wconf 85' lang='lat' dir='ltr'><strong>abesset.</strong></span> <span class='ocrx_word' id='word_1_455' title='bbox 1257 3095 1565 3165; x_wconf 82' lang='lat' dir='ltr'><strong>ﬂagitabat,</strong></span> <span class='ocrx_word' id='word_1_456' title='bbox 1607 3095 1787 3161; x_wconf 86' lang='lat' dir='ltr'><strong>Quare</strong></span> <span class='ocrx_word' id='word_1_457' title='bbox 1817 3110 1944 3149; x_wconf 89' lang='lat' dir='ltr'><strong>cum</strong></span> <span class='ocrx_word' id='word_1_458' title='bbox 1980 3096 2195 3150; x_wconf 81' lang='lat' dir='ltr'><strong>Cahath</strong></span> <span class='ocrx_word' id='word_1_459' title='bbox 2240 3103 2476 3156; x_wconf 89' lang='lat' dir='ltr'><strong>mediam</strong></span> <span class='ocrx_word' id='word_1_460' title='bbox 2519 3109 2734 3152; x_wconf 64' lang='lat' dir='ltr'><strong>mtatem</strong></span> <span class='ocrx_word' id='word_1_461' title='bbox 2779 3098 2926 3152; x_wconf 87' lang='lat' dir='ltr'><strong>inter</strong></span> <span class='ocrx_word' id='word_1_462' title='bbox 2950 3095 3162 3153; x_wconf 83' lang='lat' dir='ltr'><strong>Gersorl</strong></span> <span class='ocrx_word' id='word_1_463' title='bbox 3190 3105 3246 3151; x_wconf 89' lang='lat' dir='ltr'><strong>et</strong></span> <span class='ocrx_word' id='word_1_464' title='bbox 3277 3095 3477 3151; x_wconf 83' lang='lat' dir='ltr'><strong>Merari</strong></span> <span class='ocrx_word' id='word_1_465' title='bbox 3515 3105 3750 3161; x_wconf 89' lang='lat' dir='ltr'><strong>teneret,</strong></span> <span class='ocrx_word' id='word_1_466' title='bbox 3782 3097 4027 3165; x_wconf 81' lang='lat' dir='ltr'><strong>gloriam</strong></span> 
     </span>
    </p>
   </div>
   <div class='ocr_carea' id='block_1_33' title="bbox 751 3184 4007 3254">
    <p class='ocr_par' dir='ltr' id='par_1_33' title="bbox 751 3184 4007 3254">
     <span class='ocr_line' id='line_1_33' title="bbox 751 3184 4007 3254; baseline 0 -18"><span class='ocrx_word' id='word_1_467' title='bbox 751 3185 898 3237; x_wconf 80' lang='lat' dir='ltr'><strong>illaut</strong></span> <span class='ocrx_word' id='word_1_468' title='bbox 935 3199 1044 3252; x_wconf 81' lang='lat' dir='ltr'><strong>pra:</strong></span> <span class='ocrx_word' id='word_1_469' title='bbox 1071 3186 1137 3238; x_wconf 92' lang='lat' dir='ltr'><strong>iis</strong></span> <span class='ocrx_word' id='word_1_470' title='bbox 1167 3193 1251 3237; x_wconf 89' lang='lat' dir='ltr'><strong>est</strong></span> <span class='ocrx_word' id='word_1_471' title='bbox 1282 3195 1644 3250; x_wconf 77' lang='lat' dir='ltr'><strong>consecutus,</strong></span> <span class='ocrx_word' id='word_1_472' title='bbox 1678 3195 1737 3237; x_wconf 93' lang='lat' dir='ltr'><strong>ut</strong></span> <span class='ocrx_word' id='word_1_473' title='bbox 1768 3199 1835 3238; x_wconf 83' lang='lat' dir='ltr'><strong>ex</strong></span> <span class='ocrx_word' id='word_1_474' title='bbox 1855 3199 1956 3238; x_wconf 88' lang='lat' dir='ltr'><strong>sua</strong></span> <span class='ocrx_word' id='word_1_475' title='bbox 1998 3185 2172 3254; x_wconf 87' lang='lat' dir='ltr'><strong>stirpe</strong></span> <span class='ocrx_word' id='word_1_476' title='bbox 2204 3190 2546 3248; x_wconf 85' lang='lat' dir='ltr'><strong>sacerdotes,</strong></span> <span class='ocrx_word' id='word_1_477' title='bbox 2586 3199 2822 3254; x_wconf 87' lang='lat' dir='ltr'><strong>quorum</strong></span> <span class='ocrx_word' id='word_1_478' title='bbox 2856 3185 3056 3254; x_wconf 79' lang='lat' dir='ltr'><strong>singuli</strong></span> <span class='ocrx_word' id='word_1_479' title='bbox 3089 3184 3390 3254; x_wconf 89' lang='lat' dir='ltr'><strong>principem</strong></span> <span class='ocrx_word' id='word_1_480' title='bbox 3423 3185 3664 3238; x_wconf 90' lang='lat' dir='ltr'><strong>habeant</strong></span> <span class='ocrx_word' id='word_1_481' title='bbox 3694 3185 4007 3254; x_wconf 88' lang='lat' dir='ltr'><strong>proprium,</strong></span> 
     </span>
    </p>
   </div>
   <div class='ocr_carea' id='block_1_34' title="bbox 747 3271 4032 3346">
    <p class='ocr_par' dir='ltr' id='par_1_34' title="bbox 747 3271 4032 3346">
     <span class='ocr_line' id='line_1_34' title="bbox 747 3271 4032 3346; baseline 0 -22"><span class='ocrx_word' id='word_1_482' title='bbox 747 3274 985 3325; x_wconf 86' lang='lat' dir='ltr'><strong>emittat.</strong></span> <span class='ocrx_word' id='word_1_483' title='bbox 1040 3272 1346 3342; x_wconf 86' lang='lat' dir='ltr'><strong>Supretmts</strong></span> <span class='ocrx_word' id='word_1_484' title='bbox 1412 3287 1544 3327; x_wconf 77' lang='lat' dir='ltr'><strong>vero</strong></span> <span class='ocrx_word' id='word_1_485' title='bbox 1594 3273 1854 3341; x_wconf 82' lang='lat' dir='ltr'><strong>princeps</strong></span> <span class='ocrx_word' id='word_1_486' title='bbox 1906 3273 2051 3328; x_wconf 89' lang='lat' dir='ltr'><strong>inter</strong></span> <span class='ocrx_word' id='word_1_487' title='bbox 2095 3275 2378 3346; x_wconf 77' lang='lat' dir='ltr'><strong>print-ipes</strong></span> <span class='ocrx_word' id='word_1_488' title='bbox 2407 3274 2708 3339; x_wconf 84' lang='lat' dir='ltr'><strong>Leviticos,</strong></span> <span class='ocrx_word' id='word_1_489' title='bbox 2741 3271 2972 3328; x_wconf 85' lang='lat' dir='ltr'><strong>Eleazar</strong></span> <span class='ocrx_word' id='word_1_490' title='bbox 2999 3272 3413 3327; x_wconf 81' lang='lat' dir='ltr'><strong>Aaronistilius</strong></span> <span class='ocrx_word' id='word_1_491' title='bbox 3464 3283 3576 3327; x_wconf 89' lang='lat' dir='ltr'><strong>est.</strong></span> <span class='ocrx_word' id='word_1_492' title='bbox 3615 3272 3867 3327; x_wconf 80' lang='lat' dir='ltr'><strong>Adhunc</strong></span> <span class='ocrx_word' id='word_1_493' title='bbox 3893 3286 4032 3326; x_wconf 88' lang='lat' dir='ltr'><strong>sane</strong></span> 
     </span>
    </p>
   </div>
   <div class='ocr_carea' id='block_1_35' title="bbox 749 3359 4023 3431">
    <p class='ocr_par' dir='ltr' id='par_1_35' title="bbox 749 3359 4023 3431">
     <span class='ocr_line' id='line_1_35' title="bbox 749 3359 4023 3431; baseline 0.001 -17"><span class='ocrx_word' id='word_1_494' title='bbox 749 3365 970 3415; x_wconf 87' lang='lat' dir='ltr'><strong>modum</strong></span> <span class='ocrx_word' id='word_1_495' title='bbox 1026 3362 1202 3416; x_wconf 81' lang='lat' dir='ltr'><strong>t-uivis</strong></span> <span class='ocrx_word' id='word_1_496' title='bbox 1249 3359 1575 3416; x_wconf 85' lang='lat' dir='ltr'><strong>Christiano</strong></span> <span class='ocrx_word' id='word_1_497' title='bbox 1602 3361 1834 3429; x_wconf 84' lang='lat' dir='ltr'><strong>angelus</strong></span> <span class='ocrx_word' id='word_1_498' title='bbox 1859 3359 1931 3414; x_wconf 91' lang='lat' dir='ltr'><strong>sit</strong></span> <span class='ocrx_word' id='word_1_499' title='bbox 1964 3365 2219 3431; x_wconf 86' lang='lat' dir='ltr'><strong>proprius</strong></span> <span class='ocrx_word' id='word_1_500' title='bbox 2248 3363 2401 3420; x_wconf 89' lang='lat' dir='ltr'><strong>licet.</strong></span> <span class='ocrx_word' id='word_1_501' title='bbox 2433 3363 2696 3419; x_wconf 88' lang='lat' dir='ltr'><strong>Omnium</strong></span> <span class='ocrx_word' id='word_1_502' title='bbox 2740 3371 2924 3416; x_wconf 89' lang='lat' dir='ltr'><strong>tamen</strong></span> <span class='ocrx_word' id='word_1_503' title='bbox 2953 3377 3099 3416; x_wconf 90' lang='lat' dir='ltr'><strong>unus</strong></span> <span class='ocrx_word' id='word_1_504' title='bbox 3130 3361 3402 3416; x_wconf 91' lang='lat' dir='ltr'><strong>Dominus</strong></span> <span class='ocrx_word' id='word_1_505' title='bbox 3428 3371 3481 3416; x_wconf 90' lang='lat' dir='ltr'><strong>ct</strong></span> <span class='ocrx_word' id='word_1_506' title='bbox 3503 3377 3595 3417; x_wconf 89' lang='lat' dir='ltr'><strong>rex</strong></span> <span class='ocrx_word' id='word_1_507' title='bbox 3626 3370 3710 3416; x_wconf 90' lang='lat' dir='ltr'><strong>est</strong></span> <span class='ocrx_word' id='word_1_508' title='bbox 3734 3361 4023 3426; x_wconf 78' lang='lat' dir='ltr'><strong>Christus,</strong></span> 
     </span>
    </p>
   </div>
   <div class='ocr_carea' id='block_1_36' title="bbox 750 3448 3422 3520">
    <p class='ocr_par' dir='ltr' id='par_1_36' title="bbox 750 3448 3422 3520">
     <span class='ocr_line' id='line_1_36' title="bbox 750 3448 3422 3520; baseline 0.001 -19"><span class='ocrx_word' id='word_1_509' title='bbox 750 3448 1012 3505; x_wconf 67' lang='lat' dir='ltr'><strong>liuininus</strong></span> <span class='ocrx_word' id='word_1_510' title='bbox 1037 3452 1181 3504; x_wconf 89' lang='lat' dir='ltr'><strong>enim</strong></span> <span class='ocrx_word' id='word_1_511' title='bbox 1218 3451 1308 3505; x_wconf 91' lang='lat' dir='ltr'><strong>ille</strong></span> <span class='ocrx_word' id='word_1_512' title='bbox 1329 3451 1738 3504; x_wconf 88' lang='lat' dir='ltr'><strong>dominantium</strong></span> <span class='ocrx_word' id='word_1_513' title='bbox 1768 3458 1822 3503; x_wconf 89' lang='lat' dir='ltr'><strong>et</strong></span> <span class='ocrx_word' id='word_1_514' title='bbox 1848 3465 1940 3502; x_wconf 91' lang='lat' dir='ltr'><strong>rex</strong></span> <span class='ocrx_word' id='word_1_515' title='bbox 1973 3453 2344 3520; x_wconf 83' lang='lat' dir='ltr'><strong>regnantium.</strong></span> <span class='ocrx_word' id='word_1_516' title='bbox 2381 3451 2552 3507; x_wconf 87' lang='lat' dir='ltr'><strong>Latus</strong></span> <span class='ocrx_word' id='word_1_517' title='bbox 2583 3466 2715 3504; x_wconf 87' lang='lat' dir='ltr'><strong>vero</strong></span> <span class='ocrx_word' id='word_1_518' title='bbox 2739 3450 3086 3504; x_wconf 83' lang='lat' dir='ltr'><strong>tabernaculi</strong></span> <span class='ocrx_word' id='word_1_519' title='bbox 3122 3450 3422 3518; x_wconf 92' lang='lat' dir='ltr'><strong>posterius.</strong></span> 
     </span>
    </p>
   </div>
   <div class='ocr_carea' id='block_1_37' title="bbox 816 3583 2501 3658">
    <p class='ocr_par' dir='ltr' id='par_1_37' title="bbox 816 3583 2403 3650">
     <span class='ocr_line' id='line_1_37' title="bbox 816 3583 2403 3650; baseline 0.003 -14"><span class='ocrx_word' id='word_1_520' title='bbox 816 3585 1088 3642; x_wconf 79' lang='lat' dir='ltr'><strong>Occasum</strong></span> <span class='ocrx_word' id='word_1_521' title='bbox 1134 3600 1328 3639; x_wconf 88' lang='lat' dir='ltr'><strong>versus</strong></span> <span class='ocrx_word' id='word_1_522' title='bbox 1360 3585 1662 3640; x_wconf 84' lang='lat' dir='ltr'><strong>tuebantur</strong></span> <span class='ocrx_word' id='word_1_523' title='bbox 1695 3583 2036 3650; x_wconf 64' lang='lat' dir='ltr'><strong>Gersonita,</strong></span> <span class='ocrx_word' id='word_1_524' title='bbox 2067 3586 2326 3641; x_wconf 83' lang='lat' dir='ltr'><strong>meridio-</strong></span> <span class='ocrx_word' id='word_1_525' title='bbox 2359 3593 2403 3649; x_wconf 75' lang='grc' dir='ltr'><strong>Α</strong></span> 
     </span>
    </p>
   </div>
   <div class='ocr_carea' id='block_1_38' title="bbox 2346 3583 4031 3658">
    <p class='ocr_par' dir='ltr' id='par_1_38' title="bbox 2359 3586 4031 3658">
     <span class='ocr_line' id='line_1_38' title="bbox 2359 3586 4031 3658; baseline 0.002 -19"><span class='ocrx_word' id='word_1_526' title='bbox 2359 3593 2403 3649; x_wconf 75' lang='grc' dir='ltr'><strong>Α</strong></span> <span class='ocrx_word' id='word_1_527' title='bbox 2502 3587 2683 3650; x_wconf 76' lang='grc' dir='ltr'>Τόπος</span> <span class='ocrx_word' id='word_1_528' title='bbox 2742 3590 2853 3650; x_wconf 83' lang='grc' dir='ltr'><strong>τοῖς</strong></span> <span class='ocrx_word' id='word_1_529' title='bbox 2905 3586 3274 3655; x_wconf 71' lang='grc' dir='ltr'><strong>Γηδσωνὶταις</strong></span> <span class='ocrx_word' id='word_1_530' title='bbox 3311 3589 3340 3640; x_wconf 80' lang='grc' dir='ltr'>ὁ</span> <span class='ocrx_word' id='word_1_531' title='bbox 3385 3587 3765 3658; x_wconf 78' lang='grc' dir='ltr'><strong>ὀπισθόδομος.</strong></span> <span class='ocrx_word' id='word_1_532' title='bbox 3810 3588 4031 3650; x_wconf 72' lang='grc' dir='ltr'><strong>δυτικῦς</strong></span> 
     </span>
    </p>
   </div>
   <div class='ocr_carea' id='block_1_39' title="bbox 750 3676 2435 3753">
    <p class='ocr_par' dir='ltr' id='par_1_39' title="bbox 750 3676 2435 3747">
     <span class='ocr_line' id='line_1_39' title="bbox 750 3676 2435 3747; baseline -0.002 -14"><span class='ocrx_word' id='word_1_533' title='bbox 750 3677 1276 3742; x_wconf 69' lang='lat' dir='ltr'><strong>naleetCahathitze,</strong></span> <span class='ocrx_word' id='word_1_534' title='bbox 1300 3676 1737 3747; x_wconf 82' lang='lat' dir='ltr'><strong>septentrionale</strong></span> <span class='ocrx_word' id='word_1_535' title='bbox 1754 3676 2327 3742; x_wconf 63' lang='lat' dir='ltr'><strong>Meraritaamrientale</strong></span> <span class='ocrx_word' id='word_1_536' title='bbox 2431 3702 2435 3729; x_wconf 88' lang='grc' dir='ltr'><strong>ι</strong></span> 
     </span>
    </p>
   </div>
   <div class='ocr_carea' id='block_1_40' title="bbox 2347 3676 4032 3753">
    <p class='ocr_par' dir='ltr' id='par_1_40' title="bbox 2431 3680 4032 3753">
     <span class='ocr_line' id='line_1_40' title="bbox 2431 3680 4032 3753; baseline 0 -19"><span class='ocrx_word' id='word_1_537' title='bbox 2431 3680 2528 3734; x_wconf 77' lang='grc' dir='ltr'><strong>ὤν’</strong></span> <span class='ocrx_word' id='word_1_538' title='bbox 2560 3683 2673 3744; x_wconf 78' lang='grc' dir='ltr'>τοῖς</span> <span class='ocrx_word' id='word_1_539' title='bbox 2697 3681 2754 3734; x_wconf 83' lang='grc' dir='ltr'><strong>δὲ</strong></span> <span class='ocrx_word' id='word_1_540' title='bbox 2780 3680 3105 3746; x_wconf 76' lang='grc' dir='ltr'><strong>Κααθίταις,</strong></span> <span class='ocrx_word' id='word_1_541' title='bbox 3131 3682 3192 3735; x_wconf 79' lang='grc' dir='ltr'><strong>τὸ</strong></span> <span class='ocrx_word' id='word_1_542' title='bbox 3225 3680 3400 3734; x_wconf 79' lang='grc' dir='ltr'>νότιον</span> <span class='ocrx_word' id='word_1_543' title='bbox 3431 3683 3530 3753; x_wconf 78' lang='grc' dir='ltr'><strong>τῆς</strong></span> <span class='ocrx_word' id='word_1_544' title='bbox 3559 3682 3768 3753; x_wconf 76' lang='grc' dir='ltr'><strong>σκηνῆς</strong></span> <span class='ocrx_word' id='word_1_545' title='bbox 3799 3701 3811 3713; x_wconf 88' lang='grc'><strong>·</strong></span> <span class='ocrx_word' id='word_1_546' title='bbox 3839 3685 3954 3746; x_wconf 82' lang='grc' dir='ltr'>τοῖς</span> <span class='ocrx_word' id='word_1_547' title='bbox 3971 3683 4032 3735; x_wconf 79' lang='grc' dir='ltr'>δὲ</span> 
     </span>
    </p>
   </div>
   <div class='ocr_carea' id='block_1_41' title="bbox 746 3771 2431 3843">
    <p class='ocr_par' dir='ltr' id='par_1_41' title="bbox 746 3771 2431 3841">
     <span class='ocr_line' id='line_1_41' title="bbox 746 3771 2431 3841; baseline -0.001 -16"><span class='ocrx_word' id='word_1_548' title='bbox 746 3771 1088 3836; x_wconf 87' lang='lat' dir='ltr'><strong>sacerdotes,</strong></span> <span class='ocrx_word' id='word_1_549' title='bbox 1138 3785 1201 3824; x_wconf 86' lang='lat' dir='ltr'><strong>ea</strong></span> <span class='ocrx_word' id='word_1_550' title='bbox 1245 3771 1459 3825; x_wconf 88' lang='lat' dir='ltr'><strong>ratione</strong></span> <span class='ocrx_word' id='word_1_551' title='bbox 1507 3772 1807 3834; x_wconf 90' lang='lat' dir='ltr'><strong>nimirum,</strong></span> <span class='ocrx_word' id='word_1_552' title='bbox 1853 3786 1966 3841; x_wconf 90' lang='lat' dir='ltr'><strong>quo</strong></span> <span class='ocrx_word' id='word_1_553' title='bbox 2012 3774 2330 3829; x_wconf 84' lang='lat' dir='ltr'><strong>sacerdotes</strong></span> <span class='ocrx_word' id='word_1_554' title='bbox 2430 3819 2431 3824; x_wconf 46' lang='grc' dir='ltr'><strong>η</strong></span> 
     </span>
    </p>
   </div>
   <div class='ocr_carea' id='block_1_42' title="bbox 2351 3771 4036 3843">
    <p class='ocr_par' dir='ltr' id='par_1_42' title="bbox 2430 3771 4036 3843">
     <span class='ocr_line' id='line_1_42' title="bbox 2430 3771 4036 3843; baseline -0.001 -17"><span class='ocrx_word' id='word_1_555' title='bbox 2430 3773 2793 3843; x_wconf 79' lang='grc' dir='ltr'><strong>Μεραρίταις.</strong></span> <span class='ocrx_word' id='word_1_556' title='bbox 2828 3772 2891 3825; x_wconf 79' lang='grc' dir='ltr'><strong>τὸ</strong></span> <span class='ocrx_word' id='word_1_557' title='bbox 2928 3771 3162 3843; x_wconf 80' lang='grc' dir='ltr'><strong>βόρειον·</strong></span> <span class='ocrx_word' id='word_1_558' title='bbox 3191 3775 3306 3835; x_wconf 85' lang='grc' dir='ltr'><strong>τοῖς</strong></span> <span class='ocrx_word' id='word_1_559' title='bbox 3358 3772 3415 3825; x_wconf 86' lang='grc' dir='ltr'><strong>δὲ</strong></span> <span class='ocrx_word' id='word_1_560' title='bbox 3451 3772 3698 3842; x_wconf 72' lang='grc' dir='ltr'><strong>ἱερεῦσι,</strong></span> <span class='ocrx_word' id='word_1_561' title='bbox 3734 3775 3794 3826; x_wconf 75' lang='grc' dir='ltr'><strong>τὸ</strong></span> <span class='ocrx_word' id='word_1_562' title='bbox 3837 3775 4036 3826; x_wconf 68' lang='grc' dir='ltr'>ἀνατοι</span> 
     </span>
    </p>
   </div>
   <div class='ocr_carea' id='block_1_43' title="bbox 751 3861 2436 3932">
    <p class='ocr_par' dir='ltr' id='par_1_43' title="bbox 751 3862 2436 3932">
     <span class='ocr_line' id='line_1_43' title="bbox 751 3862 2436 3932; baseline 0 -18"><span class='ocrx_word' id='word_1_563' title='bbox 751 3862 1025 3927; x_wconf 86' lang='lat' dir='ltr'><strong>movendi,</strong></span> <span class='ocrx_word' id='word_1_564' title='bbox 1058 3864 1269 3932; x_wconf 87' lang='lat' dir='ltr'><strong>iterque</strong></span> <span class='ocrx_word' id='word_1_565' title='bbox 1295 3863 1576 3926; x_wconf 79' lang='lat' dir='ltr'><strong>faciendi,</strong></span> <span class='ocrx_word' id='word_1_566' title='bbox 1647 3863 1700 3916; x_wconf 91' lang='lat' dir='ltr'><strong>in</strong></span> <span class='ocrx_word' id='word_1_567' title='bbox 1747 3863 1968 3917; x_wconf 89' lang='lat' dir='ltr'><strong>oriente</strong></span> <span class='ocrx_word' id='word_1_568' title='bbox 2024 3880 2150 3919; x_wconf 91' lang='lat' dir='ltr'><strong>cutn</strong></span> <span class='ocrx_word' id='word_1_569' title='bbox 2179 3866 2325 3920; x_wconf 87' lang='lat' dir='ltr'><strong>tribu</strong></span> <span class='ocrx_word' id='word_1_570' title='bbox 2431 3863 2436 3914; x_wconf 74' lang='grc' dir='ltr'>ξ</span> 
     </span>
    </p>
   </div>
   <div class='ocr_carea' id='block_1_44' title="bbox 2352 3861 4037 3932">
    <p class='ocr_par' dir='ltr' id='par_1_44' title="bbox 2431 3861 4037 3932">
     <span class='ocr_line' id='line_1_44' title="bbox 2431 3861 4037 3932; baseline 0.002 -18"><span class='ocrx_word' id='word_1_571' title='bbox 2431 3861 2604 3917; x_wconf 75' lang='grc' dir='ltr'><strong>λικόν.</strong></span> <span class='ocrx_word' id='word_1_572' title='bbox 2634 3862 2756 3916; x_wconf 76' lang='grc' dir='ltr'><strong>Ἵνα</strong></span> <span class='ocrx_word' id='word_1_573' title='bbox 2783 3864 2841 3915; x_wconf 70' lang='grc' dir='ltr'>ἐν</span> <span class='ocrx_word' id='word_1_574' title='bbox 2865 3865 2983 3926; x_wconf 79' lang='grc' dir='ltr'><strong>ταῖς</strong></span> <span class='ocrx_word' id='word_1_575' title='bbox 3009 3863 3262 3932; x_wconf 83' lang='grc' dir='ltr'><strong>κινήσεσι.</strong></span> <span class='ocrx_word' id='word_1_576' title='bbox 3295 3863 3390 3914; x_wconf 73' lang='grc' dir='ltr'><strong>καὶ</strong></span> <span class='ocrx_word' id='word_1_577' title='bbox 3420 3861 3752 3932; x_wconf 75' lang='grc' dir='ltr'><strong>ὁδοιπορίαις</strong></span> <span class='ocrx_word' id='word_1_578' title='bbox 3781 3863 4037 3932; x_wconf 79' lang='grc' dir='ltr'><strong>κατάρχῃ</strong></span> 
     </span>
    </p>
   </div>
   <div class='ocr_carea' id='block_1_45' title="bbox 748 3951 2433 4025">
    <p class='ocr_par' dir='ltr' id='par_1_45' title="bbox 748 3951 2330 4022">
     <span class='ocr_line' id='line_1_45' title="bbox 748 3951 2330 4022; baseline 0.003 -16"><span class='ocrx_word' id='word_1_579' title='bbox 748 3952 910 4018; x_wconf 85' lang='lat' dir='ltr'><strong>Juda,</strong></span> <span class='ocrx_word' id='word_1_580' title='bbox 931 3952 1126 4006; x_wconf 80' lang='lat' dir='ltr'><strong>darent</strong></span> <span class='ocrx_word' id='word_1_581' title='bbox 1161 3953 1430 4021; x_wconf 87' lang='lat' dir='ltr'><strong>auspicia.</strong></span> <span class='ocrx_word' id='word_1_582' title='bbox 1458 3951 1515 4005; x_wconf 88' lang='lat' dir='ltr'><strong>ln</strong></span> <span class='ocrx_word' id='word_1_583' title='bbox 1540 3952 1736 4006; x_wconf 89' lang='lat' dir='ltr'><strong>horum</strong></span> <span class='ocrx_word' id='word_1_584' title='bbox 1769 3953 2118 4022; x_wconf 90' lang='lat' dir='ltr'><strong>aliorumque</strong></span> <span class='ocrx_word' id='word_1_585' title='bbox 2149 3955 2330 4010; x_wconf 88' lang='lat' dir='ltr'><strong>medio</strong></span> 
     </span>
    </p>
   </div>
   <div class='ocr_carea' id='block_1_46' title="bbox 2348 3951 4033 4025">
    <p class='ocr_par' dir='ltr' id='par_1_46' title="bbox 2437 3953 4033 4025">
     <span class='ocr_line' id='line_1_46' title="bbox 2437 3953 4033 4025; baseline -0.003 -17"><span class='ocrx_word' id='word_1_586' title='bbox 2437 3957 2535 4025; x_wconf 81' lang='grc' dir='ltr'><strong>μὲν</strong></span> <span class='ocrx_word' id='word_1_587' title='bbox 2570 3957 2629 4008; x_wconf 71' lang='grc' dir='ltr'><strong>τὸ</strong></span> <span class='ocrx_word' id='word_1_588' title='bbox 2667 3954 2992 4008; x_wconf 81' lang='grc' dir='ltr'><strong>ἀνατολικὸν</strong></span> <span class='ocrx_word' id='word_1_589' title='bbox 3027 3953 3165 4020; x_wconf 76' lang='grc' dir='ltr'><strong>πρὸς</strong></span> <span class='ocrx_word' id='word_1_590' title='bbox 3207 3953 3287 4024; x_wconf 82' lang='grc' dir='ltr'><strong>τῷ</strong></span> <span class='ocrx_word' id='word_1_591' title='bbox 3353 3953 3524 4006; x_wconf 78' lang='grc' dir='ltr'><strong>Ἰούδα</strong></span> <span class='ocrx_word' id='word_1_592' title='bbox 3561 3954 3830 4023; x_wconf 78' lang='grc' dir='ltr'><strong>τάγματι,</strong></span> <span class='ocrx_word' id='word_1_593' title='bbox 3867 3956 3916 4005; x_wconf 91' lang='grc' dir='ltr'><strong>οἰ</strong></span> <span class='ocrx_word' id='word_1_594' title='bbox 3958 3955 4033 4004; x_wconf 80' lang='lat' dir='ltr'><strong>ls-</strong></span> 
     </span>
    </p>
   </div>
   <div class='ocr_carea' id='block_1_47' title="bbox 750 4040 2435 4116">
    <p class='ocr_par' dir='ltr' id='par_1_47' title="bbox 750 4044 2329 4116">
     <span class='ocr_line' id='line_1_47' title="bbox 750 4044 2329 4116; baseline 0.003 -19"><span class='ocrx_word' id='word_1_595' title='bbox 750 4060 909 4098; x_wconf 71' lang='lat' dir='ltr'><strong>saera</strong></span> <span class='ocrx_word' id='word_1_596' title='bbox 964 4059 1094 4098; x_wconf 83' lang='lat' dir='ltr'><strong>vasa</strong></span> <span class='ocrx_word' id='word_1_597' title='bbox 1149 4059 1178 4096; x_wconf 90' lang='lat' dir='ltr'><strong>a</strong></span> <span class='ocrx_word' id='word_1_598' title='bbox 1235 4044 1627 4098; x_wconf 88' lang='lat' dir='ltr'><strong>sacerdotibus</strong></span> <span class='ocrx_word' id='word_1_599' title='bbox 1681 4045 1956 4109; x_wconf 87' lang='lat' dir='ltr'><strong>obvelata,</strong></span> <span class='ocrx_word' id='word_1_600' title='bbox 2008 4055 2067 4099; x_wconf 92' lang='lat' dir='ltr'><strong>ut</strong></span> <span class='ocrx_word' id='word_1_601' title='bbox 2102 4062 2202 4102; x_wconf 89' lang='lat' dir='ltr'><strong>nec</strong></span> <span class='ocrx_word' id='word_1_602' title='bbox 2227 4047 2329 4116; x_wconf 84' lang='lat' dir='ltr'><strong>ipsi</strong></span> 
     </span>
    </p>
   </div>
   <div class='ocr_carea' id='block_1_48' title="bbox 2352 4040 4037 4116">
    <p class='ocr_par' dir='ltr' id='par_1_48' title="bbox 2441 4040 4037 4116">
     <span class='ocr_line' id='line_1_48' title="bbox 2441 4040 4037 4116; baseline -0.002 -18"><span class='ocrx_word' id='word_1_603' title='bbox 2441 4048 2577 4116; x_wconf 75' lang='grc' dir='ltr'><strong>ρεϊς.</strong></span> <span class='ocrx_word' id='word_1_604' title='bbox 2614 4045 2835 4098; x_wconf 78' lang='grc' dir='ltr'><strong>Τούτων</strong></span> <span class='ocrx_word' id='word_1_605' title='bbox 2883 4045 2942 4099; x_wconf 78' lang='grc' dir='ltr'><strong>δὲ</strong></span> <span class='ocrx_word' id='word_1_606' title='bbox 2996 4046 3089 4097; x_wconf 72' lang='grc' dir='ltr'>καὶ</span> <span class='ocrx_word' id='word_1_607' title='bbox 3146 4045 3257 4097; x_wconf 83' lang='grc' dir='ltr'><strong>τῶν</strong></span> <span class='ocrx_word' id='word_1_608' title='bbox 3309 4044 3486 4099; x_wconf 74' lang='grc' dir='ltr'>ἄλλων</span> <span class='ocrx_word' id='word_1_609' title='bbox 3514 4040 3651 4099; x_wconf 78' lang='grc' dir='ltr'>ὦσιν</span> <span class='ocrx_word' id='word_1_610' title='bbox 3705 4047 3765 4097; x_wconf 80' lang='grc' dir='ltr'>ὲν</span> <span class='ocrx_word' id='word_1_611' title='bbox 3802 4047 3956 4114; x_wconf 84' lang='grc' dir='ltr'><strong>μέσῳ</strong></span> <span class='ocrx_word' id='word_1_612' title='bbox 3981 4047 4037 4096; x_wconf 84' lang='grc' dir='ltr'><strong>οἱ</strong></span> 
     </span>
    </p>
   </div>
   <div class='ocr_carea' id='block_1_49' title="bbox 748 4132 2433 4208">
    <p class='ocr_par' dir='ltr' id='par_1_49' title="bbox 748 4132 2329 4204">
     <span class='ocr_line' id='line_1_49' title="bbox 748 4132 2329 4204; baseline 0.002 -18"><span class='ocrx_word' id='word_1_613' title='bbox 748 4137 843 4204; x_wconf 86' lang='lat' dir='ltr'><strong>qui</strong></span> <span class='ocrx_word' id='word_1_614' title='bbox 881 4135 1130 4188; x_wconf 87' lang='lat' dir='ltr'><strong>terebant</strong></span> <span class='ocrx_word' id='word_1_615' title='bbox 1166 4147 1266 4187; x_wconf 90' lang='lat' dir='ltr'><strong>nec</strong></span> <span class='ocrx_word' id='word_1_616' title='bbox 1311 4133 1403 4186; x_wconf 90' lang='lat' dir='ltr'><strong>alii</strong></span> <span class='ocrx_word' id='word_1_617' title='bbox 1440 4132 1650 4188; x_wconf 85' lang='lat' dir='ltr'><strong>aditum</strong></span> <span class='ocrx_word' id='word_1_618' title='bbox 1691 4133 1906 4189; x_wconf 83' lang='lat' dir='ltr'><strong>visendi</strong></span> <span class='ocrx_word' id='word_1_619' title='bbox 1939 4149 2002 4188; x_wconf 88' lang='lat' dir='ltr'><strong>ea</strong></span> <span class='ocrx_word' id='word_1_620' title='bbox 2038 4135 2329 4199; x_wconf 88' lang='lat' dir='ltr'><strong>baberent,</strong></span> 
     </span>
    </p>
   </div>
   <div class='ocr_carea' id='block_1_50' title="bbox 2352 4132 4037 4208">
    <p class='ocr_par' dir='ltr' id='par_1_50' title="bbox 2439 4136 4037 4208">
     <span class='ocr_line' id='line_1_50' title="bbox 2439 4136 4037 4208; baseline -0.001 -18"><span class='ocrx_word' id='word_1_621' title='bbox 2439 4136 2734 4203; x_wconf 73' lang='grc' dir='ltr'><strong>Κααθῖται,</strong></span> <span class='ocrx_word' id='word_1_622' title='bbox 2770 4137 3032 4208; x_wconf 80' lang='grc' dir='ltr'><strong>φέροντες</strong></span> <span class='ocrx_word' id='word_1_623' title='bbox 3059 4137 3128 4191; x_wconf 80' lang='grc' dir='ltr'><strong>τὰ</strong></span> <span class='ocrx_word' id='word_1_624' title='bbox 3153 4137 3277 4208; x_wconf 72' lang='grc' dir='ltr'><strong>ἱερὰ</strong></span> <span class='ocrx_word' id='word_1_625' title='bbox 3303 4137 3475 4207; x_wconf 82' lang='grc' dir='ltr'>σκεύη</span> <span class='ocrx_word' id='word_1_626' title='bbox 3500 4137 3900 4206; x_wconf 77' lang='grc' dir='ltr'><strong>κεκαλυμμένα</strong></span> <span class='ocrx_word' id='word_1_627' title='bbox 3927 4137 4037 4189; x_wconf 83' lang='grc' dir='ltr'><strong>ὑπὸ</strong></span> 
     </span>
    </p>
   </div>
   <div class='ocr_carea' id='block_1_51' title="bbox 748 4227 2433 4300">
    <p class='ocr_par' dir='ltr' id='par_1_51' title="bbox 748 4227 1433 4297">
     <span class='ocr_line' id='line_1_51' title="bbox 748 4227 1433 4297; baseline -0.004 -13"><span class='ocrx_word' id='word_1_628' title='bbox 748 4228 1061 4284; x_wconf 70' lang='lat' dir='ltr'><strong>Caliathitze</strong></span> <span class='ocrx_word' id='word_1_629' title='bbox 1113 4227 1433 4297; x_wconf 85' lang='lat' dir='ltr'><strong>portabant.</strong></span> 
     </span>
    </p>
   </div>
   <div class='ocr_carea' id='block_1_52' title="bbox 2354 4227 4039 4300">
    <p class='ocr_par' dir='ltr' id='par_1_52' title="bbox 2435 4229 4039 4300">
     <span class='ocr_line' id='line_1_52' title="bbox 2435 4229 4039 4300; baseline -0.001 -18"><span class='ocrx_word' id='word_1_630' title='bbox 2435 4229 2548 4282; x_wconf 79' lang='grc' dir='ltr'><strong>τῶν</strong></span> <span class='ocrx_word' id='word_1_631' title='bbox 2577 4230 2789 4300; x_wconf 73' lang='grc' dir='ltr'><strong>ἱερέων,</strong></span> <span class='ocrx_word' id='word_1_632' title='bbox 2813 4230 2907 4287; x_wconf 75' lang='grc' dir='ltr'><strong>καὶ</strong></span> <span class='ocrx_word' id='word_1_633' title='bbox 2933 4232 3047 4292; x_wconf 78' lang='grc' dir='ltr'>τοῖς</span> <span class='ocrx_word' id='word_1_634' title='bbox 3075 4229 3256 4292; x_wconf 75' lang='grc' dir='ltr'>ἄλλοις</span> <span class='ocrx_word' id='word_1_635' title='bbox 3282 4231 3375 4282; x_wconf 70' lang='grc' dir='ltr'><strong>καὶ</strong></span> <span class='ocrx_word' id='word_1_636' title='bbox 3403 4231 3586 4293; x_wconf 75' lang='grc' dir='ltr'><strong>αὐτοῖς</strong></span> <span class='ocrx_word' id='word_1_637' title='bbox 3611 4229 3670 4282; x_wconf 77' lang='grc' dir='ltr'><strong>δὲ</strong></span> <span class='ocrx_word' id='word_1_638' title='bbox 3698 4232 3810 4293; x_wconf 85' lang='grc' dir='ltr'><strong>τοῖς</strong></span> <span class='ocrx_word' id='word_1_639' title='bbox 3837 4230 4039 4299; x_wconf 78' lang='grc' dir='ltr'>φέρου-</span> 
     </span>
    </p>
   </div>
   <div class='ocr_carea' id='block_1_53' title="bbox 2447 4321 2873 4394">
    <p class='ocr_par' dir='ltr' id='par_1_53' title="bbox 2447 4321 2873 4394">
     <span class='ocr_line' id='line_1_53' title="bbox 2447 4321 2873 4394; baseline 0.002 -19"><span class='ocrx_word' id='word_1_640' title='bbox 2447 4338 2531 4375; x_wconf 83' lang='grc' dir='ltr'><strong>σιν</strong></span> <span class='ocrx_word' id='word_1_641' title='bbox 2563 4321 2873 4394; x_wconf 81' lang='grc' dir='ltr'><strong>ἁθεώρητα.</strong></span> 
     </span>
    </p>
   </div>
   <div class='ocr_carea' id='block_1_54' title="bbox 826 4411 4035 4509">
    <p class='ocr_par' dir='ltr' id='par_1_54' title="bbox 826 4411 4035 4509">
     <span class='ocr_line' id='line_1_54' title="bbox 826 4411 4035 4509; baseline 0.001 -23"><span class='ocrx_word' id='word_1_642' title='bbox 826 4432 949 4486; x_wconf 79' lang='lat' dir='ltr'><strong>llzec</strong></span> <span class='ocrx_word' id='word_1_643' title='bbox 998 4429 1356 4485; x_wconf 87' lang='lat' dir='ltr'><strong>multifariam</strong></span> <span class='ocrx_word' id='word_1_644' title='bbox 1411 4446 1580 4509; x_wconf 82' lang='lat' dir='ltr'><strong>supra</strong></span> <span class='ocrx_word' id='word_1_645' title='bbox 1618 4432 1672 4484; x_wconf 91' lang='lat' dir='ltr'><strong>in</strong></span> <span class='ocrx_word' id='word_1_646' title='bbox 1717 4429 2000 4485; x_wconf 87' lang='lat' dir='ltr'><strong>Christum</strong></span> <span class='ocrx_word' id='word_1_647' title='bbox 2028 4429 2380 4488; x_wconf 83' lang='lat' dir='ltr'><strong>traduximus</strong></span> <span class='ocrx_word' id='word_1_648' title='bbox 2412 4411 2425 4487; x_wconf 73' lang='grc' dir='ltr'>Ξ</span> <span class='ocrx_word' id='word_1_649' title='bbox 2465 4436 2561 4506; x_wconf 92' lang='lat' dir='ltr'><strong>qui</strong></span> <span class='ocrx_word' id='word_1_650' title='bbox 2600 4438 2870 4492; x_wconf 84' lang='lat' dir='ltr'><strong>varietate</strong></span> <span class='ocrx_word' id='word_1_651' title='bbox 2893 4435 3144 4491; x_wconf 91' lang='lat' dir='ltr'><strong>colorum</strong></span> <span class='ocrx_word' id='word_1_652' title='bbox 3180 4437 3484 4504; x_wconf 83' lang='lat' dir='ltr'><strong>tegumenti</strong></span> <span class='ocrx_word' id='word_1_653' title='bbox 3518 4440 3741 4488; x_wconf 88' lang='lat' dir='ltr'><strong>notatur</strong></span> <span class='ocrx_word' id='word_1_654' title='bbox 3789 4449 4035 4505; x_wconf 87' lang='lat' dir='ltr'><strong>quoque.</strong></span> 
     </span>
    </p>
   </div>
   <div class='ocr_carea' id='block_1_55' title="bbox 751 4509 4034 4594">
    <p class='ocr_par' dir='ltr' id='par_1_55' title="bbox 751 4509 4034 4594">
     <span class='ocr_line' id='line_1_55' title="bbox 751 4509 4034 4594; baseline 0.001 -20"><span class='ocrx_word' id='word_1_655' title='bbox 751 4522 826 4576; x_wconf 74' lang='lat' dir='ltr'><strong>Ac</strong></span> <span class='ocrx_word' id='word_1_656' title='bbox 865 4521 1282 4592; x_wconf 86' lang='lat' dir='ltr'><strong>hyaeinthinum</strong></span> <span class='ocrx_word' id='word_1_657' title='bbox 1307 4521 1529 4590; x_wconf 89' lang='lat' dir='ltr'><strong>quidem</strong></span> <span class='ocrx_word' id='word_1_658' title='bbox 1563 4509 2233 4589; x_wconf 43' lang='lat' dir='ltr'><strong>reprwsentat&#39;cmlestem</strong></span> <span class='ocrx_word' id='word_1_659' title='bbox 2257 4521 2380 4589; x_wconf 85' lang='lat' dir='ltr'><strong>ejus</strong></span> <span class='ocrx_word' id='word_1_660' title='bbox 2420 4523 2635 4580; x_wconf 90' lang='lat' dir='ltr'><strong>sedem.</strong></span> <span class='ocrx_word' id='word_1_661' title='bbox 2669 4521 3018 4594; x_wconf 84' lang='lat' dir='ltr'><strong>Purpureum</strong></span> <span class='ocrx_word' id='word_1_662' title='bbox 3061 4537 3192 4578; x_wconf 86' lang='lat' dir='ltr'><strong>vero</strong></span> <span class='ocrx_word' id='word_1_663' title='bbox 3222 4523 3346 4592; x_wconf 81' lang='lat' dir='ltr'><strong>ejus</strong></span> <span class='ocrx_word' id='word_1_664' title='bbox 3395 4537 3649 4594; x_wconf 88' lang='lat' dir='ltr'><strong>regnum.</strong></span> <span class='ocrx_word' id='word_1_665' title='bbox 3689 4521 4034 4577; x_wconf 75' lang='lat' dir='ltr'><strong>Coccineuin</strong></span> 
     </span>
    </p>
   </div>
   <div class='ocr_carea' id='block_1_56' title="bbox 746 4605 4036 4680">
    <p class='ocr_par' dir='ltr' id='par_1_56' title="bbox 746 4605 4036 4680">
     <span class='ocr_line' id='line_1_56' title="bbox 746 4605 4036 4680; baseline 0 -18"><span class='ocrx_word' id='word_1_666' title='bbox 746 4612 867 4680; x_wconf 79' lang='lat' dir='ltr'><strong>ejus</strong></span> <span class='ocrx_word' id='word_1_667' title='bbox 896 4609 1245 4679; x_wconf 85' lang='lat' dir='ltr'><strong>sanguinem,</strong></span> <span class='ocrx_word' id='word_1_668' title='bbox 1287 4623 1450 4677; x_wconf 89' lang='lat' dir='ltr'><strong>quem</strong></span> <span class='ocrx_word' id='word_1_669' title='bbox 1480 4618 1670 4662; x_wconf 87' lang='lat' dir='ltr'><strong>nostra</strong></span> <span class='ocrx_word' id='word_1_670' title='bbox 1710 4622 1877 4661; x_wconf 84' lang='lat' dir='ltr'><strong>causa</strong></span> <span class='ocrx_word' id='word_1_671' title='bbox 1907 4605 2117 4661; x_wconf 74' lang='lat' dir='ltr'><strong>effodit.</strong></span> <span class='ocrx_word' id='word_1_672' title='bbox 2149 4607 2409 4666; x_wconf 81' lang='lat' dir='ltr'><strong>Hutneris</strong></span> <span class='ocrx_word' id='word_1_673' title='bbox 2445 4629 2574 4667; x_wconf 89' lang='lat' dir='ltr'><strong>vero</strong></span> <span class='ocrx_word' id='word_1_674' title='bbox 2595 4615 2947 4668; x_wconf 82' lang='lat' dir='ltr'><strong>sacerdotum</strong></span> <span class='ocrx_word' id='word_1_675' title='bbox 2982 4614 3297 4667; x_wconf 92' lang='lat' dir='ltr'><strong>innituntur</strong></span> <span class='ocrx_word' id='word_1_676' title='bbox 3365 4626 3552 4674; x_wconf 90' lang='lat' dir='ltr'><strong>sacra,</strong></span> <span class='ocrx_word' id='word_1_677' title='bbox 3579 4627 3649 4664; x_wconf 92' lang='lat' dir='ltr'><strong>ne</strong></span> <span class='ocrx_word' id='word_1_678' title='bbox 3679 4621 3876 4665; x_wconf 86' lang='lat' dir='ltr'><strong>saneta</strong></span> <span class='ocrx_word' id='word_1_679' title='bbox 3906 4625 4036 4665; x_wconf 89' lang='lat' dir='ltr'><strong>cum</strong></span> 
     </span>
    </p>
   </div>
   <div class='ocr_carea' id='block_1_57' title="bbox 747 4697 4038 4767">
    <p class='ocr_par' dir='ltr' id='par_1_57' title="bbox 747 4697 4038 4767">
     <span class='ocr_line' id='line_1_57' title="bbox 747 4697 4038 4767; baseline 0 -14"><span class='ocrx_word' id='word_1_680' title='bbox 747 4701 878 4764; x_wconf 91' lang='lat' dir='ltr'><strong>sint,</strong></span> <span class='ocrx_word' id='word_1_681' title='bbox 924 4713 1094 4767; x_wconf 87' lang='lat' dir='ltr'><strong>super</strong></span> <span class='ocrx_word' id='word_1_682' title='bbox 1124 4697 1292 4767; x_wconf 84' lang='lat' dir='ltr'><strong>lignis</strong></span> <span class='ocrx_word' id='word_1_683' title='bbox 1341 4703 1558 4765; x_wconf 85' lang='lat' dir='ltr'><strong>portata</strong></span> <span class='ocrx_word' id='word_1_684' title='bbox 1593 4705 1716 4765; x_wconf 87' lang='lat' dir='ltr'><strong>post</strong></span> <span class='ocrx_word' id='word_1_685' title='bbox 1772 4704 1991 4764; x_wconf 86' lang='lat' dir='ltr'><strong>tergum</strong></span> <span class='ocrx_word' id='word_1_686' title='bbox 2045 4697 2324 4762; x_wconf 88' lang='lat' dir='ltr'><strong>portantis</strong></span> <span class='ocrx_word' id='word_1_687' title='bbox 2357 4698 2715 4756; x_wconf 89' lang='lat' dir='ltr'><strong>delabantur.</strong></span> <span class='ocrx_word' id='word_1_688' title='bbox 2743 4701 3017 4757; x_wconf 65' lang='lat' dir='ltr'><strong>Caterum</strong></span> <span class='ocrx_word' id='word_1_689' title='bbox 3077 4699 3444 4755; x_wconf 87' lang='lat' dir='ltr'><strong>fundamenta</strong></span> <span class='ocrx_word' id='word_1_690' title='bbox 3479 4699 3712 4754; x_wconf 87' lang='lat' dir='ltr'><strong>tentorii</strong></span> <span class='ocrx_word' id='word_1_691' title='bbox 3779 4710 4038 4754; x_wconf 86' lang='lat' dir='ltr'><strong>nostram</strong></span> 
     </span>
    </p>
   </div>
   <div class='ocr_carea' id='block_1_58' title="bbox 746 4783 4037 4864">
    <p class='ocr_par' dir='ltr' id='par_1_58' title="bbox 746 4783 4037 4864">
     <span class='ocr_line' id='line_1_58' title="bbox 746 4783 4037 4864; baseline -0 -20"><span class='ocrx_word' id='word_1_692' title='bbox 746 4787 1120 4844; x_wconf 74' lang='lat' dir='ltr'><strong>substantiam</strong></span> <span class='ocrx_word' id='word_1_693' title='bbox 1152 4785 1486 4840; x_wconf 90' lang='lat' dir='ltr'><strong>adumbrare</strong></span> <span class='ocrx_word' id='word_1_694' title='bbox 1521 4784 1747 4840; x_wconf 86' lang='lat' dir='ltr'><strong>tradunt</strong></span> <span class='ocrx_word' id='word_1_695' title='bbox 1779 4803 1794 4851; x_wconf 91' lang='lat'><strong>;</strong></span> <span class='ocrx_word' id='word_1_696' title='bbox 1831 4792 2004 4840; x_wconf 89' lang='lat' dir='ltr'><strong>strata</strong></span> <span class='ocrx_word' id='word_1_697' title='bbox 2032 4799 2163 4840; x_wconf 93' lang='lat' dir='ltr'><strong>vero</strong></span> <span class='ocrx_word' id='word_1_698' title='bbox 2194 4783 2417 4847; x_wconf 88' lang='lat' dir='ltr'><strong>divinos</strong></span> <span class='ocrx_word' id='word_1_699' title='bbox 2438 4801 2693 4859; x_wconf 89' lang='lat' dir='ltr'><strong>ornatus,</strong></span> <span class='ocrx_word' id='word_1_700' title='bbox 2736 4807 2868 4848; x_wconf 90' lang='lat' dir='ltr'><strong>vasa</strong></span> <span class='ocrx_word' id='word_1_701' title='bbox 2893 4804 2948 4848; x_wconf 89' lang='lat' dir='ltr'><strong>et</strong></span> <span class='ocrx_word' id='word_1_702' title='bbox 2971 4806 3097 4864; x_wconf 65' lang='lat' dir='ltr'><strong>qua</strong></span> <span class='ocrx_word' id='word_1_703' title='bbox 3122 4792 3176 4846; x_wconf 88' lang='lat' dir='ltr'><strong>iu</strong></span> <span class='ocrx_word' id='word_1_704' title='bbox 3209 4792 3292 4846; x_wconf 89' lang='lat' dir='ltr'><strong>eis</strong></span> <span class='ocrx_word' id='word_1_705' title='bbox 3316 4799 3449 4845; x_wconf 90' lang='lat' dir='ltr'><strong>sunt</strong></span> <span class='ocrx_word' id='word_1_706' title='bbox 3475 4790 3742 4861; x_wconf 87' lang='lat' dir='ltr'><strong>reposita,</strong></span> <span class='ocrx_word' id='word_1_707' title='bbox 3781 4789 4037 4844; x_wconf 87' lang='lat' dir='ltr'><strong>divinam</strong></span> 
     </span>
    </p>
   </div>
   <div class='ocr_carea' id='block_1_59' title="bbox 747 4877 1445 4933">
    <p class='ocr_par' dir='ltr' id='par_1_59' title="bbox 747 4877 1445 4933">
     <span class='ocr_line' id='line_1_59' title="bbox 747 4877 1445 4933; baseline -0.004 0"><span class='ocrx_word' id='word_1_708' title='bbox 747 4881 801 4933; x_wconf 92' lang='lat' dir='ltr'><strong>in</strong></span> <span class='ocrx_word' id='word_1_709' title='bbox 831 4878 990 4933; x_wconf 89' lang='lat' dir='ltr'><strong>nobis</strong></span> <span class='ocrx_word' id='word_1_710' title='bbox 1015 4877 1445 4932; x_wconf 89' lang='lat' dir='ltr'><strong>habitationem.</strong></span> 
     </span>
    </p>
   </div>
   <div class='ocr_carea' id='block_1_60' title="bbox 818 4983 2503 5068">
    <p class='ocr_par' dir='ltr' id='par_1_60' title="bbox 818 4983 2411 5064">
     <span class='ocr_line' id='line_1_60' title="bbox 818 4983 2411 5064; baseline 0.001 -18"><span class='ocrx_word' id='word_1_711' title='bbox 818 4993 885 5046; x_wconf 82' lang='lat' dir='ltr'><strong>Et</strong></span> <span class='ocrx_word' id='word_1_712' title='bbox 912 5001 1068 5046; x_wconf 83' lang='lat' dir='ltr'><strong>erunt</strong></span> <span class='ocrx_word' id='word_1_713' title='bbox 1125 4991 1322 5046; x_wconf 70' lang='lat' dir='ltr'><strong>Levita:</strong></span> <span class='ocrx_word' id='word_1_714' title='bbox 1355 4993 1456 5046; x_wconf 77' lang='lat' dir='ltr'><strong>mei</strong></span> <span class='ocrx_word' id='word_1_715' title='bbox 1490 5001 1538 5046; x_wconf 80' lang='lat' dir='ltr'><strong>et</strong></span> <span class='ocrx_word' id='word_1_716' title='bbox 1597 5009 1693 5064; x_wconf 77' lang='lat' dir='ltr'><strong>ego</strong></span> <span class='ocrx_word' id='word_1_717' title='bbox 1749 4991 2012 5048; x_wconf 80' lang='lat' dir='ltr'><strong>Dominus</strong></span> <span class='ocrx_word' id='word_1_718' title='bbox 2071 4994 2333 5063; x_wconf 79' lang='lat' dir='ltr'><strong>ipsorum,</strong></span> <span class='ocrx_word' id='word_1_719' title='bbox 2369 4983 2411 5036; x_wconf 78' lang='grc' dir='ltr'><strong><em>Β</em></strong></span> 
     </span>
    </p>
   </div>
   <div class='ocr_carea' id='block_1_61' title="bbox 2357 4983 4042 5068">
    <p class='ocr_par' dir='ltr' id='par_1_61' title="bbox 2369 4983 4042 5068">
     <span class='ocr_line' id='line_1_61' title="bbox 2369 4983 4042 5068; baseline 0 -17"><span class='ocrx_word' id='word_1_720' title='bbox 2369 4983 2411 5036; x_wconf 76' lang='grc' dir='ltr'><strong><em>Β</em></strong></span> <span class='ocrx_word' id='word_1_721' title='bbox 2511 4997 2618 5051; x_wconf 75' lang='grc' dir='ltr'><strong>Καὶ</strong></span> <span class='ocrx_word' id='word_1_722' title='bbox 2648 4997 2896 5051; x_wconf 78' lang='grc' dir='ltr'><strong>ἔσονται</strong></span> <span class='ocrx_word' id='word_1_723' title='bbox 2916 4996 3045 5064; x_wconf 75' lang='grc' dir='ltr'><strong>ἐμοὶ</strong></span> <span class='ocrx_word' id='word_1_724' title='bbox 3063 4995 3164 5068; x_wconf 73' lang='lat' dir='ltr'><strong>[oi]</strong></span> <span class='ocrx_word' id='word_1_725' title='bbox 3184 4995 3444 5051; x_wconf 59' lang='grc' dir='ltr'><strong>Λευῖται.</strong></span> <span class='ocrx_word' id='word_1_726' title='bbox 3484 4995 3634 5066; x_wconf 72' lang='grc' dir='ltr'><strong>Ἐγὼ</strong></span> <span class='ocrx_word' id='word_1_727' title='bbox 3660 4997 3897 5063; x_wconf 81' lang='grc' dir='ltr'><strong>Κύριος.</strong></span> <span class='ocrx_word' id='word_1_728' title='bbox 3921 4999 4042 5051; x_wconf 85' lang='grc' dir='ltr'><strong>Μα-</strong></span> 
     </span>
    </p>
   </div>
   <div class='ocr_carea' id='block_1_62' title="bbox 743 5082 2428 5158">
    <p class='ocr_par' dir='ltr' id='par_1_62' title="bbox 743 5082 2335 5157">
     <span class='ocr_line' id='line_1_62' title="bbox 743 5082 2335 5157; baseline 0.001 -17"><span class='ocrx_word' id='word_1_729' title='bbox 743 5097 850 5140; x_wconf 90' lang='lat' dir='ltr'><strong>etc.</strong></span> <span class='ocrx_word' id='word_1_730' title='bbox 882 5084 1023 5157; x_wconf 65' lang='lat'><strong>[45.]</strong></span> <span class='ocrx_word' id='word_1_731' title='bbox 1085 5082 1423 5140; x_wconf 82' lang='lat' dir='ltr'><strong>Fortunatos</strong></span> <span class='ocrx_word' id='word_1_732' title='bbox 1477 5085 1708 5140; x_wconf 81' lang='lat' dir='ltr'><strong>eﬂiciam</strong></span> <span class='ocrx_word' id='word_1_733' title='bbox 1766 5095 2053 5157; x_wconf 90' lang='lat' dir='ltr'><strong>promptos</strong></span> <span class='ocrx_word' id='word_1_734' title='bbox 2085 5096 2140 5143; x_wconf 87' lang='lat' dir='ltr'><strong>et</strong></span> <span class='ocrx_word' id='word_1_735' title='bbox 2168 5088 2335 5143; x_wconf 88' lang='lat' dir='ltr'><strong>indu-</strong></span> 
     </span>
    </p>
   </div>
   <div class='ocr_carea' id='block_1_63' title="bbox 2356 5082 4041 5158">
    <p class='ocr_par' dir='ltr' id='par_1_63' title="bbox 2442 5084 4041 5158">
     <span class='ocr_line' id='line_1_63' title="bbox 2442 5084 4041 5158; baseline 0.002 -18"><span class='ocrx_word' id='word_1_736' title='bbox 2442 5084 2686 5158; x_wconf 74' lang='grc' dir='ltr'><strong>καρίζων</strong></span> <span class='ocrx_word' id='word_1_737' title='bbox 2705 5088 2831 5150; x_wconf 77' lang='grc' dir='ltr'><strong>τοὺς</strong></span> <span class='ocrx_word' id='word_1_738' title='bbox 2863 5087 3116 5158; x_wconf 77' lang='grc' dir='ltr'><strong>ἑτοίμους</strong></span> <span class='ocrx_word' id='word_1_739' title='bbox 3148 5088 3243 5141; x_wconf 79' lang='grc' dir='ltr'><strong>καὶ</strong></span> <span class='ocrx_word' id='word_1_740' title='bbox 3278 5087 3570 5158; x_wconf 77' lang='grc' dir='ltr'><strong>εὐσχόλους</strong></span> <span class='ocrx_word' id='word_1_741' title='bbox 3595 5090 3673 5150; x_wconf 77' lang='grc' dir='ltr'><strong>εἰς</strong></span> <span class='ocrx_word' id='word_1_742' title='bbox 3690 5088 3760 5140; x_wconf 74' lang='grc' dir='ltr'><strong>τὰ</strong></span> <span class='ocrx_word' id='word_1_743' title='bbox 3780 5087 3921 5142; x_wconf 81' lang='grc' dir='ltr'><strong>Θεοῦ</strong></span> <span class='ocrx_word' id='word_1_744' title='bbox 3943 5089 4041 5143; x_wconf 69' lang='grc' dir='ltr'><strong>τοῦ</strong></span> 
     </span>
    </p>
   </div>
   <div class='ocr_carea' id='block_1_64' title="bbox 745 5178 2430 5250">
    <p class='ocr_par' dir='ltr' id='par_1_64' title="bbox 745 5179 2338 5236">
     <span class='ocr_line' id='line_1_64' title="bbox 745 5179 2338 5236; baseline 0.001 -2"><span class='ocrx_word' id='word_1_745' title='bbox 745 5181 916 5234; x_wconf 88' lang='lat' dir='ltr'><strong>strios</strong></span> <span class='ocrx_word' id='word_1_746' title='bbox 940 5181 994 5233; x_wconf 93' lang='lat' dir='ltr'><strong>in</strong></span> <span class='ocrx_word' id='word_1_747' title='bbox 1025 5180 1203 5234; x_wconf 85' lang='lat' dir='ltr'><strong>sacris</strong></span> <span class='ocrx_word' id='word_1_748' title='bbox 1233 5181 1406 5234; x_wconf 89' lang='lat' dir='ltr'><strong>solius</strong></span> <span class='ocrx_word' id='word_1_749' title='bbox 1435 5179 1650 5234; x_wconf 88' lang='lat' dir='ltr'><strong>Domini</strong></span> <span class='ocrx_word' id='word_1_750' title='bbox 1679 5181 2026 5235; x_wconf 89' lang='lat' dir='ltr'><strong>muneribus.</strong></span> <span class='ocrx_word' id='word_1_751' title='bbox 2057 5179 2178 5235; x_wconf 82' lang='lat' dir='ltr'><strong>Jam</strong></span> <span class='ocrx_word' id='word_1_752' title='bbox 2203 5196 2338 5236; x_wconf 87' lang='lat' dir='ltr'><strong>vero</strong></span> 
     </span>
    </p>
   </div>
   <div class='ocr_carea' id='block_1_65' title="bbox 2351 5178 4036 5250">
    <p class='ocr_par' dir='ltr' id='par_1_65' title="bbox 2447 5178 4036 5250">
     <span class='ocr_line' id='line_1_65' title="bbox 2447 5178 4036 5250; baseline 0.002 -19"><span class='ocrx_word' id='word_1_753' title='bbox 2447 5181 2612 5250; x_wconf 81' lang='grc' dir='ltr'>μόνου</span> <span class='ocrx_word' id='word_1_754' title='bbox 2638 5179 2868 5250; x_wconf 77' lang='grc' dir='ltr'><strong>Κυρίου.</strong></span> <span class='ocrx_word' id='word_1_755' title='bbox 2891 5180 3006 5233; x_wconf 85' lang='grc' dir='ltr'><strong>Νῦν</strong></span> <span class='ocrx_word' id='word_1_756' title='bbox 3031 5180 3088 5233; x_wconf 71' lang='grc' dir='ltr'><strong>δὲ</strong></span> <span class='ocrx_word' id='word_1_757' title='bbox 3113 5180 3176 5233; x_wconf 83' lang='grc' dir='ltr'><strong>οὺ</strong></span> <span class='ocrx_word' id='word_1_758' title='bbox 3203 5180 3350 5248; x_wconf 86' lang='grc' dir='ltr'>γένει</span> <span class='ocrx_word' id='word_1_759' title='bbox 3376 5179 3679 5250; x_wconf 77' lang='grc' dir='ltr'><strong>σωματικῷ</strong></span> <span class='ocrx_word' id='word_1_760' title='bbox 3719 5178 3782 5233; x_wconf 79' lang='grc' dir='ltr'><strong>τὸ</strong></span> <span class='ocrx_word' id='word_1_761' title='bbox 3808 5183 4036 5244; x_wconf 75' lang='grc' dir='ltr'><strong>οἰκεῖον,</strong></span> 
     </span>
    </p>
   </div>
   <div class='ocr_carea' id='block_1_66' title="bbox 746 5271 2431 5345">
    <p class='ocr_par' dir='ltr' id='par_1_66' title="bbox 746 5273 2341 5344">
     <span class='ocr_line' id='line_1_66' title="bbox 746 5273 2341 5344; baseline 0.001 -17"><span class='ocrx_word' id='word_1_762' title='bbox 746 5274 852 5328; x_wconf 87' lang='lat' dir='ltr'><strong>hac</strong></span> <span class='ocrx_word' id='word_1_763' title='bbox 879 5273 1254 5329; x_wconf 86' lang='lat' dir='ltr'><strong>familiaritate</strong></span> <span class='ocrx_word' id='word_1_764' title='bbox 1280 5289 1387 5328; x_wconf 92' lang='lat' dir='ltr'><strong>non</strong></span> <span class='ocrx_word' id='word_1_765' title='bbox 1429 5288 1561 5328; x_wconf 91' lang='lat' dir='ltr'><strong>caro</strong></span> <span class='ocrx_word' id='word_1_766' title='bbox 1590 5274 1706 5344; x_wconf 91' lang='lat' dir='ltr'><strong>ipsa</strong></span> <span class='ocrx_word' id='word_1_767' title='bbox 1748 5287 1813 5328; x_wconf 91' lang='lat' dir='ltr'><strong>ac</strong></span> <span class='ocrx_word' id='word_1_768' title='bbox 1843 5274 2142 5328; x_wconf 90' lang='lat' dir='ltr'><strong>humanum</strong></span> <span class='ocrx_word' id='word_1_769' title='bbox 2176 5274 2341 5330; x_wconf 84' lang='lat' dir='ltr'><strong>Levi-</strong></span> 
     </span>
    </p>
   </div>
   <div class='ocr_carea' id='block_1_67' title="bbox 2354 5271 4039 5345">
    <p class='ocr_par' dir='ltr' id='par_1_67' title="bbox 2440 5271 4039 5345">
     <span class='ocr_line' id='line_1_67' title="bbox 2440 5271 4039 5345; baseline 0.001 -19"><span class='ocrx_word' id='word_1_770' title='bbox 2440 5271 2578 5326; x_wconf 78' lang='grc' dir='ltr'><strong>ἀλλὰ</strong></span> <span class='ocrx_word' id='word_1_771' title='bbox 2617 5272 2938 5344; x_wconf 79' lang='grc' dir='ltr'><strong>προαιρέσει</strong></span> <span class='ocrx_word' id='word_1_772' title='bbox 2969 5273 3239 5345; x_wconf 73' lang='grc' dir='ltr'><strong>ὁρίζεται.</strong></span> <span class='ocrx_word' id='word_1_773' title='bbox 3273 5273 3385 5327; x_wconf 78' lang='grc' dir='ltr'><strong>Καὶ</strong></span> <span class='ocrx_word' id='word_1_774' title='bbox 3415 5275 3524 5337; x_wconf 80' lang='grc' dir='ltr'><strong>πᾶς</strong></span> <span class='ocrx_word' id='word_1_775' title='bbox 3585 5275 3718 5336; x_wconf 67' lang='lat' dir='ltr'><strong>(die;</strong></span> <span class='ocrx_word' id='word_1_776' title='bbox 3744 5275 3772 5327; x_wconf 81' lang='grc' dir='ltr'>ὁ</span> <span class='ocrx_word' id='word_1_777' title='bbox 3805 5275 3873 5328; x_wconf 75' lang='grc' dir='ltr'><strong>τὰ</strong></span> <span class='ocrx_word' id='word_1_778' title='bbox 3897 5274 4039 5328; x_wconf 82' lang='grc' dir='ltr'><strong>Θεοῦ</strong></span> 
     </span>
    </p>
   </div>
   <div class='ocr_carea' id='block_1_68' title="bbox 746 5365 2431 5438">
    <p class='ocr_par' dir='ltr' id='par_1_68' title="bbox 746 5369 2342 5438">
     <span class='ocr_line' id='line_1_68' title="bbox 746 5369 2342 5438; baseline 0.003 -19"><span class='ocrx_word' id='word_1_779' title='bbox 746 5378 928 5422; x_wconf 90' lang='lat' dir='ltr'><strong>tarum</strong></span> <span class='ocrx_word' id='word_1_780' title='bbox 984 5383 1159 5438; x_wconf 87' lang='lat' dir='ltr'><strong>genus</strong></span> <span class='ocrx_word' id='word_1_781' title='bbox 1215 5369 1739 5433; x_wconf 88' lang='lat' dir='ltr'><strong>circumscribitur,</strong></span> <span class='ocrx_word' id='word_1_782' title='bbox 1798 5370 1894 5423; x_wconf 89' lang='lat' dir='ltr'><strong>sed</strong></span> <span class='ocrx_word' id='word_1_783' title='bbox 1941 5369 2060 5438; x_wconf 88' lang='lat' dir='ltr'><strong>ipsa</strong></span> <span class='ocrx_word' id='word_1_784' title='bbox 2119 5370 2342 5436; x_wconf 88' lang='lat' dir='ltr'><strong>electio,</strong></span> 
     </span>
    </p>
   </div>
   <div class='ocr_carea' id='block_1_69' title="bbox 1160 5365 2845 5438">
    <p class='ocr_par' dir='ltr' id='par_1_69' title="bbox 1215 5365 2845 5438">
     <span class='ocr_line' id='line_1_69' title="bbox 1215 5365 2845 5438; baseline -0.003 -16"><span class='ocrx_word' id='word_1_785' title='bbox 1215 5369 1739 5433; x_wconf 88' lang='lat' dir='ltr'><strong>circumscribitur,</strong></span> <span class='ocrx_word' id='word_1_786' title='bbox 1798 5370 1894 5423; x_wconf 89' lang='lat' dir='ltr'><strong>sed</strong></span> <span class='ocrx_word' id='word_1_787' title='bbox 1941 5369 2060 5438; x_wconf 88' lang='lat' dir='ltr'><strong>ipsa</strong></span> <span class='ocrx_word' id='word_1_788' title='bbox 2119 5370 2342 5436; x_wconf 88' lang='lat' dir='ltr'><strong>electio,</strong></span> <span class='ocrx_word' id='word_1_789' title='bbox 2435 5365 2845 5437; x_wconf 74' lang='grc' dir='ltr'><strong>ἐργαζόμενος.</strong></span> 
     </span>
    </p>
   </div>
   <div class='ocr_carea' id='block_1_70' title="bbox 746 5459 2340 5532">
    <p class='ocr_par' dir='ltr' id='par_1_70' title="bbox 746 5459 2340 5532">
     <span class='ocr_line' id='line_1_70' title="bbox 746 5459 2340 5532; baseline 0.002 -19"><span class='ocrx_word' id='word_1_790' title='bbox 746 5461 891 5516; x_wconf 90' lang='lat' dir='ltr'><strong>unde</strong></span> <span class='ocrx_word' id='word_1_791' title='bbox 926 5471 1011 5517; x_wconf 91' lang='lat' dir='ltr'><strong>est</strong></span> <span class='ocrx_word' id='word_1_792' title='bbox 1050 5461 1340 5532; x_wconf 86' lang='lat' dir='ltr'><strong>profecta:</strong></span> <span class='ocrx_word' id='word_1_793' title='bbox 1381 5459 1574 5517; x_wconf 88' lang='lat' dir='ltr'><strong>Omnis</strong></span> <span class='ocrx_word' id='word_1_794' title='bbox 1609 5462 1756 5517; x_wconf 89' lang='lat' dir='ltr'><strong>enim</strong></span> <span class='ocrx_word' id='word_1_795' title='bbox 1799 5460 1892 5516; x_wconf 90' lang='lat' dir='ltr'><strong>Dei</strong></span> <span class='ocrx_word' id='word_1_796' title='bbox 1937 5462 2200 5532; x_wconf 91' lang='lat' dir='ltr'><strong>proprius</strong></span> <span class='ocrx_word' id='word_1_797' title='bbox 2235 5474 2340 5530; x_wconf 89' lang='lat' dir='ltr'><strong>est,</strong></span> 
     </span>
    </p>
   </div>
   <div class='ocr_carea' id='block_1_71' title="bbox 746 5554 2229 5625">
    <p class='ocr_par' dir='ltr' id='par_1_71' title="bbox 746 5554 2229 5625">
     <span class='ocr_line' id='line_1_71' title="bbox 746 5554 2229 5625; baseline 0.001 -17"><span class='ocrx_word' id='word_1_798' title='bbox 746 5557 838 5624; x_wconf 83' lang='lat' dir='ltr'><strong>qui</strong></span> <span class='ocrx_word' id='word_1_799' title='bbox 885 5557 937 5610; x_wconf 91' lang='lat' dir='ltr'><strong>in</strong></span> <span class='ocrx_word' id='word_1_800' title='bbox 974 5557 1141 5612; x_wconf 90' lang='lat' dir='ltr'><strong>rebus</strong></span> <span class='ocrx_word' id='word_1_801' title='bbox 1175 5557 1385 5610; x_wconf 86' lang='lat' dir='ltr'><strong>divinis</strong></span> <span class='ocrx_word' id='word_1_802' title='bbox 1422 5569 1648 5625; x_wconf 87' lang='lat' dir='ltr'><strong>operam</strong></span> <span class='ocrx_word' id='word_1_803' title='bbox 1676 5554 1926 5609; x_wconf 88' lang='lat' dir='ltr'><strong>sedulam</strong></span> <span class='ocrx_word' id='word_1_804' title='bbox 1963 5556 2229 5610; x_wconf 86' lang='lat' dir='ltr'><strong>collocat.</strong></span> 
     </span>
    </p>
   </div>
   <div class='ocr_carea' id='block_1_72' title="bbox 819 5630 2504 5719">
    <p class='ocr_par' dir='ltr' id='par_1_72' title="bbox 819 5645 2335 5719">
     <span class='ocr_line' id='line_1_72' title="bbox 819 5645 2335 5719; baseline -0.001 -18"><span class='ocrx_word' id='word_1_805' title='bbox 819 5649 1068 5702; x_wconf 84' lang='lat' dir='ltr'><strong>Aliorum</strong></span> <span class='ocrx_word' id='word_1_806' title='bbox 1103 5664 1234 5703; x_wconf 90' lang='lat' dir='ltr'><strong>vero</strong></span> <span class='ocrx_word' id='word_1_807' title='bbox 1265 5647 1554 5702; x_wconf 89' lang='lat' dir='ltr'><strong>hominum</strong></span> <span class='ocrx_word' id='word_1_808' title='bbox 1589 5645 1988 5717; x_wconf 86' lang='lat' dir='ltr'><strong>redemptionis</strong></span> <span class='ocrx_word' id='word_1_809' title='bbox 2052 5648 2226 5719; x_wconf 86' lang='lat' dir='ltr'><strong>pretia</strong></span> <span class='ocrx_word' id='word_1_810' title='bbox 2282 5648 2335 5702; x_wconf 92' lang='lat' dir='ltr'><strong>in</strong></span> 
     </span>
    </p>
   </div>
   <div class='ocr_carea' id='block_1_73' title="bbox 2356 5630 4041 5719">
    <p class='ocr_par' dir='ltr' id='par_1_73' title="bbox 2521 5630 4041 5703">
     <span class='ocr_line' id='line_1_73' title="bbox 2521 5630 4041 5703; baseline -0.005 -9"><span class='ocrx_word' id='word_1_811' title='bbox 2521 5637 2604 5694; x_wconf 78' lang='grc' dir='ltr'><strong>Τὰ</strong></span> <span class='ocrx_word' id='word_1_812' title='bbox 2630 5634 2738 5689; x_wconf 81' lang='grc' dir='ltr'><strong>τῶν</strong></span> <span class='ocrx_word' id='word_1_813' title='bbox 2773 5631 2978 5687; x_wconf 69' lang='grc' dir='ltr'><strong>λοιπῶν</strong></span> <span class='ocrx_word' id='word_1_814' title='bbox 3008 5630 3178 5702; x_wconf 77' lang='grc' dir='ltr'><strong>λύτρα</strong></span> <span class='ocrx_word' id='word_1_815' title='bbox 3221 5633 3332 5695; x_wconf 79' lang='grc' dir='ltr'><strong>τοῖς</strong></span> <span class='ocrx_word' id='word_1_816' title='bbox 3379 5630 3587 5703; x_wconf 75' lang='grc' dir='ltr'><strong>ἱερεῦσι,</strong></span> <span class='ocrx_word' id='word_1_817' title='bbox 3619 5630 3846 5699; x_wconf 75' lang='grc' dir='ltr'><strong>δίδοται,</strong></span> <span class='ocrx_word' id='word_1_818' title='bbox 3895 5631 4041 5687; x_wconf 70' lang='grc' dir='ltr'><strong>ὥστε</strong></span> 
     </span>
    </p>
   </div>
   <div class='ocr_carea' id='block_1_74' title="bbox 827 5829 1344 5895">
    <p class='ocr_par' dir='ltr' id='par_1_74' title="bbox 827 5829 1344 5895">
     <span class='ocr_line' id='line_1_74' title="bbox 827 5829 1344 5895; baseline -0.002 -11"><span class='ocrx_word' id='word_1_819' title='bbox 827 5833 910 5884; x_wconf 78' lang='grc' dir='ltr'><strong>¹¹⁸Ι</strong></span> <span class='ocrx_word' id='word_1_820' title='bbox 957 5829 1117 5885; x_wconf 80' lang='lat' dir='ltr'><strong>Joan.</strong></span> <span class='ocrx_word' id='word_1_821' title='bbox 1150 5847 1223 5895; x_wconf 88' lang='lat' dir='ltr'><strong>tv,</strong></span> <span class='ocrx_word' id='word_1_822' title='bbox 1263 5829 1344 5883; x_wconf 90' lang='lat' dir='ltr'><strong>l0.</strong></span> 
     </span>
    </p>
   </div>
  </div>
