4266 6446
293 382 397 444 8-)1

1417 381 1948 444 (ὋΜΜΕΝΤΑΠΙΙ
1982 381 2064 440 IN
2100 382 2494 447 NUMEROS.

3434 383 3545 446 802

291 488 521 554 δικαίως
551 490 676 552 τοὺς
704 493 937 555 Acut-ca;
962 493 1102 562 ὑπὲρ
1124 492 1306 546 αὐτῶν
1330 492 1688 561 λειτουργεῖν.
1719 506 1878 558 κομιο
1903 496 1948 549 Δ

1860 496 1948 549 -Α
1981 492 2128 559 ipsos
2177 494 2542 546 conferuntur
2586 493 2939 554 sacerdotes.
2999 501 3055 545 ut
3101 495 3296 548 merito
3344 493 3545 549 Leviue

293 580 568 648 σιμινους
591 582 682 633 διὰ
709 584 816 634 τῶν
845 585 1034 652 ἱερέων
1068 585 1135 636 τὰ
1163 582 1355 650 λύτρα.
1395 579 1500 633 Τοῦ
1541 580 1597 631 δὲ
1632 578 1872 646 πλήθους

291 669 404 720 τῶν
434 671 675 722 Λευῖτῶν
707 673 800 724 τοῦ
827 673 1227 742 ἀντιδιδομένου
1255 671 1365 724 τῶν
1393 669 1753 740 πρωτοτόκων
1779 668 1872 720 δύ-

290 778 461 828 ναμιν
502 762 615 829 ἔχει
667 763 900 831 Χριστὸς
961 764 1182 816 πάντων
1230 761 1534 832 ἀνθρώπων
1577 758 1874 822 ἀντιδοθεὶς

290 854 403 905 τῶν
440 855 550 907 ἀπὸ
583 854 678 908 τοῦ
709 857 1156 924 πρωτοπλάστον.
1195 856 1257 926 ’ρ
1303 857 1360 908 δὲ
1409 855 1568 916 αὐτὸς
1620 855 1714 907 καὶ
1750 855 1875 907 ἀντὶ

290 947 393 1012 τῆς
445 945 769 1014 λυτρώσεως
824 948 933 998 τῶν
967 948 1257 1017 περιττῶν,
1313 948 1454 1015 ὑπὲρ
1504 939 1581 998 ὧν
1612 945 1711 998 οὑκ
1739 941 1881 1014 ἦσαν

291 1033 522 1086 Λευῖται
558 1037 836 1104 ἰσάριθμοι
861 1053 874 1065 ·
903 1038 964 1088 οὐ
999 1037 1264 1106 μερικῶς,
1295 1037 1415 1089 οὐδὲ
1437 1036 1726 1105 διαφόρως,
1763 1036 1879 1088 ἀλλ’

293 1119 378 1186 εἷς
411 1126 554 1193 ὑπὲρ
605 1128 823 1179 πάντων
877 1128 1071 1197 λύτρον
1121 1129 1428 1198 γινόμενος,
1479 1109 1880 1181 κατατιθέντων

291 1216 445 1285 αὐτῷ
503 1217 674 1287 λύτρα
723 1219 815 1272 τὸν
847 1219 1005 1285 λόγον
1031 1220 1132 1287 τῆς
1172 1221 1432 1282 πίστεως.
1481 1220 1880 1288 ὲμπεριέχοντα

289 1308 395 1375 τὴν
423 1309 519 1360 τοῦ
552 1310 900 1379 ἑπταμεροῢς
930 1312 1092 1379 νόμον
1128 1311 1433 1381 πλήρωσιν,
1475 1313 1534 1362 ἐν
1567 1313 1680 1374 τοῖς
1717 1311 1878 1363 πέντε

291 1397 502 1460 σίκλοις
535 1403 964 1470 σημαινομένην.

1979 581 2224 650 ipsorum
2256 585 2481 637 nomine
2515 598 2670 637 sacra
2714 585 2939 645 faciant,
2982 597 3079 652 per
3111 583 3260 652 ipsos
3293 583 3548 637 sacerdo-

1980 681 2063 726 tes
2099 674 2492 741 redemptionis
2519 676 2690 744 pretia
2739 674 3092 744 rcportaturi.
3128 671 3383 727 Omnium
3416 687 3546 725 vero

1977 773 2221 831 quoqnot
2261 761 2569 815 Levitarum
2603 742 3099 833 in‘primogcnitum
3136 764 3315 816 locum
3351 764 3548 815 subro-

1976 856 2086 923 gati
2126 864 2274 916 sunt,
2302 857 2563 922 aequalem
2591 864 2915 924 potestatem
2943 856 3203 909 Christus
3238 855 3401 908 habet
3425 856 3547 908 uni-

1975 959 2096 1002 cus.
2134 945 2226 1013 qui
2292 958 2390 1011 pro
2439 946 2696 998 omnibus
2739 945 3056 996 hominibus
3089 942 3157 996 ab
3198 942 3408 995 Adamo
3435 958 3548 994 υιιι-
3640 1016 3643 1021 Ι

1975 1037 2127 1088 Itium
2159 1046 2388 1102 parente
2413 1036 2907 1096 (lescettdentibus,
2947 1045 3026 1088 est
3054 1033 3364 1101 depositus.
3399 1030 3543 1094 Quin

1973 1140 2027 1181 et
2086 1129 2203 1195 ipse
2253 1142 2472 1196 quoque
2531 1143 2630 1196 pro
2662 1126 3040 1194 redemptione
3066 1125 3400 1192 reliquorum
3453 1120 3549 1187 qui

1977 1219 2292 1272 Levitarutn
2358 1235 2648 1272 numerum
2685 1218 3049 1280 excedebant,
3106 1214 3379 1269 satisfecit
3437 1226 3549 1265 non

1976 1311 2351 1379 particulatim
2414 1312 2661 1376 quidem,
2714 1325 2811 1361 nec
2866 1307 3115 1376 repetitis
3160 1306 3392 1367 vicibus,
3452 1301 3549 1356 sed

1986 1417 2130 1455 unus
2188 1401 2367 1454 factus
2397 1402 2561 1453 obses
2594 1414 2694 1466 pro
2726 1400 3006 1456 omnibus.
3037 1399 3275 1467 pretium
3336 1396 3552 1449 redem-

290 1490 496 1557 ptionis
523 1492 964 1557 persolventibus
995 1490 1064 1553 ci,
1093 1490 1250 1544 fidem
1307 1490 1768 1560 quinqucpartitte
1807 1490 1945 1561 legis
1985 1489 2358 1558 impletionem
2391 1491 2634 1557 quinque
2667 1487 2774 1539 illis
2808 1485 2960 1539 siclis
2989 1487 3153 1540 etiam
3177 1484 3548 1552 designatum,

287 1582 776 1648 complectentem,
805 1583 1080 1637 videlicet.

362 1670 438 1720 Τὸ
472 1672 548 1739 μὴ
574 1671 807 1740 ὁρᾶσθαι
841 1673 909 1726 τὰ
940 1673 1082 1743 ἱερὰ,
1131 1672 1191 1723 τὸ
1241 1670 1552 1741 ἀθεώρητον
1600 1671 1750 1740 δηλοῖ
1774 1671 1875 1739 τῆς

285 1762 559 1832 Θεὸτητος
583 1767 697 1826 τοῖς
726 1766 799 1835 μὴ
828 1767 908 1827 εἰς
935 1767 1103 1835 ἀκρον
1129 1764 1375 1832 ⁴ἣκουσιν.
1432 1765 1710 1833 Ἀγγέλοις
1745 1765 1875 1832 γοῦν

283 1854 352 1904 τὸ
384 1853 686 1906 θεάσασθαι
713 1855 805 1906 τὸν
854 1855 987 1907 Θεὸν
1039 1859 1320 1910 ἀνάκειται
1358 1856 1493 1927 πρὸς
1525 1855 1682 1920 δόξαν
1703 1870 1717 1881 ·
1750 1856 1873 1916 τοὺς

282 1943 346 1996 δὲ
367 1943 719 2015 ἀνθρώπους,
751 1945 976 2016 ὕστερόν
1007 1964 1141 2000 ποτε
1180 1947 1478 2002 θεάσασθαι
1519 1947 1673 2008 Θεδν,
1707 1946 1870 2014 φησιν

283 2036 314 2086 ὁ
342 2035 603 2102 Χριστὸς,
635 2037 766 2090 ὅταν
802 2037 997 2090 ἔλθωσι
1025 2039 1254 2110 καθαροὶ
1288 2041 1424 2111 πρὸς
1453 2040 1514 2091 τὸ
1540 2039 1762 2090 τέλειον.
1797 2038 1870 2090 Τὸ

283 2127 346 2179 δὲ
381 2128 525 2195 ἱερὸν
561 2127 788 2195 σκεῦος,
827 2130 902 2192 ὡς
952 2131 1088 2184 Θεοῦ
1129 2132 1288 2185 οὐσία
1321 2133 1568 2200 τιμᾶται,
1611 2130 1747 2183 καθὸ
1777 2130 1870 2182 καὶ

285 2219 473 2288 ήνὼοη
508 2220 692 2273 σκεύει
715 2223 749 2291 ἡ
784 2221 904 2274 θεία
939 2223 1098 2276 οὐσία
1146 2223 1286 2277 κατὰ
1315 2223 1413 2294 τὴν
1434 2223 1727 2291 σάρκωσιν.
1778 2223 1870 2292 Μὴ

284 2310 645 2381 θεωρουμὲνη
669 2312 729 2366 δι
761 2314 894 2382 ﬁva
925 2315 958 2382 ἡ
989 2314 1110 2368 θεία
1139 2315 1316 2377 οὐσία,
1350 2317 1490 2386 ὑπὲρ
1517 2315 1664 2385 ἡμᾶς
1697 2316 1869 2375 ἐστιν,

281 2402 408 2456 ἀλλ’
432 2404 744 2468 ἐπισκιάζει
773 2405 908 2475 ἡμῖν
942 2407 1303 2478 ὑπερέχουσα.

2050 1667 2320 1722 Caaterum
2383 1665 2528 1734 quod
2587 1678 2743 1718 sacra
2801 1662 3047 1729 conspici
3118 1675 3230 1714 non
3278 1668 3547 1729 poterant,
3634 1730 3636 1732 ν

1977 1758 2325 1812 divinitatem
2352 1755 2405 1808 in
2436 1755 2666 1809 sublime
2685 1769 2792 1807 non
2816 1753 3167 1805 tendentibus
3197 1751 3550 1819 spectandam

1979 1866 2086 1904 non
2110 1848 2368 1902 ohvenire
2396 1854 2719 1914 argumento
2747 1847 2983 1899 exstitit.
3015 1846 3170 1910 Quod
3205 1859 3336 1897 vero
3371 1844 3550 1911 angeli

1982 1944 2146 1996 Ηυιιηι
2179 1941 2654 2008 contemplautur.
2696 1939 2762 1991 ad
2813 1938 3039 2006 gloriam
3098 1939 3342 2002 ipsorum
3383 1936 3549 2002 facit;

1976 2034 2215 2105 posteris
2241 2031 2389 2086 enim
2425 2031 2767 2099 temporibus
2797 2030 3049 2083 homines
3074 2027 3242 2083 Deum
3269 2037 3554 2096 spectatu-

1973 2141 2067 2180 ros
2099 2140 2244 2188 esse,
2279 2125 2483 2178 indicat
2505 2123 2761 2178 Christus
2799 2125 2862 2186 ",
2894 2121 3115 2191 quando
3158 2120 3550 2190 perfectionem

1975 2215 2283 2272 absolutam
2325 2214 2529 2268 fuerint
2549 2213 2730 2283 adepti
2769 2203 3009 2281 nempe;
3031 2210 3138 2265 Vas
3171 2225 3302 2264 vero
3330 2223 3550 2263 sacrum

1975 2323 2074 2363 ceu
2132 2307 2230 2360 Dei
2299 2305 2605 2361 substantia
2658 2303 2880 2366 colitur,
2919 2303 3186 2372 siquidem
3224 2317 3349 2356 cum
3385 2315 3553 2355 carne

1977 2409 2237 2467 tanquam
2273 2414 2395 2450 cum
2427 2411 2556 2449 vase
2581 2395 2835 2464 copulata
2867 2403 2949 2448 cst
2974 2393 3251 2447 divinitas.
3279 2391 3552 2444 Atdivina
3621 2410 3628 2416 ο

282 2495 533 2559 essentia
560 2511 688 2550 cum
722 2498 887 2554 nobis
907 2499 1067 2567 longe
1096 2501 1170 2555 sit
1205 2499 1478 2569 superior,
1509 2508 1870 2569 conspectum
1908 2501 2159 2549 nostrum
2227 2489 2451 2560 refugit,
2483 2502 2547 2541 ac
2581 2502 2706 2542 sese
2731 2498 2992 2556 tanquam
3027 2485 3082 2540 in
3154 2484 3346 2540 umbra
3415 2499 3555 2552 qua-

284 2583 417 2640 dam
452 2602 623 2658 super
650 2602 754 2644 nos
784 2589 1042 2646 demittit.

359 2700 716 2770 Quapropter
773 2718 940 2772 super
968 2703 1218 2758 humeris
1250 2702 1561 2758 Levitarum
1626 2704 1868 2766 exsistit.
1897 2702 2053 2774 juxta
2089 2702 2221 2757 illud
2255 2701 2401 2771 quod
2427 2701 2631 2756 dicitur
2662 2699 2832 2754 Deum
2864 2715 3032 2769 super
3070 2699 3375 2754 Cherubim
3413 2699 3554 2754 resi-

283 2788 423 2842 dere
455 2797 512 2841 et
535 2803 705 2857 super
728 2788 1016 2859 Ephraim,
1047 2799 1309 2859 tanquam
1342 2806 1508 2860 super
1537 2792 1788 2845 buccula.
1822 2792 2143 2857 Contegitur
2175 2805 2306 2843 vero
2351 2803 2480 2842 arca
2509 2790 2749 2858 tegmine
2775 2787 2943 2843 variis
2983 2787 3268 2842 coloribus
3293 2787 3554 2840 distincto

283 2875 440 2944 quod
469 2876 524 2928 in
553 2876 768 2930 volucri
835 2877 993 2946 legis,
1027 2878 1524 2946 mandatorumque
1553 2878 1836 2932 varietatis
1859 2891 2082 2945 parvam
2117 2876 2583 2947 signiﬁcationem
2623 2874 2812 2928 habet.
2840 2873 3112 2939 Quocirca
3137 2874 3552 2944 byacinthinum

283 2961 638 3028 minimeque
673 2961 914 3016 lucidum
947 2971 1054 3027 est,
1088 2964 1235 3031 quod
1269 2964 1998 3025 incumbit-vestimentum,
2037 2964 2387 3032 coriumque.
2429 2964 2594 3030 Atqui
2637 2976 2826 3016 mensa
2864 2961 3184 3029 prazlucida,
3225 2976 3466 3030 purpura
3500 2971 3556 3013 et

282 3061 464 3100 cocco
520 3047 729 3116 tegitur
801 3058 1025 3117 pr0pter
1076 3049 1398 3118 sanguiue-ii
1435 3069 1448 3105 :
1487 3050 1799 3106 forinsecus
1841 3051 2007 3120 385
2067 3057 2252 3103 autem
2295 3049 2620 3119 hyacintho,
2669 3063 2736 3102 eo
2766 3047 2915 3116 quod
2969 3047 3191 3101 diﬂlcile
3218 3047 3291 3102 sit
3325 3049 3554 3116 cognitu

281 3140 536 3200 quantus
564 3134 618 3185 in
653 3133 839 3187 divina
866 3136 1146 3189 ambrosia
1178 3136 1465 3206 splendor,
1509 3146 1889 3206 quantumque
1913 3138 2110 3191 salutis
2147 3136 2199 3189 in
2237 3135 2443 3190 Christi
2505 3136 2777 3204 sanguine
2809 3135 2963 3190 insit.
2985 3134 3384 3188 Candelabrum
3411 3137 3554 3204 pelle

284 3222 616 3288 amictuque
683 3221 1045 3291 hyaeintbino
1084 3223 1397 3288 obvelatnr,
1455 3222 1716 3292 Ecclesia:
1742 3225 1945 3295 quippe
1971 3221 2118 3293 quod
2154 3221 2384 3290 ﬁguram
2415 3223 2695 3275 sustineat
2730 3239 2744 3275 :
2776 3237 2900 3274 nam
2929 3236 3123 3277 omnes
3157 3236 3249 3276 res
3297 3223 3556 3277 humana:

283 3305 552 3359 obscura:
582 3316 716 3360 sunt
755 3319 809 3362 et
830 3323 1036 3377 opacae.
1073 3306 1276 3386 Eodem
1299 3323 1518 3378 quoque
1565 3312 1727 3365 modo
1755 3312 1931 3366 altare
1988 3306 2311 3371 suﬁimenti',
2359 3309 2507 3376 quod
2546 3309 2966 3379 thymiaterium
3006 3321 3228 3374 vocant,
3283 3311 3496 3365 velatur
3536 3329 3549 3366 :

282 3393 430 3443 mlor
499 3393 649 3447 enim
697 3409 948 3464 precum,
1006 3395 1474 3465 quemadmodum
1503 3398 1813 3454 sullitorum
1857 3412 2104 3468 quoque,
2135 3396 2352 3452 occulte
2373 3397 2519 3450 intra
2548 3396 2733 3452 sinum
2759 3396 2932 3451 animi
2961 3399 3156 3468 serpit,
3185 3408 3245 3452 ut
3276 3400 3435 3455 testis
3467 3406 3556 3454 est

286 3476 492 3531 David.

359 3583 437 3635 Τὸ
462 3582 849 3657 θυσιαστήριον
878 3589 1213 3645 καλύπτεται
1248 3595 1518 3664 πορφυρῷ
1553 3594 1648 3647 καὶ
1693 3594 1881 3648 ὕακιν-
1906 3588 1952 3648 C

1868 3588 1952 3648 -C
2050 3591 2226 3647 Porro
2276 3593 2452 3646 altare
2511 3591 2826 3646 bolocausti
2867 3609 3112 3663 purpura
3168 3603 3224 3649 et
3254 3595 3553 3675 hyacintho

284 3675 442 3742 θίνῳ.
491 3676 610 3729 Ἐνι
639 3677 740 3746 μὲν
769 3679 877 3750 γὰρ
912 3681 971 3733 ὲν
1001 3681 1078 3753 τῷ
1118 3683 1248 3753 θείῳ
1282 3684 1484 3755 θύματι
1513 3686 1573 3740 τὸ
1623 3685 1874 3756 λαμπρὸν

1868 3703 1874 3729 ν
1981 3683 2302 3737 obvolvitur
2340 3701 2353 3736 :
2391 3683 2445 3736 in
2499 3681 2694 3736 divino
2755 3684 2902 3738 enim
2951 3686 3228 3740 sacrilicio
3288 3688 3553 3757 splendor

284 3771 384 3819 καὶ
417 3767 730 3835 βασιλικὸν,
762 3768 841 3821 ενι
874 3770 932 3823 δὲ
961 3774 1310 3843 ἑπικάλυψις.

1978 3785 2043 3826 ac
2072 3771 2477 3842 magniﬁcentia
2506 3782 2613 3837 est,
2654 3775 2897 3844 itemque
2921 3777 3203 3832 involutio.

355 3878 467 3933 Par
503 3889 594 3936 est
615 3890 800 3936 autem
847 3892 1041 3940 estate
1068 3887 1491 3942 tabernaculum
1547 3889 1732 3942 rubris
1762 3896 1816 3940 et
1843 3881 2216 3955 byacinthinis
2239 3882 2398 3948 velis,
2426 3884 2493 3936 ad
2529 3881 2702 3938 decus
2737 3892 2792 3937 ct
2825 3895 3084 3938 ornatum
3116 3887 3336 3951 obduci,
3367 3889 3548 3947 hieme

282 3983 421 4022 vero
444 3970 514 4023 de
536 3970 775 4039 pellibus
805 3973 937 4026 boni
962 3975 1275 4030 consulere.

357 4078 472 4133 Καὶ
499 4079 608 4146 τὰς
629 4080 854 4148 βάσεις
875 4082 1085 4152 αὐτῆς,
1126 4087 1224 4139 real
1259 4087 1329 4141 τὸ
1355 4087 1660 4158 κάλυμμα.
1681 4087 1868 4142 Ἐοικι
1951 4125 1966 4136 .

1856 4104 1868 4140 ι
1951 4125 1966 4136 .
2046 4079 2114 4135 Et
2144 4080 2322 4146 fulcra
2363 4082 2480 4150 ejus
2498 4091 2656 4152 atque
2683 4092 2905 4154 tegmen,
2954 4094 3060 4140 etc.
3099 4084 3213 4158 [IV,
3250 4087 3368 4161 32.]
3401 4088 3541 4160 Teg-

281 4169 560 4238 κάλυμμα
608 4170 705 4224 νῦν
756 4171 827 4225 τὰ
885 4173 1029 4226 ἱστία
1060 4175 1159 4245 τῆς
1208 4177 1382 4247 αὐλῆς
1423 4177 1621 4244 λέγειν,
1654 4178 1757 4254 οὐχ
1784 4178 1870 4230 ὅτι
1915 4175 1921 4182 ’

1855 4195 1870 4230 ι
1915 4175 1921 4182 ’
1972 4188 2100 4229 men
2155 4189 2305 4230 nunc
2329 4175 2453 4228 atrii
2499 4176 2611 4229 vela
2647 4192 2840 4231 vocare
2890 4177 3106 4232 videtur
3138 4197 3152 4231 :
3182 4195 3289 4233 non
3318 4182 3540 4249 quidem

280 4260 422 4314 αὐτὸ
437 4258 743 4325 ἐϐάσταζον
771 4279 785 4293 ·
802 4266 916 4326 τοῖς
944 4263 1053 4336 γὰρ
1077 4267 1215 4330 υιοῖς
1241 4267 1452 4322 Γιδσὼν
1471 4269 1866 4339 ἀπενενέμητοο

1853 4282 1866 4299 ι
1970 4264 2116 4335 quod
2180 4269 2517 4335 portaverint
2563 4269 2763 4336 ipsum,
2824 4269 2954 4324 ﬁliis
3011 4272 3160 4324 enim
3212 4271 3442 4327 Gersom
3487 4275 3538 4327 id

282 4350 423 4404 ἀλλὰ
443 4352 572 4414 τοὺς
608 4352 836 4413 στύλους
863 4353 1092 4409 τούτων.
1143 4358 1219 4410 Οὐ
1260 4343 1369 4430 γᾶρ
1395 4359 1555 4428 ,ἔστιν
1583 4360 1869 4432 ἐπινοῆσαι

1855 4379 1869 4413 ι
1972 4355 2217 4408 muneris
2275 4354 2591 4423 impositum
2636 4364 2776 4415 erat.
2809 4357 2903 4411 sed
2947 4358 3184 4426 perticas
3209 4360 3352 4427 ejus.
3392 4360 3540 4415 Con-

280 4442 477 4511 ἕτερον
510 4442 776 4512 κάλυμμα
813 4443 936 4512 ἕχον
971 4445 1219 4509 στύλους.

1967 4443 2174 4513 jectsre
2191 4446 2339 4500 enim
2369 4462 2480 4523 non
2510 4462 2808 4516 possumus
2828 4449 3072 4519 assequi,
3095 4459 3311 4520 tegmen
3330 4454 3538 4507 colum-

1967 4551 2072 4594 nas
2102 4537 2361 4594 habuisse
2396 4539 2564 4593 aliud.

354 4633 426 4724 Et
458 4642 666 4724 tegmen
695 4635 822 4689 ostii
854 4636 1213 4724 tabernaculi.
1254 4638 1421 4708 Atqui
1453 4638 1582 4696 ﬁliis
1605 4641 1838 4698 Gcrsotn
1865 4643 1970 4700 hoc
1997 4645 2157 4702 ofﬁcii
2189 4650 2353 4716 paulo
2387 4661 2515 4705 ante
2546 4651 2735 4704 datum
2775 4663 2914 4706 erat.
2955 4651 3156 4708 Verum
3189 4669 3291 4724 pro
3326 4657 3540 4711 colum-

279 4723 369 4775 nis
411 4721 615 4788 ipsius,
665 4730 882 4789 tegmen
920 4723 1098 4792 ipsum
1133 4725 1340 4793 posuit.

353 4806 914 4900 Quintia-leprosum,
943 4825 1150 4900 omnem
1205 4827 1383 4900 semen
1421 4813 1844 4881 profundentem,
1899 4834 2103 4873 onmem
2138 4838 2202 4875 ex
2253 4823 2433 4876 anima
2479 4827 2921 4880 contaminatam.
2946 4827 3036 4898 ιν.
3084 4827 3168 4900 2.]
3198 4828 3253 4883 Id
3295 4838 3402 4892 est.
3442 4831 3537 4900 qtti

275 4896 525 4949 cadaver
547 4893 773 4964 aliquod
809 4898 1200 4951 contrectavit.
1237 4895 1312 4951 De
1341 4899 1540 4952 hormn
1579 4910 1761 4954 autem
1810 4907 2187 4972 exploratione
2241 4924 2410 4979 supra
2455 4912 2510 4964 in
2552 4913 2794 4966 Levitit-o
2846 4893 3055 4970 dictum
3093 4893 3199 4973 est.
3234 4917 3372 4972 Illud
3408 4893 3538 4973 vero

276 4981 720 5076 ubservandum,
753 4981 902 5050 quod
935 4983 1091 5052 lepra
1117 4985 1563 5042 mortiﬁcationis
1589 4987 2050 5057 signiﬁcationem
2084 4997 2353 5059 continet.
2387 5005 2447 5052 ut
2482 5011 2678 5054 auctor
2706 5013 2791 5056 est
2827 5005 3009 5058 Aaron
3047 5022 3061 5057 :
3102 5020 3228 5060 cum
3257 5008 3404 5061 enim
3439 5023 3538 5076 pro

274 5067 452 5123 Maria
491 5084 686 5124 sumre
711 5084 810 5159 sua
844 5069 1241 5159 deprecaretur
1269 5074 1414 5142 apud
1445 5073 1637 5138 Deum,
1669 5076 1849 5146 inquit
1882 5096 1897 5133 :
1929 5077 2007 5134 Ne
2041 5082 2132 5135 liat
2165 5083 2362 5138 aborto
2383 5085 2580 5140 similis
2613 5088 2707 5157 qui
2745 5091 3027 5159 egreditur
3064 5106 3128 5146 ex
3160 5094 3388 5149 matrice
3423 5067 3538 5148 ma-
3606 5093 3609 5097 ’

272 5157 400 5215 tris.
434 5164 494 5209 et
529 5157 721 5210 carnis
758 5156 934 5225 ipsius
960 5157 1255 5211 dimidium
1287 5159 1612 5214 absumatur
1642 5163 1708 5216 “.
1749 5181 1767 5215 ι

349 5240 681 5337 Quicunque
712 5239 894 5307 fecerit
929 5257 994 5294 ea:
1021 5244 1266 5318 omnibus
1303 5245 1507 5337 delictts
1530 5263 1647 5315 qua!
1669 5258 1854 5301 contra
1879 5253 2140 5307 hominem
2171 5257 2546 5312 admittuntur.
2575 5259 2679 5331 [6.]
2703 5262 2801 5315 Vir
2838 5271 2935 5318 aut
2964 5265 3164 5319 mulier
3198 5267 3292 5336 qui
3330 5271 3538 5337 spolia-

271 5330 461 5384 verint
499 5329 1015 5416 aliquemtsortem
1054 5331 1426 5398 restituendo,
1457 5336 1816 5404 quintamque
1849 5347 2060 5408 partem
2103 5341 2436 5410 adjiciendo,
2467 5329 2683 5415 culpam
2726 5365 2881 5404 suam
2917 5329 3255 5416 rescindani,
3278 5329 3534 5411 dot-nino-

268 5431 382 5485 que
396 5415 690 5510 uictimam
723 5413 1034 5510 offerendo,
1089 5417 1332 5510 expiem.
1367 5417 1431 5510 lit
1461 5424 1573 5474 haec
1614 5422 1840 5510 quidem
1872 5439 2032 5492 pmua
2061 5446 2089 5481 a
2125 5428 2263 5486 furis
2308 5413 2578 5504 supplicio
2611 5453 2722 5506 quo
2752 5439 2818 5494 ad
2847 5440 3124 5510 quintupli
3169 5413 3531 5499 redditionem

265 5503 633 5600 astringitur,
665 5509 752 5600 est
779 5501 1002 5600 diversa
1027 5519 1042 5569 ;
1065 5505 1261 5600 “aliud
1292 5507 1437 5600 enim
1468 5509 1799 5600 supplicium
1844 5526 1942 5568 seu
1976 5530 2135 5586 pmna
2178 5501 2393 5588 peccati
2416 5501 2523 5586 est,
2552 5501 2703 5581 aliud
2743 5501 3069 5600 castigatio,
3087 5548 3181 5587 seu
3217 5537 3532 5588 emendatio

265 5591 417 5659 ejus.
452 5591 592 5655 Qua
618 5589 841 5659 quidem
869 5590 983 5646 illis
1011 5591 1309 5646 adhibetur
1331 5594 1423 5663 qui
1452 5593 1520 5648 ad
1554 5605 1789 5651 mentem
1824 5602 2029 5656 reversi
2055 5603 2123 5658 de
2176 5611 2524 5665 correctione
2585 5589 2938 5683 iniquitatuiit
2985 5589 3177 5673 sedulo
3235 5622 3474 5692 cogitant
3510 5644 3523 5677 :

343 5767 385 5797 "
415 5763 608 5818 Slatth.
639 5781 692 5824 ν.
725 5764 779 5819 8.
858 5767 901 5797 ὀ
926 5765 1071 5822 Psal.
1105 5784 1232 5830 est,
1259 5769 1310 5823 2.
1389 5774 1429 5803 "
1466 5770 1624 5826 Num.
1654 5787 1753 5837 xtl,
1782 5773 1865 5828 12.
