4266 6446
777 321 883 383 eos
2114 340 2470 400 PROCOPII
2509 340 2753 399 cum
2888 417 2895 424 l
3931 349 4029 413 θοι
4077 382 4080 384 ~

775 444 922 496 unde
949 445 1173 499 victima
1205 462 1398 501 eorum
1427 450 1496 503 ad
1529 452 1903 519 expiationem
1943 453 2050 506 illis
2077 469 2299 524 quoque
2325 456 2579 510 inseruit.
2627 455 2861 510 Pulchre
2901 469 3030 510 vero
3063 470 3127 510 ea
3171 469 3292 524 qua:
3323 455 3376 509 iu
3411 454 3666 510 homines
3698 454 4026 526 delinquun-

772 529 957 583 turiis
1001 532 1256 600 opponit,
1282 549 1407 602 qua:
1465 536 1518 588 in
1605 554 1813 592 numen
1863 541 2257 601 admittuntur,
2302 541 2619 611 nullamque
2664 541 3063 612 mitigationem
3128 541 3446 609 impetrant,
3476 541 3943 611 quemadmodum
3971 544 4024 597 in

771 630 838 668 eo
875 617 968 684 qui
1015 617 1240 671 Sabbati
1286 619 1420 673 feria
1457 622 1602 691 ligna
1638 625 1938 696 collegerat
1975 627 2196 696 planum
2225 628 2337 693 tiet,
2371 637 2428 683 et
2458 626 2661 681 factum
2691 629 2803 696 jam
2844 636 2928 684 est
2958 628 3012 682 in
3059 643 3127 683 eo
3154 631 3250 699 qui
3286 628 3357 683 ad
3386 628 3776 684 contumeliam
3811 628 3908 686 Dei
3935 644 4028 686 no-

770 703 917 756 mine
944 704 1063 770 ejus
1091 707 1300 762 abusus
1327 709 1528 763 fuerat.
3880 730 3890 738 ’

838 789 1213 863 Cuiuscunqne
1240 797 1341 849 viri
1375 813 1513 851 uxor
1551 801 1995 870 transgressionis
2039 817 2131 855 rea
2167 801 2356 870 fuerit.
2390 799 2533 874 [Ιί]
2565 801 2677 857 lloc
2705 802 3010 859 edocemur
3044 818 3200 865 sane,
3247 801 3396 873 quod
3428 803 3495 857 ad
3530 803 3625 857 Dei
3657 803 4025 874 cognitionem

766 877 870 931 sub
905 878 1040 933 falsa
1070 881 1336 950 puritatis
1375 886 1560 952 specie
1587 888 1833 954 pollutus
1857 889 2119 958 pertingit
2146 903 2307 942 nemo
2341 887 2587 953 Quorum
2616 891 2763 944 enim
2817 900 3042 960 peccata
3077 905 3185 944 non
3221 891 3421 961 palam,
3484 890 3702 961 judicio
3755 902 4022 959 extracta,

767 963 925 1023 fiunt.
993 982 1091 1020 eos
1131 971 1349 1023 occulte
1384 974 1883 1027 consectabantur.
1922 972 1980 1026 In
2035 974 2390 1029 Confessione
2429 977 2636 1045 quippe
2681 978 2995 1050 iniquitatis
3057 979 3200 1033 idem
3237 979 3384 1047 quod
3414 979 3469 1032 in
3524 979 3677 1047 lepra
3713 988 3768 1032 et
3801 980 4024 1034 seminis

761 1053 1038 1108 ell‘usione
1073 1059 1396 1126 ctuttingere
1424 1060 1566 1112 solet
1603 1077 1614 1111 :
1659 1068 1713 1114 te
1737 1062 1886 1113 enim
1933 1069 2154 1114 tacente
2187 1062 2338 1123 licet,
2383 1065 2750 1132 cogitationes
2785 1066 2852 1121 ad
2883 1067 3064 1127 Deum.
3096 1068 3405 1130 clamitant,
3431 1067 3598 1120 verba
3632 1069 3759 1121 item
3793 1082 4023 1136 quorum

759 1143 920 1192 ctiam
949 1143 1052 1195 sub
1086 1142 1370 1196 hominum
1399 1146 1648 1198 notitiam
1692 1147 1899 1200 cadunt
1950 1146 2277 1202 aﬂ'ectioncs
2315 1167 2328 1202 :
2364 1151 2601 1207 tenebrae
2646 1153 2882 1223 denique
2914 1155 2966 1207 in
3016 1154 3221 1223 quibus
3261 1154 3594 1208 adulterium
3628 1168 3752 1208 sese
3795 1154 3940 1208 fovet
3969 1162 4026 1209 et

759 1232 1385 1300 siistentat~plcrumque
1410 1250 1425 1297 ;
1452 1243 1796 1304 quapropter
1830 1234 2191 1290 Ecclesiastes
2219 1237 2394 1305 inquit
2425 1240 2469 1270 “
2500 1255 2718 1294 omnem
2773 1242 3047 1294 actionem
3079 1255 3108 1294 a
3137 1241 3247 1295 Deo
3279 1241 3335 1294 in
3388 1240 3659 1308 judicium
3700 1243 4022 1310 producam

758 1319 824 1370 iri
852 1336 867 1378 ;
924 1335 1140 1373 necnon
1174 1321 1469 1403 Apostolus
1501 1342 1512 1376 :
1558 1341 1575 1373 (
1612 1323 1816 1385 Omnes
1850 1325 2071 1394 quidem
2128 1341 2229 1378 nos
2273 1340 2461 1378 coram
2492 1327 2755 1381 tribunali
2789 1327 2999 1382 Christi
3027 1326 3307 1383 sistendos
3342 1343 3492 1393 esse,
3527 1336 3585 1382 ut
3629 1329 3870 1398 quisque
3899 1343 4024 1398 pro-

761 1411 883 1477 prio
906 1426 1138 1477 corpore
1172 1412 1411 1474 auferat,
1446 1415 1590 1484 quod
1617 1419 1763 1471 eoin
1791 1419 1900 1470 vita
1935 1418 2219 1486 qumsivit,
2264 1418 2380 1472 sive
2404 1418 2604 1471 bonum
2652 1418 2743 1476 sit,
2773 1417 2890 1470 sive
2924 1426 3122 1469 contra
3149 1417 3216 1468 ".
3269 1433 3287 1464 ι

835 1495 1151 1551 Hardeacea
1185 1502 1348 1569 igitur
1382 1502 1567 1569 farina
1599 1510 1738 1557 citra
1761 1505 1880 1558 llms
1903 1515 1954 1558 et
1983 1505 2154 1558 oleum
2189 1505 2513 1557 adducatur.
2547 1501 2689 1574 [15.]
2718 1501 2831 1557 Hoc
2871 1517 3032 1565 sane,
3053 1513 3404 1572 peccatorum
3441 1505 3610 1556 vitam
3640 1503 4017 1570 jumentorum

755 1587 914 1653 plane
943 1589 1178 1642 similem
1209 1605 1352 1654 esse,
1388 1593 1439 1645 in
1469 1608 1575 1661 qua
1609 1595 1846 1662 saporis.
1881 1595 1933 1648 in
1957 1610 2062 1663 qua
2096 1591 2481 1648 delectationis
2516 1590 2652 1643 nihil
2679 1591 2772 1648 sit.
2801 1591 2998 1659 arguit.
3025 1588 3331 1658 Perpetuus
3351 1589 3498 1642 enim
3526 1590 3782 1658 supplicii
3823 1599 4020 1653 metus,

751 1681 806 1728 et
833 1675 900 1728 de
929 1690 1132 1729 corona
1173 1677 1328 1731 adest
1355 1678 1692 1747 desperatio.
1724 1679 1882 1734 Nuda
1911 1696 2042 1734 vero
2090 1682 2142 1734 itt
2171 1681 2386 1749 judicio
2409 1678 2634 1732 astabit.
2684 1674 2830 1729 Nihil
2874 1677 3177 1745 quidquam
3211 1675 3378 1730 Deum
3409 1677 3503 1744 qui
3537 1685 3819 1729 scrutatur
3859 1677 4021 1730 corda

752 1776 1024 1830 renesque
1055 1765 1100 1794 "
1130 1764 1316 1818 fallere
1345 1780 1513 1833 posse
1540 1769 1764 1822 auditas
1799 1768 2051 1822 mulieris
2087 1775 2442 1838 repraesentat
2469 1782 2485 1832 ;
2520 1763 2692 1817 Deum
2717 1763 2965 1830 inquam,
2995 1763 3088 1832 qui
3114 1777 3248 1817 voce
3295 1765 3580 1833 propheta
3606 1763 3680 1816 ita
3710 1762 4015 1832 eloquitur:

752 1869 774 1900 r
816 1847 960 1904 Deus
991 1867 1091 1918 ego
1120 1853 1468 1922 propinquus
1503 1869 1651 1919 sum,
1683 1857 1820 1910 dicit
1860 1853 2148 1918 Dominus,
2194 1872 2295 1910 nec
2318 1854 2461 1907 Deus
2480 1868 2600 1906 sum
2633 1863 2881 1907 remotus
2904 1853 2969 1912 ”.
3005 1870 3023 1903 ι
3051 1852 3212 1920 cujus
3232 1852 3300 1905 ab
3316 1852 3492 1906 oculis
3517 1867 3624 1906 non
3653 1853 4021 1906 ahscondetur

745 1936 1294 2006 qttithiiaiii,tpiatito
1321 1941 1503 1996 minus
1524 1958 1653 1997 vero
1675 1944 2035 2013 turpitudinis
2053 1944 2310 1997 erimina.
2339 1941 2549 1995 Idcirco
2570 1939 2776 1993 Paulus
2792 1940 2860 2002 ",
2888 1939 3173 1994 mulierem
3203 1939 3350 1993 nudo
3366 1941 3546 2008 capite
3571 1955 3761 2009 preces
3788 1940 4021 1996 fundere

747 2026 940 2080 vetuit.
966 2024 1128 2079 ludes
1155 2043 1282 2081 vero
1302 2027 1469 2099 386
1492 2029 1581 2082 Dei
1607 2033 1834 2084 verbum
1863 2045 1967 2096 ρει,
1993 2032 2139 2100 quod
2161 2040 2585 2101 reprwsentatur
2616 2029 2668 2080 in
2688 2025 2946 2096 imagine,
2965 2042 3064 2081 ceu
3093 2041 3232 2095 aqua
3260 2029 3379 2078 viva
3403 2043 3526 2096 qua:
3546 2027 3741 2080 hausta
3768 2036 4020 2095 penetrat

743 2127 799 2165 tn
836 2112 1024 2165 intima
1047 2113 1318 2183 praedicta:
1349 2117 1598 2176 mulieris
1623 2118 1857 2173 viscera.
1883 2117 2179 2172 Contendit
2206 2119 2351 2172 enim
2383 2117 2514 2170 illud
2548 2117 2599 2170 in
2626 2117 2773 2183 ipsas
2802 2115 2971 2168 animi
2997 2114 3176 2175 sedes.
3205 2115 3258 2169 in
3285 2115 3583 2184 juncturas
3614 2116 4013 2178 membrorum,

744 2203 797 2251 in
838 2200 1104 2254 medullas
1137 2203 1369 2262 assium,
1410 2218 1472 2256 ac
1510 2204 1780 2258 discernit
1812 2214 1864 2258 ct
1905 2206 2156 2274 explorat
2191 2203 2509 2259 affectiones
2558 2203 2756 2257 mentis
2822 2203 3104 2269 animique
3134 2203 3523 2271 cogitationes.
3550 2201 3723 2272 Cujus
3749 2203 3898 2257 verbi
3933 2203 4017 2257 vis

741 2287 794 2339 in
831 2289 1212 2356 pronuntiatis
1241 2288 1609 2360 judicialibus
1646 2291 1700 2344 in
1743 2292 1882 2346 libro
1913 2293 2232 2361 descriptis,
2265 2307 2517 2361 aquaque
2551 2291 2640 2344 illa
2671 2289 2958 2350 delibutis,
2980 2290 3326 2344 abortionem
3361 2305 3425 2344 ac
3459 2291 3670 2346 ventris
3700 2291 4014 2344 Inflamma-

741 2377 944 2428 tionem
975 2377 1242 2430 adulti-rte
1274 2363 1696 2433 concitantibus
1731 2382 2008 2434 consistit.
2041 2380 2255 2447 Quibus
2287 2379 2674 2454 affectionibus
2701 2377 2976 2440 ntulieris,
3016 2377 3150 2447 quid
3177 2378 3316 2448 legis
3364 2380 3653 2449 neglectus
3683 2379 3866 2447 pariat
3927 2380 4014 2432 in-

738 2463 976 2516 dicatur.
1016 2465 1179 2534 Atqui
1205 2480 1346 2534 aqua
1370 2467 1460 2520 illa
1488 2469 1612 2521 viva
1648 2477 1813 2538 atque
1839 2484 1996 2538 pura,
2030 2467 2122 2522 Dei
2155 2470 2378 2524 verbum
2411 2467 2716 2543 vivificaris,
2751 2468 3044 2536 omnisque
3067 2468 3290 2537 peccati
3321 2482 3537 2528 exsors,
3570 2467 3718 2538 quod
3747 2467 3802 2520 in
3843 2481 4014 2522 carne

740 2563 1005 2619 tanquam
1042 2554 1094 2606 iu
1136 2562 1391 2608 vestaceo
1449 2571 1580 2609 vase
1618 2556 1691 2625 (e
1733 2567 1878 2611 terra
1907 2557 2054 2610 enim
2085 2572 2214 2612 caro
2271 2557 2414 2626 fuit),
2447 2555 2742 2626 significat.
2777 2555 2850 2608 At
2894 2556 3118 2610 tentorii
3155 2555 3336 2623 pulvis
3364 2565 3596 2609 mortem
3639 2554 3816 2624 ipsius
3843 2569 4011 2622 quam

738 2653 925 2692 nostra
952 2656 1118 2695 eausa
1155 2643 1402 2709 pertulit,
1425 2643 1874 2713 insinuat,ju\ta
1911 2644 2040 2698 illud
2071 2644 2219 2710 quod
2253 2644 2480 2708 homini,
2504 2659 2629 2697 eum
2659 2653 2880 2697 creatus
2911 2653 3082 2704 esset,
3109 2642 3213 2696 fuit
3247 2643 3458 2697 dictum
3485 2661 3500 2696 :
3532 2661 3552 2694 ι
3591 2641 3748 2698 Cinis
3775 2658 3837 2698 es
3867 2651 3923 2696 et
3957 2644 4012 2695 in

735 2730 981 2781 cinerem
1015 2730 1222 2783 redibis
1255 2731 1321 2783 ⁸⁷.
1363 2748 1382 2780 ι
1423 2728 1604 2784 Verba
1643 2748 1773 2784 vero
1799 2731 2309 2792 condemnationis,
2332 2731 2483 2785 illum
2518 2732 2609 2800 qui
2649 2746 2745 2799 pro
2784 2731 2947 2784 nobis
2982 2730 3430 2785 exsecrationem
3467 2730 3675 2785 subivit
3705 2731 4004 2784 denotant.

735 2813 1094 2868 Essem-ataui
1134 2818 1280 2870 enim
1310 2826 1576 2872 cunctum
1615 2834 1740 2873 csse
1771 2820 1866 2887 qui
1898 2835 1928 2872 e
1961 2820 2110 2890 ligno
2144 2817 2427 2889 pependit,
2460 2821 2728 2889 scriptum
2767 2817 2938 2874 est“.
2986 2818 3241 2873 Christus
3293 2817 3462 2888 igitur
3492 2818 3547 2871 in
3571 2815 4010 2886 animi'profun-

729 2906 960 2958 ditatem
1016 2905 1303 2965 recedens.
1372 2922 1495 2961 reos
1534 2909 1758 2974 quidem
1805 2907 2088 2977 puniendo
2147 2907 2449 2975 redarguit,
2494 2907 2744 2962 insontes
2782 2921 2910 2960 vero
2947 2903 3240 2976 frugiferos
3299 2905 3500 2959 reddit.
3535 2905 3720 2976 Atqui
3755 2903 3865 2959 Deo
3899 2921 4008 2958 non

731 3008 994 3062 acceptus
1027 3003 1112 3047 est
1169 2995 1423 3062 punitur,
1465 3010 1589 3049 cu.n
1621 2996 1770 3048 uilla
1807 2995 1928 3064 ejus
1962 2995 2168 3049 mentio
2206 2994 2297 3048 fiet
2321 2997 2462 3064 apud
2501 3011 2626 3050 eum
2670 2997 2765 3064 qui
2795 2995 2863 3048 ad
2895 2996 3109 3049 alienos
3153 2994 3289 3049 dicit
3325 3011 3339 3048 :
3383 3012 3402 3045 ι
3434 2990 3553 3047 Νοιι
3588 2994 3717 3048 novi
3758 3009 3853 3046 vos
3876 2994 3943 3047 ”.
3983 3013 4004 3045 ›

728 3082 1003 3136 Caeterum
1033 3083 1126 3148 qui
1159 3084 1367 3151 patitur
1415 3082 1578 3137 valde
1636 3082 1885 3152 indigna,
1914 3080 2038 3138 aliis
2060 3085 2440 3153 juramentum
2495 3084 2638 3137 mala
2681 3082 3040 3153 propulsandi
3074 3081 3299 3151 fit,‘qui,
3332 3079 3411 3136 Ne
3442 3081 3575 3134 mihi
3597 3083 3818 3136 eveniat
3850 3082 4004 3150 quod

728 3181 910 3223 eventi
953 3172 1051 3232 illi,
1087 3171 1302 3225 dicmit.
2081 3210 2084 3214 λ
3174 3159 3188 3165 ’

798 3259 1111 3328 Quicunque
1141 3260 1220 3312 vir
1254 3276 1346 3313 seu
1376 3260 1566 3313 mulier
1602 3269 1781 3313 votum
1819 3276 2074 3330 maguum
2107 3262 2514 3328 nuncupaverit.
2552 3257 2670 3332 [Ἣ.
2711 3257 2796 3327 2.1
2831 3258 3152 3314 Graecorum
3201 3257 3388 3332 liberi,
3420 3257 3466 3313 si
3511 3257 3566 3311 In
3615 3258 3891 3328 nymphas
3922 3259 4010 3315 vel

726 3358 1044 3407 montanas,
1086 3347 1166 3400 vel
1193 3348 1470 3416 aquatiles
1503 3347 1858 3408 incidissent,
1887 3363 2076 3402 comas
2113 3349 2455 3403 nutriebant.
2485 3346 2598 3404 Lex
2634 3350 2819 3417 itaque
2854 3347 2997 3401 mala
3045 3345 3363 3400 daemonum
3394 3346 3806 3400 consuetudine
3845 3347 4009 3402 dem-

723 3444 817 3502 pta
859 3434 924 3487 ad
966 3434 1134 3486 Deum
1168 3433 1271 3488 hoc
1301 3436 1479 3504 ipsmn
1517 3436 1805 3491 transfert.
1841 3436 1965 3489 Pari
1999 3437 2259 3489 nimirum
2291 3437 2476 3498 modo,
2505 3451 2614 3505 quo
2650 3435 2949 3498 sacriﬁcia,
2979 3435 3046 3489 de
3086 3434 3289 3505 quibus
3330 3433 3475 3503 apud
3510 3433 3706 3488 Isaiam
3741 3435 3879 3489 dicit

687 3522 934 3592 ‘Ecquis
967 3536 1098 3576 vero
1133 3522 1202 3576 de
1241 3523 1501 3578 manilius
1538 3526 1740 3579 vestris
1771 3539 1834 3578 ea
1866 3525 2215 3592 requirebat,
2252 3523 2362 3578 illis
2394 3523 2734 3576 condonavit
2788 3526 2955 3577 etiam
2985 3524 3033 3556 ³⁸
3062 3540 3108 3576 ι.
3140 3519 3411 3577 Caeterum
3436 3531 3603 3592 caput
3628 3523 3836 3579 mentis
3889 3538 4009 3593 pra:

720 3627 781 3665 se
843 3602 1137 3681 imaginem
1203 3610 1346 3677 fert;
1407 3613 1595 3682 capilli
1633 3629 1764 3667 vero
1789 3615 2190 3684 cogitationum
2250 3623 2305 3667 et
2355 3612 2657 3665 motionum
2715 3624 2744 3662 a
2792 3620 2988 3662 natura
3013 3610 3173 3663 nobis
3199 3610 3516 3664 insitarum.
3551 3611 3623 3663 At
3671 3612 3768 3679 qui
3807 3613 3862 3665 in
3905 3613 4005 3668 Dei

719 3701 987 3754 honorem
1051 3715 1266 3753 comam
1356 3706 1552 3766 nutrit,
1610 3702 1838 3771 optimis
1887 3703 2209 3757 actionibus
2238 3714 2474 3771 quarum
2526 3711 2694 3752 causa
2730 3686 2914 3750 divina
2956 3697 3270 3767 cognitione
3308 3696 3509 3768 dignus
3540 3699 3743 3764 evadit,
3771 3714 4004 3769 operam

719 3799 905 3844 navat.
942 3789 1291 3858 Quapropter
1326 3792 1393 3842 ab
1423 3791 1574 3844 omni
1603 3789 1813 3843 malitia
1853 3802 2114 3858 tanquam
2151 3790 2221 3844 ab
2243 3789 2532 3848 ebrietate,
2570 3803 2638 3841 ex
2664 3801 2823 3855 atquo
2862 3790 3015 3840 enim
3056 3795 3296 3841 mentem
3336 3787 3562 3849 alienat,
3600 3788 4001 3857 abstinendum

714 3887 818 3931 est.
854 3875 1011 3942 Quod
1045 3879 1220 3946 ipsum
1256 3892 1438 3931 sermo
1470 3877 1558 3931 ille
1589 3877 1948 3948 propheticus
1980 3879 2228 3932 declarat
2266 3894 2279 3929 :
2319 3894 2338 3929 ι
2365 3875 2638 3929 Sacerdos
2664 3885 2719 3929 et
2755 3884 2911 3929 vates
2969 3875 3098 3929 vino
3126 3873 3391 3930 vecordes
3445 3885 3575 3930 sunt
3610 3874 3761 3937 facti.
3803 3880 4004 3934 sicera

717 3965 1151 4035 ingurgitatioue
1177 3974 1309 4020 sunt
1335 3968 1581 4035 quassati
1610 3966 1676 4021 ".
1713 3986 1732 4017 ι
1766 3967 1896 4020 Item
1923 3966 2054 4020 illud
2080 3964 2226 4034 quod
2255 3964 2387 4019 alibi
2411 3962 2582 4018 Isaias
2607 3962 2742 4017 dicit
2771 3981 2785 4018 :
2829 3981 2849 4014 ι
2885 3961 3023 4018 Vitis
3063 3963 3209 4017 enim
3239 3977 3431 4018 eorum
3464 3978 3530 4018 ex
3557 3965 3714 4021 vinea
3740 3952 4002 4023 Sodoma

712 4061 819 4118 est,
858 4061 1199 4106 sarmentum
1238 4053 1484 4123 ipsorum
1517 4070 1582 4108 ex
1624 4053 1970 4118 Gomorrba;
2003 4052 2116 4108 Uva
2140 4067 2333 4107 eorum
2358 4067 2463 4106 uva
2493 4052 2620 4106 bilis
2650 4059 2770 4115 est,
2804 4052 2996 4106 botros
3039 4051 3244 4105 habent
3265 4053 3539 4121 pouticos,
3575 4055 3797 4109 animus
3823 4064 4000 4112 :estus

711 4145 1018 4196 draconum
1083 4143 1271 4196 vinum
1299 4159 1490 4196 eorum
1523 4143 1566 4174 ³¹
1603 4163 1648 4197 ι.
1688 4142 1826 4196 Sunt
1850 4144 1944 4211 qui
1983 4142 2295 4212 prtuimum
2327 4159 2487 4197 suum
2522 4142 2833 4196 turbulenta
2870 4141 2987 4195 fece
3035 4153 3260 4211 potasse
3295 4141 3572 4197 feruntur.
3599 4144 3857 4207 Acetum,
3896 4161 4001 4198 vo-

715 4236 957 4299 luptates
979 4245 1237 4285 enormes
1291 4240 1348 4286 et
1390 4247 1514 4285 cum
1545 4243 1740 4286 natura
1765 4240 2078 4302 pugnantes
2118 4241 2503 4301 rcprxsentat.
2555 4231 2832 4286 Caterum
2875 4232 3176 4286 interdicto
3209 4247 3438 4286 uvarum
3481 4248 3776 4303 passarum
3799 4243 3854 4289 et
3886 4238 4001 4291 aci-

670 4320 909 4382 't,.orum
965 4320 1324 4373 vinaceorum
1397 4321 1736 4375 inveteratas
1792 4321 2129 4397 voluptates,
2177 4319 2464 4384 amolitnr,
2512 4329 2625 4375 eta
2661 4320 2914 4391 vestigiis
2950 4335 3145 4375 eorum
3195 4329 3433 4375 mentem
3473 4320 3822 4377 referendam
3865 4342 3999 4378 esse

711 4418 920 4474 nonet,
975 4417 1032 4461 et
1073 4408 1142 4462 ad
1183 4410 1453 4461 vomitum
1493 4416 1849 4476 peccatorum
1895 4405 2078 4483 redire
2128 4414 2313 4472 vetat;
2345 4414 2398 4460 et
2438 4407 2506 4461 ab
2539 4407 2626 4462 his
2672 4422 2809 4462 sane
2844 4407 3012 4462 rebus
3048 4405 3143 4476 qui
3195 4407 3460 4472 abstinet,
3494 4408 3628 4462 etin
3657 4423 3722 4464 ea
3747 4425 3874 4479 quae
3905 4411 3996 4465 his

707 4508 837 4551 Sillll
868 4497 1152 4550 contraria
1183 4496 1478 4560 incumbit,
1516 4494 1629 4549 Deo
1660 4509 1818 4548 suam
1852 4507 2068 4547 comam
2097 4495 2306 4556 nutrit;
2340 4495 2432 4562 qui
2461 4497 2506 4549 si
2544 4510 2762 4550 comam
2796 4511 2998 4565 vapore
3023 4496 3210 4569 aliquo
3232 4496 3447 4549 exitiali
3472 4497 3672 4559 deleat,
3704 4499 3991 4554 calvitiem

708 4587 912 4641 l'tedam
955 4600 1055 4640 nec
1092 4586 1213 4642 sine
1249 4601 1450 4653 magno
1489 4586 1763 4641 dedecore
1789 4586 1974 4639 efficit.
2003 4583 2272 4651 Quocirca
2299 4581 2367 4637 ad
2393 4581 2696 4638 Jerusalem
2739 4584 2880 4638 dixit
2933 4582 3202 4638 Dominus
3235 4598 3249 4635 :
3289 4601 3307 4635 ι
3351 4581 3504 4638 Rade
3546 4595 3620 4647 te,
3644 4593 3701 4638 et
3756 4586 3996 4642 tondere

700 4676 1071 4730 delicatorum
1124 4684 1380 4728 natorum
1427 4683 1649 4727 tuorum
1714 4687 1884 4727 causa
1919 4672 2001 4738 ⁸³;
2039 4692 2057 4723 ι
2099 4673 2414 4742 ignominia:
2457 4673 2602 4725 enim
2645 4680 2699 4725 et
2755 4674 2939 4726 luctus
2973 4671 3243 4726 indicium
3298 4681 3532 4726 tonsura
3566 4680 3672 4726 est.
3709 4670 3992 4732 Omnibus

701 4765 872 4833 igitur
923 4771 1119 4816 exacte
1151 4762 1467 4832 perpensis.
1527 4777 1656 4816 eum
1689 4762 1783 4831 qui
1821 4777 1914 4832 per
1966 4772 2259 4831 peccatum
2292 4760 2429 4829 (per
2461 4760 2687 4827 quodin
2736 4761 2932 4814 mortis
2973 4760 3196 4814 vincula
3250 4759 3518 4829 delapsus
3552 4762 3776 4816 animus
3811 4763 4014 4819 nullis'

699 4867 847 4908 ιη-ριο
911 4851 1074 4906 factis
1138 4868 1260 4906 sese
1288 4852 1529 4920 amplius
1583 4866 1808 4906 comare
1867 4851 2098 4920 poterit)
2131 4867 2158 4903 a
2205 4863 2307 4917 sua
2357 4848 2804 4901 sanctificatione
2853 4848 3084 4910 excidit,
3123 4848 3273 4900 illam
3328 4855 3556 4917 captare
3582 4861 3992 4921 assumereque

697 4945 898 4998 iterum
949 4958 1178 4997 necesse
1213 4950 1320 4996 est.
1358 4943 1436 4995 Ad
1464 4940 1779 5010 hujusmodi
1822 4941 2024 4993 Paulus
2060 4938 2238 5004 inquit
2272 4953 2284 4988 :
2323 4955 2340 4986 ι
2383 4935 2589 5001 Filioli,
2622 4934 2690 4989 de
2716 4935 2923 5003 quibus
2960 4935 3160 4990 iterum
3186 4935 3389 4989 lectum
3416 4938 3676 5006 concepi,
3702 4938 3834 4993 dum
3868 4938 3994 4994 fur-

695 5042 876 5086 tnetur
921 5032 973 5085 in
1014 5032 1169 5085 vobis
1196 5031 1454 5084 Christus
1483 5029 1546 5082 “.
1583 5048 1601 5080 ι
1641 5027 1773 5081 Nam
1818 5029 1862 5082 si
1899 5027 2225 5096 poenitentia
2269 5024 2463 5078 faciem
2499 5039 2654 5077 suam
2695 5024 2978 5083 extulerit,
3025 5038 3151 5091 spes
3183 5032 3269 5079 est
3329 5025 3484 5086 vita},
3512 5025 3988 5094 quemadmodum

694 5122 748 5174 in
805 5121 913 5172 illis
971 5135 1206 5192 quorum
1241 5119 1426 5189 capilli
1451 5124 1744 5190 emergunt
1781 5117 2003 5178 iterum,
2037 5114 2420 5167 adnmbratmn
2448 5121 2553 5166 est.
2585 5109 2813 5165 Recedit
2863 5111 3032 5181 igitur
3073 5127 3102 5164 a
3132 5113 3339 5181 peccati
3395 5115 3706 5179 sepultura,
3737 5124 3792 5169 et
3824 5133 3992 5182 reve-

692 5210 872 5262 rentia
902 5225 1064 5278 quam
1097 5207 1422 5275 parentibus
1458 5215 1655 5259 natura
1687 5205 1870 5266 debet,
1904 5205 2065 5274 longe
2101 5205 2256 5272 prius
2286 5203 2497 5255 habens
2547 5197 2659 5254 Deo
2698 5200 2944 5268 probari,
2972 5215 3137 5268 quam
3177 5201 3522 5269 parentibus.
3575 5203 3770 5258 Virtus
3798 5207 3984 5274 enim,

691 5298 780 5351 ubi
819 5298 871 5350 in
913 5297 1091 5349 ullieio
1121 5313 1222 5349 suo
1253 5303 1360 5356 est,
1385 5296 1574 5348 carnis
1606 5293 1964 5361 cupiditatem
1999 5302 2353 5362 aspernatur,
2400 5288 2534 5359 quin
2571 5297 2626 5342 et
2658 5288 2948 5358 sanguinis
2982 5289 3385 5360 propinquitati
3419 5290 3582 5359 longe
3632 5302 3986 5363 anteponen-

688 5390 791 5440 dns
821 5395 906 5438 est
933 5385 1111 5448 Dens;
1146 5383 1304 5445 Nam,
1345 5401 1364 5434 ι
1406 5381 1509 5449 Qui
1545 5397 1711 5451 supra
1765 5397 1870 5446 me,
1907 5381 2108 5450 inquit,
2168 5389 2378 5450 patrem
2414 5390 2508 5432 aut
2532 5388 2762 5431 matrem
2802 5393 2960 5432 suam
3003 5380 3207 5442 diligit,
3243 5394 3331 5434 me
3361 5395 3468 5433 non
3495 5389 3580 5436 est
3609 5380 3817 5454 dignus
3841 5383 3910 5439 ⁸³.
3954 5405 3976 5436 ο

685 5477 915 5542 insuper
939 5475 1140 5528 etillud
1175 5491 1185 5525 :
1219 5493 1236 5524 t
1275 5473 1356 5527 Me
1405 5487 1724 5539 assequere,
1756 5481 1810 5522 et
1851 5479 2104 5524 mortuos
2151 5470 2438 5522 inhumare
2487 5484 2620 5521 suos
2653 5479 2902 5523 mortuos
2945 5468 3068 5523 sine
3095 5469 3177 5535 ³⁶¹;
3221 5487 3239 5519 ι
3275 5469 3500 5539 quando
3552 5485 3682 5525 cum
3741 5487 3810 5528 eo
3879 5477 3982 5544 qui

755 5653 799 5681 "
832 5649 1014 5704 Ecele.
1043 5664 1140 5712 vn,
1177 5647 1259 5701 li.
1337 5647 1382 5678 ”
1417 5646 1456 5701 Il
1495 5645 1625 5699 Cor.
1663 5661 1714 5705 v,
1747 5644 1829 5696 l0.
1905 5643 1951 5674 ’⁷⁸
1982 5641 2130 5697 Psal.
2159 5641 2364 5702 vlt,10.

2291 5641 2364 5696 ιο,
2443 5643 2487 5675 ’³
2519 5641 2722 5694 .lcrem.
2762 5658 2919 5700 χχιιι.
2944 5643 3036 5697 εδ.
3090 5645 3182 5713 y'“
3213 5646 3232 5698 l
3266 5646 3397 5699 Cor.
3433 5663 3510 5709 ιιι,
3553 5649 3634 5702 1?.
3745 5649 3791 5682 ’ν
3824 5647 3976 5713 Geo.

684 5736 766 5784 ιιι,
794 5724 870 5771 tu.
951 5711 1296 5788 ",Dmdxvt.
1320 5718 1420 5782 (ὥς
1445 5716 1623 5790 Ωθιιιιῄ
1651 5733 1732 5778 ιιι,
1758 5716 1894 5790 15η-
1949 5715 1997 5790 ’⁵.
2022 5713 2335 5790 Mattlt_._vn,

2300 5731 2335 5779 ι,
2373 5715 2489 5790 f2_.'-.._
2545 5715 2593 5790 '°_
2627 5713 2729 5768 lsa.
2773 5715 2935 5790 t,_t_2.
3020 5715 3061 5748 "
3090 5711 3204 5771 ‘lsa.
3231 5719 3492 5786 ιιι·ιιι,7.
3576 5719 3808 5786 ³⁹ιμ.ι,
3837 5721 3894 5790 8,
3915 5711 3979 5781 9;

685 5791 727 5824 ’³
760 5792 923 5846 Mich.
964 5784 1007 5854 t,
1033 5790 1114 5843 16.
1196 5790 1240 5821 ³³
1277 5791 1453 5846 Galat.
1493 5806 1564 5857 tv,
1613 5788 1686 5841 ll).
1775 5789 1816 5818 ³³
1850 5785 2041 5839 .ἰῖ;ιὶιὶ1.
2080 5802 2132 5850 x,
2176 5784 2261 5839 57.

1232 5801 1240 5820 ⁵
1277 5791 1453 5846 Calat.
1493 5806 1564 5857 tv,
1613 5788 1686 5841 ll).
1775 5789 1816 5818 ³³
1850 5785 2041 5839 .‘iiattit.
2080 5802 2132 5850 Χ,
2176 5784 2261 5839 57.
2371 5786 2415 5816 ³⁵
2447 5785 2638 5839 λῖιιιιὲι.
2679 5801 2793 5848 \‘tll,
2826 5785 2917 5841 ‘22.
