4266 6446
776 373 874 433 8οἹ
2087 370 2132 429 Ρ
2141 369 2408 428 ROCOPl
2421 370 2443 427 1

2349 370 2443 428 Pll
2489 370 2738 429 (ἶΛΖιΈΙ
3402 437 3406 440 ,
3925 375 4034 439 808

771 498 876 551 que
905 485 1220 550 praedictam
1257 483 1416 537 nobis
1462 487 1678 538 stravit.
1719 484 1987 539 Caeterum
2027 485 2244 542 Domini
2277 487 2569 542 brachium
2609 489 2840 558 ﬁguram
2887 490 3122 553 ruboris,
3152 498 3242 545 aut
3280 503 3422 545 certe
3451 492 3720 546 virtutum
3753 491 3874 560 ejus
3901 507 4006 545 con

771 575 926 625 tinet.
960 571 1121 625 Panis
1169 586 1298 622 vero
1353 570 1777 627 inl'erurentdus
1839 575 1962 627 vita:
2013 589 2243 632 serenre.
2302 573 2456 640 cujus
2515 577 2836 629 amabilitas
2890 581 3247 646 suavitasqne
3318 580 3513 647 lagano
3553 589 3932 649 comparatur.
3967 581 4033 632 At

771 659 1029 711 sacerdos
1071 656 1454 716 intermedins.
1489 658 1717 711 Christi.
1775 659 1851 713 Ac
1903 660 2018 712 lucc
2069 660 2287 728 quidem
2325 662 2418 728 qui
2475 667 2900 715 sanctimoniam
2938 668 3038 719 rite
3082 669 3337 728 coluerit,
3376 682 3474 718 ceu
3510 668 3749 736 propriis
3780 667 4033 719 manibus

771 741 882 794 Deo
919 757 1010 810 per
1044 744 1328 796 Christum
1367 744 1726 795 uwdiatoreiu
1781 745 1958 797 olli-rt.
2023 746 2072 798 Is
2108 761 2236 796 vero
2292 747 2346 797 itt
2402 746 2668 801 honorem
2706 750 2988 805 oﬂ‘erentis
3020 769 3048 806 e
3083 770 3245 804 mantt
3283 761 3546 821 tauquam
3586 757 3638 806 in
3673 769 3895 806 manum
3933 768 4029 806 ex-

769 831 896 896 cipit
931 830 1094 881 dona.
1126 830 1328 882 Annus
1367 831 1548 897 itaque
1603 831 1923 897 potentiam,
1973 840 2068 882 aut
2101 846 2267 898 Opera
2312 847 2435 900 quae
2472 850 2534 886 ex
2575 851 2635 888 ea
2672 837 2870 899 ﬂuunt,
2916 838 3165 891 denotat.
3202 839 3584 892 l’ectusculum
3615 855 3747 892 vero
3791 852 4030 892 mentem

769 933 889 985 qiue
921 932 1063 967 nunc
1098 917 1338 984 pectoris
1399 918 1644 978 nomine,
1690 933 1834 970 nunc
1883 919 2088 986 rapitis
2134 932 2432 986 usurpatur
2490 923 2538 972 in
2573 922 2884 990 Scriptura.
2936 923 3081 976 Nihil
3116 926 3265 978 enim
3299 942 3325 976 a
3361 927 3568 977 sanctis
3603 935 3751 977 recte.
3789 925 3865 983 tit.
3919 927 4032 976 vir-

769 1010 884 1057 tute
916 1005 1204 1069 spirituale
1239 1019 1531 1072 menteque
1576 1004 1714 1056 bona
1748 1005 1958 1073 absque
1987 1020 2001 1056 :
2041 1020 2069 1057 a
2103 1019 2210 1071 qua
2245 1021 2380 1060 sane
2431 1021 2647 1060 morum
2681 1011 3013 1064 cruditatem
3049 1010 3453 1079 feritatemque.
3485 1012 3589 1064 hoc
3623 1011 3767 1081 quod
3806 1024 4030 1064 armum

770 1090 994 1142 mandat
1021 1105 1143 1142 esse
1175 1100 1416 1151 coctum,
1462 1103 1720 1143 removet.
1771 1089 1906 1143 Nam
1949 1093 2180 1146 virtutes
2213 1107 2404 1145 eorum
2437 1110 2577 1160 quas
2630 1095 2741 1150 Deo
2775 1096 3037 1158 oﬂerunt,
3065 1099 3221 1152 bona:
3257 1101 3529 1166 lauta-que
3561 1101 3753 1162 utique
3786 1113 3908 1151 esse
3937 1099 4034 1150 de-

770 1185 934 1238 bent;
972 1177 1125 1243 juxta
1175 1176 1304 1227 illud
1343 1176 1487 1242 quod
1531 1193 1558 1227 a
1588 1177 1814 1230 Christo
1849 1178 2147 1231 audierunt
2199 1179 2459 1248 discipuli
2492 1199 2503 1232 :
2561 1199 2579 1230 ι
2621 1184 2799 1236 Alium
2830 1183 3014 1237 cibum
3048 1185 3448 1238 comedendum
3481 1187 3677 1248 habeo,
3711 1186 3865 1239 vobis
3901 1186 4032 1252 qui-

767 1264 888 1315 dem
921 1265 1263 1335 incognitum
1298 1265 1360 1316 ⁸³.
1398 1284 1414 1314 ι
1456 1267 1527 1315 Ac
1571 1265 1885 1331 hujusmodi
1924 1267 1976 1318 in
2013 1266 2135 1319 loco
2181 1265 2249 1318 de
2282 1267 2546 1321 carnibus
2593 1267 2803 1322 Pascha
2835 1286 3055 1338 quoque
3081 1271 3290 1323 dictum
3316 1280 3434 1325 est:
3469 1291 3487 1322 ι
3529 1272 3604 1324 Ne
3631 1274 3935 1324 come-datis
3966 1273 4036 1325 de

765 1353 850 1404 eis
879 1351 1035 1402 crudi
1070 1351 1392 1419 quidquam.
1431 1370 1447 1399 ›
1483 1351 1770 1419 Frequens
1801 1353 1990 1419 itaque
2020 1360 2075 1404 et
2119 1362 2351 1406 exactus
2379 1353 2667 1420 inquinato
2719 1355 3002 1411 faciendus
3039 1370 3116 1410 est
3160 1360 3388 1420 reditus,
3426 1369 3482 1410 ιιι
3539 1375 3596 1411 se
3631 1367 3805 1410 totum
3838 1357 4038 1412 onerat

766 1440 1000 1499 Scilicet,
1036 1448 1091 1489 ut
1125 1454 1220 1504 pro
1253 1439 1461 1491 delicto
1515 1441 1727 1490 veniam
1781 1439 2137 1507 deprecetur,
2193 1451 2251 1491 ιιι
2301 1442 2604 1508 gratiarum
2664 1445 2936 1496 actionem
2988 1445 3282 1507 sacrilicet,
3327 1459 3356 1496 a
3383 1446 3508 1496 cibo
3539 1461 3649 1511 quo
3690 1446 3953 1507 vescitur,
3983 1457 4040 1499 et

765 1534 896 1593 potu
932 1540 1038 1592 quo
1071 1535 1315 1592 potatur,
1353 1539 1380 1577 a
1424 1526 1530 1575 vita
1560 1523 1802 1592 denique
1832 1540 2000 1592 quam
2037 1527 2126 1576 illa
2163 1526 2419 1587 innuunt,
2461 1528 2677 1581 initium
2728 1531 2982 1584 faciendo
3011 1548 3023 1582 :
3077 1531 3153 1584 Ne
3181 1532 3354 1600 gloria
3384 1548 3446 1584 ea
3481 1548 3607 1601 quae
3635 1533 4036 1587 sanctiﬁcatio-

765 1629 886 1666 nem
934 1622 1136 1674 manet,
1174 1622 1440 1680 perpetuo
1470 1622 1682 1676 careat,
1717 1612 1810 1665 Sed
1845 1614 2073 1664 omnino
2110 1623 2462 1681 repurgatus,
2513 1613 2710 1678 impuri
2743 1622 2796 1666 et
2828 1613 3096 1680 impolluti
3138 1613 3385 1666 habitum
3424 1624 3693 1668 transeat.

831 1724 1100 1776 Czcterutn
1173 1722 1434 1788 ἐπίθεμα.
1503 1721 1556 1771 id
1615 1729 1700 1774 est
1768 1723 2051 1786 appetitio,
2114 1722 2338 1785 dicitur,
2378 1715 2420 1767 Α

2378 1715 2420 1767 Α
2533 1727 2807 1794 Ἐπίθεμα
2841 1727 3076 1792 λέγεται,
3104 1729 3262 1796 ἡνίκα
3311 1728 3368 1780 τὸ
3400 1729 3764 1797 προσενεχθὲν
3790 1729 4037 1797 ἑπιτεθῇ

762 1816 983 1883 quando
1029 1815 1239 1883 oblatio
1292 1828 1458 1880 super
1509 1812 1666 1863 altari
1709 1811 1875 1864 luerit
1912 1813 2108 1879 posita.
2149 1814 2348 1878 Ἀφαί-

2449 1815 2525 1884 τῷ
2557 1816 2927 1885 Ουσιαστηρίῳ
2951 1831 2962 1842 ·
2989 1818 3285 1884 dgna/pay“
3310 1817 3398 1880 δὲ,
3431 1818 3558 1868 ὅταν
3581 1818 3689 1869 ἀπὸ
3717 1819 3808 1869 τοῦ
3840 1819 4035 1870 τυθέν-

763 1925 908 1979 papa.
946 1908 1021 1967 δέ,
1056 1907 1105 1958 id
1134 1920 1238 1964 est,
1272 1905 1499 1967 oblatio,
1535 1903 1756 1973 quando
1802 1904 1870 1955 ab
1917 1919 1980 1955 eo
2011 1904 2155 1971 quod
2201 1903 2349 1970 posi-
2447 1932 2448 1941 ι

2202 1903 2349 1970 posi-
2447 1928 2558 1972 τος,
2596 1909 2625 1978 ἦ
2661 1910 3025 1979 ζυμωϐἐντος,
3059 1910 3091 1978 ἦ
3128 1910 3370 1961 τοιούτου
3405 1913 3547 1971 τινὸς
3589 1914 3887 1986 ἀφαιρεθῇ.

760 2011 872 2053 tum
905 2013 1010 2062 est,
1062 2009 1152 2051 attt
1193 1998 1606 2060 fermentatum,
1654 2005 1748 2049 ant
1787 1996 2101 2065 Itujnsmudi
2136 1997 2343 2065 aliquid

758 2091 1030 2144 aufertur.

833 2182 897 2235 Et
933 2185 1198 2242 imponent
1236 2196 1422 2232 nomen
1461 2195 1631 2230 meum
1679 2194 1838 2243 super
1875 2178 2015 2245 ﬁlios
2067 2174 2259 2238 Israel,
2291 2189 2339 2230 et

2519 2177 2626 2230 Kal
2659 2174 3023 2241 ἐπιθήσουσι
3054 2176 3120 2227 τὸ
3149 2173 3338 2242 ὄνομὰ
3373 2193 3491 2243 μου
3541 2175 3640 2228 ἐπὶ
3686 2176 3830 2240 τοὺς
3864 2177 4039 2242 υἱοὺς

754 2289 848 2343 ego
907 2272 1162 2347 Dominus
1205 2272 1385 2337 [elices
1427 2269 1787 2338 pronuntiabo
1816 2286 1922 2322 eos.
1972 2268 2114 2341 [27.]
2153 2270 2336 2334 Vtiles,

2457 2267 2743 2334 Ἰσραὴλ,
2803 2267 2900 2318 καὶ
2961 2265 3073 2333 ἐγὼ
3131 2267 3348 2334 Κύριος
3407 2265 3726 2334 εὐλογήσω
3785 2269 4035 2331 αὐτούς.

758 2381 824 2417 ne
854 2363 1000 2433 quod
1053 2379 1252 2416 nomen
1311 2362 1526 2414 Domini
1587 2378 1690 2413 non
1727 2364 2126 2429 osprecantis.
2166 2363 2343 2416 bonas

2460 2362 2640 2431 Ὁρᾷς.
2671 2361 2750 2413 ὃτι
2785 2363 2844 2411 τὸ
2874 2360 3041 2429 ὄνομα
3071 2361 3275 2428 Κυρίου
3304 2360 3400 2422 τὰς
3433 2360 3681 2422 εὐλογίας
3709 2363 3790 2411 ὲνε
3804 2364 3942 2429 ργεῑ,
3975 2362 4037 2412 οὐ

757 2458 1183 2526 itnprecationes
1216 2457 1542 2508 coulirtnat"
1578 2455 1850 2520 Quocirca
1881 2466 1996 2507 rata
2030 2458 2198 2508 e1iatn
2231 2458 2354 2509 erit.

2442 2455 2504 2506 τὸ
2540 2454 2714 2520 στόμα
2745 2451 2837 2504 τοῦ
2863 2453 3144 2518 λέγοντος;
3180 2451 3343 2503 Ὅθεν
3377 2451 3479 2504 κᾶν
3524 2453 3850 2522 ἁμαρτωλὸς
3881 2453 4039 2504 εὐλο-

755 2551 896 2618 apud
941 2567 1066 2602 ctttn
1098 2567 1188 2616 qut
1228 2549 1330 2601 lide
1371 2549 1875 2615 comprehenderit,
1914 2548 2243 2615 itnprcc:tti0
2277 2563 2339 2599 ea

2445 2550 2538 2616 γῇ,
2576 2545 2776 2613 ὁμοίως
2813 2546 3118 2613 ἐνεργεῖται
3142 2545 3293 2614 παρὰ
3326 2545 3401 2613 τῷ
3448 2545 3656 2605 πιστῶς
3692 2545 3969 2614 δεχομένῳ
4005 2546 4039 2613 ἡ

753 2658 877 2709 qua:
921 2657 947 2693 a
978 2652 1266 2708 peccatore
1311 2640 1474 2692 fuerit
1505 2641 1815 2692 enuntiata.
1857 2639 2340 2704 Quemadmodum

2449 2637 2690 2705 εὐλογία.
2717 2636 2983 2704 Καθάπερ
3010 2636 3202 2704 ἀμέλει
3224 2637 3315 2688 τοῦ
3351 2636 3580 2705 Βαλαὰμ
3608 2635 3958 2702 εὐλογοῦντος
3983 2638 4042 2688 ἐν

755 2729 996 2782 Balaami
1040 2730 1084 2758 “
1116 2730 1248 2781 bene
1305 2730 1583 2796 precantis
1621 2729 1672 2779 in
1731 2731 1956 2780 nomine
2010 2728 2226 2780 Domini
2257 2727 2340 2778 vi-

2449 2729 2673 2796 ὀνόματι.
2713 2727 2958 2796 Κυρίου,
3022 2728 3304 2796 ἐνηργεῖτο
3359 2729 3388 2796 ὴ
3432 2728 3652 2794 εὐλογία
3692 2729 3804 2789 τοῖς
3839 2728 4037 2790 ἀξίαις.

752 2823 953 2876 deliret
991 2823 1317 2890 imprecatio
1353 2819 1494 2888 apud
1547 2820 1746 2888 dignos
1780 2829 1896 2873 erat
1922 2819 2133 2873 eﬂicax.
2171 2819 2340 2872 Tritia

2450 2821 2762 2890 Σημείωσαι
2785 2820 2860 2882 δὲ,
2887 2820 2967 2870 ὅτι
2991 2820 3170 2888 τρίτον
3199 2819 3412 2885 εὐλογεί
3434 2819 3522 2872 διὰ
3551 2819 3649 2889 τῆς
3685 2819 3844 2887 ἁγίας
3867 2819 4041 2889 Τριά-

753 2930 884 2968 vero
941 2914 1078 2966 bene
1133 2911 1394 2980 precandi
1447 2913 1726 2980 repetitio,
1781 2927 1885 2981 qua
1941 2912 2159 2964 Balaam
2197 2925 2342 2980 quo-

1714 2954 1726 2974 ,
1781 2927 1885 2981 qua
1941 2912 2159 2964 Balaam
2197 2925 2342 2980 quo-
2451 2912 2538 2975 δος
2565 2927 2580 2941 ο
2613 2911 2800 2981 ὥσπερ
2828 2905 2921 2961 οὖν
2954 2909 3047 2962 καὶ
3080 2910 3108 2960 ὁ
3141 2909 3391 2979 Βαλαάμ.

747 3021 855 3074 que
887 3019 1021 3057 usus
1054 3003 1232 3056 fuerat
1289 3012 1538 3056 sanctam
1587 3001 1913 3057 Trinitatem
1962 3003 2228 3057 insinuat.

824 3115 938 3170 Deo
970 3125 1151 3168 autent
1203 3115 1326 3182 jure
1357 3117 1568 3184 optimo
1614 3131 1776 3169 omne
1832 3115 2240 3171 benedictionis
2295 3115 2551 3170 meritum
2585 3119 2776 3182 utpote
2808 3126 2835 3164 a
2869 3125 2979 3178 quo
3010 3109 3384 3179 proﬁciscitur
3415 3111 3596 3165 omnis
3629 3113 3769 3166 bona
3807 3113 4044 3166 collatio

751 3220 1023 3273 omneque
1050 3219 1254 3256 munus
1292 3205 1606 3255 absolutum
1659 3211 1947 3272 acceptum
1995 3204 2294 3258 referetur.
2351 3204 2622 3256 Creterum
2657 3199 2914 3253 Christus
2971 3198 3379 3252 benedictionis
3409 3199 3494 3251 via
3541 3210 3645 3264 est;
3682 3202 3734 3252 iu
3765 3215 3876 3268 quo
3908 3217 4042 3271 per-

753 3308 860 3362 que
888 3307 1048 3360 quem
1086 3307 1112 3342 a
1155 3291 1264 3343 Deo
1291 3289 1453 3343 Patre
1483 3291 1664 3341 omnia
1696 3292 1836 3341 bona
1870 3293 2031 3343 nobis
2078 3293 2406 3345 ohveniunt.
2461 3290 2815 3356 QuaprOpter
2871 3285 3079 3340 Paulus
3110 3301 3332 3356 quoque
3359 3287 3472 3339 ait:
3512 3307 3529 3338 ι
3563 3286 3754 3341 Gratia
3795 3291 3953 3342 vobis
3987 3301 4045 3344 et

753 3399 860 3450 pax
888 3381 1196 3445 contingat,
1234 3395 1260 3431 a
1296 3379 1404 3432 Deo
1434 3380 1592 3433 l’atrc
1639 3392 1692 3432 et
1731 3380 1962 3432 Domino
1993 3380 2123 3433 .Iesu
2155 3381 2381 3433 Christo
2412 3381 2478 3432 ".
2518 3397 2534 3427 ι
2574 3376 2779 3428 Eodem
2823 3373 2986 3425 etiam
3018 3373 3099 3424 lex
3139 3374 3362 3439 respicit
3395 3388 3517 3426 cum
3547 3374 3764 3443 inquit:
3809 3395 3826 3426 ι
3861 3375 4042 3431 Bene-

751 3471 899 3523 dicat
930 3469 1027 3520 tibi
1064 3467 1330 3519 Dominus
1365 3476 1503 3518 acte
1529 3468 1806 3519 custodiat
1838 3470 1900 3522 ³⁸.
1937 3487 1954 3518 ι
1995 3468 2286 3532 Quomodo
2322 3469 2468 3521 enim
2499 3463 2808 3516 benedictio
2858 3477 2960 3514 nos
2991 3460 3279 3513 custodit?
3331 3461 3564 3524 Quando
3593 3466 4041 3518 exsecrationem

753 3559 1039 3616 rescindit,
1075 3573 1250 3625 exque
1283 3557 1670 3624 peccatoribus
1710 3557 2081 3627 incnlpahiles
2114 3574 2214 3610 nos
2251 3557 2434 3611 ellicit.
2467 3553 2602 3607 Cum
2657 3568 2766 3620 quo
2801 3566 3023 3604 rursum
3067 3550 3200 3602 illud
3234 3551 3382 3619 quod
3419 3550 3624 3606 Paulus
3660 3555 3861 3622 inquit,
3898 3571 4041 3609 con-

751 3650 959 3705 sentit:
1007 3666 1023 3696 ι
1062 3647 1541 3711 Quemadmodum
1573 3662 1672 3700 nos
1707 3647 1857 3700 omni
1912 3647 2321 3702 benedictionis
2374 3642 2687 3712 spiritualis
2739 3654 2935 3710 genere
2975 3639 3359 3707 locupletavit,
3399 3651 3456 3692 ut
3492 3644 3671 3695 sancti
3705 3652 3756 3695 et
3795 3645 4043 3712 irrepre-

753 3737 1058 3791 hensihiles
1096 3751 1346 3788 essemus
1379 3750 1564 3788 coram
1602 3737 1720 3804 ipso
1754 3737 1819 3788 ‘7.
1877 3755 1894 3786 ι
1936 3737 2248 3790 Ostentatio
2273 3750 2402 3788 vero
2429 3733 2635 3794 vultus,
2659 3728 2749 3781 Dei
2789 3727 3037 3795 cognitio
3077 3737 3182 3779 est.
3225 3725 3350 3780 Haec
3385 3730 3533 3780 enim
3572 3746 3584 3781 :
3617 3747 3633 3779 t
3672 3730 3796 3783 Vita
3828 3742 4038 3787 mterna

748 3836 855 3886 est,
893 3826 1093 3892 inquit,
1123 3831 1177 3874 ιιι
1210 3831 1261 3875 te
1296 3833 1606 3892 agnoscant
1669 3824 1848 3876 solum
1909 3839 2100 3876 verum
2164 3823 2355 3887 Deum,
2385 3834 2438 3876 et
2473 3835 2634 3890 quem
2687 3817 2886 3869 misisti
2919 3813 3107 3867 Jestttn
3140 3815 3425 3868 Christum
3460 3817 3523 3870 ".
3568 3835 3586 3866 ι
3631 3817 3816 3887 Imago
3849 3829 4038 3873 autent

747 3921 801 3966 et
836 3914 1019 3966 vultus
1050 3909 1235 3964 Patris
1267 3908 1442 3964 Filius
1471 3921 1554 3964 est
1604 3927 1698 3979 per
1740 3928 1901 3980 quem
1952 3911 2174 3966 Patrem
2232 3912 2625 3981 agnoscimus.
2675 3905 2848 3971 Quem
2887 3920 3018 3959 sane
3044 3905 3299 3959 homines
3345 3905 3398 3958 in
3433 3905 3549 3976 lege
3584 3909 3872 3962 constituti
3908 3925 4039 3963 cum

749 4004 953 4064 videre,
989 4011 1041 4055 et
1101 4017 1128 4053 a
1167 4002 1301 4070 legis
1353 4017 1525 4054 onere
1583 4003 1809 4055 liberari
1861 4012 2149 4072 cuperent,
2205 4001 2469 4053 dixerunt
2507 4014 2518 4049 :
2557 4013 2575 4045 t
2610 3993 2975 4061 Omnipotens
3017 3992 3183 4054 Deus,
3215 4003 3479 4047 converte
3529 4010 3651 4060 nos,
3718 4004 3772 4048 et
3817 3999 4036 4049 vultum

748 4099 902 4142 tuttm
947 4088 1178 4143 ostende
1211 4091 1369 4142 nobis
1410 4090 1452 4120 δ’
1492 4107 1504 4152 ;
1543 4108 1560 4139 ι
1605 4089 1774 4160 389
1805 4091 1876 4144 ita
1909 4093 2058 4144 enim
2101 4090 2190 4144 lict
2222 4099 2277 4142 ιιι
2315 4086 2498 4141 salvos
2541 4099 2643 4136 nos
2675 4097 2798 4134 esse
2825 4081 3161 4150 judicetnus.
3196 4080 3469 4134 Cancrum
3501 4100 3519 4132 ι
3558 4081 3808 4136 Elevatio
3842 4085 4037 4136 vultu;

749 4178 869 4237 Dei.
895 4198 911 4229 ι
952 4193 1138 4247 pacem
1168 4193 1333 4246 quant
1371 4177 1532 4232 nobis
1565 4179 1794 4230 donavit
1820 4179 2046 4242 indicat,
2086 4179 2153 4232 de
2183 4193 2287 4246 qua
2320 4175 2574 4229 Christus
2598 4169 2771 4222 dicit:
2810 4187 2827 4218 ι
2861 4167 3059 4221 Pacem
3095 4183 3270 4220 meam
3299 4171 3530 4222 conti-ro
3563 4171 3719 4223 νιιιιίδ
3749 4171 3820 4223 ⁸⁸.
3855 4191 3872 4222 ι
3897 4171 4038 4225 Cum

745 4270 893 4322 enim
929 4266 1125 4320 Filium
1163 4267 1214 4319 in
1250 4267 1419 4319 altum
1453 4268 1736 4320 evexisset
1796 4265 1982 4330 Pater,
2040 4268 2392 4334 dedissctque
2449 4273 2650 4313 nomen
2715 4257 2766 4309 ci
2815 4255 2961 4325 (μισ-ἀ
3004 4270 3170 4308 omne
3209 4269 3409 4308 "om?"
3475 4265 3806 4324 superaret.
3871 4258 4041 4327 ciqnc

749 4351 888 4404 Sede
931 4366 956 4400 a
997 4349 1208 4402 dextris
1261 4350 1398 4403 tneis
1427 4349 1637 4403 diceret
1669 4352 1711 4380 ⁸¹
1746 4368 1758 4414 ;
1795 4359 1928 4403 tttnc
1967 4366 2099 4404 sane
2132 4352 2259 4404 odio
2294 4368 2403 4420 quo
2460 4350 2528 4402 ab
2579 4364 2644 4402 eo
2687 4346 3100 4400 dissidebamus
3149 4343 3443 4408 dissoluto,
3499 4344 3553 4398 itt
3586 4348 3790 4399 divina:
3824 4356 4041 4400 natura:

748 4456 937 4510 pacem
974 4441 1212 4508 cnpulati
1274 4454 1490 4496 sumus.
1547 4440 1821 4507 nobisque
1862 4456 1988 4494 cum
2025 4439 2136 4494 Deo
2172 4441 2485 4494 intercessit
2541 4436 2998 4491 communicatio.
3049 4453 3066 4484 t
3119 4431 3257 4485 Volo
3292 4435 3464 4496 enim,
3495 4435 3696 4503 inquit,
3749 4445 3805 4487 ut
3838 4452 4039 4502 quent-

746 4527 1041 4580 admodum
1079 4543 1178 4596 ego
1203 4533 1256 4579 et
1293 4535 1346 4578 ttt
1383 4541 1553 4578 unum
1604 4543 1823 4589 sumus,
1868 4529 1949 4581 sic
1988 4527 2040 4580 in
2086 4529 2249 4583 nobis
2282 4545 2450 4581 ttunm
2493 4529 2769 4581 exsistant
2805 4526 2872 4577 δ’.
2911 4543 2928 4573 ι
2963 4519 3145 4576 Unum
3182 4523 3330 4574 enim
3366 4537 3569 4589 corpus
3601 4524 3653 4574 iu
3687 4523 3912 4575 Christo
3942 4539 4040 4576 su-

747 4632 893 4677 mus,
929 4619 1137 4686 quique
1172 4631 1296 4667 cttm
1348 4614 1584 4668 Domino
1626 4617 2050 4685 conglutinatus
2099 4628 2151 4671 et
2198 4619 2533 4685 coniunctus
2569 4657 2583 4681 ,
2640 4631 2785 4669 unus
2838 4629 2963 4667 Clltlt
2999 4628 3064 4666 eo
3100 4613 3333 4681 spiritus
3382 4622 3490 4666 est.
3533 4613 3804 4678 Quocirca
3841 4624 3898 4666 et
3932 4615 4041 4670 hoc

745 4705 881 4756 dixit
923 4722 934 4757 :
977 4721 993 4752 t
1043 4702 1097 4756 Si
1131 4718 1157 4752 a
1199 4711 1346 4754 terra
1385 4702 1435 4753 in
1473 4704 1640 4754 altum
1678 4705 1984 4758 translatus
2017 4703 2193 4766 luero,
2226 4722 2417 4761 omnes
2450 4722 2555 4760 una
2599 4721 2814 4759 mecum
2865 4703 3083 4756 traham
3142 4703 3206 4756 ³³.
3256 4722 3273 4754 ι
3313 4702 3433 4772 Ipse
3462 4704 3612 4757 enim
3642 4712 3727 4759 est
3773 4719 3877 4774 pax
3934 4721 4037 4758 no.

747 4805 888 4851 stra.
921 4802 974 4845 et
1017 4808 1112 4860 per
1153 4793 1329 4857 ipsum
1368 4792 1432 4842 ad
1472 4790 1689 4844 Patrem
1721 4795 1772 4844 iu
1809 4809 1918 4844 ttno
1949 4796 2147 4862 spiritu
2180 4795 2446 4849 habemus
2483 4796 2718 4848 aditum.

821 4879 885 4932 Et
927 4881 1078 4932 unxit
1121 4879 1279 4940 ilml,
1315 4879 1720 4930 tabernaculum
1760 4881 2021 4942 videlicet,
2050 4892 2098 4933 et
2139 4883 2428 4937 dedicavit.
2463 4883 2604 4955 [Vll.
2657 4882 2729 4955 t.]
2763 4881 3208 4936 Tabernaculnm
3244 4889 3297 4933 et
3323 4880 3498 4932 altare.
3539 4881 3840 4950 omniaque
3878 4883 4034 4938 illius

746 4984 883 5023 vasa
928 4984 1088 5021 sacro
1139 4975 1421 5036 unguento
1474 4965 1654 5020 Moses
1703 4968 1935 5022 delibuit
1966 4984 2053 5034 eo,
2101 4986 2212 5039 quo
2263 4974 2582 5026 sacerdotes
2631 4981 2684 5023 et
2735 4986 2893 5040 reges
2925 4970 3161 5029 solebat,
3200 4978 3258 5020 ut
3287 4983 3446 5020 sacra
3476 4976 3689 5033 essent.
3730 4972 4033 5038 Sat-risque

750 5059 1018 5112 inservire
1075 5067 1298 5125 possent
1353 5055 1566 5108 usibus.
1625 5056 1694 5106 At
1746 5071 1809 5110 ca
1855 5057 2079 5125 quidem
2125 5060 2229 5112 nisi
2280 5061 2559 5113 hominum
2599 5061 2825 5130 ﬁgurant
2877 5065 3154 5129 gererent,
3207 5056 3438 5108 rationis
3470 5065 3524 5110 et
3574 5059 3742 5112 animi
3777 5063 4032 5127 expertia

746 5148 1013 5217 aequalem
1048 5147 1312 5197 honorem
1352 5159 1476 5196 cum
1536 5145 1750 5198 ratione
1797 5146 2043 5212 prarditis
2077 5147 2413 5213 obtinerent,
2442 5149 2552 5201 imo
2596 5149 2859 5216 majorem
2899 5148 3089 5204 etiam.
3134 5145 3177 5198 si
3213 5144 3435 5213 quidem
3466 5160 3563 5215 per
3603 5160 3666 5200 ea
3711 5145 4035 5204 hominibus

749 5240 1112 5291 litaccessus.
1157 5233 1289 5286 Nam
1345 5233 1390 5286 si
1421 5235 1584 5286 boum
1618 5234 1768 5287 nulla
1813 5249 1946 5288 cura
1995 5233 2163 5289 Deum
2207 5239 2404 5306 tangit,
2459 5246 2671 5306 quanto
2719 5238 2903 5288 minus
2955 5249 3238 5284 murorum
3294 5241 3350 5285 et
3404 5247 3688 5287 vasorum.
3755 5235 4034 5291 Caeterum

747 5326 911 5379 homo
947 5322 1289 5375 domicilium
1332 5320 1422 5374 Dei
1461 5333 1603 5384 erat,
1644 5331 1698 5375 et
1751 5337 1849 5376 vas
1884 5322 2309 5387 benedictionis,
2343 5325 2501 5392 juxta
2555 5325 2604 5376 id
2640 5325 2784 5392 quod
2822 5337 2849 5374 a
2892 5322 3061 5375 Paulo
3089 5320 3154 5374 ad
3189 5321 3463 5374 Ananiam
3497 5330 3617 5375 erat
3651 5327 3931 5392 prolatum
3967 5327 4036 5382 ⁸⁸.

750 5416 948 5468 \"erum
981 5415 1268 5467 enimvero
1302 5413 1354 5465 in
1396 5411 1629 5465 Domino
1671 5422 1937 5481 quantum
1996 5412 2062 5465 ad
2099 5428 2302 5482 corpus
2356 5428 2466 5482 quo
2522 5422 2726 5465 unctus
2760 5422 2844 5464 est
2872 5412 3097 5480 spiritu,
3131 5422 3181 5464 cl
3224 5413 3392 5464 verbo
3423 5421 3786 5466 consecratus
3821 5423 3933 5479 est,
3979 5426 4040 5470 ut

745 5505 920 5559 simus
950 5517 1051 5557 nos
1081 5517 1206 5554 vere
1236 5499 1566 5554 sanctiﬁcati
1598 5501 1822 5564 attinet,
1856 5501 1973 5554 haec
2006 5501 2487 5571 deprehendemus
2541 5500 2730 5552 etiam.
2771 5498 2824 5551 lo
2866 5497 3074 5553 Christi
3117 5499 3320 5552 etenim
3376 5513 3610 5569 corpore
3656 5508 3922 5571 tanquam
3982 5508 4038 5559 iu

823 5663 866 5693 “
905 5661 1064 5717 Joan.
1103 5676 1176 5720 tv,
1215 5660 1306 5715 39..
1384 5660 1429 5692 “
1463 5661 1622 5714 Num.
1658 5661 2032 5730 xmeSseq.
2113 5663 2157 5692 "
2189 5659 2381 5718 F-DitJ.
2411 5659 2466 5713 ἓ.

2352 5659 2466 5718 ι,ἳ.
2559 5660 2605 5691 ⁸⁸
2670 5657 2832 5717 Νυιιι,
2871 5657 3066 5730 ναι.
3170 5659 3214 5691 ⁸⁷
3259 5657 3477 5730 Coloss.
3534 5659 3686 5719 t.2‘2.
3795 5659 4037 5719 “Joan.

747 5752 880 5798 xvtt,
921 5735 972 5788 5.
1052 5733 1095 5764 ⁸⁵
1129 5732 1272 5786 Psal.
1323 5749 1506 5797 um,
1558 5733 1610 5786 4.
1727 5731 1954 5784 "Juan.
1997 5729 2105 5792 [\tv.
2147 5730 2233 5782 27.
2317 5735 2353 5761 "'
2391 5731 2426 5782 P

2344 5735 2353 5761 '
2391 5731 2534 5784 Ptol.
2579 5745 2691 5795 (ιιι,
2725 5735 2771 5784 1.
2853 5733 2898 5762 "
2933 5729 3091 5783 Joan.
3141 5746 3275 5794 xvtt,
3309 5729 3399 5783 2|.
3481 5732 3526 5763 ³³
3579 5732 3740 5788 JOan.
3797 5750 3897 5796 ιιι,
3935 5737 4027 5789 5'2.

745 5812 791 5838 δ”
816 5811 940 5862 Act.
983 5821 1056 5867 ις,
1101 5803 1183 5857 lii.
