4266 6446
768 351 870 413 811
2113 357 2462 416 ΙἮίᾺὶΟΙῚί
2501 356 2742 413 [ἶ.-⁴ιὶῖ.ἷίι
2837 421 2841 425 ,
3942 354 4052 417 Si!

771 465 958 519 hircus
1007 480 1106 532 pro
1163 465 1494 518 remissione
1548 466 1985 529 sacriﬁcabatur.
2019 483 2157 522 nova
2212 485 2344 523 vero
2375 480 2428 523 ct
2468 478 2655 522 nostra
2695 467 2833 536 lege,
2869 468 3188 537 pmoitentia
3224 466 3542 536 requiritur.
3577 483 3596 517 ι
3633 465 3714 520 τυ
3748 467 3892 521 enim
3925 467 4046 537 ipse

770 554 1005 620 primunt
1042 562 1269 619 peccata
1301 559 1394 604 tua
1426 553 1715 614 conﬁtere,
1753 556 1956 624 inquit,
1995 565 2054 609 ut
2085 555 2412 624 justiﬁceris
2449 556 2514 607 “.
2560 574 2578 606 ι
2617 585 2674 594 -
2702 572 2721 605 ι
2761 553 2970 608 Mecum
3007 554 3125 622 ipse
3162 555 3510 623 iniquitatem
3567 568 3746 609 meam
3799 568 4042 608 comme-

768 637 994 690 morabo
1029 636 1284 700 Domino,
1312 647 1480 706 tuque
1512 638 1848 707 impietatem
1891 642 2075 696 cordis
2106 645 2211 697 mei
2259 643 2521 696 remisisti
2555 643 2598 674 ⁸⁵
2633 681 2644 693 .
2679 662 2697 693 ι

839 750 1018 815 Atque
1049 760 1112 799 ea
1147 745 1365 813 quidem
1422 761 1544 814 qum
1598 748 1683 800 hic
1730 747 2012 813 dicuntur,
2047 752 2100 802 iit
2151 751 2370 804 Christo
2418 750 2848 805 considereutur
2881 749 3070 815 etiam,
3100 751 3191 819 qtti
3245 765 3370 802 cum
3420 750 3610 804 ntultis
3639 750 3908 821 dignitate
3941 766 4040 818 par

766 845 934 899 esset,
970 850 1067 905 pro
1098 835 1356 889 omnibus
1387 842 1568 889 tame:
1603 837 2099 904 seipsuttt.obtu|it.
2143 840 2220 891 Ac
2253 846 2444 894 sancta
2478 840 2531 891 itt
2581 838 2783 889 mundo
2819 835 3068 891 Ecclesia
3099 841 3427 900 constituta,
3466 838 3636 892 variis
3668 841 3841 892 modis
3877 840 3931 891 in
3973 856 4035 892 ca

765 922 944 976 ollicio
969 936 1070 976 suo
1105 919 1375 987 fungitur.
1411 921 1455 973 Δ
1497 923 1655 975 nobis
1690 925 1814 975 item
1851 940 1950 992 pro
1986 926 2145 979 nobis
2177 925 2433 978 sacriﬁcii
2465 925 2518 976 itt
2563 923 2786 976 modum
2829 923 3083 989 otiertur,
3119 925 3164 978 si
3211 927 3475 994 temporis
3510 926 3899 980 vicissitudine
3937 941 4038 995 per

769 1011 1047 1079 principes
1076 1007 1263 1060 varios
1304 1006 1710 1062 consideretur.
1751 1010 1827 1062 Ac
1851 1011 2074 1063 victima
2109 1011 2332 1079 quidem
2369 1024 2432 1064 ea
2470 1009 2669 1064 diurna
2726 1011 2876 1063 omni
2917 1010 3154 1078 tempori
3196 1010 3492 1073 satisfacit,
3533 1013 3789 1067 fidelibus
3821 1014 4035 1067 scilicet

767 1111 983 1164 semper
1046 1093 1257 1148 fructus
1317 1091 1644 1154 ferentibus,
1699 1093 1883 1164 adque
1932 1097 2354 1150 similitudinem
2403 1111 2528 1151 sese
2559 1097 2766 1150 mundo
2816 1098 3248 1152 tt‘ucidantibas.
3286 1097 3576 1151 Pcccatuut
3609 1099 3755 1151 enim
3794 1099 4036 1153 subinde

763 1185 1047 1254 jugulant,
1076 1195 1138 1234 ae.
1174 1179 1282 1234 Deo
1314 1182 1365 1233 in
1400 1181 1596 1249 Spiritu
1634 1181 1848 1235 vivunt.
1891 1183 2289 1237 Holocaustum
2325 1183 2508 1252 itaque
2561 1197 2684 1236 esse
2715 1182 2815 1236 soli
2846 1183 3064 1236 Christo
3093 1184 3376 1251 competit,
3410 1199 3475 1238 eo
3503 1185 3650 1254 quod
3689 1194 3839 1239 totus
3900 1202 4035 1239 san-

765 1282 892 1327 ctus
925 1271 1178 1325 exsistat.
1209 1270 1277 1320 At
1305 1268 1602 1337 separatim
1631 1269 1908 1322 victimam
1948 1267 2260 1324 Servatoris
2286 1271 2523 1324 similem
2549 1269 2767 1333 oﬂ‘erre,
2803 1270 3085 1323 hominum
3123 1272 3332 1339 peccati
3371 1273 3675 1324 exsortiqu
3705 1271 3892 1325 fuerit.
3926 1272 4032 1325 Pu-

767 1377 862 1413 rus
897 1369 1078 1412 autem
1110 1373 1137 1410 a
1174 1357 1382 1424 peccati
1433 1356 1693 1409 sordibus
1740 1372 1902 1410 nemo
1948 1362 2053 1411 est.
2086 1355 2327 1410 Oﬁ'ertur
2361 1373 2490 1412 vero
2542 1359 2783 1420 catinus,
2835 1372 2928 1412 vas
2962 1357 3162 1411 eduliis
3200 1365 3414 1426 aptum,
3451 1360 3918 1428 quemadmodum
3948 1361 4033 1413 di-

764 1449 840 1501 cit
877 1465 889 1500 :
931 1464 949 1495 ‹
990 1446 1091 1510 Qui
1127 1459 1339 1498 mecum
1376 1442 1596 1511 intingit
1629 1443 1681 1494 in
1720 1445 1905 1495 catino
1932 1443 2016 1494 “z
2060 1462 2077 1493 ι
2110 1445 2261 1512 ροιιιὶ
2295 1459 2424 1498 vero
2472 1444 2666 1498 idonea
2699 1453 2782 1498 est
2811 1445 3011 1514 phiala.
3046 1443 3212 1498 Panis
3255 1459 3381 1497 vero
3429 1460 3538 1513 quo
3585 1448 3753 1499 vitam
3807 1457 4033 1501 susten-

766 1547 949 1589 Iamus
987 1533 1204 1600 signum
1245 1530 1497 1599 similago
1530 1539 1632 1582 est.
1663 1527 2137 1592 Quemadmodum
2168 1530 2349 1596 itaque
2385 1530 2436 1582 in
2485 1526 2694 1583 cibo'ct
2723 1541 2850 1599 potu
2882 1530 2988 1582 vita
3017 1531 3296 1592 consistit,
3325 1530 3399 1583 ita
3435 1531 3569 1600 ipsis
3613 1531 3872 1586 Christus
3909 1536 4036 1588 vitae

764 1631 961 1676 auctor
997 1622 1448 1686 l't‘pl‘iESt‘lllzllUl‘.
1489 1630 1508 1664 ι
1542 1616 1738 1677 Amen,
1771 1615 1943 1676 enim,
1983 1615 2105 1668 dico
2135 1615 2314 1681 vobis,
2345 1616 2540 1684 inquit,
2567 1617 2711 1684 quod
2741 1617 2784 1669 si
2814 1631 3035 1670 carncnt
3073 1614 3194 1670 Filii
3225 1618 3466 1671 hominis
3513 1634 3621 1670 non
3649 1621 4030 1684 comederitis,

764 1719 818 1762 et
847 1706 1174 1774 sanguinem
1202 1703 1323 1770 ejus
1365 1701 1642 1763 biberitis,
1681 1701 1849 1753 vitam
1876 1703 1925 1753 in
1971 1703 2126 1756 vobis
2173 1718 2278 1756 non
2332 1704 2544 1757 habetis
2575 1705 2639 1757 ⁵⁷.
2676 1722 2692 1754 ι
2732 1703 3001 1756 Caeterum
3031 1704 3213 1758 oleum
3259 1704 3391 1756 illud
3421 1712 3505 1758 est
3546 1708 3691 1774 quod
3731 1705 4032 1762 Psalmista

765 1798 1028 1852 decantat
1063 1812 1072 1845 :
1115 1810 1133 1842 ι
1200 1791 1495 1859 Propterea
1535 1790 1692 1842 unxit
1751 1797 1802 1842 te
1852 1789 1993 1844 Deus
2031 1792 2152 1844 oleo
2203 1792 2401 1844 Ιιιιιίιίω
2452 1807 2617 1859 supra
2647 1800 2936 1846 consortes
2984 1799 3108 1845 tuos
3135 1793 3199 1844 “‘3.
3249 1810 3266 1842 ι
3302 1789 3474 1845 Porro
3505 1794 3704 1847 odores
3735 1804 3788 1848 et
3814 1796 4032 1849 sumtus

762 1884 1023 1939 Christus
1065 1888 1149 1934 est
1215 1877 1489 1932 cochleari
1547 1884 2002 1946 reprmsentatus,
2039 1879 2132 1945 qui
2187 1878 2334 1931 domi
2371 1894 2434 1932 ea
2492 1879 2675 1942 habet,
2713 1894 2821 1932 non
2858 1879 3134 1947 particeps
3167 1894 3356 1931 eorum
3394 1879 3859 1948 quemadmolum
3900 1900 4027 1946 nos,

766 1975 946 2027 factus
978 1978 1082 2026 est.
1121 1969 1264 2024 Deus
1299 1969 1444 2021 enim
1481 1981 1603 2020 cum
1640 1967 1712 2020 sit
1753 1982 1850 2021 sua
1886 1976 2106 2027 natura,
2163 1967 2516 2036 fragrantiazn
2566 1980 2614 2022 et
2651 1970 3001 2023 sanctitatem
3042 1969 3398 2036 conjunctant
3430 1968 3614 2022 habet.
3670 1968 3896 2023 Necnon
3935 1988 4034 2042 per

765 2062 1026 2116 animalia
1057 2058 1295 2111 adducta
1329 2056 1445 2125 ipsc
1478 2063 1907 2124 reprmsentatus
1950 2063 2054 2107 e't.
2104 2052 2160 2106 la
2215 2065 2374 2107 tauro
2408 2058 2626 2126 quidem
2673 2067 2934 2126 tanquam
2968 2058 3233 2112 robustus
3261 2065 3314 2110 et
3349 2074 3543 2128 purus,
3585 2057 3931 2129 insuper-que
3961 2063 4034 2115 ob

763 2150 1015 2220 corporis
1044 2145 1508 2215 mz‘tgnitudincm;
1543 2143 1729 2196 omnia
1754 2143 1901 2196 enim
1937 2159 2058 2211 qua:
2093 2144 2145 2195 in
2174 2145 2396 2197 Christo
2429 2155 2577 2207 sunt,
2632 2147 2685 2196 in
2734 2146 2965 2214 spiritus
3019 2146 3320 2198 eminentia
3365 2149 3704 2201 consistunt.
3754 2149 4029 2216 Ca-ternm

765 2241 818 2292 in
852 2238 1020 2292 ariete
1054 2232 1410 2304 perfectionis
1440 2232 1704 2296 nomine;
1742 2232 1795 2283 iit
1834 2246 1978 2300 agno
2011 2247 2141 2285 vero
2173 2230 2524 2285 innocen’tize.
2556 2251 2572 2281 ι
2619 2231 2730 2298 ligo
2766 2233 2933 2295 enim,
2972 2232 3173 2301 inquit,
3209 2233 3356 2286 velut
3388 2246 3565 2304 agnus
3624 2236 3912 2303 pravitatis
3946 2239 4030 2290 itt-

764 2326 915 2381 scius
947 2324 1011 2377 ad
1044 2321 1437 2376 mactationem
1463 2321 1688 2382 ductus,
1723 2333 1831 2371 tton
1861 2318 2107 2372 intellexi
2142 2320 2207 2372 δθ.
2240 2339 2257 2370 ι
2306 2320 2360 2372 lu
2413 2321 2568 2374 hirco
2600 2333 2780 2373 autent
2830 2328 3054 2390 propter
3083 2322 3472 2375 mactationem
3502 2338 3665 2390 quam
3702 2339 3800 2393 pro
3837 2341 4032 2393 pret-a.

764 2420 837 2470 tis
872 2412 1120 2484 pertulit.
1174 2407 1520 2463 Sacrificium
1571 2408 1716 2459 enim
1770 2423 1870 2476 pro
1915 2408 2156 2478 peccatis
2188 2409 2347 2475 juxta
2399 2409 2568 2475 legem
2603 2408 2820 2461 'hircus
2850 2415 2952 2460 est.
2986 2407 3054 2460 At
3079 2408 3258 2462 tauris
3291 2411 3594 2463 tentorium
3628 2411 4029 2480 imponendum

765 2506 867 2557 t'uit
897 2520 910 2568 ;
949 2516 1045 2571 per
1071 2499 1354 2554 Christum
1383 2496 1528 2550 enim
1563 2495 1821 2550 Ecclesia:
1852 2505 2008 2564 parta
2049 2499 2289 2566 requies.
2322 2512 2418 2565 per
2441 2512 2608 2566 quem
2661 2497 2946 2550 laboribus
2979 2496 3028 2550 ei
3057 2497 3365 2565 imparibus
3391 2500 3555 2551 etiam
3585 2512 3695 2552 non
3724 2503 4037 2554 succumbit

765 2607 985 2646 sacrum
1022 2604 1216 2660 genus.
1282 2585 1484 2641 Verum
1542 2585 1825 2638 enimvero
1869 2599 1992 2654 qua:
2048 2585 2221 2639 duces
2269 2600 2368 2654 pro
2417 2599 2477 2639 se
2511 2585 2645 2653 ipsis
2692 2586 2745 2638 iit
2773 2585 3112 2640 sacriﬁcium
3166 2599 3265 2654 pro
3298 2585 3480 2639 salute
3514 2585 3751 2640 litabant
3789 2605 3899 2642 non
3933 2603 4036 2642 sua

764 2677 1173 2744 signiﬁcatione
1206 2683 1419 2728 carent.
1473 2669 1539 2725 Et
1585 2669 1790 2724 vitulus
1841 2669 2064 2738 quidem
2114 2671 2373 2727 Christus
2403 2682 2506 2728 est.
2551 2671 2808 2728 Juvencre
2851 2688 2986 2727 vero
3021 2689 3120 2726 nos
3164 2673 3441 2741 sanguine
3470 2674 3550 2726 illi
3582 2674 3785 2743 juncti,
3821 2685 4040 2729 tantam

765 2782 894 2823 vero
925 2765 1262 2835 principatu,
1301 2759 1545 2829 potentia
1579 2772 1799 2813 necnon
1852 2756 2144 2826 dignitate,
2173 2769 2438 2828 quantum
2492 2776 2611 2816 mas
2658 2759 2874 2815 leonino:
2906 2769 3150 2829 prmstat.
3182 2760 3299 2814 Dux
3333 2763 3480 2815 enim
3537 2769 3730 2816 noster
3776 2764 4044 2817 Christus

761 2858 850 2911 cui
879 2854 1117 2907 ﬁliorum
1152 2850 1241 2904 Dei
1269 2847 1394 2916 quis
1418 2844 1872 2912 comparabitur?
1923 2843 2097 2898 Porro
2139 2846 2261 2900 dua:
2313 2849 2564 2913 juvenes:
2607 2848 2835 2919 ﬁguram
2871 2850 3108 2907 duorum
3147 2850 3501 2918 populorum,
3537 2852 3637 2919 qui
3674 2851 3730 2904 in
3760 2852 4036 2906 unitatem

763 2943 1110 3015 spiritualetn
1148 2955 1244 3010 per
1275 2939 1434 2992 tidem
1469 2937 1829 2992 coaluerunt.
1868 2937 2178 2988 continent.
2206 2938 2423 2991 Arictes
2480 2952 2629 3000 vero,
2679 2937 2804 3007 agni
2839 2947 2893 2990 et
2934 2937 3074 2992 hirci
3120 2951 3352 2991 numero
3380 2952 3483 2990 suo
3512 2938 3772 3006 quinario
3804 2940 4042 2991 creden-

763 3038 898 3089 tium
940 3043 1236 3085 numerum
1271 3027 1326 3078 in
1360 3025 1558 3094 quinto
1592 3031 1842 3092 tempore
1877 3031 2131 3076 coactum
2180 3032 2600 3094 t'eptmscntant.
2650 3023 2711 3078 lit
2765 3041 2926 3093 quem
2967 3026 3240 3078 adventus
3273 3025 3467 3079 incidit
3496 3025 3704 3079 Christi
3739 3027 3833 3095 qui
3861 3028 3996 3080 dicit
4026 3048 4040 3081 :

770 3142 786 3174 ι
826 3122 883 3176 Si
921 3128 1146 3175 evectus
1181 3116 1336 3169 fuero
1385 3121 1624 3174 a-terra,
1682 3126 1878 3164 omnes
1910 3126 2008 3165 vos
2047 3127 2260 3165 mecum
2307 3114 2580 3166 attraham
2615 3113 2680 3166 το.
2723 3132 2739 3163 ι
2774 3114 2937 3182 Atqui
2970 3129 3066 3182 per
3093 3101 3296 3168 arietes
3329 3127 3522 3166 eorum
3565 3111 3872 3182 prudentiae
3911 3129 4039 3183 per-

766 3211 952 3274 t'eetiu,
999 3224 1093 3278 per
1128 3220 1299 3274 agnos
1331 3201 1658 3271 simplicitas
1706 3208 1759 3251 et
1803 3197 2149 3264 innocentia,
2203 3217 2298 3270 per
2351 3203 2535 3256 hircos
2586 3217 2714 3256 vero
2745 3202 3100 3272 signiﬁcatur
3135 3201 3280 3273 quod
3315 3202 3553 3256 subinde
3585 3201 3870 3271 indigeant
3906 3218 4048 3272 pur-

766 3303 1005 3369 gatione,
1035 3306 1086 3350 ct
1115 3295 1441 3348 delictorum
1475 3286 1904 3349 condonatione,
1940 3301 2003 3339 ac
2048 3288 2279 3355 proinde
2332 3305 2549 3360 semper
2605 3291 2795 3344 dicam
2827 3307 2840 3342 ε
2875 3289 3114 3344 “cuque
3150 3289 3313 3344 nobis
3346 3289 3551 3344 delicta
3590 3301 3800 3352 nostra,
3841 3307 3939 3360 pro
3975 3293 4046 3347 iis

763 3389 890 3457 quis
923 3380 1274 3439 satisfaciet?
1309 3391 1355 3433 et
1387 3377 1454 3430 ab
1487 3373 1879 3428 affectionibus
1913 3375 2103 3442 pravis
2147 3389 2383 3446 repnrga
2423 3393 2530 3432 me.
2566 3375 2825 3433 Omnium
2855 3377 3249 3448 vero'a’qualis
3289 3387 3376 3432 est
3403 3377 3616 3432 oblatio
3649 3389 3708 3431 ut
3739 3381 3880 3432 citra
3917 3394 4046 3433 otn-

766 3492 887 3530 nem
922 3474 1283 3528 ambitionem
1312 3467 1426 3529 ﬁat,
1461 3480 1529 3519 ne
1565 3462 1885 3532 prrestantia
1913 3463 2106 3519 unius.
2151 3463 2219 3516 ad
2254 3467 2646 3519 contumeliam
2695 3466 2992 3518 multorum
3026 3465 3357 3518 inferiorum
3392 3467 3576 3520 cedat.
3616 3464 3872 3519 Plaustra
3909 3483 4047 3520 vero

766 3564 1048 3619 rutilantia
1082 3567 1245 3616 vocat
1273 3557 1437 3627 juxta
1473 3551 1840 3624 quorumdam
1869 3550 2227 3606 traditionem
2267 3567 2467 3610 currus
2496 3567 2638 3622 quos
2679 3554 2811 3606 ntuli
2865 3553 3112 3607 trahunt.
3149 3554 3218 3607 At
3250 3553 3479 3623 Aquilus
3506 3563 3833 3620 protectores
3866 3554 4045 3608 inter-

764 3660 1035 3726 pretatur.

833 3741 954 3794 Duo
1000 3737 1246 3806 plaustra
1297 3740 1348 3787 et
1375 3722 2029 3802 quatuorboves.[\’ll,7.]
2060 3724 2377 3780 Levilnrltm
2418 3732 2867 3795 praestantissimi
2901 3730 3173 3788 Coathitze
3209 3746 3377 3800 super
3413 3731 3683 3796 humeris,
3719 3729 3880 3803 391
3929 3745 4044 3785 nou

764 3831 1031 3902 plaustris
1061 3829 1204 3882 sicut
1232 3824 1542 3880 Gersonitre
1581 3830 1634 3877 et
1681 3820 1983 3885 Meraritre,
2029 3817 2206 3871 fulcra
2259 3825 2497 3886 gestant.
2545 3824 2667 3886 Qun
2707 3821 2853 3874 enim
2897 3821 3203 3890 quidquam
3262 3819 3373 3873 Deo
3401 3822 3634 3889 propius
3679 3830 3788 3883 est,
3839 3835 3906 3873 eo
3942 3836 4048 3870 ex-

761 3919 1057 3980 cellentius
1084 3925 1170 3972 est
1198 3931 1265 3970 eo
1314 3914 1462 3985 quod
1492 3913 1842 3968 extrinsecus
1872 3910 2116 3965 excellit.
2157 3905 2407 3960 Proximi
2448 3920 2630 3963 autem
2666 3907 2773 3963 Deo
2820 3917 2952 3964 sunt
2979 3911 3071 3979 qui
3110 3923 3138 3962 a
3177 3908 3330 3963 vasis
3361 3910 3541 3963 sacris
3583 3908 3886 3963 exsistunt.
3920 3906 4048 3961 Cre-

766 4022 946 4067 terum
985 4005 1258 4062 Meraritis
1289 4005 1535 4073 plaustra
1564 4000 1809 4070 duplicia
1839 4013 1965 4052 cum
1997 3998 2176 4051 bobus
2206 3997 2336 4049 data
2368 4001 2522 4056 sunt.
2559 4010 2732 4064 quare
2760 3996 2940 4050 fulcra
2978 4010 3199 4066 quoque
3231 3996 3486 4066 graviora
3519 4012 3688 4066 quam
3725 3996 4048 4050 Cersonitae

759 4102 1120 4168 acceperunt.
1154 4091 1472 4147 Caltathitis
1523 4096 1706 4143 autent
1767 4087 1902 4140 nihil
1957 4084 2147 4138 datum
2205 4095 2314 4143 est.
2367 4082 2545 4137 fulcra
2589 4095 3002 4138 tamen.eorum
3040 4085 3404 4138 nihilominus
3436 4085 3725 4152 magnifica
3765 4092 3919 4147 sunt,
3949 4099 4046 4137 aut

761 4187 907 4242 enim
942 4184 994 4237 lti
1024 4182 1116 4253 qui
1145 4194 1251 4235 non
1285 4186 1529 4248 portant,
1563 4174 1917 4245 angustiores
1953 4170 2186 4224 fuerint.
2227 4168 2384 4235 Quod
2427 4171 2472 4226 si
2518 4182 2624 4236 est,
2649 4174 2687 4226 ii
2718 4188 2942 4243 quoque
2980 4174 3075 4242 qui
3114 4172 3168 4226 in
3203 4171 3447 4226 Sabbato
3477 4172 3654 4226 tulcra
3692 4171 3893 4225 tollunt
3924 4188 4051 4226 sau-

761 4276 967 4330 ctiores
999 4282 1051 4326 et
1083 4268 1308 4339 legitimi
1346 4265 1522 4333 magis
1561 4273 1726 4318 erunt
1758 4261 1826 4315 iis
1855 4260 1949 4330 qtti
1983 4275 2092 4312 non
2125 4259 2358 4324 tollunt,
2389 4258 2541 4337 iique
2577 4261 2780 4330 abjecti
2829 4275 2894 4314 ac
2938 4259 3155 4331 profani
3188 4259 3421 4314 fuerint.
3454 4259 3615 4325 Quod
3647 4261 3876 4314 minime
3907 4277 4049 4313 con-

762 4360 1074 4419 cedendum
1108 4366 1214 4418 est.
1249 4350 1713 4425 quemadmodum
1747 4365 1846 4404 nec
1884 4349 2022 4403 illud
2066 4347 2292 4417 quidem
2327 4347 2476 4416 quod
2499 4348 2591 4420 qtti
2623 4350 2844 4404 labores
2881 4351 3083 4404 tolerat
3123 4362 3350 4420 propter
3391 4347 3700 4402 Ecclesiam
3737 4347 4052 4418 ignobilior

759 4467 827 4508 eo
862 4451 936 4506 sit
969 4447 1063 4519 qui
1095 4447 1267 4498 otium
1309 4457 1408 4495 ceu
1447 4441 1800 4510 prtestantius
1832 4437 2086 4506 elegerit,
2135 4450 2236 4490 nec
2289 4436 2424 4490 illud
2470 4437 2615 4507 quod
2667 4438 2876 4492 mundo
2924 4437 3145 4493 deditus
3200 4437 3448 4490 sanctior
3481 4437 3556 4489 sit
3587 4449 3655 4489 eo
3688 4437 3783 4505 qui
3838 4435 3911 4511 ab
3951 4438 4049 4489 illo

695 4555 718 4578 κ
759 4550 922 4596 Vacat
954 4581 969 4604 ,
1003 4552 1103 4591 nec
1130 4532 1438 4588 Sabbatum
1473 4527 1774 4599 profauans
1806 4543 1871 4580 eo
1903 4527 1998 4594 qui
2041 4525 2298 4578 coluerit.

831 4633 907 4684 Ac
951 4635 1294 4696 posteaquam
1360 4617 1598 4669 unxisset
1636 4616 1832 4684 ipsum.
1882 4609 2024 4685 [88.]
2076 4613 2348 4665 Aaronem

2529 4613 2638 4667 Kal
2655 4614 2807 4682 μετὰ
2836 4614 2903 4668 τὸ
2926 4612 3130 4683 χρῖσαι
3152 4612 3368 4677 αὐτὸν,
3397 4611 3558 4681 δῆλον
3574 4611 3657 4664 ὅτι
3689 4611 3779 4664 τὸν
3805 4611 4049 4679 Ἀαρών.

755 4723 824 4778 de
852 4736 962 4793 quo
994 4716 1136 4788 apud
1176 4713 1366 4767 Mosen
1403 4723 1716 4779 sermonem
1770 4706 2017 4759 facturus
2065 4705 2168 4758 fuit
2207 4703 2351 4758 Deus

2459 4707 2595 4775 Περὶ
2634 4707 2799 4759 αὐτοῦ
2833 4707 2945 4777 γὰρ
3004 4707 3191 4776 μέλλει
3241 4705 3592 4773 διαλέγεσθαι
3644 4704 3722 4774 τῷ
3755 4705 3966 4774 Moriar“)
4027 4710 4054 4759 ὁ

759 4815 810 4871 id
854 4812 1055 4869 fecisse
1087 4813 1331 4862 consrat.
1376 4799 1852 4868 Creterunt,juxta
1901 4798 2042 4851 alios
2086 4798 2355 4866 interpre-

2457 4798 2610 4862 Θεός.
2636 4799 2789 4853 Κατὰ
2817 4801 2874 4853 δὲ
2896 4801 3022 4861 τοὺς
3048 4799 3240 4862 ἄλλους
3269 4798 3612 4869 ὲρμηνευτὰς
3637 4839 3652 4864 ,
3691 4796 3840 4851 αὐτὸ
3865 4797 4051 4849 ἐκδύν-

758 4926 862 4975 tes,
903 4909 1084 4976 ipsum
1142 4902 1314 4953 altare
1348 4905 1642 4968 postquam
1675 4896 1990 4951 unxissent,
2041 4892 2159 4953 ait;
2211 4903 2351 4958 pra:-

2459 4911 2573 4956 τας,
2611 4893 2672 4945 τὸ
2703 4892 3093 4963 θυσιαστήριὸν
3143 4909 3296 4962 φησι.
3345 4891 3633 4963 ΙῘροειπὼν
3663 4890 3772 4960 γὰρ
3795 4933 3810 4956 ,
3847 4909 3864 4939 ι
3900 4889 4051 4960 Δῦτη

759 5005 907 5058 fatus
937 4998 1085 5054 enini
1124 5011 1138 5048 :
1179 5012 1196 5043 ι
1225 4995 1401 5059 Atque
1439 4990 1554 5042 hmo
1583 4996 1667 5040 est
1706 4984 2041 5038 instauratio
2081 4984 2345 5043 altarisp
2461 4989 2493 5057 ἡ
2539 4988 2841 5056 quam;
2892 4987 2985 5039 τοῦ
3024 4985 3440 5055 θυσιαστηρίου,
3479 5003 3495 5036 ι
3530 4985 3801 5055 ἐπήγαγε,
3841 5003 3859 5035 ι
3895 4985 4054 5037 Μετά

761 5093 1057 5165 subjunxit
1097 5110 1110 5144 :
1176 5107 1192 5138 ι
1245 5089 1611 5151 Posteaquam
1658 5077 2183 5145 unxisscntipsum.
2219 5093 2236 5125 ι
2281 5073 2352 5124 lia

2180 5116 2183 5126 .
2219 5093 2236 5125 ι
2281 5073 2352 5124 Ea
2460 5077 2519 5127 τὸ
2543 5082 2728 5147 χρϊται
2760 5077 2912 5129 αὑτό.
2954 5095 2970 5126 ι
3021 5075 3332 5127 Ὠὅέλισται
3368 5075 3477 5146 γὰρ
3512 5075 3577 5127 τὰ
3605 5077 3663 5127 ἐν
3694 5079 3865 5145 μέσῳ.

758 5195 907 5250 enim
941 5202 1065 5258 quae
1095 5187 1150 5239 in
1188 5182 1372 5236 medio
1405 5191 1557 5240 sunt,
1592 5191 1698 5229 n0n
1735 5175 2041 5229 habentur.

830 5304 1146 5362 Constituto
1188 5313 1318 5352 vero
1353 5293 1626 5352 Ecclesia,
1662 5291 1714 5343 id
1747 5290 1892 5343 enim
1930 5283 2345 5340 tabernaculum
2397 5293 2503 5341 est,
2555 5279 2646 5333 Dei
2700 5279 2882 5334 Patris
2939 5280 3008 5334 ad
3044 5295 3145 5335 nos
3203 5281 3454 5350 pervenit
3481 5296 3603 5333 vox.
3653 5280 3785 5334 Nam
3826 5283 4051 5337 Ini-ntus

758 5398 922 5454 nobis
961 5402 1045 5448 est
1075 5407 1170 5462 per
1204 5388 1404 5442 Filium
1437 5396 1598 5451 quem
1631 5376 2080 5448 propitiatorium
2112 5388 2210 5442 pro
2250 5372 2490 5440 peccatis
2531 5370 2732 5424 nostris
2759 5370 2967 5439 posuit.
3008 5369 3120 5421 Vos
3179 5383 3308 5422 vero
3355 5379 3473 5422 erat
3513 5383 3683 5436 supra
3717 5367 4005 5424 Cherubin
4038 5393 4049 5433 ;

757 5493 987 5558 super“,
1016 5455 1161 5537 enim,
1191 5477 1400 5538 omnia.
1436 5475 1602 5525 “iam
1649 5481 1942 5536 supra...”
1976 5465 2157 5527 sedes,
2204 5461 2367 5514 Deus.
2413 5459 2580 5512 Filius
2627 5470 2807 5512 autem
2849 5459 2942 5528 qui
2998 5457 3163 5511 verba
3201 5458 3322 5525 ejus
3359 5457 3426 5508 ad
3465 5471 3567 5510 nos
3592 5455 3792 5518 defert,
3829 5458 4046 5526 inquit:

765 5599 782 5631 ι
823 5544 1006 5630 ἦτοι-Μ
1040 5586 1162 5639 qua:
1188 5585 1288 5638 ego
1329 5564 1473 5618 far-io
1506 5577 1618 5615 non
1658 5575 1798 5620 mea,
1845 5555 1941 5610 sed
1996 5555 2116 5623 ejus
2177 5556 2269 5621 qui
2326 5566 2409 5604 me
2462 5548 2688 5618 legavit,
2749 5547 2972 5600 sunt“.
3013 5565 3030 5596 ι
3088 5545 3149 5599 Et
3188 5546 3290 5599 hoc
3327 5560 3460 5598 sane
3492 5544 3768 5599 indicatur
3799 5561 3867 5602 eo
3900 5551 4052 5616 quod

831 5746 875 5776 "°
908 5743 1012 5797 lsa.
1059 5755 1208 5798 mit,
1241 5733 1329 5789 ﬁt").
1411 5733 1454 5762 ⁵³
1492 5729 1573 5782 Ps.
1601 5730 1637 5782 l.
1678 5743 1826 5798 xxvi.
1857 5725 1907 5777 5.
1970 5723 2015 5751 ⁸⁸
2056 5720 2251 5798 Mill-lli.
2289 5733 2435 5780 xvvt,
2471 5717 2516 5770 ἓξ

2371 5733 2435 5780 rt,
2471 5717 2559 5770 23.
2626 5715 2666 5744 ατ
2700 5711 2928 5766 Joan.Vt
2958 5752 2970 5774 ,
2999 5711 3090 5766 54.
3165 5709 3210 5741 ⁸⁸
3244 5707 3386 5762 Psal.
3452 5723 3596 5770 utv,
3633 5707 3684 5762 8.
3783 5707 3826 5739 "’
3854 5706 4056 5762 Jerem.

761 5836 836 5882 ιι,
892 5791 1012 5869 ὧῗί
1062 5791 1110 5840 ντδ
1143 5791 1304 5864 Joan.
1343 5822 1437 5859 Ml.
1483 5804 1581 5859 3'2.
1690 5801 1728 5827 τ’
1763 5795 1922 5850 Joau.
1961 5810 2071 5857 stt',
2106 5791 2198 5845 ii.
2262 5852 2267 5857 _
