4266 6446
296 363 401 426 813
1379 363 1902 426 (ῙΟΜΜΕΝΤᾹΠΗ
1953 363 1969 420 l

1852 363 1902 420 ll
1953 361 2025 420 IN
2072 361 2454 421 NUMEROS.
3434 350 3530 414 .‘H

298 491 400 527 vov
431 489 596 544 supta
657 477 1098 546 propitiatorium
1156 478 1296 530 [δοκι
1337 489 1442 533 est.
1505 477 1777 531 Czcterum
1811 475 2157 528 tribunorum
2209 473 2414 535 aditus.
2461 486 2566 526 non
2602 472 2747 524 cnim
2803 481 2855 523 et
2896 470 3026 523 illud
3073 469 3137 522 de
3195 471 3534 538 pt‘itttip'lms

297 562 669 616 omittendum
702 574 807 622 est.
844 580 950 616 non
992 565 1295 617 secundum
1334 563 1706 632 generationis
1753 561 1970 626 seriem,
2020 562 2115 616 sed
2155 571 2466 614 castrorum
2503 559 2749 610 ordinem
2787 573 2948 623 quem
2977 559 3239 610 tenebam
3270 559 3416 610 circa
3456 569 3538 612 ta.

297 648 662 703 [vernaculum
705 650 889 702 flebat.
934 650 1150 703 Prinuts
1182 651 1328 703 enim
1352 647 1551 709 ludas,
1591 648 1688 716 qui
1735 647 1892 715 juvta
1938 655 2152 700 :rtatent
2192 655 2424 714 quartus
2465 653 2647 705 esset;
2691 644 2963 696 secundus
2998 643 3281 706 Issaehar,
3317 645 3409 714 qtti
3446 661 3536 700 no-

298 751 406 788 uus
440 734 833 797 foret;tertius
857 734 1128 797 Zahulon,
1162 735 1253 804 qui
1291 735 1539 788 decimus
1570 741 1735 787 esset.
1775 732 2094 786 Secundum
2143 731 2340 786 deinde
2371 731 2657 785 decuriam
2701 731 3096 798 priinogt-uitus
3136 729 3326 783 Ruben
3376 733 3538 784 habet

298 836 327 872 a
365 836 476 889 quo
506 821 785 876 secundus
820 830 903 876 est
939 821 1185 875 Simeon.
1215 821 1438 876 Tertius
1469 827 1555 876 cst
1591 820 1705 874 Gad
1748 835 1809 872 ex
1853 820 2054 873 ancilla
2103 820 2339 888 genitus.
2376 817 2687 886 Eodemque
2720 815 2878 869 modo
2909 817 2973 870 de
3009 816 3229 871 duobus
3253 817 3346 886 qui
3381 819 3540 870 dein.

298 921 432 975 reps
491 916 802 976 sequuntur
842 910 1132 963 ordinibus
1187 909 1607 975 intelligenduut
1653 916 1757 960 est.
1817 906 2008 959 Tacite
2072 921 2203 960 vero
2247 905 2612 973 significatum
2671 913 2776 965 est,
2812 902 3036 954 verbum
3073 903 3311 970 primum
3357 905 3538 956 locum

299 994 446 1059 apud
482 992 652 1048 Deunt
693 1005 904 1057 tenere,
945 995 1299 1065 Evangelium
1333 994 1577 1063 denique
1608 991 1734 1046 Jesu
1772 990 1978 1047 Christi
2025 995 2180 1062 prius
2230 1006 2354 1046 esse
2390 991 2526 1058 lege.
2559 989 2726 1044 Primi
2758 990 2904 1042 cnim
2945 988 3304 1042 novissimum
3360 989 3537 1042 locum

297 1082 687 1142 obtinuerunt,
733 1093 786 1136 et
837 1083 1122 1135 novissimi
1171 1085 1430 1150 printuttt.
1467 1081 1599 1134 Nam
1656 1096 1778 1134 cum
1830 1080 2013 1134 lsraeli
2067 1077 2667 1149 primogenitnratjure
2699 1092 2727 1128 a
2766 1070 2994 1129 Rnbene
3041 1080 3292 1144 accepto,
3330 1078 3540 1144 primus

297 1165 601 1220 deberetur
621 1167 782 1230 ordo,
812 1185 838 1219 a
874 1176 1031 1236 tergo
1061 1179 1243 1220 tamen
1280 1176 1470 1238 gentes
1505 1168 1558 1220 in
1607 1157 1746 1220 Juda
1792 1182 1820 1219 a
1867 1166 2091 1222 Christo
2123 1176 2345 1219 vocatas
2381 1164 2657 1232 sequitur.
2692 1161 2730 1216 li
2762 1177 2982 1233 quoque
3011 1164 3101 1232 qui
3141 1165 3396 1217 servilem
3441 1164 3538 1217 lta-

297 1255 437 1308 bent
472 1254 753 1324 spiritum,
794 1256 1000 1324 filiique
1033 1257 1253 1310 servilis
1301 1252 1604 1308 Jerusalem
1652 1257 1953 1313 exsistunt,
1987 1254 2169 1306 locum
2194 1253 2320 1304 filiis
2351 1251 2557 1310 libera',
2606 1251 2817 1310 matris,
2863 1255 3112 1318 inquam,
3149 1259 3372 1312 nostra,
3406 1265 3541 1302 cou-

297 1340 529 1394 ceduttt.
560 1340 734 1395 ludas
773 1342 920 1394 enint
954 1357 982 1392 a
1015 1357 1125 1409 quo
1155 1341 1413 1394 Christus
1462 1347 1626 1392 natus
1685 1347 1767 1392 est
1816 1339 2119 1409 principem
2149 1338 2325 1392 locum
2371 1339 2555 1391 habet.
2599 1335 2801 1389 Deinde
2827 1334 3084 1390 lssachar
3113 1347 3165 1390 et
3196 1335 3446 1390 Zabulon
3482 1337 3546 1388 lia

301 1427 421 1480 heri
456 1443 521 1482 ex
555 1428 726 1482 libera
767 1429 904 1480 nati.
956 1426 1224 1496 Deinceps
1255 1426 1450 1479 Ruben
1479 1425 1881 1493 primogenitus
1905 1426 2059 1494 juxta
2104 1426 2296 1480 Jacobi
2345 1425 2667 1478 vaticinium
2695 1424 2763 1485 ",
2799 1430 3121 1484 contumax,
3155 1433 3209 1477 et
3242 1424 3541 1477 violentus.

301 1506 436 1567 Post
490 1531 653 1583 quem
697 1513 950 1583 sequitur
1005 1514 1227 1568 Simeon
1275 1515 1365 1582 qui
1413 1529 1536 1566 cum
1597 1512 1722 1566 Levi
1779 1513 2053 1567 homicida
2086 1513 2266 1566 dictus
2318 1522 2422 1565 est.
2469 1509 2528 1563 Et
2575 1518 2795 1565 sanctos
2844 1509 3066 1577 quidem
3101 1509 3540 1563 interfecerunt:

307 1618 326 1649 ι
370 1601 544 1666 Quem
597 1602 744 1655 enim
786 1603 1202 1671 prophetarum,
1246 1605 1342 1662 ait,
1377 1617 1484 1654 non
1518 1602 1846 1655 occiderunt
1889 1609 2075 1669 patres
2105 1599 2271 1653 vestri
2303 1599 2393 1650 "‘3
2431 1617 2449 1648 ι
2482 1596 2690 1650 Nervos
2721 1611 2849 1650 vero
2884 1597 3158 1649 truncavit
3198 1607 3359 1650 tauro
3388 1597 3548 1650 Chri-

301 1695 427 1752 sto;
465 1703 573 1741 non
606 1689 753 1742 enim
802 1689 955 1755 plebs
981 1697 1212 1752 tantum,
1255 1704 1441 1740 verum
1475 1690 1638 1742 etiam
1681 1687 1886 1741 Scriba:
1920 1694 1971 1740 et
2009 1684 2296 1748 Phariswi,
2338 1684 2553 1738 facinus
2570 1692 2765 1736 contra
2800 1682 3080 1736 Christum
3112 1691 3488 1750 conceperunt
3530 1691 3544 1732 t

304 1776 474 1826 veluti
526 1790 651 1828 Cllm
695 1775 746 1828 itt
775 1762 891 1828 Gad
925 1783 1250 1833 tetttassent,
1290 1790 1354 1826 ac.
1385 1774 1629 1828 dicereut
1665 1793 1676 1827 :
1713 1793 1730 1824 ι
1759 1772 2066 1827 Licituntne
2096 1780 2180 1826 est
2201 1769 2331 1824 dare
2361 1771 2562 1823 tributa
2594 1769 2829 1822 (.‘zt-sari?
2855 1786 2872 1818 ο

383 1857 428 1914 Ε
468 1864 672 1929 regione
698 1855 1007 1915 candelabri
1058 1863 1301 1914 lucebunt
1346 1871 1538 1930 septem
1570 1861 1821 1914 lucerna.
1862 1857 2026 1930 [Vl|l,
2054 1856 2136 1929 2.]
2173 1856 2428 1910 Divinum
2479 1856 2624 1908 enim
2667 1857 2850 1909 lumen
2905 1871 3015 1909 non
3060 1857 3314 1909 immittit
3357 1857 3548 1910 radios

301 1965 440 2004 suos
475 1952 543 2005 iis
581 1952 674 2020 qui
709 1959 921 2020 tergum
966 1950 1282 2013 obvertunt,
1338 1950 1663 2019 longiusque
1711 1949 1778 2002 ab
1831 1964 1896 2003 eo
1930 1947 2214 2002 recedunt.
2256 1944 2459 1997 Verum
2514 1945 2624 1998 illis
2654 1945 2746 2013 qui
2799 1960 2892 2013 pcr
2923 1946 3230 1999 libertatein
3273 1945 3394 2000 fidei
3468 1948 3547 1999 vi-

302 2050 488 2105 neque
525 2039 877 2092 sanctitatem
908 2047 1188 2092 ostentant
1241 2037 1457 2090 faciem.
1493 2037 1572 2090 Ad
1606 2029 1826 2091 Judmos
1857 2036 2001 2089 enim
2038 2049 2134 2104 per
2167 2032 2360 2085 Isaiam
2398 2031 2540 2084 Deus
2567 2031 2738 2084 divit:
2776 2049 2794 2082 t
2825 2033 2982 2096 Quod
3017 2033 3064 2088 si
3098 2049 3294 2090 manus
3335 2048 3551 2088 vestras

300 2141 435 2195 erga
477 2143 562 2180 me
612 2128 992 2194 porrexeritis,
1057 2135 1303 2178 avertam
1353 2125 1546 2179 faciem
1598 2141 1770 2180 meam
1807 2140 1834 2177 a
1869 2123 2026 2176 vobis
2069 2120 2132 2171 7‘.
2184 2137 2200 2168 t
2231 2119 2387 2173 Oculi
2427 2135 2551 2171 vero
2592 2119 2804 2171 Domini
2852 2136 3019 2187 super
3050 2122 3234 2190 justos
3272 2135 3424 2184 sunt,
3468 2125 3545 2176 si-

302 2223 402 2265 cut
454 2211 748 2266 l‘salmista
802 2217 1053 2265 testatur.
1105 2211 1374 2266 Ceterum
1419 2228 1649 2264 aureum
1703 2219 1788 2266 est
1842 2208 2259 2272 caudelabrunt,
2308 2209 2360 2261 id
2401 2217 2505 2268 est,
2539 2215 2714 2260 totum
2750 2211 2812 2259 :td
2843 2210 3178 2263 intellectum
3217 2227 3282 2267 ac
3311 2223 3551 2267 mentem

303 2298 679 2353 referendum.
715 2299 888 2367 Cujus
920 2301 1144 2368 quidem
1195 2301 1373 2351 caulis
1429 2301 1628 2353 mentis
1681 2298 1929 2352 habitum
1986 2296 2414 2364 redintegratum
2472 2294 2719 2357 denotat,
2758 2295 2869 2346 lilia
2903 2295 3143 2366 denique
3175 2299 3317 2365 ejus,
3353 2300 3553 2354 ntcntis

305 2389 473 2444 flores
498 2399 551 2444 et
580 2400 833 2444 ornatus.

378 2519 542 2574 Sume
595 2517 800 2573 Levites
844 2537 871 2574 e
902 2522 1073 2574 medio
1102 2522 1333 2589 ﬁliorum
1361 2519 1551 2574 Israel.
1583 2518 1748 2592 [νισι.
1780 2517 1890 2590 16.]
1924 2515 1981 2570 ltt
2015 2513 2456 2580 Christojiterum
2492 2515 2803 2570 chilarum
2833 2516 3143 2585 puriﬁcatio
3183 2524 3286 2571 est.
3323 2516 3377 2571 Si
3409 2519 3552 2573 enim

306 2610 543 2677 sanguis
577 2618 866 2661 taurorum
901 2617 955 2662 et
986 2610 1297 2673 hircorum,
1325 2609 1511 2678 inquit
1552 2606 1755 2662 Paulus
1785 2609 1852 2670 ’⁸,
1900 2611 2105 2674 quanto
2143 2602 2318 2671 magis
2365 2601 2573 2656 Christi
2624 2604 2850 2669 sanguis
2884 2605 2936 2656 in
2976 2604 3153 2674 ipsius
3185 2606 3546 2659 communita-

309 2707 420 2748 tem
459 2696 668 2750 ascitos
704 2695 1037 2750 sanctificat.
1087 2696 1357 2750 Caeterum
1411 2710 1552 2764 aqua
1594 2693 1755 2765 393
1802 2690 2206 2764 purificationis
2230 2691 2471 2744 cinerem
2502 2690 2715 2744 bucula:
2748 2693 3049 2746 admistum
3076 2694 3314 2756 habens,
3358 2696 3553 2748 mortis

309 2785 589 2840 ticationis
643 2799 768 2838 cum
822 2783 1046 2838 Christo
1083 2798 1245 2853 quam
1289 2783 1342 2837 in
1383 2782 1661 2854 baptismo
1715 2779 1977 2835 obtestati
2023 2793 2212 2833 sumus
2242 2778 2713 2834 commonefacit:
2761 2797 2778 2830 t
2830 2777 2947 2834 Una
2989 2781 3135 2835 enim
3167 2797 3291 2834 cum
3332 2783 3427 2838 illo
3467 2797 3554 2838 se-

313 2872 458 2939 pulti
492 2885 687 2926 sumus
724 2885 822 2940 per
878 2870 1213 2939 baptismum
1267 2869 1319 2923 in
1354 2877 1584 2925 mortem
1616 2869 1686 2922 ".
1719 2885 1737 2921 t
1792 2865 1856 2921 Et
1880 2864 2336 2936 rursuminquit:
2390 2883 2408 2916 ι
2459 2868 2688 2936 Semper
2716 2869 3055 2936 sepulturam
3087 2867 3217 2923 Jcsu
3251 2870 3459 2924 Christi
3502 2872 3554 2924 itt

309 2973 552 3028 corpore
599 2958 1061 3012 circumferentes
1121 2959 1188 3011 τ’.
1230 2977 1247 3009 ι
1310 2960 1406 3012 Est
1431 2965 1612 3012 autem
1663 2959 1944 3027 sepultura
1997 2955 2134 3020 haec,
2182 2953 2389 3009 mundo
2426 2955 2649 3025 quidem
2710 2957 2870 3020 mori,
2910 2955 3141 3011 Christo
3179 2973 3310 3011 vero
3350 2961 3552 3012 vivere.

315 3065 335 3097 ι
371 3045 488 3116 Ego
515 3046 661 3101 enim
698 3061 797 3115 per
831 3046 1025 3115 legent.
1063 3045 1264 3113 inquit,
1299 3044 1403 3115 legi
1430 3053 1681 3099 mortuus
1702 3055 1845 3108 sum,
1880 3049 1938 3097 ttt
1972 3041 2084 3097 Deo
2107 3040 2293 3097 vivere
2325 3057 2541 3112 possem
2578 3042 2676 3098 ".t
2702 3042 2765 3096 Et
2793 3043 2961 3112 hujus
3001 3045 3223 3113 qhidetn
3256 3045 3556 3098 mortifica-

308 3133 486 3188 tionis
522 3141 812 3186 consortes
861 3147 984 3186 esse
1027 3132 1343 3186 Levitarum
1395 3131 1646 3186 ordinent
1675 3139 1930 3201 oportere
1962 3129 2068 3185 hoc
2113 3131 2314 3201 arguit,
2349 3129 2497 3200 quod
2543 3130 2793 3185 radendo
2834 3131 2978 3200 pilos
3026 3138 3201 3184 totum
3229 3145 3430 3202 Corpus
3460 3134 3557 3186 de—

311 3218 528 3274 mtdare
557 3219 830 3288 praecipit.
865 3217 970 3271 l’er
1003 3219 1143 3288 pilos
1188 3226 1370 3271 autem
1413 3217 1714 3288 significari
1766 3224 1985 3272 constat
2026 3218 2361 3272 luXuriantia
2388 3217 2555 3271 animi
2585 3219 2854 3288 germina,
2880 3219 3084 3288 quibus
3119 3219 3373 3276 hirsutus
3412 3219 3555 3274 Esau

309 3308 650 3367 abundavit.
702 3305 875 3360 Jacoh
921 3322 1053 3361 vero
1089 3307 1241 3362 laevis
1267 3307 1469 3360 caruit.
1512 3305 1642 3372 Quae
1674 3305 1894 3376 quidem
1945 3305 2166 3363 divinus
2210 3322 2394 3363 sermo
2428 3309 2610 3377 gladio
2645 3309 2858 3362 acutior
2882 3309 2950 3372 "’,
2982 3308 3076 3379 qui
3109 3308 3161 3361 in
3197 3316 3436 3364 mentem
3474 3310 3557 3378 ip-

310 3406 435 3445 sam
477 3388 732 3459 pervadit
763 3390 816 3442 in
866 3389 999 3443 flore
1054 3389 1174 3458 ipso
1221 3397 1489 3459 amputat,
1534 3390 1586 3443 in
1640 3388 1825 3443 futuro
1859 3391 2005 3446 enim
2045 3393 2263 3448 demum
2296 3395 2504 3450 saeculo
2535 3395 2810 3449 radicitus
2833 3396 3040 3450 eVellit.
3078 3395 3258 3465 Atque
3286 3395 3400 3450 haec
3432 3400 3558 3466 qni-

307 3479 438 3532 dem
473 3476 562 3531 lex
604 3477 814 3546 peccati
844 3484 951 3540 est,
980 3491 1105 3546 qua:
1153 3477 1206 3530 itt
1241 3476 1506 3530 membris
1551 3475 1704 3540 latet,
1757 3478 2068 3549 mentisque
2111 3479 2214 3550 legi
2259 3481 2587 3535 reluctatur.
2642 3479 2842 3535 Verum
2875 3481 3159 3535 enimvero
3189 3481 3419 3551 spiritus
3454 3485 3559 3537 iter

312 3565 502 3629 facite,
554 3564 754 3633 inquit,
801 3565 1100 3633 carnisque
1152 3565 1619 3636 concupiscentia!
1670 3565 1880 3619 nullum
1915 3565 2262 3634 patefaciatis
2305 3569 2534 3622 exitum.
2565 3567 2834 3622 Czt-teruut
2895 3568 3350 3622 vestimentorum
3400 3570 3558 3624 ablu-

309 3655 467 3708 tione
503 3653 739 3707 nitidam
773 3669 837 3706 ac
871 3667 1120 3708 serenam
1178 3654 1421 3722 politiam
1470 3667 1703 3724 eamque
1756 3670 1878 3724 quae
1915 3653 2223 3710 forinsecus
2265 3664 2435 3725 patet,
2481 3654 2679 3709 innuit.
2735 3655 2912 3711 Mente
2961 3656 3109 3711 enim
3143 3657 3286 3711 bona
3323 3672 3432 3712 non
3469 3673 3558 3712 co-

312 3756 436 3794 ram
472 3739 584 3794 Deo
627 3746 866 3804 tantum,
899 3754 1088 3794 verum
1132 3740 1298 3794 etiam
1365 3741 1680 3796 hominibus
1733 3742 2099 3812 concipimus.
2149 3743 2279 3797 Nam
2323 3763 2340 3795 ι
2382 3743 2607 3807 Luceat,
2643 3747 2839 3815 inquit,
2877 3747 3059 3801 lumen
3097 3754 3339 3800 vestrum
3367 3761 3554 3800 coram

312 3827 641 3881 hominibus
675 3835 735 3879 ttt
767 3834 951 3880 vestra
991 3827 1132 3882 bona
1157 3843 1321 3897 opera
1352 3828 1572 3882 videant
1594 3829 1661 3881 '°.
1701 3846 1718 3880 ι
1743 3829 1912 3882 Porro
1944 3829 2275 3884 sacrificium
2313 3846 2412 3897 pro
2447 3833 2513 3884 iis
2540 3832 2732 3884 vitulis
2768 3832 3006 3896 duobus,
3039 3831 3229 3885 adulto
3265 3833 3557 3887 constabat

309 3924 366 3968 et
394 3913 685 3968 anniculo.
714 3912 772 3967 ltt
805 3915 1060 3984 utrisque
1085 3925 1267 3969 autem
1299 3914 1503 3969 Christi
1539 3931 1703 3984 parva
1742 3915 2066 3983 signiﬁcatio
2113 3925 2217 3969 est.
2273 3921 2348 3970 Ae
2385 3918 2435 3969 itt
2479 3919 2651 3971 vitulo
2680 3919 2901 3987 quidem
2941 3919 2994 3972 itt
3037 3919 3423 3973 holocaustum
3458 3922 3556 3971 ad—

313 4000 520 4065 hibito,
571 4000 704 4070 quia
752 4009 904 4055 totus
944 4014 1072 4055 cum
1122 4001 1238 4070 ipse
1275 4009 1422 4056 esset
1455 4012 1704 4066 sanctus,
1752 4003 1877 4055 vita:
1906 4003 2219 4072 tranquillae
2265 4018 2489 4057 usuram
2537 4005 2699 4059 nobis
2734 4006 3095 4074 comparavit.
3126 4005 3181 4058 Id
3210 4007 3355 4074 quod
3389 4008 3554 4060 etiam

312 4086 494 4142 farina
524 4086 650 4140 oleo
700 4087 930 4142 subacta
977 4102 1087 4157 pne
1113 4103 1176 4142 se
1229 4088 1460 4142 ferebat.
1487 4086 1545 4143 In
1582 4088 1752 4142 vitulo
1773 4096 1952 4142 autem
1983 4103 2084 4157 pro
2125 4090 2366 4158 peccatis
2417 4092 2540 4161 igne
2571 4099 2920 4161 consumpto,
2960 4091 3107 4162 quod
3135 4093 3227 4146 ille
3257 4093 3474 4148 virtutis
3505 4101 3556 4146 et

309 4172 694 4242 simplicitatis
729 4173 1044 4242 exemplum
1104 4174 1580 4230 absolutissimum
1619 4175 1850 4228 exsistat
1893 4191 1904 4226 :
1962 4190 1981 4225 t
2032 4173 2144 4245 Ego
2191 4177 2365 4238 enim,
2408 4177 2607 4246 inquit,
2663 4179 2905 4247 agniculi
2942 4178 3255 4233 innocentis
3285 4181 3458 4233 instar
3487 4181 3553 4232 ad

309 4260 716 4314 mactationem
756 4259 1032 4314 adductus
1086 4275 1194 4314 non
1252 4260 1492 4316 intellexi
1525 4262 1591 4314 ".
1651 4279 1668 4311 ο
1704 4259 2173 4326 Quemadmodum
2209 4277 2339 4317 vero
2371 4265 2442 4318 ab
2490 4266 2774 4330 omnibus,
2803 4280 3014 4336 proque
3042 4267 3305 4320 omnibus
3339 4267 3555 4321 sacriﬁ-

309 4346 464 4402 cium
500 4347 636 4402 illud
663 4347 923 4402 omnibus
959 4349 1009 4402 ei
1046 4362 1245 4404 manus
1274 4349 1563 4418 impositas
1594 4348 1927 4405 habentibus
1971 4348 2202 4404 oﬂertur
2240 4362 2566 4423 argumento
2603 4353 2855 4407 videlicet
2887 4354 3032 4422 quod
3066 4369 3253 4408 secum
3293 4354 3554 4408 auferant

310 4434 566 4489 omnium
598 4441 848 4502 peccata,
887 4434 1034 4488 sicut
1063 4436 1313 4489 omnium
1351 4434 1536 4491 ferunt
1583 4451 1778 4491 manus
1819 4451 1921 4504 pro
1969 4437 2174 4506 quibus
2218 4439 2556 4503 immolatur,
2607 4440 2677 4493 ita
2721 4455 2818 4509 per
2853 4438 3084 4509 figurant
3116 4441 3556 4495 demonstratum

308 4524 420 4584 est,
481 4519 632 4589 quod
679 4518 939 4575 Christus
989 4529 1216 4588 peccata
1263 4530 1452 4577 nostra
1499 4523 1774 4577 sustineat
1819 4538 1882 4577 ac
1931 4538 2030 4592 pro
2089 4525 2249 4580 nobis
2288 4535 2547 4597 Operetur
2597 4529 2790 4591 sacris,
2830 4528 2926 4582 illo
2969 4527 3246 4583 duntaxat
3294 4543 3556 4600 excepto,

306 4609 462 4678 quod
487 4614 606 4661 tum
647 4606 914 4678 temporis
945 4622 1235 4672 manuum,
1268 4624 1417 4664 nunc
1453 4625 1584 4664 vero
1616 4625 1842 4679 precum
1881 4611 2188 4668 ministerio
2214 4629 2278 4669 ac
2312 4629 2416 4669 usu
2453 4615 2602 4685 digni
2643 4631 2708 4669 t-o
2743 4615 3030 4670 ellicitmtr.
3059 4615 3408 4688 Quapropter
3429 4631 3557 4672 eum

305 4697 408 4765 qui
441 4708 708 4748 manuum
736 4693 1093 4764 impositione
1125 4695 1242 4749 sive
1274 4696 1416 4766 apud
1453 4697 1715 4765 populum
1746 4699 1862 4752 sive
1900 4698 1956 4751 in
2010 4697 2255 4754 Ecclesia
2291 4702 2594 4755 etiamnum
2647 4703 2842 4766 utitur,
2881 4712 3084 4773 praeter
3118 4701 3214 4758 Dei
3255 4703 3554 4759 consilium

305 4794 375 4836 ac
406 4781 750 4834 voluntatem
800 4779 855 4834 id
913 4793 1075 4849 agere
1123 4781 1478 4836 manifestum
1529 4792 1633 4834 est.
1684 4780 1817 4837 Tale
1862 4784 2030 4837 etiam
2079 4785 2212 4840 illttd
2241 4797 2327 4841 est
2357 4788 2503 4858 quod
2537 4788 3033 4860 primogenitorum
3061 4791 3206 4856 loco,
3234 4805 3378 4862 quos
3406 4790 3552 4848 Deus

303 4867 414 4923 sibi
445 4882 546 4924 seu
606 4867 892 4937 primitias
937 4883 1003 4922 ex
1053 4868 1200 4948 omni
1259 4869 1456 4938 populo
1499 4869 1789 4940 selegerat,
1838 4870 2040 4926 [.evitte
2089 4875 2368 4930 victimam
2403 4875 2663 4930 offerunt.
2705 4875 2861 4932 Verte
2891 4889 3073 4933 autem
3108 4881 3368 4948 primitiae
3395 4881 3558 4936 Chri-

304 4963 437 5010 stus
468 4954 871 5025 primogenitus
905 4953 998 5007 Dei
1048 4964 1103 5009 et
1142 4947 1385 5025 Virginis
1424 4965 1528 5019 est,
1578 4957 1670 5024 qui
1721 4970 1818 5025 pro
1851 4961 2029 5026 prittto
2078 4963 2297 5017 homine
2344 4972 2662 5032 assumptus
2694 4974 2798 5028 est,
2832 4947 3139 5040 mundique
3173 4980 3408 5041 peccata
3435 4987 3560 5041 per-

301 5045 460 5096 tulit.

377 5153 534 5222 Quod
558 5155 604 5209 si
642 5155 800 5209 homo
840 5169 951 5209 sese
982 5155 1236 5220 polluerit
1264 5170 1419 5221 super
1450 5155 1628 5206 anima
1666 5154 1916 5212 hominis.
1955 5158 2070 5229 ΗΧ,
2108 5160 2215 5231 l0.]

373 5289 454 5341 Τὸ
496 5287 689 5356 Πάσχα
737 5287 836 5354 τὴν
887 5285 1190 5353 ὑπέρδασιν
1242 5286 1643 5355 ἀναμιμνήσκει
1691 5286 1883 5339 τελεῖν.
1917 5279 1963 5333 Α

1872 5279 1963 5338 ,Α
2062 5293 2269 5347 Pascha
2339 5299 2831 5367 supergrcssionis,
2881 5317 3044 5371 quam
3104 5306 3330 5366 angelus
3387 5313 3557 5363 truci.

297 5382 453 5434 Δεότι
486 5378 690 5441 αὐτοὺς
734 5379 763 5431 ὁ
802 5377 980 5429 παίων
1022 5375 1252 5444 ἄγγελος
1285 5369 1681 5446 ὑπερϐέϐηκεν.
1719 5376 1884 5429 Ὅθεν

1869 5398 1884 5429 ι
1995 5381 2176 5436 dando
2225 5383 2603 5455 [Egyptiorum
2660 5369 3051 5460 printogettitos
3091 5393 3242 5456 fecit.
3294 5403 3554 5455 recorda-

298 5473 567 5540 τοῦνομα,
614 5471 710 5522 ιειὶ
753 5470 813 5521 τὸ
854 5470 1118 5531 tas-351:9;
1152 5468 1420 5522 ἐπιτελεῖν
1459 5470 1539 5530 εἰς
1564 5470 1884 5538 εὐεργεσίας

1873 5488 1884 5531 ς
1999 5473 2200 5524 tionem
2253 5473 2426 5527 affert.
2478 5476 2650 5544 Cujus
2705 5478 2950 5533 beneficii
2998 5487 3258 5537 memoria
3300 5503 3408 5553 quo
3459 5492 3558 5543 im-

364 5671 411 5701 "
445 5670 590 5723 Gen.
627 5682 778 5728 tm.
803 5669 858 5720 5.
900 5667 984 5742 ,νζ
1015 5665 1206 5742 Matth.
1242 5663 1585 5742 X}.lll,_-3_f_._
1652 5667 1695 5695 ’⁸
1735 5661 1860 5742 lsa._
1896 5681 1933 5726 t,

1896 5667 2074 5742 ιηξεξζ
2167 5669 2419 5742 βηιυιυτ.
2477 5672 2705 5742 ικηίό,
2780 5674 2861 5730 Η,
2971 5679 3015 5708 ⁷⁸
3061 5680 3254 5734 (ἶηΙιιηδ
3345 5696 3406 5742 tt,
3472 5686 3556 5741 5‘1,

300 5744 346 5775 ’τ
392 5744 430 5792 ll
464 5742 680 5797 (ξω-,ιη
720 5739 785 5792 10
873 5737 915 5765 ⁷⁸
947 5736 1127 5790 Calat.
1160 5752 1220 5796 tt,
1267 5735 1350 5787 19.
1421 5737 1459 5765 τ’
1493 5735 1653 5790 "t‘bl'.
1692 5753 1762 5796 tv,
1806 5736 1885 5787 l2.
1956 5737 1985 5764 '“

1313 5735 1350 5787 J.
1421 5737 1459 5765 τ’
1493 5735 1653 5790 ΙΙι·1›ι·.
1692 5753 1762 5796 tv,
1806 5736 1885 5787 l2.
1956 5736 2000 5764 ⁸ο
2030 5735 2216 5788 )latlh.
2248 5755 2297 5802 v,
2345 5741 2426 5793 lli.
2505 5743 2544 5772 "
2576 5741 2776 5799 krem.
2817 5762 2888 5801 st.
2937 5748 2998 5797 l9
