4266 6446
783 368 887 430 815
2117 372 2458 432 l‘lltttldl’ll
2503 376 2745 435 G.-\'/..EI
3954 386 4060 448 816

783 485 1032 538 mortalis
1084 492 1230 536 esset
1278 497 1474 534 nomen
1518 483 1742 535 Pascha:
1785 484 1832 536 ei
1882 493 1964 537 est
2015 483 2361 553 impositum,
2400 495 2439 548 Α

2400 495 2439 548 Α
2474 489 2801 556 ὑπόμνησιν,
2829 488 2919 540 καὶ
2945 489 3024 550 εἰς
3057 488 3294 557 δήλωσιν
3342 491 3437 544 τοῦ
3464 493 3556 545 τὸν
3583 493 3813 546 θάνλτον
3862 499 4063 566 μηκέτι

780 588 1110 645 tempusque
1138 588 1381 626 annuum
1423 584 1507 626 est
1557 574 1920 627 destinatum.
1982 573 2360 645 Significatum

2471 579 2702 631 Θάνατον
2722 575 2860 632 εἶναι
2884 583 3210 650 ποιήσαντος
3234 583 3321 634 διὰ
3341 585 3438 652 τῆς
3463 585 3839 649 ἀναστάσεως.
3859 588 3916 639 ’Δ
3927 591 4033 656 μνῆ
4047 618 4059 628 -

779 679 958 722 autem
995 681 1060 720 eo
1090 675 1195 727 est,
1255 667 1420 718 morti
1475 673 1803 734 potes-tatem
1859 680 2016 720 suam
2049 682 2144 734 per
2179 683 2363 722 resur-

2475 691 2633 742 μονες
2663 675 2718 726 δὲ
2746 675 2848 744 τῆς
2880 675 3203 745 εὐεργεσίας
3228 678 3276 728 οἱ
3308 678 3379 728 τὰ
3409 678 3614 747 σαρκὸς
3655 679 4060 748 προτιμῶντες,

777 760 1081 815 rectionem
1131 753 1340 812 Christi
1390 771 1516 811 esse
1565 756 1895 826 ademptam.
1955 756 2211 812 Beneﬁcii
2263 772 2363 810 an-

2470 757 2544 814 ὦν
2575 765 2904 834 ἀποτρέπων
2945 765 3209 834 Τιμόθεον
3231 768 3259 817 ὀ
3281 767 3494 829 lla-31%;
3519 784 3654 835 φησι
3681 784 3693 800 ⁸
3731 768 4063 837 Μνημὼιευε

776 862 881 906 tem
911 849 1080 918 hujus
1125 849 1482 903 immemores
1529 858 1659 901 sunt
1693 849 1728 901 ii
1761 849 1854 918 qui
1891 864 2060 903 carne
2092 850 2228 903 nihil
2262 865 2362 903 an-

2483 854 2689 922 Ίησοῦν
2719 857 2955 925 Χριστὸν
3004 860 3068 910 ἐκ
3107 857 3316 927 νεκρῶν
3360 860 3735 928 ἐγηγερμένον
3758 877 3769 890 ·
3801 859 3902 912 οὐκ
3927 848 4063 912 ἀνάλ

774 943 986 1011 tiquins
1023 941 1252 1003 habent,
1289 955 1318 993 a
1351 954 1459 1008 qua
1504 939 1809 993 debortans
1839 938 2188 994 Timotheum
2222 939 2364 993 Pau-

2473 963 2690 1015 μνησιν,
2743 945 2819 1008 ὡς
2861 947 3278 1017 ἐπιλελησμένῳ
3322 948 3511 1014 κινῶν,
3566 949 3704 1002 ἀλλὰ
3735 951 3960 1021 μνήμην
3985 950 4063 1012 ὡς
4094 1016 4106 1029 .

775 1036 856 1087 lus
886 1034 954 1098 ",
995 1034 1173 1101 inquit
1210 1032 1308 1085 :In
1355 1036 1677 1085 memoriam
1734 1031 2020 1085 hominum
2058 1034 2244 1102 ingere
2274 1031 2362 1087 Je-

2472 1037 2830 1106 μεμνημένοι).
2872 1057 2888 1087 ι
2929 1038 3186 1106 Ποιήσεις
3233 1039 3287 1090 δὲ
3315 1039 3469 1103 αὐτὸ,
3505 1041 3664 1107 φησι,
3696 1042 3837 1093 κατὰ
3864 1042 4061 1110 καιρ³.ν

772 1138 892 1176 sum
944 1125 1225 1178 Christum
1275 1113 1327 1173 θ’
1347 1124 1583 1176 mortuis
1614 1123 1914 1175 excitatum
1950 1139 1963 1174 :
1997 1138 2108 1191 quo
2140 1123 2358 1191 quidem

2467 1126 2655 1179 αὑτοῦ.
2697 1125 2834 1179 Οὔτε
2863 1126 2971 1197 γὰρ
3001 1129 3154 1189 am;
3180 1128 3372 1197 καιροῦ
3423 1131 3484 1181 τὸ
3517 1131 3757 1198 πρᾶγμα
3809 1131 4057 1198 γέγονεν,

772 1232 878 1269 non
931 1215 1374 1269 recordationem
1423 1222 1688 1283 tanquam
1741 1215 1910 1268 oblito
1960 1229 2182 1270 movere
2215 1217 2355 1279 vult,

2002 1231 2182 1270 mvet‘e
2215 1217 2355 1279 vult,
2467 1217 2580 1270 ἀλλ’
2611 1219 2697 1270 ὅτε
2726 1213 2859 1286 ἦ).οε
2889 1218 2946 1270 τὸ
2977 1218 3249 1287 πλήρωμα
3281 1218 3378 1271 τοῦ
3412 1221 3631 1290 χρῦνου.
3669 1239 3687 1273 ι

770 1310 862 1362 sed
899 1311 1160 1379 tanquam
1203 1324 1502 1363 memorem
1550 1309 2045 1365 connnonefacere.
2087 1311 2222 1364 Illud
2259 1321 2439 1367 autem
2476 1331 2487 1365 :
2524 1331 2542 1364 ι
2575 1311 2780 1375 Facite,
2818 1313 3020 1383 inquit,
3093 1321 3236 1367 stato
3305 1329 3368 1368 ac
3441 1315 3716 1384 praefinito
3786 1326 4056 1388 tempore.

769 1406 908 1456 citizt
941 1403 1087 1471 quod
1147 1403 1286 1455 nihil
1346 1403 1574 1455 omnino
1631 1404 1793 1473 hujus
1837 1404 1954 1458 fieri
2009 1404 2291 1480 debuit".
2330 1423 2348 1456 ι

840 1519 1071 1587 I’ropter
1124 1517 1364 1585 pollutos
1416 1533 1545 1571 vero
1581 1534 1750 1587 super
1797 1522 1980 1573 anima
2037 1523 2245 1577 mensis
2288 1521 2566 1577 secundus
2596 1529 2680 1575 est
2713 1536 3037 1578 concessus.
3073 1526 3138 1576 At
3169 1522 3320 1576 dicat
3353 1522 3576 1592 aliquis.
3605 1538 3702 1576 eos
3739 1527 3831 1590 qui
3873 1518 4058 1571 homi~

767 1607 898 1659 eidii
928 1607 1140 1660 scelere
1167 1606 1220 1658 in
1253 1603 1539 1658 Christum
1576 1616 1793 1673 patrato
1825 1623 1947 1662 sese
1978 1609 2364 1676 inquinarunt,
2400 1610 2606 1681 quique
2657 1622 2912 1664 Sanctum
2960 1621 3162 1664 nostra:
3208 1609 3440 1664 Pascha:
3487 1609 3688 1664 festum
3741 1608 4053 1677 negligunt,

769 1698 896 1747 licet
930 1693 1393 1762 praetermiserim
1426 1694 1625 1747 salutis
1679 1705 1897 1764 tempus
1930 1697 2087 1758 illud,
2137 1699 2191 1750 in
2221 1713 2331 1766 quo
2371 1697 2486 1752 Dux
2522 1699 2645 1751 vita:
2688 1714 2782 1762 per
2816 1698 3141 1753 aﬂlictiones
3167 1708 3591 1752 consummatus
3625 1705 3709 1751 est
3738 1713 3751 1760 ;
3792 1703 3848 1748 at
3881 1696 4050 1749 mise-

769 1783 983 1835 ratione
1010 1780 1133 1849 ejus
1158 1783 1254 1850 qtti
1289 1794 1484 1834 omnes
1518 1782 1730 1836 servari
1774 1783 1983 1852 expetit
2035 1788 2274 1853 posteris
2313 1787 2682 1856 temporibus,
2733 1796 2994 1856 tauquam
3049 1787 3298 1842 secundo
3349 1801 3561 1847 mense,
3610 1801 3736 1839 cum
3787 1785 4052 1853 gentibus

768 1873 821 1922 in
877 1869 1084 1923 Christi
1133 1869 1617 1938 participationem
1671 1873 2016 1941 pervenient.
2073 1873 2207 1926 Nam
2254 1875 2434 1943 quiin
2493 1872 2734 1944 Λεπτίνη)
2786 1874 3060 1928 idolorum
3117 1876 3398 1927 culturam
3453 1873 3740 1941 aspernati
3793 1870 4050 1935 fuerunt,

767 1975 956 2013 mense
995 1960 1170 2027 primo
1211 1960 1408 2013 festum
1446 1957 1673 2034 Pascha:
1713 1960 2017 2030 agitarunt.
2075 1963 2167 2032 qui
2217 1964 2386 2018 etiam
2417 1961 2624 2016 Christi
2668 1963 2938 2032 sanguine
2971 1963 3122 2015 uncti
3173 1969 3512 2016 vastatorem
3566 1967 4048 2028 contempserunt.

764 2053 831 2099 At
867 2047 901 2100 ii
941 2048 1038 2115 qui
1072 2049 1124 2099 in
1161 2061 1309 2099 anno
1343 2045 1566 2099 demum
1614 2055 1710 2100 aut
1759 2047 2009 2102 secundo
2044 2063 2235 2104 mense
2287 2051 2582 2114 accedunt,
2618 2051 2917 2104 dimoulter
2957 2051 3010 2104 in
3050 2052 3188 2105 tueri
3224 2050 3309 2106 sui
3335 2042 3746 2118 linspeetionem
3785 2058 3918 2102 sunt
3952 2047 4052 2100 ad-

761 2137 934 2189 dtu-ti.
971 2135 1269 2197 Cgeterum,
1310 2153 1327 2186 ι
1380 2135 1515 2188 Cum
1556 2136 1881 2190 'ntultitudo
1936 2137 2182 2206 gentium
2213 2137 2462 2207 ingressa
2513 2139 2700 2203 fuerit,
2738 2140 2942 2208 inquit,
2987 2149 3117 2193 tunc
3153 2139 3336 2192 omnis
3366 2137 3537 2191 Israel
3571 2137 3889 2190 servabitur
3920 2135 3986 2188 ⁸⁸.
4026 2155 4044 2186 ι

760 2224 922 2294 393
959 2225 1088 2277 Item
1123 2225 1363 2292 posthaec
1393 2231 1796 2278 convertentur
1828 2224 1925 2277 filii
1971 2225 2140 2280 Israel
2178 2235 2231 2280 et
2257 2226 2598 2296 indagabunt
2634 2228 2926 2280 Uotninnm
2973 2225 3144 2282 Deum
3181 2242 3340 2281 suum
3368 2225 3621 2280 et‘David
3651 2239 3831 2293 regem
3859 2240 4046 2279 suum.

762 2314 1009 2381 Denique
1046 2327 1194 2377 vero,
1229 2313 1476 2366 secundo
1519 2327 1740 2366 manum
1774 2328 1929 2368 suam
1956 2313 2148 2368 afferet
2194 2313 2259 2367 ad
2292 2314 2686 2369 attrahendum
2724 2315 2990 2384 reliquias
3035 2315 3120 2369 sui
3153 2314 3363 2384 populi.
3431 2314 3602 2367 I‘orro
3645 2314 3697 2366 in
3743 2314 4048 2383 longinqua

760 2403 844 2453 via
877 2400 1097 2454 exsistit
1134 2401 1227 2454 ille
1257 2401 1348 2471 qui
1383 2410 1541 2454 extra
1577 2401 1883 2455 licelesiam
1914 2411 1998 2458 est
2023 2411 2077 2456 et
2109 2403 2257 2472 ligno
2297 2404 2469 2458 dicit:
2512 2425 2528 2454 ι
2573 2403 2716 2458 Deus
2749 2419 2906 2458 meus
2933 2418 2994 2458 es
3030 2417 3112 2466 tu,
3158 2413 3212 2458 et
3264 2402 3431 2473 lapidi
3464 2403 3583 2455 :Tn
3625 2416 3759 2456 meae
3794 2404 3917 2456 vita:
3944 2418 4048 2456 an-

761 2500 882 2545 etor
916 2509 975 2545 es
1003 2491 1072 2556 ⁸⁵,
1104 2513 1121 2542 ο
1169 2500 1263 2545 aut
1288 2492 1495 2562 alioqui
1530 2508 1559 2545 a
1595 2507 1721 2547 vera
1749 2491 1816 2547 de
1860 2491 1970 2546 Deo
2011 2494 2282 2547 sententia
2318 2484 2557 2547 aberrat.
2598 2489 2727 2547 Pari
2781 2509 2910 2547 vero
2946 2492 3110 2547 modo
3144 2492 3434 2547 nobiscum
3475 2490 3770 2546 Ieriabitur
3799 2492 4042 2555 advena,

758 2596 823 2635 ac
855 2580 1094 2634 victimae
1132 2582 1434 2636 incruente
1468 2584 1752 2652 particeps
1796 2582 1910 2637 fiet.
1945 2583 1985 2635 A
2025 2584 2143 2653 lege
2177 2585 2276 2637 hac
2328 2584 2562 2636 fortasse
2603 2595 2740 2636 usus
2781 2581 3029 2634 obtinuit
3066 2581 3121 2635 in
3159 2579 3434 2645 Ecclesia,
3463 2588 3523 2633 ut
3556 2580 3601 2633 si
3635 2595 3828 2635 mense
3862 2580 4044 2648 primo

756 2673 1059 2737 excideret,
1092 2672 1319 2726 seettndi
1352 2674 1560 2726 mensis
1590 2673 1869 2726 decimum
1917 2684 2179 2742 quartum
2213 2674 2356 2726 diem
2407 2671 2760 2726 subornaret.
2797 2668 3068 2723 Caeterum
3102 2670 3196 2738 qui
3225 2685 3325 2723 nec
3368 2670 3623 2738 impurus
3651 2677 3737 2722 est
3769 2685 3866 2721 nec
3901 2670 4044 2722 etni-

759 2776 862 2812 nus
891 2768 999 2811 stat
1031 2774 1094 2811 ex
1128 2772 1277 2810 mera
1311 2759 1627 2826 arrogantia
1661 2765 1757 2810 aut
1810 2759 1982 2810 nimia
2020 2760 2368 2826 volupta'um
2415 2757 2813 2823 admiratione,
2848 2757 3064 2811 alienus
3113 2771 3140 2808 a
3176 2770 3376 2826 genere
3406 2755 3552 2822 quod
3602 2756 3814 2810 servari
3855 2756 4042 2818 debet.

755 2854 860 2899 est.
920 2846 1020 2910 Qui
1076 2845 1222 2898 enim
1291 2843 1522 2897 Domino
1556 2861 1665 2898 non
1723 2846 1861 2908 fidit,
1903 2847 2105 2915 inquit,
2144 2847 2312 2898 vitam
2357 2859 2463 2899 non
2508 2845 2732 2910 videbit,
2764 2860 2952 2899 verum
2989 2845 3066 2898 ira
3099 2843 3193 2898 Dei
3231 2860 3398 2913 super
3429 2859 3492 2897 eo
3527 2844 3752 2910 residet,
3783 2861 3849 2899 eo
3891 2847 4045 2914 quod

757 2935 1114 3003 benignitatis
1147 2941 1369 3002 tempus
1403 2932 1650 3002 despexit
1677 2934 1746 2987 ⁸⁸.
1773 2932 2019 3003 Tempus
2054 2945 2239 2988 autem
2277 2934 2410 2987 illud
2441 2943 2663 3004 tempus
2702 2935 2827 2990 fidei
2859 2943 2964 2989 est.

830 3024 998 3076 Porro
1029 3023 1111 3074 die
1129 3038 1187 3074 co
1215 3036 1317 3089 quo
1345 3031 1576 3073 erectum
1597 3031 1672 3073 est
1698 3020 2119 3076 tabernaculum.
2156 3020 2315 3075 nubes
2349 3021 2610 3076 obvelavit
2654 3023 2812 3077 illud.
2841 3021 2958 3096 [IX,
2997 3023 3106 3095 l5.]
3147 3023 3565 3093 Quamprimum
3599 3024 3746 3077 enim
3795 3022 4043 3079 Ecclesia

751 3120 948 3166 οδω-ιλ
990 3110 1178 3174 fuerit,
1216 3109 1478 3178 splendor
1503 3109 1699 3178 gloria:
1725 3109 1930 3163 Christi
1968 3109 2016 3163 ei
2054 3107 2297 3178 affulget.
2323 3109 2454 3176 Qua:
2495 3111 2564 3166 iis
2591 3112 2813 3180 quidem
2849 3113 2944 3180 qui
2978 3112 3030 3165 in
3071 3113 3254 3166 noctis
3293 3113 3525 3182 caligine
3565 3113 3827 3166 oberrant
3856 3113 4043 3167 lumen

753 3203 1018 3264 immittit,
1056 3200 1126 3254 iis
1153 3201 1248 3270 qui
1277 3200 1480 3255 mentis
1517 3199 1641 3254 luce
1689 3209 1821 3254 sunt
1850 3198 2116 3252 illustrati
2145 3213 2303 3253 suam
2339 3200 2736 3270 protectionem
2771 3199 3022 3270 largitur.
3054 3199 3206 3268 Opus
3245 3203 3393 3254 enim
3433 3201 3631 3255 habent
3665 3201 4045 3270 imprudentes

753 3305 818 3346 ac
844 3290 972 3344 caeci
1014 3289 1444 3342 illuminatione.
1475 3285 1771 3340 Illuminati
1806 3302 1938 3341 vero
1980 3301 2078 3354 per
2111 3285 2271 3340 fidem
2305 3289 2650 3356 protectione
2679 3298 2732 3344 et
2763 3288 3036 3352 subsidio,
3071 3305 3181 3357 quo
3215 3299 3441 3344 strenue
3483 3290 3700 3358 possint
3750 3293 4047 3360 prtescntis

754 3379 877 3430 vitm
914 3377 1198 3430 molestias
1234 3384 1286 3428 et
1316 3375 1422 3428 diei
1463 3374 1837 3427 dillicultatem
1871 3372 2138 3443 perferre.
2179 3373 2386 3430 Omnes
2415 3378 2560 3430 enim
2594 3377 2688 3446 qui
2731 3377 2786 3431 in
2813 3375 3038 3430 Christo
3071 3378 3157 3445 pie
3196 3379 3427 3446 cupiunt
3464 3380 3646 3432 vivere
3670 3380 4046 3447 persecutiuni

753 3464 1064 3534 subjaceut.
1095 3463 1379 3518 Christum
1412 3478 1540 3516 vero
1572 3478 1910 3532 quocunque
1945 3478 2044 3516 nos
2068 3462 2237 3515 ducat
2272 3463 2386 3517 sive
2420 3464 2744 3520 rel-edentes
2775 3465 2896 3520 sive
2928 3466 3259 3519 adcedentes
3289 3466 3593 3534 sequimur.
3627 3465 3810 3519 Prima
3853 3477 4045 3521 autem

751 3558 1025 3612 dist't‘Ssi.)
1064 3574 1090 3607 a
1140 3556 1302 3610 nobis
1329 3553 1396 3608 ab
1447 3553 1778 3608 infidelitate
1827 3557 1892 3606 ad
1943 3554 2100 3606 fidem
2133 3554 2214 3616 lit,
2251 3552 2491 3606 secunda
2529 3567 2558 3604 a
2607 3551 2746 3604 vitio
2795 3550 2862 3626 ad
2907 3551 3190 3615 virtutem,
3227 3551 3389 3604 tertia
3431 3567 3495 3606 ex
3532 3552 3949 3623 imperfectione
3976 3554 4044 3607 ad

752 3649 877 3699 vitm
916 3644 1334 3714 perfectionem,
1378 3643 1494 3696 sive
1526 3657 1589 3695 ea
1622 3644 1780 3709 juxta
1817 3641 2094 3695 actionem
2142 3643 2257 3695 sive
2285 3643 2617 3694 sententiam
2641 3640 2950 3693 :estimetnr
2985 3658 2998 3693 :
3036 3659 3053 3691 ι
3090 3638 3144 3692 In
3184 3641 3512 3708 perfectum,
3550 3642 3798 3710 inquam,
3835 3644 4046 3705 virum,

751 3748 803 3790 et
831 3735 978 3805 justa
1008 3740 1170 3787 mtate
1204 3733 1257 3786 in
1290 3729 1517 3784 Christo
1577 3739 1924 3800 provectum,
1959 3747 1977 3780 ι
2021 3729 2179 3798 juxta
2235 3725 2372 3782 illud
2413 3727 2562 3796 quod
2614 3726 2820 3782 Paulus
2850 3728 2983 3782 dicit
3014 3727 3101 3782 9':
3163 3748 3181 3779 ι
3225 3726 3401 3781 Unum
3436 3737 3618 3782 autem
3653 3729 3787 3782 illud
3817 3744 3942 3799 ago,
3980 3746 4048 3783 ea

749 3824 975 3892 quidem
1009 3837 1133 3892 qua:
1163 3835 1192 3873 a
1233 3829 1386 3889 tergo
1419 3827 1552 3873 sunt
1595 3828 1653 3872 ut
1685 3818 2007 3881 obliviscar,
2041 3817 2110 3870 ad
2157 3830 2221 3872 ea
2257 3832 2386 3870 vero
2423 3832 2548 3888 qua!
2578 3833 2607 3870 a
2652 3815 2835 3871 fronte
2880 3827 3010 3871 situt
3040 3818 3260 3871 enitens
3285 3818 3444 3885 juxta
3492 3817 3776 3886 praefixum
3822 3819 4047 3888 signum

749 3914 1020 3981 insequar
1051 3908 1120 3964 ad
1150 3908 1393 3979 palmam
1433 3921 1688 3976 superna:
1726 3904 2038 3959 vocationis
2072 3901 2164 3956 Dei
2196 3917 2291 3975 per
2321 3903 2608 3960 Christum
2640 3904 2831 3961 Jesum
2855 3906 2920 3959 ⁸⁸.
2957 3925 2975 3956 ι
3018 3904 3128 3960 Nec
3164 3921 3297 3960 vero
3331 3906 3469 3958 citra
3498 3904 3705 3960 Clu-isti
3737 3921 3896 3976 opem
3929 3907 4046 3960 ﬁeri

749 4000 1379 4072 cogitandumest,cum
1407 3995 1690 4065 ipsemet,t
1715 3993 1849 4048 Sine
1870 4007 1957 4048 me
1988 4008 2101 4046 non
2123 3992 2428 4064 quidquam
2458 4008 2622 4064 agerc
2653 3995 2943 4064 potestis,a
2975 3995 3146 4047 dicat.
3178 3993 3374 4048 Omnia
3395 3993 3543 4047 enim
3572 3995 3676 4050 rite
3706 3985 3756 4049 et
3786 3994 4050 4050 decenter

750 4096 804 4147 in
850 4093 971 4160 ipso
1010 4088 1169 4154 fiunt,
1214 4084 1524 4141 secundum
1555 4083 1906 4154 Apostolum.
1938 4081 2100 4149 Quod
2140 4083 2320 4153 ipsum
2359 4081 2740 4152 profectiones
2772 4098 2994 4152 quoque
3031 4083 3100 4137 ab
3140 4082 3414 4153 apostolis
3461 4079 3621 4137 factae
3651 4097 3717 4138 ac
3769 4096 4049 4152 susceplm

747 4181 1149 4250 eoinprobant;
1183 4189 1368 4230 nonne
1402 4175 1551 4230 enim
1589 4187 1656 4227 ex
1695 4171 1826 4228 Asia
1873 4173 1929 4227 in
1967 4170 2342 4228 Macedoniam
2380 4187 2478 4243 per
2517 4172 2787 4226 visionem
2829 4174 3089 4226 mandato
3119 4181 3350 4241 accepto
3396 4171 3501 4227 iter
3549 4169 3822 4236 fecerant,
3857 4173 3911 4227 in
3956 4173 4049 4226 Di-

748 4271 996 4340 thyniam
1029 4279 1161 4320 vero
1195 4263 1509 4333 pervenire,
1544 4261 1695 4330 ipsos
1733 4260 1931 4331 spiritu
1964 4261 2174 4316 Christi
2208 4259 2559 4330 prohibente,
2595 4276 2704 4314 non
2741 4262 3034 4330 porerant?

818 4357 977 4425 Quod
1010 4356 1057 4409 si
1086 4353 1289 4408 steterit
1321 4351 1484 4404 nubes
1513 4367 1543 4402 α
1574 4365 1788 4418 vespera
1820 4366 1986 4419 usque
2022 4350 2090 4403 ad
2124 4366 2279 4405 mane
2313 4359 2362 4403 et
2396 4342 2669 4418 deinceps.
2707 4347 2832 4404 Sive
2872 4349 2974 4404 sub
3015 4363 3325 4418 vesperam,
3356 4350 3472 4404 sive
3499 4363 3682 4415 mane,
3719 4350 3837 4406 sive
3871 4361 4044 4406 ποι-ιιι

749 4448 926 4502 nubes
958 4441 1334 4502 ascendisset,
1375 4440 1577 4508 inquit,
1619 4437 1862 4492 interdiu
1907 4445 2092 4491 castra
2125 4437 2443 4502 movebunt,
2479 4446 2762 4508 noctuque
2798 4438 2901 4491 iter
2935 4438 3163 4492 minime
3204 4437 3446 4491 inibunt.
3479 4436 3871 4506 Saepenumero
3911 4456 4047 4493 vero

746 4552 844 4606 per
888 4547 1131 4586 iuenSem
1177 4530 1452 4598 integrum
1514 4528 1621 4580 fixa
1671 4533 1724 4578 et
1763 4519 1989 4579 immota
2055 4526 2207 4597 stetit
2253 4525 2447 4588 nubes,
2499 4535 2553 4581 ct
2592 4535 2700 4579 tam
2769 4527 3033 4580 diuturna
3093 4541 3247 4582 mora
3319 4527 3570 4581 facienda
3607 4526 3732 4582 fuit.
3771 4529 4047 4583 Ascensio

688 4633 695 4642 '
744 4626 889 4679 enim
920 4620 1311 4692 perfectionem
1346 4615 1737 4686 portendebat.
1759 4612 1894 4668 Nam
1920 4614 2364 4683 quotiescunque
2396 4614 2505 4669 Deo
2528 4618 2677 4684 ipsos
2705 4631 2925 4671 movere
2955 4616 3130 4671 visum
3153 4628 3296 4681 erat,
3325 4617 3599 4671 columnae
3631 4618 3805 4687 ignea:
3832 4618 4043 4672 nubent

745 4721 910 4766 n0clu
942 4719 1038 4762 aut
1069 4706 1177 4760 sub
1227 4718 1517 4772 vesperam
1559 4701 1913 4762 immittehat,
1945 4717 2070 4770 qum
2106 4716 2273 4771 porro
2311 4701 2572 4756 tendebat
2619 4713 2673 4758 et
2719 4704 2985 4758 Israelitis
3016 4705 3159 4758 viam
3190 4720 3291 4760 ceu
3327 4704 3700 4772 monstrabat,
3752 4706 4043 4776 significa-

743 4803 943 4870 batque
981 4795 1222 4850 interdiu
1259 4793 1361 4844 iter
1391 4806 1514 4846 esse
1542 4787 1990 4858 ingrediendum.

815 4909 929 4965 Fac
961 4909 1056 4962 tibi
1082 4907 1219 4980 duas
1256 4903 1410 4956 tubas
1437 4900 1689 4962 ducti/es,
1721 4910 1834 4957 etc.
1877 4899 1970 4972 ιχ,
2001 4899 2084 4970 2.]
2121 4900 2330 4972 Duplex
2363 4903 2510 4958 enim
2557 4907 2609 4958 in
2641 4906 3009 4963 concionibus
3043 4919 3125 4961 est
3163 4909 3557 4978 promulgatio.
3591 4910 3777 4964 Altera
3811 4910 4040 4980 quidem

740 5002 993 5062 moralis,
1020 4979 1189 5051 altera
1245 5010 1376 5048 vero
1413 4991 1769 5055 docti-inalis,
1814 5005 1876 5044 ea
1909 4990 2167 5045 videlicet
2222 5008 2328 5061 qua
2361 4995 2645 5048 veritatem
2691 4995 2996 5060 tradentes,
3056 4997 3349 5051 falsitatem
3386 4997 3797 5070 redarguimus,
3833 4979 4044 5070 quent-

737 5089 1037 5147 admodum
1070 5084 1274 5138 Paulus
1302 5098 1397 5134 eos
1428 5081 1519 5149 qui
1553 5093 1581 5130 a
1632 5078 1994 5132 matrimonio
2028 5086 2084 5132 et
2131 5079 2272 5134 cibis
2301 5088 2569 5151 tanquam
2607 5082 2772 5139 rebus
2818 5100 2914 5155 per
2948 5101 3006 5139 se
3052 5089 3236 5154 pravis
3278 5087 3670 5142 abstinendum
3715 5104 3841 5144 esse
3885 5105 4042 5145 ass-c-

737 5184 948 5242 rehant,
999 5173 1476 5248 quemadmodum
1511 5186 1608 5223 eos
1659 5170 1752 5237 qui
1797 5169 2282 5224 circumcisionem
2314 5177 2577 5240 tanquam
2625 5188 2736 5226 rem
2774 5175 3146 5230 necessariam
3199 5177 3362 5230 saluti
3419 5178 3664 5232 retinere
3711 5178 4036 5237 studebant.

732 5271 1010 5325 Caeterum
1058 5273 1286 5336 argento
1322 5269 1585 5316 constant
1635 5260 1778 5311 tubae
1833 5257 1940 5322 hte,
1976 5257 2042 5310 ad
2086 5257 2436 5329 elligiandum
2471 5259 2822 5326 splendorem
2857 5263 2954 5331 qui
2986 5277 3111 5316 cum
3150 5274 3385 5332 utroque
3443 5266 3910 5336 promulgationis
3941 5284 4037 5338 ge-

732 5375 864 5414 nere
900 5356 1237 5425 conleIIClllS
1283 5348 1619 5405 essedebet.
1653 5344 1936 5412 Quantum
1981 5362 2113 5400 vero
2160 5361 2356 5400 aurum
2392 5357 2620 5419 argento
2662 5349 2849 5419 potius
2893 5361 2999 5417 est,
3038 5360 3250 5406 tantum
3288 5354 3458 5408 verbo
3506 5369 3663 5410 mens
3707 5370 3802 5425 per
3833 5372 4034 5410 aurum

730 5452 1150 5518 repraesentata,
1203 5456 1313 5510 quo
1365 5439 1594 5492 interior
1627 5434 1918 5506 splendida
1967 5435 2217 5490 Ecclesia
2255 5449 2514 5489 exornata
2547 5446 2651 5500 est,
2685 5438 2736 5490 id
2782 5447 2889 5504 est,
2925 5441 2970 5494 si
3022 5452 3259 5495 mentem
3300 5451 3549 5512 spectas,
3582 5445 3772 5498 aureis
3827 5447 4036 5499 amicta

732 5539 1001 5592 νρεεῃηιε,
1036 5534 1307 5587 cutim“...
1344 5527 1574 5582 alterius
1609 5525 1754 5578 lttbtf:
1790 5523 2101 5577 ministerio
2140 5525 2597 5578 tom-oeabantur
2642 5528 2926 5597 principes
2965 5532 3188 5586 acutius
3238 5543 3558 5595 cernentes,
3594 5542 3648 5587 ct
3691 5533 3862 5588 citius
3898 5538 4036 5586 ob»-

729 5630 965 5688 dienfes,
1011 5629 1344 5694 argumento
1389 5617 1644 5671 videlicet
1693 5613 1840 5685 quod
1898 5600 2522 5685 religionis‘institutio
2566 5617 2630 5667 ad
2688 5616 2993 5672 Eri-lesiam
3050 5622 3375 5690 pcl'lini'rcl,
3417 5642 3432 5674 ι
3468 5622 3525 5676 ιη
3587 5622 3835 5679 Ecclesia
3880 5627 4035 5678 eum

797 5809 840 5836 κε
884 5804 922 5854 ιι
957 5799 1101 5854 Tim,
1130 5816 1187 5855 ιι,
1220 5800 1271 5850 ιι,
1351 5794 1394 5823 ⁸³
1425 5793 1603 5844 Calui.
1648 5808 1715 5857 tv,
1766 5793 1815 5845 4.
1890 5790 1934 5820 ⁸⁸
1973 5787 2134 5841 “util.
2167 5805 2239 5853 XI,
2275 5789 2361 5852 ‘25,

2351 5789 2480 5852 ,εὶά
2599 5791 2643 5822 ⁸⁸
2680 5790 2883 5847 Jeretn.
2924 5810 2980 5861 tt,
3017 5795 3105 5848 97.
3173 5752 3218 5827 ί⁶
3261 5794 3424 5851 Joan.
3459 5813 3542 5863 ιιι,
3577 5797 3664 5853 56.
3746 5793 3791 5829 ⁸*
3823 5797 4032 5869 Ephes.

727 5895 800 5940 tt’,
845 5879 924 5931 ιδ.
1004 5875 1047 5904 ⁸⁸
1075 5871 1312 5940 l’liiiipp.
1352 5884 1432 5928 ιιι,
1470 5863 1549 5927 I3,
1586 5864 1672 5917 ιι.
