4266 6446
271 398 374 463 817

1372 403 1904 460 COMMENTARII
1953 402 2030 459 IN
2076 401 2459 460 Νυλιειιος.

3441 399 3542 459 813

265 509 434 564 malo.
473 507 674 575 inquit,
711 508 956 576 quinque
996 508 1161 563 verba
1223 520 1402 564 mente
1454 526 1571 564 mea
1609 512 1792 579 loqui,
1842 519 1899 564 ut
1945 519 1998 563 et
2046 511 2185 565 alios
2237 512 2558 571 instituam,
2599 524 2762 578 quam
2817 507 3003 561 decem
3057 505 3222 559 millia
3250 507 3540 560 verborum

268 595 548 659 langna".
583 614 599 644 ι
625 623 692 633 -
719 614 737 644 ι
772 594 1016 662 Sapienti
1052 609 1236 664 porro,
1265 596 1464 664 inquit,
1492 598 1842 652 occasionem
1891 597 2108 660 exhibe,
2155 605 2206 649 et
2256 597 2563 664 sapientior
2617 597 2726 648 lict.
2780 593 2950 646 Erudi
2983 593 3218 660 justum,
3278 603 3330 645 et
3372 595 3544 645 multo

267 681 505 747 amplius
539 681 802 748 percipiet
827 683 894 734 ὀ.
934 701 952 732 ι

335 766 504 837 394
539 767 716 820 Porro
748 767 887 820 sicut
921 779 1161 837 quatuor
1193 770 1443 838 regiones
1477 777 1788 824 castrorum
1822 777 2002 832 erant,
2038 771 2108 822 ita
2137 779 2376 838 quatuor
2407 771 2681 823 dabantur
2707 769 2884 840 signa,
2921 780 3159 838 quatuor
3189 770 3334 822 enim
3367 769 3545 823 Evan-

263 852 434 923 geliis
465 861 703 907 cunctus
734 854 989 908 eruditus
1020 865 1103 909 est
1129 856 1390 911 mundus.
1421 856 1564 923 Quin
1594 859 1756 912 etiam
1797 865 2036 926 quatuor
2067 858 2119 910 iii
2159 856 2404 912 Ecclesia
2430 857 2582 911 verbi
2619 865 2747 910 sunt
2776 855 3123 911 diﬁ'erentite.
3165 857 3285 909 Alia
3319 856 3540 924 quidem

262 954 348 996 est
377 955 484 1010 qua
519 941 773 996 inﬁdeles
803 943 1188 1004 instituuntur,
1229 944 1350 998 alize
1379 959 1511 997 vero
1545 955 1656 998 tres
1688 945 1870 1000 tribus
1898 943 2230 999 diﬁ'erentiis
2262 959 2325 997 ac
2355 945 2717 998 varietatibus
2749 942 2992 998 ﬁdelium
3032 942 3543 1009 accommodantur,

261 1042 317 1080 et
353 1029 407 1081 in
437 1029 736 1082 collatione
760 1028 850 1089 50,
879 1036 932 1080 «ιι
973 1027 1065 1090 60,
1102 1037 1156 1081 ει
1185 1027 1275 1090 90,
1312 1044 1503 1084 eorum
1533 1031 1626 1098 qui
1665 1029 1877 1083 faciunt
1922 1031 2148 1087 verbum
2183 1030 2465 1085 consistit.
2497 1030 2604 1083 Alii
2653 1029 2857 1084 etenim
2896 1031 3103 1083 mundo
3144 1037 3276 1084 sunt
3314 1029 3543 1090 addicti,

261 1119 470 1184 quibus
502 1115 711 1169 Paulus
751 1113 885 1167 dicit
914 1133 926 1168 :
965 1135 982 1165 ι
1018 1113 1185 1169 Uxori
1218 1116 1480 1185 alligatus
1513 1131 1594 1181 es,
1626 1132 1796 1185 quare
1826 1133 1894 1172 nc
1928 1119 2152 1172 studeas
2186 1117 2456 1182 dissolvi;
2506 1119 2726 1170 solutus
2766 1131 2825 1170 es
2860 1115 2926 1169 ab
2953 1132 3149 1178 uxore,
3197 1132 3266 1169 ne
3319 1131 3544 1169 uxorem

267 1203 524 1269 requiras
547 1203 647 1254 υ.»
679 1202 800 1274 Alii.
823 1215 987 1270 porro
1017 1208 1267 1255 sanctam
1293 1211 1347 1257 et
1377 1203 1792 1257 exercitationis
1818 1206 2110 1272 patientem
2138 1216 2501 1276 susceperunt
2529 1206 2692 1259 vitam
2723 1224 2734 1258 :
2765 1205 2850 1258 his
2881 1203 2958 1257 ait
2985 1222 2997 1252 τ
3033 1224 3051 1256 ι
3081 1205 3325 1258 Terrena
3361 1215 3544 1257 vestra

270 1291 514 1343 membra
545 1290 870 1343 mortiﬁcate
890 1290 935 1320 θ’
959 1305 1005 1352 ;i
1040 1298 1094 1343 et
1120 1304 1344 1344 rursum
1375 1290 1557 1358 inquit
1583 1307 1594 1341 :
1620 1307 1638 1339 ι
1660 1289 1995 1349 Aﬁ‘eetiones
2018 1295 2185 1365 hujus
2214 1295 2500 1365 prasentis
2525 1293 2714 1348 saeculi
2747 1291 3003 1362 indignos
3037 1291 3278 1346 reddunt
3298 1291 3542 1344 futuram

263 1378 608 1433 recondendi
645 1379 876 1447 gloriam
899 1380 964 1431 ”.
1000 1396 1018 1428 ›
1054 1379 1159 1432 Alii
1189 1393 1320 1433 vero
1360 1379 1426 1432 ad
1455 1393 1674 1434 sacrum
1715 1394 1918 1435 munus
1952 1384 2134 1438 vocati
2165 1392 2334 1437 sunt:
2369 1384 2440 1438 de
2491 1383 2577 1438 his
2605 1383 2816 1436 dictum
2850 1389 2931 1435 est
2967 1398 2979 1432 :
3019 1399 3036 1424 ο
3067 1379 3123 1432 1η
3163 1379 3323 1433 labiis
3363 1393 3549 1433 sacer-

263 1467 457 1519 dotnm
497 1468 814 1521 servabitur
840 1466 1140 1535 judicium.
1178 1475 1233 1521 et
1266 1467 1437 1537 legem
1475 1483 1540 1520 ex
1574 1483 1669 1521 ore
1703 1468 1823 1537 ejus
1859 1470 2292 1524 sciscitabuiitur
2323 1471 2387 1524 “.
2428 1489 2445 1521 ι
2481 1468 2654 1535 Cujus
2690 1467 2908 1537 generis
2937 1466 3119 1520 omnia
3162 1480 3382 1534 quoque
3421 1474 3551 1518 sunt

262 1569 390 1620 quae
419 1553 628 1608 Paulus
664 1569 768 1608 suo
802 1551 1099 1606 Timotheo
1127 1552 1371 1608 mandat.
1411 1554 1682 1608 Caeterum
1713 1557 2012 1610 motionem
2043 1572 2168 1611 cum
2202 1558 2380 1626 jubilo
2415 1555 2712 1611 faciebant.
2744 1555 3020 1610 Profectio
3048 1553 3196 1609 enim
3232 1569 3296 1608 ea
3325 1569 3448 1623 quae
3481 1553 3550 1606 ad

265 1643 436 1696 ﬁnem
465 1642 640 1696 tendit
698 1642 935 1709 jubilum
973 1641 1221 1696 victoriae
1268 1641 1486 1711 signum
1543 1643 1726 1696 habet.
1774 1641 2013 1697 Victoria
2065 1645 2210 1698 enim
2273 1655 2593 1698 sanctorum
2635 1643 2754 1695 vita-
2803 1643 2984 1696 cxitus
3029 1650 3133 1696 est.
3175 1659 3192 1691 ι
3231 1641 3349 1695 Deo
3379 1640 3549 1702 enim,

268 1729 478 1796 inquit,
513 1728 606 1798 qui
650 1729 815 1784 nobis
851 1729 1140 1783 victm-iam
1187 1743 1282 1798 per
1326 1729 1612 1783 Dominum
1649 1739 1900 1784 nostrum
1937 1729 2122 1785 Iesum
2169 1731 2454 1784 Christum
2495 1729 2708 1785 confert
2735 1730 2801 1784 ".
2838 1748 2855 1781 ι
2893 1728 3050 1794 Quod
3084 1737 3266 1782 autem
3313 1728 3438 1783 aliis
3469 1730 3551 1781 iu-

266 1817 620 1884 terpretibus
654 1815 780 1869 ﬁnis
807 1826 914 1881 est,
940 1817 1043 1871 hoc
1076 1817 1199 1873 aliis
1233 1824 1318 1872 est
1352 1817 1606 1871 victoria.
1637 1818 1739 1871 Alii
1767 1818 1968 1872 ctenim
2006 1820 2131 1886 ﬁnis
2159 1818 2379 1874 nomine
2410 1817 2651 1889 psalmos
2681 1817 3014 1871 inscribunt.
3044 1817 3150 1870 Alii
3183 1815 3550 1886 epiniciorum

268 1923 292 1957 ι
310 1906 526 1958 ictoria
562 1904 801 1957 auctori.

337 1991 398 2047 In
452 1993 694 2047 statione
745 2005 914 2063 porro
963 1992 1177 2064 jubilus
1217 2009 1340 2049 cum
1392 1995 1650 2050 tubarum
1701 1997 1967 2068 clangore
2004 2011 2112 2051 non
2154 1996 2515 2053 miscebatur.
2551 1995 2669 2052 Non
2702 1995 2849 2051 enim
2902 1995 2956 2048 in
3005 1993 3212 2048 mundo
3251 2001 3439 2048 nostra
3472 2004 3554 2045 υκι

263 2080 531 2145 victoria,
566 2080 754 2148 inquo
785 2082 1142 2134 concutimur
1174 2096 1235 2135 ac
1269 2084 1694 2151 prosternimur,
1722 2085 1847 2138 licet
1877 2099 1982 2139 non
2001 2098 2293 2153 pereamus
2318 2081 2588 2138 funditus.
2623 2083 2810 2138 Tubas
2835 2097 2966 2136 vero
2997 2082 3311 2136 sacerdotes
3342 2080 3552 2142 lnﬁaut,

267 2171 304 2222 ii
344 2168 562 2222 scilicet
594 2168 689 2236 qui
733 2166 844 2222 Deo
870 2178 1105 2222 utuntur
1132 2171 1290 2224 valde
1336 2170 1707 2235 familiariter,
1745 2172 1924 2242 adque
1953 2171 2158 2226 Christi
2209 2170 2576 2226 imitationem
2619 2170 2902 2224 clamant:
2943 2188 2960 2219 ι
2995 2167 3174 2237 Prope
3204 2174 3290 2222 est
3325 2183 3554 2237 regnum

263 2256 540 2310 calorum
583 2256 652 2318 ",
705 2274 724 2306 ι
781 2255 929 2326 quod
971 2257 1368 2312 alllictionibus
1416 2259 1582 2329 hujus
1633 2262 1864 2324 mundi,
1911 2269 1964 2314 et
2007 2259 2255 2314 victoria
2306 2260 2661 2314 contentione
2715 2259 2992 2328 capimus.
3061 2256 3227 2328 Atqui
3283 2256 3558 2310 institutio

265 2344 530 2398 tubarum
561 2343 898 2413 sempiterna
927 2356 1032 2398 est.
1073 2344 1312 2399 Verbum
1346 2347 1491 2400 cnim
1534 2346 1625 2401 Dei
1667 2347 1876 2402 affatim
1911 2350 1964 2403 in
1999 2349 2158 2402 nobis
2191 2347 2445 2402 habitare
2473 2347 2654 2401 debet.

353 2454 649 2507 Ἐλατα“ιδὲ
689 2455 745 2508 αί
774 2435 1077 2524 σάλπιγγες
1103 2473 1114 2485 ·
1145 2456 1463 2510 ἐλαύνονται
1508 2458 1564 2511 δὲ
1599 2459 1687 2512 διὶι
1727 2458 1866 2527 σψύ-
1899 2449 1938 2504 Α

269 2567 396 2619 ρας.
454 2549 590 2618 Περὶ
635 2545 702 2621 ἧς
747 2549 1018 2619 Ἱερεμίας
1076 2551 1209 2619 φησί
1241 2567 1253 2581 ο
1297 2571 1312 2601 ι
1357 2551 1467 2604 Καὶ
1516 2551 1868 2622 συνετρῖὗηὴ

269 2642 453 2711 σφῦρα
497 2642 679 2711 nisi};
718 2641 817 2711 τῆς
850 2643 975 2711 γῆς.
1023 2661 1039 2692 ι
1087 2641 1148 2694 ΕΞ
1203 2643 1278 2712 μὴ
1309 2643 1420 2711 γὰρ
1450 2637 1517 2713 ἦν
1557 2642 1801 2706 διάϐολος
1835 2647 1868 2714 ὴ

270 2735 480 2806 σφύρα,
524 2736 762 2808 cfs-1:275
808 2736 909 2788 οὐκ
964 2733 1030 2806 ἦν
1070 2737 1234 2807 ὲλατὴ
1261 2776 1276 2800 ,
1335 2739 1368 2806 ἠ
1403 2736 1746 2808 διεγείρονσα
1779 2738 1872 2789 ἐπὶ

272 2794 615 2895 caesam-1;
647 2794 760 2880 “rei”;
781 2827 917 2880 Θεοῦ
947 2846 957 2856 ·
987 2794 999 2806 '
1018 2827 1140 2880 καθ’
1173 2794 1237 2888 3.;
1263 2794 1368 2882 "si.
1395 2794 1623 2898 σώματα
1677 2828 1870 2882 ουσίαν

271 2921 658 2988 προσάγομεν,
693 2919 840 2989 λόγῳ
885 2920 980 2988 τὴν
1014 2919 1150 2970 ἰδίαν
1184 2919 1522 2971 ἀπολιπόντα
1571 2918 1740 2989 ζωὴν,
1772 2917 1869 2982 τὰς

267 3011 448 3082 ψυχὰς
488 3011 944 3081 φαιδρυνάμενον
991 3011 1086 3063 καὶ
1126 3011 1250 3072 τοὺς
1300 3009 1600 3074 ἀκούοντας
1644 3009 1871 3062 κινοῦσα

271 3105 411 3173 προς
455 3103 717 3172 πόλεμον.
750 3102 934 3156 Πολλὰ
962 3105 994 3173 ἡ
1023 3102 1206 3174 σςύρα
1250 3102 1451 3172 Παύλῳ
1502 3103 1776 3173 συνήρατο
1808 3102 1871 3171 τῇ

272 3199 542 3264 σάλπιγγι
573 3200 637 3266 τῇ
667 3196 854 3266 ἑλατῇ,
881 3197 970 3249 διὰ
999 3195 1105 3248 τῶν
1132 3196 1396 3248 ποικίλων
1427 3196 1591 3248 αὐτὸν
1621 3195 1875 3249 ἐλαύνου-

273 3307 342 3344 σα
385 3289 743 3360 πειρασμῶν·
795 3289 1076 3360 δηλοῦσα,
1131 3289 1206 3351 ὡς
1234 3287 1558 3341 ἐλαύνεσθαι
1615 3288 1873 3355 ἠδύνατο,

277 3383 448 3452 μηδὲν
503 3382 916 3451 βλαπτόμενος·
966 3381 1060 3434 καὶ
1117 3381 1303 3451 σκῆμι
1339 3381 1528 3433 λαθεῖν
1572 3381 1874 3448 σάλπιγγος

274 3476 671 3546 μεγαλ.ο,;ὡνου
715 3475 791 3546 μὴ
846 3475 1044 3542 ἄδηλον
1090 3475 1359 3545 δηλούσης
1413 3475 1598 3546 φωνὴν
1631 3477 1709 3538 εἰς
1745 3476 1872 3538 τοὺς

273 3567 603 3630 ἀκούοντας,
640 3569 719 3631 εις
751 3569 840 3621 τὸν
883 3567 1026 3621 κατὰ
1078 3566 1176 3636 τῆς
1214 3567 1413 3630 κακίας
1462 3568 1874 3631 κατασκευάζεο

275 3660 403 3712 σθαι
440 3660 568 3712 πολε
581 3678 702 3731 μον.

2044 2457 2283 2513 Ductiles
2306 2473 2431 2512 vero
2470 2465 2592 2512 sunt
2641 2459 2802 2522 tuba},
2837 2455 3185 2512 deducuntur
3232 2465 3412 2509 autem
3463 2473 3557 2526 per

1975 2552 2254 2616 malleum,
2286 2551 2352 2606 de
2392 2567 2502 2620 quo
2529 2549 2794 2605 .let‘ctnias
2823 2550 2997 2618 inquit
3024 2565 3037 2601 :
3067 2567 3086 2600 ι
3139 2548 3202 2602 Et
3237 2549 3560 2603 comminuit

1975 2644 2203 2698 malleus
2225 2644 2294 2696 ’⁷.
2335 2662 2352 2693 ι
2392 2643 2662 2697 Caeterum
2704 2642 2833 2696 tuba
2858 2657 2980 2712 quae
3013 2641 3078 2693 ad
3128 2641 3289 2696 ferias
3315 2642 3560 2695 concita-

1976 2737 2087 2801 bat,
2120 2751 2226 2789 non
2254 2735 2475 2790 ductilis
2497 2743 2636 2790 erat.
2668 2735 2840 2790 Feria:
2864 2743 3045 2790 autem
3071 2735 3175 2789 illae
3206 2744 3333 2789 sunt
3363 2735 3564 2803 quibus

1974 2845 2070 2898 per
2100 2831 2323 2882 verbum
2367 2843 2599 2899 corpora
2629 2837 2815 2883 nostra
2850 2828 2902 2881 in
2949 2827 3226 2881 victimam
3259 2825 3562 2884 oll'erimus.

1977 2923 2252 2992 propriam
2283 2922 2448 2974 vitam
2488 2920 2818 2983 deserimus,
2854 2927 2907 2973 et
2954 2919 3167 2974 animas
3218 2927 3438 2973 nostras
3479 2933 3566 2973 se-

1979 3027 2138 3066 renas
2160 3019 2214 3066 et
2243 3009 2485 3067 illustres
2517 3009 2820 3065 reddimus.
2858 3010 3056 3064 Eadem
3095 3024 3313 3078 quoque
3343 3009 3472 3062 tuba
3512 3008 3564 3061 in

1979 3100 2120 3156 bello
2177 3101 2472 3156 classicum
2527 3101 2851 3154 cauebatur.
2916 3097 3140 3152 Malleus
3193 3097 3386 3152 ductili
3437 3096 3565 3150 tuba

1982 3206 2123 3261 stepe
2171 3191 2474 3247 sublevavit
2523 3189 2786 3256 Paulum,
2824 3205 2949 3244 nam
2999 3206 3093 3260 per
3134 3190 3335 3245 inultas
3377 3197 3568 3244 tenta-

1983 3284 2161 3338 tiones
2211 3284 2422 3354 impetu
2463 3297 2564 3336 suo
2613 3283 2829 3347 extulit,
2850 3290 2904 3336 et
2941 3280 3272 3351 signiﬁcavit
3322 3281 3370 3335 ci
3422 3282 3566 3350 quod

1984 3379 2206 3445 impune
2242 3392 2336 3445 per
2372 3391 2466 3431 eas
2506 3377 2740 3431 evadere
2785 3383 2992 3446 posset,
3021 3381 3074 3429 et
3122 3374 3370 3428 habitum
3409 3390 3566 3429 assu-

1983 3486 2129 3526 mere
2175 3472 2337 3536 tnbre,
2371 3485 2493 3540 qua:
2526 3485 2724 3540 magno
2775 3469 3009 3538 strepitu
3046 3482 3232 3522 vocem
3285 3479 3469 3522 notam
3507 3484 3570 3522 ac

1983 3574 2186 3617 certam
2233 3562 2298 3616 ad
2356 3563 2636 3618 auditores
2687 3561 2908 3625 emittit,
2938 3575 3046 3630 quo
3083 3561 3293 3615 scilicet
3342 3562 3565 3613 malitia:

1985 3656 2183 3710 bellum
2223 3655 2586 3708 indiceretur.

354 3773 419 3827 Et
443 3773 670 3842 profecti
697 3787 816 3827 sunt
847 3773 952 3842 [flii
988 3771 1206 3828 Gcrsom
1229 3783 1276 3827 et
1310 3772 1509 3827 Μεναὴ
1534 3779 1806 3842 portantes
1839 3766 2261 3825 tabernaculum.
2289 3765 2379 3838 lx,
2412 3763 2521 3838 17.]
2543 3765 2662 3832 Quo
2700 3764 2959 3819 nimirum
2991 3781 3146 3820 sacra
3173 3775 3567 3833 praepararent.

274 3862 425 3916 ἰηιθι·
457 3861 678 3917 Levitas
711 3879 841 3916 vero
888 3870 939 3916 et
974 3870 1158 3916 castra
1193 3862 1612 3916 tabernaculum
1647 3870 1786 3923 erat,
1834 3873 1960 3913 vasa
2003 3864 2185 3910 autem
2234 3856 2286 3908 in
2317 3853 2500 3907 medio
2542 3867 2736 3908 eorum
2763 3853 2857 3923 qui
2889 3864 3047 3919 ante,
3095 3855 3307 3907 circum
3355 3864 3407 3906 et
3451 3865 3571 3924 post

273 3961 474 4016 eram;
511 3951 586 4004 ita
620 3966 841 4021 quoque
876 3949 1018 4004 Deus
1039 3951 1093 4004 in
1123 3950 1305 4003 medio
1333 3962 1534 4003 sancta:
1566 3948 1807 4002 civitatis
1833 3961 1954 4002 esse
1989 3944 2216 4009 dicitur,
2246 3953 2300 3996 et
2327 3941 2604 4022 exercitus
2632 3941 2877 3998 ccelestis
2911 3940 3154 4011 undique
3188 3941 3334 3996 circa
3363 3940 3528 3996 Deum
3556 3961 3569 4008 ;

275 4057 519 4113 magnus
553 4041 706 4096 enim
736 4049 792 4095 et
823 4040 1092 4095 terribilis
1122 4049 1204 4094 est
1236 4039 1500 4104 omnibus
1533 4039 1624 4108 qni
1659 4039 1808 4091 circa
1845 4035 2024 4106 ipsum
2061 4039 2214 4086 sunt.

348 4152 460 4206 Kal
497 4147 630 4204 εἶπε
658 4147 923 4216 illailia-tie
954 4147 1034 4214 τῷ
1068 4149 1245 4202 Ὀΰάσ
1281 4145 1387 4211 υἱῷ
1431 4145 1754 4214 ἰ’(ιγουήλ.
1790 4146 1879 4197 Δεῖ

2059 4139 2124 4193 Et
2157 4138 2294 4191 dixit
2323 4135 2520 4208 )loses
2557 4135 2742 4189 "abab
2777 4137 2892 4205 ﬁlio
2927 4133 3200 4205 Ragnclis.
3238 4135 3376 4209 [29.]
3411 4135 3573 4209 Cogi—

272 4248 442 4305 νοεῖν,
471 4242 548 4307 ὡς
589 4241 776 4313 Ίοθὼρ
803 4241 900 4295 τοῦ
939 4243 1037 4295 καὶ
1083 4240 1354 4310 Ῥαγουὴλ
1407 4238 1876 4308 ἀποστρέψαντος,

272 4332 438 4399 οὗτος
469 4335 904 4403 γυναικάδελφος
933 4333 1010 4388 ὢν
1032 4333 1218 4393 αὑτοῦ,
1257 4335 1419 4402 μέχρι
1453 4331 1546 4384 νῦν
1575 4329 1725 4400 αὑτῴ
1760 4347 1883 4382 συν-

273 4433 492 4500 έμεινε.
528 4428 646 4482 Νῦν
671 4430 751 4494 δὲ,
789 4429 865 4491 ὠς
901 4427 1072 4491 εἰκὸς,
1102 4425 1194 4479 τοῦ
1223 4427 1430 4496 πατρδς
1454 4425 1602 4495 αὐτῷ
1633 4425 1884 4496 τελευτή-

277 4540 504 4586 σαντος,
541 4522 806 4592 ὥρμησεν
839 4520 1121 4583 ἀπελθεῖν,
1148 4521 1250 4587 τὴν
1289 4519 1590 4588 ἱερωσύνην
1627 4519 1882 4587 κατέχειν

276 4616 378 4685 τὴν
415 4613 686 4683 πατρῴαν
722 4611 1066 4682 βουλόμενος.
1114 4611 1171 4662 '0
1197 4609 1254 4661 δὲ
1288 4612 1582 4678 κατασχεῖν
1625 4610 1884 4680 ἐπειρᾶτο

279 4707 466 4760 ἐλπδι
495 4707 606 4758 τῶν
636 4705 823 4768 αὐτοῖς
848 4704 1125 4773 ἐσομένων
1154 4701 1357 4757 καλῶν.

1989 4232 2222 4288 tandum
2249 4240 2330 4285 est
2352 4229 2666 4285 Jethronetn
2696 4228 2861 4299 hujus
2886 4227 3145 4300 Raguelis
3183 4231 3352 4285 lilium
3384 4230 3572 4286 fuisse.

1989 4324 2171 4392 Quare
2203 4339 2324 4378 cum
2363 4321 2553 4376 Hobab
2592 4315 2767 4375 alliuis
2816 4319 2982 4376 Mosis
3022 4330 3188 4387 esset,
3225 4323 3405 4378 adhuc
3450 4340 3574 4379 cum

1989 4434 2054 4473 eo
2095 4416 2316 4471 mansit.
2356 4414 2512 4468 Nunc
2543 4429 2691 4478 vero,
2723 4415 3103 4469 utverisimile
3141 4426 3245 4481 est,
3275 4425 3430 4484 patre
3477 4433 3576 4470 suo

1991 4509 2276 4566 sacerdote
2321 4506 2616 4561 Madiauita
2677 4504 2940 4560 defuncto
3010 4507 3161 4562 abire
3217 4506 3575 4573 desideravit,

1991 4593 2290 4678 voluitque
2314 4599 2486 4669 patris
2528 4598 2900 4651 sacerdotium
2940 4613 3249 4668 capessere.
3292 4601 3359 4652 At
3398 4599 3576 4655 Moses

1993 4695 2230 4748 retinere
2291 4707 2414 4747 cum
2481 4691 2793 4752 futurorum
2850 4707 2946 4762 spe
3009 4692 3276 4746 bonorum
3337 4695 3574 4746 conaba-

1997 4793 2104 4839 tur.

357 4919 536 4970 Aliter
575 4930 708 4969 vero
735 4913 993 4969 Christus
1028 4927 1130 4967 nos
1162 4911 1228 4965 ad
1272 4926 1332 4966 se.
1377 4909 1567 4971 allicit,
1604 4907 1941 4963 desiderium
2000 4904 2260 4957 videlicet
2318 4901 2617 4972 injicienda
2663 4918 2767 4956 non
2823 4903 2992 4968 lucri,
3051 4904 3143 4958 sed
3195 4905 3384 4958 a-terni
3426 4904 3578 4968 boni,

279 5007 432 5078 q-io.l
473 5003 749 5072 promittit
780 5002 1041 5055 omnibus
1082 4999 1174 5066 qui
1211 4998 1488 5053 desiderio
1523 4997 1699 5077 ipsius
1738 5005 2061 5064 tanguntur,
2097 5002 2150 5046 et
2185 4993 2388 5045 malum
2427 5001 2780 5046 averSantur.

355 5096 498 5163 φησι
551 5090 627 5162 μὴ
679 5090 792 5142 δεῖν
822 5089 1111 5143 ἀπολιπεῖν
1165 5087 1388 5150 αὐτοὺς,
1433 5085 1559 5138 ἔπεϊ
1605 5073 1888 5153 κατέμαθε

280 5189 386 5248 si;
435 5184 933 5256 στρατοπεδεύσεις
961 5180 1144 5234 αὐτῶν
1200 5181 1298 5240 τὰς
1337 5181 1394 5231 ὲν
1423 5180 1489 5248 τῇ
1527 5178 1720 5248 ἐρήμῳ
1747 5194 1758 5206 ·
1795 5175 1891 5228 καὶ

283 5279 515 5334 ἔσεσθαι
541 5281 598 5331 ἐν
625 5278 811 5340 αὐτοῖς
843 5276 953 5347 πρὸ
973 5273 1292 5344 ὀφθαλμῶν,
1321 5273 1396 5336 ὼς
1425 5271 1726 5341 δυνάμενον
1753 5285 1888 5338 προ-

283 5374 551 5442 τετάχθαι
597 5371 693 5423 καὶ
732 5368 1099 5438 καθηγεῖσθαι
1136 5367 1225 5420 διὰ
1274 5367 1373 5437 τὴν
1426 5362 1739 5434 ἐμπειρίαν.
1782 5362 1890 5415 Καὶ

281 5469 361 5532 ὡς
387 5468 568 5519 ἔοικεν
588 5462 817 5535 ἐπείσθη
839 5478 854 5494 ·
881 5459 1119 5530 οὐδαμοῦ
1142 5459 1253 5530 γὰρ
1277 5459 1427 5527 λέγει
1452 5458 1526 5522 ὡς
1549 5456 1884 5527 ἀπέστρεψε.

2072 5085 2207 5137 Dicit
2245 5091 2423 5136 autem
2463 5082 2640 5138 Moses
2679 5083 2780 5152 ipsi
2821 5081 3033 5148 Hobab,
3061 5085 3312 5152 peritiam
3371 5097 3583 5138 eastra-

1998 5174 2356 5229 metationunt
2387 5175 2629 5243 ipsorum
2665 5190 2803 5244 quas
2841 5173 2894 5228 in
2922 5174 3148 5229 deserto
3183 5173 3443 5230 fecissent
3485 5177 3587 5229 lia-

1998 5264 2147 5329 bere,
2177 5266 2426 5336 adeoque
2460 5267 2749 5319 oculorum
2783 5265 2898 5320 vice
2930 5266 3064 5336 ipsis
3091 5266 3222 5326 fore.
3249 5277 3304 5320 ut
3329 5268 3422 5337 qui
3449 5268 3582 5339 ipsis

1996 5369 2049 5414 et
2084 5340 2324 5429 imperio
2348 5367 2402 5414 et
2432 5357 2604 5413 ductu
2643 5373 2884 5428 praeesse
2917 5369 3143 5429 propter
3183 5375 3368 5414 rerum
3413 5376 3610 5430 cape»

1999 5453 2276 5516 rientiam,
2311 5452 2505 5522 possit.
2545 5451 2729 5520 Itaque
2771 5453 2815 5508 si
2867 5453 3141 5523 relinquat
3191 5468 3308 5516 eos,
3354 5455 3497 5523 quod
3528 5472 3582 5508 ς.)

286 5566 522 5619 minime
575 5562 809 5622 deceat,
856 5560 1075 5628 illisque
1122 5555 1420 5628 plurimum
1486 5551 1895 5613 incommodet,
1933 5549 2230 5604 facturum.
2266 5549 2439 5617 Atque
2472 5549 2544 5601 ita
2569 5549 2790 5619 quidem
2821 5549 2890 5604 ab
2947 5549 3039 5627 illo
3073 5565 3396 5618 persuasum
3463 5567 3581 5604 esse

286 5663 726 5712 i-misentanenzn
769 5664 876 5719 est,
918 5665 1189 5723 nusquam
1234 5649 1378 5703 enim
1437 5647 1702 5716 scriptum
1745 5643 1887 5715 quod
1932 5643 2000 5695 ab
2034 5657 2097 5697 eo
2134 5642 2444 5701 divertcrit.
2477 5641 2727 5712 legimus.

363 5788 409 5819 ‘9
449 5785 621 5837 Ilio".
659 5802 770 5844 \tv,
811 5784 895 5838 19.

291 5877 351 5926 ιι,
384 5861 432 5912 7.
515 5861 557 5885 ""‘
603 5859 616 5908 Ι
655 5865 667 5904 -‘.
698 5875 778 5908 ur.
828 5873 912 5915 κν,
952 5854 1038 5906 57.
1117 5853 1162 5882 ’⁸
1197 5851 1497 5904 .\l:tttlt.t't.

972 5783 1017 5812 9°
1045 5779 1197 5835 I‘rov.
1234 5795 1305 5833 IV.
1466 5779 1508 5808 ⁸⁸
1550 5779 1562 5831 Ι
1608 5780 1730 5828 (των.
1762 5793 1852 5832 ΗΙ,
1887 5777 1974 5829 ⁸27.

1669 5851 1713 5880 ’⁷
1751 5851 1947 5900 Jsrvut.
1990 5864 2040 5911 t.,
2072 5848 2162 5899 “.25.

2067 5777 2108 5804 ⁸³
2137 5774 2348 5827 (ἷηιοςς.
2378 5791 2457 5832 ιιι,
2645 5777 2687 5804 ’³
2715 5773 2872 5829 Rom.
2907 5791 3024 5840 \‘lll,
3074 5775 3153 5828 l8.
3262 5775 3306 5801 "
3341 5773 3575 5829 Malarb.
