4266 6446
794 336 898 396 819
2107 351 2456 409 [³30ίῖῧῖἷῖ

2374 351 2456 409 .‘il
2500 351 2742 410 GAZBI
3956 354 4059 416 Μ

865 444 1102 513 Profecti
1137 455 1264 500 sunt
1315 448 1496 518 itaque
1543 451 1608 506 de
1664 463 1842 509 monte
1888 456 2104 512 Domini
2140 462 2328 515 itinere
2370 462 2534 513 trium
2563 460 2791 525 dierum,
2830 469 2880 512 et
2923 460 3252 529 prrrceilebat
3287 477 3374 514 cos
3414 471 3540 514 arca
3600 461 3812 527 [aderis
3849 460 4063 517 Domini

790 530 983 619 i:inere
1018 533 1181 585 trium
1218 534 1451 600 dierum,
1502 539 1572 591 ad
1609 540 2037 613 investigandum
2070 548 2242 600 locum
2267 549 2482 617 quietis.
2521 545 2663 619 [33.]
2696 545 2891 617 Magna
2931 549 3143 602 utilitas
3176 547 3339 617 395
3379 563 3444 602 ex
3493 547 3835 617 profectione
3879 548 4063 602 homi-

792 618 956 707 '{ib'ls
1004 620 1127 685 eius
1190 624 1457 691 ιθηψοτίε
1498 626 1746 692 obvenit,
1781 632 1927 699 quod
1986 634 2200 690 scilicet
2249 643 2544 690 senserunt
2603 618 2773 688 Deum
2808 649 2868 689 se
2917 634 3119 690 habere
3153 636 3374 689 ducem.
3413 634 3654 688 ﬂeiiioto
3685 647 3868 690 autem
3909 646 4058 707 typo,

788 705 1048 760 Christus
1103 709 1266 762 nobis
1316 712 1654 779 spectandus
1704 720 2056 786 proponitur,
2113 721 2378 789 quoniam
2437 722 2612 776 tribus
2651 721 2847 777 diebus
2903 738 3002 777 nos
3044 724 3384 792 praecedens,
3423 723 3649 777 deducit
3703 723 3770 777 ad
3814 705 4060 793 quietem

735 796 744 802 '
788 799 1058 861 quotquot
1088 809 1212 848 eum
1240 813 1303 850 ex
1350 797 1565 853 inferi-0
1589 802 1656 854 ad
1694 804 1984 859 ccelestem
2014 807 2198 862 sedem
2235 809 2656 864 contendentem
2690 819 3022 879 sequuntur.
3065 810 3164 877 Qui
3206 813 3428 881 insuper
3451 812 3504 865 in
3543 812 3647 866 hoc
3681 812 3888 866 mundo
3917 812 4064 880 jeju-

789 882 910 971 niis
932 896 1058 971 sese
1084 886 1440 971 macerando,
1472 889 1921 959 tentationesque
1972 893 2264 949 subeundo
2300 896 2555 950 inimicas
2586 905 2780 950 contra
2814 896 3075 950 Satanam
3131 900 3420 966 antiquum
3476 901 3744 953 victorem
3779 900 3932 953 acies
3963 914 4063 966 pro

786 966 946 1064 nobis
996 966 1210 1033 cduxit‘,
1244 980 1301 1064 ut
1354 973 1598 1042 pedibus
1649 977 2040 1032 conenleatum
2101 980 2263 1037 nobis
2322 985 2686 1053 spectandum
2726 985 3032 1046 exhiberet.
3098 987 3668 1064 tranquillitatemque
3707 993 3761 1040 et
3814 988 4059 1054 quietem
4136 1044 4140 1049 ,

787 1055 948 1142 nobis
978 1063 1221 1123 pareret.
1264 1056 1538 1122 Quorirca
1575 1080 1595 1112 ι
1625 1061 1993 1118 Atliictionetn
2030 1067 2084 1119 in
2126 1067 2230 1122 hoc
2263 1073 2468 1125 mundo
2509 1073 2819 1138 sustinetis,
2853 1073 3071 1142 inquit;
3107 1087 3296 1127 verum
3337 1055 3682 1127 animo'forti
3711 1083 3889 1128 estote
3920 1089 4061 1142 quo-

786 1140 1258 1234 nianrniundum
1309 1146 1484 1201 deviei
1541 1164 1642 1218 ego
1677 1149 1744 1204 ’⁸.
1781 1169 1800 1202 ι
1837 1151 2008 1205 Porro
2039 1170 2282 1224 quoque,
2327 1166 2660 1227 potestatem
2693 1160 2851 1214 vobis
2910 1140 3034 1215 dedi
3075 1160 3329 1214 calcandi
3371 1176 3539 1230 super
3571 1140 3953 1234 serpentibus,
4008 1169 4061 1214 et

784 1229 1203 1317 scorpionibus,
1236 1243 1292 1285 et
1323 1235 1472 1286 omni
1514 1235 1745 1292 adversa
1779 1240 2045 1308 potentia.
2081 1241 2186 1305 Qui
2225 1253 2402 1300 morte
2431 1261 2532 1303 sua
2569 1247 2624 1301 in
2659 1249 2978 1317 paradisum
3017 1249 3225 1302 foribus
3274 1249 3395 1316 ejus
3439 1229 3685 1304 eﬂ'ractis
3725 1230 3942 1317 primus
3976 1258 4062 1302 est

785 1316 1092 1384 ingressus,
1126 1327 1181 1372 ct
1220 1318 1287 1371 ad
1327 1323 1730 1389 perennitatem
1769 1327 1974 1380 aditum
2018 1331 2177 1385 nobis
2208 1333 2488 1399 patefecit,
2523 1316 2987 1404 quemadmodum
3041 1335 3175 1388 illud
3217 1335 3518 1389 vatidicum
3559 1316 3801 1389 indicat:
3847 1355 3864 1386 ι
3899 1334 4060 1388 Cica-

784 1403 921 1492 trice
947 1405 1166 1474 quidem
1212 1407 1386 1476 ipsius
1424 1424 1619 1466 omnes
1666 1428 1765 1468 nos
1795 1416 1977 1469 sanati
2006 1433 2205 1473 sumus
2237 1419 2303 1473 ".
2334 1438 2352 1470 ι
2399 1419 2501 1485 Qui
2546 1403 2713 1476 nobis
2749 1438 2968 1492 quoque
3020 1437 3320 1491 supernam
3373 1423 3781 1492 profectionem
3837 1423 4058 1475 instau-

783 1490 947 1552 ravit,
983 1501 1036 1546 et
1067 1492 1205 1545 dixit
1241 1514 1252 1546 :
1295 1515 1311 1545 ι
1345 1493 1680 1552 Proticiscar
1715 1511 1768 1552 et
1806 1502 1987 1556 locum
2023 1506 2300 1572 apparabo
2335 1509 2492 1563 vobis
2516 1509 2556 1562 ¹.
2593 1528 2610 1557 ι

854 1575 985 1669 cum
1013 1581 1441 1647 proﬁcisceretur
1473 1601 1621 1644 arca,
1659 1587 1793 1640 dixit
1830 1587 2001 1643 Moses
2035 1607 2051 1644 :
2088 1590 2276 1662 Surge,
2304 1591 2549 1658 Domine,
2565 1604 2613 1650 et
2632 1595 2961 1664 dissipentur
2990 1597 3164 1651 hostes
3197 1598 3295 1649 tui.
3325 1596 3415 1669 [X,
3440 1596 3558 1668 55.]
3579 1595 3898 1650 Notandum
3931 1611 4063 1662 vero

779 1665 929 1731 ‘1"0d
971 1667 1159 1720 Imslcs
1184 1671 1397 1737 populi,
1435 1670 1527 1724 Dei
1569 1673 1758 1728 hostes
1792 1685 1973 1732 vocat.
2002 1676 2137 1731 Nam
2177 1679 2228 1733 id
2263 1681 2456 1750 utique
2495 1681 2655 1737 docet
2685 1685 2832 1753 quod
2873 1693 2926 1737 et
2972 1700 3074 1740 nos
3107 1665 3403 1752 impiorum
3438 1665 3714 1754 qna—tenus
3751 1683 3884 1734 tales
3911 1691 4061 1742 sunt.

781 1755 1041 1811 inimicos
1071 1773 1195 1811 esse
1221 1768 1439 1827 oportet
1469 1762 1924 1833 quandoquidem
1961 1767 2028 1821 ad
2081 1767 2369 1823 ferendum
2407 1769 2568 1825 nobis
2599 1773 2886 1840 suppetias
2934 1772 3177 1828 surrexit
3210 1772 3488 1832 Christus.
3517 1772 3612 1840 qui
3640 1771 3752 1840 jam
3803 1771 3935 1822 olim
3970 1785 4066 1837 per

784 1841 1041 1895 liuviilcm
1063 1844 1238 1900 dixit:
1281 1848 1319 1901 Ε
1345 1851 1776 1904 mendicantium
1815 1853 2243 1919 calamitatibus,
2280 1866 2335 1911 et
2368 1875 2397 1911 e
2429 1857 2670 1927 singultu
2707 1873 3012 1928 pauperum
3049 1873 3196 1912 nunc
3230 1874 3452 1929 surgam
3482 1860 3525 1922 ’,
3564 1859 3740 1926 inquit
3777 1856 4061 1910 Dominus.

782 1930 938 1984 Tunc
981 1931 1242 2001 fugerunt
1294 1936 1497 1991 divinae
1522 1938 1712 2007 gloriae
1736 1941 2068 2008 adversarii,
2105 1958 2133 1996 a
2163 1945 2368 2013 quibus
2392 1945 2680 2000 victoriam
2713 1946 2767 1998 in
2796 1961 2960 2002 cruce
3019 1949 3351 2018 reportavit.
3387 1946 3850 2017 Quandoquidem
3895 1945 4062 1998 etiam

779 2037 995 2075 omnem
1025 2021 1091 2075 ad
1129 2020 1345 2077 Patrem
1391 2027 1672 2080 convertit
1708 2037 1938 2092 terram,
1976 2038 2030 2085 et
2067 2031 2282 2087 infinita
2321 2033 2493 2087 millia
2529 2034 2584 2087 in
2621 2033 2706 2089 sui
2736 2034 3116 2090 adorationem
3153 2036 3408 2091 adduxit.
3449 2055 3466 2086 ι
3499 2034 3635 2090 Cum
3661 2037 3835 2096 enim,
3863 2035 4064 2101 inquit.

776 2119 1002 2165 evectus
1032 2110 1189 2163 fuero
1226 2127 1395 2181 supra
1423 2123 1650 2180 terram,
1684 2131 1879 2171 omnes
1909 2134 2008 2174 vos
2036 2135 2251 2174 mecum
2296 2123 2569 2176 attraham
2597 2123 2639 2175 ³.
2681 2141 2698 2174 ο
2729 2121 2896 2177 Mosis
2942 2125 3088 2177 enim
3127 2125 3374 2194 precatio
3407 2123 3827 2179 intercessionis
3854 2122 4064 2175 Christi

779 2197 976 2250 umbra
1009 2207 1150 2252 erat.
1189 2197 1332 2274 Idem
1371 2201 1519 2253 enim
1560 2200 1741 2257 Moses
1776 2218 1901 2257 cum
1937 2219 1965 2257 a
2002 2210 2259 2276 praesenti
2307 2209 2653 2278 profectione
2699 2223 3020 2267 cessaretur
3065 2213 3360 2269 Dominum
3411 2213 3509 2266 tali
3545 2211 3908 2266 adoriebatur
3940 2224 4067 2279 pre-

776 2287 995 2339 catione
1029 2300 1042 2338 :
1092 2306 1109 2338 ι
1140 2285 1459 2350 Revertere,
1498 2287 1749 2355 Domine,
1784 2292 1850 2346 ad
1886 2294 2072 2349 decies
2094 2296 2241 2351 mille
2281 2298 2519 2363 lsraelis,
2558 2317 2575 2349 ο
2613 2300 2758 2368 quod
2798 2302 3140 2357 tantumdem
3181 2310 3302 2358 erat
3335 2317 3398 2357 ac
3421 2303 3466 2358 si
3497 2300 3709 2356 diceret
3745 2319 3758 2354 :
3797 2303 3942 2353 Area
3975 2314 4064 2352 re-

775 2379 939 2428 «lucta
963 2375 1030 2428 da
1068 2377 1273 2446 populo
1302 2377 1509 2432 sedem.
1541 2379 1619 2433 Ac
1661 2378 1831 2435 Deum
1869 2384 2091 2452 quidem
2141 2387 2346 2455 populo
2386 2386 2537 2441 valde
2593 2387 2922 2444 familiarem
2960 2391 3163 2457 eﬂ‘ecit,
3199 2394 3358 2461 quasi
3411 2391 3627 2446 itineris
3658 2389 3918 2444 comitem
3954 2388 4063 2440 illis

773 2464 1028 2517 exhibuit
1065 2465 1256 2520 Deum.
1294 2465 1471 2521 Enndi
1511 2483 1642 2524 vero
1673 2471 1894 2524 taedium
1929 2473 2065 2528 illos
2111 2473 2280 2544 capit,
2315 2475 2646 2546 laboresque
2671 2492 2736 2532 ac
2769 2479 3055 2534 molestias
3091 2481 3586 2535 lamentationibus
3618 2484 4063 2548 prosequuntur.

778 2556 929 2608 Licet
959 2555 1179 2624 quidem
1219 2555 1271 2609 id
1306 2557 1484 2626 palam
1526 2573 1634 2612 non
1680 2557 1852 2618 fieret.
1897 2559 1990 2614 Dei
2037 2571 2219 2616 tamen
2258 2579 2422 2617 aures
2455 2581 2619 2633 quem
2671 2567 2809 2620 nihil
2839 2569 3144 2638 quidquam
3183 2570 3335 2634 latet,
3371 2567 3628 2623 feriebat.
3669 2566 3905 2634 Ideoque
3937 2580 4066 2634 pars

777 2645 964 2712 populi
999 2645 1143 2714 ignis
1178 2646 1382 2699 ardore
1427 2646 1481 2699 in
1506 2647 1676 2703 latius
1710 2649 1894 2718 populi
1943 2651 2237 2706 utilitatem
2276 2653 2558 2722 afﬂigitur,
2617 2654 2783 2725 idque
2831 2672 2939 2711 non
2996 2669 3196 2728 arguto
3248 2659 3491 2728 quodam
3542 2672 3605 2712 ac
3652 2657 4067 2723 circumspecto

769 2732 1004 2800 judicio,
1046 2747 1158 2801 quo
1214 2734 1388 2803 aliqui
1435 2743 1622 2789 essent
1667 2737 1934 2804 separati,
1982 2737 2077 2792 sed
2127 2753 2192 2792 eo
2223 2755 2334 2809 quo
2364 2743 2506 2796 ratio
2562 2753 2617 2795 ct
2654 2754 2948 2815 respectus
2996 2749 3246 2802 omnium
3278 2760 3363 2803 est
3397 2747 3640 2803 habitus.
3675 2745 3887 2798 Paucos
3916 2745 4065 2797 enim

775 2821 887 2890 pati
918 2823 1161 2889 Oportuit
1200 2819 1300 2889 pro
1334 2823 1548 2885 multis,
1583 2823 1842 2892 quamvis
1885 2838 1986 2878 nec
2019 2824 2120 2879 hos
2155 2841 2254 2880 nec
2290 2828 2416 2884 illos
2454 2830 2642 2887 dicere
2691 2835 2994 2903 potuisses.
3030 2837 3089 2890 In
3127 2851 3344 2903 summa
3379 2851 3510 2891 vero
3545 2849 3800 2903 magnam
3853 2832 3908 2885 in
3961 2832 4068 2884 hoc

767 2909 984 2976 judicio
1015 2909 1110 2979 qui
1152 2907 1285 2963 illud
1317 2911 1713 2965 Sustinuerunt
1741 2912 2059 2980 aequitatem
2091 2921 2144 2968 et
2180 2915 2534 2973 clementiam
2574 2921 2908 2991 habuerunt,
2942 2929 3198 2993 quamvis
3231 2927 3296 2980 ad
3342 2927 3578 2979 aliorum
3624 2923 4066 2978 emolumentum

771 2997 1094 3052 inferiorem
1128 3008 1335 3052 sortem
1370 3013 1521 3052 nunc
1556 2999 1671 3052 sint
1718 3000 1922 3067 adepti,
1957 3009 2152 3070 utpote
2185 3005 2280 3071 qui
2317 3004 2524 3061 divina:
2561 3011 2926 3079 providentiae
2970 3015 3432 3084 gubernationem
3465 3012 3805 3082 adjuvarunt
3839 3017 3893 3064 et
3926 3024 4066 3065 con-

769 3099 1148 3142 summarnnt.
1173 3087 1652 3157 Quemadmodum
1687 3088 1740 3141 in
1771 3087 1984 3143 Lazaro
2009 3089 2031 3121 δ
2069 3090 2165 3160 qui
2202 3092 2375 3146 etiam
2409 3095 2462 3149 in
2501 3097 2732 3156 immitis
2780 3101 2971 3160 divitis
3001 3104 3420 3159 accusationem
3461 3111 3661 3172 spreta:
3694 3099 4065 3171 paupertatis,

767 3186 1032 3232 extremae
1066 3179 1381 3246 paupertati
1416 3176 1519 3230 fuit
1542 3177 1825 3246 objectus,
1854 3177 2120 3249 deinceps
2149 3195 2276 3236 vero
2309 3193 2436 3253 post
2469 3187 2593 3248 vita:
2632 3188 2819 3257 tinem,
2857 3193 2913 3247 in
2966 3193 3313 3250 consortium
3349 3191 3442 3247 Dei
3479 3191 3812 3254 accersitus,
3869 3188 4069 3258 punito

770 3268 950 3321 altero
981 3265 1338 3321 manifestum
1375 3277 1482 3321 est.
1774 3267 1778 3270 ’

836 3384 1111 3439 Caeterum
1178 3385 1518 3454 precationis
1578 3383 1632 3436 vi
1692 3393 1746 3437 et
1807 3381 2054 3438 eliicacia
2101 3385 2245 3455 ignis
2301 3402 2360 3442 se
2396 3388 2441 3444 A

2396 3388 2441 3444 Α
2544 3397 2690 3470 Εὑχῇ
2724 3398 2956 3452 παύεται
2991 3397 3050 3451 τὸ
3080 3396 3228 3467 πῠρ’
3265 3396 3353 3450 ἵνα
3390 3395 3616 3464 γνῶσιν,
3650 3394 3740 3473 ὅτι.
3762 3394 3926 3465 χάρις
3963 3392 4065 3445 αὐ-

762 3479 1046 3549 exstingui
1106 3481 1335 3547 patitur,
1381 3487 1439 3530 ut
1489 3478 1810 3547 intelligant
1849 3493 1978 3531 vera
2022 3478 2112 3533 Dei
2155 3481 2360 3547 gratia,

1731 3487 1810 3530 ’³η
1849 3493 1978 3531 "9"3
2022 3478 2112 3533 θεῖ
2155 3481 2360 3547 ςταιίθ,
2473 3497 2606 3564 τοῖς,
2637 3493 2698 3545 οὐ
2731 3494 2852 3546 κατ’
2881 3491 3037 3556 ἀξίαν
3072 3493 3105 3563 ἡ
3152 3490 3416 3564 σωτηρία.

760 3574 903 3627 citra
965 3588 1158 3627 eorum
1213 3583 1526 3643 respectum
1581 3573 1730 3625 illum
1781 3573 2014 3626 salutem
2070 3572 2365 3629 obvenisse

759 3681 863 3719 ets.

842 3799 919 3851 Ac
955 3797 1080 3851 talis
1106 3797 1330 3866 quidem
1364 3799 1666 3853 auxiliator
1695 3817 1759 3855 ac
1808 3814 2095 3871 protector
2123 3809 2314 3856 noster
2348 3798 2606 3854 Christus
2654 3807 2900 3863 quoque,
2945 3792 3039 3862 qui
3085 3788 3247 3843 nobis
3294 3787 3526 3843 salutem
3560 3784 3797 3857 peperit,
3827 3783 4067 3838 exstitit.

772 3886 930 3952 Quod
970 3888 1013 3940 si
1069 3900 1200 3940 vero
1245 3887 1418 3956 aliqui
1479 3889 1592 3942 sint
1627 3890 1717 3957 qui
1769 3900 1893 3959 post
1933 3892 2102 3960 agniti
2157 3905 2221 3943 ac
2270 3886 2517 3942 confessi
2574 3882 2829 3937 beneficii
2870 3891 2978 3932 tam
3023 3878 3253 3933 evidens
3297 3881 3709 3946 argumentum,
3763 3886 4069 3943 pravarum

773 3992 956 4029 rerum
989 3974 1180 4029 studio
1226 3986 1565 4045 praeeuntem
1593 3977 1904 4038 Christum.
1937 3981 2005 4033 de
2058 3979 2186 4033 sede
2219 3977 2358 4046 ipsis
2387 3972 2803 4041 dispicientem,
2860 3967 3196 4036 legationem
3235 3978 3332 4048 seu
3373 3965 3566 4032 potius
3599 3963 4069 4018 intercessionem

773 4080 873 4131 pro
906 4064 1043 4133 ipsis
1069 4065 1392 4127 obeuntem,
1431 4065 1763 4120 advocatum
1807 4067 1958 4122 enim
2023 4066 2167 4134 apud
2208 4064 2428 4119 Patrem
2481 4062 2671 4116 Jcsum
2703 4053 3016 4119 Christum,
3063 4051 3279 4107 Joanne
3329 4050 3972 4146 testante_',.liabe‘mus.
4008 4049 4066 4102 in

774 4159 943 4219 nuhc,
982 4169 1083 4207 ceu
1119 4169 1145 4204 a
1198 4153 1306 4207 diei
1335 4165 1500 4218 arstu,
1549 4154 1601 4209 id
1641 4165 1748 4216 cst,
1789 4172 1818 4209 a
1854 4155 2027 4209 radiis
2061 4133 2408 4223 voluptatum
2439 4159 2494 4206 et
2534 4147 2910 4204 tentationum
2969 4149 3350 4229 protegentem
3388 4133 3764 4229 Iac'essierint,
3930 4147 4068 4189 sane

772 4257 996 4312 quoque
1054 4243 1195 4314 ignis
1255 4242 1526 4297 saevitiam
1567 4243 1948 4312 experientur.
2014 4241 2134 4298 Non
2189 4243 2338 4298 enim
2403 4248 2614 4294 temere
2654 4234 2723 4288 ab
2761 4231 3028 4302 Apostolo
3065 4228 3273 4322 dictum
3297 4235 3385 4282 est
3423 4223 3519 4281 :Si
3562 4223 4068 4322 postagnitioncnt

772 4311 1026 4387 veritatis
1080 4311 1408 4399 acceptam,
1477 4311 1651 4387 ultro,
1694 4334 2044 4404 prolabimur
2106 4333 2160 4386 in
2221 4337 2538 4402 peccatum,
2604 4324 2742 4379 nihil
2808 4322 2915 4376 loci
2984 4319 3275 4375 sacrificiis
3335 4330 3437 4387 pro
3496 4312 3742 4413 peccatis
3794 4311 4069 4380 relinqui-

753 4418 885 4476 'tur.
922 4419 1236 4475 Treu-cnda
1270 4435 1400 4475 vero
1434 4428 1518 4475 cst
1547 4403 1706 4488 pmno
1737 4421 1958 4488 judicii,
1990 4431 2044 4476 et
2077 4419 2244 4474 ardor
2297 4419 2442 4490 ignis
2476 4416 2572 4487 qui
2623 4414 2816 4468 hostes
2851 4409 3060 4464 Christi
3094 4409 3446 4500 absumet—ac
3468 4403 3748 4500 conﬁciet.
3863 4487 3897 4500 η

841 4511 1009 4583 396
1043 4509 1108 4563 Et
1156 4509 1344 4580 vulgus
1398 4513 1764 4579 promiscuum
1817 4509 1958 4579 quod
1988 4512 2127 4565 inter
2165 4526 2253 4564 eos
2303 4517 2442 4574 erat,
2497 4500 2928 4572 concupiscentia
2963 4497 3239 4567 ﬂagravit.
3286 4492 3407 4567 [XL
3456 4491 3537 4564 ι]
3571 4490 3682 4546 Nec
3717 4504 3828 4543 non
3863 4490 4073 4583 vero

771 4576 1048 4672 "milia
1084 4613 1211 4664 erat
1241 4576 1714 4672 alios-increpare
1747 4609 1800 4656 et
1839 4601 2190 4662 abstrahere,
2241 4613 2440 4668 pravas
2471 4591 2838 4662 c0gitationes
2875 4586 3182 4656 fragilium,
3212 4593 3569 4676 terrenarum
3624 4593 3690 4634 ac
3721 4576 4078 4676 perniciosa-

775 4670 894 4746 rum
932 4670 1307 4761 cupiditatum
1345 4706 1540 4754 causa,
1582 4670 1728 4743 colla
1760 4705 1859 4744 sua
1890 4689 2105 4758 peccati
2137 4688 2270 4758 jugo
2297 4683 2566 4740 libentius
2593 4678 2988 4735 submittentes
3024 4679 3290 4728 versant.
3319 4670 3883 4761 Caeterumfarnium
3913 4678 4077 4761 esum

772 4784 882 4838 illis
922 4750 1150 4835 circiter
1199 4781 1426 4851 triginta
1461 4750 1660 4837 diebus
1711 4779 1853 4835 Deus
1890 4750 2339 4849 pi-wbiiit,aique
2367 4775 2461 4828 ira:
2492 4785 2609 4824 sua:
2645 4762 3335 4858 magnum-documentum
3362 4756 3554 4858 edidit.
3581 4750 4078 4858 ‘Ql'gﬂlf‘Ad'fmfluf‘

771 4890 902 4927 sane
929 4872 1096 4926 hodie
1125 4841 1347 4941 quoque
1383 4870 1450 4924 iis
1481 4872 1575 4940 qui
1603 4841 1982 4939 voluptatibus
2008 4841 2332 4922 carnalibus
2351 4857 2691 4949 participare
2706 4851 3204 4949 voluntiindulget.
3231 4846 3374 4949 iEos
3397 4847 3560 4949 enim.

772 4963 940 5016 :ucnti
969 4930 1273 5030 corruptae,
1308 4969 1368 5015 ut
1394 4975 1457 5014 ea
1496 4930 1618 5029 qum
1649 4930 1878 5012 minime
1909 4954 2344 5018 conveniebant,
2376 4948 2738 5033 admitterent
2773 4943 2815 4998 '.
2856 4962 2875 4995 ι
2908 4939 3116 5038 verum
3141 4933 3570 5038 enimvero-hic
3612 4932 3774 5038 ei‘bus
3805 4930 4079 5038 bibas-na:

770 5061 953 5104 turam
1005 5051 1062 5103 in
1117 5020 1255 5117 ipsis
1303 5020 1680 5102 induit..l\‘am
1713 5047 1808 5116 qui
1860 5062 1947 5101 res
1996 5042 2253 5099 carnales
2301 5037 2609 5112 praferunt
2632 5026 2860 5088 manna:
2893 5026 3196 5117 Spirituali,
3234 5028 3404 5117 verbo
3445 5022 3540 5078 Dei
3587 5020 3982 5117 videlicegt.‘iis
4015 5020 4084 5070 ad

771 5148 1009 5194 mortem
1045 5106 1296 5207 ipsorum
1327 5136 1486 5192 cedet
1516 5106 1779 5192 conatus.
1820 5155 1837 5186 ι
1871 5134 1976 5203 Qui
2011 5135 2160 5188 enim
2209 5145 2400 5188 semen
2426 5142 2595 5185 suum
2628 5121 2787 5178 carni
2827 5117 3137 5212 mandavit,
3173 5115 3376 5212 inquit,
3411 5127 3478 5167 ex
3509 5123 3697 5212 .carne
3730 5113 3903 5212 mage}
3931 5106 4085 5212 inte-

773 5233 939 5282 ritum
962 5230 1006 5283 '.
1044 5197 1078 5281 »-
1102 5229 1462 5298 Quapropter
1487 5227 1699 5281 Paulus
1729 5197 1910 5296 inquit
1944 5245 1956 5280 :
2000 5243 2018 5276 ι
2055 5223 2116 5278 1η
2148 5221 2347 5293 spiritu
2385 5215 2700 5278 ambulate,
2735 5218 2790 5266 et
2822 5206 3338 5298 concupiscentiam
3370 5201 3557 5298 carnis
3587 5215 3656 5254 ne
3694 5197 4028 5298 perficiat-is.
4063 5215 4081 5245 ι

773 5319 968 5372 Militat
1002 5287 1150 5373 enim
1202 5287 1352 5372 c'aro.
1375 5327 1572 5371 contra
1607 5287 1868 5385 spiritu'm
1919 5321 1973 5368 et
2011 5287 2245 5383 spiritus
2290 5317 2484 5366 contra
2520 5317 2750 5359 carnem
2784 5299 2826 5356 ⁸.
2871 5317 2889 5351 ι
2940 5303 3174 5368 Uportct
3204 5287 3952 5385 etiamspiritusfuavilali
3991 5299 4088 5385 ρξε’

772 5423 972 5462 manna
1000 5417 1407 5474 reprzcsentataa
1437 5406 1574 5461 nihil
1610 5378 1818 5460 habere
1850 5378 2125 5474 prius,-ne
2153 5402 2496 5472 sepeliamur
2533 5400 2642 5453 ritu
2682 5393 2871 5468 populi
2896 5390 3162 5452 adeetati,
3189 5388 3346 5459 juxta
3387 5383 3558 5474 illud:
3587 5401 3606 5434 ι
3645 5378 4090 5474 Ετυιιι-ερθίξυιο
4149 5425 4159 5437 ι

768 5497 919 5552 omni
947 5467 1128 5552 carni.
1166 5517 1185 5550 ι
1233 5495 1530 5552 Manifesta
1581 5497 1729 5550 enim
1775 5467 1906 5548 sunt
1964 5467 2231 5562 ipsorum'
2277 5467 2772 5545 monttmenta.’Et
2825 5483 2943 5539 hanc
2974 5480 3161 5550 clades
3212 5479 3400 5532 claros
3438 5473 3572 5528 fecit
3604 5467 4089 5562 quemadmodum

770 5588 1126 5644 decantatum
1163 5572 1562 5653 est.°Qnorum
1595 5584 1772 5655 gloria
1813 5583 1864 5637 in
1903 5561 2248 5650 turpitudine
2287 5596 2384 5635 sua
2415 5577 2712 5640 consistit;
2749 5584 3074 5645 perpetuam
3113 5569 3261 5625 enim
3314 5577 3542 5637 propter
3571 5561 3929 5619 eﬂeininatos
3954 5573 4090 5614 suos

844 5764 888 5795 "
913 5762 1069 5820 Joon.
1111 5780 1217 5818 vn.
1258 5763 1346 5815 55.
1428 5760 1471 5790 ’⁹
1512 5761 1610 5813 lsa.
1650 5775 1766 5813 Lm.
1799 5757 1854 5811 5.
1938 5761 1948 5788 ‘
1985 5755 2143 5809 Joan.
2182 5755 2369 5815 uni.
2471 5753 2529 5805 ’l

2471 5757 2492 5787 θ
2522 5753 2665 5808 Ρευῑ.
2713 5767 2907 5813 \xxtv,
2951 5749 3030 5800 l0.
3079 5749 3163 5820 r_‘
3198 5745 3360 5800 Joan.
3404 5758 3498 5804 xu,
3535 5739 3626 5796 59..
3733 5737 3754 5768 ⁵
3788 5735 3925 5791 Luc.
3969 5748 4079 5802 ul,

756 5818 990 5909 205mm.
1071 5839 1088 5867 '
1131 5833 1332 5888 Hoan.
1371 5851 1428 5895 II,
1471 5833 1514 5884 Ι.
1596 5833 1614 5862 ⁶
1654 5830 1807 5886 Rom.
1850 5846 1885 5893 l,
1917 5827 2004 5882 ‘26.
2087 5831 2100 5857 ⁷
2145 5827 2354 5889 Gul-aL,
2383 5845 2429 5879 vt

1471 5833 1514 5884 I.
1596 5833 1614 5862 ‘
1654 5830 1807 5886 Rom.
1850 5846 1885 5893 t,
1917 5827 2004 5882 2'5.
2087 5831 2100 5857 ⁷
2145 5827 2354 5889 Colat,
2383 5845 2452 5888 vi.
2487 5826 2538 5880 is.
2619 5825 2639 5854 ⁸
2669 5823 2844 5875 Gal-at.
2883 5840 2931 5884 ν,
2975 5818 3152 5878 ΜΗΤ-
