4266 6446
253 397 362 458 825
1361 403 1895 462 COMMENTUUI

1844 405 1895 462 ll
1944 404 2021 462 lN
2068 407 2456 466 NUMEHOF.
3427 406 3529 467 826

255 507 532 578 simulque
559 514 1178 584 extreme-arrogantia
1212 517 1406 568 Mosen
1445 513 1789 571 insimulant.
1825 515 2012 567 Exstat
2048 525 2230 566 autem
2264 517 2530 582 iniquitas
2562 532 2622 567 ea
2671 518 2815 585 quod
2849 517 2932 572 sui
2969 519 3181 586 copiam
3213 518 3279 571 ab
3312 519 3528 573 lsraeli—
3578 551 3604 589 μ

256 599 328 649 tis
367 597 702 650 abalienavit
737 611 788 654 et
818 605 884 653 ad
947 604 1167 670 nuptias
1200 602 1519 671 peregrinas
1569 603 1833 654 traduxit.
1881 603 2046 668 Atqui
2102 602 2204 655 hoc
2242 604 2372 671 quid
2429 604 2574 656 aliud
2607 615 2690 657 est
2729 621 2892 672 quam
2945 606 3089 672 quod
3126 605 3284 659 Petro
3315 623 3529 674 quoque

257 684 404 748 quod
439 698 561 735 cum
607 687 952 753 pra‘putiatis
1007 689 1364 749 comedisset,
1423 687 1524 739 luit
1578 687 1902 754 ohjectum?
1951 689 2072 752 Quo
2130 697 2376 757 tempore
2427 692 2692 743 visionem
2732 708 2885 744 suam
2940 696 3131 745 recitat
3183 708 3288 759 qua
3323 694 3530 745 audivit

261 769 395 822 illud
424 789 437 823 :
473 789 491 820 ι
518 771 590 823 Ea
624 789 746 840 quae
777 771 887 828 Deo
925 789 1084 828 sacra
1119 783 1269 835 sunt,
1296 777 1389 827 tibi
1429 791 1495 827 ne
1529 775 1641 828 sint
1674 775 1900 842 profana
1930 776 1992 826 ⁸⁵.
2028 793 2044 824 ι
2106 774 2274 826 Erant
2313 791 2443 828 vero
2479 777 2680 844 impuri
2711 779 2890 844 reipsa
2943 778 3034 846 qui
3076 779 3373 846 gentililms
3409 793 3528 828 caro

261 859 444 910 nalem
483 858 858 927 impuritatem
890 863 1322 930 exprobrabant.
1365 860 1755 914 Verumtamen
1807 861 1922 927 ipsa
1969 875 2152 922 soror,
2209 862 2502 930 Aaronque
2555 863 2686 914 Μοδὶ
2735 866 3072 931 exprobrare
3107 880 3211 916 non
3250 875 3527 925 verentur,

260 957 374 993 non
401 945 710 1011 cogitantes
740 947 1026 1009 nimirum,
1073 949 1232 1015 cujus
1262 948 1491 1016 ﬁguram
1542 955 1777 1016 gereret.
1821 947 2076 1000 Christus
2105 950 2308 1001 etenim
2360 965 2524 1002 verus
2561 951 2705 1002 lator
2737 951 2917 1019 legum
2946 959 3051 1014 est,
3098 950 3302 1018 Deique
3335 967 3398 1002 ae.
3435 953 3530 1004 ho-

262 1030 476 1081 minum
507 1033 797 1086 mediator.
842 1034 914 1087 De
942 1050 1053 1102 quo
1089 1035 1263 1088 Moses
1296 1037 1412 1102 ipse
1451 1035 1594 1087 dixit
1629 1053 1642 1088 :
1687 1052 1703 1084 ι
1739 1033 2065 1103 Prophelam
2101 1037 2362 1088 excitabit
2414 1035 2679 1090 Dominus
2725 1035 2866 1090 Deus
2903 1047 3086 1091 vester
3125 1040 3278 1091 vobis
3315 1055 3378 1090 ex
3420 1040 3531 1089 l'ra-

264 1117 448 1172 tribus
476 1126 674 1176 Vestris
718 1123 824 1175 mei
873 1123 1198 1176 similem".
1226 1143 1242 1173 ι
1298 1123 1422 1176 Fuit
1467 1138 1596 1176 vero
1648 1124 1830 1175 Aaron
1881 1120 2093 1175 Jttdaiei
2156 1125 2456 1175 sacerdOtii
2493 1133 2675 1192 typus,
2709 1125 3172 1192 quemadmodum
3229 1123 3533 1192 Synagogzn

265 1201 458 1257 Maria.
498 1210 852 1264 Accusarunt
903 1224 1083 1264 autem
1135 1209 1416 1266 Christum
1473 1211 1721 1264 seniores
1751 1224 1968 1279 quoque
1999 1219 2054 1263 et
2089 1212 2262 1280 plebis
2310 1215 2669 1282 congregatio
2725 1215 2867 1281 quod
2915 1213 3054 1266 falso
3105 1230 3162 1267 se
3207 1213 3400 1265 Filium
3442 1214 3532 1267 Dei

260 1292 564 1358 jaetitaret,
598 1310 723 1350 cum
757 1299 1018 1352 solvisset
1056 1297 1380 1351 Sabbattnn.
1420 1298 1851 1365 Indignahantur
1903 1300 2126 1366 insuper
2160 1299 2302 1368 quod
2353 1301 2561 1368 nigram
2603 1302 2848 1368 gentium
2899 1311 2950 1354 et
2994 1301 3279 1368 pulchram
3323 1300 3538 1353 Israeli-

265 1389 448 1433 tarum
481 1381 830 1454 Synagogam
877 1387 1040 1438 simul
1099 1387 1356 1448 ambiret,
1410 1385 1555 1453 quod
1608 1387 1859 1438 videlicet
1904 1401 2120 1454 διδουςιο
2158 1387 2494 1450 lsraeliticm,
2546 1387 2892 1441 obscuritate
2947 1388 3194 1441 scicntia!
3223 1395 3275 1439 et
3325 1403 3534 1440 morum

267 1467 529 1522 inlectam
557 1475 815 1539 gentilem
848 1474 1197 1542 adjuugeret.
1241 1473 1374 1526 Nam
1435 1473 1722 1526 Samaritis
1762 1475 1852 1542 qui
1893 1475 2055 1524 alieni
2099 1480 2153 1523 et
2181 1475 2428 1525 extranei
2463 1484 2644 1534 erant,
2683 1475 3038 1539 livangelium
3083 1476 3534 1532 denuntiaverat.

267 1554 608 1626 initiumque
640 1559 920 1626 quoddam
952 1562 1257 1613 vocationis
1291 1563 1536 1628 gentium
1586 1561 1636 1611 in
1671 1561 1778 1611 illis
1803 1559 2031 1626 jeeerat.
2069 1557 2274 1611 Contra
2304 1574 2432 1612 vero
2467 1562 2582 1613 suis
2617 1561 2907 1628 discipulis
2947 1563 3015 1613 ab
3050 1561 3210 1612 initio
3245 1561 3539 1613 mandave-

267 1652 356 1694 rat
387 1659 456 1697 ne
485 1647 732 1710 gentium
772 1647 956 1699 itineri
994 1648 1334 1710 insisterent,
1369 1662 1545 1714 neque.
1591 1647 1649 1699 in
1700 1647 1976 1700 civitatem
2025 1646 2424 1700 Sauiaritanaui
2459 1650 2916 1718 ingrederentur;
2962 1650 3052 1702 sed
3105 1650 3286 1718 potius
3314 1649 3380 1701 ad
3415 1665 3540 1718 per-

266 1731 416 1783 ditas
455 1729 671 1783 Israelis
703 1748 831 1786 Ores
859 1734 961 1785 iter
990 1743 1376 1787 converterent
1405 1733 1619 1799 ".Quo
1651 1734 1906 1788 mandato
1953 1745 2146 1806 gentes
2175 1737 2242 1789 ab
2291 1737 2560 1792 Israelitis
2598 1739 2809 1792 alienas
2848 1740 2994 1792 fecit.
3028 1738 3296 1804 Quocirca
3349 1749 3540 1808 gentes

266 1817 376 1870 sibi
412 1821 666 1881 sociavit,
705 1821 971 1875 lsraelitis
1009 1823 1228 1874 interim
1284 1837 1392 1874 non
1429 1822 1713 1888 neglectis.
1748 1820 1901 1886 Quod
1939 1824 2119 1876 adhuc
2155 1826 2360 1876 clarius
2402 1824 2460 1876 lit
2500 1841 2624 1878 cum
2677 1827 2852 1894 inquit
2890 1844 2902 1879 :
2947 1844 2962 1874 ι
2998 1825 3174 1876 Ιςιίιιιιι
3223 1827 3363 1879 alias
3411 1842 3541 1880 oves

267 1907 449 1960 habeo
482 1924 604 1976 qua:
631 1926 737 1962 non
761 1925 827 1963 ex
859 1911 965 1964 ista
992 1913 1148 1966 caule
1169 1922 1319 1975 sunt,
1356 1927 1493 1980 quas
1520 1927 1604 1963 me
1640 1927 1858 1980 quoque
1897 1913 2099 1964 ducere
2131 1919 2343 1979 oportet
2372 1911 2434 1964 ³⁸.
2469 1931 2485 1961 ι
2544 1913 2674 1965 Item
2711 1929 2835 1965 cum
2872 1914 3147 1982 impudice
3191 1913 3544 1965 sciscitaren-

267 2004 363 2048 tur
415 2013 483 2049 an
529 1999 647 2066 ipse
688 2008 838 2053 esset
889 1998 1168 2062 Christus,
1225 2002 1403 2069 inquit
1443 2018 1453 2052 :
1494 2021 1510 2051 ι
1546 2000 1662 2053 Dixi
1711 2011 1890 2054 tamen
1941 2001 2118 2062 vobis,
2149 2015 2340 2052 verum
2376 2014 2481 2052 non
2518 2003 2764 2066 creditis,
2819 2003 2947 2070 quia
2980 2018 3041 2054 ex
3077 2016 3239 2071 grege
3296 2016 3539 2052 mearum

264 2085 454 2136 ovium
495 2101 601 2138 non
651 2088 790 2141 estis
817 2088 881 2140 η.
911 2105 928 2137 ι
969 2086 1336 2156 Quapropter,
1363 2097 1622 2156 tanquam
1655 2089 1746 2156 qui
1804 2095 2012 2141 amaret
2066 2087 2300 2152 alienos,
2343 2087 2674 2141 Samaritam
2719 2107 2842 2143 enni
2888 2101 3302 2158 nuncuparunt.
3341 2090 3543 2140 ila-iuo-

265 2175 426 2225 nium
480 2174 614 2227 item
675 2175 877 2229 habere
927 2176 1220 2228 dixerunt:
1271 2175 1640 2229 dremoniacos
1679 2177 1823 2228 enim
1871 2175 2144 2228 idolorum
2187 2179 2428 2230 cultores
2469 2179 2844 2244 appellabant,
2905 2177 3051 2245 quod
3101 2177 3359 2230 diabolus
3399 2178 3542 2229 inter

262 2278 364 2315 eos
420 2263 738 2335 exsisteret.
815 2263 1042 2332 Semper
1103 2278 1234 2316 vero
1294 2265 1792 2330 transgressionem
1871 2263 1951 2316 illi
2027 2263 2410 2332 objectarunt,
2482 2267 2734 2333 quamvis
2822 2266 2995 2335 legem
3073 2266 3248 2317 multo
3307 2265 3542 2333 amplius

263 2333 520 2418 expleret
554 2367 720 2420 quam
752 2351 1082 2406 dissolveret
1115 2368 1127 2404 τ
1163 2351 1306 2421 quod
1352 2367 1418 2407 ex
1452 2350 1740 2421 ipsiusmet
1773 2351 1954 2406 verbis
1981 2361 2224 2406 constat.
2250 2353 2437 2407 Solius
2468 2353 2613 2408 enim
2647 2353 2843 2407 littera:
2883 2333 3132 2406 ‘mutatio
3163 2353 3225 2406 ad
3256 2353 3541 2406 veritatem

264 2454 301 2508 p
323 2440 601 2494 irtinebat.

339 2549 713 2620 Objectabant
750 2569 970 2621 quoque
998 2553 1225 2607 Christo
1254 2551 1515 2605 Phariszei
1553 2567 1566 2603 :
1601 2547 1677 2604 Nc
1732 2547 1867 2603 Mosi
1908 2551 2129 2618 quidem
2180 2553 2283 2607 soli
2335 2551 2518 2605 omnia
2572 2549 2712 2604 dixit
2765 2550 2929 2612 Deus,
2968 2548 3139 2602 multo
3195 2549 3378 2602 minus
3420 2548 3540 2600 tibi.

265 2641 474 2693 Verum
512 2643 800 2695 enimer
850 2643 1316 2712 quemadmodmn
1367 2641 1578 2711 antiqui
1631 2646 1928 2709 percarunt
1964 2655 2087 2693 sese
2130 2652 2514 2710 comparantes
2551 2641 2715 2710 eiqoi
2752 2656 2778 2692 a
2820 2638 3052 2691 Domino
3107 2639 3316 2690 audivit
3357 2654 3369 2690 :
3417 2637 3542 2689 Mihi

266 2745 383 2800 pne
413 2730 674 2783 omnibus
728 2740 893 2784 notus
949 2747 1027 2795 es,
1073 2739 1128 2784 et
1175 2745 1409 2799 magnus
1445 2744 1505 2783 es
1556 2729 1610 2780 in
1640 2728 1818 2780 oculis
1864 2728 1998 2780 meis
2035 2745 2048 2779 :
2085 2730 2316 2782 decebat
2367 2730 2513 2782 enim
2551 2743 2647 2783 eos
2705 2729 3081 2797 qualicunque
3139 2727 3243 2779 sibi
3279 2742 3546 2780 cur-.eesso

269 2821 482 2872 ltonore
514 2825 812 2872 coateutos
838 2834 979 2881 esse,
1020 2819 1264 2870 nondum
1299 2831 1626 2871 concessum
1662 2814 1978 2882 neutiquam
2008 2825 2273 2886 captare:
2315 2819 2384 2871 ita
2417 2817 2757 2870 recentiores
2791 2815 3066 2882 piaculum
3110 2815 3161 2866 in
3213 2829 3270 2868 se
3308 2815 3549 2867 admise-

268 2915 427 2967 runt,
473 2906 634 2959 iidem
687 2906 1009 2974 derogando
1053 2907 1101 2959 ei
1139 2905 1232 2973 qui
1267 2904 1407 2956 dixit
1457 2922 1468 2955 :
1523 2921 1540 2952 α
1570 2903 1612 2955 Α
1660 2902 1868 2970 meipso
1921 2903 2120 2973 loquor
2183 2904 2351 2967 nihil,
2405 2904 2498 2958 sed
2542 2904 2633 2972 qui
2673 2918 2757 2956 me
2796 2903 2945 2955 misit
2998 2900 3179 2962 Pater,
3232 2902 3286 2954 in
3321 2903 3538 2954 manda

267 3007 342 3052 tis
380 2997 516 3050 mihi
567 2997 718 3051 dedit
754 2999 884 3066 quid
929 2996 1134 3056 dicam,
1170 3005 1225 3049 et
1257 2996 1389 3063 quid
1417 2995 1610 3062 loquar
1641 2993 1706 3044 ὀ.
1743 2991 1911 3046 iltem
1950 2998 1964 3047 ε’
1993 3013 2010 3043 ‹
2047 2991 2217 3046 Verba
2244 3006 2383 3061 .quae
2408 3005 2508 3059 ego
2541 2990 2734 3058 loquor
2769 3006 2876 3043 non
2930 3004 3046 3042 mea
3089 2999 3241 3051 sunt,
3275 2989 3367 3041 sed
3430 2989 3550 3056 ejus

266 3089 362 3155 qui
399 3102 484 3140 me
513 3088 756 3148 misit",
805 3105 822 3138 ι
864 3087 1240 3155 audacterque
1273 3071 1570 3154 ingerendo
1605 3082 1653 3136 ei
1688 3097 1698 3129 :
1750 3100 1767 3131 ι
1801 3080 1938 3136 Mosi
1970 3080 2102 3150 quid
2161 3078 2306 3134 Deus
2362 3078 2570 3132 dixerit
2613 3079 2888 3143 novimus,
2941 3077 3097 3167 hunc.
3120 3090 3249 3129 vero
3304 3077 3446 3130 unde
3481 3076 3552 3130 sit

271 3193 383 3230 non
418 3178 762 3230 novimus".
801 3194 821 3228 ι

343 3307 455 3363 Καὶ
489 3311 522 3363 ό
552 3308 866 3376 ἄνθρωπος
895 3307 1154 3374 Μωῦσῆς
1183 3307 1373 3376 πρᾶος
1392 3308 1852 3380 σφόδρα.Σιωπῇ
1889 3300 1932 3357 Δ
2027 3342 2028 3349 η

1889 3300 1932 3357 Α
2027 3298 2148 3354 Fui!
2164 3308 2338 3354 autem
2356 3279 2525 3355 Moses
2545 3301 2621 3353 vir
2637 3309 2941 3353 mansuetus
2959 3298 3246 3365 admodum
3263 3299 3307 3329 "
3323 3295 3550 3369 [X|l,3.]

272 3403 384 3470 γίιρ
441 3401 605 3470 ἔφερε
654 3401 753 3471 τὴν
807 3400 989 3455 αἰτίαν
1025 3401 1134 3454 ἀπὸ
1182 3403 1513 3472 πραότητος.
1574 3402 1684 3454 Καὶ
1728 3401 1861 3453 ἁνα-

1970 3393 2176 3458 Tacile,
2215 3409 2316 3447 nee
2342 3393 2461 3448 sine
2504 3408 2721 3447 smnma
2758 3393 2925 3445 animi
2957 3391 3358 3453 moderatione,
3385 3389 3552 3459 399

268 3493 480 3564 γράφει
518 3490 579 3542 τὸ
628 3491 904 3560 ἐγκώμιον
947 3492 1167 3556 ἑαυτοῦ,
1222 3492 1409 3563 ὥσπερ
1439 3493 1532 3546 καὶ
1586 3495 1645 3545 τὸ
1682 3493 1862 3563 ἁμάρ-

1968 3485 2363 3538 centumeliam
2398 3483 2560 3537 istam
2588 3482 2839 3553 pertulit,
2869 3481 3197 3547 lamlemque
3229 3480 3367 3532 hane.
3397 3493 3551 3530 suam

270 3602 448 3654 τημα,
477 3584 780 3656 φιλαλήθης
822 3583 934 3649 ὣν,
992 3585 1086 3640 καὶ
1146 3583 1312 3652 μηδὲν
1352 3585 1859 3655 ἀποκρυπτόμενος,

1969 3577 2432 3646 quemadmodum
2480 3576 2646 3630 etiam
2685 3583 2972 3644 peccatum
3009 3572 3232 3628 Davidis
3291 3572 3556 3624 aliorum-

268 3679 463 3746 ὥςπερ
499 3675 666 3728 Δαόὶδ
701 3677 794 3729 καὶ
818 3675 1017 3739 πάντες
1057 3677 1104 3727 οἱ
1139 3675 1307 3727 ἄλλοι.

1969 3685 2075 3739 que
2107 3679 2427 3722 sanctorum
2477 3668 2729 3735 exemplo
2774 3667 2826 3719 in
2879 3675 3234 3719 monumenta
3278 3677 3376 3717 sua
3405 3672 3554 3715 retu-

1971 3761 2054 3822 lit,
2097 3760 2240 3812 sicut
2269 3759 2515 3814 veritatis
2553 3758 2862 3819 studiosus,
2900 3771 3042 3827 aque
3068 3757 3218 3811 omni
3255 3754 3381 3810 fuco
3418 3755 3553 3807 alie-

1975 3868 2079 3904 nus
2112 3851 2234 3904 l'uit.

268 3993 380 4047 l~ta
416 3991 587 4060 igitur
621 3989 1047 4045 mansuetudine
1084 3988 1255 4044 Musis
1290 3988 1355 4043 ad
1384 3988 1760 4058 arrogantiam
1799 3994 1854 4041 et
1880 3984 2080 4039 fastum
2115 3985 2419 4038 abutuntur
2453 3984 2848 4051 illi.,Quamvis
2881 3999 3013 4039 vero
3055 3981 3369 4037 mussitarit
3413 3981 3553 4051 ip-e,

271 4079 678 4134 contumeliam
720 4089 902 4132 tamen
930 4079 1114 4132 ﬁdelis
1151 4076 1343 4130 famuli
1382 4078 1434 4129 in
1470 4074 1635 4128 domo
1671 4088 1768 4127 sua
1799 4073 1905 4128 sibi
1951 4072 2095 4127 Deus
2131 4073 2412 4142 pr0priam
2452 4071 2602 4127 fecit.
2638 4071 2794 4138 Quod
2829 4073 3103 4142 imprimis
3136 4087 3302 4141 super
3335 4069 3556 4126 Christo

264 4169 484 4234 evenit,
518 4168 685 4223 Patre
723 4168 796 4222 ab
829 4169 896 4222 iis
927 4167 1024 4237 qui
1069 4166 1123 4219 in
1159 4180 1283 4220 eum
1317 4163 1643 4219 debacchati
1678 4162 1894 4216 fuerant
1925 4176 2116 4231 pinnas
2145 4163 2420 4233 exigente.

344 4282 505 4336 Exite
541 4298 632 4336 vos
668 4290 774 4334 tres
806 4281 861 4332 in
891 4278 1180 4332 tentorium
1211 4276 1534 4338 testimonii,
1571 4284 1680 4330 rte.
1731 4273 1836 4347 [4.]
1873 4273 2154 4329 Iudicium
2185 4276 2328 4330 enim
2367 4287 2626 4352 prompte
2663 4276 2883 4346 stringit
2917 4277 3059 4330 Deus
3096 4277 3148 4330 in
3198 4291 3294 4330 eos
3328 4276 3418 4343 qui
3460 4291 3555 4344 og-

265 4371 549 4443 ganniuut
573 4368 823 4434 Christo,
858 4376 912 4423 et
943 4383 1068 4422 cum
1097 4382 1164 4421 eo
1196 4365 1262 4420 de
1289 4365 1464 4435 gloria
1494 4367 1860 4418 contendunt.
1896 4362 2178 4418 Iudicium
2213 4380 2347 4442 vero
2388 4381 2481 4434 per
2514 4364 2713 4418 Filitun
2743 4366 2796 4418 in
2827 4381 2938 4434 quo
2979 4364 3144 4419 Pater
3175 4374 3258 4420 est
3299 4366 3558 4434 exsequi-

266 4471 387 4516 tur.
425 4478 446 4511 ι
484 4459 602 4528 Ego
651 4460 799 4513 enim
835 4460 890 4511 in
933 4448 1096 4510 Patre
1141 4471 1288 4516 smn,
1355 4453 1559 4522 inqttit,
1593 4461 1651 4508 et
1686 4452 1849 4507 Pater
1892 4456 1946 4508 in
1983 4469 2069 4509 me
2094 4454 2161 4508 ".
2201 4473 2220 4506 ι
2265 4455 2537 4510 Cancrum
2586 4456 3057 4525 quemadmodum
3097 4472 3423 4526 magnorum
3459 4459 3555 4508 Izo-

265 4552 484 4606 minmn
521 4556 752 4617 peccata
785 4555 916 4600 sunt
951 4543 1182 4602 eximia.
1216 4543 1290 4595 ita
1329 4542 1822 4610 reprehensimiem
1858 4557 1921 4595 ae
1965 4557 2186 4612 prauam
2220 4557 2412 4597 eorum
2443 4543 2764 4598 distinctam
2810 4543 2959 4598 facit.
2995 4543 3269 4610 Quocirca
3298 4559 3394 4600 eos
3421 4543 3556 4598 edu-

263 4651 394 4696 ctos
430 4639 606 4693 voluit
655 4635 712 4690 in
752 4639 1135 4690 sauctuariutu
1177 4633 1234 4686 in
1267 4639 1385 4700 quo'
1403 4631 1630 4687 oracula
1661 4628 1992 4685 edebantur.

340 4749 532 4817 Χωρὶς
577 4745 860 4807 Μωῡσέως
891 4743 1188 4798 καλοῦνται
1238 4743 1598 4811 ἐπιτιμητικῇ
1651 4740 1863 4810 κλήσει,
1903 4728 1944 4783 Β

1903 4728 1944 4783 Β
2049 4743 2125 4793 Ac
2150 4735 2269 4795 sine
2318 4737 2467 4794 Mose
2499 4739 2680 4795 verbis
2724 4741 2941 4795 acerbis
2973 4749 3260 4805 vocantur,
3296 4741 3555 4810 quoniam

263 4841 458 4913 ἐπειδὴ
517 4841 615 4894 καὶ
663 4837 998 4907 λυτροῦσθαι
1049 4838 1082 4906 ἠ
1133 4835 1367 4905 Μαριὰμ
1415 4833 1629 4902 ἔμελλε.
1668 4831 1759 4903 Τῷ
1807 4833 1866 4885 δὲ

1975 4829 2202 4884 Mariam
2244 4832 2392 4897 lepra
2437 4832 2896 4894 inlicere’volnit,
2952 4833 3154 4886 Aaroni
3208 4850 3337 4886 vero
3379 4833 3559 4886 int-rc-

278 4934 498 5006 Ἀαρὼν
521 4932 618 4986 καὶ
649 4933 682 5002 ἡ
711 4929 800 4983 διὰ
829 4931 990 4998 λόγον
1032 4927 1239 5000 μέμψις
1277 4927 1503 4998 ἢρκεσε,
1535 4927 1626 4978 καὶ
1662 4926 1693 4995 ἡ
1737 4925 1867 4994 περὶ

1980 4926 2124 4994 patio
2154 4926 2337 4994 gravis
2382 4924 2678 4977 verborum
2713 4940 3027 4995 minorque
3062 4942 3161 4994 pro
3202 4940 3392 4978 sorore
3426 4939 3559 4978 eon-

262 5031 369 5099 τῆς
396 5027 642 5096 ἀδελφῆς
671 5025 843 5093 λύπη.

1969 5027 2160 5087 Ceplns
2198 5019 2335 5072 Satis
2369 5033 2544 5088 pinna:
2568 5028 2709 5072 erat.

345 5132 554 5198 Evenit.
589 5148 772 5196 autem
815 5139 893 5192 illi
942 5138 1102 5206 juxta
1151 5134 1247 5189 Dei
1290 5135 1578 5189 oraculum
1624 5148 1638 5187 :
1680 5152 1698 5184 ι
1741 5131 1916 5187 Vivite
1967 5139 2020 5186 et
2052 5133 2250 5200 lugete,
2279 5131 2590 5185 sacerdotes
2625 5149 2638 5195 ;
2685 5133 3082 5198 lamentamini,
3113 5133 3254 5188 sacri
3322 5132 3411 5188 Dei
3471 5133 3573 5186 mi-

266 5233 459 5300 nistri,
500 5231 766 5303 quoniam
799 5224 1229 5283 liberationibus
1275 5232 1332 5280 et
1394 5223 1690 5280 sacriﬁciis
1729 5223 1939 5277 excidit
1975 5221 2172 5275 donms
2223 5219 2316 5274 Dei
2371 5223 2540 5275 vestri
2571 5221 2672 5274 ⁸⁵.»

354 5349 422 5404 Ἦ
475 5348 533 5402 δὲ
587 5343 890 5415 συγγνώμη
935 5344 1030 5397 καὶ
1060 5343 1136 5405 ὡς
1171 5341 1350 5412 ἀνδρὶ,
1393 5340 1594 5411 μᾶλλον
1648 5340 1866 5408 ἐνάγειν

2050 5334 2292 5391 Veniam-
2321 5352 2448 5391 vero
2491 5338 2633 5390 hanc
2671 5338 2903 5409 adeptus
2941 5348 3047 5402 est,
3083 5340 3280 5408 partim
3325 5341 3453 5409 quia
3485 5339 3567 5395 vi-

269 5441 595 5514 πσ.ρῤησξαν
628 5439 901 5506 ὀφείλοντι
935 5434 1087 5506 παρὰ
1115 5435 1212 5503 τὴν
1252 5433 1508 5502 ἀδελφήν.

1977 5431 2097 5485 rilis
2132 5445 2322 5492 sexus,
2350 5429 2504 5499 juxta
2538 5446 2696 5500 quem
2733 5435 2910 5503 major
2944 5435 3200 5504 loquendi
3227 5435 3455 5488 libertas
3485 5436 3573 5486 illi'

268 5546 437 5601 quam
472 5529 650 5583 sorori
689 5525 1054 5594 suppetebat,
1089 5523 1290 5592 partim
1332 5530 1554 5592 propter
1585 5521 1954 5575 sacerdotium
1988 5536 2054 5576 ne
2091 5523 2273 5591 ipsius
2311 5536 2512 5577 cursus
2545 5523 2859 5579 sisteretur.
2894 5525 3035 5589 Quin
3071 5526 3233 5579 etiam
3288 5541 3394 5577 nou
3447 5542 3565 5576 tm.-

272 5623 408 5674 nino
435 5632 532 5672 eos
558 5615 796 5685 abjicere
836 5613 1028 5677 voluit,
1087 5613 1392 5681 praesertim
1435 5610 1507 5664 ob
1551 5618 1840 5681 peccatum
1878 5627 1982 5665 non
2017 5611 2432 5680 gravissimum,
2479 5613 2732 5678 quamvis
2767 5613 2819 5667 in
2854 5615 3087 5668 muliere
3123 5616 3346 5684 gravius
3390 5627 3554 5682 qua-.u

349 5805 393 5834 "
438 5804 559 5866 Act,
595 5818 648 5856 ἰ.
686 5801 771 5854 15.
859 5801 903 5832 ⁸⁸
948 5797 1104 5852 Dent.
1172 5815 1327 5858 xviii,
1399 5799 1486 5853 lii.
1571 5799 1611 5829 "’
1653 5796 1843 5850 Matth.
1890 5816 1942 5857 κ,
1975 5798 2026 5852 5.
2072 5799 2123 5850 li.
2243 5797 2286 5827 "
2319 5799 2483 5852 .loan.
2535 5815 2587 5857 κ,
2653 5796 2730 5851 lli.
2851 5798 2891 5826 ’τ’
2928 5767 3057 5852 ibid.
3123 5797 3215 5851 96.
3322 5799 3366 5828 ”
3391 5796 3551 5851 .Irmi.

278 5887 371 5940 \Il,
410 5875 498 5929 £9.
577 5877 617 5905 “
655 5871 816 5928 Jnau.
858 5890 964 5939 xiv,
995 5872 1084 5926 Ἡ.
1169 5874 1208 5900 "
1243 5869 1398 5924 .loau.
1429 5888 1503 5935 is,
1543 5872 1630 5923 ἐι).
1711 5874 1755 5900 ⁸⁸
1791 5867 1949 5922 .Ι·›;ι;ι.

995 5872 1084 5926 ‘Zl.
1169 5874 1208 5900 "
1243 5869 1398 5924 .loan.
1429 5888 1503 5935 is,
1543 5872 1630 5923 ἐι).
1711 5874 1755 5900 ⁸⁸
1791 5867 1949 5922 .I-iaa.
1989 5887 2038 5930 ς.
2073 5871 2162 5921 7N.
2241 5871 2281 5901 ¹’¹
2317 5869 2432 5923 Joel
2473 5875 2592 5935 1,8,
2628 5876 2677 5922 υ.
