4266 6446
769 352 875 421 827
2114 359 2454 420 I‘llOCOl‘IJ

2391 361 2470 419 ‘II
2512 362 2754 455 Gszist
2872 444 2877 448 ἱ
3953 363 4073 426 828

745 485 756 500 ί
793 497 850 546 tu
883 494 1019 547 \iro.
1049 492 1206 560 Quod
1245 508 1374 548 vero
1407 494 1749 566 superiorem
1787 495 2114 550 inferiorum
2145 496 2359 565 judicio
2407 511 2514 552 non
2552 501 2832 570 subjecit,
2873 503 2969 558 sed
3008 503 3218 558 honore
3255 519 3358 559 suo
3397 521 3426 559 a
3472 504 3582 559 Deo
3611 518 3880 560 concesso
3911 505 4052 558 mul-

772 581 926 646 tavit,
981 581 1104 636 ideo
1156 580 1364 636 factum
1390 591 1496 648 est,
1531 598 1598 637 nc
1631 583 1736 636 alia
1773 585 1894 640 vice
1927 584 2051 653 ejus
2087 584 2551 654 reprehensiones
2591 587 2991 654 detrectarent,
3026 597 3081 644 et
3114 590 3496 645 diversitatem
3528 590 3861 658 dignitatum
3897 591 4058 646 intel-

770 667 790 720 l~
810 675 1019 736 gerent.
2547 707 2560 724 κ

838 751 896 807 Si
923 755 1084 822 fuerit
1115 755 1383 808 vobiscum
1423 757 1680 824 propheta
1713 755 1948 819 Domini,
1973 765 2078 810 clc.
2101 756 2241 828 IX",
2267 757 2346 826 0.]
2377 755 2510 810 Mosi
2538 755 2918 809 testimonium
2939 756 3196 827 datquod
3218 758 3269 811 in
3296 758 3670 827 percipiendis
3704 758 3910 814 divinis
3931 774 4055 814 ora-

766 841 911 896 culis
945 843 1349 909 sagacissimus
1374 843 1532 897 l'uet-it
1576 862 1586 896 :
1619 860 1727 896 non
1778 845 1926 897 cnim
1972 846 2025 897 in
2103 846 2217 898 otio
2275 845 2411 897 vixit
2456 858 2556 896 nec
2586 844 2880 910 opiniones
2911 844 2963 896 in
2999 846 3210 897 somnis
3241 845 3455 898 delatas
3483 847 3766 899 tractavit.
3803 846 4048 915 Quapro-

769 941 888 997 pter
914 946 1036 982 cum
1084 941 1250 984 tanta:
1285 933 1626 985 excellentia-
1663 933 1753 997 sit,
1794 946 1821 983 a
1865 933 2086 986 nemine
2119 931 2448 985 inferiorum
2495 931 2867 1001 inquirendus
2919 932 3041 984 fuit.
3073 934 3238 1000 Atqui
3274 934 3378 986 hoe
3423 937 3597 986 multo
3636 934 3820 988 verius
3856 949 4054 989 cernas

771 1032 823 1068 ill
856 1017 1122 1070 Christo:
1164 1034 1269 1070 non
1329 1020 1476 1072 enim
1519 1020 1570 1072 in
1604 1017 1743 1072 Filio
1780 1019 2250 1088 quemadmodum
2287 1020 2337 1070 in
2366 1019 2647 1086 prophetis
2679 1018 2900 1070 loeutus
2945 1029 3028 1071 est
3073 1019 3234 1072 Pater
3269 1039 3282 1086 ;
3330 1021 3406 1073 ilii
3441 1022 3586 1074 enim
3626 1023 3892 1075 instinctu
3931 1022 4053 1090 Spi-

771 1092 913 1156 ritus
953 1104 1135 1156 futura
1168 1104 1564 1173 praedixerunt.
1610 1108 1676 1158 At
1721 1107 1799 1159 illi
1827 1123 1890 1159 ex
1934 1109 2206 1176 sapientia
2237 1104 2420 1158 Patris
2450 1123 2571 1173 qua-
2624 1108 2856 1173 ipsemet
2912 1107 3036 1167 fuit.
3073 1108 3148 1160 illi
3203 1109 3443 1160 obscura
3493 1110 3902 1176 signiﬁcatione
3939 1112 4053 1178 glo-

769 1193 907 1241 tiam
969 1192 1141 1257 ipsius
1198 1192 1556 1262 contemplati
1613 1202 1757 1246 sunt.
1807 1194 1975 1245 Deum
2039 1192 2186 1245 enim
2234 1205 2397 1243 nemo
2453 1209 2696 1261 unquam
2754 1195 2910 1247 vidit.
2979 1197 3100 1263 Ipse
3152 1211 3280 1248 vero
3331 1197 3602 1262 inquitzt
3649 1195 3866 1250 Patrem
3920 1196 4054 1250 vidit

767 1293 932 1331 nemo
967 1279 1069 1330 nisi
1102 1281 1192 1348 qui
1224 1299 1249 1331 a
1289 1281 1448 1334 l‘atre
1511 1280 1632 1343 fuit,
1665 1280 1886 1335 l'atre'n
1914 1280 2048 1332 vidit
2083 1280 2151 1332 ’³.
2188 1299 2204 1328 ι
2239 1277 2530 1344 Quomodo
2563 1281 2734 1349 igitur
2763 1281 3021 1334 dixerunt
3068 1280 3244 1335 Judaei
3282 1299 3324 1336 ;ι
3381 1281 3520 1335 Cum
3558 1283 3810 1350 patribus
3845 1283 4054 1339 nostris

770 1368 988 1418 locutus
1019 1375 1101 1420 est
1153 1368 1297 1420 Deus
1339 1368 1386 1399 “
1414 1368 1438 1420 ’ἶ
1469 1388 1486 1418 ι
1521 1366 1764 1420 Locutus
1802 1368 2022 1437 quidem
2064 1376 2149 1420 cst
2199 1368 2253 1420 in
2289 1375 2473 1420 monte
2511 1366 2668 1432 Sina,
2720 1368 2815 1421 sed
2850 1383 3020 1436 parva
3059 1375 3272 1421 tantum
3307 1369 3741 1437 signiﬁcatione,
3787 1370 4050 1433 obscure,

764 1462 818 1504 et
854 1450 1100 1521 'iigurate
1134 1470 1145 1505 :
1183 1469 1371 1507 verum
1415 1456 1673 1508 Christus
1711 1453 1928 1507 Patrem
1961 1454 2014 1506 in
2049 1454 2232 1520 seipse
2278 1454 2487 1510 habuit.
2525 1455 2653 1509 Item
2719 1456 2976 1511 Christus
3001 1458 3055 1510 in
3094 1466 3207 1511 tota
3242 1459 3405 1512 domo
3438 1458 3614 1512 ﬁdelis
3649 1467 3816 1511 totam
3850 1467 4051 1511 terram

764 1537 915 1591 Patri
967 1541 1030 1590 ad
1061 1542 1218 1602 luxit,
1263 1541 1414 1609 atqui
1459 1544 1543 1595 lex
1600 1543 1779 1594 uniue
1826 1552 2036 1593 tantum
2071 1542 2217 1608 genti
2265 1543 2503 1597 salutem
2533 1544 2970 1611 .particulariter
3025 1547 3284 1598 contulit.
3327 1564 3345 1595 ι
3389 1547 3570 1609 Quare
3601 1547 3795 1609 igitur,
3835 1547 4044 1613 inquit,

763 1640 872 1678 non
915 1627 1181 1681 tinmistis
1224 1629 1448 1697 oblaqui
1512 1629 1719 1682 farinulo
1749 1644 1871 1682 meo
1906 1628 2040 1682 Mosi
2077 1629 2100 1680 ?
2150 1647 2168 1678 ι
2208 1627 2535 1695 Ilujusmodi
2574 1644 2732 1692 sane,
2775 1632 2941 1683 etiam
2974 1644 3002 1683 a
3038 1629 3318 1700 Propheta
3360 1630 3656 1684 Pharisaeis
3693 1632 3900 1685 dictum
3931 1647 4054 1686 esse

763 1723 982 1768 constat
1023 1733 1034 1768 :
1085 1714 1229 1770 tVos
1265 1715 1360 1769 lilii
1401 1717 1738 1785 iniquitatis,
1783 1718 1888 1771 huc
1917 1717 2178 1770 adducite
2213 1731 2402 1770 semen
2437 1723 2680 1769 vestrum
2724 1716 3100 1770 adulterirmm
3138 1729 3193 1770 et
3227 1719 3602 1771 meretricium
3642 1719 3708 1770 ".
3743 1738 3760 1768 ι
3799 1717 4050 1782 Quorum

762 1799 1057 1856 Psalmis-ta
1098 1818 1320 1873 quoque
1352 1805 1688 1858 mentionem
1723 1803 1897 1858 facit:
1947 1824 1964 1852 ‹
2016 1803 2133 1857 υἰχί
2180 1804 2704 1872 prsevaricatoribus
2734 1824 2746 1856 :
2783 1803 2858 1857 Ne
2899 1804 3379 1873 praevaricemini;
3413 1817 3465 1858 ct
3505 1807 3892 1875 peccatoribus
3926 1824 3940 1860 :
3975 1805 4054 1862 Ne

762 1892 1016 1945 exaltetis
1056 1908 1248 1958 cornu,
1288 1909 1354 1947 ne
1393 1894 1695 1961 loquamini
1732 1903 1926 1946 contra
1967 1891 2134 1945 Deum
2172 1893 2360 1962 iniqua
2396 1894 2460 1947 ’⁸.
2506 1912 2524 1943 ι
2563 1892 2862 1962 Propterea
2898 1895 3044 1946 enim
3077 1895 3299 1948 recessit
3338 1909 3365 1946 a
3404 1910 3682 1965 synagoga
3715 1910 3904 1949 eorum
3964 1897 4050 1949 di-

765 1981 888 2031 vina
922 1984 1095 2045 gratia
1127 1981 1595 2049 quemadmodum
1630 1983 1804 2036 nubes
1835 1997 1861 2035 a
1899 1983 2156 2036 tentorio.
2204 1981 2420 2034 \lariam
2447 1997 2578 2034 vero
2629 1982 2923 2051 occupavit
2967 1983 3114 2050 lepra
3154 1983 3400 2049 gravida,
3445 1982 3586 2036 adeo
3625 1991 3682 2036 ut
3724 1983 3779 2036 in
3827 1984 4050 2036 modum

763 2069 906 2121 nivis
941 2069 1270 2123 eXaIlfuerit.
1296 2068 1458 2122 Juxta
1494 2071 1702 2124 dictum
1733 2071 1867 2124 illud
1906 2087 1921 2125 :
1955 2088 1971 2118 ο
2016 2071 2247 2124 Domum
2281 2084 2456 2123 mcam
2487 2069 2704 2139 reliqui,
2740 2072 3226 2138 lnereditatemque
3261 2081 3438 2125 tneam
3469 2072 3689 2124 deserui
3725 2074 3790 2125 ⁸³.
3834 2091 3850 2122 ι
3893 2071 4052 2137 Quod

765 2164 822 2208 ut
853 2155 918 2208 de
959 2156 1070 2208 illis
1107 2157 1319 2209 dictum
1357 2158 1730 2227 intelligamus
1766 2173 1864 2212 nos
1895 2157 2121 2212 adducit
2164 2157 2297 2211 illud
2331 2175 2592 2230 quoque:
2627 2159 2812 2212 ()urue
2842 2159 3027 2212 vultus
3051 2159 3300 2228 ipsorum
3340 2159 3668 2228 ignominia.
3711 2171 3764 2213 et
3788 2161 3928 2213 doce
3955 2175 4052 2214 eos

757 2241 908 2310 qttol
940 2259 1138 2296 nomen
1163 2255 1314 2296 tuum
1350 2241 1389 2295 D
1413 2246 1620 2297 nuiuus
1652 2245 1745 2298 sit.
1783 2244 1844 2297 Et
1874 2246 1977 2298 Ιιοιτ
2016 2261 2150 2299 sane
2175 2249 2270 2314 qui
2302 2248 2692 2302 intellexerunt
2726 2249 2940 2301 veniam
2977 2249 3145 2302 errati
3179 2249 3264 2301 sui
3305 2248 3585 2317 deprecati
3613 2256 3763 2310 sunt,
3785 2250 4052 2316 quemad-

764 2332 988 2385 modum
1029 2330 1200 2384 Maria
1238 2331 1367 2385 fecit
1407 2340 1461 2387 et
1493 2332 1698 2386 Aaron.
1758 2334 1835 2386 Ac
1867 2333 1919 2386 bi
1975 2332 2182 2388 Christi
2232 2337 2528 2405 pa;ticipcs
2571 2334 2700 2389 laeti
2736 2336 2970 2389 fratrum
3006 2351 3230 2405 quoque
3277 2337 3514 2390 aliormn
3553 2352 3747 2390 curam
3785 2345 4049 2406 egerunt.

761 2418 877 2474 line
903 2436 961 2474 se
980 2420 1180 2476 fecisse
1213 2419 1418 2476 Paulus
1453 2430 1688 2477 testatur
1719 2423 1884 2476 etiam
1917 2438 2040 2476 cum
2070 2424 2274 2492 inquit:
2301 2443 2316 2475 ι
2345 2423 2569 2482 Fratres
2590 2424 2778 2479 cordis
2801 2423 2966 2495 4,θο
2999 2425 3100 2476 uici
3127 2425 3387 2479 voluntas
3416 2433 3470 2478 et
3507 2424 3755 2495 precatio
3777 2423 3845 2477 ad
3880 2423 4052 2478 Deum

761 2525 862 2578 pro
890 2511 1026 2580 ipsis
1060 2519 1147 2564 est
1179 2509 1245 2563 ad
1280 2512 1514 2565 salutem
1546 2527 1736 2565 eorum
1765 2512 1832 2567 ³⁸.
1873 2531 1891 2563 ι
1929 2510 2142 2577 Quibus
2174 2513 2358 2567 verbis
2381 2521 2616 2568 testatur
2641 2514 2960 2568 ministrum
2992 2511 3085 2566 Dei
3117 2512 3583 2581 quemadmodum
3615 2512 3822 2575 Aaron,
3855 2511 4052 2566 fuisse.

761 2599 1149 2654 lutereedente
1212 2615 1346 2654 vero
1386 2600 1534 2655 Μοω
1573 2617 1670 2671 pro
1723 2601 1861 2670 ipsa,
1905 2602 2162 2670 quamvis
2207 2601 2273 2656 ad
2307 2603 2660 2656 clementiam
2707 2616 3023 2671 prOpensus
3066 2601 3140 2654 sit
3183 2599 3353 2660 Deus,
3391 2602 3743 2669 corporalem
3795 2601 4044 2655 sanatio-

761 2704 883 2741 nem
923 2699 1152 2758 propter
1189 2689 1537 2758 spiritualem
1576 2691 1785 2744 dillet-t.
1817 2689 1892 2744 Ne
1929 2699 2110 2743 autem
2157 2694 2464 2745 molestiam
2501 2691 2548 2745 ei
2606 2692 2789 2758 pariat
2849 2690 2915 2742 de
2956 2690 3142 2742 l'utura
3199 2691 3490 2743 sanatione
3542 2706 3666 2743 cum
3718 2699 4047 2758 prmmonct.

760 2777 902 2842 Quid
944 2777 1126 2831 vero?
1159 2777 1452 2832 Multitudo
1480 2779 1559 2832 vel
1597 2778 1923 2848 magnitudo
1956 2790 2312 2848 peccatorum
2341 2781 2650 2834 clementia:
2682 2778 2778 2831 Dei
2814 2779 3063 2831 obstant.
3101 2775 3454 2847 Quapropter
3484 2776 3758 2837 Jereniias
3808 2792 4034 2846 quoque

758 2881 882 2917 cum
919 2866 986 2918 de.
1042 2867 1202 2920 malis
1254 2869 1457 2935 papqu
1503 2868 1789 2921 eventui-is
1843 2868 2228 2922 sciscitaretur
2256 2884 2319 2920 ae
2349 2868 2560 2922 diceret
2605 2885 2617 2919 :
2655 2885 2672 2916 ι
2730 2864 2864 2925 11ι⁵ΙΙ⁹,
2928 2865 3060 2918 mihi
3115 2867 3345 2935 langueo
3383 2867 3552 2919 animi
3589 2874 3809 2934 propter
3866 2881 4047 2919 czesos

758 2965 808 3007 et
856 2957 1168 3007 exstinctos
1199 2955 1266 3018 ³¹,
1312 2977 1327 3007 ι
1365 2955 1522 3009 audit
1573 2973 1598 3008 a
1638 2956 1918 3010 Domino:
1971 2975 1987 3006 ι
2035 2954 2418 3008 Ριιΐςιιιιὺιιιιιθ

2367 2964 2418 3006 te
2474 2956 2591 3006 vias
2619 2953 2952 3013 Jerusalem,
2991 2953 3189 3016 videte,
3226 2954 3672 3016 animadvertite,
3710 2962 3762 3007 et
3791 2955 4050 3017 indagati:

757 3044 1018 3097 munibus
1048 3046 1293 3114 vestigiis
1316 3046 1458 3112 ejus,
1487 3046 1530 3099 si
1562 3062 1724 3110 queat
1761 3046 2058 3099 inveniatis
2084 3062 2174 3112 qui
2198 3044 2409 3110 judicio
2438 3059 2467 3094 ιι
2496 3042 2680 3106 iaciat,
2704 3044 2794 3110 qui
2829 3041 2985 3095 tidem
3019 3050 3230 3108 queret
3252 3058 3264 3106 ;
3288 3041 3433 3110 quod
3468 3042 3511 3094 si
3549 3039 3736 3104 fuerit,
3773 3041 4052 3109 propitius

757 3133 841 3186 eis
868 3149 987 3188 cro.
1026 3135 1205 3201 ἰιιςιιιιῑ
1242 3132 1510 3187 Dominus
1545 3134 1606 3190 ³¹.
1658 3153 1674 3184 ι
1714 3136 1878 3202 Atqui
1910 3136 2146 3203 populus
2189 3149 2296 3185 non
2334 3132 2565 3186 recessit
2622 3130 2932 3198 usquedum
2970 3127 3248 3182 Maria‘ad
3299 3129 3594 3197 pristinam
3627 3129 3920 3197 puritatem
3956 3145 4045 3183 re-

756 3222 878 3274 u:it.
930 3220 1390 3291 [inpactabimus
1422 3223 1568 3276 enim
1605 3239 1704 3276 nos
1747 3240 1969 3292 quoque
2003 3225 2048 3277 si
2092 3223 2144 3276 in
2181 3222 2285 3275 line
2317 3223 2632 3276 crediturus
2658 3221 2728 3273 sit
2756 3218 2952 3281 Israel,
3001 3225 3060 3270 ut
3118 3233 3242 3271 cum
3289 3217 3580 3286 reliquerit
3614 3219 3853 3273 tentoria
3889 3217 4060 3286 hujus

757 3311 881 3365 vitm
909 3312 961 3362 itt
1000 3327 1295 3379 supernam
1329 3313 1523 3366 urbem
1561 3313 1927 3366 ascisca'ttus.

829 3417 990 3473 Mitte
1020 3420 1156 3473 riros
1187 3421 1527 3488 exploratum
1559 3431 1759 3475 terram
1791 3438 1950 3490 (μιιιηι
1981 3421 2076 3473 tibi
2119 3420 2264 3481 dedi,
2299 3429 2404 3473 etc.
2457 3416 2625 3492 [Xlll,
2665 3418 2744 3488 δη
2781 3418 2925 3473 Deus
2968 3415 3176 3473 aliose
3232 3416 3621 3486 exploratores
3681 3416 3821 3470 tuitti
3870 3417 4057 3485 jubet,

755 3524 866 3576 quo
902 3510 1180 3577 ignaviam
1218 3513 1405 3580 populi
1438 3507 1544 3565 sibi
1577 3523 1918 3578 compertam
1964 3512 2016 3565 iit
2058 3511 2232 3563 lucem
2269 3507 2620 3578 produceret,
2667 3515 2724 3558 ut
2774 3505 3113 3575 iunnot‘igcri
3161 3515 3633 3572 agnoscerentur.
3672 3504 3818 3570 Quin
3883 3505 4058 3558 etiam

755 3597 801 3650 si
837 3596 1015 3665 ignari
1048 3599 1284 3651 terrmin
1325 3614 1447 3651 eam
1486 3600 1849 3663 invasissent,
1885 3614 2062 3667 eaque
2111 3605 2409 3665 conspecta
2443 3596 2929 3656 retrocessissent,
2971 3594 3265 3646 maximam
3300 3593 3705 3646 contumeliam
3763 3592 3895 3658 Deo,
3935 3596 4059 3646 ani-

756 3684 945 3752 mique
981 3687 1379 3738 euntidentiam
1418 3685 1736 3741 Palmstinis
1802 3687 2105 3740 attulisset.
2142 3685 2251 3736 lloe
2285 3685 2403 3751 ipso
2436 3702 2564 3741 vero
2594 3687 2739 3756 quod
2775 3694 3068 3754 pestquam
3109 3686 3293 3739 aditus
3339 3686 3449 3737 illis
3490 3686 3828 3740 interclusus
3864 3688 4060 3738 redar-

753 3775 985 3847 gu'ique
1014 3777 1302 3843 obediunt,
1329 3793 1438 3833 non
1472 3796 1677 3850 parvus
1712 3780 1968 3833 utilitatis
1988 3779 2241 3832 cunnilns
2277 3777 2382 3832 illis
2423 3777 2683 3830 accessit.
2715 3777 2984 3840 Quamvis
3017 3774 3331 3828 obedientia
3372 3776 3620 3843 ipsorum
3670 3785 3794 3843 post
3821 3776 4060 3828 obmur-

763 3870 1135 3923 tnurationetn
1233 3871 1455 3925 denzum
1514 3872 1704 3940 juncta
1790 3888 1898 3926 non
1992 3871 2290 3923 admodum
2366 3875 2590 3934 acet'pla
2679 3873 2819 3928 erat,
2893 3867 3179 3932 inagis-que
3247 3865 3686 3932 increpatiorem
3778 3864 4060 3932 ﬂagitabat

757 3974 922 4026 quam
990 3961 1228 4012 Veniam.
1314 3959 1427 4014 lloe
1485 3965 1601 4031 ipse
1650 3977 1779 4015 vero
1845 3961 1990 4030 quod
2055 3959 2197 4013 Deus
2252 3958 2494 4010 dieitzt
2559 3953 2681 4007 Tibi
2750 3953 2851 4020 ipsi
2929 3952 3174 4012 dirnitte,
3217 3971 3233 4002 ι
3279 3953 3486 4006 indicat
3549 3969 3661 4006 rem
3721 3968 3842 4006 eam
3921 3954 4062 4022 ipsis

758 4048 949 4101 utilem
992 4050 1132 4102 lore.
1172 4048 1329 4114 Quod
1365 4051 1538 4113 enim,
1580 4070 1597 4101 ι
1645 4048 1766 4103 Τιιιὶ
1804 4051 1930 4120 ipsi.
1970 4069 1986 4100 ι
2018 4050 2177 4113 dicit,
2214 4048 2353 4101 idem
2397 4053 2480 4100 est.
2515 4059 2577 4098 ac.
2617 4045 2663 4098 si
2717 4044 2888 4106 dicat,
2944 4043 3172 4112 populo,
3235 4058 3409 4110 quare
3467 4043 3606 4112 ipsis
3651 4044 3839 4094 utilem
3895 4059 4060 4106 esse,

756 4152 855 4190 nec
894 4135 1045 4201 Deo;
1086 4147 1316 4191 noverat
1359 4140 1507 4191 enim
1553 4140 1598 4193 is
1658 4155 1826 4207 quam
1877 4140 1957 4193 eis
1999 4138 2156 4190 daret
2214 4147 2439 4188 terram.
2508 4134 2640 4186 Μυςί
2683 4149 2815 4187 vero
2873 4147 2973 4184 ceu
3015 4131 3142 4184 duci
3185 4143 3386 4184 contra
3424 4148 3565 4199 quos
3620 4148 3678 4185 se
3727 4141 4060 4199 opponeret.

754 4233 810 4278 ct
841 4225 910 4279 de
937 4243 1039 4292 qua
1081 4237 1227 4280 terra
1258 4237 1500 4282 certaret
1524 4229 1808 4298 cognitum
1841 4228 2046 4281 habere
2079 4227 2466 4282 conveniebat.
2501 4221 2660 4289 Quod
2687 4231 2868 4274 autem
2904 4220 3135 4272 victoria
3166 4235 3275 4271 non
3326 4220 3689 4272 multitud'ne
3723 4234 3821 4270 nec
3851 4218 4063 4271 virtute

754 4317 992 4376 steterit,
1020 4315 1288 4385 deinceps
1319 4318 1529 4370 clarqu
1572 4318 1647 4370 lit.
1703 4315 1836 4370 Duci
1875 4318 2062 4386 itaque
2100 4316 2394 4370 consilium
2427 4314 2492 4365 ad
2539 4327 2758 4364 manum
2785 4325 2908 4364 esse
2941 4308 3124 4363 debet.
3161 4307 3349 4377 liquos
3379 4307 3549 4371 enim,
3585 4307 3787 4375 inquit,
3825 4305 4064 4359 lIISll‘tli-

736 4412 845 4456 itur
881 4405 946 4456 ad
985 4404 1109 4458 belli
1144 4414 1382 4472 tempus,
1414 4419 1443 4458 a
1485 4404 1718 4458 Domino
1753 4422 1884 4459 vero
1925 4407 2195 4459 auxilium
2231 4404 2478 4472 suppetit
2510 4400 2580 4454 ³⁸.
2620 4397 2895 4452 Caeterum
2929 4413 2991 4449 ea
3034 4411 3156 4464 qua:
3205 4397 3310 4450 sub
3355 4397 3550 4448 umbra
3584 4403 3715 4448 snnt
3752 4398 4064 4462 proposita,

751 4494 968 4546 eventis
1001 4507 1186 4547 rerum
1224 4492 1545 4548 illuminare
1585 4486 1825 4564 oportet.
1856 4494 2043 4548 Exstat
2072 4496 2258 4561 itaque
2291 4494 2476 4545 Moses
2505 4490 2591 4542 his
2623 4504 2747 4557 qua:
2789 4488 2856 4539 de
2887 4499 2953 4537 eo
2989 4500 3085 4552 per
3119 4484 3354 4565 figuram
3393 4484 3604 4552 scripta
3644 4491 3797 4536 sunt.
3837 4482 4061 4547 Christi

753 4581 1121 4650 Veritatisque
1157 4583 1472 4650 speculum,
1529 4599 1640 4652 quo
1673 4581 1996 4637 Judzeorum
2033 4581 2494 4652 tuensdirigitur,
2530 4586 2587 4629 ut
2615 4592 2677 4630 ea
2714 4590 2833 4644 qua:
2889 4574 3099 4629 Sanctis
3139 4571 3423 4643 promissa
3466 4579 3618 4633 sunt,
3659 4579 3865 4625 terram
3904 4571 4069 4624 vide-

754 4672 882 4726 licet
907 4679 1156 4724 sanctam
1197 4672 1503 4725 mansuetis
1535 4671 1864 4725 adornatam
1905 4672 2377 4740 contemplemur.
2409 4667 2502 4720 Est
2550 4667 2751 4720 etenim
2796 4654 3013 4732 iu'ipso
3050 4663 3261 4714 Pascha
3289 4677 3398 4730 quo
3455 4675 3566 4729 pra:
3618 4675 3677 4714 se
3747 4659 3853 4713 l'crt
3897 4659 4070 4712 Chri-

752 4763 824 4816 sti
871 4762 1223 4831 mysterium,
1274 4775 1485 4829 perque
1520 4762 1853 4831 sanguinem
1917 4761 2225 4831 pretiosum
2273 4755 3036 4827 perditionisdepulsionem.
3065 4751 3408 4806 Restitutum
3451 4751 3579 4803 item
3618 4748 3782 4803 nobis
3834 4750 3887 4801 in
3951 4751 4060 4817 pri-

753 4855 958 4906 stinam
993 4867 1116 4922 qure
1150 4853 1202 4904 in
1233 4851 1491 4920 paradiso
1526 4849 1630 4906 fuit
1670 4853 2035 4920 voluptatem,
2065 4850 2588 4904 Tabernaculorum
2623 4846 2826 4902 festum
2871 4845 3110 4914 septimo
3163 4858 3357 4897 mense
3393 4840 3762 4905 celebratum,
3818 4854 3882 4893 ac
3935 4855 4070 4910 pru-

752 4944 883 4997 iude
921 4943 972 4994 iu
1009 4941 1117 4994 line
1162 4941 1384 4995 demmu
1422 4943 1637 5004 saeculi,
1673 4942 2110 5010 rcprmsentnvit.
2147 4941 2358 4992 ldCirco
2413 4939 2580 4992 etiam
2632 4936 2903 5004 septimus
2961 4933 3080 4986 dies
3128 4941 3237 4985 tam
3279 4938 3507 4986 sanctus
3541 4945 3706 5000 quam
3762 4928 3975 4999 primus
4006 4946 4074 4980 eo

752 5033 895 5085 (μείω
930 5029 1054 5085 fuit.
1090 5029 1272 5085 Moses
1305 5030 1478 5101 igitur
1512 5047 1612 5086 usu
1653 5046 1838 5085 rerum
1889 5030 2175 5098 animique
2207 5028 2502 5096 prudentia
2540 5022 3034 5094 przcslantissimos
3067 5022 3136 5074 ad
3169 5028 3422 5073 exactam
3475 5019 3920 5090 promissionum
3973 5016 4071 5072 Dei

751 5121 1198 5188 evolorationem
1234 5123 1538 5190 pt‘:P.tuittit.
1573 5117 1724 5186 Quas
1760 5120 1853 5190 qui
1895 5120 2128 5189 adipisci
2157 5119 2308 5186 cupit
2339 5117 2387 5172 ei
2425 5132 2533 5170 non
2574 5128 2753 5186 pugna
2782 5130 2903 5166 cum
2941 5127 3109 5165 carne
3135 5117 3188 5162 et
3221 5111 3494 5180 sanguine
3548 5117 3653 5169 est,
3693 5122 3884 5160 verum
3937 5122 4072 5161 cum

753 5231 763 5275 |
794 5212 1122 5278 riucipibus.
1159 5209 1484 5278 potentibus
1517 5218 1568 5263 et
1601 5209 1845 5263 dominis
1877 5209 2043 5276 hujus
2079 5208 2269 5261 tnttttdi
2314 5209 2379 5261 ’⁸.
2415 5206 2555 5259 llinc
2593 5207 2650 5257 lit
2683 5202 2828 5272 quod
2859 5202 2893 5255 ii
2920 5201 3012 5271 qui
3043 5200 3238 5254 carnis
3274 5200 3460 5253 studio
3485 5209 3744 5252 tenentur
3775 5207 3828 5251 et
3859 5197 4071 5250 addit-ti

749 5311 882 5354 sunt
919 5299 1061 5352 hanc
1090 5313 1332 5369 pugnam
1370 5306 1663 5367 tantopere
1697 5297 2032 5352 detrectent.
2071 5297 2214 5350 llinc
2275 5300 2331 5349 iit
2381 5294 2527 5364 qttod
2574 5294 2698 5362 ejus
2746 5291 2938 5347 szeculi
2993 5291 3250 5343 homines
3294 5286 3660 5356 reproborum
3709 5286 4058 5339 sermouihe.

748 5390 1116 5444 t'it‘t‘ttttttettli
1155 5388 1365 5442 liberos
1419 5387 1685 5442 luxerunt
1720 5397 1773 5442 et
1803 5404 2026 5442 uxores.
2065 5386 2395 5452 llujusmodi
2437 5383 2693 5437 homines
2729 5381 2878 5436 omni
2924 5391 3175 5447 tempore
3209 5377 3465 5431 invenire
3520 5383 3626 5437 est,
3664 5374 3758 5443 qui
3798 5392 3857 5427 se
3910 5375 4077 5442 prin-

751 5481 938 5546 t-Epum
984 5476 1188 5531 edictis
1246 5485 1341 5529 aut
1382 5477 1765 5540 sermonibus,
1793 5492 1819 5529 a
1866 5478 1969 5530 title
2000 5493 2164 5544 quam
2211 5475 2436 5530 Christo
2474 5473 2772 5532 dederunt,
2801 5475 2935 5525 olim
2979 5469 3252 5525 deterreri
3312 5467 3635 5538 patiuntur.
3663 5469 4077 5534 Quamtumvis

746 5571 896 5622 e..im
930 5566 994 5621 ad
1025 5567 1296 5621 cmlorum
1333 5580 1564 5636 regnum
1585 5567 1889 5621 cosiuvitet
1921 5567 2039 5635 ipse
2075 5573 2366 5634 maethue
2398 5565 2605 5618 virtute
2635 5563 2979 5632 essejubeat
3015 5578 3026 5613 :
3069 5579 3087 5612 ι
3133 5557 3298 5626 Ecce,
3355 5557 3646 5627 inquiens,
3711 5559 3915 5613 tradidi
3974 5576 4076 5612 vi-

825 5773 867 5802 ’δ
896 5770 1053 5824 .lmn.
1093 5788 1129 5835 t,
1172 5773 1251 5824 l3.
1335 5773 1378 5803 “
1413 5769 1577 5823 lli-liv.
1619 5784 1655 5826 t.
1699 5770 1744 5823 1.
1823 5770 1866 5798 ’³⁷
1904 5769 2008 5822 Ιςίι.
2049 5785 2178 5827 rvit,
2211 5769 2262 5819 ὖ.
2345 5764 2389 5794 ³⁸
2427 5759 2882 5835 ΡδίιιηιχχινΪ-ὅ)
2920 5759 2972 5812 6.
3055 5758 3098 5788 ”
3128 5755 3330 5835 dgrt‘lllo
3366 5767 3458 5816 Ml,
3499 5756 3549 5808 7ο
3633 5756 3675 5788 ³ο
3717 5755 3879 5811 “Ulli.
3921 5772 3951 5809 Χ
3995 5751 4079 5809 “-

751 5843 786 5871 ³³
824 5843 1029 5898 Laeni.
1079 5826 1128 5895 iv
1197 5844 1286 5899 5|.
1407 5845 1448 5875 ³³
1479 5841 1682 5896 Jeicni.
1718 5858 1766 5901 ι’,
1810 5841 1854 5893 1.
1972 5841 2014 5869 ⁵⁸³
2049 5839 2166 5894 Job.
2204 5853 2389 5899 χχχιχ,
2433 5843 2436 5886 1

1522 5859 1682 5896 .‘lt‘lll.
1718 5858 1766 5901 ι’,
1810 5841 1854 5893 1.
1972 5841 2014 5869 ⁵⁸³
2049 5839 2166 5894 Job.
2204 5853 2389 5899 χχχιχ,
2433 5834 2597 5888 19-223
2699 5834 2741 5864 ³⁵
2779 5832 2980 5901 liphcs.
3014 5847 3085 5894 χι,
3127 5826 3207 5881 12.
