4266 6446
252 389 360 454 899
1065 455 1071 463 ,
1359 403 1891 464 COMMENTARII
1929 405 1937 461 l

1837 405 1891 462 ll
1929 403 2006 461 1N
2040 401 2428 460 NUMEROS.
3418 391 3521 452 830

256 487 342 539 bis
372 494 660 552 serpentes
693 500 757 542 ac
787 489 1112 558 scorpiones
1137 492 1457 558 calcandos,
1487 509 1818 562 omnemque
1850 502 2171 563 potestatem
2203 491 2482 544 inimicam
2517 488 2874 559 frangendam
2902 485 3096 555 ",ipsi
3124 494 3306 538 tamen
3332 496 3522 535 carna-

257 579 328 629 lia
375 576 604 646 majoris
650 594 775 634 cum
835 581 1042 637 faciant
1094 585 1253 639 fidem
1314 588 1394 640 illi
1435 597 1697 642 recusant
1751 589 2072 642 attribuere.
2147 587 2354 640 Omnes
2399 585 2547 638 enim
2606 593 2886 650 quotquot
2931 582 2997 634 ad
3037 581 3258 648 nuptias
3312 577 3521 630 invitati

253 662 634 732 “lerant,
665 681 847 722 causa:
886 671 1094 740 aliquid
1131 673 1415 735 dicebant.
1450 676 1542 728 ille
1572 676 1793 744 quidem
1836 690 2050 744 agrum,
2080 674 2167 726 hic
2203 688 2328 725 vero
2359 687 2583 725 uxorem
2612 680 2918 738 praetexens
2949 669 3038 721 "‘.
3068 667 3231 735 Atqui
3255 666 3330 719 rei
3363 665 3524 732 hujus

260 752 509 818 ipsorum
544 755 824 824 principes
851 769 1110 814 auctores
1135 761 1504 824 exsistebaut,
1543 762 1601 824 ii,
1641 763 1884 824 inquam,
1915 761 2114 829 quibus
2139 759 2347 811 dictum
2377 767 2458 810 est
2501 775 2512 808 :
2558 755 2680 809 «Vua
2707 757 2864 809 vobis
2889 755 3094 808 scribis
3130 762 3183 807 et
3209 752 3522 812 Pharismis,

257 839 528 907 quoniam
565 843 866 910 accepistis
893 844 1100 899 clavem
1135 849 1380 902 scientire
1405 887 1420 910 ,
1465 849 1568 916 ipsi
1609 857 1791 901 tamen
1841 863 1948 900 non
1993 845 2344 913 ingredimini
2388 845 2634 911 aliosque
2673 843 2769 910 qui
2801 843 3010 910 ingredi
3045 841 3236 894 volunt
3273 839 3525 907 prohibe-

259 925 333 978 tis
357 924 424 978 ³⁸.
476 944 493 976 i
531 925 663 981 Tale
689 945 911 999 quoque
944 933 1243 986 vatidicum
1276 935 1408 987 illud
1435 943 1562 990 est:
1599 953 1617 985 ι
1653 933 1907 987 Pastores
1955 934 2311 1002 desipuerunt
2359 941 2412 986 et
2466 932 2752 983 Dominum
2798 946 2903 983 non
2937 931 3312 996 quaesiverunt
3335 969 3350 989 ,
3383 927 3525 978 unde

261 1011 401 1064 nihil
431 1013 736 1078 prudenter
757 1027 1015 1085 egerunt.
1045 1028 1098 1072 et
1122 1020 1391 1088 quidquid
1429 1021 1481 1074 in
1517 1022 1736 1090 pascuis
1767 1035 1958 1074 eorum
1992 1021 2114 1082 fuit,
2148 1021 2457 1087 dispersum
2487 1029 2567 1070 est
2591 1019 2708 1069 ³⁸⁸.)
2737 1016 2936 1069 Verum
2967 1017 3250 1068 enimvero
3281 1013 3528 1080 reliquia:

246 1113 452 1166 eatque
491 1098 697 1154 Christi
723 1117 829 1155 non
861 1117 1138 1172 expertes,
1168 1117 1295 1161 sunt
1326 1118 1578 1167 servatze,
1616 1107 1741 1175 ejus
1769 1110 1912 1160 enim
1941 1109 2164 1178 figuram
2191 1110 2362 1176 gessit
2387 1106 2555 1160 Caleb
2583 1107 2672 1172 qui
2711 1123 2862 1158 omne
2903 1123 2993 1158 cor
3020 1115 3198 1158 sonat.
3243 1103 3527 1172 Jephonue

258 1199 399 1239 vero
427 1190 719 1241 conversio.
754 1187 916 1243 Jesus
941 1191 1182 1261 denique
1213 1194 1386 1247 salus.
1418 1194 1521 1260 Qui
1557 1195 1704 1248 enim
1749 1195 2019 1264 integrum
2059 1207 2379 1264 rectumque
2420 1209 2518 1246 cor
2547 1209 2674 1261 erga
2711 1192 2875 1245 llenm
2914 1193 3139 1252 habent,
3175 1190 3268 1242 lilii
3295 1205 3529 1242 eonver-

173 1277 187 1285 ’
261 1271 444 1326 sionis
479 1283 632 1338 sunt,-
667 1263 783 1328 illiis
811 1278 1172 1333 cohabitante
1198 1279 1352 1343 Jesu,
1380 1282 1658 1350 iidemque
1690 1292 1818 1336 sunt
1843 1263 1934 1351 qui
1965 1263 2340 1334 crediderunt.
2369 1279 2572 1344 Quales
2605 1295 2706 1332 ceu
2743 1279 2997 1346 primitiae
3023 1280 3253 1346 apostoli
3282 1277 3527 1336 fuerunt,

262 1361 358 1428 qui
403 1377 532 1416 cum
570 1365 820 1433 reliquis
859 1376 1069 1429 essent,
1111 1384 1318 1438 perque
1357 1371 1657 1425 Chalebum
1693 1373 1870 1426 solum
1902 1369 2254 1423 exsistentem
2301 1365 2540 1435 figurati,
2570 1366 2823 1419 lsraelem
2864 1374 3166 1427 -vocarunt,
3226 1363 3386 1433 idque
3419 1378 3528 1415 non

263 1450 386 1502 sine
421 1466 621 1521 magno
653 1468 876 1522 quoque
910 1457 1160 1523 peric.qu
1194 1476 1206 1510 :
1243 1473 1414 1527 quare
1455 1459 1702 1513 lizeredes
1732 1467 1893 1511 terra:
1933 1463 2157 1516 sanctze,
2200 1461 2462 1521 tanquam
2505 1451 2935 1520 qui.rectissime
2969 1468 3099 1518 erga
3144 1451 3310 1503 Deum
3342 1459 3527 1503 essent

264 1535 474 1602 affecti,
509 1538 745 1593 instituti
779 1553 928 1594 suut.
968 1541 1163 1606 Qualis
1189 1541 1294 1597 fuit
1325 1543 1562 1605 Paulus,
1608 1545 1701 1610 qui
1753 1545 1926 1613 legem
1984 1559 2081 1614 pro
2104 1553 2348 1594 stercore
2391 1551 2443 1594 et
2471 1542 2640 1593 multa
2687 1552 2909 1608 propter
2938 1541 3291 1592 excellentem
3323 1538 3522 1592 Christi

265 1623 608 1692 agnitionem
655 1629 935 1696 reputavit
959 1629 1024 1682 ".
1055 1628 1116 1681 In
1153 1645 1296 1700 quos
1328 1645 1505 1684 novus
1538 1631 1763 1696 insuper
1795 1633 2029 1698 populus
2068 1629 2171 1682 fide
2205 1628 2431 1688 coaluit,
2476 1643 2572 1695 per
2608 1628 2810 1681 liberos
2849 1637 3202 1695 peccatorum
3237 1626 3530 1679 adumbra-

265 1717 379 1772 tus,
411 1709 568 1779 juxta
607 1711 891 1777 Davidem,
941 1734 959 1766 ‹
1012 1714 1258 1784 Populus
1296 1733 1490 1772 recens
1532 1717 1792 1773 conditus
1846 1717 2148 1771 celebrabit
2177 1715 2465 1766 Dominum
2499 1713 2602 1773 "';
2647 1733 2664 1763 ι
2701 1714 2754 1766 ἱη
2787 1713 3018 1765 alteram
3052 1715 3256 1766 etenim
3289 1719 3530 1772 aetatem,

266 1807 473 1866 praeter
497 1814 617 1852 eam
653 1816 775 1870 quae
799 1802 906 1855 sub
938 1803 1052 1870 lege
1081 1803 1204 1868 fuit,
1243 1805 1549 1859 liazreditas‘
1573 1813 1658 1859 est
1687 1812 1986 1858 reservata;
2020 1803 2153 1856 Nam
2185 1802 2238 1854 in
2265 1801 2488 1854 Christo
2520 1789 2584 1852 ad
2621 1801 2742 1852 vita:
2772 1800 3071 1851 novitatem
3097 1807 3278 1851 vetere
3311 1799 3532 1851 homine

265 1895 458 1946 exuto,
489 1902 596 1939 una
632 1903 756 1941 cum
795 1888 1182 1945 all'ectionibus
1211 1899 1264 1944 et
1297 1893 1768 1962 concupiscentiis
1796 1891 1998 1943 virtute
2025 1889 2145 1957 ejus
2170 1889 2260 1956 qui
2290 1887 2431 1940 duos
2464 1886 2698 1954 populos
2730 1886 2782 1938 in
2811 1901 2979 1939 unum
3015 1901 3217 1947 novum
3255 1885 3530 1937 hominem

266 1973 648 2040 interpolavit,
685 1990 880 2030 sumus
914 1976 1144 2048 conditi.
1188 1977 1435 2042 Quorum
1475 1980 1772 2048 imaginem
1800 1976 2037 2031 infantes
2072 1976 2340 2036 referunt,
2382 1976 2527 2026 sicut
2565 1972 2768 2027 Paulus
2803 1972 2997 2033 sensit,
3042 1973 3296 2041 inquiens
3327 1988 3339 2023 :
3381 1991 3398 2022 ι
3422 1971 3532 2026 Lac

270 2060 507 2114 rationis
551 2077 612 2114 ac
645 2045 1484 2133 integritatisquemadmodum
1528 2045 1723 2120 recens
1764 2066 1873 2118 nati
1909 2065 2172 2127 infantes,
2207 2063 2458 2117 allectate
2493 2062 2556 2114 ⁸⁸.
2597 2080 2614 2112 ι
2671 2062 2825 2126 Quod
2878 2069 3059 2114 autem
3103 2063 3217 2115 haec
3256 2063 3427 2130 ipsius
3462 2062 3532 2114 sit

267 2151 574 2211 sententia,
612 2151 742 2204 illud
769 2167 990 2220 quoque
1019 2155 1215 2207 arlilit:
1254 2173 1270 2207 ι
1313 2156 1489 2210 Hodie
1534 2158 1578 2212 si
1635 2172 1826 2218 vocem
1864 2170 2036 2209 meam
2075 2152 2383 2217 audieritis,
2446 2169 2464 2202 ι
2501 2159 2553 2203 et
2607 2164 2668 2202 ea
2702 2165 2822 2216 qua:
2863 2158 3170 2217 sequuntur
3197 2165 3263 2203 eo
3307 2165 3480 2217 usque
3516 2168 3528 2203 :

272 2257 291 2288 ι
327 2237 467 2292 Nam
493 2240 676 2308 juravi
703 2242 757 2294 in
799 2243 968 2296 corde
1007 2259 1129 2298 meo
1162 2246 1311 2314 quod
1349 2261 1458 2299 non
1521 2246 1823 2316 ingressuri
1861 2244 1971 2298 sint
2027 2244 2079 2296 in
2114 2242 2356 2309 requiem
2407 2253 2580 2293 meam
2617 2239 2684 2293 ".
2715 2257 2731 2288 ι
2768 2239 2896 2291 Item
2935 2255 2946 2290 :
2985 2257 3001 2289 ‹
3045 2237 3121 2292 Ne
3153 2238 3342 2291 eadem
3377 2239 3532 2292 nobis

265 2340 490 2395 quoque
536 2326 818 2394 eveniant,
854 2327 1076 2397 fratres,
1105 2331 1308 2400 inquit,
1360 2341 1548 2387 cavete
1582 2348 1648 2387 ne
1699 2333 1752 2386 in
1788 2345 2064 2400 quoquam
2119 2324 2362 2382 vesfrum
2405 2342 2501 2380 cor
2543 2325 2862 2379 infidelitate
2891 2325 3246 2395 depravatum
3276 2326 3385 2387 liet,
3423 2346 3440 2374 ι
3467 2341 3533 2379 eo

267 2429 450 2482 usque
477 2431 489 2465 :
517 2434 535 2464 ι
562 2415 970 2473 [incredulitatis
991 2422 1134 2473 enim
1161 2421 1322 2491 culpa
1358 2421 1566 2491 ingredi
1597 2436 1703 2475 non
1732 2428 2026 2490 potuerunt
2049 2418 2149 2472 “.i
2183 2416 2382 2472 Verum
2415 2414 2581 2469 Josue
2605 2417 3015 2484 exploratorum
3044 2416 3236 2468 ducem
3264 2416 3529 2484 optimum

266 2516 327 2555 se
370 2503 648 2570 praestitit,
683 2519 808 2557 nam
842 2505 907 2558 ad
966 2505 1125 2561 [idem
1157 2513 1482 2563 cohortatus
1540 2515 1644 2568 est.
1708 2508 1940 2577 lldeiqne
1970 2506 2229 2558 virtutem
2267 2502 2582 2571 explicarit,
2626 2502 2770 2572 quod
2825 2507 3007 2556 omnia
3048 2503 3190 2555 infra
3233 2505 3530 2571 potentiam

252 2580 572 2653 credentis,
607 2606 672 2648 ac
699 2591 1051 2660 imperterriti
1081 2605 1269 2650 essent
1305 2597 1582 2651 videlicet.
1617 2595 1883 2662 Quocirca
1911 2608 2108 2648 nomen
2141 2591 2217 2644 illi
2244 2605 2464 2659 quoque
2499 2602 2626 2644 tunc
2658 2591 2921 2658 temporis
2961 2591 3276 2660 impositum
3309 2591 3531 2660 quando

266 2678 668 2747 explorationis
700 2696 868 2734 causa
903 2690 1034 2735 sunt
1066 2684 1277 2738 emissi.
1309 2683 1412 2749 Qui
1448 2685 1500 2737 in
1526 2685 1629 2738 hoc
1670 2685 1869 2736 missus
1916 2692 1998 2736 est
2029 2692 2085 2734 ut
2139 2681 2261 2733 lidei
2312 2679 2622 2748 exemplum
2675 2689 2840 2748 atque
2883 2679 2987 2731 iter
3025 2679 3132 2731 illis
3161 2678 3320 2733 foret.
3355 2679 3529 2744 Quem
3565 2668 3590 2732 ί.

268 2764 452 2819 Moses
480 2781 606 2819 cum
640 2766 952 2822 intueretur
984 2766 1216 2822 solidam
1256 2785 1434 2823 rerum
1473 2769 1778 2824 futurarum
1810 2770 2064 2837 concepit
2096 2782 2268 2834 spem,
2312 2777 2748 2836 argumentoque
2779 2767 3082 2834 voluptatis
3117 2766 3236 2833 ejus
3268 2783 3389 2836 quae
3419 2768 3531 2820 illic

270 2853 417 2907 foret
451 2854 670 2907 botrum
706 2854 965 2923 arripuit.
998 2855 1313 2921 Quinetiam
1339 2855 1508 2911 Josue
1549 2857 1616 2911 de
1659 2864 1805 2910 terra
1836 2856 2247 2932 praedicantem,
2286 2853 2617 2922 botrmnque
2648 2869 2676 2907 e
2704 2854 2850 2922 ligno
2879 2853 3304 2922 suspendentem
3343 2854 3535 2907 sedulo

268 2943 510 2998 audivit.
547 2941 693 2996 Satis
725 2958 855 2996 vero
893 2944 1083 3012 liquet,
1131 2959 1240 3013 quo
1273 2944 1362 2998 ille
1393 2959 1612 3012 quoque
1653 2945 1844 2998 oculos
1884 2959 2016 2997 suos
2041 2952 2370 2996 convertens
2426 2949 2533 2994 tam
2572 2942 2842 3010 intrepida
2876 2957 2971 3009 spe
3021 2955 3144 2994 esse
3191 2942 3387 3007 potuit,
3426 2957 3534 3009 quo

270 3029 542 3099 inquam?
578 3030 645 3084 ad
671 3045 796 3083 eum
829 3029 1055 3083 botrum
1088 3030 1183 3100 qui
1215 3031 1535 3085 novissimis
1565 3029 1761 3084 diebus
1814 3045 1844 3083 e
1887 3029 2036 3099 ligno
2077 3043 2385 3096 suspensus
2431 3027 2536 3080 fuit
2565 3068 2578 3089 ,
2627 3027 2788 3095 cujus
2835 3028 3063 3095 sanguis
3097 3029 3335 3081 fidelium
3370 3038 3534 3098 potus

266 3127 376 3183 est,
415 3118 564 3170 sicut
601 3132 629 3169 a
664 3117 812 3172 Mose
840 3118 1006 3172 tacite
1027 3117 1399 3189 significatum
1429 3126 1512 3174 est
1540 3135 1556 3184 ;
1590 3133 1713 3172 nam
1748 3120 2093 3188 sanguinem,
2133 3131 2249 3170 nvaa
2273 3116 2458 3169 viuum
2490 3115 2748 3170 biberunt
2786 3116 2890 3170 hoc
2924 3132 3021 3186 per
3053 3117 3196 3186 quod
3224 3117 3536 3174 Servatoris

270 3204 458 3272 passio
492 3205 762 3258 innuitur.
2875 3264 2877 3267 .

347 3293 412 3346 Et
446 3294 642 3361 faciam
685 3303 734 3348 te
763 3303 813 3348 et
848 3294 1064 3349 domum
1095 3298 1271 3364 patris
1312 3298 1386 3350 tui
1439 3298 1494 3350 in
1547 3307 1754 3367 gentem
1810 3314 2080 3367 magnam,
2109 3306 2218 3352 etc.
2264 3296 2430 3370 μιν,
2475 3297 2588 3370 12.]
2644 3299 2768 3352 llmc
2803 3297 3100 3369 promissio
3131 3313 3351 3369 quoque
3387 3298 3531 3354 facta

269 3393 523 3452 tempore
555 3399 665 3451 quo
702 3385 1114 3439 fabricaveram
1147 3385 1406 3446 vitulum.
1446 3403 1547 3442 nos
1572 3389 1718 3441 enim
1756 3389 1823 3442 ab
1861 3389 2022 3441 initio
2061 3380 2182 3439 Deo
2207 3387 2277 3440 ob
2321 3387 2511 3440 oculos
2540 3402 2751 3442 sumus.

343 3470 414 3524 Et
447 3472 666 3524 audient
693 3472 790 3525 hoc
816 3472 1088 3544 .Egyptii,
1123 3475 1379 3543 quoniam
1405 3474 1615 3536 eduxit,
1644 3485 1748 3531 etc.
1783 3475 1926 3548 [Κλ]
1960 3475 2504 3530 Consummationem
2543 3491 2733 3530 eorum
2761 3492 2880 3544 qua:
2907 3474 3051 3532 Deus
3079 3478 3277 3545 partim
3321 3481 3535 3546 prmsti-

267 3560 359 3620 tit,
400 3560 596 3627 partim
632 3568 896 3628 praestare
937 3563 1220 3630 promisit,
1257 3578 1377 3615 eam
1407 3577 1527 3630 quae
1561 3577 1618 3615 se
1651 3563 1864 3623 deceat,
1897 3565 2153 3632 quamvis
2210 3564 2467 3631 indignus
2509 3565 2577 3618 sit
2634 3567 2868 3634 populus
2896 3608 2910 3631 ,
2963 3566 3224 3636 postulat.
3275 3565 3538 3622 l‘romisit

270 3661 403 3699 iero
434 3657 659 3711 terram,
691 3655 746 3700 et
769 3647 834 3699 ad
874 3662 994 3701 eam
1018 3662 1113 3702 eos
1139 3637 1352 3702 eduxit.
1381 3643 1791 3703 'ObtreCIabunt
1829 3652 1974 3704 enim
2002 3652 2260 3719 potentia:
2289 3661 2416 3713 tum,
2451 3653 2649 3720 inquit,
2670 3653 2826 3720 quasi
2865 3669 2958 3720 per
2993 3655 3124 3705 illud
3159 3655 3260 3707 iter
3289 3657 3353 3708 ad
3388 3657 3536 3724 quod

264 3748 364 3788 eos
397 3733 712 3795 adduxisti,
741 3736 1013 3789 deducere
1051 3751 1160 3788 non
1203 3738 1472 3805 potueris.
1500 3739 1608 3793 Res
1629 3755 1792 3806 porro
1813 3736 2298 3809 miserandath
2321 3738 2483 3793 luerit
2504 3739 2549 3791 si
2574 3741 2830 3794 omnibus
2861 3755 2964 3794 una
2998 3744 3341 3810 pereundum
3367 3754 3538 3799 esset.

351 3820 798 3891 ’Υπομιμνήσκει
820 3823 914 3874 καὶ
943 3813 1018 3875 ὧν
1038 3822 1170 3886 Θεὸς
1197 3825 1482 3895 παρέδωκε
1509 3827 1634 3896 περὶ
1661 3825 1854 3879 ἑαυτοῦ
1886 3831 1931 3887 Α
2030 3834 2036 3870 1

1853 3856 1854 3865 ι
1886 3831 1931 3887 Α
2030 3824 2466 3880 Commonefacit
2494 3827 2659 3880 Deum
2689 3829 2910 3895 insuper
2939 3830 3322 3898 adjunctorum
3348 3846 3538 3886 eorum

267 3915 326 3966 ὲν
359 3913 513 3983 Σινᾷ,
539 3913 614 3975 ὡς
646 3912 895 3983 ἐλεήμων
933 3915 1026 3966 καὶ
1048 3915 1278 3977 δίκαιος.
1325 3917 1416 3977 Εἰς
1444 3917 1545 3986 μὲν
1589 3917 1648 3970 τὸ
1679 3917 1851 3979 ἔλεος,

1965 3933 2086 3986 qua:
2112 3918 2212 3972 sibi
2247 3919 2346 3986 ipsi
2382 3920 2434 3972 in
2480 3928 2665 3974 monte
2699 3919 2849 3974 Sinai
2880 3923 3226 3984 attribuerat,
3257 3924 3404 3992 quod
3432 3927 3542 3978 sci-

264 3999 330 4059 οὖ
379 4007 475 4057 καὶ
513 4005 709 4069 δεῖται,
741 4002 916 4072 λέγων
939 4022 952 4034 ·
985 4024 1003 4056 ι
1033 4009 1128 4060 Ὃν
1162 4007 1364 4078 τρόπον
1408 4005 1589 4072 εἴπας,
1653 4009 1859 4079 μακρό-

1854 4041 1859 4050 ι
1966 4007 2089 4062 licet
2117 4008 2454 4072 misericors,
2489 4010 2630 4077 quod
2677 4011 2863 4079 justus
2914 4021 3078 4065 esset.
3113 4011 3539 4068 Misericordiam

265 4096 447 4165 θυμος
487 4098 581 4150 καὶ
615 4097 925 4161 πολυέλεος,
960 4117 978 4149 ι
1021 4103 1114 4152 καὶ
1140 4100 1208 4152 τὰ
1261 4102 1408 4168 ἑξῆς.
1439 4101 1530 4164 El;
1559 4102 1613 4154 δὲ
1659 4103 1743 4168 τὸ,
1776 4103 1858 4155 δὶ-

1854 4133 1858 4144 .
1965 4115 2070 4170 qua
2097 4116 2155 4154 se
2186 4101 2429 4171 indigere
2453 4102 2672 4166 fatetur,
2714 4105 2784 4156 ita
2817 4105 2967 4165 citat,
3008 4124 3025 4155 ‹
3068 4105 3539 4171 Quemadmodum

264 4203 426 4245 καιος
461 4187 601 4255 (οὐδὲ
626 4187 788 4240 τοῦτο
821 4188 931 4257 γὰρ
964 4189 1291 4260 ἀναίνεται),
1330 4209 1347 4240 ‹
1384 4193 1491 4243 Καὶ
1529 4191 1857 4262 καθαρισμῷ

1963 4194 2173 4260 dixisti,
2205 4194 2531 4262 injuriarum
2561 4198 2774 4265 patiens
2800 4199 3324 4268 miserationumque
3349 4191 3542 4269 plenus

265 4281 328 4332 οὑ
363 4278 624 4346 καθαριεῖ
659 4280 752 4332 τὸν
796 4279 1002 4348 ἔνοχον,
1042 4299 1060 4330 ι
1101 4281 1196 4333 καὶ
1231 4283 1296 4334 τὰ
1331 4283 1478 4350 ἑξῆς.
1531 4284 1638 4335 Καὶ
1695 4285 1858 4338 πάλιν

1850 4302 1858 4333 ν
1963 4304 2110 4351 sum,
2141 4307 2159 4339 ι
2196 4296 2248 4343 et
2281 4288 2542 4358 deinceps
2571 4307 2690 4358 quae
2721 4304 3043 4360 sequuntur.
3080 4292 3356 4348 Justitiam
3388 4310 3535 4360 vero,

262 4373 346 4435 εις
380 4371 473 4424 τδν
501 4373 654 4424 ἔλεον
686 4373 753 4424 τό
775 4390 787 4402 ·
821 4391 839 4423 t
863 4372 1132 4442 Ἰλάσθητι
1162 4374 1225 4443 δὴ
1259 4378 1324 4445 τῇ
1370 4376 1570 4446 ἀνομίᾳ
1599 4375 1691 4427 τοῦ
1728 4376 1856 4429 λαοῦ

1855 4406 1856 4421 ι
1963 4396 2087 4433 nam
2125 4396 2225 4434 nec
2259 4381 2405 4434 illam
2440 4381 2659 4449 quidem
2693 4383 2974 4451 relinquit,
3010 4384 3081 4436 ita
3111 4402 3124 4438 :
3157 4404 3174 4432 ι
3213 4385 3277 4438 Ει
3309 4386 3540 4439 munda-

261 4465 485 4524 τούτου,
518 4463 773 4532 καθάπερ
806 4465 963 4527 ἵλεως
994 4466 1180 4529 αὑτοῖς
1214 4468 1403 4534 ὲγὲνου
1437 4469 1544 4520 ἀπὸ
1577 4471 1856 4537 Αἰγύπτου

1853 4492 1856 4515 ι
1962 4473 2113 4526 tione
2163 4488 2270 4526 non
2323 4474 2609 4526 mundabit
2671 4490 2846 4535 reum,
2893 4493 2910 4525 ι
2956 4485 3008 4528 et
3048 4492 3168 4544 qua:
3215 4488 3538 4546 sequuntur.

259 4552 371 4613 ῑως
429 4550 526 4604 τοῦ
580 4551 698 4606 νῦν.
732 4571 751 4603 ι
808 4553 920 4606 Καὶ
968 4554 1112 4624 λόγῳ
1162 4555 1348 4625 μαθὼν
1384 4558 1512 4628 ἄρα,
1568 4560 1661 4611 καὶ
1711 4559 1858 4630 ἔργῳ

1854 4582 1858 4607 ι
1963 4562 2042 4616 Ad
2077 4563 2512 4616 misericordiam
2543 4564 2740 4617 deinde
2764 4566 2900 4618 redit
2925 4565 3074 4620 hisce
3099 4567 3280 4621 verbis
3318 4585 3331 4621 :
3365 4587 3382 4619 ι
3406 4568 3539 4621 Pro-

261 4642 591 4712 πειραθεὶς,
641 4643 718 4706 ὡς
774 4643 1068 4714 ἐλεήμων,
1119 4646 1188 4698 δι’
1239 4647 1569 4717 ἀμφοτέρων
1617 4651 1854 4702 αἰτεῖται

1964 4657 2132 4726 pitius
2167 4665 2286 4710 esto
2319 4656 2596 4725 iniquitati
2630 4657 2793 4724 hujus
2830 4659 3036 4726 pepuli,
3075 4660 3541 4728 quemadmodum

258 4735 353 4787 τὸν
396 4734 570 4788 ἔλεον.
608 4736 682 4788 Τὸ
721 4737 778 4789 δὲ
841 4738 970 4807 περὶ
1034 4737 1137 4806 τῆς
1193 4739 1428 4808 κρίσεως
1473 4743 1531 4792 ἐν
1592 4741 1851 4794 ὑποθέσει

1961 4748 2231 4817 propitius
2273 4748 2320 4801 ei
2366 4746 2517 4802 fuisti
2565 4740 2749 4802 ab'eo
2785 4761 3025 4817 tempore
3064 4766 3176 4820 quo
3204 4767 3269 4805 ex
3307 4751 3539 4821 Egypto

258 4826 462 4888 διττὸν,
500 4826 532 4896 ἢ
567 4827 764 4894 ἄφεσιν
785 4827 994 4892 αιτοῦν,
1037 4829 1124 4882 διὰ
1152 4832 1231 4890 τὸ,
1265 4849 1282 4880 t
1312 4831 1592 4901 ’Δφαιρῶν
1626 4827 1855 4900 ἀνομίας

1854 4851 1855 4858 ‘
1961 4847 2088 4894 sunt
2117 4840 2349 4909 egressi,
2384 4857 2402 4890 ι
2450 4856 2622 4908 usque
2649 4841 2729 4911 ad]
2761 4849 3020 4912 punctum
3076 4843 3250 4898 istud.
3294 4842 3539 4913 Denique

260 4921 359 4972 καὶ
391 4920 609 4982 ἀδικίας
635 4937 650 4953 ο
701 4939 720 4972 ι
751 4921 783 4992 ἢ
812 4922 1128 4992 ὑπέρθεσιν,
1167 4941 1184 4973 r
1230 4923 1317 4984 Ὠς
1361 4925 1451 4975 ἐπὶ
1480 4925 1599 4986 ἑνὸς
1639 4923 1853 4995 ἀνθρώ-

1960 4945 2085 4983 eum
2126 4946 2192 4984 ex
2243 4931 2426 4985 verbis
2480 4931 2697 4985 Domini
2743 4936 3129 5002 cognovisset,
3187 4943 3242 4990 et
3309 4950 3368 4990 re
3421 4937 3541 5005 ipsa

259 5029 368 5063 που
432 5010 527 5064 τοῦ
589 5011 714 5065 ὅλου
757 5013 969 5076 γένους.
1016 5031 1034 5064 ι
1097 5015 1205 5067 Καὶ
1265 5015 1512 5079 Ἐζεκίας
1569 5017 1677 5086 γὰρ
1728 5017 1852 5087 ἔφη,

1959 5029 2238 5088 expertus,
2276 5021 2422 5090 quod
2455 5022 2773 5079 misericors
2805 5035 2974 5089 esset,
3010 5035 3304 5096 utrumque
3336 5026 3402 5080 ad
3434 5028 3541 5080 mi-

266 5127 282 5157 ι
315 5105 568 5158 Γενέσθω
593 5105 657 5177 δὴ
689 5107 882 5178 εἰρήνη
917 5109 975 5160 ἐν
1008 5109 1128 5170 ταῖς
1156 5108 1393 5178 ἡμέραις
1432 5126 1555 5179 μου.
1599 5128 1618 5160 ι
1659 5111 1720 5162 'H
1754 5109 1855 5178 μὲν

1961 5113 2316 5167 sericordiam
2345 5115 2746 5184 impetrandam
2778 5117 2954 5172 aﬂ‘ert.
2999 5119 3109 5174 Iloc
3145 5136 3271 5174 vero
3303 5119 3447 5190 quod
3476 5121 3543 5175 de

259 5201 372 5270 γὶρ
407 5203 466 5252 ἐν
491 5201 636 5252 τέλει
669 5201 852 5270 κρίσις
886 5201 1024 5271 μετά
1054 5202 1151 5265 τὰς
1183 5202 1433 5273 πράξεις,
1461 5202 1856 5273 ἀνυπέρθετος·
1894 5199 1932 5252 Β

1853 5222 1856 5233 ν
1894 5199 1932 5252 Β
1957 5203 2153 5272 judicii
2189 5207 2546 5275 ambiguitate
2574 5207 2844 5279 proponit.
2877 5227 2972 5265 seu
3030 5213 3245 5266 veniam
3279 5215 3538 5282 depreca-

258 5283 380 5345 νυνὶ
410 5287 467 5343 δὲ
501 5291 594 5345 καὶ
632 5291 838 5360 μεταξὺ
866 5291 976 5343 τῶν
1010 5292 1262 5362 πράξεων
1295 5291 1590 5361 ὑπέρθεσις
1623 5293 1701 5354 εἰς
1738 5295 1858 5344 ἔπιε-

1856 5320 1858 5330 ·
1964 5304 2074 5357 tur,
2123 5309 2246 5348 cum
2278 5296 2456 5366 inquit
2488 5315 2500 5350 :
2546 5317 2564 5349 ‹
2597 5297 2699 5364 Qui
2730 5301 2876 5356 tollis
2903 5303 3276 5372 iniquitatem,
3304 5315 3358 5358 et
3395 5303 3541 5372 inju-

260 5382 533 5454 στροφὴν.
569 5384 693 5454 ἧτιέ
715 5386 764 5436 el
797 5384 871 5454 μὴ
901 5385 1133 5453 γένοιτο,
1167 5387 1257 5438 καὶ
1293 5385 1582 5440 ὲπάὑτῶν
1633 5385 1727 5437 καὶ
1763 5386 1856 5436 ἐπὶ

1965 5385 2195 5449 stitiam,
2241 5405 2259 5437 ι
2305 5403 2398 5442 seu
2431 5389 2750 5444 dilationem
2803 5395 2977 5461 petit:
3036 5395 3201 5448 veluti
3236 5395 3338 5449 hoc
3377 5397 3542 5448 etiam

258 5477 372 5533 τῶν
405 5475 524 5546 μετ’
554 5478 754 5539 αὐτοὺς
783 5479 818 5548 ἡ
843 5479 1106 5548 τιμωρία,
1143 5480 1218 5542 ὡς
1251 5482 1447 5542 αὐτοὺς
1475 5479 1656 5540 ὄντας,
1692 5478 1740 5528 εἰ
1779 5476 1853 5547 μὴ

1963 5476 2106 5545 quod
2134 5478 2290 5540 dixit,
2340 5499 2356 5530 ι
2397 5482 2475 5532 Au
2509 5489 2680 5534 totum
2711 5498 2888 5551 genus
2940 5485 3003 5536 ad
3056 5487 3221 5539 unius
3255 5503 3541 5539 numerum

258 5569 650 5639 ὶπιστρέφοεεν
673 5585 684 5597 ·
721 5571 816 5621 καὶ
843 5570 980 5638 πρὸς
1005 5570 1172 5639 φόϐον
1201 5573 1405 5640 ἑτέρων
1439 5573 1494 5622 αἱ
1522 5571 1599 5632 εἰς
1631 5569 1852 5637 ἑτέρους

1961 5569 2268 5638 redige'i'es?
2309 5592 2326 5622 ι
2356 5571 2511 5637 Quod
2572 5589 2745 5642 genus
2789 5575 3068 5644 petitionis
3097 5577 3362 5639 Ezechiae,
3408 5597 3422 5627 ι
3464 5575 3547 5631 Sit

332 5752 375 5782 ³³
409 5750 639 5826 Luc-hx,
677 5746 1534 5826 19.-ξ”ιιιιαιινΛβη-εςιίιιι.
1613 5752 1656 5826 ’τ
1700 5751 1828 5826 Luc.
1865 5770 1935 5819 xi,
1970 5754 2017 5806 fil

1865 5770 1935 5819 τι,
1970 5754 2060 5811 52.
2142 5756 2204 5786 ³⁸·
2241 5749 2440 5826 .lercm.
2487 5769 2538 5816 Χ,
2575 5755 2662 5809 21.
2744 5754 3141 5826 "Philippm,
3176 5761 3228 5810 8.
3306 5756 3528 5815 "’l‘sal.

259 5837 336 5886 Cl,
379 5832 438 5875 ευ
538 5810 582 5839 ³⁸³
613 5821 744 5884 i...o,
785 5819 1060 5888 trigonii,
1091 5826 1138 5875 2.
1188 5810 1192 5811 ⁷
1248 5823 1289 5903 ἐν
1324 5810 1605 5886 Hebr-fut,
1641 5825 1690 5887 τ,
1724 5825 1877 5878 8-H.
1923 5810 1933 5819 '

785 5819 1138 5888 ll‘etr.u,2.
1188 5810 1192 5811 '
1248 5823 1289 5903 ἐν
1324 5810 1605 5886 ιιςιυὲξιιι,
1641 5825 1690 5887 7,
1724 5825 1877 5878 8-H.
1923 5810 1933 5819 '
1983 5810 2195 5879 “una.
2246 5823 2430 5876 ετξ-ιο.
