4266 6446
797 293 895 358 831

2101 319 2450 380 PROCOPil
2501 325 2743 384 Gaz/El

3974 328 4071 392 83?.

794 407 984 473 utique
1008 423 1105 475 par
1139 409 1192 462 in
1227 411 1418 466 diebus
1443 415 1599 479 meis,
1645 421 1713 484 “,
1747 439 1764 472 ι
1785 431 1891 476 est.
1915 420 2045 473 Nam
2076 435 2336 479 extremm

2447 462 2456 493 ι
2491 432 2758 501 ἀπότομοι
2788 438 3075 506 τιμωρίαι,
3109 439 3184 501 ὡς
3215 441 3360 508 καὶὴ
3393 441 3550 504 Κάῖν,
3585 442 3680 494 καὶ
3702 441 3792 493 ἐπὶ
3814 442 4070 507 γίγαντας

785 495 1077 561 judicium,
1133 502 1281 568 quod
1345 503 1457 570 ipsa
1505 506 1645 558 facta
1693 513 2071 577 causequitur,
2125 533 2289 571 morm
2318 535 2379 572 ac

788 588 1067 643 d.lati0rls
1105 600 1186 644 est
1223 594 1537 661 impatiens.
1574 595 1727 651 Nunc
1759 617 1890 653 vero
1932 605 2074 656 inter
2105 611 2376 675 agendum

788 687 1006 745 tempus
1037 683 1398 746 conceditur,
1463 696 1518 736 nt
1573 689 1817 744 actiones
1861 692 2009 760 ipsas
2057 695 2262 748 interea
2322 701 2377 752 in

788 771 983 824 melius
1017 783 1425 830 conviartantus.
1465 777 1545 842 Qu

787 863 1009 924 luerim,
1050 865 1336 919 redundat.

2490 526 2583 574 καὶ
2607 527 2733 586 τοὺς
2767 527 2864 578 σὺν
2888 531 3094 592 αὐτοῖς.
3113 525 3276 584 Οὗτοι
3299 529 3394 584 οὖν
3423 533 3617 601 ἔνοχοι,
3643 533 3736 595 οὓς
3771 533 3882 599 (57)
3905 534 4068 585 καθα-

2489 617 2616 680 ριεῖ,
2649 620 2698 668 οἱ
2751 620 3119 689 κατάρχοντες
3181 623 3375 686 κακοῦ,
3411 627 3457 675 tl
3497 625 3591 675 ἐπὶ
3643 623 3921 694 πληρώσει
3966 623 4068 674 τῶν

2489 705 2799 775 ἁμαρτιῶν,
2826 703 2929 760 οἷοι
2960 711 3257 765 Χαναναῖοι
3289 717 3382 766 καὶ
3414 715 3750 784 Ἀμορῤαἶοι.

1594 782 1622 828 il
1663 784 1714 834 ni
1755 787 1845 836 tiat
1880 787 1960 838 vel
2013 788 2082 839 ab
2119 791 2256 858 ipsis
2325 795 2406 848 vel
2448 810 2639 850 eorum
2697 805 2959 869 posteris.
3020 821 3184 875 poena
3238 809 3292 862 in
3334 811 3680 877 superstites,
3722 810 3773 861 ni
3817 810 4069 862 meliores

1387 868 1529 970 Quin
1571 873 1734 925 etiam
1769 877 1835 928 ad
1865 885 2131 933 terrorem
2171 883 2405 938 aliorum
2449 889 2500 941 in
2530 891 2668 947 alios
2703 911 3100 966 nonnunquam
3137 917 3313 969 pinna:
3363 897 3568 955 eadunt
3605 903 3808 964 subito,
3875 916 4070 970 quem-

781 955 1078 1007 admodum
1111 957 1161 1008 in
1198 958 1355 1020 Cain,
1388 961 1440 1012 in
1475 963 1789 1030 gigantibus
1819 976 1871 1019 et
1901 983 2092 1022 eorum
2143 976 2502 1042 complicibus
2532 986 2888 1041 manifestum
2920 955 3022 1044 est.
3055 955 3303 1061 Denique
3359 1007 3490 1046 vero
3557 1002 3615 1045 ut
3680 992 3842 1046 ﬁnem
3886 955 4072 1046 jfacia-

784 1059 927 1104 mus,
956 1057 1209 1102 auctores
1237 1053 1337 1117 ipsi
1375 1070 1420 1104 ιιι

1430 1055 1640 1107 alorum
1673 1059 1748 1110 rei
1775 1074 2062 1126 pinnarum
2091 1069 2542 1140 purgationisque
2581 1089 2830 1134 exsortes
2860 1091 3009 1136 sunt.
3074 1083 3306 1150 Horum,
3351 1086 3597 1155 inquam,
3641 1096 3924 1154 peccatum
3985 1095 4070 1141 est

782 1144 1123 1197 mortiferum
1153 1148 1243 1214 qui
1282 1159 1501 1214 peccata
1535 1165 1946 1222 consummant,
1975 1161 2118 1226 quod
2151 1163 2444 1222 Chartam-ei
2479 1169 2751 1239 feet-runt,
2782 1187 2834 1231 et
2863 1180 3191 1235 Amorrlnei.

851 1233 1125 1302 Propitius
1159 1239 1266 1290 ile’is
1291 1256 1379 1292 ero
1410 1241 1570 1310 juxta
1601 1244 1809 1298 verbum
1846 1265 2035 1302 meum.
2057 1251 2225 1323 μιν,
2258 1255 2373 1327 ‘20.]

780 1325 893 1379 lloc
915 1329 977 1378 ad
1018 1333 1396 1396 posteritatem
1428 1337 1609 1401 potius
1633 1355 1796 1406 quam
1832 1343 1896 1395 ad
1925 1356 2247 1412 praesentem
2281 1325 2374 1418 ge;

779 1421 1118 1474 iterationem
1151 1422 1337 1477 refert.
1372 1424 1488 1478 Non
1517 1429 1661 1481 enim
1687 1430 1941 1500 magnum
1976 1439 2244 1498 est,illicn
2266 1457 2370 1492 non

779 1510 978 1576 perire,
1012 1513 1104 1564 sed
1144 1529 1238 1581 per
1281 1516 1646 1586 quadraginta
1698 1537 1874 1576 annos
1915 1541 2146 1593 corpora
2179 1545 2368 1584 eorum

776 1603 1106 1658 occumbere
1134 1609 1185 1658 in
1223 1606 1462 1662 deserto.
1498 1609 1747 1679 Magnum
1786 1630 1916 1669 vero
1958 1618 2059 1670 hoc
2092 1632 2196 1684 cst,
2225 1623 2368 1688 quod

776 1705 808 1758 ῃ
846 1696 1075 1756 “gemes
1119 1711 1312 1750 eorum
1347 1715 1452 1750 non
1491 1701 2241 1780 exsciuditur,pupulusque
2276 1727 2370 1780 per

2553 1266 2758 1334 Ἵλεως
2779 1272 3142 1340 αὺτοῖς-εἰμι,
3174 1275 3325 1329 κατὰ
3342 1275 3407 1327 τὸ
3430 1273 3597 1344 ῥῆμά
3627 1289 3767 1328 σου.
3788 1273 3962 1327 Τοῦτο
3987 1275 4067 1337 εἰς

2478 1359 2536 1410 τὸ
2567 1360 2718 1422 τὲ).ος
2745 1358 2908 1415 τέίνει
2954 1366 3212 1436 μᾶλλονῆ
3245 1369 3324 1428 είς
3355 1369 3456 1435 τὴν
3489 1369 3608 1419 τότε
3644 1367 3861 1433 γενεάν.
3901 1367 4070 1420 Οὐδὲν

2477 1452 2584 1520 γὰρ
2619 1454 2758 1519 μέγα
2804 1456 2864 1507 τὸ
2917 1457 2990 1526 μὴ
3036 1459 3198 1520 εὐθὺς
3232 1457 3552 1522 ἀπολέσθαι,
3603 1457 3744 1510 ἀλλὰ
3791 1474 4069 1528 τεσσαρα-

2477 1546 2668 1594 κοστὸν
2715 1546 2832 1609 ἔτος
2887 1552 3073 1601 πεσεῖν
3105 1550 3160 1601 ἐν
3195 1552 3260 1618 τῇ
3293 1550 3486 1618 ἐρήμῳ
3543 1550 3610 1602 τὰ
3663 1549 3932 1618 πτώματα
3964 1549 4067 1600 αὒ-

2478 1634 2618 1684 τιῗιν’
2653 1637 2794 1702 μέγα
2837 1637 2892 1690 δὲ
2941 1639 3002 1690 τὸ
3042 1639 3116 1707 μὴ
3152 1637 3537 1706 ἒξςῆειφοῆναι
3566 1639 3628 1690 τὸ
3659 1638 3836 1705 γένος,
3887 1637 4068 1689 καίτοι

2478 1723 2570 1776 τοῦ
2603 1727 2742 1777 κατᾶ
2769 1727 3005 1796 Χριστὸν
3035 1728 3427 1791 ἐξαναστάντος
3454 1727 3606 1781 λαοῦ.
3642 1723 3806 1790 Οὗτος
3830 1727 3856 1777 ὁ
3891 1727 4068 1794 μέγας

770 1784 1054 1838 Christum
1086 1792 1409 1843 resurrexit.
1441 1791 1554 1845 lloc
1591 1811 1724 1850 sane
1762 1784 2018 1868 magnum
2053 1803 2241 1868 gratia!
2273 1806 2336 1858 do

2447 1862 2448 1867 η
2479 1814 2726 1882 ἱλασμὸς,
2749 1818 2890 1868 κατᾶ
2922 1817 3002 1868 τό·
3044 1837 3061 1867 ι
3097 1818 3302 1887 Πάτερ,
3323 1818 3458 1884 ἄφες
3488 1817 3691 1877 αὐτοῖς,
3726 1816 3826 1868 οὐκ
3859 1815 4066 1866 οἴδασιν

772 1881 1293 1944 cumentum,jinta
1337 1884 1468 1936 illud
1505 1903 1518 1938 :
1560 1903 1577 1933 ι
1621 1885 1798 1951 I’ater,
1843 1892 2058 1945 dimitte
2097 1895 2224 1957 illis,
2271 1912 2365 1948 nc-

770 1971 958 2024 sciuut
987 1974 1116 2042 quid
1147 1975 1350 2030 faciant
1384 1980 1450 2031 δ’.
1489 1999 1506 2030 ι
1543 1978 1674 2034 ltem
1705 1980 1994 2052 Propheta:
2026 1987 2157 2039 iilud
2191 2003 2202 2038 :
2236 2005 2254 2037 ι
2290 1987 2366 2042 Nc

770 2064 991 2120 occidas
1018 2081 1116 2122 eos
1139 2069 1204 2122 ".
1241 2089 1256 2119 ι

2474 1901 2501 1952 ὃ
2535 1902 2766 1954 ποιοῦσι.
2808 1921 2824 1953 ι
2859 1903 3112 1955 Τοιοῦτον
3153 1905 3245 1955 καὶ
3281 1904 3429 1974 παρὰ
3466 1903 3541 1973 τῷ
3585 1903 3848 1972 Προφήτῃ
3871 1919 3882 1930 ·
3926 1921 3942 1951 ι
3972 1901 4063 1969 Μὴ

2474 1995 2804 2064 ἀποκτείνῃς
2831 1994 3048 2057 αὐτούς.
3086 2011 3104 2046 ι

842 2197 1112 2262 Quoniam
1156 2204 1467 2269 implebitur
1493 2205 1669 2273 gloria
1717 2206 1930 2262 Domini
1979 2211 2224 2264 universa
2275 2223 2438 2278 terra,
2473 2223 2579 2267 etc.
2625 2210 2763 2284 [2].]
2810 2210 3141 2266 Vaticinium
3180 2211 3247 2265 de
3281 2210 3581 2279 rejectione
3628 2205 3954 2277 Judteorum
4007 2219 4063 2260 et

766 2289 1138 2343 conversione
1168 2292 1415 2360 gentium
1449 2303 1554 2347 est.
1599 2293 1961 2350 Sarrameuto
1992 2300 2217 2368 insuper
2252 2302 2323 2354 ita
2361 2310 2682 2354 eventurum
2711 2315 2835 2354 esse
2877 2300 3187 2364 contendit,
3227 2300 3382 2369 juxta
3410 2298 3544 2352 illud
3587 2313 3598 2348 :
3641 2315 3658 2347 ι
3702 2296 3758 2349 In
3796 2297 4058 2365 parabola

766 2392 793 2426 a
832 2376 1085 2432 Domino.
1120 2397 1137 2429 ι
1192 2379 1321 2434 item
1370 2398 1382 2432 :
1427 2400 1445 2432 ι
1477 2382 1778 2438 Auferetur
1828 2401 1857 2438 ιι
1894 2387 2054 2441 nobis
2091 2399 2428 2458 regnum,.et
2458 2390 2708 2442 tradetur
2743 2388 2890 2457 genti
2950 2389 3200 2442 reddenti
3261 2387 3474 2442 fructus
3515 2401 3650 2442 silos
3680 2385 3748 2439 “.
3791 2405 3809 2437 ι
3848 2384 4057 2438 "0mm

763 2467 908 2519 enim
946 2467 1172 2532 ﬁguram
1210 2470 1367 2523 liberi
1405 2486 1598 2524 eorum
1633 2473 1727 2542 qui
1765 2473 2144 2537 crediderunt,
2177 2478 2397 2530 illorum
2439 2491 2567 2530 vero
2610 2474 2784 2529 Judati
2831 2475 2924 2546 qui
2961 2476 3013 2528 in
3065 2475 3288 2530 deserto
3341 2477 3747 2539 occubuerunt,
3808 2483 4055 2543 gestant.

771 2573 788 2602 σ
834 2555 1087 2608 Animum
1123 2558 1268 2610 enim
1303 2557 1369 2611 ad
1399 2575 1595 2614 (HIIIICS
1632 2569 1826 2626 gentes
1882 2563 2106 2617 adverte.
2132 2605 2146 2627 ,
2203 2565 2402 2633 inquit,
2451 2580 2633 2618 annon
2696 2565 3016 2619 miserearis
3043 2564 3288 2617 omnium
3318 2564 3412 2632 qui
3445 2570 3748 2632 operantur
3779 2560 4055 2629 iniquita-

765 2655 779 2696 ι
809 2663 871 2696 -ιτι
907 2645 928 2696 ?
973 2665 990 2696 ι
1020 2645 1083 2698 Ει
1113 2646 1316 2700 iterum
1364 2663 1376 2697 :
1417 2666 1434 2698 ι
1477 2649 1633 2702 Oculi
1665 2650 1784 2717 ejus
1813 2647 2008 2704 intenti
2038 2663 2164 2705 sunt
2197 2668 2361 2721 super
2385 2650 2578 2707 omnes
2625 2661 2837 2722 gentes,
2868 2668 2935 2705 ne
2971 2651 3114 2721 apud
3147 2667 3274 2707 sese
3297 2650 3597 2705 eﬂerantur
3624 2650 3719 2720 qui
3758 2650 4056 2704 lacessunt

763 2734 944 2798 ipsum
976 2735 1041 2787 ".
1074 2754 1089 2786 ι
1127 2735 1610 2799 Qucmadmodmn
1649 2753 1778 2792 vero
1804 2749 1994 2807 gentes
2029 2740 2436 2794 iucircumcism
2463 2749 2612 2805 sunt,
2644 2741 2725 2795 sic
2753 2741 2847 2794 ﬁlii
2877 2741 2969 2809 qui
2995 2756 3089 2794 eas
3119 2747 3614 2810 repratsentarunt,
3644 2739 3780 2793 citra
3805 2740 4058 2793 circurn—

760 2819 1031 2874 eisionem
1065 2821 1118 2873 in
1153 2832 1354 2875 terram
1389 2825 1721 2892 promissam
1753 2829 1883 2880 sunt
1908 2827 2168 2895 ingressi.
2206 2826 2366 2893 Quod
2402 2845 2534 2883 sane
2561 2831 2741 2897 arguit
2780 2829 3262 2883 circumcisioncm
3292 2828 3357 2882 ad
3392 2827 3794 2897 promissioues
3834 2828 4054 2881 aditum

762 2911 1082 2974 numquam
1117 2912 1447 2979 patefacere,
1485 2913 1947 2980 quemadmodum
1999 2915 2299 2968 Abrahami
2337 2917 2585 2985 exemplo
2622 2916 2824 2971 Paulus
2855 2917 3066 2969 clarum
3115 2915 3265 2969 fecit.
3315 2913 3462 2969 Nihil
3515 2932 3645 2971 vero
3680 2917 3866 2970 obstat
3899 2916 4054 2986 quod

761 3005 884 3063 post
924 2998 1324 3065 ingressionem
1353 2999 1667 3055 circumcisi
1702 3017 1730 3053 a
1763 3000 1933 3057 Josuc
1969 3011 2122 3056 sunt.
2155 3002 2289 3057 Nam
2323 3005 2488 3058 etiam
2529 3005 2807 3058 Abraham
2845 3012 2965 3074 post
2995 3004 3268 3073 justitiam
3319 3019 3485 3073 quam
3520 3005 3572 3058 in
3606 3006 3875 3075 praeputio
3910 3019 4055 3060 con-

743 3094 988 3166 ieeutus
1017 3095 1123 3150 est,
1155 3085 1530 3144 circumcisus
1567 3098 1672 3144 est.
1701 3089 1894 3145 Omnis
1926 3091 2143 3148 allen-tio
2173 3109 2268 3147 seu
2302 3096 2489 3163 passio
2523 3100 2645 3162 qna:
2677 3095 2832 3148 nobis
2871 3109 2937 3147 ex
2989 3093 3343 3160 generatione
3380 3095 3555 3157 adest,
3595 3094 3762 3148 animi
3793 3095 4048 3149 circum-

758 3175 858 3226 eisi
901 3175 1164 3229 iudicium
1192 3187 1296 3232 cst.
1333 3178 1566 3248 Signum
1611 3180 1760 3232 enim
1791 3182 2025 3250 accepit,
2065 3181 2264 3251 inquit,
2295 3181 2804 3244 circmncisionem,
2839 3181 3081 3249 sigillum
3106 3180 3339 3250 juStitiaa
3375 3180 3522 3244 fidei,
3553 3196 3676 3251 qua:
3703 3190 3789 3236 est
3823 3183 3876 3235 in
3907 3197 4058 3251 pra.-

757 3264 912 3331 putio
948 3265 1012 3316 ¹⁵⁶.
1046 3264 1138 3319 Est
1173 3282 1306 3319 vero
1340 3267 1560 3337 signum
1591 3268 2042 3323 circumeisionis
2066 3269 2187 3338 ejus
2217 3285 2338 3334 qua:
2370 3271 2422 3322 in
2444 3269 2660 3338 justitia
2697 3269 2973 3332 consistit,
2999 3284 3217 3339 quaque
3241 3269 3561 3325 aﬂeetioncs
3596 3269 3663 3323 ad
3697 3270 4056 3340 iniquitatem

753 3358 1022 3411 ducentes
1055 3357 1428 3426 deposcimus.
1461 3359 1625 3431 403
1661 3359 1830 3414 Porro
1856 3360 2214 3415 circumcisio
2250 3376 2346 3429 per
2379 3358 2549 3412 Josue
2582 3358 2753 3411 lilium
2795 3356 2940 3412 Nave
2968 3357 3135 3437 facta,
3175 3359 3665 3412 circumcisionem
3701 3374 3820 3412 eam
3857 3351 3992 3427 (μηθ’
4015 3377 4044 3412 a

753 3443 886 3498 Jestt
920 3446 1014 3501 Dei
1055 3445 1195 3501 Filio
1226 3447 1348 3503 lidei
1387 3451 1555 3504 verbo
1587 3453 1667 3515 lit,
1705 3449 1927 3519 quando
1953 3450 2244 3505 credentes
2279 3450 2329 3502 in
2357 3457 2590 3503 mortem
2622 3448 2798 3519 ipsius
2825 3464 2922 3519 pro
2951 3450 3115 3504 nobis
3145 3456 3460 3520 susceptam
3495 3449 3845 3521 intingimur,
3870 3450 4055 3521 sign3~

753 3537 900 3591 lirtll.

825 3626 1007 3682 Decies
1043 3644 1160 3681 vero
1187 3638 1465 3682 tentarunt
1498 3629 1660 3683 Deum
1687 3631 1802 3700 ejus
1831 3633 2017 3685 sreculi
2046 3632 2307 3695 homines,
2339 3641 2448 3687 etc.
2485 3629 2626 3702 [22.]
2666 3629 2914 3682 Primum
2956 3625 3181 3696 quidem
3226 3627 3281 3681 in
3314 3625 3579 3698 Egypto,
3601 3627 3864 3696 quando,
3905 3626 4058 3683 Pha-

752 3729 920 3768 raone
964 3717 1230 3769 mandato
1270 3719 1393 3786 ejus
1449 3734 1559 3772 non
1593 3722 2010 3789 acquiescente,
2049 3720 2239 3775 Mosen
2284 3730 2550 3790 tanquam
2586 3734 2615 3771 a
2653 3717 2760 3772 Deo
2785 3731 2894 3771 non
2935 3717 3172 3770 missum
3203 3716 3530 3769 calumniati
3569 3726 3720 3770 sunt.
3758 3715 4054 3779 Secundo,

748 3803 992 3869 quando,
1025 3807 1165 3872 apud
1192 3823 1340 3860 mare
1368 3823 1491 3860 cum
1524 3817 1734 3872 essent,
1771 3810 2068 3862 conviciati
2108 3818 2236 3864 sunt
2284 3812 2385 3863 hoc
2410 3808 2597 3872 modo,
2625 3807 2840 3862 scilicet
2876 3825 2888 3860 :
2925 3804 3064 3871 Quia
3095 3805 3354 3874 sepulcra
3385 3805 3440 3858 in
3479 3804 3720 3876 Egypto
3743 3806 4060 3862 defuerunt

750 3894 915 3946 nobis
941 3893 1006 3945 ad
1037 3895 1407 3948 occidendum
1451 3911 1551 3950 nos
1589 3897 1903 3952 eduxistis‘t
1942 3897 2137 3952 Tertio
2166 3914 2338 3968 super
2362 3913 2506 3968 aqua
2545 3911 2755 3950 amara.
2790 3892 3002 3960 Quarto
3025 3893 3251 3964 quando
3279 3908 3376 3947 eos
3401 3892 4054 3964 deliciarunuEgyptia-

745 3997 935 4035 Cztl'lltll
964 3985 1130 4051 coepit
1158 3983 1521 4038 desiderium.
1560 3985 1769 4050 Quinto
1803 4002 1926 4040 cum
1959 3988 2291 4054 Iauguereut
2344 3989 2460 4051 siti,
2493 4002 2660 4057 quam
2711 3986 2782 4039 ob
2811 3991 2970 4054 petra
2998 3992 3086 4038 est
3148 3983 3393 4038 divulsa.
3432 3981 3603 4038 Sexto
3642 3997 3768 4037 cum
3808 3987 4056 4039 vitulum

750 4073 1137 4126 labricassent.
1179 4072 1427 4142 Septimo
1486 4090 1610 4127 cum
1646 4075 1867 4129 itineris
1908 4077 2124 4145 perta’si
2165 4077 2288 4146 igne.
2318 4085 2446 4131 sunt
2470 4075 2771 4144 absumpti.
2800 4073 3014 4128 Octavo
3047 4073 3298 4127 carnium
3329 4074 3648 4141 importuna
3678 4071 4056 4142 ﬂagitatione.

747 4158 903 4213 Nono
931 4161 1330 4216 criminatione
1362 4178 1527 4232 quam
1562 4163 1729 4216 Maria
1762 4172 1816 4218 et
1849 4166 2034 4218 Aaron
2063 4165 2318 4219 fecerunt
2355 4165 2516 4232 Mosi,
2551 4181 2717 4236 quam
2755 4164 2898 4220 Deus
2931 4163 3100 4233 vulgo
3138 4164 3430 4227 omnibus,
3489 4163 3639 4217 sicut
3685 4163 4059 4236 Sacrilegium

743 4249 981 4315 Acham,
1045 4251 1367 4321 imputavit.
1423 4249 1651 4308 Decimo
1677 4256 1923 4324 denique
1958 4254 2183 4324 quando
2218 4255 2282 4309 tle
2321 4262 2470 4308 terra
2535 4263 2800 4325 tanquam
2845 4271 2901 4308 re
2937 4254 3143 4308 invicta
3180 4267 3244 4306 ac
3293 4252 3668 4322 insuperabili
3704 4252 4060 4323 desperave-

753 4347 906 4394 runt.
2207 4340 2231 4360 ’

811 4473 1084 4525 Caeterum
1122 4473 1301 4525 solum
1330 4470 1540 4527 Chaleb
1581 4473 1634 4526 in
1671 4482 1878 4528 terram
1908 4467 2038 4530 sese
2071 4475 2343 4540 deductu-

741 4581 863 4618 rum
930 4566 1269 4633 pronuntiat,
1331 4567 1477 4635 quod
1539 4569 1812 4622 excitatus
1859 4568 2079 4622 diverso
2135 4569 2335 4637 spiritu

741 4658 886 4711 tideli
935 4659 1149 4711 scilicet
1172 4667 1224 4711 et
1257 4659 1612 4728 obsequenti.
1647 4670 1873 4716 secutus
1901 4661 1972 4716 sit
2007 4661 2212 4731 ipsum,
2249 4661 2339 4715 ubi

737 4751 944 4804 (Ilialeb
981 4751 1032 4803 in
1070 4751 1191 4805 loco
1226 4755 1414 4822 populi
1477 4754 1654 4823 ponit.
1698 4753 1867 4809 .losue
1905 4771 2036 4808 vero
2067 4764 2330 4825 tauquam

736 4844 931 4898 ducem
968 4856 1208 4914 separat,
1252 4855 1309 4899 ut
1345 4847 1440 4916 qui
1469 4850 1688 4902 tacitam
1717 4849 2335 4918 signiﬁcationem.veri

733 4935 900 4990 Josuc
925 4953 1020 5006 per
1044 4953 1201 5006 quem
1232 4941 1466 5008 pogiulus
1505 4949 1778 5002 servatur,
1818 4942 2113 4996 sustineat.
2147 4941 2336 5006 Quan-

733 5037 848 5084 tum
902 5046 1031 5084 vero
1061 5032 1127 5084 ad
1165 5033 1376 5087 Chalcb
1439 5036 1659 5096 attinet,
1701 5051 1808 5089 non
1855 5037 2094 5090 obscure
2123 5035 2336 5089 indica-

737 5134 846 5186 tur,
877 5140 1046 5178 unum
1101 5127 1377 5185 hominem
1412 5135 1524 5182 toto
1567 5131 1770 5198 popqu
1805 5129 2008 5184 inﬁdeli
2067 5139 2338 5201 przestan-

733 5217 924 5272 liorem
984 5234 1124 5274 esse.
1188 5219 1339 5275 Adeo
1373 5232 1431 5275 ut
1481 5223 1676 5276 merito
1731 5224 1908 5292 possit
1937 5225 2126 5278 dicere
2163 5241 2176 5277 :
2220 5221 2336 5276 «Ne

733 5329 838 5367 una
872 5330 995 5369 cum
1061 5317 1249 5387 impiis
1293 5318 1532 5372 animam
1576 5335 1751 5374 meam
1792 5319 1988 5389 perdas
2016 5320 2084 5387 ⁸⁷,
2117 5339 2134 5371 ι
2175 5318 2336 5390 cujus

803 5517 843 5546 ”
890 5515 952 5568 IV
981 5517 1227 5583 Item“,
1269 5519 1347 5575 l9.

730 5606 812 5646 ιιι,
852 5590 938 5641 5t).

1426 5519 1470 5552 δ’
1505 5519 1638 5576 Luc.
1675 5538 1826 5588 mu,
1860 5525 1947 5578 τι.

1023 5590 1064 5621 ⁸⁷
1099 5590 1244 5645 l‘sal.
1295 5607 1418 5656 xxv,
1457 5592 1510 5646 9.

2030 5525 2073 5557 ⁸³
2111 5521 2249 5578 Psal.
2285 5539 2435 5586 Lvnt,
2480 5521 2574 5580 1'2.

2523 4475 2704 4528 Χάλεό
2761 4476 2921 4546 μόνον
2977 4476 3085 4528 ἀπὸ
3138 4476 3346 4530 τούτων
3377 4475 3620 4541 εἰσάξειν
3668 4476 3840 4545 λέγει-
3877 4479 4063 4550 ἑτέρῳ

2453 4571 2730 4638 πνεύματι
2794 4569 3088 4636 κινηθέντα
3137 4567 3217 4639 τῷ
3275 4570 3453 4640 πιστῷ
3505 4570 3600 4622 καὶ
3650 4570 3905 4640 ὑπηκόῳ,
3962 4573 4060 4626 καὶ

2451 4662 2898 4730 ἀκολουθήσαντα
2948 4660 3118 4728 αὐτῷ,
3171 4662 3252 4723 είς
3291 4661 3456 4714 τόπον
3487 4661 3600 4730 (58)
3633 4663 3724 4714 τοῦ
3775 4662 3911 4715 λαοῦ
3964 4666 4056 4717 τὸν

2451 4754 2634 4808 Χάλεὸ
2677 4753 2880 4805 εἰπών·
2917 4751 3009 4804 τὸν
3042 4752 3097 4805 δὲ
3137 4752 3368 4821 Ἰησοῦν,
3395 4752 3472 4815 ὡς
3507 4751 3769 4823 ἄρχοντα,
3803 4755 4058 4824 χωρίσας

2450 4850 2507 4898 ὲν
2540 4851 2744 4917 σιωπῇ,
2789 4847 2960 4899 τύπον
2994 4847 3122 4898 ὄντα
3163 4845 3257 4898 τοῦ
3314 4845 3531 4914 ἀληθῶς
3566 4845 3765 4917 Ἰησοῦ,
3817 4848 3886 4900 δι’
3933 4841 3994 4902 οὗ
4020 4851 4058 4902 6

2446 4939 2572 4998 λαὸς
2612 4938 2866 5000 σώζεται.
2902 4936 2976 4990 Τὸ
3004 4937 3059 4989 δὲ
3112 4937 3253 4990 κατὰ
3289 4935 3380 4988 τὸν
3430 4936 3615 4989 Χάλεϐ
3663 4936 3914 4991 δείκνυσι
3959 4942 4054 4994 καὶ

2444 5031 2540 5083 ἕνα
2576 5029 2866 5100 ἄνθρωπον
2910 5026 3173 5090 ἀπειθοῦς
3209 5026 3343 5079 λαοῦ
3389 5027 3807 5099 προτιμότερον.
3841 5031 3944 5093 Ὃς
3986 5032 4054 5085 ἂν

2444 5124 2588 5176 εἴποι
2621 5122 2847 5184 δικαίως
2875 5139 2886 5152 ·
2926 5140 2944 5172 ι
2970 5121 3060 5190 Μὴ
3106 5119 3479 5190 συναπολέσῃς
3512 5121 3651 5190 μετὰ
3697 5121 3918 5176 άσεόὦν
3952 5127 4054 5196 τὴν

2442 5217 2627 5286 ψυχήν
2661 5231 2795 5285 μου·
2837 5233 2854 5264 ι
2893 5213 3022 5265 καί’
3062 5213 3134 5264 Τὸ
3169 5213 3393 5282 σπέρμα
3424 5212 3590 5264 αὑτοῦ
3639 5213 4053 5285 κληρονομήσει

2445 5315 2568 5383 γῆν,
2603 5311 2663 5363 οὐ
2699 5309 2799 5380 τὴν
2838 5307 3102 5361 Ἰουδαίαν
3137 5305 3327 5376 μόνην,
3360 5305 3495 5358 ἀλλὰ
3525 5307 3617 5359 καὶ
3650 5307 3855 5361 πᾶσαν.
3895 5328 3912 5360 t
3940 5311 4053 5363 Και

3801 5512 3846 5542 ³⁸
3887 5517 4054 5572 Rom.

2643 5520 2685 5552 “
2719 5520 2909 5574 Matth.
2946 5535 3057 5584 xxi,
3092 5518 3178 5572 43.
3261 5516 3464 5573 ⁸⁵ΡεειΙ.
3508 5533 3632 5583 uv,
3677 5517 3727 5572 7,

2271 5679 2502 5737 ΝΟΤΛΞ.

802 5782 911 5843 (.37.
948 5782 1018 5827 (ι)

1061 5777 1561 5846 κ]Ἷιῇλὶ,ἀλᾶγν.

2514 5772 2626 5837 ($38)
2670 5772 2770 5821 "Io.
2800 5771 2878 5829 εἰς
2916 5769 3104 5820 τύπον.
