4266 6446
742 381 774 440 8
795 383 847 440 ὶῦ
2041 373 2382 432 Ριιοριῖιῐνιι
2424 375 2467 430 (ἶ
2481 373 2664 431 ᾹΆΕΙ
3896 373 4001 427 Silii

740 507 794 548 et
817 496 980 550 .\lose.
1023 493 1149 549 Haec
1177 507 1306 547 vero
1337 507 1516 547 nonne
1553 489 1792 546 levicula
1834 487 2011 540 videri
2069 494 2318 554 poterant
2347 492 2394 548 Α
2423 515 2425 536 ι

2316 492 2394 548 νΑ
2423 488 2549 540 ἄνευ
2582 487 2737 540 Θεοῦ.
2778 484 2934 538 υύτω
2987 488 3078 538 καὶ
3127 483 3194 537 τὰ
3243 483 3518 553 πολεμίων
3570 485 3652 547 εἰς
3687 483 4001 537 θεοσέϐειαν

741 587 808 639 iis
835 584 930 653 qui
965 582 1059 638 Dei
1082 583 1237 636 obliti
1274 582 1326 634 in
1362 582 1604 650 potentia
1637 595 1700 635 ac
1763 576 2121 631 multitudine
2174 574 2312 628 liduo
2421 596 2426 621 ‹

2421 574 2754 636 συνέτεινεν,
2792 572 3193 643 ὲπιδειχθέντα,
3216 571 3360 627 κατὰ
3380 571 3513 624 Θεὸν
3540 571 3766 624 ἀνύεται
3796 571 3998 632 αὐτοῖς.

739 676 881 726 riam
910 673 1360 728 collocaveram?
1392 670 1593 725 Verum
1649 672 1752 724 hoc
1803 670 1923 738 ipso
1972 666 2120 738 quod
2146 680 2314 735 penes
2422 665 2424 713 ἶ

2422 664 2534 717 Καὶ
2563 665 2597 733 ἡ
2629 663 2740 715 τῶν
2770 663 2892 716 τότε
2936 663 3214 716 πεσόντων
3246 661 3446 732 φθορὰ,
3493 661 3608 724 τοῖς
3639 660 3826 724 ἄλλοις
3869 661 4002 713 παί-

743 761 913 818 Deum
941 765 1121 817 omnia
1153 778 1277 817 esse
1327 763 1688 823 demonstrat,
1750 761 1940 814 hostes
1976 757 2070 812 Dei
2098 756 2165 810 ad
2199 755 2314 810 cul-
2425 778 2428 798 ‹

1254 778 1277 817 e
1327 763 1688 823 demonstrat,
1750 761 1940 814 hostes
1976 757 2070 812 Dei
2098 756 2165 810 ad
2199 755 2314 810 cul-
2425 755 2606 818 δευσις
2636 749 2706 825 ἦν
2735 755 2939 826 ἀγαθή.

742 863 922 906 turam
970 855 1089 923 ejus
1121 863 1174 908 et
1201 855 1452 923 pietatem
1506 855 1723 906 iuntat.
1761 851 2025 905 lnteritus
2088 861 2310 918 quoque
2347 845 2594 916 ipsorum
2647 848 2740 916 qui
2786 847 3164 901 occubuerunt
3223 845 3347 899 aliis
3419 844 3722 901 eruditioni
3783 846 4006 914 optima:

742 947 864 999 fuit.

817 1085 884 1137 Ut
911 1085 1271 1138 observarent
1300 1082 1554 1136 mandata
1600 1078 1765 1136 Musis
1793 1096 1821 1134 a
1854 1079 1963 1136 Deo
2006 1080 2209 1135 tradita
2240 1079 2306 1134 ile
2332 1072 2591 1148 praesenti
2655 1084 2756 1125 sua
2789 1067 3091 1132 voluntate.
3126 1063 3401 1135 siquidem
3448 1063 3552 1132 ipsi
3585 1075 3808 1118 servare
3853 1063 4001 1131 jussi

741 1189 849 1227 non
891 1179 1208 1236 servarunt,
1260 1186 1370 1225 non
1401 1170 1543 1239 jussi
1582 1184 1726 1223 novo
1759 1177 2096 1224 testamento
2122 1168 2386 1228 instante,
2433 1163 2588 1232 juxta
2622 1155 2992 1229 prephetiam.
3048 1168 3272 1208 servare
3321 1152 3576 1206 student.
3610 1149 3832 1204 Idcirco
3891 1166 4004 1203 non

740 1268 826 1312 est
888 1258 1031 1313 Deus
1081 1272 1206 1312 cum
1240 1258 1344 1320 eis,
1375 1266 1429 1310 et
1459 1257 1785 1311 ceciderunt
1819 1257 2034 1310 interim
2067 1255 2197 1308 dum
2235 1255 2437 1308 vellent
2461 1252 2761 1304 observare
2782 1245 2954 1313 legem
3007 1244 3326 1310 importune
3358 1241 3412 1294 in
3443 1239 3589 1294 bello
3624 1241 3773 1308 quod
3800 1253 3992 1308 gesse-

743 1355 873 1401 runt
897 1356 1090 1398 contra
1121 1344 1419 1406 Romanos,
1448 1346 1584 1398 adeo
1625 1353 1684 1398 ut
1714 1344 2018 1398 etiamnum
2064 1341 2420 1397 recordantes
2448 1338 2517 1393 ob
2549 1335 2601 1390 id
2632 1334 2816 1405 ipsum
2843 1333 2910 1385 ad
2947 1328 3392 1385 internecionem
3430 1328 3651 1382 venisse
3687 1324 3998 1379 Sabbatum

745 1433 981 1501 amplius
1015 1446 1120 1484 non
1156 1425 1475 1485 observent.

813 1557 881 1610 Et
911 1559 1050 1610 dices
1086 1559 1154 1610 ad
1183 1575 1269 1612 eos
1305 1575 1322 1610 :
1358 1558 1584 1622 Quando
1617 1559 1838 1628 ingressi
1869 1559 2076 1626 fueritis
2107 1561 2161 1612 in
2210 1567 2319 1610 ter-

2501 1553 2688 1607 Ὅταν
2720 1549 3032 1616 εἰσέλθητε
3059 1548 3145 1613 εις
3173 1547 3288 1608 τὴν
3314 1545 3429 1614 γῆν
3463 1544 3575 1612 τῆς
3601 1542 4006 1609 κατοικήσεως

741 1661 853 1699 ram
896 1649 1243 1702 habitationis
1279 1660 1480 1702 vestrm.
1516 1648 1656 1720 μιν,
1685 1648 1766 1720 2.]
1806 1650 1970 1719 Atqui
2013 1648 2318 1717 ingressuri
2425 1674 2426 1677 η

2425 1643 2614 1714 ὑμῶν.
2655 1642 2847 1696 Καίτοι
2877 1643 2978 1694 οὐκ
3008 1639 3244 1710 ἤμελλον
3285 1637 3571 1690 εἰσελθεῖν.
3623 1636 3763 1688 Ἀλλ’
3795 1637 3853 1687 ἑν
3885 1635 4006 1687 τού-

742 1755 853 1793 ηοη
913 1751 1087 1795 erant.
1153 1740 1352 1795 Verum
1415 1743 1638 1810 quidem
1687 1750 1798 1804 est,
1857 1743 1952 1796 sed
2017 1742 2160 1796 inter
2225 1756 2320 1796 eos
2425 1761 2427 1771 λ

1893 1743 1952 1796 ed
2017 1742 2160 1796 inter
2225 1756 2320 1796 eos
2425 1755 2540 1801 τοις
2571 1737 2711 1790 εἰσιν
2740 1737 2791 1789 ot
2825 1735 3014 1795 παῖδες
3042 1734 3091 1784 ot
3123 1730 3578 1800 εἰσιλευσόμενοι.

741 1831 901 1885 liberi
924 1842 1054 1887 sunt
1080 1833 1173 1902 qui
1207 1834 1260 1886 in
1285 1849 1404 1888 eam
1431 1843 1557 1887 sunt
1585 1834 1912 1902 ingressuri.

814 1965 879 2020 Et
909 1969 1072 2036 facile
1095 1967 1464 2022 holocaustum
1494 1967 1739 2029 Domino,
1771 1972 1880 2020 etc.
1915 1963 2019 2037 [3.]
2081 1962 2232 2018 Varii
2264 1978 2326 2018 ac
2356 1962 2561 2018 diversi
2621 1960 2791 2016 Deum
2818 1956 3034 2014 colendi
3073 1946 3219 2010 modi
3262 1963 3418 2015 sunt,
3477 1952 3622 2007 aliu’s
3653 1958 3738 2006 est
3770 1951 3853 2004 vel
3895 1963 3995 2023 per

744 2056 1014 2125 integrum
1047 2055 1134 2110 vel
1168 2070 1263 2124 per
1292 2055 1531 2110 divisum
1556 2052 1916 2117 sacriﬁcium,
1978 2053 2121 2107 alius
2155 2050 2213 2106 lit
2246 2051 2332 2106 vel
2363 2050 2714 2106 exsolutione
2741 2047 2851 2102 voti
2880 2045 2965 2101 vel
2998 2044 3281 2100 oblatione
3338 2051 3672 2110 spontanea,
3705 2039 3851 2093 alius
3886 2055 3984 2108 per

741 2151 955 2205 votum,
981 2143 1065 2197 vel
1097 2157 1193 2211 per
1211 2141 1677 2209 deprecationem.
1708 2139 1980 2193 Caeterum
2017 2140 2199 2195 omnis
2251 2139 2437 2193 cultus
2489 2137 2769 2193 suaveolet
2825 2143 2880 2189 et
2926 2142 3190 2202 acceptus
3245 2140 3350 2190 est.
3379 2129 3483 2184 etsi
3532 2143 3760 2188 parvu-n
3795 2127 3898 2180 hoc
3931 2132 4005 2181 sit

740 2230 886 2296 quod
924 2229 991 2283 ad
1023 2228 1430 2282 conciliandum
1454 2227 1626 2282 Deum
1661 2227 1981 2289 adducitur,
2017 2228 2132 2282 sive
2162 2242 2335 2296 agnus
2385 2227 2479 2291 sit,
2517 2227 2645 2280 sive
2675 2224 2857 2292 majus
2909 2222 3065 2292 quid,
3099 2223 3248 2274 velut
3287 2219 3456 2280 aries,
3517 2226 3612 2269 aut
3671 2216 4000 2276 maximum,

741 2317 913 2370 veluti
947 2317 1068 2370 bos.
1094 2315 1370 2370 Caeterum
1404 2317 1598 2369 horum
1623 2316 1870 2368 omnium
1902 2315 2016 2368 vice
2050 2315 2258 2368 oblatio
2282 2313 2487 2368 Christi
2519 2322 2626 2377 est,
2659 2320 2822 2382 prout
2849 2312 3086 2380 quisque
3120 2323 3246 2363 eum
3280 2307 3384 2362 sibi
3414 2304 3766 2373 usurpaverit
3801 2302 4005 2357 videli-

742 2413 849 2458 cet.
890 2401 1141 2458 Victima
1168 2417 1301 2457 vero
1330 2403 1576 2471 cujusvis
1607 2403 1867 2471 similago
1897 2402 2054 2457 adest
2073 2403 2265 2466 etiam,
2286 2402 2378 2456 ubi
2408 2402 2689 2456 victimam
2711 2399 2904 2454 mortis
2932 2398 3150 2467 signum
3179 2411 3302 2450 esse
3332 2395 3601 2462 intellige,
3633 2391 4006 2461 similaginem

742 2506 873 2544 vero
900 2490 1176 2543 alimoniae
1206 2501 1369 2559 atque
1421 2491 1566 2545 vitae.
1607 2488 1814 2544 Vivunt
1866 2491 2015 2544 enim
2045 2505 2141 2558 per
2167 2489 2336 2543 Deum
2391 2491 2645 2550 victima,
2681 2487 3067 2555 imprimisque
3112 2483 3397 2538 Christus.
3453 2478 3683 2534 Necnon
3737 2492 4003 2533 mensura

742 2579 922 2633 cuivis
949 2579 1186 2633 victima:
1207 2578 1356 2647 justa
1397 2587 1481 2634 est
1511 2594 1575 2633 ac
1607 2579 1824 2644 idonea,
1849 2587 2013 2646 prout
2041 2578 2188 2632 enim
2225 2577 2445 2632 victima
2493 2575 2686 2640 fuerit,
2727 2575 2803 2628 ita
2834 2588 3059 2644 quoque
3084 2574 3218 2634 vita,
3243 2586 3364 2640 quae
3389 2585 3455 2624 ex
3478 2569 3704 2623 victima
3731 2567 4007 2624 nascitur.

743 2668 985 2722 exsistit.
1020 2687 1036 2718 ι
1059 2665 1270 2722 OlIerat
1302 2668 1533 2721 Domino
1569 2667 1663 2737 qui
1695 2667 1924 2721 adducit
1961 2666 2320 2721 sacriﬁcium.
2355 2664 2576 2719 Decima
2607 2662 2732 2732 eplii
2766 2676 2873 2715 una
2905 2673 3073 2728 super
3103 2673 3267 2728 agno,
3302 2657 3425 2711 dua:
3455 2670 3624 2725 super
3657 2655 3857 2716 ariete.
3889 2660 4009 2707 tres

701 2788 707 2792 -
745 2770 912 2823 super
940 2756 1135 2809 bove.)
1174 2758 1256 2808 lta
1280 2769 1386 2808 non
1413 2755 1660 2808 omnium
1690 2753 1922 2822 aequalis
1943 2762 2028 2807 est
2058 2754 2193 2806 vita.
2226 2753 2420 2807 Oleum
2468 2754 2597 2806 item
2649 2751 2808 2819 justa
2871 2761 3159 2810 mensura,
3196 2744 3671 2814 quemadmodum
3697 2751 3750 2796 et
3781 2743 4004 2803 vinum.

745 2841 812 2894 ad
828 2841 1254 2897 delectationem
1285 2841 1434 2897 enim
1466 2840 1601 2895 facit
1641 2841 1852 2896 laetitia.
1907 2840 2120 2905 Quarta
2160 2855 2293 2895 vero
2327 2855 2455 2911 pars
2505 2840 2601 2894 hin
2633 2848 2827 2910 quarta
2869 2852 2996 2907 pars
3048 2844 3136 2890 est
3194 2833 3429 2887 duarum
3461 2831 3773 2885 Atticarum
3835 2829 4005 2884 choa-

747 2943 894 2982 rum.

817 3077 926 3134 Lex
958 3079 1143 3134 eadem
1187 3080 1328 3134 nobis
1383 3089 1495 3156 esto
1525 3097 1588 3134 ex
1612 3082 1848 3136 advenis.
1876 3079 2017 3153 [HL]
2064 3080 2324 3152 Hocipso
2353 3069 2397 3126 Β
2496 3118 2502 3133 .

2353 3069 2397 3126 Β
2496 3079 2693 3148 Νόμος
2737 3071 2826 3144 εἷς
2857 3077 3030 3131 ἔσται
3075 3074 3173 3129 καὶ
3220 3073 3509 3141 δικαίωμα
3539 3071 3610 3126 ἓν
3642 3072 3816 3126 ἔσται
3862 3073 4011 3142 ὑμῖν

745 3173 991 3242 gentium
1019 3180 1074 3226 et
1123 3171 1344 3227 lsraelis
1407 3173 1695 3241 aequalitas
1761 3172 2063 3242 eademque
2113 3173 2323 3232 iustitia
2426 3197 2430 3226 ;

2426 3177 2526 3228 καὶ
2565 3174 2645 3240 τῷ
2687 3174 3069 3241 προσηλύτφ.
3127 3170 3328 3224 Ἐθνῶν
3364 3169 3548 3235 ἰσότης
3590 3168 3648 3220 ὲν
3695 3167 3871 3237 τούτῳ
3912 3169 4010 3220 καὶ

745 3263 1153 3333 promulgatur.
1183 3281 1200 3312 ι
1227 3259 1380 3317 Unus
1417 3263 1563 3317 enim
1614 3259 1760 3317 Deus
1784 3271 1870 3318 est
1903 3263 1996 3334 qui
2062 3263 2329 3333 justiﬂca-
2426 3284 2430 3299 ι

2318 3290 2329 3304 -
2426 3264 2522 3317 τοῦ
2564 3264 2780 3335 Ἰσραὴλ
2831 3261 3244 3334 προσηγορεύετο
3275 3260 3387 3331 (60)
3421 3258 3540 3333 [καὶ
3579 3258 3856 3326 δικαίωμα
3897 3257 4003 3329 ἓνῐ.

746 3353 828 3406 bit
856 3351 1337 3407 circumcisionem
1358 3368 1422 3406 ex
1459 3352 1584 3416 llde,
1629 3352 1874 3425 itemque
1897 3353 2226 3425 pracputium
2257 3368 2325 3407 ex

2322 3398 2325 3406 .
2433 3377 2451 3409 ι
2499 3351 2593 3419 Εἷς
2634 3355 2743 3427 γὰρ
2771 3355 2924 3419 Θεὸς,
2979 3354 3037 3420 ὃς
3087 3352 3367 3407 δικαιώσει
3418 3352 3721 3422 περιτομὴν
3783 3352 3849 3404 tit
3914 3356 4007 3404 πί-

747 3445 873 3501 iide.
894 3445 960 3498 “.
2427 3463 2620 3510 στεως,
2651 3448 2745 3499 καὶ
2778 3443 3149 3516 ἀκροϐυστίαν
3177 3441 3266 3496 διὰ
3291 3444 3390 3512 τῆς
3418 3441 3678 3519 πίστεως.
3703 3459 3720 3493 ι

818 3558 1186 3614 Circumcisio
1243 3534 1378 3612 vero
1438 3573 1561 3628 qua:
1625 3557 1730 3616 ﬁde
1795 3560 1902 3628 lit,
1982 3559 2234 3633 depastio
2293 3568 2379 3617 est
2433 3567 2786 3615 terrenorum
2870 3571 3110 3612 morum.
3190 3553 3589 3626 coniungitque
3659 3554 3857 3613 ambos
3910 3569 4012 3627 po-

751 3647 933 3717 pulos.

825 3753 1051 3818 Eritque
1077 3756 1293 3822 quando
1317 3756 1649 3809 romederitis
1683 3753 1748 3808 de
1770 3754 1996 3823 panibus
2051 3765 2228 3818 terra,
2252 3763 2362 3809 etc.
2398 3751 2513 3824 [l9]
2546 3747 2658 3807 Hoc
2705 3751 2925 3822 quidem
2975 3750 3096 3806 loco
3148 3750 3482 3808 mentionem
3519 3753 3696 3823 ‘panis
3763 3751 3916 3816 facit,
3952 3755 4011 3809 in

749 3843 891 3896 libro
947 3841 1311 3896 Numerorum
1368 3858 1498 3897 vero
1561 3844 1852 3912 manipuli.
1907 3842 2083 3896 liabet
2138 3851 2322 3898 autem
2381 3839 2544 3911 505
2612 3838 2812 3893 borum
2876 3837 3271 3908 contemplatio
3310 3837 3630 3895 aﬂinitatem
3687 3843 4010 3910 quamdam.

747 3929 1005 3985 Christus
1038 3929 1208 3992 enim,
1240 3929 1344 3984 etsi
1383 3931 1537 4000 spica
1570 3939 1656 3985 est
1682 3939 1908 4000 propter
1940 3945 2162 3984 carnem
2189 3945 2313 4000 qua:
2343 3945 2374 3984 e
2403 3941 2552 3983 terra
2578 3929 2893 3998 pullulavit.
2926 3943 3158 3998 granum
3184 3939 3365 3984 tamen
3391 3931 3637 3999 seipsum
3695 3943 4011 4001 nuncupat.

748 4017 816 4071 Et
854 4016 921 4070 de
956 4016 1116 4071 nobis
1152 4017 1329 4085 inquit
1355 4022 1501 4088 quod
1534 4018 1733 4072 messis
1759 4017 1831 4072 sit
1862 4017 2086 4086 00piosa
2118 4018 2184 4071 ".
2223 4015 2422 4073 Verum
2456 4018 2740 4072 enimvero
2785 4015 3251 4084 quemadmodum
3284 4017 3606 4086 manipulus
3641 4017 3872 4073 oﬂ‘ertur
3902 4020 4013 4075 hoc

751 4099 871 4172 ipso
895 4105 1040 4172 quod
1062 4103 1116 4156 in
1150 4119 1209 4158 se
1236 4103 1559 4172 complexus
1583 4112 1667 4158 est
1693 4119 1906 4159 omnes.
1947 4124 1963 4155 ι
1996 4102 2129 4158 Volo
2171 4106 2342 4169 enim,
2397 4105 2600 4175 inquit,
2637 4117 2695 4159 ut
2723 4104 2813 4158 ubi
2844 4119 2965 4159 sum
2997 4119 3123 4175 ego,
3165 4104 3369 4159 ibidem
3427 4106 3541 4159 sint
3565 4115 3620 4160 et
3650 4106 3842 4176 ipsi".
3873 4127 3892 4161 ι
3918 4107 4015 4163 Et-

747 4191 894 4245 enim
924 4190 1088 4245 simul
1123 4190 1383 4246 excitavit
1406 4206 1526 4254 nos,
1577 4191 1856 4261 simulque
1880 4192 2175 4245 collocavit
2215 4193 2268 4246 in
2290 4195 2632 4259 caelestibus,
2653 4196 2836 4263 inquit
2899 4193 3182 4250 Paulus".
3229 4193 3504 4261 Quocirca
3539 4197 3707 4250 etiam
3743 4197 4014 4267 perendie

750 4293 780 4331 a
813 4280 989 4347 primo
1013 4275 1100 4332 die
1129 4279 1471 4348 manipulum
1523 4275 1721 4334 oﬂ'erre
1747 4279 1929 4348 jubet,
1958 4281 2061 4333 lioe
2110 4289 2216 4344 est,
2251 4281 2340 4337 die
2376 4286 2539 4338 tertia
2575 4299 2684 4354 qua
2721 4284 2979 4339 Christus
3009 4285 3338 4346 resurrexit,
3362 4284 3587 4355 quando
3613 4284 3780 4339 etiam
3833 4300 4016 4342 novas

750 4365 933 4434 spicas
968 4363 1167 4420 oﬂ‘erre
1211 4365 1481 4434 praecipit,
1515 4380 1637 4434 quae
1669 4381 1769 4420 nos
1794 4365 2146 4430 adumbrant,
2190 4383 2312 4432 nos,
2341 4370 2590 4441 inquam,
2637 4371 2733 4441 qui
2781 4370 3193 4424 innovationem
3225 4385 3322 4438 per
3349 4371 3530 4439 ipsum
3555 4370 3842 4437 habemus,
3877 4382 3932 4428 et
3957 4374 4017 4429 in

751 4453 869 4519 ipso
888 4452 1113 4508 odorem
1143 4452 1458 4523 fragrantia
1485 4453 1769 4508 offerimus
1798 4470 1812 4517 ;
1846 4455 1966 4508 sine
1997 4470 2062 4507 eo
2092 4456 2238 4509 enim
2277 4455 2391 4511 fieri
2417 4459 2569 4512 nullo
2594 4459 2757 4512 modo
2789 4465 2991 4527 potest,
3020 4457 3164 4511 sicut
3192 4471 3294 4510 nec
3321 4459 3491 4527 spica:
3523 4471 3678 4514 novae
3704 4460 3827 4515 sine
3851 4461 4017 4516 sinti-

753 4542 934 4612 lagine
960 4557 1082 4596 esse
1103 4547 1351 4610 possunt,
1387 4554 1513 4594 cum
1539 4542 1778 4610 impares
1818 4540 1928 4594 sint
1958 4540 2278 4612 similagini,
2308 4560 2428 4614 qua!
2455 4559 2521 4598 ex
2552 4546 2738 4599 tritico
2767 4551 3006 4599 constat.
3039 4543 3219 4612 Supra
3253 4557 3356 4598 nos
3397 4544 3545 4598 enim
3575 4555 3718 4610 erat,
3744 4551 4013 4617 quamvis

753 4638 1016 4694 tanquam
1048 4643 1192 4683 unus
1231 4637 1381 4682 esset
1420 4643 1485 4683 ex
1529 4628 1711 4682 nobis.
1765 4627 2011 4699 Denique
2040 4644 2169 4684 vero
2215 4634 2372 4701 panis
2421 4647 2642 4703 quoque
2675 4633 2790 4700 ipse
2817 4635 2923 4694 est,
2955 4644 3224 4700 novaque
3275 4633 3689 4701 conspersionis
3758 4634 4015 4698 initium,

752 4717 1218 4785 quemadmodum
1255 4715 1429 4769 Adam
1453 4715 1696 4783 antiqua:
1726 4713 1830 4770 fuit
1863 4731 1875 4768 :
1910 4732 2096 4770 verum
2131 4717 2221 4772 hic
2260 4718 2479 4788 quidem
2503 4718 2951 4789 transgressione
2986 4712 3196 4771 invexit
3226 4725 3486 4783 mortem,
3515 4718 3608 4773 ille
3626 4734 3759 4774 vero
3790 4724 4018 4775 sancti-

754 4805 963 4867 monia,
995 4804 1181 4856 vitam.
1211 4801 1427 4857 ﬂevixit
1451 4802 1595 4857 enim
1633 4813 1810 4857 morte
1843 4805 2192 4867 conculcata,
2217 4814 2271 4859 et
2302 4813 2589 4875 assumpta
2613 4804 2961 4858 humanitate
2995 4803 3408 4872 incorruptibili
3473 4805 3848 4874 primitiarum
3882 4809 4012 4863 loco

755 4908 876 4947 sese
902 4891 1050 4944 Patri
1079 4891 1296 4945 obtulit.
1323 4892 1596 4956 Quocirca
1624 4905 1822 4961 panem
1851 4892 1907 4946 in
1937 4891 2156 4948 Sanctis
2198 4903 2514 4947 sanctorum
2577 4893 2900 4947 obtulerunt
2932 4893 3123 4946 etiam.
3147 4891 3296 4946 Pane
3333 4893 3488 4956 item.
3517 4895 3611 4964 qui
3639 4908 3669 4948 a
3693 4895 4021 4966 similagine

755 4981 1012 5034 diversus
1036 4993 1160 5034 esse
1191 4979 1400 5040 debuit,
1432 4977 1662 5033 innuere
1692 4978 1888 5042 voluit,
1922 4977 2083 5033 [idem
2119 4980 2296 5049 reipsa
2322 4979 2736 5049 comprobatam
2769 4979 2878 5033 Deo
2906 4978 3206 5048 gratiorem
3239 4995 3386 5045 esse,
3439 4982 3582 5036 unde
3603 4988 3660 5036 et
3684 4995 3845 5036 esum
3882 4997 4018 5052 pro—

754 5068 935 5138 prium
953 5066 1237 5121 hominum
1270 5065 1502 5121 salutent
1537 5073 1718 5128 vocat,
1754 5080 1876 5135 quae
1911 5065 1969 5119 ﬁt
1992 5067 2046 5120 in
2075 5065 2182 5122 ﬁde
2210 5074 2307 5121 aut
2353 5082 2542 5138 opere.

825 5199 980 5263 Quod
1035 5207 1214 5252 autem
1277 5197 1474 5251 attinet
1510 5196 1575 5250 ad
1637 5206 1926 5266 peccatum
1979 5199 2401 5269 ignorantiae,c
2505 5199 2510 5250 1

2357 5209 2401 5269 (ζ
2505 5199 2641 5270 Περὶ
2674 5199 2773 5269 τῆς
2817 5198 2961 5252 κατὰ
3003 5198 3224 5269 ἄγνοιαν
3272 5200 3551 5270 ἁμαρτίας
3578 5200 3672 5255 τὸν
3699 5203 3882 5257 πάντα
3927 5223 4019 5258 κε-

755 5303 1013 5346 cunctum
1072 5290 1332 5361 populum
1401 5291 1675 5360 integrum
1730 5292 1922 5345 bovem
2002 5291 2330 5347 comburere
2435 5290 2440 5341 ἲ

2435 5290 2584 5342 λεύει
2615 5290 2744 5344 λαὸν
2784 5290 2911 5361 βοῦν
2942 5286 3272 5345 ὁλοκαυτοῦν
3311 5292 3402 5345 καὶ
3434 5292 3673 5363 χίμαρον
3693 5309 3707 5324 ·
3737 5295 4019 5367 ἀνηνέχθη

756 5385 979 5439 mandat
1007 5398 1134 5437 cum
1163 5383 1335 5435 hirco.
1367 5379 1596 5436 Oblatus
1624 5390 1709 5436 est
1744 5383 1798 5435 in
1826 5382 2054 5436 odorem
2081 5382 2332 5438 suavita-
2437 5398 2441 5410 ·

2437 5380 2544 5451 γὰρ
2572 5381 2651 5445 εἰς
2689 5381 2864 5452 ὀσμὴν
2908 5381 3137 5446 εὐωδίας
3181 5382 3437 5453 Χριστὸς,
3483 5382 3624 5457 ὑπὲρ
3673 5382 3785 5439 τῶν
3832 5388 4019 5458 upupa

824 5550 870 5578 σι
901 5545 1056 5601 Rom.
1097 5563 1178 5608 in,
1237 5545 1324 5600 50.
1404 5544 1604 5599 "an.
1643 5562 1693 5609 x,
1729 5546 1781 5597 9..
1866 5545 2094 5601 “Joan.
2162 5562 2293 5610 xvii,
2345 5547 2434 5601 2i.

1312 5587 1324 5600 .
1404 5547 1448 5577 "
1475 5544 1604 5599 an.
1643 5562 1693 5609 x,
1729 5546 1781 5597 9..
1866 5545 2094 5601 “Joan.
2162 5562 2293 5610 xvii,
2345 5547 2434 5601 2i.
2520 5550 2560 5579 ⁸⁷
2592 5548 2793 5620 Eplies.
2834 5565 2902 5616 tt,
2945 5551 2996 5604 0.

2291 5658 2511 5714 NOTJI.

825 5771 934 5835 (till)
981 5768 1442 5837 "peruri-nun
1491 5765 1666 5836 ὐτῆς
1695 5768 1834 5834 Αύγ.
1881 5768 2004 5824 κὼδ.
