4266 6446
239 397 340 462 837
1340 387 1872 450 ς’)λιλιεκτλῐιιι
1907 386 1924 443 I

1819 387 1872 444 II
1907 384 1986 443 IN
2025 385 2407 443 NIIMEIWS.
2923 377 2927 381 ’
3395 382 3497 445 838

238 527 271 560 τ
299 509 378 564 ὦν
411 506 523 562 τῶν
560 505 850 576 ἡμετέρων
905 503 1092 556 παθών
1119 521 1131 534 ·
1174 503 1269 555 ἕνα
1312 504 1367 556 δὲ
1413 504 1662 567 ἕκαστον,
1699 498 1831 570 αἶγα
1861 509 1902 564 Α

1818 523 1831 554 ι
1861 509 1902 564 Α
1933 501 2004 555 tis
2033 499 2308 562 Christus,
2337 513 2459 553 cuni
2489 513 2585 566 pro
2628 498 2862 565 peccatis
2892 495 3249 551 nosti-isesscl
3292 508 3503 562 passus.

245 600 408 667 μίαν·
443 596 669 648 ἔλαττον
699 575 808 660 γάρ
850 587 936 656 αἶξ
996 591 1138 658 βοὶς,
1173 591 1264 641 καὶ
1319 589 1505 658 θήλεια
1559 591 1819 659 ἆρῤενος’

1931 591 2383 659 Unumqucmquc
2416 604 2547 642 vero
2569 606 2788 660 capram
2810 607 2999 642 unum.
3037 587 3209 640 Vilior
3244 587 3390 638 enim
3419 603 3505 635 ea.

244 689 365 752 ho;
391 690 502 758 γὰρ
526 688 584 739 τὸ
613 686 817 752 πλῆθος
849 685 1036 753 μεῖζον
1061 683 1153 734 καὶ
1180 684 1545 751 ἰσχυρά-τερον.
1589 703 1606 731 ι
1635 683 1823 733 'Exou-

1822 713 1823 719 η
1931 698 2026 753 pra
2073 684 2207 735 bove
2265 690 2369 745 est,
2432 681 2643 734 femella
2717 682 2848 734 item
2908 680 3280 734 maseulo.lta
3341 686 3507 733 etiam

247 781 377 840 σίως
409 778 516 845 γὰρ
556 775 984 846 ἁμαρτανόντων
1019 773 1195 842 ἡμῶν,
1233 772 1439 824 οὐκέτι
1486 772 1613 842 περὶ
1648 774 1827 841 ἁμαρ·
1928 793 1932 821 l

1818 801 1827 810 -
1928 791 2040 829 uno
2075 776 2261 844 aliquo
2296 787 2472 828 canus
2503 783 2656 828 totus
2685 775 2858 843 major
2903 786 2989 828 cst
3022 783 3075 828 et
3103 776 3360 830 validior.
3405 795 3420 825 ι
3449 778 3503 826 Si

244 871 366 932 τίας
391 867 756 922 ἀπολείπεται
789 864 974 917 θυσία.
1012 883 1030 914 ι
1069 864 1209 925 Τοὺς
1245 861 1616 931 παρελθόντας
1656 863 1712 914 δὲ
1759 862 1827 914 τὰ
1928 901 1929 906 η

1821 880 1827 913 :
1928 867 2072 921 enim
2143 877 2339 936 sponte
2372 879 2577 921 etcum
2633 867 2914 920 voluntate
2965 883 3065 920 nos
3109 868 3506 936 delinquimus,

151 957 157 962 ’
244 962 527 1023 Μωῦσὲως
569 961 637 1029 τῇ
673 959 742 1010 δι’
786 957 1020 1025 αἵματος
1082 956 1375 1024 ἐπικουρίᾳ
1424 956 1714 1025 προσάγει,
1757 955 1825 1008 τὰ

1824 998 1825 1002 η
1933 960 2404 1028 millutnaniplius
2450 974 2548 1028 pro
2579 961 2816 1026 pet-catis
2861 957 3196 1012 sacrilicium
3241 960 3509 1028 reliquum

243 1051 483 1122 Χριστοῦ
507 1052 743 1119 κρείττω
773 1048 882 1100 τῶν
923 1049 979 1098 ἐν
1007 1048 1159 1116 νόμῳ
1186 1046 1420 1108 δεικνύς,

1935 1050 2140 1114 Iit";i
2203 1066 2300 1104 eos
2358 1066 2491 1104 vero
2557 1052 2648 1118 qui
2707 1052 3185 1119 transgrediuntur
3254 1052 3510 1104 mandata

245 1143 413 1197 Mosis
455 1140 744 1208 sanguinis
799 1137 1058 1206 praesidio
1113 1136 1344 1189 attrahit
1397 1154 1409 1189 :
1464 1149 1528 1190 ea
1589 1149 1740 1205 quze.
1777 1135 1830 1188 in
1869 1134 2090 1190 Christo
2112 1146 2239 1193 sunt
2269 1138 2338 1191 iis
2384 1152 2506 1208 quae
2541 1144 2670 1193 sunt
2701 1138 2754 1190 in
2785 1138 2904 1208 lege
2940 1138 3151 1207 potiora
3228 1155 3353 1195 esse
3416 1141 3512 1195 de-

243 1237 590 1284 monstrans.

312 1345 512 1398 Anima
536 1343 875 1414 quaealiquid
911 1343 1095 1411 fecerit
1128 1358 1219 1410 per
1271 1358 1484 1394 manum
1540 1341 1840 1407 superbam,
1897 1348 2005 1394 etc.
2063 1340 2275 1394 Peecati
2323 1341 2590 1397 mortiferi
2621 1357 2779 1412 pugna
2810 1358 2960 1398 mors
2998 1352 3104 1400 cst,
3159 1345 3512 1402 “Clu-ist”,

242 1431 507 1486 omnibus
527 1431 596 1483 ad
625 1439 854 1482 IIIOl'lUIlI
887 1448 993 1483 non
1030 1429 1478 1497 delinquentibus
1531 1427 1732 1481 delicta
1789 1443 1887 1481 sua
1935 1428 2184 1481 dunittit.
2239 1429 2566 1498 Ilujusutodi
2633 1429 2734 1483 fuit
2769 1431 2889 1500 ejus
2922 1433 3013 1500 qui
3056 1434 3191 1502 legis
3221 1440 3512 1504 praeceptis

244 1518 514 1588 neglectis
548 1517 691 1583 ligna
721 1515 942 1582 collegit
967 1513 1230 1570 Sabltato.
1295 1512 1451 1578 Quod
1483 1513 1706 1581 quidem
1742 1528 1853 1566 non
1886 1516 2200 1583 arrogantia
2235 1515 2391 1582 fecit,
2427 1532 2617 1570 verum
2650 1519 2778 1586 quia
2814 1520 3010 1572 horum
3062 1522 3510 1578 observationem

244 1616 512 1673 tauquam
541 1605 766 1657 minime
803 1604 1171 1657 necessariam
1215 1605 1363 1670 parvi
1393 1604 1598 1671 pendit,
1657 1592 1833 1670 neque
1870 1605 2106 1658 attendit
2144 1607 2497 1674 spiritualem
2545 1623 2766 1661 scnsntn
2792 1609 2844 1661 in
2879 1609 3029 1663 ltiscc
3057 1611 3284 1665 subesse
3325 1614 3510 1667 rebus.

244 1692 706 1759 Acorporalibus
755 1690 902 1742 enim
932 1689 1449 1770 'obscrvationiluts
1474 1702 1542 1739 ex
1584 1688 1815 1740 rationis
1850 1689 2112 1745 instinctu
2168 1710 2392 1746 vacasse
2441 1709 2659 1762 semper
2707 1694 2884 1747 fraudi
2945 1695 3066 1759 fuit,
3123 1701 3516 1768 sapientiquo

246 1782 450 1836 obfuit.
482 1781 813 1836 Continebat
851 1795 979 1833 vero
1008 1779 1277 1847 septimus
1307 1779 1393 1831 ille
1440 1776 1558 1830 dies
1611 1779 1906 1847 imaginem
1957 1781 2080 1834 vit.e
2133 1781 2465 1849 tranquillae,
2520 1781 2719 1849 qmein
2760 1785 3125 1836 sanctimonia
3179 1788 3510 1841 consisteret

247 1889 488 1944 quaeque
529 1874 819 1924 verissime
855 1872 906 1922 in
937 1869 1124 1921 futuro
1178 1869 1280 1921 ctit
1319 1883 1454 1921 ωτι).
1515 1865 1740 1919 Sabbati
1777 1877 1954 1919 autem
1994 1869 2366 1937 transgreSsio
2396 1869 2556 1921 iit-bat
2586 1880 2631 1921 ct
2669 1885 2763 1936 per
2795 1871 3301 1935 circumeisionem,
3339 1885 3390 1925 et
3426 1891 3517 1928 sa-

247 1961 483 2016 criﬁcia.
512 1958 632 2024 Quo
667 1960 844 2026 majus
875 1959 1135 2027 quiddam
1170 1957 1524 2021 innitebatur,
1555 1956 1793 2008 ciessatio
1825 1957 2075 2009 videlicet
2113 1959 2181 2010 ab
2213 1958 2470 2024 operibus
2510 1959 2851 2020 carnalibus,
2911 1961 3194 2027 studiique
3224 1969 3277 2015 ct
3313 1963 3504 2016 labori.~

247 2053 425 2106 divini
461 2058 679 2119 tempus
711 2064 837 2104 esse
864 2064 1031 2122 nunc.
1075 2047 1348 2100 Czeterutn
1381 2046 1656 2114 lignorum
1706 2044 1988 2098 aridorum
2015 2045 2289 2104 collectio,
2327 2045 2603 2114 significat
2639 2046 2881 2099 Studium
2907 2046 3051 2114 quod
3081 2063 3309 2114 operum
3349 2053 3514 2104 caJa-

251 2144 480 2196 veribus
525 2143 882 2208 impenditur.
934 2139 1090 2205 Quod
1147 2139 1368 2209 quidem
1402 2154 1542 2206 opus
1585 2139 1798 2193 exilius
1854 2145 1939 2192 est
1971 2151 2035 2188 eo
2063 2150 2171 2202 quo
2198 2133 2440 2186 Adainus
2481 2133 2611 2201 ligni
2646 2133 2769 2186 vita:
2816 2136 3155 2202 appetitione
3193 2137 3460 2192 laboravit.
3500 2159 3513 2192 :

254 2231 406 2282 illum
434 2244 580 2283 enim
616 2221 924 2282 necessitas
959 2237 1011 2279 et
1041 2243 1177 2282 usus
1206 2227 1425 2278 futurus
1457 2225 1660 2293 adegit,
1713 2225 1859 2278 hunc:
1895 2236 2105 2294 [tr-ferox
2139 2219 2414 2290 quoddam
2453 2222 2724 2282 studium,
2757 2232 2807 2274 et
2836 2224 2946 2274 otio
2986 2223 3214 2292 quidem
3240 2231 3516 2296 corporali

251 2318 504 2372 deterius
534 2335 548 2380 ;
582 2323 810 2386 prtestat
835 2315 979 2368 enim
1011 2316 1079 2369 ab
1107 2331 1274 2385 Opere
1304 2330 1546 2378 cessare,
1571 2330 1733 2381 quam
1765 2325 2108 2366 mortuorum
2141 2326 2370 2381 opt-rum
2402 2313 2589 2366 studio
2647 2312 2965 2366 exanimare
3012 2315 3281 2380 animum,
3316 2325 3370 2370 et
3395 2335 3518 2385 ρςιισ-

253 2415 506 2460 catorum
540 2403 774 2457 ﬂamma:
810 2403 1098 2455 materiam
1123 2416 1420 2472 suggerere
1477 2399 1776 2454 Sabhatuut
1805 2410 1987 2470 itaque
2017 2409 2101 2455 est
2129 2400 2302 2452 otimn
2330 2399 2543 2462 utundi,
2573 2398 2933 2453 circumcisio
2957 2415 3088 2455 vero
3107 2413 3204 2457 est
3242 2404 3517 2459 iuvolucri

254 2494 484 2556 ablatio,
517 2493 676 2561 juxta
711 2486 847 2544 illdd
879 2506 892 2544 :
928 2511 943 2542 ι
971 2490 1224 2544 Edocebo
1279 2506 1476 2560 pratos
1509 2492 1624 2544 vias
1674 2493 1879 2544 tuas".
1905 2509 1922 2540 ι
1959 2490 2034 2542 Ac
2071 2487 2385 2557 Itujusmodi
2427 2487 2492 2539 ad
2529 2487 2697 2540 Deum
2754 2501 3015 2557 tanquam
3063 2492 3206 2544 dona
3245 2495 3520 2547 adducere

253 2589 500 2652 oportet,
524 2580 630 2634 ista
661 2579 809 2634 enim
837 2593 920 2632 est
945 2581 1297 2632 Victiinaruni
1329 2579 1561 2632 oblatio.
1595 2576 1869 2632 Czcterum
1925 2579 2143 2647 operari
2207 2576 2434 2638 mundo,
2479 2591 2752 2644 sacraque
2811 2579 2997 2631 divina
3029 2595 3153 2648 qute
3180 2581 3231 2634 in
3269 2583 3522 2636 homines

256 2668 525 2732 cnnferri,
558 2677 614 2722 et
645 2668 711 2720 ad
742 2668 1009 2720 honorem
1050 2668 1292 2720 nominis
1319 2667 1492 2720 divini
1523 2668 1719 2720 rel'erri
1752 2667 1973 2729 debent,
2006 2667 2280 2726 omittere,
2338 2666 2453 2718 lucc
2487 2674 2570 2718 est
2602 2665 2830 2718 violatio
2880 2671 3220 2722 sacrosancti
3263 2669 3515 2730 ὃῖιιιὶιιιιί,

255 2754 424 2829 ωε
467 2765 521 2808 et
549 2754 994 2809 circuutcisionis
1016 2763 1068 2807 et
1105 2755 1390 2807 saerilicii.
1450 2751 1722 2818 Quocirca
1751 2769 1968 2823 pinnam
2023 2754 2203 2808 reddit
2249 2753 2519 2822 exentplo.
2555 2753 2624 2806 iis
2655 2755 2747 2822 qui
2788 2757 2840 2806 in
2883 2757 2991 2806 vita
3018 2771 3119 2809 sua
3151 2760 3342 2812 carnis
3375 2761 3515 2812 ritus-

259 2854 315 2899 et
357 2843 662 2914 perniciem
716 2851 1009 2912 peragunt.
1069 2839 1288 2894 Nullum
1329 2856 1457 2893 vero
1497 2843 1677 2894 adhuc
1728 2849 1941 2895 certum
1996 2841 2326 2910 supplicium
2378 2840 2915 2894 Saliliativiolationi
2960 2851 3078 2896 erat
3131 2847 3523 2907 constitutum,

259 2932 731 3000 quemadmodum
779 2930 831 2983 in
880 2930 1198 2984 actionibus
1249 2931 1316 2983 iis
1366 2944 1492 2983 cunt
1523 2930 1731 2998 quibus
1776 2938 1971 2983 natura
2028 2936 2256 2998 pugnat,
2308 2928 2575 2986 caulibus.
2637 2928 2920 2983 veneﬁciis
2971 2930 3254 2986 videlicet.
3315 2932 3528 2999 Quibus

254 3021 466 3086 justam
498 3029 552 3073 et
579 3018 836 3072 idoneam
867 3032 1084 3086 poenam
1112 3025 1310 3070 natura
1339 3017 1606 3072 decrevit.
1648 3017 1844 3070 Verum
1900 3018 2182 3072 enimvero
2197 3015 2434 3071 'Sabbati
2465 3017 2727 3069 delictum
2762 3016 3110 3071 manifestam
3145 3035 3252 3073 non
3293 3023 3528 3076 Ιιίιιιυὶιςει

259 3109 510 3177 Culpam,
542 3116 733 3176 utpote
761 3123 884 3176 qua:
910 3122 970 3160 se
996 3115 1219 3159 tandem
1247 3107 1300 3159 in
1322 3118 1553 3159 anetore
1584 3103 1876 3174 prodebat.
1903 3118 2032 3157 cum
2067 3120 2211 3158 unus
2241 3120 2310 3158 ex
2334 3104 2460 3159 aliis
2488 3104 2750 3159 (tionibus
2777 3105 2832 3158 in
2860 3105 3034 3176 legem
3055 3107 3382 3178 delinquere
3417 3129 3528 3166 non

261 3195 547 3251 extimuit.
572 3193 807 3263 Insuper
833 3208 965 3248 vero
1017 3202 1218 3247 cuncta
1269 3207 1361 3248 ars
1396 3193 1747 3253 mechanica.
1778 3203 2023 3262 quzestus
2057 3196 2184 3249 item
2205 3197 2298 3265 qui
2334 3195 2482 3248 circa
2504 3207 2878 3249 commeatum
2911 3206 2965 3250 et
2990 3199 3168 3255 victus
3202 3201 3531 3270 acquisftio-

265 3298 392 3338 nem
417 3291 736 3346 versantur,
771 3280 891 3335 sive
921 3279 1068 3349 ignis
1101 3294 1271 3350 opera
1301 3280 1421 3336 sive
1451 3281 1594 3334 citra
1620 3294 1741 3334 eam
1770 3280 1925 3347 (iant,
1948 3283 2206 3352 quocirca
2236 3284 2402 3338 etiam
2437 3290 2584 3336 vetat
2611 3283 2863 3352 septimis
2887 3283 3082 3340 diebus
3107 3287 3289 3356 ignem
3323 3292 3516 3345 incen-

263 3373 424 3436 dere,
452 3380 718 3440 tanquam
769 3383 1001 3439 operum
1060 3383 1287 3422 causam
1339 3368 1701 3437 ipsissitnam.
1771 3368 1943 3422 I’orro
1999 3371 2144 3440 ignis
2199 3372 2432 3425 materia
2486 3372 2633 3442 ligna
2685 3379 2839 3439 sunt,
2885 3374 3117 3442 proinde
3154 3377 3200 3430 is
3231 3379 3324 3446 qui
3381 3379 3529 3448 ligna

263 3468 573 3528 congregat
606 3472 714 3511 non
750 3457 951 3510 minori
985 3456 1146 3527 culpa
1180 3471 1240 3512 se
1268 3457 1593 3525 obstringit,
1618 3471 1783 3526 quam
1811 3457 1904 3525 qui
1942 3459 2121 3529 ignem
2148 3459 2201 3511 in
2223 3456 2477 3513 ﬂammas
2499 3457 2778 3515 concitat.

346 3547 409 3601 Et
452 3546 658 3615 faciant
686 3545 787 3598 sibi
810 3545 940 3611 ipsis
963 3544 1231 3613 ﬁmbrias.
1258 3553 1362 3597 etc.
1395 3540 1539 3614 [ΧΥ.
1565 3541 1684 3616 38.]
1721 3543 2005 3616 Supplicia
2035 3545 2159 3614 ejus
2186 3547 2278 3616 qui
2314 3544 2617 3599 Sablialum
2653 3561 2762 3601 non
2795 3549 3113 3603 observavit
3142 3551 3530 3608 mandatorum

269 3636 365 3689 Dei
400 3633 888 3696 commentarium,
924 3647 992 3685 ne
1027 3646 1125 3700 par
1159 3631 1366 3685 oblivio
1398 3645 1592 3685 eorum
1640 3633 1802 3686 nobis
1835 3649 2055 3701 quoque
2086 3632 2338 3702 obrepat,
2376 3633 2686 3705 subjuogit.
2729 3633 2939 3690 Natura
3005 3638 3154 3692 enim
3211 3653 3308 3708 per
3346 3656 3406 3695 se
3442 3642 3526 3696 in-

267 3721 548 3779 serviendi
610 3721 867 3775 humana:
897 3719 1263 3774 imbecillitati
1303 3728 1389 3774 est
1447 3735 1741 3796 propensa,
1774 3722 1907 3789 quin
1938 3729 1994 3775 et
2028 3723 2368 3777 monimento
2403 3721 2550 3792 quod
2583 3737 2613 3775 a
2643 3731 2791 3776 terra
2848 3720 3072 3779 sursum
3102 3726 3157 3779 in
3194 3728 3398 3782 coelum
3433 3747 3535 3784 tios

266 3813 439 3866 ducat
472 3808 741 3863 habemus
768 3823 930 3876 opus.
960 3806 1132 3876 Cujus
1167 3807 1245 3861 rei
1273 3805 1560 3876 figuratam
1587 3808 1925 3862 mentionem
1961 3807 2089 3862 iacit
2134 3809 2495 3880 hyacinthina
2535 3811 2696 3878 vitta,
2736 3826 2859 3881 qua:
2889 3813 3202 3868 claritatem
3235 3820 3533 3886 quamdam

266 3914 398 3953 cum
431 3897 774 3953 obscuritate
804 3895 1158 3964 conjunctam
1193 3909 1304 3964 pra:
1337 3910 1396 3950 se
1431 3894 1662 3955 ferebat.
1698 3896 1753 3949 iii
1787 3895 2159 3965 profunditate
2189 3912 2286 3954 seu
2317 3897 2552 3953 inferius
2591 3900 2895 3969 aquileiutn
2949 3903 3214 3972 quiddam
3256 3905 3535 3961 referebat

269 3987 686 4054 tremulumque
714 3992 770 4038 et
799 3985 1010 4053 largum
1045 3983 1392 4052 splendorem
1424 3985 1736 4038 emittebat.
1767 3984 1934 4054 Atqui
1963 4001 1996 4041 e
2030 3988 2220 4041 dextra
2267 4001 2389 4040 eam
2426 4001 2754 4056 suspensam
2793 4003 2922 4045 esse
2975 3992 3249 4058 oportuit,
3292 4006 3351 4047 ut
3382 3995 3534 4048 indi-

267 4073 782 4133 careturuimirum
825 4084 1050 4126 sensum
1089 4070 1259 4124 animi
1318 4071 1644 4127 rationalem
1710 4086 1834 4128 esse
1887 4071 2108 4137 debere,
2158 4074 2444 4144 legemque
2499 4076 2820 4128 dextrorum
2878 4091 3110 4145 operum
3174 4080 3532 4136 dietatricem

266 4167 569 4221 exsistere.
602 4158 1034 4230 Amplificarunt
1064 4157 1330 4214 Pharisei
1365 4159 1612 4215 ﬁmbrias
1642 4175 1774 4215 suas
1797 4167 1854 4215 et
1888 4160 2228 4231 pltylaeteria
2267 4161 2596 4228 dilatarunt,
2631 4161 2738 4216 hoc
2791 4174 2898 4227 est,
2950 4166 3248 4236 pugillares
3277 4183 3306 4221 e
3341 4167 3534 4223 ιιι-χιιι

269 4263 602 4323 suspensos,
632 4249 922 4320 legemque
947 4256 1141 4317 argute
1169 4249 1539 4305 continentes.
1570 4244 1786 4303 ’Verunt
1848 4247 2028 4304 inanis
2065 4249 2252 4317 glorise
2279 4265 2469 4316 causa,
2508 4251 2975 4321 quemadmodum
3031 4253 3209 4322 inquit
3251 4253 3530 4311 Christus.
3585 4257 3590 4262 ’

270 4343 418 4400 Fieri
447 4343 601 4398 enim
630 4347 815 4411 potest
839 4347 898 4393 ut
929 4341 1057 4410 quis
1085 4355 1181 4409 per
1207 4340 1378 4410 legem
1407 4340 1624 4410 culpam
1658 4340 1962 4400 subintret,
1995 4338 2042 4392 si
2077 4338 2330 4392 videlicet
2362 4353 2483 4392 eam
2536 4332 2645 4392 non
2691 4339 2797 4392 rite
2826 4340 3342 4412 convenienterque
3374 4361 3536 4397 usur-

268 4441 381 4504 pet.
412 4430 538 4496 Qua
594 4431 858 4483 nimirum
900 4426 1178 4482 sententia
1209 4425 1468 4480 Solomon
1498 4427 1630 4479 illud
1664 4428 1862 4481 extulit
1899 4447 1912 4482 :
1945 4446 1964 4480 ι
1993 4426 2183 4482 Justus
2226 4430 2364 4496 perit
2399 4427 2452 4481 in
2481 4428 2697 4497 jltslllia
2725 4443 2821 4483 sua
2849 4428 2915 4482 “.
2958 4448 2974 4479 ι
3017 4429 3288 4486 Caeterum
3349 4435 3535 4502 justus

271 4535 383 4574 non
416 4518 632 4588 indiget
664 4525 815 4578 nota,
854 4529 1011 4577 nam,
1042 4523 1100 4567 ut
1131 4529 1258 4567 eum
1291 4513 1495 4569 Davide
1551 4515 1868 4581 loquamur,
1907 4535 1925 4568 ι
1950 4516 2056 4573 Lex
2092 4517 2186 4572 Dei
2229 4519 2404 4588 ipsius
2437 4520 2491 4571 in
2522 4517 2692 4572 corde
2721 4518 2899 4588 ipsius
2925 4527 3034 4582 est,
3070 4521 3304 4590 proinde
3335 4533 3537 4593 p.-ss::s

269 4611 392 4679 cjus
416 4623 527 4661 non
564 4603 1146 4660 Iabefactabuntur“.
1187 4622 1204 4654 ι

341 4695 481 4749 Ecce
514 4705 693 4746 autem
714 4690 848 4747 Core
887 4691 1034 4757 [ilius
1066 4689 1252 4755 Isaar,
1278 4691 1380 4759 ﬁlii
1411 4689 1608 4755 Cantia,
1644 4700 1750 4747 ctc.
1779 4687 1947 4762 [ενι.
1982 4688 2058 4762 1.]
2091 4691 2393 4761 Insurgunt
2419 4699 2612 4769 contra
2639 4690 2833 4748 Mosen
2867 4695 3078 4765 posteri
3107 4695 3283 4764 ipsius
3318 4695 3535 4759 Ituben.

266 4800 335 4840 eo
360 4783 512 4855 quod
546 4798 612 4836 ex
639 4781 1010 4852 primogenita
1037 4779 1276 4832 filiorum
1318 4781 1484 4833 Israel
1547 4788 1737 4834 essent
1795 4778 2042 4841 oriundi,
2101 4780 2561 4847 arbitranturque
2613 4796 2843 4848 regnum
2876 4782 2941 4834 ad
2974 4798 3054 4848 se,
3089 4793 3280 4851 utpote
3322 4787 3530 4838 tributo

269 4887 298 4927 a
337 4869 716 4942 primogenita
769 4867 1154 4929 constitutam,
1187 4866 1483 4935 pertinere.
1520 4866 1828 4937 lnsurgunt
1852 4869 1979 4920 item
2016 4869 2272 4922 Aaronici
2308 4885 2374 4923 ex
2400 4867 2574 4923 Caath
2634 4866 2874 4922 filiorum
2908 4868 3039 4923 Levi
3072 4873 3538 4940 praestantissimo

269 4959 386 5013 nati
421 4956 702 5018 videlicet,
736 4968 766 5007 a
800 4968 913 5023 quo
942 4951 1083 5006 ordo
1119 4955 1480 5009 Sacerdotalis
1511 4956 1785 5024 originem
1842 4970 1993 5009 suam
2027 4958 2213 5024 cepit;
2250 4970 2486 5025 persona
2532 4956 2680 5009 enim
2715 4971 2843 5010 vasa
2877 4973 3036 5012 sacra
3075 4959 3334 5026 portandi
3369 4977 3538 5030 super

271 5044 548 5106 humeris,
572 5043 860 5111 sacrisque
888 5041 1155 5111 operandi
1193 5042 1556 5113 eisimposita
1590 5043 1714 5097 fuit.
1752 5039 1987 5113 InSuper
2019 5046 2122 5099 viri
2149 5045 2386 5108 nobiies,
2421 5046 2518 5115 qui
2550 5046 2714 5099 statis
2747 5046 3096 5116 temporibus
3127 5047 3181 5101 in
3212 5050 3537 5104 concionem

270 5132 638 5188 vocabantur.
672 5128 943 5184 Proceres
977 5129 1181 5186 etenim
1215 5145 1434 5200 semper
1482 5140 1842 5187 consectatur
1898 5131 2120 5201 vulgus.
2189 5130 2602 5200 Conspirarunt
2674 5142 2855 5186 autem
2924 5136 3285 5200 quantumvis
3334 5151 3535 5188 recens
3574 5117 3580 5122 ’

274 5221 525 5276 infelicia
557 5218 1016 5288 conspirationis,
1038 5233 1206 5288 quam
1243 5219 1418 5274 uaria
1444 5225 1500 5274 et
1530 5220 1713 5274 Aaron
1747 5227 1939 5274 contra
1972 5216 2178 5272 Mosen:
2221 5219 2492 5283 fecerant,
2525 5220 2789 5274 baberent
2830 5221 3168 5290 exemplum.
3202 5221 3309 5277 Sed
3344 5224 3542 5294 hujus-

274 5307 424 5363 inodi
446 5307 706 5361 turbines
727 5317 780 5362 et
803 5304 1006 5360 ﬂuctus
1034 5307 1088 5360 in
1114 5307 1282 5362 rebus
1310 5307 1940 5362 Itumanisimmoderata
1965 5307 2447 5378 regnandiJibido,
2467 5308 2786 5378 invidiaque
2812 5316 3147 5370 centniovet,
3169 5312 3392 5382 aliaque
3420 5330 3544 5385 quae

278 5402 365 5456 his
390 5406 846 5469 consequuntur,
882 5398 1112 5453 excitat.
1143 5398 1330 5469 Itaque
1354 5414 1477 5453 non
1504 5388 1603 5455 abs
1633 5414 1691 5455 re
1718 5413 1908 5453 vocem
1935 5397 2086 5452 illam
2115 5395 2376 5452 Servatur
2407 5398 2641 5466 protulit
2660 5415 2702 5450 ;ι
2729 5395 2774 5452 Ο
2796 5400 3210 5469 generationem
3238 5416 3460 5469 pravam
3488 5413 3543 5456 et

275 5489 593 5544 adulterata
616 5485 687 5542 "l
716 5504 735 5538 ι
782 5486 916 5541 Item
950 5505 963 5541 :
1001 5506 1019 5538 ι
1048 5484 1106 5539 Si
1141 5486 1311 5557 igitur
1338 5502 1462 5551 vos,
1491 5488 1585 5558 qui
1615 5487 1744 5542 mali
1775 5487 1932 5552 estis,
1967 5501 2196 5542 tnunera
2225 5487 2365 5541 bona
2399 5487 2598 5542 liberis
2627 5489 2826 5543 vestris
2859 5488 2993 5542 dare
3030 5493 3406 5547 cunsuevistis
3426 5492 3490 5545 ⁸⁸.
3520 5511 3540 5542 ι

275 5581 418 5636 IIinc
450 5581 677 5656 beatpm
713 5578 868 5632 illum
903 5593 1031 5633 esse
1053 5577 1343 5648 praedicat,
1372 5579 1466 5650 qui
1499 5578 1822 5633 affectiones
1873 5576 2192 5646 Itujusmodi
2223 5591 2250 5629 a
2284 5578 2393 5629 vita
2427 5592 2527 5631 sua
2554 5576 2793 5640 abdicat,
2827 5574 3227 5649 Christumque
3254 5581 3450 5633 ducem
3487 5582 3544 5634 in

277 5803 323 5834 ea
362 5749 701 5876 agar-“1|.
902 5750 948 5781 "
984 5749 1127 5804 Psal.
1157 5764 1207 5814 ι,
1254 5750 1342 5804 I5.
1420 5749 1466 5782 “
1504 5748 1795 5814 Eccle.vn,
1844 5750 1927 5806 I6.
2008 5750 2048 5782 "
2091 5750 2234 5818 I‘sal,
2266 5765 2457 5814 I\!\'I,
2490 5748 2579 5802 5i.
2683 5749 2725 5780 θ’
2757 5748 3079 5812 Manium,
3153 5751 3219 5806 3'.)
3283 5763 3333 5806 et
3390 5753 3542 5809 a'ibi.
