  <div class='ocr_page' id='page_1' title='image "/cluster/home/n/w/nwhite01/storage/ocr_20150623/87 pt.1/nnc1.0046979824/439.png"; bbox 0 0 4266 6446; ppageno 0'>
   <div class='ocr_carea' id='block_1_1' title="bbox 751 345 2436 419">
    <p class='ocr_par' dir='ltr' id='par_1_1' title="bbox 751 345 2412 411">
     <span class='ocr_line' id='line_1_1' title="bbox 751 345 2412 411; baseline 0.008 -14"><span class='ocrx_word' id='word_1_1' title='bbox 751 345 854 404; x_wconf 64' lang='lat' dir='ltr'><strong>8H</strong></span> <span class='ocrx_word' id='word_1_2' title='bbox 2068 353 2412 411; x_wconf 73' lang='lat' dir='ltr'><strong>i‘MOtIUPll</strong></span> 
     </span>
    </p>
   </div>
   <div class='ocr_carea' id='block_1_2' title="bbox 2323 345 4008 419">
    <p class='ocr_par' dir='ltr' id='par_1_2' title="bbox 2323 352 4008 419">
     <span class='ocr_line' id='line_1_2' title="bbox 2323 352 4008 419; baseline 0.006 -10"><span class='ocrx_word' id='word_1_3' title='bbox 2323 353 2412 410; x_wconf 84' lang='lat' dir='ltr'>PII</span> <span class='ocrx_word' id='word_1_4' title='bbox 2459 352 2697 410; x_wconf 75' lang='lat' dir='ltr'><strong>G.\7..&#39;F.l</strong></span> <span class='ocrx_word' id='word_1_5' title='bbox 3904 359 4008 419; x_wconf 71' lang='grc'><strong>844</strong></span> 
     </span>
    </p>
   </div>
   <div class='ocr_carea' id='block_1_3' title="bbox 821 452 4008 533">
    <p class='ocr_par' dir='ltr' id='par_1_3' title="bbox 821 452 4008 533">
     <span class='ocr_line' id='line_1_3' title="bbox 821 452 4008 533; baseline 0.007 -35"><span class='ocrx_word' id='word_1_6' title='bbox 821 452 992 512; x_wconf 71' lang='grc' dir='ltr'>ιῖιιξιις</span> <span class='ocrx_word' id='word_1_7' title='bbox 1026 462 1169 502; x_wconf 68' lang='lat' dir='ltr'><strong>certe</strong></span> <span class='ocrx_word' id='word_1_8' title='bbox 1217 454 1364 520; x_wconf 73' lang='lat' dir='ltr'><strong>virga</strong></span> <span class='ocrx_word' id='word_1_9' title='bbox 1401 454 1746 522; x_wconf 45' lang='lat' dir='ltr'><strong>amjgdalina</strong></span> <span class='ocrx_word' id='word_1_10' title='bbox 1801 455 1921 510; x_wconf 80' lang='lat' dir='ltr'><strong>folia</strong></span> <span class='ocrx_word' id='word_1_11' title='bbox 1959 460 2040 526; x_wconf 87' lang='grc' dir='ltr'>(ιιι</span> <span class='ocrx_word' id='word_1_12' title='bbox 2074 476 2170 528; x_wconf 89' lang='lat' dir='ltr'><strong>par</strong></span> <span class='ocrx_word' id='word_1_13' title='bbox 2217 469 2358 526; x_wconf 82' lang='lat' dir='ltr'><strong>erat)</strong></span> <span class='ocrx_word' id='word_1_14' title='bbox 2394 462 2653 524; x_wconf 76' lang='lat' dir='ltr'><strong>extrudit,</strong></span> <span class='ocrx_word' id='word_1_15' title='bbox 2685 470 2735 514; x_wconf 93' lang='lat' dir='ltr'><strong>et</strong></span> <span class='ocrx_word' id='word_1_16' title='bbox 2784 462 3020 514; x_wconf 84' lang='lat' dir='ltr'><strong>fructum</strong></span> <span class='ocrx_word' id='word_1_17' title='bbox 3058 462 3256 515; x_wconf 94' lang='lat' dir='ltr'><strong>reddit.</strong></span> <span class='ocrx_word' id='word_1_18' title='bbox 3297 463 3372 516; x_wconf 77' lang='lat' dir='ltr'><strong>Ac</strong></span> <span class='ocrx_word' id='word_1_19' title='bbox 3402 477 3466 517; x_wconf 92' lang='lat' dir='ltr'><strong>ea</strong></span> <span class='ocrx_word' id='word_1_20' title='bbox 3515 463 3734 533; x_wconf 84' lang='lat' dir='ltr'><strong>quidem</strong></span> <span class='ocrx_word' id='word_1_21' title='bbox 3774 465 3826 519; x_wconf 81' lang='lat' dir='ltr'><strong>in</strong></span> <span class='ocrx_word' id='word_1_22' title='bbox 3860 482 4008 524; x_wconf 60' lang='lat' dir='ltr'><strong>vas&#39;s</strong></span> 
     </span>
    </p>
   </div>
   <div class='ocr_carea' id='block_1_4' title="bbox 753 543 4005 618">
    <p class='ocr_par' dir='ltr' id='par_1_4' title="bbox 753 543 4005 618">
     <span class='ocr_line' id='line_1_4' title="bbox 753 543 4005 618; baseline 0.005 -31"><span class='ocrx_word' id='word_1_23' title='bbox 753 545 921 591; x_wconf 59' lang='lat' dir='ltr'><strong>sacris</strong></span> <span class='ocrx_word' id='word_1_24' title='bbox 965 543 1266 607; x_wconf 72' lang='lat' dir='ltr'><strong>reponitur,</strong></span> <span class='ocrx_word' id='word_1_25' title='bbox 1307 544 1462 611; x_wconf 63' lang='lat' dir='ltr'><strong>signa</strong></span> <span class='ocrx_word' id='word_1_26' title='bbox 1497 546 1752 596; x_wconf 88' lang='lat' dir='ltr'><strong>nimirum</strong></span> <span class='ocrx_word' id='word_1_27' title='bbox 1791 548 1856 599; x_wconf 84' lang='lat' dir='ltr'><strong>iis</strong></span> <span class='ocrx_word' id='word_1_28' title='bbox 1887 550 1980 616; x_wconf 93' lang='lat' dir='ltr'><strong>qui</strong></span> <span class='ocrx_word' id='word_1_29' title='bbox 2021 551 2356 618; x_wconf 80' lang='lat' dir='ltr'><strong>immorigeri</strong></span> <span class='ocrx_word' id='word_1_30' title='bbox 2385 565 2506 604; x_wconf 90' lang='lat' dir='ltr'><strong>esse</strong></span> <span class='ocrx_word' id='word_1_31' title='bbox 2538 559 2846 616; x_wconf 72' lang='lat' dir='ltr'><strong>pergerent,</strong></span> <span class='ocrx_word' id='word_1_32' title='bbox 2882 564 2947 601; x_wconf 90' lang='lat' dir='ltr'><strong>ne</strong></span> <span class='ocrx_word' id='word_1_33' title='bbox 2991 548 3093 616; x_wconf 87' lang='lat' dir='ltr'><strong>ipsi</strong></span> <span class='ocrx_word' id='word_1_34' title='bbox 3134 565 3353 617; x_wconf 88' lang='lat' dir='ltr'><strong>quoque</strong></span> <span class='ocrx_word' id='word_1_35' title='bbox 3389 549 3680 603; x_wconf 89' lang='lat' dir='ltr'><strong>interirent</strong></span> <span class='ocrx_word' id='word_1_36' title='bbox 3705 552 3904 605; x_wconf 89' lang='lat' dir='ltr'><strong>denuo.</strong></span> <span class='ocrx_word' id='word_1_37' title='bbox 3953 554 4005 604; x_wconf 88' lang='lat' dir='ltr'><strong>lt</strong></span> 
     </span>
    </p>
   </div>
   <div class='ocr_carea' id='block_1_5' title="bbox 751 630 4007 707">
    <p class='ocr_par' dir='ltr' id='par_1_5' title="bbox 751 630 4007 707">
     <span class='ocr_line' id='line_1_5' title="bbox 751 630 4007 707; baseline 0.004 -30"><span class='ocrx_word' id='word_1_38' title='bbox 751 641 926 678; x_wconf 75' lang='lat' dir='ltr'><strong>autem</strong></span> <span class='ocrx_word' id='word_1_39' title='bbox 976 646 1042 695; x_wconf 91' lang='lat' dir='ltr'><strong>qu</strong></span> <span class='ocrx_word' id='word_1_40' title='bbox 1074 630 1116 679; x_wconf 67' lang='lat' dir='ltr'><strong>ul</strong></span> <span class='ocrx_word' id='word_1_41' title='bbox 1169 641 1364 695; x_wconf 71' lang='grc' dir='ltr'>ιιι-,ιιιιιν</span> <span class='ocrx_word' id='word_1_42' title='bbox 1412 640 1663 682; x_wconf 86' lang='lat' dir='ltr'><strong>naturam</strong></span> <span class='ocrx_word' id='word_1_43' title='bbox 1702 631 1904 685; x_wconf 89' lang='lat' dir='ltr'><strong>factum</strong></span> <span class='ocrx_word' id='word_1_44' title='bbox 1953 643 2056 696; x_wconf 88' lang='lat' dir='ltr'><strong>cst.</strong></span> <span class='ocrx_word' id='word_1_45' title='bbox 2092 637 2346 688; x_wconf 86' lang='lat' dir='ltr'><strong>virtutem</strong></span> <span class='ocrx_word' id='word_1_46' title='bbox 2393 652 2454 688; x_wconf 92' lang='lat' dir='ltr'><strong>ac</strong></span> <span class='ocrx_word' id='word_1_47' title='bbox 2497 635 2948 702; x_wconf 86' lang='lat' dir='ltr'><strong>onmipotentiam</strong></span> <span class='ocrx_word' id='word_1_48' title='bbox 2999 635 3087 687; x_wconf 85' lang='lat' dir='ltr'><strong>Dei</strong></span> <span class='ocrx_word' id='word_1_49' title='bbox 3142 637 3342 705; x_wconf 78' lang='lat' dir='ltr'><strong>arguit.</strong></span> <span class='ocrx_word' id='word_1_50' title='bbox 3379 634 3646 689; x_wconf 67' lang='lat' dir='ltr'><strong>Praeterea</strong></span> <span class='ocrx_word' id='word_1_51' title='bbox 3689 655 3783 691; x_wconf 89' lang='lat' dir='ltr'><strong>eos</strong></span> <span class='ocrx_word' id='word_1_52' title='bbox 3814 641 3906 707; x_wconf 87' lang='lat' dir='ltr'><strong>qui</strong></span> <span class='ocrx_word' id='word_1_53' title='bbox 3944 643 4007 691; x_wconf 88' lang='lat' dir='ltr'><strong>al</strong></span> 
     </span>
    </p>
   </div>
   <div class='ocr_carea' id='block_1_6' title="bbox 753 715 4011 784">
    <p class='ocr_par' dir='ltr' id='par_1_6' title="bbox 753 715 4011 784">
     <span class='ocr_line' id='line_1_6' title="bbox 753 715 4011 784; baseline 0.004 -19"><span class='ocrx_word' id='word_1_54' title='bbox 753 715 915 765; x_wconf 74' lang='lat' dir='ltr'><strong>lt.-um</strong></span> <span class='ocrx_word' id='word_1_55' title='bbox 948 732 1066 766; x_wconf 68' lang='lat' dir='ltr'><strong>sese</strong></span> <span class='ocrx_word' id='word_1_56' title='bbox 1098 715 1606 768; x_wconf 83' lang='lat' dir='ltr'><strong>conferuntvirtute</strong></span> <span class='ocrx_word' id='word_1_57' title='bbox 1641 719 1760 784; x_wconf 85' lang='lat' dir='ltr'><strong>ejus</strong></span> <span class='ocrx_word' id='word_1_58' title='bbox 1791 737 1853 773; x_wconf 77' lang='lat' dir='ltr'><strong>ex</strong></span> <span class='ocrx_word' id='word_1_59' title='bbox 1888 723 2169 776; x_wconf 89' lang='lat' dir='ltr'><strong>veteribus</strong></span> <span class='ocrx_word' id='word_1_60' title='bbox 2201 739 2370 776; x_wconf 90' lang='lat' dir='ltr'><strong>novos</strong></span> <span class='ocrx_word' id='word_1_61' title='bbox 2397 721 2509 774; x_wconf 83' lang='lat' dir='ltr'><strong>fieri</strong></span> <span class='ocrx_word' id='word_1_62' title='bbox 2543 721 2804 773; x_wconf 88' lang='lat' dir='ltr'><strong>declarat.</strong></span> <span class='ocrx_word' id='word_1_63' title='bbox 2837 720 2999 774; x_wconf 72' lang='lat' dir='ltr'><strong>Juxta</strong></span> <span class='ocrx_word' id='word_1_64' title='bbox 3037 723 3163 774; x_wconf 93' lang='lat' dir='ltr'><strong>illud</strong></span> <span class='ocrx_word' id='word_1_65' title='bbox 3198 738 3262 774; x_wconf 71' lang='lat' dir='ltr'><strong>ex</strong></span> <span class='ocrx_word' id='word_1_66' title='bbox 3301 723 3657 777; x_wconf 80' lang='lat' dir='ltr'><strong>innovatione</strong></span> <span class='ocrx_word' id='word_1_67' title='bbox 3692 723 3799 778; x_wconf 91' lang='lat' dir='ltr'><strong>Deo</strong></span> <span class='ocrx_word' id='word_1_68' title='bbox 3830 727 4011 779; x_wconf 79' lang='lat' dir='ltr'><strong>addo--</strong></span> 
     </span>
    </p>
   </div>
   <div class='ocr_carea' id='block_1_7' title="bbox 751 800 4008 880">
    <p class='ocr_par' dir='ltr' id='par_1_7' title="bbox 751 800 4008 880">
     <span class='ocr_line' id='line_1_7' title="bbox 751 800 4008 880; baseline 0.005 -30"><span class='ocrx_word' id='word_1_69' title='bbox 751 805 946 852; x_wconf 87' lang='lat' dir='ltr'><strong>cimur.</strong></span> <span class='ocrx_word' id='word_1_70' title='bbox 985 800 1149 852; x_wconf 84' lang='lat' dir='ltr'><strong>item:</strong></span> <span class='ocrx_word' id='word_1_71' title='bbox 1181 800 1321 869; x_wconf 70' lang='lat' dir='ltr'><strong>«Ego</strong></span> <span class='ocrx_word' id='word_1_72' title='bbox 1357 819 1499 866; x_wconf 86' lang='lat' dir='ltr'><strong>sunt,</strong></span> <span class='ocrx_word' id='word_1_73' title='bbox 1535 806 1724 871; x_wconf 81' lang='lat' dir='ltr'><strong>.uquit,</strong></span> <span class='ocrx_word' id='word_1_74' title='bbox 1757 807 1848 874; x_wconf 87' lang='lat' dir='ltr'><strong>qui</strong></span> <span class='ocrx_word' id='word_1_75' title='bbox 1889 817 2076 875; x_wconf 77' lang='lat' dir='ltr'><strong>vegeto</strong></span> <span class='ocrx_word' id='word_1_76' title='bbox 2112 808 2312 876; x_wconf 75' lang='lat' dir='ltr'><strong>lignum</strong></span> <span class='ocrx_word' id='word_1_77' title='bbox 2345 807 2676 862; x_wconf 76' lang='lat' dir='ltr'><strong>aridum&quot;.i</strong></span> <span class='ocrx_word' id='word_1_78' title='bbox 2711 808 2926 860; x_wconf 70' lang='lat' dir='ltr'><strong>liavidis</strong></span> <span class='ocrx_word' id='word_1_79' title='bbox 2965 809 3089 862; x_wconf 85' lang='lat' dir='ltr'><strong>item</strong></span> <span class='ocrx_word' id='word_1_80' title='bbox 3120 810 3248 861; x_wconf 90' lang='lat' dir='ltr'><strong>illud</strong></span> <span class='ocrx_word' id='word_1_81' title='bbox 3287 828 3298 860; x_wconf 93' lang='lat'>:</span> <span class='ocrx_word' id='word_1_82' title='bbox 3339 827 3354 858; x_wconf 86' lang='grc' dir='ltr'><strong>ι</strong></span> <span class='ocrx_word' id='word_1_83' title='bbox 3380 810 3555 877; x_wconf 79' lang='lat' dir='ltr'><strong>Super</strong></span> <span class='ocrx_word' id='word_1_84' title='bbox 3591 813 3709 880; x_wconf 90' lang='lat' dir='ltr'><strong>ipso</strong></span> <span class='ocrx_word' id='word_1_85' title='bbox 3741 815 4008 867; x_wconf 87' lang='lat' dir='ltr'><strong>confisum</strong></span> 
     </span>
    </p>
   </div>
   <div class='ocr_carea' id='block_1_8' title="bbox 750 893 4009 966">
    <p class='ocr_par' dir='ltr' id='par_1_8' title="bbox 750 893 4009 966">
     <span class='ocr_line' id='line_1_8' title="bbox 750 893 4009 966; baseline 0.005 -29"><span class='ocrx_word' id='word_1_86' title='bbox 750 900 832 939; x_wconf 73' lang='lat' dir='ltr'><strong>est</strong></span> <span class='ocrx_word' id='word_1_87' title='bbox 868 907 961 938; x_wconf 87' lang='lat' dir='ltr'><strong>cur</strong></span> <span class='ocrx_word' id='word_1_88' title='bbox 995 906 1199 949; x_wconf 62' lang='lat' dir='ltr'><strong>meum,</strong></span> <span class='ocrx_word' id='word_1_89' title='bbox 1232 903 1280 942; x_wconf 87' lang='lat' dir='ltr'><strong>et</strong></span> <span class='ocrx_word' id='word_1_90' title='bbox 1322 893 1566 943; x_wconf 74' lang='lat' dir='ltr'><strong>refloruit</strong></span> <span class='ocrx_word' id='word_1_91' title='bbox 1601 907 1733 945; x_wconf 88' lang='lat' dir='ltr'><strong>caro</strong></span> <span class='ocrx_word' id='word_1_92' title='bbox 1769 909 1884 946; x_wconf 89' lang='lat' dir='ltr'><strong>mea</strong></span> <span class='ocrx_word' id='word_1_93' title='bbox 1930 895 1998 947; x_wconf 66' lang='grc'><strong>⁷⁸.</strong></span> <span class='ocrx_word' id='word_1_94' title='bbox 2037 912 2053 945; x_wconf 78' lang='grc' dir='ltr'><strong>ι</strong></span> <span class='ocrx_word' id='word_1_95' title='bbox 2087 896 2165 948; x_wconf 82' lang='lat' dir='ltr'><strong>Ad</strong></span> <span class='ocrx_word' id='word_1_96' title='bbox 2199 898 2339 950; x_wconf 89' lang='lat' dir='ltr'><strong>lumc</strong></span> <span class='ocrx_word' id='word_1_97' title='bbox 2368 899 2528 950; x_wconf 88' lang='lat' dir='ltr'><strong>tnodo</strong></span> <span class='ocrx_word' id='word_1_98' title='bbox 2565 896 2832 950; x_wconf 77' lang='lat' dir='ltr'><strong>Ezechicli</strong></span> <span class='ocrx_word' id='word_1_99' title='bbox 2861 914 3077 966; x_wconf 91' lang='lat' dir='ltr'><strong>quoque</strong></span> <span class='ocrx_word' id='word_1_100' title='bbox 3120 900 3451 951; x_wconf 85' lang='lat' dir='ltr'><strong>restauratio</strong></span> <span class='ocrx_word' id='word_1_101' title='bbox 3486 901 3696 953; x_wconf 90' lang='lat' dir='ltr'><strong>ossium</strong></span> <span class='ocrx_word' id='word_1_102' title='bbox 3735 904 4009 955; x_wconf 76' lang='lat' dir='ltr'><strong>aridorum</strong></span> 
     </span>
    </p>
   </div>
   <div class='ocr_carea' id='block_1_9' title="bbox 750 979 2435 1057">
    <p class='ocr_par' dir='ltr' id='par_1_9' title="bbox 750 979 2435 1049">
     <span class='ocr_line' id='line_1_9' title="bbox 750 979 2435 1049; baseline 0.005 -22"><span class='ocrx_word' id='word_1_103' title='bbox 750 979 1162 1039; x_wconf 16' lang='lat' dir='ltr'><strong>esu-mlt‘lmtur,</strong></span> <span class='ocrx_word' id='word_1_104' title='bbox 1205 995 1326 1045; x_wconf 76' lang='lat' dir='ltr'><strong>qua:</strong></span> <span class='ocrx_word' id='word_1_105' title='bbox 1360 982 1616 1046; x_wconf 77' lang='lat' dir='ltr'><strong>pupulum</strong></span> <span class='ocrx_word' id='word_1_106' title='bbox 1649 982 1926 1049; x_wconf 82' lang='lat' dir='ltr'><strong>captivum</strong></span> <span class='ocrx_word' id='word_1_107' title='bbox 1961 981 2015 1034; x_wconf 93' lang='lat' dir='ltr'><strong>in</strong></span> <span class='ocrx_word' id='word_1_108' title='bbox 2051 983 2320 1047; x_wconf 75' lang='lat' dir='ltr'><strong>integrum</strong></span> <span class='ocrx_word' id='word_1_109' title='bbox 2359 1000 2435 1036; x_wconf 79' lang='lat' dir='ltr'><strong>re:-</strong></span> 
     </span>
    </p>
   </div>
   <div class='ocr_carea' id='block_1_10' title="bbox 2325 979 4010 1057">
    <p class='ocr_par' dir='ltr' id='par_1_10' title="bbox 2359 985 4010 1057">
     <span class='ocr_line' id='line_1_10' title="bbox 2359 985 4010 1057; baseline 0.003 -23"><span class='ocrx_word' id='word_1_110' title='bbox 2359 985 2670 1036; x_wconf 86' lang='lat' dir='ltr'><strong>restitututn</strong></span> <span class='ocrx_word' id='word_1_111' title='bbox 2705 985 2767 1036; x_wconf 94' lang='lat' dir='ltr'><strong>iri</strong></span> <span class='ocrx_word' id='word_1_112' title='bbox 2801 986 3158 1051; x_wconf 81' lang='lat' dir='ltr'><strong>portendebat</strong></span> <span class='ocrx_word' id='word_1_113' title='bbox 3201 987 3270 1038; x_wconf 80' lang='grc'><strong>⁷⁸.</strong></span> <span class='ocrx_word' id='word_1_114' title='bbox 3317 985 3489 1038; x_wconf 83' lang='lat' dir='ltr'><strong>l’orro</strong></span> <span class='ocrx_word' id='word_1_115' title='bbox 3525 986 3700 1038; x_wconf 91' lang='lat' dir='ltr'><strong>forma</strong></span> <span class='ocrx_word' id='word_1_116' title='bbox 3741 989 4010 1057; x_wconf 79' lang='lat' dir='ltr'><strong>amygdali</strong></span> 
     </span>
    </p>
   </div>
   <div class='ocr_carea' id='block_1_11' title="bbox 750 1065 4008 1140">
    <p class='ocr_par' dir='ltr' id='par_1_11' title="bbox 750 1065 4008 1140">
     <span class='ocr_line' id='line_1_11' title="bbox 750 1065 4008 1140; baseline 0.003 -24"><span class='ocrx_word' id='word_1_117' title='bbox 750 1067 925 1116; x_wconf 88' lang='lat' dir='ltr'><strong>virum</strong></span> <span class='ocrx_word' id='word_1_118' title='bbox 960 1067 1160 1117; x_wconf 89' lang='lat' dir='ltr'><strong>bonum</strong></span> <span class='ocrx_word' id='word_1_119' title='bbox 1195 1065 1504 1119; x_wconf 77' lang='lat' dir='ltr'><strong>adumbrat.</strong></span> <span class='ocrx_word' id='word_1_120' title='bbox 1545 1069 1611 1122; x_wconf 78' lang='lat' dir='ltr'><strong>L&#39;t</strong></span> <span class='ocrx_word' id='word_1_121' title='bbox 1667 1069 1812 1121; x_wconf 89' lang='lat' dir='ltr'><strong>enim</strong></span> <span class='ocrx_word' id='word_1_122' title='bbox 1850 1070 2076 1123; x_wconf 90' lang='lat' dir='ltr'><strong>nucleus</strong></span> <span class='ocrx_word' id='word_1_123' title='bbox 2111 1071 2284 1138; x_wconf 86' lang='lat' dir='ltr'><strong>ipsius</strong></span> <span class='ocrx_word' id='word_1_124' title='bbox 2315 1081 2396 1124; x_wconf 91' lang='lat' dir='ltr'><strong>est</strong></span> <span class='ocrx_word' id='word_1_125' title='bbox 2429 1079 2734 1133; x_wconf 87' lang='lat' dir='ltr'><strong>contectus,</strong></span> <span class='ocrx_word' id='word_1_126' title='bbox 2765 1080 2818 1124; x_wconf 92' lang='lat' dir='ltr'><strong>et.</strong></span> <span class='ocrx_word' id='word_1_127' title='bbox 2851 1073 2902 1123; x_wconf 93' lang='lat' dir='ltr'><strong>in</strong></span> <span class='ocrx_word' id='word_1_128' title='bbox 2936 1074 3217 1140; x_wconf 90' lang='lat' dir='ltr'><strong>putamine</strong></span> <span class='ocrx_word' id='word_1_129' title='bbox 3265 1072 3415 1134; x_wconf 87' lang='lat' dir='ltr'><strong>latet,</strong></span> <span class='ocrx_word' id='word_1_130' title='bbox 3467 1073 3539 1125; x_wconf 90' lang='lat' dir='ltr'><strong>ita</strong></span> <span class='ocrx_word' id='word_1_131' title='bbox 3575 1075 3751 1125; x_wconf 81' lang='lat' dir='ltr'><strong>virtus</strong></span> <span class='ocrx_word' id='word_1_132' title='bbox 3797 1076 3848 1128; x_wconf 91' lang='lat' dir='ltr'><strong>in</strong></span> <span class='ocrx_word' id='word_1_133' title='bbox 3891 1077 4008 1128; x_wconf 80' lang='lat' dir='ltr'><strong>ani-</strong></span> 
     </span>
    </p>
   </div>
   <div class='ocr_carea' id='block_1_12' title="bbox 748 1154 4010 1229">
    <p class='ocr_par' dir='ltr' id='par_1_12' title="bbox 748 1154 4010 1229">
     <span class='ocr_line' id='line_1_12' title="bbox 748 1154 4010 1229; baseline 0.003 -25"><span class='ocrx_word' id='word_1_134' title='bbox 748 1155 817 1204; x_wconf 90' lang='lat' dir='ltr'><strong>mi</strong></span> <span class='ocrx_word' id='word_1_135' title='bbox 855 1154 1037 1204; x_wconf 84' lang='lat' dir='ltr'><strong>huhitu</strong></span> <span class='ocrx_word' id='word_1_136' title='bbox 1082 1154 1380 1216; x_wconf 83' lang='lat' dir='ltr'><strong>recondita,</strong></span> <span class='ocrx_word' id='word_1_137' title='bbox 1417 1171 1524 1208; x_wconf 87' lang='lat' dir='ltr'><strong>non</strong></span> <span class='ocrx_word' id='word_1_138' title='bbox 1557 1156 1807 1224; x_wconf 89' lang='lat' dir='ltr'><strong>corporis</strong></span> <span class='ocrx_word' id='word_1_139' title='bbox 1831 1164 1916 1210; x_wconf 88' lang='lat' dir='ltr'><strong>est</strong></span> <span class='ocrx_word' id='word_1_140' title='bbox 1970 1167 2286 1224; x_wconf 87' lang='lat' dir='ltr'><strong>conspectu.</strong></span> <span class='ocrx_word' id='word_1_141' title='bbox 2323 1157 2494 1223; x_wconf 89' lang='lat' dir='ltr'><strong>Quam</strong></span> <span class='ocrx_word' id='word_1_142' title='bbox 2527 1157 2670 1212; x_wconf 83' lang='lat' dir='ltr'><strong>Deus</strong></span> <span class='ocrx_word' id='word_1_143' title='bbox 2704 1160 2856 1214; x_wconf 92' lang='lat' dir='ltr'><strong>solus</strong></span> <span class='ocrx_word' id='word_1_144' title='bbox 2887 1160 3192 1229; x_wconf 79' lang='lat' dir='ltr'><strong>cognoscit,</strong></span> <span class='ocrx_word' id='word_1_145' title='bbox 3225 1173 3457 1226; x_wconf 69' lang='lat' dir='ltr'><strong>qumque</strong></span> <span class='ocrx_word' id='word_1_146' title='bbox 3486 1159 3872 1214; x_wconf 89' lang='lat' dir='ltr'><strong>sacerdotibus</strong></span> <span class='ocrx_word' id='word_1_147' title='bbox 3905 1163 4010 1213; x_wconf 89' lang='lat' dir='ltr'><strong>im-</strong></span> 
     </span>
    </p>
   </div>
   <div class='ocr_carea' id='block_1_13' title="bbox 747 1239 4012 1314">
    <p class='ocr_par' dir='ltr' id='par_1_13' title="bbox 747 1239 4012 1314">
     <span class='ocr_line' id='line_1_13' title="bbox 747 1239 4012 1314; baseline 0.004 -27"><span class='ocrx_word' id='word_1_148' title='bbox 747 1242 938 1307; x_wconf 77' lang='lat' dir='ltr'><strong>primis</strong></span> <span class='ocrx_word' id='word_1_149' title='bbox 968 1242 1250 1307; x_wconf 80' lang='lat' dir='ltr'><strong>couipetit.</strong></span> <span class='ocrx_word' id='word_1_150' title='bbox 1284 1239 1429 1292; x_wconf 78' lang='lat' dir='ltr'><strong>l‘lehi</strong></span> <span class='ocrx_word' id='word_1_151' title='bbox 1467 1258 1595 1294; x_wconf 87' lang='lat' dir='ltr'><strong>vero</strong></span> <span class='ocrx_word' id='word_1_152' title='bbox 1636 1244 1770 1294; x_wconf 89' lang='lat' dir='ltr'><strong>licus</strong></span> <span class='ocrx_word' id='word_1_153' title='bbox 1808 1253 2200 1310; x_wconf 89' lang='lat' dir='ltr'><strong>comparantur</strong></span> <span class='ocrx_word' id='word_1_154' title='bbox 2228 1286 2243 1308; x_wconf 93' lang='lat'><strong>,</strong></span> <span class='ocrx_word' id='word_1_155' title='bbox 2275 1253 2545 1312; x_wconf 77' lang='lat' dir='ltr'><strong>quatenus</strong></span> <span class='ocrx_word' id='word_1_156' title='bbox 2578 1247 2899 1314; x_wconf 90' lang='lat' dir='ltr'><strong>superficies</strong></span> <span class='ocrx_word' id='word_1_157' title='bbox 2937 1261 3126 1300; x_wconf 89' lang='lat' dir='ltr'><strong>earmn</strong></span> <span class='ocrx_word' id='word_1_158' title='bbox 3172 1245 3456 1314; x_wconf 89' lang='lat' dir='ltr'><strong>splendida</strong></span> <span class='ocrx_word' id='word_1_159' title='bbox 3487 1255 3570 1300; x_wconf 86' lang='lat' dir='ltr'><strong>est</strong></span> <span class='ocrx_word' id='word_1_160' title='bbox 3607 1246 3879 1300; x_wconf 82' lang='lat' dir='ltr'><strong>videlicet.</strong></span> <span class='ocrx_word' id='word_1_161' title='bbox 3920 1249 4012 1301; x_wconf 84' lang='lat' dir='ltr'><strong>Li-</strong></span> 
     </span>
    </p>
   </div>
   <div class='ocr_carea' id='block_1_14' title="bbox 745 1328 4015 1403">
    <p class='ocr_par' dir='ltr' id='par_1_14' title="bbox 745 1328 4015 1403">
     <span class='ocr_line' id='line_1_14' title="bbox 745 1328 4015 1403; baseline 0.004 -25"><span class='ocrx_word' id='word_1_162' title='bbox 745 1339 832 1379; x_wconf 82' lang='lat' dir='ltr'><strong>cet</strong></span> <span class='ocrx_word' id='word_1_163' title='bbox 870 1339 1048 1379; x_wconf 85' lang='lat' dir='ltr'><strong>autem</strong></span> <span class='ocrx_word' id='word_1_164' title='bbox 1083 1343 1144 1379; x_wconf 90' lang='lat' dir='ltr'><strong>ca</strong></span> <span class='ocrx_word' id='word_1_165' title='bbox 1182 1328 1234 1380; x_wconf 93' lang='lat' dir='ltr'><strong>in</strong></span> <span class='ocrx_word' id='word_1_166' title='bbox 1287 1344 1342 1380; x_wconf 89' lang='lat' dir='ltr'><strong>re</strong></span> <span class='ocrx_word' id='word_1_167' title='bbox 1393 1329 1684 1396; x_wconf 68' lang='lat' dir='ltr'><strong>imaginem</strong></span> <span class='ocrx_word' id='word_1_168' title='bbox 1721 1329 1926 1381; x_wconf 83' lang='lat' dir='ltr'><strong>Christi</strong></span> <span class='ocrx_word' id='word_1_169' title='bbox 1977 1345 2225 1394; x_wconf 81' lang='lat' dir='ltr'><strong>cernere,</strong></span> <span class='ocrx_word' id='word_1_170' title='bbox 2258 1347 2415 1398; x_wconf 90' lang='lat' dir='ltr'><strong>quem</strong></span> <span class='ocrx_word' id='word_1_171' title='bbox 2451 1330 2610 1384; x_wconf 86' lang='lat' dir='ltr'><strong>Pater</strong></span> <span class='ocrx_word' id='word_1_172' title='bbox 2651 1348 2928 1384; x_wconf 88' lang='lat' dir='ltr'><strong>summmn</strong></span> <span class='ocrx_word' id='word_1_173' title='bbox 2976 1333 3318 1386; x_wconf 89' lang='lat' dir='ltr'><strong>sacerdotem</strong></span> <span class='ocrx_word' id='word_1_174' title='bbox 3355 1336 3644 1387; x_wconf 72' lang='lat' dir='ltr'><strong>constitult</strong></span> <span class='ocrx_word' id='word_1_175' title='bbox 3689 1350 3855 1403; x_wconf 78' lang='lat' dir='ltr'><strong>Super</strong></span> <span class='ocrx_word' id='word_1_176' title='bbox 3915 1354 4015 1391; x_wconf 82' lang='lat' dir='ltr'><strong>nos</strong></span> 
     </span>
    </p>
   </div>
   <div class='ocr_carea' id='block_1_15' title="bbox 746 1415 4014 1484">
    <p class='ocr_par' dir='ltr' id='par_1_15' title="bbox 746 1415 4014 1484">
     <span class='ocr_line' id='line_1_15' title="bbox 746 1415 4014 1484; baseline 0.002 -18"><span class='ocrx_word' id='word_1_177' title='bbox 746 1418 1004 1466; x_wconf 76' lang='lat' dir='ltr'><strong>otnliihus</strong></span> <span class='ocrx_word' id='word_1_178' title='bbox 1041 1418 1257 1466; x_wconf 63' lang='lat' dir='ltr'><strong>seculis</strong></span> <span class='ocrx_word' id='word_1_179' title='bbox 1306 1415 1664 1467; x_wconf 82' lang='lat' dir='ltr'><strong>sullicicntem</strong></span> <span class='ocrx_word' id='word_1_180' title='bbox 1705 1432 1765 1467; x_wconf 89' lang='lat' dir='ltr'><strong>ac</strong></span> <span class='ocrx_word' id='word_1_181' title='bbox 1811 1417 2092 1480; x_wconf 90' lang='lat' dir='ltr'><strong>idoneum,</strong></span> <span class='ocrx_word' id='word_1_182' title='bbox 2127 1433 2189 1471; x_wconf 88' lang='lat' dir='ltr'><strong>ac</strong></span> <span class='ocrx_word' id='word_1_183' title='bbox 2218 1427 2274 1470; x_wconf 94' lang='lat' dir='ltr'><strong>ut</strong></span> <span class='ocrx_word' id='word_1_184' title='bbox 2307 1419 2484 1472; x_wconf 81' lang='lat' dir='ltr'><strong>verbis</strong></span> <span class='ocrx_word' id='word_1_185' title='bbox 2526 1417 2680 1470; x_wconf 79' lang='lat' dir='ltr'><strong>Pauli</strong></span> <span class='ocrx_word' id='word_1_186' title='bbox 2721 1428 2844 1470; x_wconf 87' lang='lat' dir='ltr'><strong>utar</strong></span> <span class='ocrx_word' id='word_1_187' title='bbox 2877 1421 2943 1482; x_wconf 72' lang='grc'><strong>⁷⁸,</strong></span> <span class='ocrx_word' id='word_1_188' title='bbox 2993 1419 3308 1472; x_wconf 89' lang='lat' dir='ltr'><strong>ministrum</strong></span> <span class='ocrx_word' id='word_1_189' title='bbox 3364 1433 3676 1484; x_wconf 86' lang='lat' dir='ltr'><strong>sacrorum,</strong></span> <span class='ocrx_word' id='word_1_190' title='bbox 3726 1434 3776 1473; x_wconf 86' lang='lat' dir='ltr'><strong>et</strong></span> <span class='ocrx_word' id='word_1_191' title='bbox 3829 1423 4014 1476; x_wconf 87' lang='lat' dir='ltr'><strong>taber-</strong></span> 
     </span>
    </p>
   </div>
   <div class='ocr_carea' id='block_1_16' title="bbox 746 1502 4015 1576">
    <p class='ocr_par' dir='ltr' id='par_1_16' title="bbox 746 1502 4015 1576">
     <span class='ocr_line' id='line_1_16' title="bbox 746 1502 4015 1576; baseline 0.002 -23"><span class='ocrx_word' id='word_1_192' title='bbox 746 1505 922 1553; x_wconf 79' lang='lat' dir='ltr'><strong>nacuii</strong></span> <span class='ocrx_word' id='word_1_193' title='bbox 959 1504 1094 1562; x_wconf 82' lang='lat' dir='ltr'><strong>veri,</strong></span> <span class='ocrx_word' id='word_1_194' title='bbox 1129 1503 1274 1569; x_wconf 89' lang='lat' dir='ltr'><strong>quod</strong></span> <span class='ocrx_word' id='word_1_195' title='bbox 1314 1502 1578 1555; x_wconf 81' lang='lat' dir='ltr'><strong>Dominus</strong></span> <span class='ocrx_word' id='word_1_196' title='bbox 1613 1502 1754 1561; x_wconf 77' lang='lat' dir='ltr'><strong>fixit,</strong></span> <span class='ocrx_word' id='word_1_197' title='bbox 1793 1517 1900 1553; x_wconf 92' lang='lat' dir='ltr'><strong>non</strong></span> <span class='ocrx_word' id='word_1_198' title='bbox 1941 1503 2104 1555; x_wconf 88' lang='lat' dir='ltr'><strong>homo</strong></span> <span class='ocrx_word' id='word_1_199' title='bbox 2131 1545 2145 1567; x_wconf 93' lang='lat'><strong>,</strong></span> <span class='ocrx_word' id='word_1_200' title='bbox 2183 1505 2269 1555; x_wconf 90' lang='lat' dir='ltr'><strong>cui</strong></span> <span class='ocrx_word' id='word_1_201' title='bbox 2309 1505 2484 1558; x_wconf 89' lang='lat' dir='ltr'><strong>modis</strong></span> <span class='ocrx_word' id='word_1_202' title='bbox 2511 1509 2766 1560; x_wconf 88' lang='lat' dir='ltr'><strong>omnibus</strong></span> <span class='ocrx_word' id='word_1_203' title='bbox 2825 1507 3082 1560; x_wconf 53' lang='lat' dir='ltr'><strong>Israelita</strong></span> <span class='ocrx_word' id='word_1_204' title='bbox 3118 1508 3387 1574; x_wconf 76' lang='lat' dir='ltr'><strong>sanguine</strong></span> <span class='ocrx_word' id='word_1_205' title='bbox 3423 1509 3713 1576; x_wconf 86' lang='lat' dir='ltr'><strong>propinqui</strong></span> <span class='ocrx_word' id='word_1_206' title='bbox 3765 1510 3830 1560; x_wconf 90' lang='lat' dir='ltr'><strong>ad</strong></span> <span class='ocrx_word' id='word_1_207' title='bbox 3883 1526 4015 1562; x_wconf 90' lang='lat' dir='ltr'><strong>cru-</strong></span> 
     </span>
    </p>
   </div>
   <div class='ocr_carea' id='block_1_17' title="bbox 745 1588 4014 1664">
    <p class='ocr_par' dir='ltr' id='par_1_17' title="bbox 745 1588 4014 1664">
     <span class='ocr_line' id='line_1_17' title="bbox 745 1588 4014 1664; baseline 0.002 -23"><span class='ocrx_word' id='word_1_208' title='bbox 745 1607 858 1641; x_wconf 83' lang='lat' dir='ltr'><strong>cem</strong></span> <span class='ocrx_word' id='word_1_209' title='bbox 911 1605 1081 1656; x_wconf 85' lang='lat' dir='ltr'><strong>uSque</strong></span> <span class='ocrx_word' id='word_1_210' title='bbox 1131 1593 1470 1641; x_wconf 83' lang='lat' dir='ltr'><strong>restiterunt.</strong></span> <span class='ocrx_word' id='word_1_211' title='bbox 1509 1588 1708 1640; x_wconf 76' lang='lat' dir='ltr'><strong>Verum</strong></span> <span class='ocrx_word' id='word_1_212' title='bbox 1757 1590 1910 1654; x_wconf 76' lang='lat' dir='ltr'><strong>juxta</strong></span> <span class='ocrx_word' id='word_1_213' title='bbox 1965 1589 2202 1642; x_wconf 86' lang='lat' dir='ltr'><strong>formant</strong></span> <span class='ocrx_word' id='word_1_214' title='bbox 2254 1591 2640 1646; x_wconf 82' lang='lat' dir='ltr'><strong>reviresccntis</strong></span> <span class='ocrx_word' id='word_1_215' title='bbox 2674 1593 2838 1660; x_wconf 91' lang='lat' dir='ltr'><strong>hujus</strong></span> <span class='ocrx_word' id='word_1_216' title='bbox 2875 1593 3057 1662; x_wconf 66' lang='lat' dir='ltr'><strong>virgze,</strong></span> <span class='ocrx_word' id='word_1_217' title='bbox 3115 1594 3334 1656; x_wconf 77' lang='lat' dir='ltr'><strong>revixit,</strong></span> <span class='ocrx_word' id='word_1_218' title='bbox 3372 1595 3741 1662; x_wconf 89' lang='lat' dir='ltr'><strong>onmibusque</strong></span> <span class='ocrx_word' id='word_1_219' title='bbox 3794 1597 4014 1664; x_wconf 80' lang='lat' dir='ltr'><strong>signum</strong></span> 
     </span>
    </p>
   </div>
   <div class='ocr_carea' id='block_1_18' title="bbox 746 1675 4017 1750">
    <p class='ocr_par' dir='ltr' id='par_1_18' title="bbox 746 1675 4017 1750">
     <span class='ocr_line' id='line_1_18' title="bbox 746 1675 4017 1750; baseline 0.003 -24"><span class='ocrx_word' id='word_1_220' title='bbox 746 1680 970 1746; x_wconf 63' lang='lat' dir='ltr'><strong>praebuit</strong></span> <span class='ocrx_word' id='word_1_221' title='bbox 1017 1694 1042 1728; x_wconf 91' lang='lat' dir='ltr'><strong>a</strong></span> <span class='ocrx_word' id='word_1_222' title='bbox 1080 1677 1186 1729; x_wconf 78' lang='grc' dir='ltr'><strong>Ι)ρο</strong></span> <span class='ocrx_word' id='word_1_223' title='bbox 1231 1693 1287 1730; x_wconf 81' lang='lat' dir='ltr'><strong>se</strong></span> <span class='ocrx_word' id='word_1_224' title='bbox 1324 1678 1560 1738; x_wconf 85' lang='lat' dir='ltr'><strong>venisse,</strong></span> <span class='ocrx_word' id='word_1_225' title='bbox 1608 1678 1895 1745; x_wconf 88' lang='lat' dir='ltr'><strong>ipsumque</strong></span> <span class='ocrx_word' id='word_1_226' title='bbox 1942 1675 2110 1729; x_wconf 77' lang='lat' dir='ltr'><strong>Deum</strong></span> <span class='ocrx_word' id='word_1_227' title='bbox 2157 1692 2296 1731; x_wconf 87' lang='lat' dir='ltr'><strong>esse.</strong></span> <span class='ocrx_word' id='word_1_228' title='bbox 2331 1677 2601 1742; x_wconf 86' lang='lat' dir='ltr'><strong>Quocirca</strong></span> <span class='ocrx_word' id='word_1_229' title='bbox 2635 1681 2850 1747; x_wconf 67' lang='lat' dir='ltr'><strong>signum</strong></span> <span class='ocrx_word' id='word_1_230' title='bbox 2886 1679 3192 1747; x_wconf 90' lang='lat' dir='ltr'><strong>petentibus</strong></span> <span class='ocrx_word' id='word_1_231' title='bbox 3232 1695 3338 1732; x_wconf 93' lang='lat' dir='ltr'><strong>nou</strong></span> <span class='ocrx_word' id='word_1_232' title='bbox 3376 1681 3520 1733; x_wconf 88' lang='lat' dir='ltr'><strong>aliud</strong></span> <span class='ocrx_word' id='word_1_233' title='bbox 3556 1697 3718 1750; x_wconf 90' lang='lat' dir='ltr'><strong>quam</strong></span> <span class='ocrx_word' id='word_1_234' title='bbox 3756 1679 3906 1734; x_wconf 70' lang='lat' dir='ltr'><strong>Jona:</strong></span> <span class='ocrx_word' id='word_1_235' title='bbox 3940 1685 4017 1736; x_wconf 84' lang='lat' dir='ltr'><strong>si-</strong></span> 
     </span>
    </p>
   </div>
   <div class='ocr_carea' id='block_1_19' title="bbox 741 1765 4019 1836">
    <p class='ocr_par' dir='ltr' id='par_1_19' title="bbox 741 1765 4019 1836">
     <span class='ocr_line' id='line_1_19' title="bbox 741 1765 4019 1836; baseline 0.001 -19"><span class='ocrx_word' id='word_1_236' title='bbox 741 1783 906 1836; x_wconf 76' lang='lat' dir='ltr'><strong>gnum</strong></span> <span class='ocrx_word' id='word_1_237' title='bbox 965 1766 1318 1834; x_wconf 88' lang='lat' dir='ltr'><strong>promittitur.</strong></span> <span class='ocrx_word' id='word_1_238' title='bbox 1369 1766 1424 1818; x_wconf 94' lang='lat' dir='ltr'><strong>In</strong></span> <span class='ocrx_word' id='word_1_239' title='bbox 1473 1767 1591 1834; x_wconf 86' lang='lat' dir='ltr'><strong>ipso</strong></span> <span class='ocrx_word' id='word_1_240' title='bbox 1624 1766 1769 1817; x_wconf 85' lang='lat' dir='ltr'><strong>enim</strong></span> <span class='ocrx_word' id='word_1_241' title='bbox 1819 1775 2076 1834; x_wconf 86' lang='lat' dir='ltr'><strong>tanquam</strong></span> <span class='ocrx_word' id='word_1_242' title='bbox 2133 1766 2492 1835; x_wconf 78' lang='lat' dir='ltr'><strong>pritnogcnito</strong></span> <span class='ocrx_word' id='word_1_243' title='bbox 2533 1783 2694 1820; x_wconf 88' lang='lat' dir='ltr'><strong>omne</strong></span> <span class='ocrx_word' id='word_1_244' title='bbox 2749 1767 2893 1835; x_wconf 87' lang='lat' dir='ltr'><strong>quod</strong></span> <span class='ocrx_word' id='word_1_245' title='bbox 2945 1765 3109 1817; x_wconf 87' lang='lat' dir='ltr'><strong>morti</strong></span> <span class='ocrx_word' id='word_1_246' title='bbox 3157 1774 3208 1819; x_wconf 91' lang='lat' dir='ltr'><strong>et</strong></span> <span class='ocrx_word' id='word_1_247' title='bbox 3260 1767 3500 1820; x_wconf 90' lang='lat' dir='ltr'><strong>interittti</strong></span> <span class='ocrx_word' id='word_1_248' title='bbox 3550 1769 3846 1820; x_wconf 82' lang='lat' dir='ltr'><strong>obnoxium</strong></span> <span class='ocrx_word' id='word_1_249' title='bbox 3899 1779 4019 1820; x_wconf 85' lang='lat' dir='ltr'><strong>erat</strong></span> 
     </span>
    </p>
   </div>
   <div class='ocr_carea' id='block_1_20' title="bbox 744 1854 4018 1926">
    <p class='ocr_par' dir='ltr' id='par_1_20' title="bbox 744 1854 4018 1926">
     <span class='ocr_line' id='line_1_20' title="bbox 744 1854 4018 1926; baseline 0 -17"><span class='ocrx_word' id='word_1_250' title='bbox 744 1859 864 1910; x_wconf 64' lang='lat' dir='ltr'><strong>\ilil.‘</strong></span> <span class='ocrx_word' id='word_1_251' title='bbox 903 1861 1142 1923; x_wconf 61' lang='lat' dir='ltr'><strong>vigorem</strong></span> <span class='ocrx_word' id='word_1_252' title='bbox 1177 1863 1230 1909; x_wconf 91' lang='lat' dir='ltr'><strong>ct</strong></span> <span class='ocrx_word' id='word_1_253' title='bbox 1261 1857 1496 1908; x_wconf 84' lang='lat' dir='ltr'><strong>virorem</strong></span> <span class='ocrx_word' id='word_1_254' title='bbox 1537 1855 1904 1922; x_wconf 74' lang='lat' dir='ltr'><strong>recuperarit.</strong></span> <span class='ocrx_word' id='word_1_255' title='bbox 1948 1854 2170 1907; x_wconf 77' lang='lat' dir='ltr'><strong>Videtur</strong></span> <span class='ocrx_word' id='word_1_256' title='bbox 2206 1870 2367 1923; x_wconf 88' lang='lat' dir='ltr'><strong>porro</strong></span> <span class='ocrx_word' id='word_1_257' title='bbox 2405 1858 2550 1924; x_wconf 65' lang='lat' dir='ltr'><strong>virga</strong></span> <span class='ocrx_word' id='word_1_258' title='bbox 2591 1856 2934 1926; x_wconf 72' lang='lat' dir='ltr'><strong>amygdalina</strong></span> <span class='ocrx_word' id='word_1_259' title='bbox 2958 1897 2971 1919; x_wconf 93' lang='lat'><strong>,</strong></span> <span class='ocrx_word' id='word_1_260' title='bbox 3007 1858 3207 1909; x_wconf 87' lang='lat' dir='ltr'><strong>virtute</strong></span> <span class='ocrx_word' id='word_1_261' title='bbox 3238 1857 3471 1924; x_wconf 89' lang='lat' dir='ltr'><strong>quadam</strong></span> <span class='ocrx_word' id='word_1_262' title='bbox 3520 1859 3755 1910; x_wconf 82' lang='lat' dir='ltr'><strong>naturali</strong></span> <span class='ocrx_word' id='word_1_263' title='bbox 3808 1859 4018 1911; x_wconf 88' lang='lat' dir='ltr'><strong>dormi—</strong></span> 
     </span>
    </p>
   </div>
   <div class='ocr_carea' id='block_1_21' title="bbox 744 1942 4017 2014">
    <p class='ocr_par' dir='ltr' id='par_1_21' title="bbox 744 1942 4017 2014">
     <span class='ocr_line' id='line_1_21' title="bbox 744 1942 4017 2014; baseline -0.001 -16"><span class='ocrx_word' id='word_1_264' title='bbox 744 1948 1077 1999; x_wconf 85' lang='lat' dir='ltr'><strong>turieutihus</strong></span> <span class='ocrx_word' id='word_1_265' title='bbox 1127 1960 1264 2014; x_wconf 86' lang='lat' dir='ltr'><strong>ponc</strong></span> <span class='ocrx_word' id='word_1_266' title='bbox 1325 1953 1489 2014; x_wconf 87' lang='lat' dir='ltr'><strong>caput</strong></span> <span class='ocrx_word' id='word_1_267' title='bbox 1539 1948 1714 2013; x_wconf 87' lang='lat' dir='ltr'><strong>posita</strong></span> <span class='ocrx_word' id='word_1_268' title='bbox 1745 1985 1759 2008; x_wconf 93' lang='lat'><strong>,</strong></span> <span class='ocrx_word' id='word_1_269' title='bbox 1817 1960 2068 1997; x_wconf 87' lang='lat' dir='ltr'><strong>somnum</strong></span> <span class='ocrx_word' id='word_1_270' title='bbox 2119 1946 2352 2013; x_wconf 86' lang='lat' dir='ltr'><strong>eripere,</strong></span> <span class='ocrx_word' id='word_1_271' title='bbox 2392 1944 2843 2013; x_wconf 73' lang='lat' dir='ltr'><strong>vigilantiamque</strong></span> <span class='ocrx_word' id='word_1_272' title='bbox 2895 1945 3212 2009; x_wconf 88' lang='lat' dir='ltr'><strong>concitare;</strong></span> <span class='ocrx_word' id='word_1_273' title='bbox 3250 1952 3588 2012; x_wconf 89' lang='lat' dir='ltr'><strong>quapr0pter</strong></span> <span class='ocrx_word' id='word_1_274' title='bbox 3625 1945 3690 1996; x_wconf 91' lang='lat' dir='ltr'><strong>ad</strong></span> <span class='ocrx_word' id='word_1_275' title='bbox 3725 1942 4017 1997; x_wconf 87' lang='lat' dir='ltr'><strong>Jcremiam</strong></span> 
     </span>
    </p>
   </div>
   <div class='ocr_carea' id='block_1_22' title="bbox 744 2035 4020 2106">
    <p class='ocr_par' dir='ltr' id='par_1_22' title="bbox 744 2035 4020 2106">
     <span class='ocr_line' id='line_1_22' title="bbox 744 2035 4020 2106; baseline -0 -15"><span class='ocrx_word' id='word_1_276' title='bbox 744 2040 878 2092; x_wconf 69' lang='lat' dir='ltr'><strong>dixit</strong></span> <span class='ocrx_word' id='word_1_277' title='bbox 911 2040 1049 2093; x_wconf 82' lang='lat' dir='ltr'><strong>Dens</strong></span> <span class='ocrx_word' id='word_1_278' title='bbox 1089 2059 1101 2092; x_wconf 88' lang='lat'><strong>:</strong></span> <span class='ocrx_word' id='word_1_279' title='bbox 1151 2058 1167 2089; x_wconf 83' lang='grc' dir='ltr'><strong>ι</strong></span> <span class='ocrx_word' id='word_1_280' title='bbox 1201 2041 1338 2105; x_wconf 74' lang='lat' dir='ltr'><strong>Quid</strong></span> <span class='ocrx_word' id='word_1_281' title='bbox 1373 2049 1428 2091; x_wconf 91' lang='lat' dir='ltr'><strong>tu</strong></span> <span class='ocrx_word' id='word_1_282' title='bbox 1479 2038 1674 2091; x_wconf 78' lang='lat' dir='ltr'><strong>vides?</strong></span> <span class='ocrx_word' id='word_1_283' title='bbox 1712 2058 1727 2089; x_wconf 78' lang='grc' dir='ltr'><strong>ι</strong></span> <span class='ocrx_word' id='word_1_284' title='bbox 1759 2037 1856 2090; x_wconf 90' lang='lat' dir='ltr'><strong>Cui</strong></span> <span class='ocrx_word' id='word_1_285' title='bbox 1887 2037 2164 2106; x_wconf 82' lang='lat' dir='ltr'><strong>respondit</strong></span> <span class='ocrx_word' id='word_1_286' title='bbox 2200 2039 2286 2090; x_wconf 86' lang='lat' dir='ltr'><strong>ille</strong></span> <span class='ocrx_word' id='word_1_287' title='bbox 2318 2053 2334 2089; x_wconf 86' lang='lat'><strong><em>:</em></strong></span> <span class='ocrx_word' id='word_1_288' title='bbox 2374 2055 2391 2088; x_wconf 78' lang='grc' dir='ltr'><strong>ι</strong></span> <span class='ocrx_word' id='word_1_289' title='bbox 2430 2037 2698 2090; x_wconf 86' lang='lat' dir='ltr'><strong>Perticam</strong></span> <span class='ocrx_word' id='word_1_290' title='bbox 2735 2035 3142 2105; x_wconf 83' lang='lat' dir='ltr'><strong>amygdalinam</strong></span> <span class='ocrx_word' id='word_1_291' title='bbox 3172 2077 3186 2100; x_wconf 93' lang='lat'><strong>,</strong></span> <span class='ocrx_word' id='word_1_292' title='bbox 3229 2055 3246 2086; x_wconf 80' lang='grc' dir='ltr'><strong>ι</strong></span> <span class='ocrx_word' id='word_1_293' title='bbox 3278 2037 3367 2089; x_wconf 90' lang='lat' dir='ltr'><strong>cui</strong></span> <span class='ocrx_word' id='word_1_294' title='bbox 3417 2037 3710 2090; x_wconf 90' lang='lat' dir='ltr'><strong>subintulit</strong></span> <span class='ocrx_word' id='word_1_295' title='bbox 3746 2055 3757 2088; x_wconf 88' lang='lat'><strong>:</strong></span> <span class='ocrx_word' id='word_1_296' title='bbox 3794 2053 3812 2086; x_wconf 76' lang='grc' dir='ltr'><strong>ι</strong></span> <span class='ocrx_word' id='word_1_297' title='bbox 3850 2036 4020 2090; x_wconf 81' lang='lat' dir='ltr'><strong>Recte</strong></span> 
     </span>
    </p>
   </div>
   <div class='ocr_carea' id='block_1_23' title="bbox 747 2121 2432 2194">
    <p class='ocr_par' dir='ltr' id='par_1_23' title="bbox 747 2125 2431 2187">
     <span class='ocr_line' id='line_1_23' title="bbox 747 2125 2431 2187; baseline -0.001 -9"><span class='ocrx_word' id='word_1_298' title='bbox 747 2129 928 2180; x_wconf 76' lang='lat' dir='ltr'><strong>vidiin</strong></span> <span class='ocrx_word' id='word_1_299' title='bbox 977 2145 1130 2185; x_wconf 80' lang='lat' dir='ltr'><strong>sane,</strong></span> <span class='ocrx_word' id='word_1_300' title='bbox 1181 2128 1532 2179; x_wconf 86' lang='lat' dir='ltr'><strong>sermonibus</strong></span> <span class='ocrx_word' id='word_1_301' title='bbox 1568 2128 1768 2178; x_wconf 86' lang='lat' dir='ltr'><strong>etenim</strong></span> <span class='ocrx_word' id='word_1_302' title='bbox 1805 2125 1958 2187; x_wconf 90' lang='lat' dir='ltr'><strong>meis,</strong></span> <span class='ocrx_word' id='word_1_303' title='bbox 2000 2134 2053 2177; x_wconf 90' lang='lat' dir='ltr'><strong>ut</strong></span> <span class='ocrx_word' id='word_1_304' title='bbox 2087 2140 2181 2179; x_wconf 90' lang='lat' dir='ltr'><strong>eos</strong></span> <span class='ocrx_word' id='word_1_305' title='bbox 2219 2125 2431 2177; x_wconf 77' lang='lat' dir='ltr'><strong>effectui</strong></span> 
     </span>
    </p>
   </div>
   <div class='ocr_carea' id='block_1_24' title="bbox 2334 2121 4019 2194">
    <p class='ocr_par' dir='ltr' id='par_1_24' title="bbox 2334 2121 4019 2194">
     <span class='ocr_line' id='line_1_24' title="bbox 2334 2121 4019 2194; baseline 0 -17"><span class='ocrx_word' id='word_1_306' title='bbox 2334 2135 2468 2177; x_wconf 80' lang='lat' dir='ltr'><strong>:tum</strong></span> <span class='ocrx_word' id='word_1_307' title='bbox 2505 2123 2712 2187; x_wconf 85' lang='lat' dir='ltr'><strong>darem,</strong></span> <span class='ocrx_word' id='word_1_308' title='bbox 2752 2123 3028 2191; x_wconf 82' lang='lat' dir='ltr'><strong>iuvigilavi</strong></span> <span class='ocrx_word' id='word_1_309' title='bbox 3080 2123 3180 2175; x_wconf 74' lang='grc'><strong>⁷⁷.»</strong></span> <span class='ocrx_word' id='word_1_310' title='bbox 3215 2121 4019 2194; x_wconf 71' lang='lat' dir='ltr'><strong>Quemadmoduthme</strong></span> 
     </span>
    </p>
   </div>
   <div class='ocr_carea' id='block_1_25' title="bbox 741 2207 4019 2282">
    <p class='ocr_par' dir='ltr' id='par_1_25' title="bbox 741 2207 4019 2282">
     <span class='ocr_line' id='line_1_25' title="bbox 741 2207 4019 2282; baseline -0.002 -14"><span class='ocrx_word' id='word_1_311' title='bbox 741 2232 770 2268; x_wconf 91' lang='lat' dir='ltr'><strong>e</strong></span> <span class='ocrx_word' id='word_1_312' title='bbox 823 2233 1016 2268; x_wconf 80' lang='lat' dir='ltr'><strong>somno</strong></span> <span class='ocrx_word' id='word_1_313' title='bbox 1046 2216 1246 2282; x_wconf 84' lang='lat' dir='ltr'><strong>aliquis</strong></span> <span class='ocrx_word' id='word_1_314' title='bbox 1279 2216 1527 2282; x_wconf 77' lang='lat' dir='ltr'><strong>evigilat,</strong></span> <span class='ocrx_word' id='word_1_315' title='bbox 1563 2215 1633 2264; x_wconf 87' lang='lat' dir='ltr'><strong>ita</strong></span> <span class='ocrx_word' id='word_1_316' title='bbox 1669 2230 1695 2264; x_wconf 74' lang='grc' dir='ltr'>τι</span> <span class='ocrx_word' id='word_1_317' title='bbox 1741 2213 1976 2266; x_wconf 86' lang='lat' dir='ltr'><strong>mortuis</strong></span> <span class='ocrx_word' id='word_1_318' title='bbox 2009 2214 2205 2265; x_wconf 80' lang='lat' dir='ltr'><strong>revixit</strong></span> <span class='ocrx_word' id='word_1_319' title='bbox 2239 2212 2510 2265; x_wconf 86' lang='lat' dir='ltr'><strong>Christus.</strong></span> <span class='ocrx_word' id='word_1_320' title='bbox 2573 2208 2728 2263; x_wconf 70' lang='lat' dir='ltr'><strong>Unde</strong></span> <span class='ocrx_word' id='word_1_321' title='bbox 2782 2210 2835 2262; x_wconf 91' lang='lat' dir='ltr'><strong>in</strong></span> <span class='ocrx_word' id='word_1_322' title='bbox 2885 2207 3120 2264; x_wconf 83' lang='lat' dir='ltr'><strong>Psalmis</strong></span> <span class='ocrx_word' id='word_1_323' title='bbox 3154 2224 3372 2280; x_wconf 87' lang='lat' dir='ltr'><strong>quoque</strong></span> <span class='ocrx_word' id='word_1_324' title='bbox 3401 2211 3534 2264; x_wconf 88' lang='lat' dir='ltr'><strong>dicit</strong></span> <span class='ocrx_word' id='word_1_325' title='bbox 3567 2229 3578 2264; x_wconf 89' lang='lat'><strong>:</strong></span> <span class='ocrx_word' id='word_1_326' title='bbox 3619 2229 3636 2260; x_wconf 83' lang='lat' dir='ltr'><strong>t</strong></span> <span class='ocrx_word' id='word_1_327' title='bbox 3677 2210 3788 2280; x_wconf 69' lang='lat' dir='ltr'><strong>Ego</strong></span> <span class='ocrx_word' id='word_1_328' title='bbox 3816 2211 4019 2265; x_wconf 85' lang='lat' dir='ltr'><strong>cubavi</strong></span> 
     </span>
    </p>
   </div>
   <div class='ocr_carea' id='block_1_26' title="bbox 743 2298 2850 2369">
    <p class='ocr_par' dir='ltr' id='par_1_26' title="bbox 743 2298 2850 2369">
     <span class='ocr_line' id='line_1_26' title="bbox 743 2298 2850 2369; baseline -0.003 -15"><span class='ocrx_word' id='word_1_329' title='bbox 743 2320 805 2355; x_wconf 89' lang='lat' dir='ltr'><strong>ac</strong></span> <span class='ocrx_word' id='word_1_330' title='bbox 855 2304 1114 2365; x_wconf 77' lang='lat' dir='ltr'><strong>dormivi,</strong></span> <span class='ocrx_word' id='word_1_331' title='bbox 1153 2303 1440 2369; x_wconf 71' lang='lat' dir='ltr'><strong>cvigilavi,</strong></span> <span class='ocrx_word' id='word_1_332' title='bbox 1469 2302 1594 2367; x_wconf 89' lang='lat' dir='ltr'><strong>quia</strong></span> <span class='ocrx_word' id='word_1_333' title='bbox 1633 2301 1894 2353; x_wconf 78' lang='lat' dir='ltr'><strong>llominus</strong></span> <span class='ocrx_word' id='word_1_334' title='bbox 1927 2300 2190 2368; x_wconf 88' lang='lat' dir='ltr'><strong>suscipiet</strong></span> <span class='ocrx_word' id='word_1_335' title='bbox 2219 2315 2280 2353; x_wconf 92' lang='lat' dir='ltr'><strong>ac</strong></span> <span class='ocrx_word' id='word_1_336' title='bbox 2316 2299 2558 2352; x_wconf 90' lang='lat' dir='ltr'><strong>tuebitur</strong></span> <span class='ocrx_word' id='word_1_337' title='bbox 2589 2315 2672 2350; x_wconf 86' lang='lat' dir='ltr'><strong>tne</strong></span> <span class='ocrx_word' id='word_1_338' title='bbox 2721 2298 2786 2350; x_wconf 83' lang='grc'><strong>⁷⁸.</strong></span> <span class='ocrx_word' id='word_1_339' title='bbox 2834 2315 2850 2347; x_wconf 81' lang='grc' dir='ltr'><strong>ι</strong></span> 
     </span>
    </p>
   </div>
   <div class='ocr_carea' id='block_1_27' title="bbox 817 2383 4012 2458">
    <p class='ocr_par' dir='ltr' id='par_1_27' title="bbox 817 2383 4012 2458">
     <span class='ocr_line' id='line_1_27' title="bbox 817 2383 4012 2458; baseline -0.001 -15"><span class='ocrx_word' id='word_1_340' title='bbox 817 2391 1003 2443; x_wconf 69' lang='lat' dir='ltr'><strong>Ornnis</strong></span> <span class='ocrx_word' id='word_1_341' title='bbox 1033 2393 1120 2458; x_wconf 82' lang='lat' dir='ltr'><strong>qui</strong></span> <span class='ocrx_word' id='word_1_342' title='bbox 1147 2390 1382 2458; x_wconf 76' lang='lat' dir='ltr'><strong>attigerit</strong></span> <span class='ocrx_word' id='word_1_343' title='bbox 1413 2388 1813 2441; x_wconf 79' lang='lat' dir='ltr'><strong>tabernaculum</strong></span> <span class='ocrx_word' id='word_1_344' title='bbox 1843 2388 2136 2440; x_wconf 83' lang='lat' dir='ltr'><strong>testimonii</strong></span> <span class='ocrx_word' id='word_1_345' title='bbox 2175 2385 2384 2438; x_wconf 81' lang='lat' dir='ltr'><strong>Domini</strong></span> <span class='ocrx_word' id='word_1_346' title='bbox 2411 2389 2683 2440; x_wconf 83' lang='lat' dir='ltr'><strong>morietur.</strong></span> <span class='ocrx_word' id='word_1_347' title='bbox 2711 2383 2900 2457; x_wconf 73' lang='lat' dir='ltr'><strong>[XVIL</strong></span> <span class='ocrx_word' id='word_1_348' title='bbox 2928 2384 3040 2457; x_wconf 77' lang='grc'><strong>15.]</strong></span> <span class='ocrx_word' id='word_1_349' title='bbox 3071 2383 3224 2440; x_wconf 76' lang='lat' dir='ltr'><strong>Malis</strong></span> <span class='ocrx_word' id='word_1_350' title='bbox 3242 2385 3387 2439; x_wconf 87' lang='lat' dir='ltr'><strong>ettim</strong></span> <span class='ocrx_word' id='word_1_351' title='bbox 3418 2401 3524 2438; x_wconf 84' lang='lat' dir='ltr'><strong>non</strong></span> <span class='ocrx_word' id='word_1_352' title='bbox 3551 2395 3697 2455; x_wconf 82' lang='lat' dir='ltr'><strong>patet</strong></span> <span class='ocrx_word' id='word_1_353' title='bbox 3734 2386 3916 2444; x_wconf 85' lang='lat' dir='ltr'><strong>aditus</strong></span> <span class='ocrx_word' id='word_1_354' title='bbox 3944 2388 4012 2442; x_wconf 89' lang='lat' dir='ltr'><strong>ad</strong></span> 
     </span>
    </p>
   </div>
   <div class='ocr_carea' id='block_1_28' title="bbox 747 2474 4004 2547">
    <p class='ocr_par' dir='ltr' id='par_1_28' title="bbox 747 2474 4004 2547">
     <span class='ocr_line' id='line_1_28' title="bbox 747 2474 4004 2547; baseline -0.002 -13"><span class='ocrx_word' id='word_1_355' title='bbox 747 2482 936 2539; x_wconf 72' lang='lat' dir='ltr'><strong>lit-um.</strong></span> <span class='ocrx_word' id='word_1_356' title='bbox 973 2481 1114 2532; x_wconf 77' lang='lat' dir='ltr'><strong>titulo</strong></span> <span class='ocrx_word' id='word_1_357' title='bbox 1143 2487 1264 2547; x_wconf 83' lang='lat' dir='ltr'><strong>post</strong></span> <span class='ocrx_word' id='word_1_358' title='bbox 1291 2488 1470 2529; x_wconf 88' lang='lat' dir='ltr'><strong>actmn</strong></span> <span class='ocrx_word' id='word_1_359' title='bbox 1512 2477 1779 2545; x_wconf 83' lang='lat' dir='ltr'><strong>judicium</strong></span> <span class='ocrx_word' id='word_1_360' title='bbox 1811 2474 2112 2543; x_wconf 76' lang='lat' dir='ltr'><strong>ejiciuntur</strong></span> <span class='ocrx_word' id='word_1_361' title='bbox 2141 2475 2395 2543; x_wconf 87' lang='lat' dir='ltr'><strong>improbi.</strong></span> <span class='ocrx_word' id='word_1_362' title='bbox 2426 2477 2563 2530; x_wconf 85' lang='lat' dir='ltr'><strong>Ante</strong></span> <span class='ocrx_word' id='word_1_363' title='bbox 2607 2475 2877 2543; x_wconf 89' lang='lat' dir='ltr'><strong>judicium</strong></span> <span class='ocrx_word' id='word_1_364' title='bbox 2905 2489 3038 2529; x_wconf 77' lang='lat' dir='ltr'><strong>vero</strong></span> <span class='ocrx_word' id='word_1_365' title='bbox 3075 2474 3388 2528; x_wconf 87' lang='lat' dir='ltr'><strong>hominibus</strong></span> <span class='ocrx_word' id='word_1_366' title='bbox 3416 2475 3508 2543; x_wconf 92' lang='lat' dir='ltr'><strong>qui</strong></span> <span class='ocrx_word' id='word_1_367' title='bbox 3551 2474 3601 2527; x_wconf 92' lang='lat' dir='ltr'><strong>in</strong></span> <span class='ocrx_word' id='word_1_368' title='bbox 3633 2475 3838 2530; x_wconf 90' lang='lat' dir='ltr'><strong>mundo</strong></span> <span class='ocrx_word' id='word_1_369' title='bbox 3871 2485 4004 2530; x_wconf 89' lang='lat' dir='ltr'><strong>sunt</strong></span> 
     </span>
    </p>
   </div>
   <div class='ocr_carea' id='block_1_29' title="bbox 745 2561 4012 2638">
    <p class='ocr_par' dir='ltr' id='par_1_29' title="bbox 745 2561 4012 2638">
     <span class='ocr_line' id='line_1_29' title="bbox 745 2561 4012 2638; baseline -0.002 -16"><span class='ocrx_word' id='word_1_370' title='bbox 745 2571 980 2638; x_wconf 78' lang='lat' dir='ltr'><strong>Spatium</strong></span> <span class='ocrx_word' id='word_1_371' title='bbox 1012 2568 1338 2621; x_wconf 77' lang='lat' dir='ltr'><strong>conceditur</strong></span> <span class='ocrx_word' id='word_1_372' title='bbox 1369 2565 1494 2617; x_wconf 66' lang='lat' dir='ltr'><strong>vita:</strong></span> <span class='ocrx_word' id='word_1_373' title='bbox 1523 2563 1951 2618; x_wconf 89' lang='lat' dir='ltr'><strong>emendationis.</strong></span> <span class='ocrx_word' id='word_1_374' title='bbox 1991 2562 2170 2630; x_wconf 84' lang='lat' dir='ltr'><strong>Atque</strong></span> <span class='ocrx_word' id='word_1_375' title='bbox 2205 2561 2271 2615; x_wconf 88' lang='lat' dir='ltr'><strong>ad</strong></span> <span class='ocrx_word' id='word_1_376' title='bbox 2299 2561 2578 2618; x_wconf 82' lang='lat' dir='ltr'><strong>Christum</strong></span> <span class='ocrx_word' id='word_1_377' title='bbox 2610 2573 2833 2634; x_wconf 87' lang='lat' dir='ltr'><strong>propter</strong></span> <span class='ocrx_word' id='word_1_378' title='bbox 2858 2562 3176 2619; x_wconf 77' lang='lat' dir='ltr'><strong>afﬁnitatem</strong></span> <span class='ocrx_word' id='word_1_379' title='bbox 3211 2563 3398 2616; x_wconf 89' lang='lat' dir='ltr'><strong>carnis</strong></span> <span class='ocrx_word' id='word_1_380' title='bbox 3438 2577 3604 2632; x_wconf 81' lang='lat' dir='ltr'><strong>quant</strong></span> <span class='ocrx_word' id='word_1_381' title='bbox 3639 2578 3764 2617; x_wconf 91' lang='lat' dir='ltr'><strong>cum</strong></span> <span class='ocrx_word' id='word_1_382' title='bbox 3819 2579 3884 2618; x_wconf 92' lang='lat' dir='ltr'><strong>co</strong></span> <span class='ocrx_word' id='word_1_383' title='bbox 3911 2565 4012 2617; x_wconf 86' lang='lat' dir='ltr'><strong>ha-</strong></span> 
     </span>
    </p>
   </div>
   <div class='ocr_carea' id='block_1_30' title="bbox 746 2651 2120 2724">
    <p class='ocr_par' dir='ltr' id='par_1_30' title="bbox 746 2651 2120 2724">
     <span class='ocr_line' id='line_1_30' title="bbox 746 2651 2120 2724; baseline -0.006 -14"><span class='ocrx_word' id='word_1_384' title='bbox 746 2660 937 2711; x_wconf 77' lang='lat' dir='ltr'><strong>bemus</strong></span> <span class='ocrx_word' id='word_1_385' title='bbox 969 2657 1182 2724; x_wconf 87' lang='lat' dir='ltr'><strong>amplus</strong></span> <span class='ocrx_word' id='word_1_386' title='bbox 1217 2669 1477 2707; x_wconf 81' lang='lat' dir='ltr'><strong>acces‘sus</strong></span> <span class='ocrx_word' id='word_1_387' title='bbox 1524 2653 1683 2704; x_wconf 84' lang='lat' dir='ltr'><strong>nobis</strong></span> <span class='ocrx_word' id='word_1_388' title='bbox 1734 2663 1818 2704; x_wconf 79' lang='lat' dir='ltr'><strong>est</strong></span> <span class='ocrx_word' id='word_1_389' title='bbox 1852 2651 2120 2704; x_wconf 70' lang='lat' dir='ltr'><strong>tributus.</strong></span> 
     </span>
    </p>
   </div>
   <div class='ocr_carea' id='block_1_31' title="bbox 816 2745 2501 2828">
    <p class='ocr_par' dir='ltr' id='par_1_31' title="bbox 816 2745 2415 2827">
     <span class='ocr_line' id='line_1_31' title="bbox 816 2745 2415 2827; baseline -0.006 -5"><span class='ocrx_word' id='word_1_390' title='bbox 816 2770 964 2822; x_wconf 69' lang='lat' dir='ltr'><strong>Dicit</strong></span> <span class='ocrx_word' id='word_1_391' title='bbox 1004 2767 1258 2819; x_wconf 80' lang='lat' dir='ltr'><strong>Dominus</strong></span> <span class='ocrx_word' id='word_1_392' title='bbox 1297 2766 1363 2817; x_wconf 84' lang='lat' dir='ltr'><strong>ad</strong></span> <span class='ocrx_word' id='word_1_393' title='bbox 1401 2766 1578 2816; x_wconf 80' lang='lat' dir='ltr'><strong>Aaron</strong></span> <span class='ocrx_word' id='word_1_394' title='bbox 1608 2779 1624 2814; x_wconf 89' lang='lat'><em>:</em></span> <span class='ocrx_word' id='word_1_395' title='bbox 1656 2761 1731 2814; x_wconf 83' lang='lat' dir='ltr'><strong>Tu</strong></span> <span class='ocrx_word' id='word_1_396' title='bbox 1763 2771 1810 2814; x_wconf 81' lang='lat' dir='ltr'><strong>et</strong></span> <span class='ocrx_word' id='word_1_397' title='bbox 1851 2761 2035 2814; x_wconf 82' lang='lat' dir='ltr'><strong>domus</strong></span> <span class='ocrx_word' id='word_1_398' title='bbox 2063 2761 2230 2827; x_wconf 81' lang='lat' dir='ltr'><strong>patris</strong></span> <span class='ocrx_word' id='word_1_399' title='bbox 2263 2760 2339 2813; x_wconf 84' lang='lat' dir='ltr'><strong>tui</strong></span> <span class='ocrx_word' id='word_1_400' title='bbox 2369 2745 2415 2802; x_wconf 78' lang='grc' dir='ltr'><strong>Α</strong></span> 
     </span>
    </p>
   </div>
   <div class='ocr_carea' id='block_1_32' title="bbox 2332 2745 4017 2828">
    <p class='ocr_par' dir='ltr' id='par_1_32' title="bbox 2332 2745 4017 2828">
     <span class='ocr_line' id='line_1_32' title="bbox 2332 2745 4017 2828; baseline 0.002 -16"><span class='ocrx_word' id='word_1_401' title='bbox 2332 2760 2339 2812; x_wconf 86' lang='lat' dir='ltr'><strong>i</strong></span> <span class='ocrx_word' id='word_1_402' title='bbox 2369 2745 2415 2802; x_wconf 81' lang='grc' dir='ltr'><strong>Α</strong></span> <span class='ocrx_word' id='word_1_403' title='bbox 2515 2758 2619 2812; x_wconf 74' lang='lat' dir='ltr'><strong>Ital</strong></span> <span class='ocrx_word' id='word_1_404' title='bbox 2651 2759 2781 2812; x_wconf 77' lang='grc' dir='ltr'><strong>εἷπε</strong></span> <span class='ocrx_word' id='word_1_405' title='bbox 2819 2761 3036 2827; x_wconf 82' lang='grc' dir='ltr'><strong>Κύριος</strong></span> <span class='ocrx_word' id='word_1_406' title='bbox 3072 2759 3220 2828; x_wconf 81' lang='grc' dir='ltr'><strong>πρὸς</strong></span> <span class='ocrx_word' id='word_1_407' title='bbox 3262 2760 3509 2827; x_wconf 78' lang='grc' dir='ltr'><strong>’Λαρὼν,</strong></span> <span class='ocrx_word' id='word_1_408' title='bbox 3532 2759 3755 2828; x_wconf 72' lang='grc' dir='ltr'><strong>λέγων’</strong></span> <span class='ocrx_word' id='word_1_409' title='bbox 3790 2761 3875 2814; x_wconf 84' lang='grc' dir='ltr'><strong>Σὺ</strong></span> <span class='ocrx_word' id='word_1_410' title='bbox 3920 2764 4017 2816; x_wconf 74' lang='grc' dir='ltr'><strong>καὶ</strong></span> 
     </span>
    </p>
   </div>
   <div class='ocr_carea' id='block_1_33' title="bbox 747 2847 2432 2930">
    <p class='ocr_par' dir='ltr' id='par_1_33' title="bbox 747 2851 2330 2930">
     <span class='ocr_line' id='line_1_33' title="bbox 747 2851 2330 2930; baseline -0.005 -16"><span class='ocrx_word' id='word_1_411' title='bbox 747 2875 910 2917; x_wconf 79' lang='lat' dir='ltr'><strong>ternm</strong></span> <span class='ocrx_word' id='word_1_412' title='bbox 939 2861 1221 2930; x_wconf 69' lang='lat' dir='ltr'><strong>portabilis</strong></span> <span class='ocrx_word' id='word_1_413' title='bbox 1264 2860 1599 2927; x_wconf 82' lang='lat' dir='ltr'><strong>iniquitatem</strong></span> <span class='ocrx_word' id='word_1_414' title='bbox 1634 2856 1953 2907; x_wconf 82' lang='lat' dir='ltr'><strong>sanctuarii.</strong></span> <span class='ocrx_word' id='word_1_415' title='bbox 2003 2851 2215 2924; x_wconf 70' lang='grc' dir='ltr'><strong>[ΧΗΙῇ</strong></span> <span class='ocrx_word' id='word_1_416' title='bbox 2255 2852 2330 2924; x_wconf 75' lang='grc'><strong>1.]</strong></span> 
     </span>
    </p>
   </div>
   <div class='ocr_carea' id='block_1_34' title="bbox 2338 2847 4023 2930">
    <p class='ocr_par' dir='ltr' id='par_1_34' title="bbox 2433 2847 4023 2918">
     <span class='ocr_line' id='line_1_34' title="bbox 2433 2847 4023 2918; baseline 0.003 -15"><span class='ocrx_word' id='word_1_417' title='bbox 2433 2853 2487 2904; x_wconf 80' lang='grc' dir='ltr'>οι</span> <span class='ocrx_word' id='word_1_418' title='bbox 2519 2852 2636 2904; x_wconf 84' lang='grc' dir='ltr'><strong>υιοί</strong></span> <span class='ocrx_word' id='word_1_419' title='bbox 2660 2868 2776 2904; x_wconf 88' lang='grc' dir='ltr'><strong>σου</strong></span> <span class='ocrx_word' id='word_1_420' title='bbox 2805 2853 2900 2904; x_wconf 74' lang='grc' dir='ltr'><strong>καὶ</strong></span> <span class='ocrx_word' id='word_1_421' title='bbox 2933 2855 2965 2905; x_wconf 84' lang='grc' dir='ltr'><em>ό</em></span> <span class='ocrx_word' id='word_1_422' title='bbox 2991 2847 3156 2917; x_wconf 69' lang='grc' dir='ltr'><strong>οἶκος</strong></span> <span class='ocrx_word' id='word_1_423' title='bbox 3189 2851 3294 2905; x_wconf 86' lang='grc' dir='ltr'><strong>τοῦ</strong></span> <span class='ocrx_word' id='word_1_424' title='bbox 3321 2851 3549 2918; x_wconf 78' lang='grc' dir='ltr'><em>πατρός</em></span> <span class='ocrx_word' id='word_1_425' title='bbox 3582 2867 3700 2903; x_wconf 89' lang='grc' dir='ltr'><strong>σου</strong></span> <span class='ocrx_word' id='word_1_426' title='bbox 3725 2857 3875 2918; x_wconf 81' lang='grc' dir='ltr'><strong>μετὰ</strong></span> <span class='ocrx_word' id='word_1_427' title='bbox 3900 2853 4023 2907; x_wconf 89' lang='grc' dir='ltr'><strong>σοῦ</strong></span> 
     </span>
    </p>
   </div>
   <div class='ocr_carea' id='block_1_35' title="bbox 744 2932 2429 3015">
    <p class='ocr_par' dir='ltr' id='par_1_35' title="bbox 744 2932 2330 3015">
     <span class='ocr_line' id='line_1_35' title="bbox 744 2932 2330 3015; baseline -0.006 -8"><span class='ocrx_word' id='word_1_428' title='bbox 744 2957 965 3009; x_wconf 72' lang='lat' dir='ltr'><strong>Aditum</strong></span> <span class='ocrx_word' id='word_1_429' title='bbox 1030 2955 1081 3006; x_wconf 93' lang='lat' dir='ltr'><strong>in</strong></span> <span class='ocrx_word' id='word_1_430' title='bbox 1143 2932 1406 3006; x_wconf 69' lang='lat' dir='ltr'><strong>Sanctum</strong></span> <span class='ocrx_word' id='word_1_431' title='bbox 1449 2959 1762 3004; x_wconf 82' lang='lat' dir='ltr'><strong>sanctorum</strong></span> <span class='ocrx_word' id='word_1_432' title='bbox 1816 2949 2072 3000; x_wconf 90' lang='lat' dir='ltr'><strong>onmihus</strong></span> <span class='ocrx_word' id='word_1_433' title='bbox 2107 2955 2330 3015; x_wconf 71' lang='lat' dir='ltr'><strong>praeter-</strong></span> 
     </span>
    </p>
   </div>
   <div class='ocr_carea' id='block_1_36' title="bbox 2337 2932 4022 3015">
    <p class='ocr_par' dir='ltr' id='par_1_36' title="bbox 2434 2944 4022 3013">
     <span class='ocr_line' id='line_1_36' title="bbox 2434 2944 4022 3013; baseline 0 -15"><span class='ocrx_word' id='word_1_434' title='bbox 2434 2944 2712 3012; x_wconf 72' lang='grc' dir='ltr'><strong>λήψεσθε</strong></span> <span class='ocrx_word' id='word_1_435' title='bbox 2741 2944 2846 3010; x_wconf 86' lang='grc' dir='ltr'><em>τὰς</em></span> <span class='ocrx_word' id='word_1_436' title='bbox 2876 2946 3167 3013; x_wconf 76' lang='grc' dir='ltr'><strong>ἁμαρτίας</strong></span> <span class='ocrx_word' id='word_1_437' title='bbox 3201 2945 3321 2998; x_wconf 79' lang='grc' dir='ltr'><strong>τῶν</strong></span> <span class='ocrx_word' id='word_1_438' title='bbox 3350 2944 3552 3013; x_wconf 74' lang='grc' dir='ltr'><strong>ἁγίων.</strong></span> <span class='ocrx_word' id='word_1_439' title='bbox 3601 2945 3672 2996; x_wconf 80' lang='grc' dir='ltr'><strong>Σὺ</strong></span> <span class='ocrx_word' id='word_1_440' title='bbox 3708 2944 3802 2995; x_wconf 72' lang='grc' dir='ltr'><strong>καὶ</strong></span> <span class='ocrx_word' id='word_1_441' title='bbox 3831 2947 3879 2997; x_wconf 79' lang='lat' dir='ltr'><strong>ot</strong></span> <span class='ocrx_word' id='word_1_442' title='bbox 3914 2947 4022 2998; x_wconf 78' lang='grc' dir='ltr'><strong>υἱοί</strong></span> 
     </span>
    </p>
   </div>
   <div class='ocr_carea' id='block_1_37' title="bbox 744 3033 2429 3119">
    <p class='ocr_par' dir='ltr' id='par_1_37' title="bbox 744 3041 2327 3119">
     <span class='ocr_line' id='line_1_37' title="bbox 744 3041 2327 3119; baseline -0.006 -17"><span class='ocrx_word' id='word_1_443' title='bbox 744 3066 906 3119; x_wconf 82' lang='lat' dir='ltr'><strong>quam</strong></span> <span class='ocrx_word' id='word_1_444' title='bbox 942 3047 1325 3102; x_wconf 83' lang='lat' dir='ltr'><strong>sacerdotibus</strong></span> <span class='ocrx_word' id='word_1_445' title='bbox 1356 3046 1464 3097; x_wconf 81' lang='lat' dir='ltr'><strong>imo</strong></span> <span class='ocrx_word' id='word_1_446' title='bbox 1512 3041 1718 3096; x_wconf 77' lang='lat' dir='ltr'><strong>Levitis</strong></span> <span class='ocrx_word' id='word_1_447' title='bbox 1746 3043 1910 3095; x_wconf 89' lang='lat' dir='ltr'><strong>etiam</strong></span> <span class='ocrx_word' id='word_1_448' title='bbox 1965 3041 2327 3094; x_wconf 89' lang='lat' dir='ltr'><strong>interclusum</strong></span> 
     </span>
    </p>
   </div>
   <div class='ocr_carea' id='block_1_38' title="bbox 2339 3033 4024 3119">
    <p class='ocr_par' dir='ltr' id='par_1_38' title="bbox 2437 3033 4024 3109">
     <span class='ocr_line' id='line_1_38' title="bbox 2437 3033 4024 3109; baseline 0.002 -21"><span class='ocrx_word' id='word_1_449' title='bbox 2437 3053 2532 3089; x_wconf 87' lang='grc' dir='ltr'><strong>σου</strong></span> <span class='ocrx_word' id='word_1_450' title='bbox 2579 3038 2671 3089; x_wconf 70' lang='grc' dir='ltr'><strong>καὶ</strong></span> <span class='ocrx_word' id='word_1_451' title='bbox 2700 3039 2726 3090; x_wconf 86' lang='grc' dir='ltr'>ὁ</span> <span class='ocrx_word' id='word_1_452' title='bbox 2765 3033 2914 3098; x_wconf 77' lang='grc' dir='ltr'>οἶκος</span> <span class='ocrx_word' id='word_1_453' title='bbox 2955 3037 3049 3090; x_wconf 75' lang='grc' dir='ltr'><strong>τοῦ</strong></span> <span class='ocrx_word' id='word_1_454' title='bbox 3088 3039 3294 3108; x_wconf 80' lang='grc' dir='ltr'>πατρός</span> <span class='ocrx_word' id='word_1_455' title='bbox 3336 3055 3428 3090; x_wconf 85' lang='grc' dir='ltr'><strong>σου</strong></span> <span class='ocrx_word' id='word_1_456' title='bbox 3470 3037 3884 3106; x_wconf 76' lang='grc' dir='ltr'><strong>συμϐαστὰσετε</strong></span> <span class='ocrx_word' id='word_1_457' title='bbox 3922 3040 4024 3109; x_wconf 71' lang='grc' dir='ltr'>τὴν</span> 
     </span>
    </p>
   </div>
   <div class='ocr_carea' id='block_1_39' title="bbox 743 3129 2428 3206">
    <p class='ocr_par' dir='ltr' id='par_1_39' title="bbox 743 3129 2331 3206">
     <span class='ocr_line' id='line_1_39' title="bbox 743 3129 2331 3206; baseline -0.005 -18"><span class='ocrx_word' id='word_1_458' title='bbox 743 3155 865 3190; x_wconf 71' lang='lat' dir='ltr'><strong>esse</strong></span> <span class='ocrx_word' id='word_1_459' title='bbox 893 3145 1170 3206; x_wconf 61' lang='lat' dir='ltr'><strong>oportere,</strong></span> <span class='ocrx_word' id='word_1_460' title='bbox 1206 3133 1402 3203; x_wconf 91' lang='lat' dir='ltr'><strong>inquit.</strong></span> <span class='ocrx_word' id='word_1_461' title='bbox 1436 3129 1543 3184; x_wconf 69' lang='lat' dir='ltr'><strong>{&#39;bi</strong></span> <span class='ocrx_word' id='word_1_462' title='bbox 1595 3130 1984 3183; x_wconf 83' lang='lat' dir='ltr'><strong>confusionem</strong></span> <span class='ocrx_word' id='word_1_463' title='bbox 2017 3143 2080 3181; x_wconf 90' lang='lat' dir='ltr'><strong>ac</strong></span> <span class='ocrx_word' id='word_1_464' title='bbox 2113 3141 2331 3198; x_wconf 87' lang='lat' dir='ltr'><strong>pertur-</strong></span> 
     </span>
    </p>
   </div>
   <div class='ocr_carea' id='block_1_40' title="bbox 2340 3129 4025 3206">
    <p class='ocr_par' dir='ltr' id='par_1_40' title="bbox 2439 3129 4025 3200">
     <span class='ocr_line' id='line_1_40' title="bbox 2439 3129 4025 3200; baseline 0 -18"><span class='ocrx_word' id='word_1_465' title='bbox 2439 3132 2785 3200; x_wconf 69' lang='grc' dir='ltr'>παρανομίαν</span> <span class='ocrx_word' id='word_1_466' title='bbox 2815 3129 2910 3182; x_wconf 81' lang='grc' dir='ltr'><strong>τοῦ</strong></span> <span class='ocrx_word' id='word_1_467' title='bbox 2963 3131 3327 3198; x_wconf 76' lang='grc' dir='ltr'><strong>ἁγιάσματος.</strong></span> <span class='ocrx_word' id='word_1_468' title='bbox 3375 3131 3696 3199; x_wconf 79' lang='grc' dir='ltr'><strong>’Λπρόσιτα,</strong></span> <span class='ocrx_word' id='word_1_469' title='bbox 3733 3131 3872 3199; x_wconf 73' lang='grc' dir='ltr'><strong>πλὴν</strong></span> <span class='ocrx_word' id='word_1_470' title='bbox 3913 3132 4025 3182; x_wconf 77' lang='grc' dir='ltr'><strong>τῶν</strong></span> 
     </span>
    </p>
   </div>
   <div class='ocr_carea' id='block_1_41' title="bbox 746 3219 2431 3292">
    <p class='ocr_par' dir='ltr' id='par_1_41' title="bbox 746 3221 2331 3292">
     <span class='ocr_line' id='line_1_41' title="bbox 746 3221 2331 3292; baseline -0.006 -9"><span class='ocrx_word' id='word_1_471' title='bbox 746 3230 1025 3283; x_wconf 64' lang='lat' dir='ltr'><strong>irationem</strong></span> <span class='ocrx_word' id='word_1_472' title='bbox 1055 3227 1308 3279; x_wconf 86' lang='lat' dir='ltr'><strong>ordinum</strong></span> <span class='ocrx_word' id='word_1_473' title='bbox 1349 3232 1622 3292; x_wconf 68' lang='lat' dir='ltr'><strong>prmcavet</strong></span> <span class='ocrx_word' id='word_1_474' title='bbox 1665 3223 1886 3284; x_wconf 88' lang='lat' dir='ltr'><strong>iterum,</strong></span> <span class='ocrx_word' id='word_1_475' title='bbox 1925 3229 1978 3275; x_wconf 87' lang='lat' dir='ltr'><strong>et</strong></span> <span class='ocrx_word' id='word_1_476' title='bbox 2020 3221 2331 3276; x_wconf 86' lang='lat' dir='ltr'><strong>ministeria</strong></span> 
     </span>
    </p>
   </div>
   <div class='ocr_carea' id='block_1_42' title="bbox 2340 3219 4025 3292">
    <p class='ocr_par' dir='ltr' id='par_1_42' title="bbox 2441 3219 4025 3292">
     <span class='ocr_line' id='line_1_42' title="bbox 2441 3219 4025 3292; baseline 0 -18"><span class='ocrx_word' id='word_1_477' title='bbox 2441 3223 2655 3291; x_wconf 70' lang='grc' dir='ltr'>ἱερέων,</span> <span class='ocrx_word' id='word_1_478' title='bbox 2698 3223 2764 3276; x_wconf 73' lang='grc' dir='ltr'><strong>τὰ</strong></span> <span class='ocrx_word' id='word_1_479' title='bbox 2796 3225 2964 3292; x_wconf 50' lang='lat' dir='ltr'><strong>&quot;Avia</strong></span> <span class='ocrx_word' id='word_1_480' title='bbox 2995 3224 3104 3276; x_wconf 84' lang='grc' dir='ltr'><strong>τῶν</strong></span> <span class='ocrx_word' id='word_1_481' title='bbox 3133 3223 3305 3290; x_wconf 80' lang='grc' dir='ltr'><strong>ἁγίων</strong></span> <span class='ocrx_word' id='word_1_482' title='bbox 3332 3226 3444 3284; x_wconf 77' lang='grc' dir='ltr'><strong>τοῖς</strong></span> <span class='ocrx_word' id='word_1_483' title='bbox 3465 3222 3716 3284; x_wconf 78' lang='grc' dir='ltr'><strong>Λευῖταις</strong></span> <span class='ocrx_word' id='word_1_484' title='bbox 3747 3223 3856 3275; x_wconf 77' lang='grc' dir='ltr'>δεῖν</span> <span class='ocrx_word' id='word_1_485' title='bbox 3881 3219 4025 3276; x_wconf 73' lang='grc' dir='ltr'><strong>εἶναί</strong></span> 
     </span>
    </p>
   </div>
   <div class='ocr_carea' id='block_1_43' title="bbox 747 3313 2432 3391">
    <p class='ocr_par' dir='ltr' id='par_1_43' title="bbox 747 3313 2333 3391">
     <span class='ocr_line' id='line_1_43' title="bbox 747 3313 2333 3391; baseline -0.004 -18"><span class='ocrx_word' id='word_1_486' title='bbox 747 3339 843 3391; x_wconf 84' lang='lat' dir='ltr'><strong>pro</strong></span> <span class='ocrx_word' id='word_1_487' title='bbox 893 3321 1165 3389; x_wconf 87' lang='lat' dir='ltr'><strong>cujusque</strong></span> <span class='ocrx_word' id='word_1_488' title='bbox 1207 3319 1472 3386; x_wconf 72' lang='lat' dir='ltr'><strong>dignitate</strong></span> <span class='ocrx_word' id='word_1_489' title='bbox 1527 3314 1798 3368; x_wconf 90' lang='lat' dir='ltr'><strong>discernit</strong></span> <span class='ocrx_word' id='word_1_490' title='bbox 1837 3327 1898 3366; x_wconf 91' lang='lat' dir='ltr'><strong>ac</strong></span> <span class='ocrx_word' id='word_1_491' title='bbox 1933 3313 2201 3382; x_wconf 89' lang='lat' dir='ltr'><strong>disponit.</strong></span> <span class='ocrx_word' id='word_1_492' title='bbox 2254 3313 2333 3366; x_wconf 78' lang='lat' dir='ltr'><strong>Ac</strong></span> 
     </span>
    </p>
   </div>
   <div class='ocr_carea' id='block_1_44' title="bbox 2342 3313 4027 3391">
    <p class='ocr_par' dir='ltr' id='par_1_44' title="bbox 2439 3313 4027 3384">
     <span class='ocr_line' id='line_1_44' title="bbox 2439 3313 4027 3384; baseline 0 -18"><span class='ocrx_word' id='word_1_493' title='bbox 2439 3331 2596 3384; x_wconf 78' lang='grc' dir='ltr'><strong>φησι,</strong></span> <span class='ocrx_word' id='word_1_494' title='bbox 2637 3315 2989 3384; x_wconf 76' lang='grc' dir='ltr'>προαναιρῶν</span> <span class='ocrx_word' id='word_1_495' title='bbox 3023 3313 3183 3368; x_wconf 80' lang='grc' dir='ltr'>πάλιν</span> <span class='ocrx_word' id='word_1_496' title='bbox 3209 3315 3308 3384; x_wconf 75' lang='grc' dir='ltr'>τὴν</span> <span class='ocrx_word' id='word_1_497' title='bbox 3339 3314 3587 3377; x_wconf 77' lang='grc' dir='ltr'><strong>ἀταξίαν,</strong></span> <span class='ocrx_word' id='word_1_498' title='bbox 3628 3314 3722 3366; x_wconf 79' lang='grc' dir='ltr'><strong>καὶ</strong></span> <span class='ocrx_word' id='word_1_499' title='bbox 3761 3313 3858 3375; x_wconf 77' lang='grc' dir='ltr'><strong>τὰς</strong></span> <span class='ocrx_word' id='word_1_500' title='bbox 3911 3313 4027 3366; x_wconf 82' lang='grc' dir='ltr'><strong>λει-</strong></span> 
     </span>
    </p>
   </div>
   <div class='ocr_carea' id='block_1_45' title="bbox 747 3404 2432 3482">
    <p class='ocr_par' dir='ltr' id='par_1_45' title="bbox 747 3405 2332 3482">
     <span class='ocr_line' id='line_1_45' title="bbox 747 3405 2332 3482; baseline -0.004 -18"><span class='ocrx_word' id='word_1_501' title='bbox 747 3414 854 3466; x_wconf 68' lang='lat' dir='ltr'><strong>Deo</strong></span> <span class='ocrx_word' id='word_1_502' title='bbox 888 3414 1105 3482; x_wconf 91' lang='lat' dir='ltr'><strong>quidem</strong></span> <span class='ocrx_word' id='word_1_503' title='bbox 1139 3410 1455 3463; x_wconf 84' lang='lat' dir='ltr'><strong>ministrare</strong></span> <span class='ocrx_word' id='word_1_504' title='bbox 1496 3405 1700 3460; x_wconf 83' lang='lat' dir='ltr'><strong>Levitis</strong></span> <span class='ocrx_word' id='word_1_505' title='bbox 1729 3419 2021 3458; x_wconf 84' lang='lat' dir='ltr'><strong>Commune</strong></span> <span class='ocrx_word' id='word_1_506' title='bbox 2054 3414 2192 3457; x_wconf 84' lang='lat' dir='ltr'><strong>erat.</strong></span> <span class='ocrx_word' id='word_1_507' title='bbox 2232 3405 2332 3457; x_wconf 77' lang='lat' dir='ltr'><strong>Ac-</strong></span> 
     </span>
    </p>
   </div>
   <div class='ocr_carea' id='block_1_46' title="bbox 2338 3404 4023 3482">
    <p class='ocr_par' dir='ltr' id='par_1_46' title="bbox 2435 3404 4023 3478">
     <span class='ocr_line' id='line_1_46' title="bbox 2435 3404 4023 3478; baseline -0.001 -21"><span class='ocrx_word' id='word_1_508' title='bbox 2435 3406 2694 3478; x_wconf 68' lang='grc' dir='ltr'><strong>τουργίᾳς</strong></span> <span class='ocrx_word' id='word_1_509' title='bbox 2744 3407 2863 3458; x_wconf 79' lang='grc' dir='ltr'><strong>κατ’</strong></span> <span class='ocrx_word' id='word_1_510' title='bbox 2895 3406 3052 3470; x_wconf 76' lang='grc' dir='ltr'>ἀξίαν</span> <span class='ocrx_word' id='word_1_511' title='bbox 3078 3405 3480 3475; x_wconf 72' lang='grc' dir='ltr'><strong>διαιρούμενος.</strong></span> <span class='ocrx_word' id='word_1_512' title='bbox 3519 3404 3591 3455; x_wconf 67' lang='grc' dir='ltr'><strong>Τὸ</strong></span> <span class='ocrx_word' id='word_1_513' title='bbox 3627 3404 3725 3472; x_wconf 86' lang='grc' dir='ltr'><strong>μὲν</strong></span> <span class='ocrx_word' id='word_1_514' title='bbox 3758 3405 3867 3473; x_wconf 73' lang='grc' dir='ltr'><strong>γὰρ</strong></span> <span class='ocrx_word' id='word_1_515' title='bbox 3913 3404 4023 3456; x_wconf 78' lang='grc' dir='ltr'><strong>λει-</strong></span> 
     </span>
    </p>
   </div>
   <div class='ocr_carea' id='block_1_47' title="bbox 743 3495 2428 3568">
    <p class='ocr_par' dir='ltr' id='par_1_47' title="bbox 743 3497 2330 3567">
     <span class='ocr_line' id='line_1_47' title="bbox 743 3497 2330 3567; baseline -0.008 -4"><span class='ocrx_word' id='word_1_516' title='bbox 743 3511 940 3564; x_wconf 74' lang='lat' dir='ltr'><strong>Cedere</strong></span> <span class='ocrx_word' id='word_1_517' title='bbox 971 3522 1098 3562; x_wconf 86' lang='lat' dir='ltr'><strong>vero</strong></span> <span class='ocrx_word' id='word_1_518' title='bbox 1139 3506 1204 3559; x_wconf 92' lang='lat' dir='ltr'><strong>ad</strong></span> <span class='ocrx_word' id='word_1_519' title='bbox 1249 3504 1514 3558; x_wconf 85' lang='lat' dir='ltr'><strong>Sanctum</strong></span> <span class='ocrx_word' id='word_1_520' title='bbox 1555 3510 1873 3555; x_wconf 86' lang='lat' dir='ltr'><strong>sanctorum</strong></span> <span class='ocrx_word' id='word_1_521' title='bbox 1925 3499 1990 3552; x_wconf 91' lang='lat' dir='ltr'><strong>ad</strong></span> <span class='ocrx_word' id='word_1_522' title='bbox 2024 3497 2174 3552; x_wconf 83' lang='lat' dir='ltr'><strong>solos</strong></span> <span class='ocrx_word' id='word_1_523' title='bbox 2205 3513 2330 3567; x_wconf 81' lang='lat' dir='ltr'><strong>per-</strong></span> 
     </span>
    </p>
   </div>
   <div class='ocr_carea' id='block_1_48' title="bbox 2342 3495 4027 3568">
    <p class='ocr_par' dir='ltr' id='par_1_48' title="bbox 2434 3495 4027 3568">
     <span class='ocr_line' id='line_1_48' title="bbox 2434 3495 4027 3568; baseline -0.001 -18"><span class='ocrx_word' id='word_1_524' title='bbox 2434 3500 2688 3568; x_wconf 74' lang='grc' dir='ltr'>τουργεῖν</span> <span class='ocrx_word' id='word_1_525' title='bbox 2723 3497 2862 3567; x_wconf 81' lang='grc' dir='ltr'>Θεῷ,</span> <span class='ocrx_word' id='word_1_526' title='bbox 2901 3497 3082 3550; x_wconf 77' lang='grc' dir='ltr'><strong>κοινὸν</strong></span> <span class='ocrx_word' id='word_1_527' title='bbox 3118 3497 3392 3550; x_wconf 84' lang='grc' dir='ltr'><strong>Λευῖτῶν·</strong></span> <span class='ocrx_word' id='word_1_528' title='bbox 3425 3495 3483 3548; x_wconf 83' lang='grc' dir='ltr'><strong>τὸ</strong></span> <span class='ocrx_word' id='word_1_529' title='bbox 3513 3495 3567 3549; x_wconf 78' lang='grc' dir='ltr'><strong>δὲ</strong></span> <span class='ocrx_word' id='word_1_530' title='bbox 3601 3497 3892 3566; x_wconf 57' lang='grc' dir='ltr'>προσιέναι</span> <span class='ocrx_word' id='word_1_531' title='bbox 3912 3501 4027 3561; x_wconf 78' lang='grc' dir='ltr'><strong>τοῖς</strong></span> 
     </span>
    </p>
   </div>
   <div class='ocr_carea' id='block_1_49' title="bbox 745 3591 2430 3662">
    <p class='ocr_par' dir='ltr' id='par_1_49' title="bbox 745 3600 1324 3655">
     <span class='ocr_line' id='line_1_49' title="bbox 745 3600 1324 3655; baseline -0.005 -2"><span class='ocrx_word' id='word_1_532' title='bbox 745 3604 951 3655; x_wconf 72' lang='lat' dir='ltr'><strong>linebat</strong></span> <span class='ocrx_word' id='word_1_533' title='bbox 985 3600 1324 3655; x_wconf 87' lang='lat' dir='ltr'><strong>sacerdotes.</strong></span> 
     </span>
    </p>
   </div>
   <div class='ocr_carea' id='block_1_50' title="bbox 1766 3591 3451 3662">
    <p class='ocr_par' dir='ltr' id='par_1_50' title="bbox 2434 3591 3451 3662">
     <span class='ocr_line' id='line_1_50' title="bbox 2434 3591 3451 3662; baseline 0.001 -19"><span class='ocrx_word' id='word_1_534' title='bbox 2434 3591 2544 3643; x_wconf 82' lang='grc' dir='ltr'>τῶν</span> <span class='ocrx_word' id='word_1_535' title='bbox 2571 3592 2745 3658; x_wconf 77' lang='grc' dir='ltr'>ἁγίων</span> <span class='ocrx_word' id='word_1_536' title='bbox 2789 3592 3016 3660; x_wconf 81' lang='grc' dir='ltr'><strong>Ἀγίοις.</strong></span> <span class='ocrx_word' id='word_1_537' title='bbox 3055 3591 3214 3662; x_wconf 85' lang='grc' dir='ltr'>μόνον</span> <span class='ocrx_word' id='word_1_538' title='bbox 3241 3592 3451 3660; x_wconf 78' lang='grc' dir='ltr'><strong>ἱερέων.</strong></span> 
     </span>
    </p>
   </div>
   <div class='ocr_carea' id='block_1_51' title="bbox 821 3697 4031 3778">
    <p class='ocr_par' dir='ltr' id='par_1_51' title="bbox 821 3697 4031 3778">
     <span class='ocr_line' id='line_1_51' title="bbox 821 3697 4031 3778; baseline -0.003 -11"><span class='ocrx_word' id='word_1_539' title='bbox 821 3737 837 3767; x_wconf 79' lang='grc' dir='ltr'><strong>ι</strong></span> <span class='ocrx_word' id='word_1_540' title='bbox 867 3716 1020 3778; x_wconf 65' lang='lat' dir='ltr'><strong>Nam,</strong></span> <span class='ocrx_word' id='word_1_541' title='bbox 1054 3713 1268 3766; x_wconf 76' lang='lat' dir='ltr'><strong>alienus</strong></span> <span class='ocrx_word' id='word_1_542' title='bbox 1298 3724 1323 3761; x_wconf 90' lang='lat' dir='ltr'><strong>a</strong></span> <span class='ocrx_word' id='word_1_543' title='bbox 1347 3723 1544 3778; x_wconf 82' lang='lat' dir='ltr'><strong>genere</strong></span> <span class='ocrx_word' id='word_1_544' title='bbox 1581 3716 1694 3765; x_wconf 83' lang='lat' dir='ltr'><strong>tuo,</strong></span> <span class='ocrx_word' id='word_1_545' title='bbox 1728 3702 1927 3771; x_wconf 88' lang='lat' dir='ltr'><strong>inquit,</strong></span> <span class='ocrx_word' id='word_1_546' title='bbox 1966 3715 2073 3752; x_wconf 91' lang='lat' dir='ltr'><strong>non</strong></span> <span class='ocrx_word' id='word_1_547' title='bbox 2108 3697 2329 3752; x_wconf 86' lang='lat' dir='ltr'><strong>accedet</strong></span> <span class='ocrx_word' id='word_1_548' title='bbox 2353 3705 2590 3753; x_wconf 64' lang='lat' dir='ltr'><strong>tecum.»</strong></span> <span class='ocrx_word' id='word_1_549' title='bbox 2611 3700 2742 3755; x_wconf 85' lang='lat' dir='ltr'><strong>Erat</strong></span> <span class='ocrx_word' id='word_1_550' title='bbox 2775 3716 2907 3755; x_wconf 89' lang='lat' dir='ltr'><strong>vero</strong></span> <span class='ocrx_word' id='word_1_551' title='bbox 2936 3701 3039 3754; x_wconf 91' lang='lat' dir='ltr'><strong>hoc</strong></span> <span class='ocrx_word' id='word_1_552' title='bbox 3071 3716 3245 3770; x_wconf 80' lang='lat' dir='ltr'><strong>genus</strong></span> <span class='ocrx_word' id='word_1_553' title='bbox 3276 3699 3546 3754; x_wconf 80' lang='lat' dir='ltr'><strong>dvinutn.</strong></span> <span class='ocrx_word' id='word_1_554' title='bbox 3570 3701 3811 3766; x_wconf 70' lang='lat' dir='ltr'><strong>Qumstio</strong></span> <span class='ocrx_word' id='word_1_555' title='bbox 3837 3704 4031 3759; x_wconf 81' lang='lat' dir='ltr'><strong>oberi-</strong></span> 
     </span>
    </p>
   </div>
   <div class='ocr_carea' id='block_1_52' title="bbox 745 3787 4028 3873">
    <p class='ocr_par' dir='ltr' id='par_1_52' title="bbox 745 3787 4028 3873">
     <span class='ocr_line' id='line_1_52' title="bbox 745 3787 4028 3873; baseline -0.005 -15"><span class='ocrx_word' id='word_1_556' title='bbox 745 3819 834 3861; x_wconf 88' lang='lat' dir='ltr'><strong>tur</strong></span> <span class='ocrx_word' id='word_1_557' title='bbox 872 3810 1078 3873; x_wconf 83' lang='lat' dir='ltr'><strong>itaque,</strong></span> <span class='ocrx_word' id='word_1_558' title='bbox 1119 3811 1393 3870; x_wconf 90' lang='lat' dir='ltr'><strong>quatenus</strong></span> <span class='ocrx_word' id='word_1_559' title='bbox 1427 3795 1602 3847; x_wconf 85' lang='lat' dir='ltr'><strong>sancti</strong></span> <span class='ocrx_word' id='word_1_560' title='bbox 1637 3791 1845 3845; x_wconf 81' lang='lat' dir='ltr'><strong>Christi</strong></span> <span class='ocrx_word' id='word_1_561' title='bbox 1880 3787 2086 3841; x_wconf 85' lang='lat' dir='ltr'><strong>fratres</strong></span> <span class='ocrx_word' id='word_1_562' title='bbox 2129 3788 2423 3851; x_wconf 70' lang='lat' dir='ltr'><strong>exsistant,</strong></span> <span class='ocrx_word' id='word_1_563' title='bbox 2461 3804 2488 3840; x_wconf 87' lang='lat' dir='ltr'><strong>a</strong></span> <span class='ocrx_word' id='word_1_564' title='bbox 2528 3791 2731 3859; x_wconf 89' lang='lat' dir='ltr'><strong>quibus</strong></span> <span class='ocrx_word' id='word_1_565' title='bbox 2771 3792 2863 3860; x_wconf 91' lang='lat' dir='ltr'><strong>qui</strong></span> <span class='ocrx_word' id='word_1_566' title='bbox 2899 3790 3133 3846; x_wconf 88' lang='lat' dir='ltr'><strong>dissidet</strong></span> <span class='ocrx_word' id='word_1_567' title='bbox 3180 3789 3246 3843; x_wconf 89' lang='lat' dir='ltr'><strong>ad</strong></span> <span class='ocrx_word' id='word_1_568' title='bbox 3279 3788 3564 3844; x_wconf 83' lang='lat' dir='ltr'><strong>Christum</strong></span> <span class='ocrx_word' id='word_1_569' title='bbox 3595 3807 3703 3844; x_wconf 88' lang='lat' dir='ltr'><strong>non</strong></span> <span class='ocrx_word' id='word_1_570' title='bbox 3752 3796 4028 3860; x_wconf 82' lang='lat' dir='ltr'><strong>pervenit,</strong></span> 
     </span>
    </p>
   </div>
   <div class='ocr_carea' id='block_1_53' title="bbox 746 3875 4026 3963">
    <p class='ocr_par' dir='ltr' id='par_1_53' title="bbox 746 3875 4026 3963">
     <span class='ocr_line' id='line_1_53' title="bbox 746 3875 4026 3963; baseline -0.004 -17"><span class='ocrx_word' id='word_1_571' title='bbox 746 3909 925 3963; x_wconf 79' lang='lat' dir='ltr'><strong>neque</strong></span> <span class='ocrx_word' id='word_1_572' title='bbox 971 3889 1339 3945; x_wconf 79' lang='lat' dir='ltr'><strong>ministerium</strong></span> <span class='ocrx_word' id='word_1_573' title='bbox 1384 3899 1601 3938; x_wconf 90' lang='lat' dir='ltr'><strong>sacrum</strong></span> <span class='ocrx_word' id='word_1_574' title='bbox 1634 3895 1756 3933; x_wconf 90' lang='lat' dir='ltr'><strong>cum</strong></span> <span class='ocrx_word' id='word_1_575' title='bbox 1793 3876 2000 3932; x_wconf 87' lang='lat' dir='ltr'><strong>sanctis</strong></span> <span class='ocrx_word' id='word_1_576' title='bbox 2033 3889 2322 3927; x_wconf 85' lang='lat' dir='ltr'><strong>commune</strong></span> <span class='ocrx_word' id='word_1_577' title='bbox 2361 3875 2541 3930; x_wconf 87' lang='lat' dir='ltr'><strong>habet.</strong></span> <span class='ocrx_word' id='word_1_578' title='bbox 2583 3897 2600 3928; x_wconf 85' lang='grc' dir='ltr'><strong>ι</strong></span> <span class='ocrx_word' id='word_1_579' title='bbox 2631 3875 2986 3933; x_wconf 77' lang='lat' dir='ltr'><strong>Renuntiabo</strong></span> <span class='ocrx_word' id='word_1_580' title='bbox 3017 3893 3216 3932; x_wconf 87' lang='lat' dir='ltr'><strong>nomen</strong></span> <span class='ocrx_word' id='word_1_581' title='bbox 3250 3887 3405 3931; x_wconf 92' lang='lat' dir='ltr'><strong>tuum</strong></span> <span class='ocrx_word' id='word_1_582' title='bbox 3464 3878 3730 3932; x_wconf 81' lang='lat' dir='ltr'><strong>fratribus</strong></span> <span class='ocrx_word' id='word_1_583' title='bbox 3757 3881 3892 3933; x_wconf 91' lang='lat' dir='ltr'><strong>meis</strong></span> <span class='ocrx_word' id='word_1_584' title='bbox 3915 3881 3980 3934; x_wconf 81' lang='lat'><strong>&quot;.</strong></span> <span class='ocrx_word' id='word_1_585' title='bbox 4007 3901 4026 3933; x_wconf 76' lang='grc' dir='ltr'><strong>ι</strong></span> 
     </span>
    </p>
   </div>
   <div class='ocr_carea' id='block_1_54' title="bbox 745 3965 4031 4051">
    <p class='ocr_par' dir='ltr' id='par_1_54' title="bbox 745 3965 4031 4051">
     <span class='ocr_line' id='line_1_54' title="bbox 745 3965 4031 4051; baseline -0.005 -14"><span class='ocrx_word' id='word_1_586' title='bbox 745 3986 887 4051; x_wconf 77' lang='lat' dir='ltr'><strong>Quin</strong></span> <span class='ocrx_word' id='word_1_587' title='bbox 921 3983 1083 4035; x_wconf 86' lang='lat' dir='ltr'><strong>etiam</strong></span> <span class='ocrx_word' id='word_1_588' title='bbox 1118 3989 1229 4031; x_wconf 87' lang='lat' dir='ltr'><strong>tres</strong></span> <span class='ocrx_word' id='word_1_589' title='bbox 1267 3978 1342 4029; x_wconf 94' lang='lat' dir='ltr'><strong>illi</strong></span> <span class='ocrx_word' id='word_1_590' title='bbox 1374 3975 1576 4042; x_wconf 87' lang='lat' dir='ltr'><strong>ubique</strong></span> <span class='ocrx_word' id='word_1_591' title='bbox 1625 3970 1849 4023; x_wconf 92' lang='lat' dir='ltr'><strong>Christo</strong></span> <span class='ocrx_word' id='word_1_592' title='bbox 1887 3976 2186 4038; x_wconf 63' lang='lat' dir='ltr'><strong>prcesentes</strong></span> <span class='ocrx_word' id='word_1_593' title='bbox 2232 3972 2409 4026; x_wconf 86' lang='lat' dir='ltr'><strong>erant,</strong></span> <span class='ocrx_word' id='word_1_594' title='bbox 2444 3965 2534 4018; x_wconf 87' lang='lat' dir='ltr'><strong>alii</strong></span> <span class='ocrx_word' id='word_1_595' title='bbox 2565 3981 2697 4020; x_wconf 81' lang='lat' dir='ltr'><strong>vero</strong></span> <span class='ocrx_word' id='word_1_596' title='bbox 2730 3980 2757 4018; x_wconf 91' lang='lat' dir='ltr'><strong>a</strong></span> <span class='ocrx_word' id='word_1_597' title='bbox 2811 3966 3033 4021; x_wconf 70' lang='lat' dir='ltr'><strong>Christo</strong></span> <span class='ocrx_word' id='word_1_598' title='bbox 3067 3967 3172 4020; x_wconf 89' lang='lat' dir='ltr'><strong>sihi</strong></span> <span class='ocrx_word' id='word_1_599' title='bbox 3225 3965 3360 4034; x_wconf 91' lang='lat' dir='ltr'><strong>ipsis</strong></span> <span class='ocrx_word' id='word_1_600' title='bbox 3397 3967 3870 4034; x_wconf 87' lang='lat' dir='ltr'><strong>relinquebantur.</strong></span> <span class='ocrx_word' id='word_1_601' title='bbox 3914 3967 4031 4020; x_wconf 82' lang='lat' dir='ltr'><strong>Ali-</strong></span> 
     </span>
    </p>
   </div>
   <div class='ocr_carea' id='block_1_55' title="bbox 745 4052 4028 4144">
    <p class='ocr_par' dir='ltr' id='par_1_55' title="bbox 745 4052 4028 4144">
     <span class='ocr_line' id='line_1_55' title="bbox 745 4052 4028 4144; baseline -0.006 -18"><span class='ocrx_word' id='word_1_602' title='bbox 745 4073 967 4144; x_wconf 83' lang='lat' dir='ltr'><strong>quando</strong></span> <span class='ocrx_word' id='word_1_603' title='bbox 1005 4085 1133 4123; x_wconf 86' lang='lat' dir='ltr'><strong>vero</strong></span> <span class='ocrx_word' id='word_1_604' title='bbox 1158 4066 1345 4121; x_wconf 81' lang='lat' dir='ltr'><strong>cuncti</strong></span> <span class='ocrx_word' id='word_1_605' title='bbox 1377 4063 1672 4118; x_wconf 88' lang='lat' dir='ltr'><strong>duodecim</strong></span> <span class='ocrx_word' id='word_1_606' title='bbox 1718 4073 1825 4112; x_wconf 91' lang='lat' dir='ltr'><strong>una</strong></span> <span class='ocrx_word' id='word_1_607' title='bbox 1859 4071 1984 4110; x_wconf 89' lang='lat' dir='ltr'><strong>cum</strong></span> <span class='ocrx_word' id='word_1_608' title='bbox 2019 4053 2264 4117; x_wconf 88' lang='lat' dir='ltr'><strong>Christo,</strong></span> <span class='ocrx_word' id='word_1_609' title='bbox 2294 4052 2456 4121; x_wconf 80' lang='lat' dir='ltr'><strong>vulgo</strong></span> <span class='ocrx_word' id='word_1_610' title='bbox 2491 4055 2722 4108; x_wconf 86' lang='lat' dir='ltr'><strong>seorsitn</strong></span> <span class='ocrx_word' id='word_1_611' title='bbox 2752 4062 2932 4109; x_wconf 89' lang='lat' dir='ltr'><strong>erant.</strong></span> <span class='ocrx_word' id='word_1_612' title='bbox 2968 4053 3290 4109; x_wconf 81' lang='lat' dir='ltr'><strong>Diﬂ&#39;erentia</strong></span> <span class='ocrx_word' id='word_1_613' title='bbox 3322 4052 3530 4107; x_wconf 89' lang='lat' dir='ltr'><strong>etenim</strong></span> <span class='ocrx_word' id='word_1_614' title='bbox 3565 4066 3761 4124; x_wconf 76' lang='lat' dir='ltr'><strong>magna</strong></span> <span class='ocrx_word' id='word_1_615' title='bbox 3799 4054 3854 4107; x_wconf 92' lang='lat' dir='ltr'><strong>in</strong></span> <span class='ocrx_word' id='word_1_616' title='bbox 3885 4056 4028 4108; x_wconf 71' lang='lat' dir='ltr'><strong>divi-</strong></span> 
     </span>
    </p>
   </div>
   <div class='ocr_carea' id='block_1_56' title="bbox 755 4139 4035 4232">
    <p class='ocr_par' dir='ltr' id='par_1_56' title="bbox 755 4139 4035 4232">
     <span class='ocr_line' id='line_1_56' title="bbox 755 4139 4035 4232; baseline -0.007 -16"><span class='ocrx_word' id='word_1_617' title='bbox 755 4139 820 4216; x_wconf 76' lang='lat' dir='ltr'><strong>ua</strong></span> <span class='ocrx_word' id='word_1_618' title='bbox 850 4163 1178 4232; x_wconf 68' lang='lat' dir='ltr'><strong>cognatione</strong></span> <span class='ocrx_word' id='word_1_619' title='bbox 1216 4157 1460 4210; x_wconf 76' lang='lat' dir='ltr'><strong>exsistit.</strong></span> <span class='ocrx_word' id='word_1_620' title='bbox 1494 4153 1598 4205; x_wconf 86' lang='lat' dir='ltr'><strong>Alii</strong></span> <span class='ocrx_word' id='word_1_621' title='bbox 1635 4149 1780 4203; x_wconf 89' lang='lat' dir='ltr'><strong>enim</strong></span> <span class='ocrx_word' id='word_1_622' title='bbox 1809 4147 2007 4199; x_wconf 84' lang='lat' dir='ltr'><strong>fratres</strong></span> <span class='ocrx_word' id='word_1_623' title='bbox 2038 4142 2246 4198; x_wconf 88' lang='lat' dir='ltr'><strong>Christi</strong></span> <span class='ocrx_word' id='word_1_624' title='bbox 2277 4144 2514 4211; x_wconf 85' lang='lat' dir='ltr'><strong>supremi</strong></span> <span class='ocrx_word' id='word_1_625' title='bbox 2553 4152 2682 4197; x_wconf 88' lang='lat' dir='ltr'><strong>sunt</strong></span> <span class='ocrx_word' id='word_1_626' title='bbox 2711 4158 2775 4196; x_wconf 89' lang='lat' dir='ltr'><strong>ac</strong></span> <span class='ocrx_word' id='word_1_627' title='bbox 2799 4141 3059 4212; x_wconf 72' lang='lat' dir='ltr'><strong>proximi,</strong></span> <span class='ocrx_word' id='word_1_628' title='bbox 3093 4141 3184 4194; x_wconf 82' lang='lat' dir='ltr'><strong>alii</strong></span> <span class='ocrx_word' id='word_1_629' title='bbox 3219 4151 3343 4212; x_wconf 87' lang='lat' dir='ltr'><strong>post</strong></span> <span class='ocrx_word' id='word_1_630' title='bbox 3374 4141 3518 4204; x_wconf 88' lang='lat' dir='ltr'><strong>illos,</strong></span> <span class='ocrx_word' id='word_1_631' title='bbox 3545 4139 3636 4192; x_wconf 83' lang='lat' dir='ltr'><strong>alii</strong></span> <span class='ocrx_word' id='word_1_632' title='bbox 3673 4155 3738 4193; x_wconf 89' lang='lat' dir='ltr'><strong>ac</strong></span> <span class='ocrx_word' id='word_1_633' title='bbox 3768 4141 4035 4211; x_wconf 79' lang='lat' dir='ltr'><strong>pleraque</strong></span> 
     </span>
    </p>
   </div>
   <div class='ocr_carea' id='block_1_57' title="bbox 752 4230 4037 4316">
    <p class='ocr_par' dir='ltr' id='par_1_57' title="bbox 752 4230 4037 4316">
     <span class='ocr_line' id='line_1_57' title="bbox 752 4230 4037 4316; baseline -0.007 -8"><span class='ocrx_word' id='word_1_634' title='bbox 752 4230 1215 4316; x_wconf 43' lang='lat' dir='ltr'><strong>turba—deinceps.</strong></span> <span class='ocrx_word' id='word_1_635' title='bbox 1251 4246 1326 4298; x_wconf 64' lang='lat' dir='ltr'><strong>Ac</strong></span> <span class='ocrx_word' id='word_1_636' title='bbox 1375 4243 1604 4296; x_wconf 87' lang='lat' dir='ltr'><strong>multum</strong></span> <span class='ocrx_word' id='word_1_637' title='bbox 1664 4254 1797 4294; x_wconf 87' lang='lat' dir='ltr'><strong>sane</strong></span> <span class='ocrx_word' id='word_1_638' title='bbox 1835 4235 1940 4290; x_wconf 90' lang='lat' dir='ltr'><strong>sibi</strong></span> <span class='ocrx_word' id='word_1_639' title='bbox 1992 4236 2126 4297; x_wconf 84' lang='lat' dir='ltr'><strong>ipsis</strong></span> <span class='ocrx_word' id='word_1_640' title='bbox 2165 4231 2576 4286; x_wconf 88' lang='lat' dir='ltr'><strong>ineouuuodant</strong></span> <span class='ocrx_word' id='word_1_641' title='bbox 2627 4231 2905 4296; x_wconf 88' lang='lat' dir='ltr'><strong>homines,</strong></span> <span class='ocrx_word' id='word_1_642' title='bbox 2961 4231 3188 4298; x_wconf 85' lang='lat' dir='ltr'><strong>quando</strong></span> <span class='ocrx_word' id='word_1_643' title='bbox 3227 4230 3417 4301; x_wconf 63' lang='lat' dir='ltr'><strong>gloria:</strong></span> <span class='ocrx_word' id='word_1_644' title='bbox 3467 4230 3774 4298; x_wconf 81' lang='lat' dir='ltr'><strong>cupiditate</strong></span> <span class='ocrx_word' id='word_1_645' title='bbox 3803 4232 4037 4285; x_wconf 83' lang='lat' dir='ltr'><strong>ordines</strong></span> 
     </span>
    </p>
   </div>
   <div class='ocr_carea' id='block_1_58' title="bbox 748 4316 4040 4415">
    <p class='ocr_par' dir='ltr' id='par_1_58' title="bbox 748 4316 4040 4415">
     <span class='ocr_line' id='line_1_58' title="bbox 748 4316 4040 4415; baseline -0.006 -20"><span class='ocrx_word' id='word_1_646' title='bbox 748 4346 1095 4415; x_wconf 70' lang='lat' dir='ltr'><strong>perturbant.</strong></span> <span class='ocrx_word' id='word_1_647' title='bbox 1136 4343 1252 4393; x_wconf 68' lang='lat' dir='ltr'><strong>Nm</strong></span> <span class='ocrx_word' id='word_1_648' title='bbox 1294 4336 1437 4391; x_wconf 87' lang='lat' dir='ltr'><strong>cnim</strong></span> <span class='ocrx_word' id='word_1_649' title='bbox 1472 4335 1635 4386; x_wconf 90' lang='lat' dir='ltr'><strong>aliam</strong></span> <span class='ocrx_word' id='word_1_650' title='bbox 1664 4330 1736 4385; x_wconf 90' lang='lat' dir='ltr'><strong>ob</strong></span> <span class='ocrx_word' id='word_1_651' title='bbox 1761 4341 1985 4382; x_wconf 89' lang='lat' dir='ltr'><strong>causam</strong></span> <span class='ocrx_word' id='word_1_652' title='bbox 2017 4323 2184 4379; x_wconf 78' lang='lat' dir='ltr'><strong>Ozias</strong></span> <span class='ocrx_word' id='word_1_653' title='bbox 2221 4323 2368 4392; x_wconf 87' lang='lat' dir='ltr'><strong>lepra</strong></span> <span class='ocrx_word' id='word_1_654' title='bbox 2403 4318 2640 4374; x_wconf 84' lang='lat' dir='ltr'><strong>infectus</strong></span> <span class='ocrx_word' id='word_1_655' title='bbox 2665 4330 2773 4386; x_wconf 85' lang='lat' dir='ltr'><strong>est,</strong></span> <span class='ocrx_word' id='word_1_656' title='bbox 2799 4334 2966 4390; x_wconf 89' lang='lat' dir='ltr'><strong>quam</strong></span> <span class='ocrx_word' id='word_1_657' title='bbox 2991 4318 3139 4390; x_wconf 88' lang='lat' dir='ltr'><strong>quod</strong></span> <span class='ocrx_word' id='word_1_658' title='bbox 3171 4331 3486 4388; x_wconf 76' lang='lat' dir='ltr'><strong>supremam</strong></span> <span class='ocrx_word' id='word_1_659' title='bbox 3515 4316 3850 4372; x_wconf 86' lang='lat' dir='ltr'><strong>oblatiOnem</strong></span> <span class='ocrx_word' id='word_1_660' title='bbox 3876 4319 4040 4374; x_wconf 83' lang='lat' dir='ltr'><strong>avide</strong></span> 
     </span>
    </p>
   </div>
   <div class='ocr_carea' id='block_1_59' title="bbox 747 4429 1264 4499">
    <p class='ocr_par' dir='ltr' id='par_1_59' title="bbox 747 4429 1264 4499">
     <span class='ocr_line' id='line_1_59' title="bbox 747 4429 1264 4499; baseline -0.021 -10"><span class='ocrx_word' id='word_1_661' title='bbox 747 4438 910 4489; x_wconf 79' lang='lat' dir='ltr'><strong>nimis</strong></span> <span class='ocrx_word' id='word_1_662' title='bbox 955 4429 1264 4499; x_wconf 79' lang='lat' dir='ltr'><strong>usurpavit.</strong></span> 
     </span>
    </p>
   </div>
   <div class='ocr_carea' id='block_1_60' title="bbox 819 4509 2504 4606">
    <p class='ocr_par' dir='ltr' id='par_1_60' title="bbox 819 4509 2414 4606">
     <span class='ocr_line' id='line_1_60' title="bbox 819 4509 2414 4606; baseline -0.018 -10"><span class='ocrx_word' id='word_1_663' title='bbox 819 4545 987 4596; x_wconf 76' lang='lat' dir='ltr'><strong>Porio</strong></span> <span class='ocrx_word' id='word_1_664' title='bbox 1039 4541 1088 4591; x_wconf 89' lang='lat' dir='ltr'><strong>id</strong></span> <span class='ocrx_word' id='word_1_665' title='bbox 1123 4535 1266 4606; x_wconf 87' lang='lat' dir='ltr'><strong>quod</strong></span> <span class='ocrx_word' id='word_1_666' title='bbox 1310 4531 1445 4585; x_wconf 88' lang='lat' dir='ltr'><strong>dicit</strong></span> <span class='ocrx_word' id='word_1_667' title='bbox 1475 4549 1487 4582; x_wconf 90' lang='lat'><em>:</em></span> <span class='ocrx_word' id='word_1_668' title='bbox 1527 4547 1542 4578; x_wconf 88' lang='grc' dir='ltr'><strong>ι</strong></span> <span class='ocrx_word' id='word_1_669' title='bbox 1583 4526 1810 4580; x_wconf 83' lang='lat' dir='ltr'><strong>Peccata</strong></span> <span class='ocrx_word' id='word_1_670' title='bbox 1846 4520 2140 4577; x_wconf 84' lang='lat' dir='ltr'><strong>sacerdotii</strong></span> <span class='ocrx_word' id='word_1_671' title='bbox 2172 4516 2339 4572; x_wconf 89' lang='lat' dir='ltr'><strong>vestri</strong></span> <span class='ocrx_word' id='word_1_672' title='bbox 2374 4509 2414 4563; x_wconf 84' lang='grc' dir='ltr'>Β</span> 
     </span>
    </p>
   </div>
   <div class='ocr_carea' id='block_1_61' title="bbox 2346 4509 4031 4606">
    <p class='ocr_par' dir='ltr' id='par_1_61' title="bbox 2374 4509 4031 4588">
     <span class='ocr_line' id='line_1_61' title="bbox 2374 4509 4031 4588; baseline -0.004 -14"><span class='ocrx_word' id='word_1_673' title='bbox 2374 4509 2414 4563; x_wconf 78' lang='grc' dir='ltr'>Β</span> <span class='ocrx_word' id='word_1_674' title='bbox 2515 4520 2588 4573; x_wconf 82' lang='grc' dir='ltr'><strong>Τὸ</strong></span> <span class='ocrx_word' id='word_1_675' title='bbox 2603 4520 2710 4585; x_wconf 72' lang='grc' dir='ltr'><strong>δὲ,ι</strong></span> <span class='ocrx_word' id='word_1_676' title='bbox 2724 4517 2975 4588; x_wconf 76' lang='grc' dir='ltr'><strong>Λήψισθε</strong></span> <span class='ocrx_word' id='word_1_677' title='bbox 2992 4519 3090 4581; x_wconf 75' lang='grc' dir='ltr'><strong>τὰς</strong></span> <span class='ocrx_word' id='word_1_678' title='bbox 3109 4515 3387 4587; x_wconf 76' lang='grc' dir='ltr'><strong>ἁμαρτιας</strong></span> <span class='ocrx_word' id='word_1_679' title='bbox 3399 4516 3500 4586; x_wconf 84' lang='grc' dir='ltr'><strong>τῆς</strong></span> <span class='ocrx_word' id='word_1_680' title='bbox 3523 4515 3798 4586; x_wconf 75' lang='grc' dir='ltr'><strong>ἱερατείας</strong></span> <span class='ocrx_word' id='word_1_681' title='bbox 3819 4515 3999 4586; x_wconf 81' lang='grc' dir='ltr'>ὑμῶν,</span> <span class='ocrx_word' id='word_1_682' title='bbox 4014 4536 4031 4568; x_wconf 78' lang='grc' dir='ltr'><strong>ι</strong></span> 
     </span>
    </p>
   </div>
   <div class='ocr_carea' id='block_1_62' title="bbox 745 4606 2430 4692">
    <p class='ocr_par' dir='ltr' id='par_1_62' title="bbox 745 4612 2337 4692">
     <span class='ocr_line' id='line_1_62' title="bbox 745 4612 2337 4692; baseline -0.019 -3"><span class='ocrx_word' id='word_1_683' title='bbox 745 4635 1113 4690; x_wconf 63' lang='lat' dir='ltr'><strong>sustinebitis,</strong></span> <span class='ocrx_word' id='word_1_684' title='bbox 1153 4649 1168 4679; x_wconf 74' lang='grc' dir='ltr'><strong>ι</strong></span> <span class='ocrx_word' id='word_1_685' title='bbox 1199 4628 1267 4678; x_wconf 89' lang='lat' dir='ltr'><strong>de</strong></span> <span class='ocrx_word' id='word_1_686' title='bbox 1301 4627 1366 4678; x_wconf 91' lang='lat' dir='ltr'><strong>iis</strong></span> <span class='ocrx_word' id='word_1_687' title='bbox 1401 4621 1597 4692; x_wconf 83' lang='lat' dir='ltr'><strong>qua:in</strong></span> <span class='ocrx_word' id='word_1_688' title='bbox 1625 4624 1890 4687; x_wconf 88' lang='lat' dir='ltr'><strong>apparatu</strong></span> <span class='ocrx_word' id='word_1_689' title='bbox 1914 4612 2337 4668; x_wconf 89' lang='lat' dir='ltr'><strong>comtuittuntur</strong></span> 
     </span>
    </p>
   </div>
   <div class='ocr_carea' id='block_1_63' title="bbox 1616 4606 3301 4692">
    <p class='ocr_par' dir='ltr' id='par_1_63' title="bbox 1625 4606 3301 4687">
     <span class='ocr_line' id='line_1_63' title="bbox 1625 4606 3301 4687; baseline -0.007 -17"><span class='ocrx_word' id='word_1_690' title='bbox 1625 4624 1890 4687; x_wconf 84' lang='lat' dir='ltr'><strong>apparatu</strong></span> <span class='ocrx_word' id='word_1_691' title='bbox 1914 4612 2337 4668; x_wconf 89' lang='lat' dir='ltr'><strong>committuntur</strong></span> <span class='ocrx_word' id='word_1_692' title='bbox 2442 4611 2540 4671; x_wconf 75' lang='grc' dir='ltr'><strong>τὰς</strong></span> <span class='ocrx_word' id='word_1_693' title='bbox 2575 4611 2638 4662; x_wconf 75' lang='grc' dir='ltr'><strong>ἐκ</strong></span> <span class='ocrx_word' id='word_1_694' title='bbox 2673 4608 3048 4680; x_wconf 79' lang='grc' dir='ltr'><strong>παραϐάσεως</strong></span> <span class='ocrx_word' id='word_1_695' title='bbox 3076 4606 3301 4677; x_wconf 80' lang='grc' dir='ltr'><strong>δηλαδή.</strong></span> 
     </span>
    </p>
   </div>
   <div class='ocr_carea' id='block_1_64' title="bbox 753 4723 1310 4796">
    <p class='ocr_par' dir='ltr' id='par_1_64' title="bbox 753 4723 1310 4796">
     <span class='ocr_line' id='line_1_64' title="bbox 753 4723 1310 4796; baseline -0.022 -14"><span class='ocrx_word' id='word_1_696' title='bbox 753 4723 1173 4796; x_wconf 76' lang='lat' dir='ltr'><strong>intelligendum</strong></span> <span class='ocrx_word' id='word_1_697' title='bbox 1205 4726 1310 4774; x_wconf 80' lang='lat' dir='ltr'><strong>est.</strong></span> 
     </span>
    </p>
   </div>
   <div class='ocr_carea' id='block_1_65' title="bbox 817 4824 4039 4930">
    <p class='ocr_par' dir='ltr' id='par_1_65' title="bbox 817 4824 4039 4930">
     <span class='ocr_line' id='line_1_65' title="bbox 817 4824 4039 4930; baseline -0.011 -14"><span class='ocrx_word' id='word_1_698' title='bbox 817 4862 1044 4916; x_wconf 81' lang='lat' dir='ltr'><strong>Videtur</strong></span> <span class='ocrx_word' id='word_1_699' title='bbox 1081 4865 1286 4918; x_wconf 90' lang='lat' dir='ltr'><strong>autem,</strong></span> <span class='ocrx_word' id='word_1_700' title='bbox 1320 4852 1501 4911; x_wconf 88' lang='lat' dir='ltr'><strong>aiunt,</strong></span> <span class='ocrx_word' id='word_1_701' title='bbox 1536 4847 1607 4900; x_wconf 84' lang='lat' dir='ltr'><strong>ibi</strong></span> <span class='ocrx_word' id='word_1_702' title='bbox 1641 4847 1708 4898; x_wconf 90' lang='lat' dir='ltr'><strong>de</strong></span> <span class='ocrx_word' id='word_1_703' title='bbox 1755 4843 1977 4896; x_wconf 85' lang='lat' dir='ltr'><strong>victima</strong></span> <span class='ocrx_word' id='word_1_704' title='bbox 2026 4838 2363 4907; x_wconf 77' lang='lat' dir='ltr'><strong>integritatis</strong></span> <span class='ocrx_word' id='word_1_705' title='bbox 2398 4849 2496 4889; x_wconf 87' lang='lat' dir='ltr'><strong>seu</strong></span> <span class='ocrx_word' id='word_1_706' title='bbox 2529 4831 2908 4902; x_wconf 72' lang='lat' dir='ltr'><strong>perfectionis,</strong></span> <span class='ocrx_word' id='word_1_707' title='bbox 2944 4824 3735 4930; x_wconf 44' lang='lat' dir='ltr'><strong>queqiadiiiod‘uinioﬁxodo</strong></span> <span class='ocrx_word' id='word_1_708' title='bbox 3765 4833 3832 4924; x_wconf 69' lang='lat' dir='ltr'><strong>et</strong></span> <span class='ocrx_word' id='word_1_709' title='bbox 3875 4824 4039 4880; x_wconf 68' lang='lat' dir='ltr'><strong>Levi~</strong></span> 
     </span>
    </p>
   </div>
   <div class='ocr_carea' id='block_1_66' title="bbox 743 4913 4044 5017">
    <p class='ocr_par' dir='ltr' id='par_1_66' title="bbox 743 4913 4044 5017">
     <span class='ocr_line' id='line_1_66' title="bbox 743 4913 4044 5017; baseline -0.01 -14"><span class='ocrx_word' id='word_1_710' title='bbox 743 4913 1081 5017; x_wconf 67' lang='lat' dir='ltr'><strong>t‘co,loqni.</strong></span> <span class='ocrx_word' id='word_1_711' title='bbox 1115 4913 1323 4999; x_wconf 57' lang='lat' dir='ltr'><strong>ttat-nes</strong></span> <span class='ocrx_word' id='word_1_712' title='bbox 1350 4941 1495 4994; x_wconf 92' lang='lat' dir='ltr'><strong>enim</strong></span> <span class='ocrx_word' id='word_1_713' title='bbox 1537 4937 1772 4989; x_wconf 77' lang='lat' dir='ltr'><strong>victima:</strong></span> <span class='ocrx_word' id='word_1_714' title='bbox 1819 4931 1986 4998; x_wconf 87' lang='lat' dir='ltr'><strong>hujus</strong></span> <span class='ocrx_word' id='word_1_715' title='bbox 2034 4927 2138 4998; x_wconf 91' lang='lat' dir='ltr'><strong>ipsi</strong></span> <span class='ocrx_word' id='word_1_716' title='bbox 2187 4923 2504 4982; x_wconf 88' lang='lat' dir='ltr'><strong>sacerdotes</strong></span> <span class='ocrx_word' id='word_1_717' title='bbox 2549 4919 2781 4993; x_wconf 88' lang='lat' dir='ltr'><strong>perfecti</strong></span> <span class='ocrx_word' id='word_1_718' title='bbox 2834 4917 3224 4974; x_wconf 87' lang='lat' dir='ltr'><strong>comedebant.</strong></span> <span class='ocrx_word' id='word_1_719' title='bbox 3281 4913 3629 4970; x_wconf 85' lang='lat' dir='ltr'><strong>Sacrificium</strong></span> <span class='ocrx_word' id='word_1_720' title='bbox 3682 4915 3887 4985; x_wconf 86' lang='lat' dir='ltr'><strong>quippe</strong></span> <span class='ocrx_word' id='word_1_721' title='bbox 3937 4931 4044 4986; x_wconf 90' lang='lat' dir='ltr'><strong>pro</strong></span> 
     </span>
    </p>
   </div>
   <div class='ocr_carea' id='block_1_67' title="bbox 743 5020 2428 5118">
    <p class='ocr_par' dir='ltr' id='par_1_67' title="bbox 743 5020 2417 5118">
     <span class='ocr_line' id='line_1_67' title="bbox 743 5020 2417 5118; baseline -0.01 -25"><span class='ocrx_word' id='word_1_722' title='bbox 743 5051 968 5113; x_wconf 81' lang='lat' dir='ltr'><strong>peccato</strong></span> <span class='ocrx_word' id='word_1_723' title='bbox 1000 5038 1356 5091; x_wconf 76' lang='lat' dir='ltr'><strong>sacerdotum</strong></span> <span class='ocrx_word' id='word_1_724' title='bbox 1393 5037 1569 5080; x_wconf 92' lang='lat' dir='ltr'><strong>totum</strong></span> <span class='ocrx_word' id='word_1_725' title='bbox 1601 5020 1989 5118; x_wconf 36' lang='lat' dir='ltr'><strong>comburitur:</strong></span> <span class='ocrx_word' id='word_1_726' title='bbox 2060 5105 2093 5115; x_wconf 44' lang='grc' dir='ltr'>Η</span> <span class='ocrx_word' id='word_1_727' title='bbox 2294 5103 2304 5114; x_wconf 45' lang='grc'><em>,</em></span> <span class='ocrx_word' id='word_1_728' title='bbox 2363 5100 2417 5118; x_wconf 58' lang='grc' dir='ltr'>Μ</span> 
     </span>
    </p>
   </div>
   <div class='ocr_carea' id='block_1_68' title="bbox 2283 5020 3968 5118">
    <p class='ocr_par' dir='ltr' id='par_1_68' title="bbox 2294 5091 3968 5118">
     <span class='ocr_line' id='line_1_68' title="bbox 2294 5091 3968 5118; baseline 0 0"><span class='ocrx_word' id='word_1_729' title='bbox 2294 5103 2304 5114; x_wconf 80' lang='grc'><strong><em>⁸</em></strong></span> <span class='ocrx_word' id='word_1_730' title='bbox 2363 5100 2417 5118; x_wconf 62' lang='lat' dir='ltr'><strong>In</strong></span> <span class='ocrx_word' id='word_1_731' title='bbox 2448 5100 2466 5118; x_wconf 72' lang='grc' dir='ltr'>Ί</span> <span class='ocrx_word' id='word_1_732' title='bbox 2499 5098 2542 5118; x_wconf 63' lang='lat' dir='ltr'><strong>‘V</strong></span> <span class='ocrx_word' id='word_1_733' title='bbox 2568 5097 2810 5118; x_wconf 60' lang='lat' dir='ltr'><strong>,A__J___.</strong></span> <span class='ocrx_word' id='word_1_734' title='bbox 2851 5095 2990 5118; x_wconf 56' lang='lat'><strong>----.‘</strong></span> <span class='ocrx_word' id='word_1_735' title='bbox 3028 5093 3284 5118; x_wconf 61' lang='grc' dir='ltr'><strong>,ΑΑΑ-ᾸΑΑ</strong></span> <span class='ocrx_word' id='word_1_736' title='bbox 3341 5092 3589 5118; x_wconf 58' lang='grc' dir='ltr'><strong>-.ιιι-ιΑ-ζη</strong></span> <span class='ocrx_word' id='word_1_737' title='bbox 3640 5107 3702 5118; x_wconf 74' lang='grc' dir='ltr'><strong>ΑΛ</strong></span> <span class='ocrx_word' id='word_1_738' title='bbox 3919 5091 3968 5118; x_wconf 68' lang='lat'><strong>.1:</strong></span> 
     </span>
    </p>
   </div>
   <div class='ocr_carea' id='block_1_69' title="bbox 818 5091 4047 5184">
    <p class='ocr_par' dir='ltr' id='par_1_69' title="bbox 818 5091 4047 5184">
     <span class='ocr_line' id='line_1_69' title="bbox 818 5091 4047 5184; baseline -0.012 0"><span class='ocrx_word' id='word_1_739' title='bbox 818 5091 1128 5184; x_wconf 43' lang='lat' dir='ltr'><strong>litobibitis</strong></span> <span class='ocrx_word' id='word_1_740' title='bbox 1182 5120 1508 5179; x_wconf 79' lang='lat' dir='ltr'><strong>titittistcria,</strong></span> <span class='ocrx_word' id='word_1_741' title='bbox 1567 5113 1766 5166; x_wconf 84' lang='lat' dir='ltr'><strong>donum</strong></span> <span class='ocrx_word' id='word_1_742' title='bbox 1801 5105 2093 5161; x_wconf 84' lang='lat' dir='ltr'><strong>sacerdotii</strong></span> <span class='ocrx_word' id='word_1_743' title='bbox 2143 5103 2324 5158; x_wconf 79' lang='lat' dir='ltr'><strong>cestri.</strong></span> <span class='ocrx_word' id='word_1_744' title='bbox 2363 5100 2468 5175; x_wconf 82' lang='grc'><strong>[6.]</strong></span> <span class='ocrx_word' id='word_1_745' title='bbox 2499 5097 2814 5154; x_wconf 87' lang='lat' dir='ltr'><strong>Notandum</strong></span> <span class='ocrx_word' id='word_1_746' title='bbox 2845 5095 2992 5168; x_wconf 88' lang='lat' dir='ltr'><strong>quod</strong></span> <span class='ocrx_word' id='word_1_747' title='bbox 3027 5093 3287 5150; x_wconf 87' lang='lat' dir='ltr'><strong>sacerdos</strong></span> <span class='ocrx_word' id='word_1_748' title='bbox 3341 5092 3592 5148; x_wconf 86' lang='lat' dir='ltr'><strong>muneris</strong></span> <span class='ocrx_word' id='word_1_749' title='bbox 3639 5091 3887 5184; x_wconf 69' lang='lat' dir='ltr'><strong>aedoni</strong></span> <span class='ocrx_word' id='word_1_750' title='bbox 3919 5091 4047 5147; x_wconf 83' lang='lat' dir='ltr'><strong>vice</strong></span> 
     </span>
    </p>
   </div>
   <div class='ocr_carea' id='block_1_70' title="bbox 743 5180 4042 5284">
    <p class='ocr_par' dir='ltr' id='par_1_70' title="bbox 743 5180 4042 5284">
     <span class='ocr_line' id='line_1_70' title="bbox 743 5180 4042 5284; baseline -0.015 -6"><span class='ocrx_word' id='word_1_751' title='bbox 743 5180 1114 5278; x_wconf 62' lang='lat' dir='ltr'><strong>ministerium</strong></span> <span class='ocrx_word' id='word_1_752' title='bbox 1165 5231 1260 5284; x_wconf 89' lang='lat' dir='ltr'><strong>pro</strong></span> <span class='ocrx_word' id='word_1_753' title='bbox 1305 5207 1614 5264; x_wconf 84' lang='lat' dir='ltr'><strong>sacerdotio</strong></span> <span class='ocrx_word' id='word_1_754' title='bbox 1667 5216 1776 5271; x_wconf 85' lang='lat' dir='ltr'><strong>quo</strong></span> <span class='ocrx_word' id='word_1_755' title='bbox 1828 5214 1857 5251; x_wconf 89' lang='lat' dir='ltr'><strong>a</strong></span> <span class='ocrx_word' id='word_1_756' title='bbox 1910 5197 2020 5250; x_wconf 80' lang='lat' dir='ltr'><strong>Deo</strong></span> <span class='ocrx_word' id='word_1_757' title='bbox 2058 5196 2357 5264; x_wconf 77' lang='lat' dir='ltr'><strong>insignitus</strong></span> <span class='ocrx_word' id='word_1_758' title='bbox 2393 5202 2474 5245; x_wconf 89' lang='lat' dir='ltr'><strong>est</strong></span> <span class='ocrx_word' id='word_1_759' title='bbox 2515 5189 2626 5244; x_wconf 90' lang='lat' dir='ltr'><strong>Deo</strong></span> <span class='ocrx_word' id='word_1_760' title='bbox 2659 5186 2861 5242; x_wconf 78' lang='lat' dir='ltr'><strong>offerre</strong></span> <span class='ocrx_word' id='word_1_761' title='bbox 2902 5183 3144 5284; x_wconf 71' lang='lat' dir='ltr'><strong>videtur.</strong></span> <span class='ocrx_word' id='word_1_762' title='bbox 3296 5181 3423 5251; x_wconf 89' lang='lat' dir='ltr'><strong>quis</strong></span> <span class='ocrx_word' id='word_1_763' title='bbox 3453 5181 3623 5284; x_wconf 75' lang='lat' dir='ltr'><strong>igitur</strong></span> <span class='ocrx_word' id='word_1_764' title='bbox 3661 5180 4042 5284; x_wconf 64' lang='lat' dir='ltr'><strong>ministerium</strong></span> 
     </span>
    </p>
   </div>
   <div class='ocr_carea' id='block_1_71' title="bbox 742 5267 4040 5377">
    <p class='ocr_par' dir='ltr' id='par_1_71' title="bbox 742 5267 4040 5377">
     <span class='ocr_line' id='line_1_71' title="bbox 742 5267 4040 5377; baseline -0.012 -18"><span class='ocrx_word' id='word_1_765' title='bbox 742 5267 1230 5377; x_wconf 48' lang='grc' dir='ltr'><strong>ζῖξίίζιιῖξέιὲέξςῇιιίη</strong></span> <span class='ocrx_word' id='word_1_766' title='bbox 1270 5300 1523 5360; x_wconf 86' lang='lat' dir='ltr'><strong>abdicat,</strong></span> <span class='ocrx_word' id='word_1_767' title='bbox 1567 5295 1620 5348; x_wconf 91' lang='lat' dir='ltr'><strong>iu</strong></span> <span class='ocrx_word' id='word_1_768' title='bbox 1674 5267 1896 5362; x_wconf 46' lang='lat' dir='ltr'><strong>[gravius</strong></span> <span class='ocrx_word' id='word_1_769' title='bbox 1928 5293 2216 5356; x_wconf 88' lang='lat' dir='ltr'><strong>peccatum</strong></span> <span class='ocrx_word' id='word_1_770' title='bbox 2263 5299 2323 5339; x_wconf 91' lang='lat' dir='ltr'><strong>se</strong></span> <span class='ocrx_word' id='word_1_771' title='bbox 2357 5279 2625 5344; x_wconf 83' lang='lat' dir='ltr'><strong>incidere,</strong></span> <span class='ocrx_word' id='word_1_772' title='bbox 2673 5289 2738 5330; x_wconf 92' lang='lat' dir='ltr'><strong>eo</strong></span> <span class='ocrx_word' id='word_1_773' title='bbox 2783 5271 2930 5343; x_wconf 92' lang='lat' dir='ltr'><strong>quod</strong></span> <span class='ocrx_word' id='word_1_774' title='bbox 2963 5269 3259 5326; x_wconf 88' lang='lat' dir='ltr'><strong>honoranti</strong></span> <span class='ocrx_word' id='word_1_775' title='bbox 3303 5284 3364 5325; x_wconf 90' lang='lat' dir='ltr'><strong>se</strong></span> <span class='ocrx_word' id='word_1_776' title='bbox 3398 5269 3634 5339; x_wconf 74' lang='lat' dir='ltr'><strong>gratiam</strong></span> <span class='ocrx_word' id='word_1_777' title='bbox 3683 5282 3794 5322; x_wconf 90' lang='lat' dir='ltr'><strong>non</strong></span> <span class='ocrx_word' id='word_1_778' title='bbox 3827 5267 4040 5336; x_wconf 89' lang='lat' dir='ltr'><strong>refert,</strong></span> 
     </span>
    </p>
   </div>
   <div class='ocr_carea' id='block_1_72' title="bbox 745 5407 3781 5475">
    <p class='ocr_par' dir='ltr' id='par_1_72' title="bbox 745 5407 3781 5475">
     <span class='ocr_line' id='line_1_72' title="bbox 745 5407 3781 5475; baseline -0.002 -19"><span class='ocrx_word' id='word_1_779' title='bbox 745 5407 987 5474; x_wconf 72' lang='lat' dir='ltr'><strong>ignorat.</strong></span> <span class='ocrx_word' id='word_1_780' title='bbox 3067 5469 3090 5475; x_wconf 77' lang='lat'><strong>_</strong></span> <span class='ocrx_word' id='word_1_781' title='bbox 3207 5468 3219 5475; x_wconf 78' lang='lat'>_</span> <span class='ocrx_word' id='word_1_782' title='bbox 3315 5468 3338 5475; x_wconf 75' lang='lat'><strong><em>_</em></strong></span> <span class='ocrx_word' id='word_1_783' title='bbox 3465 5467 3477 5475; x_wconf 77' lang='lat'>_</span> <span class='ocrx_word' id='word_1_784' title='bbox 3761 5465 3781 5475; x_wconf 51' lang='lat'><strong>-</strong></span> 
     </span>
    </p>
   </div>
   <div class='ocr_carea' id='block_1_73' title="bbox 767 5445 2452 5568">
    <p class='ocr_par' dir='ltr' id='par_1_73' title="bbox 815 5492 2333 5568">
     <span class='ocr_line' id='line_1_73' title="bbox 815 5492 2333 5568; baseline -0.02 0"><span class='ocrx_word' id='word_1_785' title='bbox 815 5514 950 5568; x_wconf 77' lang='lat' dir='ltr'><strong>Ecce</strong></span> <span class='ocrx_word' id='word_1_786' title='bbox 1005 5504 1253 5563; x_wconf 80' lang='lat' dir='ltr'><strong>mandari</strong></span> <span class='ocrx_word' id='word_1_787' title='bbox 1305 5500 1447 5555; x_wconf 67' lang='lat' dir='ltr'><strong>vobis</strong></span> <span class='ocrx_word' id='word_1_788' title='bbox 1503 5492 1920 5550; x_wconf 79' lang='lat' dir='ltr'><strong>observationem</strong></span> <span class='ocrx_word' id='word_1_789' title='bbox 1953 5494 2333 5555; x_wconf 74' lang='lat' dir='ltr'><strong>prmceptorum</strong></span> 
     </span>
    </p>
   </div>
   <div class='ocr_carea' id='block_1_74' title="bbox 2360 5445 4045 5568">
    <p class='ocr_par' dir='ltr' id='par_1_74' title="bbox 2514 5465 4045 5540">
     <span class='ocr_line' id='line_1_74' title="bbox 2514 5465 4045 5540; baseline -0.007 -8"><span class='ocrx_word' id='word_1_790' title='bbox 2514 5476 2673 5533; x_wconf 82' lang='grc' dir='ltr'><strong>Ἰδοὺ</strong></span> <span class='ocrx_word' id='word_1_791' title='bbox 2712 5473 2944 5529; x_wconf 80' lang='grc' dir='ltr'><strong>δέδωκα</strong></span> <span class='ocrx_word' id='word_1_792' title='bbox 2981 5469 3125 5540; x_wconf 82' lang='grc' dir='ltr'><strong>ὑμῖν</strong></span> <span class='ocrx_word' id='word_1_793' title='bbox 3160 5468 3277 5538; x_wconf 80' lang='grc' dir='ltr'><strong>τὴν</strong></span> <span class='ocrx_word' id='word_1_794' title='bbox 3305 5467 3668 5537; x_wconf 76' lang='grc' dir='ltr'><strong>διατήρησιν</strong></span> <span class='ocrx_word' id='word_1_795' title='bbox 3713 5465 3833 5520; x_wconf 80' lang='grc' dir='ltr'><strong>τῶν</strong></span> <span class='ocrx_word' id='word_1_796' title='bbox 3871 5466 4045 5522; x_wconf 63' lang='grc' dir='ltr'><strong>ἐντος</strong></span> 
     </span>
    </p>
   </div>
   <div class='ocr_carea' id='block_1_75' title="bbox 741 5559 2426 5678">
    <p class='ocr_par' dir='ltr' id='par_1_75' title="bbox 741 5577 2335 5678">
     <span class='ocr_line' id='line_1_75' title="bbox 741 5577 2335 5678; baseline -0.023 -12"><span class='ocrx_word' id='word_1_797' title='bbox 741 5624 1002 5666; x_wconf 83' lang='lat' dir='ltr'><strong>meorum.</strong></span> <span class='ocrx_word' id='word_1_798' title='bbox 1052 5602 1154 5678; x_wconf 80' lang='lat'><strong>[8.]</strong></span> <span class='ocrx_word' id='word_1_799' title='bbox 1193 5595 1364 5666; x_wconf 89' lang='lat' dir='ltr'><strong>Stirpi</strong></span> <span class='ocrx_word' id='word_1_800' title='bbox 1412 5586 1746 5647; x_wconf 85' lang='lat' dir='ltr'><strong>sacerdotali</strong></span> <span class='ocrx_word' id='word_1_801' title='bbox 1783 5595 1946 5637; x_wconf 85' lang='lat' dir='ltr'><strong>omne</strong></span> <span class='ocrx_word' id='word_1_802' title='bbox 1988 5577 2335 5632; x_wconf 87' lang='lat' dir='ltr'><strong>victimarum</strong></span> 
     </span>
    </p>
   </div>
   <div class='ocr_carea' id='block_1_76' title="bbox 2356 5559 4041 5678">
    <p class='ocr_par' dir='ltr' id='par_1_76' title="bbox 2443 5559 4041 5641">
     <span class='ocr_line' id='line_1_76' title="bbox 2443 5559 4041 5641; baseline -0.009 -14"><span class='ocrx_word' id='word_1_803' title='bbox 2443 5571 2571 5626; x_wconf 70' lang='grc' dir='ltr'><strong>,λῶν</strong></span> <span class='ocrx_word' id='word_1_804' title='bbox 2596 5588 2738 5641; x_wconf 87' lang='grc' dir='ltr'><strong>μου.</strong></span> <span class='ocrx_word' id='word_1_805' title='bbox 2767 5567 2859 5638; x_wconf 84' lang='grc' dir='ltr'><strong>Τῷ</strong></span> <span class='ocrx_word' id='word_1_806' title='bbox 2891 5564 3022 5636; x_wconf 74' lang='grc' dir='ltr'>ἱερῷ</span> <span class='ocrx_word' id='word_1_807' title='bbox 3047 5563 3195 5632; x_wconf 84' lang='grc' dir='ltr'>γένει</span> <span class='ocrx_word' id='word_1_808' title='bbox 3217 5566 3324 5618; x_wconf 83' lang='grc' dir='ltr'><strong>πᾶν</strong></span> <span class='ocrx_word' id='word_1_809' title='bbox 3355 5559 3494 5627; x_wconf 86' lang='grc' dir='ltr'>εἶδος</span> <span class='ocrx_word' id='word_1_810' title='bbox 3521 5561 3790 5633; x_wconf 82' lang='grc' dir='ltr'><strong>ἀπονέμει</strong></span> <span class='ocrx_word' id='word_1_811' title='bbox 3821 5561 4041 5624; x_wconf 75' lang='grc' dir='ltr'><strong>Θυσίας,</strong></span> 
     </span>
    </p>
   </div>
   <div class='ocr_carea' id='block_1_77' title="bbox 823 5718 2508 5821">
    <p class='ocr_par' dir='ltr' id='par_1_77' title="bbox 823 5738 2508 5821">
     <span class='ocr_line' id='line_1_77' title="bbox 823 5738 2508 5821; baseline -0.015 0"><span class='ocrx_word' id='word_1_812' title='bbox 823 5768 990 5820; x_wconf 62' lang='lat' dir='ltr'><strong>“ha.</strong></span> <span class='ocrx_word' id='word_1_813' title='bbox 1028 5781 1137 5821; x_wconf 72' lang='grc' dir='ltr'>ιγι,</span> <span class='ocrx_word' id='word_1_814' title='bbox 1180 5759 1234 5813; x_wconf 78' lang='grc'><strong>3.</strong></span> <span class='ocrx_word' id='word_1_815' title='bbox 1311 5756 1356 5784; x_wconf 62' lang='grc'><strong>⁷⁸</strong></span> <span class='ocrx_word' id='word_1_816' title='bbox 1395 5747 1539 5805; x_wconf 74' lang='lat' dir='ltr'><strong>i&#39;sal.</strong></span> <span class='ocrx_word' id='word_1_817' title='bbox 1593 5765 1764 5812; x_wconf 70' lang='lat' dir='ltr'><strong>xxvii,</strong></span> <span class='ocrx_word' id='word_1_818' title='bbox 1800 5747 1852 5804; x_wconf 87' lang='lat'><strong>7.</strong></span> <span class='ocrx_word' id='word_1_819' title='bbox 1932 5745 1973 5779; x_wconf 83' lang='lat'>&quot;</span> <span class='ocrx_word' id='word_1_820' title='bbox 2004 5738 2212 5800; x_wconf 80' lang='lat' dir='ltr'><strong>Ezech.</strong></span> <span class='ocrx_word' id='word_1_821' title='bbox 2245 5758 2450 5808; x_wconf 78' lang='lat' dir='ltr'><strong>xxxvii,</strong></span> <span class='ocrx_word' id='word_1_822' title='bbox 2490 5742 2508 5796; x_wconf 86' lang='lat' dir='ltr'><strong>l</strong></span> 
     </span>
    </p>
   </div>
   <div class='ocr_carea' id='block_1_78' title="bbox 2349 5718 4034 5821">
    <p class='ocr_par' dir='ltr' id='par_1_78' title="bbox 2358 5718 4034 5810">
     <span class='ocr_line' id='line_1_78' title="bbox 2358 5718 4034 5810; baseline -0.013 -12"><span class='ocrx_word' id='word_1_823' title='bbox 2358 5742 2512 5808; x_wconf 83' lang='lat' dir='ltr'><strong>vu,l</strong></span> <span class='ocrx_word' id='word_1_824' title='bbox 2566 5755 2723 5810; x_wconf 85' lang='lat' dir='ltr'><strong>seqq.</strong></span> <span class='ocrx_word' id='word_1_825' title='bbox 2799 5733 3047 5791; x_wconf 79' lang='lat' dir='ltr'><strong>&quot;Hebr.</strong></span> <span class='ocrx_word' id='word_1_826' title='bbox 3099 5747 3236 5796; x_wconf 84' lang='lat' dir='ltr'><strong>vni,</strong></span> <span class='ocrx_word' id='word_1_827' title='bbox 3317 5729 3373 5784; x_wconf 72' lang='lat'><strong>2.</strong></span> <span class='ocrx_word' id='word_1_828' title='bbox 3455 5726 3499 5757; x_wconf 92' lang='grc'><strong>⁷⁷</strong></span> <span class='ocrx_word' id='word_1_829' title='bbox 3539 5720 3745 5780; x_wconf 83' lang='lat' dir='ltr'><strong>Jercm.</strong></span> <span class='ocrx_word' id='word_1_830' title='bbox 3781 5718 4034 5788; x_wconf 59' lang='lat' dir='ltr'><strong>nudi.</strong></span> 
     </span>
    </p>
   </div>
   <div class='ocr_carea' id='block_1_79' title="bbox 737 5821 1720 5899">
    <p class='ocr_par' dir='ltr' id='par_1_79' title="bbox 737 5821 1720 5899">
     <span class='ocr_line' id='line_1_79' title="bbox 737 5821 1720 5899; baseline -0.02 -2"><span class='ocrx_word' id='word_1_831' title='bbox 737 5839 939 5898; x_wconf 65' lang='lat' dir='ltr'><strong>7&#39;Psal.</strong></span> <span class='ocrx_word' id='word_1_832' title='bbox 975 5853 1050 5899; x_wconf 88' lang='grc' dir='ltr'>ιιι,</span> <span class='ocrx_word' id='word_1_833' title='bbox 1102 5835 1156 5885; x_wconf 77' lang='grc' dir='ltr'><strong>ὕ.</strong></span> <span class='ocrx_word' id='word_1_834' title='bbox 1234 5831 1278 5860; x_wconf 70' lang='grc'><strong>⁷⁸</strong></span> <span class='ocrx_word' id='word_1_835' title='bbox 1309 5826 1454 5882; x_wconf 82' lang='lat' dir='ltr'><strong>Psal.</strong></span> <span class='ocrx_word' id='word_1_836' title='bbox 1487 5839 1596 5888; x_wconf 78' lang='lat' dir='ltr'><strong>ut,</strong></span> <span class='ocrx_word' id='word_1_837' title='bbox 1635 5821 1720 5877; x_wconf 75' lang='lat' dir='ltr'><strong>E13.</strong></span> 
     </span>
    </p>
   </div>
  </div>
