4266 6446
242 388 348 452 845
1310 395 1842 456 COMMENTARII
1890 394 1927 453 ΙΙ

1820 396 1842 454 Ι
1890 394 1964 453 ΙΝ
2009 391 2394 452 NUMEROS.
3403 392 3503 450 δάε

241 503 310 553 τὰ
349 500 456 552 ἀπὸ
480 499 877 568 πλημμελείας,
912 501 980 553 τὰ
1015 501 1122 553 ἀπὸ
1146 503 1440 572 ἁμαρτίας.
1474 507 1679 572 Ὄνομα
1717 507 1823 573 γὰρ
1861 509 1894 559 Α

1817 527 1823 553 ι
1861 509 1894 559 Α
1927 517 2097 572 genus
2133 503 2393 563 destinat,
2440 509 2548 553 tant
2582 501 2835 555 delictum
2869 514 3031 569 quam
3069 511 3369 568 peccatum.
3413 503 3502 552 νὶ-

244 594 312 660 τῇ
345 591 487 659 ὑπὲρ
519 591 795 658 ἁμαρτίας
821 593 1009 660 θυσία,
1043 593 1308 662 ἁμαρτία.
1344 596 1450 646 Καὶ
1481 594 1692 655 Παῦλος
1725 597 1832 660 γὰρ

1812 611 1832 654 ο
1937 594 2102 643 clima
2137 594 2281 645 cnim
2341 607 2436 660 pro
2495 591 2736 660 peccatis
2797 592 3002 659 peccati
3067 607 3263 642 nomen
3317 591 3497 643 Italtet.

245 683 446 749 νομικῇ
497 683 844 749 χρησάμενος
889 682 1054 746 λέξει,
1105 685 1269 754 φησί·
1323 708 1338 734 ι
1371 683 1474 736 Τὸν
1514 686 1586 753 μὴ
1637 684 1834 750 γνόντα

1816 701 1834 734 ι
1937 683 2089 738 Unde
2121 682 2320 737 Paulus
2349 683 2482 751 legis
2513 683 2810 736 dictionem
2843 697 3142 751 usurpans,
3172 683 3245 735 ait
3273 701 3284 736 :
3323 701 3339 732 ‹
3370 684 3501 736 lium

245 772 546 841 ἁμαρτίαν,
584 773 726 842 ὑπὲρ
754 773 911 841 ἡμῶν
945 776 1223 844 ἁμαρτίαν
1254 776 1500 843 ἐποίησε.
1541 795 1555 825 ι
1601 775 1833 826 Τέθνται

1822 793 1833 825 ι
1934 777 2025 842 qui
2070 783 2353 842 peccatum
2393 790 2500 826 non
2546 781 2897 842 cognoverat,
2957 789 3056 843 pro
3105 774 3262 828 nobis
3314 789 3507 843 pecca-

246 866 356 934 γὰρ
389 866 528 934 ὑπὲρ
559 864 668 916 τῶν
715 865 1000 935 ἁμαρτιῶν
1041 868 1218 935 ἡμῶν,
1263 867 1338 929 ὡς
1386 868 1570 937 ἀρνίον
1605 868 1831 920 ἄκακον.

1822 906 1831 920 .
1937 874 2049 918 ιυιη
2099 865 2227 918 fecit
2269 867 2335 916 δ’.
2378 883 2394 915 ι
2445 865 2764 917 lmmolatus
2814 866 2959 918 enim
2994 882 3092 934 pro
3130 876 3370 934 peccatis
3409 883 3507 919 no-

245 953 502 1008 Τοιοῦτον
538 956 632 1006 καὶ
657 957 736 1018 τὸ,
773 975 790 1006 ι
828 956 1123 1026 ’Λμαρτέας
1174 957 1303 1010 λαοῦ
1361 976 1462 1026 μου
1507 959 1823 1026 φάγονταῳ

1820 985 1823 1003 .
1941 957 2103 1017 stris,
2155 957 2505 1032 velutgagnus
2555 957 2960 1020 imtnaculatus,
2990 955 3148 1011 Jesus
3184 967 3288 1011 est.
3345 957 3505 1026 Ejus-

245 1049 495 1098 τουτέστι
549 1054 616 1098 τὰ
651 1050 790 1118 ὑπὲρ
827 1049 1104 1118 ἁμαρτίας
1152 1048 1248 1101 τοῦ
1285 1048 1414 1101 λαοῦ
1465 1066 1589 1119 μου,
1627 1051 1830 1120 βρῶσις

1822 1066 1830 1108 τ
1939 1048 2085 1100 modi
2129 1056 2182 1100 et
2240 1047 2371 1100 illud
2428 1057 2604 1101 estzt
2662 1045 2893 1100 Peccata
2943 1049 3124 1116 populi
3184 1051 3285 1102 mei
3331 1064 3507 1102 come-

248 1138 403 1190 ἔσται
432 1141 545 1202 τοῖς
578 1139 804 1209 ἱερεῦσι.

1938 1137 2067 1192 dent
2105 1139 2186 1203 ⁸¹;
2225 1155 2243 1187 ι
2283 1137 2384 1190 lioc
2437 1145 2542 1199 est,
2593 1139 2828 1190 victima:
2882 1154 2976 1206 pro
3033 1139 3274 1207 peccatis
3327 1141 3509 1208 pOpnii

1941 1227 2042 1280 mei
2084 1226 2465 1282 sacerdotibus
2497 1227 2550 1280 in
2593 1227 2792 1280 victum
2834 1227 3048 1281 cedent.

328 1364 578 1418 Destinat
618 1365 802 1432 itaque
829 1364 909 1418 eis
949 1364 1254 1432 omnigeure
1303 1365 1537 1417 victimae
1589 1363 1889 1431 reliquias,
1923 1378 1985 1417 ea
2027 1372 2208 1417 tamen
2257 1365 2370 1434 lege
2414 1373 2471 1416 ut
2512 1365 2562 1416 in
2603 1365 2719 1416 loco
2753 1371 2962 1415 tantum
2995 1377 3153 1416 sacro
3193 1365 3508 1430 comedunt,

250 1462 304 1506 et
338 1463 534 1520 prteter
566 1467 748 1505 mares
782 1467 962 1504 nemo.
1000 1452 1267 1505 Cmterunt
1302 1452 1555 1519 primitiae
1601 1466 1790 1503 omnes
1828 1459 1877 1502 et
1922 1451 2317 1519 redemptionis
2371 1453 2544 1519 pretia
2596 1452 2729 1519 ipsis
2766 1459 2818 1504 et
2853 1451 3108 1504 omnibus
3141 1451 3231 1518 qui
3275 1467 3396 1504 cum
3434 1459 3514 1505 eis

251 1553 384 1600 sunt
428 1555 536 1594 tant
574 1544 822 1596 maribus
864 1558 1026 1610 quant
1072 1543 1290 1597 feminis
1338 1543 1732 1594 attribuuntur.
1767 1541 1930 1592 Sacra
1963 1535 2164 1588 etenim
2214 1536 2280 1587 ad
2317 1535 2638 1588 sacerdotes
2670 1545 2722 1588 et
2753 1550 2943 1588 eorum
2983 1536 3186 1588 liberos
3223 1538 3273 1587 in
3329 1552 3511 1588 saet-r-

251 1632 406 1685 dotio
435 1645 791 1684 successores
827 1631 1127 1697 pertinent.
1163 1628 1448 1682 Munerum
1479 1643 1608 1681 vero
1653 1628 1956 1680 oblationes
1994 1624 2219 1677 familiis
2253 1625 2689 1679 sacerdotalibus
2732 1639 3054 1678 communes
3097 1634 3240 1678 sunt.
3283 1624 3515 1679 Verum-

252 1729 438 1774 tamen
473 1734 598 1772 eum
635 1719 730 1785 qui
765 1718 851 1771 liis
878 1720 1179 1786 participat
1215 1717 1481 1770 mundum
1515 1730 1638 1770 esse
1667 1723 1902 1780 oportet,
1939 1725 2042 1763 non
2077 1713 2484 1780 prmputiatum,
2520 1727 2615 1765 seu
2653 1711 3028 1779 peregrinum,
3061 1726 3170 1763 non
3209 1714 3514 1780 leprosum,

253 1823 356 1860 nec
387 1805 782 1860 setninitluunt.
815 1806 1217 1858 Abstinendum
1252 1820 1383 1858 vero
1417 1804 1484 1857 ab
1519 1804 1586 1857 iis
1611 1817 1731 1871 quae
1784 1816 1880 1870 per
1908 1805 2222 1874 allegoriam
2259 1803 2343 1857 his
2395 1803 2647 1871 corporis
2683 1802 3066 1857 affectionibus
3114 1805 3516 1873 signitiCantur.

253 1891 444 1946 Talem
480 1894 647 1962 igitur
678 1907 804 1945 esse
844 1901 1059 1959 oportet
1094 1891 1330 1955 lideletn,
1365 1891 1536 1960 pium,
1573 1899 1628 1944 et
1666 1890 1962 1946 virtutibus
2006 1892 2273 1945 deditum.
2309 1910 2326 1941 ‹
2371 1889 2574 1945 Fmdus
2606 1891 2740 1944 salis
2789 1894 3190 1958 sempiternum
3223 1905 3327 1956 est,
3364 1913 3380 1943 ι
3435 1896 3518 1946 in-

251 1982 398 2051 quit,
432 1989 486 2033 et
518 1979 946 2033 commonefacit
980 1980 1101 2047 ejus
1142 1979 1290 2047 quod
1325 1979 1378 2031 in
1418 1978 1660 2032 Levitieo
1710 1977 1916 2030 dictum
1949 1982 2032 2030 est
2070 1993 2082 2029 :
2124 1994 2142 2026 ι
2184 1975 2318 2028 Cum
2351 1975 2500 2028 omni
2536 1973 2814 2027 oblatione
2851 1977 3018 2027 salem
3052 1975 3295 2030 otferetis
3337 1976 3520 2030 Domi-

254 2084 329 2123 no
376 2065 487 2121 Deo
519 2078 703 2121 vestro
737 2068 806 2120 ".
847 2086 865 2118 ι
928 2067 1413 2138 Conspergebatur
1463 2068 1606 2120 enim
1644 2067 1758 2119 sale
1806 2063 2049 2125 victima,
2102 2073 2154 2119 et
2182 2064 2553 2118 adornabatur
2594 2063 3002 2131 quodammodo
3040 2072 3098 2117 ttt
3130 2065 3429 2134 prudenter
3460 2083 3524 2119 ac

254 2171 383 2210 cum
411 2155 625 2208 ratione
660 2152 826 2224 410
854 2153 1165 2207 offerretur.
1217 2151 1335 2207 Non
1373 2152 1517 2207 enim
1551 2152 1756 2220 absque
1789 2153 1902 2206 sale
1959 2155 2275 2208 comedetur
2313 2153 2492 2222 panis,
2545 2153 2690 2208 sicut
2739 2153 3006 2221 scriptum
3057 2161 3140 2208 est
3193 2155 3259 2207 ⁸³.
3315 2156 3381 2210 Et
3425 2158 3530 2210 ite-

254 2258 380 2296 rum
415 2260 427 2294 :
469 2260 487 2293 ι
521 2240 627 2295 Vos
665 2243 802 2295 estis
827 2241 908 2294 sal
934 2251 1095 2295 terra:
1124 2241 1194 2295 “.
1247 2259 1264 2291 ι
1302 2239 1576 2294 Caeterum
1633 2240 1745 2294 haec
1779 2238 2105 2294 confirmant
2138 2242 2491 2308 pronuntiata
2543 2255 2629 2303 ea,
2695 2239 2841 2308 quod
2892 2240 3090 2311 dignus
3139 2245 3209 2296 sit
3240 2248 3526 2314 operarius

256 2332 518 2386 mercede
571 2345 672 2385 sua
712 2331 780 2383 ⁸⁸.
822 2349 840 2381 ε
911 2331 1076 2395 Item,
1117 2330 1209 2399 qui
1252 2331 1394 2400 apud
1440 2330 1610 2383 altare
1660 2328 1954 2391 excubant,
1991 2328 2314 2398 participant
2347 2343 2563 2398 quoque
2600 2328 2780 2380 altari.
2816 2327 2986 2381 Porro
3019 2328 3272 2384 Davidem
3309 2348 3527 2401 quoque

261 2418 518 2474 modeste
549 2417 811 2474 sacerdos
843 2418 1150 2488 interrogat
1183 2433 1250 2472 an
1286 2417 1524 2472 mundus
1558 2417 1628 2472 sit
1653 2419 1766 2487 ipse
1799 2425 1851 2470 et
1882 2417 2012 2471 socii
2049 2417 2242 2486 ipsius,
2289 2431 2412 2470 cum
2447 2415 2622 2470 sacris
2655 2415 2986 2485 participare
3028 2418 3250 2481 vellent,
3292 2436 3398 2473 non
3438 2434 3530 2474 sa-

275 2507 551 2562 cerdotali
583 2509 716 2570 ritu,
752 2507 845 2561 sed
885 2517 942 2561 ut
980 2506 1287 2561 necessitas
1315 2507 1578 2568 dictabat,
1611 2521 1760 2558 more
1791 2504 2116 2564 domestico,
2151 2502 2403 2570 quamvis
2434 2517 2600 2570 panes
2637 2503 3028 2570 propositionis
3062 2517 3245 2558 essent
3268 2501 3335 2559 ⁸⁸.
3358 2509 3527 2575 Opor-

258 2603 340 2649 tet
377 2597 566 2665 itaque
600 2595 980 2663 voluptatibus
1015 2595 1240 2648 minime
1268 2593 1427 2656 allici,
1480 2609 1655 2662 neque
1698 2593 1751 2646 in
1792 2605 1884 2645 eas
1919 2589 2101 2644 animo
2145 2588 2346 2652 delabi,
2391 2604 2488 2642 nec
2517 2590 2679 2642 etiam
2715 2591 2781 2640 ad
2813 2590 3074 2643 cadavera
3127 2600 3179 2646 et
3212 2609 3299 2647 res
3357 2609 3384 2647 a
3419 2593 3532 2649 ί)εο

259 2683 477 2738 alienas
508 2683 808 2751 respicere.
841 2680 1320 2748 Quemadmodum
1353 2696 1481 2736 vero
1515 2681 1616 2750 ipsi
1649 2679 1902 2750 primitia:
1943 2686 2073 2732 sunt
2118 2678 2344 2746 populi,
2383 2677 2461 2730 sic
2493 2691 2558 2730 ex
2601 2676 2861 2745 primitiis
2912 2685 3315 2734 sustentantur.

336 2815 448 2869 Καὶ
478 2812 602 2870 πᾶν
630 2813 938 2881 διανοῖγον
965 2811 1174 2868 πᾶσαν
1200 2813 1439 2880 μήτραν
1482 2811 1600 2864 ἀπὸ
1643 2811 1846 2875 πάσης
1883 2791 1923 2848 Β

1883 2791 1923 2848 Β
2023 2804 2294 2875 Quidquid
2352 2805 2578 2872 primunt
2625 2815 2860 2872 erumpet
2918 2823 2943 2858 ε
2999 2808 3151 2861 vulva
3205 2827 3361 2878 quam
3401 2814 3531 2880 οπε-

260 2908 512 2976 σαρκὸς,
550 2907 668 2958 ὅσα
698 2904 1114 2973 προσφέρουσι
1146 2905 1339 2971 Κυρίῳ
1384 2903 1501 2958 ἀπὸ
1532 2903 1847 2969 ἀνθρώπου

1846 2923 1847 2932 ι
1955 2909 2078 2952 runt
2131 2898 2374 2962 Domino,
2413 2900 2519 2952 sive
2551 2913 2615 2952 ex
2663 2899 2960 2951 hominibus
3012 2903 3118 2954 sire
3161 2903 3222 2955 de
3256 2908 3531 2970 pecoribus

261 2997 376 3061 ἕως
415 2995 705 3061 κτήνους,
732 2995 832 3046 σοὶ
857 2994 1049 3047 ἔσται.
1108 2995 1259 3047 Ἀλλ’
1301 2993 1338 3060 ἢ
1379 2995 1675 3060 λύτρωσις
1741 2996 1849 3044 λυ·

1848 3021 1849 3028 ι
1955 2991 2138 3058 fuerit,
2190 2994 2265 3063 tui
2305 2993 2451 3059 juris
2484 2993 2602 3054 erit,
2656 2993 2730 3043 ita
2768 2992 3032 3045 duntaxat
3077 3005 3131 3046 ut
3161 3012 3254 3063 pro
3303 2998 3533 3051 hominis

268 3085 638 3153 τρωθήσεται
688 3086 758 3138 τὰ
797 3088 1142 3154 πρωτότοκα
1195 3083 1312 3138 τῶν
1360 3083 1720 3151 ἀνθρώπων,
1755 3081 1852 3133 καὶ

1849 3100 1852 3129 ι
1955 3085 2304 3154 primogenita
2333 3085 2564 3151 pretium
2598 3085 2852 3149 accipias,
2886 3095 2935 3137 et
2985 3102 3135 3139 omne
3165 3091 3369 3141 animal
3396 3091 3534 3159 quod

265 3181 341 3233 τὰ
415 3182 764 3247 πρωτότοκα
830 3175 951 3230 τῶν
1017 3175 1254 3244 κτηνῶν
1319 3174 1437 3228 τῶν
1501 3174 1853 3242 ἀκαθάρτων

1851 3193 1853 3203 ⁸
1958 3178 2293 3231 immundum
2321 3187 2399 3230 est
2441 3178 2629 3230 redimi
2676 3178 2869 3244 facias.
2904 3176 3041 3250 [15.]
3088 3179 3376 3236 Hominum
3411 3185 3536 3252 qui-

264 3271 576 3338 λυτρὼσῃ.
662 3270 742 3322 Τὰ
804 3270 904 3338 μὲν
958 3268 1067 3320 τῶν
1122 3267 1447 3338 ἁνθρωπων,
1513 3267 1600 3319 διὰ
1650 3266 1850 3336 τιμήν’

1964 3271 2084 3326 dem
2124 3271 2482 3340 primogenita
2517 3281 2736 3339 propter
2768 3272 3114 3340 dignitatem,
3151 3277 3363 3330 ratione
3392 3279 3535 3331 enim

264 3364 328 3416 οὐ
358 3363 470 3431 γὰρ
504 3361 776 3430 σφακτέον
826 3360 893 3412 τὰ
924 3359 1121 3428 λογικὰ
1177 3362 1235 3413 ὲν
1292 3359 1391 3426 ῐσῳ
1434 3360 1546 3421 τοῖς
1600 3358 1815 3425 ἀλόγοις
1842 3372 1856 3388 ο

1965 3363 2197 3432 praedita
2269 3370 2512 3416 mactare
2563 3377 2671 3415 non
2726 3366 2981 3418 convenit
3035 3367 3177 3420 sicut
3227 3370 3404 3422 bruta.
3443 3369 3541 3423 Pe-

265 3456 337 3508 τὰ
393 3455 449 3506 δὲ
507 3453 614 3504 τῶν
669 3452 904 3523 κτηνῶν,
966 3452 1032 3504 δι’
1097 3452 1354 3521 ἀτιμίαν,
1411 3452 1492 3502 ὃτι
1538 3449 1854 3514 ἀκάθαρτα,

1851 3493 1854 3507 .
1964 3455 2166 3512 cudunt
2197 3470 2322 3509 vero
2359 3465 2584 3525 propter
2619 3457 3014 3524 ignobilitatem
3056 3460 3185 3528 quia
3229 3461 3536 3525 immunda,

268 3551 366 3601 καὶ
404 3547 503 3617 τῆς
535 3549 613 3609 εἰς
645 3545 778 3598 Θεὸν
803 3546 991 3601 ἀνόδου
1046 3545 1154 3597 τῶν
1209 3543 1391 3606 καλῶς
1451 3543 1860 3614 μεθισταμένων

1852 3559 1860 3588 ν
1966 3563 2065 3602 nec
2097 3548 2265 3601 ullutn
2298 3547 2512 3617 signum
2563 3548 2767 3602 habent
2796 3564 3060 3605 ascensus
3108 3553 3200 3619 qui
3255 3554 3319 3606 ad
3373 3554 3537 3607 Deum

267 3642 459 3712 ψυχῶν
490 3642 590 3693 οὐκ
613 3641 724 3709 ἔχει
759 3640 1048 3708 σύμϐολον.
1089 3639 1163 3691 Τὸ
1187 3637 1243 3690 δὲ
1275 3638 1471 3708 λύτρον
1503 3636 1615 3707 (66)
1663 3636 1738 3706 μὴ
1769 3635 1861 3688 ἐπὶ

1854 3655 1861 3688 ι
1966 3640 2036 3694 ab
2087 3640 2287 3695 animis
2341 3641 2476 3696 bene
2547 3642 2831 3697 translatis
2893 3642 2995 3705 fit,
3056 3645 3250 3699 redimi
3313 3647 3539 3714 permit-

271 3733 454 3807 φθορᾷ
505 3732 716 3796 παθῶν,
769 3731 884 3785 ἀλλ’
930 3734 1023 3784 ἐπὶ
1066 3731 1179 3802 ζωῇ
1209 3731 1448 3799 κόσμου’
1476 3731 1557 3782 ὅτι
1595 3728 1862 3781 πέπονθεν

1859 3745 1862 3765 ’
1972 3740 2181 3787 tuntur.
2229 3733 2297 3787 At
2359 3747 2488 3788 vero
2524 3732 2774 3790 Christus
2809 3736 2899 3804 qui
2935 3737 3163 3804 pretium
3215 3738 3544 3806 redemptio-

271 3829 396 3882 ἀντὶ
413 3827 641 3879 δικαίων
671 3825 766 3878 καὶ
799 3825 1027 3886 ἀδίκων,
1061 3824 1319 3892 καθαρῶν
1348 3824 1441 3876 καὶ
1477 3822 1552 3892 μὴ
1580 3819 1860 3892 καθαρῶν.

1974 3826 2059 3879 nis
2119 3832 2320 3880 nostra:
2379 3824 2555 3880 factus
2589 3864 2605 3888 ,
2665 3841 2770 3879 non
2834 3843 2931 3897 pro
2975 3815 3193 3883 interitu
3227 3870 3242 3893 ,
3297 3831 3389 3884 sed
3452 3846 3547 3899 pro

273 3921 384 3976 vita
446 3919 635 3974 mundi
694 3931 996 3990 passusest.
1028 3918 1134 3973 Pro
1179 3920 1344 3989 justis
1414 3921 1558 3975 enim
1623 3930 1677 3976 et
1734 3922 1972 3991 injustis,
2027 3938 2124 3992 pro
2182 3924 2332 3994 puris
2371 3931 2426 3978 et
2475 3922 2706 3992 impuris
2762 3939 2958 3994 passus
3014 3933 3120 3990 est,
3185 3927 3549 3998 omnibusque

273 4015 619 4087 gratificatus
680 4023 787 4078 est,
832 4013 1000 4083 justis
1061 4015 1282 4084 quidem
1341 4015 1456 4082 (qui
1520 4015 1728 4069 ratione
1779 4017 1943 4071 alium
2010 4027 2136 4087 typo
2178 4017 2661 4089 designantur)ut
2718 4018 2922 4073 servari
2978 4029 3197 4089 possent
3240 4021 3381 4090 quod
3455 4041 3550 4092 per

275 4108 496 4174 seipsos
563 4117 672 4157 non
708 4111 962 4172 poterant
1015 4119 1029 4157 :
1079 4103 1464 4173 peccatoribus
1519 4118 1649 4158 vero
1690 4105 1806 4174 (per
1836 4105 1994 4160 bruta
2055 4103 2415 4172 adumbratis)
2449 4113 2506 4158 ut
2553 4120 2580 4158 a
2631 4113 2805 4159 morte
2855 4103 3332 4161 transferrentur:
3391 4107 3550 4178 cujus

275 4193 486 4262 indigni
555 4189 772 4245 fuerant
828 4191 1048 4246 etiamsi
1108 4200 1229 4260 post
1295 4193 1751 4247 resurrectionem
1811 4193 2210 4263 judicarentur.
2277 4191 2747 4259 Quemadmodum
2820 4193 3100 4247 hominum
3159 4196 3378 4265 quidem
3435 4202 3549 4268 pri-

277 4282 557 4351 mogenita
595 4281 716 4333 viva
760 4278 870 4334 Deo
905 4278 1225 4333 ministrare
1259 4293 1366 4333 non
1402 4292 1655 4350 possunt,
1679 4283 2037 4352 primogenita
2080 4297 2210 4337 vero
2265 4281 2591 4352 animalium
2618 4280 3022 4335 immundorum
3073 4298 3248 4352 neque
3281 4287 3346 4337 ad
3378 4289 3551 4341 sacri-

275 4347 463 4426 ﬁcium
519 4385 700 4440 neque
736 4369 802 4423 ad
832 4369 1203 4445 ministerium
1247 4347 1467 4424 sacrum
1497 4378 1620 4442 apta
1649 4347 1798 4426 sunt.
1841 4347 1945 4425 15m
1974 4369 2194 4424 mundis
2233 4383 2362 4424 vero
2389 4347 2720 4424 animalibus
2764 4383 2871 4422 non
2908 4369 3113 4439 petitur
3150 4347 3548 4446 redemptionis

278 4461 540 4530 pretium,
588 4458 686 4514 sed
719 4458 963 4512 victimae
1011 4457 1149 4512 fiunt
1200 4473 1299 4529 pro
1337 4459 1598 4528 primitiis
1629 4467 1683 4514 et
1725 4460 1885 4529 epulo
1914 4474 2100 4515 eorum
2138 4459 2230 4529 qui
2268 4459 2713 4513 immolaverunt.
2748 4458 2878 4525 Quae
2910 4475 3041 4514 sane
3076 4459 3304 4531 figurant
3353 4468 3551 4534 praete"

277 4560 406 4604 runt
453 4550 576 4619 ejus
633 4549 729 4619 qui
779 4565 973 4604 revera
1018 4549 1259 4605 mundus
1288 4562 1371 4604 est
1405 4566 1470 4606 ac
1521 4549 1960 4620 primogenitus;
1995 4547 2086 4617 qui
2120 4562 2180 4602 se
2219 4562 2329 4602 non
2393 4546 2564 4611 dabit,
2623 4547 2902 4614 inquiens.
2942 4551 3383 4619 propitiationem
3456 4571 3553 4624 pro

277 4639 486 4706 seipso,
517 4647 572 4691 et
612 4637 851 4706 pretium
889 4638 1285 4706 redemptionis
1312 4653 1409 4705 pro
1435 4639 1622 4691 anima
1656 4653 1777 4692 sua.
1814 4635 2064 4704 Namque
2089 4636 2204 4689 hac
2240 4649 2337 4704 pro
2363 4634 2747 4704 primogenitis
2778 4635 3062 4688 hominum
3100 4637 3153 4691 in
3191 4638 3359 4708 figura
3394 4640 3554 4695 Cltri-

278 4725 348 4780 sti
377 4725 832 4780 immolabantur.
868 4722 1072 4778 Horum
1117 4728 1364 4796 sanguis,
1394 4726 1490 4794 qui
1522 4725 1822 4779 aﬂ'unditur
1847 4724 2027 4788 altari,
2069 4722 2340 4792 cujusque
2383 4723 2560 4777 virtus
2593 4722 2853 4776 consistit
2896 4723 2947 4775 in
2978 4727 3305 4780 ascensione
3348 4728 3552 4784 Clu-isti

277 4813 372 4882 qui
411 4810 607 4878 recipit
640 4811 854 4864 animas
888 4811 1235 4879 sequentium
1277 4827 1356 4874 se,
1393 4812 1768 4867 decessionem
1818 4813 2127 4866 animorum
2176 4820 2494 4864 sanctorum
2532 4808 2900 4879 significabat.
2942 4809 3123 4880 Adeps
3156 4830 3285 4868 vero
3326 4816 3548 4870 uberta-

279 4911 387 4954 tem
421 4894 647 4951 vtrtutis
685 4897 794 4952 Deo
847 4895 1194 4954 familiarem.
1233 4900 1490 4954 Carnium
1548 4900 1787 4972 denique
1838 4901 1957 4971 ejus
2008 4899 2502 4955 sanetilicationem
2537 4914 2658 4969 quae
2689 4914 2753 4953 ex
2789 4914 2944 4954 sacra
2998 4901 3137 4954 redit
3193 4904 3436 4956 victima.
3483 4905 3555 4961 De

278 4987 396 5041 sale
441 4992 603 5037 antea
639 4985 846 5037 dictutn
875 4995 980 5040 est.

352 5097 417 5152 In
437 5109 582 5152 terra
610 5100 840 5166 ipsorum
869 5117 972 5154 non
1006 5109 1201 5156 sortem
1219 5103 1455 5158 habebis.
1479 5102 1693 5175 [XVIIL
1715 5105 1832 5178 20.]
1855 5103 2174 5176 Scparatum
2197 5112 2283 5159 est
2309 5104 2378 5159 ab
2406 5103 2528 5159 aliis
2562 5119 2735 5173 genus
2759 5119 3002 5168 sacrum,
3021 5120 3127 5158 non
3151 5106 3440 5161 ministerii
3470 5125 3554 5162 ra-

277 5187 429 5240 tione
459 5193 675 5239 tantutn
727 5196 912 5240 utrum
956 5187 1120 5241 etiam
1159 5189 1276 5258 spei
1309 5190 1644 5246 differentia.
1681 5191 1753 5247 lis
1781 5194 1925 5247 enint
1958 5199 2050 5267 qui
2082 5199 2136 5252 in
2169 5199 2335 5253 rebus
2359 5199 2674 5253 carnalibus
2707 5213 2858 5266 spem
2904 5200 3199 5260 collocant,
3249 5202 3442 5255 merito
3479 5207 3555 5255 tti-

276 5283 498 5360 ceretur
543 5275 776 5360 utique:
825 5293 842 5326 t
885 5273 1009 5330 lltec
1041 5285 1125 5331 est
1166 5279 1346 5346 portio
1388 5287 1502 5342 tua,
1536 5279 1652 5334 haec
1699 5295 1821 5335 sors
1869 5292 1981 5339 tua.
2033 5305 2052 5337 ο
2102 5284 2518 5355 Sorsinquam,
2551 5285 2812 5351 quoniam
2855 5287 2996 5339 mihi
3043 5287 3346 5350 dttIittistis,
3377 5291 3554 5360 inqtt't

279 5359 572 5416 Dominus.
617 5359 712 5417 llis
744 5377 875 5418 vero
915 5366 1008 5418 uui
1034 5380 1166 5434 opes
1202 5367 1255 5418 in
1283 5367 1424 5421 cmlo
1455 5367 1720 5434 condunt,
1764 5369 1889 5438 hoc,
1925 5372 1979 5428 in
2043 5382 2187 5430 terra
2218 5390 2410 5430 eorum
2463 5374 2668 5428 nullam
2704 5374 3006 5443 portionem
3038 5375 3330 5431 obtinebis.
3384 5359 3510 5433 ltent
3535 5401 3553 5436 -:

351 5533 402 5608 'f
440 5532 484 5608 ll
530 5532 658 5588 Cor.
693 5533 868 5608 πει.
980 5533 1025 5569 ⁸¹
1059 5529 1196 5594 Osee
1222 5553 1295 5606 Iv,
1334 5540 1387 5593 8.
1463 5536 1513 5569 "
1557 5537 1730 5594 chit.
1765 5554 1800 5592 Il
1831 5581 1845 5605 .
1891 5540 1974 5595 15·

1792 5555 1845 5605 ι,
1891 5540 1974 5595 15.
2054 5540 2099 5572 ⁸³
2131 5537 2234 5596 Job
2279 5557 2355 5608 vr,
2385 5539 2437 5595 6.
2520 5541 2566 5571 "
2598 5537 2790 5593 Matth.
2823 5557 2872 5604 v,
2907 5540 2992 5593 13.
3069 5541 3113 5572 "
3150 5541 3228 5596 Lu
3257 5565 3285 5597 ~.
3329 5560 3382 5606 κ,
3424 5546 3477 5598 ’1.

280 5605 333 5635 ⁸⁸
367 5606 382 5658 l
415 5607 550 5675 Iteg.
594 5621 709 5670 sst,
749 5605 780 5659 4
814 5620 969 5675 seqq.

1869 5715 2098 5775 NOTAE.

351 5833 465 5906 (66)
497 5832 732 5905 Χριστὸς
756 5833 812 5888 δὲ
836 5833 896 5889 τὸ
921 5832 1138 5905 λύτρον.
1197 5832 1255 5888 '0
1289 5834 1389 5904 τῆς
1420 5831 1556 5900 Afir.
1592 5829 1722 5886 κὼδ.
