4266 6446
729 378 831 443 3!.7
2070 367 2424 430 PROCOPII
2464 369 2706 427 GAZ.’E{
3909 373 4017 435 διε

804 489 914 556 ligo
943 497 1062 538 sum
1108 481 1284 551 portio
1321 487 1434 539 tua.
1474 489 1524 532 et
1556 479 1849 534 haereditas
1902 488 2016 533 tua.
2063 501 2080 530 ο
2119 479 2305 536 Talem
2357 496 2480 536 esse
2523 480 2691 533 voluit
2720 478 2979 534 Christus
3003 489 3130 533 eum
3166 477 3260 548 qui
3292 493 3417 533 cum
3446 479 3630 534 omnia
3679 478 3822 552 legis
3855 483 4018 542 fecis-

731 585 832 634 set,
871 572 1160 625 absolutus
1195 584 1317 623 esse.
1356 569 1540 626 vellet,
1587 582 1709 619 cum
1755 568 1934 636 inquit
1963 585 1974 619 :
2007 587 2024 618 ι
2065 567 2253 621 Vende
2289 567 2580 622 facultates
2615 576 2761 631 tuas,
2811 566 3014 637 largire
3043 567 3403 636 pauperibus,
3432 574 3486 621 et
3515 582 3612 637 age
3642 583 3874 639 sequere
3909 589 4013 637 me,

733 662 1071 727 habebisque
1099 660 1416 711 thesaurum
1453 657 1506 709 in
1540 655 1700 708 cretis
1734 656 2040 724 repositum
2072 655 2140 707 ⁸⁷.
2188 673 2207 706 s
2244 653 2361 707 Tali
2391 654 2525 708 dicit
2558 653 2725 707 David
2761 670 2774 706 :
2809 671 2828 704 ι
2877 652 3089 707 Laetare
3117 654 3171 706 in
3205 653 3463 720 Domino,
3496 663 3550 708 et
3585 670 3746 724 spera
3786 658 3841 712 in
3873 659 4015 729 ipso,

725 750 925 816 ctipse
957 745 1119 799 faciet
1165 744 1230 797 ⁸⁸.
1271 762 1290 794 ι
1330 742 1410 795 Ad
1457 757 1598 811 quos
1649 742 1828 811 inquit
1884 740 2145 796 Servator
2190 759 2203 795 :
2270 760 2287 792 ι
2353 740 2427 796 Ne
2476 743 2600 795 silis
2634 741 2852 796 solliciti
2905 755 3007 809 pro
3039 741 3222 794 anima
3251 751 3438 796 vestra
3492 743 3624 810 quid
3653 744 3867 799 edendo
3896 761 4016 801 eam

727 836 1075 893 sustentctis,
1111 847 1207 899 pro
1237 846 1499 900 corpore;
1535 840 1687 895 item,
1714 829 1993 897 quomodo
2025 831 2205 898 ipsum
2243 829 2494 883 vestiatis
2521 845 2534 894 ;
2573 830 2708 898 Quin
2741 843 2972 897 regnum
3002 826 3095 882 Dei
3123 837 3177 882 et
3207 829 3484 896 justitiam
3515 831 3639 899 ejus
3671 832 3908 898 primum
3937 835 4019 885 in-

726 926 947 992 qltil'ilc,
983 923 1075 974 ﬁet
1114 921 1259 973 enim
1291 929 1349 972 ut
1386 921 1498 972 haec
1534 918 1718 971 omnia
1748 917 1907 971 vobis
1953 927 2304 986 apponantur
2346 917 2413 970 “.
2464 935 2483 968 ι
2534 915 2806 970 Caeterum
2847 922 3075 985 peccata
3137 915 3340 969 iterum
3374 923 3538 970 vocat
3594 915 3870 972 sacriﬁcia
3918 934 4017 987 pro

730 1013 988 1080 peccatis,
1023 1024 1143 1078 qua-
1188 1007 1414 1075 ﬁguram
1447 1005 1656 1059 Christi
1692 1020 1805 1073 prae
1841 1019 1901 1058 se
1941 1003 2147 1057 ferunt.

802 1116 934 1170 Cum
967 1116 1283 1182 acceperitis
1319 1131 1350 1166 a
1379 1114 1511 1182 [iliis
1551 1112 1728 1166 Israel
1777 1113 2014 1166 decimas
2043 1129 2173 1179 quas
2205 1112 2326 1166 dedi
2369 1112 2512 1167 vobis
2542 1113 2812 1180 primitias
2866 1129 3051 1168 eorum
3080 1112 3266 1181 offerte
3299 1111 3554 1167 Domino.
3602 1112 3745 1186 [26.]
3776 1113 3832 1169 Id
3867 1117 4014 1186 quod

725 1208 928 1260 Levitis
962 1203 1165 1272 populo
1198 1211 1348 1264 sunt,
1402 1199 1610 1255 Levitis
1667 1200 1930 1255 sacerdos
1987 1208 2094 1263 est,
2127 1217 2400 1265 summus,
2455 1201 2703 1270 inquam,
2752 1202 3014 1256 sacerdos
3049 1203 3141 1271 qui
3183 1211 3375 1272 typum
3433 1202 3573 1270 gerit
3603 1201 3834 1257 Christi.
3872 1208 4009 1259 Item

719 1297 875 1362 juxta
899 1294 1154 1354 Paulum,
1185 1291 1277 1358 qni
1311 1289 1553 1343 decimas
1587 1289 1812 1356 accipit,
1845 1287 2090 1341 decimas
2122 1289 2384 1355 persolvit
2411 1289 2477 1341 ⁹⁰.
2509 1289 2673 1358 Atqui
2708 1298 2823 1341 tum
2855 1289 3074 1358 quidem
3125 1287 3295 1357 ﬁgura
3343 1288 3410 1341 ad
3449 1288 3848 1343 Melchisedech
3891 1305 4015 1346 sese

724 1385 1024 1444 referebat,
1057 1388 1183 1451 post
1213 1394 1342 1433 vero
1377 1379 1542 1432 ctiam
1579 1379 1632 1432 in
1675 1379 1795 1448 lcge
1827 1379 1970 1432 idem
2002 1380 2224 1432 evenit:
2271 1377 2514 1432 decimas
2546 1377 2692 1428 enim
2728 1376 2975 1444 pendunt
3022 1389 3194 1429 sacra:
3227 1375 3428 1430 domus
3462 1375 3747 1444 praefecto,
3782 1376 4009 1442 Sancto,

724 1476 970 1540 inquam,
997 1478 1315 1523 sanctorum
1359 1473 1566 1520 sanctae
1598 1464 1856 1520 Ecclesia:
1890 1466 2192 1520 secundum
2231 1464 2570 1518 Danielcm“
2598 1504 2610 1524 ,
2645 1463 2958 1517 sanctiﬁcat
3002 1463 3147 1515 enim
3181 1471 3426 1516 sanctos.
3455 1461 3585 1515 Item
3619 1462 3729 1516 Deo
3754 1462 4008 1530 deorum,

721 1563 810 1615 citi
843 1561 1022 1613 omnis
1053 1558 1271 1611 fructus
1318 1555 1571 1621 debetur,
1614 1555 2078 1624 quemadmodum
2115 1555 2380 1623 scriptum
2432 1562 2517 1609 est
2557 1556 2640 1620 θ’,
2692 1555 2959 1622 quoniam
3007 1568 3205 1607 omnes
3255 1554 3614 1623 undiquaque
3643 1555 3818 1622 ipsius
3858 1556 4003 1609 dona

724 1651 922 1703 ferent.
953 1650 1296 1716 Quapropter
1324 1645 1368 1697 si
1403 1660 1467 1698 ex
1507 1643 1740 1697 decimis
1769 1642 2088 1696 Levitarum
2136 1641 2410 1710 primitias
2456 1657 2565 1695 non
2616 1641 2918 1710 acciperet,
2955 1656 3052 1694 eos
3079 1655 3302 1710 quoque
3335 1656 3448 1694 non
3481 1643 3880 1696 sanctiﬁcaret.
3913 1643 4009 1697 At-

722 1756 829 1808 que
862 1739 966 1792 hoc
995 1747 1081 1791 cst
1107 1735 1253 1803 quod
1307 1733 1508 1803 inquit,
1556 1741 1610 1786 et
1663 1751 1681 1782 ι
1726 1731 1931 1784 Sancta
1969 1731 2204 1783 ﬁliorum
2237 1730 2402 1784 Israel
2435 1745 2502 1783 ne
2533 1730 2791 1799 polluatis
2817 1728 2977 1801 ιιι
3013 1738 3070 1782 ιιι
3098 1745 3205 1782 non
3236 1730 3548 1783 moriamini
3579 1729 3645 1781 ⁸³.
3681 1749 3699 1781 ι
3733 1730 3846 1783 Hoc
3878 1747 4012 1787 sane

723 1838 884 1898 pacto
918 1833 1191 1894 quotquot
1219 1835 1539 1876 sanctorum
1581 1819 1868 1874 Christum
1895 1827 2120 1873 sanctas
2151 1817 2423 1888 primitias
2462 1833 2559 1886 pro
2590 1817 2792 1886 seipsis
2821 1819 3184 1871 constitutum
3226 1832 3373 1880 esse,
3410 1826 3465 1872 et
3499 1826 3721 1886 peccata
3759 1818 4012 1888 bajulare

719 1921 1016 1977 noverunt,
1044 1920 1098 1968 et
1133 1911 1197 1964 ad
1227 1909 1434 1962 Christi
1473 1910 1842 1962 imitationem
1893 1922 2017 1962 sese
2047 1915 2404 1975 componunt,
2439 1904 2714 1975 peregrini
2750 1905 2892 1973 apud
2931 1904 3186 1959 homines
3220 1915 3373 1968 sunt,
3402 1906 3738 1974 minimeque
3763 1907 4009 1975 ipsorum

721 2010 1038 2057 consortes.
1089 1998 1155 2051 Et
1188 1996 1242 2050 id
1275 1996 1422 2066 quod
1455 1996 1590 2067 ipsis
1624 1995 1880 2050 Christus
1921 2005 2026 2058 est,
2055 1993 2376 2049 hominibus
2401 1993 2507 2064 ipsi
2542 1993 2858 2048 exsistunt:
2903 1993 3110 2046 Delecti
3141 1993 3366 2062 quidem
3395 1992 3464 2046 ab
3492 1993 3615 2062 ipso
3641 1993 3694 2046 in
3733 1995 4010 2064 primitias

722 2092 933 2151 mundi,
964 2088 1186 2142 modum
1229 2100 1356 2139 vere
1383 2083 1601 2139 vivendi
1648 2097 1816 2153 supra
1845 2082 1990 2152 vulgi
2042 2090 2314 2144 tenentes,
2354 2090 2578 2153 propter
2610 2081 3038 2136 sanctimoniam
3088 2097 3255 2151 quam
3300 2097 3398 2151 per
3425 2082 3707 2137 Christum
3737 2082 4004 2139 oﬁerunt.

719 2183 992 2247 Quocirca
1029 2175 1285 2230 Christus
1335 2188 1507 2243 panes
1548 2172 1754 2236 quibus
1806 2170 2108 2235 benedicit,
2148 2171 2202 2224 in
2234 2185 2432 2226 manus
2481 2170 2704 2238 accipit,
2755 2177 2810 2223 et
2867 2168 3160 2238 discipulis
3196 2170 3388 2226 tradit.
3441 2169 3629 2239 Neque
3663 2187 3792 2246 vero
3844 2174 4010 2242 vulgo

722 2268 958 2323 naturali
992 2266 1208 2317 ratione
1238 2261 1507 2317 excellere
1551 2257 1908 2329 cogitandum
1953 2264 2072 2322 est;
2116 2271 2243 2310 nam
2279 2271 2403 2312 cum
2433 2275 2464 2316 e
2502 2260 2709 2315 mundo
2755 2275 2862 2314 non
2891 2261 2981 2324 sit,
3009 2259 3167 2330 juxta
3194 2275 3416 2315 carnem
3452 2275 3482 2313 e
3512 2243 3716 2317 mundo
3740 2274 3846 2330 εει,
3878 2279 4006 2318 cum

717 2371 770 2413 et
802 2356 1108 2427 discipulos
1159 2369 1291 2410 suos
1349 2367 1379 2407 e
1410 2351 1616 2406 mundo
1649 2350 1956 2418 selegisset,
1995 2347 2460 2417 quemadmodum
2517 2363 2769 2404 summus
2816 2348 3064 2418 pontifex
3093 2363 3123 2403 e
3185 2348 3390 2418 populo
3447 2346 3688 2405 Levitas.
3730 2350 3811 2405 Ad
3842 2366 4006 2421 quem

718 2453 922 2502 dictum
960 2455 1045 2500 cst
1083 2463 1094 2497 :
1138 2463 1158 2495 ε
1202 2441 1432 2496 Fratres
1461 2452 1584 2495 tuos
1614 2440 1756 2493 ﬁlios
1784 2437 1915 2492 Levi
1949 2436 2130 2492 adduc
2161 2437 2229 2490 ad
2270 2437 2530 2508 teipsum,
2563 2452 2626 2491 ac
2653 2436 2960 2506 jungantur
2991 2435 3112 2498 tibi,
3141 2450 3205 2490 ac
3239 2437 3336 2490 tibi
3368 2437 3705 2492 ministrent.
3745 2457 3764 2489 ι
3809 2437 4009 2495 Posset

720 2556 851 2595 vero
887 2551 1075 2611 typum
1128 2534 1310 2588 adhuc
1345 2533 1679 2602 argutiorem
1718 2529 1925 2584 Christi
1963 2543 2156 2599 gerere
2183 2526 2416 2598 Moyses,
2446 2525 2540 2595 qui
2588 2539 2617 2577 a
2651 2523 2869 2578 nemine
2915 2524 3198 2578 hominum
3244 2533 3466 2589 unctus,
3502 2525 3776 2580 Aaronem
3826 2529 4007 2594 ungit,

719 2631 965 2686 divinam
995 2637 1049 2681 et
1085 2623 1419 2678 invisibilem
1451 2620 1770 2675 unctionem
1801 2617 2031 2672 habens.
2075 2615 2195 2669 Non
2241 2616 2386 2669 enim
2423 2614 2538 2669 ﬁeri
2583 2613 2740 2675 solet,
2770 2620 2829 2666 ut
2867 2613 3097 2666 inferior
3141 2613 3456 2668 sanctiﬁcct
3495 2615 3861 2684 superiorem,
3906 2616 4007 2671 sed

720 2718 897 2786 major
930 2716 1194 2768 unctione
1250 2711 1438 2766 divina
1476 2708 1630 2780 ungit
1665 2707 1956 2762 minorem.
1991 2704 2340 2775 QuaprOptcr
2368 2702 2437 2758 de
2487 2702 2672 2772 scipso
2703 2699 2885 2771 inquit
2916 2699 3172 2756 Christus
3203 2720 3214 2754 :
3252 2720 3270 2752 ι
3304 2699 3464 2755 Hunc
3489 2702 3637 2755 enim
3677 2700 3820 2758 Deus
3848 2711 4009 2775 pater

717 2801 1114 2872 olis::_~|iavit“.
1150 2821 1168 2853 ι

792 2901 922 2956 "(rc
953 2911 1026 2954 est
1059 2895 1379 2952 cwremonia
1413 2892 1542 2963 legis
1580 2907 1740 2961 quam
1774 2891 2029 2961 prazcepit
2063 2889 2350 2945 Dominus.
2386 2883 2553 2958 [XIX,
2585 2883 2669 2956 2.]
2711 2883 2769 2939 In
2803 2887 2906 2939 hoc
2943 2885 3090 2940 enim
3138 2893 3408 2956 mysterio
3442 2893 3557 2940 tota
3605 2885 3690 2942 vis
3721 2901 3859 2957 tegis
3886 2887 4007 2958 spi-

716 2991 998 3048 ritualiter
1024 2995 1110 3041 cst
1142 2983 1431 3039 conclusa.
1474 2979 1612 3034 Nam
1652 2995 1823 3034 vacca
1872 2981 1965 3033 illa
2004 2980 2213 3048 integra
2250 2976 2508 3030 Christus
2559 2983 2663 3029 est.
2697 2973 2756 3027 in
2807 2989 2920 3042 quo
2965 2972 3192 3044 quidem
3241 2975 3378 3028 nihil
3421 2990 3602 3029 causae
3639 2976 4008 3045 deprehendit

715 3081 908 3136 mundi
942 3077 1233 3147 princeps.
1277 3071 1379 3135 Qui
1416 3067 1625 3124 Iudaeis
1658 3068 1786 3123 item
1824 3069 1966 3122 dixit
2001 3085 2016 3122 :
2051 3087 2068 3120 ‹
2104 3066 2242 3134 Quis
2275 3080 2360 3119 me
2386 3065 2597 3134 peccati
2629 3071 2824 3134 arguet
2852 3065 2941 3116 ἠ
2974 3082 2993 3115 ι
3039 3061 3196 3140 idem.
3225 3079 3360 3118 vero
3394 3067 3561 3119 etiam
3591 3067 3820 3134 vitulus,
3855 3069 4005 3121 sicut

722 3173 892 3234 Deus,
925 3169 1161 3232 dicitur,
1194 3173 1249 3220 et
1281 3164 1482 3218 ductdr
1514 3161 1875 3216 universalis.
1908 3159 2029 3214 Jam
2061 3174 2194 3215 vero
2223 3155 2476 3228 quamvis
2505 3168 2668 3207 vacca
2703 3161 2933 3223 propter
2959 3167 3179 3206 carnem
3207 3154 3443 3222 imperio
3472 3155 3541 3207 sit
3562 3155 3784 3209 subdita
3812 3166 3862 3208 et
3898 3156 4006 3210 sub

716 3264 835 3332 tege
869 3258 1130 3320 exsistat,
1176 3269 1202 3307 a
1232 3253 1368 3324 jugo
1401 3260 1586 3304 tamen
1628 3249 1803 3304 libera
1838 3257 1948 3310 est,
1981 3247 2236 3318 subjacet
2277 3243 2422 3301 enim
2455 3241 2687 3306 nemini,
2718 3242 2850 3310 quin
2887 3241 3074 3310 potius
3113 3240 3162 3296 ei
3198 3240 3408 3297 omnia.
3456 3240 3592 3295 Nam
3634 3247 3751 3312 ipse
3773 3243 4003 3312 quidem

715 3329 979 3419 qiamvis
1013 3343 1120 3400 sub
1150 3343 1269 3412 iege
1295 3342 1393 3406 sit,
1429 3338 1679 3394 omnium
1716 3349 1897 3392 tamen
1931 3345 2016 3391 est
2041 3335 2315 3405 superior,
2354 3331 2609 3403 quamvis
2639 3329 2908 3400 prepheta
2938 3330 3034 3394 sit,
3080 3331 3482 3400 prophetarum
3514 3337 3699 3385 tamen
3735 3329 4004 3386 Dominus

715 3418 823 3492 est.
871 3432 1020 3486 liufa
1059 3441 1242 3483 autem
1274 3425 1400 3488 fuit,
1437 3431 1732 3494 propterea
1765 3421 1911 3491 quod
1945 3421 2137 3474 modus
2163 3419 2482 3474 domestica
2509 3418 3022 3474 administrationis
3046 3418 3320 3485 sanguine
3339 3418 3613 3481 constitit,
3643 3419 3810 3472 simul
3833 3421 4004 3473 etiam

716 3533 944 3596 propter
975 3534 1226 3575 carnem.
1259 3514 1474 3568 Etenim
1510 3513 1706 3565 Adami
1756 3526 1952 3566 nOmen
1988 3509 2211 3563 rubram
2251 3517 2452 3562 terram
2499 3523 2564 3560 ex
2597 3521 2706 3576 qua
2760 3505 3092 3574 desumptus
3137 3514 3222 3560 est
3260 3507 3560 3575 signiﬁcat.
3601 3505 3769 3559 Extra
3819 3516 4006 3562 castra

718 3591 848 3668 vero
884 3609 1163 3673 educitur,
1185 3605 1448 3674 quoniam
1478 3609 1635 3655 extra
1670 3600 1887 3664 urbem,
1908 3599 2216 3654 secundum
2242 3595 2561 3666 Aposolum,
2591 3608 2791 3662 passus
2822 3600 2907 3646 est
2940 3592 3007 3645 “.
3033 3591 3302 3646 Caeterum
3337 3595 3597 3647 sacerdos
3625 3595 3843 3647 interim
3870 3596 4004 3648 dum

717 3705 1059 3756 mactaretur
1094 3694 1309 3758 aderat,
1342 3704 1506 3758 quem
1561 3687 1773 3756 alioqui
1806 3685 2099 3740 cadaveris
2143 3682 2463 3755 spectaculo
2499 3682 2671 3754 pollui
2707 3680 2865 3735 nefas
2906 3688 3048 3746 erat,
3091 3687 3151 3734 ut
3185 3682 3568 3734 testimonium
3619 3683 3857 3736 victimae
3885 3699 4006 3752 per-

719 3788 936 3841 biberet
973 3779 1298 3837 munditiei.
1353 3776 1487 3843 Quae
1535 3775 1685 3829 inter
1720 3789 1916 3829 omnes
1950 3773 2090 3828 alias
2129 3771 2382 3825 victimas
2417 3771 2590 3824 libera
2633 3777 2777 3833 erat,
2821 3783 3006 3839 neque
3045 3768 3240 3822 odiosa
3275 3768 3744 3838 quemadmodum
3777 3786 3854 3824 em
3883 3786 4009 3840 qua-

721 3893 819 3948 pro
851 3873 1098 3946 peccatis
1136 3868 1523 3930 immolantur,
1571 3879 1697 3918 cum
1735 3879 1798 3917 ea
1835 3877 1935 3931 pro
1965 3861 2297 3932 purgatione
2330 3858 2746 3913 immundorum
2775 3865 2831 3911 et
2866 3855 3314 3910 manumissione
3357 3871 3649 3912 servorum
3676 3859 4005 3915 caederetur.

717 3942 991 4020 Cancrum
1032 3961 1088 4013 in
1137 3959 1242 4012 hoc
1275 3966 1466 4028 typum
1504 3961 1706 4010 sancto
1752 3950 1965 4022 Spiritu
1994 3949 2368 4006 delibutorum
2391 3944 2640 4017 praetulit
2667 3942 2954 4000 sacerdos.
2999 3942 3080 3997 Ad
3116 3943 3414 3999 credentes
3446 3944 3594 3998 enim
3625 3943 3837 4000 dictum
3876 3956 4005 4002 est:

723 4075 742 4107 ς
785 4054 896 4108 Vos
932 4065 1062 4105 vero
1091 4061 1266 4120 genus
1297 4046 1564 4108 electum,
1603 4042 1788 4114 regale
1815 4039 2215 4108 sacerdotium,
2243 4053 2376 4108 gens
2405 4053 2463 4093 sa
2477 4047 2600 4092 ncta
2623 4037 2696 4100 ",
2737 4056 2756 4090 s
2785 4035 2992 4107 quibus
3028 4050 3058 4089 a
3090 4033 3203 4090 Deo
3239 4033 3402 4089 Patre
3429 4035 3591 4092 datus
3614 4048 3701 4091 est
3723 4035 4004 4103 Christus,

716 4138 1116 4201 sanetiﬁcatio,
1142 4132 1544 4202 redemptionis
1569 4133 1829 4201 pretium,
1869 4127 2164 4200 sapientia,
2205 4135 2459 4182 servator
2492 4133 2546 4181 et
2574 4124 2819 4194 justitia.
2850 4124 3004 4190 Quos
3032 4130 3254 4193 oportet
3281 4127 3550 4193 consequi
3583 4123 3789 4194 ipsum,
3824 4140 3887 4180 ac
3910 4141 4010 4196 0p-

715 4229 1005 4302 probriuin
1022 4225 1167 4296 ejus,
1209 4222 1315 4276 hoc
1338 4228 1448 4287 cst,
1486 4220 1768 4291 propriam
1797 4233 2020 4272 crucem
2050 4215 2211 4270 ferre.
2251 4231 2268 4265 ι
2306 4211 2363 4268 Si
2398 4213 2524 4282 quis
2544 4211 2690 4265 enim
2723 4225 2811 4265 me
2841 4209 2958 4264 vult
2985 4209 3324 4274 consectari,
3357 4208 3556 4280 inquit,
3588 4212 3822 4281 abneget
3862 4216 4012 4283 seip-

717 4299 866 4384 sum,
898 4326 953 4370 et
980 4314 1254 4383 suscipiat
1277 4325 1505 4366 crucem
1537 4325 1721 4375 suam,
1753 4318 1808 4364 et
1827 4317 2096 4378 sequatur
2126 4321 2210 4361 me
2235 4305 2304 4358 “.
2342 4321 2362 4357 ι
2398 4299 2552 4369 Quos
2582 4299 2716 4353 utile
2757 4315 2981 4369 quoque
3021 4307 3075 4354 et
3109 4313 3341 4354 necesse
3376 4306 3463 4354 est
3487 4300 3560 4354 ob
3587 4301 3778 4355 oculos
3806 4300 4013 4356 habere

716 4419 999 4464 mortuum
1028 4402 1341 4457 Christum.
1381 4398 1618 4469 Insuper
1646 4406 1700 4452 et
1736 4397 1870 4451 illud
1906 4394 2283 4467 signiﬁcatum
2309 4399 2394 4445 est
2423 4390 2526 4444 hoc
2559 4389 2707 4459 quod
2735 4388 3000 4443 sacerdos
3028 4385 3358 4442 mactationi
3406 4401 3589 4442 vaccae
3618 4388 3893 4454 interfuit,
3918 4405 4010 4454 ne,

717 4506 778 4551 ut
819 4492 1126 4565 Apostolus
1171 4489 1576 4557 interpretatur
1624 4487 1727 4540 sibi
1767 4485 1922 4555 ipsis
1954 4483 2192 4553 amplius
2239 4482 2449 4546 vivant,
2487 4483 2580 4537 sed
2610 4484 2660 4536 ei
2694 4482 2786 4551 qui
2841 4495 2940 4550 pro
2980 4481 3119 4549 ipsis
3163 4488 3421 4534 mortuus
3469 4487 3557 4534 est
3588 4487 3642 4534 et
3677 4483 4010 4545 resurrexit.

724 4609 740 4638 ι
782 4583 853 4639 Ut
887 4582 1035 4639 enim
1064 4578 1176 4632 Deo
1218 4577 1425 4641 vivam,
1457 4576 1660 4645 inquit,
1687 4589 1812 4628 cum
1851 4572 2081 4626 Christo
2110 4571 2412 4626 cruciﬁxus
2443 4586 2588 4624 sum.
2622 4571 2756 4623 Vivo
2796 4577 2980 4622 autem
3019 4583 3130 4622 non
3167 4582 3269 4635 ego
3293 4567 3560 4636 amplius,
3583 4567 3676 4621 sed
3709 4570 3763 4621 in
3802 4585 3888 4623 me
3929 4570 4012 4621 vi-

715 4677 794 4727 vit.
819 4669 1170 4732 Christus”,
1215 4685 1233 4719 ο
1271 4668 1364 4735 qui
1399 4666 1629 4735 pmprio
1661 4679 1762 4718 suo
1788 4663 2061 4731 sanguine
2085 4675 2270 4715 veram
2297 4659 2600 4713 Ecclesiam
2649 4656 3019 4712 tabernacqu
3043 4655 3432 4710 adumbratam
3487 4656 3813 4725 conspergit
3844 4669 3899 4710 et
3935 4658 4016 4711 ir—

717 4765 863 4832 rigat
900 4775 965 4812 ac
1015 4755 1238 4812 abunde
1271 4753 1632 4825 perfectoque
1687 4753 2044 4812 sanctiﬁcat,
2095 4746 2561 4818 quemadmodum
2613 4761 2711 4815 per
2760 4745 2947 4812 septies
2989 4745 3361 4814 signiﬁcatum
3408 4749 3517 4798 est.
3565 4743 3843 4798 Ceterum
3889 4756 4016 4814 pust

719 4849 1118 4904 mactationem
1155 4845 1278 4915 igne
1298 4844 1667 4904 comburitur,
1700 4856 1824 4893 nam
1860 4839 1927 4893 ad
1963 4853 2137 4907 usque
2167 4845 2401 4891 mortem
2435 4835 2694 4890 Christus
2723 4848 2822 4902 pro
2839 4831 3000 4886 nobis
3037 4840 3286 4885 tentatus
3309 4839 3428 4897 est;
3464 4832 3590 4900 igne
3625 4831 3772 4885 enim
3807 4835 4016 4900 proba-

718 4956 809 4997 tur
836 4956 1150 5010 argentum,
1187 4940 1331 4992 sicut
1363 4936 1529 4990 David
1563 4935 1748 5003 inquit
1782 4950 1793 4984 :
1827 4951 1844 4982 i
1875 4930 2158 4992 Probasti,
2189 4927 2354 4992 Deus,
2389 4925 2680 4996 perignem
2711 4922 2922 4976 duxisti
2953 4921 3101 4975 sicut
3130 4928 3418 4990 argenturm
3440 4919 3730 4972 ducitur‘.
3764 4938 3782 4971 ι
3823 4918 4018 4988 Itaque

717 5051 781 5087 ex
828 5007 1320 5097 lidejustilieatos,
1364 5041 1463 5095 pro
1507 5025 1713 5094 quibus
1757 5031 2011 5074 mortuus
2057 5027 2143 5073 est
2180 5013 2594 5087 quodammodo
2642 5009 2861 5063 aﬁatur.
2893 5008 2957 5061 Et
2994 5025 3088 5078 per
3128 5007 3459 5061 Zachariam
3492 5008 3674 5076 inquit
3708 5025 3721 5061 :
3753 5026 3771 5059 ι
3817 5007 4018 5068 Cedite

719 5095 1034 5178 mercedem
1084 5132 1264 5170 meam
1304 5115 1533 5185 triginta
1572 5114 1765 5168 sit-los.
1806 5110 1872 5164 Et
1913 5106 2057 5164 dixit
2092 5105 2365 5160 Dominus
2410 5102 2477 5157 ad
2507 5117 2592 5156 me
2629 5117 2642 5154 :
2673 5099 2872 5169 Ahjice
2906 5100 3012 5153 hoc
3044 5099 3110 5153 ad
3142 5098 3393 5166 figulum,
3421 5105 3476 5150 et
3514 5095 3810 5150 considera
3842 5113 4015 5166 quam

720 5211 1075 5279 magniﬁcum
1116 5207 1189 5260 sit
1229 5205 1363 5258 illud
1393 5184 1640 5274 pretium
1669 5215 1783 5272 quo
1821 5199 1950 5254 licui
1984 5199 2052 5252 ab
2088 5199 2168 5252 eis
2195 5199 2237 5249 ².
2270 5215 2286 5247 ι
2323 5195 2498 5249 Porro
2533 5192 2587 5244 in
2629 5204 2797 5243 vacca
2829 5189 2969 5242 nihil
3002 5195 3087 5243 est
3115 5184 3471 5254 rejectitium.
3506 5185 3683 5239 Totus
3711 5187 3856 5238 enim
3885 5202 4021 5242 san-

718 5272 842 5352 rtus
871 5305 955 5350 est
987 5294 1268 5355 Christus,
1298 5299 1352 5346 et
1379 5272 1647 5344 carnibus
1681 5297 1734 5342 ct
1768 5287 2087 5358 tergoribus
2114 5297 2222 5337 tam
2241 5283 2480 5336 occultis
2513 5294 2678 5348 quam
2717 5275 3052 5330 manifestis.
3077 5274 3312 5344 Lignum
3345 5287 3478 5326 vero
3507 5272 3795 5326 cedrinuni
3831 5275 4019 5328 incor-

720 5386 1146 5455 l‘ttplibi‘iialctlt
1179 5381 1384 5445 innuit,
1415 5378 1876 5451 putrefactionem
1906 5376 2056 5430 enim
2078 5371 2308 5441 refugit,
2337 5386 2434 5425 seu
2468 5377 2528 5422 ut
2556 5366 2912 5438 quorundam
2943 5375 3027 5420 est
3061 5363 3337 5419 sententia
3369 5376 3616 5424 crucem,
3644 5361 4016 5430 quemadmo-

717 5451 849 5530 dum
878 5475 1026 5527 enim
1063 5471 1196 5525 illud
1233 5469 1550 5541 putredinis
1576 5482 1776 5533 expers
1808 5473 1915 5531 est,
1952 5465 2024 5518 ita
2055 5463 2171 5516 haec
2206 5461 2332 5515 vitae
2358 5459 2687 5530 participem
2724 5455 2909 5509 efﬁcit.
2945 5452 3222 5507 Caeterum
3253 5451 3531 5522 hyssopus
3560 5451 4015 5522 puriﬁcationem

718 5566 986 5628 denotat;
1015 5563 1124 5615 vim
1167 5563 1315 5616 enim
1351 5557 1624 5630 purgandi
1658 5571 1786 5610 cum
1819 5553 2044 5634 habeat,
2076 5565 2214 5624 pura
2248 5550 2526 5606 viseerum
2559 5544 2778 5602 emoilit
2813 5554 2869 5600 et
2899 5541 3154 5599 defaecat.

788 5722 830 5753 ³⁷
874 5718 1068 5773 Matth.
1107 5735 1222 5781 xix,
1255 5715 1348 5770 21.
1456 5713 1500 5745 ⁸⁸
1538 5712 1685 5768 Psal.
1733 5725 1925 5773 xxxvi,
1969 5709 2022 5764 5.
2104 5706 2160 5781 ’ᾗ
2186 5705 2390 5781 Matth.
2427 5703 2637 5781 v1.35,
2821 5701 2868 5733 ”
2900 5699 3069 5759 Hebr.
3103 5713 3200 5781 vti,
3231 5697 3463 5781 2__scqq_.
3546 5697 3588 5727 "
3633 5695 4010 5781 Dan-hung:

715 5796 762 5827 η
796 5792 812 5847 l
845 5763 1222 5856 (imissa:
1260 5763 1352 5841 si:
1455 5787 1500 5818 οι
1539 5763 2026 5856 -ιλτονέειᾳ-χῑιῄμςιεη
2123 5778 2169 5813 οι
2206 5776 2400 5856 ιρὲηη

2327 5791 2475 5856 LAVAI,
2674 5771 2912 5856 "_Joan.
2948 5786 3066 5856 viti,
3101 5769 3185 5856 49,
3214 5763 3529 5856 "illam.
3568 5783 3711 5856 χιιι,³
3743 5763 3836 5856 1.2..
3913 5768 4012 5825 ’τι

706 5837 976 5932 rcIrI'Ti;
1006 5837 1101 5918 εἷ’
1135 5837 1225 5897 "33
1257 5837 1455 5916 initia.
1488 5837 1613 5925 xvi,
1642 5837 1734 5914 at.
1784 5837 1793 5838 ί
1850 5837 1896 5886 οὐ
1929 5851 2111 5909 Galat.
2148 5865 2209 5918 ιι,
2247 5850 2336 5918 i9,
2382 5848 2391 5903 ε

2178 5867 2209 5918 ι,
2247 5850 2336 5918 t9,
2382 5837 2474 5906 20.
2555 5848 2572 5879 ¹
2610 5845 2760 5915 Psal,
2793 5858 2934 5920 μιν,
2976 5842 3065 5899 10.
3144 5841 3166 5873 ⁸
3214 5837 3450 5898 Zachar.
3512 5853 3591 5907 xi,
3645 5837 3863 5908 12,13.
