4266 6446
297 376 404 438 849
1389 376 1919 436 COMMENTARII
1951 379 1972 434 Ι

1868 377 1919 436 ιι
1951 378 2026 434 IN
2071 376 2459 435 NUMERUS.
3451 372 3553 430 830

374 487 667 548 ’Υσσωπος
692 486 768 550 δὲ,
792 487 873 540 ὅτι
899 486 1097 555 εὐωδίᾳ
1118 486 1216 556 τὴν
1237 486 1502 540 δυσωδίαν
1533 485 1626 539 τοῦ
1650 486 1880 540 θανάτου
1914 499 1958 553 Α

1870 509 1880 539 ι
1914 499 1958 553 Α
2061 487 2168 540 Seu
2203 488 2348 554 quod
2385 489 2588 554 lignum
2638 485 2822 538 crucis
2851 487 3017 538 odore
3052 483 3212 553 412
3247 500 3346 536 suo
3396 489 3555 536 lozto—

298 579 634 632 κατέπαυσε.
1987 591 2100 628 rem
2145 579 2340 630 mortis
2392 577 2482 645 qui
2515 592 2544 630 c
2584 578 2730 646 ligno
2781 575 3022 630 scientia:
3063 576 3360 644 ptodict'al,
3411 576 3557 626 miti-

1985 676 2152 735 gavit.

369 801 475 855 Seu
510 801 654 871 quod
692 802 839 857 vitali
873 803 1054 858 calore
1088 802 1440 874 {rigiditatem
1479 818 1600 874 qum
1657 804 1708 856 in
1765 811 1937 858 morte
1977 806 2140 860 insita
2191 814 2274 860 est
2315 807 2585 861 dissolvit.
2621 804 2797 859 Filum
2880 820 3010 858 vero
3055 802 3335 856 coccinum
3406 815 3554 851 com-

293 893 605 960 plexionem
658 893 881 948 denotat
919 896 1149 948 rationis
1181 911 1304 949 cum
1351 911 1532 955 carne.
1559 911 1653 965 per
1677 911 1839 963 quam
1876 911 1972 965 pro
2014 901 2172 953 nobis
2209 917 2406 968 passus
2447 897 2878 953 immortalitatis
2919 897 3097 949 locum
3138 895 3294 946 nobis
3347 907 3554 960 prman-

295 981 460 1033 ravit.
513 981 648 1034 Item
704 983 940 1051 expungi
996 984 1268 1035 maculam
1327 984 1631 1038 visceribus
1684 984 1918 1036 inustam
1969 993 2024 1036 et
2063 1000 2158 1052 per
2187 987 2504 1040 tiuctionem
2547 987 2838 1039 salutarem
2880 990 2934 1036 et
2973 997 3066 1051 per
3113 983 3366 1032 virtutem
3415 977 3557 1040 ﬁdei,

295 1085 403 1123 non
445 1071 591 1124 enim
625 1074 813 1127 carnis
850 1075 1121 1141 depositio
1156 1075 1399 1126 sordium
1466 1081 1551 1127 est
1586 1075 1833 1133 remotio,
1873 1072 2068 1139 inquit,
2108 1073 2200 1124 sed
2262 1073 2613 1126 conscientia:
2660 1073 2813 1123 bonze
2858 1067 3210 1134 interrogatio
3261 1082 3354 1132 per
3394 1079 3557 1131 quam

294 1158 624 1210 delictorum
681 1169 765 1213 est
819 1161 1105 1226 remissio;
1147 1161 1416 1229 siquidem
1449 1162 1622 1227 gratia
1655 1175 1776 1213 eum
1821 1162 2190 1230 consequitur,
2223 1163 2313 1230 qui
2349 1177 2468 1215 eam
2502 1163 2554 1213 in
2589 1160 2690 1212 lide
2725 1166 3095 1212 consectatur.
3131 1155 3270 1218 Quin
3306 1155 3467 1205 etiam
3509 1154 3555 1202 is

295 1245 388 1310 qui
437 1245 713 1299 comburit
776 1253 829 1300 et
867 1248 913 1299 is
972 1247 1064 1314 qui
1101 1248 1306 1315 colligit
1344 1247 1578 1310 cineres,
1611 1246 1676 1298 ad
1723 1261 2001 1314 vesperam
2037 1262 2209 1316 usque
2265 1257 2391 1301 sunt
2439 1246 2724 1300 immundi.
2789 1245 3006 1297 Necnon
3049 1241 3305 1295 sacerdos
3347 1254 3564 1306 quoque

294 1331 389 1396 qui
448 1333 666 1386 cineres
721 1333 1014 1386 admiscuit
1064 1327 1350 1388 c'edrinum
1393 1334 1596 1403 lignum
1659 1343 1713 1386 et
1757 1335 2068 1402 hyssopum.
2131 1337 2198 1386 At
2252 1335 2302 1388 hi
2341 1335 2556 1403 quidem
2606 1334 2804 1386 ablutis
2853 1329 3192 1383 vestimentis
3236 1328 3396 1379 etiam
3441 1343 3563 1378 cum

300 1418 492 1468 mundi
529 1419 662 1479 sint,
716 1419 983 1472 immundi
1033 1434 1156 1472 esse
1191 1419 1478 1482 dicuntur;
1519 1420 1606 1472 lex
1661 1420 1804 1470 enim
1834 1421 2082 1472 humanae
2119 1430 2326 1473 natura:
2366 1420 2792 1473 imbecillitatem
2835 1418 3057 1469 revelat.
3089 1415 3236 1467 Adeo
3265 1423 3321 1465 ιιι
3353 1422 3566 1464 satu-tu-

297 1517 419 1554 rum
461 1519 624 1556 nemo
681 1518 710 1556 a
753 1507 915 1559 sorde
957 1508 1024 1559 sit
1070 1507 1331 1560 immunis
1363 1507 1402 1558 ³.
1439 1505 1588 1559 Adeo
1637 1516 1689 1558 ut
1725 1504 2032 1559 Scrvatoris
2074 1507 2378 1560 ministerio
2423 1507 2624 1574 dignus
2670 1507 2741 1558 sit
2791 1518 2968 1566 nemo,
3010 1517 3075 1554 ne
3120 1515 3262 1553 unus
3296 1499 3511 1568 quidem
3551 1540 3563 1560 ,

304 1589 419 1642 imo
447 1604 548 1642 nec
575 1600 633 1642 ut
661 1593 920 1660 mysteria
952 1593 1070 1659 ejus
1114 1593 1312 1645 delibet
1349 1606 1410 1645 ac
1451 1593 1700 1659 attingat.
1745 1592 1904 1644 Astra
1950 1594 2093 1644 enim
2154 1593 2440 1660 puritatem
2471 1606 2652 1645 coram
2712 1606 2776 1642 eo
2823 1589 3070 1641 obtinere
3112 1595 3406 1654 nequeunt,
3473 1585 3568 1636 ait.

297 1673 518 1740 Quanto
557 1678 740 1732 minus
782 1693 970 1732 eorum
1029 1679 1225 1748 aliquis
1247 1680 1337 1747 qui
1375 1680 1491 1748 puri
1525 1694 1645 1732 esse
1688 1680 2043 1732 instituantur.
2097 1680 2253 1745 Atqui
2291 1681 2540 1747 purgatio
2570 1693 2631 1730 ea
2688 1692 2807 1745 quae
2841 1692 2932 1744 per
2962 1677 3176 1728 cineres
3209 1675 3266 1726 tit
3295 1690 3358 1726 ex
3412 1687 3569 1740 aequo

298 1763 466 1822 servit
504 1761 731 1818 Hebrato
777 1774 832 1819 et
881 1746 1132 1820 advenae.
1176 1746 1474 1831 Quoniam.
1501 1775 1553 1820 et
1583 1766 1928 1819 circumcisio
1958 1774 2009 1818 ct
2042 1746 2359 1834 prmputium
2388 1746 2451 1818 ex
2487 1765 2589 1818 ﬁde
2621 1765 2973 1832 jUstilit'atur,
3004 1761 3151 1814 nullo
3180 1761 3429 1813 videlicet
3485 1774 3571 1812 rc-.

300 1856 492 1915 Spectu
531 1850 654 1918 ejus
685 1850 830 1918 quod
885 1860 1081 1904 natura
1121 1863 1302 1904 nostra
1359 1853 1595 1920 peccatis
1656 1866 1760 1903 non
1818 1862 2018 1916 careat,
2063 1855 2264 1904 habito.
2306 1852 2432 1906 Item
2461 1853 2550 1920 qui
2588 1851 2642 1904 in
2676 1851 2977 1904 ministerio
3027 1855 3323 1917 operantur
3363 1862 3572 1915 purga-

301 1935 437 1988 tioni
479 1936 909 2003 immundorum,
942 1953 1066 1992 cum
1126 1954 1312 1993 eorum
1375 1939 1713 1992 immunditia
1746 1939 2092 2006 participaui.
2129 1939 2282 2004 Quod
2323 1955 2454 1993 sane
2511 1939 2566 1990 ﬁt
2600 1938 2651 1990 in
2688 1939 2805 2006 ipso
2855 1937 3015 2001 hujtts
3047 1937 3167 1987 vita:
3227 1935 3479 1996 articulo,
3518 1933 3572 1984 in

299 2036 411 2089 quo
446 2023 726 2094 principes
777 2041 902 2080 cum
938 2026 1167 2081 subditis
1215 2029 1604 2096 depravantur,
1652 2026 2106 2094 quemadmodum
2136 2027 2314 2081 Josias
2356 2041 2478 2081 cum
2533 2026 2752 2094 populo.
2786 2025 2842 2077 In
2879 2040 2986 2094 quo
3032 2033 3375 2091 peccatorum
3437 2038 3574 2088 quo-

299 2125 407 2178 que
443 2112 624 2166 socios
658 2129 716 2169 se
748 2113 955 2167 faciunt
999 2128 1393 2183 saepenumero.
1438 2113 1902 2178 Quemadmodum
1931 2113 2105 2169 Moses
2154 2115 2374 2183 perﬁdia
2417 2114 2598 2182 populi
2631 2114 2909 2175 irritatus,
2963 2121 3016 2165 et
3064 2110 3128 2163 ad
3184 2109 3434 2177 loquendi
3468 2111 3574 2162 iu:-

299 2197 558 2267 pietatem
598 2201 869 2257 adductus
927 2202 1051 2257 fuit.
1119 2203 1271 2256 Sicut
1315 2212 1368 2256 et
1420 2201 1617 2275 Petro,
1655 2201 1874 2269 quando
1932 2204 2180 2255 homines
2231 2202 2668 2255 circumcisiotiis
2730 2201 2982 2253 evtimuit
3014 2239 3028 2263 ,
3090 2199 3418 2267 quandoque
3485 2213 3572 2251 se-

295 2286 483 2353 juuxit
511 2302 684 2357 genus
740 2289 1028 2344 Judaicum
1094 2307 1122 2344 a
1157 2292 1366 2359 gentili,
1405 2291 1621 2346 accidit.
1655 2291 1786 2357 Qua
1813 2307 1946 2348 sane
1987 2307 2092 2344 non
2121 2291 2194 2344 ita
2225 2301 2384 2344 erunt
2443 2290 2497 2342 in
2526 2287 2711 2341 futuro
2749 2287 2976 2358 judicio,
3009 2285 3226 2356 quando
3254 2285 3474 2338 malitia:
3509 2298 3572 2337 ac

304 2375 518 2443 peccati
565 2378 844 2434 vinculum
878 2379 1250 2450 ahruntpctur.

371 2505 826 2577 Oportuitautem
867 2512 1209 2582 inquinatum
1250 2531 1386 2586 aqua
1416 2516 1755 2572 lustrationis
1783 2517 2064 2588 conspergi
2089 2532 2184 2572 seu
2222 2517 2363 2571 ablui
2415 2516 2574 2570 tertia
2619 2523 2672 2571 et
2729 2515 2955 2585 septima
3000 2513 3107 2568 dic.
3166 2510 3291 2563 [Lee
3317 2505 3566 2579 quidem

313 2606 455 2662 aqua
506 2595 782 2664 signiﬁcat
835 2603 1312 2658 resurrectionem.
1361 2601 1599 2673 Tempus
1645 2605 1770 2658 item
1835 2605 2189 2659 novissimum
2227 2605 2278 2657 in
2331 2603 2474 2674 quod
2526 2603 2721 2658 incidit
2753 2600 3081 2666 incarnatio,
3119 2599 3171 2652 in
3212 2597 3355 2667 quod
3407 2597 3573 2650 simul

300 2680 568 2736 coincidit
597 2685 850 2753 purgatio
879 2701 998 2756 qua:
1046 2703 1139 2756 per
1164 2688 1488 2758 baptismum
1522 2697 1755 2756 constat,
1788 2689 2099 2760 Christique
2123 2699 2347 2745 mortem
2375 2690 2574 2753 innuit,
2610 2704 2730 2759 qua:
2756 2689 2991 2741 indicata
3018 2701 3235 2756 quoque
3286 2695 3370 2738 est
3426 2697 3570 2751 aqua

300 2767 586 2825 cineribus
643 2773 897 2840 subacta,
964 2783 1018 2829 et
1071 2779 1312 2831 maculas
1345 2793 1412 2831 ex
1462 2779 1818 2833 cadaveribus
1886 2786 2194 2832 contractas
2233 2777 2465 2832 eluente.
2509 2775 2684 2831 Porro
2731 2774 2924 2830 domus
2967 2785 3019 2829 et
3058 2789 3186 2827 vasa
3226 2773 3431 2842 polluta
3478 2787 3577 2824 nos

305 2854 508 2909 iterum
544 2873 756 2914 smnus.
807 2861 886 2915 Ac
915 2861 1111 2917 domus
1151 2864 1368 2932 quidem
1409 2864 1694 2936 Synagoga
1755 2880 1942 2919 eorum
1991 2866 2083 2934 qui
2118 2863 2402 2917 Dominum
2453 2863 2790 2928 occiderunt,
2813 2871 2916 2915 est.
2959 2860 3098 2915 Vasa
3140 2875 3269 2914 vero
3332 2868 3578 2912 nostrum

305 2941 508 3011 singuli
556 2953 686 2998 sunt
713 2956 984 3018 quotquot
1013 2951 1255 3004 animum
1297 2951 1496 3005 habent
1538 2955 1766 3014 nudum,
1825 2967 1887 3004 ac
1916 2951 2665 3020 quibusvisinquinamentis
2720 2951 2984 3019 patulum.
3016 2948 3228 3002 Fideles
3270 2961 3399 3000 vero
3453 2950 3574 2997 ani-

307 3042 460 3081 mum
497 3030 697 3087 habent
737 3034 874 3089 bene
937 3037 1228 3101 munitum,
1263 3045 1317 3091 et
1349 3038 1789 3106 inquinatoribus
1819 3040 2109 3094 lubricum.
2136 3038 2406 3093 Caeterum
2451 3037 2765 3091 immundus
2817 3044 2898 3091 est
2933 3037 3024 3105 qui
3061 3050 3155 3105 per
3198 3048 3392 3103 aquam
3468 3033 3581 3085 lus-

308 3117 565 3174 trationis
610 3131 910 3191 purgatus,
945 3125 1037 3194 qui
1066 3127 1312 3179 saucium
1366 3127 1658 3196 contingit,
1715 3142 1839 3180 eum
1879 3126 2085 3180 scilicet
2120 3126 2278 3195 cujus
2323 3141 2419 3179 cor
2480 3125 2793 3180 carnalibus
2824 3123 3200 3178 aﬂectionibus
3239 3123 3581 3175 vulneratum

306 3214 412 3266 est,
445 3205 573 3258 item
596 3222 658 3262 os
677 3211 1052 3270 cadaveris.id
1072 3221 1177 3276 est,
1211 3212 1548 3282 impurilatis
1568 3213 1850 3282 reliquias,
1877 3221 1969 3266 aut
1991 3219 2402 3266 monumentum
2431 3211 2670 3267 hominis
2706 3211 2996 3272 inhumati.
3024 3211 3074 3265 id
3098 3218 3182 3264 est
3210 3249 3224 3270 .
3258 3211 3350 3279 qui
3401 3210 3582 3278 aliquo

306 3291 475 3346 modo
492 3292 750 3349 defuncta
771 3297 1082 3366 impuritate
1109 3314 1229 3354 sese
1259 3301 1478 3368 polluit:
1501 3301 1738 3370 quattdiu
1761 3300 1975 3355 enimin
1994 3301 2094 3353 hac
2113 3304 2218 3353 vita
2240 3315 2449 3362 sumus,
2480 3300 2593 3354 lieri
2617 3314 2723 3353 non
2750 3307 2945 3370 potest.
2975 3310 3158 3354 utnon
3182 3299 3376 3367 aliquas
3415 3299 3595 3366 impu-

307 3379 492 3435 ritatis
523 3383 771 3449 reliquiae
785 3385 943 3441 nobis
961 3386 1542 3459 inhaereant,quamvis
1571 3405 1602 3443 a
1622 3390 1939 3445 vulneribus
1961 3388 2240 3443 diabolicis
2268 3387 2439 3441 simus
2464 3387 2696 3442 liberati.
2724 3387 2892 3441 Nemo
2930 3389 3075 3442 enim
3113 3387 3180 3442 ab
3205 3386 3583 3440 affectionibus

305 3468 491 3521 evadit
517 3471 760 3527 omnino.
788 3471 929 3538 Quin
953 3475 1050 3528 etsi
1080 3491 1172 3530 cas
1191 3476 1574 3543 devicerimus,
1596 3486 1653 3533 et
1677 3477 2110 3546 sepeliverimus,
2138 3475 2386 3544 contagio
2409 3482 2588 3529 tamen
2613 3474 2848 3544 quodam
2882 3489 3071 3528 eorum
3127 3473 3424 3528 inﬁcimur.
3452 3471 3584 3526 Ou:-

318 3556 474 3609 nium
518 3573 647 3613 vero
689 3560 886 3615 horum
944 3565 1196 3633 purgatio
1229 3563 1480 3621 Christus
1525 3575 1628 3621 est.
1679 3566 1946 3622 Cicatrice
1972 3563 2116 3618 enim
2161 3563 2332 3631 ipsius
2371 3578 2471 3616 nos
2510 3577 2699 3618 omnes
2727 3563 2902 3617 sanati
2937 3577 3160 3626 sumus,
3214 3563 3306 3631 qui
3352 3562 3582 3614 advoca-

312 3651 405 3696 tus
457 3655 642 3699 noster
682 3655 766 3701 est
797 3647 938 3717 apud
972 3649 1184 3703 l’atrem
1240 3692 1252 3705 .
1295 3672 1310 3701 ι
1346 3649 1458 3706 Nisi
1495 3653 1638 3706 enim
1672 3654 1796 3723 quis
1822 3661 2172 3724 regeneratus
2205 3651 2365 3707 fuerit
2403 3669 2467 3707 ex
2503 3667 2640 3722 aqua
2680 3661 2733 3707 et
2756 3653 2970 3722 spiritu,
3027 3653 3342 3723 neutiquam
3381 3653 3435 3706 itt
3503 3669 3584 3705 re-

310 3753 478 3807 gnum
511 3740 776 3793 cmlorum
821 3742 1155 3811 ingredietur
1182 3745 1224 3799 '.
1264 3765 1283 3796 ι
1312 3745 1466 3811 Quod
1517 3747 1674 3802 nobis
1743 3756 1955 3818 tempus
2008 3755 2128 3816 post
2164 3761 2390 3814 vespera
2416 3767 2443 3798 n
2481 3754 2534 3798 et
2564 3746 2684 3799 linis
2740 3745 2870 3815 legis
2903 3755 3009 3799 est.
3049 3742 3299 3796 Diluculo
3332 3743 3475 3798 enim
3508 3743 3585 3796 si-

315 3824 463 3880 milis
524 3837 608 3881 est
636 3827 903 3885 adventus
948 3829 1178 3898 Christi,
1234 3835 1499 3904 siquidem
1535 3837 1601 3890 iis
1631 3837 1720 3899 qui
1765 3837 1816 3890 in
1870 3835 2109 3890 tenebris
2139 3841 2192 3888 et
2223 3834 2413 3886 umbra
2441 3834 2632 3887 muttis
2655 3833 2932 3896 sedebant,
2972 3830 3173 3886 aﬂ'ulsit
3198 3832 3290 3884 lux
3332 3847 3520 3900 magna
3545 3843 3587 3890 κ,

386 3979 494 4030 Καὶ
528 3973 720 4047 ἦλθον
747 3983 802 4034 οι
824 3982 940 4036 vlol
975 3983 1217 4052 Ἰσραὴλ
1258 3984 1427 4040 πᾶσα
1477 3987 1515 4054 ἡ
1573 3989 1896 4058 συναγωγὴ
1935 3971 1978 4028 Β

309 4072 398 4134 εἰς
428 4069 543 4137 τὴν
573 4070 798 4141 ἔρημον
825 4073 952 4140 Σίν,
986 4076 1056 4128 ἐν
1081 4075 1159 4140 τῷ
1195 4077 1343 4144 μηνὶ
1374 4075 1452 4142 τῷ
1499 4077 1728 4146 πρώτῳ.
1788 4081 1898 4134 Καὶ

308 4161 385 4222 ὡς
413 4161 880 4233 ἀπροσδιοριστως
915 4164 1124 4237 [φησὶη
1158 4167 1226 4219 ἐν
1255 4167 1332 4232 τῷ
1356 4168 1502 4237 μηνὶ
1539 4168 1617 4234 τῷ
1646 4171 1896 4245 πρώτῳ]

311 4252 408 4304 καὶ
434 4253 494 4305 οὐ
517 4254 882 4326 προσέθηκεν,
913 4257 1313 4326 ἐξεληλυθότων
1341 4259 1522 4314 αὐτῶν
1551 4263 1615 4314 ὲκ
1649 4262 1752 4333 γῆς
1797 4265 1896 4317 Al-

310 4341 544 4409 γύπτου.
582 4345 730 4398 ’Δνω
767 4346 897 4418 γὰρ,
943 4349 1133 4419 φησὶν,
1170 4349 1228 4401 ὲν
1280 4349 1357 4420 τῷ
1386 4350 1549 4403 πέντε
1606 4353 1700 4405 καὶ
1739 4354 1902 4408 δεκά-

309 4449 412 4501 τῳ,
443 4433 534 4486 καὶ
566 4435 626 4486 ἑν
670 4434 749 4506 ’τῷ
774 4431 1009 4508 είκοστῷ
1041 4439 1323 4509 κεφαλαίῳ
1355 4439 1490 4510 (67),
1525 4443 1607 4494 ὅτι
1647 4442 1902 4515 δεύτερον

311 4528 620 4598 ἐνειστήκει
666 4528 807 4594 ἔτος.
846 4515 992 4584 ’Ἀλλ’
1030 4531 1266 4586 ἐνταῦθα
1297 4533 1442 4604 μῆνα
1492 4534 1710 4605 πρῶτόν
1765 4555 1900 4610 φησι

307 4619 404 4671 τὸν
436 4619 546 4672 τῶν
576 4624 990 4693 τεσσαράκοντα
1023 4625 1182 4689 ἑτῶν,
1229 4625 1266 4679 ἃ
1297 4625 1595 4696 ἠπείλησεν
1647 4631 1845 4693 αὐτοὺς
1875 4635 1903 4686 ὁ

309 4708 446 4771 Θεὸς
474 4708 697 4765 ἔσεσθαι
726 4713 784 4766 ἐν
821 4716 888 4784 τῇ
930 4714 1146 4785 ἐρήμῳ,
1182 4715 1241 4766 ὲν
1287 4713 1366 4784 τῷ
1421 4713 1652 4785 εἰκοστῷ
1699 4716 1904 4789 πρώτῳ

308 4801 595 4872 κεφαλαίῳ
634 4802 770 4875 (68).
807 4805 940 4859 Ἰδοὺ
970 4806 1080 4876 γὰρ
1107 4805 1271 4859 πάλιν
1289 4806 1632 4879 ὑπέστρεφον
1679 4809 1761 4872 εἰς
1807 4809 1906 4881 τὴν

2092 3989 2350 4042 Venerunt
2375 3999 2547 4042 autem
2583 3988 2682 4055 ﬁlii
2717 3987 2886 4041 Israel
2921 4030 2933 4052 ,
2963 3989 3233 4040 universus
3264 3987 3460 4038 scilicet
3489 4001 3558 4036 ca‘

2014 4094 2096 4134 tus
2140 4082 2191 4133 in
2222 4080 2487 4134 desertum
2533 4079 2653 4143 Zt'n,
2686 4097 2860 4134 mense
2901 4083 3094 4147 primo.
3125 4078 3267 4149 lxx,
3307 4075 3380 4147 1.]
3428 4075 3556 4128 lude

2007 4175 2158 4227 {inite
2205 4173 2300 4237 ait,
2340 4189 2515 4226 mense
2566 4175 2763 4239 primo,
2813 4188 2912 4227 nec
2970 4171 3254 4242 apposuit,
3290 4171 3617 4249 Postquam.

2006 4267 2214 4334 egressi
2242 4266 2468 4320 fuerunt
2504 4275 2748 4328 ext-terra
2793 4264 3034 4336 Egypti,
3075 4280 3200 4317 cum
3237 4278 3400 4332 supra
3436 4261 3591 4314 dixe-

2017 4360 2088 4410 rit
2117 4357 2265 4426 quod
2333 4348 2622 4411 secundus‘
2647 4358 2883 4412 instabat
2914 4373 3110 4412 anuus.
3160 4355 3260 4410 llic
3309 4370 3438 4408 vero
3481 4355 3586 4422 ιιιίο

2012 4465 2159 4502 mum
2189 4449 2321 4503 dicit
2347 4465 2589 4503 mensem
2615 4466 2677 4503 ex
2709 4449 3073 4518 quadraginta
3111 4450 3270 4503 annis
3305 4449 3430 4502 istis
3451 4464 3590 4516 quos

2007 4539 2270 4596 Dominus
2300 4556 2396 4595 eos
2427 4542 2479 4594 in
2506 4541 2726 4594 deserto
2759 4541 2875 4595 fore
2903 4551 2991 4595 est
3037 4543 3302 4595 minatus.
3338 4540 3412 4592 En
3446 4540 3588 4590 enim

2005 4641 2361 4687 revertuntur
2387 4633 2583 4686 iterum
2621 4634 2675 4686 in
2706 4634 2986 4688 desertum
3011 4633 3131 4686 Ziu.
3159 4633 3314 4687 Unde
3345 4647 3438 4685 eos
3473 4646 3588 4683 mo-

2006 4725 2152 4779 vissc
2195 4726 2364 4780 tradit
2389 4735 2444 4780 et
2481 4726 2659 4796 longis
2690 4737 2846 4781 actos
2888 4728 3171 4782 erroribus
3215 4726 3502 4780 advenisse
3535 4727 3588 4776 iu

2007 4813 2205 4880 Cades,
2235 4833 2346 4884 quo
2381 4816 2762 4884 exploratores
2793 4826 2923 4871 sunt
2955 4819 3180 4872 reversi.

307 4894 521 4963 ἔρημον
569 4895 719 4955 Σινὰ.
751 4895 874 4951 ὅθεν
917 4899 1080 4966 φησὶν
1121 4899 1432 4967 αηρκέναι
1476 4899 1695 4966 αὐτοὺς,
1739 4902 1797 4953 ὲν
1848 4903 1926 4971 τῷ
1995 4907 2224 4977 εἰκοστῷ
2287 4908 2567 4978 κεφαλαίῳ
2614 4908 2724 4977 (69)
2762 4926 2774 4938 ο
2838 4910 2933 4962 καὶ
2988 4910 3160 4962 πολλὰ
3228 4907 3589 4977 πλανηθέντες

311 4985 709 5057 παραγίνονται
739 4989 797 5042 ὲν
819 4989 1004 5059 Κάδης
1037 5007 1050 5021 ·
1076 4990 1210 5043 ὅπου
1247 4985 1388 5056 ἦσαν
1435 4991 1485 5044 οἱ
1517 4994 1859 5047 κατάσκοποι
1928 4997 2370 5070 ὑποστρέψαντες
2409 4999 2544 5068 πρὸς
2569 5001 2807 5070 Μωῦλῆν
2849 5003 2940 5053 καὶ
2998 5003 3095 5070 τὴν
3134 5000 3475 5068 συνεκτικὴν,
3527 5013 3581 5047 ε)

307 5077 392 5148 τῷ
431 5080 664 5152 εἰκοστῷ
691 5079 890 5154 πρώτῳ
919 5083 1200 5156 κεφαλαίῳ
1229 5083 1368 5156 (70).

385 5236 534 5295 'Job
565 5241 754 5306 stv,4.
833 5243 854 5272 ⁸
882 5241 988 5296 lsa.
1044 5257 1161 5306 Lm,
1204 5244 1257 5298 5.
1338 5245 1357 5276 ³
1397 5244 1556 5299 Joao.
1599 5263 1678 5312 ιιι,
1708 5250 1767 5305 5.
1845 5249 1866 5280 ⁸
1897 5249 1998 5303 lsa.
2043 5265 2070 5304 l.‘

908 5257 988 5296 sa.
1044 5257 1161 5306 Lm,
1204 5244 1257 5298 5.
1338 5245 1357 5276 ³
1397 5244 1556 5299 Joao.
1599 5263 1678 5312 ιιι,
1708 5250 1767 5305 5.
1845 5249 1866 5280 ⁸
1897 5249 1998 5303 lsa.
2043 5265 2120 5308 Ix.
2148 5249 2225 5315 2',
2271 5249 2406 5304 Luc.
2436 5251 2477 5304 l.
2504 5250 2592 5304 79;

1811 5389 2044 5446 ΝΟΤᾹὲ.

385 5501 502 5578 (Q7)
521 5502 656 5578 Οὐᾷὲ
680 5501 868 5578 τα-ὗταῌ
884 5504 1274 5578 ’τὰ-κεφαλαια,
1301 5505 1426 5558 οὐδὲ
1455 5507 1518 5559 τὰ
1548 5505 1673 5577 ἑξῆς
1699 5525 1908 5578 μνημο-
1935 5512 1977 5570 C
2013 5509 2111 5578 τῆς
2136 5509 2314 5562 ὲκδὸσ.

310 5572 598 5654 νενόμενα-
615 5575 674 5627 tv
698 5572 776 5654 τῷ
808 5576 907 5644 τῆς
1108 5575 1467 5654 δεώδ.λεῑται;
1507 5572 1774 5654 Ὥπὲρ’δέ

316 5662 406 5719 σιν
445 5647 503 5719 εν
531 5645 610 5712 τῷ
635 5662 654 5719 t_
676 5645 771 5698 τοῦ
802 5662 842 5712 t,
870 5649 965 5700 καὶ
993 5649 1052 5700 ὲν
1083 5649 1161 5719 τῷ
1192 5663 1207 5701 l
1256 5647 1334 5700 ἐδ.
1373 5648 1467 5700 τοῦ
1513 5652 1545 5703 9
1611 5645 1734 5719 κέφ.
1794 5645 1900 5702 τῶν

346 5715 504 5782 Apto.
538 5715 705 5769 ἐστίν.

391 5786 506 5856 (68)
567 5788 653 5841 Ἑν
677 5787 755 5860 τῷ
796 5789 827 5844 8
865 5789 937 5843 ἑὸ.
966 5787 1058 5843 τοῦ
1109 5790 1170 5844 Ν
1206 5808 1328 5858 tta-,3.
1369 5791 1476 5843 τῶν
1510 5791 1676 5860 ily-.9.
1744 5792 1897 5860 ’τί-ριῧε

1795 5837 1804 5861 6

2353 5578 2430 5660 τῷ
2465 5579 2533 5661 ἐξ.
2555 5579 2640 5661 ῥεῖ.
2670 5579 2766 5661 τοῦ
2788 5581 2868 5661 Δ[0
2901 5590 3030 5653 χειρί
3058 5584 3165 5661 τῷν
3206 5583 3374 5661 Ἀριτ)Σ

2084 5651 2196 5734 (70.)
2236 5651 2423 5734 ’μητῷ
2454 5652 2520 5706 42
2552 5653 2627 5705 ὲό.
2651 5651 2741 5704 τοῦ
2785 5654 2845 5708 η
2896 5651 3021 5721 its-,9.
3071 5656 3179 5707 τῶν
3244 5653 3416 5722 Ἀριο.
3459 5656 3594 5706 πέμ

2007 5739 2103 5792 της
2131 5723 2224 5792 τῆς
2259 5721 2433 5776 ὲκίὁσ.
