4266 6446
308 378 416 441 853
503 411 511 422 ·
1364 386 1894 451 COMMENTARII
1935 393 1993 452 Il‘

1870 393 1894 451 Ι
1935 393 2016 452 ΙΝ
2052 395 2439 454 NUMEROS.
3451 391 3553 455 854

307 485 430 535 κεία
472 484 526 537 δὲ
581 486 674 538 καὶ
719 487 1024 558 συγγενικὴ
1063 487 1200 559 πρὸς
1229 489 1290 542 τὸ
1327 492 1588 562 πείθει·λή
1625 496 1880 563 προσξρώ-
1916 503 1992 554 At

1868 527 1880 535 -
1916 503 1956 554 Α
1987 505 2040 551 et
2076 499 2242 553 Israel
2272 501 2344 552 (Ιὶ‹
2367 509 2457 553 tus
2479 503 2584 561 est,
2621 497 2738 550 fuit.
2772 498 3027 552 Adhibita
3053 504 3138 550 est
3184 505 3362 551 auten
3397 497 3553 550 fami-

303 591 480 640 νησις.
1990 589 2074 642 liae
2094 593 2554 660 cognationisqne
2573 592 2918 659 compellatio
2938 591 3004 644 ad
3034 589 3296 657 majorem
3326 604 3551 656 persua-

1989 675 2165 729 sionis
2194 676 2514 730 efﬁcaciam.

377 770 926 830 Coiiiiniserationem
985 778 1114 833 item
1141 789 1351 848 captat,
1384 781 1523 833 mala
1574 782 1806 835 antehac
1853 789 2122 843 exantlata
2166 790 2351 844 verbis
2371 791 2701 858 obiiciendo,
2756 789 3044 858 innuitque
3079 788 3325 841 divinum
3345 801 3469 854 erga
3493 803 3550 840 se

308 861 582 925 studium,
635 877 698 916 ac
765 865 1050 919 virtutem.
1079 886 1095 916 ι
1139 866 1581 924 Exclamavimus
1639 873 1782 924 enim
1813 872 1876 925 ad
1918 872 2227 937 Dominum,
2256 876 2454 945 inquit,
2503 891 2564 929 ac
2600 877 2811 929 audivit
2867 891 2985 936 nos,
3022 878 3300 942 missoque
3359 873 3550 940 nuntio

306 946 499 999 cum“
535 963 634 1003 "03
658 965 722 1003 ει
763 950 1002 1021 μεεγριυ
1037 954 1098 1006 ¹⁸.
1151 973 1168 1005 ι
1210 955 1379 1020 Quale
1411 957 1540 1011 illud
1573 973 1792 1026 quoque
1822 967 1907 1012 est
1935 961 2078 1030 quod
2109 963 2337 1017 verbum
2381 961 2598 1017 Domini
2644 964 2779 1016 citat
2810 963 3052 1017 dicentis
3089 981 3100 1014 :
3140 982 3157 1012 ι
3193 960 3459 1016 Descendi
3482 960 3547 1011 ad

305 1037 649 1133 eripiendum
682 1055 778 1095 eos
808 1044 872 1104 ",
917 1064 934 1094 ι
972 1045 1116 1113 quod
1148 1061 1241 1114 per
1276 1050 1526 1117 angelum
1559 1064 1682 1104 esse
1710 1049 1911 1103 factum
1948 1051 2122 1107 Moses
2151 1056 2322 1108 novit.
2360 1055 2464 1107 Sed
2504 1055 2765 1123 quoniam
2813 1057 3156 1110 exercituum
3195 1053 3548 1107 transitiones

314 1127 642 1191 perniciosa:
663 1137 813 1190 sunt,
841 1146 900 1183 se.
934 1148 1031 1184 nec
1061 1148 1157 1200 per
1189 1149 1373 1201 agros,
1401 1151 1501 1190 nec
1528 1136 1707 1189 vineta
1733 1137 2109 1206 profecturum
2128 1156 2248 1195 esse
2279 1151 2620 1210 praeocupat.

395 1237 546 1289 Ἐπεὶ
575 1239 649 1309 μὴ
707 1240 850 1312 ὕδωρ
881 1240 1026 1312 εἶχον
1055 1247 1117 1297 ὲκ
1163 1247 1412 1315 φρεάτων
1459 1248 1768 1310 ἀνελλιπὲς,
1805 1249 1880 1301 Οὐ

306 1327 571 1394 πιόμεθα,
607 1332 794 1399 φησιν,
849 1335 912 1385 ἐκ
936 1334 1142 1388 λάκκου
1197 1355 1312 1400 σου,
1367 1343 1568 1410 προῖκα
1615 1339 1877 1409 δηλονότι.

307 1416 483 1470 Τοῦτο
513 1421 620 1490 γὰρ
653 1423 958 1491 ἐπήνεγκεν
983 1425 1229 1496 ὕστερον.

2059 1255 2122 1306 Ει
2151 1255 2412 1323 quoniam
2434 1268 2629 1321 aquam
2662 1269 2771 1308 non
2805 1253 3098 1315 habebant,
3122 1267 3186 1306 ex
3230 1250 3411 1320 puteis
3442 1247 3550 1302 tuis

1985 1353 2038 1399 et
2074 1344 2303 1400 lacubus
2341 1359 2450 1398 non
2502 1344 2774 1409 bibemus,
2811 1346 3012 1412 inquit,
3047 1344 3222 1412 gratis
3275 1341 3548 1398 videlicet,

1988 1449 2112 1488 nam
2150 1436 2254 1489 hoc
2289 1437 2466 1506 ipsum
2500 1445 2687 1505 postea
2729 1436 3041 1490 subintulit.

382 1531 581 1587 Verum
627 1537 718 1590 ille
747 1537 881 1591 nihil
913 1539 996 1593 eis
1023 1542 1455 1605 obsecundatur,
1486 1543 1798 1612 bellumque
1823 1549 2099 1612 minatur;
2131 1548 2175 1600 si
2206 1563 2336 1601 vero
2364 1549 2471 1604 illis
2499 1549 2799 1611 diffidebat,
2829 1548 3197 1618 jurejurando
3225 1562 3319 1601 eos
3355 1547 3551 1600 adacto

306 1635 449 1688 opis
468 1631 610 1676 erat.
646 1622 752 1678 Sed
775 1628 905 1695 quid
933 1630 1115 1683 verbis
1138 1641 1220 1685 est
1242 1647 1402 1700 opus,
1431 1646 1632 1700 pravus
1662 1642 1801 1696 erat,
1830 1649 1930 1688 nec
1949 1633 2232 1688 dissimilis
2255 1634 2522 1688 invidenti
2553 1637 2741 1706 glorise
2759 1651 2969 1689 eorum.
2994 1634 3126 1687 Nam
3181 1650 3274 1687 seu
3323 1632 3551 1686 conscio

306 1708 438 1762 dicit
471 1727 483 1761 :
519 1729 536 1761 ι
579 1710 660 1764 Tu
702 1715 980 1781 cognitum
1008 1716 1176 1771 habes
1207 1719 1447 1772 laborem
1472 1727 1526 1770 et
1578 1735 1852 1776 atrumnas
1880 1736 2002 1789 quae
2050 1736 2149 1774 nos
2185 1721 2686 1777 circumvenerunt.
2723 1741 2740 1772 ι
2773 1721 2942 1775 Porro
2975 1723 3077 1790 ipsi
3115 1721 3311 1774 iterum
3372 1721 3549 1771 dicam

307 1807 445 1849 eunt
472 1817 484 1851 :
511 1818 526 1849 ι
555 1797 661 1854 Per
683 1804 935 1856 semitam
967 1806 1154 1858 tritam
1195 1807 1586 1872 ascendemus,
1619 1823 1717 1861 nec
1741 1824 1836 1877 per
1874 1824 2055 1878 agros,
2084 1809 2378 1863 innuentes
2415 1811 2552 1863 viam
2593 1825 2752 1878 quam
2801 1809 3006 1876 regiam
3038 1816 3254 1870 vocant,
3303 1827 3318 1856 ι
3369 1805 3550 1873 publi-

307 1901 406 1940 Seu
467 1888 760 1944 militarem
823 1893 1225 1962 signiﬁcantes.
1267 1914 1284 1945 ι
1319 1895 1390 1949 De
1444 1911 1584 1963 aqua
1632 1898 1761 1949 item
1803 1905 1891 1950 tua
1949 1913 2055 1950 non
2074 1896 2343 1958 bibemus,
2384 1915 2400 1945 ι
2434 1897 2630 1963 inquit,
2659 1910 2781 1949 cum
2817 1911 2955 1963 aqua
2994 1910 3055 1948 ea
3088 1910 3208 1962 quae
3239 1894 3290 1946 in
3324 1893 3550 1944 lacubus

304 1984 391 2028 εει
415 1975 640 2044 propria
667 1978 740 2031 sit
785 1979 1597 2052 laborantium.impunitatem
1628 1998 1758 2038 vero
1796 1985 2027 2039 transitu
2075 1984 2436 2047 indicaturus,
2481 2003 2495 2032 ι
2534 1981 2696 2036 Juxta
2735 1993 2970 2036 montem
3016 1981 3493 2050 pertransibiinus,
3528 1997 3545 2030 ι

304 2055 507 2131 inquit.
538 2065 806 2119 Caeterum
833 2067 998 2122 lsrael
1022 2068 1245 2124 deﬂexit
1271 2071 1338 2125 ab
1381 2086 1467 2134 eo,

376 2200 452 2252 Tb
509 2201 666 2269 γένος
721 2205 874 2272 τιμᾷ,
924 2205 1128 2275 καὶμὴ
1187 2205 1521 2275 τιμώμενος.
1569 2207 1738 2260 Τοῦτο
1779 2207 1886 2276 γὰρ
1919 2195 1959 2248 Β
1988 2214 2042 2259 et

1864 2225 1886 2273 ο
1919 2195 1959 2248 Β
1988 2214 2042 2259 et
2065 2219 2236 2274 genus
2267 2214 2349 2259 est
2396 2205 2682 2268 reveritus,
2712 2207 2776 2258 ali
2814 2219 2880 2258 eo
2935 2205 3136 2257 nullam
3190 2203 3549 2258 reverentiam

303 2289 482 2343 ἐδόκει
533 2291 654 2361 Θεῷ
699 2293 834 2362 (71⁸)
871 2311 885 2325 ·
919 2296 1040 2364 μηδ’
1070 2297 1157 2348 ὅτε
1191 2296 1438 2349 δοκοῦσιν
1471 2299 1518 2350 οί
1565 2297 1698 2368 πρὸς
1727 2297 1880 2365 γένος

301 2382 587 2451 ἀρνεῖσθαι
607 2386 706 2452 τὴν
731 2385 912 2452 φιλίαν
935 2388 1031 2457 τὴν
1047 2388 1154 2440 ἀπὸ
1178 2387 1272 2440 τοῦ
1302 2389 1512 2455 γένους.

1993 2303 2326 2350 consecutus
2363 2296 2509 2350 licet.
2575 2295 2667 2348 Dei
2728 2297 2870 2347 enim
2911 2297 3168 2347 voluntas
3211 2299 3327 2354 est,‘
3375 2308 3549 2361 genus

1997 2402 2104 2440 non
2147 2389 2416 2456 abnegare
2459 2385 2560 2440 etsi
2595 2387 2847 2454 injuriam
2884 2383 3068 2438 faciat.
3098 2384 3364 2449 Quoniam
3391 2383 3553 2453 igitur

304 2488 451 2528 nunc
487 2489 682 2531 omnes
709 2493 900 2532 sumus
926 2478 1123 2534 fratres
1149 2479 1484 2544 dilectionis,
1506 2479 1953 2550 magnanimitate
1985 2478 2310 2548 injuriarum
2342 2480 2770 2534 recordationem
2808 2477 3026 2531 vincere
3059 2475 3339 2530 debemus.

372 2602 762 2669 Προστεθήτω
776 2605 1002 2671 Ἀαρὼν
1013 2604 1153 2670 πρὸς
1172 2604 1443 2657 τὸν-λαὸν
1461 2604 1666 2658 αὑτοῦ.
1686 2604 1811 2658 ’Λπέ
1820 2623 1881 2676 ρ-

299 2710 507 2760 χονται,
536 2692 598 2745 τὸ
627 2694 813 2756 ἀτελὲς
864 2695 1043 2746 αὐτῶν
1091 2695 1410 2762 ἐπιγνόντες
1455 2696 1501 2748 οί
1550 2695 1668 2763 Θεῷ
1716 2696 1880 2765 φίλοι.

299 2783 375 2835 Τὸ
401 2782 510 2853 γὰρ
547 2783 909 2853 μεγαλαυχεῖν
939 2783 1012 2847 ὡς
1043 2786 1130 2837 ἐπὶ
1155 2785 1490 2854 κατορθώσει
1510 2785 1719 2848 τελείας
1750 2788 1879 2857 ἀρε-

298 2874 418 2942 τῆς,
457 2874 728 2944 Ἐλλήνων
765 2878 957 2944 σοφίας
976 2894 990 2906 ⁸
1019 2877 1193 2929 καίτοι
1232 2877 1367 2947 μηδὲ
1397 2877 1606 2931 τελείαν
1631 2878 1662 2949 ἢ
1683 2878 1882 2932 ἄπται-

302 2981 428 3016 στον
485 2965 821 3034 ἐσχηκότων,
879 2967 945 3036 ἢν
997 2968 1181 3034 ἔδοξαν
1213 2968 1536 3040 κατορθοῦν.
1572 2971 1645 3024 Οὐ
1682 2970 1790 3041 γὰρ
1815 2972 1878 3022 ὲκ

299 3059 520 3127 φὺσεως
551 3058 613 3110 τὸ
649 3060 770 3112 κατ’
813 3059 1015 3129 ἀρετὴν
1072 3061 1342 3127 ὀφείλεται
1384 3062 1609 3127 τέλειον,
1662 3062 1782 3114 οὐδὲ
1819 3061 1880 3113 τὸ

309 3149 384 3218 μὴ
407 3148 781 3219 δυσχεραίνειν
803 3151 892 3201 ἐπὶ
911 3150 1142 3219 θανάτῳ.
1172 3151 1346 3218 Ὅπερ
1362 3151 1539 3203 αὐτῶν
1567 3132 1617 3203 οἱ
1645 3150 1880 3220 μαθηταὶ

299 3242 414 3302 τοῖς
467 3239 806 3301 διδασκάλοις
858 3239 1197 3310 χαρίζονται,
1253 3241 1386 3311 μηδὲ
1444 3242 1505 3294 τὸ
1548 3242 1690 3295 κατὰ
1720 3242 1879 3308 φύσιν

301 3330 545 3401 πληροῦν
599 3329 938 3400 δυναμένοις.
969 3330 1101 3394 Θεὸς
1144 3333 1198 3385 δὲ
1243 3332 1488 3401 βούλεται
1531 3335 1624 3388 καὶ
1670 3333 1878 3398 ζῶντας

2056 2608 2354 2678 Colligatur
2378 2606 2553 2658 Aaron
2575 2604 2642 2655 ad
2658 2603 2872 2672 populos
2899 2618 3045 2656 suos.
3070 2599 3211 2683 [XL
3236 2598 3352 2672 ει]
3382 2598 3548 2654 Dece-

1991 2701 2130 2754 dunt
2146 2698 2303 2752 amici
2325 2696 2416 2750 Dei
2441 2711 2537 2750 sua
2557 2693 2966 2763 impcrfectione
2985 2694 3225 2761 cognita;
3245 2707 3369 2745 nam
3388 2691 3555 2758 glori-

2000 2790 2082 2841 ari
2106 2794 2254 2839 recte
2274 2800 2340 2838 ac
2368 2781 2666 2839 secundum
2693 2782 2916 2834 virtutis
2951 2779 3342 2848 perfectionem
3376 2777 3554 2832 faeto-

1982 2893 2102 2930 rum
2121 2890 2183 2928 ex
2206 2873 2516 2928 Graacorum
2540 2871 2805 2940 sapientia
2828 2868 3285 2931 est,Gra:corum,
3303 2868 3553 2938 inquam,

1984 2968 2077 3038 qui
2117 2981 2236 3020 eam
2266 2966 2521 3019 virtutem
2556 2961 2860 3018 secundum
2897 2977 3062 3031 quam
3099 2970 3246 3015 recte
3285 2975 3448 3030 agere
3471 2960 3552 3012 vi-

1985 3061 2279 3125 debantur,
2325 3074 2434 3112 non
2493 3055 2793 3127 perfectam
2835 3064 2930 3108 aut
2987 3069 3180 3124 puram
3219 3055 3549 3108 habuerunt.

1984 3151 2100 3207 Non
2148 3152 2294 3205 enim
2328 3157 2537 3202 naturae
2581 3155 2866 3216 acceptum
2905 3145 3099 3200 referri
3132 3145 3288 3199 debet
3315 3146 3463 3213 quod
3497 3146 3556 3199 lit

1985 3243 2287 3299 secundum
2328 3241 2614 3303 virtutem,
2666 3239 3126 3308 quemadmodum
3163 3253 3267 3292 nec
3318 3227 3555 3300 illud,‘si

1985 3335 2110 3404 quis
2142 3333 2334 3388 mortis
2358 3342 2506 3386 metu
2535 3347 2642 3384 non
2669 3329 2955 3393 alliciatur,
2984 3329 3128 3399 quod
3160 3345 3351 3383 eorum
3385 3330 3557 3384 disci-

302 3424 398 3475 καὶ
417 3421 682 3485 ἀπιόντας
712 3424 1012 3492 ἐπιγνῶναι
1051 3425 1110 3476 τὸ
1143 3425 1353 3478 ἑαυτῶν
1376 3425 1573 3489 ἐνδεὲς,
1614 3425 1881 3480 αἰτεῖσθαι
1907 3420 1949 3478 C
1985 3444 1987 3493 λ

1866 3420 1949 3478 ιε
1985 3425 2100 3494 puli
2149 3439 2380 3479 suorum
2417 3423 2807 3491 magistrorum
2864 3423 3051 3491 gratia)
3085 3421 3382 3476 dederunt.
3415 3420 3551 3474 Cum

299 3514 358 3566 δὲ
389 3515 520 3582 παρ’
547 3514 712 3567 αὑτοῦ
745 3516 846 3584 τὴν
879 3516 1180 3569 τελείωσιν.
1218 3516 1436 3586 Ἀτελὴς
1463 3517 1572 3587 γὰρ
1624 3517 1656 3585 ἡ
1720 3516 1878 3584 φύσις

303 3606 361 3656 ἐν
392 3602 473 3673 τῷ
505 3603 708 3673 πρώτῳ
741 3604 1018 3676 ἀνθρώπῳ
1052 3605 1343 3675 γενομένη,
1398 3607 1493 3660 καὶ
1544 3605 1738 3676 ἀτελὴς
1786 3605 1875 3674 ζῇν

301 3695 399 3746 καὶ
420 3693 616 3763 ἀτελὴς
653 3694 974 3764 καταλήγει,
1002 3696 1370 3766 προσδεομένη
1421 3695 1514 3749 τοῦ
1568 3695 1877 3751 τελειωτοῦ.

309 3788 406 3839 Ὃν
439 3787 531 3838 καὶ
555 3787 602 3838 οί
632 3787 690 3839 ὲν
715 3786 845 3857 ᾅδου
874 3787 1127 3852 ἐπόθουν,
1153 3789 1200 3840 οί
1240 3789 1334 3840 καὶ
1383 3788 1482 3859 τὴν
1523 3789 1780 3859 τελευτὴν
1825 3791 1882 3840 ἐν

303 3879 598 3944 ἐπιγνώσει
619 3878 718 3947 τῆς
761 3878 897 3942 ίδίας
920 3878 1128 3940 ἐνδείας
1149 3880 1561 3947 ὑπομείναντες.
1594 3878 1713 3932 Ἐπ’
1743 3879 1885 3948 ὠφε-

302 3969 422 4041 λεὲᾳ
446 3970 539 4023 οὖν
565 3970 626 4022 τὸ
647 3970 882 4025 ἀκοῦσαι
914 3970 982 4025 δι’
1006 3973 1070 4040 ἢν
1095 3971 1277 4023 αἰτίαν
1305 3972 1404 4024 οὐκ
1425 3971 1767 4041 ἐφικνοῦνται
1788 3972 1880 4024 τοῦ

303 4063 671 4131 προκειμένου
697 4062 925 4118 σκοποῦ.
965 4059 1056 4126 Ὠς
1095 4064 1188 4116 καὶ
1221 4063 1432 4126 Παῦλος
1454 4065 1613 4132 ἔγνω,
1642 4080 1882 4117 καταπο-

302 4149 565 4217 νούμενος
610 4150 748 4221 ὑπὲρ
773 4149 868 4203 τοῦ
923 4151 1000 4222 μὴ
1037 4152 1425 4222 μεγαλαυχεῖν.
1468 4152 1629 4222 Δηλοτ
1674 4152 1728 4205 δὲ
1775 4151 1883 4204 τῶν

215 4290 223 4300 ,
300 4238 490 4309 ψυχῶν
511 4241 570 4293 τὸ
587 4239 854 4294 ἀθάνατον
885 4242 966 4307 τὸ,
1009 4261 1027 4294 ι
1062 4245 1425 4314 Προστεθήτω
1455 4245 1592 4314 πρὸς
1635 4243 1724 4297 τὸν
1757 4244 1884 4296 λαὸν

301 4331 492 4387 αὐτοῦ.
531 4351 550 4384 ι
569 4333 710 4386 Λαὺν
734 4334 842 4405 γὰρ
876 4330 1014 4400 εἶναι
1045 4337 1138 4388 καὶ
1173 4336 1371 4398 αὐτῶν,
1404 4334 1479 4398 ὡς
1507 4335 1615 4388 τῶν
1638 4336 1877 4399 ζώντων.

302 4424 441 4477 Κατ’
467 4425 778 4495 οίκειότητα
798 4425 854 4478 δὲ
878 4425 1096 4496 τρόπων
1120 4426 1152 4496 ἠ
1186 4425 1458 4488 σύνταξις.
1491 4425 1601 4476 Καὶ
1631 4424 1880 4494 Λάζαρος

299 4516 412 4586 γὰρ
453 4515 510 4567 ὲν
541 4515 760 4579 κόλποις
799 4515 1080 4586 ’Δὸραάμο
1115 4517 1143 4567 ό
1167 4515 1224 4568 δὲ
1248 4515 1496 4579 πλούσιος
1540 4517 1727 4586 χωρὶς,
1756 4517 1877 4569 καί·

298 4621 385 4657 τοι
427 4605 650 4676 Πατέρα
687 4605 871 4659 καλῶν
896 4605 986 4658 τὸν
1023 4605 1297 4676 Ἀϐραάμ.

1984 3524 2178 3570 natura
2202 3517 2316 3582 ipsa
2344 3521 2446 3569 hoc
2474 3517 2693 3584 explere
2726 3531 2832 3569 non
2861 3517 3194 3584 potuissent.
3221 3514 3383 3583 Atqui
3413 3513 3556 3567 Dens

1985 3608 2127 3669 vult,
2158 3617 2219 3661 ut
2273 3617 2386 3661 tam
2429 3609 2537 3661 vivi
2582 3623 2743 3677 quam
2797 3609 3050 3661 morituri
3095 3622 3248 3660 suam
3312 3607 3554 3675 ipsorum

1983 3701 2304 3754 tenuitatem
2328 3707 2651 3769 agnoscant,
2678 3699 2744 3753 ab
2764 3699 2880 3768 ipso
2902 3713 3030 3752 vero
3056 3697 3446 3767 perfectionem
3466 3710 3558 3764 pe—

1983 3801 2120 3846 tant.
2159 3790 2347 3845 Manca
2373 3791 2575 3844 etenim
2604 3807 2666 3844 ac
2694 3790 3017 3860 imperfecta
3047 3790 3102 3842 in
3129 3788 3307 3858 primo
3330 3788 3558 3841 homine

1986 3884 2130 3938 facta
2160 3891 2243 3938 est
2275 3892 2496 3946 natura,
2525 3882 2957 3952 imperfectaqne
2985 3883 3142 3946 vivit,
3169 3892 3220 3934 et
3249 3895 3374 3934 esse
3411 3880 3556 3933 desi-

1983 3977 2083 4035 nit,
2123 3991 2187 4029 ac
2223 3976 2346 4044 ejus
2376 3974 2470 4044 qui
2508 3973 2788 4044 perfectus
2818 3983 2903 4028 est
2922 3988 3025 4044 ope
3043 3973 3279 4041 indiget,
3313 3986 3473 4040 quem
3496 3971 3552 4023 hi

1986 4067 2082 4136 qui
2119 4068 2262 4137 apud
2300 4066 2508 4122 inferos
2540 4066 2791 4128 fuerunt,
2825 4066 3236 4135 expetiverunt,
3265 4064 3555 4132 quietiam

1983 4157 2126 4210 diem
2156 4172 2316 4211 suum
2354 4156 2408 4210 in
2442 4156 2723 4225 agnitione
2767 4170 2880 4210 sua:
2927 4155 3246 4224 indigentia:
3276 4153 3553 4208 obierunt.

1985 4245 2332 4316 Quapropter
2359 4247 2493 4302 utile
2527 4256 2612 4302 est
2643 4246 2832 4300 audire
2875 4261 3040 4316 quam
3068 4246 3141 4299 ob
3165 4261 3394 4299 causam
3427 4259 3556 4298 seo-

1987 4354 2112 4408 pum
2132 4338 2410 4408 praefixum
2431 4353 2536 4391 non
2552 4332 3404 4407 assequantur,quemadmodum
3420 4334 3557 4388 Pau-

1989 4429 2074 4483 lus
2097 4444 2311 4499 quoque
2329 4428 2645 4495 confitetur,
2673 4445 2797 4484 cum
2829 4429 3037 4497 inquit,
3068 4443 3127 4482 se
3163 4430 3215 4481 in
3239 4427 3341 4480 hoc
3380 4434 3553 4478 totum

1988 4534 2114 4575 esse
2146 4528 2206 4574 ut
2248 4521 2636 4590 gloriationem
2674 4520 2757 4574 sui
2808 4526 3148 4589 compescat.
3175 4516 3292 4570 Prae
3349 4532 3408 4571 se
3453 4515 3557 4570 fert

2008 4621 2188 4666 autem
2234 4613 2542 4666 animorum
2579 4610 3042 4665 immortalitatem
3089 4611 3190 4664 hoc
3215 4610 3358 4679 quod
3393 4608 3552 4663 dixit:

306 4715 326 4747 ε
365 4696 672 4766 Colligatur
712 4696 780 4752 ad
818 4697 1080 4767 populum
1114 4713 1299 4754 suum.
1352 4715 1370 4748 ι
1420 4696 1687 4768 Populum
1739 4698 1885 4752 enim
1923 4715 2047 4756 esse
2088 4717 2154 4758 ac
2189 4718 2312 4757 eum
2344 4719 2410 4758 ex
2436 4703 2745 4757 viventibus
2784 4710 3040 4756 constare
3114 4701 3284 4771 ﬁgura
3352 4702 3557 4754 oratio-

301 4793 390 4848 nis
427 4789 727 4862 Scriptura:
753 4790 1010 4845 familiari
1046 4790 1346 4845 indicatur.
1403 4789 1539 4844 Nam
1605 4798 1660 4845 et
1715 4788 1954 4847 Lazarus
1995 4793 2047 4846 in
2077 4794 2200 4849 sinu
2234 4793 2461 4849 Abrahae
2481 4807 2602 4849 esse
2633 4793 2860 4847 dicitur.
2881 4791 3043 4848 Dives
3072 4806 3201 4847 vero
3226 4801 3379 4847 extra
3407 4807 3554 4856 eum,

299 4885 657 4956 quantumvis
685 4892 897 4954 patrem
935 4883 1215 4938 invocaret
1248 4883 1546 4938 Abraham.

371 4999 464 5069 Τῷ
493 4997 958 5070 πρεσϐυτέρῳτοῦ
977 4997 1171 5066 γένους
1213 4997 1538 5067 παρέπεμψε
1567 4997 1666 5068 τὴν
1705 4997 1880 5052 διαδο-
1912 4981 1956 5036 Ῐ)

1872 4981 1956 5040 ιι)
2058 4996 2326 5052 Caeterum
2361 4995 2566 5050 seniori
2612 4995 2832 5064 generis
2885 4998 3293 5050 successionem
3332 4996 3557 5048 commi-

298 5091 425 5162 χήν,
455 5089 800 5160 Τιμιώτερον
830 5090 942 5160 γὰρ
972 5090 1134 5157 φύσει
1163 5089 1224 5141 τὸ
1255 5089 1645 5159 πρεσϐύτερον,
1692 5091 1741 5142 εί
1799 5091 1875 5160 μή

295 5196 350 5231 τι
381 5178 480 5246 τὴν
510 5178 576 5229 ἐκ
601 5177 818 5245 φύσεως
847 5177 1127 5248 ἐμποδίζοι
1156 5177 1343 5246 τιμὴν,
1363 5177 1437 5239 ὡς
1455 5178 1546 5228 ἐπὶ
1571 5177 1662 5229 τοῦ
1705 5177 1875 5231 Ἢσαῦ

295 5266 517 5323 καὶτοῦ
546 5268 839 5337 Μανασσῆ.
886 5267 1003 5336 Ἐφ’
1049 5261 1124 5323 ὧν
1162 5267 1257 5320 καὶ
1296 5268 1345 5319 οἱ
1377 5266 1535 5319 τύποι
1572 5267 1679 5319 τῶν
1734 5267 1878 5320 λαῶν

293 5360 515 5426 οἰκείως
577 5361 1002 5415 ὑποτυποῦνται.
1045 5360 1107 5412 Ei
1158 5359 1213 5412 δὲ
1239 5359 1538 5429 προαχθείη
1579 5376 1632 5412 τι
1669 5360 1757 5413 διὰ
1818 5361 1879 5412 τὸ

374 5542 418 5572 ⁸⁸
445 5539 772 5605 Deut.xxvu,
805 5540 862 5607 7,
887 5539 942 5594 8.
1021 5543 1063 5573 "
1092 5539 1264 5595 Exod.
1298 5555 1375 5604 ιιι,
1411 5539 1464 5594 8.

1991 5092 2083 5152 sit,
2109 5099 2298 5142 natura
2326 5087 2470 5141 enim
2505 5089 2881 5156 praestantius,
2908 5087 3052 5155 quod
3079 5095 3236 5141 aetate
3258 5088 3433 5155 majus
3449 5099 3552 5152 est,

1985 5182 2030 5235 si
2050 5195 2152 5233 non
2175 5177 2376 5246 aliquid
2407 5181 2708 5232 naturalem
2738 5179 3052 5246 dignitatem
3075 5178 3552 5247 impediat,quem-

1984 5270 2273 5323 admodum
2328 5281 2491 5334 super
2532 5266 2670 5320 Esau
2730 5278 2783 5322 et
2819 5269 3074 5320 Manasse
3113 5270 3402 5329 accidit,in
3434 5272 3555 5338 qni-

1987 5361 2087 5414 bus
2139 5358 2249 5429 typi
2283 5358 2605 5427 populorum
2638 5373 2744 5412 usu
2773 5358 3028 5412 familiari
3053 5360 3373 5415 redduntur.
3398 5359 3550 5426 Quod

1791 5670 2022 5728 ΝΟΤᾹΞ.

382 5799 516 5866 (ῖίθ)
563 5795 708 5850 Ἀντὶ
747 5795 853 5850 τῶν
894 5792 1200 5865 ἑπόμητάδε
1235 5792 1345 5862 ἔχει
1370 5791 1511 5861 ὁτῆς
1560 5791 1694 5858 Δὺγ.
1743 5790 1872 5844 κὼδ.
1912 5807 1923 5820 ο
1971 5787 2042 5858 μὴ
2068 5787 2122 5840 τὸ
2156 5789 2308 5856 γένος
2348 5789 2648 5858 ἀρνεῖσθαι,
2675 5793 2774 5844 κᾶν
2801 5791 2980 5860 ἀδικῇ.
