4266 6446
759 355 864 415 855
2089 355 2438 416 PROCOPII
2478 355 2722 415 GAZEI
3908 362 4018 427 856

756 466 802 519 si
832 474 1012 516 autem
1046 462 1175 530 quid
1210 461 1540 531 productum
1591 463 1756 517 fuerit
1810 464 1933 533 ejus
1983 465 2156 533 gratia
2188 465 2336 534 quod
2365 474 2412 529 Α

2330 467 2336 517 l
2365 474 2412 529 Α
2443 466 2635 534 μέλλον
2660 444 2901 530 ἔσεσθαι,
2928 464 3003 528 ὡς
3031 467 3059 519 ὀ
3087 466 3287 535 κόσμος
3325 465 3431 536 πρὸ
3481 466 3774 536 ἀνθρώπου
3821 471 3915 521 καὶ
3945 472 4015 522 τὰ

758 564 944 624 postea
978 553 1224 607 futurum
1257 564 1397 619 erat,
1430 570 1559 608 num
1585 557 1938 626 praestantius
1968 569 2188 624 quoque
2219 554 2333 610 fue-
2442 593 2443 602 η

2442 555 2633 623 ἄλογα,
2662 556 2723 609 οὐ
2752 558 3124 627 προτιμότερα
3141 555 3316 610 ταῦτα
3345 558 3456 610 τῶν
3493 558 3561 610 δι’
3592 557 3628 610 ἃ
3673 560 3885 626 γέγονε.
3913 559 4023 610 Φύ-

758 649 826 698 rit
857 648 880 698 ?
909 648 1074 700 veluti
1110 648 1348 701 mundus
1384 658 1438 701 ct
1465 649 1624 700 bruta
1659 663 1782 717 quae
1823 649 2049 702 homine
2107 647 2332 702 fuerunt
2441 675 2443 687 ‹

2006 663 2049 702 te
2107 647 2332 702 fuerunt
2441 665 2522 701 σει
2552 651 2660 719 γὰρ
2690 649 2862 702 ταῦτα
2891 649 3216 720 τιμιώτερα,
3241 653 3290 702 εἰ
3329 652 3423 703 καὶ
3444 650 3691 718 δεύτερα.

756 741 937 808 priora
968 740 991 793 ?
1022 739 1262 801 Minime,
1306 756 1416 793 non
1456 742 1602 793 enim
1637 742 2032 796 excellentiora
2082 757 2144 798 ea
2194 752 2322 796 sunt
2362 742 2430 797 iis
2461 753 2682 812 propter
2726 759 2846 814 quae
2873 753 3002 799 sunt
3034 742 3200 810 facta,
3255 744 3388 813 quin
3419 726 3819 799 venerabiliora
3883 756 4016 800 sunt

752 836 869 889 hate
909 844 1108 888 natura
1149 835 1252 889 etsi
1293 836 1622 904 posteriora.

827 974 1153 1027 Porromors
1181 972 1486 1028 sacerdotis
1509 972 1671 1044 415
1699 988 1804 1027 non
1836 981 1919 1029 est
1944 975 2203 1035 obscura,
2224 971 2678 1042 quemadmodum
2709 987 2805 1026 nec
2850 985 2917 1025 ao
2945 972 3322 1029 sacerdotium
3342 975 3714 1043 inauguratio.
3737 972 4012 1028 Praeclara

750 1063 898 1114 enim
931 1071 983 1112 et
1014 1061 1375 1130 suspicienda
1411 1076 1498 1114 res
1531 1061 1902 1115 sacerdotium
1933 1071 2038 1124 est,
2069 1063 2126 1114 in
2149 1076 2258 1132 quo
2299 1059 2481 1114 omnia
2510 1059 2744 1111 illustrat
2777 1056 2947 1117 Deus,
2987 1067 3042 1111 et
3073 1059 3406 1126 principium
3435 1101 3449 1123 ,
3484 1070 3536 1112 et
3566 1061 3726 1112 ﬁnem
3753 1104 3766 1126 ,
3797 1069 3854 1113 et
3882 1076 4014 1114 suc-

750 1164 989 1201 cessum.
1019 1148 1157 1200 Dicit
1187 1148 1330 1201 enim
1368 1165 1380 1200 :
1421 1167 1438 1199 ι
1469 1148 1639 1202 Nemo
1662 1150 1914 1203 accendit
1937 1149 2214 1204 lucernam
2247 1159 2301 1202 et
2329 1149 2384 1201 in
2418 1145 2744 1201 abscondito
2771 1146 2946 1215 ipsam
2982 1147 3242 1208 collocat,
3276 1147 3370 1201 sed
3400 1163 3567 1215 super
3588 1149 4008 1212 candelabrum,

751 1253 859 1303 quo
890 1250 1080 1311 omnes
1106 1243 1377 1305 quotquot
1414 1236 1797 1306 ingrediuntur
1825 1238 2004 1290 lumen
2036 1238 2282 1305 aspicere
2306 1245 2508 1304 queant
2534 1235 2619 1286 "'.
2646 1252 2664 1284 ι
2698 1234 2851 1302 Apud
2877 1233 3073 1287 Isaiam
3103 1234 3233 1287 item
3262 1234 3439 1302 inquit
3470 1253 3483 1288 :
3523 1253 3541 1284 ι
3579 1234 3754 1298 Super
3771 1246 4012 1288 montem

749 1327 1027 1378 excelsum
1060 1325 1364 1378 conscende
1395 1331 1450 1376 tu
1481 1325 1572 1393 qui
1608 1325 1756 1377 Sioni
1786 1326 1908 1378 lteta
1940 1325 2236 1378 denuntias
2272 1325 2335 1376 ".
2381 1340 2399 1373 ι
2446 1322 2521 1374 Ita
2564 1321 2732 1376 etiam
2773 1319 3041 1375 Dominus
3073 1319 3225 1374 solus
3261 1320 3378 1389 ipse
3414 1335 3597 1374 secum
3629 1322 3763 1391 egit,
3792 1323 4013 1390 quando

750 1414 1004 1482 spiritum
1039 1428 1065 1464 a
1099 1427 1332 1480 corpore
1371 1427 1630 1481 separare
1669 1413 1940 1467 voluerat.

819 1556 988 1609 Porro
1029 1570 1154 1609 cum
1210 1555 1573 1623 prazrogativa
1633 1556 1853 1621 generis
1910 1554 2108 1624 inlege
2138 1553 2324 1608 carnis
2359 1559 2397 1612 Β
2494 1548 2504 1565 ’

2323 1591 2324 1597 η
2359 1559 2397 1612 Β
2494 1548 2603 1616 Τῆς
2630 1547 2686 1599 δὲ
2711 1546 2851 1598 κατὰ
2880 1547 3037 1612 γένος
3057 1546 3221 1614 τιμῆς
3253 1545 3546 1614 ἰσχυούσης
3576 1547 3668 1597 ἐπὶ
3717 1544 3811 1597 τοῦ
3870 1563 4008 1615 σαρ-

748 1649 944 1710 valeat,
980 1647 1208 1716 spiritus
1253 1660 1473 1714 quoque
1508 1646 1562 1699 in
1621 1647 1894 1714 spirituali
1938 1647 2094 1700 cultu
2138 1646 2324 1712 valet;
2429 1656 2433 1689 τ

2429 1637 2585 1690 κικοῦ
2619 1638 2806 1706 νόμου,
2840 1637 2872 1705 ή
2905 1641 3045 1687 κατὰ
3081 1635 3298 1703 πνεῦμα
3344 1635 3436 1685 ἐπὶ
3485 1634 3584 1701 τῆς
3631 1636 4013 1701 πνευματικῆς

749 1753 963 1792 morum
1010 1737 1156 1791 enim
1207 1735 1514 1795 similitudo
1576 1736 1627 1787 in
1689 1749 1888 1806 genere
1923 1736 2328 1806 quodammodo
2429 1735 2434 1775 ⁴

2323 1760 2328 1785 ›
2429 1730 2736 1792 θεοσεϐείας
2771 1728 2966 1798 ἰσχύει,
3001 1726 3192 1796 ὥσπερ
3215 1727 3403 1793 γένους
3436 1727 3587 1788 ὕντος
3632 1727 3730 1792 τῆς
3775 1727 4008 1793 ὁμοτρο-

746 1839 848 1895 est,
874 1833 1016 1884 sicut
1044 1829 1165 1898 ejus
1193 1828 1272 1880 rei
1301 1827 1526 1898 ﬁguram
1559 1829 1699 1896 gerit
1727 1829 1858 1882 illud
1884 1828 2030 1897 quod
2048 1829 2323 1886 Abraham
2429 1842 2431 1852 ί

2429 1821 2580 1883 πίας.
2648 1819 2734 1882 Ὠς
2775 1814 2916 1870 εἶναι
2967 1817 3159 1869 τούτου
3189 1816 3359 1868 τύπον
3409 1818 3606 1876 ἐκεῖνο,
3661 1814 3797 1866 καθὸ
3828 1814 4013 1883 πατὴρ

747 1932 903 1992 pater
935 1930 1123 1977 noster
1157 1919 1281 1975 ﬁdei
1310 1919 1670 1976 similitudine
1695 1921 1931 1976 exsistit.
2427 1933 2432 1944 ‘

2427 1913 2586 1985 ἡμῶν
2623 1911 2875 1982 Ἀϐραὰμ
2909 1912 3151 1971 πίστεως
3202 1909 3508 1978 ὁμοιότητι.
3579 1909 3686 1960 Καὶ
3735 1907 3893 1959 τοῦτο
3936 1907 4014 1958 δι-

2427 2005 2708 2076 καιότερόν
2742 2021 2799 2058 τε
2828 2005 2921 2057 καὶ
2953 2003 3324 2074 ἰσχυρότερον,
3348 2001 3424 2064 ὡς
3473 2002 3566 2053 κα)⁵
3589 2000 3770 2069 ψυχῆς
3805 2000 4009 2067 ὑγίεια,

2427 2097 2746 2167 σωματικῆς
2774 2096 3123 2166 τιμιώτερον.

816 2185 958 2251 Quin
999 2186 1164 2239 etiam
1187 2184 1325 2240 stola
1351 2184 1658 2254 spiritualis
1679 2183 1889 2238 carnali
1921 2195 2106 2250 exuta,
2126 2185 2324 2240 animae
2495 2191 2501 2242 1

2323 2212 2324 2233 1
2495 2188 2664 2260 Στολὴ
2695 2186 3081 2257 πνευματικὴ,
3116 2187 3216 2254 τῆς
3256 2185 3577 2255 σωματικῆς
3623 2183 4008 2253 ἀφῃρημένης,

742 2277 998 2346 congruit
1029 2291 1060 2329 a
1112 2292 1344 2348 corpore
1390 2289 1440 2331 et
1469 2278 1854 2346 corporalibus
1897 2276 2207 2333 defectibus
2238 2293 2324 2334 se-
2424 2314 2427 2332 .

2424 2284 2655 2356 ἁρμόζει
2685 2284 2832 2354 ψυχῇ
2861 2281 3205 2353 χωριζομένη
3233 2282 3328 2334 τοῦ
3367 2281 3637 2351 σώματος,
3664 2281 3759 2332 καὶ
3784 2280 3892 2333 τῶν
3927 2279 4015 2329 ὲν-

737 2371 963 2440 junctae,
1024 2376 1362 2440 quapropter
1422 2370 1674 2425 terrestri
1741 2371 1981 2425 tentorio
2033 2369 2215 2424 diruto
2263 2371 2319 2426 in

2423 2377 2615 2430 τεῦθεν
2644 2376 3066 2445 ἐλαττωμάτων.
3109 2375 3202 2428 Διὸ
3251 2375 3345 2429 καὶ
3400 2375 3556 2428 ποθεί
3601 2373 3662 2426 τὸ
3694 2375 4010 2443 οἰκητήριον

740 2462 965 2515 emteste
991 2460 1334 2514 domicilium
1371 2459 1558 2514 subire
1603 2474 1824 2530 quoque
1863 2459 2162 2516 desiderat.
2196 2461 2358 2516 Non'

2349 2474 2358 2483 '
2428 2468 2898 2524 ἑπενδύσασθαιτὸ
2921 2468 2980 2534 ἐξ
3018 2468 3275 2540 οὐρανοῦ,
3311 2468 3582 2537 λυομένης
3618 2467 3718 2535 τῆς
3765 2465 4008 2532 ἐπιγείου

739 2553 960 2621 quidem
994 2561 1052 2606 ut
1079 2567 1315 2622 corpore
1361 2552 1623 2606 reddatur
1664 2552 1832 2617 nuda,
1870 2567 1971 2607 nec
2004 2554 2150 2608 enim
2179 2551 2323 2608 Pau-

2429 2561 2665 2630 σκηνῆς·
2703 2561 2800 2630 οὐχ
2855 2559 2995 2613 ὥστε
3037 2559 3222 2631 γυμνὴ
3247 2559 3498 2629 σώματος
3527 2557 3804 2627 γενέσθαι,
3867 2556 4012 2609 καθὰ

740 2648 828 2700 lus
891 2646 1032 2700 idem
1075 2647 1265 2708 sentit,
1306 2646 1399 2700 sed
1438 2653 1495 2698 ut
1527 2645 1777 2715 corporis
1804 2658 1974 2700 onere
2011 2645 2318 2714 liberetur;

2427 2654 2504 2723 τῷ
2526 2653 2725 2724 Παύλῳ
2747 2653 2915 2717 δοκεῖ,
2957 2654 3092 2708 ἀλλὰ
3107 2653 3201 2706 τοῦ
3221 2652 3536 2725 βαροῦντος.
3579 2651 3670 2704 Διὸ
3694 2653 3789 2703 καὶ
3821 2651 4013 2704 στενά-

739 2745 961 2809 propter
992 2753 1134 2792 onus
1165 2739 1312 2792 enim
1341 2739 1631 2808 gemimus,
1663 2738 1842 2807 inquit
1870 2739 1933 2794 ⁸⁷.

1227 2739 1312 2791 tim
1341 2739 1631 2808 gemimus,
1663 2738 1842 2807 inquit
1870 2739 1933 2794 ".
2429 2742 2596 2814 ζομεν
2622 2743 2700 2815 τῷ
2732 2742 2912 2815 βάρει.

808 2871 1075 2926 Caeterum
1109 2871 1161 2924 in
1194 2878 1378 2924 monte
1410 2870 1720 2924 moriuntur
1746 2867 1927 2924 Moses
1957 2878 2011 2924 et
2041 2869 2246 2934 Aaron,
2280 2885 2346 2926 ac
2376 2873 2430 2928 in
2459 2875 2638 2946 ﬁgura
2675 2892 2775 2932 ceu
2804 2878 3021 2932 animas
3046 2877 3100 2931 in
3141 2878 3314 2931 altum
3343 2876 3579 2932 subduci
3611 2876 3877 2931 indicant.
3913 2875 4012 2930 Est

736 2977 867 3015 vero
909 2961 1218 3014 differentia
1283 2961 1337 3013 in
1398 2961 1523 3023 hoc,
1578 2961 1725 3028 quod
1763 2960 1902 3012 alter
1949 2960 2328 3031 longinquius,
2393 2964 2553 3019 alter
2613 2967 2842 3036 propius
2879 2975 3039 3021 terrae
3088 2978 3289 3021 sanctae
3342 2968 3599 3021 moritur.
3629 2965 3809 3020 Moses
3860 2966 4010 3018 enim

736 3051 929 3104 virtuti
963 3048 1070 3103 fuit
1103 3050 1320 3102 vicinus
1356 3049 1552 3116 magis.
1597 3050 1852 3116 quamvis
1883 3047 2198 3102 difﬁdentia:
2245 3065 2410 3119 super
2454 3066 2596 3120 aqua
2642 3055 2960 3110 commissae
2988 3055 3159 3125 culpa.
3194 3056 3489 3110 ambormn
3534 3070 3630 3124 par
3657 3053 3847 3108 fuerit.
3884 3052 4008 3106 Non

734 3139 884 3192 etiim
919 3137 1223 3192 secundum
1267 3137 1499 3206 partem,
1529 3135 1624 3189 sed
1657 3133 1962 3189 secundum
1993 3141 2166 3188 totum
2193 3134 2454 3198 iudicium
2490 3140 2614 3196 ﬁeri
2661 3143 2846 3198 debet.

807 3251 1084 3324 Injudicii
1145 3264 1275 3304 vero
1343 3257 1550 3304 sortem
1599 3256 1817 3318 tempus
1871 3262 2092 3317 quoque
2146 3248 2388 3315 cadit,c

2343 3257 2388 3315 C
2491 3253 2746 3321 Κρίσεως
2768 3256 2861 3308 καὶ
2891 3257 2920 3308 ὁ
2951 3255 3165 3327 χρόνος,
3194 3257 3337 3310 κατὰ
3369 3256 3470 3326 τὴν
3517 3255 3674 3321 ἀξίαν
3724 3258 4006 3328 ἐπαγομέ-

733 3349 897 3418 cujus
931 3345 1146 3400 ratione
1181 3357 1279 3411 pro
1312 3341 1584 3410 dignitate
1631 3339 1907 3410 cujusque
1939 3353 2087 3393 mors
2117 3347 2201 3394 est
2232 3341 2316 3392 in-

2429 3358 2518 3394 νου
2547 3341 2779 3396 Θανάτου
2800 3343 2994 3418 πρώτῃ
3043 3347 3140 3415 μὲν
3170 3349 3236 3416 τῇ
3273 3347 3527 3418 Μαριὰμ,
3559 3347 3798 3418 δευτέρῳ
3842 3349 3900 3400 δὲ
3931 3348 4011 3418 τῷ

733 3449 912 3506 vecta,
949 3440 1129 3510 primo
1167 3435 1386 3507 quidem
1419 3431 1622 3491 Mariae.
1657 3431 1903 3486 secundo
1929 3446 2062 3485 vero
2087 3430 2315 3498 Aaroni,

2443 3433 2675 3504 Ἀαρὼν,
2701 3436 2871 3506 τρίτῳ
2916 3437 2972 3489 δὲ
3000 3437 3078 3507 τῷ
3107 3439 3350 3491 Μωῦσεῖ.
3394 3439 3611 3510 Ἐπειδὴ
3658 3443 3751 3494 καὶ
3797 3459 4010 3510 μακρο-

733 3537 895 3592 tertio
949 3534 1183 3602 denique
1239 3527 1434 3599 Moysi,
1491 3525 1764 3595 siquidem
1826 3524 2041 3580 dierum
2097 3539 2320 3594 quoque

2427 3525 2633 3596 ημερία
2671 3526 2860 3595 μισθὸς
2894 3529 3094 3599 ἀρετῆς
3112 3529 3290 3582 ἔκειτο
3315 3531 3453 3583 κατὰ
3474 3531 3566 3583 τὸν
3598 3533 3782 3600 νόμον.
3811 3533 4010 3603 Πρώτη

733 3627 1019 3700 longitudo
1052 3624 1337 3696 praemium
1375 3621 1603 3674 virtutis
1643 3621 1696 3674 in
1732 3621 1850 3689 lege
1879 3628 1963 3674 est
1986 3621 2315 3674 constituta.

2425 3614 2519 3667 οὖν
2560 3616 2791 3689 τελευτᾷ
2849 3621 2882 3688 ἡ
2930 3620 3316 3690 ἑπιτιςιηθεῖσα
3369 3621 3569 3690 μᾶλλον
3614 3622 3699 3691 ἐφ’
3744 3617 3824 3686 οἷς
3865 3624 4012 3676 κατὰ

733 3725 915 3778 Primo
975 3720 1140 3791 igitur
1169 3716 1300 3772 fatis
1335 3715 1663 3786 defungitur
1699 3729 1762 3768 ea
1804 3729 1924 3783 qua:
1965 3714 2090 3783 plus
2121 3728 2320 3784 reprae-

2418 3707 2697 3769 Μωῦσέως
2724 3709 3015 3780 ἐτόλμησε.
3057 3710 3097 3763 Γ
3101 3712 3282 3764 υναικὶ
3315 3713 3425 3781 γὰρ
3455 3712 3655 3780 μᾶλλον
3681 3713 3824 3784 ἥπερ
3848 3713 4008 3784 ἀνδρὶ

732 3817 1016 3874 hensionis
1039 3815 1330 3878 habuerat,
1355 3826 1421 3866 co
1438 3809 1586 3881 quod
1615 3820 1806 3862 contra
1837 3807 2023 3863 Mosen
2055 3808 2316 3877 quiddam

2417 3799 2478 3852 τὸ
2504 3801 2714 3869 σιωπᾷν
2743 3818 2801 3854 τε
2821 3802 2916 3855 καὶ
2953 3802 3270 3875 μετριάζειν
3308 3807 3599 3876 προσήκει.
3650 3806 3920 3859 Ἑλάττων
3949 3807 4007 3860 δὲ

728 3927 860 3966 ausa
889 3910 1091 3964 fuerat.
1133 3905 1304 3975 Magis
1331 3904 1474 3958 enim
1503 3913 1708 3964 tacere,
1743 3915 1808 3954 ac
1835 3899 2124 3954 moderate
2154 3913 2319 3969 agere

1778 3915 1808 3954 c
1835 3899 2124 3954 moderate
2154 3913 2319 3969 agere
2419 3891 2700 3964 προδήλως
2722 3893 2815 3947 τοῦ
2840 3894 3118 3959 Μωῦσέως
3146 3896 3176 3949 ὁ
3219 3895 3461 3968 Ἀαρὼν.

727 4006 988 4061 feminam
1020 4015 1184 4072 quam
1228 3998 1406 4052 virum
1439 3999 1616 4052 decet.
1656 3994 1830 4050 Porro
1870 3993 2101 4048 inferior
2133 3994 2312 4061 palam

726 4102 873 4155 Mose
901 4099 1083 4152 Aaron
1115 4093 1240 4157 fuit,
1302 4105 1477 4161 quare
1535 4090 1781 4145 secundo
1807 4087 2008 4141 merito
2047 4085 2308 4140 moritur.

796 4189 863 4243 Et
897 4185 1100 4241 audivit
1149 4182 1484 4239 Chauamcus
1521 4195 1614 4233 rea:
1662 4177 1836 4244 Arad,
1875 4186 1984 4232 etc.
2039 4173 2310 4248 [XXLL]

2491 4178 2602 4233 Καὶ
2668 4177 2939 4249 ἤκουσεν
2979 4185 3014 4237 ὁ
3061 4183 3400 4251 Χαναναῖος
3441 4185 3744 4255 ,βασιλεὺς
3798 4191 4003 4259 Ἀράδ.

722 4285 898 4339 Eccur
922 4295 1053 4336 vero
1073 4277 1310 4350 populus
1337 4276 1427 4331 ille
1449 4275 1542 4345 qui
1566 4270 1904 4345 profectione
1927 4278 2121 4325 contra
2139 4267 2310 4325 Deum

2421 4268 2546 4334 Πῶς
2571 4272 2600 4324 ὁ
2623 4272 2690 4343 τῇ
2745 4273 2887 4326 κατὰ
2914 4271 3048 4327 Θεὸν
3074 4275 3486 4348 ἐναντιούμενος
3510 4281 3706 4351 πορεεᾳ
3728 4282 3824 4334 καὶ
3843 4284 4006 4336 πολε-

723 4378 939 4436 nititur,
1000 4381 1053 4427 et
1117 4371 1420 4441 prreliatur,
1476 4380 1528 4423 et
1565 4367 1755 4437 praelio
1798 4361 2308 4428 vincitYQuoniam

2421 4364 2514 4433 μεί
2537 4362 2631 4416 καὶ
2652 4365 2818 4435 νικᾷς
2849 4365 3082 4420 Ὅτιδιά
3124 4366 3304 4422 πόνων
3357 4370 3414 4422 αἱ
3461 4372 3860 4442 κατορθώσειςο
3908 4376 4006 4429 καὶ

719 4471 939 4525 vexatio
988 4467 1069 4534 (ut
1102 4465 1285 4534 vulgo)
1341 4463 1434 4516 dat
1489 4461 1852 4523 intellectum,
1901 4467 1956 4516 et
1983 4456 2308 4512 afflictioues

1983 4456 2308 4512 afﬂictioues
2415 4454 2553 4528 πρὸς
2579 4455 2712 4510 Θεὸν
2740 4457 3063 4528 ἐπιστρέφει
3083 4459 3143 4512 τὸ
3176 4461 3406 4531 πάσχειν
3429 4463 3643 4526 κακῶς.

719 4565 786 4618 ad
815 4563 982 4616 Deum
1011 4565 1362 4618 convertunt,
1387 4555 1848 4625 quemadmodum
1877 4554 1980 4608 hoc
2002 4552 2147 4622 quod
2174 4560 2298 4606 vota
2337 4549 2446 4604 Deo
2473 4560 2814 4620 nuncupant,
2867 4559 3032 4620 patet,
3074 4554 3329 4623 quodque
3369 4557 3475 4609 voti
3531 4555 3667 4609 ﬁunt
3693 4539 4003 4627 compotes,

718 4654 865 4722 quod
898 4651 1100 4706 factum
1144 4666 1210 4704 eo
1249 4648 1395 4717 quod
1417 4646 1614 4714 impios
1645 4645 1820 4698 solum
1858 4643 2078 4698 vincere
2108 4641 2330 4704 vellent,
2361 4640 2685 4709 lucrumque
2713 4655 2820 4695 non
2855 4651 3157 4712 captarent.
3219 4644 3391 4699 Porro
3422 4647 3745 4701 vocabulum
3789 4647 4006 4706 [larem

717 4743 1007 4797 donarium
1033 4741 1135 4793 hoc
1172 4754 1267 4793 seu
1296 4736 1582 4791 anathema
1611 4742 1887 4803 perpetua:
1918 4733 2198 4788 memoria.-
2230 4735 2541 4786 consecrat.
2573 4726 2669 4784 Est
2690 4729 2820 4784 item
2853 4731 3070 4800 signum
3110 4731 3336 4801 iustitiae
3363 4734 3557 4790 divina:
3586 4743 3751 4803 atque
3806 4749 4006 4808 poten-

719 4835 825 4894 tim,
856 4841 908 4887 et
936 4831 1156 4898 pietatis
1186 4841 1375 4882 eorum
1410 4827 1502 4895 qui
1537 4825 1784 4878 fecerunt
1818 4834 2026 4875 velum.

786 4963 856 5018 Et
889 4962 1109 5016 immisit
1145 4959 1402 5012 Dominus
1433 4958 1485 5008 in
1508 4956 1761 5024 populum
1817 4963 2102 5023 serpentes.
2133 4942 2236 5026 [6.]
2272 4954 2390 5008 Non
2423 4954 2665 5024 amplius
2701 4953 2771 5009 ad
2813 4961 3018 5010 terram
3054 4964 3305 5011 sanctam
3352 4959 3718 5022 contendunt,
3777 4973 4001 5034 propter

713 5051 1072 5108 déﬁidentiazn
1103 5049 1266 5118 cujus
1301 5047 1520 5100 nomine
1541 5053 1670 5098 sunt
1700 5044 2076 5108 condemnati,
2106 5059 2295 5098 verum
2336 5059 2366 5097 a
2397 5051 2556 5113 tergo
2623 5042 2925 5097 Idumaeam
2962 5044 3244 5113 regionem
3303 5059 3615 5116 pererrant.
3676 5050 4009 5107 Dilabuntur

713 5144 859 5199 enim
889 5157 980 5196 res
1011 5154 1208 5195 omnes
1241 5153 1363 5207 qua:
1392 5137 1532 5189 citra
1561 5135 1730 5188 Deum
1789 5134 2180 5195 instituuntur.
2236 5129 2704 5203 quemadmodum
2760 5130 2869 5184 vita
2922 5145 3143 5201 quoque
3186 5132 3304 5202 ipsa
3363 5144 3586 5205 propter
3637 5136 4000 5194 diﬁidcntiain

717 5232 1034 5285 resolvitur.
1070 5230 1147 5280 Ac
1174 5226 1225 5279 lii
1252 5226 1345 5296 qui
1375 5224 1515 5279 bona
1552 5223 1919 5292 capessebant
1951 5223 2126 5291 prius,
2163 5223 2330 5276 animi
2360 5221 2682 5277 infirmitate
2713 5222 2960 5288 superati
2992 5235 3269 5278 aerumnas
3300 5223 3605 5291 perferunt.
3634 5231 4008 5290 Quemadmo-

711 5321 841 5372 dum
871 5317 1045 5371 Adam
1074 5329 1317 5382 quoque.
1345 5328 1470 5366 cmn
1509 5309 1832 5364 mandatum
1861 5309 2247 5379 prateriisset,
2283 5324 2348 5363 ex
2387 5311 2671 5379 voluptate
2714 5309 2767 5362 in
2794 5309 3038 5363 laborem
3062 5318 3148 5365 est
3185 5313 3510 5366 translatus.
3544 5314 3710 5381 Atqui
3745 5314 4004 5383 improbe

714 5416 939 5478 agentes
963 5403 1201 5474 deprimi
1250 5415 1480 5454 necesse
1508 5408 1594 5454 est
1624 5415 1637 5462 ;
1681 5413 1807 5453 cum
1843 5397 1990 5451 enim
2024 5394 2138 5451 Deo
2163 5399 2524 5466 ogganniunt,
2569 5398 2673 5453 sibi
2704 5399 2839 5467 ipsis
2865 5399 3196 5467 supplicium
3239 5409 3558 5455 accersunt.
3594 5402 3762 5470 quue
3798 5404 3843 5455 si
3879 5403 4009 5471 quis

707 5496 777 5551 ad
809 5497 894 5550 sui
918 5493 1289 5549 eruditionem
1319 5489 1548 5559 arripiat
1577 5489 1723 5542 houo
1763 5502 1890 5542 esse
1942 5496 2148 5554 potest,
2181 5497 2238 5539 ut
2270 5487 2324 5540 in
2359 5487 2543 5556 seipso
2574 5500 2798 5540 omnem
2845 5487 3090 5556 culpam,
3122 5487 3291 5558 inque
3348 5488 3460 5544 Deo
3501 5490 3709 5543 nullam
3747 5491 4008 5545 residere

713 5591 976 5655 agnoscat
1007 5582 1259 5636 videlicet
1290 5597 1301 5633 ;
1329 5582 1404 5633 Ac
1439 5577 1607 5632 Deum
1634 5576 1861 5648 quidem
1891 5576 2020 5629 mali
2050 5591 2162 5630 non
2188 5589 2493 5646 auctorem,
2522 5576 2621 5636 sed
2668 5575 2853 5634 omnis
2876 5577 3144 5635 bonitatis
3170 5593 3292 5636 esse
3321 5579 3552 5638 fontem.
3583 5581 3765 5652 Atque
3788 5596 3853 5635 ea
3897 5582 4012 5637 illis

773 5804 845 5834 ’θ’
877 5801 1012 5858 Luc.
1051 5815 1123 5866 xi,
1158 5800 1244 5855 35.
1330 5800 1370 5829 ¹υ
1397 5798 1499 5853 lsa.
1535 5815 1618 5862 χι,
1651 5799 1703 5852 9.
1786 5796 1825 5826 ¹⁷
1865 5795 1904 5851 Il
1932 5796 2057 5852 Cor.
2095 5811 2165 5860 ι’,
2207 5794 2263 5848 '2.
