4266 6446
292 354 395 420 857
1356 359 1887 420 COMMENTARII
1929 361 2011 420 IN
2051 360 2434 420 NUMEROS.
3462 369 3568 428 858

293 474 665 535 obvenerunt,
684 471 833 541 quod
863 480 986 542 post
1009 479 1091 527 tot
1122 472 1515 530 beneﬁciorum
1541 475 1915 544 experimenta
1936 474 2240 542 divinaque
2265 473 2535 526 alimoniae
2557 473 2941 540 perceptiones
2973 481 3289 526 terrestrem
3309 477 3574 542 quesita-

299 564 449 610 runt.
484 557 583 612 His
614 559 826 613 similes
850 569 974 613 sunt
1006 575 1200 616 omnes
1226 563 1317 629 qui
1340 561 1807 627 concupiscentiis
1841 559 2142 622 ducuntur,
2179 575 2376 628 resque
2393 575 2514 627 quze
2545 557 2649 612 sub
2677 558 3014 612 intellectum
3041 560 3245 613 eadunt
3280 578 3451 629 nugas
3476 580 3568 615 vo-

300 653 452 705 cant,
484 659 660 712 quare
689 647 1024 714 supplicium
1053 661 1148 714 per
1175 657 1457 715 serpentes
1488 648 1597 700 illis
1626 648 1921 715 irrogatur.
1951 644 2046 699 Sic
2071 646 2240 697 Adam
2279 660 2502 714 quoque
2532 661 2594 696 ex
2625 647 2943 698 arctissima
2974 647 3375 700 consuetudine
3400 663 3566 716 quam

301 745 427 782 eum
457 729 566 784 Deo
597 732 810 797 habuit,
837 742 1064 802 propter
1099 748 1326 802 parvam
1394 749 1458 787 ac
1501 733 1661 788 vilem
1702 733 2207 800 concupiscentiam
2245 733 2484 785 consilio
2527 734 2804 798 serpentis
2850 732 2902 785 in
2940 742 3170 786 mortem
3206 743 3291 786 est
3324 735 3565 793 delatus.

303 816 498 885 Itaque
526 832 745 872 morsus
781 819 1056 882 serpentis
1090 835 1240 874 mors
1274 821 1364 888 qui
1396 821 1449 873 in
1486 821 1756 873 Adamqu
1790 819 1983 873 incidit
2013 821 2208 873 merito
2237 819 2520 873 diceretur
2555 819 2746 888 utique
2792 821 2885 888 qui
2939 820 3171 889 indiguit
3204 824 3568 878 conversione

303 906 496 960 nmltis
515 903 685 975 416
717 906 1000 960 laboribus
1029 909 1324 975 acquisita.
1365 906 1844 972 Quemadmodum
1883 907 2118 975 populus
2141 922 2362 974 quoque
2403 907 2467 960 de
2498 921 2607 975 quo
2638 907 2689 958 in
2720 909 3000 973 prmsenti,
3024 910 3090 958 ad
3131 908 3368 974 legatum
3400 910 3566 963 istmn

305 1001 500 1043 eontra
534 1007 696 1057 quem
725 1002 1168 1055 murmurarunt,
1201 978 1471 1048 meliores.
1486 1003 1610 1062 post
1639 995 1850 1048 cladem
1883 993 2037 1056 facti,
2067 993 2460 1057 advolvuntur,
2495 1003 2550 1047 et
2585 992 2917 1046 medicinam
2959 1006 3398 1062 consequuntur,
3427 1012 3567 1050 aereo

307 1086 566 1144 serpente
596 1077 706 1132 illis
738 1088 944 1132 erecto.
981 1079 1183 1149 Figura
1217 1089 1400 1134 autem
1434 1081 1547 1133 haec
1581 1094 1763 1134 rerum
1790 1095 1912 1148 qua:
1937 1081 2002 1132 ad
2032 1094 2132 1133 nos
2163 1088 2311 1132 sunt.
2358 1079 2830 1144 Quemadmodum
2886 1081 3031 1133 enim
3076 1082 3148 1132 illi
3199 1083 3338 1134 bona
3366 1085 3568 1150 quibus

307 1179 336 1216 a
365 1164 472 1218 Deo
501 1162 678 1219 aﬂ‘ecti
709 1177 867 1219 erant
892 1175 1244 1234 spreverunt,
1273 1182 1336 1221 ac
1376 1168 1564 1221 carnis
1596 1168 1972 1236 voluptatibus
2008 1167 2165 1234 lange
2192 1175 2314 1235 post
2347 1167 2681 1225 habuerunt,
2707 1166 2779 1218 ita
2817 1167 2978 1234 vulgo
3011 1182 3202 1219 omnes
3233 1168 3283 1219 in
3317 1169 3566 1235 opiﬁcem

245 1321 254 1327 θ
307 1260 567 1303 nostrum
609 1253 959 1320 impegimus,
995 1264 1051 1306 et
1076 1254 1179 1306 sub
1213 1268 1432 1307 morsus
1459 1253 1800 1322 serpentium
1837 1254 2209 1321 spiritualium
2261 1253 2586 1317 cecidimus,
2623 1254 2826 1306 nostris
2868 1268 2896 1304 a
2945 1252 3050 1306 Deo
3087 1255 3262 1307 relicti
3304 1259 3569 1325 concupi-

309 1337 566 1404 SCCntiis,
588 1353 616 1390 a
653 1339 858 1407 quibus
889 1339 1090 1393 animis
1137 1340 1408 1393 vulnerati
1434 1355 1598 1408 opera
1628 1340 1895 1408 principis
1919 1351 2235 1410 serpentum
2264 1341 2526 1393 draconis
2550 1349 2832 1408 apostatze,
2852 1343 2944 1408 qui
2974 1341 3243 1393 Adamum
3271 1342 3569 1405 interemit,

309 1440 506 1478 sumus
533 1426 737 1478 necati.
779 1425 892 1478 lloc
925 1440 1053 1478 vero
1083 1427 1283 1478 malum
1341 1427 1395 1478 in
1448 1427 1570 1494 ejus
1631 1427 1878 1481 sobolem
1931 1439 2190 1496 tanquam
2217 1444 2281 1482 ex
2326 1430 2508 1481 radice
2564 1428 2900 1482 demanavit.
2939 1426 3139 1480 Verum
3185 1431 3575 1497 conspeximus

311 1522 651 1580 serpentem,
689 1512 791 1566 hoc
823 1520 930 1573 est,
972 1511 1276 1566 Christum.
1313 1514 1600 1578 Quomodo
1625 1530 1753 1568 vero
1789 1516 1833 1568 is
1863 1517 1954 1584 qui
1981 1524 2176 1569 natura
2203 1531 2299 1570 sua
2336 1515 2484 1584 (nam
2521 1514 2662 1568 Deus
2699 1524 2830 1582 est).
2857 1517 3036 1568 bonus
3060 1531 3182 1568 cum
3221 1517 3310 1577 sit,
3348 1532 3576 1584 serpens

311 1599 419 1653 diei
454 1600 648 1668 possit.
684 1600 959 1664 Quoniam
989 1599 1170 1653 factus
1202 1609 1285 1653 est
1315 1601 1509 1654 similis
1559 1602 1760 1665 nostri,
1822 1618 1929 1655 non
1990 1611 2186 1656 natura
2226 1603 2522 1663 malorum,
2585 1603 2680 1657 sed
2711 1618 2902 1655 eorum
2946 1604 3034 1669 qui
3091 1606 3376 1656 voluntate
3422 1606 3574 1672 pravi

311 1692 668 1750 exstiterunt,
699 1700 755 1741 ut
783 1689 999 1742 dicatur
1024 1689 1091 1741 ad
1124 1703 1255 1743 nos:
1290 1688 1347 1742 Si
1375 1689 1544 1764 igitur
1569 1705 1666 1744 vos
1693 1691 1782 1758 qui
1815 1691 1965 1759 pravi
2003 1693 2159 1755 estis,
2191 1699 2245 1744 ct
2273 1707 2393 1760 quae
2421 1692 2718 1759 deinceps;
2743 1689 2982 1758 Serpens
3004 1691 3167 1759 igitur
3197 1700 3279 1744 est
3302 1701 3577 1760 quatenus

313 1781 603 1851 pravitatis
630 1779 1047 1833 similitudinem
1081 1781 1297 1842 attinet,
1330 1797 1493 1848 quam
1527 1785 1971 1855 assumpsitcum
2011 1782 2188 1836 laetus
2223 1791 2371 1835 esset
2413 1783 2596 1836 homo.
2632 1781 2830 1834 Verum
2872 1783 2915 1835 si
2955 1784 3078 1849 quis
3106 1798 3228 1835 eum
3267 1793 3445 1836 mente
3481 1800 3578 1837 sua

313 1867 744 1935 contempletur,
781 1867 848 1918 ab
883 1866 1108 1918 interitu
1144 1867 1284 1920 liber
1315 1869 1439 1921 erit.
1471 1867 1860 1936 Spectabimus
1898 1884 2027 1922 vero
2049 1869 2362 1933 Christum,
2407 1872 2450 1924 si
2486 1870 2809 1938 mysterium
2836 1870 2983 1939 quod
3019 1871 3070 1922 in
3108 1872 3225 1938 ipsi»
3256 1872 3581 1924 continetur

314 1961 465 2007 recte
489 1953 947 2014 intellexerimus,
983 1953 1128 2022 quod
1160 1965 1356 2006 natura
1386 1970 1513 2008 cum
1555 1963 1706 2011 esset
1756 1954 1918 2020 Deus,
1953 1957 2116 2011 homo
2155 1956 2332 2012 factus
2359 1967 2464 2018 est,
2501 1959 2651 2010 salva
2694 1959 2941 2011 bonitate
2978 1973 3076 2012 sua
3107 1974 3272 2023 quam
3315 1959 3578 2012 habebat:

316 2056 616 2113 pravorum
650 2044 800 2094 enim
830 2042 1068 2109 sumpsit
1100 2043 1371 2107 habitum,
1404 2058 1514 2096 non
1574 2053 1633 2097 ut
1686 2045 1803 2112 ipse
1842 2059 2042 2114 pravus
2073 2045 2247 2109 fieret,
2293 2045 2387 2099 sed
2418 2053 2472 2097 ut
2509 2061 2608 2098 nos
2644 2045 2817 2098 bonos
2837 2046 3098 2099 ellieeret.
3137 2049 3212 2098 Ae
3244 2047 3416 2115 ipsius
3447 2062 3584 2101 sane

315 2133 538 2199 signum
567 2145 800 2198 serpens
833 2129 961 2182 fuit.
997 2117 1286 2184 Exaltatus
1312 2139 1397 2184 est
1427 2131 1572 2184 enim
1609 2131 1865 2185 Christus
1900 2147 2066 2200 super
2086 2149 2270 2197 cruce,
2299 2132 2761 2202 quemadmodum
2785 2132 2990 2186 Judzeis
3024 2134 3277 2202 pranlixit
3299 2153 3310 2186 :
3336 2153 3351 2183 ι
3383 2136 3587 2198 Quem-

317 2217 615 2270 admodum
642 2217 787 2271 enim
816 2216 996 2272 Moses
1035 2217 1298 2271 exaltavit
1336 2226 1648 2287 serpentem
1703 2218 1755 2270 in
1809 2219 2051 2283 deserto,
2089 2221 2163 2273 ita
2197 2221 2424 2274 exaltari
2468 2231 2688 2289 Oportet
2722 2219 2918 2274 Filium
2961 2222 3223 2285 hominis,
3249 2230 3300 2276 et
3342 2231 3454 2275 tum
3488 2238 3585 2276 co-

318 2305 601 2373 gnoscetis
627 2304 772 2373 quod
795 2319 895 2375 ego
922 2320 1043 2360 sum
1073 2304 1136 2359 ".
1179 2323 1197 2355 ι
1240 2305 1514 2359 Caeterum
1545 2320 1772 2374 serpens
1796 2320 1980 2361 aeneus
2000 2306 2124 2372 fuit,
2160 2319 2386 2378 propter
2409 2309 2820 2378 pnedicationis
2845 2310 3177 2378 evangelicae
3213 2310 3587 2362 vocalitatetn.

317 2394 485 2463 Atqui
521 2408 671 2448 mors
698 2408 820 2463 qua:
851 2409 920 2448 ex
946 2394 1226 2448 morsibus
1258 2393 1472 2447 redibat
1532 2403 1762 2447 curatur
1809 2404 2045 2461 tantum,
2097 2399 2339 2468 ipsaeque
2378 2397 2568 2451 bestia:
2615 2413 2725 2450 non
2772 2399 3048 2461 delentur,
3100 2385 3195 2467 per
3227 2399 3432 2452 bestias
3463 2413 3591 2451 vero

319 2485 814 2554 concupiscentias
849 2484 996 2539 dico.
1017 2483 1378 2539 Peccatorum
1410 2486 1556 2538 enim
1572 2485 1666 2553 qui
1697 2499 1918 2538 crucem
1944 2486 2248 2552 intuentur,
2279 2501 2427 2542 mors
2447 2488 2805 2556 quantumvis
2843 2501 3006 2556 prava
3042 2488 3246 2540 nullam
3271 2488 3376 2540 vim
3401 2488 3590 2541 habet.

315 2577 519 2633 Carnis
569 2591 702 2633 vero
755 2577 1217 2647 concupiscentia
1275 2592 1398 2647 qua:
1459 2576 1679 2645 spiritui
1725 2576 2052 2630 adversatur
2114 2575 2335 2644 penitus
2390 2591 2498 2628 non
2549 2583 2633 2629 est
2693 2573 2872 2627 deleta
2921 2582 2975 2628 et
3039 2575 3334 2629 exstincta.
3366 2573 3424 2627 ln
3460 2575 3592 2629 lide-

322 2666 468 2723 libus
499 2667 710 2722 etenim
765 2682 985 2723 morsus
1039 2667 1507 2736 concupiscentia:
1557 2681 1680 2722 sese
1714 2675 1935 2721 movent
1969 2664 2192 2734 saepius,
2229 2662 2322 2719 sed
2354 2661 2578 2734 quando
2609 2661 2868 2717 cruciﬁxi
2916 2663 3285 2716 recordantur
3319 2678 3594 2718 venenum

321 2756 570 2812 diluunt.

402 2845 533 2897 Ὅτε
556 2843 865 2913 ἐγόγγυσαν
883 2843 1196 2915 ἀπάραντες
1220 2842 1279 2909 ἐξ
1304 2846 1403 2916 Ὢρ
1421 2844 1516 2897 τοῦ
1550 2844 1710 2915 ὅρους
1761 2859 1914 2912 περι-
1944 2849 1989 2905 Α

1944 2849 1989 2905 Α
2087 2842 2256 2898 Porro
2297 2841 2653 2896 manifestum
2683 2848 2767 2896 est
2815 2851 3012 2908 quater
3037 2857 3130 2910 per
3173 2851 3436 2895 cunctum
3497 2843 3599 2896 iter

327 2937 713 2999 κυκλώσαντες
739 2938 840 3007 τὴν
864 2938 967 3006 γῆν
1002 2936 1178 3006 Ἐδὼμ
1205 2939 1260 2989 tv
1282 2936 1358 3006 τῷ
1390 2936 1496 3007 πρὸ
1523 2935 1711 2989 τούτου
1744 2950 1916 3002 κεφα-

1914 2964 1916 2971 τ
2019 2952 2186 3006 super
2215 2951 2356 3004 aqua
2391 2949 2922 2989 commurmurassc.
2949 2933 3088 2987 Olim
3151 2951 3276 2987 cum
3316 2936 3599 2989 venissent

325 3031 465 3101 λαίῳ
491 3030 624 3101 (³72).
668 3030 754 3091 Ὠς
776 3029 1034 3100 τετράκις
1069 3028 1180 3096 (73)
1208 3029 1492 3095 φαίνονται
1544 3025 1916 3095 γογγύσαντες

2016 3025 2074 3078 in
2114 3014 2368 3088 Merram,
2397 3024 2856 3094 quemadmodum
2891 3034 2972 3078 est
3003 3025 3056 3078 in
3088 3023 3300 3078 Exodo.
3350 3025 3602 3080 Secundo

329 3123 416 3191 ἐφ’
444 3123 597 3176 ὕδατι
628 3125 684 3174 ὲν
708 3123 856 3192 πάσῃ
889 3124 956 3191 τῇ
988 3121 1121 3190 ὁδῷ’
1153 3120 1322 3184 ἅπαξ,
1347 3121 1426 3180 είς
1453 3119 1698 3188 Μερῤὰν,
1733 3117 1808 3179 ὠς
1859 3117 1917 3170 tv

2019 3117 2074 3170 in
2107 3115 2423 3186 Raphidim,
2459 3117 2603 3171 sicut
2666 3118 2780 3171 illic
2835 3119 3034 3171 iterum
3082 3127 3286 3174 exstat.
3323 3117 3515 3172 Tertio
3547 3120 3604 3172 in

327 3217 408 3286 τῷ
462 3213 696 3284 είκοστῷ
748 3214 961 3283 ἑϐδόμῳ
1023 3212 1307 3281 κεφαλαίῳ
1355 3212 1453 3280 τῆς
1500 3209 1714 3275 Ἐξόδου
1756 3209 1867 3278 (74)
1901 3224 1914 3237 ’

2021 3209 2243 3265 deserto
2300 3210 2396 3264 Sin
2447 3209 2652 3273 Cades,
2700 3220 2759 3264 ut
2803 3212 2857 3264 in
2903 3211 3354 3277 Numeris.Qnod
3379 3212 3600 3280 quidem

327 3308 606 3377 δεύτερον,
637 3309 694 3359 ὲν
730 3305 995 3374 Ῥαφιδὶν,
1029 3305 1104 3367 ὡς
1164 3305 1223 3356 ὲν
1266 3302 1346 3372 τῷ
1395 3299 1705 3371 τριακοστῷ
1740 3299 1919 3352 δευτέ-

2028 3316 2167 3371 aqua
2196 3311 2281 3358 est
2307 3302 2854 3358 obmurmurationis.
2895 3303 3104 3369 Quarto
3149 3319 3313 3373 super
3351 3295 3607 3374 praesenti

336 3417 415 3470 ρῳ
454 3399 570 3467 (75)
606 3415 621 3430 ο
667 3399 872 3468 τρίτον,
907 3400 965 3450 tv
1000 3399 1064 3467 τῇ
1115 3397 1310 3466 ἐρήμῳ
1351 3397 1409 3446 tv
1441 3393 1743 3465 Κὰδης,ὠς
1765 3393 1821 3444 tv
1842 3390 1920 3460 τῷ
2030 3403 2215 3464 puteo.

334 3488 648 3560 τριακοστῷ
677 3489 913 3560 δευτέρῳ
933 3488 1042 3542 τῶν
1081 3488 1353 3559 ’Δριθμῶν
1379 3486 1493 3556 (76)
1521 3502 1533 3515 ·
1584 3487 1723 3556 ὅπερ
1776 3483 1923 3538 ἐστὶν
1961 3482 2104 3556 ὕδωρ
2130 3486 2444 3555 ἀντιλογίας
2472 3504 2485 3516 ·
2534 3488 2793 3560 τέταρτον
2834 3488 2928 3543 ἐπὶ
2978 3488 3074 3543 τοῦ
3118 3491 3382 3557 παρόντος
3439 3489 3608 3560 φρέα-

335 3603 448 3650 τος.

407 3679 568 3745 Quod
600 3677 822 3747 quidem
856 3674 1080 3730 crimini
1113 3674 1224 3729 illis
1251 3674 1444 3744 objicit
1472 3689 1484 3724 :
1524 3692 1542 3725 ι
1575 3675 1654 3728 Ac
1689 3682 1973 3728 moventes
2031 3673 2158 3728 inde
2194 3671 2581 3727 castrametati
2635 3681 2766 3726 sunt
2815 3673 2868 3727 in
2898 3671 3102 3727 Obotli.
3144 3693 3162 3724 ι
3211 3673 3304 3726 llis
3331 3675 3616 3743 subjungit

337 3769 742 3840 profectionem
770 3781 936 3834 quam
968 3763 1221 3819 fecerunt
1245 3765 1299 3818 in
1333 3774 1537 3818 terram
1572 3779 1747 3833 usque
1810 3763 2284 3818 Amorrhazorum.
2318 3760 2492 3828 Cujus
2534 3760 2835 3814 terminum
2869 3778 2994 3816 esse
3024 3763 3157 3816 dicit
3198 3764 3475 3816 Arnonem
3519 3765 3616 3832 qui

337 3874 461 3914 eam
499 3872 528 3909 a
566 3853 863 3910 Moabitide
923 3853 1241 3922 distinguit.
1307 3850 1455 3906 Nihil
1512 3853 1658 3906 enim
1694 3867 1886 3907 eorum
1913 3867 2036 3922 quae
2069 3849 2337 3905 divinitus
2378 3848 2513 3902 (lunt
2560 3858 2768 3904 temere
2799 3852 3124 3905 narratione
3155 3866 3314 3905 saera
3343 3853 3615 3919 proditur.

339 3947 620 4001 Divinitus
645 3958 779 3999 vero
809 3945 914 4000 ista
950 3940 1224 4012 profecdo
1275 3950 1418 4000 erat.
1471 3955 1581 3994 non
1631 3941 1815 3994 minus
1843 3954 2008 4010 quam
2068 3937 2447 4007 apostolorum
2481 3937 2690 4005 quibus
2740 3939 3068 3992 monstravit
3102 3937 3343 4008 Spiritus
3376 3955 3615 4008 quanam

337 4036 584 4092 eundum
611 4031 985 4101 esset,.ptqui
1014 4028 1328 4086 erudiendi.
1369 4025 1555 4083 lnnuit
1623 4037 1808 4083 autem
1846 4025 2273 4096 descriptionem
2322 4023 2596 4078 bellorum
2649 4025 2704 4077 in
2741 4025 2936 4081 Bibliis
3003 4033 3120 4079 tum
3183 4030 3450 4095 temporis
3497 4043 3622 4082 esse

341 4123 572 4189 factam,
603 4120 795 4176 dicens
823 4138 836 4174 :
865 4138 882 4170 ι
917 4118 1214 4187 Propterea
1246 4117 1421 4170 l’ertur
1457 4117 1512 4170 in
1544 4115 1690 4169 libro
1723 4115 1990 4170 bellorum
2026 4112 2264 4167 Domini.
2294 4130 2314 4162 ι
2347 4109 2622 4165 Caeterum
2659 4111 2876 4166 Domini
2912 4114 3046 4167 bella
3071 4113 3352 4180 dicuntur,
3375 4132 3471 4184 per
3501 4133 3624 4183 quae

339 4218 540 4281 gentes
576 4207 761 4278 impia:
784 4204 1215 4270 exscinduntur,
1234 4204 1498 4275 quoniam
1524 4202 1698 4257 divini
1736 4203 1788 4257 id
1821 4212 1921 4269 est.
1947 4201 2166 4272 judicii.
2201 4198 2304 4266 Qui
2337 4199 2406 4252 ad
2437 4200 2816 4254 Abrahamum
2859 4203 3001 4256 dixit
3038 4203 3103 4270 ",
3133 4204 3376 4261 nondum
3409 4207 3624 4276 expleta

342 4314 471 4354 esse
505 4304 733 4366 percata
772 4293 1252 4357 Amorrhaaorum,
1294 4305 1350 4346 ut
1386 4293 1438 4345 in
1475 4307 1666 4347 eorum
1701 4291 1863 4347 sedes
1896 4289 2152 4347 lsraelem
2198 4288 2378 4358 possit
2413 4288 2730 4360 instituere.

416 4388 750 4456 Συνάγαγε,
786 4387 940 4456 φησὶ,
977 4384 1083 4446 τὸν
1130 4384 1306 4449 λαὸν,
1350 4384 1448 4437 καὶ
1508 4383 1682 4436 δώσω
1730 4381 1934 4449 αὐτοῖς
1966 4388 2008 4446 Β

1966 4388 2008 4446 Β
2107 4376 2305 4446 Collige
2323 4392 2461 4439 vero,
2491 4378 2690 4446 inquit,
2716 4377 2989 4444 populum,
3010 4389 3059 4432 et
3090 4380 3226 4432 dabo
3243 4382 3317 4433 eis
3343 4399 3537 4452 aquam
3559 4384 3626 4435 ad

341 4484 504 4550 ὕδωρ
543 4480 725 4535 πιεῖν.
786 4477 1050 4532 Βούλεται
1104 4477 1212 4548 γὰρ
1260 4475 1394 4538 Θεὸς
1444 4475 1542 4538 τὰς
1595 4474 1939 4543 θαυμασίους

342 4575 634 4648 ἐνεργείας
655 4573 823 4627 αὑτοῦ
854 4569 1294 4643 μνημονεύεσθαι
1323 4583 1336 4598 ·
1374 4567 1450 4632 ὡς
1486 4567 1814 4638 ὠφελεῖσθαι
1865 4567 1941 4639 μὴ

347 4672 514 4742 μόνον
538 4671 663 4731 τοὺς
699 4666 974 4738 παρόντας
1003 4668 1069 4736 τῇ
1091 4664 1212 4736 θέᾳ,
1244 4663 1378 4716 ἀλλὰ
1407 4663 1501 4715 καὶ
1533 4663 1659 4725 τοὺς
1714 4661 1942 4732 ὕστερον

345 4765 511 4833 ἀκοῇ.
566 4761 655 4823 Ὠς
685 4760 782 4811 καὶ
821 4758 1099 4828 Ἰωάννης,
1133 4774 1150 4807 ι
1182 4756 1390 4818 Ταῦτα,
1419 4756 1577 4826 φησὶ,
1601 4755 1936 4826 γέγραπται,

348 4855 441 4910 ἵνα
497 4851 854 4920 πιστεύσητε,
909 4851 991 4903 ὅτι
1051 4848 1257 4918 Ἰησοῦς
1281 4851 1428 4901 ἐστιν
1457 4848 1485 4898 ὁ
1516 4845 1772 4915 Χριστός.
1807 4863 1825 4896 ι
1865 4844 1939 4897 Οὺ

347 4948 460 5017 γὰρ
490 4945 655 5014 κενῆς
682 4942 925 5012 ἱστορίας
950 4943 1172 5010 μνήμην
1206 4943 1232 4992 ὁ
1256 4939 1409 5003 Θεὸς,
1437 4937 1572 4990 ἀλλὰ
1605 4938 1701 5004 τὴν
1751 4935 1810 5000 ἐξ
1837 4935 1939 4988 αὐ-

347 5041 448 5111 τῆς
476 5038 748 5106 ὠφέλειαν
770 5033 1074 5106 χαρίζεται.
1122 5033 1214 5084 Διὸ
1256 5033 1350 5085 κοιλ⁸
1382 5031 1610 5101 μάταιον
1645 5029 1706 5080 τὸ
1738 5029 1942 5098 σημεῖα

350 5134 535 5205 ζητεῖν
567 5132 677 5193 ἀεὶ,
711 5128 807 5182 καὶ
841 5127 991 5197 παρὰ
1022 5127 1249 5195 γνώμην
1282 5124 1440 5177 τοῦτο
1475 5121 1633 5174 Θεοῦ.
1687 5122 1782 5183 Ὃς
1812 5118 1940 5189 βού-

426 5315 470 5346 ¹⁸
499 5312 664 5370 Joau.
699 5329 781 5377 ut,
823 5313 909 5368 Η.
992 5313 1033 5345 ¹⁹
1065 5309 1203 5366 Gen.
1259 5326 1348 5375 xv,
1389 5309 1480 5364 l6.

2049 4469 2326 4524 bibendum
2351 4468 2518 4541 (ΧΧΙ,
2551 4467 2661 4540 16.]
2693 4468 2818 4523 Vult
2850 4473 2995 4525 enim
3025 4472 3166 4526 Deus
3207 4475 3629 4544 miritieaipsius

2049 4564 2312 4618 beneﬁcia
2347 4564 2644 4628 celebrari,
2683 4572 2742 4618 ut
2792 4580 2899 4618 non
2946 4574 3155 4618 tantum
3216 4579 3514 4636 praesentes
3546 4571 3630 4624 sui

2047 4656 2511 4726 contemplatione
2554 4657 2768 4724 juveut,
2813 4658 2910 4710 sed
2967 4667 3018 4710 et
3053 4669 3304 4728 posteros
3350 4663 3632 4717 auditione

2049 4762 2112 4801 ac
2147 4747 2312 4801 fama.
2367 4742 2844 4814 Quemadinodum
2876 4749 3118 4805 Joannes
3158 4768 3171 4804 :
3212 4773 3228 4804 ε
3272 4753 3394 4808 lhec
3431 4759 3634 4824 scripta

2047 4849 2196 4904 sunt,
2221 4841 2419 4910 inquit,
2442 4848 2498 4894 ut
2518 4841 2778 4894 credatur
2803 4842 2947 4911 quod
2975 4840 3134 4897 .Iesus
3156 4845 3227 4896 sit
3246 4844 3502 4899 Christus
3530 4846 3593 4898 ὀ.
3611 4865 3629 4897 ι

2047 4932 2163 4988 Non
2192 4935 2340 4988 enim
2379 4935 2562 4988 inanis
2594 4936 2931 4990 narrationis
2968 4940 3325 5003 mentionem,
3356 4937 3449 4992 sed
3489 4940 3636 4993 utili-

2047 5037 2213 5085 tatem
2246 5046 2309 5085 ex
2355 5046 2417 5085 ea
2479 5032 2737 5085 haustam
2785 5031 2928 5086 Deus
2988 5045 3326 5090 remunerat.
3365 5037 3638 5102 Quocirca

2055 5122 2211 5192 signa
2252 5137 2469 5193 semper
2510 5140 2761 5194 quaerere
2820 5142 3019 5180 vanum
3081 5135 3189 5193 est,
3222 5144 3286 5183 ac
3324 5131 3490 5215 menti
3551 5130 3642 5185 Dei

1559 5309 1603 5338 ¹⁰
1632 5306 1798 5361 Joan.
1836 5321 1928 5371 xx,
1961 5305 2052 5360 5|.

1891 5426 2125 5483 ΝΟΤᾸΞ.

429 5529 546 5600 (72)
583 5527 774 5600 Ἀλλη,
805 5527 880 5588 ὼς
907 5528 1072 5593 ἔοικε,
1105 5527 1224 5581 κατ’
1251 5525 1412 5580 αὑτὸν
1434 5527 1466 5595 ἠ
1487 5523 1599 5576 τῶν
1629 5519 1946 5592 κεφαλαίων

353 5603 642 5670 διαίρεσις.

425 5674 539 5741 (73)
563 5673 835 5741 Τετρᾶικις
862 5671 940 5724 δέ.
984 5671 1044 5723 Ὀ
1079 5669 1178 5736 τῆς
1211 5669 1344 5737 Αὑγ.
1380 5666 1510 5721 κὼδ.

430 5746 543 5811 (Nl
602 5745 690 5796 Ἐν
739 5743 814 5815 τῷ
866 5745 949 5798 15.

370 5817 588 5886 'Eiéoqi.

1029 5743 1086 5793 '0
1117 5735 1173 5794 δὲ
1227 5735 1325 5809 τῆς
1363 5741 1495 5807 Αὑγ.
1526 5736 1655 5791 κώδ.
1700 5736 1773 5798 ὡς
1803 5735 1858 5788 tv
1888 5736 1954 5803 τῇ

2120 5521 2243 5643 ⁸(ἶῦ)
2313 5522 2398 5574 Ἑν
2435 5519 2512 5590 τῷ
2560 5521 2644 5574 Π.
2702 5521 2760 5576 '0
2813 5524 2866 5577 δὲ
2914 5528 3010 5596 τῆς
3055 5527 3190 5595 Δὺγ.
3248 5523 3375 5577 mea.
3415 5527 3487 5590 ὼς
3532 5527 3650 5583 ἐκεῐ

2120 5613 2139 5643 ἶ
2178 5614 2245 5643 ιν.
2541 5619 2555 5634 ⁸

2065 5613 2245 5647 παλιν.
2541 5619 2555 5634 ⁸

2065 5735 2092 5788 o
2131 5668 2243 5734 ne)
2286 5663 2582 5740 ‘Ew‘pea.
2632 5664 2691 5720 'o
2724 5669 2778 5722 δὲ
2811 5669 2904 5739 τῆς
2951 5671 3083 5739 Acr.
3127 5670 3254 5727 mas.
3299 5671 3372 5734 ὡς
3407 5673 3462 5724 ὲν
3502 5669 3653 5741 Ἀρι-

2105 5757 2240 5788 uotz.

2105 5757 2240 5803 μοις.
