4266 6446
637 365 642 372 ’
735 352 840 414 εδει

2056 371 2395 433 PBOCOPII
2459 377 2702 437 GAZJSI

3894 377 4004 441 860

743 466 1056 526 adversum,
1088 465 1180 534 qui
1217 481 1396 519 rerum
1423 471 1586 523 sentcl
1607 478 1884 540 gestarum
1917 480 2182 532 memoria
2217 496 2315 533 nos
2345 499 2389 552 Α
2421 484 2428 534 2

2345 499 2389 552 Α
2421 484 2570 537 λεται
2630 488 2695 555 τῇ
2758 484 2947 556 μνήμῃ
2984 484 3092 537 τῶν
3125 485 3205 545 εἰς
3253 483 4000 551 ἆπαξγεγονότων-ὠωελεί-

734 556 913 623 jnvari
947 554 1080 610 vult.

2418 574 2560 627 σθαι.

818 667 1048 732 Quidam
1086 685 1214 724 vero
1243 673 1308 725 ad
1342 671 1716 743 derogandum
1768 677 1934 732 rebus
1983 679 2155 733 semel
2209 681 2382 750 gestis
2424 685 2561 740 alias
2608 702 2826 756 semper
2855 688 3165 754 requirunt.
3218 684 3374 741 Umle
3431 688 3560 741 illud
3596 698 3680 742 est
3720 707 3732 740 :
3769 711 3784 738 ι
3823 690 3997 744 l‘tava

738 758 1026 823 progenies
1061 758 1278 824 signum
1341 762 1591 829 requirit,
1634 761 1728 815 sed
1754 765 1972 832 signum
2001 780 2107 819 non
2134 765 2357 822 dabitur
2386 774 2434 826 ei
2468 775 2535 830 “.
2579 794 2598 825 ι

806 866 1090 922 Cantionts
1119 883 1249 922 vero
1280 883 1400 937 quae
1457 886 1623 938 super
1673 885 1812 939 aqua
1857 873 2000 926 edita
2054 884 2157 939 est,
2188 890 2314 930 cum

738 959 1028 1011 meminit:
1071 973 1295 1013 serenas
1359 961 1566 1029 gratias
1668 977 1766 1031 pro
1837 954 2118 1020 beneﬁciis
2172 967 2317 1022 refe-

744 1053 942 1104 rendas
963 1065 1086 1104 esse
1109 1052 1334 1103 indicat.
1365 1054 1650 1106 Canticum
1679 1069 1806 1108 vero
1829 1055 2001 1109 ibtud:
2024 1074 2044 1108 ς
2073 1058 2320 1115 Αευοηάο

736 1151 790 1195 et
821 1140 974 1205 Beer,
1006 1159 1024 1191 ι
1061 1150 1114 1195 et
1140 1157 1259 1210 quae
1291 1141 1572 1212 deinceps.

808 1271 1031 1325 Arduus
1058 1270 1200 1323 enim
1238 1271 1394 1324 labor
1432 1283 1634 1340 puteos
1695 1273 1880 1330 fodere
1907 1285 2014 1340 est,
2053 1275 2148 1330 Dei
2178 1292 2312 1333 vero

736 1365 991 1429 voluntas
1024 1379 1148 1418 cum
1181 1365 1390 1417 accedit
1426 1365 1596 1417 levior
1654 1366 1936 1421 laboribus
1991 1368 2312 1436 lapicidina-

736 1458 835 1510 riis
893 1457 969 1509 iit.
1030 1456 1323 1510 Fossarum
1403 1457 1801 1512 circumductio
1869 1474 1989 1527 quae
2053 1459 2214 1529 417
2280 1475 2311 1513 a

735 1552 941 1603 sanctis
1003 1565 1125 1603 cum
1179 1549 1393 1603 baculis
1453 1549 1530 1613 ﬁt,
1568 1565 1630 1604 ea
1661 1559 1765 1616 est,
1799 1567 1920 1620 qua:
1956 1565 2120 1605 omne
2168 1566 2308 1622 opus

733 1640 962 1710 perlicit.

806 1731 908 1784 Pro
937 1745 1001 1784 eo
1032 1744 1161 1783 vero
1196 1730 1340 1798 quod
1375 1730 1579 1784 dicitur
1616 1751 1632 1782 ι
1670 1733 1722 1784 in
1763 1748 1929 1802 regno
1976 1735 2245 1802 ipsorum,
2281 1752 2300 1787 ι

2492 881 2771 950 ’ᾼσματος
2805 882 3151 952 μεμνημένος
3179 882 3273 935 τοῦ
3296 882 3389 934 ἐπὶ
3419 882 3514 936 τοῦ
3553 883 3765 949 ὓδατος,
3787 885 4000 939 δείκνυ-

2418 987 2522 1034 σιν,
2563 973 3010 1042 ὃτιδείφαιδρὲις
3058 974 3408 1045 εὐχαριστίας
3435 976 3530 1028 ἐπὶ
3590 979 3713 1040 ταῖς
3770 978 3998 1049 εὐεργε-

2420 1063 2564 1124 σίαις
2595 1063 2916 1129 ἀνάγεσθαι.

2496 1279 2668 1344 Πολὺς
2702 1282 2800 1350 μὲν
2828 1284 2854 1335 ό
2882 1283 3042 1348 πόνος
3065 1284 3158 1337 ἐπὶ
3197 1287 3317 1346 ταῖς
3355 1285 3744 1356 φρεωρυχίαις,
3778 1285 3914 1340 Θεοῦ
3935 1288 3995 1340 δὲ

2421 1370 2668 1441 βουλήσει
2710 1373 2804 1425 καὶ
2842 1373 3108 1443 λατομίας
3143 1375 3402 1428 ἐπιπόνου
3455 1375 3567 1444 (77)
3623 1375 3996 1446 δυνατώτερον

2419 1464 2782 1534 περιχάραξις
2814 1467 2870 1516 ὲν
2895 1465 3222 1535 βακτηρίαις
3261 1468 3365 1518 ὑπὸ
3413 1467 3521 1518 τῶν
3562 1467 3733 1534 ἁγίων
3773 1467 3998 1534 γινομέ-

2427 1571 2490 1623 νη
2519 1555 2650 1624 (78),
2689 1555 2951 1627 λατομίας
2971 1558 3067 1610 καὶ
3092 1557 3327 1628 ὀρύξεως
3361 1557 3588 1627 δύναμιν
3612 1556 3994 1627 ἐκπληροῦσα.

2499 1731 2648 1785 ’Λντὶ
2704 1731 2821 1796 τοῦ,
2886 1752 2905 1785 ι
2962 1734 3048 1786 Ἐν
3096 1737 3160 1804 τῇ
3205 1733 3454 1803 βασιλείᾳ
3488 1734 3666 1786 αὐτῶν
3695 1775 3709 1798 ,
3750 1754 3766 1784 ι
3823 1735 3852 1786 ὁ
3896 1735 3996 1804 μὲν

733 1822 958 1888 Aquilas
1009 1822 1105 1883 ait,
1158 1819 1367 1874 baculo.
1435 1821 1780 1877 Tlteodotion
1827 1798 2094 1887 verm-lu
2150 1828 2311 1896 virgis
2346 1798 2387 1856 Β

2308 1846 2311 1876 ς
2346 1798 2387 1856 Β
2429 1827 2657 1888 Ἀκύλας
2689 1827 2877 1896 φησὶν,
2903 1826 3007 1880 Ἔν
3045 1826 3118 1893 τῇ
3136 1798 3469 1893 βακτηρίςί·
3499 1827 3526 1878 ὁ
3557 1827 3627 1894 ,δὲ
3676 1798 3993 1891 Θεοδοτὶων,

731 1930 930 1966 eorum.

805 2005 880 2054 Ab
910 2003 1118 2056 ,ίΕηοηε
1168 2004 1235 2056 ad
1287 2004 1453 2057 Jucob
1513 2023 1674 2074 usque
1707 2017 1753 2060 et
1785 2009 1852 2059 ad
1885 2010 2028 2075 ﬁlios
2064 2010 2308 2064 Ammon.

735 2095 873 2167 [24.]
905 2097 1070 2151 Jacob
1102 2113 1221 2166 qua:
1252 2097 1702 2152 Ammonitarum
1760 2111 1900 2162 erat,
1933 2104 2157 2169 excipit.
2187 2102 2314 2156 Erat

730 2191 873 2242 enim
930 2205 1118 2243 eorum
1169 2191 1259 2259 qui
1289 2207 1318 2244 c
1353 2190 1449 2244 Lot
1479 2193 1830 2246 exstiterunt.
1901 2192 2116 2269 Ubique
2165 2197 2310 2248 enim

732 2284 872 2336 bella
945 2283 1201 2350 intestina
1251 2285 1482 2353 attingit.
1556 2285 1686 2338 Erat
1737 2301 1868 2339 vero
1917 2302 1980 2340 ea
2041 2287 2311 2340 terminus

733 2376 1178 2431 Amorrliazorum
1209 2377 1577 2444 captivorum.
1606 2375 1766 2431 Jazer
1799 2391 1931 2430 vero
1963 2392 2024 2430 ea
2058 2387 2162 2441 est,
2189 2392 2311 2446 qua:

729 2482 853 2521 cum
883 2479 1037 2522 terrae
1074 2465 1437 2521 Mnabilarum
1479 2478 1624 2522 esset
1649 2470 1717 2522 ab
1755 2469 2147 2539 initioapostea
2183 2469 2303 2524 Sco-

729 2560 818 2614 nis
858 2568 942 2613 est
1001 2559 1166 2612 facta.
1227 2558 1504 2612 Cteterum
1551 2574 1671 2612 eam
1715 2560 1897 2613 levant
1936 2543 2188 2631 tyrannis
2249 2576 2312 2615 ac

728 2650 984 2703 violentis
1020 2650 1337 2703 hominibus
1372 2649 1653 2713 Israelita},
1701 2650 1876 2720 iisque
1907 2653 2000 2720 qui
2042 2633 2309 2720 pristinos

729 2743 935 2796 incolas
971 2740 1329 2793 ademerant.-

797 2829 868 2883 Ea
899 2847 1026 2884 vero
1053 2841 1134 2884 est
1187 2829 1397 2884 Esebon
1465 2833 1596 2886 urbs
1636 2831 1853 2899 Seonis,
1897 2836 1948 2888 itl
1981 2847 2064 2891 est
2107 2845 2310 2893 metro-

729 2921 892 2987 polis.

801 3015 936 3068 Hinc
956 3017 1016 3084 ﬁt
1035 3028 1091 3069 ut
1110 3018 1198 3085 qui
1222 3020 1508 3087 proverbiis
1528 3029 1768 3080 utuntur,
1788 3019 1985 3073 dicant.
2011 3021 2176 3093 [XXL
2195 3021 2308 3093 9.7.]

730 3109 964 3162 Constat
1026 3111 1130 3164 sibi
1192 3110 1282 3165 Dei
1339 3113 1559 3180 justitia
1617 3129 1737 3181 qua:
1774 3129 1868 3181 per
1894 3115 2380 3204 successionemc

730 3198 1063 3252 familiarum
1102 3201 1363 3269 deinceps
1397 3203 1606 3254 reddita
1659 3210 1764 3263 est,
1805 3202 1870 3253 ad
1913 3213 2115 3255 terram
2157 3219 2310 3256 ever-

729 3289 954 3343 ινιιιιιιιιι
981 3307 1142 3360 quam
1174 3293 1484 3346 Amnrrlizei
1523 3293 1744 3361 lugubri
1775 3294 2134 3363 quassatione
2163 3294 2309 3348 edita

729 3384 932 3452 injuste
959 3394 1323 3452 occuparunt.
1348 3385 1497 3438 Adeo
1537 3396 1592 3437 ιιι
1623 3385 1904 3438 hominum
1964 3388 2309 3443 sermonibus

727 3477 1035 3531 combustio
1065 3478 1312 3545 priorum
1363 3477 1669 3531 incolarum
1709 3479 2114 3532 decantaretttr.
2149 3477 2309 3533 Mise-

731 3571 1000 3622 ratioitem
1062 3569 1267 3621 etenim
1325 3579 1634 3623 commovet
1692 3589 1759 3624 τι
1805 3573 1889 3623 \ise
1957 3571 2054 3622 tibi
2111 3571 2307 3637 Moab,

729 3659 964 3728 periisti,
1002 3677 1020 3710 ι
1067 3671 1115 3712 et
1145 3674 1267 3726 qua:
1300 3659 1586 3728 deinceps.
1614 3658 1939 3715 Devastatos
1965 3661 2110 3714 enim
2139 3661 2311 3717 fuisse

734 3750 996 3804 Moabitas
1045 3751 1272 3814 indicat,
1307 3751 1958 3820 disperSnSquejuvenes
2006 3759 2059 3806 et
2113 3752 2310 3821 juven-

735 3844 908 3907 culas,
943 3858 1082 3912 quos
1121 3842 1261 3897 Deus
1325 3858 1471 3896 nunc
1497 3852 1582 3897 est
1622 3846 1789 3900 ultus.
1830 3843 1965 3897 Nam
2013 3845 2310 3912 impietatis

733 3946 786 3990 et
815 3936 1151 4005 impunitatis
1184 3950 1353 3990 causa
1411 3935 1478 3989 ad
1541 3936 1899 3989 everteutlultt
1934 3942 2125 4006 gentes
2159 3936 2312 3990 inco-

729 4030 810 4083 las
840 4027 1108 4083 lsraelitis
1139 4028 1366 4081 omnino
1399 4026 1542 4080 Deus
1578 4026 1824 4079 tradidit.

806 4206 872 4260 Et
906 4205 1164 4259 habitavit
1214 4203 1389 4260 Israel
1436 4206 1490 4258 in
1530 4205 1770 4257 omnibus
1835 4205 2052 4258 urbibus
2116 4205 2309 4259 Amor-

731 4299 992 4353 rhtrorum
1033 4296 1125 4369 [52
1155 4296 1173 4369 ]
1199 4296 1543 4368 QuaprOpter
1576 4297 1742 4351 David
1779 4300 1830 4350 in
1890 4295 2147 4362 Psalmis,
2185 4313 2309 4352 cum

731 4391 988 4462 potentiae
1021 4401 1074 4444 et
1096 4391 1331 4458 iustitia:
1354 4392 1573 4446 neruine
1604 4390 1771 4444 Deum
1815 4391 2168 4458 celebrasset,
2229 4393 2310 4445 in-

728 4482 849 4550 quit
903 4497 916 4532 :

730 4573 896 4626 Israel
924 4575 995 4628 “.
1037 4591 1055 4623 ι
1092 4571 1228 4626 Cum
1283 4573 1431 4627 enim
1489 4572 1556 4627 de
1587 4581 1830 4627 extrema
1882 4572 2105 4627 civitate
2151 4571 2310 4628 Jaser

728 4665 902 4720 dicit:
950 4684 968 4716 σ
1006 4665 1283 4733 Cepernnt
1344 4679 1462 4718 eam
1520 4673 1573 4718 et
1623 4665 1777 4719 vicos
1827 4665 1985 4732 ejus,
2016 4665 2215 4734 inquit,
2255 4673 2310 4719 et

727 4758 1008 4826 eiecerunt
1059 4758 1438 4810 Amorrltaeum
1515 4758 1638 4826 ejus
1706 4757 1812 4811 loci
1860 4758 2117 4812 incolam.
2182 4777 2198 4807 ι
2254 4757 2310 4811 Id

728 4851 904 4919 ipsum
941 4866 1066 4904 cum
1095 4853 1149 4904 in
1189 4864 1296 4903 uua
1321 4863 1386 4902 ac
1410 4851 1576 4905 altera
1608 4862 1764 4919 gente
1793 4852 1896 4906 sub
1927 4851 2075 4905 Mose
2106 4849 2309 4904 factum

728 4944 794 4997 sit
848 4953 1088 5008 tantmn,
1148 4947 1216 5001 de
1265 4947 1574 5002 vastatione
1606 4946 1789 4999 futura
1836 4943 2105 4997 universa:
2153 4951 2314 4998 terra:

737 5038 1053 5108 impiorum,
1079 5054 1142 5093 ac
1172 5041 1384 5093 colonia
1409 5039 1684 5109 justornm
1720 5038 2076 5091 vaticinatur.
2115 5055 2132 5088 ι
2171 5033 2307 5090 Boni

726 5131 872 5184 enim
909 5141 1110 5183 terram
1180 5131 1558 5200 possidebunt,
1610 5130 1811 5200 inquit,
1865 5138 1920 5183 et
1952 5128 2127 5181 sancti
2162 5128 2215 5180 in
2244 5142 2307 5181 ea

730 5224 1086 5288 residebunt;
1121 5223 1291 5293 iniqui
1327 5238 1453 5277 vero
1489 5239 1555 5277 ex
1597 5238 1660 5277 ea
1690 5222 2151 5292 exstirpabuntur
2179 5217 2307 5274 inn-

727 5317 871 5370 tiittts
901 5317 998 5368 ³³.»

795 5494 837 5523 ’⁸
878 5493 1067 5558 Matth,
1093 5508 1186 5554 χιι,
1219 5491 1306 5546 39.
1385 5491 1427 5521 ”
1455 5489 1599 5543 Psal.
1635 5505 1737 5543 Lxx
1758 5506 1853 5553 vtt,
1883 5487 1972 5541 55.

2430 1919 2532 1971 Ἐν
2558 1918 2683 1984 ταῖς
2713 1917 2961 1985 ῥάϐδοις
2989 1917 3212 1971 αὐτῶν.

2503 2009 2645 2061 Ἀπὸ
2697 2008 2920 2076 Ἀρνῶν
2959 2009 3071 2074 ἕως
3115 2009 3333 2070 Ἰαϐὼκ,
3377 2010 3487 2074 ἕως
3544 2009 3692 2063 υἱῶν
3746 2009 3993 2077 Ἀμμάν.

2414 2100 2523 2170 Τὴν
2567 2099 2760 2153 Ἰαϐὼκ
2790 2100 2884 2152 τοῦ
2912 2101 3130 2168 Ἀςιμὰν
3151 2098 3335 2162 οὖσαν,
3359 2102 3586 2171 ἐξαιρεῖ.
3611 2097 3718 2152 Ἦν
3744 2101 3853 2170 γὰρ
3887 2101 3998 2152 τῶν

2414 2194 2477 2244 ὲκ
2508 2180 2599 2243 τοῦ
2645 2191 2769 2243 Λὼτ
2793 2191 3114 2258 γεγονότων.
3156 2190 3436 2259 Πανταχοῦ
3489 2191 3597 2262 γάρ
3644 2193 3772 2254 τοὺς
3828 2189 3994 2244 πολέ-

2417 2300 2550 2351 μους
2573 2283 2696 2343 τοὺς
2731 2283 3088 2350 συγγενικοῦς
3110 2300 3175 2334 πε
3187 2284 3479 2351 ριίσταται.
3511 2284 3662 2353 Αὕτη
3679 2284 3734 2336 δὲ
3753 2285 3902 2352 ὅριον
3926 2278 3997 2354 ἦν

2412 2371 2521 2423 τῶν
2578 2372 2922 2441 Ἀμορραίων
2977 2370 3086 2424 τῶν
3136 2372 3448 2442 ἡλωκότων.
3510 2374 3695 2444 Ἰαζὴρ
3730 2375 3995 2444 ἐτύγχανε

2417 2463 2514 2532 μὲν
2552 2459 2644 2516 οὖν
2700 2465 2798 2532 τῆς
2829 2463 3138 2517 Μωαϐιτῶν
3188 2461 3323 2518 οὖσα
3353 2465 3454 2533 γῆς
3501 2465 3562 2530 ἐξ
3583 2466 3783 2536 ἀρχῆς,
3814 2468 3849 2535 ἡ
3901 2466 3996 2519 τοῦ

2415 2551 2554 2605 Σιὼν
2571 2554 2840 2622 γενομένη
2868 2552 3114 2623 ὕστερον.
3169 2553 3560 2624 Ἀξαιροῦνται
3592 2555 3653 2608 δὲ
3684 2557 3857 2624 αὐτὴν
3885 2557 3997 2608 τῶν

2414 2645 2790 2713 ἀδικησάντων
2835 2647 2883 2698 οἱ
2909 2647 3282 2718 Ἰσραηλῖται,
3327 2647 3436 2700 τῶν
3483 2648 3835 2718 ἀφελομένων
3868 2650 3999 2711 τοὺς

2413 2735 2680 2805 πρότερον
2712 2735 3074 2799 ἐνοικοῦντας.

2495 2826 2684 2879 Ἔστιν
2735 2827 2971 2880 Ἐσεϐὼν
3009 2828 3164 2891 πόλις
3206 2829 3381 2895 Σιὼν,
3421 2831 3670 2884 τουτέστι
3720 2830 3999 2902 μητρόποο

2413 2917 2517 2980 λις.

2485 3008 2586 3059 Διά
2610 3006 2789 3061 τοῦτο
2820 3008 3070 3076 ἐροῦσιν
3107 3011 3161 3063 οἱ
3200 3013 3660 3080 αίνιγματισταΙ.
3695 3014 3792 3065 Διὰ
3836 3012 4000 3067 τοῦτο

2415 3099 2599 3167 ἔλεγον
2641 3103 2689 3153 οί
2728 3103 3255 3172 παροιμιαζόμενοι·
3285 3104 3614 3176 Δικαιοσύνη
3672 3106 3998 3159 συνίσταται

2417 3191 2554 3244 Θεοῦ
2581 3193 2722 3246 κατά
2749 3194 3001 3264 διαδοχὴν
3031 3196 3237 3264 γενεῶν
3287 3197 3516 3267 ὕστερον
3567 3199 4002 3252 ἀνταποδοθεῦτα

2417 3285 2498 3346 είς
2550 3285 2844 3354 ἀφαίρεσιν
2892 3286 2996 3355 τῆς
3024 3289 3147 3356 γῆς,
3207 3287 3273 3358 ἢν
3307 3288 3368 3340 οὐ
3409 3288 3636 3351 δικαίως
3681 3291 4005 3360 Ἀμορραἷοι

2417 3375 2746 3440 κατέλαϐον,
2823 3377 3050 3448 οἰκτρὰν
3104 3380 3480 3450 ἐργασάμενοι
3524 3380 3624 3451 τὴν
3693 3382 4006 3436 Μωαϐιτῶν

2417 3468 2732 3538 πόρθησιν·
2791 3469 2868 3533 ὡς
2898 3471 2992 3524 καὶ
3039 3472 3098 3523 ὲν
3136 3474 3467 3542 παροιμίαις
3512 3473 3824 3544 ἀνθρώπων
3878 3474 4005 3546 ᾄδε-

2418 3559 2654 3631 σθαιτὴν
2682 3561 3022 3615 κατάκαυσιν
3042 3563 3152 3614 τῶν
3187 3547 3723 3634 προενοικησάντων.
3758 3568 3870 3621 Καὶ
3891 3569 4003 3639 γὰρ

2415 3653 2510 3704 καὶ
2538 3653 2774 3723 ὀδυρμόν
2806 3657 3042 3722 ἐπάγει·
3074 3675 3091 3706 ι
3135 3656 3273 3708 Οὐαί
3306 3673 3390 3709 σοι
3425 3699 3439 3721 ,
3465 3655 3664 3726 simas,
3695 3661 3940 3727 ἀπώλου,
3978 3681 3998 3712 ι

2417 3741 2507 3794 καὶ
2530 3745 2597 3794 τὰ
2635 3744 2782 3811 ἑξῆς.
2815 3743 3178 3810 Ἀναστάτους
3196 3749 3304 3818 γὰρ
3326 3747 3480 3818 δηλοῖ
3503 3751 3834 3822 γεγενῆσθαι
3872 3754 4002 3819 τοὺς

2413 3834 2708 3898 Μωαϐίτας
2734 3837 2830 3889 καὶ
2857 3837 3350 3903 διασκεδασθέντας
3376 3841 3531 3903 νέους
3580 3859 3643 3895 τε
3707 3845 3803 3897 καὶ
3848 3845 4003 3908 νέας,

2412 3925 2506 3985 οὓς
2520 3925 2614 3979 νῦν
2646 3927 2778 3991 Θεὸς
2806 3929 3123 4000 ἐξεδίκησεν
3150 3946 3164 3960 ’
3200 3931 3389 4002 ἐπειδὴ
3431 3932 3568 3996 ὅλως
3601 3934 3860 3996 ἀσεϐείας
3905 3936 4006 3989 καὶ

2412 4019 2757 4090 ἀκαθαρσίας
2790 4021 2952 4074 ἕνεκα
2980 4024 3049 4075 τὰ
3081 4022 3207 4093 ἔθνη
3253 4023 3323 4077 τὰ
3359 4027 3718 4096 ὲνοικήσαντα
3769 4026 4006 4081 δέδωκεν

2413 4111 2617 4178 ἐξελεῖν
2644 4115 2757 4175 τοῖς
2788 4113 3181 4186 Ἰσραηλίταις.

2486 4201 2593 4256 Καὶ
2621 4199 3244 4273 κατῴκησεν’⁹1σραὴλ
3265 4206 3338 4260 ἐν
3372 4207 3600 4276 πάσαις
3623 4209 3754 4276 ταῖς
3783 4212 4006 4267 πόλεσι

2412 4292 2534 4348 τῶν
2577 4297 2960 4366 Ἀμορῤαίων.
2988 4299 3190 4371 Διόπερ
3220 4299 3249 4350 ό
3271 4300 3433 4354 Δαϐὶδ
3467 4304 3524 4355 ἐν
3549 4301 3758 4372 ὕμνοις,
3803 4323 3822 4356 ι
3851 4307 4006 4360 Κατ-

2416 4390 2715 4460 εσκήνωσε,
2758 4392 2944 4462 φησὶν,
2979 4392 3036 4444 ὲν
3086 4395 3207 4457 ταῖς
3263 4393 3459 4462 φυλαῖς
3497 4395 3678 4448 αὐτῶν
3705 4397 3804 4460 τὰς
3829 4399 4008 4466 φυλὰς

992 4501 1009 4532 ‹
1065 4481 1314 4535 Instituit
1370 4482 1425 4534 in
1517 4482 1768 4536 tentoriis
1833 4482 2076 4551 ipsorum
2133 4481 2310 4536 tribus
2347 4479 2512 4554 ι)τοῦ
2557 4479 2677 4550 ἰσρι

2347 4501 2388 4554 D
2416 4479 2512 4532 τοῦ
2557 4479 2796 4552 Ἰσραὴλ,
2837 4499 2856 4531 ι
2900 4482 2993 4534 ἐπὶ
3027 4481 3256 4552 δυνάμει
3289 4484 3386 4537 καὶ
3414 4485 3734 4557 δικαιοσύνῃ
3762 4489 3854 4540 τὸν
3871 4488 4007 4544 Θεὸν

2417 4571 2696 4640 ἀνυμνῶν.
2727 4571 2915 4640 Δέγων
2963 4574 3072 4644 γὰρ
3098 4577 3344 4646 περὶτῆς
3375 4577 3610 4648 ἐσχάτης
3663 4580 3872 4644 πόλεως
3902 4581 4008 4651 τῆς

2431 4661 2633 4733 Ἰαζὴρ,
2683 4682 2701 4715 ι
2739 4665 3138 4729 Κατελάϐοντο,
3172 4668 3362 4736 φησὶν,
3399 4669 3600 4740 αὐτὴν,
3649 4673 3863 4737 καὶτὰς
3896 4673 4011 4727 κώο

2423 4773 2530 4825 μας
2562 4756 2751 4826 αὐτῆς,
2785 4758 2879 4809 καὶ
2927 4757 3182 4823 ἐξέϐαλον
3221 4760 3313 4812 τὸν
3351 4759 3682 4832 ’Δμορῤαἴον
3737 4765 3829 4817 τὸν
3874 4783 4010 4819 κατ-

2419 4847 2675 4902 οικοῦντα
2701 4848 2833 4902 ἐκεῖ.
2875 4868 2893 4901 i
2931 4848 3102 4903 Τοῦτο
3129 4850 3352 4918 ἐφ’ὲνὸς
3383 4851 3570 4916 ἔθνους
3610 4854 3705 4907 καὶ
3743 4855 4006 4927 δευτέρου

2419 4939 2710 5008 γενόμενον
2744 4940 2847 4992 ὑπὸ
2873 4940 3176 5006 Μωῦσέως,
3205 4942 3306 5013 τὴν
3335 4942 3460 4995 καθ’
3481 4943 3613 5013 ὅλης
3640 4946 3744 5015 γῆς
3778 4965 4010 5018 γενησοο

2422 5031 2556 5102 μὲνη
2586 5031 2851 5102 πόρθησιν
2879 5032 3112 5100 ἀσεϐῶν,
3144 5033 3241 5086 καὶ
3266 5033 3588 5106 κατοίκησιν
3618 5037 3727 5090 ὑπὸ
3751 5038 4004 5102 δικαίων,

2418 5125 2775 5195 προφητεύει.
2810 5143 2829 5176 ι
2867 5126 3110 5196 Χρηστοὶ
3139 5126 3267 5197 γὰρ,
3310 5127 3478 5197 φησὶν
3497 5170 3511 5195 ,
3538 5127 3754 5182 ἔσονται
3779 5131 4007 5202 οἰκήτο-

2418 5234 2509 5287 ρες
2538 5218 2661 5287 γῆς,
2688 5217 2783 5271 καὶ
2812 5219 2951 5270 ὅσιοι
2985 5216 3484 5287 ὑπολειφθήτονται
3507 5221 3584 5271 -ὲν
3623 5221 3786 5291 αὐτῇ.
3835 5225 3900 5276 Οί
3949 5225 4009 5278 δὲ

2414 5313 2722 5382 παράνομοι
2756 5310 3304 5382 ὲξολοθρευθήσονται
3344 5311 3403 5379 ὲξ
3438 5311 3630 5382 αὐτῆς.
3676 5333 3694 5365 ι

2055 5486 2100 5517 ⁸³
2136 5485 2280 5540 I’sal.
2337 5502 2524 5547 XXXVI,
2564 5485 2653 5541 38.

2246 5603 2475 5658 ΝΟΤΛέ.

799 5725 908 5792 (77)
935 5726 1005 5778 Τὸ
1040 5729 1146 5779 πᾶν
1183 5727 1342 5796 ἔργον
1369 5727 1628 5780 ἅνύουσα.
1650 5727 1832 5779 Ταῦτα
1864 5727 1983 5780 ἀντὶ
2009 5724 2116 5778 τῶν
2141 5727 2304 5796 eme.
2363 5723 2419 5777 ὐ
2461 5727 2582 5780 αὐτ.

796 5798 907 5866 (78)
934 5799 1054 5852 Τῶν
1079 5801 1134 5852 εν
1161 5799 1447 5868 λατομίαις
1485 5798 1677 5852 πόνων.
1719 5799 1773 5851 ’0
1809 5798 1932 5849 αὐτ.
