4266 6446
321 327 422 394 861

1412 345 1944 409 COMMENTARII
1984 350 2064 410 IN
2101 353 2484 416 NUMEROS.

3473 352 3576 412 862

397 445 662 513 Δεύτερος
698 447 797 514 Ὠγ
824 449 851 500 ὁ
878 450 976 518 τῆς
1013 449 1219 513 Βασάν.
1299 455 1352 516 ὃς
1390 455 1574 520 δεδιὼς
1603 460 1766 528 ὅμοια
1793 479 1898 512 πα·
1933 472 1974 521 Α
2076 465 2224 516 Alter
2257 474 2340 518 est
2376 467 2453 534 0g
2484 482 2574 518 rex

1937 472 1974 521 Α
2076 465 2224 516 Alter
2257 474 2340 518 est
2376 467 2453 534 υς
2484 482 2574 518 rex
2615 466 2814 526 Basatl,
2851 466 2941 534 qui
2979 482 3044 518 nc
3089 466 3278 519 eadem
3319 466 3420 516 sibi
3454 481 3578 516 me»

323 533 459 596 θεῖν,
497 535 618 587 οὐδὲ
651 538 950 606 πρεσϐείαν
976 541 1246 610 ἀνέμεινε.
1273 544 1480 614 Θαρρεῑ
1511 548 1607 616 μὲν
1627 549 1721 602 οὖν
1745 551 1902 602 δυνά-

326 642 438 692 μει.
478 625 611 688 Θεὸς
635 628 690 678 δὲ
726 629 964 693 καὶτοὺς
993 633 1249 702 ἰσχυροὺς
1277 636 1578 689 ὑποτάσσει
1603 642 1717 702 τοῖς
1742 641 1900 694 ἀσθε-

323 713 494 778 νέσιν,
526 715 600 777 ὼς
647 719 706 766 ἐν
740 719 1144 788 Δευτερονομίῳ
1166 725 1349 790 φησὶν,
1389 726 1470 776 ὅτι
1493 727 1657 795 Ἐθνη
1692 731 1900 797 μεγάλα

321 806 418 856 καὶ
458 808 782 876 ἰσχυρότερα
811 809 1021 862 ἐαυτῶν
1057 812 1252 865 ἔλαϐον
1293 816 1441 884 παρὰ
1471 817 1628 872 Θεοῦ.
1653 821 1762 872 Καὶ
1787 821 1899 888 εἴγε

320 897 414 948 τὸν
449 899 632 965 νόμον,
662 900 749 967 ἐφ’
779 892 822 966 ᾧ
864 902 1284 972 κατῳκίσθησαν
1306 945 1320 967 ,
1392 908 1682 974 ἐφύλαξαν,
1723 913 1901 979 ἐμφαο

322 989 410 1049 νὲς
439 987 500 1038 τὸ
528 992 627 1058 τῆς
669 990 883 1057 ἀγαθῆς
925 993 1186 1062 Προνοίας
1237 997 1435 1063 ἐγίνετ’
1493 998 1581 1060 ἂν,
1633 1000 1902 1067 αἰσχύνων

321 1081 451 1143 τοὺς
469 1082 562 1132 ἐπὶ
583 1085 694 1145 τοῖς
723 1084 980 1153 πολέμοις
1002 1086 1096 1137 τὸν
1120 1089 1461 1157 Δημιουργδν
1484 1090 1897 1155 διαϐάλλοντας.

322 1171 458 1222 Θεοῦ
493 1172 605 1242 γὰρ
635 1173 784 1238 ἄξιον
825 1175 885 1227 τὸ
920 1177 1196 1229 πολιτείαν
1231 1179 1440 1248 ἀγαθὴν
1487 1181 1607 1234 ἀντὶ
1661 1185 1904 1251 πονηρᾶς

321 1262 564 1329 εἰσάγειν
589 1265 832 1335 ζωῆς.“0
852 1269 942 1320 καὶ
973 1267 1040 1319 δι’
1073 1270 1236 1338 εὐχῆς
1257 1272 1366 1332 τοῖς
1402 1271 1579 1338 ἁγίοις
1632 1273 1900 1339 λέγουσιν,

328 1371 346 1403 ι
389 1354 698 1408 Ἐκλίποιεν
725 1358 1039 1427 ἁμαρτωλοὶ
1081 1362 1188 1412 ἀπὸ
1232 1361 1329 1430 τῆς
1375 1363 1478 1431 γῆς
1526 1367 1621 1415 καὶ
1691 1366 1903 1433 ἄνομοι,

323 1440 464 1495 ὥστε
501 1445 578 1514 μὴ
609 1445 878 1515 ὑπάρχειν
905 1447 1123 1511 αὐτούς.
1166 1468 1183 1496 ›
1219 1449 1343 1510 Πῶς
1380 1450 1436 1502 δὲ
1482 1452 1575 1503 καὶ
1619 1453 1679 1504 οὐ
1723 1455 1900 1524 σωτή-

326 1551 444 1605 ριον
474 1535 551 1603 τῷ
585 1536 779 1606 κόσμῳ
805 1538 864 1588 τὸ
888 1538 1253 1605 γινώσκεσθαι
1283 1542 1419 1593 Θεόν
1453 1561 1466 1607 ;
1495 1543 1522 1594 ὃ
1555 1544 1820 1614 πρόδηλον
1842 1546 1908 1600 ἐκ

320 1626 420 1693 τῆς
450 1625 561 1678 τῶν
591 1629 844 1699 πονηρῶν
869 1630 1198 1700 ἐξαιρέσεως
1230 1632 1483 1717 γίνεται..

390 1895 580 1949 Διττδν
609 1896 763 1961 ἐθνος
790 1900 1152 1969 ταράττεται,
1189 1904 1247 1956 τό
1296 1921 1352 1956 τε
1409 1905 1757 1959 Μωαϐιτικὸν
1811 1908 1906 1959 καὶ

317 1988 380 2039 τὸ
408 1989 824 2042 Μαδιανιτικόν.
852 1993 962 2044 Καὶ
987 1994 1317 2066 άπειπόντες
1357 1996 1446 2050 τὸν
1493 1998 1751 2068 πόλεμον,
1814 2000 1905 2052 ἐπὶ

316 2080 420 2152 τὴν
455 2081 693 2150 μαγείαν
727 2084 1053 2154 ἐτράποντο.

389 2264 608 2316 Διαλύει
645 2265 739 2328 τὰς
766 2266 944 2319 αὐτῶν
968 2267 1192 2333 ἐλπίδας
1226 2270 1377 2336 Θεὸς,
1406 2274 1528 2343 μηδ’
1569 2275 1691 2327 ὅσον
1738 2274 1905 2344 φθέγ-

320 2353 514 2418 ξασθαι
572 2359 934 2426 συγχωρήσας
982 2359 1058 2428 τῷ
1099 2361 1343 2430 Βαλαάμ.
1385 2364 1495 2432 Οὐχ
1551 2365 1631 2416 ὅτι
1690 2366 1906 2435 κατάρα

321 2445 397 2513 μὴ
449 2445 639 2499 δικαία
690 2448 1014 2516 λυμαίνεται
1055 2452 1218 2520 (κατὰ
1273 2453 1381 2524 γὰρ
1419 2456 1509 2506 τὸν
1563 2457 1904 2526 Σολομῶντα,

323 2557 343 2588 ι
393 2539 530 2607 Ἀρὰ
572 2541 776 2609 ματαία
801 2543 898 2594 οὐκ
950 2544 1301 2597 ἐπελεύσεται
1355 2548 1570 2601 οὐδενὶ»
1611 2551 1653 2621 ),
1702 2550 1797 2621 τὴν
1850 2553 1908 2606 δὲ

321 2632 457 2684 ίδίαν
488 2634 808 2703 ἐπικουρίαν
839 2637 1055 2706 ἐμφανῆ
1091 2637 1169 2706 τῷ
1192 2639 1305 2708 λαῷ
1341 2643 1682 2713 καταστῆσαι
1720 2644 1908 2714 βουλό-

320 2741 506 2793 μενος,
533 2725 609 2789 ὡς
639 2725 705 2779 ἂν
740 2728 814 2796 μὴ
836 2729 931 2797 τῆς
960 2731 1243 2788 εὐσεϐείας
1281 2733 1636 2795 σαλεύωνται,
1678 2738 1771 2789 καὶ
1820 2739 1906 2790 ἵνα

318 2820 416 2869 καὶ
437 2817 506 2868 τὰ
544 2817 706 2870 λοιπὰ
740 2818 865 2890 ἔθνη
892 2820 1157 2887 ἐπιγνῶσι
1197 2823 1286 2876 τὸν
1332 2824 1487 2889 Θεὸν,
1530 2827 1669 2880 καθά
1718 2847 1848 2900 φησι
1887 2851 1901 2864 ο

323 2926 342 2957 ι
383 2909 496 2961 Καὶ
524 2909 784 2980 διαγγελῇ
821 2911 879 2962 τὸ
903 2911 1074 2981 ὄνομά
1106 2932 1205 2982 μου
1234 2915 1291 2965 ἐν
1327 2915 1476 2988 πάσῃ
1502 2921 1564 2988 τῇ
1595 2922 1682 2988 γῇ.
1724 2940 1740 2970 ι
1800 2927 1908 2977 καὶ

317 3001 386 3054 τὰ
411 3003 618 3068 σημεῖα
663 3003 773 3072 γὰρ
798 3003 971 3056 ἐποίει
1004 3006 1096 3056 καὶ
1123 3005 1212 3057 διὰ
1260 3004 1351 3057 τὸν
1393 3009 1628 3078 Ἰσραὴλ,
1686 3014 1778 3066 καὶ
1822 3015 1908 3070 διὰ

317 3093 386 3145 τὰ
429 3092 578 3162 ἔθνη,
607 3094 681 3156 ὡς
701 3094 768 3148 ἂν
799 3097 1184 3167 ἐπιστραιρείη.
1215 3099 1392 3152 Πολλὰ
1427 3100 1683 3171 γὰρΘεοῦ
1708 3124 1905 3180 κατορ-

319 3181 508 3237 θοῦσιν
561 3186 906 3254 οἰκονομίαι,
967 3187 1225 3241 δοκοῦσαι
1279 3190 1442 3259 μόνον
1515 3194 1633 3259 ἐνὸς
1687 3196 1907 3266 ἔγεσθαι

320 3275 678 3344 πράγματος.

2009 555 2189 607 nireut
2221 557 2448 618 veritus,
2481 572 2578 610 sua
2617 559 2854 624 polentia
2910 557 3082 610 fretus
3113 558 3326 607 obviam
3369 571 3426 609 se
3468 557 3574 608 illis

2007 649 2190 710 vertit,
2225 649 2662 716 legationemque
2685 663 2876 702 eorum
2913 650 3221 702 antevertit.
3250 648 3409 714 Atqui
3438 647 3577 701 Deus

2007 738 2264 791 robustos
2287 754 2503 808 quoque
2537 739 2813 794 debilibus
2842 739 3084 808 subjicit,
3116 738 3575 807 quemadmodum

2009 824 2062 875 in
2101 822 2522 879 Deuteronomio
2552 826 2686 880 dicit
2717 828 2763 858 “
2791 845 2803 890 ;
2840 843 2964 880 nam
3000 827 3230 896 pepulos
3275 827 3431 892 longe
3463 840 3576 877 ma-

2004 916 2152 984 jores
2184 933 2244 970 ac
2276 918 2537 974 fortiores
2587 937 2645 975 se
2697 921 2789 974 Dei
2849 936 2953 988 cpe
3013 929 3302 988 ceperunt.
3329 920 3505 987 Atque
3531 919 3575 971 si

2010 1007 2305 1077 legemqua
2334 1019 2491 1064 teme
2521 1012 2756 1064 instituti
2787 1020 2916 1066 sunt
2944 1014 3352 1075 observassent,
3394 1011 3576 1062 divina

2009 1097 2349 1165 providentia
2382 1099 2673 1156 manifeste
2709 1117 2829 1156 sese
2861 1103 3196 1155 exseruisset
3231 1104 3439 1169 utique.
3465 1099 3580 1152 Ca:-

2009 1195 2188 1240 teruin
2255 1191 2464 1258 pudore
2527 1191 2830 1246 aﬂ’ecerunt
2868 1192 3087 1244 laudum
3124 1193 3435 1245 bellicarum
3462 1192 3581 1259 opi-

2011 1276 2126 1332 ficis
2154 1280 2573 1335 obtrectatores.
2646 1281 2813 1336 Deum
2878 1285 3024 1335 cnim
3095 1283 3251 1336 decet
3307 1283 3357 1334 in
3397 1284 3582 1336 locum

2010 1385 2189 1438 prava:
2215 1372 2336 1424 vitae
2358 1373 2557 1426 bonum
2591 1375 2804 1428 vivendi
2837 1375 3080 1427 ordinem
3123 1376 3396 1428 invehere.
3424 1375 3582 1438 Quod

2012 1463 2184 1516 sancti
2216 1464 2268 1516 in
2307 1467 2460 1519 IIOViS
2496 1467 2764 1534 imprimis
2796 1469 3019 1531 habent,
3056 1485 3117 1522 ac
3153 1468 3343 1520 dicunt
3376 1486 3388 1520 :
3427 1486 3443 1515 ι
3477 1467 3582 1518 Ex-

2010 1557 2193 1609 cidant
2253 1567 2568 1625 peceatores
2626 1568 2794 1624 terra,
2842 1571 2895 1614 et
2960 1562 3152 1628 iniqui,
3207 1559 3339 1613 adeo
3371 1569 3428 1611 ut
3474 1574 3582 1611 non

2012 1647 2281 1716 supersint
2317 1650 2553 1718 amplius
2588 1653 2651 1703 ’⁵.
2695 1671 2711 1701 ι
2750 1651 2955 1719 Ecquid
2987 1668 3115 1705 vero
3147 1652 3236 1704 Dei
3275 1651 3583 1718 cognitione

2013 1738 2288 1792 salubrius
2323 1741 2528 1792 mundo
2573 1756 2693 1794 esse
2727 1741 2952 1808 potest?
3004 1743 3053 1796 id
3087 1743 3233 1811 quod
3263 1744 3473 1794 clarum
3515 1756 3582 1794 ex

1943 1815 1982 1867 Β
2014 1845 2302 1898 pravorum
2335 1832 2614 1886 cxcisione
2650 1833 2727 1886 ﬁt.

2079 1919 2274 1972 Verum
2331 1931 2452 1989 post
2503 1923 2599 1974 bos
2652 1923 2900 1992 geminus
2964 1923 3220 1976 turbatur
3311 1923 3580 1992 papulus,

2007 2008 2336 2065 Moabiticus
2372 2020 2424 2064 et
2465 2011 2869 2067 Madianiticus.
2909 2015 3008 2080 Qui
3039 2029 3160 2067 cum
3193 2014 3336 2068 bello
3378 2029 3583 2065 renun-

2010 2104 2269 2167 tiassent,
2320 2104 2388 2158 ad
2446 2105 2805 2175 imposturam
2843 2106 3155 2161 Satanicam
3205 2122 3323 2162 sese
3365 2121 3583 2176 recepe-

2008 2206 2155 2246 Γυιιι.

2081 2284 2187 2339 Sed
2230 2301 2354 2355 spes
2379 2287 2621 2356 ipsorum
2687 2289 2977 2344 labefactat
3026 2289 3187 2353 Deus,
3214 2305 3337 2343 cum
3371 2305 3435 2343 ne
3463 2298 3585 2342 tan-

2007 2380 2184 2431 tillum
2233 2381 2453 2449 quidem
2503 2383 2684 2450 eloqui
2747 2381 3003 2434 Balaamo
3052 2382 3417 2450 permisisset,
3477 2397 3582 2432 non

2007 2471 2224 2540 quidem
2256 2473 2400 2542 quod
2436 2476 2743 2528 exsecratio
2772 2475 2970 2542 injusta
2998 2473 3153 2528 Iredat
3181 2493 3194 2540 ;
3224 2473 3383 2544 juxta
3419 2475 3582 2528 Salo-

2007 2582 2222 2619 moneiu
2257 2568 2425 2632 enim,
2469 2587 2486 2617 ι
2525 2566 2846 2621 Exseeratio
2897 2583 3032 2620 vana
3087 2582 3197 2619 non
3237 2567 3586 2636 superveniet

2009 2658 2354 2726 cuiquam“,
2401 2676 2418 2708 ι
2465 2673 2653 2711 verum
2727 2669 2782 2709 ut
2831 2659 3149 2727 przcsidium
3203 2673 3361 2712 sumn
3402 2656 3587 2710 declav

2011 2757 2154 2802 rarct
2188 2749 2407 2816 populo,
2439 2763 2502 2802 ac
2561 2747 2800 2802 ediceret
2832 2765 2896 2802 ne
2941 2764 2968 2800 a
3014 2749 3220 2817 pietate
3248 2748 3586 2809 deciderent,

2010 2841 2364 2909 reliquiaeque
2397 2840 2584 2910 populi
2617 2839 2782 2894 Deum
2811 2847 3199 2908 agnoscerent.
3232 2839 3590 2908 quenzadmo-

2014 2932 2141 2986 dum
2180 2934 2357 3002 inquit
2397 2949 2408 2982 :
2448 2951 2466 2982 ‹
2506 2932 2567 2984 Et
2596 2932 2899 3000 divulgabit
2935 2947 3112 2984 meum
3160 2946 3358 2984 nomen
3393 2931 3445 2982 iu
3480 2938 3585 2983 tota

2014 3026 2246 3078 terra".
2321 3043 2338 3075 ι
2400 3023 2542 3089 Quin
2628 3023 2790 3078 etiam
2858 3025 3010 3091 signa
3074 3023 3244 3075 edidit
3299 3036 3423 3075 cum
3494 3036 3590 3091 per

1937 3153 1978 3210 C
2014 3113 2265 3169 lsraelem
2296 3124 2410 3168 tum
2448 3115 2609 3167 etiam
2643 3129 2734 3182 per
2763 3124 2976 3182 gentes,
3006 3122 3063 3166 ut
3115 3115 3179 3165 ad
3217 3128 3274 3166 se
3302 3122 3590 3165 converte-

2015 3216 2117 3262 ret.
2147 3207 2315 3260 Multa
2351 3207 2497 3261 enim
2530 3207 2794 3274 praeclare
2847 3205 2939 3259 Dei
2977 3205 3379 3270 gubernatione
3430 3206 3589 3266 fiunt,

2014 3312 2134 3366 qua:
2159 3297 2226 3350 ab
2253 3311 2360 3349 uno
2392 3307 2602 3349 tantum
2637 3297 2857 3365 negotio
2891 3296 3131 3361 pendere
3156 3296 3440 3347 videntur.

392 3366 664 3422 Caeterum
705 3369 880 3436 signis
909 3371 1045 3425 nibil
1072 3382 1253 3428 motus
1287 3375 1448 3430 Balac
1501 3379 1795 3434 accersivit
1847 3382 2166 3440 Balaainum
2223 3396 2483 3455 tauquam
2527 3387 2916 3454 pmeutiorem,
2962 3385 3049 3439 cui
3087 3383 3296 3438 indicat
3333 3384 3494 3442 Deus.
3535 3392 3594 3436 ut

319 3456 580 3524 quamvis
615 3456 869 3509 hostilem
910 3459 1110 3511 habeat
1152 3461 1419 3526 animum,
1456 3473 1734 3534 quatenus
1759 3477 1936 3525 tamen
1969 3474 2266 3528 familiaris
2297 3477 2390 3540 sit,
2439 3474 2716 3542 siquidem
2757 3472 3036 3542 orificium
3071 3473 3215 3540 ejus.
3247 3472 3409 3526 etiam
3443 3472 3588 3523 ίιὶνῖ·

321 3551 415 3633 ιιι-ε
448 3548 730 3633 contraria
761 3545 928 3598 dicat.
976 3546 1135 3615 Atqui
1172 3546 1344 3602 Israel
1379 3551 1692 3624 intelligens
1724 3559 1869 3624 quod
1907 3561 2093 3630 ipsum
2129 3579 2230 3618 suo
2257 3564 2433 3633 ipsius
2467 3564 2653 3632 gladio
2690 3562 2998 3630 jugularet,
3038 3560 3299 3628 majorem
3334 3561 3594 3627 concepit

322 3627 603 3682 ﬁduciam.
664 3628 890 3686 Necnon
931 3633 1035 3700 ipsi
1070 3633 1267 3688 Balaae
1315 3651 1536 3707 quoque
1596 3644 1845 3698 ostendit
1911 3627 2051 3718 quos
2082 3627 2348 3719 impedire
2380 3627 2635 3714 conetur,
2669 3627 2780 3704 eos:
2807 3663 3005 3717 nempe
3037 3662 3099 3701 ex
3130 3627 3350 3716 quibus
3380 3649 3593 3699 oiitiua

319 3729 472 3774 esset
509 3721 667 3774 stella
705 3736 831 3788 qua:
865 3730 1056 3791 gentes
1097 3734 1244 3778 esset
1274 3737 1582 3782 servatura.

394 3806 540 3860 Nam
572 3809 680 3861 scio
707 3810 846 3877 quod
872 3811 1060 3879 quibus
1085 3811 1436 3878 benedixeris,
1473 3817 1538 3870 iis
1578 3817 1907 3874 benedictum
1933 3825 2021 3875 sit.
2057 3822 2246 3894 [Χλιῇ
2288 3822 2366 3894 6.]
2416 3823 2507 3879 Vis
2544 3824 2850 3877 daemonum
2883 3824 2935 3875 in
2969 3821 3222 3877 subditos
3253 3821 3444 3873 allii-ax
3484 3829 3593 3882 est,

319 3899 512 3966 quaesi
555 3899 701 3954 Deus
735 3902 970 3954 collsilio
1005 3917 1105 3956 suo
1138 3918 1242 3972 pro
1279 3905 1387 3974 pits
1431 3922 1490 3961 se
1524 3920 1788 3978 apponat,
1843 3922 2159 3975 euervatur,
2206 3913 2669 3985 quemadmodum
2705 3927 2830 3966 cum
2865 3912 3000 3965 Mosi
3032 3911 3380 3964 adversatum
3443 3923 3595 3965 esset

321 3991 509 4058 liquet.
545 3991 708 4059 Atqui
745 3993 930 4060 aliquo
960 4009 1134 4062 usque
1165 4010 1224 4049 se
1245 3997 1500 4054 extendit
1534 4002 1710 4057 virtus
1735 4003 1850 4069 illa,
1879 4003 2340 4074 quemadmodum
2368 4004 2435 4059 de
2475 4005 2667 4074 aspide
2707 4005 2888 4074 inquit
2926 4003 3124 4058 David:
3158 4023 3176 4056 ι
3211 4001 3435 4058 Veneno
3472 4001 3595 4055 inli-

317 4079 477 4132 ciens
518 4093 548 4130 a
588 4079 834 4145 sapiente
867 4079 1111 4134 inficitur
1143 4082 1211 4136 ’⁸.
1253 4102 1272 4134 ι

389 4165 560 4238 418
591 4166 657 4220 Et
690 4167 910 4220 reddam
946 4168 1087 4222 vobis
1117 4171 1272 4224 verba
1311 4189 1429 4242 quis
1495 4175 1703 4230 locutus
1740 4177 1905 4246 fuerit
1942 4177 2198 4234 Dominus
2224 4180 2329 4253 [8.]
2381 4179 2793 4236 Divinationem
2829 4197 2926 4251 per
2962 4181 3238 4235 insomnia
3283 4181 3594 4250 profitetur,

318 4269 485 4323 quam
510 4254 732 4322 quidem
768 4270 874 4308 non
903 4271 934 4309 a
962 4255 1072 4312 Deo
1097 4273 1230 4312 vero
1252 4260 1515 4330 requirit,
1547 4266 1802 4332 quamvis
1877 4265 2165 4322 Dominum
2223 4272 2490 4335 nominet,
2525 4269 2620 4328 sed
2667 4284 2694 4321 ξι
2738 4273 2984 4324 (nemone
3030 4271 3133 4324 sihi
3181 4270 3459 4334 familiari,
3494 4278 3545 4321 et
3569 4285 3596 4320 ιι

319 4343 463 4398 falso
488 4344 653 4399 dictis
683 4344 816 4410 diis,
845 4347 948 4415 qui.
982 4363 1130 4403 nunc
1153 4363 1251 4417 per
1283 4349 1582 4410 insomnia.
1615 4368 1761 4406 nunc
1829 4369 1926 4422 per
1957 4357 2208 4426 auguria,
2253 4372 2402 4410 nunc
2453 4358 2560 4409 alio
2595 4368 2760 4425 atque
2794 4359 2900 4411 alio
2930 4358 3104 4412 'inodo
3142 4372 3240 4411 sua
3285 4357 3597 4410 liomiuibus

320 4434 588 4504 produnt.
654 4432 809 4489 Unde
838 4435 1136 4505 deinceps
1188 4437 1446 4506 sequitur
1479 4455 1492 4491 :
1527 4458 1543 4489 ι
1583 4437 1821 4494 Posthac
1882 4457 1991 4497 non
2036 4443 2316 4512 profectus
2374 4459 2458 4500 est
2502 4446 2718 4498 Balaam
2755 4462 2904 4499 more
2936 4461 3039 4501 suo
3069 4446 3284 4499 obviam
3317 4446 3536 4507 avibus,
3573 4464 3589 4494 ι

320 4522 549 4593 quando
579 4522 722 4576 vidit
749 4532 988 4578 conatus
1017 4539 1150 4580 suos
1175 4540 1300 4580 esse
1331 4526 1541 4590 irritos,
1568 4535 1622 4580 et
1648 4528 1896 4595 linguam
1932 4545 2090 4585 suam
2119 4533 2298 4587 menti
2333 4534 2671 4602 respondere
2703 4548 2811 4587 non
2848 4550 3031 4602 posse.

401 4608 558 4664 Venit
579 4619 759 4664 autem
788 4608 928 4666 Deus
955 4612 1025 4665 ad
1063 4612 1319 4675 Balaam,
1346 4622 1394 4667 et
1419 4615 1555 4667 dixit
1580 4616 1650 4669 ei.
1680 4613 1819 4688 [20.]
1870 4619 2176 4673 Adventum
2209 4621 2385 4690 angeli
2416 4622 2712 4689 significat,
2742 4637 2904 4689 quem
2919 4620 3213 4674 admodum
3253 4619 3344 4673 Dei
3377 4621 3600 4673 nomine

320 4699 552 4770 angelos
579 4697 897 4768 significare
931 4698 1221 4777 Scriptura
1250 4703 1562 4756 consuevit.
1597 4700 1774 4756 Veluti
1801 4719 1926 4758 cum
1951 4707 2157 4761 dicitur
2192 4710 2573 4778 comparuisse
2606 4710 2746 4778 apud
2801 4708 3082 4762 Labanum
3114 4717 3172 4761 ut
3208 4723 3442 4778 pugnam
3474 4723 3598 4760 cum

320 4786 500 4842 Jacob
530 4798 930 4842 remoraretur.
995 4787 1131 4842 Item
1193 4790 1549 4845 Abimelecho
1597 4807 1693 4861 per
1729 4791 2122 4848 Abraliamum.
2165 4794 2301 4850 Cum
2344 4812 2475 4852 vero
2518 4797 2792 4852 secundos
2835 4799 3058 4852 nuntios
3109 4797 3353 4851 misisset
3405 4797 3600 4851 Balaac

325 4891 638 4946 aureosque
672 4884 889 4932 montes
923 4879 1238 4947 pollicendo
1268 4878 1583 4944 invitasset,
1639 4894 1804 4948 super
1853 4880 1957 4934 hoc
2005 4884 2224 4952 negotio
2259 4898 2390 4938 suos
2418 4882 2702 4938 daemones
2760 4884 2959 4938 iterum
2991 4883 3254 4950 consulit,
3295 4883 3437 4951 quod
3471 4898 3601 4952 erga

328 4961 501 5018 Deum
543 4980 601 5020 se
626 4964 810 5020 facere
866 4964 1027 5019 dicit.
1088 4965 1329 5037 Angelus
1375 4967 1541 5035 igitur
1571 4982 1695 5021 cuin
1726 4970 2096 5037 apparuisset,
2141 4973 2353 5025 veniam
2410 4973 2636 5026 nuntios
2668 4971 3042 5026 consectandi
3075 4971 3349 5025 concedit.
3389 4968 3595 5024 Verum

327 5053 433 5106 iter
464 5052 645 5122 ipsum
682 5065 906 5123 propter
937 5054 1365 5123 permissionem
1411 5056 1560 5108 illam
1592 5055 1765 5108 uiliilo
1804 5057 1999 5114 melius
2057 5068 2175 5125 est;
2231 5077 2355 5116 nam
2400 5077 2524 5116 cum
2573 5063 2736 5116 rebus
2768 5077 2905 5131 quas
2945 5061 3100 5130 prius
3136 5060 3384 5113 audierat
3443 5059 3602 5114 tidem

324 5142 647 5213 derogaret.
683 5142 1054 5214 interrogavit
1089 5144 1314 5209 iterum,
1349 5145 1555 5214 opibus
1588 5144 1817 5200 interim
1852 5147 2088 5208 inhians.
2127 5165 2296 5218 quare
2346 5151 2523 5220 ipsum
2576 5166 2680 5206 suo
2713 5151 2969 5220 permisit
3009 5148 3249 5218 ingenio.
3285 5147 3593 5201 Confestim

325 5231 496 5302 igltur
519 5234 714 5285 stravit
744 5235 981 5298 asinam,
1016 5249 1083 5287 ne
1111 5249 1139 5284 a
1170 5233 1279 5288 Deo
1310 5232 1666 5288 revocaretur
1722 5235 1953 5290 veritus.
2033 5235 2307 5302 Quocirca
2369 5240 2416 5293 ei
2465 5249 2725 5308 tanquam
2785 5237 3032 5291 malefico
3073 5238 3389 5305 indignatur
3412 5237 3603 5299 etiam,

322 5321 580 5391 quamvis
617 5336 726 5375 non
761 5331 998 5382 avertat.
1026 5337 1093 5376 ne
1119 5323 1230 5376 vim
1266 5323 1343 5376 illi
1373 5321 1559 5389 facere
1617 5324 1884 5379 videatur.
1930 5322 2049 5392 Ipse
2086 5341 2216 5380 vero
2243 5308 2324 5380 est
2350 5329 2442 5397 qui
2467 5328 2948 5398 comprehenderis
2978 5328 3146 5378 vincit
3224 5327 3502 5393 sapientes
3547 5325 3605 5394 in

323 5413 531 5467 astutia
562 5429 663 5467 sua
695 5413 762 5466 ”.
803 5413 938 5466 Nam
972 5415 1172 5484 lingua:
1197 5431 1325 5469 cum
1373 5417 1442 5469 sit
1474 5416 1592 5484 ipse
1627 5414 1834 5485 opifex,
1865 5431 1984 5471 eam
2016 5429 2114 5485 pro
2138 5414 2368 5468 arbitrio
2419 5430 2520 5469 suo
2549 5417 2712 5483 regit,
2740 5415 2906 5468 etiam
2940 5430 3064 5466 eum
3092 5414 3139 5467 ei
3171 5428 3276 5466 non
3300 5415 3433 5466 utile
3460 5421 3604 5467 esset

323 5501 502 5565 abire,
537 5517 664 5558 cum
708 5503 904 5560 Balaac
931 5507 1075 5559 enim
1109 5506 1270 5576 perit,
1297 5521 1534 5574 cumque
1566 5508 1828 5574 populum
1861 5506 1924 5560 de
1955 5506 2128 5574 ipsius
2152 5503 2489 5574 providentia
2561 5505 2892 5574 persuadere
2924 5504 3108 5556 vellet.

400 5589 470 5644 Et
496 5593 639 5645 stetit
662 5594 881 5664 angelus
904 5605 960 5647 ut
996 5593 1272 5664 impediret
1305 5594 1482 5648 illum.
1547 5591 1686 5666 [ει]
1718 5593 1853 5647 Cum
1907 5594 2086 5648 verbis
2111 5608 2236 5648 eum
2280 5595 2629 5664 castigasset,
2679 5594 3035 5660 animumque
3081 5589 3147 5642 ad
3193 5588 3432 5642 divinam
3478 5604 3606 5658 pro.

402 5737 446 5767 ’δ
476 5735 632 5789 Deut.
661 5751 734 5797 iv,
768 5736 861 5791 38.
938 5735 983 5768 "
1007 5733 1149 5792 Psal.
1181 5749 1297 5797 cui,
1337 5734 1429 5790 55.
1505 5732 1548 5764 "
1581 5731 1744 5788 Prov.
1779 5747 1924 5796 nvr,
1962 5731 2016 5786 2.
2096 5733 2139 5763 "’
2175 5730 2346 5786 Exod.
2381 5747 2457 5797 ιι,
2492 5732 2575 5786 16.

1962 5731 2016 5786 2.
2096 5733 2139 5763 "’
2175 5730 2346 5786 Exod.
2381 5747 2457 5797 ιι,
2492 5732 2575 5786 16.
2654 5733 2697 5764 ’⁸
2727 5731 2886 5787 Prov.
2921 5726 3138 5796 xxI,11.
3190 5729 3232 5758 ὀ
3267 5725 3367 5781 Job
3403 5741 3458 5790 v,
3496 5727 3595 5791 15;

333 5807 503 5863 ιουτ.
539 5823 625 5875 ιιι,
661 5806 745 5862 19.

938 5735 983 5768 "
1007 5733 1149 5792 Psal.
1181 5749 1297 5800 cui,
1337 5734 1429 5790 55.
1505 5732 1548 5764 "
1581 5731 1744 5788 Prov.
1779 5747 1924 5796 nvi,
1962 5731 2016 5786 2.
2096 5733 2139 5763 ’⁷
2175 5730 2346 5786 Exod.
2381 5747 2457 5798 ιι,
2492 5732 2575 5786 16.
