4266 6446
711 347 819 408 863
2054 353 2396 415 PROCOPI]

2309 356 2408 415 PII
2447 355 2691 416 ΟΑΖίΕῐ
2864 425 2866 427 ς
3894 348 3994 413 864

713 457 955 525 phetiam
1011 455 1432 524 suscipiendum
1479 465 1624 510 metu
1685 458 2068 521 instruxisset,
2106 459 2310 515 factum
2337 461 2655 516 subintulit.
2699 463 2820 526 Quo
2855 473 2922 512 eo
2956 459 3078 527 ipso
3119 472 3338 526 quoque
3364 458 3605 524 quantus
3637 451 3691 502 in
3726 451 3989 510 immensa

713 546 803 597 l)ei
843 544 1192 613 providentia
1221 545 1522 597 thesaurus
1559 553 1709 598 esset
1740 547 2020 614 repositus
2057 546 2321 602 Israelita:
2361 548 2762 616 intelligerent,
2803 561 3028 616 quoque
3074 544 3139 598 de
3184 543 3409 597 Christo
3461 537 3722 594 vaticinia
3758 554 3866 593 nou
3902 558 3989 594 so-

711 633 820 684 'um
857 633 909 683 in
938 630 1140 684 lsraele
1173 639 1507 684 tererentur.
1543 630 1677 682 Nam
1713 642 1893 687 metus
1925 648 1953 686 a
1988 634 2216 702 magica:
2283 635 2471 688 studio
2506 634 2762 691 abduxit.
2823 644 2877 687 et
2926 634 2978 684 iu
3025 631 3264 700 gratiam
3317 628 3480 683 Balac
3530 628 3640 681 Deo
3671 627 3984 693 rebellaret,

709 717 911 772 etleeit.
946 718 1422 783 Quemadmodum
1458 717 1595 770 Mosi
1633 735 1857 786 quoque
1885 723 2080 775 eodem
2117 721 2303 775 habitu
2331 724 2610 792 apparuit,
2648 730 2707 774 ut
2731 722 2781 775 ei
2815 729 3019 774 metum
3043 719 3332 780 eximeret,
3369 734 3436 770 ne
3471 719 3814 771 Pharaooeu.
3839 719 3985 771 exti-

709 814 1000 866 iuesceret,
1042 805 1267 872 Deoque
1329 805 1526 857 inobed
1562 821 1656 859 τηις
1709 815 1879 864 esset.
1930 806 2160 860 Instruit
2213 824 2341 863 vero
2385 825 2509 862 eum
2541 811 2607 863 ad
2653 809 2904 863 divinum
2937 808 3294 861 vaticinium.
3335 805 3466 858 Nam
3497 807 3775 876 apparitio
3806 807 3985 875 angeli

709 904 912 944 ιηιιιιιιιι
949 893 1102 950 feeit.
1141 908 1301 960 quem
1333 892 1540 944 indicat
1577 893 1745 945 etiam
1783 895 1885 947 hoc
1907 895 2055 963 quod
2090 893 2261 949 Deum
2291 897 2433 950 dixit
2469 913 2565 966 pro
2607 897 2825 966 angelo,
2876 897 3200 964 angelorum
3253 897 3457 963 quippe
3493 906 3825 961 conspectus
3852 896 3983 947 ami-

707 1000 734 1035 ι·
765 997 787 1031 s
820 997 907 1035 res
933 982 1341 1048 jucundissima
1366 996 1490 1033 esse
1522 983 1685 1040 solet,
1719 982 1976 1037 hostibus
2005 998 2137 1037 vero
2165 985 2444 1039 horrenda
2486 987 2668 1039 valde.
2704 985 2981 1040 Ca-terum
3014 986 3169 1037 asina
3201 983 3446 1051 ipsorum
3497 983 3737 1052 ineptias
3770 983 3983 1051 prospi-

711 1071 886 1130 ciens,
921 1084 1015 1121 eas
1041 1071 1346 1135 redarguit,
1386 1069 1590 1120 malmn
1621 1071 1766 1122 enim
1799 1084 1996 1124 cavere
2028 1071 2203 1125 satius
2239 1081 2324 1124 est
2355 1089 2520 1142 quam
2577 1073 2909 1136 admittere;
2957 1071 3236 1138 simulque
3293 1069 3526 1133 indicat,
3560 1068 3707 1138 quod
3759 1068 3810 1124 si
3857 1069 3982 1137 quis

710 1158 818 1208 [leo
851 1159 922 1209 sit
946 1156 1272 1209 inobediens
1303 1158 1533 1221 angelus
1564 1171 1668 1208 nou
1713 1157 1885 1208 aliter
1918 1172 2032 1210 rem
2066 1158 2319 1223 aestimet,
2368 1161 2693 1230 aequiusque
2733 1159 2877 1213 ferat
2910 1173 3075 1228 quam
3107 1159 3149 1212 si
3193 1157 3312 1226 ipse
3351 1165 3710 1226 contemptus
3739 1166 3887 1210 esset
3917 1170 3982 1210 ac

707 1245 1178 1314 neglectus-Illud
1214 1262 1342 1296 vero
1366 1245 1514 1313 quod
1546 1254 1828 1314 spectatur
1857 1247 2097 1314 speciem
2129 1247 2428 1315 quamdam
2480 1263 2664 1302 rerum
2695 1247 2880 1308 habet,
2916 1260 3108 1299 revera
3151 1253 3338 1299 tamen
3373 1244 3513 1297 nihil
3539 1255 3648 1308 est,
3684 1259 3794 1297 non
3832 1242 3980 1297 enim

701 1333 916 1398 gladius
944 1334 1156 1399 angelis
1192 1341 1295 1390 est.
1335 1349 1434 1385 nec
1465 1334 1668 1385 ferrum
1704 1333 1757 1385 in
1790 1335 1932 1386 coalo
1964 1351 1978 1398 ;
2014 1335 2199 1386 omnia
2229 1349 2359 1387 vero
2398 1334 2557 1403 plena
2594 1334 2828 1388 terroris
2864 1340 2998 1387 sunt
3026 1332 3075 1385 ei
3111 1331 3204 1400 qui
3237 1340 3387 1386 metu
3421 1330 3652 1401 indiget,
3678 1332 3842 1385 etiam
3873 1345 3979 1384 vox

703 1422 815 1484 ipsa
851 1421 1014 1472 asini.
1047 1419 1218 1472 Porro
1248 1421 1361 1486 ipsa
1395 1420 1536 1472 visio
1569 1419 1853 1472 auditione
1887 1420 2063 1472 multo
2122 1420 2446 1473 horribilior
2487 1422 2768 1490 irrogatur
2801 1421 2852 1472 ei
2882 1420 2975 1487 qui
3013 1425 3371 1487 spectaturus
3402 1427 3518 1472 erat
3558 1420 3838 1487 angelum,
3870 1432 3979 1472 non

693 1519 762 1560 eo
799 1504 924 1563 ﬁne,
961 1513 1016 1556 ut
1044 1514 1191 1558 metu
1260 1505 1345 1558 sui
1399 1506 1504 1557 iter
1557 1506 1974 1571 intercluderet,
2022 1521 2147 1559 eum
2195 1508 2374 1576 ipsum
2411 1509 2460 1561 ei
2490 1519 2636 1563 esset
2682 1521 3047 1572 concessum,
3099 1521 3293 1561 verum
3345 1515 3404 1560 ut
3443 1506 3511 1574 ab
3543 1506 3759 1560 insidiis
3784 1513 3981 1559 contra

698 1610 1085 1661 quemcunque
1121 1603 1445 1662 praetextum
1473 1595 1841 1647 abstraheret.

768 1705 1031 1773 Angi-lum
1086 1719 1216 1756 vero
1276 1705 1426 1755 illum
1483 1703 1991 1756 Micbaclem-esse
2039 1703 2286 1766 tradunt,
2321 1716 2368 1773 Α

2321 1716 2368 1773 Α
2461 1706 2564 1757 Τὸν
2610 1703 2841 1773 ἄγγελόν
2912 1721 3047 1773 φασι
3102 1703 3324 1773 Μιχαὴλ
3382 1698 3525 1755 εἶναι
3594 1703 3684 1756 τὸν
3731 1703 3981 1771 ἐγκεχει-

698 1812 816 1846 ίιιιιιι
849 1795 1094 1848 videlicet
1126 1796 1217 1862 qui
1251 1795 1507 1846 lsraelem
1543 1803 1625 1848 cst
1656 1794 1902 1847 adortus.
1926 1792 2287 1849 Hebraismus

2397 1799 2652 1867 ρισμένον
2675 1798 2766 1850 τὸν
2791 1797 3030 1867 Ἰσραήλ.
3049 1796 3123 1847 Τὸ
3135 1795 3213 1862 δὲ,
3233 1795 3530 1861 διαϐαλεῖν,
3551 1796 3610 1848 τὸ
3635 1795 3733 1865 μὲν
3760 1794 3983 1865 Ἐϐραῖ-

695 1883 910 1951 quidem
943 1883 1216 1948 impedire.
1253 1885 1480 1952 Aquilus
1504 1900 1630 1937 vero
1664 1883 1833 1937 Salan
1881 1883 2064 1938 habet.
2118 1882 2291 1938 Theo-

2395 1891 2489 1942 κὸν
2517 1891 2608 1943 καὶ
2625 1888 2877 1956 Ἀκύλας,
2901 1887 3122 1950 Σατὰν,
3143 1886 3257 1957 ἔχει
3278 1904 3290 1918 ·
3327 1887 3356 1939 ὁ
3387 1888 3445 1940 δὲ
3469 1887 3791 1952 Θεοδοτίων,
3820 1886 3983 1940 ἀντι-

694 1977 878 2028 dotion
915 1975 1146 2027 obstare.

963 1976 1146 2027 bstare.
2396 1981 2648 2036 κεῖσθαι.

767 2067 895 2120 Etsi
913 2085 1012 2121 non
1029 2069 1345 2121 (lcdiuasset
1366 2084 1544 2120 coram
1565 2084 1662 2121 me.
1683 2066 1873 2138 [ΧΧῐΙ.
1890 2066 2287 2140 35.]0bedien-

2467 2075 2573 2127 Kal
2605 2074 2721 2127 νῦν
2747 2074 2799 2126 sl
2822 2075 2908 2142 μὴ
2936 2074 3249 2139 ἐξέκλινεν
3277 2072 3379 2127 ἀπ’
3404 2071 3571 2143 ἐμοῦ.
3601 2071 3675 2124 Τὸ
3731 2070 3984 2135 εὐπειθὲς

695 2165 765 2212 lia
806 2162 926 2228 ejus
963 2162 1060 2214 tibi
1094 2161 1255 2213 saluti
1292 2160 1410 2214 fuit.
1447 2161 1524 2212 lta
1566 2160 1704 2228 perit
1740 2159 1994 2214 videlicet
2017 2158 2288 2228 quidquid

2396 2164 2614 2231 ἐκείνης
2663 2165 2854 2232 γέγονέ
2896 2181 2979 2216 σοι
3045 2166 3331 2234 σωτήριον.
3390 2161 3578 2224 Οὕτως
3613 2161 3880 2214 ἀπόλλυσι
3919 2161 3982 2214 τὸ

697 2252 806 2304 lien
869 2263 953 2306 est
1013 2253 1343 2316 adversum,
1414 2251 1885 2322 quemadmodum
1950 2253 2188 2307 tenebrae
2257 2267 2286 2306 a

2395 2253 2532 2323 πρὸς
2565 2253 2701 2306 Θεὸν
2752 2254 3087 2326 ἐναντίωμα,
3149 2255 3402 2325 καθάπερ
3449 2253 3752 2308 ἀπόλλυται
3787 2253 3981 2316 σκότος

695 2351 835 2399 iure.

2393 2348 2497 2400 ὑπὸ
2532 2348 2728 2415 φωτός.

764 2438 1030 2503 Quoniam
1085 2456 1188 2491 non
1242 2439 1360 2492 novi
1401 2440 1542 2508 quod
1613 2446 1668 2490 tu
1711 2448 1896 2490 contra
1953 2453 2033 2489 me
2091 2447 2284 2490 stares.
2338 2451 2345 2460 ·

2338 2451 2345 2460 ‘
2466 2440 2549 2492 Οὐ
2572 2438 2682 2506 τὰρ
2711 2439 3084 2510 ἠπιστάμην,
3116 2440 3206 2494 ὅτι
3233 2441 3315 2512 σύ
3345 2458 3440 2508 μοι
3473 2439 3876 2505 ἀνθέστηκας.
3917 2437 3980 2492 ΕΞ

691 2529 832 2602 ιῦί.]
860 2532 1013 2595 Quod
1043 2532 1085 2586 si
1113 2547 1300 2585 verum
1337 2531 1538 2584 fatetur
1589 2545 1714 2583 cum
1759 2529 2012 2583 veritatis
2044 2527 2286 2582 indictus

2393 2532 2467 2602 μὴ
2494 2530 2750 2599 ψεύδεται
2791 2532 2864 2595 ὡς
2893 2533 3153 2602 ἀληθείας
3189 2534 3404 2605 ἐχθρὸς,
3450 2532 3609 2603 δῆλός
3671 2533 3841 2596 ἐστιν,
3904 2531 3982 2592 ὡς

689 2633 835 2675 esset
863 2623 1056 2685 hostis,
1101 2639 1159 2678 se
1196 2638 1261 2678 ex
1311 2624 1472 2678 nudis
1510 2622 1694 2676 verbis
1749 2622 1814 2674 ad
1865 2635 1927 2676 se
1975 2620 2132 2673 factis
2176 2633 2284 2670 non

2387 2625 2484 2692 οὐχ
2515 2621 2686 2687 οὕτως
2711 2626 2818 2676 ἀπὸ
2850 2625 2960 2677 τῶν
2989 2627 3297 2696 εἰρημένων
3328 2627 3503 2694 λόγων
3549 2623 3780 2694 ἐγνώκει
3822 2621 3982 2680 Θεόν.

690 2718 982 2781 agnovisse.
1034 2715 1201 2770 Deum
1267 2724 1524 2779 testatur,
1563 2722 1904 2784 quapropter
1939 2712 2112 2784 angeli
2147 2713 2284 2765 visio

1939 2712 2112 2784 angeli
2147 2713 2284 2765 visio
2390 2717 2554 2771 Ὅθεν
2585 2719 2884 2786 ἀναγκαῖον
2914 2718 3009 2770 τοῦ
3039 2719 3274 2787 ἀγγέλου
3303 2720 3364 2772 τὸ
3391 2719 3593 2788 θέαμα.

690 2809 1005 2861 necessaria
1038 2818 1176 2861 erat.

762 2901 1028 2955 Subduxit
1057 2918 1175 2954 eum
1207 2904 1260 2954 in
1289 2903 1498 2954 excelsa
1553 2901 1711 2954 Baal.
1767 2899 1909 2972 [ιι]
1957 2900 2254 2969 lmpiorum
2299 2898 2706 2952 sacrificiorum
2736 2901 2892 2953 locus
2935 2897 3451 2955 machinationibus
3489 2907 3689 2954 colitra
3719 2896 3984 2954 Israelem

687 2991 1022 3052 destinatur,
1056 3002 1392 3059 argumento
1432 2989 1836 3044 imbecillitatis
1887 2988 2224 3047 daamouum,
2289 2988 2668 3042 multitudinis
2701 2988 3079 3050 victimarum,
3118 2997 3173 3042 et
3221 2989 3437 3043 technm
3494 2986 3742 3041 Balaami
3768 2988 3864 3056 qui
3902 2993 3988 3042 tot

687 3087 952 3144 tantaque
986 3088 1256 3145 gesserat.
1288 3077 1440 3130 Nulla
1473 3080 1619 3131 enim
1657 3078 1740 3131 vis
1773 3088 1969 3131 contra
2006 3076 2326 3130 Dominum.
2370 3072 2514 3141 Quin
2544 3085 2599 3130 et
2632 3077 2809 3131 sacris
2841 3092 2901 3131 se
2927 3077 3114 3147 jungit
3140 3075 3365 3143 Balaac,
3391 3076 3673 3146 simulque
3699 3082 3986 3144 operatur,

686 3183 797 3237 quo
828 3169 1126 3222 infirmitas
1158 3183 1220 3219 ea
1267 3169 1338 3220 sit
1372 3167 1708 3220 evidentior.

759 3254 872 3324 Ego
907 3255 1099 3308 rodant
1127 3257 1174 3308 si
1209 3257 1346 3324 forte
1375 3255 1635 3308 Dominus
1671 3254 1803 3307 milii
1825 3253 2031 3306 obvium
2062 3254 2180 3322 ﬁat.
2218 3249 2436 3323 [XXIIL
2481 3248 2560 3323 3.]
2592 3250 2880 3305 Daemones
2923 3250 3025 3305 sibi
3085 3250 3136 3304 l'a
3163 3251 3393 3305 iziliares
3425 3247 3692 3312 consulit,
3723 3263 3752 3302 a
3775 3249 3990 3319 ugttriis

685 3344 831 3397 enim
870 3345 946 3396 uti
974 3355 1365 3398 consueverat.
1415 3342 1616 3396 Verum
1650 3358 1845 3397 eorum
1889 3343 2022 3393 nulli
2060 3355 2392 3410 comparere
2448 3349 2534 3395 est
2595 3342 2950 3410 permissum.
3009 3339 3172 3395 Venit
3200 3339 3368 3413 419
3401 3348 3581 3395 autem
3623 3338 3858 3392 nuntius
3893 3337 3992 3395 Dei

687 3435 781 3502 qui
816 3433 951 3484 nihil
975 3431 1197 3499 quidem
1234 3433 1401 3494 dixit,
1442 3432 1538 3485 sed
1585 3432 1737 3485 ineo
1762 3445 1885 3500 qua:
1912 3428 2170 3483 dicturus
2195 3439 2342 3484 esset
2366 3437 2632 3499 operatus
2656 3439 2763 3484 est.

761 3547 908 3600 Dixit
943 3549 1135 3617 igitur,
1160 3564 1256 3617 pro
1282 3559 1534 3613 oreratus
1566 3559 1664 3612 est,
1693 3549 1953 3617 ponitur;
1993 3563 2100 3601 non
2129 3547 2274 3602 enim
2313 3547 2352 3600 Β

2313 3547 2352 3600 Β
2455 3549 2550 3613 Τὸ,
2579 3549 2770 3610 εἶπεν,
2802 3547 2924 3600 ἀντὶ
2956 3545 3074 3612 τοῦ,
3106 3547 3471 3615 ἐνήργησεν.
3517 3548 3592 3601 Οὐ
3639 3550 3748 3619 γὰρ
3787 3544 3992 3619 ἐρρέθη

687 3639 849 3692 verba
888 3640 962 3692 illi
1025 3639 1170 3692 facta
1229 3651 1378 3705 sunt,
1422 3642 1514 3695 sed
1572 3642 1792 3695 animus
1834 3648 2134 3710 apparatus
2174 3650 2277 3696 est.

2384 3643 2628 3710 ῥήματα,
2664 3640 2800 3692 ἀλλὰ
2825 3638 3254 3708 παρεσκευάσθη
3284 3639 3509 3710 ἡψυχὴ.
3536 3640 3755 3693 Μᾶλλον
3780 3639 3837 3692 δὲ
3862 3655 3990 3707 νοη-

687 3731 859 3783 l‘orro
895 3731 1024 3797 quid
1060 3733 1530 3787 incommoditatis
1561 3733 1667 3786 erit
1701 3734 1906 3786 sentire
1929 3734 2074 3802 quod
2108 3749 2286 3802 augu-

2381 3735 2523 3795 τὲον,
2558 3733 2633 3795 ὠς
2673 3731 2773 3784 οὐκ
2798 3733 3078 3800 ἐχρήσατο
3110 3730 3362 3800 συνήθως
3396 3733 3510 3793 τοῖς
3551 3733 3794 3792 οἰωνοῖς,
3849 3729 3992 3798 θαῤ-

686 3822 783 3874 riis
823 3836 928 3872 non
969 3821 1133 3874 solito
1167 3838 1317 3875 more
1349 3837 1483 3875 usus
1523 3823 1615 3886 sit,
1656 3823 2174 3890 speransnimirum
2204 3823 2283 3874 fu-

2386 3824 2494 3892 ρῶν
2515 3823 2664 3891 αὐτῷ
2697 3821 3133 3890 συναντήσεσθαι
3164 3822 3256 3873 τὸν
3282 3820 3531 3887 εἰπόντα,
3552 3822 3636 3874 ὅτι
3662 3823 3729 3874 Ὃ
3755 3819 3821 3874 ἂν
3851 3820 3995 3872 εἴπω

685 3920 869 3965 turum
904 3913 1007 3966 sibi
1059 3913 1279 3966 obviam
1314 3929 1438 3966 eum
1476 3913 1568 3982 qui
1613 3912 1852 3978 dixerat,
1910 3913 2286 3982 quodcunque

1124 3914 1279 3965 iviam
1314 3929 1438 3966 eum
1476 3913 1568 3982 qui
1613 3912 1852 3978 dixerat,
1910 3913 2286 3982 quodcunque
2388 3934 2491 3981 σοι,
2525 3916 2809 3984 λαλήσεις.

683 4024 783 4076 ego
819 4006 916 4058 tibi
946 4005 1233 4059 dietavero
1275 4006 1544 4075 loqueris.

759 4097 826 4150 Et
868 4099 970 4166 fuit
1004 4101 1223 4165 spiritus
1255 4100 1350 4152 Dci
1390 4103 1441 4152 in
1475 4101 1612 4169 ipso.
1654 4098 1795 4152 Metu
1828 4099 1974 4153 enim
2003 4097 2408 4167 apparitionum
2446 4093 2754 4148 adornatus
2790 4093 2993 4157 fuerat,
3021 4106 3123 4146 nec
3155 4090 3361 4147 mirum
3399 4104 3555 4150 sane,
3599 4104 3726 4142 eum
3758 4100 3810 4143 et
3832 4090 3995 4145 asina

684 4188 913 4256 spiritus
952 4189 1103 4242 illius
1127 4188 1426 4242 eﬂieaeiam
1461 4188 1788 4256 recepisset,
1825 4189 2086 4255 quamvis
2119 4189 2399 4257 ignoraret
2439 4198 2561 4251 qua:
2602 4182 2946 4236 dicerentur.
2997 4179 3142 4234 Deus
3172 4179 3320 4234 enim
3353 4195 3422 4234 ex
3456 4176 3732 4248 lapidibus
3767 4193 3997 4248 quoque

684 4293 872 4332 vocem
911 4280 1166 4342 suscitat,
1193 4277 1351 4346 juxta
1388 4279 1520 4332 illud
1553 4295 1564 4329 :
1605 4297 1621 4328 ι
1662 4276 1820 4343 Quod
1849 4279 1896 4332 si
1929 4277 2215 4331 tacuerint
2258 4274 2361 4339 illi,
2401 4273 2618 4342 lapides
2652 4269 3113 4324 vociferabuntur
3148 4269 3214 4322 ³³.
3259 4287 3277 4319 ι

739 4378 822 4443 Ἐι
855 4401 1128 4456 assumpta
1157 4390 1419 4458 ρηναύοἰα
1465 4388 1566 4461 [7.]
1609 4389 1724 4445 Hoc
1771 4389 1936 4443 modo
1966 4389 2277 4457 sapientem

2461 4381 2570 4436 Καὶ
2596 4380 2921 4435 ἀναλαϐὼν
2952 4380 3068 4446 τὴν·
3109 4378 3471 4447 παραϐολὴν
3497 4379 3705 4435 αὐτοῦ.
3745 4377 4002 4448 Παραϐο-

682 4501 994 4540 sermonem
1051 4500 1248 4538 vocare
1307 4483 1593 4552 Scriptura
1658 4484 1820 4546 solet,
1868 4482 2027 4551 juxta
2088 4481 2274 4535 illud:

2389 4474 2508 4544 λὴν,
2552 4471 2645 4525 τὸν
2685 4472 2849 4540 σοφὸν
2879 4471 3036 4538 λόγον
3063 4470 3255 4524 εἴωθεν
3290 4473 3322 4540 ἠ
3358 4470 3551 4542 Γραφὴ
3598 4469 3815 4538 λέγειν,
3851 4469 4002 4524 κατὰ

686 4600 704 4631 ι
743 4581 999 4649 Aperiam
1042 4578 1095 4631 in
1123 4577 1379 4646 parabola
1410 4593 1471 4630 os
1503 4591 1686 4630 meum
1723 4576 1789 4628 ³’.
1837 4594 1855 4626 ι

2387 4568 2467 4632 τὸ,
2509 4585 2527 4618 ι
2578 4563 2805 4628 ’Δνοίξω
2841 4565 2899 4617 ἐν
2936 4563 3229 4634 παραϐολῇ
3261 4563 3323 4616 τὸ
3353 4563 3531 4632 στόμα
3561 4579 3688 4632 μου.
3726 4581 3744 4614 ι

754 4697 895 4751 Dicit
927 4706 1108 4748 autem
1141 4709 1202 4747 ea
1237 4707 1360 4760 qua:
1390 4692 1762 4745 Israelitarnm
1799 4689 1993 4743 audire
2025 4687 2265 4742 maxime
2295 4686 2581 4747 intererat,
2611 4695 2731 4750 qum
2766 4681 2818 4732 in
2853 4680 3214 4749 proverbium
3244 4687 3404 4732 erant
3432 4678 3673 4741 abitura,
3707 4677 4006 4733 lsraelem-

679 4803 784 4854 que
819 4784 1048 4838 mirifice
1079 4799 1206 4852 erga
1249 4781 1415 4836 Deum
1447 4779 1731 4834 afi‘ectura.
1767 4775 2013 4843 Qu'orum
2050 4777 2305 4832 lsraelem
2339 4769 2772 4826 eozninouefaeit
2807 4782 3029 4838 quoque
3073 4782 3168 4836 per
3203 4766 3485 4820 Michzeam
3520 4768 3687 4830 Deus,
3729 4781 3854 4820 eum
3897 4767 4002 4820 in-

679 4880 798 4939 qnit
839 4895 849 4928 :
893 4893 908 4924 ι
948 4872 1153 4942 Popnle
1181 4873 1274 4935 mi,
1311 4871 1442 4940 quid
1475 4869 1578 4923 feci
1611 4870 1708 4924 tibi
1746 4870 1843 4931 ³³;›
1876 4877 1929 4922 et
1961 4882 2080 4936 qiue
2113 4867 2396 4930 deinceps.
2426 4861 2580 4928 Quod
2608 4862 2753 4914 enim
2781 4859 3123 4928 benignitate
3158 4856 3249 4910 Dei
3282 4857 3487 4912 factum
3520 4868 3629 4922 est,
3660 4857 4008 4912 condemna-

680 4966 814 5017 lioni
853 4964 998 5017 cedit
1056 4959 1389 5024 infidelibus,
1427 4962 1629 5029 quibus
1679 4958 1930 5012 dicitur:
1970 4976 1988 5008 ι
2047 4955 2170 5010 Ηὶἓυ
2230 4953 2464 5009 Domino
2525 4951 2774 5005 vicissim
2833 4947 3066 5002 redditis
3109 4947 3175 5000 ³⁵.
3221 4965 3239 4998 ι
3283 4943 3437 5001 Unde
3472 4946 3540 5001 ad
3599 4944 3770 5001 Deum
3817 4946 4009 5015 inquit

681 5053 849 5107 David
887 5072 898 5106 :
948 5070 964 5102 t
1016 5050 1080 5104 Ut
1105 5051 1430 5118 jusHlicet'is
1465 5051 1517 5102 in
1549 5049 1732 5102 verbis
1772 5049 1882 5100 tuis
1916 5047 1982 5100 ³⁷⁵.
2032 5065 2047 5094 ι

753 5162 875 5218 Non
915 5174 969 5214 ιιι
1004 5163 1159 5215 homo
1197 5161 1335 5214 Deus
1378 5161 1648 5229 perforari
1672 5169 1870 5226 potest.
1911 5157 2052 5229 μελε
2083 5155 2278 5210 (Ζίιτιονί

2457 5156 2580 5221 Οὐχ
2608 5153 2687 5218 ὡς
2715 5152 3032 5218 ἅνθρωπος
3061 5153 3092 5202 o'
3134 5147 3282 5213 Θεὸς
3301 5143 3717 5214 διατρηθῆνιιι.
3737 5142 4006 5198 Οῑλοιποὶ

681 5268 738 5310 ιιι
771 5258 1094 5315 mentiatur,
1127 5252 1510 5314 reddiderunt,
1543 5252 1765 5320 quidam
1793 5266 1925 5303 vero
1957 5256 2013 5300 ιιι
2041 5263 2278 5314 suspen-

2382 5247 2704 5311 ἐξέδωκαν.‹
2746 5243 2835 5295 ἵνα
2875 5242 3205 5310 ψεύσηται.»
3242 5241 3400 5301 Τινὲς
3423 5239 3502 5302 δὲ,
3531 5257 3549 5289 ι
3579 5236 3956 5306 ὑπερτεθῆναι
3979 5257 3999 5288 ο

678 5351 843 5404 datur
871 5361 924 5402 et
955 5349 1317 5417 despiciatur,
1352 5355 1753 5414 exposuerunt.
1786 5343 2023 5396 Tantum
2054 5343 2278 5405 adjutus

2366 5340 2459 5394 καί
2473 5359 2489 5390 ι
2510 5336 2881 5406 παροφθῆναι,
2900 5356 2914 5383 ι
2936 5333 3298 5403 ἐξηγήσαντο.
3323 5331 3510 5393 Οὕτως
3529 5329 3813 5398 ὠφέλησεν
3832 5329 4008 5381 αὐτὸν

678 5455 765 5496 est
825 5443 988 5496 minis
1044 5444 1245 5506 angi-li.
1298 5443 1569 5492 (lu-terum
1616 5438 1800 5508 pravis
1847 5447 1901 5489 et
1959 5432 2277 5486 infidelibus

2386 5435 2417 5503 ἡ
2452 5429 2650 5500 ἀπειλὴ
2689 5428 2782 5479 τοῦ
2821 5427 3080 5494 ἀγγέλου.
3115 5426 3223 5478 Καὶ
3253 5425 3513 5492 πονηροῖς
3536 5423 3594 5475 δὲ
3619 5422 3715 5476 καὶ
3740 5422 4006 5485 ἀπίστοις

684 5534 870 5587 divina
924 5534 1275 5587 ordinatione
1330 5534 1511 5583 futura
1557 5530 1892 5590 revelantur,
1920 5525 2272 5595 quemadmo-

2386 5528 2453 5579 δι’
2488 5523 2809 5592 οἰκονομίαν
2837 5521 2897 5571 τὸ
2935 5519 3130 5588 μέλλον
3167 5516 3639 5579 ἀποκαλύπτεται,
3672 5515 3748 5578 ὡς
3783 5515 3878 5568 καὶ
3917 5514 4009 5584 τῷ

680 5629 809 5681 dum
844 5627 1145 5694 Pharaoni,
1178 5626 1712 5681 Nahucboilimomri
1742 5632 1794 5678 et
1829 5622 1936 5675 lilio
1979 5621 2173 5690 ipsius.

2391 5619 2616 5681 Φαραὼ,
2655 5617 2747 5669 καὶ
2789 5611 3290 5683 Ναϐουχοδονόσορ,
3328 5611 3423 5664 καὶ
3451 5609 3528 5682 τῷ
3563 5608 3756 5662 τούτου
3791 5607 3975 5662 παιδί.

769 5811 809 5842 ³³
839 5813 976 5871 Luc.
1015 5826 1123 5876 xu,
1179 5816 1237 5871 iii
1342 5815 1381 5843 τ’
1429 5813 1546 5868 l‘sal
1609 5812 1891 5874 manu“).
1972 5811 2014 5842 ³³
2051 5808 2212 5864 .‘dich.
2245 5823 2316 5872 vi,
2349 5808 2398 5862 ὖ.

1801 5855 1812 5874 ,
1838 5791 1915 5865 ἓ..
1972 5811 2014 5842 ³³
2051 5808 2212 5864 .‘dich.
2245 5823 2316 5872 vt,
2349 5808 2398 5862 ὖ.
2486 5807 2528 5838 ³⁸
2566 5806 2721 5862 Deut.
2758 5821 2932 5870 xxxii,
2968 5803 3019 5856 li.
3104 5802 3146 5834 ⁸⁸
3176 5798 3321 5855 Psal.
3354 5813 3406 5864 1.,
3433 5794 3483 5850 6.
