4266 6446
323 398 431 463 365
1374 389 1906 450 COMMENTARII
1947 390 2029 451 IN
2065 390 2456 452 NUMEROS.
3482 389 3585 450 866

397 508 458 561 Et
480 503 588 572 fuit
616 519 773 572 super
792 517 850 556 eo
878 500 1110 568 Spiritus
1140 500 1259 554 Dei.
1289 499 1502 571 [‘XXlll,
1524 501 1602 570 8.]
1628 501 1818 556 Nullus
1843 502 1987 556 enim
2019 500 2397 569 potestdicere
2416 495 2678 550 Dominus
2697 494 2803 550 nisi
2828 495 2880 548 itt
2909 495 3118 564 Spiritu
3157 496 3274 563 Dei,
3295 507 3347 551 ct
3374 497 3475 552 bac
3502 516 3587 552 rae

319 597 472 650 tione
527 591 804 659 Caiaphas
868 603 1088 657 quoque
1121 588 1471 640 vaticinatur.
1533 586 1739 640 Lumen
1781 589 1925 641 enim
1964 587 2016 638 in
2051 586 2291 639 tenebris
2337 587 2506 646 lucet,
2540 597 2601 634 ac
2645 582 2883 634 tencb.a:
2919 582 3098 648 ipsum
3132 597 3238 633 non
3274 586 3585 650 apprehen-

316 686 480 738 dunt.
508 686 630 746 Quo
660 680 844 731 minus
881 692 1010 730 vero
1050 676 1436 729 admirationis
1470 675 1631 728 nobis
1660 681 1876 742 pareret
1907 671 2046 725 asini
2077 668 2301 732 factum,
2338 678 2527 735 utpote
2567 666 2710 735 quod
2746 666 2921 731 majus
2954 676 3093 726 erat,
3134 667 3330 719 divina
3367 669 3590 732 ordina-

320 772 467 824 tione
499 776 625 821 ante
662 764 952 834 prsevisutn
977 771 1118 816 erat.
1149 761 1254 815 Per
1285 763 1397 816 ltzec
1425 762 1572 815 enim
1628 762 1777 814 velut
1827 774 1921 829 per
1950 759 2258 826 jumentum
2309 755 2449 809 Deus
2493 763 2576 808 est
2627 755 2864 806 locutus.
2902 753 3170 807 Czeterum
3205 769 3328 805 cum
3367 753 3586 806 Balaam

318 854 688 910 tlili‘crentiam
740 853 1005 906 sensisset
1053 849 1298 902 animout
1347 847 1415 900 ad
1459 847 1512 900 id
1535 848 1681 915 quod
1720 863 1848 900 vere
1883 861 1983 899 nec
2014 853 2072 898 ut
2102 845 2267 912 paulo
2301 853 2428 896 ante
2461 843 2801 910 praestigiose
2834 839 3053 892 videbat
3081 841 3303 908 adjecit.
3342 840 3498 893 Unde
3536 852 3590 892 et

318 943 454 996 illud
489 958 504 992 :
540 961 558 990 ε
592 937 833 992 Revelati
873 935 1170 989 suntoculi
1216 934 1335 1002 ejus
1373 941 1638 1000 tanquam
1687 933 2006 1000 pers'picilli.
2067 949 2084 981 ι
2129 930 2366 996 Quidam
2411 945 2538 982 vero
2590 931 2814 981 tradunt
2846 927 2992 994 quod
3030 943 3123 994 per
3152 927 3393 980 rnditum
3424 930 3590 981 asina:

317 1029 385 1081 .le
422 1027 605 1081 studio
634 1025 740 1078 sibi
768 1023 1051 1091 proposito
1077 1022 1146 1074 sit
1178 1020 1408 1074 edoctus
1447 1035 1555 1072 non
1580 1020 1738 1072 aliter
1759 1033 1921 1087 quam
1949 1034 2046 1089 per
2075 1020 2257 1073 avium
2281 1029 2480 1073 cantus
2507 1027 2601 1071 aut
2625 1018 2886 1086 garritus,
2914 1016 3144 1084 ejusque
3171 1031 3366 1069 sonum
3393 1033 3588 1085 quem-

319 1112 616 1169 admodum
651 1112 935 1163 brutortnn
971 1106 1290 1160 animalium
1337 1120 1500 1159 voces
1547 1113 1934 1167 consueverat,
1965 1107 2168 1160 virtute
2202 1106 2440 1174 quadam
2491 1120 2554 1158 ac
2596 1105 2843 1175 polentia
2870 1102 3202 1155 dauuoniaczt
3228 1104 3591 1166 consuluerit,

320 1197 786 1271 quemadmodum
821 1196 1131 1248 luculenter
1166 1191 1453 1260 Scriptura
1487 1192 1790 1245 enarravit.
1819 1190 2020 1245 Verum
2045 1207 2143 1260 per
2167 1207 2230 1244 ea
2264 1207 2384 1259 qua:
2409 1192 2484 1243 illi
2529 1191 2708 1243 fraudi
2744 1188 2965 1242 inerunt
3007 1189 3226 1242 virtutis
3260 1190 3461 1242 divina:
3497 1190 3591 1241 tir-

324 1289 570 1341 mitatem
607 1282 819 1337 didicit.
865 1283 942 1335 Ac
977 1281 1144 1334 simili
1172 1294 1304 1334 sane
1339 1279 1502 1332 modo
1541 1280 1682 1346 legio
1733 1280 1784 1332 in
1830 1279 2140 1348 Evangeliis
2187 1278 2447 1346 potentire
2487 1277 2686 1329 divina:
2716 1276 2781 1327 ad
2833 1276 3201 1328 resistendum
3239 1286 3426 1344 parata
3452 1285 3590 1335 erat,

322 1389 448 1427 cum
493 1384 674 1424 autem
704 1371 959 1423 cominus
982 1369 1226 1422 venisset
1283 1367 1372 1420 ille
1421 1366 1582 1434 cujus
1623 1367 1895 1434 ntajcstati
1951 1380 2014 1419 ac
2043 1367 2272 1422 imperio
2322 1368 2505 1419 omnia
2548 1364 2859 1431 subjacent,
2897 1363 3065 1415 Deum
3096 1378 3217 1417 esse
3240 1364 3590 1427 exclamavit,

318 1461 679 1530 jndicemque
709 1456 825 1509 fore
855 1466 940 1508 est
967 1453 1279 1506 confessus.

393 1547 564 1613 Atque
591 1545 655 1596 de
683 1541 910 1594 collibus
943 1542 1156 1592 intueor
1188 1555 1327 1591 eum.
1353 1536 1461 1608 [9.]
1488 1538 1570 1591 Ab
1604 1539 1838 1592 excelsis
1860 1542 2006 1594 enim
2037 1541 2167 1594 Baal
2212 1543 2445 1596 vertices
2481 1542 2660 1611 populi
2695 1541 3089 1610 prospiciebat.

397 1634 532 1687 Ecce
552 1635 775 1700 populus
811 1631 1040 1684 seorsim
1070 1628 1360 1680 habitabit.
1405 1627 1470 1679 Et
1510 1626 1722 1695 legibus
1750 1629 1895 1681 enim
1935 1638 1988 1682 et
2035 1631 2157 1682 loco
2201 1629 2465 1696 disjuncti
2515 1637 2692 1682 erant.
2733 1628 2902 1682 Nobis
2940 1643 3069 1680 vero
3107 1627 3362 1695 spiritus,
3397 1625 3447 1678 id
3486 1635 3591 1684 est,

322 1720 470 1790 quod
499 1723 634 1789 ipsis
658 1720 810 1792 loeus
837 1724 980 1779 erat,
1009 1729 1202 1784 parum
1233 1714 1379 1767 enim
1413 1713 1676 1780 mpmenti
1705 1714 1858 1768 locus
1885 1715 1948 1768 ad
1980 1717 2179 1770 mentis
2203 1717 2532 1770 divisionem
2583 1715 2766 1777 affert,
2798 1732 2918 1784 qu'e
2948 1716 3114 1768 etiam
3138 1715 3594 1768 consuetudinem

327 1810 606 1863 innoxiam
645 1804 846 1860 reddit.
878 1804 994 1857 Non
1029 1802 1175 1856 enim
1202 1801 1380 1855 studia
1413 1800 1656 1869 gentium
1685 1803 2030 1866 tctnnlamur,
2061 1805 2188 1858 licet
2209 1820 2332 1858 cum
2363 1805 2471 1857 illis
2501 1820 2804 1858 versemur.
2840 1803 2902 1855 Et
2925 1803 3051 1871 quis
3083 1813 3334 1858 numeret
3366 1802 3598 1871 populos

324 1897 514 1952 Israel.
555 1894 852 1962 Utriusque
888 1890 1109 1946 nomine
1143 1890 1318 1943 honor
1369 1887 1436 1942 ad
1471 1903 1567 1942 eos
1598 1888 1781 1952 redit,
1812 1899 1866 1943 et
1898 1891 2125 1958 privata:
2156 1892 2326 1957 sedis,
2367 1899 2421 1945 et
2452 1892 2643 1958 amplae
2676 1890 3074 1946 multitudinis.

397 2008 674 2064 Moriatur
702 2003 913 2056 animus
944 2014 1092 2053 meus
1126 2007 1293 2051 morte
1312 1997 1608 2065 justorum,
1642 2006 1691 2049 et
1723 1997 1857 2064 ﬁant
1885 2007 2120 2053 extrema
2151 2017 2268 2054 mea
2307 2002 2355 2054 ei
2384 2001 2606 2054 similia.
2646 1999 2782 2071 [l0.]
2818 2000 2918 2066 Qui
2953 1999 3276 2055 insidiarum
3304 2015 3472 2054 causa
3509 2016 3601 2054 ve-

324 2108 486 2156 nerat
521 2097 843 2152 societatem
876 2090 1072 2143 hormn
1116 2087 1402 2140 hominum
1431 2085 1695 2155 consequi
1728 2095 2005 2156 precatur.
2043 2087 2192 2141 Adeo
2235 2087 2400 2140 Deum
2441 2089 2796 2158 diligentibus
2825 2091 3011 2140 omnia
3062 2088 3205 2141 bono
3247 2087 3466 2140 cedunt.
3501 2086 3600 2140 llic

325 2191 474 2246 enim
505 2188 556 2241 id
584 2183 730 2255 quod
754 2188 945 2235 contra
978 2175 1239 2246 populum
1272 2174 1624 2230 machinatus
1655 2181 1777 2229 erat
1830 2174 1897 2228 ad
1950 2174 2040 2229 Dei
2090 2175 2318 2243 gloriam
2370 2176 2809 2244 cognoscendam
2865 2177 2964 2228 iter
2993 2176 3251 2242 praebuit,
3286 2177 3596 2228 dannonnm

327 2275 648 2333 inﬁrmitate
674 2284 744 2324 ne
773 2267 927 2321 hiare
961 2263 1185 2334 quidem
1213 2270 1412 2317 contra
1446 2263 1537 2316 Dei
1567 2262 1859 2318 consilium
1883 2260 2118 2317 valente.
2152 2261 2337 2328 Quare
2389 2264 2491 2317 etsi
2539 2263 2684 2334 quod
2727 2262 2958 2327 iaciunt,
3000 2278 3103 2315 non
3143 2265 3361 2332 propria
3396 2264 3446 2316 id
3483 2265 3589 2317 vir-

328 2372 450 2419 tute
479 2361 712 2422 faciunt,
742 2355 837 2411 sed
863 2353 1020 2409 venia
1051 2352 1166 2413 Dei,
1203 2351 1293 2421 qui
1325 2352 1447 2422 pios
1480 2351 1834 2407 suicultores
1874 2364 2088 2420 semper
2112 2349 2370 2421 protegit.
2398 2349 2556 2419 juxta
2586 2352 2718 2404 illttd
2757 2369 2768 2401 :
2806 2368 2824 2402 ι
2862 2353 2964 2415 Qui
2999 2367 3093 2405 vos
3134 2353 3380 2422 attingit,
3417 2353 3597 2420 pupil-

331 2452 438 2506 lam
465 2448 614 2504 oculi
649 2445 753 2499 mei
783 2440 1054 2511 contingit
1077 2438 1143 2492 ³⁸.
1180 2456 1200 2489 ι

405 2556 599 2610 Annon
635 2553 916 2606 observare
937 2550 1098 2604 debeo
1129 2564 1246 2619 qua:
1273 2549 1408 2604 Deus
1430 2549 1685 2604 indiderit
1711 2552 1737 2604 1’
1766 2549 1908 2623 [ιλ]
1934 2549 2048 2606 lloc
2077 2560 2187 2616 est,
2208 2550 2329 2608 Non
2359 2566 2584 2623 possum
2611 2562 2729 2607 arte
2751 2567 2871 2607 mea
2897 2551 3002 2607 hoc
3032 2550 3246 2606 eﬂiccre
3283 2520 3430 2622 quod
3453 2553 3601 2609 sole-

330 2645 479 2700 bam.
516 2641 657 2695 Huic
683 2655 815 2693 sane
842 2636 1256 2706 suffragabitur,
1285 2645 1339 2690 et
1364 2636 1678 2706 obsignabit
1709 2653 1875 2694 omne
1895 2654 1958 2694 os
1982 2653 2173 2694 eorum
2229 2640 2324 2709 qui
2365 2640 2552 2712 inique
2605 2639 2929 2708 loquuntur.
2957 2639 3229 2694 Ceterum
3264 2639 3425 2695 Balac
3450 2641 3597 2696 arbi-

332 2742 533 2793 tratur,
561 2731 679 2783 loco
715 2734 928 2780 mutato
961 2733 1300 2778 mutaturum
1341 2725 1589 2778 animum
1630 2741 1851 2796 quoque
1889 2728 2159 2782 divinum.

417 2842 675 2897 Verticem
711 2839 883 2893 callis.
913 2835 1052 2908 [IL]
1098 2836 1280 2890 Alium
1316 2852 1464 2891 nunc
1489 2853 1599 2891 non
1642 2838 1828 2892 minus
1864 2841 2031 2894 altum
2067 2843 2374 2911 exploravit
2407 2843 2609 2898 locum.
2643 2841 2822 2911 Super
2847 2841 2936 2896 his
2981 2843 3126 2896 enim
3164 2842 3459 2896 simulacra
3491 2843 3605 2896 col-

334 2932 581 2986 locantes
609 2941 766 2984 sacra
792 2925 1071 2981 faciebant
1100 2926 1201 2979 eis.
1233 2923 1540 2979 Consilium
1571 2941 1702 2980 vero
1733 2942 1924 2981 eorum
1960 2937 2043 2982 est
2080 2931 2404 2984 idololatriae
2441 2929 2606 3001 420
2649 2930 3009 2983 hmnilitatem
3049 2934 3291 2983 locorum
3348 2931 3605 2984 sublimi-

339 3025 454 3071 tate
480 3017 796 3071 snblevare.
832 3009 1135 3066 Procubuit
1165 3012 1309 3064 enim
1344 3013 1528 3075 homo,
1561 3022 1616 3066 ει
1651 3028 1773 3067 sese
1808 3016 2006 3082 abjecit
2036 3016 2140 3082 vir,
2173 3019 2350 3087 inquit
2380 3023 2647 3086 proltlteta
2672 3057 2686 3080 ,
2716 3018 2938 3086 quando
2970 3017 3036 3071 de
3080 3018 3346 3069 idolorum
3379 3017 3608 3069 «ultori-

335 3105 444 3159 bus
468 3103 631 3158 verba
659 3100 808 3155 facit.
839 3099 1004 3169 Atqui
1058 3097 1201 3154 Deus
1254 3107 1473 3168 propter
1506 3100 1759 3154 lsraclem
1789 3103 1922 3155 nihil
1955 3118 2064 3158 non
2107 3105 2262 3169 facit,
2296 3108 2462 3160 etiam
2496 3121 2622 3159 cum
2676 3119 2773 3174 per
2811 3120 3025 3173 magum
3061 3105 3338 3172 loquatur.
3381 3106 3611 3172 Propter

340 3207 503 3262 quem
544 3190 723 3261 Cyrus
751 3189 919 3242 etiam
953 3187 1310 3256 quantumvis
1348 3188 1607 3256 indignus
1643 3189 1930 3256 imperium
1968 3199 2051 3245 ter
2085 3196 2379 3248 maximum
2411 3195 2759 3262 adipiscitur,
2795 3209 2906 3262 quo
2941 3193 3193 3248 lsraclem
3228 3194 3424 3246 liberet
3453 3195 3606 3247 vide-

338 3280 491 3342 licet,
526 3277 595 3331 atl
628 3291 794 3347 quem
826 3275 968 3330 dixit
1011 3289 1022 3325 :
1062 3291 1080 3325 ι
1121 3272 1351 3343 Propter
1387 3272 1645 3328 lsraclem
1672 3289 1895 3330 servum
1932 3295 2109 3333 meum
2144 3291 2194 3335 te
2223 3283 2442 3336 nomine
2477 3291 2572 3335 tuo
2606 3280 2813 3334 vocabo
2844 3281 2908 3332 ⁸⁷.
2947 3299 2965 3330 ›

418 3387 497 3442 Τά
523 3383 744 3448 ἔνδοξα
771 3384 1081 3452 ἀρχόντων
1116 3381 1187 3434 ἐν
1222 3379 1404 3444 αὐτῷ.
1466 3381 1720 3445 Ἀκύλας,
1764 3384 1930 3437 Ἀλα-
1959 3378 1985 3432 Α

1972 3378 2006 3432 Α
2105 3388 2347 3459 Insignia
2400 3393 2692 3458 principum
2740 3391 2792 3443 in
2842 3408 2920 3444 eo.
2993 3390 3130 3460 “7.]
3168 3393 3383 3460 Aquila,
3439 3391 3610 3446 Ltetus

343 3479 578 3548 λυγμὸς
619 3474 923 3540 ,βασιλέως
971 3474 1040 3528 ἐν
1068 3472 1251 3538 αὐτῷ.
1283 3472 1597 3544 Σύμμαχος,
1633 3476 1924 3542 σημασΙα.

2027 3483 2227 3537 clamor
2264 3487 2558 3554 principum
2592 3487 2643 3537 in
2668 3502 2748 3537 ρο.
2781 3486 3145 3553 ὃγιιιιηειειιιις
3181 3486 3347 3536 habet
3380 3486 3607 3553 signum.

343 3571 663 3634 θεοδοτίων,
691 3565 1062 3635 σαλπισμός.
1091 3565 1340 3617 Δεῑκνυσι
1367 3565 1447 3627 δὲ,
1477 3565 1552 3628 ὡς
1582 3565 1723 3635 πρὸς
1754 3565 1832 3635 τῷ
1859 3567 1933 3636 μὴ

2031 3575 2368 3631 Theodotion
2399 3583 2544 3629 tuba.
2582 3576 2796 3629 indicat
2825 3590 3005 3628 autem
3037 3577 3181 3645 quod
3221 3577 3284 3628 ad
3315 3578 3612 3645 impunita-

346 3664 552 3734 βλάψαι
584 3659 943 3730 νικηθήσεται
977 3660 1005 3710 ὁ
1037 3657 1240 3720 Βαλὰκ,
1277 3658 1507 3727 πάσχων
1538 3657 1574 3711 ἃ,
1611 3660 1783 3710 ποιεῖν
1842 3660 1932 3710 ὲν-

346 3757 539 3825 ενόησε
564 3771 579 3786 ·
612 3753 793 3806 καίτοι
818 3749 913 3804 τοῦ
964 3749 1100 3803 Θεοῦ
1131 3749 1399 3813 εἰπόντος,
1439 3769 1456 3800 t
1499 3750 1591 3820 Μὴ
1624 3749 1938 3820 ὲχοραίνετε

345 3849 459 3913 τοῖς
479 3846 822 3910 Μωαϐίταις,
852 3863 872 3899 s
909 3844 1099 3916 ὶπειδὴ
1118 3847 1232 3908 τοῖς
1258 3845 1395 3906 υἱοῖς
1424 3843 1547 3897 Λὼτ
1580 3844 1780 3897 δέδωκε
1803 3843 1939 3897 ταύ-

344 3954 450 4009 την
476 3937 576 4008 τὴν
621 3936 745 4007 γῆν.
806 3934 901 3987 Ἐκ
956 3932 1058 4004 μὲν
1103 3927 1197 3988 οὖν
1224 3931 1321 3985 τοῦ
1362 3933 1553 4001 γένους
1584 3933 1744 4002 ἔσχον
1772 3934 1835 3986 τὸ
1863 3933 1938 4005 μὴ

345 4032 642 4086 ἀνάστατοι
675 4025 930 4096 γενέσθαι
950 4041 965 4057 ·
996 4025 1092 4079 καὶ
1125 4026 1394 4096 ἄρξαντες
1425 4025 1482 4079 δὲ
1513 4025 1752 4090 ἀδικίας,
1782 4025 1937 4080 ἀντι-

345 4121 659 4176 πεπόνθασι
682 4117 1106 4190 κατακριθέντες
1130 4118 1235 4171 ὑπδ
1277 4116 1413 4171 Θεοῦ
1441 4116 1534 4170 τοῦ
1565 4117 1799 4182 διδόντος
1840 4118 1940 4182 τὰς

345 4214 570 4275 ἀδικίας
600 4211 849 4266 ἑκάστων
882 4212 965 4273 εις
995 4209 1094 4272 τὰς
1135 4209 1380 4278 κεφαλὰς
1417 4209 1618 4263 αὐτῶν.
1651 4209 1938 4280 Σημασεας

345 4305 405 4359 δὲ
434 4303 535 4366 τὰς
568 4301 880 4369 σάλπιγγας
906 4299 1128 4370 νοητέον
1151 4300 1250 4363 τὰς
1276 4299 1368 4352 ἐπὶ
1395 4299 1609 4369 σημείῳ
1638 4299 1732 4352 τοῦ
1767 4300 1938 4370 οὐρα-

345 4398 466 4450 νίου
497 4393 767 4465 βασιλέως
807 4393 1132 4464 αἱρομένας.
1176 4393 1274 4454 ὐς
1333 4390 1474 4462 μετὰ
1515 4391 1837 4460 σαλπίγγων
1877 4394 1938 4460 ἐξ

345 4487 583 4560 οὐρανοῦ
618 4486 912 4558 παρέσται,
941 4481 1322 4547 ἀποκαθιστὰς
1367 4484 1468 4554 τὴν
1505 4483 1864 4553 ἐπαγγελίαν.

2033 3678 2138 3722 tem
2177 3669 2285 3721 illis
2320 3670 2733 3723 eoncetlettdatn
2769 3670 2833 3722 :td
2869 3681 3049 3722 actum
3080 3672 3148 3722 sit
3193 3670 3396 3733 iturus,
3442 3673 3493 3723 ni
3521 3688 3614 3724 ea-

2036 3757 2158 3813 dem
2187 3761 2296 3829 puli
2336 3763 2463 3814 velit
2494 3777 2613 3829 qua:
2643 3765 2754 3814 illis
2788 3762 2991 3816 inferre
3027 3764 3306 3831 Cogitavit.
3355 3763 3616 3828 Quamvis

2045 3868 2174 3906 vero
2209 3852 2348 3908 Deus
2383 3854 2632 3908 dixerat:
2676 3873 2693 3904 ι
2717 3854 2986 3909 Moabitas
3023 3855 3286 3910 infestare
3322 3859 3492 3910 nolite
3515 3857 3613 3921 ’3,»

2043 3944 2304 4012 quoniam
2361 3944 2490 3998 tiliis
2546 3943 2647 3998 Lot
2680 3959 2799 3996 eam
2842 3955 3045 3998 terram
3093 3945 3342 4007 dederat,
3376 3948 3618 4016 adeoque

2045 4034 2264 4104 generis
2309 4037 2668 4104 praerogativa
2703 4036 2910 4090 vastari
2966 4051 3075 4090 non
3127 4038 3470 4105 debuerant;
3514 4042 3616 4108 ipsi

2046 4132 2227 4179 tamen
2249 4125 2580 4194 injuriarum
2605 4127 2766 4194 primi
2796 4143 2921 4180 cum
2960 4127 3071 4181 sint
3098 4137 3376 4193 auctores,
3397 4132 3618 4184 easdem

2045 4216 2293 4271 vicissim
2329 4227 2463 4271 sunt
2499 4219 2745 4288 perpessi
2776 4219 2932 4284 justo
2973 4218 3068 4273 Dei
3101 4219 3334 4287 judicio,
3375 4222 3467 4290 qui
3502 4223 3639 4274 uni»

2044 4306 2244 4376 cuique
2273 4306 2819 4380 iniquitatem‘supcr
2845 4320 3007 4376 caput
3031 4324 3188 4362 suum
3225 4310 3426 4364 reddit.
3453 4310 3621 4381 Signa

2045 4407 2175 4446 vero
2200 4405 2265 4447 ea
2293 4393 2454 4448 tubas
2487 4393 2659 4449 fuisse
2699 4398 3056 4466 cogitandum
3080 4407 3185 4463 est,
3226 4401 3427 4470 quibus
3465 4403 3517 4454 itt
3547 4403 3622 4456 si-

2045 4497 2209 4550 gnum
2228 4485 2610 4537 etmemoriam
2632 4486 2874 4541 caelestis
2892 4490 3036 4557 regis
3054 4490 3378 4554 canebatnr,
3393 4492 3484 4559 qui
3503 4507 3624 4560 pro-

1972 4570 2016 4626 B
2046 4573 2309 4632 missione
2342 4589 2442 4630 sua
2475 4585 2784 4632 restaurata
2818 4593 2944 4633 cutn
2983 4582 3127 4635 tubis
3160 4583 3385 4637 caelitus
3423 4582 3620 4638 aderit.

422 4689 648 4759 Aliquid
707 4689 872 4758 igitur
918 4684 1187 4740 molestiae
1220 4699 1250 4738 a
1289 4683 1451 4739 Balac
1485 4683 1566 4739 eis
1601 4684 1700 4738 fuit
1733 4684 2065 4752 iniunctum.
2099 4685 2238 4739 lllttd
2267 4700 2400 4741 vero
2425 4687 2572 4756 quod
2588 4687 2734 4774 ‘dicit
2771 4709 2784 4743 :
2825 4690 3148 4745 Bcnedicam
3187 4693 3258 4758 ei,
3301 4708 3402 4747 nec
3436 4709 3626 4748 recan-

351 4787 507 4849 tabo,
541 4785 819 4838 luculenta
859 4781 928 4836 de
965 4782 1174 4836 sanctis
1205 4779 1527 4835 christianis
1558 4780 1846 4850 prophetia
1881 4788 1985 4836 est.

429 4877 587 4933 Altus
619 4877 720 4929 erit
749 4889 838 4928 res:
865 4875 979 4942 ejus
1010 4873 1076 4926 ab
1113 4875 1282 4942 Agag,
1317 4872 1850 4943 magniﬁcabiturque
1896 4889 2114 4944 regnum
2154 4875 2294 4943 ejus.
2330 4873 2543 4946 ΗΕΚΝ,
2584 4878 2662 4951 7.]
2704 4878 2820 4935 [loc
2853 4889 2962 4943 est,
3011 4895 3178 4952 supra
3223 4897 3449 4954 regnum
3484 4884 3621 4960 (ἔθει

356 4961 452 5018 Sic
484 4962 856 5036 Symmachus
878 4969 933 5014 et
957 4960 1304 5015 Theodotion
1333 4970 1728 5028 exposuerunt.

429 5054 572 5108 Deus
594 5051 778 5105 eduxit
807 5065 925 5104 eum
952 5064 1017 5102 ea:
1040 5047 1299 5118 Αἱςῃριο.
1337 5045 1441 5119 [8.]
1477 5045 1596 5101 Non
1626 5048 1950 5114 humanum,
1984 5048 2183 5120 inquit,
2216 5050 2318 5107 hoc
2347 5051 2449 5108 iter
2479 5063 2585 5122 est,
2614 5071 2715 5112 nec
2741 5058 3042 5113 collabetur
3068 5060 3232 5114 etiam
3262 5078 3277 5127 ;
3311 5060 3450 5118 Deus
3478 5064 3621 5117 enim

351 5142 468 5198 dux
503 5140 628 5209 ejus
646 5148 750 5193 est.

425 5229 601 5283 Robor
623 5229 740 5295 ejus
768 5234 822 5277 ut
850 5223 1220 5278 mouoeerotis.
1265 5221 1587 5276 Monoceros
1625 5223 1826 5277 animal
1859 5231 1942 5279 est
1976 5222 2117 5295 quod
2144 5222 2310 5279 nullis
2348 5226 2625 5281 hominum
2671 5230 2880 5285 viribus
2913 5232 2967 5285 in
3009 5234 3293 5288 servitium
3333 5235 3500 5305 redigi
3530 5250 3626 5305 po-

353 5327 487 5376 test.
507 5317 586 5372 Eo
617 5316 781 5384 igitur
812 5328 912 5367 ceu
930 5312 1184 5381 exemplo
1215 5310 1480 5365 indomita
1506 5311 1690 5379 populi
1725 5313 1808 5366 vis
1834 5312 2124 5367 indicatur.

437 5427 728 5499 Ὠμολόγει
775 5424 1007 5494 Βαλαὰμ
1055 5423 1152 5485 τὰς
1201 5420 1413 5476 ἑαυτοῦ
1448 5422 1643 5491 τέχνας
1678 5423 1945 5493 ἡττῆσθαι

356 5521 468 5579 ὑπὸ
519 5519 630 5572 τῶν
671 5518 745 5589 μὴ
773 5516 1079 5588 χρωμένων
1117 5515 1332 5578 αὑταῖς.
1384 5513 1525 5566 Ἀλλ’
1558 5514 1658 5566 οὐκ
1705 5514 1938 5585 ἔρημος⁹

353 5616 516 5689 φησι,
557 5612 646 5666 διὰ
683 5610 843 5664 τοῦτο
873 5607 1176 5680 μελλόντων
1199 5603 1566 5678 προγνώσεως
1587 5621 1600 5634 ·
1643 5605 1779 5660 ἀλλὰ
1810 5607 1945 5678 πρὸς

429 5812 733 5870 “lachar.
765 5826 827 5877 tt,
867 5808 922 5864 8.
997 5808 1040 5839 "'
1066 5807 1180 5863 lsa.
1214 5821 1337 5872 nr,
1367 5805 1422 5861 4.
1499 5804 1542 5836 ³⁸
1577 5803 1731 5860 Deut.
1771 5820 1829 5870 ιι,
1855 5806 1909 5860 9.

2119 5425 2328 5482 Interea
2357 5442 2484 5483 vero
2516 5432 2888 5487 confitebatur
2915 5434 3132 5488 Balaam
3171 5446 3318 5490 artes
3343 5453 3472 5490 snas
3501 5433 3623 5492 esse

2047 5526 2335 5586 superatas
2380 5519 2449 5574 ab
2499 5521 2565 5577 iis
2612 5525 2703 5594 qui
2758 5541 2851 5581 eas
2908 5543 3016 5581 non
3075 5537 3396 5583 tractarent.
3431 5529 3624 5582 Verum

2053 5625 2235 5667 rerum
2270 5610 2578 5671 futurarum
2629 5620 2944 5689 cognitione
2986 5630 3276 5693 propterea
3312 5640 3419 5679 non
3453 5625 3621 5681 dtisli-
