4266 6446
715 370 822 432 867
2061 376 2400 440 PROCOPI]

2320 380 2411 439 PII
2450 378 2696 439 GAZEI
3900 381 4005 444 868

718 486 960 538 tnuutur,
1005 476 1219 544 inquit;
1256 476 1476 529 audient
1509 478 1654 531 cnim
1688 477 1871 532 futura
1900 495 2007 534 non
2048 485 2170 537 sine
2200 484 2306 536 uti-
2338 493 2380 544 Α

2338 493 2380 544 Α
2410 485 2470 536 τὸ
2490 486 2764 554 χρήσιμον
2790 482 3118 535 ἀκούσονται
3155 484 3220 535 τὰ
3253 484 3535 551 μέλλοντα.
3567 502 3585 534 ι
3615 485 3771 537 Κατὰ
3799 490 4007 554 καιρὸν,

717 567 866 619 litate
897 580 995 618 sua
1025 581 1041 613 ι
1090 565 1363 632 Tempore
1423 581 1546 627 suo,
1584 566 1781 634 inquit,
1815 568 2035 622 dicetur
2065 570 2147 623 eis
2179 571 2312 638 quid

2414 577 2572 644 φησι,
2611 575 2912 644 ῥηθήσεται
2941 576 2994 626 τί
3023 577 3327 626 ἐπιτελέσει
3357 577 3386 626 ὀ
3414 576 3567 637 Θεός.
3604 595 3621 626 ι
3659 577 3740 628 Τὰ
3772 579 3879 647 γὰρ
3903 579 4013 629 δαι-

716 657 964 710 fat-turus
993 658 1066 709 sit
1109 655 1275 709 Deus.
1313 676 1330 705 ι
1380 655 1654 711 Vaticinia
1688 661 1832 712 enim
1863 661 2175 714 dteinonum
2202 679 2308 716 non

2417 669 2595 736 μόνων
2634 668 2694 718 οὑ
2729 666 2865 736 πρὸς
2921 666 2981 716 τὸ
3038 667 3331 735 χρήσιμον.
3386 666 3448 716 Ὀ
3497 667 3597 733 μὲν
3645 665 3755 736 γὰρ
3809 669 4014 735 Ἀχαὰὁ

714 752 780 802 ad
821 749 1118 801 utilitatem
1154 757 1430 816 spectant.
1477 749 1666 802 Achab
1707 751 1910 803 etenim
1951 752 2311 806 divinationi-

2416 759 2701 828 μαντείαις
2742 756 3141 826 ἀπατώμενος,
3203 756 3305 824 τῆς
3361 757 3598 825 ἀληθοῦς
3633 757 3728 810 τοῦ
3773 760 4014 826 Μιχαίου

717 843 817 894 bus
851 841 1111 907 deceptus
1138 855 1279 892 vera:
1313 839 1598 894 Michaita'
1629 843 1929 910 prolihctim
1972 845 2126 898 b0nis
2159 847 2309 898 exci-

2418 854 2760 920 προφητειας
2801 849 3127 918 ὲξεκρούετο
3148 866 3160 879 ⁸
3199 851 3227 901 ὁ
3257 850 3312 902 δὲ
3345 849 3509 902 Δαϐὶδ
3539 851 3869 919 προακούων
3906 851 4017 903 τῶν

712 934 811 985 dit.
851 931 1021 985 David
1061 948 1188 985 vero
1211 948 1335 985 cum
1369 933 1636 985 bellorum
1670 937 1852 987 exitus
1874 935 2028 1005 prius
2065 937 2309 990 audivis-

2420 943 2674 1010 πολέμων
2696 943 2763 994 τὰ
2795 942 2920 1009 τέλη
2958 943 3053 994 καὶ
3084 942 3181 1010 τὴν
3213 941 3545 1012 πρόρρησιν,
3581 945 3834 995 ἐκινεῖτο.
3859 943 4018 996 Οὖτιν)

712 1033 797 1077 set
834 1022 900 1076 ad
943 1024 1270 1075 vaticinium
1302 1037 1424 1077 sese
1455 1026 1916 1078 accommodavit.
1941 1025 2016 1078 Ita
2041 1027 2312 1096 .losaphat

2420 1033 2517 1084 καὶ
2561 1033 2825 1100 Ἰωσαφὰτ
2857 1033 3044 1098 ἔλεγεν
3067 1049 3078 1060 ·
3119 1049 3137 1081 ι
3191 1032 3630 1099 Ἐμπιστεύσατε
3655 1032 3735 1101 τῷ
3765 1032 3887 1102 Θεῷ
3925 1034 4017 1084 καὶ

712 1132 932 1188 quoque
963 1117 1100 1167 dixit
1141 1133 1153 1167 :
1193 1133 1210 1164 ‹
1249 1115 1470 1168 Credite
1500 1114 1610 1167 Deo
1636 1125 1689 1168 et
1727 1119 2007 1186 propheta:
2029 1118 2150 1186 ejus
2179 1120 2244 1169 ³⁸.
2287 1138 2305 1170 ι

1376 1115 1470 1168 lite
1500 1114 1610 1167 Deo
1636 1125 1689 1168 et
1727 1119 2007 1186 propheta:
2029 1118 2150 1186 ejus
2179 1120 2244 1169 ³⁸.
2287 1138 2305 1170 ι
2421 1123 2498 1190 τῷ
2522 1125 2784 1194 προφήτῃ
2816 1122 3007 1174 αὑτοῦ.
3045 1141 3061 1173 ι

782 1228 1061 1303 Acrttbans
1079 1227 1326 1279 dormivit
1358 1236 1411 1277 ut
1442 1227 1542 1278 Ico.
1562 1225 1774 1296 ΙΧΧΝ,
1794 1225 1872 1298 9.]
1892 1227 2049 1292 Quod
2069 1228 2214 1282 enim
2247 1243 2273 1280 a
2294 1240 2488 1286 natura
2515 1249 2615 1288 sua
2645 1235 2729 1288 leo
2755 1233 2944 1293 habet,
2967 1232 3019 1285 id
3043 1246 3108 1285 ex
3134 1230 3243 1286 Deo
3265 1229 3453 1286 lsrael.
3482 1229 3692 1298 Quibus
3719 1236 4018 1289 conlitetur

709 1314 959 1379 Balaam,
985 1332 1043 1369 se
1080 1331 1188 1367 non
1215 1331 1280 1367 cx
1317 1315 1482 1367 animi
1513 1315 1714 1382 pietate
1742 1356 1754 1378 ,
1790 1317 1883 1370 sed
1911 1316 2142 1368 invitum
2173 1331 2236 1370 ac
2273 1321 2547 1376 nolentem
2583 1322 2686 1374 ista
2710 1321 2913 1374 dicere.

784 1425 844 1479 Si
870 1425 1095 1491 placebit
1131 1424 1262 1484 Deo,
1297 1422 1615 1491 Ilieronym.
1652 1440 1666 1474 :
1697 1422 1787 1474 sed
1824 1421 2080 1475 Dominus
2115 1433 2164 1475 te
2199 1425 2315 1490 pri-

2489 1429 2554 1480 ΕΙ
2583 1428 2788 1495 ἀρέσει
2819 1425 2898 1490 τῷ
2925 1425 3066 1489 Θεῷ.
3088 1426 3162 1478 Οὐ
3187 1425 3322 1478 Θεὸν
3351 1427 3463 1494 (79)
3487 1425 3614 1478 οὐδὲ
3639 1426 3814 1488 οὕτως
3840 1428 4017 1489 εἰδώς·

711 1519 850 1570 vovit
898 1519 1114 1568 honore.
1171 1515 1328 1586 [IL]
1385 1515 1504 1567 Non
1559 1514 1703 1583 quod
1769 1512 1936 1568 Deum
1994 1517 2319 1584 cognoverit

2422 1521 2484 1573 οὐ
2519 1523 2628 1589 γὰρ
2676 1521 2742 1573 ἂν
2797 1521 2981 1573 ἐκάλει
3013 1521 3106 1571 τὸν
3166 1522 3366 1587 μάγον,
3419 1520 3541 1571 οὐδὲ
3575 1519 3664 1571 διὰ
3691 1519 3885 1572 τούτου
3923 1521 4024 1590 τὴν

715 1609 910 1667 Balac.
953 1609 1160 1675 alioqui
1217 1609 1364 1660 enim
1404 1623 1510 1660 non
1563 1607 1896 1660 accersisset
1948 1615 2146 1660 vatem.
2207 1608 2314 1661 Lo-

2425 1611 2682 1681 βοήθειαν
2731 1612 3041 1680 προσεδόκα
3077 1613 3212 1680 (80).
3275 1610 3414 1662 Ἀλλ’
3444 1610 3684 1672 ἐκείνους
3729 1613 3831 1678 μὲν
3883 1607 4021 1663 εἶναι

713 1703 901 1769 quitur
933 1710 1116 1752 autem
1162 1699 1226 1750 ad
1265 1714 1470 1752 morcut
1505 1698 1828 1752 Gl‘mcorunt
1856 1735 1871 1760 ,
1913 1699 2007 1766 qui
2050 1698 2302 1752 dicuntui

2423 1702 2730 1772 ἡγούμενος
2761 1704 2888 1762 τοὺς
2914 1701 3041 1768 παρ’
3077 1701 3306 1770 Ἕλλησι
3342 1702 3798 1769 νενομισμένους,
3843 1703 3894 1754 οῖ
3925 1702 4021 1754 Ου-

713 1791 1005 1846 sacriliciis
1041 1789 1354 1858 transponi.

2425 1794 2568 1855 σίαις
2596 1792 2984 1860 μετατίθεσθαι
3017 1794 3126 1862 (81)
3159 1791 3412 1858 λέγονται
3445 1791 3578 1861 παρ’
3612 1793 3821 1854 αὐτοῖς.

784 1883 1016 1936 Revelali
1075 1883 1216 1935 oculi
1277 1882 1414 1949 ejus.
1449 1880 1590 1952 [lii]
1643 1880 1860 1952 Reliqui
1900 1891 2302 1951 exposuerunt,
2345 1865 2389 1922 Β

2345 1865 2389 1922 Β
2489 1885 3073 1952 Ἀποκεκιιιυμμένοι
3104 1888 3156 1936 ol
3197 1885 3494 1952 ὀφθαλμοὶ
3536 1884 3750 1938 αὑτοῦ.
3803 1886 3868 1937 Ol
3909 1885 4019 1938 λοι-

719 1996 737 2029 ι
772 1986 1034 2043 tanquam
1075 1989 1271 2029 somno
1303 1975 1568 2040 obturati,
1603 1993 1618 2023 ι
1653 1975 1747 2028 sed
1782 1984 2063 2042 utcunque
2096 1975 2316 2028 clausos

2417 1976 2510 2028 ποὶ
2538 1976 3343 2045 ὲξέδωκανζιὲμπεφραγμένοι
3363 1977 3438 2038 ὡς
3467 1979 3522 2028 ὲν
3547 1975 3752 2043 ὖπνῳ,ι
3774 1976 4020 2046 δηλονότι

714 2070 884 2125 luisse
918 2079 1159 2129 constat,
1198 2070 1334 2121 adeo
1364 2078 1420 2120 ut
1451 2083 1650 2121 sensus
1681 2077 1938 2135 expertes
1976 2077 2185 2122 essent.
2211 2066 2314 2122 Per

2415 2068 2801 2136 κεκλεισμένοι
2827 2083 2839 2096 ·
2866 2068 3005 2138 ὅπερ
3029 2069 3129 2122 οὐκ
3157 2066 3448 2140 αἰσθητὴν,
3475 2069 3818 2139 προφητικὴν
3842 2069 3900 2122 δὲ
3922 2086 4022 2138 ση-

712 2162 1107 2216 revelationem
1160 2173 1292 2213 vero
1349 2173 1540 2212 eorum
1599 2158 1871 2212 visionem
1933 2158 2311 2228 propheticam

1290 2187 1292 2198 ι
1349 2173 1540 2212 eorum
1599 2158 1871 2212 visionem
1933 2158 2311 2228 propheticam
2417 2163 2599 2232 μαίνει
2634 2161 2734 2231 τὴν
2759 2161 2975 2231 ὅρασιν.

712 2256 913 2310 innuit.

782 2369 957 2435 Quam
989 2377 1222 2421 venusta:
1265 2377 1386 2420 sunt
1421 2367 1612 2420 domus
1644 2375 1769 2430 tute,
1799 2365 1991 2421 Iacob.
2027 2367 2131 2439 [5.]
2177 2367 2475 2422 Fortunam
2515 2361 2729 2418 lsraelis
2759 2361 3004 2417 celebrat
3028 2362 3287 2416 vaticinio
3315 2363 3376 2417 de
3407 2379 3472 2418 eo
3497 2364 3588 2434 qui
3622 2381 3686 2419 ex
3710 2365 3792 2420 eis
3827 2366 4022 2422 oriun-

709 2460 813 2514 dus
837 2466 1002 2511 esset.
1042 2456 1174 2510 Nani
1196 2458 1351 2525 juxta
1379 2455 1605 2509 Paulum
1637 2475 1655 2506 ι
1690 2455 1854 2510 Salus
1887 2473 1951 2510 ex
1992 2456 2192 2512 Iudaeis
2222 2466 2305 2510 est
2327 2456 2444 2509 '“.i
2482 2451 2684 2506 Eadem
2718 2465 2845 2504 vero
2875 2450 3161 2520 prophetia
3185 2451 3317 2520 quid
3351 2453 3646 2520 postremis
3677 2456 4019 2522 temporibus

711 2563 807 2616 per
839 2546 1119 2598 Christum
1151 2543 1452 2612 gerendum
1482 2552 1646 2608 esset,
1682 2543 1949 2612 pnedicit.
1993 2544 2125 2598 ltem
2157 2560 2276 2598 mox
2310 2542 2426 2597 lore
2459 2553 2518 2595 ut
2562 2539 2780 2594 lsraelis
2812 2538 3046 2608 populus
3081 2539 3134 2591 in
3161 2539 3263 2592 hoc
3296 2539 3492 2594 itinere
3515 2542 3829 2610 amplietur,
3861 2552 3918 2597 et
3963 2545 4019 2598 in

711 2636 925 2690 ccelesti
955 2649 1078 2700 rege
1111 2649 1173 2685 ex
1217 2632 1348 2698 ipsis
1385 2631 1621 2685 oriundo
1651 2640 1915 2700 tanquam
1953 2632 2211 2700 irrigatus
2247 2639 2456 2699 surgat.
2480 2630 2557 2683 Ac
2590 2635 2649 2681 ut
2677 2628 3176 2682 luculentissimum
3213 2627 3371 2682 linem
3404 2628 3559 2683 bellis
3587 2628 3809 2699 Gogicis
3831 2629 4019 2696 iaciat,

711 2723 815 2789 Qui
849 2720 962 2790 Gog
1003 2721 1198 2774 ultimo
1235 2720 1437 2772 insulltt
1475 2731 1666 2772 contra
1691 2730 1916 2772 sanctos
1950 2719 2042 2773 Dei
2077 2722 2221 2774 laeto
2275 2719 2396 2788 igne
2443 2717 2655 2771 caelesti
2701 2730 2764 2771 ac
2818 2716 3008 2768 divino
3046 2730 3169 2768 eum
3222 2716 3468 2769 exercitu
3523 2731 3625 2771 suo
3670 2718 4020 2783 absumetur,

706 2821 864 2889 juxta
903 2809 1207 2863 Ezechielis
1267 2810 1612 2877 prophetiam
1649 2808 1715 2860 ⁶¹.
1773 2809 1905 2874 Ejus
1940 2825 2065 2863 vero
2099 2809 2218 2862 loco
2250 2807 2397 2876 quod
2437 2806 2662 2868 dicitur,
2704 2823 2722 2855 ι
2766 2805 2830 2857 Et
2860 2803 3102 2871 prodibit
3133 2803 3319 2866 homo,
3362 2821 3380 2854 ι
3422 2805 3596 2872 posuit
3652 2803 4022 2875 Symmachus

710 2916 877 2966 aquas
909 2899 1144 2966 rigantes
1190 2905 1238 2948 ct
1288 2897 1671 2947 incrementum
1720 2895 2060 2964 adjut'attles.
2129 2894 2531 2949 Descensnrum
2589 2892 2788 2946 etenim
2831 2892 3004 2944 instar
3057 2890 3255 2959 pluviae
3301 2906 3468 2960 super
3501 2893 3696 2957 vellus,
3722 2893 4021 2949 Dominum

709 2989 841 3039 dicit
878 2982 1046 3036 Dmid
1081 2983 1147 3036 δ’.
1178 2983 1390 3047 Quibus
1413 2982 1703 3050 subjungit
1731 2983 1873 3034 vires
1921 2982 2126 3050 populi,
2178 2983 2381 3049 quibus
2435 2993 2679 3050 temponc
2733 2980 3063 3033 ln'cvissimo
3109 2990 3296 3032 contra
3327 2988 3518 3049 gentes
3557 2984 3628 3035 sit
3660 2982 4018 3039 invaliturus.

707 3072 826 3128 Jam
859 3089 985 3126 vero
1020 3073 1131 3124 lucc
1163 3073 1348 3124 omnia
1396 3071 1461 3124 de
1522 3069 1746 3124 Christo
1796 3071 1981 3138 aptius
2015 3069 2412 3138 intelligentur.
2446 3069 2616 3134 Quem
2671 3069 2817 3121 enim
2879 3066 3046 3120 Isaias
3093 3066 3392 3138 Aigyptutu
3449 3069 3756 3137 ingressum
3784 3074 4019 3126 tentoria

707 3162 928 3232 Aigypti
979 3155 1410 3215 concussuruni'
1438 3160 1573 3213 dicit
1642 3159 1707 3218 ³³,
1740 3157 1901 3229 421
1961 3174 2087 3212 eum
2138 3158 2227 3212 hic
2269 3173 2416 3212 nunc
2464 3159 2673 3211 indicat
2703 3172 2765 3210 ex
2805 3172 2868 3211 ea
2903 3158 3099 3210 redire.
3140 3158 3296 3210 Sicut
3342 3160 3545 3211 laetum
3574 3174 3697 3215 esse
3729 3160 4023 3231 Evangelia

709 3259 1001 3305 testantur.
1030 3247 1166 3302 Nam
1188 3266 1311 3302 cum
1360 3247 1587 3317 fugisset
1612 3262 1737 3299 Clllll
1772 3247 2092 3316 parentibus
2119 3249 2236 3300 suis
2270 3261 2298 3298 a
2330 3246 2545 3300 Herode
2577 3245 2833 3299 Christus
2876 3244 3156 3313 prolectus
3191 3256 3274 3300 est
3305 3247 3355 3298 in
3393 3245 3721 3317 AEgyptum;
3757 3248 4023 3304 defuncto

709 3350 891 3395 autem
929 3355 1015 3404 eo,
1047 3344 1244 3392 iterum
1277 3347 1358 3389 est
1385 3351 1660 3389 reversus.
1694 3334 1799 3399 Qui
1840 3335 2007 3389 etiam
2043 3336 2192 3389 solus
2223 3350 2289 3388 ex
2319 3336 2529 3389 semine
2551 3333 2768 3388 lsraelis
2803 3334 3104 3387 multarutn
3129 3335 3373 3404 gentiutn
3403 3333 3583 3389 lactus
3608 3345 3693 3390 est
3729 3338 4020 3403 Dominus,

711 3431 847 3482 adeo
883 3440 938 3481 ιιι
983 3436 1180 3497 prmter
1227 3426 1405 3494 ipsum
1441 3439 1604 3478 nemo
1637 3424 1779 3477 alius
1819 3423 1922 3475 hac
1971 3423 2258 3493 prophetia
2311 3422 2653 3492 designetur.
2691 3421 2805 3476 Sub
2855 3423 3017 3491 cujus
3053 3423 3281 3492 imperio
3309 3424 3476 3478 etiam
3510 3439 3737 3494 regnum
3773 3426 3888 3496 Cog
3916 3427 4022 3482 llo-

711 3517 839 3576 rnit,
874 3516 1023 3584 quod
1058 3515 1212 3582 juxta
1243 3512 1500 3565 Hebraeos
1537 3511 1827 3580 imperium
1859 3509 2238 3564 Romanorum
2293 3510 2591 3579 significat,
2648 3509 2754 3564 sub
2802 3525 2912 3578 quo
2966 3508 3173 3564 Christi
3215 3511 3466 3564 doctrina
3499 3511 3742 3582 vigorem
3797 3529 4026 3586 quoque

709 3623 867 3660 suum
895 3607 1102 3657 habuit.
1135 3601 1306 3668 Quem
1338 3600 1590 3654 Ezechiel
1627 3599 1934 3667 principem
1997 3598 2172 3662 Ritus,
2207 3599 2534 3665 etMosoch,
2586 3607 2641 3653 et
2691 3597 2900 3653 Thobel
2953 3599 3223 3653 nominat.
3261 3599 3365 3655 Per
3404 3599 3556 3656 Rhos
3583 3602 3810 3672 quidem
3847 3613 3905 3657 ut
3936 3615 4026 3661 est

710 3696 1012 3749 verisimile
1049 3692 1358 3746 llomauum
1391 3691 1683 3760 imperium
1721 3689 1958 3743 obscure
1993 3688 2293 3751 deuotans,
2328 3688 2603 3758 siquidem
2630 3694 2684 3741 et
2709 3687 3082 3757 principatum
3109 3699 3162 3741 et
3183 3699 3350 3759 caput
3375 3689 3440 3744 ad
3478 3687 3738 3745 Hebraeos
3765 3691 4021 3751 denotat.

708 3782 810 3838 Per
839 3783 1059 3837 .‘llusoch
1105 3797 1233 3834 vero
1261 3779 1513 3848 Mysiam.
1547 3789 1600 3833 et
1632 3787 1824 3846 gentes
1874 3777 2040 3846 hujus
2089 3779 2442 3847 uniliquaque
2482 3775 2747 3829 Romanis
2802 3775 3072 3830 subditas.
3124 3775 3228 3831 Per
3281 3776 3489 3832 Thobel
3531 3786 3718 3832 autem
3758 3779 4018 3848 lberiam,

707 3885 765 3925 ιιι
789 3880 980 3924 unci-tr
1012 3880 1096 3922 est
1126 3867 1422 3937 Josephus.
1484 3864 1708 3920 Necnon
1737 3881 1865 3920 vero
1892 3867 2083 3937 gloriae
2111 3865 2478 3920 Mouocerotis
2503 3863 2764 3918 Christus
2791 3865 3066 3934 particeps
3098 3875 3239 3930 erat,
3263 3881 3330 3921 eo
3356 3868 3500 3937 quod
3525 3877 3724 3921 cuncta
3755 3869 4021 3924 divinita-

703 3963 778 4017 tis
819 3963 982 4030 eopia
1024 3961 1076 4013 in
1113 3974 1178 4013 eo
1221 3958 1500 4013 residebat
1543 3957 1926 4028 corporaliter,
1983 3963 2130 4013 sicut
2178 3953 2480 4027 Apostolus
2511 3952 2579 4018 “,
2637 3960 2692 4006 et
2724 3953 2894 4007 unico
2943 3967 3116 4008 cornu
3146 3953 3502 4008 innuebatur.
3555 3953 3660 4021 Qui
3694 3973 3858 4026 porro
3893 3959 4020 4012 telis

699 4051 1087 4118 spiritualibus
1125 4047 1386 4100 Satanam
1415 4058 1467 4101 et
1492 4056 1660 4099 totam
1691 4046 1867 4115 ipsius
1889 4050 2177 4100 cohortem
2206 4041 2570 4099 daemonicam
2605 4039 2812 4094 invicta
2837 4055 2935 4094 sua
2969 4041 3210 4110 potentia
3245 4041 3576 4110 proﬂigavit.
3614 4045 3796 4114 Atque
3817 4046 4021 4100 etiam-

704 4155 834 4193 num
867 4138 1128 4206 gentibus
1167 4136 1355 4189 multis
1383 4134 1732 4198 dominatur,
1777 4148 1842 4188 ac
1885 4149 2080 4187 earum
2114 4133 2426 4188 crassitiem
2483 4143 2681 4183 sensus
2713 4137 2845 4198 puta
2893 4129 3154 4184 carnales
3197 4130 3473 4201 depascit,
3525 4147 3587 4185 ac
3622 4133 3689 4186 ad
3721 4147 4018 4204 angustam

704 4229 848 4281 viam
886 4226 1010 4278 vita:
1049 4234 1271 4278 aeterna:
1304 4224 1533 4276 idoneos
1565 4221 1779 4290 redigit.
1814 4221 1917 4287 Qui
1955 4222 2185 4290 insuper
2227 4215 2718 4290 (quemadmodum
2782 4217 2983 4287 inquit)
3026 4232 3152 4272 cum
3196 4218 3376 4273 leonis
3433 4235 3588 4276 more
3644 4222 4019 4287 recubuisset,

699 4318 934 4384 quit-Vit,
971 4316 1076 4366 hoc
1109 4321 1216 4373 est,
1263 4311 1606 4364 iunctionem
1638 4325 1795 4364 suam
1833 4310 1908 4378 (id
1953 4310 2102 4363 enim
2135 4308 2219 4362 his
2246 4307 2429 4363 verbis
2462 4305 2654 4373 voluit)
2693 4306 2954 4374 suscepit.
2987 4305 3104 4373 Qua
3132 4315 3393 4378 tanquam
3425 4309 3648 4380 regulus
3683 4309 3886 4381 aliquis
3915 4328 4017 4367 ne-

704 4406 852 4457 mine
887 4405 1064 4467 ipsum
1106 4401 1438 4471 piohibcute
1473 4398 1737 4453 audacter
1771 4399 2064 4468 imperium
2093 4405 2181 4452 est
2214 4406 2466 4450 venatus.
2505 4392 2678 4460 Quem
2711 4393 2805 4462 qui
2837 4400 3105 4464 tanquam
3138 4395 3306 4449 Deum
3335 4397 3674 4467 suspiciunt,
3711 4407 3765 4451 et
3796 4399 4017 4453 doctri-

703 4507 826 4544 nam
859 4492 1033 4560 ipsius
1062 4499 1402 4547 reverentur.
1440 4501 1547 4539 non
1594 4496 1702 4539 tam
1738 4486 1922 4538 verbis
1944 4500 2112 4554 quam
2146 4485 2313 4538 rebus
2350 4481 2486 4550 ipsis
2531 4479 2628 4534 Dei
2665 4479 3113 4536 benedictionem
3147 4483 3482 4548 sortiuntur,
3518 4500 3583 4540 ac
3603 4487 3857 4553 quotidie
3888 4502 4014 4542 cre-

701 4590 888 4640 scunt,
923 4595 985 4633 ac
1011 4587 1286 4648 augentur
1318 4577 1501 4630 verius
1533 4590 1597 4628 ac
1635 4575 2110 4645 magniﬁcentius,
2137 4572 2294 4641 juxta
2321 4569 2451 4623 illud
2490 4587 2501 4622 :
2537 4587 2555 4619 ι
2594 4565 2844 4622 Crescite
2882 4577 2938 4622 et
2975 4570 3426 4640 multiplicamini
3461 4574 3531 4627 “.
3581 4591 3600 4624 ι
3642 4575 4016 4640 Quemadmo-

699 4668 828 4722 dum
860 4683 889 4721 e
923 4677 1113 4721 contra
1142 4681 1252 4718 non
1287 4666 1472 4718 minus
1498 4661 1706 4716 ludatis
1736 4678 1861 4717 cum
1901 4661 2051 4715 hunc
2083 4660 2357 4716 exsecrati
2382 4668 2591 4720 essent.
2624 4658 2853 4714 accidit.
2887 4658 3369 4728 Quemadmodum
3406 4664 3542 4720 huic
3576 4683 3802 4737 quoque
3847 4667 4018 4723 Balac

699 4757 950 4826 contigit,
990 4757 1083 4825 qui
1114 4770 1239 4808 cum
1266 4753 1405 4806 diris
1443 4752 1713 4807 devovere
1745 4751 1912 4805 vellet
1953 4750 2238 4814 lsraelem,
2261 4749 2678 4821 exspectatione
2709 4748 2919 4820 magica
2981 4749 3036 4805 in
3073 4752 3255 4822 ipsum
3312 4767 3610 4820 conversa,
3639 4756 4016 4812 cxsecrationi

693 4846 878 4904 factus
901 4852 986 4899 est
1017 4845 1314 4897 obnoxius.

733 4939 748 4967 ’
770 4964 944 5016 Porro
988 4961 1102 5014 haec
1134 4959 1421 5029 prophetia
1468 4973 1564 5028 per
1600 4957 1788 5010 omnia
1821 4955 2017 5011 Jacobi
2056 4958 2295 5027 prophe-
2325 4963 2368 5020 ε

2330 4963 2368 5020 c
2476 4955 2781 5026 Παρέοικεν
2801 4954 2944 5025 αὕτη
2973 4957 3038 5025 τῇ
3067 4953 3163 5006 τοῦ
3186 4953 3388 5008 Ἰακὼϐ
3410 4955 3744 5027 προφητείᾳ.
3771 4956 3864 5028 Τῷ
3891 4958 4015 5028 μὲν,

695 5057 786 5109 tia:
815 5053 1138 5123 respondet,
1175 5053 1324 5105 velut
1382 5051 1529 5123 hoc:
1571 5068 1587 5100 ι
1625 5051 1701 5102 Ex
1738 5050 1987 5118 germine
2039 5065 2184 5112 meo,
2222 5049 2296 5102 lili

2410 5067 2426 5098 ι
2452 5048 2546 5101 Ἐκ
2569 5048 2805 5120 βλαστοῦ
2828 5066 2953 5119 μου,
2975 5048 3610 5119 υἱέεμουβνὲϐηςμτὸμ
3633 5050 4015 5116 Ἑξελεύσετα;

695 5144 790 5206 mi,
833 5141 1140 5196 ascendisti
1170 5139 1217 5171 “
1252 5156 1264 5190 :
1304 5159 1321 5190 ι
1355 5116 1430 5204 οἷ,
1474 5139 1720 5209 prodibit
1780 5155 1847 5193 ex
1894 5141 2109 5195 semine
2153 5141 2294 5210 ejus,

2402 5142 2467 5195 ὲκ
2497 5144 2593 5196 τοῦ
2618 5144 2939 5216 σπέρματος
2969 5142 3163 5208 αὑτοῦ,
3195 5161 3213 5194 ι
3252 5142 3414 5212 δῆλον
3443 5143 3500 5195 δὲ
3531 5144 3614 5196 ὅτι
3653 5143 3750 5196 τοῦ
3775 5145 3979 5198 Ἰακώϐ
4001 5165 4017 5180 ο

778 5278 822 5354 ξ’
855 5278 895 5354 ll
936 5277 1115 5331 Paral.
1165 5293 1254 5336 sx,
1285 5275 1393 5354 ξολ
1492 5277 1535 5305 ⁸ο
1580 5276 1741 5354 Rom.
1782 5277 2004 5354 δῃλί.
2117 5278 2161 5308 ⁵⁸
2203 5276 2400 5354 [ξῑρυιι.
2437 5297 2463 5334 x

2313 5279 2400 5333 ch.
2437 5297 2628 5349 χχχιχ,
2670 5285 2693 5337 1
2726 5299 2881 5354 seqq.
2998 5284 3043 5315 δ’
3075 5281 3227 5337 Psal.
3264 5298 3413 5350 tut,
3439 5283 3493 5337 6.
3608 5284 3655 5315 ⁸³
3691 5283 3796 5337 lsa.
3834 5300 3932 5346 ut.
3960 5285 3995 5340 4

693 5350 738 5380 δ’
772 5349 990 5404 Coloss.
1051 5366 1107 5414 ιι,
1152 5354 1204 5403 ‘J.
1283 5349 1327 5378 ⁸⁵
1356 5347 1493 5400 Gen.
1535 5363 1572 5411 ι,
1607 5348 1699 5402 28.
1779 5348 1824 5380 “
1857 5347 1995 5402 Cen.
2036 5349 2265 5413 x1.tx,9.

763 5559 887 5640 (Ἧι).
929 5560 1138 5640 Οὖχιιὶις
1176 5559 1308 5612 Θεὸν
1342 5558 1498 5623 εἰδὼς
1524 5560 1550 5610 ὁ
1585 5559 1770 5613 Βαλὰκ
1802 5577 1816 5592 ο
1845 5561 1904 5614 οὗ
1931 5561 2063 5633 γὰρ,
2097 5579 2183 5615 κτ.
2237 5561 2296 5614 '0
2475 5561 2721 5640 Καζξιὲν
2753 5563 3128 5640 τοὺς-Θυέεσσι
3161 5566 3256 5619 καὶ
3287 5567 3532 5638 εὐχωλῇς
3568 5568 3834 5640 ἀγανῇσι.

693 5631 785 5702 τῆς
822 5631 1167 5710 sorsus.”
1309 5701 1320 5710 .
1405 5702 1426 5710 _
1779 5702 1789 5710 .
2012 5631 2018 5633 '
2047 5705 2059 5710 _
2097 5705 2178 5710 μω
2199 5703 2212 5710 _
2477 5634 2648 5710 Λοιὸῇ
2680 5652 2758 5697 τε,
2800 5636 2998 5710 κνίσσῃ
3029 5653 3109 5701 τε,
3139 5631 3555 5707 παρατρὶιιπῶἐ
3587 5631 3874 5710 etapium

757 5703 871 5782 (uti)
905 5705 1094 5782 Aéytoy
1125 5702 1180 5782 δε
1202 5701 1329 5772 περὶ
1361 5702 1468 5754 τῶν
1491 5702 1906 5772 νενομισμένων
1928 5705 2060 5773 παρ’
2096 5703 2291 5776 Ἕλλη·
2472 5701 2824 5782 ᾼισσᾶμενοι,
2850 5709 2938 5782 iit:
2969 5701 3190 5782 iii-Eine
3211 5701 3464 5782 ὑπερβήῃ
3502 5713 3592 5764 καὶ
3619 5701 3866 5781 ἁμάρτῃ.

687 5773 1247 5862 πεποιθκτηρηαῡτ.
1618 5845 1691 5862 Μ
1760 5845 1772 5862 ι
1826 5845 1869 5862 γ’
1956 5847 1966 5859 ο
2252 5773 2261 5776 '
2430 5773 2932 5862 “fuitquam.
2978 5778 3104 5846 495,
3167 5773 3470 5848 495,196",
3542 5773 4023 5851 και“ιιη,’“τῆ;ι

754 5849 868 5916 (δι)
898 5863 914 5881 ο
960 5863 973 5878 ο
1017 5861 1030 5876 ο
1071 5847 1341 5918 Στρεπτοὶ
1373 5847 1428 5899 δέ
1455 5863 1512 5898 τε
1545 5846 1639 5898 καὶ
1665 5845 1780 5899 Osol.
1812 5845 1986 5900 αὐτοί.
2430 5847 2611 5901 Ίλιάδο
