4266 6446
329 361 438 424 859

1417 361 1953 425 COMMENTARII
1993 365 2073 426 ΙΝ
2111 365 2504 451 NUMEROS.

3492 368 3600 429 870

327 469 407 538 τῷ
437 467 517 529 δὲ,
558 485 575 517 ι
611 467 782 529 Αὐτὸς
810 466 964 520 ἔσται
1007 467 1307 538 προσδοκία
1339 467 1528 534 ἐθνῶν,
1575 489 1591 519 ι
1631 471 1710 534 τὸ,
1754 489 1771 521 ι
1799 470 1910 524 Καὶ
1941 478 1984 533 Α

1941 469 2201 533 Alacolii
2258 480 2409 541 puta.
2463 469 2599 523 lluic
2649 482 2798 530 vero,
2853 486 2869 517 ι
2919 465 3038 537 ipsc
3096 468 3204 522 erit
3249 474 3598 541 exspectatio

331 560 612 630 κυριεύσει
649 559 819 612 ἐθνῶν
851 559 1096 611 πολλῶν·
1141 578 1158 609 ι
1192 560 1283 611 καὶ
1315 559 1417 629 τῷ,
1457 578 1475 610 ι
1511 559 1578 612 Al
1612 562 1789 630 χεῖρές
1819 578 1912 614 σου

327 655 515 707 ἐπάνω
565 652 673 704 τῶν
727 651 939 721 ἐχθρῶν
988 668 1104 714 σου,
1141 671 1158 701 ι
1206 652 1287 713 τὸ,
1345 670 1363 702 ε
1406 653 1515 704 Καὶ
1556 652 1735 706 ἔδεται
1781 652 1911 721 ἔθνη

328 744 542 815 ἐχθρῶν
590 743 776 796 αὐτοῦ.
820 764 837 795 ι
892 744 1021 806 Καὶ,
1060 762 1076 794 ι
1106 745 1241 805 Ταῖς
1275 742 1482 813 βολὶσιν
1535 743 1704 796 αὑτοῦ
1744 760 1913 797 κατα-

327 835 575 899 τοξεύσει
627 834 874 906 ἐχθρῶν⁶
925 854 943 886 ι
997 836 1093 887 καὶ
1156 835 1253 905 τῷ,
1313 851 1331 883 ι
1384 832 1631 901 Σκύμνος
1702 834 1914 898 λέοντος

341 927 531 986 Ἰούδα,
569 946 588 977 υ
628 928 723 978 καὶ
766 928 834 979 τὰ
862 924 1013 995 ἑξῆς,
1047 926 1115 978 τὰ
1160 924 1403 994 παρόντα
1435 923 1621 989 πάλιν,
1668 924 1743 989 ώς
1789 928 1914 997 περὶ

326 1016 560 1079 λέοντος.

2016 565 2259 632 gentium
2292 564 2383 627 ";
2441 578 2461 611 ι
2501 560 2650 613 hoc:
2716 580 2733 611 ι
2777 557 2841 611 Ει
2906 560 3284 614 dominabitur
3340 564 3599 631 gentibus

2016 655 2418 723 centpluribus.
2461 673 2478 705 ι
2543 653 2682 707 lluie
2735 655 2910 705 item:
2974 669 2990 702 t
3028 650 3223 706 Manus
3281 662 3387 704 tuan
3431 671 3597 722 supra

2018 746 2205 800 hostes
2245 754 2369 800 tuos
2403 744 2487 808 “';
2523 764 2541 796 ι
2582 744 2685 797 hoc
2716 760 2729 794 :
2772 761 2790 793 ι
2833 742 3104 813 Deglutiet
3135 752 3325 809 gentes
3354 743 3597 797 hostium

2018 836 2161 904 ejus.
2198 853 2215 885 ι
2254 834 2315 886 Et
2347 852 2359 887 :
2392 853 2409 886 ι
2434 834 2584 888 Telis
2614 835 2735 903 ejus
2770 833 3054 887 conlodiet
3111 833 3354 886 hostem.
3394 852 3412 883 ι
3470 834 3597 885 Item

2022 926 2190 979 huic:
2242 943 2259 975 t
2294 925 2529 981 Catulus
2580 925 2758 979 leonis
2783 923 2950 988 Juda,
2983 944 3000 975 ι
3048 934 3102 979 et
3150 940 3272 993 qua:
3312 925 3598 993 deinceps.

2020 1016 2154 1071 Item
2209 1031 2333 1084 qua:
2390 1017 2446 1070 in
2502 1018 3079 1086 praesenti,tanqu:mt
3132 1014 3201 1068 de
3259 1016 3415 1069 leone
3474 1017 3597 1076 INN',

325 1109 609 1163 Christum
672 1108 1165 1163 condemnaturum
1205 1123 1329 1164 esse
1389 1119 1598 1180 gentes.
1643 1108 1771 1166 Item
1807 1110 1951 1180 quod
2010 1109 2307 1164 Zacharias
2368 1110 2503 1164 dicit
2524 1112 3005 1165 "ittsurrecturos
3071 1109 3324 1180 inquiens
3396 1110 3598 1162 liberos

326 1195 642 1252 Grmcorum
671 1205 725 1251 et
750 1196 863 1251 fore
896 1196 1063 1250 duces
1102 1196 1290 1262 Israel,
1325 1205 1584 1271 tanquam
1621 1198 1794 1253 facem
1822 1198 2032 1268 igneam
2064 1214 2187 1268 qua:
2213 1208 2498 1269 grassatur
2530 1199 2581 1250 in
2614 1199 2806 1267 paleis.

407 1305 472 1357 Ἀ
502 1302 742 1369 ποιήσει
776 1305 807 1356 ό
823 1303 974 1368 λαὸς
1002 1299 1183 1369 οὗτος
1205 1302 1284 1369 τῷ
1305 1304 1433 1370 ,1αῷ
1460 1321 1600 1369 σου,
1620 1304 1711 1358 ἐπ’
1732 1303 1915 1372 ἐσχά-

327 1414 437 1451 του
474 1396 594 1449 τῶν
620 1394 879 1465 ἡμερῶν.
913 1395 1056 1448 Ἀλλ’
1086 1395 1148 1448 οὐ
1185 1396 1324 1466 μόνα
1351 1396 1421 1448 τὰ
1446 1396 1576 1463 περὶ
1606 1394 1917 1449 Μωαϐιτῶν

326 1492 499 1557 λέγει,
527 1490 665 1541 ἀλλὰ
702 1488 767 1540 τὰ
806 1488 933 1557 περὶ
984 1489 1206 1540 πάντων
1247 1487 1577 1557 ἀνθρώπων,
1622 1487 1917 1556 πρόσωπον

332 1585 435 1652 μὲν
464 1581 646 1633 λαϐὼν
692 1581 754 1634 τὸ
786 1581 1175 1651 προκείμενον,
1227 1581 1284 1632 ἑν
1311 1580 1461 1653 αὐτῷ
1490 1580 1547 1634 δὲ
1584 1580 1643 1633 τδ
1687 1580 1917 1633 καθόλου

327 1673 642 1744 προδηλῶν.

2094 1306 2227 1373 Qua:
2260 1308 2420 1374 faciet
2454 1307 2680 1377 populus
2716 1308 2803 1360 ille
2848 1308 3039 1375 populo
3074 1317 3184 1371 tuo,
3214 1307 3461 1359 extremis
3495 1305 3605 1358 die-

2025 1397 2140 1454 bus.
2169 1397 2382 1467 [χχιγ.
2409 1399 2521 1469 14.]
2545 1398 2907 1465 Hieronymus
2932 1398 3091 1451 habet
3123 1418 3135 1451 :
3164 1417 3181 1449 ι
3216 1397 3451 1465 Populus
3486 1406 3605 1449 tuus

2024 1489 2217 1557 populo
2234 1491 2377 1541 huic.
2408 1489 2607 1542 Verum
2637 1489 2749 1542 haec
2788 1504 2895 1541 non
2926 1490 2991 1542 de
3015 1488 3268 1543 Moztbitis
3304 1489 3479 1541 solum
3515 1489 3597 1538 di-

2025 1581 2121 1642 cit,
2154 1580 2250 1634 sed
2274 1580 2341 1633 de
2364 1580 2621 1634 omnibus
2647 1580 2985 1632 hominibus.
3018 1581 3352 1634 Pra'sentetn
3383 1578 3603 1647 quidem

2035 1686 2217 1724 rerum
2258 1669 2450 1724 facient
2489 1679 2738 1738 usurpat,
2774 1672 2827 1724 in
2863 1688 2924 1725 ea
2961 1688 3088 1726 vero
3119 1684 3371 1725 cunctam
3407 1670 3604 1722 seriem

2028 1762 2339 1817 adumbrat.

404 1855 697 1912 Ostendam
727 1855 797 1917 ei,
833 1853 925 1909 sed
960 1870 1064 1908 non
1094 1870 1231 1907 nunc
1272 1854 1385 1917 beo,
1416 1853 1505 1908 sed
1530 1870 1633 1907 non
1666 1870 1825 1923 prope
1854 1862 1951 1908 est.
1985 1851 2124 1924 [l7.]
2161 1850 2530 1923 Hieronymus
2557 1870 2569 1904 :
2612 1851 2829 1915 l'idebo,
2861 1854 3036 1913 illum,
3066 1851 3155 1903 sed
3182 1868 3282 1903 non
3317 1850 3492 1911 ntodo,
3530 1851 3606 1903 iu-

334 1945 522 1999 tuebar
551 1943 729 2007 illum,
760 1943 851 1996 sed
880 1959 983 1996 non
1019 1958 1203 2012 prope.
1240 1940 1459 1996 Orietnr
1491 1942 1648 1995 stella
1695 1955 1759 1995 ea:
1792 1938 1981 1993 Iacob.
2016 1941 2126 1996 llac
2160 1945 2471 2013 prophetia,
2501 1942 2725 1996 tradunt
2754 1944 3027 1996 excitatos
3066 1940 3305 1994 [hlaami
3352 1952 3604 2009 posteros

331 2035 613 2101 (servasse
646 2033 794 2086 enim
834 2032 979 2101 apud
1016 2046 1075 2085 se
1108 2044 1206 2101 par
1227 2032 1332 2099 est)
1363 2046 1485 2084 cum
1519 2029 1794 2084 vidissent
1827 2029 2060 2083 alienam
2093 2045 2155 2082 ar
2186 2031 2466 2085 insolitam
2504 2031 2723 2085 stellam
2748 2031 3282 2099 perpenditularitcr
3315 2045 3480 2099 supra
3511 2027 3608 2081 Ju-

329 2122 506 2177 da:am
541 2123 828 2174 immotam
870 2129 1041 2184 stare,
1079 2120 1299 2173 venisse
1329 2119 1660 2189 inquisitum
1694 2117 2001 2173 indicatum
2035 2118 2189 2171 illum
2227 2133 2435 2189 regem,
2469 2118 2938 2189 quemadmodum
2993 2116 3283 2171 Mattha-us
3338 2117 3393 2171 in
3425 2116 3606 2171 Evan-

329 2209 479 2281 gelio
522 2206 768 2279 prodidit
793 2206 862 2260 ⁸ο.

413 2295 558 2349 Ἀλλ’
586 2296 681 2348 ἐπὶ
704 2296 773 2364 τῇ
799 2292 894 2345 τοῦ
920 2292 1127 2361 ἄστρου
1165 2292 1386 2364 επιτολῇ
1424 2290 1654 2363 θραῦσιν
1677 2290 1920 2355 ἔσεσθαι,
1957 2306 1998 2363 Β

1957 2306 1998 2363 Β
2099 2291 2299 2348 Verum
2330 2296 2615 2351 enimvero
2665 2297 2837 2351 stellae
2871 2294 3039 2365 hujus
3065 2303 3245 2348 ortum
3291 2308 3605 2353 cessurum.

328 2386 488 2459 φησὶ,
513 2383 611 2438 τοῦ
650 2382 827 2437 Μωάϐ
847 2399 861 2414 °
893 2382 985 2449 οὒς
1016 2384 1137 2437 κατ’
1174 2383 1307 2437 ἰδίαν
1334 2383 1641 2454 ὠνόμασεν,
1667 2382 1741 2445 ὼς
1773 2384 1923 2435 ἀντι-

328 2479 683 2540 καθεστῶτας
718 2477 841 2529 τότε
891 2476 970 2546 τῷ
1000 2478 1238 2547 Ἰσραὴλ,
1278 2476 1372 2529 καὶ
1413 2477 1495 2528 ὅτι
1536 2478 1647 2536 τοῖς
1684 2475 1920 2538 εἰδώλοις

328 2572 514 2627 αὐτῶν
550 2570 925 2639 ἀκολουθήσας
960 2569 1155 2633 ὁὶαὸς,
1197 2568 1456 2639 ἐτελέσθη
1487 2568 1563 2637 τῷ
1598 2565 1924 2636 Βεελφεγὼρ

329 2666 440 2737 θεῷ
471 2666 566 2720 τοῦ
611 2663 809 2719 Μωάϐ,
857 2663 949 2716 Διὸ
983 2664 1076 2717 καὶ
1117 2664 1399 2734 ἀρχηγοὺς
1429 2661 1597 2715 αὑτοῦ
1632 2662 1757 2723 τοὺς
1792 2660 1924 2731 παρ’

331 2758 500 2813 αὑτοῦ
551 2759 898 2827 τιμωμένους
945 2754 1183 2825 ἐδήλωσε
1224 2754 1509 2825 δαίμονας,
1561 2753 1649 2807 ὅτε
1698 2754 1791 2806 καὶ
1840 2751 1927 2817 ἐξ·

331 2852 678 2920 επόρνευσαν
703 2850 785 2913 εἰς
806 2850 905 2911 τὰς
937 2847 1312 2911 Μωαϐίτιδας.
1336 2848 1427 2900 Διὸ
1460 2846 1795 2919 προφητεύει
1827 2847 1927 2917 τὴν

330 2946 414 3007 εἰς
447 2943 767 2997 τούναντίον
806 2940 918 2995 τῶν
965 2940 1312 3011 πραγμάτων
1357 2939 1683 3008 μεταϐολὴν,
1712 2938 1929 3001 δεικνὺς

330 3035 463 3099 τοὺς
492 3034 1024 3106 μεγαλαυχήσαντὰς
1052 3047 1186 3084 ποτε
1228 3029 1374 3085 κατὰ
1410 3029 1505 3083 τοῦ
1551 3030 1770 3102 Ἰσραὴλ
1807 3028 1928 3082 δαί-

337 3144 508 3199 μονας
562 3128 672 3180 τῶν
728 3123 1041 3180 Μωαϐιτῶν
1091 3122 1185 3175 ἐπὶ
1226 3122 1321 3176 τοῦ
1384 3121 1673 3192 μέλλοντος
1727 3120 1928 3190 ἄστρου

2033 2384 2231 2456 inquit,
2260 2388 2314 2441 in
2347 2390 2561 2442 ruinam
2591 2388 2977 2452 Moabitarum.
3000 2404 3142 2458 quos
3164 2389 3401 2443 seorsim
3433 2388 3613 2441 nomi-

2030 2484 2183 2536 navit
2207 2480 2355 2550 quod
2390 2492 2520 2535 tunc
2554 2482 2817 2550 temporis
2840 2489 3033 2535 contra
3087 2478 3346 2536 lsraelem
3381 2485 3613 2540 starent,

2028 2574 2262 2644 etquod
2303 2575 2352 2627 id
2387 2574 2533 2629 idola
2574 2575 2822 2644 ipsorum
2861 2580 3108 2628 sectatus
3154 2571 3393 2642 pepulus
3437 2570 3615 2644 sacri-

2032 2643 2254 2723 ﬁcasset
2282 2666 2520 2739 Beelplie
2555 2643 2920 2723 Mfoabitarum
2971 2666 3101 2720 Deo.
3136 2664 3292 2721 Unde
3340 2673 3397 2719 et
3449 2643 3617 2717 duces

2033 2774 2224 2813 eorum
2275 2774 2339 2814 ac
2395 2760 2592 2814 heroas
2613 2760 2710 2827 qui
2765 2760 2819 2812 in
2853 2773 3073 2813 summo
3120 2759 3297 2828 pretio
3342 2763 3484 2828 apud
3525 2775 3620 2812 eos

2032 2857 2215 2914 erant,
2243 2852 2470 2920 quando
2506 2849 2769 2903 Israelita:
2803 2863 2928 2902 cum
2990 2847 3306 2903 Moabitidis
3361 2850 3618 2901 fornicati

2036 2948 2189 3002 sunt,
2247 2938 2549 3006 expressit.
2596 2935 2873 3002 Quocirca
2910 2952 3096 2991 rerum
3139 2939 3193 2991 in
3251 2938 3407 3007 pejus
3454 2938 3621 2992 devo-

2037 3030 2300 3083 lutionem
2346 3030 2704 3093 vaticinatur,
2737 3038 2792 3083 et
2831 3030 3073 3084 ostendit
3121 3029 3484 3085 Moabitarum
3528 3032 3622 3086 he—

2039 3135 2188 3185 roas,
2218 3120 2313 3189 qui
2353 3120 2624 3176 lsr.:elitis
2666 3121 2796 3174 olim
2841 3121 3080 3189 superbe
3116 3122 3510 3176 insultaveiint
3567 3126 3621 3176 in

334 3219 571 3290 θραῦσιν
615 3217 829 3272 παθεῖν.
876 3210 980 3270 Ὧν
1017 3214 1285 3278 πεσόντας
1331 3216 1460 3276 τοὺς
1511 3214 1665 3277 υἱοὺς
1697 3213 1805 3284 Σὴθ
1837 3214 1931 3267 καὶ

2036 3222 2160 3267 ortu
2216 3212 2414 3267 futurae
2465 3212 2641 3267 stellae
2691 3214 3037 3283 collapsuros
3088 3229 3233 3279 esse,
3286 3224 3340 3269 et
3385 3230 3510 3269 cum
3544 3217 3623 3271 eis

347 3312 530 3381 ‘E6e‘up.
568 3312 665 3366 καὶ
710 3308 911 3377 Ἡσαῦ,
961 3308 1057 3361 καὶ
1091 3307 1271 3360 πάντα
1314 3305 1383 3358 τὰ
1414 3303 1546 3375 ἔθνη
1588 3304 1677 3359 διὰ
1723 3304 1930 3359 τούτων

335 3402 673 3472 δηλούμενα,
719 3399 923 3467 μᾶλλον
964 3398 1021 3451 δὲ
1076 3396 1288 3458 πάντας
1343 3396 1440 3466 μὲν
1474 3395 1804 3467 ἀνθρώπους
1844 3395 1933 3448 διὰ

336 3495 447 3548 τῶν
493 3492 627 3545 υἱῶν
676 3492 784 3563 Σὴθ
826 3491 1118 3560 ἐδήλωσεν,
1155 3488 1262 3558 ἰδία
1294 3487 1349 3540 δὲ
1403 3490 1529 3551 τοὺς
1575 3487 1930 3557 Ἰδουμαίους,

337 3586 469 3641 ἐπεὶ
500 3586 592 3640 τὸν
632 3585 797 3640 αὑτὸν
827 3583 1034 3654 τρόπον
1081 3579 1538 3653 προσηνέχθησαν
1582 3579 1661 3650 τῷ
1689 3579 1930 3651 Ἰσραήλ.

2039 3303 2182 3361 filios
2215 3304 2373 3368 Seth,
2407 3304 2603 3366 Edom.
2640 3304 2810 3369 Esau,
2834 3315 2888 3358 ct
2921 3321 3112 3360 omnes
3138 3308 3278 3361 alias
3308 3318 3497 3377 gentes
3530 3326 3626 3378 per

2040 3398 2163 3454 illas
2189 3398 2555 3468 signiﬁeatas.
2582 3397 2727 3464 Quin
2762 3401 2875 3453 imo
2900 3414 3092 3454 omnes
3120 3400 3370 3455 homines
3401 3405 3624 3458 nomine

2042 3490 2282 3546 ﬁliorum
2316 3488 2448 3546 Seth
2506 3492 2739 3560 intelligi
2782 3492 2974 3546 voluit.
3010 3494 3285 3562 Imprimis
3326 3512 3457 3551 vero
3503 3496 3627 3551 Idu-

2045 3597 2211 3636 niueos
2245 3582 2339 3651 qui
2388 3582 2580 3636 eodem
2614 3583 2777 3637 modo
2828 3585 2893 3636 ad
2952 3584 3211 3638 lsraelem
3248 3594 3379 3639 sunt
3437 3588 3522 3642 del
3565 3592 3624 3642 ti.

340 3680 562 3742 Πάντας
601 3673 698 3732 οὖν
738 3693 874 3747 φησι
924 3674 1027 3744 τῆς
1079 3675 1215 3737 ἰδίας
1265 3672 1573 3726 παύσεσθαι
1608 3671 1940 3744 δεισιδαιμο·
1965 3670 2008 3729 C

1965 3670 2008 3729 (Ζ
2042 3671 2247 3729 Omnes
2287 3674 2454 3743 igitur
2492 3675 2674 3745 inquit
2713 3691 2741 3728 a
2773 3691 2870 3730 sua
2927 3679 3320 3745 superstitione
3366 3689 3419 3735 et
3464 3682 3628 3754 422

336 3774 483 3834 νίας.

414 3865 712 3935 Μέμνηται
773 3863 870 3916 καὶ
937 3860 1033 3915 τοῦ
1089 3858 1376 3930 Ἀμαλὴκ,
1426 3858 1504 3922 ὡς
1557 3858 1803 3923 nemo;
1856 3856 1935 3928 τῷ

352 3958 580 4031 Ἰσραὴλ
631 3957 936 4028 πρότερον,
993 3953 1092 4008 καὶ
1164 3952 1484 4023 νικηθέντος
1551 3951 1775 4006 ἐκτάσει
1827 3951 1937 4006 τῶν

338 4051 627 4114 Μιυῡσέως
660 4049 884 4120 χειρῶν.

2042 3766 2320 3837 impietate
2353 3780 2477 3821 esse
2508 3766 2825 3821 destitutos.

2112 3858 2341 3915 Necnon
2416 3876 2546 3916 vero
2605 3861 3048 3915 Amalecitarum
3135 3865 3385 3917 meminit
3442 3876 3632 3936 utpote

2043 3967 2237 4009 eorum
2265 3953 2359 4022 qui
2394 3952 2652 4009 Israelem
2690 3964 2817 4008 ante
2867 3952 3209 4019 invaserant,
3243 3967 3298 4011 et
3333 3957 3402 4012 ab
3441 3973 3506 4013 eo
3534 3975 3633 4014 ex-

2047 4045 2301 4101 tensione
2339 4059 2601 4100 manuum
2634 4044 2803 4101 Mosis
2835 4044 2963 4100 victi
3004 4057 3185 4101 erant.

419 4142 669 4198 Meminit
696 4140 826 4195 item
849 4137 1011 4195 Cinei
1040 4137 1136 4207 qui
1179 4150 1400 4206 semper
1431 4133 1691 4191 infensus
1724 4132 1829 4190 fuit
1861 4135 2086 4206 populo.
2121 4137 2217 4208 qui
2254 4135 2519 4193 amnitate
2546 4153 2782 4209 quoque
2819 4139 3052 4210 junctus
3100 4140 3203 4197 fuit
3234 4140 3395 4209 Most,
3432 4162 3630 4214 quem-

343 4229 647 4291 admodum
683 4242 752 4284 ει
803 4226 965 4282 libris
1015 4222 1277 4280 Judicum
1314 4223 1384 4278 de
1430 4220 1709 4277 Chaberto
1736 4220 1915 4279 Cineo
1962 4226 2058 4297 qui
2115 4241 2264 4283 unus
2310 4226 2553 4282 ﬁliorum
2604 4224 2782 4283 Jobab
2838 4230 3017 4285 soceri
3068 4228 3239 4287 Mosis
3281 4240 3424 4299 erat,
3478 4253 3633 4293 asse-

338 4333 499 4380 ιὐηι.

430 4411 727 4477 Ἐξέτεινε
762 4406 879 4475 τὴν
915 4402 1161 4472 σκηνὴν
1189 4402 1379 4458 αὐτοῦ
1406 4400 1521 4469 ἕως
1552 4402 1792 4457 Βασωνὶ
1829 4402 1937 4473 τῆς

339 4503 508 4574 παρὰ
541 4501 659 4570 τὴν
703 4499 935 4594 Keue.
960 4495 1213 4594 Κατισχε
1403 4493 1582 4594 μέρος
1634 4493 1739 4594 τῆς

340 4598 470 4667 γῆς.
505 4597 602 4649 καὶ
631 4592 727 4647 ἰπὶ
751 4584 1246 4661 πολὺἾπαρέτεινε.
1285 4585 1378 4640 Διδ
1403 4584 1553 4655 λέγει
1587 4586 1717 4658 περὶ
1750 4585 1939 4655 αὑτοῦ,

353 4709 373 4743 ι
412 4685 637 4758 ’ἰσχυρὰ
667 4687 701 4756 ὴ
732 4682 993 4739 κατοικία
1034 4697 1152 4735 σου.
1186 4698 1206 4731 ι

2122 4401 2195 4457 Et
2255 4404 2489 4458 extendit
2550 4405 2835 4458 tentorium
2893 4422 3050 4460 suum
3110 4406 3405 4464 Burconem
3472 4427 3638 4481 usque

2049 4502 2252 4551 terram
2283 4497 2433 4552 ultra
2461 4495 2660 4554 Gades.
2686 4495 3014 4554 Tenuernnt
3044 4501 3192 4555 enim
3228 4510 3440 4571 partem
3475 4512 3636 4557 terras

2051 4596 2285 4649 sancta.
2311 4598 2367 4644 et
2418 4591 2609 4662 aliquo
2642 4606 2823 4662 usque
2850 4592 3117 4648 extendit.
3147 4590 3307 4650 Unde
3337 4595 3406 4651 de
3450 4612 3516 4651 eo
3551 4596 3639 4652 di-

2055 4679 2176 4735 cit:
2219 4704 2233 4726 ι
2274 4679 2469 4738 Valida
2500 4690 2587 4739 est
2625 4683 2899 4738 habitatio
2929 4691 3047 4738 tua.
3080 4702 3099 4735 ι

418 4776 620 4835 Omnia
650 4778 824 4849 igitur
850 4777 982 4851 .loca
1013 4774 1136 4843 ejus
1166 4772 1233 4828 de
1261 4785 1376 4843 quo
1405 4771 1748 4827 vaticinatur
1782 4772 1902 4830 fore
1927 4774 2087 4840 dicit,
2122 4784 2315 4846 utpote
2341 4778 2439 4847 qui
2465 4793 2530 4833 ea
2581 4793 2610 4833 a
2638 4790 2792 4851 patre
2819 4781 3178 4836 haereditario
3210 4780 3508 4851 acceperit,
3543 4785 3638 4851 qui

344 4870 417 4922 ad
449 4881 579 4921 eum
612 4865 800 4921 dicit:
840 4883 859 4917 ι
884 4862 1112 4918 Postula
1146 4876 1175 4915 a
1201 4874 1314 4922 me,
1348 4865 1406 4915 et
1435 4859 1581 4915 dabo
1616 4859 1717 4915 tibi
1732 4864 1935 4933 gentes
1977 4863 2356 4922 haereditatem
2388 4867 2716 4935 tuam",iin
2747 4886 2912 4940 quam
2941 4873 2987 4926 si
3024 4872 3205 4927 sancti
3236 4874 3640 4938 concesserint,

344 4958 417 5012 ab
446 4972 509 5011 ea
547 4957 832 5011 lsraelitas
867 4953 1157 5010 exeisuros
1180 4963 1309 5006 esse
1337 4948 1703 5005 vaticinatur.
1749 4950 1890 5006 Dicit
1940 4952 2113 5025 igitur
2141 4964 2197 5010 et
2242 4956 2417 5013 Israel
2451 4959 2583 5013 totis
2626 4959 2841 5016 viribus
2881 4960 3137 5016 omnium
3194 4964 3496 5015 maximam
3535 4963 3641 5018 im-

347 5048 609 5117 pietatem
648 5042 901 5098 admisit.

420 5138 533 5192 Kal.
569 5136 723 5205 ὲξεγε
737 5136 1000 5208 ρθήσεται
1045 5132 1107 5198 ἐξ
1148 5129 1367 5187 Ἰακώϐ.
1400 5129 1499 5193 Τίς
1528 5121 1685 5193 οὗτος
1706 5170 1721 5192 ,
1760 5128 1789 5181 ό
1820 5144 1956 5202 προ·
1988 5131 2035 5193 D

1949 5160 1956 5170 -
1988 5131 2035 5193 D
2133 5131 2483 5207 Quapropter
2510 5149 2769 5209 exsurget
2816 5139 2886 5194 ab
2927 5139 3030 5199 eis.
3067 5147 3118 5195 et
3162 5139 3462 5194 auferetur.
3499 5138 3634 5205 Quis

346 5228 725 5300 φητευόμενος
753 5226 847 5280 τοῦ
871 5224 1015 5279 Θεοῦ
1046 5223 1241 5293 Λόγος.
1264 5221 1390 5295 [Ὃς
1434 5221 1528 5275 καὶ
1562 5220 1814 5274 ἀπώλεσε
1847 5237 1950 5275 σω-

346 5326 579 5396 ζόμενον
626 5327 691 5377 ὲκ
722 5319 978 5393 πόλεως.]
1012 5315 1182 5392 Οἶμαι
1224 5318 1281 5373 δὲ
1328 5316 1427 5390 τὴν
1463 5315 1823 5389 Ἰερουσαλὴμ
1868 5318 1954 5369 αἱ-

346 5417 625 5472 νίττεσθαι
658 5418 772 5485 (82)
796 5434 810 5447 ο
839 5415 899 5481 ἐξ
928 5410 996 5487 ἦς
1026 5413 1195 5467 ὤλετο
1233 5412 1343 5474 πᾶς
1394 5407 1728 5481 σωζόμενος,
1780 5408 1814 5473 ἢ
1859 5410 1952 5463 καὶ

346 5512 411 5567 τὸ
438 5513 547 5566 πᾶν
567 5510 664 5564 τοῦ
696 5509 887 5573 ἔθνους
916 5499 1098 5561 αὐτῶν
1124 5504 1453 5575 πολίτευμα.

429 5626 473 5661 δ’
506 5628 710 5683 Cenes.
742 5640 893 5690 nix,
928 5624 1016 5679 10.
1094 5623 1139 5654 ⁸³
1173 5620 1308 5678 ibid.
1351 5620 1408 5678 8.
1486 5619 1530 5652 δ’
1557 5616 1793 5675 Zachar.
1827 5635 1925 5689 ιιι,
1953 5619 2009 5675 6.
2088 5619 2114 5652 "

1094 5623 1139 5654 “
1173 5620 1308 5678 ibid.
1351 5620 1408 5678 8.
1486 5619 1530 5652 δ’
1557 5616 1793 5675 Zachar.
1827 5635 1925 5689 ιιι,
1953 5619 2009 5675 6.
2088 5619 2134 5652 ⁸⁸
2167 5618 2363 5677 Matth.
2398 5637 2461 5688 tt,
2492 5621 2528 5677 ‘2
2563 5638 2717 5695 seqq.

2058 5226 2193 5283 ille?
2223 5228 2543 5299 pra-dictum
2578 5229 2668 5283 Dei
2708 5227 2973 5291 Verbum,
3013 5231 3161 5301 quod
3213 5232 3451 5301 perdidit
3494 5234 3640 5301 quini

2062 5333 2130 5374 ex
2164 5321 2299 5375 urbe
2348 5322 2542 5383 evasit,
2582 5318 3015 5392 Hierosolymam
3070 5324 3234 5376 tacite
3278 5323 3538 5383 innuens,
3578 5339 3643 5375 ex

2059 5424 2178 5481 qua
2219 5412 2553 5482 quicunque
2591 5412 2788 5475 evasit,
2836 5413 3018 5482 petiit.
3071 5413 3333 5479 Quamvis
3379 5412 3646 5485 quidquid

2063 5519 2128 5560 ex
2165 5513 2327 5575 gente
2351 5519 2544 5561 eorum
2574 5514 2680 5568 est.
2709 5505 2906 5560 civitas
2937 5513 3041 5559 est.

2799 5623 2841 5655 ⁸¹
2879 5620 3027 5677 Psal.
3059 5636 3122 5684 tt,
3163 5619 3217 5675 8.

1872 5714 2112 5773 ΝΟΤΑΞ.

422 5792 542 5867 (89)
578 5792 982 5863 Δινιττὸμενος.
1013 5788 1072 5843 Ὀ
1090 5787 1191 5859 τῆς
1220 5787 1357 5857 Αὐγ.
1395 5785 1527 5842 κώδ.
