4266 6446
715 367 812 429 8³11
2019 369 2366 428 PIiOCOPII
2395 385 2400 418 ε

2300 371 2366 428 ἸΙ
2395 370 2632 430 ΟᾹΖᾸΞῙ
3453 405 3458 410 -
3879 370 3985 436 872

787 481 1061 534 Caeterum
1098 479 1271 531 stellre
1307 479 1634 547 mysterium
1679 479 2050 547 inspiciamus
2085 479 2429 533 accuratius.
2475 479 2534 533 In
2570 481 2728 548 signa
2767 488 2821 533 et
2860 489 3108 550 tempora
3154 496 3347 536 omnes
3389 483 3584 537 stellas
3617 485 3831 552 positas
3861 503 3986 543 esse

719 566 888 618 tradit
946 565 1147 618 Moses.
1202 564 1600 619 Producuntur
1639 567 1788 619 enim
1827 567 1894 619 ad
1932 581 2021 620 res
2072 567 2546 635 exspectationem
2600 567 2886 621 hominum
2941 567 3212 638 fugientes
3264 570 3418 622 vultu
3468 570 3694 624 micanti
3743 570 3985 641 fulgores

717 648 1026 713 stellarum,
1057 667 1196 719 quas
1227 664 1428 705 vocant
1468 664 1734 713 cometas,
1776 654 1986 715 trabes,
2030 660 2085 706 et
2117 654 2336 714 barbas,
2372 664 2426 707 et
2468 654 2805 722 hujusmodi.
2848 656 3011 724 Atqui
3049 653 3364 711 Servatoris
3391 657 3548 710 stella
3586 658 3672 712 his
3725 661 3988 718 omnibus

719 741 996 791 recentior
1026 740 1264 792 exstitit.
1300 741 1515 807 Quippe
1565 756 1688 808 qua:
1721 741 2074 794 demonstrat
2119 756 2311 794 revera
2348 757 2608 812 magnum
2647 751 2702 797 et
2747 745 3035 811 spirituale
3080 744 3354 798 luminare
3398 746 3620 798 cmlitus
3656 746 3986 812 demissum,

719 836 894 879 totum
926 826 1115 877 orbem
1147 827 1458 880 illustrans.
1494 827 1634 890 Quid
1675 829 1825 879 enim
1863 838 1973 880 tam
2002 829 2355 895 magnificum
2389 835 2608 894 tamque
2634 829 2926 880 mirificum
2960 828 3102 880 inter
3139 828 3392 882 homines
3431 829 3642 883 factum
3676 831 3807 885 est?
3842 831 3992 885 Con-

719 924 932 965 suetum
966 927 1098 966 vero
1130 913 1434 980 Scriptura!
1469 929 1642 966 sacra!
1675 923 1782 976 est.
1821 915 1987 968 simul
2031 930 2254 968 servare
2286 929 2511 982 semper
2538 914 2758 983 signum
2791 914 2939 982 quod
2987 923 3217 983 apparet
3249 931 3374 969 cum
3412 919 3780 984 pronuntiato
3822 934 3993 988 super

716 1015 782 1050 eo
812 1000 984 1056 edito,
1032 1007 1087 1049 et
1123 1015 1349 1053 sensum
1402 1001 1780 1068 spiritualcnt,
1833 1002 1994 1070 cujus
2050 1004 2225 1071 gratia
2257 1004 2474 1072 signum
2517 1005 2758 1067 exsistit,
2812 1011 2870 1055 ut
2904 1004 3244 1056 narrationis
3286 1005 3687 1060 certitudinem
3714 1019 3992 1075 quantum

720 1097 900 1153 petest
933 1085 1180 1154 adjuvet.
1229 1086 1304 1139 Ita
1340 1098 1639 1157 utrumque
1669 1090 1760 1143 hie
1790 1105 2012 1158 quoque
2045 1098 2130 1145 est
2183 1101 2574 1144 conservatum
2617 1090 2742 1158 ejus
2792 1091 2967 1144 stella:
3006 1105 3127 1159 quae
3169 1093 3450 1160 apparuit,
3481 1107 3603 1160 quae
3659 1093 3996 1162 significavit

721 1175 888 1224 Deum
917 1176 1140 1227 caelitus
1171 1175 1608 1237 illuminantem,
1634 1192 1800 1245 quem
1833 1178 1997 1229 etiam
2030 1177 2307 1231 hominem
2341 1185 2564 1245 propter
2587 1177 2959 1230 ministerium
2985 1177 3108 1245 ejus
3132 1178 3421 1246 prophetia
3457 1186 3641 1230 vocat.
3671 1177 3994 1233 Secundum

717 1263 1069 1316 divinitatem
1105 1265 1251 1315 enim
1288 1267 1496 1331 passim
1538 1267 1834 1326 orientem,
1871 1273 1924 1317 et
1966 1264 2173 1328 lumen,
2205 1272 2259 1317 et
2293 1262 2475 1317 Solem
2502 1264 2737 1332 justitia:
2782 1263 3048 1332 appellat,
3086 1273 3277 1332 utpote
3319 1264 3414 1333 qui
3460 1265 3740 1318 illuminat
3770 1281 3996 1319 omnem

720 1350 996 1401 hominem
1032 1351 1124 1416 qui
1163 1352 1214 1401 in
1251 1352 1514 1403 mundum
1551 1353 1720 1404 venit.
1762 1351 1919 1405 Unde
1959 1353 2012 1404 in
2049 1351 2312 1420 praesenti
2339 1365 2559 1419 quoque
2605 1351 2728 1404 loco
2757 1348 2977 1403 oriendi
3014 1351 3242 1404 verbum
3281 1360 3364 1404 est
3406 1350 3741 1405 adhibitum.
3787 1352 3998 1406 Huma-

720 1454 847 1486 nmu
883 1453 1014 1489 vero
1050 1446 1276 1505 pt-Opter
1312 1439 1633 1491 affectiones
1665 1455 1787 1505 qua:
1821 1441 1874 1491 in
1907 1437 2044 1490 illttd
2081 1438 2420 1498 inciderunt,
2452 1451 2550 1490 ceu
2583 1437 2798 1504 lapsum
2832 1447 3280 1492 resurrecturum
3301 1451 3422 1491 esse
3449 1438 3652 1505 inquit.
3685 1439 3799 1490 Hoc
3835 1448 3998 1506 pacto

717 1522 890 1577 is.iias
915 1540 1138 1593 quoque
1171 1544 1183 1576 :
1225 1545 1241 1574 α
1270 1525 1333 1578 Et
1371 1527 1478 1579 erit
1518 1527 1671 1578 radix
1706 1526 1888 1592 Jesse,
1917 1536 1971 1581 et
2003 1525 2096 1594 qui
2126 1526 2307 1594 surgit
2333 1524 2398 1576 ad
2435 1521 2817 1591 imperandum
2843 1523 3119 1592 gentibus,
3158 1525 3213 1577 in
3240 1536 3306 1575 eo
3329 1523 3636 1591 sperabunt
3667 1534 3857 1593 gentes
3878 1524 3945 1574 ".
3974 1542 3991 1573 ι

719 1611 794 1664 Ex
840 1612 1012 1666 Jacob
1041 1614 1189 1665 enim
1247 1615 1456 1682 popqu
1489 1615 1745 1666 videlicet
1789 1615 2246 1669 circumcisionis
2283 1611 2544 1665 omnibus
2583 1610 2813 1665 emicuit
2849 1626 2861 1661 :
2902 1609 2970 1663 ad
3015 1624 3178 1680 quem
3209 1610 3462 1664 dicitur:
3504 1629 3521 1661 I
3555 1610 3698 1665 Ecce
3753 1611 3913 1681 posui
3948 1621 3998 1664 te

719 1703 772 1752 in
811 1710 1208 1753 testamentum
1239 1703 1486 1767 generis,
1529 1702 1583 1754 in
1611 1702 2083 1772 lumengentium
2117 1702 2185 1752 ".
2229 1719 2246 1750 ι

789 1813 1063 1866 Cancrum
1104 1813 1260 1873 illud,
1287 1830 1304 1862 ι
1331 1811 1631 1867 Ostendam
1665 1814 1856 1880 ei,non
1883 1823 2066 1867 autem
2093 1827 2261 1874 nunc,
2287 1830 2307 1862 ι
2342 1816 2385 1869 A

2342 1816 2385 1869 Α
2485 1806 2579 1871 T6,
2605 1825 2625 1858 ‹
2656 1807 2824 1872 Δειξω
2858 1807 3031 1877 αὐτῷ,
3066 1809 3162 1862 καὶ
3201 1809 3322 1879 οὐχὶ
3344 1809 3461 1874 νῦν,
3497 1828 3515 1861 ι
3554 1812 3581 1864 6
3612 1811 3709 1880 μὲν
3747 1810 4001 1875 Ἀκύλας,

716 1907 948 1973 Aquilus
978 1904 1228 1974 quidem,
1291 1903 1514 1969 Videbo,
1548 1906 1839 1969 enuntiat;
1885 1903 2258 1973 Symmachus
2290 1923 2302 1956 :

2419 1902 2715 1968 Ὀψομαι,
2774 1901 2978 1970 φησίν’
3025 1902 3054 1953 6
3097 1902 3155 1954 δὲ
3191 1902 3511 1972 Σύμμαχος,
3575 1902 3749 1971 Ὀρῶο
3812 1904 3889 1966 ὡς
3938 1905 4005 1958 ἂν

724 1995 922 2060 Video;
957 1996 1101 2064 quod
1151 1996 1253 2049 ista
1301 2005 1555 2049 eventum
1606 1995 1783 2064 longis
1830 1995 2050 2048 demum
2099 1995 2307 2048 exactis

2416 1995 2652 2062 μακροῖς
2687 1991 2916 2062 ὕστερον
2954 1994 3170 2064 χρόνοις
3219 1994 3528 2063 μελλόντων
3565 1995 3771 2052 τούτων
3818 1997 4003 2049 ἐπιτε-

715 2090 1057 2159 temporibus
1099 2091 1209 2143 sint
1257 2091 1546 2144 sortitura.
1602 2087 1693 2143 Bis
1729 2088 1876 2142 mille
1905 2089 2052 2142 enim
2083 2087 2214 2140 anni
2251 2087 2304 2140 in

2414 2083 2646 2138 λεῖσθαι.
2684 2086 2839 2138 Μετὰ
2885 2085 2994 2155 γὰρ
3033 2086 3268 2155 δισχίλια
3297 2085 3396 2156 τῆς
3427 2087 3791 2157 προρρήσεως
3825 2089 4005 2158 ἀπήν-

717 2185 820 2236 hoc
850 2183 1176 2235 vaticinium
1208 2181 1548 2236 inciderunt.

1043 2184 1176 2235 tium
1208 2181 1548 2236 inciderunt.
2412 2195 2581 2248 τηκεν
2609 2177 2728 2248 ἐτη.

789 2298 1144 2367 Quapmpter
1179 2299 1234 2351 in
1289 2298 1552 2367 praedicta
1595 2298 1843 2368 gentium
1881 2296 2254 2366 trepidatione
2287 2305 2481 2351 contra
2516 2313 2576 2352 se
2610 2296 2874 2360 invicem,
2921 2295 3115 2358 veluti,
3166 2304 3221 2350 et
3273 2297 3366 2351 ille
3393 2296 3608 2366 ejectus
3644 2313 3713 2352 ex
3746 2305 3892 2352 terra
3923 2296 4009 2351 in-

713 2386 865 2455 juste
901 2401 928 2437 a
971 2401 1031 2440 se
1079 2396 1356 2455 occupata
1397 2387 1451 2440 in
1488 2387 1775 2456 Assyriam
1816 2386 2212 2446 transferetur,
2256 2385 2582 2455 praecinitur
2612 2400 2676 2439 ea
2732 2399 2900 2451 quam
2953 2382 3256 2441 Zacharias
3322 2401 3549 2455 quoque
3595 2386 3894 2455 praedixit,
3949 2394 4008 2441 et

715 2476 982 2530 Servator
1015 2476 1067 2527 in
1107 2475 1431 2545 Evangelio.
1463 2475 1741 2547 Postquaz
1767 2493 1895 2530 cum
1933 2477 2183 2530 indicare
2225 2476 2342 2529 vul’t
2369 2489 2535 2545 quam
2564 2489 2654 2528 res
2685 2473 2960 2528 horrenda
2999 2475 3052 2526 in
3095 2472 3203 2527 fine
3238 2474 3308 2527 sit
3341 2473 3550 2539 futura,
3591 2475 3772 2543 inquit
3807 2493 3820 2527 :
3855 2493 3875 2525 ι
3915 2472 4009 2529 V2

714 2564 840 2631 quis
865 2565 1009 2616 vivet
1029 2563 1142 2617 haec
1177 2563 1416 2618 faciente
1435 2564 1569 2629 Deo,
1597 2584 1614 2615 ι
1637 2565 1862 2634 quando
1890 2565 2151 2619 videlicet
2185 2563 2320 2618 illud
2348 2573 2604 2618 exactum
2628 2561 2956 2632 fueritquod
2977 2577 3072 2630 per
3089 2561 3413 2616 Zachariam
3446 2570 3532 2618 est
3568 2563 4006 2632 promulgatum.

721 2672 738 2702 ι
767 2650 1065 2719 Pr0pterea
1087 2668 1192 2706 non
1219 2668 1443 2722 parcam
1463 2655 1707 2724 amplius
1732 2654 2144 2708 habitatoribus
2166 2661 2350 2708 terrae.
2377 2671 2394 2703 ›
2426 2650 2544 2716 Ει,‹
2571 2651 2715 2706 Ecce
2738 2666 2841 2720 ego
2865 2651 3023 2703 trado
3040 2664 3378 2719 quemquam
3398 2649 3450 2703 in
3484 2665 3703 2703 manum
3729 2653 3875 2720 regis
3894 2651 4006 2716 sui,

715 2749 768 2790 et
799 2739 1134 2792 exscindent
1167 2751 1400 2803 terram,
1435 2757 1535 2794 nec
1563 2741 1798 2810 eripiam
1823 2757 1890 2796 ex
1927 2757 2095 2795 manu
2125 2756 2318 2796 eorum
2339 2741 2406 2804 “,
2443 2759 2461 2791 ο
2506 2748 2764 2794 cessante
2797 2747 2930 2791 tunc
2959 2747 3295 2792 testamento
3323 2738 3468 2806 qttod
3495 2753 3620 2791 cum
3652 2739 3921 2808 gentibus
3951 2741 4007 2793 in

716 2824 822 2879 ﬂde
855 2827 1061 2881 Christi
1087 2840 1334 2882 erectum
1366 2837 1471 2882 est.
1503 2829 1740 2894 Quando
1779 2833 1947 2885 etiam
1981 2840 2185 2885 contra
2224 2829 2476 2884 intideles
2511 2828 2848 2898 supplicium
2888 2826 3096 2889 tendet,
3129 2826 3600 2895 quemadmodum
3628 2827 3766 2882 dicit
3791 2825 4005 2882 Zacha-

719 2915 871 2968 rias:
912 2917 1244 2984 «Accipiam
1307 2917 1518 2986 virgam
1593 2934 1768 2972 meam
1811 2933 1933 2988 quae
1973 2927 2204 2972 vocatur
2268 2917 2477 2981 Decus,
2532 2925 2587 2970 et
2627 2915 2951 2970 abscindam
3021 2929 3142 2967 eam
3197 2924 3254 2966 ut
3293 2914 3511 2968 irritum
3565 2914 3767 2969 faciam
3821 2914 4008 2970 foedus

717 3020 901 3058 nteum
932 3007 1080 3072 quod
1131 3007 1383 3073 percussi
1431 3022 1560 3060 cum
1602 3009 1864 3063 omnibus
1903 3009 2144 3078 populis,
2180 3017 2235 3060 et
2275 3003 2640 3074 dissipabitur
2694 3003 2746 3055 in
2781 3001 2871 3056 die
2918 3001 3012 3054 illa
3043 3001 3111 3055 ".
3160 3021 3177 3050 ι
3226 2999 3394 3054 Multa
3432 3016 3568 3056 sane
3601 3005 3742 3056 mala
3795 3004 3851 3057 in
3899 3003 4008 3059 [ine

717 3101 1030 3161 temporum
1070 3095 1677 3165 manebunt‘quotquot
1710 3097 1983 3165 praedicit,
2015 3095 2163 3165 quod
2205 3093 2341 3148 Siim
2367 3102 2422 3147 et
2449 3091 2544 3162 qui
2579 3105 2610 3143 a
2641 3101 2798 3160 parte
2824 3089 3066 3144 Cethiim
3103 3088 3346 3158 aﬂligent
3373 3089 3657 3160 Assyrios,
3687 3101 3742 3146 et
3764 3091 4010 3163 amigettt

717 3180 922 3237 lleher.
963 3181 1108 3246 Qtun
1147 3183 1380 3252 insuper
1417 3185 1538 3253 ipse
1567 3200 1791 3255 quoque
1825 3184 1959 3237 Siim
1992 3185 2215 3253 peribit.

787 3267 855 3322 Et
887 3287 1005 3322 cum
1029 3275 1348 3325 surrexisset
1372 3271 1624 3336 Balaam,
1647 3291 1883 3328 reversus
1901 3283 1978 3328 est
2005 3275 2060 3326 in
2083 3273 2257 3327 locum
2279 3289 2451 3326 suum.
2475 3268 2690 3343 [XX|V,
2709 3267 2828 3340 25.]
2847 3267 2962 3322 Non
2994 3269 3226 3334 patriam
3256 3269 3455 3333 innuit,
3474 3284 3664 3324 verum
3689 3271 3994 3326 stationem

713 3373 833 3410 eam
867 3358 1012 3411 unde
1041 3361 1331 3428 profectus
1357 3373 1442 3414 est
1493 3363 1557 3414 ad
1597 3363 1762 3417 Balac
1815 3365 1866 3416 in
1904 3364 2093 3417 urbem
2140 3363 2536 3417 suburbiortuu
2571 3367 2630 3412 ut
2663 3373 2831 3428 supra
2869 3357 3140 3410 meminit.
3170 3354 3306 3409 Nam
3353 3365 3404 3410 et
3449 3358 3572 3427 ipse
3617 3373 3842 3426 quoque
3875 3373 4005 3413 cum

715 3447 877 3501 Baiae
935 3452 1004 3500 ab
1049 3449 1318 3503 Israelitis
1356 3451 1672 3505 trucidatur
1711 3461 1768 3504 ut
1807 3453 1975 3521 paulo
2014 3464 2139 3521 post
2174 3451 2462 3506 indicabit.

784 3556 947 3626 423
986 3555 1050 3608 Et
1071 3560 1469 3610 contaminatus
1496 3571 1572 3612 est
1602 3561 1832 3628 populus
1863 3560 2210 3628 fornicando.
2251 3556 2446 3630 lxxv,
2487 3554 2564 3626 1.]
2599 3554 2758 3608 Nulla
2791 3561 2988 3607 contra
3015 3553 3292 3606 hominem
3325 3560 3410 3607 est
3454 3554 3802 3622 potentia,ni
3849 3556 4008 3625 prius

713 3645 815 3696 sibi
853 3648 953 3712 ipsi
987 3645 1249 3698 dautnttm
1278 3649 1549 3700 intulerit.
1586 3649 2063 3713 Quemadmodum
2105 3649 2194 3703 isti
2222 3645 2560 3717 quilibidine
2586 3645 2728 3712 capti
2759 3641 3053 3697 Dominum
3086 3643 3352 3695 oblivioni
3407 3643 3775 3708 mandarunt;
3810 3660 4009 3712 quem-

713 3734 1004 3785 admodum
1059 3743 1244 3801 postea
1304 3751 1522 3804 quoque
1580 3738 1842 3790 Salomon
1899 3737 1992 3806 qui
2048 3737 2339 3790 mulierum
2391 3735 2564 3803 gratia
2629 3730 2794 3785 idolis
2856 3731 3060 3798 templa
3117 3729 3413 3783 exstruxit.
3445 3731 3627 3796 Quare
3655 3747 3779 3785 cum
3813 3734 4005 3801 populi

713 3820 880 3888 hujus
906 3824 1164 3875 Socordio
1201 3838 1263 3877 ac
1301 3825 1518 3893 ignavia
1555 3824 1668 3879 Deo
1695 3835 1842 3880 esset
1869 3827 2090 3896 cognita
2118 3826 2445 3892 alienigenis
2490 3822 2760 3876 uxoribus
2795 3821 2905 3874 illis
2957 3821 3272 3874 interdixit.
3301 3818 3474 3875 Nobis
3501 3836 3632 3876 vero
3685 3823 3778 3889 qui
3811 3824 3862 3874 in
3901 3823 4010 3877 fide

712 3911 949 3976 agimus,
981 3924 1105 3961 cum
1143 3912 1253 3965 illis
1291 3915 1621 3966 conversari
1665 3930 1762 3982 per
1795 3913 2028 3966 Paulum
2065 3913 2343 3983 permisit.
2373 3911 2535 3964 Novit
2572 3912 2719 3964 enim
2757 3909 2906 3979 quod
2933 3909 3115 3984 idonei
3153 3909 3331 3963 simus
3360 3911 3538 3980 magis
3584 3909 3742 3964 utilia
3769 3914 4012 3966 suadere

711 4013 875 4063 quam
913 3999 1090 4052 noxiis
1123 4003 1534 4071 obtemperare.
1595 4001 1868 4056 Caeterum
1929 4001 2274 4072 Beelphegor
2337 4001 2545 4055 idolum
2575 4015 2700 4056 esse
2725 3998 2953 4054 tradunt
2974 3999 3271 4054 cadaveris
3313 3997 3556 4069 Phogor,
3585 4001 3830 4056 cultores
3858 4003 4009 4056 enim

709 4087 852 4155 ejus,
889 4088 962 4140 ait
1004 4105 1016 4139 :
1056 4106 1073 4137 ι
1110 4088 1490 4143 Vescebantur
1523 4092 1768 4146 victimis
1809 4100 2177 4146 mortuorum.
2218 4088 2510 4144 Irritarunt
2539 4099 2724 4143 autem
2755 4087 2930 4143 Deum
2964 4089 3170 4143 studiis
3197 4090 3340 4143 suis.
3374 4107 3392 4139 ›

783 4175 955 4230 Porro
987 4177 1264 4243 Moabitae,
1298 4180 1480 4234 edocti
1519 4181 1665 4249 quod
1704 4181 1874 4235 nullis
1911 4182 2037 4235 aliis
2077 4180 2299 4234 insidiis
2335 4188 2376 4242 Β

2335 4188 2376 4242 Β
2476 4178 2756 4240 Μαθόντες
2778 4177 2834 4230 δὲ
2864 4178 3179 4239 Μωαϐῖται,
3209 4177 3283 4240 ὡς
3325 4177 3606 4241 ἀνάλωτος
3662 4174 3769 4230 ὑπὸ
3821 4181 4010 4248 πάσης

708 4283 874 4339 quam
918 4269 1008 4322 Dei
1047 4271 1357 4326 oli'ensioue
1395 4282 1623 4342 possent
1667 4272 2071 4344 comprehendi
2116 4272 2302 4327 lsrae-

2411 4271 2704 4333 ὲπιόουλῆς
2773 4269 3013 4340 Ἰσραὴλ,
3074 4269 3217 4340 πλὴν
3260 4271 3308 4322 εἰ
3347 4270 3420 4339 μὴ
3456 4268 3817 4340 προσκρούσῃ
3865 4267 4006 4340 Θεῷ,

709 4362 841 4425 litae,
877 4362 1182 4418 tlitrtatioue
1227 4365 1446 4419 Balaam
1478 4367 1736 4435 laqueum
1766 4368 1875 4421 illis
1916 4382 2014 4436 per
2041 4365 2304 4420 mulieres

2411 4364 2507 4435 τὴν
2539 4363 2646 4416 τῶν
2678 4363 2956 4431 γυναικῶν
2988 4362 3192 4430 παγίδα
3217 4363 3555 4432 συνέστησαν
3582 4361 3725 4415 κατά
3754 4360 4007 4431 γνώμην,

709 4456 809 4522 p'ro
867 4455 1102 4509 arbitrio
1156 4457 1550 4512 extenderunt.
1609 4457 2082 4522 Mulieresenim
2120 4458 2187 4512 ad
2243 4473 2302 4512 se

2413 4459 2488 4521 ὥς
2521 4474 2675 4528 φησι,
2709 4457 2822 4528 (85)
2850 4456 3103 4524 Βαλαάμ.
3141 4457 3207 4507 Al
3240 4454 3352 4525 γὰρ
3407 4457 3664 4520 γυναῖκες
3705 4456 3820 4514 τοῖς
3867 4454 4011 4525 πρὸς

709 4546 1149 4615 ingredientibus
1181 4551 1440 4605 dixerunt
1477 4569 1488 4603 :
1534 4569 1552 4601 ι
1581 4549 1643 4604 Ni
1681 4553 1844 4606 deum
1879 4561 2139 4606 nostrum
2170 4552 2302 4606 ado-

2411 4553 2581 4616 αὑτὰς
2622 4550 2884 4604 εἰσιοῦσιν
2930 4549 3116 4616 ελεγον
3156 4565 3169 4579 ·
3212 4567 3230 4599 ι
3270 4549 3402 4603 Ἐὰν
3430 4547 3507 4618 μὴ
3549 4546 3629 4617 τῷ
3681 4545 3791 4616 Θεῷ
3821 4545 3824 4547 “
3851 4547 4013 4618 ἡμῶν

707 4641 985 4704 raveritis,
1015 4661 1032 4692 ι
1069 4650 1122 4694 et
1146 4650 1367 4707 caetera,
1427 4642 1597 4696 Deum
1642 4643 1871 4714 inquam
1935 4660 2101 4714 quem
2139 4653 2304 4697 vocat

2411 4645 2832 4714 προσκυνήσητε
2873 4658 2886 4672 ·
2946 4661 2964 4694 ι
3008 4642 3066 4695 ὂν
3123 4642 3280 4695 καλεῖ
3355 4640 3692 4710 Βεελφογὼρ
3748 4640 3845 4692 καὶ
3909 4641 4014 4691 Φο-

707 4734 1047 4804 Beelphegnr
1079 4745 1131 4787 et
1167 4734 1406 4804 Phogor.
2419 4736 2557 4806 γώρ.

779 4825 929 4880 Tolle
960 4838 1175 4879 cum-tos
1199 4827 1468 4894 principes
1496 4829 1676 4896 populi
1711 4839 1760 4882 et
1799 4830 2100 4898 exemplum
2131 4831 2186 4883 in
2221 4846 2307 4884 eos
2343 4829 2450 4897 fac.
2490 4828 2592 4901 [4.]
2629 4829 2779 4897 Euge
2803 4827 3201 4898 benignitatem
3261 4826 3560 4880 maximam
3594 4835 3647 4882 et
3678 4827 4011 4884 facilitatem

703 4934 826 4986 qua:
889 4916 1169 4984 supplicio
1209 4931 1538 4984 paucorum,
1597 4919 1746 4987 qttod
1815 4935 2009 4974 omnes
2044 4931 2388 4982 meruerant,
2420 4933 2505 4974 est
2538 4928 2824 4974 contenta.
2861 4917 3026 4971 Juxta
3062 4916 3240 4971 illud:
3271 4935 3288 4967 t
3322 4917 3666 4986 Castigando
3707 4919 4017 4988 castigavit

705 5021 791 5059 me
825 5003 1174 5057 Dominus“.
1206 5021 1223 5053 ι
1276 5005 1542 5074 Exemplo
1600 5009 1749 5061 enim
1783 5008 1980 5061 horum
2044 5024 2242 5079 sapere
2292 5010 2566 5065 docentur
2629 5010 2854 5079 reliqui,
2914 5010 3062 5063 sicut
3122 5022 3318 5061 eorum
3387 5021 3610 5076 quoque
3642 5008 3798 5076 quia
3838 5006 4019 5062 Pilato

697 5096 934 5162 jugulati
959 5102 1013 5146 et
1043 5092 1245 5160 sepulti
1293 5094 1534 5157 Inerant,
1567 5111 1736 5166 super
1767 5097 1973 5168 quibus
2013 5096 2280 5152 Servator
2313 5101 2530 5170 inquit:
2571 5119 2588 5152 ι
2619 5099 2776 5166 Quod
2816 5099 2862 5154 si
2887 5095 3276 5168 pcenitentiam
3313 5111 3426 5150 non
3463 5096 3717 5164 egeritis,
3749 5097 4018 5167 graviora

702 5186 786 5238 his
808 5183 964 5238 vobis
995 5183 1250 5236 evenient
1271 5183 1339 5234 ⁸⁷.

773 5279 943 5332 Porro
992 5278 1339 5347 principibus
1399 5279 1605 5348 quibus
1670 5277 1831 5332 facile
1889 5287 1975 5333 est
2008 5277 2294 5333 maleficos

2479 5277 2605 5340 Τοῖς
2639 5277 2922 5347 ἄρχουσιν,
2959 5271 3043 5341 οἷς
3075 5279 3172 5332 καὶ
3214 5278 3398 5350 ῥᾴδιον
3441 5281 3570 5343 τοὺς
3617 5281 4020 5352 ἡμαρτηκότας

699 5372 1112 5443 deprehendere
1172 5372 1509 5442 supplicium
1572 5372 1872 5436 commisit,
1945 5379 1998 5424 et
2059 5386 2298 5441 suspen—

2407 5370 2612 5442 εὑρεῖν,
2653 5370 2752 5442 τὴν
2815 5371 3097 5443 τιμωρίαν
3157 5372 3452 5442 ἐπέτρεψε,
3500 5376 3595 5428 καὶ
3628 5374 3730 5445 τὴν
3775 5377 4019 5447 ἀνακρέ-

771 5514 817 5546 ³⁴
851 5515 955 5567 Isa.
993 5530 1066 5577 xt,
1105 5515 1153 5566 1.
1233 5513 1279 5545 ⁸³
1313 5512 1419 5568 Isa.
1454 5529 1589 5577 XLII,
1622 5515 1654 5568 6
1689 5551 1703 5565 .
1783 5512 1828 5544 “
1864 5510 2101 5566 Zachar.
2139 5527 2220 5579 xt,
2251 5508 2304 5565 6.
2387 5511 2432 5542 ⁵⁵
2461 5509 2808 5570 ibid.10.1i.
2889 5511 2934 5543 “
2962 5509 3112 5566 Psal.
3144 5525 3315 5577 cxvu,
3371 5511 3457 5567 18.
3536 5513 3580 5546 ⁵⁷
3635 5511 3774 5569 Luc.
3826 5531 3954 5584 xtn,
3984 5517 4021 5572 3

2233 5627 2471 5685 ΝΟΤᾸΞ.

777 5749 892 5815 (85)
932 5749 1105 5800 (Mler)
1138 5749 1164 5800 6
1208 5747 1356 5817 Ἐϐρ.
1386 5751 1442 5800 ὲν
1479 5747 1591 5800 σελ.
1627 5747 1751 5803 647.
1801 5747 1893 5799 καὶ
1921 5747 1947 5796 6
1992 5745 2218 5816 Ἰώσηπ.
2251 5749 2308 5799 ὲν
2419 5764 2524 5818 ριτ.
2555 5749 2611 5799 ὲν
2637 5747 2714 5817 τῷ
2737 5748 2790 5810 5,
2829 5749 2966 5801 καὶὸ
2999 5748 3196 5802 Εὐσέὸ.
3232 5749 3289 5800 ἐν
3317 5747 3394 5817 τῷ
3425 5747 3512 5806 14,
3548 5746 3626 5800 ὲδ.
3677 5747 3772 5799 τοῦ
3817 5749 4025 5815 προλα-

701 5838 826 5890 λεφ.
869 5822 921 5887 ϋ,
952 5820 1044 5873 τοῦ
1076 5821 1126 5885 4,
1160 5822 1290 5891 περῖ
1335 5820 1489 5872 Ἰουδ.
1523 5821 1653 5890 dp].
1687 5819 1828 5890 βιῶ..
1879 5821 1974 5870 καὶ
2030 5821 2056 5871 6
2098 5819 2306 5871 θετιδώ·
2417 5819 2529 5871 δὸν.
2563 5835 2685 5886 κεφ.
2723 5821 2816 5872 καὶ
2844 5822 2872 5873 6
2924 5821 3100 5890 Ὡριγ.
3138 5822 3195 5873 ὲν
3232 5818 3310 5888 τῷ
3351 5821 3572 5885 προτέρ.
3613 5821 3903 5884 ὑπομντεμ.
