4266 6446
266 410 373 470 8'73
1356 391 1502 455 CUM
1518 396 1564 452 λι
1580 393 1890 452 ΕΝΤᾹΗΙΙ
1947 394 1951 448 l

1872 393 1890 451 ι
1947 391 2020 448 ΙΝ
2067 388 2457 447 NllMEllUS.
3449 384 3547 446 874

270 536 436 590 μασιν
482 516 663 570 αὐτῶν
715 511 848 584 πρὸς
895 511 992 572 τὰς
1050 507 1142 561 τοῦ
1205 509 1355 578 ἡλίου
1404 508 1618 574 αὐγὰς,
1670 506 1745 567 ὡς
1794 505 1859 556 ἂν
1893 514 1931 564 Λ

1893 514 1931 564 Α
1967 501 2180 552 sionem
2235 514 2432 549 eorum
2465 504 2656 549 contra
2689 495 2823 548 Solis
2857 495 3062 554 radius,
3113 511 3222 562 quo
3281 507 3547 548 lt‘l‘l‘til‘t'lil

267 610 485 680 φοϐοῖεν
541 607 832 676 ὁρώμενοι.
865 604 1043 671 Ὀπεςι
1086 602 1334 670 μυσαρὸν
1388 597 1704 668 νομίζουσιν
1731 594 1858 646 "Ei.-
1941 638 1948 644 .

1941 602 2199 657 .3\plff‘lll
2266 605 2366 641 suo
2421 589 2657 655 pariant.
2690 586 2842 651 Quod
2904 586 3298 638 aLominatinni
3340 586 3550 640 ducunt

267 706 431 773 ληνες
485 699 621 771 ἡλίῳ
678 695 954 750 δεικνύναι
988 693 1147 762 σῶμα.
1190 694 1404 760 νεκρὸν,
1432 688 1754 757 ἀγνοοῦντες
1791 688 1862 748 ὡς

1858 705 1862 745 ;
1964 681 2140 734 Gra'ci
2177 680 2220 732 si
2250 689 2528 732 mortuum
2579 679 2816 730 cadaver
2872 678 2972 730 Sull
3003 678 3358 732 obtendnlnr;
3387 680 3543 749 Igno-

266 793 450 850 ἀδικία
479 791 615 862 μόνη
643 788 895 858 μολύνειν
922 785 1237 847 ἐπίσταται,
1265 783 1336 835 οὐ
1374 783 1606 851 πρᾶγμα
1644 779 1864 831 παιδευ-

1966 783 2150 826 rantes
2185 773 2440 826 videlicet
2468 773 2613 841 quod
2671 773 2939 840 iniquitas
2993 774 3109 827 sola
3146 774 3550 842 inqttinationis

269 901 315 934 τι
329 882 424 934 κδν
448 883 542 933 καὶ
557 878 860 948 ὠφέλιμον.

1961 879 2136 917 causa
2190 877 2292 926 ρει,
2348 878 2451 917 nec
2510 863 2840 931 supplicium
2905 864 3051 931 quod
3098 879 3241 932 opus
3278 866 3409 916 utile
3445 874 3548 925 est,

1971 965 2024 1009 ct
2048 957 2348 1009 eruditioni
2384 956 2830 1008 accontmotlutn.

345 1054 699 1123 Προσήταγε
735 1051 840 1105 τὸν
871 1049 1140 1118 ἀδελφὸν
1165 1047 1354 1102 αὑτοῦ
1388 1046 1541 1115 πρὸς
1587 1045 1701 1109 τὴν
1737 1047 1861 1098 Μα-

2047 1046 2286 1098 Adduxit
2322 1046 2546 1112 fratrem
2574 1062 2728 1098 suum
2765 1047 2832 1098 ad
2870 1046 3300 1099 .lladiunitidem.
3327 1046 3428 1118 [6.]
3467 1050 3551 1100 ln-

270 1145 549 1199 διανῖτιν.
617 1144 846 1212 Ἄδηλον
907 1145 958 1195 εἰ
1019 1139 1393 1210 προσήγγειλε
1441 1135 1860 1207 κατηγορῶν,ἧ

1972 1146 2184 1192 certum
2222 1147 2307 1192 cst
2338 1155 2406 1191 an
2439 1141 2814 1192 acettsttionis
2876 1141 3038 1192 modo
3097 1141 3446 1206 indicaverit,
3485 1158 3551 1194 an

273 1243 320 1292 εἰ
351 1237 688 1311 προεξένησε
709 1236 787 1306 τῷ
818 1234 1034 1306 ἀδελφῷ
1065 1236 1165 1304 τὴν
1213 1233 1469 1301 γυναῖκα.

1286 1233 1469 1285 ναῖκει.
1974 1228 2131 1282 fratri
2164 1243 2264 1282 suo
2287 1229 2632 1298 prostituerit
2662 1231 2969 1284 mulierem.

345 1379 484 1434 Illud
527 1391 659 1431 vero
711 1383 926 1430 certum
959 1388 1026 1427 es
1056 1370 1294 1426 historia
1352 1367 1622 1439 estquod
1678 1364 2044 1437 impudicitia:
2104 1381 2218 1420 suae
2277 1366 2570 1419 atrocitate
2595 1366 2891 1434 adjnstam
2961 1369 3098 1421 iram
3173 1371 3556 1439 pt‘ovucm'ct‘ll

273 1467 532 1520 Phinees.
596 1463 756 1529 Quod
806 1461 1068 1517 videlicet
1093 1460 1148 1513 in
1182 1464 1489 1527 conspectu
1542 1455 1716 1512 Mosis
1742 1464 1796 1510 et
1825 1456 2140 1525 principum
2199 1454 2485 1508 libidinem
2541 1456 2812 1517 exercuit,
2854 1456 2992 1508 nihil
3048 1458 3350 1526 quidquam
3393 1462 3556 1512 ct’atn

276 1555 554 1611 reveritus
601 1554 850 1621 ipsorum
904 1549 1205 1618 lacrymas,
1273 1561 1444 1616 quas.
1475 1552 1603 1599 ante
1634 1543 1935 1599 tentorium
1989 1540 2325 1596 eli‘uderuot.
2381 1540 2518 1593 Nam
2554 1540 2760 1595 Paulus
2798 1558 3020 1610 quoque
3066 1545 3451 1599 latueu‘tattdos
3497 1562 3559 1596 ειιι

277 1641 550 1714 lngendos
586 1653 711 1694 esse
742 1646 1063 1709 peccatores
1112 1642 1330 1700 censet,
1395 1648 1583 1688 verum
1608 1647 1756 1686 nunc
1784 1629 2009 1701 quidem
2037 1627 2106 1681 ad
2137 1628 2519 1698 paenitentiam
2553 1642 2729 1696 pinna:
2786 1629 2986 1683 dilatio
3030 1631 3250 1695 invitat,
3279 1633 3556 1686 interdum

278 1746 412 1786 vero
445 1725 839 1797 castigationis
863 1738 1035 1779 causa
1065 1723 1251 1778 fervor
1284 1732 1389 1777 est.
1437 1719 1593 1782 Unde
1643 1719 1821 1774 illud:
1867 1717 2023 1772 «Lex
2081 1717 2217 1770 iram
2265 1715 2528 1771 efficit".
2561 1735 2577 1766 ι
2619 1715 2974 1786 Quapropter
3034 1720 3256 1775 animus
3321 1720 3560 1776 Pltiuces

276 1818 546 1875 aestuavit
573 1817 711 1870 adeo
738 1824 797 1869 ut
824 1829 928 1870 nec
975 1813 1341 1881 interrogaret
1400 1809 1734 1880 principem,
1783 1821 1887 1861 nec
1946 1806 2244 1861 consilium
2300 1817 2674 1875 exspectaret.
2718 1805 2853 1859 Nam
2909 1808 3132 1877 pietatis
3189 1824 3563 1880 propugnator

278 1918 439 1969 erat.
491 1913 547 1960 et
595 1905 867 1976 puniebat
917 1902 1262 1972 impietatem
1315 1899 1410 1954 ubi
1462 1907 1616 1964 erat,
1663 1911 1873 1965 eosque
1927 1895 2175 1964 singulos
2224 1894 2316 1962 qui
2379 1894 2631 1948 libidinis
2691 1897 2874 1948 scelus
2935 1906 3314 1964 patraverant.
3376 1900 3561 1969 Καμι-

279 1998 428 2050 νείον
450 1995 600 2049 enim
652 1991 884 2062 Aquilas
906 1990 1133 2062 quidem
1165 1998 1380 2053 tectum,
1415 1985 1788 2058 Symmachus
1822 1997 1951 2038 vero
1979 1982 2341 2050 prostibulum
2368 1999 2428 2037 ex
2444 1985 2646 2052 pOSUit.
2705 1983 2977 2058 Caeterum
3030 2000 3154 2040 cum
3202 1985 3565 2042 Providentia:

282 2084 542 2138 minister
571 2089 745 2147 esset,
779 2078 931 2135 facto
970 2093 1077 2140 suo
1133 2077 1406 2148 singulari
1458 2073 1836 2130 universalem
1895 2074 2112 2144 plagam
2171 2072 2463 2128 exstinxit.
2500 2073 2570 2126 Ea
2598 2076 2802 2128 etenim
2851 2077 3051 2130 terrori
3089 2076 3313 2145 quidem
3360 2077 3464 2132 fuit
3502 2081 3557 2132 in

284 2172 554 2235 sublatis.
616 2169 736 2239 ipse
765 2182 895 2223 vero
949 2167 1116 2223 etiam
1151 2179 1346 2221 eorum
1380 2178 1670 2218 numerum
1704 2161 1923 2216 minuit.
1953 2164 2124 2234 Atqui
2158 2173 2327 2218 aestus
2359 2165 2452 2218 ille
2475 2165 2568 2234 qni
2609 2165 2922 2221 exstinctus
2959 2182 3086 2221 esse
3120 2167 3349 2232 dicitur,
3396 2169 3564 2238 justi-

284 2262 387 2326 tia,
413 2273 537 2329 quae
570 2267 766 2313 contra
797 2271 993 2312 omnes
1014 2255 1234 2327 ﬂagrat,
1265 2261 1372 2311 est.
1408 2250 1585 2307 Porro
1629 2250 1899 2322 singulari
1957 2251 2061 2305 hoc
2112 2266 2212 2306 suo
2254 2251 2422 2317 facto,
2456 2260 2510 2306 et
2541 2253 2686 2321 quod
2734 2252 2954 2308 fervore
2994 2253 3086 2310 Dei
3125 2267 3436 2311 commotus
3458 2271 3563 2321 est,

286 2348 537 2402 divinam
565 2347 910 2401 voluntatem
938 2353 1024 2400 est
1055 2350 1415 2406 consecutus,
1472 2341 1734 2408 vicesque
1787 2339 2088 2400 mactandi,
2147 2340 2352 2405 ipsum,
2407 2343 2658 2409 inquam,
2727 2343 3104 2395 sacerdotium
3158 2351 3244 2397 est
3311 2346 3564 2415 adeptus.

288 2434 592 2507 Sanguinis
622 2433 771 2489 enim
801 2433 957 2488 citati
984 2431 1184 2488 effusio
1212 2429 1654 2486 abominationis
1681 2425 1789 2482 fuit
1821 2443 2042 2497 expers.
2076 2428 2223 2495 Quin
2254 2427 2307 2481 id
2335 2429 2478 2499 quod
2517 2430 2643 2496 jure
2679 2430 2748 2484 ab
2775 2445 2838 2484 eo
2877 2429 3085 2485 factum
3130 2421 3346 2510 fuerat,
3378 2433 3566 2488 hono-

291 2541 407 2579 rem
443 2523 667 2578 meruit.
697 2522 973 2589 Quoniam
1013 2535 1144 2577 vero
1182 2518 1453 2576 interfecti
1483 2518 1726 2588 insignes
1756 2531 1821 2570 ac
1855 2517 2096 2572 illustres
2120 2526 2296 2581 erant,
2329 2534 2393 2572 eo
2424 2518 2726 2588 insigniora
2790 2534 3011 2588 quoqtt:
3050 2535 3243 2576 eorum
3281 2524 3560 2593 supplicia

291 2613 656 2668 exstiterunt.

365 2701 592 2757 flcccnse
612 2705 772 2769 caput
799 2696 962 2750 totius
985 2708 1292 2766 synagoga.
1321 2689 1624 2764 [XXVI,2.]
1657 2689 1955 2761 Postquam
1989 2690 2288 2747 indicasset
2315 2695 2575 2764 populum
2615 2705 2772 2750 extra
2811 2699 3112 2754 terminum
3147 2716 3176 2754 a
3217 2699 3325 2757 Deo
3364 2707 3571 2761 consti-

291 2798 476 2845 tutum
513 2788 755 2852 venisse,
789 2786 989 2840 iterum
1028 2798 1178 2837 nunc
1213 2781 1272 2836 in
1331 2780 1543 2834 militiae
1571 2781 1894 2835 idoneorum
1933 2794 2223 2835 numerum
2275 2781 2554 2852 inquirit;
2588 2799 2712 2839 cmn
2749 2786 2895 2840 enim
2934 2796 3121 2856 patres
3155 2801 3284 2845 ante
3316 2797 3573 2851 reccnsiti

291 2876 718 2941 occubuissent,
745 2872 844 2928 lilii
875 2872 1124 2940 ipsorum
1157 2867 1226 2922 ad
1264 2868 1543 2922 calculum
1576 2876 1870 2923 vocantur.
1909 2865 2088 2937 Atque
2146 2862 2265 2922 hoc‘
2295 2885 2430 2924 sane
2480 2871 2616 2926 illud
2681 2880 2788 2937 cst,
2853 2875 2998 2937 quod
3047 2875 3216 2932 David
3276 2877 3572 2938 Dominum

293 2964 511 3021 dixisse
567 2963 788 3033 inquit:
823 2979 842 3012 ι
900 2959 960 3013 Si
990 2956 1374 3028 ingredientur
1411 2956 1470 3011 in
1493 2956 1740 3025 requiem
1782 2956 2044 3022 meam”,
2072 2975 2092 3008 ι
2123 2965 2178 3011 et
2219 2973 2342 3031 quae
2398 2959 2667 3030 deinceps
2717 2972 3048 3031 sequuntur.
3107 2965 3356 3032 Quorum
3411 2970 3575 3027 liberi

297 3055 494 3125 utique
523 3051 760 3108 formam
795 3048 1049 3105 ferebant
1079 3044 1255 3100 fidelis
1278 3045 1488 3116 populi,
1520 3045 1614 3115 qui
1660 3044 1823 3101 linem
1855 3044 2014 3115 legis,
2050 3045 2338 3102 Christum
2402 3051 2634 3120 recepit.
2670 3049 3030 3108 Tinctionem
3066 3053 3197 3110 item
3228 3059 3575 3128 spiritualem

294 3158 424 3214 qua
451 3139 813 3198 circumcisio
831 3143 969 3193 teste
996 3133 1169 3190 Paulo
1192 3133 1417 3190 exsistit
1449 3151 1464 3188 :
1504 3133 1656 3189 «Nos
1694 3135 1840 3189 enim
1867 3148 2084 3201 sumus,
2119 3134 2324 3200 inquit,
2363 3139 2726 3194 circumcisio
2760 3150 3038 3212 quotquot
3075 3143 3130 3198 in
3165 3146 3365 3214 spiritu
3407 3145 3576 3206 Deum

294 3231 543 3286 colimus
560 3229 630 3282 “.
653 3245 673 3279 ι
703 3223 774 3282 ει
799 3227 1002 3280 iterum
1036 3241 1051 3278 :
1090 3244 1108 3276 ι
1133 3222 1464 3310 Circuntcisi
1501 3223 1640 3277 estis
1679 3221 1801 3310 sine
1833 3236 2030 3276 manus
2070 3223 2384 3310 ministerio
2406 3227 2473 3281 ⁶¹.
2503 3246 2520 3278 ι
2558 3227 2808 3295 Quorum
2840 3237 3031 3302 typum
3069 3235 3211 3303 gerit
3274 3234 3447 3294 Josue
3481 3240 3576 3310 qni

300 3328 559 3392 posteros
582 3313 954 3372 circumcidit.
989 3310 1098 3366 Sed
1122 3309 1387 3382 quoniam
1425 3323 1533 3363 non
1562 3324 1694 3364 vera
1732 3309 1826 3363 illa
1879 3307 2232 3368 circumcisio
2288 3313 2415 3381 fuit,
2476 3316 2684 3371 dicitur
2738 3317 2906 3392 ἦ,εᾷ
2955 3321 3160 3376 alicubi
3202 3342 3215 3378 :
3251 3343 3268 3376 ι
3293 3307 3580 3383 Ρτιιεείιιῖιε

295 3404 487 3462 cordis
540 3401 708 3459 vestri
739 3401 1006 3457 duritiam
1023 3400 1091 3454 ⁶¹.
1113 3417 1133 3452 s
1170 3397 1445 3453 Recenset
1474 3398 1664 3466 itaque
1717 3397 1862 3453 lilios
1927 3400 2341 3465 defunctorum,
2384 3420 2573 3459 verum
2619 3421 2730 3461 non
2769 3423 2835 3463 eo
2864 3410 3054 3477 modo,
3085 3427 3197 3482 quo
3231 3429 3409 3484 nuper
3441 3431 3576 3473 usus

296 3504 444 3559 erat,
481 3493 661 3564 primo
685 3490 943 3547 videlicet
975 3487 1319 3543 numerando
1361 3486 1540 3542 tribus
1580 3500 1704 3557 quae
1729 3501 1793 3541 es
1827 3487 2020 3544 liberis
2056 3491 2382 3545 constabant
2405 3533 2422 3558 ,
2466 3491 2672 3548 deinde
2732 3509 2831 3550 eos
2890 3498 2984 3565 qui
3020 3513 3085 3554 ex
3112 3503 3290 3554 servis
3321 3519 3336 3568 ;
3372 3504 3578 3557 nullam

298 3586 451 3639 enim
490 3581 764 3636 rationem
822 3577 1121 3646 utriusque
1185 3575 1403 3646 generis
1452 3575 1639 3630 habet.
1672 3575 1750 3629 Ac
1787 3576 1970 3646 primo
2028 3576 2252 3646 quidem
2315 3581 2515 3633 recitat
2546 3597 2610 3635 ex
2657 3581 2803 3638 tribu
2861 3585 3238 3641 delectissima
3273 3587 3400 3644 Levi
3440 3591 3583 3648 ﬁlios

297 3675 552 3742 quinque
595 3669 739 3736 Lee,
769 3683 835 3723 eo
865 3666 1014 3737 quod
1043 3664 1328 3736 proprium
1360 3663 1611 3719 ordinem
1665 3663 1927 3720 habitura
1968 3674 2140 3731 esset,
2168 3669 2467 3725 ministerii
2497 3672 2715 3726 scilicet
2745 3675 2914 3731 sacri.
2956 3676 3163 3732 Deinde
3204 3678 3321 3734 Gad
3349 3689 3403 3737 et
3443 3683 3583 3738 Aser

301 3761 523 3816 ancilla:
545 3759 710 3817 filios.
756 3756 962 3813 Deinde
993 3754 1252 3812 Rachelis
1312 3753 1505 3810 liberae
1566 3755 1709 3810 lilios
1743 3765 1877 3820 tres,
1910 3770 1978 3811 ex
2029 3757 2234 3827 quibus
2296 3761 2477 3830 primo
2522 3765 2716 3815 recitat
2772 3763 2912 3818 lilios
2972 3763 3216 3835 Joseplt.
3274 3771 3581 3826 secundum

298 3850 557 3906 ordinem
593 3847 993 3918 generationis.
1047 3845 1301 3900 Manasse
1331 3852 1386 3898 et
1417 3842 1701 3912 Ephraim.
1740 3842 1947 3899 Deinde
1983 3847 2233 3902 ultimum
2270 3847 2526 3904 Rachelis
2559 3849 2734 3904 filium
2779 3851 3097 3922 Benjamin.
3133 3855 3350 3921 Quibus
3376 3861 3577 3915 iterum

298 3937 522 3994 ancillae
555 3935 701 3992 lilios
728 3933 844 3990 Dan
865 3944 922 3990 et
953 3932 1263 4004 Neplttalim
1312 3931 1623 4002 subjungit.
1673 3929 1791 3986 Prae
1814 3947 1876 3988 se
1909 3930 2116 3989 ferebat
2142 3946 2326 3989 autem
2361 3936 2466 3989 hoc
2499 3937 2955 4007 conjunctionem
2985 3941 3212 3999 lsraelis
3244 3946 3340 4014 qui
3376 3947 3584 4004 ductus

298 4040 389 4084 est
423 4025 626 4096 spiritu
659 4023 966 4088 servitutis,
993 4032 1048 4077 et
1088 4032 1338 4078 nostram
1371 4021 1465 4092 qui
1521 4021 1699 4075 vocati
1746 4036 1941 4076 sumus
1997 4035 2094 4091 per
2147 4023 2497 4094 adeptionem
2529 4025 2584 4078 in
2626 4025 2831 4096 spiritu
2865 4027 3160 4086 libertatis.
3235 4031 3390 4086 Unde
3450 4050 3586 4090 sane

301 4116 478 4173 Hosis
528 4115 662 4170 illud
711 4123 797 4170 est
829 4132 844 4169 :
875 4131 893 4166 ι
921 4113 1254 4167 Exhilaratus
1305 4119 1435 4168 sunt
1463 4118 1658 4180 gentes
1712 4125 1839 4166 cum
1873 4109 2077 4180 p0pulo
2121 4110 2249 4166 hoc.
2281 4130 2298 4162 ι
2339 4109 2472 4168 ltem
2507 4113 2828 4170 Servatoris
2863 4117 2965 4172 hoc
3004 4136 3017 4172 :
3059 4139 3075 4168 ι
3103 4119 3218 4172 Erit
3256 4137 3400 4176 unus
3426 4138 3583 4191 grex,

298 4214 359 4262 et
409 4219 560 4261 unus
611 4203 934 4274 φᾶμαι-⁸³.»
1003 4201 1282 4256 Cmterum
1312 4207 1371 4253 ut
1395 4197 1746 4268 reliquarum
1799 4198 2054 4254 tribuum
2101 4215 2370 4257 numerus
2431 4216 2460 4256 ι
2529 4201 2714 4272 priore
2762 4218 2933 4259 censu
2990 4206 3300 4264 diininutns
3354 4221 3460 4275 est.
3513 4214 3585 4267 ita
3630 4241 3637 4245 -

306 4291 574 4350 Levith
639 4291 825 4348 tribus
873 4298 1072 4346 auctus
1127 4298 1232 4346 est.
1294 4289 1530 4358 Semper
1567 4285 1717 4343 enim
1760 4301 1939 4360 genus
1989 4288 2225 4343 electum
2290 4292 2558 4359 augescit,
2607 4305 2753 4372 .cum
2811 4291 3090 4348 infensum
3145 4307 3342 4350 contra
3403 4301 3586 4355 ἱιηιιιὶ-

307 4389 538 4438 nitatur.
2056 4419 2062 4426 ι

375 4468 630 4530 Sortitus
654 4458 1010 4522 distribuatur
1036 4476 1201 4520 terra.
1230 4461 1376 4536 [55.]
1414 4465 1495 4518 Ad
1529 4462 1835 4520 tollendum
1883 4464 2057 4527 rixas,
2125 4461 2503 4534 maioremque
2557 4466 2949 4523 ccrtitudinem
3004 4486 3064 4525 ac
3097 4473 3431 4529 evidentiam
3457 4478 3588 4531 reti-

303 4559 553 4615 nendum
577 4572 702 4614 sors
734 4555 812 4611 lit.
847 4555 981 4626 Ejus
1023 4571 1155 4609 vero
1218 4562 1412 4609 auctor
1445 4551 1544 4609 Dei
1580 4561 1672 4609 est
1697 4552 2018 4608 consilium.
2047 4550 2170 4607 Non
2220 4554 2367 4608 enim
2432 4552 2671 4612 fortunae
2718 4573 2877 4613 cacas
2909 4574 2937 4612 a
2969 4562 3077 4631 piis
3127 4563 3446 4622 hominibus
3504 4583 3592 4622 res

299 4648 758 4704 cttmmittuntur.
793 4642 954 4712 Quod
1010 4641 1219 4697 Paulus
1276 4642 1507 4707 indicat,
1549 4657 1679 4696 cum
1745 4641 1928 4711 inquit
1962 4640 2061 4697 :ln
2098 4656 2209 4712 quo
2243 4652 2401 4699 sorte
2432 4646 2668 4700 extracti
2703 4662 2922 4711 sumus,
2994 4650 3250 4719 praefiniti
3281 4655 3586 4709 secundum

302 4743 548 4791 mentem
570 4734 760 4788 omnia
796 4731 1093 4794 moventis,
1125 4729 1434 4786 secundum
1486 4729 1785 4784 consilium
1839 4729 2138 4786 voluntatis
2193 4728 2417 4802 ipsius,
2454 4743 2607 4790 sorte
2657 4737 2891 4806 gratiam
2934 4738 3283 4805 declaraute,
3313 4744 3581 4812 quoniam

303 4823 480 4877 verbo
525 4821 695 4877 etiam
750 4819 810 4873 lit
856 4817 1165 4874 secundum
1220 4816 1404 4872 fidem.
1459 4816 1602 4872 Idem
1646 4817 1890 4872 innuunt
1915 4831 2138 4889 quoque
2182 4818 2468 4888 Apostoli,
2504 4836 2631 4875 cmn
2672 4825 2969 4892 inquiunt:
3014 4844 3032 4876 ι
3079 4825 3312 4884 Domine
3364 4830 3590 4898 καρδιο-

303 4911 551 4982 γνῶστα,
573 4910 798 4964 declara
828 4924 998 4963 unum
1031 4922 1198 4978 quem
1239 4923 1305 4962 ex
1342 4908 1429 4962 bis
1461 4907 1680 4963 duobus
1714 4907 1985 4978 eligamus

1904 4906 2064 4963 ius“.
2100 4926 2119 4959 θ
2163 4905 2395 4962 Constat
2448 4910 2636 4980 itaque
2701 4922 2908 4967 sortem
2948 4929 3059 4967 non
3125 4929 3260 4971 casn
3323 4917 3464 4982 fieri,
3496 4921 3589 4974 sed

305 5015 480 5071 penes
516 4998 812 5053 arbitrium
844 5012 969 5052 esse
1001 4995 1116 5050 Dei.
1154 4995 1208 5051 Id
1241 4995 1414 5066 igitur
1444 4992 1592 5066 quod
1658 5011 1806 5049 nunc
1872 4995 2029 5060 dicit,
2084 4996 2356 5067 quidquid
2422 4999 2615 5068 utique
2643 5015 2768 5056 sors
2794 5001 3094 5070 definierit,
3128 5004 3197 5059 de
3217 5006 3409 5060 d‘lvina
3448 5019 3593 5062 sorte

306 5091 448 5143 dicit
471 5128 486 5152 ,
510 5103 622 5142 non
653 5086 905 5152 fortuita,
931 5084 1240 5140 secundum
1276 5099 1445 5155 quam
1479 5084 1572 5153 qtti
1611 5084 1844 5154 imperia
1874 5085 2136 5140 obvenire
2180 5085 2442 5139 dicebant
2491 5088 2634 5156 apud
2681 5085 2904 5143 Graecos
2962 5093 3450 5160 reprehensionem
3483 5110 3591 5151 nOn
3650 5105 3654 5109 ‘

306 5177 1088 5252 clIugiebant.Attribunntur
1132 5191 1264 5230 vero
1293 5175 1585 5230 recensitis
1644 5175 1728 5229 cis
1800 5171 2101 5228 Jordanctn
2167 5186 2330 5229 terras
2393 5185 2600 5229 sancta:
2652 5186 2858 5244 partes.
2914 5177 3191 5249 Descripti
3264 5184 3412 5235 enim
3465 5195 3595 5238 sunt

302 5272 541 5342 juvenes
569 5269 726 5322 liberi
759 5267 1050 5337 baptizati,
1075 5267 1169 5335 qui
1199 5265 1360 5320 sedes
1393 5263 1617 5319 lsraclis
1674 5279 1896 5333 quoque
1929 5271 2115 5317 tenent
2152 5279 2249 5333 per
2277 5262 2447 5318 Caleb
2463 5273 2516 5317 et
2547 5262 2714 5320 Josne
2752 5267 3124 5335 signiticatas.
3191 5270 3467 5324 Caeterum
3499 5288 3594 5342 per

311 5359 456 5414 lilios
481 5355 1026 5428 intelligitjnvcnes,
1079 5369 1289 5421 eosque
1324 5352 1417 5422 qui
1450 5367 1516 5405 ex
1551 5352 1782 5421 ephebis
1838 5361 2224 5416 excesserunt,
2283 5353 2544 5423 belloque
2590 5355 2760 5408 animi
2798 5358 3053 5412 obscuris
3086 5359 3298 5413 viribus
3340 5361 3598 5420 instructi

309 5456 462 5513 sunt,
501 5450 759 5518 quamvis
785 5445 910 5500 belli
953 5444 1130 5498 alcatn
1164 5449 1473 5497 lentasseitt
1527 5457 1838 5511 nunquam.
1872 5444 1948 5496 Ac
1976 5456 2070 5510 per
2095 5441 2240 5496 lilios
2271 5443 2492 5511 quidem
2531 5458 2725 5497 eorum
2766 5444 2859 5514 qui
2902 5445 2955 5498 iu
2993 5445 3382 5516 legeftterunt
3423 5466 3600 5504 novus

309 5539 646 5593 innuehatur
666 5535 928 5606 populus,
955 5534 1050 5604 qui
1090 5532 1144 5585 in
1177 5532 1377 5584 librum
1414 5530 1537 5583 vita:
1577 5530 1807 5584 inscribi
1837 5530 1985 5601 digni
2012 5529 2364 5600 judicantnr,
2402 5547 2639 5601 quorum
2676 5533 2880 5604 singuli
2933 5550 3030 5604 pro
3073 5537 3291 5592 ratione
3330 5539 3600 5595 virtutum

306 5629 731 5693 describuntur,
768 5630 1306 5693 mansuctorumqnc
1340 5630 1489 5676 terra
1523 5618 1812 5686 fruuntur,
1847 5619 1955 5674 nisi
2005 5619 2154 5690 quod
2184 5620 2441 5690 ampliori
2481 5636 2741 5676 mensura
2781 5622 2952 5677 videri
3005 5624 3143 5680 forte
3195 5627 3390 5696 possit.
3452 5628 3603 5682 Men~

379 5806 428 5839 “
462 5803 624 5858 Rom.
663 5819 735 5861 tv.
778 5800 860 5856 l5.
939 5801 984 5832 ¹⁹
1016 5798 1164 5855 Psal.
1199 5813 1345 5861 sotv,
1380 5798 1476 5863 ll;
1525 5796 1691 5851 llehr.
1725 5811 1802 5854 ιιι.
1837 5794 1922 5849 ll.
2001 5795 2046 5826 ⁶⁰

2026 5795 2046 5824 °
2076 5793 2310 5867 Philipp.
2348 5814 2428 5864 ιιι,
2459 5800 2515 5852 3.
2598 5799 2637 5831 ⁶¹
2668 5800 2882 5857 Coloss.
2933 5818 2995 5866 tt,
3028 5802 3118 5859 ll.
3198 5807 3240 5834 ιδ’
3273 5804 3392 5860 Jocl
3425 5822 3486 5870 tt,
3520 5806 3608 5863 13.
3705 5858 3711 5863 .

307 5879 353 5909 ⁸³
382 5874 550 5933 Joan.
596 5890 649 5940 ι,
680 5876 768 5931 l6.
849 5872 894 5903 “
926 5871 1048 5926 Act.
1084 5888 1122 5934 ι,
1149 5871 1240 5926 23.

561 5972 834 6032 ΡΑτιιοῖ..
869 5969 985 6031 Gn.
1029 5965 1393 6029 LXXXVII.

3159 5973 3235 6032 28
