4266 6446
759 357 860 429 875
2067 373 2410 433 l’ltUCtil'll
2455 378 2694 436 must
3935 389 4045 449 δῖε

759 496 941 533 sut'attt
984 482 1153 541 enim,
1187 481 1285 546 ait,
1319 483 1628 551 pulchram,
1662 499 1933 552 pressam,
1971 502 2302 538 t'Ottt'tts‘szttn
2339 497 2388 538 et
2417 490 2638 541 uberem
2675 493 2726 542 in
2763 494 2942 543 sinum
2981 501 3225 547 vestrum
3264 496 3511 548 fundent.
3538 493 3798 561 Proinde,
3833 498 4036 566 inquit-

755 569 1136 637 cotnpluribus
1167 572 1555 636 augmentabis
1596 573 1906 640 portionem
1971 589 2152 635 suam,
2196 582 2247 624 ut
2287 574 2526 642 quisque
2559 581 2865 632 Secnrnlnm
2899 595 3100 636 census
3129 583 3214 636 sui
3261 585 3534 637 rationem
3570 588 3856 638 sortiatur.
3899 586 4038 640 Ilinc

758 655 927 709 etiam
968 655 1051 720 ﬁt,
1086 657 1233 725 quod
1271 659 1615 726 pluralilalis
1643 674 1876 713 numero
1913 660 2079 711 libros
2114 663 2414 725 explicatos
2446 679 2566 716 isse
2597 667 2758 718 tradit
2805 666 3014 731 Daniel,
3048 683 3112 721 ac
3156 670 3363 723 indicat
3397 671 3790 738 descriptionis
3844 672 4037 726 diver-

757 759 848 798 sas
881 759 1004 797 CSSC
1029 759 1347 798 mensuras.
1378 743 1516 798 llinc
1580 762 1801 814 quoque
1853 746 2109 799 ιι-ἰίιιιιὶιιι
2165 750 2623 820 nmuinalimque,
2689 757 2947 821 quamvis
3002 759 3389 823 cognationem
3422 759 3662 813 (ιρεςιίω
3721 763 4034 829 imperaviL

759 830 1003 898 Denique
1023 846 1152 885 vero
1187 829 1391 885 Christi
1424 832 1492 886 de
1526 835 1793 885 lelicilate
1820 835 2176 902 pronuntiata
2219 834 2360 886 Idem
2389 838 2494 892 sibi
2524 842 2661 894 velle
2685 844 2958 903 videntur,
2995 845 3095 896 l;oe
3119 846 3240 913 ipso
3274 847 3419 913 quod
3455 848 3760 902 virtutibus
3795 851 4038 917 singulis

755 935 852 972 sua
875 921 1096 989 pnemia
1123 920 1452 984 decernunt,
1480 923 1838 987 maximaque
1875 920 1941 973 iis
1969 921 2059 988 qui
2097 922 2316 974 sincero
2347 926 2515 979 corde
2556 929 2767 997 praediti
2795 930 3288 986 exsistunt.Dcum
3322 934 3468 986 enim
3503 932 3792 998 videbunt,
3827 935 4032 1004 inquit.

755 1008 956 1072 Quales
989 1007 1192 1060 ibidem
1228 1008 1373 1061 sacri
1406 1007 1617 1062 ordinis
1653 1007 1908 1060 homines
1938 1022 2061 1061 esse
2097 1008 2272 1075 jubet,
2310 1011 2569 1067 sclcetam
2603 1017 2746 1068 enim
2775 1016 3207 1086 descriptionem
3240 1019 3468 1082 habent,
3507 1032 3769 1088 prtelerea
3823 1024 4032 1077 nullam

753 1097 806 1149 in
845 1097 987 1149 terra
1019 1105 1252 1164 partem.
1279 1095 1381 1160 Qui
1413 1096 1580 1147 etiam
1611 1095 1801 1149 direre
1831 1106 2058 1164 possent
2085 1113 2095 1148 :
2124 1094 2322 1164 Utique
2360 1102 2413 1151 in
2451 1103 2705 1156 manibus
2753 1103 2864 1156 tuis
2896 1118 3019 1158 sors
3046 1117 3190 1166 mea,
3224 1107 3522 1175 portioque
3557 1120 3675 1157 mea
3741 1105 4029 1161 Dominus.

750 1181 905 1237 Unde
966 1198 1066 1236 nec
1122 1184 1388 1252 puerulus
1449 1184 1501 1236 in
1549 1183 1654 1248 eis,
1707 1185 1854 1252 quod
1931 1199 2125 1253 puram
2182 1183 2512 1252 probitatem
2576 1185 2875 1255 signiﬁcat.
2904 1188 2972 1238 At
3008 1186 3103 1254 qui
3152 1196 3386 1241 cunctos
3438 1186 3707 1240 describit
3766 1186 4031 1245 Christus

746 1281 830 1326 cst
889 1287 984 1342 per
1043 1287 1331 1326 summum
1401 1270 1715 1340 pontiﬁcem
1777 1281 1830 1324 et
1892 1272 2268 1339 legislaturem
2332 1271 2739 1334 adusubratus,
2811 1273 2906 1341 qui
2962 1273 3172 1325 nullam
3249 1273 3567 1328 inﬁdelibus
3637 1284 3856 1328 sortem
3917 1276 4029 1328 tri-

758 1361 895 1412 bnil.
921 1357 1083 1412 Juxta
1124 1359 1256 1412 illud
1301 1377 1313 1412 :
1353 1378 1369 1408 ι
1402 1357 1803 1426 Expungantur
1825 1374 1854 1412 e
1876 1359 2572 1419 libroviventium,etcum
2599 1359 2765 1424 justis
2795 1375 2902 1412 non
2936 1360 3259 1414 scribantur
3285 1360 3355 1412 ".
3396 1379 3415 1411 ι

817 1446 884 1499 Et
916 1464 1032 1499 cmn
1063 1447 1403 1499 accessissent
1436 1447 1565 1513 ﬁlia:
1601 1446 1862 1513 Salpaad.
1908 1444 2144 1516 [XXVIL
2178 1445 2254 1517 1.]
2285 1445 2499 1499 Justani
2531 1459 2754 1497 causam
2809 1453 3014 1499 sortem
3047 1454 3355 1514 paternam,
3393 1461 3519 1498 tum
3555 1443 3756 1500 fratres
3803 1449 3884 1502 eis
3915 1462 4028 1501 non

743 1543 950 1598 essent,
992 1535 1228 1604 petendo
1259 1543 1604 1604 proponunt,
1640 1549 1763 1587 eum
1799 1533 2107 1602 impietatis
2141 1542 2299 1602 pater
2329 1530 2879 1594 commisissctnihil,
2914 1547 3102 1584 verum
3140 1534 3354 1600 peccati
3389 1532 3595 1602 proprii
3626 1533 3777 1602 justa
3812 1535 4028 1601 persol-

742 1625 930 1684 visset,
964 1632 1018 1676 et
1048 1623 1111 1674 ad
1136 1622 1438 1691 longiorem
1471 1622 1633 1674 vitam
1663 1621 1952 1689 pervenire
1981 1635 2088 1673 non
2115 1621 2404 1691 potuisset.
2437 1619 2707 1673 Czeterum
2743 1622 3100 1689 praetendunt
3128 1621 3255 1686 hoc,
3282 1621 3554 1686 siquidem
3590 1625 3712 1675 vita:
3735 1621 4027 1690 longitudo

742 1710 914 1777 legent
972 1708 1400 1761 observantibus
1456 1707 1642 1761 divina
1686 1706 2058 1775 promissione
2104 1707 2372 1775 praeﬁnita
2403 1716 2540 1760 erat.
2579 1706 2824 1761 Possunt
2856 1720 3039 1761 autem
3074 1709 3178 1762 hoc
3201 1722 3423 1778 quoque
3456 1708 3618 1762 modo
3648 1709 4019 1764 concludere.

737 1798 906 1851 Nemo
940 1797 1044 1850 nisi
1077 1797 1146 1849 ob
1183 1803 1471 1866 peccatum
1498 1797 1718 1865 genet’ts
1747 1795 2036 1849 masculini
2065 1811 2257 1848 exsors
2296 1795 2374 1849 ﬁt.
2412 1786 2576 1863 Atqui
2622 1811 2728 1848 non
2767 1806 3059 1864 tantopere
3090 1795 3342 1864 peccavit
3366 1797 3436 1858 is,
3502 1796 3788 1864 inquiunt,
3851 1795 4020 1867 425

737 1894 794 1938 nt
821 1901 1016 1937 nomen
1047 1884 1166 1954 ejus
1194 1884 1573 1938 inducendum
1601 1885 1728 1947 siet,
1766 1882 2233 1952 quemadmodum
2265 1897 2483 1947 eorum,
2514 1885 2607 1952 qui
2641 1898 2766 1937 cum
2805 1883 2950 1938 Core
2985 1885 3408 1952 conspiraruut.
3440 1885 3599 1949 Quod
3633 1885 3802 1938 etiam
3845 1883 4023 1947 David

737 1992 837 2028 suo
862 1974 1135 2045 proditori
1179 1975 1539 2044 imprecatur,
1602 1975 1863 2039 inquiens
1894 1991 1906 2025 :
1943 1991 1961 2023 ‹
1984 1972 2210 2027 Utinam
2244 1988 2273 2024 e
2308 1981 2452 2025 terra
2488 1972 2752 2025 memoria
2801 1971 2920 2038 ejus
2959 1972 3337 2026 exscindatur.
3371 1991 3388 2022 ι
3432 1971 3490 2026 Id
3525 1972 3673 2026 enim
3736 1971 4023 2026 veteribus

734 2076 843 2116 tam
878 2065 1078 2115 durum
1108 2070 1162 2116 et
1194 2077 1358 2132 grave
1387 2063 1566 2114 visum
1602 2070 1708 2124 est,
1740 2075 1906 2128 quam
1934 2060 2094 2114 nobis
2121 2060 2228 2113 vita
2257 2061 2512 2114 excidere
2535 2070 2764 2125 :eterna,
2790 2075 2818 2112 a
2846 2076 2954 2129 qua
2988 2075 3150 2114 nemo
3185 2061 3412 2128 injuste,
3439 2061 3653 2128 levique
3682 2060 3750 2114 de
3781 2068 4017 2127 peccato

729 2153 1008 2220 dejicitur.
1047 2150 1238 2204 Exstat
1269 2164 1396 2201 vero
1433 2149 1500 2200 de
1532 2148 1620 2201 his
1658 2149 1824 2201 rebus
1858 2147 1966 2207 lex,
1994 2147 2138 2214 quod
2178 2146 2539 2202 feminteloco
2563 2149 2936 2202 masculorum
2969 2151 3104 2213 sint,
3140 2157 3194 2202 et
3229 2164 3326 2218 per
3359 2164 3456 2202 eas
3497 2148 3766 2201 memoria
3793 2157 4020 2216 patrum

731 2248 1117 2294 t'uttsel'Vt‘lttt‘.
1191 2237 1422 2302 Quodsi
1461 2250 1590 2288 vero
1644 2233 1766 2287 ﬁli;e
1819 2249 1927 2286 non
1987 2236 2226 2299 fuerint,
2280 2236 2520 2304 aliquem
2561 2237 2629 2290 de
2673 2246 2905 2303 paterno
2957 2251 3187 2304 genere,
3220 2251 3329 2288 non
3387 2244 3638 2289 materno
3704 2234 4021 2310 substituit,

732 2331 1053 2397 primasque
1121 2324 1277 2380 sexui
1346 2324 1660 2377 masculino
1694 2322 1892 2386 del'crt,
1930 2338 1994 2376 eo
2032 2321 2178 2392 quod
2247 2327 2597 2392 pertinebant
2659 2329 2859 2382 merito
2920 2337 3033 2381 tum
3059 2327 3125 2382 ad
3159 2343 3255 2382 eos
3284 2328 3380 2397 qui
3419 2329 3474 2381 in
3502 2329 3660 2382 bellis
3701 2328 4018 2389 decertant,

730 2433 842 2472 tam
881 2422 1047 2474 etiam
1083 2434 1180 2472 eos
1213 2417 1307 2487 qui
1337 2415 1666 2470 certaminis
1713 2416 1940 2483 praemia
1991 2425 2410 2486 compararunt.
2451 2415 2607 2470 Unde
2664 2418 2832 2469 etiam
2894 2417 3101 2470 donum
3157 2416 3484 2485 hujusmodi
3545 2417 4019 2486 jucundisslmum

729 2511 863 2578 ipsis
892 2510 1035 2562 haud
1074 2508 1351 2561 immerito
1382 2506 1620 2559 exstitit.
1657 2504 1795 2556 Illud
1829 2513 2011 2556 autem
2043 2504 2188 2571 quod
2245 2505 2539 2558 lzzcreditas
2564 2504 2646 2558 eis
2677 2504 2963 2565 tribuitur,
3015 2504 3370 2558 demonstrat
3403 2504 3549 2572 quod
3583 2505 3864 2574 propriam
3904 2519 4019 2556 non

729 2601 1042 2659 habuerint,
1085 2614 1213 2667 pars
1251 2597 1398 2650 enim
1429 2611 1489 2648 ea
1527 2610 1646 2662 quae
1677 2595 1901 2646 honoris
1967 2597 2145 2663 gratia
2213 2594 2321 2647 trib
2347 2595 2495 2652 titur,
2525 2608 2632 2644 nou
2664 2593 2784 2655 ejus
2843 2592 3063 2660 propria
3111 2591 3316 2660 estqui
3354 2593 3590 2661 accepit.
3643 2591 3790 2657 Quin
3833 2592 4008 2645 etiam

725 2687 1008 2740 tlhristum
1042 2702 1168 2739 vero
1197 2684 1516 2754 genealOgia
1551 2676 1790 2748 Just-pho
1846 2683 2180 2750 assignavit,
2241 2697 2367 2733 eum
2419 2690 2602 2732 tamen
2659 2681 2782 2733 ﬁlim
2849 2698 2953 2731 non
2993 2695 3086 2748 per
3125 2680 3368 2749 seipsas,
3412 2679 3505 2733 sed
3533 2689 3757 2749 propter
3807 2687 4019 2748 patrem

726 2776 892 2828 sertis
923 2774 1035 2828 sint
1071 2788 1329 2842 capaces.
1372 2770 1529 2827 Unde
1557 2769 1689 2821 illud
1727 2778 1812 2822 est
1850 2770 1992 2836 quod
2025 2769 2200 2838 patris
2231 2773 2282 2820 in
2319 2779 2586 2821 :eternum
2650 2768 2888 2821 viventis
2915 2769 3091 2837 gratia
3142 2767 3350 2821 femina
3403 2783 3529 2820 cum
3585 2783 3736 2822 mare
3807 2775 4018 2837 partem

725 2861 1065 2917 hacreditatis
1097 2880 1112 2927 ;
1148 2863 1218 2914 sit
1246 2869 1500 2928 captura.
1540 2858 1711 2910 Εοιυι·
1771 2872 1902 2911 vero
1949 2859 2118 2926 patris
2152 2857 2272 2911 orbi
2316 2857 2504 2924 hujus,
2538 2857 2629 2925 qui
2663 2873 2788 2910 cum
2843 2857 3115 2911 ItiBl'edCIII
3184 2857 3315 2910 facit
3376 2857 3650 2926 siquidem
3685 2857 3807 2926 ejus
3861 2866 4021 2924 pater

727 2951 914 3013 fuerit,
953 2951 1163 3004 mentio
1209 2947 1264 3001 ﬁt
1315 2945 1503 3001 nulla?
1534 2945 1690 2998 Patet
1743 2961 1872 3000 vero
1926 2947 2073 3014 quod
2116 2955 2378 3014 tanquam
2415 2947 2762 3011 confessum,
2807 2947 3156 3017 repetitionis
3207 2945 3446 3000 vitandae
3489 2947 3688 3015 gratia,
3717 2946 3930 2999 omisit.
3961 2943 4020 2997 Si

722 3041 866 3093 enim
897 3039 1069 3109 patris
1100 3035 1259 3090 fratri
1295 3044 1521 3105 propter
1553 3031 1778 3088 iratrem
1817 3034 2110 3087 han-editas
2143 3033 2315 3096 cedit,
2339 3037 2514 3088 multo
2549 3036 2725 3106 magis
2760 3037 2897 3105 patri
2933 3051 3152 3105 quoque
3217 3036 3394 3089 cedet.
3471 3031 3673 3088 Verum
3723 3036 4016 3088 enimvero

726 3149 790 3184 ne
819 3139 978 3200 pater
1011 3143 1075 3181 ac
1109 3136 1285 3180 mater
1350 3126 1567 3178 inanem
1631 3125 1841 3178 luctum
1909 3125 2191 3194 percipere
2221 3139 2284 3177 ex
2319 3123 2620 3179 liberorum
2654 3135 2830 3178 morte
2861 3123 3097 3193 praecoei
3145 3121 3492 3189 viderentur,
3519 3123 3746 3193 oblique
3777 3138 3874 3177 eos
3921 3137 4020 3192 pa-

723 3231 974 3274 truorum
1009 3216 1238 3272 nomine
1272 3213 1606 3285 signiﬁcavit
1639 3228 1655 3278 ;

2483 3354 2637 3408 Mati
2659 3355 2716 3408 δὲ
2752 3358 2955 3422 γονεῖς,
2994 3355 3088 3407 καὶ
3116 3355 3446 3426 θυγατέρας,
3483 3357 3578 3408 καὶ
3608 3355 3896 3424 ἀδελφοὺς,
3923 3359 4020 3408 καὶ

2421 3450 2601 3511 θείους
2633 3448 2857 3518 πέμπτη
2891 3447 3043 3511 τάξις
3075 3450 3121 3500 οἱ
3159 3452 3459 3516 συγγενεῖς.

721 3357 916 3413 deinde
967 3370 1098 3409 vero
1143 3362 1421 3426 parentes,
1476 3352 1634 3415 ﬁlias,
1697 3349 1919 3415 fratres,
1955 3352 2260 3407 avunculus
2291 3369 2304 3417 ;
2337 3359 2382 3413 Α

720 3453 914 3520 quinto
952 3445 1190 3513 denique
1236 3443 1428 3497 ordine
1461 3450 1746 3513 cognatos.

794 3543 1032 3596 Asccndc
1064 3543 1116 3594 in
1150 3551 1378 3594 montem
1407 3541 1653 3596 Abarim.
1705 3539 1844 3612 [l‘2.]
1881 3539 2070 3595 Potior
2102 3541 2316 3597 Aaroue

721 3635 923 3695 Moses,
955 3649 1017 3686 ac
1050 3633 1282 3703 proinde
1313 3641 1515 3687 terram
1548 3633 1719 3697 videt,
1746 3643 1802 3686 et
1831 3648 2056 3688 causam
2094 3641 2316 3703 propter

719 3741 883 3792 quam
921 3725 1177 3792 indignus
1212 3723 1434 3779 habitus
1471 3733 1529 3777 ut
1576 3723 1976 3796 ingrederetur,
2025 3725 2313 3794 comperit,

719 3831 937 3872 net-non
987 3823 1217 3868 mortem
1267 3830 1423 3868 suam
1473 3822 1601 3869 ante
1650 3815 1880 3880 audivit,
1927 3815 2038 3868 imo
2073 3829 2204 3869 vero
2262 3822 2316 3868 et

719 3907 976 3971 Aaronis,
1009 3908 1099 3976 qui
1139 3906 1346 3960 nullius
1380 3905 1767 3975 pt‘mdictortltlt
1815 3907 2079 3958 honorem
2118 3919 2314 3959 conse-

717 4005 880 4051 cutus
926 4004 1030 4051 est.
1084 3994 1175 4049 Sic
1217 3993 1422 4047 Paulus
1469 4008 1691 4062 quoque
1729 4007 1956 4047 causam
2006 3991 2172 4047 discit
2215 4007 2313 4045 cur

717 4093 950 4160 gratiam
983 4104 1093 4144 non
1124 4089 1180 4144 in
1208 4087 1513 4144 remedium
1556 4089 1628 4141 sit
1654 4087 1887 4156 adeptus
1913 4103 1927 4140 :
1977 4104 1995 4138 ι
2026 4084 2229 4140 Verum
2257 4086 2312 4140 in

716 4186 818 4238 hoc
844 4182 1066 4255 quidem
1099 4197 1268 4237 causa
1304 4180 1408 4235 fuit
1441 4181 1674 4244 utilitas,
1713 4182 1891 4235 virtus
1920 4179 2066 4234 enim
2103 4195 2221 4234 mea
2257 4180 2309 4233 in

717 4279 1036 4334 inﬁrmitate
1097 4277 1382 4347 perﬁcitur
1423 4276 1490 4330 “.
1533 4293 1552 4328 ι
1609 4273 1666 4328 In
1715 4273 1864 4329 Mose
1911 4288 2039 4330 vero
2074 4274 2308 4345 justitia,

711 4369 973 4441 quoniam
1006 4369 1338 4440 transgressi
1369 4367 1505 4423 estis
1537 4367 1764 4421 verbum
1806 4381 2009 4430 meum,
2029 4367 2174 4436 quod
2219 4383 2310 4422 sa-

714 4478 782 4516 ue
838 4475 1004 4516 sensu
1038 4472 1142 4514 suo
1190 4457 1258 4512 ad
1319 4457 1491 4528 legem
1544 4456 1792 4526 respicit,
1827 4471 1947 4526 qua:
2007 4455 2308 4524 perfectum

712 4555 942 4612 reddere
969 4570 1079 4610 non
1114 4562 1318 4624 potest,
1357 4568 1457 4607 nec
1491 4552 1916 4622 promissionem
1951 4551 2262 4605 instaurare
2294 4568 2305 4603 :

716 4668 732 4698 ι
775 4647 1049 4714 Quoniam
1077 4647 1264 4713 justus
1291 4659 1356 4699 ex
1389 4643 1493 4697 ﬁde
1527 4643 1670 4696 vivet
1720 4641 1783 4696 ⁸⁷.
1829 4660 1847 4693 ι
1901 4640 2020 4696 Νοιι
2080 4642 2307 4695 minima

2505 3542 2770 3612 ’Λνάὀηθι
2805 3544 2885 3604 εἰς
2917 3540 2976 3594 τὸ
2999 3542 3126 3610 ὅρος
3155 3542 3365 3596 Ναδάῆ.
3402 3542 3684 3612 Κρείττων
3715 3542 3742 3592 ὁ
3774 3541 4019 3608 Μωῦσῆς

2432 3634 2665 3702 Ἀαρών.
2722 3632 2813 3684 Διὸ
2857 3633 2955 3685 καὶ
3005 3632 3193 3702 βλέπει.
3229 3633 3326 3703 τὴν
3378 3635 3501 3702 γῆν,
3554 3635 3650 3685 καὶ
3683 3634 3783 3700 τὴν
3834 3635 4017 3686 αἰτίαν

2422 3725 2708 3796 μανθάνει,
2765 3726 2834 3779 δι’
2879 3727 2947 3795 ἢν
2997 3727 3263 3779 εἰσελθεῖν
3311 3727 3412 3779 οὐκ
3453 3727 3703 3796 ἠξίωται.
3751 3727 3863 3779 Καὶ
3916 3726 4016 3796 τὴν

2422 3821 2558 3874 ἰδίαν
2620 3820 2884 3890 τελευτὴν
2949 3822 3306 3891 προακήκοε,
3373 3821 3577 3891 μᾶλλον
3647 3821 3702 3874 δὲ
3764 3822 3858 3872 καὶ
3918 3821 4017 3888 τὴν

2430 3914 2662 3985 Ἀαρὼν,
2711 3914 2922 3966 ἐκείνου
2964 3913 3196 3983 μηδενὸς
3247 3913 3357 3965 τῶν
3406 3913 3717 3983 εἰρημένων
3759 3911 4018 3976 ἀξιωθέν-

2417 4025 2528 4071 τος.
2601 4007 2760 4061 Οὕτω
2812 4010 2906 4060 καὶ
2949 4007 3160 4070 Παῦλος
3199 4007 3461 4077 μανθάνει
3509 4008 3611 4075 τὴν
3664 4008 3867 4068 αἰτίαν,
3917 4009 4016 4076 τῆς

2416 4103 2642 4171 χάριτος
2678 4103 2755 4162 είς
2785 4100 2930 4152 ἴασιν
2974 4099 3049 4169 μὴ
3080 4098 3284 4168 τυχών.
3330 4118 3346 4149 ι
3385 4098 3526 4151 Ἀλλ’
3566 4099 3761 4168 ἐκείνῳ
3795 4098 3896 4166 μὲν
3927 4100 4016 4151 αῖ-

2415 4212 2528 4248 τιον
2556 4194 2617 4245 τὸ
2654 4192 2960 4264 συμφέρον.
3004 4193 3068 4244 Ἢ
3117 4192 3229 4261 γὰρ
3267 4191 3495 4262 δύναμίς
3541 4208 3641 4261 μου
3673 4192 3730 4243 ὲν
3757 4190 4016 4261 ἀσθενείᾳ,

2414 4287 2736 4340 τελειοῦται.
2767 4305 2784 4335 ι
2816 4285 2942 4338 Ἐπὶ
2971 4285 3028 4337 δὲ
3059 4285 3344 4346 Μωῦσέως
3365 4285 3428 4336 τὸ
3451 4285 3685 4346 δίκαιον,
3707 4285 3832 4336 ’Ότι
3865 4300 4013 4352 παρ-

2416 4381 2579 4448 έϐητε
2632 4381 2692 4433 τὸ
2741 4379 2897 4448 ῥῆμά
2946 4396 3068 4448 μου.
3114 4379 3178 4430 Ὃ
3221 4377 3285 4446 δὴ
3339 4377 3433 4430 καὶ
3482 4375 3754 4445 σύμὸολον
3799 4377 3877 4437 εἰς
3920 4375 4014 4426 τὸν

2413 4475 2578 4543 νόμον
2630 4470 2874 4524 τελειοῦν
2926 4473 3001 4541 μὴ
3053 4471 3376 4539 δυνάμενον,
3436 4469 3557 4521 οὐδὲ
3614 4470 3712 4538 τὴν
3772 4469 4011 4535 Exn-fg.

2412 4568 2535 4620 λίαν
2569 4564 3061 4634 ἀποκαταστῆσαι·
3129 4582 3145 4613 ι
3175 4562 3297 4614 Ὅτι
3335 4563 3363 4615 ὁ
3409 4561 3618 4623 δίκαιος
3667 4561 3732 4611 ἐκ
3775 4548 4015 4622 πίστεως

2412 4657 2658 4729 ζήσεται.
2694 4676 2710 4706 ι
2746 4654 2897 4725 Τιμὴ
2924 4654 2979 4707 δὲ
3011 4654 3101 4706 καὶ
3134 4652 3274 4723 αὕτη
3307 4652 3368 4704 τὸ
3400 4650 3717 4720 προγνῶναι
3760 4652 3828 4703 τὰ
3856 4651 4012 4720 εἰρη-

708 4756 931 4811 quoque
963 4755 1091 4811 pars
1131 4738 1363 4792 honoris
1396 4744 1502 4801 est,
1543 4751 1725 4790 rerum
1763 4735 2151 4805 prrcdictarum
2206 4735 2304 4788 ha-
2340 4746 2380 4799 Β
2414 4752 2569 4820 μένα,

708 4838 835 4889 here
870 4832 1268 4904 cognitionem.

774 4928 1050 4993 Caeterum
1085 4925 1312 4995 jamjam
1348 4923 1652 4978 moriturus
1702 4922 1900 4988 Moses,
1945 4921 2301 4976 connuiscra-

707 5020 870 5074 tionis
897 5034 1006 5074 non
1041 5016 1419 5081 obliviscitur,
1458 5030 1647 5069 curam
1681 5015 1792 5085 agit
1826 5013 2036 5084 populi,
2070 5021 2122 5068 et
2173 5029 2304 5068 suc-

704 5129 983 5170 cessorem
1014 5113 1360 5167 constituere
1397 5112 1679 5181 dignatur.
1712 5109 1830 5162 Non
1885 5108 2049 5178 igitur
2074 5108 2303 5162 dubium

703 5219 782 5263 est
819 5210 953 5280 quin
1008 5208 1349 5262 voluntatem
1414 5221 1571 5259 suam
1619 5203 1946 5257 timentibus
2001 5217 2059 5256 se
2117 5200 2301 5254 Domi-

706 5319 807 5356 nus
834 5298 1216 5356 accommodet
1247 5297 1309 5361 ⁸⁵⁸,
1363 5297 1824 5367 quemadmodum
1880 5295 2059 5362 inquit
2097 5314 2106 5346 :
2149 5313 2164 5345 t
2202 5293 2301 5348 1³0-

701 5407 799 5449 tite
847 5405 898 5449 ct
950 5392 1326 5463 accipietis”.
1388 5411 1404 5442 ι
1465 5393 1600 5446 tium
1649 5391 1850 5444 etenim
1910 5390 1956 5443 ci
2015 5389 2301 5443 annuisset

703 5491 867 5553 linus,
927 5487 1184 5558 proilucit
1234 5483 1400 5539 Josue
1442 5484 1559 5554 jam
1627 5484 1846 5553 quidem
1897 5481 2301 5536 consuetudine

698 5582 867 5636 Musis
920 5580 1219 5643 initiatum,
1253 5577 1321 5631 ab
1368 5593 1434 5630 co
1487 5593 1615 5631 vero
1649 5585 2006 5646 accepturum
2061 5574 2296 5641 regalem

698 5686 981 5746 Mantum,
1044 5683 1102 5726 ut
1153 5671 1515 5726 domeslicam
1570 5669 1690 5739 ejus
1758 5666 2298 5721 adtuinistrationem

767 5856 810 5884 τῖ’
839 5853 985 5908 Psal.
1015 5866 1206 5916 vattt,
1243 5849 1330 5904 10.
1435 5849 1478 5878 5"
1518 5845 1555 5898 ll
1592 5845 1720 5901 Cur.
1756 5861 1849 5910 Ml,
1894 5843 1946 5898 θ.

2028 5845 2069 5873 ‘7
2101 5841 2257 5896 Ron.
2298 5861 2334 5911 ι,
2381 5844 2464 5897 l7.

2500 4930 2585 4982 ‘Ev
2616 4927 2938 4999 συμπαθείᾳ
2969 4925 3240 4980 τελευτῶν
3296 4923 3536 4994 φείδεται
3582 4921 3674 4975 τοῦ
3719 4921 3876 4984 λαοῦ,
3920 4923 4017 4974 καὶ

2409 5021 2551 5086 ἀξιοί
2583 5021 2923 5090 καταστῆναι
2970 5018 3236 5088 διάδοχον.
3279 5018 3388 5071 Καὶ
3421 5015 3593 5077 ὅντως
3639 5013 3856 5081 θέλημα
3903 5013 4015 5084 τῶν

2406 5115 2761 5184 φοὸουμένων
2789 5113 2969 5166 αὐτῶν
3003 5113 3239 5182 ποιήσει,
3297 5109 3439 5163 κατὰ
3469 5109 3529 5161 τό
3550 5124 3561 5136 °
3607 5124 3626 5157 ι
3651 5107 3887 5170 Αἰτεῖτε,
3921 5105 4016 5156 καὶ

2406 5206 2665 5276 λήψεσθε.
2708 5204 3079 5266 »Ἐπινεύσας
3106 5202 3213 5272 γὰρ
3258 5201 3389 5263 Θεὸς
3438 5197 3610 5268 αὐτῷ,
3656 5199 3893 5267 προάγει
3925 5197 4019 5247 τὸν

2422 5297 2667 5367 Ἰησοῦνο
2730 5297 2832 5366 ἤδη
2888 5296 2988 5364 μὲν
3031 5293 3369 5364 ἡγιασμένον
3426 5293 3492 5344 ἐκ
3538 5291 3635 5359 τῆς
3685 5288 4021 5360 παραμονῆς

2411 5390 2683 5452 Μωσέως.
2720 5392 2779 5442 τὸ
2814 5389 3045 5460 ἀρχικὸν
3084 5389 3140 5442 δὲ
3172 5389 3304 5458 παρ’
3330 5386 3496 5439 αὑτοῦ
3531 5384 3823 5455 μέλλοντος
3849 5383 4016 5436 πθεῦσ

2413 5502 2490 5553 μα
2521 5484 2707 5536 λαϐεῖν
2759 5481 2896 5555 πρὸς
2931 5482 2991 5535 τὸ
3035 5482 3256 5545 οἰκείως
3293 5480 3410 5534 ἀντ’
3452 5478 3619 5533 αὐτοῦ
3652 5477 4020 5546 καταστῆναι·

2440 5577 2516 5640 ὼς
2566 5577 2821 5647 Ἰωάννης
2867 5579 2924 5630 ὲν
2985 5576 3257 5645 πνεύματι
3307 5573 3491 5645 παρῆν
3554 5571 3737 5626 Ἥ).ιοῦ
3793 5571 4024 5640 πράξων

2412 5667 2524 5729 in,
2574 5667 2666 5720 καὶ
2717 5665 3055 5738 προδραμεῖν
3093 5667 3304 5737 μέλλων
3337 5665 3570 5735 Κυρίου,
3621 5664 3714 5717 καὶ
3761 5662 4019 5735 εὐτρεπέ-

2545 5844 2587 5875 ⁶⁸
2635 5841 2782 5900 Psal.
2821 5859 3004 5908 csLtv,
3032 5843 3134 5919 .19.
3218 5845 3260 5876 ”
3296 5841 3489 5897 Matth.
3527 5857 3626 5909 vn,
3663 5843 3717 5897 7.
