4266 6446
728 372 831 433 δῖῦ
2031 376 2384 433 ῘῚὶΟΟυΙἪ
2418 375 2661 433 (ἘΑΖᾸΞΙ
3897 380 4002 438 880

731 502 825 553 [ιιι
860 483 1188 552 quatuordet
1213 479 1281 534 int
1319 483 1704 537 diutiskioitctn
1743 484 1932 552 utique
1961 487 2275 554 signiﬁcare
2313 487 2546 554 possint,
2581 503 2699 553 qua:
2734 485 2965 553 septimo
3007 501 3150 537 anno
3177 491 3330 550 juxta
3369 488 3538 556 legent
3569 489 3750 550 fiebat,
3783 494 4002 560 quando

729 571 972 623 xldelicet
1006 569 1264 638 gentibus
1290 585 1410 635 qua:
1451 570 1593 622 divis
1624 571 1933 623 servierunt
1966 586 2188 639 peccata
2242 573 2612 630 dimittentur,
2664 582 2717 622 et
2768 587 2830 621 ex
2868 573 3135 622 servitute
3181 575 3233 622 in
3274 573 3583 624 Illit'tlJIClll
3616 585 3842 627 asserta:
3898 575 4009 624 lleu

728 667 852 709 mue
889 656 1256 708 adducentur.
1299 655 1548 723 Septimo
1582 659 1728 710 enim
1766 673 1914 710 anno
1958 661 2092 726 legis
2119 660 2245 726 jure
2282 661 2333 710 in
2376 658 2678 711 libertatem
2737 658 3172 710 transferebatur
3210 673 3426 710 si-rvus.
3456 660 3728 711 (ueterum
3767 678 3794 712 a
3853 663 4010 714 nobis

724 745 952 813 teqttirit
979 753 1035 795 ut
1067 744 1264 797 diebus
1299 744 1456 797 festis
1487 745 1538 796 itt
1576 745 1772 812 pri;nis
1815 761 2012 799 suaves
2060 752 2346 799 mittamus
2377 747 2600 809 odores,
2661 756 2916 814 totosque
2968 747 3076 798 Deo
3126 745 3512 798 tlevov-‘atttus.
3555 747 3764 816 Duplex
3823 759 4009 802 autem

719 835 866 900 jugis
899 833 1062 899 hujus
1100 833 1335 885 vii-tinne
1381 834 1704 885 exercitium
1762 842 1867 896 est,
1926 835 2255 886 matutintnn
2309 841 2363 886 et
2413 831 2811 899 vespertinum,
2859 832 3004 899 quod
3045 831 3204 885 nobis
3241 833 3506 885 ittdicittttt
3562 833 3694 887 fath
3727 836 3796 888 ab
3852 838 4010 889 initio

725 925 845 974 xit-.e
877 921 940 972 ad
977 922 1138 973 tinem
1171 921 1292 989 ejus
1326 936 1500 988 usque
1535 920 1737 974 odores
1773 921 1898 974 illos
1931 936 2056 973 esse.
2087 920 2431 982 retinendos,
2465 919 2530 970 ad
2563 921 2923 972 imitationem
2956 921 3080 987 agni
3111 920 3204 988 qtti
3231 935 3287 973 se
3317 920 3424 974 Deo
3455 931 3506 973 et
3541 923 3684 975 l’atri
3718 939 3816 992 pro
3849 925 4010 977 nobis

723 1012 942 1071 obtulit,
981 1017 1217 1060 nectam
1255 1025 1369 1061 suae
1421 1023 1584 1076 quam
1641 1017 1844 1061 nostrm
1889 1011 2011 1060 vitae
2048 1008 2378 1061 suavitatem
2447 1007 2800 1076 futuramque
2849 1010 3089 1060 la:titiam
3128 1012 3334 1063 attulit.
3392 1010 3503 1064 Iloe
3553 1014 3696 1064 enim
3759 1015 4012 1080 similago

723 1113 846 1147 eum
886 1097 1012 1147 vino
1042 1105 1093 1147 et
1126 1095 1248 1146 oleo
1280 1095 1509 1146 subacta
1541 1094 1742 1146 ittttttit.
1788 1092 1962 1146 Porro
1994 1109 2089 1162 per
2124 1097 2400 1149 victimant
2442 1096 2769 1148 matutinatn
2808 1096 3226 1163 signiﬁcabatur
3261 1113 3483 1166 quoque
3530 1102 3637 1151 vita
3668 1116 3788 1169 quze
3829 1100 3882 1152 itt
3912 1118 4006 1169 pa-

725 1183 905 1235 radiso
931 1193 1056 1235 ante
1083 1182 1583 1248 transgressionent
1617 1182 1740 1244 fuit,
1776 1197 1870 1250 per
1905 1182 2271 1249 vespertinam
2308 1197 2440 1236 vero
2467 1183 2744 1236 resututio
2782 1185 2957 1236 nostri
2989 1198 3083 1250 per
3110 1182 3463 1237 Set‘vatercm
3499 1189 3761 1238 extremis
3797 1199 4008 1257 tempo-

725 1273 877 1324 ribus
913 1271 1070 1337 nobis
1114 1269 1387 1322 redditum
1424 1270 1588 1321 facta.
1626 1267 1681 1320 ln
1715 1268 1939 1322 Christo
1972 1283 2101 1321 vero
2136 1267 2300 1322 ferias
2333 1279 2557 1338 agentes
2595 1270 2877 1338 inultiplex
2912 1271 3101 1324 odoris
3135 1272 3441 1338 Spiritualis
3484 1275 3771 1328 incensum
3806 1275 4008 1330 offere-

724 1375 846 1413 uuts
881 1358 1016 1410 Deo.
1068 1356 1189 1410 .Iatn
1230 1372 1362 1410 vero
1399 1357 1524 1409 no\i
1580 1357 1786 1410 mensis
1816 1357 2105 1410 exordium
2141 1372 2336 1409 novam
2373 1358 2566 1421 \itatu,
2619 1359 2729 1410 into
2753 1359 3109 1412 novissimam
3157 1374 3276 1411 eam
3328 1375 3449 1428 qum.
3494 1360 3546 1412 itt
3602 1363 4014 1416 resurrectione

723 1459 1066 1499 mortuormn
1102 1453 1184 1498 est
1220 1444 1425 1505 futura,
1465 1445 1714 1498 denotat.
1748 1443 1806 1496 In
1839 1459 1946 1513 qua
1979 1446 2120 1498 mori
2151 1444 2423 1514 oportebit
2461 1444 2592 1502 Deo.
2629 1459 2729 1496 nec
2761 1445 2999 1514 amplius
3029 1445 3081 1497 itt
3114 1447 3356 1514 peccatis
3391 1448 3595 1512 vivere,
3621 1464 3808 1501 verum
3844 1448 4010 1502 vitam

725 1550 888 1602 agere
926 1548 1220 1602 supernam
1258 1548 1272 1598 ;
1305 1533 1406 1584 hoc
1435 1534 1580 1584 enim
1604 1533 1967 1600 juvencorutn
2002 1538 2240 1596 statura,
2273 1546 2382 1598 qua
2415 1531 2647 1585 inferior
2683 1531 2895 1593 hircus,
2945 1547 3052 1601 qua
3105 1533 3342 1600 denique
3379 1533 3560 1586 minor
3588 1549 3855 1604 agnorum
3901 1544 4014 1601 est,

724 1624 902 1675 innuit
945 1638 957 1684 ;
993 1621 1177 1689 quivis
1209 1621 1352 1672 enim
1389 1620 1608 1688 prmtnia
1631 1619 1790 1686 juxta
1822 1634 2138 1672 mensuram
2172 1634 2328 1671 suam
2363 1627 2693 1687 accepturus
2725 1631 2827 1672 est.
2858 1617 3034 1673 Porro
3065 1619 3174 1674 duo
3207 1621 3393 1690 populi
3426 1636 3524 1690 per
3549 1623 3820 1690 juveneos
3872 1624 4013 1676 duos

719 1715 1071 1761 .lenotantur.
1108 1705 1310 1760 Uortnn
1338 1722 1466 1759 vero
1501 1707 1677 1758 unitio
1717 1721 1824 1780 per
1844 1707 2069 1759 unicum
2107 1706 2334 1758 arietent
2381 1706 2770 1762 intermedium
2819 1709 2898 1762 ﬁt.
2937 1707 3268 1762 Sanctorum
3301 1725 3430 1764 vero
3461 1720 3844 1764 consummata
3891 1727 4018 1780 perc

721 1800 906 1856 tet-tio,
940 1811 1034 1864 per
1065 1805 1273 1863 septem
1317 1809 1586 1862 agnorum
1621 1793 2034 1863 simplicitatem
2065 1792 2430 1862 signiﬁcatur.
2484 1795 2731 1862 Quorum
2764 1811 2896 1851 sane
2936 1797 3279 1867 singulorum
3328 1797 3492 1852 donis
3532 1798 3806 1852 suavitate
3841 1809 3896 1852 et
3925 1799 4017 1866 ju-

719 1886 1000 1938 eunditate
1035 1881 1329 1950 respondet
1355 1882 1475 1950 ejus
1520 1882 1629 1934 vita
1661 1899 1674 1947 ;
1711 1882 1813 1934 hoc
1857 1881 2003 1935 enim
2036 1880 2219 1934 denuo
2274 1881 2532 1953 similago
2558 1884 2688 1938 vino
2732 1885 2962 1939 subacta
2995 1895 3050 1939 et
3083 1887 3205 1939 oleo
3241 1885 3344 1939 sibi
3383 1886 3520 1940 vult.
3567 1884 3769 1940 llircus
3826 1895 4012 1940 autent

720 1975 1016 2026 saluta:c:u
1056 1971 1262 2023 Christi
1295 1969 1612 2038 passionem
1653 1968 1968 2031 adumbrat,
1998 1969 2161 2037 cujus
2191 1982 2326 2022 sane
2370 1969 2546 2036 gratia
2592 1971 2775 2027 omnis
2817 1973 3040 2026 victima
3093 1972 3240 2026 Patri
3277 1981 3503 2042 accepta
3541 1973 3668 2026 fuit.
3717 1990 3736 2024 ι
3765 1972 3897 2026 Sine
3932 1988 4016 2027 tne

714 2075 887 2125 υἰ.ιιι,
932 2061 1131 2127 inquit,
1193 2074 1300 2110 non
1335 2059 1566 2125 potestis
1614 2057 1831 2112 efﬁcere
1872 2057 2175 2128 quidquam
2202 2057 2271 2109 ".
2325 2074 2344 2107 ι
2380 2056 2564 2123 Quare
2615 2064 2731 2116 haec
2763 2063 2985 2116 victima
3014 2062 3140 2116 aliis
3173 2063 3470 2132 copulatur
3503 2078 3742 2132 semper.
3807 2063 4016 2118 Deinde

717 2167 846 2202 tem
877 2151 994 2200 dies
1031 2146 1250 2215 septimi
1310 2146 1516 2199 mensis
1551 2146 1800 2198 ultimam
1851 2147 2130 2214 signilieat
2166 2144 2376 2208 tubam,
2439 2149 2508 2202 ad
2539 2150 2701 2220 cujus
2755 2152 3074 2222 clangorem
3128 2152 3332 2205 mortui
3367 2161 3678 2221 resurgent.
3729 2150 4013 2220 Jejunitnu

717 2255 844 2290 vero
875 2237 1099 2289 dceinne
1131 2234 1236 2286 uili
1289 2232 1452 2304 427
1488 2234 1652 2300 hujus
1705 2235 1910 2287 mensis
1934 2233 2288 2287 affectionum
2320 2236 2726 2306 jugulationem
2773 2225 3016 2292 denotat.
3057 2239 3324 2307 Deinceps
3375 2238 3488 2307 jam
3521 2241 3777 2293 victimas
3812 2240 4014 2294 decimi

714 2328 890 2395 quinti
936 2326 1070 2390 diei,
1107 2323 1199 2391 qui
1232 2326 1502 2392 septimus
1535 2321 1654 2375 festi
1709 2331 1849 2386 erat,
1893 2331 2206 2376 enumerat.
2256 2324 2331 2376 Ae
2377 2325 2705 2381 differentiis
2753 2326 2976 2397 quidem
3039 2327 3388 2380 victimarum
3443 2327 3580 2397 legis
3640 2327 4018 2383 modulatione

717 2415 1006 2475 institutis,
1055 2429 1161 2464 non
1200 2415 1381 2480 inepte
1410 2412 1629 2463 diversa
1667 2409 1837 2473 dona,
1887 2425 2125 2473 sunnna,
2161 2412 2362 2477 media,
2399 2415 2615 2478 ultima,
2656 2431 2755 2484 pro
2796 2415 3117 2469 animalium
3175 2415 3504 2470 excellentia
3564 2425 3661 2469 aut
3719 2418 4013 2492 tenuitate.

717 2507 1045 2575 ﬁgurantur.
1082 2501 1280 2556 Verum
1321 2501 1604 2554 enimvero
1638 2500 1834 2570 duplex
1867 2516 2059 2556 eorum
2094 2501 2185 2569 qui
2224 2498 2360 2570 legis
2391 2502 2620 2558 ductum
2659 2505 2834 2560 secuti
2887 2512 3039 2568 sunt,
3084 2513 3299 2572 tempus
3332 2513 3418 2558 est
3452 2523 3464 2557 :
3504 2519 3744 2573 quorum
3780 2506 4016 2558 alterum

714 2596 938 2666 quidem
977 2593 1041 2646 ad
1081 2591 1351 2646 Joannem
1380 2589 1683 2661 Baptistam
1719 2606 1895 2659 usque
1931 2590 2260 2644 extenditur
2300 2610 2313 2643 :
2358 2592 2592 2645 alterum
2627 2606 2763 2644 vero
2819 2591 3074 2654 ulterius,
3123 2607 3234 2659 quo
3268 2600 3514 2660 tempore
3563 2592 3760 2644 iterum
3799 2593 4019 2662 aliquos

714 2683 986 2739 claruisse
1022 2683 1206 2737 simile
1239 2689 1326 2735 est
1356 2694 1507 2740 vero,
1539 2681 1691 2734 velut
1742 2679 2066 2733 Zachariam
2111 2688 2165 2732 et
2203 2677 2503 2732 Elisabeth.
2548 2680 2715 2748 Atqui
2761 2695 3026 2733 numerus
3059 2680 3354 2732 vitulorum
3393 2679 3629 2734 subinde
3666 2679 4018 2744 diminuitur,

717 2773 977 2826 nimirum
1011 2770 1159 2840 quod
1185 2769 1344 2823 electi
1377 2769 1612 2823 subinde
1643 2767 1928 2833 deﬁciant,
1972 2767 2120 2821 omni
2173 2775 2420 2837 tempore
2451 2767 2681 2834 penuria
2720 2766 2969 2836 ipsorum
3025 2766 3090 2819 ad
3129 2768 3426 2835 septimum
3462 2782 3636 2836 usque
3685 2767 3829 2822 diem
3863 2769 4019 2823 labo-

716 2869 893 2924 rante,
928 2861 1032 2914 hoc
1083 2865 1190 2918 est,
1226 2858 1293 2911 ad
1342 2857 1641 2912 adventum
1678 2855 1991 2911 Servatoris
2026 2856 2224 2918 nostri,
2270 2868 2382 2924 quo
2437 2864 2686 2925 tempore
2718 2860 2974 2908 cessante
3025 2862 3255 2922 peccato
3307 2862 3361 2908 et
3403 2856 3664 2923 praesenti
3695 2857 3901 2910 saeculo
3953 2858 4019 2910 ad

714 2953 876 3005 ﬁnem
905 2948 1017 3019 jam
1051 2947 1360 3001 inclinante
1392 2962 1561 3001 verus
1609 2943 1989 3000 sabbatismus
2019 2944 2146 2998 erit.
2187 2943 2337 2998 Unde
2385 2953 2642 2998 octavum
2676 2943 3019 3014 egressionis
3049 2943 3194 2999 diem
3233 2945 3598 3014 nuncupavit,
3652 2944 3880 3015 quando
3925 2960 4021 3014 per

714 3037 1182 3093 resurrectionem
1215 3033 1401 3088 cultus
1431 3034 1566 3103 legis
1598 3034 1843 3098 transiit,
1880 3048 1977 3102 per
2004 3046 2170 3101 quam
2201 3046 2378 3086 novus
2411 3031 2847 3087 adutnbrabatttr
2880 3033 3119 3103 pepulus
3149 3033 3243 3101 qui
3295 3031 3640 3099 fortitudine,
3681 3035 4018 3106 integritate,

709 3136 765 3182 et
800 3124 1123 3181 sinceritate
1157 3124 1424 3193 polleret.-
1446 3121 1548 3177 Per
1577 3122 1877 3191 juvencum
1912 3123 2174 3190 denique,
2206 3127 2260 3174 et
2290 3122 2542 3186 arietem,
2593 3131 2647 3175 et
2692 3135 2865 3190 agnos
2901 3120 2993 3190 qui
3024 3133 3260 3174 numero
3288 3117 3722 3190 perfecﬁssituo,
3761 3133 4022 3190 septena-

712 3219 796 3270 rio
831 3214 1047 3270 scilicet
1085 3219 1369 3276 constant,
1403 3219 1457 3267 et
1492 3213 1730 3274 hircum,
1760 3210 1969 3264 Christi
2005 3210 2230 3264 victima
2265 3207 2634 3279 signiﬁcatur.

785 3302 912 3358 Non
946 3304 1164 3356 irritum
1218 3301 1376 3370 faciet
1428 3301 1644 3354 verbum
1693 3315 1871 3354 suum.
1933 3295 2126 3369 [XXX,
2178 3296 2258 3368 3.]
2290 3299 2345 3350 Si
2380 3297 2525 3349 enim
2562 3295 2772 3348 homini
2828 3293 3051 3349 mentiri
3095 3308 3261 3364 grave
3289 3301 3396 3358 est,
3431 3304 3641 3362 quanto
3672 3296 3851 3366 magis
3879 3296 4018 3356 Deo,

711 3392 873 3463 cujus
902 3391 1251 3461 tnajestatetn
1283 3404 1410 3443 cum
1469 3388 1835 3452 declarasset,
1878 3388 2077 3457 inquit,
2137 3387 2401 3456 quoniam
2445 3385 2588 3438 Deus
2621 3385 2675 3437 in
2714 3384 2858 3439 caelo
2893 3398 3059 3454 supra
3114 3393 3220 3449 cst,
3264 3392 3318 3437 et
3351 3392 3406 3436 tu
3438 3397 3607 3452 super
3639 3394 3822 3452 terra,
3855 3385 4019 3459 infra_

709 3485 980 3539 Caeterum
1017 3483 1120 3535 hoc
1151 3479 1219 3533 ad
1253 3478 1625 3533 imitationem
1658 3477 1867 3531 dictum
1899 3484 1983 3530 est
2015 3476 2106 3530 Dei
2137 3476 2231 3545 qui
2258 3473 2439 3543 inquit.
2471 3489 2486 3526 :
2527 3491 2545 3522 ι
2585 3470 2704 3527 Non
2738 3473 2958 3525 irritum
2983 3470 3205 3525 'faciatn
3239 3471 3422 3527 ftedus
3451 3487 3634 3526 meum
3669 3473 3740 3527 τ’.
3782 3492 3806 3528 ι

783 3597 939 3664 Quod
975 3611 1107 3652 vero
1134 3595 1201 3650 de
1227 3610 1327 3649 sua
1358 3595 1635 3666 cujusque
1661 3594 1845 3647 anima
1890 3590 2048 3652 dicit,
2079 3589 2184 3644 hoc
2215 3598 2321 3652 est,
2356 3583 2399 3641 Α

2356 3583 2399 3641 Α
2501 3588 2573 3641 Τὸ
2612 3588 2742 3658 περὶ
2786 3587 2887 3660 τῆς
2934 3586 3130 3641 ἑαυτοῦ
3177 3586 3388 3656 ψυχῆς,
3427 3587 3712 3640 τουτέστιν
3740 3588 3773 3660 ἢ
3804 3560 4025 3660 τροφῶν

712 3693 757 3747 si
807 3692 1058 3746 ciborum
1110 3688 1507 3745 abstinentiam
1568 3685 1780 3742 voverit
1823 3694 1918 3738 aut
1978 3683 2311 3747 tonsionetn,

2422 3681 2637 3752 ἀποχὴν
2682 3679 2898 3747 εὔξαιτο
2923 3721 2937 3745 ,
2969 3679 3003 3750 ἢ
3033 3677 3342 3750 ἀπόκαρσιν
3367 3719 3383 3744 ,
3415 3678 3450 3749 ἢ
3492 3679 3791 3749 πρόϐατον,
3851 3681 3887 3751 ἢ
3921 3683 4023 3753 μό-

710 3801 867 3842 ovem
899 3796 992 3840 aut
1024 3785 1256 3839 vitulum
1295 3781 1508 3837 oﬁ‘erat.
2425 3789 2572 3843 σχον.

785 3901 890 3958 Ubi
919 3899 1218 3956 Malacltias
1246 3899 1454 3970 optima
1484 3910 1718 3967 quaeque
1741 3892 2017 3948 adducere
2053 3889 2303 3962 praat‘ipit
2339 3908 2352 3943 :
2396 3907 2414 3939 ι
2457 3886 2818 3952 Maledictus,
2854 3886 3068 3949 dicens,
3117 3887 3212 3956 qui
3267 3886 3323 3941 in
3373 3902 3536 3957 grege
3572 3901 3675 3941 suo
3711 3889 4024 3944 masculum

711 3994 900 4059 habet,
937 4001 992 4047 et
1024 3998 1210 4047 votum
1249 4001 1583 4058 nuncupatis
1606 3986 1858 4039 immolat
1887 3984 2161 4053 abjcctum
2188 3976 2505 4034 Domino".
2545 3994 2565 4027 ι
2600 3975 2724 4046 Ipsa
2752 3989 2886 4030 sane
2914 3972 3109 4045 Jeplite
3135 3975 3246 4029 ﬁlia
3268 3975 3314 4009 "
3351 3984 3583 4030 mortem
3617 3974 3806 4030 subire
3831 3978 4029 4032 maluit

711 4083 899 4155 potius
954 4096 1117 4151 quam
1150 4087 1210 4133 ut
1244 4078 1420 4149 patris
1447 4087 1636 4130 votum
1667 4090 1874 4130 vanum
1901 4072 2253 4141 mendaane
2280 4071 2459 4130 ﬁeret,
2482 4063 2738 4134 quamvis
2775 4064 3056 4135 ignoraret
3114 4080 3173 4119 se
3220 4073 3409 4135 typum
3464 4064 3728 4120 salutaris
3763 4065 4026 4129 victimae,

711 4189 807 4244 per
838 4171 1014 4241 ipsam
1047 4170 1372 4238 ﬁguratum,
1406 4179 1824 4221 consummare.
1865 4161 2220 4232 Quapropter
2247 4173 2382 4215 sane
2411 4173 2439 4211 a
2475 4156 2913 4228 reprehensione
2946 4157 3192 4210 immune
3230 4157 3335 4211 hoc
3377 4155 3586 4210 factum
3611 4166 3752 4221 erat,
3782 4171 3887 4211 nec
3921 4157 4028 4211 ali-

709 4260 857 4334 quod
889 4259 1200 4329 exetnplum
1232 4257 1420 4322 habet,
1453 4271 1518 4310 eo
1550 4254 1695 4325 quod
1732 4254 1814 4308 lex
1842 4268 1950 4307 non
1999 4251 2091 4315 sit,
2142 4250 2288 4322 quod
2327 4248 2496 4305 semel
2525 4247 2664 4319 signi
2699 4246 2876 4319 gratia
2906 4253 2991 4301 est
3015 4260 3370 4313 concessum,
3393 4245 3703 4318 prmsertitn
3732 4261 3864 4302 vero
3897 4262 4028 4302 cum

711 4350 856 4422 Deus
879 4348 1166 4404 hominum
1199 4345 1443 4399 victimis
1481 4343 1789 4413 abrogarit.

780 4466 1047 4522 Gaaterum
1076 4462 1184 4516 voti
1211 4475 1410 4515 nomen
1441 4476 1550 4515 non
1580 4466 1825 4513 meretur
1848 4456 1994 4528 quod
2022 4464 2311 4526 parentum

2485 4452 2672 4524 Εὑχὴν
2711 4451 2774 4506 οὐ
2808 4451 2892 4506 δεῖ
2925 4449 3113 4505 λαϐεῖν
3145 4449 3243 4522 τὴν
3299 4449 3391 4502 ἐπ’
3435 4448 3637 4521 ἀτιμίᾳ
3678 4447 3887 4517 γονέων
3920 4447 4029 4500 ὑπὸ

710 4559 968 4616 dedecori
1015 4556 1260 4611 alibcris
1315 4554 1620 4624 suscipitur
1675 4562 1872 4606 contra
1906 4537 2106 4622 pravos
2131 4551 2315 4604 docto-

2417 4545 2624 4600 παίδων
2653 4545 2974 4619 γινομένην,
3010 4543 3152 4597 κατὰ
3179 4543 3310 4605 τοὺς
3351 4541 3629 4610 πονηροὺς
3663 4538 4029 4602 διδασκάλους

709 4669 800 4710 res
833 4667 898 4706 ac
951 4651 1268 4721 magistros,
1310 4649 1403 4717 qui
1455 4662 1550 4702 eos
1591 4645 1918 4708 subornant,
1947 4652 2005 4698 ut
2042 4661 2060 4694 ι
2097 4641 2314 4697 Corban

2416 4639 2638 4707 λέγειν,
2703 4656 2722 4690 t
2763 4633 3320 4708 Παρασκευάζοντας,
3375 4633 3600 4704 Κορὸἁν
3653 4631 3721 4686 ἂν
3779 4633 3840 4697 ἐξ
3891 4632 4027 4702 ἐμοῦ

709 4748 786 4803 sit
830 4758 1167 4816 quocunque
1212 4758 1242 4795 a
1285 4757 1371 4795 tne
1421 4740 1647 4810 adjutus
1690 4737 1862 4793 fueris
1898 4738 1970 4803 ⁸ο,
2021 4755 2040 4787 ι
2081 4735 2310 4790 dicant:

2416 4729 2736 4801 ὠφεληθῇς,
2773 4748 2791 4784 ο
2823 4727 2958 4782 Θεοῦ
2989 4727 3222 4781 καθόλου
3251 4727 3422 4798 τιμᾷν
3451 4725 3666 4795 πατέρα
3690 4724 4027 4796 καὶμητέρα

711 4841 859 4895 Deus
888 4838 1034 4894 enim
1067 4839 1121 4891 in
1156 4835 1481 4890 universum
1519 4841 1733 4906 patrem
1777 4840 1831 4887 et
1873 4840 2102 4884 matrem
2133 4827 2315 4882 colere

2423 4824 2856 4896 προστάξαντος.
2898 4824 2995 4883 ’⁸ος
3018 4822 3114 4875 καὶ
3142 4821 3343 4892 ἀκυροῖ
3379 4820 3643 4889 γυναικὸς
3675 4820 3805 4882 νέας
3835 4820 4025 4891 εὐχὴν,

711 4931 990 5004 przecepit.
1012 4929 1119 4996 Qui
1153 4944 1310 4984 novae
1332 4943 1554 4999 quoque
1584 4933 1766 4997 nupta:
1795 4932 1984 4979 votum
2007 4921 2153 4993 quod
2175 4921 2313 4975 citra

2426 4917 2503 4989 μὴ
2532 4915 2953 4976 συναινέσαντος
2973 4912 3069 4967 τοῦ
3107 4913 3319 4984 πατρός
3340 4925 3355 4940 ⁸
3387 4914 3484 4966 καὶ
3527 4911 3691 4966 πάλιν
3726 4912 4027 4982 ὑπάνδρου,

711 5025 1169 5100 approbationem
1204 5022 1377 5093 patris
1409 5022 1638 5083 factum,
1672 5016 1945 5088 infringit,
1985 5017 2114 5069 item
2149 5009 2315 5066 mari-

2427 5013 2503 5082 μὴ
2547 5012 2643 5064 τοῦ
2680 5011 2879 5082 ἀνδρὸς
2923 5008 3343 5072 ἐπινεύσαντος.
3399 5006 3474 5059 Τὸ
3510 5007 3619 5078 γὰρ
3649 5005 3891 5076 ψευσθὲν
3927 5007 4023 5060 ὑπ’

709 5099 837 5176 tata:
861 5120 1065 5173 marito
1087 5133 1196 5172 non
1222 5116 1628 5170 consentiente.
1650 5110 1809 5178 Quod
1835 5108 1984 5165 enim
2008 5106 2112 5162 sub
2136 5104 2312 5175 majo-

2425 5105 2678 5173 ἐξουσίαν
2713 5103 3074 5174 ἀνέγκλητον,
3103 5102 3207 5155 κᾶν
3246 5100 3384 5171 μετὰ
3416 5100 3592 5154 ταῦτα
3621 5099 3891 5171 χηρεύσῃ.
3917 5117 4024 5170 φη-

709 5230 769 5271 re
803 5220 1078 5283 potestate
1111 5208 1251 5265 falso
1285 5209 1488 5263 factum
1513 5215 1794 5268 cst,reum
1831 5218 1942 5257 non
1979 5199 2128 5256 facit.
2153 5196 2310 5265 Quod
2352 5180 2392 5236 Β

2352 5180 2392 5236 Β
2424 5202 2528 5266 σὶν,
2564 5199 2596 5270 ἢ
2628 5200 2720 5253 καὶ
2771 5199 3015 5270 χωρισθῇ
3073 5195 3168 5250 τοῦ
3203 5195 3419 5264 ἀνδρός.
3479 5192 3804 5247 Βεεαιοῦται
3855 5194 3910 5247 δὲ
3943 5194 4032 5248 διὰ

709 5310 754 5365 si
791 5322 920 5363 vero
951 5305 1112 5360 vidua
1143 5303 1310 5357 fuerit
1341 5300 1509 5366 facta,
1557 5299 1839 5354 autetiam
1895 5312 1922 5350 a
1974 5294 2173 5348 marito
2201 5292 2314 5345 dis-

2422 5293 2628 5347 τούτων
2658 5293 2720 5346 τὸ
2769 5293 2830 5358 ἐξ
2869 5291 3081 5361 ἀρχῆς’
3128 5291 3210 5342 ὅτι
3257 5288 3347 5340 διὰ
3392 5287 3484 5339 τὸν
3531 5287 3699 5357 ἄνδρα
3731 5287 3964 5356 γέγονεν
3999 5291 4032 5358 ἡ

706 5406 919 5468 juncta,
947 5411 1134 5454 votum
1168 5398 1222 5451 itt
1250 5405 1393 5451 statu
1422 5411 1524 5450 suo
1557 5405 1661 5448 est.
1691 5393 1809 5458 Quo
1843 5406 1976 5444 sane
1999 5388 2312 5440 institutum

2424 5388 2586 5456 γυνὴ,
2624 5390 2720 5440 καὶ
2752 5385 3031 5458 προσῆκόν
3064 5385 3214 5436 ἐστιν
3245 5380 3682 5440 ὑποτάττεσθαι,
3739 5381 3836 5434 καὶ
3889 5382 4033 5435 κατὰ

711 5484 805 5550 Dei
840 5492 1178 5562 primitivum
1215 5488 1603 5550 conﬁrmatur,
1633 5485 1780 5552 quod
1817 5482 1917 5536 viri
1970 5494 2136 5535 causa
2173 5480 2310 5530 facta

2261 5487 2310 5528 ta
2429 5479 2639 5531 Παῦλον
2680 5480 2910 5546 λέγοντα
2935 5520 2950 5542 ,
2983 5478 3016 5545 ἡ
3047 5477 3188 5545 γυνὴ
3223 5476 3310 5529 ἴνα
3342 5475 3581 5545 φοϐῆται
3619 5475 3713 5526 τὸν
3745 5474 3938 5546 ἄνδρα.

709 5595 773 5648 s':
822 5592 1042 5654 mulier,
1069 5603 1406 5660 tequumqne
1440 5602 1561 5641 eam
1592 5599 1714 5640 esse
1745 5581 2022 5636 subditam
2056 5578 2310 5632 c\sistat.
2356 5573 2581 5629 Necnon
2636 5574 2791 5630 Pauli
2828 5588 3050 5644 quoque
3111 5572 3270 5636 illud,
3351 5580 3410 5626 tit
3461 5570 3663 5625 mulier
3713 5572 3890 5624 virum
3964 5572 4035 5624 ti-

711 5711 740 5747 u
769 5698 876 5746 cat.

781 5879 825 5908 τυ
870 5874 1025 5928 Joan.
1078 5886 1166 5931 κν,
1228 5868 1281 5921 5.
1381 5867 1422 5897 ⁷⁷
1457 5863 1562 5918 Job
1619 5879 1706 5928 λι,
1761 5879 1839 5915 tu.
1923 5859 1965 5889 τε
1999 5855 2234 5912 Malach.
2270 5872 2306 5920 ι,
2347 5855 2427 5907 H.

2014 5855 2234 5910 llalaeh.
2270 5872 2306 5920 ι,
2347 5855 2427 5907 H.
2510 5851 2556 5882 τ’
2589 5847 2772 5905 Judic.
2812 5863 2886 5917 χι,
2929 5844 3118 5901 50-59.
3199 5845 3244 5878 ⁸⁸
3277 5843 3450 5901 Marc.
3490 5861 3584 5912 vtt,
3617 5845 3699 5900 ll.
