4266 6446
267 351 364 412 881
1360 353 1767 413 COMMENTA
1780 355 1888 413 RH
1934 356 2009 413 ΙΝ
2056 354 2103 412 Ν
2117 357 2160 413 Li
2173 357 2219 413 .\l
2236 357 2444 414 ERUS.
3436 351 3537 409 88.".

338 461 413 512 Τὸ
451 460 699 514 κακῶσαι
724 460 922 531 ψυχὴν,
962 460 1021 513 τὸ
1057 462 1373 531 νηστεῦσαι,
1406 464 1438 534 ἢ
1472 465 1643 527 dum;
1679 468 1848 533 ἀσκῆ-
1884 478 1922 531 Α

1884 478 1922 531 Α
2026 467 2233 520 Similis
2260 480 2474 533 quoque
2506 463 2643 515 ratio
2673 474 2862 513 eorum
2894 470 2977 512 est
3004 475 3123 527 qurc
3151 459 3216 508 ιΙι·
3252 458 3373 510 alllii
3397 462 3541 510 tione

270 569 379 605 σαι.
476 552 641 603 Ὅθεν
674 554 767 605 καὶ
814 555 941 623 περὶ
977 553 1071 606 τοῦ
1116 556 1284 624 μηνὸς
1314 555 1413 621 τῆς
1454 558 1709 625 νηστείας
1743 575 1847 626 φη-

1959 557 2147 613 anitni,
2172 556 2238 607 de
2271 555 2547 624 jejnninct
2583 552 2704 606 aliis
2734 551 3019 605 exercitiis
3058 550 3243 610 Ira-lit,
3282 568 3298 598 ι
3338 547 3540 612 Quem-

269 644 354 695 σεν
380 643 527 697 ἰἘν
554 643 703 712 uiri?»
732 645 885 695 κ-ικώ
899 661 1009 697 sar:
1040 645 1138 708 tit;
1164 645 1339 715 ψυχὰς
1365 647 1572 716 ὑμό›ν.ι

1959 647 2252 698 admodum
2282 647 2346 697 de
2379 659 2561 697 naense
2584 642 2777 712 jejunii
2810 643 2989 712 inquit
3010 659 3053 694 ει
3083 643 3137 696 In
3154 642 3542 701 eocruciahitis

1959 738 2177 789 animai
2208 747 2418 787 νίκῃ-τις
2452 735 2518 786 ⁸¹.
2569 755 2584 785 ι

358 819 612 872 Ἐκδίκει
647 820 759 887 τὴν
785 821 1104 889 ἐκδίκησιν
1130 822 1248 875 τῶν
1273 824 1418 878 υἱῶν
1461 826 1719 893 Ἰσραήλ.
1752 827 1854 879 Τε-
2036 827 2043 876 i

2036 825 2368 879 Utciscimini
2419 842 2636 878 causam
2670 824 2908 892 ﬁliorum
2961 821 3157 876 Israel.
3210 820 3424 892 {XXXL
3463 818 3542 893 2.]

270 911 530 965 λευταίιν
561 914 766 980 ταύτην
794 916 994 984 πρᾶξιν
1027 916 1305 969 ἐπιτάττει
1347 918 1478 980 Θεὸς
1509 918 1584 987 τῷ
1615 920 1855 971 Melissi.

1961 918 2221 974 Ultimum
2264 920 2364 972 hoc
2417 919 2690 987 negotium
2744 916 2979 983 injungit
3033 915 3177 968 Dens
3220 913 3373 973 Slusi,
3409 914 3540 966 iram

285 1005 488 1073 Ὀργὴν
517 1006 624 1071 γὰρ
656 1008 853 1072 ἑαυτῆς
882 1006 1252 1076 ἐθησαύρισιν
1287 1008 1336 1059 οἱ
1368 1010 1432 1061 ὲκ
1460 1009 1710 1078 Μαδιάμ.
1741 1011 1857 1062 Κα-
1959 1028 1970 1065 t

1959 1012 2103 1067 enim
2138 1009 2228 1064 Dei
2258 1008 2567 1063 Madianita:
2598 1009 2701 1063 sibi
2740 1008 3139 1062 conﬂaverant.
3190 1005 3307 1059 Non
3357 1021 3546 1072 asper-

272 1095 366 1146 ).iw
395 1096 449 1148 δὲ
481 1097 876 1165 παράγγελμα,
909 1099 1050 1167 μέγα
1078 1116 1129 1149 τι
1154 1099 1416 1167 πράττειν
1450 1099 1554 1170 πρὸ
1579 1100 1857 1169 τελευτῆς,

1961 1101 2201 1157 nandum
2235 1116 2365 1156 vero
2403 1102 2718 1154 mandatum
2743 1108 2847 1161 est,
2875 1100 3019 1169 quod
3048 1114 3307 1168 magnum
3345 1097 3548 1165 aliquid

272 1186 466 1255 ὥσπερ
494 1188 704 1252 ἐφόδιον
731 1188 865 1258 πρὸς
891 1189 992 1259 τὴν
1022 1189 1223 1254 ἔξοδον.
1257 1191 1538 1259 ’Λρέσκειν
1562 1191 1618 1243 δὲ
1645 1192 1721 1261 τῷ
1744 1192 1863 1261 Θεῷ

1962 1206 2089 1251 ante
2123 1196 2333 1249 obitum
2376 1209 2587 1264 gerere,
2623 1194 2993 1261 viaticumque
3034 1206 3133 1245 ceu
3187 1191 3253 1244 ad
3285 1191 3406 1243 vita:
3434 1192 3552 1242 exi-

272 1279 486 1347 ταύτην
530 1280 829 1347 παρίστησι
882 1280 944 1332 τὸ
995 1278 1415 1351 πιρατὰξασθιι
1469 1282 1650 1351 λέγειν
1685 1283 1863 1335 ἔναντι

1964 1286 2077 1342 tuin
2106 1278 2429 1356 comparare
2454 1286 2670 1341 suadet.
2698 1284 2969 1338 Cat-terum
3002 1283 3108 1337 Deo
3138 1297 3251 1337 rem
3283 1298 3401 1336 eam
3437 1297 3552 1350 pro-

276 1370 490 1439 Κυρξου
528 1372 619 1423 ἐπὶ
652 1371 900 1441 Μαδιάμ.
934 1372 1089 1425 Κατὰ
1117 1372 1249 1425 θεὸν
1278 1374 1383 1444 γὰρ
1428 1375 1477 1426 οἱ
1528 1375 1664 1443 πρὸς
1701 1374 1863 1427 ἐκκο-

1966 1378 2081 1432 bari
2108 1384 2328 1432 constat
2364 1378 2467 1431 hoc
2498 1374 2643 1443 quod
2670 1376 2846 1443 jubet,
2895 1374 3066 1426 aciem
3098 1386 3287 1425 coram
3325 1369 3554 1421 Domino

275 1464 387 1533 πὴν
408 1464 622 1516 ἀσεϐῶν
646 1464 923 1533 γινόμενοι
950 1465 1201 1535 πόλεμοι,
1227 1469 1324 1535 τῆς
1352 1466 1455 1537 γῆς
1486 1466 1638 1530 ὄντες
1667 1467 1869 1539 καθαρ-

1867 1499 1869 1507 ι
1964 1476 2158 1523 contra
2191 1466 2519 1521 Madianitas
2548 1465 2769 1518 instrui.
2806 1464 2999 1518 Divina
3043 1463 3190 1517 enim
3228 1462 3365 1515 bella
3400 1467 3552 1522 sunt,

274 1556 452 1620 τικοὶ,
486 1557 591 1609 κᾶν
623 1556 1024 1627 βλαςνημῶσιν
1058 1560 1106 1611 oi
1134 1559 1233 1629 τὴν
1273 1560 1475 1613 κακίαν
1504 1561 1868 1615 ἑνυπόστατον

1966 1573 2089 1629 qu:e
2119 1557 2186 1612 ad
2219 1559 2637 1628 exstirpandum
2671 1558 2965 1626 impiorum
2993 1565 3221 1613 terram,
3256 1552 3556 1619 sordesque

274 1644 557 1715 λέγοντες.
1970 1661 2318 1721 peccatorum
2360 1649 2770 1720 repurgandum
2809 1648 3212 1716 suscipiuntur,
3263 1652 3557 1713 quantum-

1428 1741 1441 1753 ’
1971 1744 2053 1798 vis
2084 1746 2176 1811 qui
2232 1751 2516 1811 peccatum
2550 1741 2867 1796 hominibus
2918 1740 3131 1807 jartaut
3165 1751 3286 1792 esse.
3326 1736 3555 1790 insitum

1966 1836 2402 1890 calumnientur.

351 1942 532 2012 Atque
562 1940 668 1995 hoc
693 1941 872 2011 ipsum
905 1943 1085 2011 arguit
1115 1944 1375 1999 sacerdos
1405 1944 1497 2014 qui
1547 1959 1654 1999 una
1711 1960 1971 2015 egressus
2015 1957 2100 2005 est
2150 1965 2419 2020 sacraque
2472 1964 2599 2004 vasa
2634 1963 2821 2003 sccmn
2875 1946 3196 2017 asportavit,
3231 1951 3558 2014 argumento

279 2032 536 2087 videlicet
561 2033 703 2101 quod
738 2047 828 2086 res
853 2032 1047 2086 bellica
1082 2034 1156 2087 rei
1200 2049 1371 2089 sacrae
1429 2035 1502 2090 sit
1557 2050 1721 2105 quam
1776 2036 2076 2092 simillium.
2137 2038 2331 2094 Omnis
2369 2038 2514 2093 enim
2551 2037 2783 2107 aequitas
2833 2050 2897 2091 ac
2942 2035 3155 2105 justitia
3189 2032 3295 2089 Deo
3329 2049 3462 2101 puta
3497 2048 3559 2087 ac

280 2122 489 2174 munda
516 2122 757 2175 videtur.
797 2118 969 2176 Porro
1001 2137 1030 2175 a
1070 2124 1466 2193 superstitibus
1490 2140 1632 2194 quos
1672 2125 1848 2181 Moses
1870 2128 2110 2195 reliquos
2147 2126 2259 2181 ﬁeri
2302 2127 2471 2195 jussit
2508 2140 2797 2180 numerum
2831 2138 3020 2176 eorum
3057 2124 3154 2192 qui
3186 2122 3563 2175 occubuerunt

276 2209 557 2263 aestimare
582 2209 730 2263 licet.
750 2208 1032 2264 Occiditur
1060 2227 1188 2265 vero
1214 2220 1449 2267 cunctus
1479 2214 1757 2269 masculus
1788 2222 2049 2283 tanquam
2082 2214 2278 2280 hostis,
2308 2215 2352 2269 si
2377 2215 2442 2267 ad
2479 2222 2693 2268 aetatem
2730 2227 2886 2268 suam
2920 2208 3251 2281 pervenerit,
3284 2206 3560 2261 Israelita-

279 2312 404 2351 rum
442 2298 686 2364 futui-us,
719 2296 922 2353 femina
966 2299 1093 2354 item
1141 2300 1324 2355 omnis
1365 2317 1486 2371 qum
1516 2304 1700 2358 coitus
1730 2303 2164 2374 experimentum
2200 2311 2440 2372 ceperat,
2474 2310 2700 2372 propter
2730 2308 2999 2370 patratam
3034 2297 3477 2355 fornicationem,
3509 2304 3563 2349 et

281 2384 523 2440 fortasse
557 2384 728 2458 428
756 2386 1104 2455 patrandum.
1136 2387 1268 2443 Nam
1310 2400 1662 2459 peccatorum
1696 2391 1877 2455 linem,
1908 2406 2030 2445 cum
2057 2392 2325 2445 malorum
2361 2391 2577 2461 agmine
2603 2388 2901 2443 adventare
2926 2402 3023 2458 par
3054 2394 3158 2449 est,
3187 2384 3340 2452 juxta
3367 2384 3561 2437 Isaiam

279 2473 377 2543 qui
412 2473 590 2542 inquit
613 2473 681 2538 ⁸³,
718 2473 981 2544 reliquias
1013 2478 1212 2531 messis
1243 2486 1336 2530 aut
1367 2477 1656 2533 vindemiae
1686 2495 1809 2535 esse
1836 2494 1932 2534 eos
1962 2479 2057 2548 qui
2115 2479 2376 2533 evadunt.
2432 2476 2704 2532 Cmtcrum
2766 2476 3033 2530 malorum
3094 2488 3263 2543 super
3298 2470 3564 2525 malitiam

279 2559 607 2615 elfusionem
645 2561 783 2615 iram
816 2562 1105 2632 Scriptura
1133 2565 1273 2619 solet
1295 2567 1569 2636 appellare
1604 2564 1719 2632 Dei,
1750 2583 1857 2621 non
1895 2569 2115 2639 quidem
2164 2567 2511 2622 all'ectioncm
2550 2566 2697 2619 illam
2730 2567 2816 2621 cui
2874 2564 3129 2620 homines
3153 2571 3284 2618 sunt
3314 2560 3563 2624 obnoxii,

282 2650 381 2704 sed
423 2664 545 2703 eam
586 2650 709 2705 sine
741 2666 850 2720 qua
896 2650 985 2705 Dei
1016 2652 1236 2706 bonitas
1274 2654 1423 2709 iners
1451 2655 1575 2719 erit,
1612 2663 1949 2723 peccataque
1970 2667 2303 2712 contemnet.
2346 2656 2490 2711 Idem
2520 2670 2650 2711 vero
2680 2655 2927 2710 delectus
2968 2669 3158 2708 eorum
3188 2652 3283 2723 qui
3313 2652 3566 2705 vicerunt

282 2744 469 2800 erant,
503 2739 662 2808 quasi
707 2754 901 2795 omnes
930 2741 1072 2793 inter
1097 2756 1191 2795 eos
1215 2756 1341 2795 cum
1379 2741 1537 2795 laude
1572 2742 1954 2809 dimicassent,
1985 2746 2072 2798 cui
2120 2744 2271 2798 Pauli
2322 2743 2453 2797 illud
2502 2744 2715 2811 aspirat
2752 2758 2766 2794 :
2816 2760 2834 2794 ι
2862 2740 2917 2795 Si
2948 2757 3113 2795 unum
3146 2740 3453 2795 membrum
3489 2740 3566 2792 la—

282 2826 469 2889 borat,
503 2826 689 2880 omnia
723 2828 970 2881 membra
1000 2830 1207 2897 pariter
1259 2830 1510 2883 laborant
1536 2830 1602 2895 ⁸³,
1645 2849 1661 2880 ι
1696 2834 2157 2899 quemadmodum
2206 2832 2455 2901 ejusdem
2508 2846 2729 2901 quoque
2784 2830 3011 2883 honoris
3066 2827 3421 2898 participant.
3451 2825 3565 2880 Una

282 2930 420 2969 vero
446 2931 569 2969 cum
603 2916 816 2969 sanctis
850 2917 1051 2971 militat
1077 2917 1331 2973 Christus
1357 2918 1618 2973 sacerdos
1645 2934 1899 2988 magnus,
1931 2927 1984 2971 et
2020 2918 2339 2987 angelorum
2375 2918 2534 2971 turba
2570 2932 2666 2987 per
2697 2931 2856 2972 sacra
2885 2931 3013 2971 vasa
3049 2923 3461 2985 repraesentata.
3504 2912 3568 2967 lli

283 3004 434 3058 enim
468 3004 719 3058 subsidio
743 3005 903 3059 nobis
932 3020 960 3059 a
998 3003 1132 3070 Deo,
1162 3006 1547 3076 theologorum
1583 3007 1878 3069 sententia,
1913 3006 2234 3061 mittuntur.
2292 3004 2679 3076 Magistrorum
2717 3019 2782 3060 ac
2829 3004 3120 3060 doctorum
3158 3018 3443 3060 sermones
3475 3018 3570 3071 per

282 3092 453 3145 tubas
482 3102 536 3146 et
572 3093 730 3161 signa
759 3090 1100 3146 indicantur.
1139 3094 1215 3147 Ita
1249 3094 1396 3147 enim
1432 3093 1594 3149 facile
1619 3096 1937 3165 superiores
1964 3093 2218 3150 hostibus
2264 3096 2473 3149 nostris
2498 3104 2554 3148 et
2593 3093 2796 3148 Christi
2838 3093 3156 3155 evademus,
3187 3092 3230 3146 si
3265 3089 3567 3147 secundum

286 3179 551 3234 Davidem
583 3181 1013 3235 elamaveriums
1050 3201 1062 3234 :
1096 3200 1114 3232 ι
1153 3181 1209 3235 lu
1239 3189 1292 3237 te
1325 3183 1511 3238 hestes
1543 3192 1765 3239 nostros
1823 3182 2182 3237 retundemus
2232 3180 2298 3245 ⁸⁸,
2340 3200 2356 3231 ι
2394 3195 2628 3251 quorum
2674 3179 2967 3250 captivitas
3020 3178 3085 3232 ad
3136 3178 3458 3234 Eleazarum
3518 3188 3572 3231 ct

283 3265 639 3339 Synagogam
668 3267 1044 3323 deferebatur.
1076 3268 1298 3324 Christo
1326 3271 1470 3324 enim
1505 3286 1676 3327 sacra!
1719 3281 2039 3327 sanctorum
2073 3281 2201 3328 sunt
2226 3273 2480 3337 virtutes,
2511 3286 2611 3327 nec
2642 3271 2892 3327 obscura:
2921 3270 3159 3342 populis.
3197 3287 3214 3321 ι
3252 3267 3397 3324 Nihil
3424 3268 3570 3324 enim

285 3364 401 3410 tam
441 3358 718 3412 occultum
744 3367 852 3423 est,
888 3358 1089 3429 inquit.
1128 3359 1274 3429 quod
1314 3375 1420 3413 non
1449 3361 1804 3417 manifestum
1840 3362 1934 3416 liat
1959 3365 2026 3416 ⁸³.
2067 3381 2085 3413 ι

362 3490 705 3561 Πρηαπήντσ.
737 3491 850 3552 τοῖς
880 3488 1201 3559 ἀριστεῦσιν
1234 3492 1261 3543 ὁ
1287 3490 1531 3561 Μωῦσῆς
1552 3509 1566 3523 ·
1601 3494 1694 3544 καὶ
1722 3493 1879 3546 τοῦτο
1911 3524 1951 3578 Β

1911 3524 1951 3578 Β
2054 3487 2171 3541 Ibat
2193 3497 2379 3541 autem
2416 3486 2595 3544 Moses
2622 3488 2676 3542 in
2712 3502 3006 3543 occursum
3051 3502 3366 3558 procerum,
3403 3487 3572 3542 hono-

287 3579 390 3649 μὲν
415 3580 578 3649 τιμῆς
599 3597 613 3611 ⁸
643 3579 884 3649 ἐπετίμα
916 3580 971 3633 δὲ
1001 3580 1128 3650 περὶ
1159 3580 1268 3635 τῶν
1295 3582 1711 3653 ζωγρηθέντων.
1739 3604 1755 3635 ι
1780 3585 1880 3637 Οὐ-

1986 3580 2062 3634 ris
2088 3578 2285 3649 gratia.
2326 3578 2402 3633 Ac
2436 3578 2876 3649 reprehendebat
2908 3586 3131 3649 propter
3161 3578 3412 3648 captivos
3435 3594 3575 3649 quos

280 3672 399 3737 δεὶς
424 3672 531 3744 γὰρ
567 3672 808 3743 καθαρὸς
830 3672 939 3727 ἀπὸ
970 3674 1167 3744 ῥύπου.
1222 3693 1239 3725 ι

1986 3673 2039 3726 iu
2068 3674 2175 3725 vita
2209 3681 2590 3726 servaverant.
2633 3672 2783 3728 Adeo
2838 3686 2968 3727 vero
2997 3692 3010 3726 :
3054 3691 3071 3723 ι
3119 3670 3292 3727 Nemo
3327 3672 3396 3727 ab
3426 3673 3574 3727 onmi

1984 3779 2139 3819 nrevo
2173 3780 2347 3836 purus
2377 3773 2463 3821 est
2497 3765 2565 3819 ⁸⁸.
2610 3784 2628 3817 ι

359 3903 493 3957 Item
530 3918 543 3954 :
593 3920 612 3953 ι
654 3900 739 3956 Ab
767 3898 1153 3958 aﬂectionibus
1178 3904 1362 3972 pravis
1393 3904 1597 3957 munda
1627 3920 1713 3959 me
1736 3906 1805 3958 ⁸⁷.
1852 3922 1869 3955 ι
1904 3902 2033 3958 Item
2067 3923 2077 3957 :
2116 3922 2134 3954 ι
2170 3902 2418 3968 Domine,
2452 3902 2498 3958 si
2539 3903 2861 3974 iniquitates
2895 3914 3118 3961 nostras
3155 3905 3570 3965 observaveris,

285 3990 543 4055 Domine,
577 3990 707 4060 quis
736 3990 1048 4046 consistere
1073 3990 1278 4061 poterit
1304 3991 1389 4045 θοι
1418 4010 1436 4042 ι
1474 3990 1540 4045 Et
1568 4010 1583 4047 :
1609 4010 1627 4043 ι
1666 3990 1895 4046 Peccata
1922 3992 2049 4061 quis
2099 3992 2365 4063 intelliget
2387 3991 2482 4046 ὀἳ
2520 4010 2538 4043 ι
2578 3995 2842 4064 quoniam
2878 4012 2896 4046 ι
2932 3994 3114 4048 omnis
3145 4002 3335 4049 nostra
3364 3994 3578 4063 justitia

283 4078 439 4134 velut
471 4079 639 4148 panni
672 4084 1030 4133 mcustruata:
1062 4079 1316 4135 mulieris
1352 4079 1454 4132 ὀ.»
1491 4079 1634 4145 Quin
1671 4078 1874 4135 Paulus
1898 4097 2022 4136 cum
2044 4082 2219 4137 dicat:
2250 4099 2269 4134 ι
2309 4081 2527 4139 Nullius
2557 4082 2690 4137 mibi
2725 4098 2846 4138 sum
2871 4084 3157 4144 conscius,
3179 4098 3368 4137 verum
3402 4084 3455 4136 in
3479 4083 3579 4137 hoc

284 4165 759 4235 nonjustilicatus
791 4182 914 4222 sum
952 4167 1019 4226 ⁹¹.
1059 4185 1078 4219 ι
1112 4167 1287 4221 addit.
1332 4166 1534 4223 Verum
1561 4170 1846 4223 enimvero
1891 4186 1953 4225 ea
1983 4171 2340 4240 reprehensio
2392 4186 2500 4226 non
2533 4172 2599 4226 ad
2653 4186 2848 4227 omnes
2873 4212 2888 4233 .
2941 4170 3035 4226 sed
3091 4170 3262 4225 duces
3293 4170 3577 4240 copiarum

282 4256 660 4325 respiciebat;
688 4264 939 4326 potentes
966 4255 1114 4310 enim
1144 4256 1440 4311 efficaciter
1464 4257 1930 4311 examinabuutur
1958 4258 2024 4312 θ’.
2058 4257 2193 4313 Nam
2221 4276 2235 4314 :
2275 4276 2293 4310 ι
2340 4259 2444 4314 Cui
2476 4260 2709 4319 multum
2739 4258 3163 4324 commiserunt,
3193 4258 3391 4327 inquit,
3426 4259 3494 4312 ab
3514 4274 3578 4313 eo

283 4346 576 4414 requirent
599 4360 818 4415 quoque
854 4346 1088 4399 multum
1120 4346 1191 4413 ”;
1229 4365 1246 4397 ι
1285 4346 1431 4401 unde
1474 4346 1607 4399 illud
1641 4347 1806 4400 etiam
1840 4364 1853 4400 :
1892 4364 1911 4398 ι
1948 4348 2191 4414 Fratres,
2220 4349 2390 4403 nolite
2418 4340 2866 4417 multi‘ntagistri
2892 4348 3030 4410 lieri,
3066 4348 3345 4417 coguitmn
3379 4347 3582 4401 haben-

283 4442 395 4497 tes,
431 4433 581 4501 quod
615 4448 682 4488 eo
712 4435 890 4503 majus
913 4430 1182 4503 judicium
1210 4434 1610 4489 sustinebimus
1634 4434 1699 4485 νδ.
1737 4453 1753 4483 ι
1783 4433 1887 4499 Qui
1909 4437 2053 4489 enim
2079 4436 2280 4491 sobriis
2320 4435 2668 4505 principibus
2700 4436 3043 4504 obtemperat
3078 4450 3331 4507 magnam
3363 4435 3578 4489 laudem

283 4522 656 4591 consequitur
697 4540 709 4575 :
751 4542 768 4574 ι
806 4522 991 4588 Quare
1019 4524 1220 4579 vestris
1242 4522 1482 4578 ducibus
1514 4533 1721 4591 parete,
1757 4523 1956 4591 inquit,
1992 4524 2091 4593 ipsi
2132 4524 2283 4578 enim
2314 4523 2515 4577 animis
2543 4523 2746 4577 vestris
2774 4522 3084 4593 invigilant,
3120 4532 3381 4592 tanquam
3415 4523 3451 4575 ii
3486 4525 3577 4592 qui

283 4614 562 4668 rationem
599 4612 666 4665 de
703 4614 862 4666 nobis
899 4613 1014 4667 sint
1048 4612 1317 4667 reddituri
1349 4614 1419 4668 ’⁸.
1456 4631 1473 4663 ι
1505 4610 1670 4666 Jubet
1694 4620 1875 4665 autem
1908 4626 2004 4665 eos
2028 4620 2289 4680 tauquam
2325 4611 2642 4679 inquinatos
2684 4626 2803 4665 eam
2865 4612 2935 4664 ob
2975 4626 3199 4665 causam
3234 4628 3398 4680 quam
3440 4612 3580 4665 dixi-

283 4718 433 4766 mus,
464 4702 623 4756 tertia
659 4700 748 4755 die
781 4716 903 4756 sese
944 4701 1311 4765 sanctificare,
1348 4717 1412 4756 ea
1441 4701 1650 4755 scilicet
1676 4716 1797 4768 qth
1829 4700 2033 4755 Christi
2068 4700 2326 4753 smculum
2360 4709 2483 4768 post
2508 4698 2679 4769 legem
2729 4707 2781 4752 et
2845 4699 3145 4769 prophetas
3184 4700 3430 4760 tertium,
3488 4710 3582 4751 aut

284 4791 433 4843 diem
466 4805 586 4842 eam
615 4789 669 4841 in
706 4803 815 4858 qua
852 4804 881 4841 a
916 4791 1147 4843 mortuis
1180 4789 1503 4852 resurrexit,
1538 4796 1917 4859 reprtescutat.
1957 4787 2239 4857 Septimus
2278 4786 2404 4840 item
2429 4785 2549 4841 dies
2583 4786 2745 4840 finem
2783 4787 3009 4841 denotat
3038 4787 3328 4857 praesentis
3365 4789 3575 4850 seaculi,

284 4880 512 4949 quando
554 4888 841 4945 peccatum
866 4878 1098 4932 omnino
1124 4888 1438 4943 evanescet,
1474 4893 1745 4948 sacerque
1787 4876 2021 4947 populus
2046 4876 2098 4929 in
2134 4890 2352 4931 sacrum
2378 4872 2716 4945 ingredietur
2744 4876 3067 4937 tentorium,
3106 4876 3252 4946 quod
3286 4877 3575 4929 millesima

284 4985 562 5023 annorum
598 4968 912 5036 septimana
951 4970 1062 5022 lict.
1103 4967 1373 5022 Czcterum
1401 4976 1529 5022 ante
1552 4968 1997 5021 communionem
2028 4979 2120 5017 seu
2150 4962 2635 5033 participationem
2676 4964 2933 5033 pnecedit
2960 4964 3292 5033 puritieatio,
3322 4981 3445 5016 nam
3474 4972 3575 5017 t‘tst

279 5059 429 5126 juSta
464 5057 644 5112 caules
676 5055 865 5119 fuerit,
891 5055 1087 5112 cﬂitsio
1114 5066 1297 5111 tamen
1331 5064 1415 5110 est
1449 5054 1676 5109 fraterni
1710 5054 2017 5125 sanguinis,
2067 5062 2122 5107 ct
2174 5051 2282 5105 Deo
2317 5051 2573 5120 displicet
2608 5052 2846 5106 hominis
2880 5053 3185 5107 internerio
3216 5070 3228 5119 ;
3270 5070 3392 5107 eum
3430 5053 3577 5104 enim

283 5148 352 5200 ad
388 5149 710 5211 vitam,non
745 5148 812 5200 ad
845 5156 1081 5201 mortem
1106 5146 1372 5201 condidit.
1398 5145 1749 5216 Quapropter
1795 5144 1982 5198 Davidi
2017 5142 2085 5195 ab
2113 5141 2230 5210 ipso
2257 5140 2443 5210 templi
2498 5139 2865 5195 exstruetioni
2895 5142 3245 5195 interdictum
3268 5153 3374 5194 est.
3411 5139 3580 5209 Igitur

284 5236 587 5299 secundas,
610 5250 718 5288 non
744 5237 954 5305 primas
985 5251 1126 5306 opus
1159 5236 1285 5291 belli
1315 5235 1500 5299 habet,
1534 5234 1627 5290 Dei
1663 5234 1884 5304 quidem
1915 5230 2208 5295 sententia,
2239 5228 2492 5298 quamvis
2516 5230 2632 5297 ipse
2662 5229 2955 5283 consilium
2980 5230 3027 5282 ei
3063 5230 3395 5298 suppeditet,
3431 5248 3583 5299 quo-—

284 5326 435 5379 circa
473 5325 767 5379 sacerdote
806 5339 901 5378 rex
956 5323 1204 5386 inferior,
1243 5338 1309 5377 eo
1361 5322 1507 5377 enim
1570 5321 1863 5392 augustius
1921 5319 2153 5373 sortitus
2177 5325 2261 5371 est
2299 5317 2691 5371 miuistcrimu.
2745 5315 2902 5371 Unda
2928 5318 3008 5371 lex
3038 5319 3205 5373 etiam
3243 5319 3581 5373 homicidam

284 5413 587 5467 excindere
627 5412 907 5483 przeeipit;
940 5411 1119 5467 caades
1166 5413 1311 5467 enim
1347 5413 1414 5465 ab
1443 5410 1601 5465 initio
1626 5425 1733 5465 non
1757 5408 1859 5463 fuit
1880 5407 2073 5470 libera,
2105 5405 2199 5463 sed
2222 5406 2633 5477 dispensatione
2672 5404 2809 5463 facta
2838 5407 2963 5459 talis
2992 5415 3096 5471 est,
3118 5407 3581 5476 quemadmodum

285 5501 571 5554 abdicatio
594 5517 817 5573 quoque
847 5517 1084 5556 uxorum
1120 5508 1343 5569 pr0pter
1374 5500 1559 5553 cordis
1587 5498 1872 5553 duritiam.

362 5706 402 5736 ’δι
450 5703 613 5758 Νιιη.
653 5719 801 5763 “Iv,
831 5702 881 5755 7.
959 5703 1002 5733 η
1030 5704 1135 5755 lsa.
1175 5718 1307 5767 xvii,
1334 5703 1383 5765 3,
1413 5702 1466 5755 6.
1571 5702 1615 5733 ⁸³
1658 5700 1831 5756 ICor.
1867 5717 1961 5763 xu,
1993 5702 2047 5755 Ξ(

1904 5719 1961 5763 ιι,
1993 5702 2080 5755 9.6.
2185 5701 2229 5732 "
2261 5698 2406 5754 Psal.
2440 5714 2591 5755 xmn.
2624 5699 2678 5751 ti.
2781 5701 2823 5731 ""
2853 5700 2987 5755 an.
3027 5714 3145 5761 vtn,
3186 5700 3269 5755 Π.
3376 5700 3421 5729 ⁸⁸
3478 5701 3580 5755 JH.

287 5793 402 5833 λιν,
457 5776 499 5828 ι.
579 5774 623 5803 ⁸⁶τ
661 5775 802 5827 l‘sal.
845 5790 998 5834 mn,
1036 5775 1117 5827 15.
1198 5775 1241 5803 ¹¹⁴
1278 5776 1423 5829 l’sal.
1462 5790 1652 5834 cunt,
1686 5775 1739 5829 3.
1855 5774 1899 5805 ¹¹⁹
1935 5772 1971 5826 l’

1893 5772 2079 5827 'l’sal.
2135 5788 2287 5833 xvtn.
2326 5771 2409 5825 l5.
2525 5769 2569 5800 "°
2649 5776 2749 5829 Isa.
2793 5774 3017 5837 rvunt}.
3100 5773 3139 5802 "'
3184 5772 3371 5829 lCor.
3412 5792 3483 5837 l\',
3528 5793 3578 5827 ι’..

284 5850 331 5881 θ’
365 5848 499 5918 Sap.
530 5863 600 5909 \I,
649 5847 700 5900 7.
785 5848 827 5875 τη
864 5844 994 5902 Luc.
1043 5862 1138 5909 vn,
1185 5845 1261 5901 £3.
1342 5848 1383 5875 “”
1425 5844 1543 5901 Jac.
1580 5862 1658 5911 ιιι,
1699 5849 1749 5904 1.
1864 5848 1907 5877 τ’)
1952 5845 1967 5900 l

785 5848 827 5875 ελ
864 5844 994 5902 Luc.
1043 5862 1138 5909 vn,
1185 5845 1261 5901 £3.
1342 5848 1383 5875 “”
1425 5844 1543 5901 Jac.
1580 5862 1658 5911 ιιι,
1699 5849 1749 5904 1.
1864 5848 1907 5877 ⁵⁸⁵
1952 5845 2114 5900 Ηριιι.
2158 5858 2276 5901 χιιι.
2324 5841 2405 5895 l7.
