4266 6446
757 295 862 362 883
2071 314 2423 375 PROCOPII
2456 318 2700 380 GAZIEI
2877 386 2881 390 ,
3935 327 4038 387 884

827 415 999 466 Porro
1033 424 1088 466 ιιι
1119 415 1274 467 nullo
1319 417 1482 470 modo
1522 420 1888 474 contaminari
1932 434 2177 491 possent,
2209 441 2341 494 pur-
2374 435 2416 488 Α

2374 435 2416 488 Α
2520 431 2737 483 Σκευῶν
2765 430 2829 483 ἐκ
2862 430 3182 500 περιθυσίας
3217 432 3481 502 εἰσήγαγε
3512 434 3785 503 κάθαρσιν
3813 434 3900 486 διὰ
3935 454 4034 485 πυ-

752 505 1029 571 gatiuncm
1068 522 1163 575 per
1195 509 1374 575 ignem
1399 519 1454 562 et
1480 524 1679 579 aquam
1715 526 1968 567 vasorum
2005 530 2227 584 quoque
2276 533 2340 571 ex

2455 524 2545 592 ρδς
2569 524 2664 577 καὶ
2694 522 2907 585 ὓδατος.
2938 522 3109 576 Τοῦτο
3138 525 3245 593 γὰρ
3273 525 3352 592 τῷ
3384 526 3528 595 λόγῳ
3553 529 3686 579 Μωῦ
3698 527 3831 588 τέως
3858 528 4040 582 Ἢ).εὰ-

751 598 1053 650 abundanti
1076 599 1403 655 introduxit.
1427 601 1479 655 ld
1523 604 1667 656 enim
1689 619 1752 659 ex
1777 604 1867 659 Dei
1904 616 2087 661 mente
2104 609 2341 662 orationi

2451 616 2557 685 ζαρ
2582 616 2888 686 προσέθηκε
2922 616 3061 669 κατὰ
3085 618 3145 669 τὸ
3179 617 3544 687 σιωπώμενον
3575 617 3765 687 μαθὼν
3791 621 3855 671 ἐκ
3878 619 4036 679 θεοῦ,

752 689 919 742 Musis
976 690 1157 742 obiter
1210 691 1429 759 adjecit.
1472 691 1726 756 Eleazar.
1770 695 1918 749 velut
1955 696 2133 751 Moses
2173 700 2341 752 etiam

2448 706 2521 769 ὡς
2576 708 2670 760 καὶ
2703 708 2946 773 Μωῦσῆς
2980 710 3092 771 τοῖς
3118 709 3247 778 περὶ
3276 709 3371 761 τοῦ
3400 711 3593 778 Πάσχα.
3627 709 3938 779 προσέθηκε
3981 710 4039 761 τὸ

748 783 1019 838 institutis
1047 784 1359 847 Paschalis,
1400 786 1571 854 legem
1607 788 1860 857 hyssopi,
1898 789 2025 842 item
2056 805 2161 842 non
2188 805 2344 859 egre-

2450 798 2544 851 τῡῦ
2574 798 2853 864 ὑσσώπου,
2879 800 2973 851 καὶ
3007 801 3068 853 τὸ
3099 801 3174 872 μὴ
3196 801 3398 867 ἐξιέναι
3424 803 3519 871 τὴν
3554 801 3725 871 θύραν
3747 803 3853 864 ἕως
3872 804 4034 873 πρωῒ.

746 875 930 929 diendt
969 877 1171 930 ostium
1202 893 1364 933 mane.
1392 894 1568 948 usque
1594 884 1870 949 appositit.
1932 894 1944 906 ‘

817 992 981 1059 Atqui
1024 1006 1282 1043 vasorum
1324 993 1639 1061 purificatio
1674 1012 1795 1050 eam
1833 1014 1959 1069 quae
1992 999 2244 1055 homines
2277 1001 2432 1054 decet
2473 994 2707 1049 maxime
2747 992 3005 1055 intendit,
3051 1009 3218 1063 quam
3252 994 3472 1063 quidem
3512 996 3591 1048 lex
3622 998 3956 1066 promulgat,
3984 1010 4037 1053 et

745 1080 1083 1146 temporilms
1115 1080 1432 1134 distinctam
1462 1082 1617 1139 facit.
1654 1082 1873 1139 Modum
1902 1102 2033 1140 vero
2065 1087 2367 1142 introducit
2412 1084 2668 1138 Christus
2698 1082 2791 1151 qui
2829 1081 2897 1136 de
2939 1089 3186 1151 tempore
3213 1098 3320 1137 non
3353 1084 3483 1135 dicit
3517 1100 3531 1147 ;
3561 1084 3676 1152 ipse
3707 1086 3853 1138 enim
3899 1096 4037 1139 tem-

744 1182 844 1233 pus
872 1176 1010 1227 erat,
1031 1167 1129 1234 qui
1177 1183 1278 1220 nos
1302 1168 1598 1239 baptizavit
1627 1181 1826 1226 sancto
1862 1174 2068 1242 Spiritu
2101 1182 2155 1227 et
2186 1175 2331 1245 igne.
2367 1172 2430 1227 Ni
2463 1174 2610 1227 enim
2639 1171 2766 1241 quis
2798 1171 3080 1239 regeuitns
3118 1186 3214 1237 per
3241 1187 3440 1238 aquam
3469 1181 3519 1223 et
3549 1172 3806 1240 Spiritum
3851 1174 4034 1238 fuerit,

744 1270 967 1320 regnum
1008 1253 1099 1306 llei
1132 1256 1313 1309 videre
1348 1272 1453 1309 non
1487 1260 1687 1326 poterit
1729 1261 1798 1312 ’“.
1847 1261 1925 1314 lta
1966 1262 2112 1314 enim
2154 1263 2378 1316 mundat
2410 1277 2539 1316 vasa
2564 1277 2685 1328 qua)
2732 1274 2795 1313 ex
2832 1260 3045 1315 robusti
3081 1260 3247 1312 domo
3278 1261 3584 1328 diripuerat
3606 1263 3675 1315 θ’.
3708 1260 4031 1329 Postquam

742 1342 1124 1407 purgationem
1151 1343 1335 1397 aditus
1372 1355 1622 1397 extremo
1648 1358 1858 1400 exacta!
1907 1351 2248 1417 purgationis
2290 1359 2534 1419 tempore
2572 1349 2624 1402 iit
2660 1349 2960 1401 tentorium
3015 1348 3224 1416 patefit.
3262 1367 3278 1396 ι
3322 1346 3437 1400 Erit
3463 1350 3609 1400 enim
3648 1358 3801 1411 tune,
3832 1351 4032 1419 inquit,

740 1430 823 1479 via
864 1445 1023 1497 pura,
1058 1430 1251 1497 viaque
1284 1442 1474 1486 saneta
1508 1435 1818 1488 vocabitur.
1854 1436 1962 1489 Nec
1993 1438 2249 1491 transibit
2304 1454 2399 1507 per
2430 1440 2576 1491 illam
2608 1438 2753 1490 ullus
2795 1437 3048 1504 impurus
3091 1436 3160 1490 θ’.
3202 1456 3219 1487 ι
3262 1434 3461 1488 vel'llm
3499 1437 3556 1489 ili
3610 1454 3672 1490 1‘3
3722 1439 3891 1490 aMMi
3941 1455 4035 1503 νυν

736 1515 1013 1567 Christum
1050 1518 1449 1587 ingredienlur.
1477 1518 1748 1574 Caderum
1776 1522 1951 1592 ignem
1981 1525 2202 1593 quidem
2246 1526 2551 1595 symbolum
2575 1540 2697 1579 esse.
2726 1523 2951 1576 tradunt
2972 1538 3164 1577 eorunt
3198 1524 3288 1592 qui
3320 1540 3415 1592 per
3444 1524 3646 1593 ignem,
3682 1525 3838 1590 juvta
3868 1525 4036 1595 429

738 1603 994 1667 Paulum,
1034 1608 1407 1659 servabuntur
1439 1610 1504 1660 ³ο.
1540 1611 1753 1678 Aquam
1787 1627 1916 1685 vero
1941 1611 2063 1680 ejus
2090 1614 2157 1669 de
2189 1629 2299 1683 quo
2326 1613 2532 1667 dictqu
2569 1614 2702 1666 illud
2728 1619 2907 1666 exstat
2942 1630 2955 1664 :
2998 1629 3015 1659 ι
3057 1611 3353 1678 Aperietur
3379 1609 3501 1665 fons
3529 1610 3717 1665 domui
3750 1612 3945 1674 David,
3979 1624 4033 1665 et

736 1694 1116 1747 habitanttluts
1143 1693 1451 1750 Jerusalem
1482 1697 1535 1749 iu
1571 1698 1913 1753 ablutionem
1943 1702 2249 1769 peccatoris
2276 1709 2330 1755 et
2399 1710 2755 1755 menstruatze
2813 1700 2851 1754 ‘.
2896 1719 2914 1751 ι
2952 1697 3139 1753 Potest
3181 1709 3365 1753 autem
3422 1715 3519 1753 vas
3578 1701 4028 1770 uniuscujusque

734 1797 899 1846 opera
942 1792 1339 1851 repraesentare
1363 1786 1552 1839 etiam.
1596 1804 1611 1835 ι
1658 1787 1945 1857 Cujnsque
1984 1804 2110 1841 vero
2150 1805 2290 1859 opus
2316 1792 2477 1859 quale
2510 1792 2575 1845 sit
2610 1792 2753 1857 ignis
2785 1792 2900 1858 ipse
2930 1788 3246 1857 prohabit’.
3295 1808 3311 1839 ι
3352 1788 3657 1842 Probamur
3690 1805 3826 1842 vero
3858 1790 4027 1843 etiam

733 1887 826 1935 per
864 1887 1058 1936 aquaru
1087 1887 1098 1922 :
1123 1891 1138 1921 ι
1173 1871 1423 1926 Probasti
1453 1875 1601 1928 enim
1636 1891 1751 1941 nos,
1792 1876 1954 1932 Deus.
1982 1879 2153 1947 inquit
2184 1883 2343 1950 ;igne
2378 1896 2477 1933 nos
2509 1880 2801 1942 excovisti,
2838 1878 2981 1932 sicut
3006 1887 3298 1947 argentum
3337 1879 3695 1947 excoquitur,
3743 1886 4027 1947 pertrans-

734 1957 897 2011 Eimus
924 1962 1101 2029 ignem
1141 1970 1193 2015 et
1228 1978 1451 2030 aquam,
1483 1973 1537 2017 et
1571 1974 1625 2017 ιιι
1663 1980 1763 2019 nos
1801 1966 1853 2019 in
1890 1965 2235 2036 refrigerium
2268 1968 2541 2023 adduxisti
2574 1970 2615 2021 ³.
2673 1988 2690 2020 ι
2728 1968 2984 2023 Secundo
3016 1978 3199 2022 autem
3236 1982 3377 2035 aqua
3434 1967 3543 2035 igni
3594 1966 3935 2027 immittitur,
3973 1977 4031 2020 ιιι

731 2050 871 2104 ιιιιὶξθ
913 2050 1382 2105 vehementiorem
1417 2054 1801 2120 purgationem
1830 2055 2058 2127 mitiget,
2116 2072 2429 2128 quanquam
2488 2074 2586 2112 nos
2621 2057 2826 2111 auxilio
2877 2073 2980 2112 suo
3034 2056 3297 2126 prtevcnit
3331 2063 3391 2108 ιιι
3426 2055 3579 2108 illum
3633 2055 4026 2125 effligeremus,

728 2154 851 2191 iam
885 2140 1043 2191 nobis
1076 2154 1275 2208 aquam
1308 2140 1551 2197 dedisset
1590 2142 1752 2198 Deus.

802 2224 1028 2279 lter-ense
1055 2227 1555 2297 capilajspo/iorutu
1586 2233 1930 2299 cnpliritntis.
1958 2234 2175 2305 [XXXL
2196 2236 2313 2310 ω]
2334 2237 2515 2309 Spolia
2537 2237 2731 2293 dividit
2756 2246 2864 2291 tam
2883 2236 3026 2290 inter
3054 2250 3148 2289 eos
3166 2235 3256 2304 qui
3277 2233 3403 2288 belli
3425 2247 3551 2302 pars
3576 2230 3818 2295 fuerunt,
3842 2246 4011 2299 quam

728 2319 871 2370 inter
907 2336 1002 2372 eos
1044 2320 1137 2388 qui
1172 2320 1319 2374 domi
1358 2334 1768 2377 remanserunt.
1806 2326 1999 2380 Mutua
2027 2330 2171 2381 enim
2206 2345 2371 2399 opera
2408 2338 2590 2400 partes
2624 2326 2908 2397 indigent;
2962 2333 3020 2377 ut
3070 2322 3237 2376 David
3273 2336 3495 2390 quoque
3528 2328 3719 2389 postea
3750 2319 3885 2371 divit
3924 2318 4025 2371 mi-

728 2409 1022 2461 litantibus
1059 2425 1166 2461 non
1207 2408 1499 2466 inferiores
1531 2427 1655 2467 esse
1687 2429 1781 2467 eos
1815 2416 1904 2482 qui
1936 2430 2123 2470 eorum
2158 2410 2351 2476 domos
2385 2414 2763 2472 rust-uliunt‘.
2795 2413 2858 2468 Et
2891 2412 3361 2483 quemadmodum
3396 2410 3531 2463 dixit
3566 2426 3581 2463 :
3624 2426 3642 2458 ι
3682 2408 3860 2463 liuius
3897 2423 4025 2476 par-

725 2500 795 2549 tis
830 2499 1088 2566 splendor
1116 2501 1361 2552 omnium
1400 2501 1457 2552 lit
1492 2502 1873 2566 communis-7,
1910 2524 1925 2553 ι
1972 2506 2041 2557 ίι;ι
2077 2507 2219 2558 inter
2255 2525 2354 2561 nos
2393 2526 2609 2576 quoqtte
2651 2510 2884 2559 duorum
2918 2504 3174 2557 ordinum
3212 2511 3298 2557 est
3336 2501 3644 2571 permistio,
3684 2506 3732 2552 et
3766 2498 3892 2563 ejus
3930 2499 4023 2566 qui

725 2588 778 2640 in
809 2586 1014 2638 mundo
1045 2596 1265 2651 manet,
1304 2596 1359 2643 et
1394 2589 1515 2655 ejus
1554 2590 1645 2656 qui
1683 2600 1876 2643 contra
1913 2594 2192 2646 diabolum
2228 2608 2449 2667 pugnat.
2489 2596 2688 2650 Eadem
2721 2595 2867 2648 enim
2902 2593 3075 2664 gloria
3112 2591 3471 2649 illustriores;
3504 2598 3557 2639 et
3590 2604 3688 2643 eos
3720 2589 3813 2657 qui
3849 2603 4025 2657 parvo

727 2693 867 2729 ιιι-κει
906 2676 1014 2727 illis
1042 2676 1221 2743 juncti
1259 2687 1383 2730 sunt
1423 2688 1627 2732 manet.
1663 2678 1943 2749 Siquidem
1981 2680 2184 2737 Paulus
2215 2702 2433 2753 quoque
2467 2686 2535 2738 de
2567 2685 2882 2753 approbatis
2908 2682 3151 2740 loeutus,
3192 2679 3409 2748 inquit:
3446 2697 3463 2728 ι
3500 2677 3561 2729 lit
3598 2677 3651 2729 bi
3686 2690 3881 2727 omnes
3914 2692 4025 2728 non

724 2773 1079 2832 ³¹Ί¹⁴²νίλ¹¹⁶¹⁸¹¹ί
1115 2767 1516 2834 [διὀηῖῖδθίουθδ
1545 2808 1557 2829 ο
1594 2778 1651 2821 ιιι
1705 2785 1812 2821 ¹¹ί¹¹¹
1836 2772 2059 2837 ἐιιιειιιιιε
2109 2774 2266 2825 uobis
2306 2774 2759 2843 perﬁcerentur“.
2798 2792 2815 2822 ι
2852 2771 2986 2826 Tale
3019 2769 3152 2825 illud
3188 2783 3410 2839 quoque
3449 2773 3532 2820 est
3568 2784 3579 2817 :
3623 2785 3640 2815 ι
3678 2763 3902 2819 Utinam
3941 2782 4027 2815 re-

721 2874 885 2923 gnu-n
921 2857 1332 2919 obtinuissetis,
1365 2874 1475 2926 quo
1506 2870 1557 2911 et
1602 2873 1703 2913 nos
1741 2876 1846 2912 uua
1885 2862 2166 2913 ι-ιιέεἱςι-ιιςιι
2208 2863 2653 2933 t'eguassctnus".
2691 2882 2709 2913 ι
2751 2863 2878 2915 item
2914 2862 3255 2931 psalmorum
3295 2860 3432 2912 hoe:
3470 2876 3487 2906 ι
3521 2855 3809 2909 Benedixit
3840 2854 4019 2907 Domi-

723 2963 827 2999 nus
860 2946 1180 3000 timentibus
1224 2948 1402 3016 ipsum
1434 2988 1447 3010 ,
1484 2957 1592 3001 tam
1635 2950 1821 3016 parvis
1851 2967 2014 3019 quam
2049 2954 2263 3020 magnis
2281 2951 2322 3006 ³.
2358 2973 2374 3004 ›
2419 2952 2679 3005 liamdem
2729 2952 2875 3005 enim
2917 2952 3154 3004 fortasse
3185 2948 3626 3003 benedictionem
3666 2945 3875 2999 habent
3926 2947 4023 3013 qui

726 3036 944 3088 virtutis
978 3053 1206 3106 operum
1242 3039 1433 3107 inopes
1462 3080 1473 3097 ,
1512 3038 1616 3093 lide
1652 3040 1850 3107 :equali
1908 3052 2037 3093 Sunt
2074 3043 2306 3110 prtediti.
2347 3042 2616 3097 Caeterum
2652 3042 2745 3110 qui
2776 3041 3000 3110 prmmia
3032 3039 3319 3095 distribuit
3349 3037 3607 3091 Christus
3638 3045 3716 3090 est
3753 3036 3808 3087 in
3839 3035 4027 3104 ponti-

724 3126 823 3176 tice
860 3132 907 3176 et
945 3124 1262 3193 legislature
1302 3128 1593 3194 tiguratus,
1626 3128 1713 3180 cui
1750 3128 2024 3182 assistunt
2052 3132 2228 3198 angeli
2261 3133 2520 3200 pra‘sidio
2552 3131 2790 3186 fidelium
2824 3130 3118 3193 collocati,
3156 3144 3299 3198 quos
3334 3142 3479 3182 nunc
3511 3142 3607 3197 per
3639 3125 3923 3196 principes
3954 3125 4031 3178 si-

722 3213 1019 3279 gnitieavit.
1068 3213 1300 3268 (Zoilitus
1340 3216 1484 3268 euint
1532 3216 1746 3279 veniet,
1786 3218 1876 3286 qui
1928 3218 2226 3272 virtutibus
2259 3236 2356 3273 sua
2397 3220 2619 3291 ριίυιιιίει
2649 3219 2799 3288 justa
2835 3219 3052 3272 ratione
3094 3225 3150 3271 et
3189 3216 3351 3271 modo
3380 3214 3659 3269 attribuit.
3694 3211 4023 3281 liujusmodi

725 3304 875 3356 iSiliiL'
908 3303 1039 3356 illud
1085 3312 1170 3359 est
1210 3323 1221 3357 :
1259 3322 1277 3355 ι
1316 3305 1435 3373 lpse
1470 3306 1848 3361 dominabitur
1883 3308 2093 3372 inultis,
2126 3318 2179 3361 et
2216 3308 2436 3364 fortium
2471 3308 2647 3377 spolia
2680 3306 2883 3361 dividet
2903 3308 2981 3360 θ.»
3011 3303 3379 3375 Quapropter,
3406 3301 3508 3356 etsi
3548 3301 3759 3371 praemii
3794 3316 4030 3353 consor-

722 3397 805 3442 tes
845 3391 1004 3459 primi
1044 3401 1098 3445 et
1135 3394 1364 3447 secundi
1396 3394 1713 3460 exsistunt,
1743 3412 1866 3449 sors
1903 3404 2085 3449 tamen
2121 3397 2323 3465 cuique
2356 3404 2505 3450 certa
2554 3398 2764 3450 ratione
2793 3395 3143 3450 decernetur.
3180 3392 3253 3446 Ex
3296 3406 3628 3461 unaquaque
3690 3389 3837 3443 enim
3878 3390 4025 3443 trdut

725 3480 931 3531 milleni
964 3480 1057 3549 qui
1092 3490 1409 3549 pugnarunt
1434 3484 1700 3552 atqualem
1738 3484 2191 3554 pereipiunLQui
2223 3500 2354 3538 sane
2385 3492 2595 3554 partem
2625 3482 3123 3553 quingentesimum
3156 3479 3400 3550 pontifici
3430 3477 3707 3531 deferunt.
3741 3474 4025 3528 Primitias

726 3568 1031 3634 hominum,
1075 3570 1176 3623 hoc
1203 3580 1311 3632 est,
1348 3575 1643 3626 mulierum
1670 3614 1685 3636 ,
1722 3583 1773 3627 ct
1806 3575 2040 3627 aliorum
2074 3576 2320 3626 omnium
2350 3615 2363 3637 .,
2400 3571 2915 3641 quinquagesimum
2949 3579 3158 3640 partem
3200 3579 3436 3621 cunctus
3476 3573 3656 3619 emtns
3692 3562 3897 3616 Levitis
3928 3580 4022 3615 ev-

724 3656 897 3711 hiiiet.
930 3658 1050 3727 ipse
1081 3660 1284 3713 etenim
1316 3663 1557 3730 pontil'ev
1596 3662 1800 3715 unicus
1828 3672 1951 3725 est,
1990 3661 2191 3716 Levila:
2217 3669 2401 3715 autem
2432 3660 2771 3729 complures.
2806 3659 2955 3713 Alias
2994 3669 3176 3711 autem
3218 3656 3332 3710 fieri
3369 3657 3531 3719 solet,
3573 3662 3629 3705 ut
3669 3661 3925 3723 potentes
3962 3655 4027 3704 li-

721 3748 928 3801 dcliutn
966 3764 1158 3819 parum
1194 3752 1457 3820 adjnvent
1495 3752 1661 3806 Deum
1689 3794 1701 3817 ,
1745 3753 1975 3807 secundi
2019 3768 2149 3805 vero
2182 3752 2419 3823 amplius
2455 3770 2468 3806 :
2515 3771 2533 3802 ι
2566 3749 2720 3804 Multi
2778 3749 2923 3804 enim
2960 3748 3137 3802 vorati
3168 3787 3182 3808 ,
3224 3746 3382 3816 pauci
3421 3745 3581 3799 electi
3606 3745 3668 3799 ¹⁰.
3705 3762 3723 3795 ι
3767 3744 3899 3796 Item
3935 3742 4024 3795 cui

722 3836 893 3890 multa
927 3838 1314 3908 relinquentur
1338 3881 1351 3904 ,
1388 3855 1451 3893 eo
1492 3840 1729 3906 amplius
1761 3840 1972 3911 diliget.
2007 3841 2084 3895 Ae
2117 3840 2194 3895 illi
2242 3841 2465 3909 quidem
2504 3841 2725 3896 nemine
2757 3838 2981 3894 interim
3027 3838 3359 3908 decerpeute
3402 3836 3707 3907 quidquam
3736 3874 3750 3899 ,
3798 3832 4028 3888 Christo

722 3926 967 3993 pontifici
1003 3937 1052 3979 et
1082 3927 1252 3997 iudici
1292 3944 1491 3997 magno
1521 3927 1782 3983 offerunt.
1817 3927 1974 3995 Quod
2009 3927 2259 3985 fecerunt
2288 3929 2572 4002 discipuli,
2606 3937 2661 3986 et
2692 3936 2967 4001 quotquot
3008 3927 3173 3982 hodie
3205 3927 3536 3997 populormu
3570 3923 3831 3977 ductores
3869 3930 4025 3985 sunt,

724 4013 907 4070 facere
942 4014 1167 4079 debent,
1209 4025 1266 4071 ut
1303 4018 1519 4073 labores
1551 4018 1960 4087 pra-dieationis
1986 4019 2323 4091 evangeliea!
2362 4018 2472 4074 Deo
2506 4025 2836 4074 cotiseercnt
2859 4060 2873 4081 ,
2922 4016 3122 4087 hisque
3168 4013 3415 4085 judicent
3458 4012 3706 4083 placent.
3754 4011 4027 4080 Reliquus

722 4114 904 4156 autem
937 4116 1115 4159 eouns
1146 4106 1420 4174 primitias
1454 4108 1633 4169 otl'ert,
1670 4123 1857 4161 verum
1896 4109 2119 4163 nonnisi
2167 4123 2265 4179 per
2293 4107 2750 4162 intercessionem
2784 4104 3168 4159 ministrorum
3200 4116 3510 4164 sacrorum,
3545 4101 3712 4155 veluti
3741 4110 3856 4153 tttm
3886 4110 4027 4153 tem-

722 4192 873 4261 potis
908 4208 1002 4263 per
1036 4210 1253 4248 sacram
1289 4192 1604 4249 Levitarmn
1649 4195 1877 4251 tribum.
1915 4194 2133 4250 Dictum
2163 4206 2247 4253 est
2276 4195 2423 4249 enim
2452 4236 2465 4257 ,
2504 4210 2676 4265 genus
2706 4193 2943 4249 electum
2970 4232 2986 4256 ,
3018 4202 3071 4247 et
3112 4191 3295 4261 regale
3325 4188 3783 4245 sacerdotium".
3825 4188 3897 4241 At
3945 4187 4024 4240 illi

712 4280 934 4347 fruetus
965 4284 1187 4353 quidem
1222 4282 1494 4344 offerunt,
1527 4301 1716 4338 verum
1752 4300 1858 4339 non
1893 4285 2209 4355 specialiter
2244 4298 2494 4355 personm
2525 4283 2728 4337 Christi
2764 4282 2981 4335 fructus
3003 4278 3237 4334 faciunt.
3262 4276 3593 4348 llujusmodi
3615 4276 3839 4346 quidam
3867 4285 4031 4329 erant

719 4372 808 4439 qui
845 4372 1112 4426 eolle-.-tas
1150 4382 1474 4427 sanctorum
1510 4373 1733 4426 nomine
1766 4374 1857 4442 qui
1886 4374 1947 4447 in
1975 4373 2284 4428 Jerusalem
2322 4379 2516 4437 erant,
2552 4370 2933 4425 conferebant.
2966 4369 3069 4435 Qui
3116 4368 3386 4439 ampliora
3430 4367 3594 4421 etiam
3625 4365 3903 4427 oderunt,
3940 4372 4029 4415 ιιι-

719 4470 846 4530 pote
886 4462 980 4530 qui
1023 4463 1190 4515 etiam
1228 4463 1484 4530 ampliori
1523 4463 1850 4532 purgatione
1879 4464 2213 4533 indigerent.
2254 4481 2272 4514 ι
2308 4462 2412 4528 Qui
2446 4462 2592 4516 enim
2628 4460 2777 4514 lotus
2805 4467 2927 4521 est,
2965 4458 3145 4527 inquit
3175 4456 3478 4518 Dominus,
3511 4469 3620 4508 nou
3658 4468 3890 4509 necesse
3924 4454 4027 4507 ha-

719 4552 807 4603 bet
840 4550 1081 4620 amplius
1118 4567 1283 4619 quam
1319 4560 1375 4603 ut
1414 4550 1582 4619 pedes
1619 4552 1787 4615 lavet,
1824 4551 2065 4607 mundus
2095 4551 2243 4606 enim
2280 4551 2446 4606 est”.
2482 4567 2500 4600 ι
2548 4546 2775 4602 Minima
2809 4547 2956 4606 enim
2989 4546 3245 4616 quamvis
3280 4542 3490 4599 sanctis
3520 4541 3849 4613 purgatione
3883 4556 4026 4609 ομιιε

714 4649 821 4702 est,
846 4641 1031 4711 aliqua
1061 4652 1245 4696 tamen
1281 4650 1386 4703 est,
1425 4641 1701 4710 siquidem
1744 4645 1951 4712 peccati
1983 4657 2180 4697 exsors
2207 4654 2369 4696 nemo
2395 4647 2502 4694 cst.
2540 4636 2706 4707 Atqui
2732 4638 3084 4705 praemiorum
3112 4635 3356 4689 varietas
3388 4632 3673 4687 indicatur
3700 4633 3870 4686 etiam
3896 4630 4026 4697 hoc,

712 4730 858 4798 quod
896 4731 1063 4783 alium
1101 4747 1271 4800 super
1303 4731 1551 4800 quinque
1585 4732 1775 4795 urbes,
1817 4731 1983 4785 alium
2023 4747 2190 4803 super
2224 4732 2413 4786 decent
2453 4729 2817 4784 constitutum
2848 4728 2915 4781 iri
2949 4726 3153 4782 dicitur
3177 4726 3239 4778 ι’.

790 4818 907 4872 Nos
938 4821 1073 4873 tet-ui
1112 4821 1189 4872 lui
1225 4820 1585 4873 recensuimus
1619 4835 1899 4874 numerum
1941 4828 2321 4889 pugnatorum.
2361 4816 2517 4891 [ιιι]
2561 4817 2892 4873 Obtulerunt
2939 4822 3215 4886 quotquot
3266 4814 3534 4883 imperata
3591 4812 3831 4869 fuerant.
3866 4809 4028 4866 Ultro

715 4920 895 4961 autem
927 4910 1075 4978 jttsta
1124 4910 1486 4977 gratuiatoiia
1526 4910 1847 4980 petsolvuut
1887 4926 1985 4978 pro
2031 4907 2381 4963 subditormu
2418 4908 2596 4963 salute
2620 4948 2634 4972 ,
2662 4906 2809 4977 quod
2844 4906 3089 4974 ipsorutn
3126 4904 3315 4961 nullus
3365 4906 3421 4959 in
3468 4902 3729 4957 conﬂictu
3763 4902 4026 4959 obiissct.

712 4997 1050 5068 l‘iqutlorneu
1088 5001 1233 5052 enim
1274 4999 1558 5069 principes
1593 5011 1646 5054 et
1681 5015 1780 5055 sua
1818 5007 1872 5053 et
1907 4997 2231 5067 populorum
2285 5010 2451 5051 causa
2498 4995 2919 5065 augustioribus
2959 4995 3123 5051 donis
3158 4994 3411 5050 venerari
3445 4993 3633 5063 ,Deum
3665 4993 3886 5058 solent,
3920 4993 4029 5047 ali-

710 5089 840 5157 quid
880 5104 1097 5157 semper
1122 5104 1207 5149 ex
1242 5088 1548 5142 abundanti
1587 5089 1853 5142 addentes
1879 5130 1892 5151 ,
1927 5096 1981 5139 et
2018 5085 2272 5140 mamlata
2307 5096 2731 5156 exsuperantes.
2766 5085 2958 5153 Qualis
3007 5095 3126 5142 erat
3173 5086 3379 5140 Paulus
3420 5086 3513 5155 qui
3570 5086 3714 5139 ultra
3764 5085 3942 5155 legem
3975 5095 4031 5139 et

711 5176 1030 5230 mandatum
1065 5178 1293 5243 (Lhrtsti,
1347 5178 1557 5231 nullum
1589 5177 1809 5230 carnale
1839 5175 2122 5246 przemium
2159 5190 2187 5227 a
2221 5176 2303 5229 sui
2341 5174 2622 5246 Evangelii
2654 5176 2945 5245 discipulis
2977 5174 3345 5246 percipiebat,
3371 5189 3437 5229 ac
3470 5172 3831 5245 Evangelium
3865 5184 4029 5227 extra

711 5275 967 5335 sumptus
999 5266 1308 5336 depunebat
1342 5310 1355 5332 ,
1405 5268 1764 5337 quantumvis
1839 5264 2194 5334 livangelium
2242 5264 2409 5338 430
2458 5265 2919 5320 annuntiantibns
2969 5281 3033 5320 ex
3091 5264 3389 5335 Evangelio
3434 5265 3620 5319 vivere
3662 5263 4032 5335 przecepisset

708 5356 966 5412 Christus
992 5357 1052 5409 "‘.
1085 5356 1219 5412 ltem
1253 5374 1376 5411 cum
1416 5376 1521 5411 non
1560 5358 1788 5410 haberet
1822 5357 2066 5411 edictum
2099 5354 2304 5410 Christi
2337 5356 2405 5411 de
2438 5355 2784 5428 virginibus,
2834 5356 3143 5411 introduxit
3166 5396 3180 5421 ,
3229 5354 3375 5429 quod
3409 5354 3504 5425 qui
3536 5367 3762 5408 carnem
3803 5361 4028 5415 necant,

776 5580 1003 5636 Joau.
1056 5596 1139 5637 ιιι.
1182 5581 1235 5633 3.
1277 5587 1307 5614 ⁸
1378 5581 1420 5610 ⁹⁷
1465 5578 1653 5631 .‘dattlt.
1716 5594 1835 5642 ιιι,
1883 5577 1975 5633 29.
2086 5580 2130 5610 9'
2178 5578 2283 5633 lsa.
2335 5595 2461 5631 xxxi

2341 5594 2499 5641 xxxv,
2562 5577 2614 5630 8.
2718 5574 2810 5627 ν³1
2851 5576 2979 5629 Cor.
3045 5592 3138 5637 III,
3217 5576 3300 5628 iii.
3410 5572 3703 5626 ‘larliar.
3770 5588 3905 5633 xm.
3974 5575 4026 5626 l.

713 5658 730 5685 ’
769 5656 781 5705 Ι
815 5656 943 5708 ilor.
975 5670 1055 5711 ιιι,
1102 5654 1184 5707 IS.
1284 5654 1299 5679 ·¹
1340 5651 1485 5704 l'sai.
1522 5669 1645 5708 [κν.
1684 5652 1763 5702 ιιι.
1874 5652 1894 5678 ⁸
1940 5651 2081 5704 Psal.
2120 5666 2292 5714 sttt,
2330 5650 2395 5703 15

2342 5651 2415 5704 15.
2506 5652 2526 5679 ⁸⁵
2570 5647 2714 5702 l’sal.
2748 5665 2972 5703 usus.
3016 5648 3100 5699 ΓΙ.
3210 5650 3230 5675 ’ί
3273 5646 3437 5699 llebr.
3471 5644 3658 5714 H.359.
3776 5645 3797 5675 ⁷
3844 5645 4027 5698 Illor.

711 5746 781 5788 ιν,
818 5730 868 5781 3.
981 5727 1002 5755 "
1044 5727 1189 5790 Psal.
1253 5741 1409 5778 ruit.
1451 5723 1531 5774 Γ».
1654 5728 1671 5750 ν
1720 5723 1821 5774 lsa.
1865 5735 1980 5775 tiu.
2027 5724 2107 5777 Ν,
2227 5723 2268 5752 ¹⁰
2313 5721 2395 5776 .‘Ia

2344 5721 2506 5776 Iatth.
2544 5737 2672 5783 un,
2712 5722 2793 5775 lt.
2915 5723 2951 5751 "
3002 5718 3190 5775 ll‘etr.
3231 5736 3288 5775 ιι,
3332 5719 3385 5769 9.
3500 5720 3539 5746 ’³
3583 5713 3743 5769 Joan.
3779 5733 3901 5779 aut,
3939 5718 4028 5773 id.

711 5802 750 5839 *τ
791 5799 920 5860 Lttr.
961 5817 1072 5858 xu.
1123 5799 1201 5861 l7,
1250 5802 1327 5850 lfl.
1417 5798 1452 5824 "
1503 5797 1679 5847 ll'or.
1725 5794 1977 5857 t\,'2-!‘.'.
