4266 6446
324 410 432 470 ἱ-δῖ)
1418 403 1948 462 COMMENTARII
1984 403 2056 460 IN
2090 403 2475 461 NUMERUS.
3471 399 3575 458 885

321 517 671 588 splendidum
714 531 780 569 ac
830 519 1034 567 lautqu
1089 514 1140 566 in
1175 514 1399 566 Christo
1440 515 1640 564 donum
1694 508 2005 563 oti-arant".
2051 507 2114 561 Et
2159 509 2617 578 quemadmodum
2673 508 2726 558 in
2777 504 3133 556 tabernaculo
3175 505 3580 568 reponebantur

323 606 470 657 dona
506 603 712 662 oblala,
753 605 823 654 ita
858 601 1227 655 Ecclesiarum
1261 617 1392 668 ope.
1428 609 1738 650 sanctorum
1773 595 2130 663 gloriationes
2178 603 2488 664 perpetuam
2525 594 2666 660 apud
2721 592 2886 643 Deum
2924 597 3340 654 consequuntur
3372 607 3572 645 memo-

326 695 462 744 riazn
491 730 504 752 ,
540 707 603 744 ac
638 706 772 743 cura
821 690 1006 743 divina
1053 691 1265 757 seipsos
1298 688 1496 756 dignos
1526 686 1700 737 sancti
1735 680 2132 764 reddunt._Hoc
2164 682 2308 736 enim
2344 681 2447 733 sibi
2481 679 2611 731 illud
2645 679 2756 729 vult
2791 675 2933 744 quod
2968 674 3168 726 dicitur
3196 716 3210 736 ,
3250 691 3433 728 coram
3479 680 3573 730 Do.

323 781 475 832 mino
517 780 692 832 nosita
727 793 871 830 esse.

406 795 475 831 no
517 795 692 846 poSIta
727 795 871 830 esse.

395 865 500 916 Τοῦ
525 865 747 933 χρυσοῦ,
778 866 809 931 ὴ
839 865 934 932 μὲν
959 862 1056 922 ῦλη
1081 862 1341 931 κωμικὴ,
1369 864 1401 930 ἡ
1422 863 1478 915 δὲ
1510 864 1703 932 χρῆσις
1727 863 1888 914 πνεύ-
1921 863 1963 918 Α
2066 856 2080 908 Ι

1921 863 1963 918 Α
2066 856 2238 908 Porro
2282 852 2400 907 auri
2452 851 2672 919 quidem
2726 850 2952 902 materia
3007 849 3071 900 ad
3126 855 3374 900 ornatmn
3427 847 3579 901 fat-it.

325 962 529 1028 μστική
551 978 564 990 ·
601 961 852 1028 καθάπερ
887 964 981 1011 καὶ
1011 961 1116 1010 τῶν
1145 958 1352 1024 δώρων,
1385 959 1565 1019 sum
1599 958 1696 1025 μὲν
1718 960 1745 1009 ὁ
1770 978 1898 1028 χρυο

323 1055 435 1113 σος,
469 1051 530 1104 τὸ
558 1051 615 1103 δὲ
642 1053 699 1104 ὲν
733 1053 914 1114 αὐτοῖς
942 1047 1077 1113 εἶδος
1102 1050 1209 1103 ἀπὸ
1234 1051 1329 1118 τῆς
1357 1049 1550 1118 τέχνης
1570 1051 1665 1118 οὐχ
1693 1049 1895 1112 ὑλικὸν,

322 1142 463 1194 ἁ).λά
489 1141 581 1195 νοῦ
615 1142 844 1211 καρπός.

409 1320 815 1389 Ἀπογράέεται
839 1319 901 1371 τὰ
921 1320 1086 1389 δῶρα.
1112 1322 1190 1370 Δι’
1211 1313 1284 1374 ὦν
1313 1320 1419 1389 γὰρ
1448 1319 1901 1388 καρποφοροῦμεν

321 1417 397 1474 εἰς
450 1413 672 1481 ἀρετὴν.
709 1411 794 1463 διὰ
837 1411 1039 1463 τούτων
1083 1411 1531 1479 μνημονευόμεθα
1580 1412 1730 1478 παρὰ
1761 1410 1896 1478 Θεῷ.

319 1503 461 1554 υὺδὲ
494 1503 603 1570 γὰρ
636 1500 811 1562 ἄλλως
838 1500 1020 1566 τίμιον
1048 1501 1107 1550 τὸ
1138 1501 1323 1566 φυτὸν,
1350 1503 1397 1550 εἰ
1421 1500 1495 1568 μὴ
1520 1499 1608 1550 διὰ
1640 1499 1731 1550 τοῦ
1767 1517 1901 1567 καρο

320 1594 444 1646 ποῦ.
478 1594 729 1654 Τοιοῦτος
762 1595 788 1645 ὸ
820 1591 928 1644 τῶν
952 1592 1263 1644 ἀποστόλων
1299 1593 1527 1658 καρπὸς.
1558 1591 1631 1651 ὦς
1659 1592 1758 1642 πού
1793 1609 1896 1659 φη-

319 1700 437 1735 σιν⁸
476 1685 594 1736 Ἱνα.
645 1684 870 1751 γένηται
923 1686 954 1751 ἠ
1011 1685 1294 1751 προσφορᾶ
1324 1683 1430 1733 τῶν
1465 1682 1630 1734 ἐθνῶν
1663 1683 1895 1752 εὐπρόσ-

316 1776 527 1838 δεκτος,
563 1774 874 1844 ἡγιασμένη
907 1776 964 1826 ἑν
993 1773 1272 1842 Πνεύματι
1302 1774 1463 1843 ἁγίῳ.

395 1953 503 2005 Καὶ
524 1951 713 2019 κτήνη
733 1948 811 2022 ἦν
827 1952 1060 2017 πλῆθος
1089 1951 1213 2017 τοῖς
1235 1953 1382 2018 υΙοῖς
1409 1953 1660 2021 Ῥουσίμ.
1682 1956 1790 2024 Τὴν
1814 1958 1898 2008 att-

324 2048 448 2096 τίιν
485 2044 762 2113 πρόλεγει,
794 2044 859 2097 δι’
883 2045 947 2114 ἢν
989 2044 1088 2114 τῆς
1126 2043 1230 2110 ἔξω
1259 2045 1349 2096 τοῦ
1386 2045 1648 2115 Ἰορδάνου
1676 2048 1777 2116 γῆς
1806 2051 1900 2100 ἐπ-

320 2135 604 2204 εθύμησαν
626 2153 640 2168 ο
672 2136 769 2204 οὐχ
801 2136 874 2197 ὡς
905 2137 1191 2188 ἀπολιπεῖν
1223 2139 1595 2207 προῃρημένοι
1618 2139 1714 2202 τὰς
1738 2141 1900 2203 ἄλλας

323 2226 517 2292 φυλάς.
538 2227 595 2278 ’0
629 2226 686 2278 δὲ
709 2226 948 2294 Μωῦσῆς
972 2227 1330 2295 ἀνθρωπίνως
1349 2229 1528 2280 αὐτῶν
1552 2229 1782 2300 ἠγνόησε
1806 2231 1903 2300 τὴν

321 2318 586 2372 διάνοιαν.
620 2318 695 2370 Οὐ
740 2318 848 2386 γὰρ
892 2317 1070 2370 πάντα
1099 2319 1402 2387 προφήταις
1427 2320 1869 2375 ἀποκαλύπτεται
1890 2342 1903 2354 ·

323 2410 444 2462 ἀλλ’
472 2407 764 2474 ἀγνοοῦσιν
793 2407 904 2460 ἔσθ’
937 2408 1027 2461 ὅτε
1060 2409 1193 2478 πρὸς
1224 2411 1284 2461 τὸ
1313 2412 1784 2481 συμφέρον.”0οεν
1815 2415 1910 2466 αὐ-

321 2503 437 2562 τοῖς
474 2497 806 2568 ἐπετίμησεν
839 2497 1104 2567 ἀρχικῶς,
1137 2497 1229 2549 καὶ
1259 2496 1365 2549 τῶν
1398 2499 1524 2568 περὶ
1574 2497 1907 2569 ἀπειῦησάν-

323 2608 434 2643 των
473 2589 610 2660 πρὸς
643 2589 704 2641 τὺ
737 2588 812 2659 μὴ
841 2588 1102 2640 εἰσελθεῖν
1134 2590 1212 2652 εἰς
1245 2589 1342 2658 τὴν
1389 2590 1491 2658 γῆν
1541 2590 1639 2659 τῆς
1670 2593 1908 2659 ἐπαγγε-

325 2682 445 2741 Ma;
471 2680 805 2748 ὑπέμνησεν,
827 2673 915 2731 οἷα.
941 2678 1258 2732 πεπόνθασι.
1279 2680 1350 2730 Τὸ
1371 2679 1424 2731 δὲ
1448 2679 1670 2747 ἀκριϐὲς
1698 2682 1901 2749 μαθὼν,

326 2771 710 2840 συνεχώρησεν
740 2772 832 2822 ἐπὶ
859 2768 1152 2837 συνθήκαις
1177 2768 1269 2820 τοῦ
1300 2769 1658 2839 συμμαχῆσαι
1689 2775 1798 2834 τοῖς
1818 2772 1909 2826 ἄλο

324 2864 536 2925 λοις.“0
567 2863 661 2914 καὶ
692 2863 984 2922 δείκνυσιν,
1003 2860 1076 2922 ὡς
1102 2860 1236 2929 πρὸς
1259 2859 1319 2912 τὸ
1350 2861 1623 2930 συμφέρον
1649 2864 1902 2934 ἠγνόησε.

2003 965 2136 1003 usus
2169 958 2348 1000 autem
2401 943 2710 1012 spiritualis
2760 952 2867 1004 est,
2898 940 3354 1007 quemadmodum
3407 940 3581 992 dono-

2002 1054 2122 1092 rum
2154 1052 2372 1106 quoque
2402 1034 2627 1086 materia
2659 1047 2823 1085 aurea
2863 1042 2964 1091 est,
3002 1031 3168 1096 ﬁgura
3209 1040 3389 1084 autem
3415 1046 3578 1098 quam

2001 1131 2072 1183 ab
2117 1139 2233 1181 arte
2279 1125 2568 1195 acquisivit
2604 1141 2708 1176 non
2749 1122 3051 1175 ntaterialis
3088 1135 3201 1183 est,
3249 1123 3340 1176 sed
3382 1125 3580 1176 mentis

2004 1219 2240 1273 fluctus.

2077 1308 2470 1362 Describuntur
2509 1319 2635 1358 vero
2667 1305 2804 1355 dona
2837 1321 2850 1362 ;
2895 1321 2987 1370 per
3028 1317 3385 1368 quascunque
3433 1304 3576 1354 enim

2003 1401 2232 1454 virtutes
2267 1399 2499 1450 fructum
2535 1395 2785 1455 edimus,
2819 1410 2912 1462 per
2937 1396 3155 1447 easdem
3184 1409 3404 1461 quoque
3439 1394 3580 1442 rele-

2004 1493 2126 1544 bres
2183 1489 2323 1559 apud
2381 1488 2546 1540 Deum
2610 1487 2791 1538 ﬁmus.
2857 1483 2973 1536 Non
3020 1487 3164 1535 enim
3216 1485 3318 1536 alia
3373 1484 3582 1535 ratione

2002 1600 2159 1648 quam
2210 1580 2390 1634 fructu
2436 1580 2487 1630 in
2554 1577 2971 1630 aestimationem
3021 1578 3200 1639 planta
3236 1583 3407 1626 venit.
3437 1571 3585 1624 Talis

2003 1673 2375 1740 apostolorum
2428 1669 2528 1722 fuit
2577 1666 2830 1726 fructus,
2867 1665 3332 1734 quemadmodum
3381 1665 3582 1715 alicubi

2003 1764 2295 1830 Apostolus
2330 1760 2570 1828 inquit"
2603 1776 2614 1810 :
2645 1757 2972 1826 ljtgentinm
3025 1757 3228 1807 oblatio
3279 1762 3502 1822 accepta
3531 1764 3584 1804 et

2003 1855 2339 1911 Sanctiﬁrala
2379 1856 2429 1906 in
2465 1854 2671 1921 Spiritu
2717 1860 2908 1905 sancto
2940 1854 3052 1902 liat.

2079 1947 2141 2001 Et
2164 1963 2404 2013 pecorum
2429 1961 2620 2013 umgna
2641 1955 2755 1996 erat
2775 1943 2923 2008 copia
2948 1940 3076 2008 [iliis
3099 1938 3298 1991 Ruben.
3344 1934 3580 2008 [ΧΧΧΙΙ.

2008 2038 2080 2110 1.]
2113 2039 2342 2091 Causam
2381 2037 2451 2089 ob
2491 2051 2653 2103 quam
2690 2043 2891 2086 terram
2925 2032 3005 2085 cis
3031 2030 3328 2084 Jordauem
3380 2030 3587 2096 appeti-

2004 2137 2219 2190 verunt,
2259 2127 2506 2197 praeﬁgit.
2541 2126 2693 2191 Quod
2729 2124 2983 2179 videlicet
3015 2138 3120 2176 non
3152 2122 3497 2174 induxissent
3531 2125 3582 2174 in

2007 2222 2250 2273 animum
2293 2220 2531 2286 reliquas
2579 2217 2759 2270 trilms
2791 2216 3069 2269 deserere.
3105 2216 3172 2266 At
3219 2213 3395 2266 Moses
3439 2215 3586 2280 ipso-

2007 2327 2124 2364 rum
2147 2311 2440 2364 consilium
2467 2308 2785 2360 humanitns
2809 2306 3103 2375 ignoravit,
3135 2307 3276 2359 sicut
3306 2305 3586 2373 prophetis

2008 2419 2113 2456 non
2145 2404 2327 2456 oumia
2359 2403 2693 2464 revelantur,
2733 2399 2825 2455 sed
2859 2415 2964 2453 non
3007 2401 3124 2452 sine
3162 2400 3348 2467 aliquo
3372 2398 3584 2450 etno|u~

2009 2505 2195 2549 mento
2245 2494 2544 2563 aliquando
2594 2495 2862 2565 ignorant.
2917 2491 3261 2561 Quapropter
3311 2506 3407 2545 eos
3446 2492 3584 2544 satis

2011 2590 2301 2656 imperiose
2333 2589 2654 2658 increpavit,
2685 2596 2735 2639 et
2767 2602 2956 2640 eorum
2986 2588 3079 2654 qui
3115 2587 3263 2654 prius
3294 2587 3345 2638 in
3379 2593 3581 2638 terram

2014 2681 2398 2750 promissionis
2438 2680 2649 2749 ingredi
2690 2681 3038 2736 recusabant,
3074 2677 3396 2729 memoriam
3423 2675 3582 2730 refri-

2013 2773 2194 2833 cavit,
2227 2782 2280 2825 et
2319 2782 2521 2839 quanta
2565 2771 2922 2840 pertulerint,
2969 2770 3247 2822 indicavit.
3277 2767 3414 2821 Cum
3459 2783 3586 2819 vero

2016 2881 2128 2919 rem
2171 2865 2409 2932 penitius
2445 2864 2815 2931 cognovisset,
2843 2861 2944 2915 ﬁde
2974 2862 3257 2914 societatis
3292 2862 3498 2913 bellica:
3519 2862 3586 2913 ab

2011 2958 2144 3024 ipsis
2178 2958 2470 3024 postulata,
2501 2958 2640 3010 votis
2672 2970 2861 3011 eorum
2896 2956 3107 3009 annuit.
3142 2953 3295 3019 Quod
3330 2968 3462 3007 sane
3485 2968 3587 3007 ar-

2010 3049 2127 3118 guit
2166 3051 2342 3116 ipsum
2376 3049 2440 3101 ad
2485 3049 2775 3100 utilitatem
2808 3049 3111 3116 ignorasse.

399 3157 564 3226 Atqui
597 3157 782 3210 omnia
808 3155 872 3210 ad
907 3155 1074 3208 Deum
1099 3155 1503 3215 accommodat,
1533 3169 1596 3208 ac
1624 3155 1986 3211 deiectionem
2019 3171 2302 3228 peccatqu
2335 3170 2526 3214 contra
2562 3159 2851 3214 Dominum
2885 3168 3069 3220 vocat,
3095 3168 3148 3212 et
3180 3157 3584 3225 possessionem

329 3245 466 3314 ipsis
500 3243 821 3298 tradendam
848 3283 861 3304 .
895 3258 1083 3297 coram
1116 3241 1345 3295 Domino
1381 3244 1640 3296 traditum
1680 3244 1744 3298 iri
1781 3247 1931 3300 dicit.
1963 3247 2098 3301 Cum
2135 3250 2278 3303 enim
2313 3250 2534 3319 pietatis
2569 3265 2631 3302 ac
2669 3248 2949 3318 religionis
2979 3249 3050 3300 sit
3083 3250 3362 3314 magister,
3397 3261 3587 3300 omnes

326 3348 464 3386 suas
517 3331 688 3385 animi
726 3331 872 3384 vires
922 3329 1125 3397 ubique
1161 3329 1216 3382 in
1257 3327 1424 3383 Deum
1457 3329 1726 3395 intendit,
1776 3340 1827 3384 ct
1875 3336 2133 3402 populum
2171 3337 2222 3389 in
2254 3334 2606 3388 concordiam
2651 3335 2868 3404 redigit.
2902 3333 3248 3402 Quapropter
3296 3348 3417 3386 cum
3472 3348 3585 3387 rem

328 3434 492 3474 suam
522 3429 828 3486 promotam
856 3434 980 3472 esse
1014 3415 1297 3478 viderent,
1332 3417 1600 3470 instructa
1631 3420 1748 3471 acie
1775 3417 2072 3477 Jordanem
2102 3425 2532 3493 pertransituros
2562 3438 2621 3477 se
2650 3437 2772 3477 esse
2804 3421 3076 3491 recipiunt
3099 3459 3113 3482 ,
3159 3435 3222 3474 ac
3258 3421 3500 3474 indicant
3533 3420 3584 3471 in

326 3507 510 3562 oculis
542 3506 757 3560 Domini
797 3509 1081 3577 ipsiusque
1139 3505 1402 3573 auspiciis
1439 3506 1538 3560 hoc
1567 3508 1766 3560 bellum
1807 3508 1942 3565 fore.

401 3619 495 3689 Τῷ
527 3618 702 3687 Ἰησοῦ
731 3619 924 3686 καὶτῷ
955 3620 1200 3688 ἀρχιερεῖ
1229 3621 1355 3689 περὶ
1387 3619 1562 3670 αὐτῶν
1594 3622 1913 3684 ἐνετείλατο,
1944 3612 1988 3671 C

1902 3662 1913 3684 ,
1944 3612 1988 3671 C
2087 3619 2352 3674 Caeterum
2399 3619 2564 3676 Josue
2611 3629 2664 3675 et
2715 3619 2953 3690 pontillci
3000 3618 3067 3670 de
3112 3617 3243 3684 ipsis
3289 3615 3587 3680 Iuandavit,

326 3714 404 3774 ὡς
428 3712 615 3782 ἄρχων
641 3711 865 3778 ἀγαθὸς,
901 3715 994 3763 καὶ
1022 3711 1094 3781 μὴ
1120 3711 1211 3764 τοῦ
1246 3713 1436 3780 χρόνου
1468 3713 1627 3781 μόνον
1657 3713 1748 3766 τοῦ
1782 3714 1913 3768 καθ’

1902 3717 1913 3734 ‘
2023 3712 2147 3765 boni
2193 3713 2410 3767 iunctus
2455 3714 2632 3767 ol‘ﬁcio
2683 3715 2965 3784 principis,
3004 3714 3095 3782 qui
3140 3725 3249 3764 non
3281 3718 3488 3761 tantum
3521 3710 3587 3760 ad

328 3803 527 3858 ἑαυτὸν
559 3802 976 3873 προνοούμενος.

2021 3821 2078 3860 se
2107 3815 2160 3860 et
2187 3822 2283 3858 sua
2311 3807 2524 3875 negotia
2561 3817 2789 3874 spectat.

401 3916 639 3982 Quidam
669 3930 802 3970 vero
827 3915 1075 3977 tradunt.
1117 3915 1262 3985 quod
1291 3917 1360 3971 ob
1395 3917 1700 3986 pan-tionem
1735 3926 1943 3987 quanta
1974 3919 2082 3972 illis
2113 3921 2278 3974 cessit
2302 3958 2317 3982 ,
2356 3931 2848 3991 quantumcunque
2880 3921 3099 3987 pascuis
3136 3936 3416 3990 pecorum,
3454 3935 3590 3974 uxo-

329 4007 488 4059 ribus
518 4005 646 4058 item
679 4020 745 4058 ac
774 4006 965 4060 liberis
1006 4005 1202 4058 idonea
1227 4007 1343 4059 visa
1374 4016 1543 4068 esset,
1571 4002 1865 4060 Jordanein
1903 4022 2246 4076 nequaquam
2277 4009 2640 4074 trajecissent,
2668 4024 2768 4061 nec
2799 4016 3025 4062 eatenus
3049 4010 3270 4078 quidem
3302 4019 3359 4063 ut
3386 4008 3590 4062 bellum

329 4108 393 4143 av
433 4090 684 4158 pmlium
721 4090 1049 4159 conspicere
1097 4099 1361 4159 possent,
1395 4107 1517 4144 cum
1553 4090 1664 4159 jam
1700 4091 1754 4144 in
1799 4093 2079 4147 consortio
2106 4094 2293 4163 gloriae
2331 4095 2563 4148 aliorum
2599 4096 2874 4149 steterint.
2914 4094 3112 4148 Verum
3172 4096 3585 4150 obseruudasse

334 4179 472 4232 Mosi
507 4181 636 4247 quia
671 4178 1027 4231 minitaretur
1064 4179 1190 4232 belli
1223 4180 1447 4245 quidem
1477 4187 1761 4232 consortes
1795 4177 2010 4232 futuros
2035 4220 2050 4242 ,
2097 4181 2249 4248 atqui
2301 4191 2461 4235 terrte
2506 4189 2711 4234 sancire
2743 4197 2848 4233 non
2887 4182 3203 4249 participes.
3245 4179 3339 4233 llis
3375 4182 3587 4236 similes

333 4267 588 4320 nonnulli
622 4274 793 4328 sunt,
827 4264 920 4333 qui
953 4265 1102 4320 curis
1132 4265 1300 4333 hujus
1337 4267 1460 4319 vita':
1495 4265 1662 4329 victi,
1699 4266 1883 4320 studio
1909 4281 2036 4336 erga
2065 4265 2231 4320 Deum
2258 4267 2692 4337 elanguescunt:
2734 4286 2752 4318 ι
2785 4267 2934 4321 Multi
2973 4269 3119 4320 enim
3165 4269 3338 4320 vocati
3368 4307 3382 4332 ,
3435 4269 3596 4336 pauti

332 4370 468 4408 vero
498 4353 657 4409 electi
679 4353 741 4408 ".
774 4372 790 4403 ι
832 4351 944 4407 Etsi
976 4354 1123 4408 enim
1166 4354 1344 4406 vocati
1383 4353 1446 4405 ad
1484 4352 1640 4406 ﬁdem
1710 4353 1911 4405 iuerint
1936 4394 1950 4417 ,
1995 4366 2214 4423 propter
2245 4356 2551 4424 voluptates
2586 4355 2638 4407 in
2673 4357 2968 4423 probormo
3013 4370 3243 4408 numero
3275 4371 3591 4423 permanere

331 4445 554 4496 nolunt.
585 4441 662 4494 Ac
693 4442 758 4492 ad
793 4441 965 4508 ipsam
1003 4440 1224 4508 quidem
1261 4441 1514 4508 baptismi
1550 4441 1782 4508 gratiam
1816 4442 1959 4494 lento
1993 4458 2184 4511 gressu
2221 4444 2512 4505 accedunt,
2540 4454 2746 4512 quanto
2777 4445 3004 4497 lentiore
3042 4459 3171 4496 vero
3217 4444 3282 4496 ad
3335 4459 3588 4512 persecu-

331 4534 538 4584 tionem
565 4569 581 4594 ,
630 4529 676 4582 si
725 4545 851 4583 cum
889 4528 1013 4583 aliis
1047 4529 1254 4583 sanctis
1283 4544 1345 4582 ea
1382 4528 1683 4596 aliquando
1716 4529 2035 4594 perferenda
2079 4531 2186 4582 sit!
2223 4529 2380 4598 Legis
2403 4547 2532 4584 vero
2564 4533 2762 4584 divinae
2792 4531 3057 4585 comit-iis
3103 4532 3294 4584 saltem
3346 4533 3592 4609 excitati,

330 4622 525 4688 itaque
557 4617 739 4670 divina
776 4617 1074 4684 aliquando
1103 4616 1378 4679 exterriti,
1413 4617 1717 4670 mediocres
1759 4630 1822 4667 ac
1851 4616 1996 4670 leves
2037 4618 2314 4686 attingunt
2349 4619 2563 4672 labores
2587 4658 2602 4680 ,
2637 4635 2757 4669 ('utn
2793 4620 3110 4684 proceribus
3146 4617 3285 4670 forte
3313 4619 3589 4690 jejunant‘

328 4707 635 4778 aliquando
677 4708 817 4760 bello
855 4708 1040 4775 petitis
1077 4705 1338 4760 Ecclesiis
1372 4720 1466 4758 eos
1498 4709 1845 4769 aemulantur,
1879 4720 2156 4771 nunquam
2187 4706 2364 4758 adhuc
2397 4709 2642 4774 persuasi
2692 4716 2748 4757 ut
2797 4723 2882 4758 res
2909 4705 3093 4758 mundi
3130 4705 3296 4773 hujus
3328 4716 3589 4759 contem—

332 4805 492 4858 nant,
525 4797 619 4850 sed
657 4795 891 4848 subinde
921 4793 987 4846 ad
1023 4809 1152 4847 suas
1186 4808 1320 4860 opes
1350 4803 1718 4854 revertuntur,
1757 4804 2113 4858 tcrrenasque
2168 4792 2477 4861 voluptates
2508 4801 2561 4846 et
2588 4793 2800 4860 lepores
2842 4794 3269 4857 amplectuntur.
3303 4792 3483 4856 Quare
3507 4795 3592 4845 di-

339 4884 578 4950 scipulis
614 4882 731 4936 suis
766 4881 1022 4935 Christus
1057 4881 1340 4948 praecipit:
1378 4898 1396 4930 ι
1429 4881 1707 4933 Attendite
1729 4895 1796 4932 ne
1828 4889 2124 4933 oucrentur
2155 4880 2320 4932 corda
2356 4889 2531 4934 vestra
2565 4881 2714 4933 curis
2742 4890 2793 4933 et
2824 4881 3118 4948 angoribus
3148 4880 3309 4947 hujus
3341 4881 3459 4932 vitae
3483 4880 3541 4933 ιθ.
3572 4899 3588 4929 ι

331 4972 410 5022 Ac
448 4970 646 5022 horum
674 4967 897 5036 quidem
932 4976 1116 5037 typum
1154 4965 1454 5034 praeierunt
1481 4965 1672 5019 ltuben
1699 4975 1752 5020 et
1783 4964 1896 5019 Gad
1926 5005 1939 5028 ,
1973 4965 2063 5019 ille
2093 4968 2310 5034 quidem
2346 4967 2738 5037 primogenitus
2768 5009 2780 5031 ,
2835 4969 2920 5020 hic
2968 4983 3096 5020 vero
3129 4969 3343 5020 ancillae
3379 4965 3596 5035 Zelpha:

332 5057 502 5110 iilius.
540 5053 631 5110 Isti
660 5056 866 5109 etenim
907 5055 1251 5124 priinogeniti
1296 5062 1425 5107 sunt
1455 5069 1548 5121 per
1581 5052 1776 5117 Iidem;
1808 5051 2051 5108 Ecclesia
2079 5058 2224 5108 enim
2253 5065 2335 5110 est
2369 5058 2866 5125 primogenitorum
2897 5057 3298 5126 descriptorum
3332 5059 3382 5108 in
3415 5057 3592 5119 cmlis,

331 5143 429 5209 qui
460 5144 721 5196 eximiam
754 5141 899 5211 apud
933 5141 1099 5197 Deum
1133 5151 1336 5196 sortem
1374 5150 1500 5194 sunt
1539 5142 1740 5204 soniti,
1793 5150 2062 5210 quatenus
2092 5143 2341 5195 videlicet
2375 5142 2441 5196 ad
2473 5146 2703 5212 gratiam
2736 5145 2948 5206 attinet,
2985 5159 3092 5196 non
3128 5152 3306 5196 autem
3345 5151 3474 5196 sunt
3511 5145 3592 5196 in-

331 5232 495 5299 genui
549 5245 612 5282 ac
639 5231 910 5283 libertatis
940 5239 1236 5293 amatores,
1280 5243 1404 5282 cum
1438 5227 1823 5282 alIeclionibus
1861 5230 2214 5283 ancillentur.
2244 5227 2342 5284 Hic
2376 5232 2580 5300 aliquis
2615 5231 2854 5297 objicere
2886 5232 3093 5300 possit,
3126 5229 3346 5284 Israelis
3378 5245 3593 5297 quoque

331 5319 786 5387 primogenitum,
819 5331 990 5385 genus
1021 5318 1334 5382 pecuinum,
1370 5317 1526 5377 rude,
1559 5329 1621 5366 ac
1656 5315 1919 5368 illiberale
1941 5316 2179 5370 Jordane
2209 5315 2374 5370 ilnvio
2405 5318 2585 5370 dirimi
2622 5320 2880 5370 maluisse
2899 5335 2957 5367 ιιι·
2997 5319 3258 5384 separari,
3290 5331 3390 5369 nec
3426 5318 3593 5385 parti-

328 5419 523 5472 cipare
558 5413 716 5458 terra:
737 5406 788 5455 in
821 5419 928 5472 qua
956 5401 1046 5455 Dei
1079 5411 1133 5455 et
1161 5406 1304 5456 :rdes
1335 5411 1386 5454 et
1413 5402 1592 5456 cultus
1623 5403 1743 5464 l'uit,
1765 5403 2018 5471 quamvis
2050 5403 2116 5454 ad
2151 5419 2268 5456 eam
2295 5415 2545 5456 vocatum
2576 5410 2740 5466 esset,
2765 5403 3036 5472 simulque
3059 5404 3351 5456 deduxisse
3382 5418 3476 5456 eos
3502 5403 3592 5470 qui

332 5493 521 5544 verbis
557 5493 692 5561 legis
721 5491 1102 5545 crediderunt.
1124 5489 1394 5544 Caeterum
1427 5490 1817 5559 procrastinau
1851 5497 2000 5552 sunt,
2031 5489 2171 5544 alios
2201 5490 2421 5558 quidem
2456 5491 2688 5544 dicendo
2725 5510 2737 5544 ;
2778 5489 2957 5560 5.31
3007 5509 3024 5540 ι
3063 5493 3266 5558 Agrum
3296 5491 3425 5552 emi,
3455 5489 3593 5543 alius

333 5593 492 5636 vero.
519 5577 760 5631 Uxorem
792 5578 1007 5640 duxi",
1046 5595 1062 5628 ι
1095 5585 1147 5631 et
1182 5592 1303 5645 qua:
1334 5578 1610 5644 deinceps.
1655 5577 1922 5639 Quocirca
1956 5594 2060 5630 tton
2098 5578 2393 5631 deveniunt
2431 5579 2481 5631 in
2517 5579 2816 5631 amicitiam
2853 5578 3064 5631 Domini
3100 5578 3364 5631 dicentis:
3391 5575 3594 5632 Servus

331 5679 445 5719 non
485 5667 634 5718 novit
663 5666 795 5734 quid
840 5666 1004 5719 faciat
1038 5667 1201 5720 herus
1232 5665 1404 5733 ipsius
1427 5706 1439 5727 ,
1478 5681 1572 5718 vos
1606 5676 1786 5717 autem
1819 5665 2026 5717 amicos
2066 5665 2250 5717 vocavi
2279 5682 2290 5729 ;
2331 5666 2508 5716 omnia
2541 5682 2658 5733 qua:
2687 5684 2713 5716 ιι
2739 5665 2895 5718 l’atre
2926 5680 3044 5718 meo
3079 5665 3261 5717 auditi
3296 5666 3452 5720 vobs
3490 5668 3589 5720 lcci

411 5808 450 5835 "
497 5805 672 5858 liiot.
706 5820 798 5870 vn,
833 5805 919 5858 Elii.
1006 5805 1047 5833 ’⁸
1089 5804 1241 5857 limo.
1284 5819 1369 5868 υ,
1413 5803 1492 5858 lii.
1575 5803 1830 5857 “Matth.
1867 5820 1997 5867 ιλιι,
2039 5802 2116 5856 li.
2201 5804 2238 5831 "‘
2267 5800 2396 5855 Lui.
2437 5820 2541 5864 χχι,
2581 5803 2662 5856 3i.
2747 5804 2783 5828 "
2831 5801 2957 5856 Lor.
2988 5816 3088 5857 λιν.
3136 5800 3309 5853 lli-9”.
