4266 6446
711 383 806 443 τοι

2045 383 2393 441 ιιιιυαοινιι
2430 380 2671 441 ϋΑΖπΕί

3868 375 3968 436 892

711 503 835 538 tum
866 485 1070 538 Israele
1105 486 1352 539 habituri
1380 489 1507 546 sint,
1547 488 1824 554 pnebens.
1868 490 2034 558 Atqui
2069 489 2408 558 refugioruin
2451 489 2754 541 multitudo
2814 490 2960 541 hunc
3010 489 3168 540 tinem
3205 485 3548 552 propositum
3596 484 3785 546 habet,
3827 492 3882 534 ut
3916 484 3969 537 in

715 571 1057 641 longitudine
1090 573 1303 622 viarum
1338 571 1666 631 homicidas,
1707 588 1775 625 ne
1807 576 1861 626 in
1909 583 2269 644 cognatorum
2315 590 2508 629 manus
2543 575 2811 634 incidant,
2847 575 3118 628 sublevet.
3156 572 3312 625 Sicut
3353 571 3506 624 clare
3539 572 3590 622 in
3626 569 3974 623 Deuterono-

716 660 826 710 inio
863 667 1064 711 exstat.
1121 657 1322 709 Verum
1368 661 1652 712 enimvero
1711 662 1911 714 caedem
1995 673 2359 730 spontaneam
2413 677 2441 712 a
2504 677 2610 714 non
2669 669 2970 728 spontauea
3041 661 3187 711 notis
3235 673 3298 710 ac
3348 658 3522 722 signis
3566 656 3849 716 distimil.
3905 673 3972 710 ne

715 761 815 812 pro
844 768 849 775 -
878 755 1028 812 ptum
1065 745 1240 797 cuivis
1270 755 1413 797 esset
1467 747 1651 800 dicvre
1684 766 1694 798 :
1750 750 1959 802 Invitus
1996 750 2122 812 feci,
2172 765 2284 818 quo
2329 748 2495 801 simul
2550 747 2832 800 hominum
2872 746 3199 798 immodicos
3255 754 3447 804 :estus.
3479 745 3684 811 quilms
3735 743 3972 818 insidias

714 833 946 884 ca-dium
983 833 1190 899 lugent,
1213 833 1386 886 sedat.
1410 832 1464 884 Si
1493 854 1534 880 ι·-
1591 855 1636 884 ιιι
1665 837 1835 889 telum
1860 839 2123 890 emissum
2157 815 2221 890 ad
2247 835 2448 888 eaedem
2486 835 2744 886 idoneum
2799 832 2983 894 fuerit,
3009 842 3315 900 spontanea
3349 833 3528 884 caedes
3566 831 3681 884 hate
3712 815 3818 882 est.
3854 829 3972 882 Non

717 921 1018 971 absurdum
1055 934 1186 969 vero
1216 921 1319 970 erit
1361 922 1404 971 si
1436 930 1690 986 putemus
1723 939 1817 976 eos
1852 940 2073 992 quoque
2114 940 2228 977 sua:
2259 924 2432 991 ipsius
2457 922 2654 972 anima:
2685 935 2922 973 caasores
2955 919 3215 986 esse.qui
3248 919 3489 986 peccatis
3525 934 3647 971 sese
3699 918 3974 969 obnoxios

719 1008 954 1064 faciunt.
981 1007 1034 1058 in
1067 1007 1332 1058 offensam
1378 1006 1469 1059 Dei
1519 1010 1565 1058 vi
1609 1021 1797 1060 contra
1832 1012 2032 1064 mentis
2062 1012 2380 1065 instinctum
2420 1023 2540 1062 sese
2572 1008 2932 1068 adducentes,
2963 1005 3123 1075 433
3174 1007 3334 1073 idque
3364 1018 3572 1058 natura!
3607 1014 3809 1057 nostrm
3843 1020 3972 1071 par-

720 1097 814 1144 tim
845 1096 999 1152 vitio,
1027 1108 1146 1160 qua:
1175 1103 1413 1145 mentem
1452 1095 1688 1146 hominis
1725 1098 1794 1147 ab
1829 1099 2054 1150 ineunte
2089 1101 2274 1152 statim
2319 1108 2480 1152 :etate
2528 1098 3109 1165 conmipiscentiarum
3161 1097 3377 1165 legibus
3415 1098 3554 1163 regit
3590 1105 3642 1149 et
3675 1097 3969 1163 gubernat.

717 1181 1064 1246 Quapropter
1122 1181 1324 1233 misera
1365 1181 1604 1232 hominis
1640 1184 1818 1234 anima
1854 1185 1994 1252 fugre
2042 1202 2105 1237 ex
2153 1185 2357 1238 mundo
2388 1194 2443 1239 et
2475 1200 2711 1251 corpore
2763 1198 2979 1252 pinnam
3018 1185 3276 1244 sustinet,
3328 1198 3492 1251 quam
3529 1182 3660 1234 facit
3695 1184 3748 1233 iu
3782 1183 3972 1234 urbem

721 1267 939 1332 ivfogii,
971 1283 1073 1319 ceu
1107 1283 1231 1318 cum
1275 1267 1430 1331 longa
1461 1276 1708 1334 tempora
1745 1271 1939 1322 mortis
1989 1271 2173 1323 abdita
2215 1272 2536 1331 incoluerit,
2570 1273 2658 1323 vix
2696 1273 2915 1323 tandem
2951 1271 3176 1323 liberata
3202 1272 3412 1323 Christi
3445 1271 3630 1339 magni
3661 1269 3975 1322 sacerdotis

719 1362 913 1405 morte.
936 1353 1038 1416 Qui
1074 1369 1197 1404 cum
1225 1351 1362 1403 infra
1399 1365 1565 1412 esset,
1599 1353 1811 1407 dimisit
1846 1356 2144 1423 inquiens:
2183 1377 2198 1407 ι
2237 1359 2608 1426 Iigredimini;
2642 1367 2696 1411 et
2721 1357 2899 1425 iisqui
2933 1357 3251 1410 intenebris
3283 1366 3441 1409 erant
3470 1355 3841 1410 :lievelamini
3870 1358 3969 1407 ⁸⁸.»

721 1439 821 1499 Qui
875 1442 1052 1504 i'eipsa
1097 1455 1331 1504 magnus
1379 1441 1624 1506 pontifex
1686 1452 1792 1501 est,
1847 1443 2004 1508 juxta
2044 1445 2218 1496 illud:
2260 1464 2275 1492 ι
2306 1445 2425 1513 Ipse
2459 1446 2564 1496 erit
2618 1459 2875 1510 magnus.
2914 1452 2968 1496 et
3005 1443 3178 1497 Filius
3233 1443 3486 1512 Supremi
3541 1442 3915 1495 vocabitur".
3953 1463 3969 1493 ι

721 1528 871 1578 Alias
903 1526 1046 1577 enim
1080 1537 1279 1593 prreti-r
1311 1528 1576 1577 rationem
1610 1536 1715 1586 est,
1747 1537 1806 1578 ut
1834 1545 1939 1580 non
1965 1529 2277 1581 dimittatur
2307 1545 2436 1585 reus
2461 1532 2565 1583 nisi
2589 1541 2842 1582 mortuus
2873 1531 2944 1583 sit
2969 1531 3060 1583 ille
3089 1545 3257 1598 penes
3274 1546 3434 1598 quem
3459 1539 3702 1598 potestas
3736 1531 3976 1581 interce—

721 1613 881 1663 deudi
915 1620 1020 1671 est.
1059 1612 1481 1663 convenientius
1521 1613 1664 1664 enim
1705 1622 1811 1675 est,
1838 1625 1896 1665 ut
1937 1616 2080 1666 vivat
2112 1631 2175 1667 ac
2220 1616 2567 1683 deprecetur.
2594 1616 2796 1670 Verum
2831 1619 2949 1685 ipsa
2976 1633 3196 1685 quoque
3215 1617 3444 1670 emissio
3474 1632 3581 1669 non
3609 1616 3838 1684 :equalis
3867 1627 3972 1674 est.

722 1716 848 1752 cum
886 1704 1028 1753 alius
1067 1701 1298 1763 dudum,
1337 1702 1479 1753 alius
1510 1717 1680 1769 nuper
1713 1701 1934 1769 fugerit,
1963 1705 2423 1771 quemadmodum
2455 1704 2614 1758 inferi
2644 1721 2869 1772 quoque
2900 1707 3043 1758 alios
3069 1706 3286 1772 longius
3326 1705 3465 1758 alios
3503 1703 3726 1757 brevius
3759 1711 3978 1770 tempus

727 1797 1046 1841 tenuerunt.
1080 1786 1296 1851 Quibus
1347 1790 1610 1840 omnibus
1638 1788 1846 1842 Christi
1883 1789 2144 1843 subvenit
2196 1794 2462 1859 potentia,
2494 1807 2702 1861 eosque
2756 1793 2994 1845 vinculis
3035 1792 3312 1846 liberavit.
3351 1791 3688 1844 lntercessio
3740 1791 3889 1843 enim
3915 1803 3977 1841 ea

723 1875 829 1927 fuit
861 1876 1095 1926 maxima
1132 1892 1250 1942 qme
1280 1891 1376 1941 pro
1410 1878 1590 1927 salute
1617 1877 1922 1928 extorrium
1955 1876 2097 1929 facta
2130 1887 2241 1941 est,
2265 1877 2488 1948 quando
2523 1880 2782 1932 videlicet
2815 1897 2841 1930 a
2875 1879 3136 1948 paradiso
3169 1878 3427 1931 Christus
3462 1877 3634 1937 venit.
3657 1886 3711 1929 et
3743 1891 3771 1929 ει
3808 1885 3982 1929 morte

721 1962 971 2014 exsulem
1005 1964 1245 2014 reduxit.
1285 1960 1400 2013 Non
1437 1963 1703 2028 permittit
1736 1977 1866 2014 vero
1913 1979 2142 2016 munera
2175 1968 2459 2033 accipere,
2504 1983 2682 2035 neque
2731 1983 2830 2035 pio
2870 1967 3201 2018 diutis-sione
3237 1967 3335 2026 rei.
3369 1981 3550 2034 neque
3583 1979 3682 2034 pro
3720 1963 3844 2032 fuga
3882 1962 3983 2015 ho—

726 2051 936 2102 micida:
975 2066 1079 2102 non
1117 2050 1429 2118 spontam-i.
1465 2047 1666 2100 Eadem
1697 2051 1844 2102 enim
1877 2053 2106 2104 intentio
2132 2061 2216 2107 est
2238 2053 2382 2122 ejus.
2406 2056 2550 2124 quod
2585 2057 2734 2107 illum
2769 2062 3026 2124 oporteat
3062 2054 3224 2116 mori,
3259 2063 3313 2106 et
3341 2052 3462 2122 ejus
3492 2052 3641 2121 quod
3689 2052 3835 2104 hunc
3872 2064 3984 2103 non

727 2140 890 2188 liceat
923 2153 1152 2190 munera
1182 2148 1408 2204 propter
1448 2135 1713 2205 effugere.

797 2249 1269 2302 Scribiturautem
1303 2254 1353 2303 in
1380 2251 1659 2302 nonnullis
1695 2252 2124 2319 exemplaribus,
2149 2272 2166 2302 ι
2188 2268 2296 2306 non
2329 2247 2374 2301 Α
2476 2255 2482 2305 1

2293 2277 2296 2305 ι
2329 2247 2374 2301 Α
2476 2255 2748 2323 Γράφεται
2781 2255 2889 2306 τῶν
2919 2254 3270 2322 ἀντιγράφων
3288 2254 3344 2303 ὲν
3361 2252 3546 2315 ἐνίοις,
3575 2269 3592 2301 ε
3624 2248 3699 2319 μὴ
3719 2248 3933 2316 φυγεῖν.
3961 2265 3978 2296 ι

725 2343 985 2410 cll'ugere.
1017 2363 1034 2394 ι
1062 2353 1118 2397 ιιι
1144 2346 1214 2397 sit
1234 2360 1456 2396 sensus:
1483 2359 1589 2396 non
1613 2344 1876 2397 sumenda
1899 2359 2020 2399 esse
2049 2361 2300 2410 munera,

730 2445 785 2488 ut
834 2437 887 2489 in
934 2451 1033 2490 sua
1095 2446 1237 2489 terra
1289 2435 1561 2499 habitare,
1630 2451 1807 2504 neque
1869 2434 2055 2505 fugere
2109 2451 2306 2491 conce-

727 2529 909 2582 datur.

2411 2344 2631 2420 ’1ναῇ·
2666 2347 2754 2416 Μὴ
2783 2348 2890 2399 δεῖν
2941 2347 3123 2398 λαοείν
3191 2344 3339 2415 δῶρα
3389 2346 3482 2396 ἐπὶ
3552 2343 3630 2412 τῷ
3694 2358 3988 2413 συγχωρη-

2413 2439 2568 2509 Θῆναι
2598 2439 2695 2508 τὴν
2723 2440 2930 2492 οἰκείαν
2952 2440 3168 2510 οἰκῆσαι
3199 2439 3324 2508 γῆν,
3359 2438 3454 2490 καὶ
3489 2436 3563 2505 μὴ
3597 2436 3811 2504 φυγεῖν.

802 2641 870 2694 Et
923 2661 1026 2697 non
1083 2644 1453 2698 contaminatis
1494 2653 1692 2698 terram
1742 2645 1902 2698 cwdc.
1941 2640 2183 2711 [XXXV],
2209 2641 2328 2714 33.]
2379 2640 2616 2696 Pollutio
2666 2645 2810 2696 enim
2870 2653 3029 2698 terra:
3063 2642 3333 2712 injustitia
3373 2650 3481 2706 est,
3509 2636 3820 2708 purificatio
3859 2649 3991 2691 vero

734 2732 964 2784 :ustitia.

726 2768 744 2817 J
805 2821 936 2874 Nam
979 2822 1124 2890 quod
1159 2821 1363 2874 dicitur
1409 2829 1610 2874 terram
1664 2822 1888 2888 iniustis
1931 2822 2174 2875 caulibus
2214 2821 2312 2875 ob-

732 2915 952 2968 noxiam
1014 2929 1155 2978 esse,
1221 2922 1274 2966 et
1329 2914 1644 2981 expiatione
1686 2928 1807 2980 quae
1846 2914 1990 2980 justa
2029 2914 2313 2982 punitione

732 3013 968 3063 constet.
991 3003 1259 3070 indigere.
1291 3003 1471 3055 innuit
1505 3010 1707 3055 terram
1735 3017 1843 3055 non
1882 3003 1936 3055 in
1970 3005 2130 3071 culpa
2170 3019 2313 3066 esse,

732 3113 921 3151 verum
977 3097 1031 3149 iu
1087 3095 1408 3166 pollutionis
1467 3104 1633 3148 sorte.
1665 3111 1682 3143 ι
1721 3092 1797 3148 Ne
1831 3095 2146 3164 fiuquinetis
2170 3097 2313 3148 enim

732 3187 1185 3256 terram,inquil,
1233 3201 1396 3254 super
1443 3200 1547 3252 qua
1588 3184 1844 3236 habitatis
1898 3200 2016 3238 vos.
2059 3203 2076 3236 ι
2111 3183 2310 3238 Verum

735 3294 891 3334 terra:
925 3280 1068 3332 unde
1096 3279 1220 3333 talis
1257 3278 1431 3332 honor
1467 3292 1528 3329 ac
1559 3277 1907 3331 reverentia?
1943 3296 1959 3328 ι
1996 3277 2172 3346 Super
2204 3292 2311 3346 qua

734 3388 837 3440 ego
873 3375 1170 3425 tentorium
1205 3387 1382 3423 meum
1411 3369 1569 3437 figam
1599 3379 1739 3422 inter
1772 3385 1888 3422 vos.
1928 3389 1946 3421 ι
1983 3369 2136 3421 Nulla
2166 3369 2312 3422 enim

735 3464 946 3516 r..ti0ne
1001 3478 1106 3514 una
1164 3471 1307 3515 terra
1363 3463 1432 3514 ab
1491 3462 1594 3512 alia
1655 3470 1738 3512 est
1800 3461 2099 3528 disjuneta,
2151 3476 2312 3528 quam

738 3556 994 3621 puritatis
1034 3562 1090 3609 et
1143 3554 1454 3608 sanctitatis
1507 3569 1613 3621 qua
1680 3568 1920 3621 praesens
1989 3552 2130 3606 Deus
2170 3554 2318 3605 exci-

734 3652 902 3717 pitur.

813 3740 877 3792 Ε(
905 3741 996 3791 (ibi
1023 3749 1069 3792 et
1111 3739 1331 3790 Domino
1369 3751 1547 3789 nostro
1581 3738 1830 3804 prircepit
1864 3744 1994 3789 dare
2027 3737 2314 3788 Iireredita-

2486 2821 2559 2874 Τὸ
2611 2823 2792 2888 λέγειν
2835 2822 3020 2892 ἔνοχον
3064 2819 3202 2874 εἶναι
3251 2821 3349 2890 τὴν
3378 2823 3479 2889 γῆν
3525 2818 3619 2869 ἐπὶ
3648 2821 3759 2878 τοῖς
3788 2816 3996 2875 ἀδίκοις

2416 2915 2634 2981 αἵμασι,
2661 2917 2753 2967 καλ⁹
2790 2913 3021 2983 ἱλασμοῦ
3057 2914 3283 2984 χρῄζειν
3320 2911 3407 2963 δια
3456 2911 3554 2977 τῆς
3583 2908 3799 2968 δικαίας
3835 2905 3996 2958 κολά-

2418 3020 2577 3064 σεως,
2628 3003 2703 3064 ώς
2759 3003 3117 3072 μιαινομένην
3178 3002 3350 3069 λέγει,
3408 3001 3502 3052 καὶ
3532 3000 3630 3067 οὐχ
3683 2997 3758 3059 ὡς
3794 2996 3998 3049 αἰτίαν.

2424 3113 2440 3145 ι
2480 3096 2554 3146 Οὐ
2590 3097 2831 3163 μιανεῖτε
2852 3093 2982 3166 γὰρ,
3024 3095 3179 3164 φησι,
3210 3093 3309 3161 τὴν
3335 3092 3439 3161 γῆν
3465 3093 3552 3160 ἐφ’
3596 3086 3662 3162 ἧς
3692 3090 4002 3142 κατοικεῖτε

2418 3187 2504 3237 ἔπ’
2528 3186 2720 3254 αὐτῆς.
2767 3205 2784 3236 ι
2815 3185 3008 3256 Τίμιος
3038 3186 3094 3239 δὲ
3125 3186 3158 3256 ἡ
3193 3186 3264 3256 γῆ
3291 3202 3304 3216 ο
3338 3184 3531 3248 Διατίς
3568 3201 3585 3233 ι
3613 3181 3728 3250 Ἐφ’
3780 3176 3847 3250 ἧς
3891 3177 4004 3244 ὲγιῖι)

2421 3274 2833 3344 κατασκηνώσω
2861 3277 2919 3326 ὲν
2945 3276 3094 3344 ὑμῖν.
3119 3293 3136 3324 ι
3165 3274 3240 3343 Γῆ
3267 3273 3377 3342 γὰρ
3403 3275 3506 3342 γῆς
3547 3272 3838 3338 ἀδιάφορος
3873 3269 4005 3335 περὶ

2421 3366 2791 3436 καθαρότητα·
2813 3365 2946 3420 Θεοῦ
2968 3365 3026 3419 δὲ
3044 3364 3347 3437 παρουσίαν
3369 3362 3765 3433 ὑποδεξαμένη.
3785 3357 4006 3428 καθαρὰ

2424 3458 2519 3512 καὶ
2546 3457 2698 3526 ἁγία.

2499 3725 2604 3779 Kal
2652 3722 2732 3787 τῷ
2773 3723 2968 3788 Κυρίῳ
3019 3721 3318 3785 συνέταξε
3367 3721 3577 3786 Κύριος
3637 3717 3847 3772 δοῦναι
3893 3719 4011 3783 τὴν

739 3843 838 3882 lem
869 3828 1131 3897 Zelpaad.
1168 3827 1271 3898 [Ἀ]
1301 3826 1339 3878 Ε
1375 3844 1433 3880 re
1494 3794 1764 3895 peculiari
1816 3827 2009 3880 iterum
2043 3827 2122 3880 lex
2155 3843 2316 3893 geue-
2353 3794 2392 3847 Β

2353 3794 2392 3847 Β
2425 3817 2830 3885 κληρονομίαν
2855 3813 3142 3870 Σαλπαειὸ
3197 3812 3304 3866 τοῦ
3352 3810 3622 3879 ἀδελφοῦ
3681 3809 3850 3878 ἡμῶν
3878 3812 4010 3877 ταῖς

741 3922 874 3975 ralis
901 3919 1202 3973 derivatur.
1259 3918 1378 3971 Non
1426 3919 1573 3986 quod
1641 3919 1783 3972 Deus
1813 3917 1943 3986 quid
1979 3916 2124 3970 facto
2175 3922 2322 3968 esset

741 4027 880 4078 opus
928 4012 1162 4064 antehac
1214 4011 1566 4078 ignoraveril,
1631 4025 1822 4063 verum
1871 4009 1998 4077 quia
2059 4009 2324 4075 temporis

742 4105 1209 4174 opportunitatem
1232 4104 1589 4173 exspectavit.
1612 4100 2084 4167 Quemadmodum
2107 4115 2324 4170 quoque

742 4200 795 4251 in
834 4197 1135 4266 blasphemi
1171 4199 1410 4266 negotio,
1445 4196 1710 4264 ejusitem
1745 4196 1840 4266 qui
1884 4195 2184 4266 Sahbatum
2213 4209 2324 4248 non

743 4265 1156 4351 observaverat,
1187 4265 1329 4342 etiiu
1361 4289 1465 4341 hoc
1493 4289 1614 4357 ipso
1657 4265 1892 4340 filiarum
1923 4265 2180 4356 ZElpaad.
2218 4284 2328 4340 Ve-

745 4399 868 4437 rum
897 4391 1010 4436 tum
1042 4381 1262 4450 quidem
1306 4388 1485 4434 astute
1515 4387 1805 4431 Iacuerunt
1842 4378 2086 4447 ipsarum
2117 4378 2327 4432 contri-

748 4476 924 4536 bules,
988 4474 1142 4525 veriti
1204 4471 1457 4523 videlicet
1501 4469 1545 4522 si
1581 4471 2008 4537 interrogarent,
2043 4468 2188 4535 quod
2234 4466 2326 4521 Dei

747 4565 1039 4633 imperium
1073 4562 1338 4633 impedire
1377 4561 1714 4614 viderentur.
1739 4558 1857 4614 Jam
1887 4575 2015 4613 vero
2032 4575 2149 4612 eam
2185 4575 2330 4628 qum-

749 4663 981 4710 stionem
1015 4660 1258 4726 proferre
1292 4656 1397 4708 illis
1443 4664 1526 4706 est
1573 4653 1774 4717 visum,
1811 4652 2210 4721 prospicientes
2247 4653 2328 4703 vi-

748 4751 946 4803 delicet
977 4749 1213 4816 longius.
1271 4765 1335 4799 ni-
1367 4748 1586 4799 occasio
1652 4760 1714 4798 ac
1752 4743 1903 4797 radix
1945 4744 2333 4812 pullulasceret

749 4842 1094 4895 confusionis
1115 4840 1386 4905 tribuum,
1415 4839 1457 4890 si
1489 4837 1610 4890 filia:
1637 4836 1719 4889 ha:
1753 4833 2129 4888 lucreditatem
2161 4847 2334 4887 nactae

753 4950 848 5001 per
881 4935 1103 5002 nuptias
1138 4930 1545 4984 contrilmlihns
1570 4944 1675 4980 non
1706 4929 2090 4989 miscerentur,
2116 4927 2335 4995 quando

756 5041 855 5077 nec
908 5024 1287 5076 haereditatnm
1346 5022 1586 5074 reversio
1629 5018 2023 5087 aunojubila‘o
2070 5032 2332 5071 concessa

754 5118 935 5167 locum
973 5114 1180 5166 habuit.
1203 5114 1544 5180 Quapropter
1566 5113 1734 5180 legem
1774 5111 1948 5164 sancit
1976 5108 2138 5172 Deus,
2166 5126 2337 5178 quan-

755 5206 959 5257 tumvis
984 5205 1185 5256 dudum
1226 5204 1358 5273 legis
1391 5203 1775 5255 necessitatem
1801 5201 2073 5268 cognitam
2111 5198 2333 5250 habuiso

758 5306 860 5345 svi.
899 5295 972 5345 Ita
999 5293 1252 5345 Christus
1288 5308 1504 5360 quoque
1536 5291 1601 5343 ad
1625 5289 1758 5342 Jairi
1794 5299 2019 5342 vocatus
2066 5288 2230 5339 tiliam
2265 5287 2336 5352 ³³,

756 5390 875 5450 ejus
908 5396 1138 5438 mortem
1174 5401 1202 5437 e
1238 5401 1340 5451 qua
1374 5399 1494 5437 eam
1536 5383 1750 5437 reduxit
1785 5399 1888 5434 non
1947 5380 2212 5448 praedicit;
2253 5395 2337 5432 res

759 5479 904 5526 enim
941 5475 1138 5526 divinae
1167 5492 1273 5527 non
1294 5475 1359 5525 ad
1395 5476 1816 5528 ostentationem
1850 5473 2144 5526 humanam
2186 5485 2336 5521 com-

764 5577 962 5636 paratze
1014 5581 1159 5621 sunt.
1208 5569 1400 5620 Servat
1433 5583 1562 5619 vero
1617 5566 1896 5626 decorum.
1943 5580 2085 5616 nunc
2119 5562 2337 5633 quidem

2424 3908 2792 3978 θυγατράσιν
2821 3907 3030 3963 αὑτοῦ.
3057 3907 3285 3976 Ἕτερος
3315 3907 3380 3957 ἑκ
3407 3901 3639 3972 μερικοῦ
3680 3902 4012 3972 πράγματος

2424 4000 2712 4063 καθολικδς
2739 3999 3036 4070 ἐκφέρεται
3071 3998 3257 4068 νόμος,
3293 3996 3393 4063 οὐχ
3422 3993 3498 4054 ὡς
3527 3991 3665 4044 Θεοῦ
3690 3992 3793 4060 τὴν
3817 3992 4013 4062 χρείαν

2426 4094 2924 4165 προαγνοήσαντος,
2987 4091 3087 4160 τὴν
3129 4090 3224 4142 ἐπὶ
3270 4087 3465 4158 καιροῦ
3498 4086 3555 4138 δὲ
3591 4086 4014 4156 περιμείναντος

2426 4185 2597 4248 θέσιν,
2630 4183 2705 4246 ὼς
2730 4183 2821 4234 επὶ
2853 4181 2944 4235 τοῦ
2971 4181 3318 4252 βλασφήμου,
3349 4183 3444 4236 καὶ
3485 4181 3583 4235 τοῦ
3639 4183 3701 4236 τὸ
3733 4179 4015 4234 Σαϐϐατον

2433 4273 2508 4343 μὴ
2535 4273 2894 4342 τηρήσαντος,
2931 4273 3025 4323 καὶ
3075 4272 3185 4324 τῶν
3236 4272 3331 4325 τοῦ
3375 4273 3634 4328 Σαλπαὰδ
3668 4273 4008 4343 Θυγατέρων.

2441 4367 2602 4420 Ἀλλὰ
2623 4367 2745 4419 τότε
2777 4367 2875 4436 μὲν
2905 4366 3217 4438 ἐσιώπησαν
3269 4369 3512 4432 εὐλαϐῶς
3559 4371 3610 4423 οἱ
3645 4369 3852 4422 τούτων
3880 4369 4014 4438 ὀμό-

2431 4461 2608 4529 φυλοι,
2637 4460 2913 4522 δείσαντες
2941 4460 3038 4530 τὴν
3066 4460 3358 4530 ἐρώτησιν,
3398 4464 3472 4532 μὴ
3504 4463 3598 4514 καὶ
3636 4461 3761 4530 δόξῃ
3785 4459 4020 4529 κώλυμα

2431 4551 2524 4604 τοῦ
2571 4548 2991 4619 ’ἐπιτάγματοςο
3051 4552 3147 4605 νῦν
3173 4553 3230 4605 δὲ
3266 4553 3469 4623 ταύτην
3506 4556 3840 4625 προσάγουσι
3883 4572 4022 4624 προ-

2433 4639 2550 4708 νοίᾳ
2584 4639 2674 4690 τοῦ
2711 4640 3019 4707 μέλλοντος,
3046 4642 3120 4709 μὴ
3139 4643 3230 4692 καὶ
3254 4642 3528 4712 πρόφασις
3551 4644 3779 4713 γένηται
3815 4642 4022 4712 συγχύ-

2437 4747 2574 4793 σεως
2608 4731 2716 4782 τῶν
2756 4731 2962 4799 φυλῶν,
3005 4733 3053 4783 εἰ
3095 4731 3400 4804 Θυγατέρες
3455 4734 3896 4804 κληρονομοῦσαι
3943 4735 4023 4805 μὴ

2434 4826 2698 4893 γαμοῖντο
2721 4826 2830 4885 τοῖς
2853 4824 3146 4893 ὁμοφύλοις
3177 4842 3190 4856 ο
3227 4827 3316 4878 ὅτε
3361 4827 3494 4898 μηδὲ
3542 4826 3725 4896 χώραν
3777 4821 3924 4896 εἶχεν
3985 4831 4020 4898 ἡ

2437 4918 2498 4965 ἐκ
2525 4915 2618 4966 τοῦ
2666 4915 2978 4984 Ἰωόηλαίου
3012 4916 3122 4969 τῶν
3171 4918 3392 4987 κλήρων
3429 4920 3768 5001 ἀναστροιρή.
3814 4920 3904 4971 Διὸ
3933 4936 4026 4971 νος

2443 5007 2661 5075 μοοετεῖ
2693 5007 2845 5071 θεὸς,
2884 5009 3062 5060 καίτοι
3093 5012 3364 5078 προγνοὺς
3409 5011 3577 5063 παλαι
3600 5009 3694 5062 τοῦ
3735 5011 3901 5080 νόμου
3923 5011 4027 5079 τὴν

2441 5101 2650 5170 χρείαν.
2677 5098 2833 5152 Οῦτω
2898 5101 3156 5169 Χριστὸς,
3192 5101 3330 5169 πρὸς
3367 5101 3466 5170 τὴν
3525 5102 3755 5169 Ἰαείρου
3801 5100 4028 5171 κληθεὶς

2444 5191 2742 5260 Θυγατέρα,
2777 5192 2837 5242 οὐ
2868 5191 3122 5260 προλέγει
3145 5193 3350 5262 ταύτης
3371 5193 3464 5246 τὸν
3494 5193 3827 5254 οἀνατον,ὃν
3860 5210 4029 5260 γεγοο

2444 5282 2575 5334 νότα
2639 5283 2871 5334 ἰάσατοο
2930 5283 2990 5333 οὒ
3046 5284 3156 5353 γὰρ
3214 5287 3293 5347 είς
3338 5285 3601 5348 ἐπίδειξιν
3625 5284 3923 5354 ἀνθρώπου
3958 5287 4030 5338 τὰ

2447 5374 2598 5443 παρὰ
2628 5373 2764 5425 Θεοῦ
2792 5389 2804 5402 ·
2841 5374 3101 5441 φυλάττει
3141 5373 3196 5425 δὲ
3224 5375 3284 5426 τὸ
3329 5375 3527 5427 οἰκεῖον
3556 5376 3623 5443 τῇ
3649 5372 3895 5437 ἀξιώσει,
3929 5374 4031 5429 νῦν

2450 5467 2549 5534 μὲν
2587 5465 2680 5518 ἰὼν
2709 5463 3105 5534 ςριλανΘρώπως
3129 5464 3202 5528 ὡς
3223 5465 3653 5534 ἐπισκεψόμενος
3675 5507 3689 5530 ,
3723 5465 3822 5517 νῦν
3846 5466 3901 5518 δὲ
3934 5467 4033 5518 ἁν-

2451 5559 2614 5612 ιστῶν
2642 5558 3061 5628 τελευτήσασαν.

763 5661 1074 5715 humaniter
1121 5661 1186 5712 ad
1237 5677 1356 5715 eam
1419 5659 1621 5721 eundo,
1647 5662 1985 5727 exploratum
2019 5673 2138 5709 eam
2182 5656 2377 5724 quasi,
2425 5671 2566 5709 nunc
2603 5669 2731 5707 vero
2758 5651 3070 5706 defunctam
3109 5649 3421 5705 excitando.
3464 5645 3626 5703 lubet
3666 5656 3847 5701 autem
3885 5662 4035 5700 nunc

834 5821 872 5848 "
914 5817 1017 5875 Ξοιι.
1057 5837 1199 5881 xLix.
1225 5823 1275 5876 9.
1360 5819 1400 5850 ³¹
1434 5817 1569 5873 Luc.
1606 5835 1641 5885 i,
1674 5817 1810 5869 52."
1839 5815 1946 5870 Luc
2005 5832 2114 5870 \lll.
2148 5815 2233 5869 il.
