4266 6446
755 329 864 390 895

2073 349 2424 410 PROCOPII
2467 355 2710 416 GAZJSI

3949 363 4054 423 896

825 437 1197 540 |’ttl'l"li|ltil:‘b
1234 455 1592 540 repraesentat
1646 451 1856 504 cultum
1893 454 2118 522 legalem
2147 476 2159 524 ,
2187 460 2298 514 illic
2336 463 2480 516 enim
2533 465 2704 535 legem
2755 477 3107 538 acceperunt,
3151 484 3180 524 e
3217 484 3325 539 qua
3375 483 3496 524 sese.
3534 486 3752 525 movere
3786 481 4052 540 tanquam

750 540 813 576 ex
846 525 1036 577 umbra
1074 527 1140 579 ad
1181 530 1494 596 veritatem,
1529 534 1819 598 jnbentur.

828 630 944 684 Non
998 643 1180 699 potero
1232 638 1376 690 solus
1441 643 1702 698 sustinere
1751 663 1862 700 ros.
1912 646 2054 719 [|0.]
2107 651 2232 706 [Luc
2290 655 2342 707 in
2380 663 2420 718 Λ

752 724 937 775 Ιοῖκοιιιι
1001 726 1284 781 adlnerent
1333 732 1620 788 codicibus
1673 737 2047 794 Saurariticis.
2108 744 2345 809 Quando

750 815 1001 870 videlicet
1029 833 1190 872 socer
1218 820 1382 876 Mo.-is
1410 827 1458 878 ei
1493 829 1795 894 Consuluit,
1831 839 1888 883 ut
1918 833 2106 900 plures
2136 838 2346 905 princi-

749 922 842 974 pes
878 909 1193 978 reipublicae
1218 915 1607 972 constitueret.
1650 920 1713 972 Et
1741 922 1793 973 in
1829 939 2046 977 summa
2077 942 2200 995 qua:
2223 945 2344 995 per-

749 999 1006 1053 hibentur
1035 1004 1260 1070 quidem
1302 1008 1448 1060 dicta
1484 1024 1630 1074 esse,
1669 1026 1778 1064 non
1818 1029 1943 1069 esse
1984 1016 2134 1071 dicta
2167 1021 2345 1073 mani-

747 1088 886 1143 feste
907 1091 960 1144 in
985 1091 1337 1151 Samariticis
1357 1102 1774 1168 exemplaribus
1816 1105 2116 1161 invenitur.
2143 1109 2344 1173 Quem-

745 1181 1039 1237 admodum
1077 1185 1209 1240 illud
1249 1205 1473 1258 quoque
1520 1195 1670 1262 quod
1709 1196 1803 1250 ﬁlii
1839 1196 2008 1254 Israel
2037 1200 2105 1254 ad
2137 1201 2341 1256 Mosem

745 1273 810 1327 de
841 1277 1293 1344 exploratoribus
1340 1283 1619 1348 dixerint,
1672 1304 1798 1340 cum
1846 1299 2028 1345 tamen
2081 1295 2194 1345 veri
2237 1310 2342 1346 non

743 1366 1018 1422 dissimile
1052 1373 1144 1436 sit,
1180 1390 1276 1427 eos
1306 1375 1616 1431 diﬂidentes
1646 1379 1753 1432 Deo
1777 1389 1942 1434 terrzn
1973 1387 2342 1453 cognitionem

745 1460 943 1516 habere
988 1467 1258 1521 voluisse.
1311 1470 1668 1540 Quapropter
1719 1490 1853 1528 sane
1886 1492 2009 1529 eum
2049 1477 2218 1531 Deum
2259 1482 2343 1532 in-

744 1562 1078 1623 terrogas~et
1115 1557 1313 1620 Muses,
1361 1577 1470 1614 nou
1514 1564 1635 1615 sine
1689 1565 2078 1634 indignatione
2129 1584 2192 1622 ac
2237 1569 2341 1622 fre-

743 1647 878 1698 mitti
913 1663 976 1701 ex
1019 1649 1113 1702 illo
1145 1652 1344 1705 audit:
1383 1671 1402 1705 ι
1444 1655 1674 1710 Dimitte
1717 1659 1812 1711 tibi
1871 1661 1970 1728 ipsi
2031 1660 2203 1721 viros,
2248 1662 2340 1730 qni

739 1741 1030 1808 explorent
1072 1753 1278 1799 terram
1311 1747 1394 1814 ”,
1447 1769 1464 1800 ι
1509 1760 1779 1822 tanquam
1829 1735 2091 1808 videlicet
2133 1753 2344 1808 didide-

740 1841 842 1887 ret.

2527 661 2608 712 Οὐ
2644 661 2984 732 δυνήσομαι
3014 667 3202 733 μόνος
3233 666 3438 735 φέρειν
3481 665 3654 734 ὑμᾶς.
3683 665 3874 717 Ταῦτα
3904 669 3962 718 ὲν
3986 673 4052 736 τῇ

2466 753 2662 822 Ἐξύδιει
2695 757 3024 825 πρόσκειται
3066 760 3178 820 τοῖς
3221 759 3643 828 Σαμαρειτικοῖς
3671 759 4054 828 ἀντιγράφοις,

2451 846 2538 898 ὅτε
2569 849 2660 899 καὶ
2684 851 2711 901 ὸ
2739 849 3003 919 πενθερὸς
3035 851 3184 920 αὐτῷ
3213 852 3602 904 συνεϐούλευσε
3640 854 4053 923 μερικωτέρους

2447 939 2721 1008 ἄρχοντας
2772 946 3117 1011 καταστῆσαι
3193 945 3300 997 Καὶ
3353 943 3608 1005 καθόλου,
3653 944 3720 996 τὰ
3781 945 4054 1014 λεγόμενα

2451 1032 2554 1100 μὲν
2589 1032 2870 1102 εἰρῆσθαι,
2898 1035 2973 1104 μὴ
3006 1036 3275 1106 εἰρημένα
3309 1036 3362 1087 δὲ
3398 1035 3669 1104 φανερῶς,
3697 1037 3753 1088 ἐν
3789 1039 3904 1098 τοῖς
3943 1038 4050 1088 Σα-

2454 1127 2795 1192 ιιαρειτικοῖς
2855 1128 3218 1197 ἀντιγράφοις
3280 1127 3630 1197 εὑρίσκεται·
3687 1129 3885 1179 καὶτὸ
3922 1130 4079 1200 περὶΔ

2448 1214 2557 1265 τῶν
2587 1215 2722 1267 υἱῶν
2769 1218 3007 1287 Ἰσραὴλ,
3037 1219 3112 1282 ὼς
3144 1219 3328 1272 αὐτῶν
3366 1219 3669 1287 εἰρηκότων
3718 1219 3794 1288 τῷ
3827 1220 4058 1281 Μωῦσεῐ

2449 1307 2709 1375 περὶτῶν
2736 1311 3126 1362 κατασκόπων.
3167 1311 3327 1373 Εἰκὸς
3363 1313 3474 1380 γὰρ
3501 1306 3569 1382 ἦν
3602 1313 4054 1375 ἀποστατοῦντας

2449 1394 2648 1457 αὐτοὺς
2681 1395 2758 1464 τῷ
2796 1397 2939 1463 Θεῷ,
2971 1399 3070 1468 τὴν
3112 1401 3216 1468 γῆν
3276 1400 3533 1469 ἐθελῆσαι
3587 1400 3800 1466 μαθεῖν.
3835 1401 3928 1452 Διὸ
3960 1403 4054 1453 καὶ

2448 1487 2830 1555 ἐρωτήσαντος
2865 1491 2999 1542 ἷκιωῦ
3015 1490 3145 1552 σέως
3173 1492 3268 1544 τὸν
3301 1492 3456 1557 Θεὸν,
3495 1494 3614 1561 μετ’
3659 1493 4053 1562 ἐμϐριμήσεὼς

2451 1594 2638 1644 φησιν,
2685 1596 2704 1628 ι
2754 1580 3097 1633 Ἀπόστειλον
3133 1583 3347 1652 σεαυτῷ
3373 1583 3594 1653 ἄνδρας,
3638 1585 3737 1636 καὶ
3769 1601 4049 1637 κατασκεο

2453 1668 2750 1734 ψάσθωσαν
2779 1671 2875 1740 τὴν
2909 1673 3031 1740 γῆν,
3067 1691 3084 1724 ι
3133 1673 3208 1737 ὡς
3239 1673 3302 1746 δὴ
3335 1673 3760 1742 ἀπιστούμενος.

813 1949 882 2003 Et
907 1952 1130 2019 pertulit
1165 1962 1211 2006 te
1240 1951 1520 2007 Dominus.
1552 1954 1692 2027 [3L]
1732 1955 2100 2027 Symmathus
2140 1961 2373 2025 portavit
2431 1959 2529 2012 ait.
2567 1959 2622 2012 Id
2658 1976 2788 2013 vero
2823 1961 3043 2028 pmprie
3078 1957 3354 2028 significat
3390 1973 3593 2027 pueros
3626 1958 3951 2019 iracundos,
3985 1974 4050 2014 ac

739 2040 994 2094 irritatos
1035 2057 1279 2101 versare.
1311 2059 1374 2096 ac
1419 2060 1528 2098 una
1575 2046 1960 2109 balbutiendo,
2001 2062 2236 2116 seseque.
2273 2049 2384 2102 illis
2422 2049 2762 2103 demittendo
2798 2049 3100 2103 sustinuere.
3145 2048 3238 2101 Sic
3285 2048 3431 2102 enim
3479 2045 3624 2101 Deus
3669 2047 4047 2103 inﬁrmitatem

736 2145 930 2183 eorum
961 2130 1016 2182 in
1049 2145 1107 2184 se
1135 2133 1412 2200 recipiens
1445 2133 1712 2201 paulatim
1747 2149 1844 2188 eos
1875 2135 1942 2187 ad
1977 2136 2175 2189 altiora
2207 2137 2423 2191 eduxit.

807 2243 872 2296 Et
907 2245 1035 2296 mihi
1059 2248 1362 2301 succensuit
1394 2247 1652 2302 Dominus
1670 2261 1887 2319 propter
1918 2269 2027 2306 vos.
2055 2251 2193 2324 [37.]
2225 2253 2337 2323 Ego
2373 2241 2410 2294 Β

732 2337 881 2390 enim
915 2337 1032 2407 ipse
1066 2354 1173 2393 non
1209 2340 1416 2408 perlide
1446 2343 1556 2412 egi,
1591 2343 1795 2411 inquit,
1828 2353 2026 2399 vestra:
2052 2361 2185 2399 vero
2215 2362 2338 2414 per-

735 2432 876 2486 ﬁdi-.e
898 2447 1024 2486 eum
1063 2448 1247 2488 essent
1291 2436 1587 2506 impatiens
1624 2438 1820 2492 leviter
1843 2437 1910 2493 de
1948 2440 2106 2494 vobis
2139 2441 2345 2503 statui.-

733 2526 1010 2597 verbaque
1040 2527 1224 2591 elIutii
1257 2545 1378 2599 qua:
1420 2529 1591 2584 talem
1634 2532 1969 2587 sententiam
2018 2543 2214 2588 contra
2252 2551 2336 2590 me

731 2619 1066 2674 elicuerunt.

2513 2251 2621 2306 Καὶ
2657 2252 2787 2320 ἐμοὶ
2819 2250 3091 2320 ἐθυμώθη
3131 2252 3346 2318 Κύριος
3376 2249 3452 2302 δι’
3503 2250 3679 2320 ὑμᾶς.
3726 2252 3871 2320 Ἐγὼ
3918 2255 4048 2322 γὰρ.

2447 2345 2765 2415 φησ“ιν,οὐκ
2796 2344 3076 2411 ἡπείθησσ
3112 2343 3189 2413 τῷ
3241 2343 3382 2413 Θεῷ,
3437 2345 3574 2398 ἀλλὰ
3623 2346 3722 2414 τὴν
3774 2347 4054 2417 ὑμετέραν

2444 2439 2762 2506 ἀντιλογίαν
2789 2439 2863 2508 μὴ
2899 2437 3086 2508 φέρων
3117 2439 3211 2491 xui.
3257 2438 3570 2503 ἀπείθειαν,
3607 2439 3893 2512 ὀλιγώρως
3921 2441 4052 2509 περὶ

2445 2531 2592 2603 ὑμᾶς
2616 2531 2886 2600 διετέθην,
2916 2532 3010 2584 καὶ
3041 2533 3262 2601 ῥήματα.
3288 2531 3647 2603 ἐφθεγξάμην
3688 2535 3790 2604 τὴν
3826 2533 4050 2604 ἀπόφα-

2447 2643 2530 2678 σιν
2576 2625 2787 2696 ταύτην
2821 2626 3128 2695 κινήσαντα.
3159 2625 3278 2678 κατ’
3315 2625 3475 2694 ἐμοῦ.

802 2733 1015 2787 Armati
1046 2733 1453 2803 proﬁciscimini
1491 2743 1615 2788 ante
1647 2734 1847 2803 fratres
1872 2745 2094 2790 vestros.
2130 2734 2220 2807 [|l,
2247 2735 2327 2806 4.]
2365 2735 2617 2789 Edictum
2662 2735 2763 2790 hoc
2799 2744 2885 2791 est
2927 2737 3145 2791 duabus
3173 2739 3429 2793 tribubus
3461 2752 3586 2792 cum
3632 2738 3896 2794 dimidia.
3929 2740 4054 2793 Cze—

731 2829 914 2875 terum
945 2821 1152 2875 inlimis
1189 2823 1380 2892 prima:
1419 2821 1472 2875 in
1509 2823 1885 2891 promissione
1943 2823 2295 2878 deferuntur.
2331 2824 2542 2878 Idcirco
2572 2825 2665 2889 qui
2701 2839 2730 2878 a
2773 2823 2925 2880 Mose
2967 2825 3290 2880 luereditate
3345 2826 3521 2881 dotali
3575 2825 3821 2887 fuerant,
3884 2828 4052 2896 primi

733 2911 1132 2980 promissionis
1161 2920 1452 2980 compotes
1490 2909 1623 2966 l'acti
1648 2921 1799 2967 sunt.
1836 2912 1911 2967 De
1947 2913 2386 2984 perfectioribus
2416 2911 2565 2966 enim
2597 2912 2806 2967 dictum
2846 2913 2979 2967 illud
3013 2923 3132 2968 est:
3167 2932 3184 2964 ι
3220 2915 3312 2969 Isti
3339 2930 3536 2971 omnes
3567 2915 3622 2970 iu
3663 2916 4052 2972 testimonium

731 3000 956 3055 adducti
999 3016 1108 3054 non
1153 3008 1514 3070 reportarunt
1546 3002 1973 3072 promissiones,
2017 3022 2033 3053 ι
2077 3011 2131 3058 et
2167 3003 2408 3073 reliqua.

805 3115 929 3172 Non
955 3115 1163 3170 addelis
1206 3117 1275 3169 ml
1312 3115 1545 3171 verbum.
1583 3115 1695 3189 μιν,
1727 3116 1812 3189 2.]
1852 3117 1984 3172 Item
2009 3118 2176 3188 paulo
2209 3123 2334 3188 post

730 3210 876 3263 dicet
915 3229 928 3265 :
969 3229 984 3260 ι
1013 3207 1131 3262 Non
1163 3209 1475 3264 declinabis
1503 3211 1585 3264 vel
1630 3210 1697 3264 ad
1741 3211 2027 3266 dexteram
2079 3212 2160 3266 vel
2200 3210 2334 3265 sini-

731 3310 903 3356 stsam
935 3299 1002 3352 ⁸⁵.
1047 3319 1064 3352 s
1115 3299 1172 3354 In
1215 3297 1536 3358 Proverbiis
1570 3301 1737 3355 etiam
1769 3301 2085 3358 Solomonis
2117 3302 2330 3372 inquit:

737 3413 756 3447 ι
794 3393 873 3448 Ne
905 3394 1077 3448 addas
1108 3395 1295 3448 verbis
1333 3394 1422 3448 Dei
1462 3396 1791 3466 quidquam,
1831 3413 1898 3451 nc
1925 3407 1975 3452 te
2010 3398 2331 3466 redarguat,

729 3486 1040 3543 etmendax
1092 3487 1191 3544 tias
1225 3488 1290 3542 ".
1335 3507 1353 3541 ι
1394 3486 1574 3544 Verba
1615 3490 1764 3545 enim
1801 3489 1891 3544 Dei
1924 3505 2050 3544 cum
2085 3491 2244 3560 plena
2279 3496 2334 3543 et

731 3579 972 3652 perlecta
1031 3581 1329 3648 exsistant,
1395 3583 1608 3637 nullum
1641 3583 1962 3636 auetarium
2005 3583 2329 3637 admittunt.

730 3670 887 3727 Unde
951 3671 1086 3725 illud
1144 3687 1366 3742 quoque
1425 3672 1494 3728 de
1543 3673 1772 3728 Christo
1828 3674 2040 3727 dictum
2098 3681 2328 3728 exstat:

734 3783 752 3815 ι
792 3763 1094 3834 Postquam
1129 3768 1545 3822 consummavit
1574 3769 1740 3823 verba
1775 3783 1875 3824 sua
1912 3769 1964 3822 in
1998 3783 2161 3824 aures
2187 3769 2336 3839 ipso-
2366 3742 2408 3798 ϐ

730 3875 850 3914 τιιιιι
882 3860 946 3912 ⁸⁸.
991 3879 1010 3910 s

801 3951 1075 4020 Quoniam
1102 3951 1214 4006 Itwc
1250 3961 1330 4006 est
1371 3954 1637 4022 sapientia
1669 3963 1845 4008 vestra
1887 3963 1935 4009 et
1959 3956 2206 4010 scicntia.

729 4045 957 4099 Summa
999 4045 1148 4098 enirn
1199 4045 1475 4114 sapientia
1529 4055 1584 4100 et
1633 4047 1862 4101 scientia
1905 4056 1990 4101 est
2013 4047 2335 4103 observatio

727 4139 1116 4196 mandatorum
1141 4137 1386 4193 Domini.
1407 4138 1544 4194 Illud
1578 4155 1710 4195 vero
1734 4141 1879 4210 quod
1904 4141 2113 4196 dicitur
2144 4155 2332 4195 coram

728 4233 966 4305 populis,
997 4247 1306 4288 consonqu
1346 4233 1476 4288 huic
1506 4241 1592 4288 est
1627 4249 1641 4286 :
1700 4253 1719 4286 ι
1757 4233 1967 4290 Luceat
2016 4235 2109 4289 lux
2148 4243 2332 4289 vostra

725 4340 916 4391 coram
947 4324 1288 4384 hominibus.
1330 4334 1390 4380 ut
1427 4325 1652 4384 videant
1681 4327 1746 4394 ",
1790 4345 1807 4378 ι
1848 4334 1902 4382 et
1946 4327 2181 4399 reliqua.

2519 3118 2602 3170 Οὺ
2637 3114 3021 3184 προσθήσετε
3050 3089 3205 3184 πρὸξ
3230 3116 3296 3170 τὸ
3345 3116 3529 3186 ῥῆμα.
3565 3118 3676 3171 Καὶ
3716 3116 3834 3186 μετ’
3870 3117 4051 3186 ὀλίγον

2444 3213 2581 3281 ἐρεῖ,
2621 3209 2723 3262 οὐκ
2771 3208 3046 3270 ἐκκλινεῖς
3105 3209 3256 3274 δεξιὰ
3301 3210 3424 3262 οὐδὲ
3485 3209 3766 3280 εὐώνυμα.
3832 3211 3946 3264 Καὶ
3997 3212 4054 3261 ἐν

2445 3302 2777 3373 Παροιμίαις
2829 3301 2984 3372 φησί’
3044 3319 3061 3350 ι
3103 3301 3194 3370 Μὴ
3258 3300 3507 3372 προσθῇς
3558 3303 3675 3364 τοῖς
3721 3300 3904 3370 λόγοις
3955 3301 4052 3353 τοῦ

2443 3395 2603 3460 θεοῦ,
2641 3396 2727 3449 ἵνα
2758 3395 2832 3466 μὴ
2863 3393 3064 3466 ἐλέγξῃ
3094 3413 3176 3459 σε,
3215 3397 3312 3448 καὶ
3341 3394 3545 3464 ψευδὴς
3582 3397 3739 3466 γένῃ.
3790 3415 3806 3446 s
3849 3397 3925 3448 Οὐ
3961 3397 4049 3449 δέ-

2443 3508 2629 3561 χονται
2659 3489 2768 3560 γὰρ
2792 3487 3116 3559 προσθήκην
3146 3488 3195 3540 οἱ
3230 3487 3381 3556 λόγοι
3408 3489 3640 3558 Κυρίου,
3673 3488 3906 3559 πλήρεις
3943 3490 4050 3540 ὑπ-

2441 3584 2726 3654 άρχοντες.
2754 3582 2990 3652 Εἴρηται
3019 3581 3150 3650 γοῦν
3186 3582 3317 3652 περὶ
3346 3581 3442 3636 τοῦ
3473 3581 3735 3652 Χριστοῦ·
3771 3601 3790 3634 ι
3825 3585 4053 3654 Ἐπειδὴ

2441 3677 2734 3748 ἐπλήρωσε
2758 3677 2824 3728 τὰ
2853 3677 3078 3746 ῥήματι
3105 3673 3274 3728 αὑτοῦ
3308 3676 3388 3739 είς
3415 3675 3515 3740 τὰς
3545 3675 3716 3739 ἀκοὰς
3745 3675 3952 3730 αὐτῶν.
3993 3696 4012 3728 s

2508 3949 2630 4003 Ὅτι
2650 3948 2804 4016 αὕτη
2836 3947 2875 4017 ἡ
2908 3948 3096 4018 σοφία
3119 3946 3290 4017 ὑμῶν
3317 3948 3419 4003 καὶ
3463 3949 3494 4013 ἡ
3520 3949 3800 4014 σύνεσις.
3861 3949 4056 4018 Σοφῶν

2437 4043 2550 4115 γὰρ
2577 4043 2675 4098 καὶ
2723 4041 2963 4098 συνετῶν
3005 4043 3287 4114 ὴφυλσκὴ
3348 4043 3458 4096 τῶν
3516 4043 3752 4096 ἐντολῶν
3811 4043 4049 4114 Κυρίου.

2435 4137 2509 4191 Τὸ
2532 4137 2590 4190 δὲ
2623 4136 2939 4209 εἰρημένον,
2981 4156 2998 4188 ι
3039 4136 3288 4190 ἐναντίον
3318 4136 3428 4189 τῶν
3456 4135 3631 4189 ἐθνῶν
3655 4177 3671 4203 ,
3701 4156 3720 4188 s
3760 4141 4058 4208 συμφωνεῖ

2435 4231 2514 4302 τῷ
2538 4248 2550 4261 ·
2585 4250 2603 4282 ι
2638 4229 2932 4302 Λαμψὰτω
2952 4229 3013 4283 τὸ
3031 4229 3148 4298 φῶς
3169 4231 3326 4300 ὑμῶν
3344 4229 3660 4300 ἔμπροσθεν
3688 4230 3798 4284 τῶν
3834 4230 4052 4303 ἀνθρὼ-

2445 4343 2588 4390 πων,
2617 4324 2769 4387 ὅπως
2806 4323 2872 4377 ἂν
2905 4324 3083 4388 ῐδωσι,
3126 4343 3144 4376 s
3175 4325 3272 4378 καὶ
3300 4323 3368 4377 τὰ
3395 4323 3581 4377 λοιπά.

795 4442 870 4496 Ita
897 4441 1045 4495 enim
1084 4439 1151 4495 ad
1186 4439 1362 4496 Deum
1391 4443 1627 4513 prepius
1659 4445 1966 4503 acceditur.
2008 4443 2166 4509 Quod
2223 4443 2364 4498 idem
2405 4443 2586 4499 innuit
2635 4441 2783 4512 quod
2812 4441 3086 4511 sequitur,
3123 4457 3191 4496 ne
3247 4451 3472 4511 pr0pter
3507 4449 3737 4510 peccata
3798 4440 4054 4508 ipSDI'lIuI

725 4531 917 4601 procul
954 4532 1199 4586 recedat.
1236 4551 1254 4583 ι
1293 4532 1522 4588 l’eccata
1567 4535 1714 4588 enim
1759 4544 1965 4598 vestra,
2030 4533 2250 4603 inquit,
2317 4531 2668 4585 intervallum
2729 4529 2974 4585 ellieiunt
3017 4530 3161 4584 inter
3211 4545 3297 4584 tne
3357 4538 3413 4584 et
3466 4544 3585 4583 vos.
3629 4547 3648 4580 ι
3687 4527 3753 4581 Ει
3795 4529 3999 4582 iterum
4041 4547 4051 4557 -

728 4639 746 4672 ι
787 4621 1122 4676 Contendite
1157 4620 1224 4674 ad
1256 4637 1378 4688 me;
1417 4629 1472 4676 et
1502 4637 1604 4692 ego
1637 4622 1704 4676 ad
1739 4638 1839 4677 vos
1873 4623 2231 4684 contendam,
2261 4631 2314 4674 et
2344 4635 2445 4690 ego
2475 4631 2527 4674 te
2564 4620 2748 4673 adhuc
2773 4618 3069 4687 eloquente
3116 4617 3296 4671 dicam
3329 4635 3340 4670 :
3379 4615 3521 4670 Ecce
3551 4617 3748 4670 adsum
3774 4616 3840 4668 ⁸³.
3886 4635 3904 4667 ι

798 4709 920 4764 Non
946 4710 1158 4780 facietis
1196 4710 1342 4765 vobis
1395 4711 1526 4779 ipsis
1587 4711 1943 4765 simulacrum
1999 4711 2273 4780 sculptile.
2321 4707 2412 4781 ιν,
2447 4707 2528 4778 8.]
2570 4707 2844 4762 Similiter
2903 4707 2956 4759 in
3016 4705 3231 4770 Exodo,
3274 4705 3367 4759 ubi
3404 4707 3571 4758 etiam
3603 4705 3669 4759 de
3703 4705 3884 4760 stellis
3918 4706 4056 4758 dicit

722 4799 1196 4870 quemadmodum
1234 4801 1524 4854 distribuit
1547 4815 1642 4855 eas
1671 4803 1893 4871 populis
1923 4802 1992 4854 δ’.
2028 4802 2131 4868 Qui
2167 4802 2316 4855 enim
2349 4813 2414 4854 cx
2445 4797 2862 4867 longanimitate
2911 4794 3119 4865 aliquid
3159 4810 3267 4848 non
3321 4795 3616 4862 prohibet,
3689 4805 3890 4848 auctor
3935 4796 4054 4864 ejus

722 4898 830 4945 est.
866 4889 1142 4956 Quoniam
1181 4890 1349 4961 igitur
1380 4888 1640 4946 lsraelem
1676 4892 1864 4962 elegit,
1902 4893 2083 4946 locum
2115 4891 2284 4946 habet
2314 4887 2482 4963 436
2514 4885 2652 4942 illttd
2701 4886 3004 4952 distribuit,
3037 4885 3186 4955 quod
3222 4886 3646 4940 concessionem
3685 4897 3916 4954 propter
3955 4901 4054 4939 nos

727 4981 931 5032 lactant
962 4979 1167 5040 innuit,
1214 4979 1534 5048 cujustnodi
1561 4991 1613 5034 ct
1648 4981 1780 5034 illud
1808 4991 1895 5035 est
1927 4997 1938 5032 :
1974 5000 1991 5032 ι
2031 4978 2282 5035 Tradidit
2317 4995 2414 5034 eos
2448 4976 2669 5047 spiritui
2707 4975 3024 5045 vertiginis,
3053 4973 3204 5028 dedit
3235 4974 3432 5027 oculos
3458 4983 3514 5025 ut
3549 4989 3657 5027 non
3694 4972 3975 5037 viderent,
4005 4985 4052 5025 rt

723 5086 888 5122 ani-es
923 5079 982 5122 ut
1018 5084 1126 5121 non
1164 5068 1423 5124 audirent
1446 5071 1511 5124 ⁸⁸.
1554 5090 1571 5121 ι
1617 5071 1750 5124 'I‘ale
1782 5080 1866 5126 Cal
1899 5072 2044 5142 quod
2079 5071 2300 5125 dicetur
2334 5077 2560 5140 postea:
2601 5086 2618 5118 ι
2662 5064 2780 5120 Non
2818 5065 2970 5120 dedit
3000 5064 3157 5120 vobis
3189 5062 3333 5118 Deus
3368 5064 3685 5126 srientiam,
3721 5078 3827 5117 nec
3861 5066 4054 5117 oculos

723 5160 790 5212 ad
831 5157 1164 5221 videndum.
1193 5175 1290 5214 nec
1326 5175 1490 5215 aures
1517 5162 1582 5214 al
1626 5160 1961 5215 amliendmn
1990 5161 2057 5213 ".
2101 5181 2118 5211 s
2158 5159 2424 5226 Quamvis
2482 5157 2718 5212 dixisset
2773 5156 2928 5226 prius
2963 5173 2974 5209 :
3016 5172 3035 5206 ι
3098 5152 3211 5210 Vos
3265 5152 3484 5209 vidistis
3535 5168 3891 5225 quaecunque
3929 5153 4053 5205 ιρι-ιι

727 5251 996 5304 Dominus
1027 5249 1078 5302 in
1109 5261 1256 5302 terra
1287 5249 1511 5322 κεκεριί
1549 5253 1616 5305 δ’.
1658 5270 1674 5302 ι
1706 5251 1981 5317 Quocirca
2014 5251 2153 5305 bene
2186 5252 2238 5304 in
2276 5247 2381 5303 Joh
2414 5248 2627 5303 dictum
2654 5257 2740 5301 est
2775 5265 2788 5300 :
2831 5263 2851 5297 ι
2894 5244 3103 5312 Impios
3143 5259 3278 5297 vero
3329 5259 3438 5300 non
3491 5252 3678 5300 servat
3718 5251 3925 5312 przeter
3961 5260 4052 5292 vo-

725 5340 995 5396 luntatem
1034 5339 1280 5407 ip~orum
1312 5341 1377 5393 ⁸³.
1416 5360 1434 5392 ι
1464 5340 1599 5395 Nam
1639 5343 1901 5412 praecepit
1927 5355 2063 5396 sane
2095 5342 2337 5394 advenas
2382 5337 2692 5406 suscipere,
2725 5335 2771 5390 si
2800 5332 2939 5390 illud
2981 5332 3286 5395 distribuit.
3321 5332 3390 5387 de
3431 5331 3527 5388 Dei
3557 5331 3914 5387 litereditaria
3950 5332 4056 5382 lar-

727 5429 934 5496 gitione
969 5427 1138 5498 impie
1180 5430 1623 5484 intellexerimus
1660 5448 1670 5483 :
1711 5449 1728 5479 ι
1771 5428 1876 5496 Qui
1907 5431 2022 5483 vult
2056 5437 2115 5481 ut
2144 5444 2338 5482 omnes
2367 5426 2623 5480 homines
2648 5430 2968 5488 serventur,
3002 5430 3058 5477 et
3093 5423 3148 5476 in
3177 5421 3521 5492 agnitionem
3560 5421 3819 5475 veritatis
3858 5433 4055 5490 pervc-

686 5519 878 5612 χιιῖίιιιι
919 5519 983 5570 ⁵³.
1020 5535 1037 5567 s

3023 5690 3066 5720 "
3113 5689 3309 5745 Matth.
3347 5689 3496 5752 v.16.

3053 5763 3096 5815 ι.
3174 5761 3219 5792 ⁵⁸
3255 5762 3388 5815 ibid.
3425 5761 3480 5814 τὶ.

3255 5778 3388 5816 IIIIII.
3425 5778 3480 5814 ἰ-

3577 5689 3620 5717 δ’
3669 5685 3775 5741 Isa.
3813 5703 3972 5750 Lvttt,
3997 5689 4047 5740 9.

3563 5760 3608 5790 ⁸³
3642 5757 3974 5821 λυὶιλιινι,
4002 5762 4051 5809 6.

2521 5692 2560 5721 “"
2597 5690 2729 5745 Luc.
2758 5707 2855 5754 vn,
2895 5691 2940 5747 Ι.

2576 5763 2618 5796 ³⁸
2661 5764 2819 5817 Deut.
2857 5777 3009 5825 atus,
3053 5763 3096 5817 ι.

1470 5694 1624 5746 Deut.
1669 5711 1715 5744 ι’.
1751 5693 1840 5744 3'2.
1923 5691 1964 5721 ”
2011 5691 2173 5744 I’ruv.
2212 5709 2339 5751 ut.
2383 5696 2435 5744 li.

1521 5766 1619 5817 Ιιε.ι.
1670 5783 1739 5827 \I,
1775 5765 1843 5829 Si;
1884 5762 2078 5818 .‘Iatth.
2123 5764 2375 5831 1th,”,
2411 5764 2498 5817 4'9.

799 5699 843 5726 '”
883 5698 1046 5748 ῗζιιιιι.
1128 5708 1247 5758 XIII,
1266 5691 1318 5745 ὖ.

727 5773 768 5798 ’³
811 5767 922 5820 lino
950 5771 1104 5821 Dent.
1145 5784 1215 5822 ιγ.
1276 5769 1357 5818 lli.

730 5853 766 5868 "
809 5840 989 5893 ῐἸιειι.
1042 5857 1098 5895 1·.
1151 5841 1168 5890 's
