4266 6446
269 398 374 460 897
1180 391 1709 451 COMMEN'I‘.\lUl
1757 391 1832 447 ΙΝ
1881 387 2580 447 ΙηζΠΤΕΙὶΗΝιΰίιΗΜ.
3454 383 3557 442 8βὸ

346 505 517 575 ΙΙρολέ
536 521 610 571 (ει
637 505 703 554 τὰ
727 505 786 553 ἐκ
822 503 1188 571 παραϐάσεως
1218 505 1405 563 αὐτοῖς
1430 505 1664 568 ὲςιῗμενα
1691 503 1856 560 ﬁse/ii,
1897 509 1931 558 Λ

1897 509 1931 558 Λ
2041 498 2294 550 Ιί·.ιι1ξ‹·ἰι,
2341 513 2469 546 veru
2533 499 2612 547 eis
2666 513 2915 563 tlllll'llltlil
2961 497 3100 544 maia
3139 511 3199 545 e\
3243 502 3556 560 transgres—

272 598 368 647 καὶ
398 597 472 657 ὡς
505 594 657 645 ἔσται
689 593 777 643 διὰ
823 593 1114 659 μετανοίας
1145 592 1408 658 σωθῆναι.
1455 593 1561 641 Καὶ
1609 591 1716 641 τῶν
1762 608 1854 657 τη-

1967 592 2121 641 siuno
2150 591 2256 639 sint
2289 597 2554 638 cvi-ntnra
2584 628 2597 646 ,
2649 598 2698 638 et
2737 586 3013 653 quuutuiln
3055 600 3145 650 per
3184 584 3556 652 pirniti-utiaut

276 689 446 754 μείων
483 686 916 753 ὑπομιμνήσκει,
973 685 1065 740 καί
1117 685 1217 750 τῆς
1275 685 1595 749 etc-saucia;
1656 683 1753 748 τῆς
1809 684 1863 732 ἐν

1970 683 2175 732 reditus
2201 679 2265 729 ad
2303 681 2422 730 salu
2453 696 2537 729 ent
2574 679 2643 729 s't
2683 679 2926 734 l'uturus,
2966 676 3396 727 runnnunelarit
3433 677 3557 725 ιιι-ιιι

275 781 423 832 Σινᾶ.
459 779 567 830 Καὶ
607 777 686 830 ὅτι
730 794 746 825 ι
787 775 1026 826 Τοιαῦτα
1073 775 1172 825 οὐκ
1222 775 1444 842 ἐποίησε
1500 775 1658 825 παντὶ
1687 765 1864 835 Έῢνεε,

1967 787 2062 823 eos
2095 772 2402 838 signorum,
2434 770 2558 820 item
2588 768 3144 836 apparitionisquam
3173 767 3223 816 in
3255 766 3382 816 Sina
3412 767 3558 818 li-eit.

276 872 370 923 καὶ
395 871 466 922 τὰ
490 871 738 938 κρίματα
773 867 936 920 αὐτοῦ
980 867 1083 920 οὐκ
1119 867 1389 937 ἐδήλωσεν
1429 869 1633 929 αὐτοῖς,
1676 887 1692 916 ι
1727 870 1866 918 κατὰ

1975 863 2217 930 Denique
2251 861 2397 929 quod
2433 861 2517 913 his
2549 871 2712 927 atque
2743 857 3054 921 huiusmodi
3101 875 3208 909 non
3247 874 3380 909 usus
3417 866 3562 909 esset

273 965 368 1015 τὸν
392 960 578 1014 Δαϐίδ.

1973 969 2097 1005 cum
2141 955 2357 1006 cunctis
2411 952 2688 1019 gentibus.
2753 949 3256 1016 Quodqucjudiria
3300 964 3396 1000 sua
3455 964 3560 998 non

1977 1043 2332 1111 patefecisset
2362 1045 2466 1107 eis,
2496 1044 2650 1110 juxta
2679 1042 2940 1092 Uavidcnt
2986 1043 3052 1092 ⁸³⁵.

354 1155 479 1207 Non
513 1171 632 1208 cum
665 1155 910 1222 patribus
937 1155 1125 1208 vestris
1151 1156 1346 1225 pepigit
1372 1156 1542 1223 foedus
1569 1158 1685 1219 hoc,
1717 1155 1808 1209 sed
1835 1157 2123 1222 vobiscum,
2177 1167 2285 1211 etc.
2345 1155 2449 1229 [3.]
2480 1157 2595 1210 Non
2638 1159 2782 1209 enim
2839 1170 2977 1222 opus
3014 1153 3245 1205 habebat
3290 1151 3564 1204 Abraham

283 1245 605 1314 posterique
637 1244 816 1313 ipsius
851 1244 1057 1298 findere
1087 1243 1258 1298 Mosis
1289 1245 1602 1298 ministerio
1627 1245 1835 1299 exciso.
1873 1244 2006 1299 Nam
2053 1247 2201 1317 justo
2236 1247 2319 1298 lex
2361 1247 2538 1314 posita
2579 1260 2684 1297 non
2721 1254 2822 1297 est.

354 1361 469 1411 Οὐκ
497 1359 605 1429 ἄρα
639 1359 707 1413 τὰ
760 1362 817 1413 ὲν
862 1359 940 1429 τῷ
973 1361 1124 1431 νόμῳ
1151 1359 1430 1423 Μωῦσέως
1465 1363 1512 1414 οἱ
1567 1362 1672 1432 πρὸ
1699 1362 1868 1414 Men?»

2053 1361 2162 1416 Nec
2203 1363 2395 1431 utique
2435 1363 2570 1429 justi
2606 1370 2871 1430 quotquot
2919 1370 3044 1412 ante
3091 1359 3294 1412 Mosen)
3349 1360 3568 1412 fuerunt

283 1451 423 1514 σέως
455 1452 761 1519 ἐφύλαττον
787 1452 1010 1506 δίκαιοι.

1979 1453 2150 1522 legem
2191 1453 2356 1506 Musis
2386 1453 2776 1507 obscrvaru:.t.

363 1583 491 1638 (lter
533 1594 712 1638 autem
747 1594 868 1638 sunt
892 1595 1179 1653 pra’cepta,
1212 1586 1604 1652 ritus,judicia
1636 1603 1752 1655 qm
1781 1587 2030 1654 prmcepit
2081 1585 2340 1638 Dominus
2396 1585 2532 1638 Dens
2570 1597 2755 1648 vester,
2792 1596 2844 1635 nt
2874 1603 2960 1636 ros
2994 1585 3235 1637 docerem
3263 1595 3315 1634 nt
3351 1584 3570 1650 faciatis

280 1687 346 1722 ea
380 1671 432 1723 in
463 1682 609 1724 terra
642 1670 709 1723 ad
735 1687 894 1739 quant
927 1687 1017 1724 vos
1065 1672 1330 1724 transitis.
1369 1671 1484 1742 [VL
1518 1671 1596 1741 1.]
1638 1672 1744 1726 Lex
1777 1675 1922 1727 enim
1959 1674 2024 1726 ab
2082 1675 2150 1725 iis
2186 1674 2278 1742 qui
2326 1682 2478 1728 extra
2532 1684 2733 1727 terram
2803 1675 3072 1736 habitant,
3120 1673 3405 1726 observari
3461 1686 3570 1725 non

287 1767 526 1828 poterat,
562 1773 665 1812 nec
696 1758 886 1827 utique
915 1758 1178 1812 omnibus
1210 1757 1293 1812 lex
1326 1764 1532 1828 scripta
1569 1761 1910 1829 congruebat
1951 1763 2192 1831 populis.

357 1896 621 1950 Βούλεται
652 1894 850 1956 αὐτοὺς
880 1893 1113 1963 μελετᾷν
1142 1893 1229 1946 ἀεὶ
1276 1895 1366 1946 τὸν
1411 1894 1598 1963 νόμον,
1629 1893 1724 1946 καὶ
1750 1895 1877 1956 τοὺς
1911 1880 1950 1934 Β

1911 1880 1950 1934 Β
2051 1891 2108 1945 1η
2164 1892 2250 1947 his
2304 1907 2434 1947 vero
2474 1893 2744 1948 sententia
2803 1893 2924 1960 ejus
2959 1901 3066 1956 est,
3121 1901 3179 1946 ut
3213 1909 3436 1963 semper
3468 1895 3571 1966 legi

283 1989 346 2055 ἐξ
379 1987 563 2042 αὐτῶν
592 1985 892 2037 διδάσκειν.
926 1983 1061 2053 Περὶ
1083 1983 1286 2045 παντὸς
1317 1981 1427 2054 γὰρ
1464 1982 1672 2034 δικαίου
1711 1985 1879 2052 φησὶν

1988 1985 2270 2049 studeant,
2292 2001 2532 2054 suosque
2569 1986 2775 2039 liberos
2809 1986 3068 2040 doceant.
3101 1985 3174 2040 De
3208 1988 3405 2056 quovis
3429 1988 3573 2040 enim

282 2084 311 2133 ὀ
353 2079 538 2133 Δαϐίδ·
576 2097 594 2129 ι
649 2078 708 2129 ’0
738 2079 902 2145 νόμος
929 2075 1024 2128 τοῦ
1072 2075 1206 2127 Θεοῦ
1258 2075 1423 2128 αὐτοῦ
1458 2077 1515 2126 ὲν
1557 2077 1754 2147 καρδέᾳ
1779 2077 1876 2128 αὺ-

1986 2076 2134 2144 justo
2167 2076 2333 2130 David
2368 2078 2581 2146 inquit:
2635 2097 2652 2127 ‹
2686 2077 2795 2130 Lex
2837 2075 2927 2131 Dei
2965 2079 3050 2132 sui
3090 2080 3142 2132 in
3167 2078 3333 2133 corde
3377 2080 3573 2148 ipsius.

282 2173 401 2239 τοῦ,
434 2177 533 2242 οὐχ
561 2169 1090 2238 ὑποσκελισοήσεται
1118 2170 1183 2221 τὰ
1217 2167 1530 2237 διαδήματα
1561 2166 1746 2222 αὑτοῦ.
1786 2187 1804 2219 ι

1989 2168 2105 2222 Non
2160 2170 2644 2223 labefai-lahnntur
2663 2180 2880 2238 gressus
2895 2169 3081 2236 ejus,"
3105 2187 3124 2221 ι
3149 2172 3399 2227 custodia
3431 2175 3575 2226 enim

1989 2262 2197 2326 cordis,
2231 2262 2362 2333 legis
2394 2255 2708 2318 observatio
2747 2272 2856 2321 est.

371 2371 473 2425 Vos
515 2374 653 2425 enim
677 2372 805 2426 estis
831 2372 1103 2438 perpauci.
1136 2369 1268 2440 μνη,
1305 2369 1384 2442 7.]
1407 2369 1558 2424 llaud
1593 2375 1771 2443 inepte
1801 2374 1866 2429 ad
1901 2377 2023 2434 illos
2054 2381 2146 2449 qui
2188 2390 2445 2451 expertes
2483 2381 2820 2436 haereditatis
2861 2390 3017 2434 erant
3049 2381 3255 2436 dictum
3285 2391 3368 2436 est
3409 2382 3576 2434 illud:

287 2461 592 2516 Pauciores
626 2461 843 2514 eunetis
876 2461 1093 2530 populis
1137 2461 1294 2525 estis,
1333 2470 1496 2529 atque
1550 2461 1686 2516 adeo
1734 2463 1991 2520 similiter
2051 2468 2178 2521 huic
2226 2485 2236 2520 :
2277 2487 2295 2519 i
2339 2466 2507 2523 Pauci
2566 2485 2657 2538 qm
2715 2479 3013 2523 servantur
3050 2469 3117 2523 ⁸⁷.
3163 2488 3181 2519 ι
3232 2467 3360 2522 ltem
3405 2469 3576 2522 huic:

294 2571 310 2602 ι
346 2551 682 2605 Contendite
707 2549 921 2620 ingredi
953 2565 1048 2619 per
1083 2556 1293 2602 arctam
1333 2559 1547 2618 portam
1576 2550 1639 2601 ⁵⁸.
1685 2570 1702 2602 ι

369 2639 725 2692 Frumentum
755 2649 932 2702 tuum,
972 2638 1150 2691 vinum
1184 2647 1353 2700 tuum,
1385 2649 1432 2690 et
1463 2638 1637 2691 oleum
1668 2649 1836 2691 tuum.
1868 2640 2010 2713 “3.1
2043 2642 2134 2698 Dei
2168 2645 2312 2698 enim
2350 2645 2610 2715 legitimis
2644 2647 2770 2700 ﬁliis
2800 2654 2989 2701 sancte
3017 2663 3080 2699 ac
3116 2647 3355 2700 feliciter
3390 2649 3584 2700 cedent

291 2728 499 2782 Christi
530 2727 928 2798 mysteriorum
989 2726 1338 2795 participatio
1371 2734 1424 2778 et
1462 2743 1583 2795 quae
1615 2742 1709 2796 per
1749 2727 2014 2798 Spiritum
2052 2741 2304 2786 sanctum
2359 2735 2415 2786 lit
2459 2736 2667 2787 unctio.
2699 2736 2801 2799 Qui
2832 2737 3021 2803 utique
3055 2737 3121 2787 ah
3156 2734 3582 2805 :rgritudinibus

295 2825 495 2876 anima:
520 2822 676 2876 liberi
709 2828 840 2874 sunt
871 2834 934 2874 ac
971 2821 1266 2873 immunes.
1299 2817 1522 2873 Necnon
1559 2835 1688 2873 vero
1736 2820 1915 2874 anima
1946 2818 2039 2873 Dei
2073 2822 2321 2876 studiosa
2349 2823 2435 2877 his
2471 2821 2811 2879 fertilissima
2836 2831 2940 2889 est,
2973 2839 3113 2892 quas
3147 2835 3328 2878 tamen
3361 2826 3583 2877 virtutis

294 2911 558 2983 operibus
594 2910 833 2980 repellit,
869 2918 1036 2979 atque
1063 2908 1318 2963 discutit.

368 2999 639 3067 Quoniam
671 3015 796 3069 gens
841 2997 952 3052 hac
981 3013 1063 3051 me
1089 2997 1324 3064 anrplior
1354 3005 1452 3049 est.
1503 2993 1644 3067 [17.]

379 3131 471 3185 Ἐν
499 3133 564 3202 τῇ
604 3130 803 3200 Ἐξόδῳ
840 3130 1285 3202 παραθαρρύνων
1319 3131 1541 3197 αὐτοὺς,
1581 3130 1888 3194 δεδοικότας

2072 3131 2133 3185 In
2175 3129 2365 3185 Exodo
2401 3146 2527 3184 cum
2562 3131 2922 3187 confirmaret
2943 3147 3040 3188 eos
3069 3133 3275 3189 veritos
3305 3133 3592 3206 Egyptio-

297 3223 407 3277 τῶν
441 3224 760 3291 Αἰγυπτίων
787 3223 886 3295 τὴν
919 3220 1156 3294 δύναμιν
1178 3262 1195 3288 ,
1233 3223 1443 3292 ἔφασκε
1464 3240 1476 3252 ·
1514 3242 1532 3274 ι
1567 3223 1770 3294 Κύριος
1798 3239 1894 3276 πο·-

2000 3235 2122 3276 rum
2157 3225 2319 3287 vires,
2349 3223 2527 3292 inquit
2564 3240 2578 3275 :
2622 3242 2639 3274 ‹
2675 3222 2940 3278 Dominus
2972 3225 3342 3295 propugnabit
3369 3242 3467 3294 pro
3493 3241 3592 3282 vo-

297 3317 532 3386 λεμήσει
588 3315 731 3386 ὑπὲρ
788 3316 964 3386 ὑμῶν,
1013 3315 1109 3369 καὶ
1164 3316 1323 3385 ὑμεῖς
1367 3316 1679 3386 σιγήσεσοε.
1719 3335 1737 3367 ›
1781 3315 1896 3368 Ἐν·
1942 3384 1965 3386 A

1942 3384 1965 3386 Α
2003 3313 2111 3378 bis,
2150 3329 2360 3384 vosque
2412 3316 2712 3384 quiescetis
2750 3316 2816 3368 ⁵³.
2867 3334 2884 3367 ι
2934 3315 3034 3370 llic
3077 3333 3205 3371 vero
3257 3320 3587 3372 memoriam

297 3384 478 3463 ταῧόα
511 3409 569 3463 δὲ
612 3384 719 3463 «In;
759 3384 863 3482 re},
925 3409 1160 3480 δυνάμει
1207 3384 1350 3462 γε)εοῦ
1397 3384 1900 3480 καιηγωνισμένων
1928 3384 1973 3442 c

1693 3409 1900 3480 πμένων
1928 3384 1973 3442 c
2006 3421 2196 3461 eorum
2223 3407 2316 3478 qui
2341 3407 2434 3464 Dei
2469 3409 2674 3464 virtute
2699 3408 2902 3465 devicti
2938 3418 3069 3465 sunt
3103 3410 3378 3466 reiricuit.

299 3502 522 3574 ὑπέμνη
533 3518 610 3555 π.

377 3638 589 3694 Cuncta
620 3638 882 3692 mandata
915 3637 1045 3693 Iuec.
1081 3634 1245 3709 [\'ll|,
1280 3635 1358 3708 1.]
1402 3635 1520 3690 Non
1573 3636 1732 3690 aliter
1781 3642 1982 3706 prmter
2015 3633 2271 3703 pristina,
2302 3648 2365 3688 ea
2401 3635 2516 3705 ipsa
2565 3650 2697 3690 vero
2744 3637 2874 3692 hinc
2925 3635 3235 3692 claritatem
3291 3638 3598 3695 asciscunt.

300 3729 580 3783 Craterum
613 3726 990 3781 inﬁrmitatem
1023 3740 1137 3796 prae
1170 3740 1231 3781 se
1265 3723 1508 3780 ferentes
1536 3740 1564 3777 a
1616 3727 1781 3780 rebus
1813 3722 2114 3779 sensilibus
2151 3736 2215 3775 ac
2248 3724 2623 3792 temporaneis
2655 3733 2875 3780 avocat.

378 3815 447 3869 Et
487 3813 855 3869 recordaberis
890 3813 1127 3866 universi
1170 3813 1405 3878 itineris,
1464 3829 1556 3880 per
1612 3816 1752 3882 quod
1809 3810 2029 3865 deduxit
2069 3819 2116 3864 te
2172 3810 2433 3866 Dominus
2488 3811 2630 3867 Deus
2696 3824 2839 3868 tuus.
2878 3811 2980 3886 [2.]
3016 3811 3071 3867 Si
3114 3814 3237 3885 ejus
3273 3817 3600 3872 recordatus

303 3905 505 3968 fueris,
533 3904 586 3956 in
612 3902 1022 3957 tentationibus
1054 3902 1288 3972 reliquis
1315 3918 1426 3956 non
1465 3900 1627 3956 facile
1658 3900 1972 3956 collaberis.
2029 3897 2242 3953 Etenim
2290 3899 2456 3954 David
2523 3917 2646 3956 cum
2678 3903 2890 3957 solidus
2935 3905 2986 3958 in
3017 3902 3129 3957 Deo
3162 3916 3330 3966 esset,
3366 3907 3545 3974 inquit
3584 3926 3597 3962 :

308 4014 326 4046 ι
366 3994 544 4048 Proba
579 4008 687 4055 me,
723 3993 975 4056 Domine,
1009 4002 1062 4046 et
1091 4007 1188 4046 cor
1218 4007 1398 4046 meum
1426 3992 1649 4060 explora
1681 3990 1747 4044 ‘°.
1786 4009 1803 4040 ι
1840 3988 1972 4042 Item
2002 4004 2014 4039 :
2066 4007 2082 4038 ι
2118 3987 2369 4042 Probasti
2405 4004 2526 4054 nos,
2563 3999 2616 4044 et
2675 3993 2900 4045 tentasti
2945 4008 3064 4055 nos,
3127 3995 3600 4062 quemadmodum

304 4092 554 4138 tentatur
583 4091 872 4152 argentum
903 4079 970 4134 “.
1012 4099 1031 4131 ι
1062 4080 1142 4134 Ad
1181 4079 1442 4134 Davidem
1471 4078 1599 4133 item
1630 4077 1810 4148 inquit
1843 4077 1985 4132 Deus
2016 4096 2029 4131 :
2063 4097 2081 4130 ι
2123 4077 2202 4131 An
2247 4086 2408 4147 putas
2441 4092 2527 4133 me
2582 4081 2688 4132 alia
2739 4081 2952 4136 ratione
2985 4089 3167 4136 tecum
3197 4083 3399 4152 egisse,
3433 4099 3600 4153 quam

304 4181 367 4228 ut
403 4186 703 4242 appareres
729 4169 963 4239 justus?
1005 4187 1024 4221 ι
1053 4166 1216 4223 Tales
1249 4183 1344 4223 eos
1384 4181 1508 4223 esse
1533 4170 1732 4222 asserit
1766 4165 2027 4236 parabola
2060 4167 2154 4236 qui
2209 4181 2377 4235 super
2415 4178 2623 4237 petram
2660 4169 2857 4225 domos
2916 4178 3317 4224 exstruxerunt
3371 4173 3435 4226 ".
3497 4172 3601 4238 Qui

301 4263 528 4334 quidem
559 4276 655 4331 per
684 4259 865 4330 ignem
892 4267 947 4315 et
972 4273 1172 4329 aquam
1199 4257 1452 4322 eluctati,
1485 4258 1538 4312 iu
1574 4257 1923 4327 refrigerium
1955 4256 2381 4316 contenderunt,
2418 4265 2473 4311 et
2521 4257 2807 4326 spirituale
2842 4274 3045 4312 manna
3081 4274 3469 4329 perceperunt.
3514 4262 3604 4316 lu-
3633 4245 3636 4250 ’

327 4333 640 4405 ellexcrunt
671 4363 804 4402 vero
844 4362 953 4402 non
985 4347 1105 4402 solo
1135 4362 1274 4416 pane
1309 4333 1586 4400 hominem
1627 4345 1898 4408 victitare,
1953 4360 2139 4399 verum
2173 4361 2286 4400 uno
2321 4363 2544 4417 quoque
2574 4334 2744 4403 verbo
2768 4349 2913 4418 quod
2944 4365 3040 4417 per
3069 4364 3131 4402 os
3164 4347 3258 4403 Dei
3291 4351 3594 4420 egreditur.

309 4439 427 4495 tloe
459 4438 607 4492 etiim
637 4437 710 4491 ibi
743 4435 973 4508 quidem
995 4435 1209 4490 dictum
1242 4443 1350 4499 est,
1386 4434 1612 4487 allatum
1641 4447 1771 4487 vero
1803 4446 1832 4484 a
1871 4433 2166 4485 Servatore
2198 4433 2249 4485 in
2289 4434 2598 4490 certamine
2653 4445 2846 4489 contra
2883 4435 3158 4488 diabolum
3187 4446 3272 4490 est
3301 4437 3364 4499 ⁸³,
3399 4436 3596 4492 Setva-

308 4542 453 4592 iure,
492 4527 743 4596 inquam,
782 4526 874 4599 qui
917 4534 972 4580 et
1004 4533 1246 4580 veterem
1275 4535 1329 4578 et
1374 4539 1570 4578 novam
1605 4523 1774 4592 legem
1811 4521 2014 4576 sanxit.
2046 4521 2314 4576 Caeterum
2355 4534 2481 4577 ante
2505 4539 2706 4578 manna
2755 4525 3072 4579 l'ruitionem
3123 4525 3309 4594 priore
3338 4527 3598 4581 alimento

306 4627 598 4687 assumpto
632 4615 884 4670 amictari
909 4632 974 4669 ac
1011 4614 1318 4670 [umescere
1342 4623 1579 4682 oportet.
1608 4611 1780 4664 Porro
1811 4611 2034 4664 verbum
2082 4626 2280 4664 manna
2336 4621 2475 4675 erat,
2510 4612 2637 4667 licet
2670 4615 2830 4684 panis
2875 4630 3097 4683 quoque
3127 4622 3296 4679 esset,
3335 4608 3600 4685 quemad-

306 4707 536 4763 modum
567 4704 748 4760 Moses
776 4706 943 4759 etiam
975 4703 1452 4774 interrogantibus
1487 4701 1785 4771 respondet
1821 4716 1835 4753 :
1902 4717 1919 4751 ι
1963 4699 2069 4754 lste
2103 4707 2185 4754 est
2236 4702 2393 4768 panis
2429 4717 2597 4770 queui
2659 4702 2928 4758 Dominus
2979 4703 3141 4758 nobis
3198 4706 3600 4760 comedendum

305 4796 572 4866 apposuit
604 4794 672 4846 “.
711 4812 729 4844 ι
768 4791 921 4847 Istud
950 4791 1113 4864 437
1139 4802 1222 4846 est
1256 4792 1482 4846 verbum
1521 4789 1668 4859 quod
1703 4791 1883 4844 sanxit
1925 4787 2212 4852 Dominus,
2253 4789 2399 4844 unde
2428 4805 2561 4845 sane
2601 4792 2781 4845 tennis
2821 4801 2874 4845 ρι
2909 4792 3069 4846 albus
3102 4794 3288 4847 (ιίριιιε
3316 4805 3421 4848 εει,
3451 4794 3607 4850 Exi“,

305 4887 458 4939 enim
483 4883 710 4937 verbum
742 4889 852 4946 est,
877 4890 931 4936 et
961 4883 1071 4936 tale
1101 4880 1248 4951 quod
1278 4881 1578 4948 pertransit
1610 4889 1841 4932 cunctos
1877 4877 2105 4946 Spiritus
2176 4878 2564 4949 intelligentes,
2619 4881 2878 4948 numdos,
2937 4882 3319 4938 tenuissin'ios.
3372 4882 3606 4942 Necnon

314 4989 441 5028 vero
465 4974 583 5040 ipsa
620 4985 846 5041 quoque
881 4969 1151 5039 sapientia
1189 4969 1425 5039 spiritus
1459 4977 1542 5022 est
1567 4968 1902 5037 intelligens.
1942 4975 2194 5029 sanctus,
2227 4967 2523 5038 unigenus,
2567 4969 2806 5038 amplus,
2835 4971 3040 5025 tenuis.

387 5088 521 5144 Erat
548 5104 712 5159 porro
737 5087 917 5142 sistite
948 5103 1115 5158 grano
1149 5087 1442 5140 coriandri.
1483 5083 1644 5156 [Vl|l,
1681 5084 1761 5154 3.]
1794 5082 2048 5137 Tradunt
2101 5083 2383 5138 coriandri
2434 5095 2689 5138 naturam
2727 5087 2952 5155 penitus
2999 5087 3196 5141 semini
3250 5089 3605 5157 respondere,

309 5182 453 5234 adeo
486 5191 546 5233 ut
579 5180 624 5233 si
656 5177 983 5233 succidatur
1007 5179 1174 5232 etiam
1208 5175 1490 5230 coriandri
1527 5191 1737 5236 semen,
1788 5174 1892 5227 vim
1927 5188 2083 5226 suam
2119 5189 2228 5226 non
2263 5173 2507 5238 amittat,
2544 5182 2600 5228 ut
2644 5177 2880 5230 sententi
2917 5175 3177 5229 idoneum
3215 5180 3453 5247 amplius
3499 5195 3607 5232 non

309 5270 570 5322 rxsistat.
609 5265 941 5335 Huiusmodi
993 5268 1224 5318 verbum
1278 5272 1364 5318 est
1396 5262 1642 5325 omnino,
1696 5262 1858 5330 cujus
1909 5263 2092 5315 omnis
2126 5263 2393 5331 particula
2444 5264 2510 5316 ad
2545 5272 2707 5318 terra:
2760 5267 2970 5320 cultum
3007 5277 3203 5319 natura
3241 5279 3368 5337 apta
3409 5278 3516 5333 est,
3561 5271 3605 5324 si

313 5358 611 5412 mandetur
645 5357 956 5409 commodae
1010 5365 1064 5408 et
1097 5355 1254 5408 bonze
1290 5363 1474 5416 terrae,
1503 5353 1602 5405 hoc
1631 5360 1716 5404 est
1766 5352 1983 5404 animm.
2021 5349 2116 5404 Est
2171 5361 2337 5419 porr'o
2385 5352 2570 5407 album
2603 5354 2792 5405 etiam.
2827 5352 3033 5406 Lumen
3085 5355 3231 5407 enim
3270 5356 3494 5409 verbum
3525 5367 3609 5424 est.

316 5448 482 5516 idque
518 5445 896 5513 splendidum,
949 5458 1013 5497 ac
1054 5443 1288 5511 proinde
1332 5453 1554 5512 queque
1593 5441 1777 5494 album
1812 5441 1990 5509 ipsum
2020 5440 2350 5508 intelligenti
2382 5441 2450 5494 ab
2481 5456 2657 5511 eoque
2697 5443 2928 5494 nutrito.
2964 5442 3060 5496 Est
3093 5442 3219 5496 item
3255 5446 3371 5498 saxi
3405 5447 3603 5499 simile.

313 5539 645 5588 tloutortiun
687 5534 896 5586 etenim
931 5541 1036 5596 est,
1068 5541 1122 5586 et
1149 5531 1470 5599 neutiquam
1501 5528 1816 5592 ﬂaccidum,
1852 5543 2029 5597 neque
2086 5525 2315 5593 iliixum,
2349 5544 2538 5583 verum
2589 5545 2837 5586 saxeum.
2884 5532 3121 5586 Casii-ste
3153 5533 3353 5602 quippe
3380 5535 3605 5588 verbum

313 5634 419 5687 est,
454 5636 521 5674 ac
555 5621 718 5675 nobis
753 5622 1007 5677 caelestia
1043 5620 1336 5690 promittit.

392 5810 434 5837 ’κδ
466 5806 610 5859 l’sal.
645 5818 849 5867 cum,
885 5802 940 5855 9.
1056 5800 1101 5831 ⁵⁸
1137 5798 1286 5852 Psal.
1318 5812 1504 5854 xxxvi.
1541 5795 1629 5867 5i,
1874 5793 1917 5822 ⁸⁷
1945 5790 2076 5867 ls_a._

1916 5790 2245 5867 ‘ls_a._itxlv,
2414 5795 2458 5826 ⁵³
2492 5795 2691 5850 Matth.
2726 5815 2822 5862 ru,
2861 5799 2945 5851 15.
3053 5802 3099 5832 δ’
3145 5802 3316 5857 Evoti.
3357 5817 3468 5866 MV,
3521 5801 3601 5854 l2.

324 5879 367 5906 ⁸⁵³
409 5877 558 5932 l'sal.
607 5893 733 5942 xxv,
768 5863 846 5927 9.(
904 5873 946 5902 ⁶¹
978 5871 1124 5929 Psal.
1160 5885 1284 5938 va,
1333 5871 1417 5923 l0.
1496 5868 1539 5898 θ’
1576 5865 1771 5920 Matth.
1812 5880 1908 5928 vn,
1941 5863 2009 5916 Ἣ

1607 5866 1771 5920 laltb.
1812 5880 1908 5928 vit,
1941 5863 2147 5930 Ἡ,
2211 5866 2252 5897 ⁸³
2286 5865 2478 5923 .‘dattlt.
2522 5885 2590 5933 Iv,
2625 5869 2677 5923 4.
2760 5871 2804 5901 ⁸³
2847 5871 3017 5926 iixod.
3062 5889 3173 5933 xw,
3235 5875 3292 5928 l5
