4266 6446
303 384 401 447 901
1203 393 1737 453 CUMMENTARII
1766 394 1844 453 ΙΝ
1887 394 1961 453 Di

2006 394 2581 453 ἱῖΤΕῐὶῌΝυῗιΗυΜ.
3462 394 3563 457 (διὶὲ

373 493 493 547 .Ι;ιιιι
530 507 658 544 vero
704 502 758 544 ut
810 509 908 546 nec
930 509 1078 561 .opus
1111 495 1408 551 laterilium
1439 501 1713 559 omittam.
1742 517 1849 554 non
1883 502 2063 570 magni
2097 520 2162 553 eo
2200 501 2418 554 labores
2449 502 2543 554 libi
2573 501 2826 555 sumendi
2853 509 3035 564 erunt,
3072 516 3194 552 f‘ltlll
3231 505 3398 555 duros
3429 505 3567 573 lapi—

302 582 349 630 d.
375 597 401 633 s
431 589 485 633 et
514 579 765 632 a-dilieiis
798 589 955 647 aptos
991 580 1214 635 habeas.

334 690 571 763 .131“,
631 691 802 758 φησι,
855 691 949 743 καὶ
1002 693 1241 761 μέταλλα
1292 696 1511 764 χαλκοῦ.
1558 698 1734 753 Πάλαι
1783 700 1890 768 γὰρ
1921 688 1961 741 Α

300 779 445 834 εἷπε.
476 782 640 850 Δηλοῖ
667 782 723 835 δὲ
768 785 800 853 ή
854 784 1018 853 μέχρι
1050 786 1145 837 καὶ
1194 786 1289 838 νῦν
1320 790 1377 842 ἐν
1417 789 1745 861 Παλαιστίνῃ
1776 793 1883 845 τῶν

300 872 585 942 χαλκικῶν
626 873 845 925 Ἰούϐιον
868 876 1090 927 ἀτέλεια
1114 891 1127 906 ο
1162 876 1278 930 ἔστι
1306 879 1361 931 δὲ
1386 880 1588 949 μέτρον
1617 881 1719 951 γῆς
1754 885 1883 946 ἴσως

301 966 413 1027 τοῖς
437 964 606 1018 πάλαι
637 965 1033 1033 μεταλλευταῖς
1067 968 1496 1038 χορηγούμενον.

2066 697 2239 752 Ilabet
2276 699 2429 762 item,
2465 700 2663 769 inquit,
2705 702 2830 755 reris
2880 702 3119 765 metalla,
3170 702 3417 769 quinimo
3458 702 3563 756 du-

1989 789 2115 842 dum
2154 790 2362 842 habuit.
2399 791 2735 860 Argumento
2762 808 2890 847 vero
2913 802 3018 856 est,
3044 808 3164 861 qua:
3194 795 3370 845 adhuc
3400 795 3564 847 etiam

1990 878 2042 931 in
2081 879 2365 932 Palmstiiia
2390 881 2514 933 aeris
2547 879 2816 934 Jubornm
2866 882 3083 936 duravit
3112 882 3277 953 5,38
3304 883 3558 937 immuni-

1992 974 2097 1024 tas.
2133 971 2231 1023 E~t
2265 986 2392 1023 vero
2425 980 2583 1025 terrm
2617 988 2873 1027 mensura
2905 978 3149 1045 antiquis
3186 978 3416 1031 fortasse
3440 978 3566 1031 teris

1989 1062 2394 1115 serutaloribus
2426 1064 2790 1132 suppeditata.

375 1171 453 1223 Ac
496 1169 549 1222 in
585 1184 803 1223 suunna
836 1184 965 1223 vero
992 1168 1251 1224 eninibus
1288 1171 1452 1224 bouis
1479 1168 1787 1223 aflluituros
1811 1181 1956 1232 esse,
1994 1180 2159 1241 atque
2192 1174 2512 1243 largitorem
2544 1191 2735 1229 eorum
2771 1176 3105 1231 laudandum
3142 1179 3564 1236 celebrandum-

304 1272 413 1327 quc
459 1270 604 1311 esse.
656 1255 905 1321 Quorum
947 1256 1169 1325 quidem
1240 1257 1363 1311 loco
1412 1272 1637 1326 regnum
1689 1254 1955 1310 emlorum
2001 1265 2315 1328 terramque
2375 1272 2788 1317 mansuetorum
2853 1263 3109 1318 Christus
3150 1266 3311 1318 nobis
3352 1266 3564 1331 tribuit,

304 1344 465 1414 cujus
497 1352 717 1404 torrens
770 1343 888 1413 ipse
929 1359 1152 1413 quoque
1190 1342 1449 1399 Christus
1482 1354 1586 1398 est.
1633 1362 1651 1395 ι
1677 1341 1944 1396 Torrente
1998 1346 2144 1398 enim
2202 1348 2528 1401 deliciarum
2585 1359 2801 1402 tuarum
2840 1352 3054 1418 potahis
3094 1367 3189 1405 eos
3217 1353 3284 1406 ⁷ο.
3320 1372 3337 1404 ι
3388 1354 3515 1407 Item
3551 1374 3564 1408 :

312 1453 331 1485 ι
354 1433 626 1487 Fluminis
657 1433 799 1487 alvei
829 1432 1112 1486 civitatem
1144 1430 1236 1487 Dei
1280 1433 1597 1486 exhilarant
1622 1434 1692 1485 τ’.
1732 1449 1751 1482 ι
1788 1430 1893 1495 Qui
1925 1430 2090 1484 etiam
2140 1434 2262 1487 vita:
2292 1435 2497 1489 fontem
2537 1451 2595 1490 se
2626 1452 2748 1491 esse
2778 1437 2933 1499 dicit,
2967 1446 3022 1492 et
3062 1439 3213 1492 addit
3246 1454 3261 1492 :
3300 1459 3318 1491 ι
3354 1438 3410 1495 Si
3440 1441 3567 1510 quis

307 1522 447 1586 sitit,
478 1521 665 1575 veniat
712 1528 766 1573 et
799 1519 972 1584 bibat,
1002 1534 1069 1574 ex
1115 1527 1309 1574 ventre
1359 1521 1504 1573 enim
1549 1518 1788 1572 bibentis
1839 1515 2062 1572 flumina
2104 1521 2243 1575 viva:
2294 1535 2452 1591 aqua:
2502 1523 2750 1577 salientis
2786 1524 2839 1578 in
2888 1525 3055 1578 vitam
3089 1535 3349 1579 aeternam
3381 1542 3568 1581 crum-

306 1617 439 1676 pent
468 1608 539 1661 τ’.
570 1626 588 1659 ι
621 1607 1045 1676 Cognoscentur
1073 1620 1237 1675 porro
1277 1612 1442 1659 etiam
1469 1603 1680 1659 Domini
1710 1604 1942 1673 judicia,
1990 1618 2142 1661 vasta
2175 1624 2295 1678 qua:
2337 1610 2568 1679 abyssus
2603 1619 2751 1670 sunt.
2808 1620 2862 1665 et
2913 1612 3184 1680 profunda
3224 1612 3566 1681 divitiarum,

308 1699 597 1768 sapientia:
634 1708 690 1752 et
737 1696 1074 1767 cognitionis
1118 1696 1319 1750 divinae
1377 1710 1546 1777 vena;
1589 1697 1826 1765 abyssus
1873 1694 2017 1748 enim
2054 1695 2255 1747 vallum
2294 1696 2468 1764 ipsius
2500 1697 2567 1748 ⁷³.
2624 1696 2896 1751 Caeterum
2935 1712 3090 1767 aqua:
3134 1715 3232 1769 per
3261 1701 3568 1770 explicatos

307 1787 594 1840 hominum
658 1786 1065 1840 submissorum
1118 1783 1498 1852 fertiliumque
1543 1798 1768 1852 campos
1836 1792 2149 1850 erumpunt,
2211 1798 2426 1837 necnon
2476 1799 2574 1854 per
2624 1794 2840 1840 montes
2916 1786 3257 1842 sublimitate
3321 1790 3569 1845 etelestis

310 1874 714 1945 speeulationis
744 1874 1020 1929 sublatos.
1055 1871 1170 1926 Illic
1201 1883 1287 1927 est
1319 1872 1651 1927 frumentum
1685 1871 1831 1940 quod
1864 1884 1957 1924 cor
1987 1869 2228 1923 hominis
2258 1873 2570 1924 confirmat.
2602 1870 2733 1926 Item
2797 1871 3063 1927 hordeum
3104 1875 3248 1944 quod
3292 1876 3569 1932 inferioris

309 1962 480 2017 sortis
514 1961 789 2022 homines.
832 1975 935 2015 nec
969 1975 1079 2014 non
1108 1961 1314 2015 multos
1337 1962 1536 2016 nutrit.
1571 1958 1704 2013 Illud
1742 1959 1887 2013 enim
1918 1957 2162 2028 quinque
2195 1959 2364 2012 millia
2398 1961 2451 2013 in
2498 1958 2812 2031 Evangelia,
2853 1962 2957 2016 hoc
2999 1978 3126 2016 vero
3166 1971 3371 2030 septem
3401 1965 3568 2019 millia

308 2050 607 2103 exsatiavit
644 2048 707 2101 ⁷³.
749 2050 867 2101 Illic
910 2063 1037 2103 vera
1072 2049 1199 2103 vitis
1230 2049 1431 2116 est,de
1469 2062 1577 2118 qua
1617 2047 1879 2100 Servatur
1928 2045 2104 2114 inquit
2138 2065 2150 2099 :
2198 2067 2216 2098 ι
2253 2048 2362 2116 Ego
2393 2049 2520 2101 vitis
2552 2064 2698 2112 sum,
2736 2064 2832 2103 vos
2878 2050 3225 2119 palmites".
3268 2070 3286 2103 ι
3332 2051 3448 2107 Illic
3482 2062 3569 2109 est

309 2139 491 2193 oleum
533 2147 854 2190 sanctorum
890 2128 1243 2208 impiuguans
1270 2137 1470 2204 capita.
1511 2136 1581 2189 Ita
1621 2151 1840 2204 quoque
1874 2132 2075 2187 ﬂuenta
2118 2143 2247 2189 sunt
2278 2136 2621 2190 dulcedinem
2675 2138 2815 2190 intra
2860 2154 2919 2193 se
2970 2137 3222 2205 ferentia,
3256 2142 3569 2212 polititeque

311 2226 672 2281 acerbitatem
710 2226 1022 2280 forinsecus
1054 2226 1534 2280 circumlabentia.
1571 2224 1688 2278 Illic
1741 2226 1898 2287 ficus,
1929 2238 2049 2292 quae
2094 2238 2287 2292 magna
2319 2224 2568 2277 ubertate
2597 2224 2826 2293 spiritus
2856 2228 3183 2281 suavitatem
3236 2230 3429 2298 gignit,
3461 2245 3568 2285 non

310 2330 374 2367 ca
404 2313 626 2383 quidem
670 2328 789 2383 quze
822 2314 1173 2369 sterilitatem
1212 2324 1455 2384 propter,
1486 2328 1549 2366 ac
1582 2312 1836 2366 foliorum
1870 2312 2088 2365 inanem
2116 2320 2369 2365 ornatum
2420 2313 2657 2365 exaruit.
2696 2312 2810 2366 Illic
2864 2315 2968 2368 mel
3019 2325 3106 2369 est
3137 2335 3149 2369 :
3176 2315 3414 2372 dulcedo
3450 2316 3571 2372 fau-

310 2403 459 2456 cium
495 2400 812 2457 Servatoris
851 2400 1183 2466 desiderata,
1218 2417 1381 2470 quam
1412 2402 1553 2455 labia
1587 2415 1807 2470 quoque
1840 2396 2068 2468 Sponsm
2097 2399 2149 2451 in
2181 2398 2411 2452 Cantico
2445 2399 2756 2454 stillaliuut.
2799 2419 2816 2452 ι
2843 2399 3044 2455 Favqu
3084 2404 3228 2456 enim
3263 2406 3569 2470 stillabunt,

314 2490 521 2559 inquit,
566 2491 712 2543 labia
751 2497 866 2554 tua,
902 2505 1108 2561 sponsa
1142 2491 1209 2546 ⁷⁸.
1259 2510 1276 2541 ι
1320 2490 1430 2544 Illic
1467 2489 1677 2558 lapides
1728 2488 1913 2549 ferrei,
1946 2487 2124 2540 sautti
2178 2502 2341 2552 super
2375 2497 2517 2539 terra
2570 2489 2817 2551 volutati,
2865 2490 3329 2558 quemadmodum
3363 2493 3571 2549 dictum

311 2592 415 2643 est,
448 2590 503 2634 ιι
538 2581 602 2633 ad
631 2583 970 2636 tentationes
1006 2582 1230 2635 infracti
1260 2584 1327 2636 ⁷⁷.
1360 2579 1468 2635 Nec
1495 2582 1641 2635 enim
1673 2587 1843 2633 :estus
1886 2590 1985 2628 nec
2038 2582 2315 2626 torrentes
2350 2574 2525 2642 rapidi
2576 2589 2670 2626 eos
2708 2576 3160 2645 absumpserunt.
3206 2577 3336 2632 Item
3389 2581 3517 2634 alibi
3555 2598 3568 2634 :

318 2690 335 2719 ι
371 2671 427 2722 In
464 2681 668 2722 terram
703 2679 953 2724 samtam
986 2671 1125 2739 lapis
1158 2686 1263 2723 non
1306 2669 1659 2740 importatur,
1684 2668 1897 2735 lapides
1930 2664 2075 2717 enim
2116 2651 2235 2729 ejus
2291 2661 2451 2713 ferrei
2482 2671 2610 2716 sunt
2636 2664 2700 2715 ⁷⁸.
2739 2682 2758 2714 ι
2791 2663 2932 2729 Quin
2975 2677 3027 2719 et
3059 2667 3176 2735 ipse
3206 2665 3350 2723 Deus
3378 2667 3570 2723 Ilicro-

314 2758 543 2828 Solyma!
570 2756 885 2816 denuntiat.
923 2773 1024 2827 pro
1061 2758 1337 2828 lapidibus
1373 2758 1663 2810 allaturam
1714 2770 1835 2807 esse
1874 2751 1954 2805 fer

2009 2750 2168 2801 nu".
2217 2747 2371 2812 Quod
2437 2748 2489 2800 in
2540 2766 2735 2803 manus
2797 2752 3041 2806 hostium
3097 2752 3313 2809 Israelis
3352 2772 3458 2809 non
3505 2759 3577 2811 sit

314 2846 665 2904 tradendum.
709 2843 803 2897 sed
840 2846 1045 2914 populo
1079 2845 1172 2914 qui
1210 2844 1378 2899 Deum
1404 2842 1686 2912 cognitum
1734 2840 1931 2893 habeat
1972 2838 2235 2906 :quaudo
2266 2836 2518 2890 videlicet
2547 2853 2672 2891 eum
2710 2838 2924 2907 gladios
2968 2840 3022 2893 in
3052 2858 3301 2895 vomeres
3338 2855 3577 2898 contun-

313 2930 529 2986 dendos
567 2945 693 2986 esse
717 2931 877 2994 dicit,
909 2943 963 2985 et
995 2932 1216 2985 lanceas
1248 2932 1301 2985 in
1338 2931 1508 2984 falces
1545 2930 1629 2994 "°;
1661 2938 1773 2981 tum
1818 2942 1847 2980 e
1896 2934 2090 2978 contra
2123 2940 2375 2978 vomeres
2406 2923 2457 2975 in
2500 2922 2734 2991 gladios,
2769 2936 2820 2978 et
2860 2925 3031 2980 falces
3062 2928 3113 2980 in
3152 2928 3358 2983 hastas.
3404 2931 3577 2985 Antho

312 3019 459 3072 enim
491 3032 589 3087 per
616 3018 919 3088 prophetas
949 3034 1051 3073 suo
1083 3029 1327 3089 tempore
1373 3018 1636 3085 Israelitis
1667 3024 1795 3068 sunt
1844 3013 2110 3082 injuucta.
2148 3011 2265 3063 Illic
2299 3011 2514 3062 metalla
2549 3012 2674 3066 teris
2702 3029 2767 3065 ex
2803 3028 2913 3082 quo
2949 3024 3280 3069 armaturam
3315 3018 3579 3088 spiritua-

316 3109 444 3169 lem,
470 3116 668 3158 contra
704 3107 851 3160 vires
882 3106 1137 3160 inimicas
1167 3108 1454 3169 certaturi,
1486 3107 1886 3158 instruxerunt.
1924 3098 2124 3153 ΙΙοι-ιιιιι
2155 3104 2400 3151 omnium
2442 3114 2570 3152 vero
2610 3110 2775 3167 caput
2816 3118 2910 3155 seu
2957 3118 3171 3157 summa
3219 3108 3438 3175 proprie
3471 3117 3576 3173 est,

315 3205 375 3248 nt
416 3196 599 3250 'Deum
636 3194 860 3249 Iattdent
902 3204 1067 3265 atque.
1123 3195 1424 3250 celebrent.
1472 3195 1741 3248 (Steterunt
1787 3199 1844 3242 ut
1899 3188 2153 3257 pietatem
2207 3187 2317 3241 illis
2368 3189 2715 3241 eouuuendet
2765 3190 3171 3258 liberationem,
3202 3209 3267 3247 ex
3316 3197 3581 3251 servitute

316 3282 648 3355 Egyptiaea
685 3283 738 3335 in
772 3284 1098 3336 memoriam
1134 3281 1379 3336 adducit.
1427 3281 1557 3336 Item
1583 3280 1829 3333 onmium
1884 3290 2063 3329 rerum
2115 3276 2558 3328 necessariarum
2610 3278 3109 3345 suppeditationem
3146 3298 3311 3350 quam
3378 3284 3429 3337 in
3486 3286 3581 3339 de—

316 3381 468 3427 serto
492 3370 577 3425 eis
609 3369 764 3436 fecit,
796 3377 855 3423 ut
884 3385 980 3425 eos
1007 3369 1073 3424 ad
1110 3368 1516 3425 confessionem
1547 3367 1710 3419 talem
1745 3365 1928 3433 adigat
1960 3381 1973 3416 :
2012 3381 2028 3413 ι
2062 3361 2151 3415 Dei
2180 3364 2358 3416 nostri
2387 3378 2487 3432 ope
2527 3379 2613 3417 ex-
2642 3366 2807 3420 rebus
2843 3366 3075 3422 infirmis
3115 3373 3258 3424 vires
3294 3386 3581 3442 compara-

317 3461 522 3513 himus.
552 3456 641 3522 Et,
678 3457 797 3528 ipse
827 3458 1016 3513 hostes
1078 3466 1299 3513 nostros
1349 3463 1569 3510 atteret.
1602 3473 1620 3507 ι
1672 3453 1802 3506 Item
1837 3471 1849 3505 :
1882 3470 1900 3502 ι
1929 3449 2042 3504 Νοιι
2092 3459 2282 3504 u0stra
2330 3452 2531 3505 virtute
2584 3461 2744 3505 terra:
2797 3463 2999 3507 sortem
3025 3455 3203 3525 adepti
3238 3475 3452 3523 sumus,
3485 3462 3580 3515 sed

318 3547 553 3600 brachio
587 3554 705 3612 tuo,
740 3555 795 3599 et
823 3547 945 3600 Iuee
976 3545 1163 3599 vultus
1200 3544 1300 3597 tui.
1344 3564 1361 3595 ι
1413 3542 1509 3597 Sin
1544 3556 1673 3596 vero
1707 3540 1791 3593 his
1823 3540 2082 3591 omnibus
2113 3537 2377 3591 oblivioni
2413 3537 2634 3594 traditis
2667 3540 2732 3593 ad
2769 3542 3037 3595 idolorum
3073 3547 3283 3597 cultum
3332 3551 3578 3602 conversi

316 3635 559 3697 fueritis,
591 3634 801 3705 inquit,
828 3634 1079 3687 obtestor
1110 3633 1347 3686 virtutes
1380 3631 1634 3685 etelestes
1684 3635 2115 3695 terrestresque,
2151 3627 2260 3677 imo
2293 3627 2409 3694 ipsa
2440 3642 2658 3697 qquue
2688 3629 2978 3696 elementa,
3008 3647 3129 3701 qua:
3162 3650 3266 3687 una
3297 3636 3578 3691 vobiscum

315 3721 619 3791 ‘Egypwm
672 3721 1029 3791 reliquosque
1082 3720 1275 3775 hostes
1335 3726 1756 3787 expugnarunt,
1807 3728 1928 3783 qua:
1979 3712 2106 3765 item
2162 3710 2432 3764 honorum
2484 3715 2734 3767 omnium
2780 3716 2996 3786 copiam
3033 3720 3188 3773 vobis
3238 3721 3306 3774 ab
3336 3724 3581 3777 omnium

315 3806 530 3878 Opitice
572 3807 1042 3878 cll’underejussa
1078 3815 1252 3874 sunt,
1304 3805 1451 3875 quod
1500 3803 1738 3875 perditio
1760 3797 1865 3855 'vos
1920 3805 2243 3866 correptura
2298 3799 2392 3863 sit,
2454 3801 2751 3870 omniaque
2809 3819 2931 3870 qua:
2978 3804 3179 3861 incolis
3229 3815 3389 3863 terra:
3436 3811 3584 3865 intu-

316 3898 353 3949 li
392 3897 485 3961 tis,
519 3911 615 3951 vos
648 3911 872 3967 quoque
902 3896 1223 3966 perpessuri
1263 3896 1411 3951 sitis.
1444 3893 1599 3960 Quod
1634 3906 1765 3948 sane
1797 3888 2167 3943 Romanorum
2196 3887 2487 3944 obsidione
2521 3899 2663 3944 terra
2694 3890 2808 3945 illis
2836 3892 2907 3947 ob
2938 3893 3275 3964 impietatem
3307 3898 3584 3970 adempta,

317 3984 525 4038 factum
566 3994 672 4040 est.

391 4099 474 4150 Οὺ
510 4096 620 4165 γὰρ
662 4095 760 4150 διὰ
792 4094 909 4162 τὴν
948 4093 1346 4162 δικαιοσύνην
1394 4110 1532 4149 σου.
1561 4091 1904 4147 Χαυνοῦσοαι
1940 4113 1961 4169 [

2081 4082 2203 4139 Non
2225 4085 2362 4139 enim
2390 4096 2603 4155 propter
2628 4088 2898 4157 justitiam
2931 4098 3098 4145 tuam.
3129 4090 3249 4164 [IX,
3280 4093 3586 4168 4.](iloria-

312 4191 404 4244 διὰ
436 4189 647 4243 τούτων
672 4189 1012 4259 ἀποτρέπει·
1044 4187 1138 4240 καὶ
1168 4187 1439 4241 δείκνυσιν
1474 4185 1641 4240 ἒκϐὰν
1673 4186 1731 4238 τὸ
1764 4201 1903 4255 προ-

314 4283 612 4353 ειρημένον
675 4283 813 4352 πρὸς
877 4281 1152 4352 Ἀδραάμ.
1218 4278 1741 4349 Ἀναπεπλήρωνται
1796 4279 1904 4348 γὰρ

313 4377 503 4430 λοιπὸν
560 4376 669 4429 τῶν
710 4375 1057 4445 Ἀμορραίων
1113 4375 1172 4428 αἱ
1221 4373 1510 4443 ἁμαρτίαι.
1570 4373 1690 4425 ’Ότι
1740 4372 1796 4424 δὲ
1842 4372 1903 4424 οὐ

311 4471 405 4524 διὰ
462 4470 560 4540 τὴν
608 4451 961 4537 δικαιοσύνην
1015 4467 1184 4521 αὑτοῦ
1229 4468 1436 4532 ταῦτα,
1496 4468 1905 4537 ἀναμιμνήσκει

314 4561 541 4614 πάντων
582 4552 658 4613 ὧν
710 4560 1121 4630 ἡμαρτήκασιν,
1172 4559 1266 4627 ἀφ’
1316 4551 1377 4612 οὗ
1426 4557 1648 4628 ἐξῆλθον
1693 4557 1751 4624 ἐξ
1804 4559 1900 4610 AI—

312 4651 551 4720 γύπτου,
585 4651 645 4702 οὐ
691 4649 834 4704 κατὰ
878 4647 1052 4713 τάξιν,
1099 4649 1213 4702 ἀλλ’
1238 4648 1314 4713 ὡς
1361 4651 1418 4702 ἐν
1459 4649 1741 4720 κεφαλαίῳ
1769 4651 1907 4718 πρὸς

309 4742 375 4795 τὸ
420 4743 727 4812 .χρήσιμον,
776 4739 1138 4810 χειραγωγῶν
1185 4740 1388 4801 αὐτοὺς
1445 4739 1579 4810 πρὸς
1623 4738 1907 4792 εὐσέϐειαν

310 4835 568 4897 ἀπειλαῖς
602 4833 700 4888 κα)⁸
733 4832 955 4903 ἀγαθῶν
991 4833 1372 4903 ὑποσχέσεσιν.

2006 4176 2213 4230 tionem
2257 4177 2452 4232 horqu
2486 4182 2768 4248 auiolitur,
2818 4197 2882 4237 ac
2932 4187 3176 4241 ostendit
3224 4191 3476 4245 evenisse
3532 4192 3623 4258 id,

2005 4268 2150 4337 quod
2218 4268 2533 4325 Abrahamo
2594 4282 2730 4343 ante
2803 4276 3130 4345 prmdixerat
3174 4275 3245 4333 ⁸⁸.
3306 4281 3585 4353 Complcta

2005 4363 2152 4414 enim
2215 4361 2477 4433 deinceps
2539 4362 2762 4420 fuerunt
2823 4377 3051 4438 peccata
3116 4375 3581 4432 Amorrhmorum.

2005 4452 2161 4518 Quod
2196 4470 2326 4509 vero
2380 4464 2605 4526 propter
2648 4459 2923 4527 justitiam
2961 4478 3117 4517 suam
3167 4466 3279 4520 htec
3318 4466 3425 4522 illis
3477 4485 3584 4522 non

2006 4545 2373 4610 obvenerint,
2426 4549 2671 4601 omnium
2721 4561 3070 4619 peccatorum
3122 4571 3244 4625 quae
3284 4559 3467 4611 statim
3519 4563 3586 4613 ah

2006 4650 2233 4706 egressu
2278 4653 2344 4693 ex
2387 4638 2623 4711 Aigypto
2670 4645 3086 4711 commiserunt,
3136 4649 3581 4717 commonefacit,

2008 4743 2119 4782 non
2169 4730 2391 4800 quidem
2429 4734 2584 4802 juxta
2639 4737 2864 4803 seriem,
2919 4739 3013 4793 sed
3064 4740 3116 4793 in
3154 4757 3367 4795 summa
3403 4745 3559 4813 quasi

2010 4820 2281 4877 Caeterum
2345 4824 2467 4880 istis
2523 4841 2811 4896 pinnarum
2844 4833 3396 4900 comminationibus,
3450 4853 3584 4905 pite-

2013 4916 2366 4988 miorumque
2401 4919 2895 4991 pollicitationibus
2945 4942 3107 4980 manu
3136 4930 3293 4997 quasi
3333 4931 3398 4982 ad
3432 4931 3583 4985 utili-

2012 5010 2143 5064 tatis
2184 5011 2307 5076 iter,
2344 5014 2602 5081 pietatem
2645 5016 2902 5072 videlicet
2935 5019 3174 5074 deducit.

387 5123 453 5178 Et
491 5141 651 5190 nunc,
691 5122 888 5188 Israel,
917 5126 1044 5193 quid
1072 5125 1200 5191 petit
1233 5122 1493 5177 Dominus
1526 5123 1631 5176 nisi
1661 5131 1715 5175 ut
1750 5122 1937 5177 timeas
1970 5122 2257 5179 Dominum
2293 5126 2460 5181 Deum
2500 5135 2693 5188 tuum?
2723 5132 2813 5205 [X.
2853 5133 2968 5207 12.}
3003 5134 3115 5199 Iloc
3144 5146 3225 5191 est
3257 5139 3399 5207 quod
3418 5137 3582 5194 Joan-

309 5230 409 5269 nes
443 5214 579 5268 dicit
606 5232 619 5267 :
665 5212 976 5282 «Praecepta
1003 5213 1180 5283 ipsius
1202 5228 1313 5266 non
1342 5221 1472 5266 sunt
1500 5211 1688 5281 gravia
1716 5212 1820 5265 ⁸⁸.»
1858 5212 1989 5266 Item
2021 5212 2274 5272 Christus
2306 5219 2371 5273 ad
2399 5220 2653 5275 eumdem
2688 5222 2909 5278 modum
2936 5243 2947 5277 :
2972 5223 3199 5296 «Iugum
3228 5229 3372 5281 enim
3408 5247 3583 5283 meum

310 5301 519 5354 bonum
550 5309 657 5367 est,
708 5312 763 5354 et
795 5314 940 5354 onus
979 5315 1161 5355 meum
1202 5299 1321 5355 leve
1345 5298 1412 5352 ⁸³.
1461 5317 1478 5349 ›

379 5415 574 5485 Σιωπᾷ
622 5413 717 5467 νῦν
766 5415 866 5484 τὴν
904 5413 1170 5485 αἰσθητὴν
1212 5413 1538 5484 περιτομὴν,
1586 5414 1708 5466 ἐπεὶ
1741 5414 1961 5486 ἀκρό-(

2084 5416 2353 5475 Οωιειιιιιι
2411 5421 2634 5477 silentio
2688 5426 2951 5481 sensilem
2995 5428 3474 5484 eirenmcisionem
3533 5430 3585 5488 in

306 5506 498 5561 ϐυστοι
524 5503 666 5579 ἦσαν
690 5525 703 5538 ·
744 5506 952 5578 Ἰησοῦς
998 5507 1107 5578 γὰρ
1140 5507 1338 5569 αὐτοὺς
1370 5508 1427 5559 ἐν
1468 5506 1770 5574 Γαλγάλοις
1799 5526 1899 5561 πε-

380 5689 428 5721 "
462 5687 610 5742 Psal.
642 5704 806 5749 xxxv,
839 5688 893 5743 9.
972 5689 1012 5719 '“
1045 5686 1191 5744 Psal.
1224 5703 1348 5751 xcv,
1378 5687 1430 5742 5.

305 5761 349 5790 ⁷⁸
377 5758 538 5813 Joan.
570 5777 653 5823 xv,
687 5761 741 5813 5.
844 5762 890 5791 ⁷⁸
928 5758 1088 5813 Cant.
1127 5774 1203 5819 tv,
1243 5760 1327 5812 II.

304 5831 347 5861 "
378 5830 518 5886 Gz-n.
555 5847 642 5895 xv,
677 5830 761 5883 I6.
840 5829 929 5883 "l
964 5829 1124 5885 Joan.
1153 5845 1205 5894 ν,

1439 5758 1483 5788 ⁷⁷
1518 5758 1688 5813 Zaeh.
1725 5775 1797 5816 ix.
1836 5760 1921 5814 I6.

1377 5829 1421 5861 ⁸³
1450 5829 1641 5884 Matth.
1674 5846 1749 5895 si,
1782 5829 1869 5884 50.

1507 5687 1552 5717 "
1587 5685 1748 5741 Joan.
1782 5704 1876 5751 vn,
1909 5690 2000 5755 57,
2032 5691 2122 5745 58.

2010 5511 2299 5578 praesentia
2334 5515 2596 5583 praeterit,
2623 5530 2747 5570 cum
2791 5527 2970 5574 tamen
3004 5522 3324 5593 praeputium
3362 5525 3587 5585 ferrent.

2198 5692 2244 5724 ’³
2266 5690 2415 5746 Jonte
2456 5708 2515 5757 ιι,
2558 5693 2611 5750 6.

2710 5696 2758 5728 ⁷⁸
2816 5695 3009 5753 Matth.
3072 5717 3177 5763 xlv,
3214 5702 3318 5767 QI;
3361 5721 3445 5766 xv,
3495 5706 3582 5761 '55.

2032 5764 2079 5793 ⁷³
2112 5764 2267 5819 Dent.
2319 5780 2437 5829 vnt,
2473 5767 2525 5821 9.

2646 5769 2689 5803 ⁷⁸
2726 5768 2828 5824 Isa.
2864 5785 2951 5835 ιιι,
2984 5772 3070 5828 I7.
3171 5774 3214 5804 '°
3268 5774 3367 5827 Isa.
3426 5792 3483 5835 ιι,
3534 5780 3582 5830 4.
