4266 6446
698 358 802 417 9‘23
2042 365 2383 424 l‘lltillthl

2292 365 2386 424 Pll
2425 366 2567 422 (m7.
2598 365 2672 420 lii
3875 349 3977 410 924

694 470 885 523 Justus
919 468 1062 519 enim
1095 467 1393 519 miseratur
1432 469 1644 521 animas
1670 471 2052 534 jumentorum
2097 489 2348 532 suorum,
2401 489 2522 541 qua:
2559 474 2622 523 ad
2659 473 2825 522 lieu'n
2865 469 3050 520 dicunt
3089 485 3100 516 :
3149 463 3426 518 Pet-uinus
3462 479 3488 514 a
3542 473 3593 514 te
3630 479 3750 514 sum
3783 465 3982 513 συκῆ·-

697 570 805 620 ius,
840 565 892 605 et
925 557 1040 620 ipse
1077 570 1293 620 semper
1320 569 1533 606 merum
1573 566 1679 610 est.
1720 558 1790 606 lie
1815 546 2019 624 quibus
2053 559 2230 623 inquit
2264 575 2319 609 ε(
2359 559 2621 610 llomines
2656 567 2703 608 et
2727 559 2976 624 jumenta
3016 552 3286 609 servabis,
3333 549 3562 604 Domine
3585 551 3650 610 '°,
3676 569 3692 599 ι
3731 550 3988 602 homines

699 645 771 694 ita
822 658 1026 693 vorans
1065 642 1340 692 ruditu-es.
1377 641 1694 694 Jumeutum
1759 645 2237 712 igiturtlornelius
2287 648 2452 696 etiam
2504 646 2661 712 juxta
2714 645 2981 694 visionem
3050 655 3170 707 que
3223 638 3380 689 Petro
3431 639 3496 687 de
3528 637 3984 703 quadrupedibn;

700 731 952 796 apparuit
991 729 1056 779 “.
1091 730 1160 776 lie.
1197 728 1512 794 hujusiuodi
1543 731 1804 792 jmnentis
1835 729 2014 781 Lucas
2052 733 2103 782 iu
2145 733 2295 783 Artis
2330 733 2504 790 inquit
2533 752 2544 785 :
2588 752 2603 781 ι
2645 731 2946 783 Audientes
2980 742 3107 778 vero
3148 737 3336 791 gentes
3366 725 3699 792 gaudebant,
3729 733 3778 775 et
3809 724 3985 775 hono-

699 836 810 868 1ϊιιι
868 815 1194 866 deferebant
1256 817 1422 867 verbo
1488 817 1602 876 ιιι-ἰ,
1660 828 1710 868 et
1741 819 2116 879 crediderunt,
2167 829 2438 886 quotquot
2475 819 2542 870 ad
2573 821 2738 869 vitam
2777 817 2996 869 l'aerimt
3037 815 3298 866 destinati
3334 824 3590 863 aeternam
3624 811 3689 862 ⁸¹.
3729 829 3747 860 ι
3789 809 3984 869 Porro.

704 926 719 952 ι
756 903 800 956 Ο
827 907 950 955 nnia
988 920 1109 970 qua:
1141 903 1192 953 in
1242 905 1375 955 urbe
1402 915 1531 956 sunt
1561 905 1806 968 diripies,
1849 927 1865 956 ι
1908 908 2106 973 inquit.
2145 907 2308 960 Juxta
2340 907 2474 959 illud
2509 927 2520 958 :
2557 929 2573 956 ι
2612 906 2904 975 Captivum
2963 905 3232 956 ducentes
3282 916 3499 953 onmem
3545 899 3876 953 intellectum
3916 898 3984 949 al

698 993 1064 1042 olietliettliattl
1088 991 1288 1040 Christi
1319 988 1386 1039 ⁸³.
1427 1008 1444 1040 ι
1481 1019 1549 1027 -
1573 1009 1589 1039 ι
1626 991 1714 1040 Sic
1755 991 1944 1050 facies,
1983 993 2182 1060 inquit,
2216 997 2475 1047 omnibus
2511 995 2829 1046 civitatibus
2862 1008 2983 1059 qua:
3027 991 3216 1060 procul
3246 1004 3272 1039 a
3319 1000 3368 1041 te
3399 988 3620 1062 absunt,
3659 1006 3676 1036 ι
3711 1004 3833 1054 quze
3861 989 3990 1054 qui-

699 1078 820 1128 dein
858 1092 976 1128 sunt
1012 1079 1394 1127 lui-reticorum
1431 1077 1883 1130 constitutiones.
1917 1081 1992 1131 Ex
2027 1082 2232 1146 quibus
2273 1081 2404 1133 nihil
2438 1084 2618 1132 vivum
2653 1081 2980 1148 capiendum
3017 1086 3121 1130 est.
3157 1075 3297 1140 Quid
3364 1074 3510 1126 enim
3567 1088 3632 1126 ex
3699 1073 3785 1125 his
3840 1074 3993 1126 utili-

700 1169 827 1216 tatis
859 1166 879 1216 ‘?
913 1167 1053 1228 Quin
1088 1180 1184 1216 nec
1211 1163 1577 1214 anathematis
1609 1180 1707 1216 usu
1741 1166 1989 1230 dignu-u.
2016 1168 2171 1230 Quod
2212 1169 2356 1221 enim
2389 1169 2701 1222 communis
2741 1183 2936 1221 sensus
2994 1180 3215 1232 expers,
3261 1163 3482 1214 noxium
3514 1167 3619 1214 est.
3653 1179 3670 1210 ι
3716 1162 3985 1214 Corrum-

702 1264 828 1320 punt
853 1255 1017 1302 enim.
1055 1251 1229 1302 bonos
1265 1265 1446 1302 mores
1480 1250 1754 1313 colloquia
1783 1268 1946 1318 prava
1988 1254 2055 1303 δ”.
2099 1273 2117 1304 ι

776 1341 892 1394 Non
913 1343 1210 1394 erudimbis
1235 1342 1448 1393 arbores
1467 1342 1602 1409 ejus.
1627 1341 1769 1412 lxx.
1796 1343 1906 1414 l9.]
1929 1342 2001 1397 Ne
2023 1346 2292 1400 hosticum
2325 1333 2372 1384 Α

2325 1333 2372 1384 Α
2476 1347 2619 1413 Οὐχ)
2673 1346 3131 1412 ἐξο.ιοθι.ιειῗοιτεις
3186 1344 3256 1397 τὰ
3310 1343 3529 1410 δένδρα
3571 1340 3785 1407 αὐτῆς,
3816 1341 3891 1402 ὡς
3926 1340 3991 1392 ἂν

709 1436 1018 1487 vii-toribus
1066 1434 1156 1485 ﬁat
1209 1435 1421 1487 inutile.
1455 1433 1639 1498 Neque
1692 1453 1818 1487 vero
1868 1437 2034 1489 arbor
2079 1439 2296 1495 hostilis

2406 1437 2481 1507 μὴ
2513 1438 2788 1505 ἄχρηστος
2814 1437 3044 1503 γένηται
3082 1434 3483 1502 κεκρατηκόσιν
3514 1435 3546 1502 ὴ
3591 1433 3686 1500 γῆ.
3722 1432 3856 1483 Οὐδὲ
3881 1433 3992 1495 γὰρ

701 1540 808 1587 ρει,
849 1529 1048 1596 inquit,
1091 1536 1149 1578 ut
1193 1527 1382 1579 urbem
1416 1527 1862 1595 expngnantilms
1909 1529 2148 1582 resistat.

2399 1527 2462 1578 τὸ
2490 1526 2708 1595 δένδρον
2739 1527 2997 1595 πολέμιόν
3036 1542 3221 1594 φησιν,
3256 1527 3330 1587 ὡς
3397 1524 3718 1590 ἀντιστῆναι
3774 1523 3993 1589 πολιορ-

2399 1617 2553 1670 κοῦσι
2590 1619 2687 1688 τὴν
2711 1619 2884 1671 πόλιν.

776 1749 1056 1814 Quotquot
1084 1762 1212 1799 vero
1245 1748 1506 1799 arborum
1545 1747 1764 1799 steriles
1785 1756 1936 1808 sunt,
1974 1749 2369 1804 exscindenda:
2401 1754 2497 1806 tibi
2533 1764 2682 1818 sunt,
2721 1753 2921 1822 inquit,
2955 1768 3064 1821 quo
3115 1755 3172 1806 in
3204 1754 3329 1804 v:illi
3375 1767 3534 1804 usum
3564 1753 3785 1805 cedant.
3824 1750 3905 1804 lnt
3929 1753 3991 1801 il-

707 1835 842 1903 liges
905 1851 1033 1888 vero
1084 1837 1312 1888 arbores
1347 1834 1428 1886 fru
1472 1834 1663 1887 tileras
1697 1836 1817 1888 illas
1848 1837 1914 1888 de
1940 1838 2144 1904 quibus
2180 1838 2350 1892 Isaias
2374 1841 2438 1893 ad
2487 1840 2848 1912 Babylonium
2903 1843 3079 1910 inquit
3118 1859 3128 1891 :
3171 1860 3189 1892 ε
3227 1838 3423 1894 Omnis
3462 1851 3605 1893 terra
3634 1841 3834 1904 jubilat
3869 1840 3990 1891 ἐξινῑμι

702 1940 859 1986 vot'e,
897 1935 944 1976 et
985 1925 1131 1988 ligna
1169 1923 1360 1975 Libani
1400 1924 1577 1976 lietata
1615 1932 1745 1976 sunt
1775 1924 1842 1978 de
1876 1933 1948 1986 te,
1981 1936 2034 1978 et
2069 1927 2220 1980 cedri
2266 1927 2456 1981 Libani
2487 1927 2699 1986 dicent:
2748 1929 2969 1983 Abhinc
3029 1944 3140 1997 quo
3171 1939 3230 1980 tu
3260 1928 3484 1996 jacuisti
3546 1943 3706 1980 nemo
3765 1935 3844 1980 est
3898 1943 3929 1995 ιι
3958 1928 3992 1976 ii

703 2011 1017 2063 aSrenderit
1054 2027 1220 2079 super
1259 2028 1357 2065 nos
1389 2012 1453 2063 ".
1492 2031 1508 2060 ι
1560 2012 1888 2080 llujusmoali
1927 2029 2149 2084 quoque
2189 2014 2321 2068 illud
2357 2017 2565 2086 lignum
2595 2017 2662 2070 de
2697 2033 2808 2086 quo
2839 2015 2982 2086 apud
3013 2016 3341 2084 PrOphetam
3381 2017 3433 2068 in
3469 2016 3732 2082 psallitis:
3772 2034 3788 2063 ι
3834 2014 3991 2079 Quoi

704 2099 962 2152 videlicet
990 2100 1148 2168 juxta
1195 2100 1343 2167 ripas
1372 2115 1643 2168 aquarum
1677 2111 1783 2161 est,
1828 2103 1973 2170 quod
2009 2102 2249 2156 frui-tum
2309 2118 2468 2157 suum
2506 2121 2609 2160 suo
2649 2104 2802 2158 dabit
2859 2115 3108 2173 tempore
3142 2104 3212 2157 ".
3253 2122 3272 2154 ι
3316 2104 3496 2155 Arbor
3536 2101 3824 2154 frui-tdera
3856 2102 3997 2155 Cor-

703 2191 885 2242 nelius
917 2189 1041 2250 fuit,
1076 2188 1354 2255 dect-rpsit
1388 2189 1534 2240 enim
1570 2187 1768 2242 Petrus
1800 2206 1862 2242 ex
1901 2189 2175 2245 fructibus
2226 2193 2369 2260 ejus.
2406 2195 2681 2248 Alimonia
2737 2195 2884 2248 enim
2946 2194 3228 2263 justornm
3274 2192 3619 2245 credentium
3675 2193 3828 2245 salus
3886 2201 3996 2255 est,

701 2279 843 2328 sient
885 2286 937 2329 et
972 2277 1147 2345 ipsius
1188 2275 1524 2338 Servatoris.
1565 2277 1657 2345 qui
1724 2277 1902 2344 inquit
1937 2295 1948 2330 :
1992 2295 2008 2326 ι
2049 2279 2160 2344 ligo
2197 2280 2381 2332 ribum
2440 2283 2614 2337 habeo
2670 2283 3070 2336 comedendmn
3110 2297 3271 2348 quem
3327 2297 3423 2335 vos
3467 2281 3736 2350 ignoratis
3761 2280 3827 2340 ⁸⁷,
3873 2299 3889 2328 ι
3930 2283 3999 2332 de.

705 2364 956 2417 lidehhus
991 2366 1043 2416 in
1087 2363 1335 2416 Samaria
1374 2366 1625 2432 laqueus.
1668 2365 1739 2417 lie
1765 2363 2005 2417 lrurtum
2052 2383 2179 2418 vero
2213 2384 2319 2420 non
2375 2368 2664 2421 edentibus
2699 2365 2997 2421 Zacharias
3037 2366 3210 2419 dicit:
3244 2386 3261 2416 ι
3300 2366 3489 2432 Aperi,
3535 2365 3766 2426 Libane,
3808 2372 3997 2432 portas

702 2465 826 2508 tuas
855 2465 912 2506 ut
939 2455 1080 2523 ignis
1108 2454 1306 2508 cedros
1338 2464 1464 2507 tuos
1490 2454 1752 2516 devoret;
1795 2457 1964 2520 ulula,
1995 2457 2175 2516 abies.
2207 2455 2468 2526 quoniam
2497 2456 2699 2510 cecidit
2726 2456 2949 2520 cedrus,
2970 2456 3233 2525 quoniam
3277 2456 3554 2520 magnilici
3601 2457 3755 2506 valde
3796 2454 3998 2507 vastati

710 2553 841 2595 sunt
873 2561 882 2594 :
914 2546 1144 2606 nlulate,
1180 2559 1416 2610 quercus
1473 2543 1525 2595 in
1563 2542 1896 2606 liasanitide,
1936 2547 2196 2612 quoniam
2237 2548 2372 2600 silva
2399 2546 2584 2598 czedua
2621 2552 2900 2614 prostrata
2925 2555 3008 2598 est
3042 2544 3108 2596 ⁸⁸.
3154 2562 3171 2593 ι
3205 2540 3528 2596 Condui-ere
3571 2558 3700 2594 vero
3731 2542 3796 2593 ad
3830 2557 4001 2611 expu-

705 2633 994 2701 gnatimies
1030 2632 1248 2683 urbium
1284 2632 1503 2685 steriles
1537 2632 1766 2685 arbores
1812 2636 1988 2701 inquit
2020 2653 2031 2697 ;
2066 2653 2127 2688 ae.
2161 2635 2476 2704 hnjusmodi
2519 2649 2652 2688 sane
2688 2634 3052 2687 Athenienses
3091 2631 3339 2684 luerunt.
3386 2631 3526 2685 Nulli
3555 2633 3700 2685 enim
3727 2632 3802 2684 rei
3832 2644 3998 2684 vaca—

710 2731 863 2783 runt,
897 2735 1261 2789 praeterquam
1326 2721 1588 2775 inanibus
1643 2727 1935 2777 verborum
1974 2726 2378 2794 jactationibus
2433 2724 2946 2791 atnlitionibusque.
2988 2721 3264 2785 Quocirca
3304 2720 3508 2774 Paulus
3547 2722 3792 2773 Athenas
3818 2734 4000 2786 expu—

704 2825 879 2879 gnans
911 2822 963 2861 et
999 2823 1255 2863 evertens
1284 2809 1530 2876 ipsorum
1559 2811 1898 2879 impietatem
1941 2832 1951 2866 :
2003 2831 2023 2863 ι
2065 2813 2178 2866 Viri
2232 2814 2622 2871 Athenienses,
2657 2811 2858 2878 inquit,
2897 2825 2993 2878 per
3041 2809 3228 2863 omnia
3267 2808 3426 2876 quasi
3483 2807 4002 2874 superstitiosiores

705 2914 803 2951 vos
830 2899 1008 2960 video,
1047 2899 1228 2950 inv.-ni
1259 2900 1386 2951 item
1420 2913 1572 2952 aram
1605 2915 1728 2969 qum
1759 2901 1944 2967 ignoto
1981 2903 2090 2954 Deo
2118 2902 2383 2969 inscripta
2439 2909 2543 2954 est.
2579 2898 2713 2951 [Sum
2749 2899 2918 2966 igitur
2955 2897 3123 2950 Deum
3157 2913 3320 2964 quem
3356 2913 3452 2948 vos
3492 2912 3587 2964 per
3627 2895 4000 2964 ignorantiam

703 2987 912 3047 colitis,
942 3003 1043 3055 ego
1077 2987 1235 3041 vobis
1275 2987 1542 3040 denuntio
1567 2987 1632 3040 ".
1675 3007 1693 3040 ι
1735 2985 1901 3041 Vides
1937 2989 2106 3052 igitur
2135 2999 2404 3058 quantum
2445 2989 2580 3056 ipsis
2607 3001 2672 3040 ac
2709 3002 2804 3055 per
2839 2985 2993 3054 ipsos
3014 2985 3216 3036 vallum
3258 2984 3329 3036 sit
3359 2983 3680 3036 demolitus.
3720 2978 3823 3033 Per
3851 2982 4001 3046 quod

713 3075 905 3127 urbem
941 3090 1132 3127 eorum
1161 3076 1423 3142 quamvis
1450 3091 1557 3128 non
1591 3083 1762 3128 totam
1811 3077 1972 3130 simul
2005 3079 2151 3146 cepit
2181 3095 2189 3126 :
2235 3096 2252 3126 ι
2277 3077 2515 3142 Quidam
2570 3076 2716 3128 enim
2771 3073 3174 3136 crediderunt,‘
3213 3087 3448 3141 quorum
3480 3085 3510 3123 e
3542 3085 3774 3122 numero
3800 3068 4008 3138 Diony-

712 3165 830 3213 sius
857 3179 1077 3231 quoque
1120 3164 1451 3232 AreOpagita
1494 3174 1611 3214 erat
1643 3165 1711 3215 ὀ.
1747 3181 1763 3213 ι
1796 3161 2066 3216 Jeremias
2089 3165 2331 3233 denique
2361 3165 2528 3218 etiam
2563 3164 2916 3218 eradicandis
2955 3163 3172 3232 populis
3209 3162 3547 3216 constitutus
3598 3155 3767 3229 με
3797 3167 3903 3220 est,
3942 3174 4010 3212 ac

712 3260 824 3302 lum
863 3253 995 3304 steri
1031 3253 1151 3304 bus
1178 3269 1341 3320 quam
1384 3251 1671 3321 frugiferis
1704 3254 2020 3315 arboribus,
2049 3253 2116 3305 de
2145 3255 2349 3322 quibus
2370 3253 2534 3306 etiatn
2564 3252 2696 3313 edit,
2734 3249 3116 3306 conserendis.
3163 3249 3303 3316 Quis
3338 3249 3487 3303 enim
3517 3248 3734 3301 vineam
3769 3249 4005 3315 plantat.

708 3350 761 3392 et
797 3339 862 3392 de
892 3341 1164 3394 fructibus
1195 3341 1318 3407 ejus
1349 3355 1456 3393 non
1492 3341 1786 3394 vescitur?
1814 3341 1969 3406 juxta
2005 3340 2194 3394 divum
2227 3343 2577 3409 Apostoluui.

784 3455 845 3508 Si
866 3457 1105 3508 inventus
1138 3458 1297 3525 fuerit
1325 3457 1543 3509 saucius
1582 3459 1632 3509 in
1659 3467 1823 3510 terra.
1858 3454 2024 3526 [ΧΧΙ.
2065 3454 2142 3527 1.]
2177 3455 2513 3511 Vulneratus
2542 3458 2765 3528 quidem
2803 3445 3028 3528 propter
3057 3466 3284 3527 peccata
3317 3463 3510 3508 nostra
3538 3453 3796 3507 Christus
3825 3460 3912 3505 est
3939 3453 4009 3508 ".

711 3546 752 3596 Λ
783 3543 943 3598 Patre
970 3547 1191 3613 quidem
1227 3546 1489 3606 traditus,
1524 3561 1550 3597 a
1586 3543 1790 3598 J-idzeis
1822 3561 1952 3597 vero
2006 3543 2266 3606 alllictus,
2302 3547 2392 3616 qui
2435 3563 2558 3597 eum
2615 3541 3255 3616 ntiqueﬁuteremissent
3295 3559 3608 3610 nunquam,
3639 3542 3746 3594 nisi
3786 3540 3897 3593 Deo
3935 3541 4012 3592 ita

715 3634 913 3686 luisset
947 3650 1149 3687 visum.
1187 3635 1343 3699 Quod
1377 3650 1510 3687 sane
1548 3633 1721 3686 Pilato
1751 3634 1884 3685 dii-it
1927 3651 1937 3683 :
1988 3653 2004 3681 ι
2040 3633 2158 3684 Non
2211 3634 2440 3686 haberes
2478 3635 2529 3684 in
2593 3651 2675 3685 me
2707 3642 3032 3702 potestatem
3086 3633 3278 3694 ullam,
3319 3632 3426 3683 nisi
3457 3631 3552 3682 tibi
3589 3645 3828 3698 superne
3861 3639 4015 3682 esSet

713 3721 901 3774 datum
934 3724 1002 3774 9’.
1052 3723 1153 3774 )‘ln
1183 3723 1415 3790 psalmis
1449 3724 1578 3775 item
1616 3724 1678 3774 ad
1710 3721 1925 3774 Patrem
1951 3723 2128 3790 inquit
2167 3741 2179 3774 :
2223 3741 2240 3772 ι
2275 3722 2550 3788 Quoniam
2585 3741 2743 3792 quem
2776 3733 2832 3777 tu
2861 3724 3212 3792 percussisti,
3258 3722 3534 3792 persecuti
3566 3733 3696 3776 sunt
3735 3720 3838 3789 ipsi
3877 3721 3945 3774 ’³.
3991 3741 4009 3770 ι

715 3813 849 3863 llum
887 3828 899 3865 :
941 3831 958 3862 ι
1006 3812 1086 3865 Ad
1121 3812 1370 3865 dolorem
1403 3812 1692 3864 vulnerum
1721 3825 1968 3862 meorum
1996 3810 2334 3863 addiderunt
2360 3812 2426 3866 ".
2472 3832 2490 3863 ι
2527 3809 2798 3866 Caeterum
2845 3811 3082 3881 pepulus
3126 3809 3396 3864 Iudaicus
3445 3810 3748 3878 principem
3781 3823 4018 3874 percus-

715 3917 898 3952 sorem
934 3900 1247 3970 ignorabat.
1278 3899 1614 3953 Vulneratus
1650 3900 1820 3968 igitur
1855 3898 1908 3950 in
1941 3896 2130 3952 Jndma
2166 3899 2390 3968 quidem
2428 3912 2530 3954 cat.
2571 3902 2728 3972 Apud
2759 3909 2951 3970 gentes
2990 3915 3120 3953 vero
3163 3899 3486 3969 mysterium
3536 3899 3657 3966 ejus
3703 3898 4013 3965 perﬁcitur.

722 3987 924 4040 liucnla
968 3989 1117 4042 enim
1146 3991 1408 4052 sumitur,
1469 4004 1592 4057 qua:
1638 3987 2333 4054 Christumrepraesentat,
2383 3997 2654 4056 quatenus
2682 3989 2827 4040 enim
2872 3988 3059 4048 homo,
3125 3988 3229 4043 sub
3275 3986 3409 4055 jngo
3452 3985 3575 4039 fuit.
3613 3984 4019 4039 Ilursumveri

716 4085 873 4128 extra
913 4077 1093 4145 ipsum
1123 4084 1229 4141 est,
1270 4086 1544 4145 quatenus
1576 4083 1772 4127 natura
1818 4090 1917 4127 sua
1961 4073 2101 4128 Deus
2165 4076 2404 4130 exsistit.
2451 4075 2684 4130 Ducitur
2715 4091 2843 4130 vero
2886 4077 2939 4129 in
2980 4078 3176 4131 vallem
3214 4085 3269 4130 et
3299 4091 3580 4145 asperam,
3616 4085 3690 4129 et-
3722 4075 4018 4136 incultam,

720 4166 1040 4219 vulneratus
1066 4165 1212 4219 enim
1249 4166 1301 4218 in
1331 4179 1499 4219 cruce
1525 4162 1589 4216 ad
1615 4164 1859 4232 gentium
1889 4165 2170 4217 concessit
2194 4166 2399 4227 solum,
2430 4166 2575 4235 quod
2615 4165 3119 4226 antehac‘aridum.
3153 4174 3207 4219 et
3237 4165 3508 4219 incultmn
3541 4165 3739 4233 jacuit,
3771 4175 4022 4216 vastum-

719 4270 826 4320 que
850 4255 989 4308 adeo
1023 4253 1146 4318 fuit,
1175 4256 1300 4322 quia
1331 4253 1614 4306 l‘ertditate
1638 4267 1700 4303 ea
1727 4268 1889 4319 quam
1920 4250 2063 4304 Dens
2094 4254 2353 4322 postuiat.
2374 4256 2575 4309 caruit.
2609 4253 2689 4306 Ad
2720 4255 2868 4323 quod
2903 4253 3074 4308 Isaias
3130 4253 3310 4322 inquit
3346 4269 3358 4305 :
3392 4270 3410 4303 ι
3453 4252 3687 4317 Laetare,
3732 4259 3884 4304 terra
3918 4251 4020 4304 de-

723 4354 893 4407 serta,
927 4352 980 4397 et
1012 4344 1168 4396 vicus
1189 4343 1310 4411 ejus
1347 4357 1359 4392 :
1393 4342 1632 4394 exsultet
1667 4340 1907 4402 deserta,
1941 4350 1994 4393 et
2020 4339 2212 4393 ﬂoreat
2259 4341 2398 4394 sicut
2433 4341 2610 4395 lilium
2633 4342 2704 4395 ".
2748 4359 2766 4392 ι
2805 4339 2862 4394 In
2913 4355 3021 4410 qua
3064 4341 3287 4410 quidem
3321 4348 3470 4394 terra
3523 4341 3781 4395 Christus
3802 4355 3902 4408 per
3933 4339 4022 4391 di-

722 4435 882 4487 vinos
919 4432 1205 4486 sacrilit-os
1231 4432 1538 4487 sauciatur.
1573 4429 1856 4483 Passionis
1889 4429 2036 4499 enim
2061 4429 2236 4494 ipsius
2271 4436 2323 4481 et
2347 4429 2774 4484 resurrectionis
2817 4428 3266 4500 praedicationem
3291 4432 3775 4484 consummatione
3808 4438 3991 4497 mystc

721 4523 931 4575 riorum
957 4522 1077 4590 ejus
1113 4520 1367 4574 facimus.
1403 4519 1685 4588 Quotquot
1723 4533 1849 4569 vero
1892 4517 2079 4585 prorul
2103 4532 2132 4569 a
2159 4515 2476 4572 .lndzeornm
2517 4519 2799 4588 impietate
2834 4519 3192 4579 recesserint,
3230 4517 3367 4572 urbe
3390 4531 3453 4570 ea
3480 4517 3664 4584 inqua
3693 4515 4017 4568 vulneratu-

720 4621 829 4670 est,
865 4619 920 4664 et
949 4609 1303 4664 excruciatus
1335 4616 1419 4663 est
1452 4611 1711 4660 inventus
1739 4606 1930 4674 procul
1977 4603 2160 4658 valere
2212 4606 2389 4675 jussa,
2446 4606 2762 4659 concedunt
2795 4605 3018 4674 quidem
3065 4605 3119 4658 in
3171 4604 3475 4659 Ecclesiam
3532 4607 3688 4672 prius
3725 4603 3993 4656 incultam

723 4700 926 4754 ibidem
970 4714 1168 4753 manus
1196 4701 1248 4752 in
1285 4699 1404 4767 ipso
1435 4699 1659 4751 Christo
1693 4697 1746 4748 in
1783 4704 2013 4748 mortem
2073 4695 2193 4762 ejus
2259 4694 2442 4754 tincti,
2484 4695 2740 4746 abluunt.
2773 4693 2851 4746 Ac
2884 4701 3176 4761 reportant
3223 4702 3376 4746 certe
3407 4702 3768 4761 peccatorum
3811 4693 4006 4744 remis

722 4790 962 4851 sionem,
994 4804 1052 4843 se
1089 4789 1324 4842 latentes
1371 4788 1576 4840 nullam
1608 4795 1814 4853 partem
1852 4783 2053 4835 habere
2081 4800 2206 4835 eum
2241 4783 2520 4852 impietate
2551 4779 2871 4835 Iudaeorum
2907 4783 2999 4851 qui
3032 4781 3333 4835 dixerunt:
3371 4801 3387 4830 ι
3424 4780 3665 4850 Sanguis
3699 4780 3821 4847 ejus
3851 4794 4022 4849 super

725 4894 846 4938 nos.
881 4888 932 4931 et
960 4895 1126 4947 super
1153 4878 1356 4930 liberes
1392 4889 1611 4928 nostros
1643 4872 1709 4923 9".
1755 4892 1769 4922 ι
1820 4872 2091 4924 (Ia-ternm
2126 4873 2399 4939 baptismo
2429 4872 2705 4940 repurgati
2729 4911 2742 4933 ,
2778 4872 2933 4924 aiunt
2967 4890 2977 4924 :
3017 4870 3211 4924 Manus
3247 4879 3452 4923 nostra:
3489 4869 3816 4935 Sanguinem
3875 4867 4024 4920 hune

724 4985 831 5020 non
873 4967 1208 5021 eﬂuderunt.
1246 4968 1323 5020 Ac
1355 4966 1456 5018 etsi
1486 4980 1549 5016 ex
1593 4962 1797 5015 .ludmis
1830 4960 2053 5016 iuerint.
2085 4961 2232 5011 omni
2272 4959 2655 5012 conuuuuitati
2679 4974 2872 5012 eorum
2915 4969 3096 5013 tamen
3152 4960 3633 5012 remtntiaverunt.
3679 4957 3837 5022 Quod
3885 4972 4024 5011 sane

725 5066 1008 5134 discipuli,
1043 5075 1096 5119 et
1129 5065 1222 5133 qui
1285 5063 1417 5130 ipsis
1449 5059 1826 5118 crediderunt,
1850 5057 2120 5109 fecerunt.
2153 5056 2366 5122 Quibus
2395 5040 2583 5126 utique
2617 5056 2815 5111 merito
2841 5065 3161 5112 reverentia:
3191 5070 3481 5127 personam
3504 5071 3626 5126 qua:
3647 5069 3805 5108 suam
3838 5055 4030 5126 digni-

728 5160 894 5203 tdem
927 5166 953 5202 a
996 5149 1099 5202 ﬁde
1117 5150 1343 5217 accipit,
1381 5150 1506 5216 quis
1537 5145 1772 5199 delerat.

799 5260 864 5312 Iit
896 5261 1088 5313 videris
1117 5260 1255 5311 inter
1283 5260 1521 5326 captivos
1556 5255 1826 5308 mulierem
1854 5255 2028 5320 [arma
2093 5264 2390 5308 renustmn.
2424 5257 2470 5328 [l
2494 5256 2564 5330 1.]
2600 5257 2810 5313 Radere
2844 5265 3010 5327 caput
3069 5267 3123 5311 et
3171 5255 3491 5327 supercilia,
3532 5256 3871 5312 domesticos
3894 5262 4028 5316 item

727 5367 859 5406 suos
900 5353 1084 5421 lugere
1125 5353 1349 5420 triginta
1389 5349 1581 5403 diebus
1613 5348 1788 5416 jubet,
1820 5363 1929 5416 quo
1959 5359 2221 5415 aspectus
2261 5349 2342 5400 sui
2378 5355 2529 5400 tanta
2560 5348 2905 5417 turpitudine
2940 5345 3279 5402 desiderium
3308 5349 3486 5411 sedet,
3519 5362 3583 5400 ac
3608 5349 4031 5405 latnctttaliottis

727 5449 975 5510 tempore
998 5456 1144 5493 amot
1173 5439 1507 5509 depellatur.
1544 5435 1660 5489 Non
1697 5437 1845 5490 enim
1875 5448 2056 5489 mente
2087 5435 2298 5489 ellrena
2331 5436 2409 5487 ad.
2431 5437 2917 5505 rmieupiscentias
2941 5447 3025 5491 est
3063 5435 3471 5491 accedendum.
3507 5435 3581 5488 Ita
3604 5453 3840 5506 quo-pte
3885 5438 4033 5491 Γοιις

725 5528 1016 5601 Λεδςςριίος
1043 5545 1168 5585 cum
1198 5537 1598 5600 oppugnasset.
1633 5523 1920 5580 Iudaicam
1961 5539 1990 5578 a
2042 5525 2293 5595 patribus
2316 5527 2606 5580 orinndam
2675 5527 3024 5597 Synagogam
3075 5537 3362 5579 venustam
3412 5525 3571 5591 vidit,
3604 5527 3786 5595 adque
3818 5528 4036 5580 cubum

806 5710 850 5737 "’
890 5706 1037 5762 Psal.
1077 5724 1239 5772 xxxv,
1284 5707 1330 5759 7.
1429 5709 1448 5736 "
1498 5707 1615 5757 Art.
1648 5723 1697 5758 x.
1739 5704 1824 5766 ll,
1860 5705 1944 5757 Η.
2025 5705 2069 5734 ⁸¹
2107 5706 2228 5758 Act.
2259 5719 2383 5764 xui,
2421 5701 2508 5754 μ.
2590 5699 2698 5753 "ll
2735 5699 2862 5754 Cor.
2898 5718 2953 5772 ιι,
2988 5700 3041 5754 5.
3150 5701 3196 5731 ⁸³
3401 5697 3457 5772 AI,
3496 5700 3624 5772 Cor.
3666 5715 3757 5757 κν.
3945 5704 4036 5755 33.

733 5778 779 5810 ’τ
813 5781 914 5832 lsa.
963 5796 1106 5837 κων,
1144 5769 1235 5831 ‘23..
1341 5779 1385 5807 ¹¹⁶
1415 5777 1553 5830 Psal.
1605 5793 1654 5831 ι.
1691 5779 1742 5830 3.
1858 5779 1899 5803 ³⁸⁷
1933 5777 2089 5830 .loau.
2128 5792 2198 5835 ιγ,
2239 5777 2326 5828 3'2.
2407 5777 2448 5798 ⁵⁸
2479 5773 2710 5824 7,;ι‹·Ιι;ιι-.
2743 5789 2814 5833 xt,
2849 5772 2894 5826 l.
2935 5771 2988 5824 ‘2.
3067 5769 3466 5832 ⁸⁸Α‹-ι.ιγιι,⁶32
3495 5771 3586 5823 Ξί.
3667 5772 3712 5800 ’θ
3748 5772 3881 5823 illiti.
3947 5773 4036 5825 Si.

738 5853 780 5884 ⁸⁵
818 5853 896 5904 ²›·ι
950 5868 1065 5915 Lttt,
1101 5852 1146 5904 ἷί.
1232 5855 1271 5879 δ”
1303 5850 1461 5904 Jean.
1512 5867 1619 5911 χιχ,
1669 5850 1748 5900 ll.
1866 5852 1907 5878 -""
1936 5849 2074 5901 l’sal.
2103 5865 2293 5906 t..\\iu,
2325 5846 2410 5897 :27.

2342 5846 2410 5897 Ξῖ.
2526 5849 2565 5872 ²δ
2601 5846 2670 5896 ibi
2700 5855 2727 5895 ι.
2813 5844 2856 5874 ⁸³³
2886 5845 2986 5898 lsa.
3028 5861 3190 5905 xxxi,
3231 5845 3272 5904 l,
3307 5847 3340 5893 '2
3440 5849 3482 5871 ’ν
3516 5841 3705 5897 Matth.
3746 5846 4027 5908 xxvn,:‘.5.
