4266 6446
289 395 397 459 935
1068 434 1087 467 μς
1199 403 1734 465 COMMENTARII
1782 407 1864 466 IN
1907 410 2603 480 DEUTERONOMIUM.
3453 417 3554 483 99.6

286 527 449 564 suum
474 513 929 600 accommodavit.
964 516 1041 570 Ac
1069 517 1393 586 priusquam
1419 520 1837 580 tabernaculum
1863 538 2021 578 suum
2049 525 2278 591 ﬁxisset,
2305 545 2538 598 eamque
2571 532 2994 594 introduxisset,
3014 546 3075 584 ac
3095 547 3190 600 per
3216 532 3462 586 umbram
3487 537 3551 587 ad

288 600 578 698 veritatem
611 599 955 698 deduxisset,
991 605 1598 698 caput-quodammodo
1622 609 1742 675 ejus
1774 609 1958 664 animo
1994 616 2059 666 ab
2093 615 2414 670 idololatriae
2437 621 2860 687 cogitationibus
2886 599 3200 691 repurgato.
3237 623 3550 683 denudavit,

283 1035 561 1131 occides...
585 1038 790 1131 inquit,
819 1054 927 1092 non
956 1039 1231 1095 Iuraberis
1262 1044 1330 1105 ’³,
1367 1063 1384 1093 ι
1416 1056 1620 1131 etquae
1649 1047 1932 1119 deinceps.
1989 1051 2260 1106 Cteterum
2305 1058 2640 1124 captivitatis
2685 1060 2854 1111 vestis
2891 1035 3452 1121 servilemvhabitmn,
3487 1076 3548 1109 ae

283 1122 988 1217 ⁸ιιι-ιιιειιίιίειιιιΗτεείειιιευιῐι
1038 1139 1418 1195 repraesentat,
1469 1130 1626 1200 juxta
1655 1133 1786 1186 illud
1827 1150 1840 1187 :
1905 1136 2135 1192 Homine
2200 1122 2385 1195 vetere
2414 1158 2537 1194 eum
2583 1146 2891 1198 actionibus
2937 1145 3054 1197 suis
3093 1154 3281 1203 exuto,
3313 1155 3366 1196 et
3407 1160 3548 1197 novo

281 1207 502 1306 induto,
544 1211 636 1280 qui
663 1211 922 1306 Christus
944 1222 1048 1280 est,
1077 1232 1238 1284 quem
1278 1233 1372 1286 per
1402 1219 1646 1274 divinum
1678 1222 2018 1290 baptismum
2066 1228 2341 1283 induimus
2363 1232 2401 1293 ί,
2430 1230 2646 1284 Satanae
2669 1234 3006 1298 captivitatis
3044 1233 3370 1285 vestimenta
3414 1248 3538 1298 pro-

274 1300 556 1362 jicientes,
588 1308 642 1351 et
674 1300 978 1367 gratiarum
1019 1304 1267 1359 actiones
1298 1321 1397 1360 seu
1431 1306 1621 1362 laudes
1659 1308 1770 1362 Deo
1826 1311 2136 1377 oﬂ'erentes,
2173 1316 2408 1369 dicimus
2442 1333 2454 1369 :
2485 1337 2501 1368 ι
2541 1317 2786 1372 Exsultei
2836 1320 3014 1371 anima
3045 1334 3161 1371 mea
3192 1319 3244 1370 in
3284 1316 3546 1370 Domino.

279 1382 640 1472 induitienim
676 1401 763 1440 me
797 1390 1132 1445 vestimento
1163 1392 1380 1456 salutis,
1417 1404 1469 1448 et
1521 1395 1708 1449 tunica
1759 1397 2022 1453 ltclitiaa’.
2061 1419 2078 1451 ι
2111 1401 2264 1467 Quod
2299 1404 2500 1457 Paulus
2530 1419 2750 1472 quoque
2779 1406 2952 1457 sensit
2992 1420 3115 1458 cum
3164 1405 3372 1471 inquit:
3406 1425 3422 1454 ι
3459 1407 3547 1457 ln—

288 1469 430 1523 duto
466 1471 700 1526 Domino
734 1485 923 1529 nostro
951 1475 1080 1532 .lesu
1103 1478 1347 1543 Christo,
1391 1483 1577 1538 carnis
1610 1486 1941 1544 voluntatem
1974 1505 2040 1543 ne
2074 1489 2288 1545 faciatis
2317 1492 2383 1544 ad
2446 1469 2929 1560 concupiscentias
2955 1494 2994 1545 ³.
3033 1512 3053 1545 ι
3091 1469 3279 1546 Restat
3323 1508 3453 1545 vero
3492 1509 3548 1552 ut

276 1560 565 1658 cohabitet
596 1576 719 1615 cum
746 1562 856 1658 Deo
898 1565 1006 1619 ritu
1046 1578 1249 1634 nuptm,
1277 1569 1576 1639 deploratis
1637 1575 1788 1642 prius
1843 1577 2289 1644 progenitoribus
2324 1578 2462 1635 suis.
2503 1579 2699 1631 sullieit
2739 1580 2884 1631 enim
2914 1580 2959 1632 si
2995 1584 3171 1631 vocati
3208 1579 3355 1631 brevi
3391 1589 3530 1630 tem-

277 1652 432 1714 νοτίς
458 1657 670 1701 lautum
701 1652 881 1719 spatio
905 1657 1209 1708 carnalium
1245 1659 1622 1714 recordentur.
1662 1661 1861 1713 Deinde
1886 1678 2010 1716 vero
2036 1665 2314 1732 repurgati
2349 1665 2416 1716 ab
2446 1666 2640 1716 horum
2669 1667 2930 1716 memoria
2961 1680 3096 1732 pure
3138 1664 3353 1732 possint
3379 1666 3545 1716 coha-

276 1733 453 1788 bitare
475 1735 604 1790 Deo.
635 1735 826 1805 Itaque
851 1741 942 1808 qui
977 1757 1042 1794 ex
1070 1742 1308 1812 A‘ngpto
1329 1755 1490 1799 erant
1519 1749 1723 1816 egressi
1783 1749 1957 1816 ipsam
2027 1747 2419 1804 desiderabant
2470 1751 2693 1812 iterum,
2736 1766 2798 1802 ac
2842 1751 3096 1803 dicebant
3139 1771 3150 1804 :
3196 1770 3212 1801 ι
3266 1750 3488 1805 Utinam
3517 1765 3544 1801 a

274 1821 513 1877 Domino
562 1828 817 1894 percussi
862 1829 918 1883 in
975 1840 1120 1885 terra
1150 1831 1369 1903 Egypti
1420 1839 1877 1894 occubuissemus
1909 1839 1950 1892 ‘.
1986 1857 2005 1889 ι
2031 1837 2464 1892 Conclamabant
2495 1854 2712 1906 quoque
2764 1847 2958 1889 contra
3013 1837 3235 1890 Mosen:
3280 1855 3296 1886 ι
3335 1835 3543 1904 Ecquid

267 1923 376 1965 nos
411 1911 651 1966 eduxisti
677 1913 734 1967 in
758 1914 1042 1971 desertum
1081 1918 1184 1972 hoc
1215 1920 1278 1972 l'?
1309 1940 1327 1973 ι
1365 1919 1482 1976 Non
1508 1923 1814 1993 imperandi
1857 1925 2021 1996 igitur
2052 1926 2157 1978 vim
2185 1925 2348 1979 habet
2382 1924 2539 1988 illud,
2568 1925 2798 1993 lugebit,
2827 1925 2921 1978 sed
2957 1933 3179 1992 propter
3206 1923 3371 1994 449
3394 1921 3544 1976 inﬁr-

269 1996 542 2062 mitatem,
574 2001 948 2068 permittendi.
985 2003 1108 2073 Ipse
1145 2006 1293 2060 enim
1317 2009 1478 2078 quale
1511 2025 1611 2065 nos
1644 2011 1957 2080 ﬁgmentum
1991 2013 2186 2076 simus,
2219 2012 2391 2065 novit.
2427 2011 2565 2065 Illud
2601 2027 2730 2066 vero
2761 2028 2774 2063 :
2810 2031 2828 2064 ι
2863 2009 3088 2066 Sedebit
3127 2012 3180 2065 in
3204 2011 3368 2065 domo
3394 2019 3541 2074 tua,»

267 2088 735 2143 consuetudinem
767 2087 1478 2164 perpetuamsigniﬁcavit.
1510 2099 1685 2164 Quam
1711 2101 1967 2170 consequi
1997 2101 2055 2154 in
2091 2099 2231 2153 votis
2267 2099 2432 2154 David
2480 2100 2695 2160 habuit,
2742 2115 2866 2153 cum
2908 2099 3087 2169 inquit
3119 2117 3132 2153 :
3173 2118 3191 2148 ι
3233 2097 3412 2152 Unum
3445 2111 3546 2166 po-

267 2174 472 2227 stulavi
495 2189 524 2227 a
555 2175 809 2239 Domino,
842 2187 898 2232 ut
941 2180 1190 2237 habitare
1237 2199 1452 2253 possem
1484 2189 1538 2242 in
1575 2187 1738 2242 domo
1777 2187 1990 2242 Domini
2022 2187 2280 2241 omnibus
2323 2187 2521 2241 diebus
2559 2189 2688 2240 vita:
2714 2202 2846 2240 mem
2884 2188 2926 2249 ⁸,
2961 2205 2978 2237 ι
3029 2194 3082 2241 ct
3113 2185 3398 2254 deinceps.
3425 2184 3546 2250 Quo

268 2259 839 2334 Ecclesiam'quoque
861 2267 1104 2335 gentium
1142 2271 1455 2339 impellens,
1492 2274 1669 2343 inquit
1698 2291 1712 2328 :
1749 2291 1768 2326 ι
1803 2275 1969 2346 Audi,
1995 2276 2124 2338 lilia,
2153 2283 2207 2328 et
2235 2275 2375 2339 vide,
2403 2284 2458 2329 et
2483 2275 2686 2328 inclina
2715 2290 2900 2329 aurem
2934 2282 3109 2337 tuam,
3138 2284 3192 2328 et
3216 2274 3546 2329 obliviscere

269 2349 461 2416 populi
488 2349 566 2403 tui
594 2390 608 2414 ,
664 2361 718 2406 et
765 2352 964 2407 domus
1001 2359 1170 2424 patris
1204 2359 1306 2422 tui,
1347 2361 1606 2428 quoniam
1636 2363 1952 2430 concupivit
1989 2377 2077 2415 rex
2120 2361 2587 2430 pulchritudinem
2635 2369 2782 2414 tuam
2825 2362 2866 2415 ⁷.
2891 2381 2908 2411 ι
2931 2361 3215 2430 Spirituali
3250 2377 3382 2415 vero
3418 2361 3546 2414 uni-

265 2445 379 2492 tate
403 2438 794 2509 eonjungimur
823 2457 926 2497 nos
964 2443 1231 2502 Domino:
1280 2465 1299 2499 ι
1339 2447 1442 2514 Qui
1468 2451 1612 2504 enim
1650 2451 1878 2504 Domino
1904 2451 2312 2520 conglutinatus
2335 2459 2439 2512 est,
2482 2465 2622 2503 unus
2659 2450 2885 2519 spiritus
2935 2450 3081 2504 est“.
3122 2435 3236 2500 .‘_
3268 2468 3286 2500 ι
3325 2448 3478 2514 Quod
3495 2450 3543 2504 si

179 2532 196 2545 ‘
268 2540 402 2581 vero
428 2527 527 2582 tibi
561 2544 670 2583 non
701 2530 994 2599 placuerit,
1036 2544 1362 2602 potestatem
1399 2540 1482 2593 sui
1517 2538 1601 2592 fac
1632 2547 1800 2609 atque
1831 2540 2062 2593 dimitte.
2097 2558 2115 2589 ι
2144 2538 2261 2591 Sub
2293 2539 2450 2592 hasta
2498 2554 2633 2592 vero
2659 2539 2891 2608 pecunia
2923 2553 3031 2591 non
3063 2538 3358 2592 vendetur.
3399 2538 3547 2601 Qua-

265 2624 492 2685 propter
527 2631 650 2671 cum
677 2617 996 2673 Judmorum
1036 2620 1322 2693 Synagoga
1349 2626 1400 2679 in
1431 2625 1710 2680 Christum
1749 2627 2092 2696 deliquisset,
2138 2641 2304 2680 exosa
2336 2627 2557 2696 quidem
2607 2635 2716 2687 est,
2771 2641 2876 2678 non
2913 2626 2981 2678 ita
3010 2636 3192 2679 tamen
3224 2633 3284 2678 ut
3313 2624 3536 2693 penitus

268 2704 526 2757 tradatur
586 2703 828 2760 Satanae.
892 2707 1012 2761 Non
1063 2711 1206 2764 enim
1238 2712 1509 2767 idolorum
1538 2715 1707 2768 cultui
1750 2730 1810 2770 se
1843 2713 2074 2774 addixit,
2120 2723 2408 2782 postquam
2445 2729 2473 2765 a
2511 2713 2598 2766 Dei
2630 2714 3017 2766 familiaritate
3053 2712 3369 2774 deiecisset,
3395 2714 3532 2781 quin

264 2791 446 2846 adhuc
475 2792 530 2845 in
559 2793 683 2860 ejus
715 2794 866 2848 cultu
887 2796 1153 2863 persistit,
1189 2799 1472 2870 legemque
1503 2802 1754 2856 excolere
1775 2803 2017 2857 videtur.
2045 2800 2160 2854 Non
2196 2801 2342 2854 enim
2369 2811 2699 2869 aspernatus
2727 2810 2812 2855 est
2843 2816 2962 2854 eam
2995 2815 3159 2868 quam
3197 2800 3354 2869 prius
3385 2799 3536 2853 dele-

265 2879 368 2945 git.
429 2876 598 2932 Porro
654 2894 753 2949 per
807 2880 1142 2951 virginitatis
1198 2893 1404 2942 statum
1456 2889 1926 2956 humiliationem,
1975 2899 2067 2943 aut
2137 2895 2289 2943 certe
2337 2890 2648 2958 spiritualis
2701 2888 3116 2956 conjunctionis
3169 2887 3391 2941 modum
3447 2886 3546 2944 de-

259 2971 435 3021 nouat.

341 3055 392 3108 Ν
400 3073 465 3110 an
487 3056 680 3124 poterit
699 3057 1100 3129 primogenitum
1120 3060 1292 3128 facere
1318 3062 1486 3130 ﬁlium
1505 3064 1731 3131 dilecta,
1756 3064 1992 3133 despecto
2016 3064 2128 3134 ﬁlio
2152 3066 2366 3120 odiosae.
2392 3065 2556 3137 [XX],
2583 3066 2695 3136 16.]
2717 3066 2842 3121 Duae
2866 3067 3123 3122 mulieres
3147 3083 3259 3122 rem
3289 3081 3410 3119 eum
3439 3065 3548 3120 Deo

266 3143 585 3198 habuerunt
622 3161 636 3197 :
670 3153 725 3199 et
752 3143 1070 3201 Judzeorum
1106 3148 1394 3220 Synagoga
1418 3189 1434 3213 ,
1474 3161 1528 3206 et
1561 3155 1847 3223 gentilium
1879 3153 2143 3208 Ecclesia.
2176 3152 2416 3218 Quarum
2469 3155 2622 3222 prior
2657 3169 2824 3208 exosa
2857 3163 2941 3208 est
2963 3196 2976 3219 ,
3018 3163 3078 3206 ut
3111 3159 3254 3207 enim
3283 3152 3549 3208 .Ieremias

265 3233 449 3301 inquit
477 3247 490 3282 :
530 3250 547 3282 ι
580 3229 662 3285 Τιι
695 3243 938 3287 scortata
969 3249 1030 3289 es
1058 3250 1183 3290 cum
1219 3241 1537 3307 pastoribus
1568 3242 1794 3305 multis,
1823 3251 1877 3296 et
1905 3240 2158 3296 reﬂexisti
2188 3241 2254 3293 ad
2287 3255 2392 3304 me,
2425 3241 2560 3294 dicit
2595 3239 2926 3295 Dominus”.
2959 3260 2976 3291 ι
3017 3239 3080 3292 Ει
3110 3241 3302 3294 iterum
3339 3260 3349 3294 :
3382 3258 3400 3290 ι
3427 3239 3545 3293 Non

265 3329 532 3388 tanquam
563 3318 863 3376 Dominum
898 3335 984 3375 me
1013 3324 1248 3388 vocasti,
1273 3334 1328 3379 et
1359 3335 1596 3396 patrem,
1631 3336 1686 3384 et
1713 3329 1906 3383 ducem
1937 3327 2274 3397 virginitatis
2305 3335 2413 3380 tua!
2433 3327 2496 3380 “.
2533 3347 2552 3378 ι
2591 3325 2769 3394 Ilnjus
2802 3327 3000 3382 uxoris
3032 3328 3175 3382 Iilius
3206 3326 3546 3397 primogeni-

264 3418 356 3461 tus
389 3406 667 3460 Abraham
697 3413 752 3462 et
789 3409 874 3464 sui
913 3407 1139 3464 fuerunt
1166 3451 1181 3475 ,
1219 3415 1473 3482 quamvis
1503 3426 1687 3486 patres
1719 3417 1960 3485 ipsorum
1989 3416 2080 3485 jus
2109 3415 2467 3469 reddiderunt
2495 3456 2510 3479 ,
2545 3427 2598 3470 et
2630 3423 2905 3484 quotquot
2931 3415 3016 3472 his
3043 3423 3171 3470 ante
3195 3415 3430 3486 gratiam
3460 3415 3543 3467 si-

264 3494 431 3549 miles
450 3503 600 3548 sunt.
636 3493 908 3548 Caeterum
938 3496 1006 3550 de
1038 3499 1285 3568 gentium
1319 3500 1568 3556 Ecclesia
1596 3502 1761 3557 David
1797 3504 1968 3573 inquit
1998 3520 2012 3556 :
2046 3521 2064 3554 ι
2094 3502 2257 3567 Audi,
2293 3502 2423 3568 ﬁlia,
2453 3512 2506 3557 et
2535 3502 2678 3566 vide,
2705 3511 2758 3557 et
2797 3502 3001 3556 inclina
3036 3517 3226 3557 aurem
3261 3509 3411 3555 tuam
3436 3501 3505 3561 ".
3525 3520 3545 3551 ι

263 3591 322 3636 et
365 3582 822 3702 quandeinceps.
871 3583 1074 3640 Beatus
1128 3585 1270 3643 item
1320 3587 1573 3646 Paulus:
1609 3609 1628 3643 ι
1659 3591 1990 3662 Desponsavi
2028 3606 2127 3646 vos
2170 3589 2264 3645 uni
2312 3591 2465 3656 viro,
2512 3600 2573 3645 ut
2613 3591 2885 3663 virginem
2932 3600 3141 3647 castam
3194 3589 3420 3644 Christo
3475 3589 3550 3644 si-

267 3681 473 3728 sterem
495 3672 558 3724 ι’.
590 3690 608 3722 ι

339 3759 472 3812 Ὅτε
500 3757 772 3812 ἀποδώσει
803 3759 1049 3829 δηλονότι
1077 3761 1296 3834 ἑκάστῳ
1326 3764 1466 3818 κατὰ
1494 3764 1562 3818 τὰ
1587 3764 1724 3836 ἔργα
1749 3766 1850 3819 αὖ·
1880 3773 1927 3830 Α

260 3847 386 3913 τοῦ,
421 3849 520 3919 οὐχ
550 3849 887 3920 ὑπερόψεται
913 3852 1007 3906 τὸν
1032 3853 1380 3924 πρωτότοκον
1409 3856 1523 3910 υίδν
1542 3860 1644 3927 τῆς
1670 3873 1861 3927 μισου-

270 3935 466 4012 μένης,
502 3941 619 3995 ἀλλ’
643 3941 1017 4011 ἐπιγνώσεται
1047 3944 1236 4000 δοῦναι
1282 3946 1435 4018 αὑτῷ
1461 3947 1659 4003 διπλᾶ’
1691 3949 1774 4001 ὅτι
1803 3964 1864 4000 τε

2025 3764 2257 3832 Quando
2286 3765 2455 3836 igitur
2509 3765 2812 3835 unicuique
2869 3766 3062 3821 reddet
3121 3781 3222 3836 pro
3283 3764 3549 3835 operibus

1967 3857 2174 3929 ipsius,
2210 3872 2321 3912 non
2378 3858 2620 3928 negliget
2668 3873 2849 3914 exosa:
2902 3858 3360 3927 primogenitum,
3411 3871 3549 3925 quo-

1966 3949 2113 4003 niam
2144 3947 2394 4018 politiam
2425 3949 2798 4020 evangelicam
2829 3963 2941 4019 prae
2981 3964 3040 4003 se
3072 3949 3338 4006 tulerunt.
3369 3956 3422 4001 et
3454 3962 3549 4015 per

265 4031 380 4101 πρὸ
405 4031 504 4102 τῆς
540 4033 766 4104 χάριτος
798 4033 1092 4103 γεγόνασι,
1132 4036 1228 4090 καὶ⁸
1261 4037 1540 4092 πολιτείαν
1572 4038 1861 4106 εὐαγγελι-

261 4124 370 4194 κὴν
417 4125 789 4191 ἐπεδείξαντο,
817 4127 914 4181 καὶ
946 4127 1036 4181 διὰ
1069 4128 1322 4197 Ιπίστεως
1369 4131 1858 4202 ἐμαρτυρήθησαν.

266 4219 436 4273 Ὥστε
490 4221 604 4292 (97)
669 4223 767 4276 καὶ
815 4224 896 4287 είς
948 4222 1188 4288 κόλπους
1230 4224 1431 4291 αὐτῶν,
1469 4226 1723 4296 Ἀϐραὰμ
1768 4226 1863 4279 καὶ

276 4312 467 4366 Ἰσαὰκ
509 4315 605 4367 καὶ
630 4312 852 4379 Ἰακὼϐ,
886 4314 1014 4379 τοὺς
1050 4316 1393 4384 σωζομένους
1439 4317 1684 4380 ἅπαντας
1728 4319 1862 4371 ἀνα-

264 4405 558 4467 παύεσθαι,
591 4405 735 4460 κατὰ
782 4406 884 4476 τὴν
933 4404 1029 4458 τοῦ
1079 4407 1333 4477 Σωτῆρος
1375 4409 1585 4478 φωνήν.
1617 4409 1757 4477 Φησὶ
1806 4408 1862 4460 δὲ

263 4500 362 4551 καὶ
409 4496 646 4563 Παῦλος,
689 4496 928 4550 «Ἐλαϐε
961 4496 1020 4550 δὲ
1053 4496 1307 4568 ’Δϐραὰμ
1338 4499 1642 4567 περιτομὴν
1678 4515 1857 4566 σφρα-

262 4591 394 4660 γῖδα
427 4592 528 4660 τῆς
553 4588 907 4659 δικαιοσύνης
925 4589 1023 4658 τῆς
1045 4589 1279 4653 πίστεως
1304 4589 1406 4659 τῆς
1429 4590 1487 4655 ᾖν
1503 4590 1861 4661 ἀκροϐυστίᾳ,

263 4685 348 4745 είς
377 4683 442 4735 τὸ
475 4677 619 4735 εἶναι
663 4681 830 4736 αὐτὸν
859 4681 1074 4752 πατέρα
1104 4680 1326 4734 πάντων
1357 4681 1469 4734 τῶν
1497 4681 1862 4734 πιστευόντων

263 4773 334 4827 δι’
352 4771 730 4844 ἀκροϐυστίας
749 4789 765 4804 ·
800 4773 883 4835 είς
905 4771 970 4824 τὸ
993 4771 1314 4842 λογισθῆναι
1341 4772 1436 4824 καὶ
1459 4771 1644 4834 αὐτοῖς
1670 4771 1769 4843 τὴν
1789 4773 1864 4824 δι-

266 4865 596 4936 καιοσύνην·
630 4865 727 4918 καὶ
759 4864 978 4934 πατέρα
1008 4863 1336 4934 περιτομῆς.
1370 4864 1433 4916 οὑ
1460 4866 1573 4927 τοῖς
1605 4866 1669 4916 ὲκ
1702 4882 1860 4935 περι-

263 4959 444 5027 τομῆς
477 4955 819 5027 μόνον,ἀλλὰ
847 4955 945 5009 καὶ
974 4956 1087 5018 τοῖς
1125 4953 1399 5023 στοιχοῢσι
1424 4956 1537 5016 τοῖς
1570 4953 1744 5023 ἴχνεσι
1762 4954 1864 5023 τῆς

267 5053 327 5104 ὲν
351 5048 697 5120 ἀκροϐυστίᾳ
736 5048 973 5110 πίστεως
1003 5046 1099 5100 τοῦ
1129 5047 1337 5116 πατρὸς
1363 5046 1522 5116 ήμῶν
1555 5045 1856 5114 Ἀϐραάμ.»

283 5142 449 5212 Ὁρᾷς
476 5141 552 5204 ὡς
578 5138 805 5193 διπλοῦν
835 5139 989 5209 παρὰ
1008 5137 1103 5190 τοῦ
1131 5137 1342 5208 πατρὸς
1368 5135 1495 5206 ἔσχε
1524 5136 1614 5188 τὸν
1638 5137 1859 5205 κλῆρον,

270 5234 480 5304 καίπερ
532 5232 610 5285 ὣν
668 5231 772 5302 τῆς
834 5231 1198 5301 μισουμένης,
1265 5227 1450 5297 πατὴρ
1508 5227 1864 5298 χρηματίζων

270 5323 449 5377 ἐθνῶν
478 5323 574 5376 καὶ
601 5323 713 5375 τῶν
748 5324 815 5375 ἐκ
847 5320 1173 5392 περιτομῆς.

343 5441 392 5473 ⁸⁷
416 5439 590 5494 Exod.
626 5455 714 5502 xx,
746 5439 800 5493 3.
878 5439 925 5471 ’⁸
956 5438 1114 5491 Rom.
1140 5453 1236 5497 xtl.
1266 5435 1321 5498 9.,
1343 5438 1395 5490 5.
1473 5435 1515 5465 ⁹⁹
1545 5432 1714 5485 Exod.
1741 5449 1830 5496 xx,
1854 5433 1940 5493 15,
1973 5429 2059 5502 I5.

270 5510 500 5572 LXIJO.
577 5498 780 5564 'Ro'nt.
811 5524 929 5571 xttt,
958 5508 1046 5561 14.
1123 5506 1144 5536 ⁸
1188 5507 1344 5560 Num.
1383 5503 1568 5564 xtv,5.
1647 5505 1668 5534 '
1707 5503 1870 5557 Νιιιιι.
1912 5518 2024 5562 χχι,
2053 5498 2103 5551 5.

1489 5573 1529 5604 ¹¹
1573 5572 1714 5629 Psal.
1746 5590 1886 5634 xuv,
1930 5573 2012 5626 ιυ.

272 5597 351 5641 τι.
395 5581 483 5632 I7.
558 5582 579 5613 ’
618 5577 822 5634 Jerem.
856 5595 934 5642 ιιι,
972 5580 1022 5632 I.
1104 5579 1146 5608 '°
1190 5577 1322 5632 ibid.
1355 5577 1408 5632 4.

277 5668 354 5714 tv,
394 5653 478 5716 ll,
520 5650 606 5705 I2.

1967 4038 2127 4094 Iidem
2156 4037 2540 4093 testimonium
2568 4039 2853 4093 consecuti
2885 4047 3036 4101 sunt,
3069 4037 3216 4106 quod
3247 4037 3301 4090 in
3335 4037 3546 4106 gremio

1964 4144 2152 4185 eorum
2183 4129 2443 4184 omnibus
2478 4129 2910 4184 recumbentium
2954 4130 3079 4192 siet,
3107 4127 3261 4197 juxta
3288 4128 3547 4181 Servato-

1964 4223 2042 4277 ris
2077 4221 2286 4277 dictum
2311 4222 2375 4276 ⁸³.
2407 4221 2635 4276 Necnon
2684 4220 2888 4275 Paulus
2917 4235 3135 4291 quoque
3163 4219 3296 4274 dicit
3334 4237 3347 4272 :
3389 4238 3406 4269 ι
3438 4221 3546 4272 Ac-

1964 4315 2109 4383 cepit
2162 4328 2292 4369 vero
2343 4313 2621 4367 Abraham
2661 4313 3141 4367 circumcisionem
3167 4351 3181 4374 ,
3213 4311 3430 4381 sigmtm
3460 4312 3548 4380 ju-

1963 4406 2127 4460 stitia:
2179 4420 2303 4475 quat
2360 4405 2527 4459 etiam
2570 4404 2623 4457 in
2675 4403 2942 4473 preputio
2981 4420 3074 4471 per
3109 4403 3267 4457 Iidem
3303 4405 3546 4468 obvenit,

1964 4506 2025 4550 ut
2045 4505 2194 4551 esset
2228 4506 2382 4565 pater
2413 4497 2657 4548 omnium
2697 4494 3039 4548 credentium
3077 4495 3130 4547 in
3171 4498 3456 4564 prwpittio,
3489 4507 3546 4546 ut

1964 4597 2019 4644 et
2050 4587 2160 4642 illis
2191 4602 2413 4656 quoque
2441 4587 2808 4655 imputaretur
2838 4585 3049 4654 justitia
3073 4625 3089 4649 ,
3118 4594 3272 4654 pater
3303 4585 3428 4637 item
3461 4599 3547 4638 es-

1925 4675 1936 4681 ’
1964 4689 2048 4733 set
2076 4679 2243 4733 etiam
2272 4675 2745 4740 circumcisionis,
2772 4689 2874 4729 nec
2905 4689 3098 4729 eorum
3125 4675 3216 4742 qui
3241 4690 3304 4728 ex
3333 4690 3393 4728 ea
3420 4683 3547 4728 sunt

1965 4770 2173 4830 solum.
2205 4783 2398 4822 verum
2428 4767 2596 4822 etiam
2631 4781 2846 4830 eorum,
2883 4767 2976 4836 qui
3028 4767 3080 4820 in
3127 4767 3395 4835 pmputio
3424 4767 3544 4820 lidet

1965 4861 2209 4931 vestigiis
2240 4859 2418 4929 patris
2443 4858 2622 4912 nostri
2647 4858 2921 4912 Abraham
2961 4858 3300 4913 insistunt“.
3333 4878 3351 4912 ι
3389 4857 3550 4913 Vides

1968 4954 2134 5025 igitur
2162 4952 2306 5023 quod
2340 4951 2614 5021 duplicem
2640 4966 2670 5004 a
2697 4959 2848 5021 patre
2872 4961 3080 5020 partem
3117 4951 3328 5013 habuit,
3357 4967 3549 5020 quam-

1968 5047 2048 5100 vis
2077 5059 2258 5099 exosae
2290 5043 2483 5098 uxoris
2521 5042 2665 5097 Iilius
2698 5051 2847 5097 esset
2868 5081 2883 5103 ,
2918 5050 2976 5094 ut
3008 5042 3262 5096 videlici-t
3298 5049 3452 5110 pater
3482 5041 3553 5093 sit

1897 5115 1938 5168 Β
1970 5138 2062 5205 qui
2085 5145 2138 5190 et
2168 5134 2427 5205 gentibus
2459 5142 2515 5190 et
2536 5134 2982 5190 circumcisionis
3013 5134 3331 5188 hominibus
3355 5132 3448 5202 jus
3469 5133 3553 5186 di-

1972 5237 2081 5282 cat.

2139 5430 2152 5459 '
2193 5429 2390 5492 Euhes.
2424 5445 2500 5483 tv.
2530 5428 2737 5491 25-23;
2773 5428 2988 5482 Coloss.
3032 5442 3116 5489 ιιι,
3151 5426 3314 5486 9.10.
3398 5427 3416 5456 ¹
3445 5425 3548 5479 Isa.

2215 5500 2235 5530 ⁸
2267 5498 2409 5550 Psal.
2444 5515 2591 5550 xxw.
2628 5499 2680 5550 4.
2759 5499 2776 5527 ⁷
2807 5497 2948 5550 Psal.
2980 5513 3120 5550 λων.
3149 5499 3235 5550 Η.
3313 5517 3333 5526 ·’
3371 5501 3385 5546 I
3419 5499 3548 5547 (lor.

2095 5539 2103 5551 .
2215 5500 2235 5530 ⁸
2267 5499 2409 5552 Psal.
2444 5515 2591 5552 sxw.
2628 5499 2680 5552 4.
2759 5499 2776 5527 ⁷
2807 5499 2948 5551 Psal.
2980 5513 3120 5561 λων,
3149 5499 3235 5550 Η.
3313 5517 3333 5526 ·’
3371 5501 3385 5546 I
3419 5499 3551 5547 (lor.

2095 5571 2136 5601 ι’
2177 5567 2218 5622 ll
2255 5569 2380 5623 Cor.
2415 5585 2502 5635 tu,
2535 5570 2586 5622 9..
2673 5569 2714 5601 ⁸³
2757 5569 2946 5622 Matth.
2985 5585 3100 5634 \‘lll,
3143 5570 3226 5624 II.
3306 5570 3347 5598 “
3390 5568 3546 5620 itout.

1820 5734 2047 5792 ΝΟΤλΕ.

352 5839 467 5908 (97)
522 5838 611 5901 Ὠς
672 5837 753 5901 εἰς
784 5835 1017 5900 κόλπους
1077 5834 1256 5890 αὐτῶν
1305 5834 1550 5898 ἅπαντας
1591 5836 1754 5888 ἀναπ.
1797 5833 1854 5886 Ὀ
1894 5831 1992 5902 τῆς
2017 5828 2296 5900 Λῦγ.κὼδ.
