4266 6446
321 410 423 473 9.57
1250 400 1396 458 C031
1406 397 1780 457 MENTARII
1818 396 1899 456 IN
1930 396 2631 458 DEUTERONOMIUM.
3483 400 3584 461 933

321 523 371 573 οἰ
406 518 609 572 πιστοί.
643 516 718 569 Οὐ
754 515 862 585 γὰρ
897 514 1077 566 άλέσει
1119 513 1286 581 χωρὶς
1320 508 1551 578 θατέρου
1590 508 1651 560 τὸ
1688 507 1899 577 ἓτερον.
1931 513 1959 567 Α

2059 506 2168 562 mis
2199 521 2362 560 usum
2392 506 2577 561 fideles
2610 505 2835 561 molent.
2881 507 2994 561 Non
3026 510 3168 563 enim
3200 511 3429 566 alterum
3463 515 3581 568 sine

323 610 451 664 οῠτ⁹
500 609 595 663 οὖν
653 607 901 661 Ἰουδαῖοι
944 607 1042 673 τὴν
1103 601 1341 655 παλαιάν
1391 600 1549 669 μόνον
1600 598 1902 666 δεχόμενοι,

2065 604 2183 649 tero
2215 595 2399 649 molet.
2438 593 2625 663 Neque
2661 595 2827 664 igitur
2849 594 3018 650 Judmi
3064 606 3215 653 vetus
3252 608 3463 653 tantum
3501 617 3583 655 re-

325 701 450 754 οΰτε
490 699 680 760 παῖδες
714 694 1009 765 αἰρετικῶν
1060 694 1231 763 μόνην
1276 692 1377 761 τὴν
1410 691 1537 743 νέαν
1585 686 1902 756 ἀλήθουσιν,

2065 684 2252 752 piunt,
2310 698 2488 751 neque
2544 684 2920 738 haereticorum
2984 684 3077 738 tllii
3129 698 3581 743 norumtantuin

328 794 419 848 ἵνα
452 795 763 863 γεύσωνται
793 791 889 845 τοῦ
924 789 1251 860 ἐπουρανίου
1282 788 1471 857 ἄρτου.
1505 784 1706 853 Διόπερ
1734 785 1761 834 6
1789 780 1871 833 Κύ
1890 808 1905 819 ο

2059 776 2251 836 nolunt,
2291 780 2351 826 ut
2384 774 2668 827 cmleslem
2717 789 2912 843 panem
2964 776 3277 845 degustent.
3311 780 3587 845 Quocirca

333 901 450 959 ριος
476 887 535 938 ἐν
563 887 674 947 τοῖς
704 885 833 951 περὶ
866 881 1178 942 συντελείας
1216 879 1396 945 λόγοις
1423 876 1553 943 περί
1578 874 1688 926 τῶν
1725 871 1907 933 καλῶς

2061 865 2301 928 ominus,
2324 865 2376 917 in
2399 865 2751 919 sermonibus
2780 865 2847 919 de
2871 867 3057 921 mundi
3084 874 3583 936 consummatione,

331 948 365 1047 il
391 975 579 1037 κακῶς
606 948 925 1044 ἁληθονσῶν
948 988 1113 1040 φησιν
1130 987 1143 1001 ·
1175 969 1464 1021 «Ἔσονται
1490 967 1584 1019 δύο
1610 963 1908 1033 ἀλήθουσαι

2059 964 2081 1004 e
2115 950 2277 1005 bonis
2322 960 2375 1004 et
2410 952 2569 1005 malis
2601 952 2951 1008 molitorihus
2999 956 3241 1022 disserit,
3290 960 3583 1030 inquiens:

331 1041 392 1120 έν
422 1067 503 1137 τῷ
539 1041 768 1135 μύλωνι,
808 1064 905 1131 μία
942 1060 1457 1129 παραλαμϐάνεται,
1495 1058 1588 1110 καὶ
1621 1055 1719 1126 μία
1756 1053 1915 1121 ἀφίε-

2078 1041 2209 1097 Dua:
2240 1044 2295 1098 in
2326 1044 2515 1099 eadem
2550 1046 2692 1097 mola
2733 1047 2958 1110 molent,
2996 1064 3101 1103 una
3137 1066 3267 1106 vero
3301 1055 3588 1123 recipitur,

330 1177 446 1213 ται.
527 1134 833 1226 Οὑδετέραν
856 1154 950 1208 οὖν
974 1154 1387 1223 ἐνεχυραστέον,
1412 1150 1535 1203 οὐδὲ
1567 1146 1912 1214 ἑκποιητέον.

2059 1148 2077 1187 3
2140 1134 2313 1187 altera
2352 1135 2675 1203 repudiatur
2708 1137 2771 1188 ⁸³.
2825 1155 2842 1186 ι
2898 1137 3101 1193 Neutra
3156 1141 3324 1210 igitur
3374 1145 3593 1214 pignori

332 1252 530 1323 Ψυχὴν
567 1251 676 1321 γὰρ
708 1224 877 1318 ἄμφω
903 1248 1164 1318 τρέφουσι
1187 1243 1440 1316 βρώμασι
1463 1242 1696 1312 νοητοῖς.

2059 1224 2353 1295 :cipienda,
2388 1240 2567 1293 neque
2598 1226 2895 1294 rejicienda
2931 1227 3053 1291 fuit,
3096 1231 3270 1284 amba:
3298 1234 3442 1286 enim
3475 1237 3596 1288 ani-

2012 1334 2157 1374 mam
2188 1319 2329 1374 cibis
2363 1319 2749 1388 Spiritualibus
2778 1322 2954 1375 alunt.

410 1476 470 1531 Si
490 1475 841 1545 deprehensus
859 1474 1021 1540 fuerit
1054 1472 1207 1524 homo
1241 1471 1329 1539 qui
1354 1470 1563 1538 [uratur
1580 1466 1814 1520 animam
1834 1478 1898 1515 ea:
1930 1458 2188 1528 fratribus
2212 1458 2345 1519 suis,
2364 1457 2417 1509 id
2438 1465 2551 1519 est,
2575 1457 2889 1525 plagiartus.
2906 1456 3126 1529 [ΧΧΝ.
3146 1458 3441 1530 7.]Eodcm
3466 1476 3599 1517 sane

336 1564 503 1617 modo
532 1563 777 1617 haeretici
811 1562 905 1632 qui
934 1560 1135 1614 animis
1172 1566 1327 1613 recte
1360 1556 1571 1611 sentire
1607 1550 1962 1622 cupientibus
1995 1547 2103 1601 vim
2138 1546 2368 1633 faciunt,
2399 1555 2453 1599 et
2477 1557 2690 1600 mentes
2725 1547 2926 1601 liberas
2952 1547 3017 1601 ad
3048 1550 3276 1604 serviles
3306 1551 3598 1620 opiniones

335 1650 582 1718 rapiunt,
615 1650 946 1719 condignam
974 1662 1003 1699 a
1029 1645 1215 1715 judice
1263 1644 1543 1699 sustinent
1574 1647 1828 1693 mortem.
1864 1634 2024 1689 Unde
2056 1650 2124 1689 ne
2170 1634 2404 1689 salutem
2438 1633 2659 1703 quidem
2692 1633 3010 1703 bujusmodi
3053 1636 3369 1692 hominibus
3399 1637 3603 1692 Paulus

334 1737 494 1796 dicit.
531 1752 644 1791 non
681 1750 792 1806 quo
826 1750 921 1789 eos
964 1734 1163 1797 irritet,
1200 1746 1385 1784 verum
1426 1727 1576 1810 quod
1625 1726 1712 1781 ovi
1750 1739 1875 1779 cum
1906 1723 2035 1790 lupo
2087 1736 2370 1790 nunquam
2420 1721 2724 1776 convenire
2772 1736 2935 1790 posse
2982 1724 3180 1777 novit:
3222 1741 3241 1774 ι
3267 1724 3407 1789 Quid
3453 1725 3601 1779 cnim

335 1826 605 1879 consortii
657 1824 799 1878 lideli
837 1838 961 1877 cum
1010 1819 1215 1874 inﬁdeli
1244 1818 1335 1870 “?
1373 1837 1390 1867 ι
1426 1816 1624 1886 inquit.
1673 1813 1807 1868 Item
1841 1828 1856 1865 :
1897 1831 1916 1864 ι
1955 1811 2266 1881 Depravant
2312 1812 2494 1868 bonos
2540 1828 2723 1867 mores
2756 1815 3030 1884 colloquia
3068 1816 3211 1870 mala
3235 1818 3299 1870 εδ.
3340 1836 3359 1870 ι
3396 1816 3472 1872 Ex
3503 1817 3605 1870 Ec-

336 1912 507 1967 clesia
538 1922 801 1981 tanquam
832 1917 1059 1979 paterno
1099 1907 1217 1961 lare
1250 1913 1464 1975 raptum
1502 1905 1559 1957 in
1599 1910 1780 1956 costus
1811 1899 2152 1970 perditorum
2185 1899 2469 1953 hominum
2519 1901 2819 1955 abducunt.

406 2040 724 2108 Μνήσθητι
758 2040 874 2094 ὅσα
905 2039 1160 2106 ἐποίησε
1193 2040 1411 2107 Κύριος
1450 2040 1482 2091 ὁ
1514 2038 1657 2101 Θεός
1687 2050 1804 2087 σου
1844 2032 1919 2099 τῇ
1954 2040 1959 2096 1

2099 2030 2166 2085 Et
2210 2034 2493 2087 recordare
2522 2049 2639 2103 qua:
2690 2034 2813 2101 fecit
2858 2033 3117 2090 Dominus
3149 2037 3289 2092 Deus
3329 2049 3448 2095 tuus
3488 2042 3611 2099 Μα-

336 2132 597 2202 Μαριὰμ.
636 2130 698 2185 Εἰ
732 2133 843 2202 γὰρ
879 2132 1063 2202 ἐκείνη
1088 2129 1521 2199 καταλαλήσασά
1551 2144 1650 2197 μου
1677 2128 1736 2179 ὲν
1763 2125 1920 2195 ὕψεσι

339 2228 561 2279 πάντων
592 2225 950 2293 ἐττηλιτεύθη
987 2224 1067 2294 τῷ
1098 2224 1282 2288 πάθει,
1319 2223 1414 2275 καί
1445 2220 1545 2289 τῆς
1571 2216 1924 2288 παρεμϐολῆς

341 2320 448 2384 ἔξω
481 2319 808 2386 γεγένηται,
865 2316 1015 2382 πόσῳ
1059 2314 1261 2384 μᾶλλον
1316 2313 1475 2381 ὑμεῖς
1533 2308 1926 2378 ὀλιγωροῦντες

340 2409 436 2461 τοῦ
471 2408 768 2478 νομοθέτου
792 2407 887 2460 καὶ
924 2406 1065 2476 μετὰ
1100 2404 1161 2458 τὸ
1190 2404 1577 2474 παράδειγμα;

418 2501 547 2554 Ὅτι
570 2500 762 2567 πένης
794 2498 949 2562 ἐστί,
980 2498 1076 2551 καί
1102 2498 1194 2551 ἐπ’
1220 2495 1384 2561 αὐτῷ
1402 2496 1530 2565 ἔχει
1554 2494 1667 2561 τὴν
1688 2492 1924 2548 ἐλπίδα.

340 2592 735 2662 ⁴ιἰλάνθρωπον
764 2590 865 2660 μὲν
898 2589 993 2643 καὶ
1018 2588 1179 2641 τοῦτο
1198 2605 1209 2617 ·
1242 2588 1275 2657 ὴ
1305 2586 1363 2640 δὲ
1409 2586 1529 2650 νέα,
1558 2585 1894 2655 τελειότερον
1912 2600 1925 2613 ·

348 2708 369 2741 ε
403 2689 704 2757 Πωλήσατε
734 2685 804 2739 τά
843 2684 1183 2755 ὑπάρχοντα,
1212 2684 1369 2752 φησί,
1406 2681 1504 2735 καὶ
1548 2681 1670 2733 δότε
1699 2679 1931 2747 ἐλεημο-

346 2782 536 2850 σύνην.
567 2799 586 2833 ι
613 2808 682 2820 --
724 2795 742 2828 ι
772 2777 886 2830 Ka‘t
920 2776 1029 2829 ἰδοὺ
1061 2775 1239 2828 πάντα
1281 2773 1501 2843 καθαρά
1532 2773 1660 2841 ὑμῖν
1697 2770 1873 2823 ἔσται.
1906 2786 1925 2819 ι

352 2876 420 2927 '0
452 2872 518 2941 δὴ
551 2870 742 2923 πολλοὶ
761 2869 1093 2938 ποιήσαντες
1119 2866 1273 2937 παρὰ
1308 2866 1435 2928 τοὺς
1463 2864 1629 2926 πόδας
1662 2863 1770 2915 τῶν
1797 2863 1935 2915 ἀπο-

349 2964 557 3019 στόλων
586 2962 829 3014 ἐτίθεντο
856 2959 958 3023 τὰς
1010 2957 1202 3028 τιμὰς,
1245 2957 1339 3011 καὶ
1391 2954 1647 3009 διεδέδοτο
1691 2953 1930 3025 ἑκάστῳ,

347 3053 472 3109 καθ’
509 3054 539 3106 ὃ
566 3069 651 3116 τις
680 3050 874 3121 χρείαν
908 3044 1078 3119 εἶχεν.

2029 2126 2149 2179 riw.
2183 2124 2288 2197 [9.]
2324 2123 2379 2179 Si
2418 2126 2564 2179 enim
2598 2126 2691 2180 illa
2716 2142 2840 2180 cum
2869 2128 3002 2181 mihi
3031 2130 3373 2197 rebellasset,
3406 2136 3457 2187 in
3487 2152 3613 2190 con-

2033 2227 2221 2288 spectu
2253 2217 2496 2270 omnium
2546 2218 2741 2271 morbo
2770 2228 2855 2273 est
2909 2228 3117 2285 notata,
3145 2234 3198 2277 et
3241 2236 3394 2278 extra
3429 2240 3611 2282 castra

2034 2318 2119 2365 est
2141 2310 2338 2378 ejecta,
2369 2321 2575 2379 quanto
2600 2310 2773 2380 magis
2798 2312 2954 2367 vobis
2978 2314 3024 2368 si
3051 2315 3421 2386 legislatorem
3449 2323 3613 2375 etiam

2039 2410 2163 2472 post
2194 2402 2507 2472 exemplum
2534 2401 2665 2455 illud
2703 2405 3175 2473 cbntempserilis,
3211 2408 3352 2462 idem
3385 2413 3616 2466 accidet.

2109 2493 2375 2558 Quoniam
2405 2509 2604 2562 pauper
2625 2504 2700 2548 est
2728 2505 2778 2547 ct
2802 2496 2853 2549 in
2880 2513 2938 2549 eo
2964 2514 3103 2565 spem
3132 2515 3285 2552 suam
3313 2501 3489 2566 habet,
3509 2515 3617 2560 etc.

2038 2583 2177 2658 [I5.]
2214 2585 2624 2642 Humanitatem
2649 2589 2893 2657 postulat
2918 2589 3033 2643 haec
3052 2606 3273 2662 quoque
3304 2594 3411 2657 lex,
3432 2610 3594 2664 quam

2041 2681 2124 2735 vis
2154 2696 2293 2735 nova
2330 2681 2381 2734 id
2417 2680 2581 2735 faciat
2613 2682 2863 2736 exactius
2890 2699 2905 2737 :
2932 2702 2949 2733 ι
2977 2680 3209 2739 Vendite
3231 2686 3400 2751 enim,
3422 2689 3621 2758 inquit,

2042 2774 2182 2827 bona
2224 2781 2426 2837 vestra,
2468 2784 2524 2829 et
2560 2783 2783 2843 erogate
2826 2775 3233 2846 eleemosynam
3260 2778 3327 2831 “.
3366 2796 3384 2829 ι
3416 2808 3483 2819 --
3514 2800 3531 2831 ε
3560 2781 3626 2834 Et

2041 2877 2172 2918 ecce
2186 2864 2368 2917 omnia
2382 2863 2538 2918 vobis
2562 2862 2763 2917 munda
2783 2872 2944 2918 erunt
2962 2864 3028 2917 ".
3046 2885 3063 2917 ι
3085 2866 3206 2931 Quo
3232 2883 3364 2922 sane
3389 2885 3417 2923 a
3438 2872 3626 2926 multis

2042 2954 2193 3009 facto
2239 2955 2306 3009 ad
2356 2955 2521 3025 pedes
2579 2957 2959 3026 apostolorum
2998 2957 3376 3028 deposuerunt
3425 2966 3622 3032 pretia,

2040 3055 2095 3103 et
2131 3046 2536 3104 distribuerunt
2565 3049 2863 3121 unicuique
2892 3058 3054 3120 prout
3086 3067 3225 3123 Opus
3263 3054 3457 3110 habuit
3481 3057 3622 3112 ⁸⁸·⁶⁹.

428 3195 554 3249 Νοη
593 3195 892 3248 morientur
932 3202 1111 3261 patres
1155 3206 1252 3261 pro
1282 3191 1435 3261 ﬁliis.
1466 3187 1607 3263 με.)
1640 3186 1759 3243 Νοη
1814 3187 2100 3244 intellecto
2152 3189 2258 3245 hoc
2292 3189 2439 3260 quod
2488 3190 2540 3244 in
2590 3190 2778 3246 Exodo
2815 3191 3084 3263 scriptum
3120 3201 3245 3248 est:
3278 3214 3297 3247 ι
3328 3193 3625 3251 Parentum

352 3292 577 3357 peccata
611 3298 776 3353 super
814 3282 1018 3336 liberos
1038 3280 1105 3344 ⁷ο,
1152 3299 1168 3331 ι
1205 3279 1373 3334 Deum
1404 3278 1690 3347 iniustitiae
1717 3276 2129 3333 insimularunt.
2157 3277 2507 3348 Quapropter
2539 3278 2944 3348 expositionem
3001 3280 3229 3350 insuper
3278 3282 3513 3338 addidit.
3546 3287 3628 3341 llli

353 3391 575 3444 quoque
600 3376 693 3443 qui
730 3389 760 3426 a
793 3371 1305 3424 Nabuchodonosor
1339 3369 1393 3421 in
1420 3368 1745 3439 captivitate
1771 3365 2185 3429 detinebantur,
2219 3381 2283 3419 ac
2314 3367 2358 3419 si
2394 3366 2537 3419 nulla
2559 3367 2681 3433 ejus
2715 3366 2803 3421 hic
2834 3367 3039 3421 mentio
3061 3378 3210 3423 esset
3242 3368 3411 3435 facta,
3438 3373 3622 3428 denuo

354 3464 713 3517 clamitabant
750 3478 763 3513 :
803 3480 820 3510 ι
854 3459 1047 3512 l’atres
1082 3457 1258 3511 nostri
1284 3454 1447 3528 455
1476 3455 1840 3510 comederunt
1868 3453 2216 3523 omphacem,
2237 3461 2292 3508 et
2324 3456 2519 3508 dentes
2543 3454 2847 3507 liberorum
2873 3454 3369 3525 obstupuerunt".
3400 3479 3419 3512 ι
3450 3460 3632 3526 Quare

354 3553 557 3607 iterum
591 3567 685 3621 per
714 3550 1059 3604 Ezeeliiclem
1090 3548 1367 3617 exposuit,
1401 3546 1495 3616 qui
1519 3546 1700 3600 dixit:
1745 3562 1763 3596 ι
1799 3545 1994 3599 Anima
2020 3559 2141 3614 qua:
2169 3552 2357 3613 peccat
2392 3544 2657 3598 morietur
2681 3546 2745 3597 τ’.
2785 3562 2803 3595 ι

430 3686 497 3739 Et
548 3684 921 3739 recordaberis
967 3682 1109 3755 quod
1171 3697 1354 3737 servus
1427 3697 1632 3752 quoque
1683 3677 1855 3751 fuisti.
1914 3675 2058 3749 [l8.]
2109 3676 2164 3730 In
2227 3675 2418 3729 Letitia
2466 3677 2614 3729 enim
2679 3685 2854 3730 tntum
2916 3685 3002 3733 est
3052 3688 3384 3735 exactorum
3444 3686 3637 3738 memi-

352 3774 509 3830 nisse
543 3775 822 3830 laborum.
854 3772 1117 3829 Vicissim
1143 3771 1291 3826 enim
1320 3769 1533 3827 dierum
1572 3768 1878 3841 genialium
1917 3766 2158 3837 spatium
2183 3779 2295 3819 non
2326 3762 2461 3818 sinit
2487 3764 2741 3819 oblivisci
2772 3765 3044 3819 malorum
3076 3766 3130 3820 in
3160 3774 3409 3837 egestate
3450 3770 3635 3823 antla—

352 3870 566 3919 torum.

429 4007 541 4060 Kal.
569 4005 792 4077 ἀριθμῷ
827 4007 1239 4077 τεσσαράκοντα
1276 4003 1719 4075 μαστιγώσουσιν
1751 4004 1937 4061 αὐτόν.

2117 4000 2356 4057 Numero
2436 4000 2795 4071 quadraginta
2866 4000 3040 4071 plagis
3127 4006 3419 4071 percutiant
3495 4023 3638 4065 eum.

354 4100 472 4156 Καὶ
503 4103 564 4155 ὲν
604 4097 870 4169 Ἰεζεκιήλ
894 4115 1027 4168 φησι
1051 4114 1066 4130 ’
1102 4116 1121 4147 ι
1148 4096 1309 4152 Μετὰ
1344 4103 1396 4168 μ’
1448 4096 1545 4170 ἔτη
1595 4096 1809 4162 συνάξω
1852 4097 1949 4150 Αί-

356 4193 629 4263 γυπτίους
647 4194 757 4247 άπὸ
782 4191 893 4246 τῶν
927 4191 1099 4244 ὲθνῶν
1132 4183 1195 4245 οὗ
1239 4190 1734 4262 διεσκορπίσθησαν
1762 4191 1901 4243 ἐκεῖ.
1926 4207 1946 4242 ι

367 4285 431 4339 ’0
465 4285 565 4355 μὲν
611 4284 722 4355 γάρ
755 4284 837 4347 είς
864 4285 958 4336 τὸν
992 4283 1128 4336 Θεὸν
1166 4286 1265 4354 τῆς
1298 4281 1592 4354 ἑϐδομάδος
1623 4282 1953 4352 ἁμαρτήσας

357 4377 514 4440 λαὸς,
545 4377 641 4430 καὶ
682 4376 765 4439 είς
806 4376 867 4429 τὸ
898 4374 993 4428 τοῦ
1026 4374 1310 4428 Σαϐϐάτου
1353 4375 1674 4446 μυστήριον,
1705 4374 1785 4445 τῷ
1813 4373 1953 4426 ἑπτά

353 4469 470 4525 τῶν
494 4468 740 4521 δεκάδων
764 4467 989 4537 ἀριθμῷ
1031 4466 1322 4531 κολάζεται
1344 4482 1357 4497 ⁸
1380 4467 1409 4519 6
1438 4466 1495 4519 δὲ
1524 4466 1821 4534 Αίγύπτιος
1861 4464 1956 4519 καὶ

358 4561 630 4630 κοσμικδς
664 4559 836 4630 μηδὲν
878 4560 1042 4612 πλέον
1083 4560 1357 4627 σωμάτων
1396 4558 1492 4612 καὶ
1529 4558 1639 4611 τῶν
1675 4557 1957 4628 στοιχείων

360 4652 734 4719 ἐπιστάμενος
759 4668 773 4681 ·
821 4649 971 4720 άπερ
1011 4651 1129 4703 ἐστὶ
1168 4650 1261 4703 τὸν
1301 4649 1537 4720 ἀριθμὸν
1570 4649 1645 4703 δ”
1692 4650 1956 4720 τέσσαρσι

356 4742 589 4796 δεκάσιν
638 4739 779 4794 ἐτῶν
832 4738 1214 4810 ἀπολαμϐάνει
1257 4739 1326 4793 τά
1391 4740 1791 4811 ἁμαρτήματα.
1848 4740 1958 4793 Kal

362 4834 489 4885 ἐπεὶ
517 4834 547 4885 6
581 4838 634 4903 μ’
676 4831 909 4903 ἀριθμὸς
938 4831 1256 4899 Αἰγυπτίων
1287 4831 1409 4885 ἐστὶ
1438 4830 1685 4895 κόλασις,
1722 4830 1807 4884 διὰ
1834 4829 1959 4884 τοῦ·

360 4943 425 4980 το
469 4922 625 4996 οἶμαι
677 4925 769 4978 τὸν
812 4925 1049 4995 Ἰσραὴλ,
1094 4924 1128 4995 ἢ
1179 4925 1269 4977 τδν
1306 4923 1621 4994 ἁμαρτόντα
1658 4923 1960 4995 λαμϐάνειν

365 5027 421 5090 μ’
448 5020 603 5092 παρὰ
639 5018 790 5089 μίαν.
823 5018 937 5074 Καὶ
972 5018 1225 5090 ἐπιφέρει
1246 5034 1310 5087 γε
1336 5019 1366 5070 ό
1394 5016 1559 5087 νόμος
1579 5032 1593 5047 ·
1632 5032 1651 5068 α
1681 5016 1758 5069 Οὐ
1794 5031 1961 5087 προσ-

363 5109 557 5179 θήσεις
610 5107 830 5179 πληγὰς
868 5106 1109 5172 πλείους,
1165 5107 1254 5161 ἵνα
1289 5107 1364 5177 μὴ
1398 5107 1686 5178 ἀσχημονῇ
1724 5107 1754 5159 6
1801 5105 1962 5160 ἁδελ-

362 5200 467 5269 φός
512 5215 625 5253 σου.
662 5217 682 5250 ι
739 5198 1126 5269 ’Δσχημοσύνη
1169 5199 1280 5269 γὰρ
1318 5193 1388 5269 ἦν
1426 5197 1740 5269 ἰσραηλίτῃ
1773 5212 1961 5250 κατοι-

363 5292 556 5345 κοῦντι
612 5288 714 5362 τὴν
762 5294 930 5360 ἁγίαν
977 5291 1083 5362 γῆν
1129 5290 1353 5362 ἀριθμῷ
1389 5288 1739 5355 ,κολάζεσθαι
1791 5289 1959 5356 Αἰγυ-

2054 4093 2245 4168 [XXV],
2280 4092 2362 4167 3.]
2412 4092 2469 4148 In
2516 4092 2804 4149 Ezechiele
2834 4095 2963 4151 item
3020 4097 3245 4166 inquit':
3290 4096 3460 4153 «Post
3505 4117 3645 4170 qua-
3734 4159 3741 4165 ,

2054 4188 2310 4258 draginta
2348 4202 2527 4244 annos
2550 4187 2842 4259 Egyptios
2885 4205 2949 4244 ex
2985 4190 3246 4247 omnibus
3286 4193 3545 4262 gentibus
3592 4196 3644 4248 in

2055 4294 2197 4349 quas
2229 4278 2467 4350 dispersi
2511 4290 2660 4345 sunt,
2694 4280 2949 4352 colligam
2971 4282 3040 4336 ⁷³.
3086 4302 3105 4334 ›
3145 4281 3388 4354 Populus
3416 4286 3646 4349 etenim,

2056 4373 2150 4442 qui
2184 4387 2281 4441 per
2316 4358 2678 4441 septimanam
2714 4384 2771 4428 et
2805 4374 2858 4427 in
2908 4372 3134 4428 Sabbati
3196 4377 3521 4446 mysterium
3554 4377 3652 4431 de-

2056 4462 2219 4534 liquit
2282 4478 2516 4519 numero
2577 4473 2791 4535 septem
2849 4465 3121 4522 decadum
3177 4468 3428 4536 punitur.
3481 4470 3651 4541 Atqui

2060 4554 2448 4626 Egyptiaeum
2478 4569 2545 4612 ac
2584 4557 2774 4612 mundi
2824 4557 2990 4629 hujus
3032 4560 3231 4631 vulgus
3266 4560 3417 4632 quod
3452 4573 3652 4632 praeter

2060 4662 2382 4717 corporum.
2427 4656 2483 4702 et
2512 4656 2756 4719 quatuor
2795 4651 3227 4719 elementorum,
3268 4670 3387 4724 quae
3417 4671 3653 4711 numero

2062 4752 2304 4813 quatuor
2360 4742 2661 4807 exsistunt,
2703 4743 2912 4798 nullam
2947 4746 3200 4823 notitiam
3251 4748 3477 4815 habent,
3511 4766 3650 4819 qua-

2062 4833 2317 4905 draginta
2348 4834 2513 4889 annis
2551 4842 2774 4903 peccata
2823 4852 2922 4891 sua
2954 4838 3154 4892 merito
3203 4840 3539 4908 percipiunt.
3590 4840 3657 4893 Et

2063 4927 2327 4997 quoniam
2372 4943 2637 4982 numerus
2672 4928 3148 5000 quadragenarius
3178 4947 3337 5001 pretia
3367 4931 3657 5005 Egyptia-

2066 5032 2188 5071 rum
2218 5023 2326 5083 est,
2355 5030 2418 5070 ea
2446 5026 2670 5087 propter
2704 5019 2947 5073 arbitror
2978 5018 3309 5087 lsraelitam,
3336 5032 3432 5077 aut
3462 5040 3656 5093 quem-

2064 5108 2149 5163 vis
2204 5120 2527 5178 peccantem
2584 5110 2751 5164 alium
2807 5112 3193 5184 quadragenas
3247 5127 3448 5186 praeter
3493 5130 3683 5171 unam

2065 5200 2255 5271 plagas
2308 5201 2586 5272 accipere.
2638 5200 2811 5257 Infert
2863 5218 3027 5273 porro
3080 5207 3162 5261 lex
3220 5224 3231 5259 :
3284 5205 3437 5262 «Nec
3490 5208 3663 5263 addas

2068 5292 2210 5348 ictus
2239 5294 2447 5364 plures,
2481 5310 2549 5349 ne
2593 5293 2762 5349 frater
2794 5304 2920 5350 tuus
2940 5295 3212 5352 dedecore
3241 5302 3596 5356 contabescat
3638 5324 3656 5353 ι

364 5384 562 5439 πτίων.
609 5385 915 5438 Ἐπλανᾶτο
963 5384 1021 5436 δὲ
1061 5383 1155 5437 καί
1194 5388 1243 5453 μ’
1275 5384 1368 5452 ἔτη
1400 5383 1542 5459 κατὰ
1571 5382 1670 5453 τὴν
1694 5381 1903 5452 ἔρημον
1936 5381 1959 5436 6

2073 5382 2325 5440 Dedecus
2358 5386 2503 5439 enim
2530 5383 2795 5440 Israelita:
2834 5396 3040 5442 sancta:
3068 5399 3227 5445 terra!
3255 5390 3362 5446 civi
3415 5407 3536 5447 erat
3566 5413 3663 5447 nn-

356 5476 515 5540 λαός.
568 5476 755 5547 Εχρῆν
778 5478 889 5546 γάρ
920 5475 1085 5530 αὑτὸν
1117 5475 1408 5540 ἐξελθόντα.
1424 5478 1492 5530 ἐκ
1522 5475 1621 5543 τῆς
1650 5474 1960 5544 Αἰγύπτου,

359 5570 447 5647 τῷ
473 5578 529 5644 μ’
558 5569 782 5643 ἀριθμῷ
819 5570 1119 5626 ἀποθέσθαι
1168 5570 1261 5623 τὸν
1310 5569 1612 5641 ὀνειδισμὸν
1658 5569 1962 5637 Αἰγύπτου.

440 5761 490 5795 ⁸³
526 5759 717 5815 Matth.
753 5777 905 5824 xxiv,
940 5763 1027 5817 41.

365 5833 463 5890 35.
544 5832 782 5890 "Exod.
822 5850 1008 5897 xxxiv.
1049 5835 1098 5889 7.

692 5931 972 5994 ΡΑτιιοι..
1011 5934 1128 5996 GR.
1167 5935 1546 6002 LXXXVII.

2074 5491 2230 5532 mero
2258 5475 2647 5551 Egyptiorum
2686 5480 2893 5550 puniri.
2925 5479 3147 5535 Erravit
3173 5498 3308 5537 vero
3330 5483 3497 5539 etiam
3531 5502 3664 5555 qua-

2074 5566 2332 5640 draginta
2402 5572 2566 5627 crinis
2634 5571 2688 5625 in
2749 5572 2972 5629 deserto
3036 5575 3307 5644 populus;
3375 5580 3667 5648 oportebat

1109 5763 1155 5797 “
1179 5765 1230 5849 l_l_
1255 5763 1383 5849 C_or.
1414 5784 1489 5834 vi,
1523 5770 1611 5825 l5.
1684 5769 1784 5849 ξ’]
1810 5770 2166 5849 C9y._xv,33.
2234 5774 2281 5807 “
2312 5775 2443 5849 Luc.
2479 5794 2575 5838 xu.
2604 5779 2695 5835 '33.
2772 5780 2814 5812 ⁸⁷
2846 5780 2977 5837 Luc.
3009 5797 3082 5849 ιι,
3112 5785 3200 5840 Η.
3277 5785 3397 5819 ’Μ’
3430 5786 3548 5846 .-\c'.
3578 5807 3630 5844 tv

1182 5836 1231 5868 ”
1264 5832 1659 5913 ,Ιυι-ειηζκικι»
1682 5841 1775 5900 29.
1853 5845 1905 5881 "
1933 5832 2137 5905 metu.
2172 5861 2325 5916 xvm,
2361 5832 2439 5904 ις
2492 5851 2541 5883 τι
2563 5832 2772 5909 'E'zg'ch.
2802 5832 3082 5923 ,ὠή-,ἐς
3535 5832 3548 5846 ο
3581 5832 3654 5862 -νο

3297 5960 3372 6024 30
