4266 6446
711 374 816 436 939

2016 362 2366 425 PROCOPII
2411 365 2651 425 GAZIEI

3881 347 3985 409 940

709 490 856 542 enim
910 485 1087 553 ipsum
1149 498 1212 536 ex
1249 481 1486 551 [Egypto
1530 493 1836 547 egressum,
1887 491 2119 531 numero
2166 489 2298 545 qua-

2410 479 2461 549 μ⁹
2516 478 2647 546 γοῦν
2714 477 2850 529 ἑτῶν
2905 469 3380 542 πεπληρωμένων,
3427 460 3548 517 εἷπε
3589 461 3795 553 Κύριος
3850 461 3985 553 πρὸς

709 579 969 648 dragiuta
1011 579 1271 645 probrum
1318 571 1542 641 xligypti
1589 570 1884 639 deponere.
1926 568 2301 637 Quadraginta

713 673 896 739 itaque
949 669 1109 721 anuis
1167 667 1403 727 exactis,
1458 662 1599 716 dixit
1662 662 1927 715 Dominus
1974 662 2039 713 ad
2087 658 2298 712 Josue:

715 762 905 815 «Sede
962 772 1015 813 et
1072 756 1411 812 circumcide
1472 756 1612 809 iilios
1671 755 1833 809 Israel
1867 755 1930 806 ⁷⁸.
1972 772 1990 804 ι
2047 752 2124 805 Ac
2180 761 2304 821 post

710 853 1193 907 circumcisionem
1252 850 1389 903 dicit
1440 850 1506 901 ad
1561 862 1684 900 eum
1731 864 1744 902 :
1802 869 1818 895 ι
1852 845 2009 899 Nunc
2038 844 2235 897 abstuli
2271 856 2301 894 a

714 948 869 1000 vobis
929 944 1295 1013 opprobrium
1360 940 1730 1011 Aigypti".i
1795 938 1876 991 Ad
1934 937 2308 991 Abrahamunt

712 1036 955 1103 denique.
988 1038 1054 1087 de
1085 1032 1409 1101 posteritate
1455 1030 1578 1097 ejus
1615 1027 1822 1080 dititur
1850 1027 2040 1089 etiam,
2072 1023 2219 1094 quod
2255 1024 2309 1077 in

717 1127 1033 1181 servitutem
1056 1140 1153 1179 eos
1174 1126 1283 1178 sint
1311 1123 1482 1177 acturi
1511 1130 1565 1175 et
1584 1122 1832 1176 alnicturi
1856 1124 2014 1174 annis
2037 1123 2299 1191 quadrin-

720 1217 990 1284 gentis",
1037 1218 1127 1283 qui
1175 1229 1436 1269 numerus
1466 1226 1569 1277 est,
1628 1223 1864 1281 quatuor
1916 1222 2302 1278 centenorum,

2422 570 2650 639 Ἰησοῦν,
2692 590 2708 619 ι
2737 566 2983 627 Καθίσας
3032 562 3298 632 περίτεμε
3327 558 3455 619 τοὺς
3498 555 3648 613 υἱοὺς
3691 549 3925 618 Ἰσραήλ.
3965 568 3983 599 ι

2413 665 2521 717 Καὶ
2563 663 2702 733 μετὰ
2756 661 2858 731 τὴν
2890 656 3192 727 περιτομήν
3237 666 3371 720 φησι
3414 646 3548 716 πρὸς
3594 645 3792 697 αὐτόν·
3828 660 3847 692 ι

2408 728 2633 823 ἀφεῖλον
2684 749 2779 819 ἀφ’
2814 728 2967 817 ύμῶν
3007 746 3099 797 τὸν
3142 739 3445 807 ὀνειδισμὸν
3476 734 3780 802 Αἰγύπτου.
3822 748 3839 779 ι
3883 728 3995 823 Καὶ

2410 821 2549 916 πρὸς
2591 843 2846 914 ’Λεραὰμ
2900 840 2956 893 δὲ
2999 838 3215 905 λέγεται
3264 834 3395 903 περὶ
3435 830 3543 882 τῶν
3594 821 3995 916 inditum-tib;

2408 937 2773 992 δουλώσουσιν
2798 933 3016 994 αὐτοὺς,
3048 930 3144 982 καὶ
3189 924 3538 979 κακώσουσιν
3567 917 3766 977 αὐτοὺς
3798 911 3841 964 υ¹
3873 912 3992 979 ἐτη.

2412 1030 2515 1093 ’ος
2547 1032 2695 1082 ἐστιν
2741 1025 2976 1095 ἀριθμὸς
3020 1022 3064 1073 δ’
3114 1016 3511 1073 ἑκατοντάδων,
3549 1014 3582 1081 ἦ
3637 1015 3686 1080 μ’
3732 1006 3996 1059 δεκάδων.

2414 1120 2524 1173 Καὶ
2568 1114 2849 1187 πανταχοῦ
2906 1114 3007 1182 τῆς
3058 1108 3282 1180 Γραφῆς
3328 1101 3634 1164 κακωτικδς
3688 1097 3921 1168 ἀριθμὸς
3971 1095 4001 1146 ὀ

2413 1210 2525 1264 τῶν
2558 1208 2630 1279 μ’.

720 1296 1191 1380 autquadragiuta
1215 1307 1498 1362 decadum.
1526 1306 1748 1361 Necnon
1777 1304 1975 1374 ubique
1996 1305 2402 1375 Scripturarum
2437 1304 2565 1358 mali
2586 1301 2766 1359 omnis
2790 1316 3053 1357 numerus
3080 1298 3543 1370 quadragenarius
3574 1310 3680 1355 est.

790 1454 1039 1523 Namque
1074 1456 1275 1519 Moses.
1313 1457 1484 1523 Elias,
1527 1468 1581 1513 et
1624 1460 1891 1516 Servator
1954 1464 2071 1534 ipse
2104 1466 2261 1533 juxta
2315 1468 2463 1523 hunc
2501 1486 2792 1523 numerum
2833 1469 3182 1537 jejunarunt.
3230 1469 3421 1540 Magna
3463 1484 3687 1539 quoque
3730 1484 4002 1537 aquarum

730 1546 1027 1599 inundatio
1061 1546 1290 1598 totidem
1321 1546 1519 1601 diebus
1548 1548 1773 1601 duravit
1802 1560 1857 1605 ct
1899 1554 2184 1609 noctibus.
2222 1557 2561 1609 Assumalur
2606 1572 2738 1611 vero
2775 1557 2865 1611 hic
2911 1573 3179 1612 numerus
3211 1572 3435 1625 quoque
3466 1556 3530 1609 ad
3569 1557 3853 1609 Christum
3906 1558 4000 1623 qui

720 1646 816 1700 pro
840 1633 1002 1686 nobis
1035 1632 1204 1700 ﬂagra
1240 1636 1492 1707 pertulit,
1525 1638 2014 1712 quadragintaque
2053 1644 2244 1713 plagas
2291 1646 2525 1712 accepit.
2563 1642 2776 1699 Unicus
2816 1646 2963 1699 enim
3016 1646 3134 1713 ipse
3169 1661 3293 1698 cum
3323 1645 3595 1713 dignitate
3628 1646 3787 1697 nobis
3817 1646 4002 1696 omui-

717 1724 820 1782 illis
857 1742 953 1800 par
978 1728 1150 1789 «εδει-ι.
1186 1742 1289 1796 pro
1324 1728 1486 1781 nobis
1519 1729 1750 1782 verbera
1787 1739 2137 1799 mortemque
2168 1733 2294 1784 luit.
2348 1730 2519 1786 Porro
2549 1734 2593 1789 si
2627 1735 3115 1805 quadragenarius
3147 1749 3412 1787 numerus
3453 1734 3507 1785 in
3543 1733 3843 1801 quinquies
3877 1739 4005 1785 octo

719 1821 1049 1878 resolvatur,
1107 1816 1432 1884 quinarium
1486 1824 1541 1870 et
1594 1818 1949 1871 octonarium
1989 1828 2301 1889 temporum
2338 1819 2546 1876 indicio
2592 1824 2781 1877 utilem
2833 1823 3105 1878 invenies.
3152 1822 3209 1875 lu
3257 1822 3523 1875 mumlum
3565 1820 3712 1873 enim
3774 1820 4003 1872 advenit

713 1909 911 1976 quinto
947 1908 1175 1959 s:eculo.
1215 1902 1352 1956 Nam
1380 1903 1540 1972 juxta
1572 1905 1895 1975 parabolam
1925 1906 1993 1970 ⁷⁷,
2041 1906 2315 1961 Dominus
2344 1923 2607 1979 egressus
2639 1911 2911 1963 conduxit
2950 1912 3242 1981 operarios
3279 1910 3334 1963 in
3370 1911 3589 1961 vineam
3624 1923 3779 1963 suam
3812 1910 3997 1961 circi-

715 2008 796 2048 tcr
832 1997 1028 2049 horam
1072 1994 1333 2064 primam,
1370 1994 1619 2058 tertiam,
1648 2002 1867 2050 sextam
1924 2006 1981 2049 ct
2019 1994 2396 2052 undecimam.
2444 1997 2835 2053 liesuscitatus
2884 2008 2969 2053 est
3016 2014 3148 2052 vero
3195 1997 3287 2052 die
3338 2007 3561 2059 octava,
3591 2004 3822 2049 mortem
3875 2011 4001 2047 cum

714 2096 946 2153 peccato
980 2096 1275 2155 postquam
1312 2082 1687 2149 dissolvisset,
1738 2100 1852 2154 quo
1894 2086 2120 2139 sublato
2151 2087 2379 2141 verbera
2414 2103 2641 2157 quoque
2694 2098 2942 2151 cessant,
2989 2102 3113 2157 qua:
3144 2088 3289 2141 ultra
3325 2086 3619 2140 adventum
3664 2084 3871 2139 Christi
3907 2085 4005 2152 qui

714 2173 1099 2227 remissiOucm
1134 2171 1351 2235 attulit,
1395 2185 1507 2225 non
1542 2181 1875 2227 excurrunt.
1905 2172 2244 2228 Dissolvitur
2280 2188 2413 2228 vero
2445 2175 2646 2229 iterum
2698 2189 2865 2245 pmna
2917 2191 2984 2229 eo
3029 2175 3176 2246 quod
3212 2176 3330 2244 ipse
3382 2173 3437 2228 in
3476 2184 3667 2243 typum
3710 2173 3880 2225 ducat
3912 2186 4003 2226 res

710 2264 928 2314 tuturas
957 2258 1388 2329 quadragesimo
1426 2273 1575 2314 anno
1601 2273 1795 2313 eorum
1841 2260 1935 2331 qui
1976 2261 2030 2315 in
2078 2259 2306 2315 deserto
2339 2263 2696 2327 oberrarunt,
2733 2273 2787 2317 et
2831 2264 3176 2319 transierunt
3222 2278 3319 2332 per
3343 2260 3646 2316 «Iordanem
3683 2259 3738 2314 in
3794 2268 4000 2312 terram

707 2360 977 2405 sam-tam.
1005 2346 1173 2402 Jusue
1200 2347 1338 2401 duce
1371 2354 1498 2416 post
1534 2347 1884 2417 spiritualem
1925 2350 2412 2406 circumcisionem
2451 2352 2777 2406 traducente
2804 2366 2925 2407 eos.

777 2464 976 2521 Frater
1005 2466 1185 2519 mariti
1212 2466 1329 2535 ejus
1358 2465 1683 2535 ingredietur
1709 2466 1778 2519 ad
1822 2482 1958 2521 eant.
1993 2465 2185 2539 [XXV,
2222 2466 2303 2540 5.]
2336 2452 2379 2511 Β

708 2559 955 2614 Nondum
970 2560 1113 2615 enim
1131 2557 1480 2613 manifestata
1501 2557 1922 2622 resurrectione,
1941 2559 2056 2629 ipsa
2070 2560 2305 2630 posteri-

705 2664 813 2717 tas,
854 2668 916 2707 ac
974 2650 1243 2705 memoria
1299 2664 1397 2719 per
1450 2650 1623 2718 ipsam
1680 2649 1900 2718 generis
1945 2657 2303 2712 conservata,

704 2745 907 2799 solutio
934 2743 1217 2795 Veteribus
1255 2739 1379 2794 fuit.
1432 2738 1656 2793 Interim
1702 2753 1839 2793 vero
1875 2740 2306 2795 resurrectionis

702 2854 922 2907 quoque
948 2836 1177 2903 ligurum
1212 2832 1473 2886 obtinuit.
1507 2830 1621 2896 Qua
1659 2830 1904 2899 neglecta
1943 2829 2141 2884 Eunan
2177 2845 2302 2885 cum

702 2930 879 2984 noluit
923 2944 1046 2981 cum
1109 2926 1354 2980 Thamar
1411 2924 1825 2989 concmnbere,
1884 2924 2064 2993 ipsius
2116 2939 2303 2979 semen

703 3023 822 3073 loco
853 3019 1078 3072 insolito
1108 3016 1347 3071 ell‘usum
1383 3024 1468 3070 est
1512 3018 1710 3070 merito
1736 3016 1815 3071 ⁷⁸.
1847 3016 1977 3070 Eam
2022 3029 2152 3070 vero
2175 3030 2302 3069 eum

700 3114 1055 3165 observasset
1096 3108 1240 3163 Buoz
1271 3117 1325 3161 et
1360 3108 1621 3175 duxisset
1671 3107 1840 3171 Ruth,
1874 3108 2113 3180 prodigii
2141 3108 2303 3178 quid-

700 3207 825 3257 dam
858 3205 1041 3258 simile
1076 3202 1310 3272 adeptus
1342 3210 1450 3267 est,
1486 3211 1546 3255 ut
1603 3217 1843 3271 proavus
1871 3212 2017 3257 esset
2071 3201 2299 3266 Christi,

701 3307 831 3351 nuto
854 3314 917 3351 ex
954 3298 1072 3367 ipso
1106 3294 1264 3350 Jcsse
1298 3305 1453 3365 patre
1502 3295 1748 3360 llavidis,
1785 3294 2023 3349 futuram
2059 3295 2299 3365 promis-

699 3394 913 3445 sionem
948 3388 1363 3444 resurrectione
1404 3388 1623 3441 mortali
1658 3387 1928 3441 imitatus.
1957 3386 2093 3440 Nam
2137 3401 2301 3456 oporv

699 3485 847 3537 tebat
898 3499 1023 3536 eum
1082 3483 1174 3551 qui
1227 3481 1394 3535 nobis
1449 3481 1914 3536 resurrectionem
1974 3480 2299 3543 donaverat,

700 3594 872 3645 genus
914 3577 1190 3628 deducere
1220 3589 1313 3640 per
1352 3589 1446 3627 cos
1476 3574 1571 3643 qui
1621 3582 1809 3643 typum
1840 3572 1963 3639 ejus
1990 3572 2296 3627 secundum

697 3684 919 3722 carnem
962 3674 1449 3726 conservaverant,
1500 3680 1740 3733 eumque
1790 3663 1842 3716 in
1889 3678 1999 3733 quo
2039 3676 2297 3717 cessave-

698 3772 827 3814 runt
880 3774 1076 3814 omnes
1117 3759 1271 3829 typi,
1320 3757 1495 3827 ipsam
1572 3757 1863 3812 veritatem
1935 3754 2095 3810 nobis
2140 3755 2296 3810 exhi-

697 3856 853 3909 bere.

767 3945 902 3998 Eum
938 3958 1066 3999 vero
1098 3944 1193 4015 qui
1228 3942 1482 3996 fratriam
1517 3941 1721 3996 ducere
1743 3950 2030 3995 recusaret
2062 3939 2128 3995 ad
2156 3954 2290 4009 por-

694 4044 803 4087 tam
848 4034 1068 4099 adduci,
1096 4033 1166 4089 ab
1196 4047 1369 4088 uxore
1400 4031 1653 4101 conspui,
1692 4038 1746 4085 et
1772 4030 1947 4085 altero
1976 4032 2290 4086 calceorum

691 4128 815 4181 exui
860 4128 1165 4195 oportebat.
1212 4126 1554 4197 Argumenlo
1597 4123 1850 4178 videlicet
1891 4122 2037 4193 quod
2087 4131 2202 4177 tum
2236 4123 2289 4177 in

691 4220 832 4289 lege,
869 4227 985 4273 tum
1036 4220 1090 4273 in
1120 4219 1323 4289 pietate
1370 4218 1617 4272 fraterna
1649 4216 1955 4281 vacillaret,
2006 4214 2292 4286 ipsiusque

675 4321 920 4367 mortem
954 4311 1254 4381 abjccisset
1286 4311 1495 4364 animo.

756 4405 1052 4469 Caeterum,
1088 4422 1106 4453 ι
1140 4403 1195 4458 In
1226 4414 1405 4474 porta,
1434 4421 1452 4454 ι
1499 4403 1701 4472 inquit.
1734 4401 1852 4456 Illic
1898 4402 2042 4457 enim
2075 4408 2289 4456 veteres

685 4506 862 4549 ιωιηε
902 4496 1204 4565 agitabant.
1237 4494 1354 4548 Illic
1380 4493 1705 4564 peregrinos
1731 4501 1995 4562 tanquam
2024 4491 2289 4561 quodam-

685 4588 850 4642 modo
893 4588 1079 4640 venari
1130 4588 1381 4641 volentes
1424 4602 1543 4649 eos,
1581 4586 1956 4655 evcipiebant.
2013 4584 2287 4650 Quemad-

682 4681 905 4734 modum
938 4680 991 4731 in
1041 4680 1298 4748 exemplo
1327 4678 1447 4739 [.ot,
1478 4679 1571 4748 qui
1605 4681 1773 4732 etiam
1813 4676 2133 4747 angelorum
2189 4676 2286 4728 ad-

681 4784 843 4825 ventu
895 4772 1101 4840 dignus
1147 4780 1231 4825 cst
1281 4772 1523 4836 habitus,
1572 4771 1626 4826 lit
1681 4768 2060 4824 manifestum.
2103 4770 2180 4823 Ac
2229 4767 2281 4821 in

681 4866 877 4935 primis
903 4880 1034 4919 vero
1078 4866 1182 4918 iste
1213 4864 1409 4919 modus
1450 4864 1741 4924 lsraelitis.
1788 4863 1881 4933 qui
1921 4878 2018 4932 per
2059 4861 2283 4916 tuubras

677 4960 743 5010 al
804 4959 1012 5011 cultum
1046 4958 1296 5010 divinum
1330 4956 1497 5029 456
1539 4955 1963 5010 deducebantur
1998 4960 2282 5025 compete-

678 5056 791 5103 l::.t.
836 5056 893 5101 ut
931 5048 983 5103 in
1022 5060 1178 5117 porta
1213 5050 1397 5117 potius
1446 5064 1612 5118 quam
1652 5047 1704 5100 in
1738 5045 1923 5100 medio
1955 5043 2108 5097 ttrbis
2133 5042 2280 5097 desi-

674 5142 890 5195 dereut.

749 5232 814 5284 lat
854 5243 1077 5286 extensa
1110 5248 1272 5285 manu
1303 5249 1402 5285 sua
1434 5230 1843 5301 npprelteuderit
1876 5227 2102 5283 verenda
2135 5226 2271 5295 ejus.

675 5323 845 5392 Digna
898 5322 1104 5378 etenim
1159 5330 1243 5377 est
1294 5324 1573 5393 supplicio
1622 5334 1734 5375 tum
1795 5328 2015 5390 propter
2047 5317 2274 5380 thdem,

675 5427 786 5467 tum
814 5424 1041 5486 propter
1078 5414 1506 5481 impudentiam.

739 5574 787 5606 "
813 5572 981 5629 Josue
1028 5588 1080 5638 v,
1110 5573 1165 5627 2.
1268 5572 1315 5603 ’⁵
1365 5571 1498 5627 ihid.
1553 5571 1608 5624 9.
1686 5569 1728 5599 τ⁶
1762 5568 1899 5622 (leo.
1937 5583 2024 5632 xv,
2068 5566 2153 5620 13.

2233 5563 2275 5595 "
2308 5563 2499 5618 Matth.
2540 5579 2632 5624 xx.
2672 5565 2721 5618 Ι.

2488 2468 2553 2522 '0
2589 2469 2861 2540 ἀδελφὸς
2907 2469 3015 2524 τοῦ
3065 2468 3288 2533 ἀνδρὸς
3356 2467 3542 2533 αὐτῆς
3585 2466 4005 2521 sicanium:

2407 2561 2557 2630 πρὸς
2587 2561 2802 2628 αὐτήν.
2840 2563 3026 2633 Μήπω
3056 2560 3467 2632 φανερωϐείσης
3491 2559 3591 2627 τῆς
3623 2560 3999 2623 ἀναστάσεως,

2403 2654 2437 2723 ἡ
2486 2653 2594 2706 τῶν
2638 2653 2849 2707 παίδων
2893 2653 3137 2723 διαδοχὴ,
3173 2653 3269 2705 καὶ
3313 2652 3403 2705 διὰ
3443 2650 3649 2719 ταύτης
3700 2653 3732 2719 ἡ
3781 2651 3999 2720 μνήμη,

2406 2745 2733 2815 παραμυθία
2762 2747 2875 2807 τοῖς
2906 2745 3037 2815 πρὶν
3086 2742 3399 2815 ἀνθρώποις
3444 2744 3764 2811 ἐτύγχανεν,
3799 2743 3915 2808 ἅμα
3944 2742 4001 2793 δὲ

2405 2839 2499 2890 καὶ
2546 2838 2716 2891 τύπον
2753 2838 2939 2907 ἐπεῖχε
2983 2837 3083 2907 τῆς
3124 2836 3496 2898 ἀναστάσεως.
3546 2838 3643 2888 "Ov
3671 2837 3701 2888 ὁ
3739 2834 4003 2906 παραϐάς

2404 2930 2582 2984 Εύνὰν
2612 2930 2746 3001 (99),
2798 2932 2892 2983 καὶ
2916 2933 2983 3001 τῇ
3016 2930 3217 3000 Θάμαρ
3264 2928 3656 2995 συγκαθεύδειν
3689 2928 3764 2999 μὴ
3798 2927 4004 2998 βουλη-

2404 3022 2537 3086 Θείς,
2582 3024 2809 3087 εἰκότως
2863 3023 3185 3089 ἀπόλλυται,
3222 3024 3282 3077 τὸ
3326 3024 3549 3093 σπέρμα
3576 3023 3706 3093 χέας
3745 3021 3877 3076 ἔνθα
3919 3021 4001 3093 μὴ

2404 3115 2568 3184 νόμος
2599 3131 2611 3143 ’
2645 3116 2674 3166 ὁ
2726 3114 2782 3168 δὲ
2821 3114 2956 3178 Βοδς
2988 3118 3258 3185 τηρήσας,
3303 3116 3400 3169 καὶ
3440 3115 3539 3185 τὴν
3587 3115 3745 3168 'Pob‘)
3784 3115 3998 3183 ἀγαγό-

2407 3223 2593 3276 μενος.
2632 3206 2798 3277 τέρας
2851 3207 3041 3276 εἵληερε
3087 3208 3148 3259 τὸ
3216 3208 3485 3277 πρόγονος
3536 3204 3677 3261 εἶναι
3730 3208 3999 3276 Χριστοῦ,

2404 3297 2675 3367 γεννήσας
2714 3298 2914 3350 Ἰεσσαὶ
2943 3298 3037 3351 τοῦ
3062 3298 3228 3351 Δαῦὶδ
3265 3298 3356 3349 τὸν
3380 3299 3614 3367 πατέρα,
3640 3298 3739 3368 τὴν
3770 3298 4002 3367 μέλλου-

2405 3404 2505 3441 σαν
2567 3388 2907 3455 ἐπαγγελίαν
2974 3390 3278 3462 ἀναστάσει
3344 3388 3515 3461 θνητῇ
3585 3390 3996 3460 μιμησάμενος.

2406 3479 2555 3533 Ἔδει
2586 3481 2697 3550 γὰρ
2723 3482 2814 3533 τὸν
2857 3480 3247 3551 δωρησάμενον
3278 3482 3409 3553 ἡμῖν
3438 3482 3537 3551 τὴν
3582 3482 3884 3535 ἀνάστασιν
3908 3483 4003 3536 διὰ

2398 3573 2512 3626 τῶν
2561 3571 2918 3642 φυλαξάντων
2968 3574 3137 3643 αὐτῆς
3167 3574 3258 3626 τὸν
3291 3572 3461 3627 τύπον
3503 3574 3643 3626 κατὰ
3670 3574 3855 3644 σάρκα
3897 3592 4002 3628 κα-

2399 3666 2691 3735 τάγεσθαι,
2748 3670 2842 3719 καὶ
2874 3664 3161 3720 παύσαντα
3201 3667 3330 3731 τοὺς
3366 3666 3596 3732 τύπους,
3643 3668 3814 3739 αὐτὴν
3860 3671 4001 3739 ἡμῖν

2401 3759 2736 3830 χαρίσασθαι
2766 3759 2862 3831 τὴν
2894 3757 3176 3829 ἀλήθειαν.

2464 3938 2575 3995 Τὸν
2605 3938 2679 4010 μὴ
2712 3937 3060 4009 βουλόμενον,
3088 3937 3256 4008 ἐχρῆν
3284 3938 3365 4001 εις
3391 3937 3492 4008 τὴν
3522 3936 3700 4009 πύλην
3728 3938 3997 4008 ἀχθέντα,

2397 4032 2550 4102 παρὰ
2578 4031 2680 4102 τῆς
2719 4018 2982 4100 γυναικὸς
3031 4029 3441 4101 ἐμπτυσοέντα,
3472 4029 3584 4084 τῶν
3623 4030 3998 4102 ὑποδημάτων

2397 4126 2625 4195 θάτερον
2673 4122 3004 4177 ύπολύεσθαι
3032 4139 3045 4153 ο
3093 4123 3167 4186 ὡς
3218 4122 3552 4192 χωλαίνοντα
3587 4124 3719 4194 περί
3739 4140 3798 4175 τε
3828 4125 3999 4195 νόμον

2395 4218 2488 4270 καὶ
2522 4215 2759 4288 στοργὴν
2787 4215 3041 4283 ἀδελφοῦ,
3070 4217 3165 4270 καὶ
3186 4215 3286 4286 τὴν
3308 4215 3521 4269 ἐκείνου
3539 4215 3808 4287 νέκρωσιν
3829 4216 3995 4272 ἐκδε-

2394 4309 2603 4380 δηκότα
2633 4309 2734 4380 τῆς
2765 4309 3028 4373 διανοίας.

2478 4403 2567 4456 Ἐν
2606 4405 2671 4473 τῇ
2702 4403 2845 4472 πύλη
2874 4402 3040 4472 φησίν
3063 4419 3076 4433 ·
3110 4401 3348 4455 ἐνταῦθα
3374 4401 3484 4471 γὰρ
3535 4403 3585 4455 οἱ
3617 4403 3841 4456 παλαιοὶ
3892 4404 3995 4467 τὰς

2391 4493 2680 4564 διατριϐάς
2709 4494 3015 4555 ἐποιοῦντο,
3048 4494 3142 4545 καὶ
3167 4494 3353 4558 ξένους
3387 4494 3519 4556 ἴσως
3549 4494 3686 4564 πρὸς
3717 4495 3992 4567 ὑποδοχὴν

2392 4585 2665 4655 θηρᾶσθαι
2716 4585 3055 4655 βουλόμενοι,
3110 4583 3363 4654 καθάπερ
3405 4586 3434 4636 ὁ
3476 4584 3622 4649 Λὼτ,
3662 4586 3721 4648 ὃς
3752 4588 3848 4639 καὶ
3885 4605 3992 4640 πα-

2392 4675 2616 4745 ρουσίας
2659 4676 2910 4744 ἀγγέλων
2948 4675 3198 4745 ἠξίωται.
3260 4674 3539 4744 Ἰιρμοττε
3572 4675 3630 4729 δὲ
3665 4677 3761 4729 καὶ
3810 4677 3991 4741 ἄλλως

2386 4771 2465 4841 τῷ
2530 4769 2748 4841 Ἰσραὴλ
2818 4768 2908 4821 διὰ
2965 4767 3136 4822 σκιῶν
3191 4767 3536 4837 εἰσαγομένῳ
3592 4767 3732 4836 πρὸς
3795 4768 3990 4822 0605(-

2387 4864 2561 4927 ϐειαν,
2598 4864 2656 4914 ὲν
2708 4859 2927 4926 πύλαις,
2958 4857 3079 4913 ἀλλ’
3129 4858 3230 4911 οὐκ
3277 4858 3336 4909 ἐν
3382 4858 3534 4928 μέσῳ
3560 4857 3839 4927 καθῆσθαι
3888 4864 3988 4929 τῆς

2385 4955 2616 5017 πόλεως.

2452 5224 2561 5277 Καὶ
2609 5224 2934 5277 ἐκτείνασα
2988 5223 3105 5288 τὴν
3157 5220 3327 5290 χεῖρα
3385 5216 3578 5286 αὐτῆς
3618 5216 3985 5281 ἐπιλάϐηται

2379 5315 2499 5368 τῶν
2544 5315 2810 5384 διδύμων
2843 5314 3052 5369 αὑτοῦ.
3099 5311 3253 5378 ’Λοξία
3294 5310 3406 5382 γὰρ
3454 5310 3737 5373 κολάσεως
3780 5308 3873 5365 διὰ
3919 5309 3985 5363 τὸ

2382 5408 2603 5477 φονικόν
2637 5425 2696 5461 τε
2736 5409 2832 5461 καὶ
2862 5406 3100 5469 ἀναιδές.

2800 5562 2843 5595 ’⁸
2874 5561 3011 5618 Gen.
3057 5577 3287 5624 xxxvm,
3322 5561 3347 5618 ί
3383 5574 3538 5628 seqq.

2242 5685 2283 5739 N
2296 5687 2399 5741 UT.
2413 5688 2473 5741 ii.

739 5768 1074 5836 (99)Αὐνάν.
1124 5768 1211 5821 Ἐν
1245 5768 1322 5836 τῷ
1352 5766 1419 5818 38
1455 5781 1576 5833 κερ,
1612 5763 1707 5833 τῆς
1742 5762 1859 5813 Ιίν.
