4266 6446
339 418 440 481 941
1238 424 1768 486 COMMENTARII
1813 423 1892 480 IX
1931 421 2625 482 DEUTERONOMIUM.
3481 431 3586 492 942

418 543 611 610 Arguit
653 558 783 598 vero
817 545 920 598 hoc
957 545 1100 611 quod
1161 545 1383 597 etiamst
1421 552 1633 596 mentes
1685 542 1829 594 inter
1859 553 1917 591 se
1968 540 2450 590 committerentur
2502 552 2685 590 utrum
2727 540 2861 592 bona
2904 542 3066 608 lmjus
3106 545 3293 597 mundi
3331 560 3395 596 an
3424 549 3589 597 ciete-

345 629 454 681 stia
487 629 670 696 potius
697 640 888 683 essent
937 629 1211 698 eligenda,
1264 629 1446 682 valere
1496 630 1658 696 jusso
1701 623 2014 679 cmlcstium
2051 625 2322 678 bonorum
2367 626 2701 694 principatu,
2738 637 2970 681 mentem
3005 632 3057 681 in
3086 635 3499 700 generationem
3533 643 3589 687 et

348 714 631 766 interitum
666 715 972 783 iniecisset,
1008 716 1111 768 hoc
1138 715 1284 768 enim
1314 715 1574 783 genitalia
1619 715 1878 764 innnunt.
3366 767 3371 773 _

419 802 690 855 Stateram
725 820 970 872 magnam
1023 813 1115 855 aut
1150 819 1390 870 paruam.
1444 801 1584 873 {IL}
1628 800 1820 854 Modos
1858 795 2104 850 declarat
2139 795 2329 858 nobis,
2360 795 2562 864 quibus
2589 795 2822 863 iustitiae
2856 810 3046 851 exacta
3114 800 3299 869 regula
3349 802 3585 853 olitinrri

347 891 544 956 possit,
597 893 640 943 si
678 891 898 944 animus
931 889 1304 958 mquilibrium
1354 884 1943 942 servare'dccreverit.
1980 882 2182 937 Verum
2215 884 2498 936 enimvero
2525 885 2922 939 cxcellentiora
2971 887 3150 939 adlmc
3183 903 3277 956 per
3305 887 3589 943 Christum

346 977 546 1028 tradita
606 985 758 1028 sunt.
796 976 939 1030 Justi
973 978 1116 1030 enim
1167 979 1291 1029 linis
1332 976 1540 1029 bonum
1592 986 1694 1028 est.
1739 971 2008 1035 Quocirca
2061 968 2184 1020 ait:
2233 984 2251 1015 ι
2283 964 2395 1018 Nisi
2453 967 2820 1021 abundaverit
2865 968 3081 1036 justitia
3130 981 3311 1024 vestra
3355 975 3593 1044 ωηριίυε

343 1078 507 1131 quam
543 1061 866 1115 Scribarum
903 1074 953 1115 ct
983 1062 1420 1128 Phariszcorum,
1457 1078 1565 1115 non
1599 1058 1985 1131 ingrcdiemini
2013 1057 2071 1110 in-
2103 1069 2330 1122 regnum
2365 1055 2636 1107 cmlorum
2673 1057 2740 1108 ⁷³.
2793 1075 2811 1106 ι

427 1159 803 1226 Ἐξαλείψεις
834 1159 900 1211 τὸ
931 1160 1117 1226 ὄνομα
1161 1159 1447 1226 Ἀμαλήκ.
1495 1157 1665 1210 Τοῦτο
1698 1157 1916 1224 ποιῆσαι
1951 1159 1995 1216 Α
2094 1149 2112 1200 1

1906 1171 1916 1206 ι
1951 1159 1995 1216 Α
2094 1149 2303 1201 Delebis
2345 1148 2586 1215 funditus
2629 1165 2815 1203 nomen
2847 1150 3084 1203 Amalec.
3116 1151 3254 1223 [19.]
3292 1151 3406 1206 Hoc
3443 1153 3591 1208 Sauli

342 1247 428 1299 διὰ
478 1246 730 1315 Σαμουὴλ
762 1249 789 1298 ὁ
811 1247 982 1299 Σαοὺλ
1013 1245 1431 1315 προσετέτακτο,
1467 1244 1559 1296 καὶ
1592 1243 1664 1311 μὴ
1697 1239 1919 1303 τελείως
2026 1303 2027 1306 η

1906 1256 1919 1303 ;
2026 1254 2124 1309 per
2151 1239 2457 1292 Samueletn
2503 1237 2683 1292 lacere
2710 1253 2793 1292 est
2839 1240 3191 1309 imperatum,
3245 1257 3431 1296 verum
3468 1259 3591 1296 cum

345 1341 598 1409 ποιήσας,
637 1342 733 1410 τῆς
767 1338 1041 1408 βασιλείας
1073 1337 1318 1404 ἐξέπεσε.
2027 1347 2030 1383 1

2027 1345 2136 1384 non
2164 1330 2420 1383 omnibus
2451 1332 2691 1385 numeris
2723 1340 2867 1385 esset
2894 1341 3212 1396 exsecutus,
3243 1348 3415 1404 regno
3446 1337 3596 1389 exci-

2023 1421 2124 1475 dit.

417 1535 489 1590 Et
519 1537 778 1591 excitabis
807 1538 900 1590 tibi
935 1537 1038 1603 ipsi
1071 1535 1273 1604 lapides
1302 1550 1541 1604 magnos.
1581 1531 1814 1604 [XXVIL
1848 1529 1928 1602 2.]
1972 1529 2208 1600 Lapides
2246 1531 2466 1600 quidem
2504 1532 2735 1600 apostoli
2768 1540 2896 1585 sunt
2942 1532 2996 1585 in
3038 1531 3148 1584 alto
3190 1534 3471 1595 collocati,
3499 1535 3593 1602 qui

351 1639 475 1677 cum
509 1625 817 1678 virtutibus
846 1632 900 1678 et
933 1624 1290 1692 opinionibus
1340 1629 1529 1675 essent
1567 1619 1880 1688 conspicui,
1915 1634 2084 1688 supra
2119 1636 2220 1674 nos
2257 1628 2386 1674 sunt
2418 1621 2737 1673 constituti.
2781 1621 2861 1673 Ad
2893 1635 3032 1689 quos
3065 1620 3323 1675 Christus
3369 1622 3548 1690 inquit
3583 1641 3598 1675 :

360 1729 378 1761 ‹
408 1710 517 1764 Vos
553 1712 718 1765 amici
775 1713 878 1766 mei
912 1714 1047 1766 estis
1070 1711 1138 1762 ⁸ο.
1175 1729 1193 1761 ι
1237 1711 1386 1775 Quos
1429 1710 1558 1762 item
1618 1708 1800 1760 lumen
1854 1714 1909 1760 et
1941 1709 2110 1760 salem
2162 1708 2350 1760 mundi
2412 1708 2786 1775 nuncupat“.
2832 1708 3080 1776 Denique
3143 1710 3308 1763 etiam
3348 1710 3598 1764 medicos

348 1799 683 1866 designavit,
715 1798 910 1852 dicens
946 1815 960 1852 :
993 1816 1012 1847 ι
1041 1798 1294 1851 lnlirmos
1343 1803 1556 1852 curate.
1605 1795 1874 1848 daemonia
1915 1793 2120 1860 eiicite,
2181 1792 2434 1861 leprosos
2476 1796 2756 1854 mundate.
2811 1806 3060 1848 mortuos
3108 1797 3368 1860 excitate,
3427 1798 3600 1866 gratis

348 1886 666 1954 accepistis,
722 1886 896 1954 gratis
951 1884 1163 1937 reddite
1189 1884 1254 1933 υ.
1285 1903 1302 1933 ι
1340 1881 1415 1935 De
1458 1882 1661 1949 quibus
1710 1879 1986 1947 proditum
2019 1889 2106 1933 est
2146 1897 2157 1932 :
2201 1898 2217 1930 ι
2252 1879 2484 1949 Lapides
2515 1882 2688 1933 sant-ti
2718 1881 3010 1934 volvuntur
3033 1899 3196 1950 super
3237 1891 3436 1936 terram
3471 1883 3537 1939 ⁵⁸,
3576 1902 3594 1934 ι

350 1970 731 2041 Undequaquo
766 1973 912 2026 enint
945 1972 1274 2024 oherrantes
1310 1970 1595 2022 veritatem
1621 1967 1904 2037 prontnlga
1920 1979 2064 2020 runt.
2089 1967 2239 2033 Quos
2271 1969 2478 2037 lapides
2509 1969 2542 2020 ii
2569 1970 2804 2038 erigunt,
2833 1971 2924 2037 qui
2958 1985 3052 2038 per
3073 1969 3376 2024 Jordaucm
3417 1982 3599 2026 trans-

351 2063 557 2123 ierunt,
593 2063 696 2114 hoc
732 2070 839 2121 est,
901 2061 996 2128 qui
1033 2074 1208 2113 sacra‘
1239 2059 1528 2112 tinctionis
1557 2059 1735 2127 gratia
1767 2065 1896 2110 sunt
1927 2056 2269 2123 locupletati,
2309 2057 2470 2110 iidem
2518 2057 2620 2110 sibi
2650 2057 2785 2123 ipsis
2819 2057 3138 2127 magistros,
3168 2059 3258 2126 qui
3298 2059 3602 2126 pretiosum

351 2150 706 2220 divulgarent
755 2147 1014 2215 lapidcm-
1051 2147 1435 2214 margaritam,
1485 2143 1874 2213 praefecerunt.
1911 2144 2014 2210 Qui
2063 2159 2196 2199 sane
2241 2146 2466 2213 pulvere
2517 2146 2727 2212 aspersi
2783 2144 3105 2214 Scriptura’,
3153 2147 3324 2215 legem
3374 2147 3579 2202 habent

353 2237 621 2290 Dilucida:
649 2236 794 2288 enim
832 2234 967 2302 legis
1002 2233 1496 2301 contemplationes
1547 2231 1690 2300 apud
1723 2233 2022 2300 apostolos,
2074 2234 2335 2303 nullaque
2369 2235 2578 2287 litterm
2612 2234 2804 2287 umbra
2837 2235 3090 2289 obducta:
3118 2238 3416 2291 exsistunt.
3455 2237 3571 2303 Qua

355 2337 584 2395 propter
637 2323 780 2376 haud
814 2323 1047 2376 obscure
1080 2321 1209 2374 illud
1233 2336 1450 2389 quoque
1481 2320 1631 2374 addit
1663 2337 1673 2372 :
1708 2338 1725 2370 ι
1754 2318 1897 2385 Quin
1929 2320 2092 2374 etiam
2131 2321 2300 2375 altare
2336 2337 2403 2376 ex
2445 2322 2714 2390 lapidibus
2745 2336 2855 2376 non
2884 2323 3053 2377 sectis
3094 2324 3342 2378 exsistat.
3387 2344 3403 2374 ι
3439 2323 3602 2395 Lapis

353 2415 500 2467 enim
529 2413 810 2482 angnlaris
840 2411 1096 2465 Christus
1127 2418 1213 2463 est
1238 2409 1302 2473 ⁸⁵,
1341 2408 1432 2477 qni
1466 2408 1519 2460 in
1555 2406 1910 2460 fundamenta
1957 2406 2091 2462 Sion
2137 2412 2353 2478 positus
2380 2419 2489 2475 est,
2520 2425 2684 2479 super
2716 2411 2836 2479 ipso
2893 2412 3096 2464 etenim
3143 2411 3317 2470 innixi
3355 2428 3453 2466 ceu
3497 2414 3601 2466 viri

354 2501 570 2570 lapides
600 2499 936 2553 exstruimur
972 2497 1173 2551 domus
1219 2496 1552 2564 spiritualis,
1589 2495 1641 2548 in
1689 2495 1951 2563 templum
1979 2505 2253 2551 sanctum.
2306 2497 2607 2551 Reddimnr
2643 2506 2824 2552 autem
2858 2499 3034 2553 altare
3065 2515 3159 2568 per
3190 2502 3456 2565 unitatem
3490 2503 3601 2571 Spi-

354 2590 635 2652 ritualem,
690 2589 737 2642 si
788 2587 950 2641 lidem
997 2587 1052 2638 in
1092 2585 1319 2638 Christo
1365 2585 1632 2638 virtutum
1683 2583 1808 2636 cibo
1840 2583 2192 2640 instruimus.
2241 2586 2322 2639 Ac
2373 2585 2601 2640 Paulum
2629 2587 2810 2655 juxta,
2846 2588 3096 2642 sistimus
3121 2603 3359 2658 corpora
3416 2602 3606 2643 nostra

353 2675 594 2732 hostiam
626 2677 830 2737 vivam,
862 2675 1143 2742 acceptam
1174 2672 1304 2734 Deo,
1334 2671 1664 2726 rationalem
1705 2671 1915 2723 cultum
1951 2683 2222 2738 nostrum,
2280 2674 2482 2743 integri
2530 2683 2583 2728 et
2625 2675 2960 2728 immaculati
2995 2693 3008 2737 ;
3060 2691 3168 2728 non
3200 2677 3361 2730 divisi
3395 2677 3447 2730 in
3482 2693 3609 2747 par-

357 2775 442 2821 tes
473 2764 687 2825 mundi,
721 2777 902 2830 neque
933 2760 1165 2814 vulnera
1197 2766 1550 2827 peccatorum
1604 2765 1969 2823 ostentantes,
2023 2760 2485 2830 quemadmodum
2518 2761 2779 2816 Christus
2832 2778 3052 2831 quoque
3100 2780 3208 2817 non
3259 2765 3468 2818 divisus
3501 2775 3608 2827 est,

358 2854 643 2922 simplices
693 2865 758 2902 ac
812 2863 1063 2910 veraces,
1101 2848 1284 2916 qualis
1313 2845 1521 2900 Paulus
1573 2853 1678 2907 est,
1716 2860 1841 2898 cum
1869 2847 2084 2915 inquit:
2138 2867 2156 2898 ι
2193 2847 2324 2902 Mihi
2361 2849 2533 2911 enim,
2563 2848 2680 2902 sive
2710 2850 2911 2911 vivam,
2943 2852 3057 2904 sive
3089 2853 3314 2915 moriar,
3351 2853 3610 2907 Christus

358 2941 516 2994 lucro
542 2945 628 2993 cst
653 2937 723 2990 ⁸⁸.
765 2954 783 2986 ι
820 2933 1104 3003 Tanquam
1138 2935 1304 3003 igitur
1345 2933 1674 2987 haberemus
1713 2933 1962 2986 laetamur
1991 2936 2036 2989 si
2073 2936 2255 2989 cibum
2289 2936 2635 3002 spiritualem
2678 2939 2730 2990 in
2765 2938 2945 2992 oculis
2981 2937 3195 2993 Domini
3247 2941 3607 3010 percipimus,

358 3027 827 3101 quemadmodum
867 3027 957 3080 hic
985 3027 1250 3095 scriptum
1285 3033 1393 3086 est.
1433 3033 1488 3079 ct
1520 3039 1622 3079 nos
1656 3024 1710 3077 in
1747 3021 2289 3082 Ecclesiis'l‘acimus.
2325 3021 2560 3092 Lapides
2603 3040 2732 3078 vero
2779 3041 2888 3079 non
2913 3027 2968 3078 in
3002 3037 3187 3080 monte
3226 3026 3379 3092 Ebal,
3421 3044 3610 3083 verum

358 3118 605 3176 Garizim
641 3118 952 3173 collocasse
993 3115 1306 3184 exeinplum
1355 3114 1520 3168 habet
1554 3113 1970 3175 Samariticum,
2001 3125 2103 3165 nec
2138 3109 2281 3165 forte
2308 3111 2517 3180 absque
2552 3113 2782 3175 ratione,
2818 3128 2992 3183 eaque
3026 3113 3308 3181 videlicet,
3338 3116 3609 3186 siquidem

359 3208 435 3262 ibi
485 3221 708 3275 quoque
745 3203 1165 3258 benedictioues
1194 3200 1312 3255 lieri
1360 3201 1623 3268 prazcepit
1665 3218 1678 3253 :
1717 3218 1736 3250 ι
1764 3197 1820 3252 ln
1873 3197 2006 3252 Ebal
2044 3212 2173 3253 vero
2217 3198 2654 3255 maledictiones.
2689 3221 2706 3252 ι
2743 3200 2914 3271 Ecqui
2967 3203 3136 3273 igitur
3175 3212 3612 3258 consentaneum

356 3295 529 3352 fuerit
576 3295 629 3346 in
665 3293 772 3345 hoc
820 3291 996 3344 altare
1027 3304 1152 3343 esse
1193 3287 1610 3342 constitutum?
1651 3284 1825 3341 Porro
1873 3287 1928 3340 in
1968 3286 2111 3340 libro
2151 3283 2404 3340 Judicum
2445 3287 2688 3342 Garizim
2737 3299 2978 3345 montem
3039 3292 3284 3344 nominat
3322 3291 3414 3361 qui
3467 3294 3611 3345 CirCa

361 3381 648 3452 Neapolim
679 3386 788 3442 est,
830 3392 994 3448 quem
1039 3375 1324 3429 Samaritae
1373 3375 1582 3428 colunt.
1641 3372 1822 3443 Super
1858 3387 1966 3443 quo
2000 3389 2124 3428 cum
2169 3374 2516 3430 constitisset
2546 3374 2746 3430 Jothan
2799 3377 2948 3434 [ilius
3001 3378 3277 3434 Gedeonis
3333 3391 3615 3448 superstes

357 3479 690 3527 exsecratus
725 3479 811 3524 est
847 3482 948 3522 eos
975 3468 1071 3536 qui
1120 3479 1304 3535 regem
1341 3479 1507 3532 super
1552 3478 1612 3516 se
1641 3470 1966 3516 creaverant
2000 3461 2316 3516 Abimelech
2363 3462 2640 3520 Gedeonis
2684 3465 2853 3520 ﬁlium
2892 3484 2958 3521 ex
3009 3469 3234 3534 ancilla,
3279 3471 3371 3540 qui
3413 3468 3615 3524 fratres

360 3573 498 3615 suos
523 3557 827 3611 interemit.
855 3553 972 3608 Nisi
1006 3554 1133 3622 quis
1168 3559 1382 3606 asserat
1414 3549 1641 3604 Esdram
1677 3559 1771 3603 aut
1805 3550 2214 3619 Scripturarum
2251 3551 2624 3618 colleCIorem,
2672 3557 2789 3610 sive
2847 3556 3015 3610 alium
3055 3557 3372 3628 quempiam
3421 3557 3611 3624 fuisse,

361 3650 455 3717 qui
484 3662 623 3700 nova
657 3644 883 3700 nomina
913 3659 977 3696 ex
1015 3658 1127 3695 sua:
1162 3639 1581 3708 gubernationis
1621 3638 1761 3692 locis
1791 3638 2048 3690 traducta
2085 3637 2222 3694 locis
2264 3639 2607 3709 imposuerit.
2650 3644 3127 3707 Quemadmodum
3161 3646 3421 3701 videlicet
3449 3646 3615 3702 .lern-

361 3738 532 3792 salem
567 3741 728 3787 vocat
757 3746 879 3802 qua:
914 3729 1224 3798 antiquitus
1255 3725 1425 3780 Jebus
1453 3725 1778 3787 vocabatur,
1806 3724 2121 3779 ltethlehem
2160 3725 2287 3779 item
2325 3742 2445 3796 quae
2475 3727 2732 3797 Ephrata.

434 3820 531 3875 Illi
581 3818 796 3873 stabunt
846 3816 916 3869 ad
978 3811 1387 3868 benedicendum
1442 3809 1635 3879 populo
1686 3813 1975 3863 inntante
2036 3809 2298 3866 Garizim.
2371 3813 2509 3887 [12.]
2578 3816 2665 3870 Ea:
2724 3818 2903 3874 tribus
2953 3835 3074 3890 qua!
3130 3821 3199 3876 ab
3262 3837 3488 3892 egressu
3551 3840 3615 3880 ex

363 3909 607 3980 Egyplo
643 3907 908 3978 praclare
956 3909 1248 3976 gesserunt
1291 3914 1435 3966 sese,
1474 3897 1848 3954 benedictioni
1881 3913 1911 3952 a
1953 3897 2066 3956 Deo
2094 3910 2223 3957 sunt
2257 3903 2529 3973 praefecti.
2579 3905 2715 3973 Quae
2768 3920 2952 3964 autem
3002 3910 3169 3979 lapsae
3207 3920 3337 3967 sunt
3382 3914 3616 3969 maledi—

357 3998 556 4056 ctioni.

435 4083 760 4139 Maledictus
809 4081 1107 4150 quicunque
1158 4077 1342 4145 fecerit
1392 4074 1637 4143 sculptile
1678 4083 1770 4128 aut
1798 4074 1958 4144 fusile
1989 4092 2118 4145 opus
2150 4079 2394 4135 manibus
2423 4081 2668 4150 artiﬁcis.
2705 4092 2751 4136 et
2793 4083 2930 4137 illud
2959 4083 3294 4140 collocaverit
3328 4090 3380 4139 in
3411 4087 3616 4141 abdito.

363 4173 508 4248 [5.]
531 4171 671 4226 Cum
709 4172 763 4227 in
790 4167 1228 4240 praecedentibus
1254 4166 1425 4219 variis
1459 4165 1638 4219 modis
1667 4165 2094 4219 simulacrorum
2129 4170 2339 4222 cultum
2371 4168 2531 4241 457
2566 4172 2902 4236 abdicasset,
2933 4187 3064 4226 vero
3092 4183 3272 4228 autem
3307 4190 3413 4228 non
3455 4177 3622 4229 dissi-
3718 4192 3726 4200 '

363 4263 494 4318 Illlle
516 4270 636 4315 erat
668 4257 816 4327 quod
845 4255 1053 4324 aliquis
1080 4268 1261 4322 poenae
1301 4250 1598 4306 formidine
1623 4251 1766 4304 clam
1794 4266 1917 4306 esse
1951 4261 2250 4325 satageret,
2283 4258 2350 4312 ad
2381 4273 2506 4312 eum
2555 4262 2992 4315 exsecrationem
3025 4261 3186 4314 istam
3233 4265 3620 4317 accommoda-

360 4351 464 4405 vit.
499 4351 577 4403 Ac
612 4342 936 4416 huiusmodi
967 4341 1190 4411 quidem
1220 4339 1275 4393 hi
1324 4346 1478 4403 sunt,
1513 4338 1607 4409 qui
1642 4353 1766 4394 cum
1793 4338 1922 4394 vita:
1951 4340 2326 4413 integritatem
2377 4346 2661 4424 simulent,
2693 4356 2929 4403 mentem
2965 4348 3349 4404 allectionibus
3380 4353 3617 4406 obsitam

358 4440 587 4496 habent.

432 4547 670 4610 Εἴδωλα,
701 4545 851 4599 πᾶσα
879 4540 1237 4611 πεπλασμένη
1271 4538 1538 4606 Θεολογία.
1583 4537 1723 4590 Ἀλλ’
1756 4539 1811 4592 αἱ
1841 4539 1939 4609 μὲν
1969 4546 2018 4607 Β

1934 4546 2018 4607 ’Β
2119 4541 2392 4598 ldolorttm
2454 4560 2581 4599 vero
2634 4546 2856 4600 nomine
2904 4545 3178 4616 intelligas
3217 4547 3345 4601 licet
3398 4562 3619 4602 omnem

358 4645 546 4712 νοεραὶ
582 4640 958 4707 πιθανότηιες,
1007 4635 1102 4688 καὶ
1157 4632 1445 4703 ὀξυτέρους
1472 4632 1756 4700 ἀπατῆσαι
1786 4633 1944 4686 δυνά-

1934 4661 1944 4672 -
2044 4631 2378 4702 theologiam
2418 4635 2600 4688 [ictam
2634 4643 2799 4704 atque
2833 4635 3096 4690 lucatam.
3133 4636 3358 4692 Necnon
3417 4641 3619 4696 mentis

360 4752 546 4806 μεναι,
568 4732 814 4799 λέγοιντο
848 4728 916 4781 ἂν
943 4728 1008 4779 ὲκ
1031 4723 1237 4795 χρυσοῦ
1265 4725 1297 4794 ἢ
1325 4721 1570 4793 ἀργύρου
1595 4722 1941 4793 χωνεύματα.

1935 4738 1941 4756 υ
2045 4721 2257 4778 sirenes
2297 4741 2395 4780 seu
2431 4727 2606 4782 mavis
2649 4729 3042 4797 persuasiones
3077 4745 3199 4799 quae
3237 4732 3620 4799 sagaciorilnts

355 4805 426 4879 ea
457 4825 505 4877 δ’
539 4819 823 4881 ἀπιθάνως
855 4816 1042 4888 metu
1070 4816 1339 4884 δόγματα.
1386 4813 1622 4882 γλυπτά.
1660 4813 1804 4885 Πλὴν
1847 4822 1942 4873 καὶ

1934 4840 1942 4873 ι
2042 4814 2207 4868 etiam
2241 4814 2488 4871 l‘randem
2527 4805 2707 4872 facere
2736 4827 2988 4888 possunt,
3025 4819 3214 4875 insilia
3262 4823 3382 4876 auri
3425 4824 3506 4876 vel
3534 4839 3619 4876 ar-

352 4915 532 4971 ταῦτα
563 4913 700 4983 ἔργα
736 4908 938 4980 χειρῶν
958 4906 1208 4976 τεχνίτου
1230 4896 1507 4976 τροπικῶς
1530 4904 1772 4972 λέγεται,
1792 4903 1940 4957 τιθὲ-

1935 4934 1940 4943 ~
2042 4907 2187 4976 genti
2225 4908 2424 4978 aliquis
2465 4920 2632 4980 queat
2655 4911 2862 4975 dicere,
2887 4912 3145 4981 dogmata
3181 4931 3316 4969 vero
3341 4917 3522 4980 inepta
3558 4931 3620 4969 uc

359 5025 501 5078 μενα
532 5008 590 5058 ἐν
627 5002 956 5074 ἀποκρύφῳ,
990 5000 1065 5063 ὡς
1095 5002 1152 5052 ὲν
1197 4997 1486 5069 μυστηρίῳ
1519 4997 1939 5068 παραδιδόμενα.

1935 5037 1939 5050 .
2043 4999 2184 5053 dura
2225 5015 2318 5054 seu
2366 5017 2552 5067 saxea,
2605 5005 2905 5074 scnlptilia.
2961 5007 3348 5063 Verumtamen
3384 5025 3445 5060 ca
3503 5010 3620 5079 ipsa

354 5119 578 5177 quoque
628 5113 797 5168 opera
849 5095 1111 5149 manibus
1177 5091 1408 5147 artificis
1473 5106 1572 5161 per
1607 5091 1836 5161 liguram
1887 5090 1941 5144 in
1981 5091 2166 5147 abdito
2199 5096 2376 5164 posita
2410 5113 2534 5152 esse
2558 5097 2846 5164 dicuntur,
2873 5098 2917 5153 si
2943 5115 3005 5154 ea
3064 5103 3294 5173 mystice
3354 5105 3624 5173 quodam-
3670 5149 3672 5151 .

353 5195 520 5252 modo
553 5190 694 5247 tradi
733 5186 1132 5257 intelligamus.

431 5311 757 5365 Exsecrams
789 5309 882 5380 qui
911 5318 1077 5361 movet
1110 5306 1353 5360 limitem.
1395 5301 1534 5376 [H.j
1561 5301 1757 5358 Omnis
1797 5305 1889 5373 qui
1932 5303 2170 5374 aliquem
2210 5320 2276 5358 ex
2319 5320 2445 5359 vero
2494 5304 2587 5358 Dei
2637 5306 2812 5368 cultu,
2861 5321 2931 5360 ac
2958 5305 3081 5360 vita:
3115 5307 3331 5361 ratione
3389 5317 3533 5362 recta
3570 5311 3622 5363 in

353 5405 577 5460 diversa
613 5397 900 5452 transfert.
937 5395 1041 5463 Qui
1069 5396 1200 5450 item
1245 5394 1514 5449 virtutum
1541 5390 1763 5446 modum
1796 5392 1914 5448 sive
1947 5391 2013 5446 ad
2046 5392 2170 5464 plus
2212 5393 2327 5449 sive
2353 5393 2534 5449 minus
2565 5395 2803 5458 excedit,
2845 5408 2908 5448 ac
2951 5394 3016 5448 ad
3052 5394 3245 5448 vitium
3271 5398 3337 5448 ab
3362 5396 3624 5450 alterutra

357 5499 516 5565 [arte
552 5488 876 5556 ςοᾱᾸυριριιιηι
905 5484 1127 5540 deiecit.
1402 5496 1405 5499 ·

430 5579 763 5634 Exsecratus
787 5577 878 5645 qui
901 5591 1096 5630 aecum
1127 5588 1310 5628 errare
1347 5579 1439 5624 aut
1471 5570 1758 5641 impingere
1808 5570 1961 5640 facit.
2001 5568 2142 5643 [18.]
2175 5569 2399 5624 Seducit
2429 5584 2633 5625 caecum
2679 5570 2732 5624 in
2761 5570 2984 5637 itinere,
3016 5572 3193 5625 omnis
3229 5570 3319 5640 qui
3347 5571 3626 5626 ethnicum

433 5759 478 5789 τ’
516 5758 558 5809 λι
603 5758 703 5807 nn.
738 5773 789 5818 v,
821 5755 913 5808 20.
1018 5752 1064 5784 '°
1099 5749 1260 5808 Joan.
1300 5764 1394 5817 xv,
1434 5747 1522 5804 Η.
1570 5746 1665 5822 __"
1698 5745 1898 5804 Matth.
1929 5761 1984 5811 v,
2026 5744 2115 5803 ll.

1943 5761 1984 5811 γ,
2026 5744 2115 5803 Η.
2157 5746 2499 5815 “Maltinx,
2527 5747 2580 5801 8.
2659 5748 2704 5778 ⁸³
2739 5746 2973 5802 Zachar.
3030 5765 3105 5810 ιι,
3167 5744 3250 5802 ι’ϋ.
3352 5747 3396 5778 ⁸⁸
3430 5749 3628 5819 liplzcs.

360 5848 420 5896 ιι,
451 5828 545 5891 ευ,
615 5822 662 5853 ⁸⁸
708 5827 951 5893 Philipp.
992 5839 1034 5890 ι,
1069 5822 1162 5878 21.
