4266 6446
764 364 866 427 913
2048 353 2392 412 PROCOPII
2433 354 2674 412 GAZIEI
3911 360 3944 421 9
3961 359 4014 418 Η

765 487 857 526 aut
890 470 1135 524 .ludmum
1160 466 1250 534 qui
1272 464 1466 523 _lumen
1504 465 1752 517 scientia:
1779 462 2018 516 nondum
2044 461 2269 520 habent.
2302 462 2354 514 in
2385 462 2630 514 hmrcsim
2669 477 2827 515 secus
2854 465 2996 516 viam
3050 465 3405 533 apostolicam
3459 468 3748 536 pertrahit.
3801 467 3927 523 Sive
3959 472 4012 522 id

765 570 983 627 quoque
1024 553 1191 607 faciat
1222 549 1459 603 fidelium
1494 551 1806 616 cuicunque
1840 549 1932 616 qni
1969 548 2336 615 cognitionem
2370 549 2611 601 nondum
2653 550 2966 617 acquisivit.
3004 549 3176 605 l’orro
3225 569 3351 606 vero
3392 553 3678 615 advenam,
3722 555 4010 622 pupillum,

762 658 812 698 ει
842 644 1058 697 viduam
1093 649 1249 692 vocat
1281 651 1376 690 cos
1427 639 1515 704 qui
1553 636 1816 694 nonduin,
1859 634 2048 687 ﬁdeles
2085 636 2210 687 licet
2236 635 2369 697 sint,
2404 637 2666 688 accedere
2705 645 2883 689 tamen
2940 639 3150 699 volunt,
3194 649 3248 693 et
3287 641 3506 708 spiritui
3541 640 3762 708 quidem
3793 642 3830 694 S
3870 651 4014 694 tame

763 733 880 784 vale
909 730 1126 798 quidem
1166 727 1446 784 dixerunt,
1473 724 1757 777 Christum
1783 738 1911 776 vero
1936 722 2167 774 necdum
2193 721 2503 774 induerunt.
2535 720 2860 789 llujusmodi
2892 734 3074 778 autem
3108 727 3304 779 anima:
3334 727 3507 780 vidua:
3534 735 3684 791 sunt,
3710 743 3832 795 quae
3855 744 4011 780 aver-

764 827 895 871 satze
924 816 1143 886 quidem
1180 812 1386 864 erroris
1417 823 1556 863 satu.
1576 826 1683 873 cm,
1714 809 1955 862 nonduin
1982 823 2111 861 vero
2134 806 2416 877 Christum
2441 821 2715 861 castarum
2743 811 3012 879 virginum
3053 829 3200 867 more
3231 816 3555 882 amplexata:
3587 826 3738 879 sunt,
3775 831 4009 884 quarum

760 904 1023 974 judicium
1053 901 1098 952 is
1129 899 1218 967 qui
1251 913 1358 950 non
1394 895 1686 964 legitimam
1733 893 1964 946 tradidit
1997 893 2329 957 doctrinam,
2365 897 2584 947 avertit.

837 1012 1153 1065 Exsecratus
1188 1010 1356 1078 quivis
1393 1008 1546 1058 homo
1573 1007 1661 1072 qui
1688 1022 1792 1058 non
1825 1014 2091 1073 permanet
2133 1005 2187 1056 in
2215 1020 2330 1056 om-
2363 1011 2405 1064 Α
2520 1010 2522 1017 ‘

2328 1011 2405 1064 ιΑ
2520 1008 2981 1076 Ἐπικατάρατος
3011 1013 3127 1074 πιὶς
3156 1012 3465 1080 ἄνθρωπος
3513 1017 3579 1079 ὃς
3622 1016 3731 1067 οὐκ
3777 1015 4013 1083 ἐμμένει

763 1105 912 1157 nibus
933 1102 1098 1156 verbis
1129 1102 1284 1169 hujus
1316 1100 1464 1168 legis,
1508 1109 1562 1149 ut
1608 1098 1772 1164 faciat
1812 1113 1890 1149 ca.
1937 1094 2076 1167 [27.]
2112 1095 2246 1148 Illud
2282 1097 2332 1146 in
2438 1116 2448 1147 ι

2328 1113 2332 1145 ι
2438 1098 2505 1148 ἐν
2537 1096 2683 1151 πᾶσι
2720 1099 2844 1164 τοῖς
2875 1102 3077 1168 λόγοις
3110 1103 3216 1155 τοῦ
3251 1106 3439 1171 νόμου
3467 1107 3682 1159 τούτου
3707 1105 3812 1158 τοῦ
3843 1107 4013 1170 ποιῆ-

761 1197 1026 1257 omnibus,
1048 1193 1191 1260 quod
1226 1206 1253 1244 a
1279 1190 1631 1258 Septuaginta
1663 1190 1900 1259 positum
1934 1197 2037 1252 est,
2069 1188 2137 1240 ab
2158 1203 2335 1240 excm-
2436 1207 2446 1238 ι

2332 1217 2335 1226 ν
2436 1204 2537 1239 σαι
2567 1192 2811 1255 αὐτούς.
2846 1192 2941 1259 Τὸ,
2964 1193 3033 1245 ἐν
3055 1193 3226 1260 πᾶσι,
3251 1197 3503 1264 κείμενον
3532 1198 3681 1265 παρὰ
3708 1199 3818 1258 τοῖς
3837 1197 4017 1248 Ἑϐδο-

763 1290 851 1356 plo
900 1285 1227 1360 Samaritico
1272 1285 1651 1336 continuatur.
1704 1279 1757 1332 In
1794 1293 1903 1347 quo
1939 1279 1999 1330 τὸ
2032 1278 2145 1347 χόλ,
2190 1279 2332 1345 quod
2441 1295 2448 1344 ε

2330 1315 2332 1329 ι
2441 1279 2705 1347 μήκοντα,
2741 1281 3003 1352 κυροῦται
3035 1284 3143 1336 ἀπὸ
3169 1284 3262 1337 τοῦ
3310 1286 3716 1356 Σαμαρειτικοῦ
3751 1289 4015 1355 ἀντιγρά-

762 1388 867 1439 est,
922 1379 975 1428 in
1024 1375 1286 1436 omnibus,
1330 1388 1424 1427 seu
1479 1388 1568 1438 per
1613 1370 1810 1432 omnia,
1844 1383 2158 1422 consonans
2210 1383 2332 1419 cum
2440 1387 2447 1415 ‹

2327 1386 2332 1418 ι
2440 1385 2559 1433 (του.
2607 1370 2694 1420 Ἐν
2723 1365 2767 1437 ᾧ
2810 1373 2877 1424 τὸ
2936 1375 3071 1440 χόλ,
3123 1377 3258 1445 ὅπερ
3293 1377 3432 1437 ἐστὶ,
3479 1376 3690 1435 πᾶσιν,
3719 1376 3751 1444 ἢ
3781 1376 4012 1440 πάντα,

765 1470 1066 1538 apostolico
1103 1480 1116 1517 :
1155 1484 1171 1514 ι
1208 1452 1491 1530 Quotquot
1542 1461 1688 1514 enim
1723 1460 1857 1527 legis
1909 1460 2171 1528 operibus
2203 1467 2333 1512 sunt
2438 1477 2450 1510 ι

2326 1474 2333 1508 ι
2438 1459 2737 1528 φερόμενον
2773 1461 3030 1532 εὕρομεν.
3096 1459 3188 1527 Οἷς
3229 1468 3441 1536 συνᾴδει
3483 1469 3628 1521 καὶό
3667 1467 4011 1528 ’Λπόστολος,

764 1556 992 1620 addicti,
1023 1553 1389 1610 exsecrationi
1422 1557 1550 1604 sunt
1599 1549 1843 1602 obnoxii.
1885 1566 1902 1596 ι
2439 1549 2449 1598 ]

2439 1549 2636 1614 λέγων.
2675 1573 2692 1602 ι
2729 1554 2885 1605 Ὅσοι
2907 1556 3014 1623 γὰρ
3041 1555 3101 1618 ἐξ
3123 1557 3302 1625 ἔργων
3333 1559 3500 1626 νόμου
3527 1561 3686 1619 εἰσὶν,
3721 1559 3827 1610 ὑπὸ
3850 1560 4017 1610 κατά-

1850 1655 1853 1659 τ
2443 1655 2539 1706 ραν
2564 1641 2721 1695 εἰσίν.
2760 1661 2778 1692 ι
2807 1644 2969 1695 Ὅθεν
3008 1647 3055 1696 εἰ
3088 1647 3152 1697 ἐκ
3200 1650 3506 1715 περιτομῆς
3559 1648 3873 1717 ἐλέγχονται
3912 1648 4018 1699 ὑπὸ

2442 1729 2684 1800 κατάραν
2705 1732 2877 1795 ὄντες,
2909 1735 2968 1786 τὸ
3001 1735 3075 1804 μὴ
3110 1738 3286 1791 πάντα
3323 1741 3517 1790 ποιεῖν.

839 1844 1109 1909 scriptum
1141 1846 1224 1892 est
1254 1840 1397 1893 enim
1437 1856 1447 1888 :
1487 1854 1504 1886 ι
1548 1835 1882 1889 lixsccratus
1908 1834 2087 1887 omnis
2121 1835 2212 1902 qui
2246 1852 2351 1889 non
2385 1851 2664 1906 permanet
2696 1843 2748 1895 in
2782 1849 3037 1902 omnibus
3079 1865 3199 1918 quae
3236 1850 3288 1904 in
3323 1850 3426 1906 hoc
3458 1852 3596 1906 libro
3626 1852 3763 1923 legis
3793 1863 4018 1907 exstant

768 1931 981 1990 litteris,
1011 1939 1067 1981 ut
1097 1934 1314 1995 prmstet
1354 1940 1414 1977 ea
1442 1925 1509 1976 ⁸⁵.
1549 1943 1566 1972 ι

836 2015 1148 2070 Benedictus
1186 2023 1240 2064 tu
1274 2013 1325 2063 in
1360 2013 1568 2068 urlvc,et
1595 2010 1889 2063 benedictus
1917 2011 1967 2061 in
1997 2026 2143 2079 agro.
2167 2008 2425 2081 [Χχνιιι.
2451 2013 2528 2086 5.]
2557 2015 2609 2069 In
2644 2017 2916 2084 Ecclesia,
2947 2022 3036 2076 ubi
3072 2025 3162 2093 qui
3196 2026 3324 2094 agit,
3346 2026 3477 2080 serit
3500 2035 3553 2080 et
3588 2028 3745 2081 metit
3776 2027 4018 2081 fructum

769 2110 820 2158 in
849 2108 1009 2158 vitam
1037 2112 1323 2156 aeternam.
1371 2097 1582 2151 Feturzc
1615 2113 1746 2151 vero
1781 2099 1921 2151 uteri
1952 2098 2051 2165 pia:
2079 2098 2444 2168 cogitationes
2481 2112 2628 2158 sunt.
2664 2105 2804 2160 Dicit
2836 2110 2980 2162 cnim
3011 2111 3179 2166 Isaias
3216 2133 3228 2166 :
3275 2133 3292 2164 ι
3330 2115 3431 2168 Per
3472 2124 3677 2169 metum
3706 2124 3883 2179 tuum,
3915 2119 4020 2168 Dn—

766 2197 932 2256 tninc,
975 2194 1026 2245 in
1056 2201 1243 2242 ventre
1267 2187 1640 2256 ('OIICt'pilllllS,
1676 2186 1894 2239 dolores
1929 2186 2274 2255 pertulimus,
2307 2197 2359 2242 et
2399 2194 2815 2260 parturivitutts,
2877 2199 3130 2267 spiritum
3187 2202 3383 2255 salutis
3427 2211 3533 2257 tua;
3593 2203 3821 2258 fecimus
3852 2221 4023 2275 super

767 2293 906 2336 terra
939 2281 1004 2331 “7.
1048 2297 1063 2328 ι
1095 2278 1255 2330 Iidem
1288 2292 1416 2328 veru
1444 2283 1604 2326 terra}
1643 2288 1862 2342 quoque
1895 2283 2077 2342 partes
2108 2285 2255 2342 sunt,
2282 2278 2435 2348 juxta
2464 2281 2595 2335 illud
2635 2299 2649 2335 :
2689 2302 2705 2333 ι
2738 2281 2916 2338 Exivit
2939 2295 3089 2339 satur
3122 2289 3185 2342 ad
3215 2291 3532 2355 serendum,
3573 2302 3628 2346 et
3661 2293 3767 2345 alia
3795 2295 4018 2362 quidem

766 2370 1081 2424 ceciderunt
1106 2379 1264 2419 secus
1295 2365 1461 2424 vium,
1497 2363 1601 2416 alia
1639 2377 1804 2432 super
1839 2374 2047 2430 sentes,
2076 2366 2180 2419 alia
2214 2383 2340 2421 vero
2367 2383 2529 2438 super
2560 2381 2792 2438 petram,
2836 2374 2940 2426 alia
2972 2391 3101 2430 vero
3127 2392 3293 2446 super
3322 2387 3521 2433 terram
3556 2382 3780 2446 Lonam,
3811 2390 3866 2437 et
3893 2384 4021 2438 red-

765 2458 902 2512 didit
944 2457 1209 2516 l'ructuni,
1247 2453 1392 2504 aliud
1433 2452 1652 2519 quidem
1699 2451 2085 2520 trigecupluni,
2117 2453 2262 2506 aliud
2289 2459 2800 2527 septuagccuplum,
2835 2462 2982 2514 aliud
3031 2467 3354 2532 centuplum
3384 2467 3449 2520 ⁸⁸.
3494 2488 3511 2518 ι

837 2545 1085 2598 Armenta
1117 2539 1271 2591 bount
1300 2548 1346 2590 ct
1375 2554 1550 2606 greges
1586 2537 1778 2590 ovium.
1809 2536 1911 2609 [4.]
1946 2538 2144 2593 Munda
2199 2544 2399 2597 etenim
2450 2560 2574 2602 esse
2603 2546 2805 2603 debent
2835 2565 2957 2620 quae
3006 2551 3071 2605 ad
3100 2554 3270 2608 altare
3305 2554 3680 2624 adducuntur,
3714 2556 3783 2613 de
3815 2559 4022 2629 quibus

769 2645 1145 2700 sa-peuumcro
1173 2629 1436 2681 diximus.

841 2764 1042 2817 Horrea
1065 2772 1155 2813 tua
1189 2768 1236 2814 et
1265 2761 1498 2827 reliquid:
1530 2770 1651 2814 tua’.
1679 2759 1781 2832 [5.]
1815 2763 2019 2816 Horren
2045 2774 2201 2818 vocat
2233 2782 2336 2820 non
2375 2757 2416 2814 Β
2510 2795 2526 2827 Α

2375 2757 2416 2814 θ
2510 2778 2575 2829 Al
2601 2777 2907 2848 ἁποθῆκαί
2923 2801 3060 2849 σου,
3095 2787 3191 2840 καὶ
3229 2788 3301 2840 τὰ
3328 2789 3844 2858 ἐγκαταλείμματά
3881 2809 4021 2845 σου.

767 2870 830 2910 ea
857 2856 946 2908 ubi
982 2853 1129 2908 tinea
1159 2854 1326 2915 rodit,
1364 2868 1540 2920 neque
1566 2868 1687 2920 quze
1713 2853 1863 2909 fures
1910 2855 2223 2924 perfodiunt
2268 2859 2336 2924 ",

2457 2867 2766 2940 ’Λποοήκας
2809 2876 2995 2942 φησιν,
3048 2877 3149 2929 οὐκ
3204 2878 3330 2931 ἔνθα
3362 2853 3462 2950 οὴς
3500 2853 3777 2948 ἀφαν-ίξει,
3809 2882 3919 2934 οὐδ’
3959 2883 4024 2945 ἃς

769 2960 958 3000 verum
996 2960 1059 3000 ea
1089 2960 1210 3013 qua:
1247 2944 1405 2998 nobis
1434 2944 1695 2996 viaticum
1729 2947 1970 3012 praebent
2012 2948 2077 3000 ad
2111 2965 2336 3017 regnum
2447 2975 2454 3009 ε

2447 2959 2674 3013 κλέπται
2700 2963 3092 3035 διορύττουσιν.
3123 2970 3257 3022 ἁλλᾶ
3291 2971 3388 3033 τὰς
3414 2944 3738 3040 απαέούσας
3767 2976 3916 3044 ἡμᾶς
3945 2944 4026 3038 eis

768 3040 1057 3094 caelorum.
1099 3035 1366 3104 Reliquis!
1406 3050 1557 3095 vero,
1605 3034 1787 3088 futura
1819 3044 1873 3090 et
1905 3037 2222 3092 novissima.
2261 3038 2336 3093 Ita
2444 3068 2453 3084 ι

2444 3049 2544 3121 τὴν
2575 3034 2852 3120 βασιλείαν
2883 3057 2991 3109 τῶν
3021 3061 3265 3129 οὐρανῶν
3287 3077 3300 3089 °
3326 3034 3819 3133 éyxataielppatd
3850 3034 3928 3130 δέ,
3957 3034 4027 3118 τά

769 3131 912 3184 enim
941 3137 1309 3198 exposuerunt
1341 3125 1533 3191 reliqui
1565 3126 1616 3178 in
1649 3126 1753 3180 hoc
1778 3125 1930 3182 dicto
1970 3143 1981 3178 :
2022 3145 2038 3177 ι
2070 3127 2336 3197 Reliquiae
2451 3159 2454 3206 ι

2451 3139 2712 3207 μέλλοντα
2746 3146 2842 3197 και
2893 3148 2960 3200 τὰ
2993 3125 3224 3217 ἔσχατα.
3275 3169 3292 3200 ‹
3327 3125 3485 3204 eam
3533 3125 3641 3222 γάῥ
3671 3125 3942 3216 ἐξέδωκαν
3977 3157 4026 3206 οἱ

772 3219 1066 3289 impiorum
1098 3216 1571 3279 exscindentur”,
1602 3234 1619 3266 ι
1645 3216 1787 3284 quod
1821 3218 2031 3286 psalmo
2063 3219 2341 3274 tricesimo
2447 3228 2457 3278 ἰ

2339 3247 2341 3262 ι
2447 3228 2643 3294 λοιποὶ,
2673 3234 2730 3285 ἐν
2759 3234 2860 3304 τῷ,
2891 3238 2956 3289 τὰ
2987 3216 3480 3309 ὲγπαταλείμματα
3663 3244 3878 3297 ἀσεϐῶν
3905 3245 4024 3309 ἑξο-

771 3321 924 3367 sexto
954 3313 1205 3364 habetur.
1796 3382 1798 3384 τ
2452 3320 2456 3371 ζ

2452 3320 2924 3394 λοθρευθήσονται,
2971 3348 2988 3380 ι
3033 3331 3088 3381 ὲν
3123 3330 3209 3395 λς’
3233 3333 3433 3403 ψαλμῷ
3461 3333 3774 3404 λεγόμενον.

845 3430 981 3487 Cum
1020 3427 1305 3517 ingrederis
1333 3437 1380 3479 et
1432 3425 1716 3517 egrederis.
1757 3426 1860 3498 [6].
1911 3428 2046 3483 Cum
2100 3429 2201 3483 hoc
2253 3428 2420 3486 David
2465 3451 2682 3507 quoque
2743 3442 3012 3507 concinit,
3050 3445 3349 3517 inquiens:
3416 3468 3434 3500 ι
3478 3448 3747 3504 Dominus
3779 3451 4030 3507 tuebitur

777 3522 981 3608 exitum
1016 3527 1165 3571 tuum
1197 3523 1251 3569 et
1287 3515 1572 3608 introitum
1606 3516 1678 3608 θ’,
1714 3536 1740 3608 ι.
1769 3517 1998 3608 Oportet
2032 3517 2179 3608 enim
2216 3519 2263 3571 ei
2289 3520 2379 3587 qui
2415 3523 2484 3575 ab
2523 3524 2801 3592 impietate
2840 3530 3065 3595 recedit,
3115 3515 3278 3588 manu
3323 3536 3389 3589 ad
3432 3538 3689 3606 pietatem
3737 3537 3842 3592 iter
3891 3555 4030 3608 prae-

777 3612 922 3662 here.
956 3607 1127 3659 Porro
1159 3614 1214 3657 et
1242 3601 1621 3698 nobiscontra
1651 3605 1742 3698 Dei
1778 3607 1965 3698 hostes
1998 3607 2050 3658 in
2095 3606 2294 3660 bellum
2335 3615 2419 3661 est
2452 3611 2868 3679 egrediendum.
2896 3616 3000 3670 Per
3041 3620 3327 3675 introitum
3368 3601 3497 3676 vero
3532 3624 3721 3678 licebit
3752 3601 4030 3698 intelligas

775 3700 1090 3782 accuratam
1125 3690 1456 3782 cognitionis
1488 3692 1816 3782 custodiam.
1855 3691 1958 3746 Per
1984 3695 2188 3747 exitum
2214 3703 2419 3761 autem,
2444 3712 2562 3751 cam
2591 3705 2960 3770 egressionem
2987 3723 3095 3778 qua
3121 3711 3306 3765 omnis
3329 3712 3551 3766 solertia
3584 3690 3989 3782 TCIlIIQIIillIT:t
4008 3725 4031 3770 t

773 3795 901 3850 «rga
934 3779 1179 3868 inﬁrmos
1202 3777 1254 3868 ιιι
1285 3774 1567 3868 demissio.
1601 3778 1810 3842 Quibus
1839 3780 2161 3849 suhjungit:
2195 3799 2212 3832 ι
2259 3779 2325 3834 Εῑ
2353 3783 2529 3837 tradet
2565 3786 2824 3845 Dominus
2858 3774 3160 3850 Deus-tuus
3190 3796 3447 3851 inimicos
3481 3807 3606 3852 tuos
3655 3774 3759 3868 qui
3807 3774 4030 3856 restite~

779 3878 904 3958 iunl.
940 3866 1074 3958 tibi,
1099 3862 1420 3958 confrac-tos
1452 3863 1506 3958 in
1539 3877 1894 3958 conspectum
1925 3877 2104 3933 tuum,
2149 3889 2166 3920 ι
2197 3869 2352 3938 juxta
2382 3871 2514 3926 illud
2543 3873 2790 3944 Apostoli
2826 3896 2837 3931 :
2886 3899 2904 3931 ι
2945 3879 3010 3934 Ει
3054 3881 3231 3937 tradet
3265 3883 3528 3940 Dominus
3564 3862 3834 3940 Satanam
3867 3891 4029 3958 pedi-

779 3956 879 4009 bus
907 3952 1108 4006 nostris
1150 3950 1582 4005 conculcandum
1610 3952 1795 4006 subito
1822 3953 1887 4004 ".
1926 3973 1943 4004 ι

845 4072 946 4126 Per
981 4087 1144 4123 unum
1193 4070 1290 4122 iter
1328 4070 1679 4138 egredientur,
1736 4082 1784 4125 et
1819 4083 2011 4140 septem
2065 4075 2342 4129 itineribus
2371 4090 2415 4149 ο

2371 4090 2415 4149 ο
2532 4079 2678 4144 ’0δῲ
2701 4081 2808 4150 μιᾷ
2852 4082 3237 4148 ἐξελεύσεται
3285 4087 3437 4155 πρὸς
3487 4088 3583 4153 σὲ,
3630 4089 3728 4141 καὶ
3776 4090 3847 4142 ἐν
3879 4090 4033 4145 ἑπτὰ

774 4165 1049 4232 diﬂ'ugiettt
1084 4178 1110 4214 e
1162 4171 1438 4230 conspecto
1497 4171 1606 4216 tuo.
1655 4162 1756 4234 [7.]
1809 4163 2141 4218 Seeleratam
2182 4165 2350 4236 558
2457 4201 2459 4215 .

2346 4204 2350 4224 ι
2457 4168 2619 4237 ὁδοῖς
2635 4174 2915 4240 φεύξεται
2944 4179 3062 4231 ἀπὸ
3091 4179 3418 4246 προσώπου
3445 4196 3584 4235 σου.
3617 4182 3730 4251 Τὴν
3761 4183 3903 4234 κατὰ
3937 4183 4031 4235 σοῦ

775 4258 922 4312 cnim
955 4254 1413 4321 conjurationem,
1447 4257 1840 4325 pactionesque
1863 4265 2061 4328 contra
2098 4266 2151 4312 te
2180 4260 2349 4314 scitas
2457 4279 2460 4289 ε

2348 4297 2349 4304 η
2457 4264 2951 4336 γινομνηνοαὺτῶν
2968 4271 3142 4341 κακὴν
3172 4273 3513 4342 συμφωνίαν,
3533 4273 3627 4326 καὶ
3649 4275 3748 4342 τὴν
3763 4273 4033 4342 διαθήκην

769 4347 1067 4426 dissipabit
1120 4345 1402 4409 Dominus,
1430 4347 1584 4414 juxta
1622 4346 1755 4399 illud
1789 4363 1802 4397 :
1846 4365 1862 4398 ι
1910 4347 2123 4418 Dissipa
2159 4359 2347 4420 gentes

2345 4386 2347 4399 .
2457 4353 2656 4418 αὐτῶν,
2690 4356 2756 4425 ἢν
2786 4359 2925 4411 κατὰ
2954 4361 3048 4412 σοῦ
3096 4364 3153 4413 ὲν
3187 4362 3412 4432 ὁμονοία
3447 4363 3704 4425 διέθεντο,
3738 4362 4030 4415 διασκεδά-

777 4455 1008 4511 quarum
1039 4440 1258 4492 animus
1298 4439 1350 4490 in
1387 4438 1543 4492 bellis
1573 4449 1654 4491 est
1685 4439 1749 4490 ³³.
1797 4456 1816 4488 ι
2460 4468 2462 4483 ς

2460 4459 2542 4495 σει
2585 4445 2809 4514 Κύριος,
2864 4451 3008 4503 καθά
3053 4468 3215 4522 φησιν
3275 4455 3303 4504 ὁ
3331 4453 3526 4505 Δαὸίδο
3574 4472 3592 4504 ι
3633 4453 4034 4522 Διασκόρπισον

2462 4531 2686 4603 ἔθνη“τὰ
2710 4536 2838 4601 τοὺς
2867 4540 3136 4610 πολέμους
3169 4542 3415 4596 θέλοντα.
3463 4562 3480 4594 ι

857 4655 922 4708 Et
944 4655 998 4706 in
1033 4652 1412 4722 promptuariis
1449 4653 1570 4739 tuis,
1605 4662 1652 4704 et
1687 4653 1742 4703 in
1763 4653 2005 4706 omnibus
2034 4654 2102 4705 ad
2126 4671 2243 4723 qua'
2273 4672 2487 4710 manum
2517 4659 2804 4718 admolitus
2838 4665 3023 4733 fueris.
3056 4666 3159 4739 [8.]
3184 4667 3242 4722 Si
3304 4669 3452 4722 enim
3498 4668 3757 4721 mandata
3790 4667 3885 4722 Dei
3936 4685 4034 4735 pro

783 4743 925 4797 virili
950 4740 1450 4799 observaverimus,
1484 4737 1731 4792 felicitati
1766 4741 2242 4795 consccrabuntur
2268 4753 2375 4796 tam
2406 4747 2638 4802 occultae
2668 4751 3033 4820 cogitationes
3066 4737 3228 4825 quam
3264 4757 3570 4810 manifestae
3603 4757 3874 4815 actiones.
3905 4772 4030 4810 cum

783 4845 846 4886 ea
877 4844 996 4899 qua
1028 4828 1432 4889 diminuuntur,
1468 4834 1666 4912 tumea
1695 4842 1816 4894 qua:
1853 4827 1918 4879 ad
1950 4829 2348 4884 incrementum
2381 4833 2630 4888 tendunt.
2661 4837 2830 4894 David
2856 4843 3054 4895 etenim
3086 4843 3253 4896 dicit:
3288 4861 3306 4894 ι
3342 4843 3416 4897 Ειι
3444 4844 3671 4898 secretis
3698 4843 3837 4896 meis
3860 4857 4031 4912 purga

783 4932 868 4970 me
892 4915 961 4969 ".
993 4934 1010 4966 ι
1049 4914 1305 4968 Servator
1332 4913 1460 4965 item
1502 4931 1513 4964 ε
1558 4930 1576 4962 ι
1611 4911 1762 4965 Citra
1806 4928 1890 4965 me
1919 4914 2128 4968 ellictzre
2167 4917 2298 4970 nihil
2333 4923 2560 4987 potestis
2592 4923 2660 4976 ".
2693 4944 2711 4976 ι

858 5000 1122 5055 Επσὶιαὸἱι
1157 5011 1202 5053 te
1233 5001 1334 5053 sibi
1361 4998 1617 5053 Dominus
1651 5002 1901 5067 populant
1959 5014 2223 5066 sanctum,
2258 5009 2699 5074 quemadmodum
2740 5012 2944 5081 juravit
2987 5015 3228 5081 patribus
3276 5015 3401 5068 tuis.
3467 5012 3568 5086 [9.]
3599 5014 3853 5083 Ipsorum
3885 5016 4028 5068 enim

789 5090 1012 5158 adoptio
1045 5096 1150 5151 est,
1183 5095 1236 5140 et
1268 5095 1679 5144 testamentum.
1714 5097 1764 5139 et
1803 5088 2007 5154 cultus,
2040 5107 2103 5143 ex
2140 5093 2342 5159 quibus
2382 5094 2637 5154 Christus
2673 5104 2971 5156 secundum
3019 5118 3242 5157 carnem
3292 5111 3454 5158 natus
3490 5112 3600 5156 est.
3632 5103 3772 5170 Ipsis
3813 5117 4035 5171 quoque

788 5177 964 5248 primo
987 5176 1079 5229 Dei
1107 5176 1331 5229 verbum
1375 5175 1804 5227 renuntiandum
1855 5186 1992 5228 erat.
2056 5173 2112 5229 Id
2152 5181 2328 5247 ipsum
2379 5197 2508 5238 vero
2549 5200 2673 5238 cum
2728 5199 3071 5255 respuerent,
3119 5188 3354 5244 felicitas
3391 5190 3572 5243 omnis
3625 5188 3690 5240 ad
3725 5200 3922 5258 gentes
3953 5199 4036 5242 est

786 5263 1075 5323 translata,
1107 5271 1160 5314 nt
1187 5261 1388 5314 Christi
1425 5261 1604 5313 verbis
1639 5268 1788 5328 patet
1822 5278 1835 5313 :
1875 5281 1892 5312 ι
1927 5261 2168 5318 Profecti
2197 5265 2394 5322 docete
2426 5284 2618 5325 omnes
2641 5283 2832 5341 gentes
2861 5274 2926 5326 ’⁸.
2970 5293 2987 5325 ι
3026 5276 3416 5344 Apostolorum
3452 5276 3603 5337 item,
3654 5276 3747 5344 qui
3791 5275 4030 5328 dicunt:

789 5368 807 5400 ι
841 5349 922 5405 Ad
957 5359 1145 5418 gentes
1172 5350 1540 5403 convertimur
1559 5347 1626 5398 ⁸⁷.
1657 5366 1673 5397 ι
1703 5347 1850 5411 Quas
1886 5360 1939 5402 et
1965 5363 2177 5418 gentem
2205 5363 2472 5415 sanctam.
2501 5358 2680 5424 regale
2705 5359 3097 5423 sacerdotium,
3134 5363 3392 5430 populum
3417 5361 3753 5431 acquisitum
3779 5371 3941 5416 vocat
3966 5362 4032 5411 ".

786 5437 916 5493 l‘ost
943 5438 1184 5492 reditum
1220 5451 1349 5489 vero
1381 5436 1521 5490 idem
1564 5444 1952 5490 testamentum
1998 5453 2120 5492 cum
2166 5440 2390 5496 Domino
2425 5444 2668 5498 condere
2717 5445 3219 5517 subscriptionihus
3251 5465 3315 5506 ac
3361 5451 3533 5521 signis
3562 5449 3810 5505 omnium
3846 5465 4003 5504 sacer

870 5619 914 5649 ⁸⁶
945 5618 1344 5677 Galat.tu,10.
1422 5621 1465 5650 ⁸⁷
1504 5620 1607 5672 lsa.
1643 5637 1786 5678 xxvi,
1818 5620 1901 5684 l7,
1941 5619 2019 5673 I8.
2102 5621 2146 5650 ⁸³
2175 5619 2366 5674 Matth.
2409 5639 2528 5686 xm,

2351 5661 2366 5674 .
2409 5625 2676 5686 xm,5-8.
2780 5625 2826 5655 θ’
2853 5624 3040 5679 Matth.
3084 5643 3158 5686 vt,
3214 5627 3305 5680 ΞΟ,
3410 5628 3625 5680 "l‘sal.
3678 5643 3871 5684 xxxvi.
3945 5628 4030 5681 '58-

792 5691 833 5720 ”
867 5689 1172 5762 Psal._cxx,
1198 5690 1273 5762 8.]
1361 5691 1406 5721 θ’
1444 5689 1906 5762 lionn_._xvt,204._
2001 5690 2045 5720 ⁸³
2077 5688 2222 5743 Psal.
2260 5709 2425 5755 urit,
2463 5696 2477 5743 ῖ

2346 5710 2425 5755 ιιι,
2463 5696 2549 5746 Iit).
2630 5696 2672 5725 ’³
2705 5694 2849 5750 Psal.
2886 5711 3041 5761 xvm,
3084 5697 3169 5750 1‘2.
3247 5699 3290 5731 ⁸⁵
3323 5696 3480 5753 Joan.
3512 5716 3597 5762 xv,
3629 5701 3681 5753 5.
3758 5699 3804 5730 ’⁸
3840 5697 4031 5750 Matth.

788 5774 984 5822 xxvtu,
1007 5760 1094 5812 20.
1174 5764 1217 5791 ⁸⁷
1251 5760 1373 5813 Act.
1406 5777 1523 5824 xui,
1558 5759 1645 5814 46.
1761 5761 1803 5790 ⁸⁸
1839 5760 1855 5812 ι
1887 5758 2031 5814 l’etr.
2060 5777 2119 5826 ιι,
2150 5762 2200 5813 9.
