4266 6446
363 401 473 463 9!.5
1273 393 1806 452 COMMENTARH
1854 394 1929 451 IN
1977 393 2669 455 DEUTERONOMIUM.
3515 403 3621 465 9ιεῖ

363 506 573 566 donnn,
609 503 942 565 Levilarnnt,
980 507 1030 555 et
1070 498 1385 569 principum
1422 500 1473 551 in
1501 501 1746 553 secundo
1776 500 1916 552 libro
1942 504 2112 565 copit.
2136 500 2485 567 Quapropter
2527 503 2831 554 e.i.itnnum
2871 509 2987 556 toto
3017 513 3236 570 pectore
3270 504 3371 573 logi
3406 508 3476 560 iui
3501 529 3618 559 um-

363 595 497 645 lnint
530 602 674 643 metu
706 589 1164 656 transgressionis
1193 587 1395 641 adacti.
1423 585 1561 638 Nam
1596 589 1851 654 ignorant
1903 586 2051 654 quod
2089 585 2346 639 Christus
2392 601 2488 654 pro
2538 588 2698 641 nobis
2731 593 3165 642 exsecrationem
3198 594 3417 654 subivit,
3458 612 3518 646 ae
3557 606 3624 647 ,ιιι

359 680 736 734 exsecratione
765 677 896 745 icgis
933 693 1036 729 nos
1071 675 1346 729 liberavit.
1390 673 1686 742 Postquam
1722 675 1892 742 igitur
1929 674 2043 742 ipse
2073 689 2176 727 nos
2213 674 2392 726 omnis
2448 676 2663 741 generis
2717 674 2976 728 felicitate
3019 678 3293 745 spirituali
3328 679 3538 747 ditavit,
3573 695 3626 734 et

358 768 426 818 ab
461 764 844 818 exsecratione
877 763 1159 825 liberavit,
1190 762 1255 816 de
1292 761 1777 816 benedictionibus
1799 760 2025 830 quidem
2073 759 2246 813 illud:
2288 778 2306 810 ι
2346 759 2488 825 Fiat,
2525 761 2638 825 ﬁat,
2677 780 2693 812 ι
2723 759 2944 816 dicitur.
3011 764 3082 816 lle
3140 767 3625 824 nialedietimiibus

360 868 487 907 vero
521 866 892 920 nequaquam.
933 848 1054 902 Non
1085 851 1231 902 enim
1261 848 1441 901 factus
1479 857 1567 902 est
1600 851 1787 910 etiam,
1847 864 1976 910 non,
2015 847 2482 916 quemadmodum
2534 848 2600 901 ad
2652 850 2966 904 (lorinthios
3022 852 3229 905 dictum
3270 872 3283 906 :
3336 872 3353 904 ι
3401 856 3623 921 Verum,

356 942 521 993 etiam
573 939 627 991 in
679 955 746 992 eo
794 936 942 1001 fuit;
984 951 1177 991 omnes
1215 937 1362 990 enim
1404 935 1496 990 Dei
1537 937 1932 1006 promissiones
1985 936 2039 989 in
2083 937 2204 1005 ipso
2266 937 2432 990 etiam
2493 946 2625 991 sunt
2668 955 2679 990 :
2719 953 2888 1007 quare
2939 949 3163 1008 propter
3197 941 3378 1010 ipsum
3409 960 3629 1014 quoque

307 1086 309 1088 ,
357 1029 532 1082 Amen
576 1030 642 1081 ’9.
689 1045 707 1077 ι

439 1119 690 1181 Ἀνοίξαι
722 1136 821 1172 σοι
860 1118 1078 1185 Κύριος
1115 1117 1222 1170 τὸν
1259 1115 1568 1185 θησαυρὸν
1616 1115 1802 1170 αὑτοῦ
1835 1117 1941 1170 τὸν
1971 1103 2017 1155 Α
2118 1156 2124 1168 .

1971 1103 2017 1155 Α
2118 1117 2333 1182 Aperiat
2352 1117 2446 1170 tibi
2461 1115 3030 1171 Dominusthesaurum
3053 1135 3203 1171 suum
3223 1123 3627 1186 bonum,nemp.:

353 1211 600 1279 ἀγαθὸν,
635 1211 742 1263 τὸν
796 1209 1077 1278 οὐρανὸν,
1134 1208 1346 1263 δοῦναι
1384 1208 1491 1261 τὸν
1519 1209 1699 1263 ὑετὸν
1750 1207 1824 1276 τῇ
1862 1208 1939 1276 τῇ

352 1317 492 1356 σου.
534 1301 642 1354 Καὶ
670 1299 752 1362 τίς
776 1299 924 1352 ἐστιν
959 1295 1116 1362 οὗτος
1162 1298 1212 1370 [ὁ
1245 1298 1452 1365 ἀγαθὸς
1486 1298 1760 1369 θησαυρός
1789 1299 1831 1370 ς]
1866 1296 1939 1352 Ἦ

355 1387 550 1463 παρίἶι
583 1392 722 1444 εἰσιν
769 1393 818 1445 0t
864 1390 1127 1462 θησαυροὶ
1163 1391 1261 1459 τῆς
1300 1390 1493 1458 σοφίας
1530 1392 1625 1444 καὶ
1667 1392 1769 1459 τῆς
1799 1392 1938 1459 γνώ-

356 1501 496 1545 σεως
526 1483 861 1552 ἀπόκρυφοι.
896 1481 1070 1545 Αὐτὸς
1098 1479 1208 1552 γὰρ
1233 1481 1328 1534 καὶ
1359 1485 1478 1544 ταῖς
1514 1482 1766 1550 νεφέλαις
1789 1484 1940 1535 ἐντε-

353 1575 548 1639 λεῖται,
600 1576 766 1644 ῆγουν
815 1576 930 1636 τοῖς
973 1575 1284 1644 προφήταις
1312 1573 1497 1626 δοῦναι
1544 1574 1636 1626 τδν
1671 1575 1824 1627 ὑετὸν
1852 1575 1942 1628 τὸν

351 1667 627 1736 οὐράνιον.
665 1684 683 1716 ι
719 1665 890 1727 Αὐτὸς
919 1664 1028 1734 γὰρ
1057 1663 1218 1716 δώσει
1249 1664 1617 1734 χρηστότητα.
1661 1665 1769 1716 Καὶ
1804 1665 1835 1732 ἡ
1867 1663 1940 1733 γῆ

353 1756 511 1827 ἡμῶν
542 1755 706 1808 δώσει
757 1755 848 1807 τὸν
897 1753 1111 1824 καρπὺν
1168 1754 1357 1822 αὐτῆς.
1391 1771 1408 1803 ι
1465 1754 1673 1816 Δανιεῖς
1727 1752 1942 1814 πολλοῖς

352 1849 535 1901 ἔθνεσι
564 1848 625 1900 τὸ
648 1846 1115 1917 δεδοκιμασμένον
1149 1845 1433 1916 ἀργύριον,
1464 1847 1529 1896 σὺ
1559 1845 1615 1897 δὲ
1654 1845 1714 1896 οὐ
1759 1845 1936 1916 ὁανιῇ.

352 1941 428 1993 Οὐ
465 1940 571 2008 γὰρ
598 1940 728 2008 παρ’
759 1939 947 2001 αὐτοῖς
976 1939 1263 2007 ἐπιστήμη
1291 1938 1386 1990 καὶ
1417 1935 1666 1998 σύνεσις.

427 2035 535 2087 Καὶ
561 2033 765 2102 ἄρξεις
792 2032 874 2086 σὺ
894 2032 1087 2087 ἐθνῶν
1117 2029 1383 2084 πολλῶν.
1420 2031 1646 2101 Εἴρηται
1681 2032 1782 2100 μὲν
1807 2030 1940 2100 πρὸς

350 2127 480 2188 τοὺς
505 2127 656 2188 υἱοὺς
717 2125 970 2196 Ἰσραὴλ,
1012 2125 1276 2193 ἁρμόττει
1323 2124 1378 2176 δὲ
1412 2123 1618 2192 κυρίως
1659 2127 1771 2185 τοῖς
1803 2125 1941 2191 Χρι-

354 2219 481 2272 στοῦ
518 2218 790 2288 μαθηταῖς
816 2236 828 2248 ο
880 2219 955 2279 ὡς
1005 2217 1083 2288 (Ι)
1116 2217 1301 2284 λέγειν
1344 2217 1563 2280 αὐτοὺς,
1605 2235 1623 2266 ι
1653 2216 1749 2269 Διὰ
1782 2215 1941 2268 τοῦτο

351 2311 590 2374 ὑπέταξε
645 2311 808 2373 λαοὺς
862 2311 1034 2381 ἡμῖν,
1094 2309 1190 2362 καὶ
1238 2307 1365 2377 ἔθνη
1428 2308 1533 2361 ὑπὸ
1589 2308 1717 2370 τοὺς
1774 2307 1941 2371 πόδας

351 2403 532 2474 ἡμῶν.
580 2422 599 2455 ι

2044 1208 2252 1273 calum,
2271 1219 2326 1260 ut
2349 1209 2434 1262 det
2452 1209 2685 1277 pluviam
2705 1217 2995 1262 terrwluw.
3017 1208 3400 1281 [XXVIII,19.]
3423 1210 3626 1280 Ecquis

2044 1315 2172 1354 vero
2206 1301 2501 1355 thesaurus
2533 1300 2623 1354 ille
2675 1299 2854 1354 bonus
2907 1301 3034 1355 est?
3062 1299 3334 1354 Nimirum
3379 1303 3423 1355 is
3477 1302 3620 1371 apud

2044 1406 2205 1459 quem
2250 1405 2441 1444 omnes
2499 1389 2743 1443 thesauri
2807 1387 3054 1442 scientia:
3110 1396 3238 1441 sunt
3276 1388 3543 1442 reconditi
3580 1389 3620 1440 '.

2043 1481 2162 1549 Ipse
2189 1482 2389 1536 etenim
2423 1481 2704 1550 prophetis
2731 1494 2951 1549 quoque
2975 1477 3091 1532 suis
3123 1478 3360 1531 nubibus
3396 1477 3622 1530 manda-

2045 1574 2147 1638 bit,
2179 1581 2239 1626 ut
2271 1574 2511 1643 pluviam
2551 1573 2683 1627 dent
2734 1573 3038 1624 ctelestem.
3087 1588 3104 1621 ι
3149 1569 3271 1640 Ipse
3301 1569 3445 1623 enim
3475 1569 3626 1622 dabit

2044 1666 2369 1730 bonitatem,
2404 1677 2458 1720 et
2481 1675 2626 1719 terra
2652 1672 2838 1718 nostra
2863 1664 3052 1718 reddet
3082 1661 3320 1717 fructum
3349 1678 3508 1716 suum
3545 1664 3618 1713 ’.ι

2043 1756 2338 1812 Probatum
2366 1758 2564 1810 divina:
2596 1754 2934 1825 cognitionis
2959 1760 3242 1824 argentum
3276 1769 3288 1803 :
3322 1771 3339 1803 ι
3381 1750 3461 1804 Τιι
3495 1768 3625 1802 vero

2045 1851 2179 1904 nihil
2211 1858 2402 1903 mutuo
2455 1850 2714 1918 accipies.
2777 1869 2795 1900 ι
2831 1847 2987 1918 Apud
3015 1863 3110 1902 eos
3155 1847 3300 1901 enim
3352 1847 3503 1900 nulla
3543 1859 3627 1900 cst

2047 1943 2276 1997 scientia
2316 1957 2415 1996 nec
2456 1940 2841 2009 intelligentia.

2117 2034 2403 2101 lmperabit
2430 2032 2665 2102 gentibus
2698 2033 2898 2085 multis.
2947 2030 3175 2100 Proprie
3210 2030 3411 2085 Chrisd
3452 2031 3625 2084 disci-

2046 2129 2188 2198 pulis
2228 2127 2480 2196 quadrat.
2519 2126 2670 2196 Ipsos
2727 2125 2872 2179 enim
2924 2125 3094 2178 totius
3149 2133 3306 2177 terrae
3343 2124 3620 2192 principes

2045 2221 2329 2275 constituit
2374 2219 2522 2284 :Qui
2565 2234 2697 2274 sane
2738 2217 3033 2286 inquiunt:
3079 2235 3096 2266 ι
3125 2215 3423 2285 Subjecisti
3457 2233 3627 2285 popu-

2044 2314 2129 2369 los
2158 2321 2212 2369 et
2244 2313 2494 2368 nationes
2522 2311 2752 2383 pedibus
2781 2309 2989 2365 nostris
3016 2309 3057 2361 ³.
3097 2327 3115 2359 ι

424 2503 590 2556 Ponet
631 2511 679 2555 te
723 2501 977 2555 Dominus
1007 2499 1146 2555 Deus
1180 2511 1300 2554 tuus
1335 2501 1390 2553 in
1425 2510 1608 2569 caput,
1638 2517 1741 2553 non
1762 2501 1814 2553 in
1843 2499 2088 2552 caudam.
2118 2497 2256 2571 [Κλ]
2286 2498 2487 2552 Verum
2513 2511 2620 2551 non
2652 2509 2844 2548 Omnes
2877 2493 2980 2547 hac
3013 2493 3191 2547 fausta
3227 2491 3617 2560 iinpreCationc

351 2591 500 2660 digni
531 2590 884 2643 exstiterunt.
909 2588 1316 2643 Tantummodo
1347 2590 1565 2659 quidem
1601 2589 1745 2642 beati
1767 2588 2042 2655 discipuli,
2067 2603 2166 2641 nos
2190 2588 2317 2641 item
2344 2588 2388 2640 si
2418 2589 2566 2656 ipsos
2592 2593 2998 2647 consectamur,
3031 2597 3170 2651 quos
3197 2589 3316 2650 post
3347 2581 3624 2634 Christum

349 2679 549 2748 capitis
591 2678 714 2733 loco
747 2677 1032 2732 habemus.
1069 2677 1174 2731 Eos
1214 2692 1344 2732 vero
1378 2678 1471 2746 qui
1505 2692 1613 2731 non
1648 2677 2022 2741 crediderunt,
2060 2677 2380 2730 iii-caudam
2409 2675 2611 2744 posuit.
2646 2675 2686 2726 A
2730 2683 2882 2741 tergo
2913 2672 3058 2726 enim
3092 2685 3187 2724 eos
3224 2670 3534 2734 collocavit,
3571 2679 3628 2724 ιιι

353 2765 522 2818 David
554 2764 1075 2834 inquit‘,inopiam,
1113 2764 1336 2829 famem,
1363 2769 1565 2820 tabem.

424 2858 598 2912 Τοῦτο
629 2858 723 2912 νῦν
758 2859 1054 2930 ἐξαιρέτως
1097 2859 1174 2929 (2)
1200 2860 1436 2913 νοσοῦσι.
1481 2881 1499 2911 ι
1529 2860 1939 2932 Περιδραμοῦν-
1977 2869 2017 2921 Β

1977 2869 2017 2921 Β
2116 2859 2194 2913 Eo
2225 2875 2354 2914 vero
2403 2859 2622 2928 gravior
2672 2859 2921 2928 ipsorum
2956 2857 3181 2911 morbus
3216 2864 3322 2921 est,
3361 2854 3528 2925 quod,
3567 2865 3625 2908 ut

353 2967 442 3003 ται
468 2949 598 3019 γὰρ,
631 2951 788 3019 φησὶ,
817 2950 1110 3022 ζητοῦντες
1142 2950 1233 3003 τὸν
1263 2951 1421 3019 λόγον
1451 2950 1544 3004 τοῦ
1566 2950 1724 3015 Θεοῦ,
1758 2953 1853 3005 καὶ
1879 2953 1938 3004 οὐ

358 3042 434 3112 μὴ
458 3040 714 3112 εὕρωσιν.
744 3061 762 3093 ι
813 3044 888 3095 Οὐ
925 3043 1031 3113 γὰρ
1075 3043 1233 3113 λιμὸν
1265 3045 1431 3114 ἄρτου
1477 3046 1657 3106 αὐτοῖς
1706 3044 1940 3110 ἀπειλεῖ,

355 3136 405 3185 εἰ
440 3134 718 3186 καὶτοῦτο
753 3134 952 3203 συνέϐη
1004 3133 1134 3187 ποτὲ
1161 3174 1175 3198 ,
1223 3134 1346 3186 οὐδὲ
1376 3134 1536 3203 δίψαν
1565 3134 1777 3200 ὓδατος,
1806 3136 1944 3190 ἀλλὰ

354 3225 515 3294 λιμὸν
544 3226 639 3279 τοῦ
671 3226 904 3280 ἀκοῦσαι
933 3226 1094 3294 λόγον
1125 3228 1354 3295 Κυρίου.
1396 3227 1542 3280 Ἀντὶ
1571 3228 1626 3280 δὲ
1651 3226 1766 3293 τοῦ,
1800 3228 1944 3281 ἐκλι-

360 3320 509 3386 μίαν,
547 3321 574 3370 ὁ
606 3318 924 3390 Σύμμαχος,
959 3320 1294 3389 ἁχορτασῐαν
1315 3318 1568 3382 ἐξέδωκε.
1608 3338 1626 3370 ι
1657 3319 1939 3373 Μελ.τῶσι

357 3408 464 3479 γὰρ
501 3410 655 3474 κενὰ,
697 3410 927 3480 μηδενὸς
958 3409 1326 3473 ἀπολαύοντες
1360 3409 1465 3462 τῶν
1499 3408 1829 3479 λεγομένων.
1875 3429 1893 3461 ›

2047 2953 2246 3023 inquit,
2285 2971 2303 3003 ι
2331 2950 2804 3013 Circumcursant,
2834 2965 2897 3003 ac
2949 2949 3206 3019 indagant
3238 2950 3459 3003 verbum
3509 2948 3626 3014 Dei,

2050 3060 2148 3098 nec
2185 3043 2313 3097 illud
2344 3043 2628 3097 inveniunt
2660 3043 2701 3096 ⁵.
2731 3061 2747 3091 ›
2785 3039 2902 3094 Non
2936 3042 3079 3094 cnim
3114 3039 3308 3095 famem
3342 3041 3495 3111 panis
3523 3041 3628 3094 illis

2051 3137 2359 3200 minitatur,
2378 3135 2627 3203 quamvis
2648 3145 2701 3189 ct
2731 3133 2832 3188 hoc
2862 3148 2967 3187 non
3001 3133 3279 3187 caruerint
3300 3134 3625 3202 aliquando,

2051 3245 2150 3283 nec
2186 3228 2334 3281 sitim
2358 3243 2533 3296 aquae,
2556 3242 2742 3281 verum
2777 3227 2926 3281 verbi
2960 3225 3052 3280 Dei
3077 3227 3331 3280 audiendi
3365 3227 3561 3278 famem
3587 3227 3629 3278 ⁸.

2049 3317 2151 3370 Pro
2189 3317 2282 3371 illo
2307 3333 2438 3372 vero
2473 3317 2761 3382 vocabulo,
2796 3316 3013 3385 (alitem,
3055 3317 3440 3387 Symmachus,
3481 3320 3630 3369 insa-

2056 3408 2419 3473 tiabilitatem,
2452 3412 2702 3478 exposuit
2739 3425 2751 3460 τ
2794 3428 2810 3460 ι
2858 3409 3047 3463 Studia
3085 3410 3230 3462 enim
3273 3424 3464 3462 eorum
3496 3425 3628 3461 vana

2058 3512 2206 3565 sunt,
2250 3517 2374 3555 nam
2411 3502 2542 3556 nihil
2567 3517 2755 3555 eorum
2793 3516 2914 3570 quae
2944 3501 3222 3562 dicuntur,
3253 3502 3578 3570 percipiunt.
3609 3521 3626 3550 ι

429 3600 811 3653 (ἶυιιιὶυἰιιιιιιιτ
842 3599 987 3652 cuitu
1036 3611 1228 3653 omnes
1285 3605 1555 3668 quotquot
1608 3613 1637 3652 a
1670 3597 2018 3654 daemonibus
2072 3599 2114 3651 in

1953 3614 2018 3654 us
2072 3597 2423 3652 infestantur.
2462 3596 2735 3663 Quocirca
2771 3597 2934 3652 infert
2972 3613 2985 3649 :
3045 3595 3180 3652 [idet
3220 3598 3270 3650 in
3304 3607 3356 3651 te
3391 3607 3626 3667 stragem

359 3685 644 3740 Dominus.

442 3779 780 3847 Ἐπισκοπὴν
825 3779 1068 3832 ἐναντίον
1121 3778 1231 3830 τῶν
1287 3777 1501 3847 ἐχθρῶν
1543 3794 1658 3839 σου,
1692 3779 1938 3831 τουτέστι

354 3870 695 3938 Θριυόςιενον
731 3870 825 3922 καὶ
864 3870 1304 3938 προσκόπτοντα,
1343 3869 1439 3942 [ὡς
1463 3869 1732 3935 ἐξέδωκαν
1761 3869 1938 3922 03.10:-

352 3957 496 4029 stat]

2074 3830 2077 3834 _
2115 3778 2314 3831 Coram
2345 3776 2601 3830 omnibus
2626 3775 2867 3831 inimicis
2899 3775 3007 3830 tuis
3031 3813 3044 3840 ,
3073 3774 3177 3831 hoc
3225 3783 3329 3836 est.
3359 3782 3418 3828 ut
3442 3783 3627 3828 caztcri

2062 3876 2457 3940 exposuerunt,
2485 3869 2732 3924 saucium
2761 3881 2815 3925 et
2853 3869 3194 3925 vulneratum
3245 3881 3296 3924 te
3326 3870 3492 3924 tradit
3525 3871 3626 3923 eis.

426 4049 491 4101 Et
520 4051 627 4103 eris
663 4050 892 4116 palpans
928 4051 983 4104 in
1015 4051 1254 4106 meridie.
1292 4050 1433 4124 [29.]
1469 4050 1625 4107 Nune
1659 4054 1807 4108 enim
1827 4068 1954 4109 cum
1986 4061 2178 4124 gentes
2208 4054 2262 4106 in
2303 4053 2480 4108 media
2513 4054 2638 4109 luce
2663 4062 2882 4109 aetatem
2915 4053 3138 4124 degant,
3175 4052 3341 4109 Israel
3374 4066 3630 4111 versatur

352 4138 406 4190 in
439 4139 706 4198 tenebris.
743 4149 797 4191 et
830 4146 1099 4208 tanquam
1130 4140 1259 4194 caeci
1294 4155 1517 4193 murum
1547 4143 1792 4210 palpant,
1828 4142 2004 4210 legem
2027 4143 2166 4214 ipsis
2198 4143 2479 4208 traditam,
2509 4144 2664 4213 juxta
2687 4142 2881 4199 lsaiam
2912 4146 2928 4175 ⁷
2959 4162 2972 4198 :
3007 4159 3074 4199 eo
3103 4145 3248 4214 quod
3274 4147 3414 4202 lucis
3444 4148 3626 4202 radios

349 4227 560 4281 Christi
584 4227 923 4296 cegnitionis
955 4227 1170 4281 nollent
1210 4229 1527 4291 admittere,
1556 4239 1610 4283 et
1646 4245 1770 4284 cum
1794 4231 1997 4285 Davide
2025 4232 2222 4287 dicere
2256 4250 2266 4282 ε
2313 4250 2332 4284 ι
2378 4232 2580 4286 Revela
2616 4233 2749 4287 mihi
2776 4234 2969 4287 oculos
3003 4242 3145 4299 tuos,
3181 4236 3643 4290 etconsiderabo.

348 4316 627 4368 mirabilia
662 4315 730 4370 de
759 4317 878 4386 lege
923 4324 1019 4370 tua
1051 4315 1093 4370 ⁸.
1136 4335 1154 4368 ι
1189 4315 1542 4386 Quapropter
1572 4318 1741 4373 infert
1775 4337 1787 4372 ;
1825 4338 1847 4371 ι
1891 4318 2118 4374 Advena
2149 4320 2243 4389 qni
2281 4319 2425 4389 apud
2465 4331 2516 4374 te
2551 4329 2643 4389 est
2676 4335 2842 4390 supra
2891 4330 2943 4376 te
2975 4322 3241 4378 ascendet
3276 4324 3528 4389 subinde,
3572 4338 3626 4378 tu

348 4419 482 4456 vero
505 4403 745 4458 subinde
775 4403 1108 4469 descendes.
1149 4423 1166 4454 ι
1193 4405 1262 4459 de
1290 4404 1547 4474 gentibus
1575 4406 1828 4475 loquens.

420 4491 588 4564 [‘59
615 4496 685 4546 Et
735 4495 969 4562 imponet
1016 4494 1112 4546 tibi
1154 4509 1371 4548 nervum
1427 4493 1681 4562 (enecuit.
1718 4493 1860 4568 [48.]
1892 4494 1965 4551 De
1998 4500 2152 4567 gravi
2191 4501 2462 4555 servitute
2513 4501 2778 4570 loquitur.
2807 4503 2883 4556 Ae
2929 4502 3161 4571 proinde
3197 4503 3404 4557 ferreos
3434 4505 3627 4556 maluit

345 4596 554 4650 ponere
576 4597 741 4650 quam
774 4583 1005 4651 ligneos.
1045 4582 1246 4637 Beatus
1268 4597 1492 4652 quoque
1524 4581 1806 4639 Jeremias
1863 4585 1936 4639 ob
1970 4589 2020 4639 id
2061 4587 2345 4656 imponere
2380 4590 2487 4643 sibi
2526 4589 2798 4662 praecipit,
2829 4599 2888 4644 ut
2949 4592 3286 4660 captititatis
3316 4595 3625 4647 molestiam

347 4670 458 4723 illis
496 4669 797 4736 significet.
838 4669 914 4724 De
942 4685 1051 4740 qua
1085 4686 1234 4725 nunc
1269 4670 1628 4732 vaticinatur,
1662 4680 1716 4726 et
1746 4672 1966 4741 inquit:
2006 4693 2023 4724 ι
2049 4676 2295 4731 Adducet
2329 4692 2496 4747 super
2529 4686 2580 4732 te
2617 4688 2834 4748 gentem
2868 4694 2899 4733 e
2932 4679 3236 4750 longinquo
3274 4681 3316 4734 ’.
3359 4698 3376 4732 ι
3415 4679 3632 4746 Quibus

346 4757 533 4811 verbis
559 4753 829 4812 Jeremias
882 4769 938 4812 et
993 4758 1276 4828 propheta:
1330 4759 1420 4812 alii
1481 4759 1741 4829 Assyrios
1793 4760 2233 4832 Babyloniosque
2283 4765 2603 4820 innuerunt:
2633 4765 2880 4832 Quorum
2935 4768 3176 4822 hostium
3239 4769 3628 4838 pernicitatem

345 4855 513 4914 atque
539 4845 687 4900 vires
712 4845 901 4900 volatu
928 4847 1130 4916 aquilae
1155 4846 1508 4901 adumbravit
1533 4847 1766 4918 Moyses.
1795 4848 2199 4918 lmpudentiam
2230 4868 2359 4907 vero
2398 4851 2536 4907 faeie
2561 4870 2682 4922 quae
2711 4855 2846 4909 nulli
2872 4857 3016 4909 aetati
3051 4864 3264 4924 parcat.
3285 4856 3625 4921 Quinetiam,

349 4953 367 4982 ι
414 4933 730 5002 Devorabit,
763 4935 966 5006 inquit,
1005 4935 1151 4991 fetus
1185 4936 1326 4991 uteri
1356 4936 1455 4991 tui.
1494 4954 1511 4988 ι
1545 4937 1702 5001 Quod
1738 4937 1791 4992 in
1822 4936 2060 4994 Threnis
2101 4939 2371 4997 Jcremias
2421 4942 2793 5008 lamentatur,
2826 4955 2880 4999 et
2917 4961 2945 4998 a
2969 4943 3233 5000 Romanis
3267 4946 3469 5001 factum
3502 4961 3626 5001 csso:

341 5023 621 5093 Jnsteplllts
650 5027 977 5079 narratione
1011 5041 1109 5081 sua
1160 5026 1430 5096 prodidit.

421 5110 602 5166 Mollis
633 5114 684 5166 in
710 5122 756 5168 te
774 5125 819 5167 et
858 5113 1142 5168 delicatus.
1179 5114 1235 5186 [ὅ
1251 5115 1322 5187 L]
1348 5113 1452 5181 Qui
1475 5115 1688 5171 deliciis
1714 5126 1795 5171 est
1821 5125 2094 5180 assuetus,
2139 5119 2336 5190 inquit,
2369 5120 2436 5175 ad
2471 5122 2653 5176 cibum
2685 5122 2754 5176 ab
2789 5126 2938 5178 omni
2977 5123 3319 5179 humanitate
3390 5125 3628 5180 alienum

344 5203 568 5254 redibit.
624 5201 736 5257 Nec
810 5204 1030 5257 animus
1097 5204 1407 5274 quidquam
1437 5203 1504 5259 de
1551 5204 1653 5258 hoc
1698 5205 1909 5259 intimis
1944 5207 2060 5261 suis
2105 5207 2399 5279 decerpere
2440 5214 2745 5281 permittet.
2796 5213 2898 5279 Qui
2929 5215 3076 5269 enim
3110 5214 3413 5269 liberorum
3459 5231 3627 5268 unum

348 5291 700 5357 "iactaverit,
727 5308 834 5345 non
861 5291 1043 5358 fratri,
1077 5307 1188 5345 non
1226 5293 1410 5353 uxori,
1443 5308 1551 5346 non
1598 5293 1784 5347 liberis
1824 5293 1951 5347 aliis
1985 5295 2284 5364 impertict.
2923 5305 2928 5308 ‘

413 5447 460 5479 θ’
502 5445 539 5522 l_|
571 5446 701 5522 Cor2
742 5462 778 5522 l_,
816 5446 903 5510 19,
937 5446 1026 5502 20.
1102 5446 1470 5522 _‘_Co_loss._‘n,
1511 5449 1563 5503 ὅ.
1642 5450 1660 5479 ⁹
1695 5447 1838 5522 Psal.
1885 5465 2098 5514 vasiv,

1955 5467 2106 5514 xxiv,
2139 5452 2223 5504 l5.
2303 5453 2322 5483 ³
2359 5453 2500 5506 Psal.
2547 5471 2692 5516 ιιι-ι,
2728 5457 2775 5510 5.
2859 5457 2877 5488 ⁸
2912 5456 3058 5512 Psal.
3096 5474 3186 5522 xx,
3228 5459 3310 5514 l5.
3386 5459 3409 5491 ⁸
3441 5450 3633 5515 Matth.

341 5531 469 5582 xm,
506 5519 604 5574 20.
681 5517 702 5548 ⁸
743 5518 913 5572 Amos
944 5533 1060 5583 \un,
1099 5518 1181 5579 ll,
1222 5518 1307 5573 l2.
1385 5520 1402 5550 τ
1435 5521 1537 5573 lsa.
1581 5536 1690 5586 Lux,
1730 5520 1814 5573 10.
1894 5524 1914 5551 ⁸⁸
1954 5521 2019 5575 Ps

1303 5559 1307 5572 .
1385 5520 1402 5550 τ
1435 5521 1537 5573 lsa.
1581 5536 1690 5586 Lis,
1730 5520 1814 5573 10.
1894 5524 1914 5551 ⁸⁸
1954 5521 2095 5575 Psal.
2123 5539 2314 5587 cunt,
2355 5525 2436 5578 l8.
2514 5529 2532 5558 ⁹
2564 5526 2763 5582 .Ieretn.
2807 5547 2854 5593 ν,
2903 5531 2988 5584 l3.

1867 5616 2103 5675 ΝΟΤΑΞ.

417 5713 494 5800 (1)
519 5713 740 5800 ΔΔωτοῦς
761 5710 870 5782 γὰρ
903 5713 1242 5800 κατέστησεν
1297 5713 1562 5800 ἄρχοντας
1610 5715 1700 5766 ἔπι
1755 5715 1931 5767 πᾶσαν
1971 5715 2068 5785 τὴν
2094 5717 2214 5788 γῆν,
2240 5717 2300 5772 Οἳ
2337 5721 2426 5772 καί
2465 5738 2652 5788 eun.
2693 5721 2951 5788 ὑτέταξε,
2988 5739 3068 5776 κ’..
3113 5719 3174 5776 '0
3203 5723 3324 5777 αὐτ,
3357 5723 3488 5777 κρῖ-δ,

411 5785 905 5854 (ἓβιαφεςὸντως.
940 5783 1000 5836 ὐ
1034 5784 1132 5854 τῆς
1167 5785 1301 5851 AW.
1331 5783 1460 5838 suos.
