4266 6446
715 319 820 382 941

2061 334 2414 396 PROCOI’II
2450 338 2689 398 αλλ-ιιι

3872 347 3979 413 9όὸ

789 423 1016 479 Ιιῒιηοισα
1060 429 1177 498 (seu
1236 428 1536 497 inopinata)
1602 436 1814 492 verbera
1864 440 2070 509 iri/liget
2111 441 2288 495 Domi-

2468 448 2576 498 Καὶ
2604 446 3015 513 παραδοεάσει
3053 449 3271 518 Κύριος
3311 451 3417 517 τὰς
3463 453 3702 522 πληγάς
3740 471 3875 509 σου.
3905 460 3972 508 Ἣ

712 532 833 568 rtus.
872 517 1011 590 £59.]
1040 518 1137 575 γει
1182 532 1447 579 consueta
1508 527 1797 585 intendens
1862 532 1943 587 vel
1969 547 2106 588 nova
2132 549 2292 588 exco-

708 614 903 679 gitatls.

2400 534 2497 597 τὶς
2533 537 2809 605 συνήθεις,
2851 538 3120 609 [τουτέστι
3150 539 3412 613 πληγὰς,]
3444 545 3751 610 ἐπιτείνων,
3786 546 3822 616 ἢ
3860 564 3978 599 και-

2398 627 2516 679 νοτέ
2524 645 2623 696 ρας
2650 628 2902 682 ἐπινοῶν.

787 723 854 777 Et
876 727 1254 819 pendebit-rita
1281 740 1373 819 tua
1407 746 1531 789 ante
1562 740 1744 793 oculos
1774 751 1915 795 tuos.
1959 741 2100 816 [66.]
2129 743 2241 797 "oc
2270 750 2375 805 est,
2412 744 2467 797 itt
2499 744 2669 796 dubio
2698 752 2752 797 et
2786 743 3045 800 interitus
3078 747 3322 813 perieulo
3347 757 3465 803 erat
3509 748 3584 811 ei,
3608 750 3701 819 qtti
3740 760 3971 805 mortem

708 818 833 907 ante
860 814 1022 880 pedes
1045 814 1521 907 videbit.Traduei
1556 836 1739 879 autetn
1778 828 1828 880 itt
1858 814 2146 884 Christum
2177 846 2399 901 quoque
2432 834 2629 901 possit,
2670 833 2763 901 qui
2797 832 2932 885 dicit
2971 850 2983 886 :
3023 852 3039 884 ι
3079 832 3192 904 Ego
3221 850 3342 889 sunt
3371 837 3480 889 vita
3503 838 3567 901 '°,
3602 814 3815 907 t-qucttt
3847 855 3972 894 cum

707 913 738 951 c
771 900 920 967 ligno
957 905 1196 969 pendere
1224 909 1496 973 viderent,
1531 912 1633 967 fide
1665 931 1775 969 non
1811 928 2172 987 exceperunt.

882 991 1092 1087 reducet
1118 1002 1175 1087 te
1206 995 1461 1087 Dominus
1496 1000 1549 1050 in
1597 999 1892 1072 Afgyptum
1952 1008 2175 1061 naribus
2197 1022 2288 1075 per
2339 1008 2441 1060 iter
2462 1007 2600 1076 quod
2640 1007 2881 1059 tibidixi
2911 1023 2929 1061 :
2962 1006 3083 1060 Non
3126 1009 3323 1063 ridebis
3356 1013 3527 1078 ipsum
3566 1014 3822 1079 amplius,
3858 1020 3967 1067 etc.

708 1072 851 1145 υἷε-1
884 1076 999 1129 Non
1038 1080 1252 1133 reduxit
1312 1084 1451 1151 ipse,
1480 1101 1670 1141 verum
1706 1092 2002 1146 redeuntes
2033 1109 2140 1147 non
2182 1072 2485 1162 prohibuit.
2528 1094 2874 1158 Argunteuto
2919 1092 3052 1146 illud
3085 1103 3193 1156 est,
3228 1097 3295 1147 de
3319 1072 3431 1163 quo
3452 1098 3550 1149 tibi
3584 1072 3693 1150 disi
3731 1117 3743 1151 :
3784 1072 3820 1148 t'
3851 1099 3969 1151 Νοιι

706 1163 921 1216 νίιΙοοὺὶε
954 1166 1130 1233 ipsum
1160 1172 1419 1236 autp‘ius.
1463 1190 1481 1222 ι
1513 1174 1650 1226 Cum
1686 1176 1835 1230 euiut
1869 1180 2074 1231 reditio
2098 1180 2189 1232 illa
2217 1180 2333 1232 vitii
2365 1180 2485 1231 loco
2543 1186 2811 1239 vertatur,
2851 1180 3127 1246 quomodo
3186 1182 3305 1248 ipse
3347 1192 3545 1236 auctor
3580 1184 3825 1238 fuisset?
3859 1185 3972 1238 Sun

707 1268 716 1301 :
744 1256 872 1302 τιιιιι·
902 1262 1073 1307 marte
1099 1260 1305 1308 reversi
1335 1269 1492 1322 sunt;
1524 1277 1673 1315 nunc
1698 1264 1919 1331 quideut
1946 1266 2013 1319 :tb
2040 1267 2173 1334 ipsis
2201 1268 2463 1319 auxilium
2498 1276 2693 1319 contra
2722 1267 2977 1337 Assyrios
3010 1269 3263 1335 petitum,
3284 1286 3431 1323 nunc
3460 1286 3592 1324 vero
3619 1288 3647 1324 a
3679 1271 3974 1326 Nechaone

711 1339 1014 1400 :".at'anne,
1048 1350 1101 1393 et
1132 1343 1253 1395 aliis
1278 1342 1552 1413 (Egyptiis
1585 1350 1807 1412 regibus
1836 1353 2035 1419 captivi
2072 1353 2293 1406 abducti
2325 1370 2338 1416 ;
2378 1354 2484 1406 sibi
2512 1355 2649 1423 ipsis
2689 1356 3107 1410 consciscentes
3154 1358 3321 1409 mala.
3357 1357 3707 1428 Quapropter
3747 1373 3974 1414 accusat

739 1441 798 1475 ns
827 1441 921 1494 per
956 1429 1279 1496 prophetam
1308 1430 1451 1485 Deus
1483 1452 1495 1485 :
1535 1450 1553 1481 ι
1588 1434 1690 1494 Qui
1756 1435 2126 1501 descendunt,
2164 1440 2443 1507 inquiens,
2506 1442 2764 1503 navibus,
2792 1442 2847 1494 in
2873 1440 3194 1512 Egylttunt,
3237 1452 3294 1497 ttt
3327 1447 3593 1499 auxilium
3623 1462 3651 1499 a
3688 1447 3975 1500 Pharaone

704 1515 925 1583 .-'t-'gyptt
956 1530 1079 1581 rege
1113 1529 1553 1585 consequantur.
1627 1521 1711 1574 Me
1758 1540 1886 1577 vero
1944 1525 2012 1579 de
2045 1541 2110 1579 ea
2142 1542 2200 1580 re
2226 1543 2511 1596 nunquam
2540 1529 2863 1581 salutaruut
2889 1530 2953 1583 “.
2996 1546 3015 1579 ι
3053 1529 3115 1581 Et
3166 1531 3366 1584 iterum
3402 1547 3416 1584 :
3456 1551 3474 1582 ε
3529 1532 3671 1594 Ouid
3710 1535 3808 1588 tibi
3844 1549 3973 1588 cum

701 1602 937 1670 --!-f~.~ypio
971 1612 1026 1654 ιιι
1056 1604 1273 1657 b.bcres
1306 1622 1500 1671 aquam
1525 1608 1674 1664 Geon
1704 1612 1781 1664 "?
1807 1632 1824 1662 ι
1850 1612 2132 1681 Ejusmodi
2170 1615 2304 1667 illud
2326 1629 2544 1683 quoque
2568 1624 2652 1669 est
2682 1616 2824 1683 quod
2850 1616 3236 1687 subjuttgitur:
3261 1636 3279 1668 ι
3308 1618 3370 1671 Et
3402 1621 3679 1674 nottdedit
3705 1620 3974 1675 Dominus

705 1690 847 1743 EL-us
878 1691 1031 1748 vobis
1055 1708 1149 1745 cor
1168 1693 1232 1745 ad
1261 1693 1695 1761 intclligcndmn,
1720 1715 1841 1753 nee“
1859 1702 2050 1755 oculos
2070 1701 2139 1754 ad
2170 1701 2483 1765 videndum,
2511 1718 2609 1755 nec
2627 1718 2792 1756 aures
2812 1703 2877 1757 ad
2911 1704 3242 1758 audiendum
3267 1720 3446 1775 usque
3464 1707 3516 1759 in
3534 1708 3677 1761 diem
3707 1707 3852 1762 hunc
3874 1705 3971 1763 ".-

701 1780 814 1831 tlur
850 1783 998 1835 enim
1030 1784 1140 1837 illis
1194 1784 1286 1849 qui
1315 1787 1566 1853 accipere
1593 1788 1863 1857 designati
1892 1789 2110 1844 fuerant
2161 1799 2215 1843 et
2264 1806 2328 1843 ex
2356 1792 2630 1845 destinata
2697 1793 2908 1847 malitia
2950 1796 3184 1848 aversati
3230 1795 3607 1865 Aprwbuisset?
3640 1795 3718 1849 Ac
3775 1795 3979 1849 talibus

701 1867 924 1933 quidem
958 1871 1160 1923 dicitur
1198 1870 1339 1925 Deus
1372 1873 1506 1925 nihil
1539 1873 1695 1929 dare.
1738 1875 2220 1941 Quemadmodum
2256 1878 2361 1932 dux
2396 1880 2701 1933 exercitum
2754 1882 2970 1936 tradere
3027 1882 3253 1946 dicitur,
3303 1883 3527 1952 quando
3562 1885 3980 1953 ingravescente

697 1958 809 2028 jam
836 1960 1123 2024 conﬂictu,
1156 1978 1220 2017 eo
1259 1964 1525 2018 derelicto
1549 1982 1613 2020 se
1647 1968 1961 2029 abduxerit,
2005 1969 2108 2023 hoc
2136 1972 2257 2039 ipso
2289 1969 2435 2037 quod
2473 1982 2575 2020 suo
2627 1968 2831 2021 auxilio
2863 1968 3117 2023 destituit
3152 1969 3425 2026 videlicet.
3462 1970 3655 2025 Simile
3687 1971 3820 2025 illttd
3860 1978 3975 2026 est:

708 2068 726 2099 ι
765 2047 1017 2103 Tradidit
1046 2067 1143 2106 eos
1186 2053 1507 2121 ignominia:
1538 2071 1728 2120 casus,
1759 2068 1811 2112 et
1845 2058 2031 2112 cordis
2072 2059 2158 2113 sui
2199 2058 2571 2126 appetitiones
2612 2057 2677 2111 “.
2718 2075 2732 2106 ι
2767 2054 2825 2109 Si
2872 2058 3045 2126 igitur
3077 2074 3325 2128 prtescns
3370 2075 3592 2129 quoque
3624 2060 3830 2113 dictum
3869 2076 3979 2112 non

700 2138 892 2191 cedent
930 2140 1094 2192 modo
1141 2141 1506 2210 intelligatur,
1570 2145 1916 2200 contrarium
1969 2146 2074 2199 erit
2110 2146 2159 2200 ei
2193 2146 2336 2215 quod
2371 2145 2651 2213 praecedit.
2697 2143 2917 2198 Dixerat
2950 2146 3098 2198 enim
3134 2160 3147 2196 :
3189 2164 3206 2196 ι
3244 2143 3357 2199 Vos
3390 2146 3611 2201 vidistis
3638 2148 3822 2198 omnia
3857 2160 3983 2213 qua:

702 2222 831 2277 fecit
876 2224 1163 2281 Dominus.
1204 2248 1220 2278 ι
1259 2229 1545 2294 Quomodo
1606 2233 1777 2303 igitur
1829 2234 2025 2288 oculos
2089 2234 2197 2286 illis
2226 2232 2292 2286 ad
2328 2231 2621 2288 videndum
2677 2247 2785 2285 non
2835 2231 3160 2285 dedit?Aut
3188 2233 3451 2302 qualibus
3474 2232 3985 2287 videruntoculis‘l

706 2323 799 2367 aut
836 2318 1113 2384 quomodo
1143 2319 1425 2383 viderunt,
1459 2321 1507 2374 si
1546 2321 1657 2375 Deo
1682 2323 1840 2377 aliter
1875 2322 1977 2376 fuit
2011 2324 2189 2377 visunt
2216 2322 2238 2375 ?
2270 2322 2472 2376 Verum
2508 2321 2812 2375 sensilibus
2835 2321 3059 2390 quidem
3100 2322 3361 2376 viderunt
3393 2323 3594 2387 oculis,
3624 2324 3819 2375 nzetttis
3848 2333 3979 2375 vere

694 2400 911 2458 visione
936 2406 1149 2475 seipsos
1180 2410 1487 2476 privavere,
1526 2411 1747 2479 pietatis
1776 2412 2146 2479 cognitionem
2177 2411 2354 2480 cujus-
2372 2410 2717 2463 adminiculo
2752 2409 3001 2479 prodigia
3036 2410 3289 2465 viderant
3334 2412 3713 2480 repudiantcs,
3751 2423 3985 2463 eorum-

697 2514 809 2567 que
838 2513 1119 2556 auetorem
1146 2520 1255 2557 non
1291 2516 1677 2572 agnoscentes.
1726 2506 2153 2577 Quapmpterut
2180 2522 2279 2561 eos
2314 2505 2595 2561 cautiores
2627 2503 2902 2565 redderet.
2946 2506 3195 2575 ipsorqu
3240 2506 3643 2562 beneﬁciorum
3673 2522 3735 2560 ac
3786 2506 3974 2574 signo-

699 2604 822 2643 rum
861 2593 1179 2646 memoriam
1204 2609 1587 2661 saspettumero
1614 2596 1856 2650 refricat.
1895 2596 2195 2651 Denuntiat
2220 2611 2445 2665 quoque
2479 2592 2719 2647 radicem
2753 2594 3078 2650 acerbitatis
3109 2610 3174 2649 ex
3209 2595 3410 2662 seipsis
3437 2595 3782 2649 evellendam
3816 2607 3973 2655 esse,

695 2676 850 2747 juxta
883 2679 1015 2733 illud
1046 2699 1057 2733 :
1095 2700 1112 2731 ι
1158 2681 1473 2751 Expurgate
1505 2693 1664 2739 vetus
1692 2685 2027 2738 fermentum
2062 2692 2119 2737 ttt
2153 2685 2274 2738 sitis
2303 2698 2442 2736 nova
2473 2681 2797 2751 conspersio
2825 2682 2890 2734 ”.
2935 2701 2954 2734 ι
2982 2680 3036 2735 Si
3072 2698 3202 2736 vero
3235 2682 3363 2748 quis
3392 2680 3636 2750 perﬁdus
3666 2690 3750 2733 est
3783 2695 3811 2731 a
3844 2694 3980 2731 con-

699 2770 875 2821 sortio
904 2779 1084 2822 vestro
1104 2782 1418 2836 separetur,
1455 2773 1660 2841 inquit.
1693 2788 1759 2826 ne
1782 2781 2015 2826 sanctus
2046 2773 2249 2841 aliquis
2277 2786 2467 2826 secum
2494 2771 2704 2834 volvat,
2741 2770 2794 2823 itt
2826 2773 3191 2840 perversitate
3226 2770 3413 2825 cordis
3448 2770 3552 2825 mei
3613 2784 3713 2840 ego
3760 2782 3985 2836 quoque

699 2853 969 2920 incedam,
1032 2872 1095 2911 ac
1141 2856 1311 2911 simul
1387 2873 1416 2912 a
1470 2860 1714 2929 peccatis
1764 2874 2001 2914 vacuum
2027 2860 2193 2916 etiam
2248 2858 2481 2932 perdat:
2519 2875 2539 2910 ι
2589 2855 2881 2913 Paululum
2915 2858 3064 2913 enint
3108 2858 3365 2915 fermenti
3404 2866 3577 2912 totam
3615 2871 3859 2912 massam
3888 2856 3983 2908 in-

700 2943 813 2999 licit
847 2945 913 2999 ¹⁶.
949 2965 965 2996 ι

770 3059 836 3113 Et
865 3060 1002 3113 dicet
1036 3063 1309 3130 generatio
1373 3064 1639 3139 posterior
1697 3064 1801 3132 ﬁlii
1852 3080 2035 3118 eorum
2076 3066 2167 3135 qui
2216 3064 2528 3118 exorientur
2556 3080 2622 3119 ex
2665 3065 2832 3133 vobis,
2857 3073 2907 3119 et
2934 3064 3142 3119 alienus
3170 3064 3261 3133 qui
3286 3065 3452 3118 veniet
3475 3063 3541 3117 de
3576 3073 3724 3116 terra
3748 3070 3982 3116 remota.

697 3148 921 3222 LXXIX,
954 3148 1073 3220 22.]
1108 3149 1537 3205 Generatiouent
1566 3152 1795 3206 alteram
1825 3165 2033 3208 emtum
2073 3169 2138 3209 ex
2169 3155 2426 3223 gentibus
2461 3155 2753 3211 collectum
2786 3162 2966 3209 vocat.
2994 3152 3478 3220 Quemadmodum
3526 3152 3695 3206 David
3722 3166 3982 3221 quoque:

703 3260 721 3288 ε
761 3236 1049 3305 Divulgate
1107 3237 1160 3290 itt
1210 3238 1627 3307 generationem
1665 3238 1917 3304 alteram,
1955 3240 2103 3309 quod
2145 3241 2259 3310 ipse
2301 3240 2442 3297 Deus
2479 3251 2662 3297 vester
2722 3251 2808 3298 est
2848 3243 2912 3295 "’.
2950 3262 2967 3294 ι
3002 3244 3068 3297 Et
3126 3243 3328 3296 iterum
3362 3259 3377 3295 :
3425 3259 3443 3292 ι
3484 3240 3732 3310 Papulus
3763 3254 3987 3309 quoque

696 3325 1010 3397 acquisitus
1038 3323 1282 3378 laudabit
1307 3324 1601 3378 Dominum
1637 3324 1698 3378 “.
1750 3346 1767 3377 ι
1802 3325 1968 3397 aco
2001 3327 2063 3381 Et
2088 3328 2323 3383 iterum:
2355 3347 2373 3381 ι
2414 3331 2819 3386 Accensebitur
2852 3332 2901 3385 ci
2935 3330 3219 3401 generatio
3244 3338 3502 3391 ventura,
3532 3337 3587 3382 et
3610 3329 3986 3383 enuntiabunt

690 3412 968 3485 justitiam
1000 3412 1122 3482 ejus
1166 3412 1367 3483 popqu
1398 3412 1685 3467 nascituro
1717 3414 1778 3467 ιθ.
1824 3434 1842 3466 ι
1874 3414 2048 3479 Quem
2106 3415 2375 3472 Dominus
2430 3415 2581 3472 fecit.
2614 3420 2681 3471 At
2734 3432 2856 3486 qua:
2900 3418 3017 3471 hate
3052 3417 3334 3486 generatio
3374 3433 3470 3470 seu
3515 3416 3605 3470 hic
3652 3416 3891 3487 populus
3914 3416 3988 3469 sit

692 3504 907 3575 Moyses
935 3503 1247 3572 subiunxit,
1284 3501 1477 3557 dicens
1510 3519 1521 3552 :
1559 3520 1577 3552 ι
1608 3504 1684 3557 Ac
1710 3502 1895 3557 dicent
1926 3518 2120 3559 omnes
2154 3515 2372 3575 gentes:
2399 3504 2581 3571 Quare
2615 3505 2697 3561 sic
2731 3503 2858 3559 fecit
2903 3502 3174 3558 Dominus
3202 3513 3365 3559 terra:
3394 3504 3568 3558 huic?

762 3636 993 3692 Terram
1050 3653 1181 3691 vero
1246 3653 1354 3690 ttmt
1404 3637 1666 3691 scnsilem
1706 3640 1998 3707 concipere
2040 3646 2281 3707 oportet.

2461 3638 2569 3705 Γῆν
2597 3637 2659 3689 οὐ
2690 3637 2790 3707 τὴν
2852 3635 3122 3707 αἰσθητήν
3143 3652 3156 3664 ·
3188 3634 3377 3708 [ἑτέρα
3406 3636 3516 3707 γὰρ
3557 3637 3656 3706 οὐχ
3700 3638 3989 3709 ἱστόρηται

691 3730 769 3785 De
810 3730 960 3783 nulla
992 3730 1197 3783 etenim
1236 3738 1378 3782 terra
1428 3737 1628 3798 praeter
1686 3728 2052 3783 Sodomorum
2086 3737 2142 3782 et
2180 3728 2289 3782 Go-

694 3824 935 3877 tnorrhm
960 3822 1106 3892 quod
1146 3823 1285 3875 mala
1344 3821 1489 3891 ignis
1530 3831 1585 3875 et
1648 3821 1782 3875 salis
1824 3821 1898 3874 sit
1939 3836 2199 3891 perpessa
2233 3822 2288 3875 itt

691 3916 947 3972 historiis
974 3924 1181 3971 exstat.
1228 3914 1302 3969 De
1334 3930 1397 3969 ea
1435 3931 1565 3970 vero
1595 3930 1717 3984 qua:
1751 3930 1848 3984 per
1886 3916 2119 3981 ﬁgurant
2147 3915 2288 3968 diei-

690 4020 803 4075 tur,
842 4026 965 4081 quze
992 4026 1119 4064 euttt
1178 4010 1312 4062 olim
1347 4018 1495 4065 esset
1526 4008 1729 4064 fertilis
1771 4011 1822 4063 in
1860 4010 2031 4065 salt-tn
2067 4020 2289 4078 propter

689 4102 1005 4159 incolarum
1074 4103 1490 4172 improbitatem
1557 4102 1781 4156 redacta
1827 4101 1895 4164 ",
1945 4117 2007 4154 ac
2041 4103 2166 4169 igne
2202 4117 2291 4156 as-

689 4208 909 4266 sumpta
952 4195 1074 4250 fuit.
1108 4196 1249 4249 Nam
1290 4196 1528 4251 nubibus
1575 4193 1856 4247 mandavit
1903 4191 2191 4259 Dominus,
2224 4208 2289 4247 ne

686 4291 877 4360 pluvia
905 4289 1211 4357 irrigarent
1276 4303 1396 4341 eam
1428 4288 1502 4344 ".
1530 4286 1705 4351 Quam
1756 4285 1985 4354 spiritus
2016 4285 2144 4339 item
2181 4286 2289 4338 iut-

686 4380 927 4435 mundus
944 4391 1136 4450 utpote
1162 4380 1375 4432 aridam
1397 4387 1449 4433 et
1474 4394 1502 4432 a
1531 4378 1637 4432 Deo
1657 4377 1933 4431 desertam
1952 4384 2197 4447 permeat
2219 4376 2286 4429 ".

684 4477 817 4543 Quae
847 4476 1070 4546 quidem
1101 4490 1200 4529 nee
1247 4482 1487 4535 seretur.
1531 4487 1712 4541 neque
1744 4470 2290 4542 gerntit‘tabit,quan-

685 4569 894 4622 tumvis
951 4568 1135 4623 virens
1196 4578 1291 4622 aut
1348 4584 1543 4623 recens
1607 4583 1832 4638 germen
1875 4567 2081 4637 politiae
2122 4582 2291 4621 evan-

690 4663 879 4726 gelica:
917 4663 970 4715 in
1002 4678 1123 4716 cant
1185 4663 1459 4726 mittatur,
1505 4661 1827 4716 volatilibus
1861 4660 1986 4715 cmli
2034 4675 2098 4715 ea
2132 4658 2292 4714 abri-

690 4756 969 4826 I'EClllibtlS
1007 4757 1071 4811 ⁸³.

763 4846 880 4902 Erit
907 4865 1039 4904 vero
1069 4848 1217 4903 sicut
1251 4848 1491 4903 Sodoma
1539 4856 1594 4903 et
1638 4846 1971 4911 Gomorrha,
2009 4846 2121 4899 into
2158 4858 2292 4900 vero

683 4944 886 4998 melius
922 4942 1207 4996 habebunt
1235 4942 1354 4996 ist:e
1379 4941 1431 4995 itt
1462 4942 1551 4996 die
1572 4940 1769 5011 iudicii
1802 4955 1967 5010 quam
1992 4949 2137 4993 terra
2162 4938 2288 4993 ista.

2395 3730 2488 3801 γῆ,
2523 3730 2664 3800 πλὴν
2689 3730 2939 3800 Σοδόμων
2987 3729 3080 3783 καὶ
3114 3730 3404 3801 Γομόρρας
3450 3730 3521 3783 τὰ
3563 3729 3661 3783 τοῦ
3688 3731 3866 3801 πυρὸς
3894 3733 3992 3782 καὶ

2392 3823 2501 3875 τῶν
2530 3822 2675 3876 ἁλῶν
2735 3822 3078 3892 ὑπομείνασα
3118 3820 3330 3893 πάθη·]
3372 3820 3507 3875 ἀλλὰ
3566 3821 3666 3891 τὴν
3709 3822 3994 3892 τροπικῶς

2395 3917 2703 3987 λεγομένην
2728 3916 2868 3986 γῆν*
2919 3916 3043 3986 ἣτις
3077 3916 3170 3968 καὶ
3208 3915 3379 3969 πάλαι
3422 3915 3773 3985 καρποφόρος
3811 3914 3991 3984 ὐπάρο

2393 4027 2588 4081 χουσα,
2625 4008 2979 4079 μετεστράφη
3012 4009 3092 4069 εἰς
3132 4008 3316 4079 ἅλμην
3354 4008 3464 4060 ἀπὸ
3494 4007 3696 4069 κακίας
3723 4006 3832 4059 τῶν
3860 4008 3996 4059 ενοι-

2394 4103 2635 4157 κούντων
2651 4105 2708 4155 ἐν
2738 4104 2899 4173 αὐτῇ,
2932 4100 3050 4173 [καὶ
3068 4101 3261 4170 γέγονε
3285 4100 3770 4170 κατακεκαυμένη,
3796 4100 3992 4170 ἐπειδὴ

2393 4199 2511 4260 ταῖς
2552 4195 2807 4265 νεφέλαις
2871 4193 3177 4248 ἐνετείλατο
3227 4194 3435 4264 Κύριος
3484 4193 3579 4246 τοῦ
3632 4193 3709 4264 μὴ
3772 4194 3992 4264 βρέχειν

2395 4289 2551 4343 ὑετὸν
2602 4288 2692 4341 ἐπ’
2745 4287 2938 4357 αὐτὴν.
2992 4285 3105 4340 Καὶ
3140 4285 3533 4356 διαπορεύεται
3578 4286 3643 4337 τὸ
3673 4285 3994 4357 ἀκάθαρτον

2394 4382 2615 4453 πνεῦμα
2654 4381 2758 4450 γῆν
2798 4379 3157 4449 ὑπάρχουσαν
3199 4378 3428 4449 ἄνυδρον
3459 4380 3553 4432 καὶ
3583 4378 3789 4448 ἔρημον
3828 4379 3991 4431 Θεοῦ.

2396 4476 2561 4537 Ἰἰτις
2583 4475 2644 4526 οὑ
2677 4474 3019 4543 σπαρήσεται
3058 4470 3181 4524 οὐδὲ
3210 4470 3487 4533 ἀνατελεῖ,
3517 4470 3622 4523 κᾶν
3651 4473 3835 4540 σπαρῇ
3862 4473 3994 4523 πᾶν

2395 4570 2604 4641 χλωρὸν
2636 4571 2693 4622 ἐν
2727 4566 2916 4640 αὐτῇ]
2942 4566 3003 4621 τὸ
3032 4566 3152 4621 νέον
3188 4566 3479 4636 βλάστημα
3496 4565 3594 4633 τῆς
3620 4564 3997 4632 εὐαγγελικῆς

2397 4663 2701 4727 πολιτείας,
2742 4662 2832 4716 διὰ
2860 4664 2957 4733 τὴν
2984 4662 3186 4714 κακίαν
3244 4661 3412 4729 αὐτῆς
3460 4658 3730 4728 δηλονότι,
3762 4659 3875 4710 τῶν
3900 4676 3997 4710 πε-

2396 4756 2591 4810 τεινῶν
2632 4755 2988 4825 ἁρπαζόντων
3010 4752 3104 4805 τὸν
3134 4752 3359 4823 σπόρον.

2469 4849 2670 4902 Ἔσται
2733 4845 2790 4899 δὲ
2837 4845 2913 4905 ὡς
2973 4843 3184 4912 Σόδομα
3236 4843 3332 4897 καὶ
3373 4842 3651 4915 Γόμορρα,
3698 4841 3908 4911 μᾶλλον
3941 4841 3998 4894 δὲ

2398 4942 2759 5011 ἀνεκτότερον
2809 4937 2964 4992 ἔσται
3010 4936 3261 5000 ταύταις,
3324 4936 3356 5006 ἢ
3407 4938 3475 5008 τῇ
3547 4937 3619 5007 γῇ
3678 4934 3889 5007 ἐκείνῃ,
3933 4934 4001 5005 ἢν

685 5036 864 5103 Quam
900 5037 1255 5107 conspiciunt
1287 5038 1377 5105 qui
1419 5036 1645 5090 interra
1680 5036 1989 5107 longinqua
2026 5031 2276 5093 veniunt,

2394 5036 2629 5107 ὁρῶντες
2662 5036 2726 5086 ὲκ
2766 5031 2867 5100 γῆς
2901 5028 3198 5101 μακρόθεν,
3228 5029 3508 5082 τουτέστιν
3534 5029 3585 5080 οἱ
3609 5026 3742 5079 ποτὲ
3777 5026 4001 5096 μακρὰν

684 5133 789 5187 hoc
812 5138 917 5194 est,
954 5130 1152 5201 pagani
1180 5129 1272 5201 qui
1314 5146 1342 5183 a
1380 5129 1489 5185 Deo
1520 5130 1680 5197 longe
1726 5129 1855 5182 olim
1895 5136 2077 5189 erant,
2107 5124 2285 5179 idolo-

682 5225 841 5281 latris
892 5222 1404 5292 contetttplantibus
1457 5220 2072 5292 percontatttilutsque,
2140 5215 2284 5287 quod

683 5320 1102 5388 deri-liquerunt
1134 5326 1529 5372 testamentum
1585 5313 1830 5378 Domini,
1867 5311 2051 5367 dicent
2080 5328 2092 5365 :
2133 5329 2150 5361 ι
2177 5308 2286 5364 Ne-

684 5428 795 5480 que
820 5410 1107 5466 distribuit
1132 5408 1281 5475 illis;
1322 5427 1339 5460 ι
1390 5406 1805 5479 Symmachus:
1854 5406 2033 5473 Neque
2094 5418 2285 5455 conre—

682 5508 862 5562 aiebat
892 5506 1022 5561 t/Iis.

1322 5667 1361 5697 ¹¹
1399 5664 1503 5721 lsa.
1546 5681 1677 5730 xxx,
1708 5661 1765 5727 ‘2;
1795 5679 1939 5723 rm.
1982 5663 2030 5716 Ι.

1482 5737 1520 5767 ’⁷
1549 5735 1696 5789 l’sal.
1768 5736 1889 5803 λειε,
1926 5736 2011 5790 i6.

1507 5810 1548 5839 ⁵³
1581 5806 1777 5861 Matth.
1805 5822 1922 5862 xm.
1953 5807 2003 5861 4.

756 5671 797 5699 ¹⁰
840 5665 999 5721 .1‹›;ιιι.
1036 5684 1149 5735 τιν,
1185 5666 1237 5720 6.

677 5755 729 5807 νΥ
769 5742 817 5792 7.
931 5741 974 5771 ¹⁸
1001 5739 1179 5794 Galal.
1223 5754 1277 5798 v,
1306 5739 1358 5791 ε).

679 5811 813 5877 v,6.
894 5813 938 5844 "
976 5811 1166 5866 Matth.
1206 5826 1301 5869 xit.
1346 5811 1424 5863 l3.

2112 5659 2152 5689 ι’
2184 5656 2586 5721 Jerem.tt,18.

2126 5729 2166 5760 "
2207 5725 2352 5783 Psal.
2382 5744 2456 5793 CI,
2496 5728 2579 5783 I9.

2398 5129 2608 5184 ἐθνικοὶ
2641 5126 2737 5181 τοῦ
2770 5126 2930 5191 Θεοῦ,
2957 5124 3141 5197 ἐροῦσι
3168 5127 3281 5187 τοῖς
3312 5122 3757 5193 εἰδωλολάτραις.
3825 5120 4000 5191 δρῶσί

2391 5241 2450 5277 τε
2499 5223 2591 5275 καὶ⁵
2622 5218 3070 5290 πυνθανομένοις,
3103 5217 3187 5270 ὅτι
3223 5217 3548 5271 κατέλειπον
3580 5214 3679 5285 τὴν
3724 5214 4001 5285 διαθήκην

2394 5316 2624 5389 Κυρίου.

3738 5641 3782 5672 ’³
3812 5641 3998 5773 ῑιίῆἒέις

3230 5647 3268 5679 ³⁸
3304 5646 3463 5703 Rom.
3498 5662 3535 5708 t,
3566 5643 3657 5700 24.

2668 5651 2711 5682 ⁸³
2738 5650 2895 5707 Deut.
2922 5668 3072 5714 χχιχ,
3094 5651 3148 5706 5.
3230 5650 3268 5679 "
3304 5650 3463 5703 Rom.
3498 5662 3535 5708 ι,
3566 5650 3657 5700 24.

2668 5724 2706 5754 ¹⁹
2740 5722 2887 5781 Psal.
2934 5741 3046 5786 ut,
3080 5723 3167 5777 52.
3247 5719 3290 5751 ¹⁰
3317 5717 3467 5776 Psal.
3503 5732 3613 5786 cvt,
3646 5713 3737 5771 55.

2663 5724 2706 5754 ⁸⁹
2740 5722 2887 5781 Psal.
2934 5741 3046 5790 ut,
3080 5723 3167 5777 52.
