  <div class='ocr_page' id='page_1' title='image "/cluster/home/n/w/nwhite01/storage/ocr_20150623/87 pt.1/nnc1.0046979824/492.png"; bbox 0 0 4266 6446; ppageno 0'>
   <div class='ocr_carea' id='block_1_1' title="bbox 328 395 433 457">
    <p class='ocr_par' dir='ltr' id='par_1_1' title="bbox 328 395 433 457">
     <span class='ocr_line' id='line_1_1' title="bbox 328 395 433 457; baseline -0.01 0"><span class='ocrx_word' id='word_1_1' title='bbox 328 395 433 457; x_wconf 70' lang='grc'><strong>949</strong></span> 
     </span>
    </p>
   </div>
   <div class='ocr_carea' id='block_1_2' title="bbox 1259 386 3592 468">
    <p class='ocr_par' dir='ltr' id='par_1_2' title="bbox 1259 386 3592 468">
     <span class='ocr_line' id='line_1_2' title="bbox 1259 386 3592 468; baseline 0.001 -7"><span class='ocrx_word' id='word_1_2' title='bbox 1259 403 1795 464; x_wconf 76' lang='lat' dir='ltr'><strong>COMMENTARII</strong></span> <span class='ocrx_word' id='word_1_3' title='bbox 1838 405 1922 464; x_wconf 85' lang='lat' dir='ltr'><strong>IN</strong></span> <span class='ocrx_word' id='word_1_4' title='bbox 1962 386 2661 468; x_wconf 60' lang='lat' dir='ltr'><strong>DEUTERONOMIUM.</strong></span> <span class='ocrx_word' id='word_1_5' title='bbox 3489 403 3592 464; x_wconf 76' lang='lat' dir='ltr'><strong>sse</strong></span> 
     </span>
    </p>
   </div>
   <div class='ocr_carea' id='block_1_3' title="bbox 409 508 3590 587">
    <p class='ocr_par' dir='ltr' id='par_1_3' title="bbox 409 508 3590 587">
     <span class='ocr_line' id='line_1_3' title="bbox 409 508 3590 587; baseline 0.001 -25"><span class='ocrx_word' id='word_1_6' title='bbox 409 509 474 562; x_wconf 75' lang='lat' dir='ltr'><strong>Et</strong></span> <span class='ocrx_word' id='word_1_7' title='bbox 503 508 657 578; x_wconf 78' lang='lat' dir='ltr'><strong>ejecit</strong></span> <span class='ocrx_word' id='word_1_8' title='bbox 695 524 781 561; x_wconf 74' lang='lat' dir='ltr'><strong>eos</strong></span> <span class='ocrx_word' id='word_1_9' title='bbox 813 509 866 560; x_wconf 81' lang='lat' dir='ltr'><strong>in</strong></span> <span class='ocrx_word' id='word_1_10' title='bbox 923 517 1117 560; x_wconf 78' lang='lat' dir='ltr'><strong>terram</strong></span> <span class='ocrx_word' id='word_1_11' title='bbox 1147 508 1335 564; x_wconf 75' lang='lat' dir='ltr'><strong>aliain.</strong></span> <span class='ocrx_word' id='word_1_12' title='bbox 1367 510 1508 582; x_wconf 76' lang='lat'><strong>[&#39;28.]</strong></span> <span class='ocrx_word' id='word_1_13' title='bbox 1541 510 1681 566; x_wconf 88' lang='lat' dir='ltr'><strong>Olim</strong></span> <span class='ocrx_word' id='word_1_14' title='bbox 1715 514 1936 582; x_wconf 85' lang='lat' dir='ltr'><strong>quidem</strong></span> <span class='ocrx_word' id='word_1_15' title='bbox 1969 523 2023 571; x_wconf 87' lang='lat' dir='ltr'><strong>et</strong></span> <span class='ocrx_word' id='word_1_16' title='bbox 2057 515 2121 568; x_wconf 93' lang='lat' dir='ltr'><strong>ad</strong></span> <span class='ocrx_word' id='word_1_17' title='bbox 2159 526 2374 587; x_wconf 79' lang='lat' dir='ltr'><strong>tempus</strong></span> <span class='ocrx_word' id='word_1_18' title='bbox 2398 517 2451 568; x_wconf 91' lang='lat' dir='ltr'><strong>in</strong></span> <span class='ocrx_word' id='word_1_19' title='bbox 2480 516 2788 585; x_wconf 66' lang='lat' dir='ltr'><strong>Assyriam,</strong></span> <span class='ocrx_word' id='word_1_20' title='bbox 2820 529 2963 565; x_wconf 85' lang='lat' dir='ltr'><strong>nun:-</strong></span> <span class='ocrx_word' id='word_1_21' title='bbox 3019 525 3151 565; x_wconf 80' lang='lat' dir='ltr'><strong>vero</strong></span> <span class='ocrx_word' id='word_1_22' title='bbox 3181 511 3233 564; x_wconf 92' lang='lat' dir='ltr'><strong>in</strong></span> <span class='ocrx_word' id='word_1_23' title='bbox 3277 511 3590 566; x_wconf 76' lang='lat' dir='ltr'><strong>universam</strong></span> 
     </span>
    </p>
   </div>
   <div class='ocr_carea' id='block_1_4' title="bbox 333 596 1105 664">
    <p class='ocr_par' dir='ltr' id='par_1_4' title="bbox 333 596 1105 664">
     <span class='ocr_line' id='line_1_4' title="bbox 333 596 1105 664; baseline -0.004 -15"><span class='ocrx_word' id='word_1_24' title='bbox 333 606 560 660; x_wconf 83' lang='lat' dir='ltr'><strong>terram,</strong></span> <span class='ocrx_word' id='word_1_25' title='bbox 603 596 770 664; x_wconf 86' lang='lat' dir='ltr'><strong>idque</strong></span> <span class='ocrx_word' id='word_1_26' title='bbox 815 605 1105 664; x_wconf 84' lang='lat' dir='ltr'><strong>perpetuo.</strong></span> 
     </span>
    </p>
   </div>
   <div class='ocr_carea' id='block_1_5' title="bbox 408 709 2093 784">
    <p class='ocr_par' dir='ltr' id='par_1_5' title="bbox 408 709 2093 782">
     <span class='ocr_line' id='line_1_5' title="bbox 408 709 2093 782; baseline 0.004 -18"><span class='ocrx_word' id='word_1_27' title='bbox 408 713 484 764; x_wconf 81' lang='grc' dir='ltr'><em>Τὰ</em></span> <span class='ocrx_word' id='word_1_28' title='bbox 512 709 747 778; x_wconf 76' lang='grc' dir='ltr'><em>κρυπτὰ</em></span> <span class='ocrx_word' id='word_1_29' title='bbox 781 713 972 777; x_wconf 75' lang='grc' dir='ltr'>Κυρίῳ</span> <span class='ocrx_word' id='word_1_30' title='bbox 1004 711 1083 775; x_wconf 88' lang='grc' dir='ltr'><strong>τῷ</strong></span> <span class='ocrx_word' id='word_1_31' title='bbox 1110 710 1232 775; x_wconf 83' lang='grc' dir='ltr'><strong>Θεῷ</strong></span> <span class='ocrx_word' id='word_1_32' title='bbox 1261 710 1443 780; x_wconf 83' lang='grc' dir='ltr'>ὑμῶν,</span> <span class='ocrx_word' id='word_1_33' title='bbox 1477 712 1512 766; x_wconf 74' lang='grc' dir='ltr'><strong>ἃ.</strong></span> <span class='ocrx_word' id='word_1_34' title='bbox 1549 713 1784 782; x_wconf 77' lang='grc' dir='ltr'>Χριστὸς</span> <span class='ocrx_word' id='word_1_35' title='bbox 1821 715 1906 768; x_wconf 81' lang='grc' dir='ltr'><strong>ὲλ-</strong></span> <span class='ocrx_word' id='word_1_36' title='bbox 1935 710 1984 767; x_wconf 80' lang='grc' dir='ltr'><strong>Α</strong></span> <span class='ocrx_word' id='word_1_37' title='bbox 2081 749 2093 772; x_wconf 75' lang='grc'><strong>.</strong></span> 
     </span>
    </p>
   </div>
   <div class='ocr_carea' id='block_1_6' title="bbox 1907 709 3592 784">
    <p class='ocr_par' dir='ltr' id='par_1_6' title="bbox 1935 710 3592 784">
     <span class='ocr_line' id='line_1_6' title="bbox 1935 710 3592 784; baseline -0.006 -11"><span class='ocrx_word' id='word_1_38' title='bbox 1935 710 1984 767; x_wconf 80' lang='grc' dir='ltr'><strong>Α</strong></span> <span class='ocrx_word' id='word_1_39' title='bbox 2081 719 2403 772; x_wconf 77' lang='lat' dir='ltr'><strong>Abacondita</strong></span> <span class='ocrx_word' id='word_1_40' title='bbox 2437 716 2661 770; x_wconf 80' lang='lat' dir='ltr'><strong>Domino</strong></span> <span class='ocrx_word' id='word_1_41' title='bbox 2723 714 2832 769; x_wconf 82' lang='lat' dir='ltr'><strong>Deo</strong></span> <span class='ocrx_word' id='word_1_42' title='bbox 2867 726 3071 772; x_wconf 79' lang='lat' dir='ltr'><strong>nostra.</strong></span> <span class='ocrx_word' id='word_1_43' title='bbox 3102 714 3244 784; x_wconf 55' lang='grc' dir='ltr'><strong>ιω]</strong></span> <span class='ocrx_word' id='word_1_44' title='bbox 3273 712 3405 776; x_wconf 65' lang='lat' dir='ltr'><strong>Qua;</strong></span> <span class='ocrx_word' id='word_1_45' title='bbox 3432 711 3592 765; x_wconf 81' lang='lat' dir='ltr'><strong>Chri—</strong></span> 
     </span>
    </p>
   </div>
   <div class='ocr_carea' id='block_1_7' title="bbox 333 801 1910 873">
    <p class='ocr_par' dir='ltr' id='par_1_7' title="bbox 333 801 1910 873">
     <span class='ocr_line' id='line_1_7' title="bbox 333 801 1910 873; baseline 0.003 -19"><span class='ocrx_word' id='word_1_46' title='bbox 333 801 440 856; x_wconf 78' lang='grc' dir='ltr'><strong>Οὼν</strong></span> <span class='ocrx_word' id='word_1_47' title='bbox 470 805 550 865; x_wconf 76' lang='grc' dir='ltr'><strong>εἰς</strong></span> <span class='ocrx_word' id='word_1_48' title='bbox 576 803 968 870; x_wconf 75' lang='grc' dir='ltr'><strong>ἀναπλήρωσιν</strong></span> <span class='ocrx_word' id='word_1_49' title='bbox 983 801 1078 854; x_wconf 83' lang='grc' dir='ltr'><strong>τοῦ</strong></span> <span class='ocrx_word' id='word_1_50' title='bbox 1101 803 1266 872; x_wconf 86' lang='grc' dir='ltr'>νόμου</span> <span class='ocrx_word' id='word_1_51' title='bbox 1296 804 1602 872; x_wconf 77' lang='grc' dir='ltr'><strong>παρέδωκε,</strong></span> <span class='ocrx_word' id='word_1_52' title='bbox 1621 807 1681 857; x_wconf 82' lang='grc' dir='ltr'>τὸ</span> <span class='ocrx_word' id='word_1_53' title='bbox 1703 825 1720 856; x_wconf 81' lang='lat' dir='ltr'><strong>t</strong></span> <span class='ocrx_word' id='word_1_54' title='bbox 1745 806 1910 873; x_wconf 79' lang='grc' dir='ltr'><strong>Ἀγα-</strong></span> 
     </span>
    </p>
   </div>
   <div class='ocr_carea' id='block_1_8' title="bbox 331 894 1913 968">
    <p class='ocr_par' dir='ltr' id='par_1_8' title="bbox 331 894 1913 968">
     <span class='ocr_line' id='line_1_8' title="bbox 331 894 1913 968; baseline 0.004 -22"><span class='ocrx_word' id='word_1_55' title='bbox 331 897 441 963; x_wconf 72' lang='grc' dir='ltr'>πᾷν</span> <span class='ocrx_word' id='word_1_56' title='bbox 474 895 602 956; x_wconf 83' lang='grc' dir='ltr'>τοὺς</span> <span class='ocrx_word' id='word_1_57' title='bbox 634 894 881 963; x_wconf 76' lang='grc' dir='ltr'>ἐχθροὺς,</span> <span class='ocrx_word' id='word_1_58' title='bbox 928 913 946 944; x_wconf 82' lang='lat' dir='ltr'><strong>t</strong></span> <span class='ocrx_word' id='word_1_59' title='bbox 980 895 1074 946; x_wconf 72' lang='grc' dir='ltr'><strong>καὶ</strong></span> <span class='ocrx_word' id='word_1_60' title='bbox 1106 895 1172 946; x_wconf 75' lang='grc' dir='ltr'><strong>τὰ</strong></span> <span class='ocrx_word' id='word_1_61' title='bbox 1223 895 1468 949; x_wconf 82' lang='grc' dir='ltr'><strong>τοιαῦτα.</strong></span> <span class='ocrx_word' id='word_1_62' title='bbox 1507 897 1685 964; x_wconf 78' lang='grc' dir='ltr'>Ἃπερ</span> <span class='ocrx_word' id='word_1_63' title='bbox 1715 895 1782 968; x_wconf 74' lang='grc' dir='ltr'><strong>ἦν</strong></span> <span class='ocrx_word' id='word_1_64' title='bbox 1808 900 1913 952; x_wconf 76' lang='grc' dir='ltr'><strong>πά-</strong></span> 
     </span>
    </p>
   </div>
   <div class='ocr_carea' id='block_1_9' title="bbox 329 985 1913 1057">
    <p class='ocr_par' dir='ltr' id='par_1_9' title="bbox 329 985 1913 1057">
     <span class='ocr_line' id='line_1_9' title="bbox 329 985 1913 1057; baseline 0.005 -19"><span class='ocrx_word' id='word_1_65' title='bbox 329 985 419 1039; x_wconf 74' lang='grc' dir='ltr'><strong>λαι</strong></span> <span class='ocrx_word' id='word_1_66' title='bbox 453 989 566 1048; x_wconf 86' lang='grc' dir='ltr'>τοῖς</span> <span class='ocrx_word' id='word_1_67' title='bbox 630 985 992 1056; x_wconf 67' lang='grc' dir='ltr'><strong>Ἰσραηλίταις</strong></span> <span class='ocrx_word' id='word_1_68' title='bbox 1048 987 1356 1057; x_wconf 64' lang='grc' dir='ltr'><strong>ἀπόρρητα.</strong></span> <span class='ocrx_word' id='word_1_69' title='bbox 1392 990 1467 1040; x_wconf 87' lang='grc' dir='ltr'><strong>Δι’</strong></span> <span class='ocrx_word' id='word_1_70' title='bbox 1512 989 1547 1041; x_wconf 76' lang='grc' dir='ltr'>ἃ</span> <span class='ocrx_word' id='word_1_71' title='bbox 1591 992 1684 1044; x_wconf 74' lang='grc' dir='ltr'><strong>καὶ</strong></span> <span class='ocrx_word' id='word_1_72' title='bbox 1722 991 1784 1043; x_wconf 84' lang='grc' dir='ltr'><strong>τὸ</strong></span> <span class='ocrx_word' id='word_1_73' title='bbox 1813 991 1913 1046; x_wconf 83' lang='grc' dir='ltr'><strong>κά·-</strong></span> 
     </span>
    </p>
   </div>
   <div class='ocr_carea' id='block_1_10' title="bbox 331 1077 1913 1149">
    <p class='ocr_par' dir='ltr' id='par_1_10' title="bbox 331 1077 1913 1149">
     <span class='ocr_line' id='line_1_10' title="bbox 331 1077 1913 1149; baseline 0.022 -33"><span class='ocrx_word' id='word_1_74' title='bbox 331 1077 524 1145; x_wconf 74' lang='grc' dir='ltr'><strong>λυμμα,</strong></span> <span class='ocrx_word' id='word_1_75' title='bbox 585 1077 663 1146; x_wconf 80' lang='grc' dir='ltr'><strong>τῷ</strong></span> <span class='ocrx_word' id='word_1_76' title='bbox 705 1077 983 1147; x_wconf 62' lang='grc' dir='ltr'>προσώπῳ</span> <span class='ocrx_word' id='word_1_77' title='bbox 1024 1080 1264 1149; x_wconf 61' lang='lat' dir='ltr'><strong>Medici};</strong></span> <span class='ocrx_word' id='word_1_78' title='bbox 1347 1080 1646 1145; x_wconf 75' lang='grc' dir='ltr'>ἐπετίθετο.</span> <span class='ocrx_word' id='word_1_79' title='bbox 1691 1082 1764 1146; x_wconf 79' lang='grc' dir='ltr'><strong>ὡς</strong></span> <span class='ocrx_word' id='word_1_80' title='bbox 1817 1085 1913 1137; x_wconf 59' lang='grc' dir='ltr'><strong>καὶ</strong></span> 
     </span>
    </p>
   </div>
   <div class='ocr_carea' id='block_1_11' title="bbox 331 1169 1666 1241">
    <p class='ocr_par' dir='ltr' id='par_1_11' title="bbox 331 1169 1666 1241">
     <span class='ocr_line' id='line_1_11' title="bbox 331 1169 1666 1241; baseline 0.002 -19"><span class='ocrx_word' id='word_1_81' title='bbox 331 1169 543 1232; x_wconf 79' lang='grc' dir='ltr'>Παῦλος</span> <span class='ocrx_word' id='word_1_82' title='bbox 573 1171 631 1221; x_wconf 79' lang='grc' dir='ltr'><strong>ἐν</strong></span> <span class='ocrx_word' id='word_1_83' title='bbox 648 1171 712 1239; x_wconf 76' lang='grc' dir='ltr'><strong>τῇ</strong></span> <span class='ocrx_word' id='word_1_84' title='bbox 736 1169 968 1241; x_wconf 80' lang='grc' dir='ltr'><strong>δευτέρᾳ</strong></span> <span class='ocrx_word' id='word_1_85' title='bbox 988 1170 1124 1238; x_wconf 83' lang='grc' dir='ltr'>πρὸς</span> <span class='ocrx_word' id='word_1_86' title='bbox 1157 1169 1479 1239; x_wconf 78' lang='grc' dir='ltr'><strong>Κορινθίους</strong></span> <span class='ocrx_word' id='word_1_87' title='bbox 1510 1174 1666 1241; x_wconf 72' lang='grc' dir='ltr'><strong>φησι.</strong></span> 
     </span>
    </p>
   </div>
   <div class='ocr_carea' id='block_1_12' title="bbox 2018 801 3590 876">
    <p class='ocr_par' dir='ltr' id='par_1_12' title="bbox 2018 801 3590 876">
     <span class='ocr_line' id='line_1_12' title="bbox 2018 801 3590 876; baseline -0.006 -11"><span class='ocrx_word' id='word_1_88' title='bbox 2018 817 2138 865; x_wconf 86' lang='lat' dir='ltr'><strong>stus</strong></span> <span class='ocrx_word' id='word_1_89' title='bbox 2163 825 2288 863; x_wconf 89' lang='lat' dir='ltr'><strong>cum</strong></span> <span class='ocrx_word' id='word_1_90' title='bbox 2322 809 2586 867; x_wconf 86' lang='lat' dir='ltr'><strong>venisset.</strong></span> <span class='ocrx_word' id='word_1_91' title='bbox 2623 808 2756 876; x_wconf 89' lang='lat' dir='ltr'><strong>legis</strong></span> <span class='ocrx_word' id='word_1_92' title='bbox 2788 806 3036 859; x_wconf 85' lang='lat' dir='ltr'><strong>auctario</strong></span> <span class='ocrx_word' id='word_1_93' title='bbox 3069 805 3349 873; x_wconf 79' lang='lat' dir='ltr'><strong>exposuit.</strong></span> <span class='ocrx_word' id='word_1_94' title='bbox 3389 801 3590 862; x_wconf 78' lang='lat' dir='ltr'><strong>Veluti,</strong></span> 
     </span>
    </p>
   </div>
   <div class='ocr_carea' id='block_1_13' title="bbox 2023 895 3590 972">
    <p class='ocr_par' dir='ltr' id='par_1_13' title="bbox 2023 895 3590 972">
     <span class='ocr_line' id='line_1_13' title="bbox 2023 895 3590 972; baseline -0.004 -18"><span class='ocrx_word' id='word_1_95' title='bbox 2023 922 2041 954; x_wconf 75' lang='grc' dir='ltr'>ι</span> <span class='ocrx_word' id='word_1_96' title='bbox 2086 901 2301 972; x_wconf 88' lang='lat' dir='ltr'><strong>Diligite</strong></span> <span class='ocrx_word' id='word_1_97' title='bbox 2357 902 2611 955; x_wconf 85' lang='lat' dir='ltr'><strong>inimicos</strong></span> <span class='ocrx_word' id='word_1_98' title='bbox 2661 895 2877 953; x_wconf 77' lang='lat' dir='ltr'><strong>vestros</strong></span> <span class='ocrx_word' id='word_1_99' title='bbox 2919 897 2987 959; x_wconf 73' lang='lat'><strong>&quot;,</strong></span> <span class='ocrx_word' id='word_1_100' title='bbox 3046 914 3063 947; x_wconf 82' lang='lat' dir='ltr'><strong>t</strong></span> <span class='ocrx_word' id='word_1_101' title='bbox 3125 905 3179 952; x_wconf 89' lang='lat' dir='ltr'><strong>et</strong></span> <span class='ocrx_word' id='word_1_102' title='bbox 3225 898 3307 951; x_wconf 85' lang='lat' dir='ltr'><strong>his</strong></span> <span class='ocrx_word' id='word_1_103' title='bbox 3366 896 3590 949; x_wconf 89' lang='lat' dir='ltr'><strong>similia.</strong></span> 
     </span>
    </p>
   </div>
   <div class='ocr_carea' id='block_1_14' title="bbox 2019 988 3595 1058">
    <p class='ocr_par' dir='ltr' id='par_1_14' title="bbox 2019 988 3595 1058">
     <span class='ocr_line' id='line_1_14' title="bbox 2019 988 3595 1058; baseline -0.004 -12"><span class='ocrx_word' id='word_1_104' title='bbox 2019 992 2151 1058; x_wconf 76' lang='lat' dir='ltr'><strong>Qute</strong></span> <span class='ocrx_word' id='word_1_105' title='bbox 2207 992 2274 1044; x_wconf 92' lang='lat' dir='ltr'><strong>ab</strong></span> <span class='ocrx_word' id='word_1_106' title='bbox 2327 991 2593 1045; x_wconf 89' lang='lat' dir='ltr'><strong>lsraelitis</strong></span> <span class='ocrx_word' id='word_1_107' title='bbox 2633 991 2764 1042; x_wconf 92' lang='lat' dir='ltr'><strong>olim</strong></span> <span class='ocrx_word' id='word_1_108' title='bbox 2821 991 3076 1043; x_wconf 74' lang='lat' dir='ltr'><strong>abstrusa</strong></span> <span class='ocrx_word' id='word_1_109' title='bbox 3121 999 3298 1045; x_wconf 87' lang='lat' dir='ltr'><strong>erant.</strong></span> <span class='ocrx_word' id='word_1_110' title='bbox 3354 988 3423 1039; x_wconf 89' lang='lat' dir='ltr'><strong>oh</strong></span> <span class='ocrx_word' id='word_1_111' title='bbox 3474 1003 3595 1055; x_wconf 79' lang='lat' dir='ltr'><strong>qua:</strong></span> 
     </span>
    </p>
   </div>
   <div class='ocr_carea' id='block_1_15' title="bbox 2020 1081 3594 1148">
    <p class='ocr_par' dir='ltr' id='par_1_15' title="bbox 2020 1081 3594 1148">
     <span class='ocr_line' id='line_1_15' title="bbox 2020 1081 3594 1148; baseline -0.003 -11"><span class='ocrx_word' id='word_1_112' title='bbox 2020 1083 2189 1137; x_wconf 81' lang='lat' dir='ltr'><strong>Mosis</strong></span> <span class='ocrx_word' id='word_1_113' title='bbox 2223 1083 2389 1137; x_wconf 81' lang='lat' dir='ltr'><strong>facies</strong></span> <span class='ocrx_word' id='word_1_114' title='bbox 2446 1083 2567 1136; x_wconf 87' lang='lat' dir='ltr'><strong>velo</strong></span> <span class='ocrx_word' id='word_1_115' title='bbox 2609 1081 2992 1148; x_wconf 84' lang='lat' dir='ltr'><strong>ohtegebatur,</strong></span> <span class='ocrx_word' id='word_1_116' title='bbox 3029 1089 3166 1134; x_wconf 88' lang='lat' dir='ltr'><strong>teste</strong></span> <span class='ocrx_word' id='word_1_117' title='bbox 3214 1081 3382 1133; x_wconf 83' lang='lat' dir='ltr'><strong>etiam</strong></span> <span class='ocrx_word' id='word_1_118' title='bbox 3420 1082 3470 1130; x_wconf 90' lang='lat' dir='ltr'><strong>iu</strong></span> <span class='ocrx_word' id='word_1_119' title='bbox 3506 1096 3594 1132; x_wconf 84' lang='lat' dir='ltr'><strong>se-</strong></span> 
     </span>
    </p>
   </div>
   <div class='ocr_carea' id='block_1_16' title="bbox 2019 1172 2938 1229">
    <p class='ocr_par' dir='ltr' id='par_1_16' title="bbox 2019 1172 2938 1229">
     <span class='ocr_line' id='line_1_16' title="bbox 2019 1172 2938 1229; baseline -0.004 -1"><span class='ocrx_word' id='word_1_120' title='bbox 2019 1175 2198 1228; x_wconf 90' lang='lat' dir='ltr'><strong>cunda</strong></span> <span class='ocrx_word' id='word_1_121' title='bbox 2228 1173 2294 1227; x_wconf 87' lang='lat' dir='ltr'><strong>ad</strong></span> <span class='ocrx_word' id='word_1_122' title='bbox 2323 1173 2640 1229; x_wconf 89' lang='lat' dir='ltr'><strong>Corinthios</strong></span> <span class='ocrx_word' id='word_1_123' title='bbox 2674 1172 2840 1226; x_wconf 83' lang='lat' dir='ltr'><strong>Paulo</strong></span> <span class='ocrx_word' id='word_1_124' title='bbox 2871 1173 2938 1224; x_wconf 75' lang='grc'><strong>’³.</strong></span> 
     </span>
    </p>
   </div>
   <div class='ocr_carea' id='block_1_17' title="bbox 404 1273 3593 1353">
    <p class='ocr_par' dir='ltr' id='par_1_17' title="bbox 404 1273 3593 1353">
     <span class='ocr_line' id='line_1_17' title="bbox 404 1273 3593 1353; baseline -0.002 -22"><span class='ocrx_word' id='word_1_125' title='bbox 404 1276 472 1331; x_wconf 81' lang='lat' dir='ltr'><strong>Et</strong></span> <span class='ocrx_word' id='word_1_126' title='bbox 490 1277 662 1331; x_wconf 75' lang='lat' dir='ltr'><strong>denuo</strong></span> <span class='ocrx_word' id='word_1_127' title='bbox 695 1288 741 1331; x_wconf 83' lang='lat' dir='ltr'><strong>te</strong></span> <span class='ocrx_word' id='word_1_128' title='bbox 777 1278 986 1348; x_wconf 84' lang='lat' dir='ltr'><strong>colliget</strong></span> <span class='ocrx_word' id='word_1_129' title='bbox 1014 1295 1078 1332; x_wconf 73' lang='lat' dir='ltr'><strong>ex</strong></span> <span class='ocrx_word' id='word_1_130' title='bbox 1095 1279 1336 1331; x_wconf 78' lang='lat' dir='ltr'><strong>omnibus</strong></span> <span class='ocrx_word' id='word_1_131' title='bbox 1369 1282 1630 1350; x_wconf 74' lang='lat' dir='ltr'><strong>gentibus.</strong></span> <span class='ocrx_word' id='word_1_132' title='bbox 1665 1280 1858 1352; x_wconf 75' lang='lat' dir='ltr'>[XXX,</span> <span class='ocrx_word' id='word_1_133' title='bbox 1890 1282 1972 1353; x_wconf 71' lang='lat'><strong>3.]</strong></span> <span class='ocrx_word' id='word_1_134' title='bbox 2007 1282 2119 1337; x_wconf 91' lang='lat' dir='ltr'><strong>lloc</strong></span> <span class='ocrx_word' id='word_1_135' title='bbox 2151 1284 2332 1337; x_wconf 90' lang='lat' dir='ltr'><strong>evenit</strong></span> <span class='ocrx_word' id='word_1_136' title='bbox 2367 1284 2420 1336; x_wconf 93' lang='lat' dir='ltr'><strong>in</strong></span> <span class='ocrx_word' id='word_1_137' title='bbox 2454 1281 2631 1335; x_wconf 87' lang='lat' dir='ltr'><strong>reditu</strong></span> <span class='ocrx_word' id='word_1_138' title='bbox 2672 1279 2798 1350; x_wconf 83' lang='lat' dir='ltr'><strong>Cyri</strong></span> <span class='ocrx_word' id='word_1_139' title='bbox 2828 1277 3097 1347; x_wconf 85' lang='lat' dir='ltr'><strong>auspiciis</strong></span> <span class='ocrx_word' id='word_1_140' title='bbox 3174 1275 3337 1329; x_wconf 77' lang='lat' dir='ltr'><strong>facto.</strong></span> <span class='ocrx_word' id='word_1_141' title='bbox 3372 1273 3593 1328; x_wconf 70' lang='lat' dir='ltr'><strong>Necnon</strong></span> 
     </span>
    </p>
   </div>
   <div class='ocr_carea' id='block_1_18' title="bbox 332 1364 1444 1434">
    <p class='ocr_par' dir='ltr' id='par_1_18' title="bbox 332 1364 1444 1434">
     <span class='ocr_line' id='line_1_18' title="bbox 332 1364 1444 1434; baseline 0.002 -17"><span class='ocrx_word' id='word_1_142' title='bbox 332 1364 387 1417; x_wconf 89' lang='lat' dir='ltr'><strong>in</strong></span> <span class='ocrx_word' id='word_1_143' title='bbox 422 1364 584 1418; x_wconf 89' lang='lat' dir='ltr'><strong>nobis</strong></span> <span class='ocrx_word' id='word_1_144' title='bbox 616 1381 836 1433; x_wconf 88' lang='lat' dir='ltr'><strong>quoque</strong></span> <span class='ocrx_word' id='word_1_145' title='bbox 862 1365 1167 1420; x_wconf 84' lang='lat' dir='ltr'><strong>secundum</strong></span> <span class='ocrx_word' id='word_1_146' title='bbox 1192 1366 1444 1434; x_wconf 89' lang='lat' dir='ltr'><strong>spiritum</strong></span> 
     </span>
    </p>
   </div>
   <div class='ocr_carea' id='block_1_19' title="bbox 1491 1365 3594 1440">
    <p class='ocr_par' dir='ltr' id='par_1_19' title="bbox 1491 1365 3594 1440">
     <span class='ocr_line' id='line_1_19' title="bbox 1491 1365 3594 1440; baseline -0.003 -21"><span class='ocrx_word' id='word_1_147' title='bbox 1491 1383 1505 1419; x_wconf 88' lang='lat'><strong>:</strong></span> <span class='ocrx_word' id='word_1_148' title='bbox 1545 1369 1660 1437; x_wconf 82' lang='lat' dir='ltr'><strong>ipse</strong></span> <span class='ocrx_word' id='word_1_149' title='bbox 1692 1370 1836 1424; x_wconf 85' lang='lat' dir='ltr'><strong>enim</strong></span> <span class='ocrx_word' id='word_1_150' title='bbox 1866 1380 2216 1440; x_wconf 78' lang='lat' dir='ltr'><strong>peccatorum</strong></span> <span class='ocrx_word' id='word_1_151' title='bbox 2278 1379 2597 1424; x_wconf 89' lang='lat' dir='ltr'><strong>nostrorum</strong></span> <span class='ocrx_word' id='word_1_152' title='bbox 2636 1368 2861 1420; x_wconf 79' lang='lat' dir='ltr'><strong>vulnera</strong></span> <span class='ocrx_word' id='word_1_153' title='bbox 2909 1365 3144 1427; x_wconf 88' lang='lat' dir='ltr'><strong>curavit,</strong></span> <span class='ocrx_word' id='word_1_154' title='bbox 3185 1379 3248 1417; x_wconf 87' lang='lat' dir='ltr'><strong>ac</strong></span> <span class='ocrx_word' id='word_1_155' title='bbox 3292 1365 3466 1415; x_wconf 78' lang='lat' dir='ltr'><strong>n0stri</strong></span> <span class='ocrx_word' id='word_1_156' title='bbox 3509 1370 3594 1414; x_wconf 82' lang='lat' dir='ltr'><strong>est</strong></span> 
     </span>
    </p>
   </div>
   <div class='ocr_carea' id='block_1_20' title="bbox 332 1450 3594 1526">
    <p class='ocr_par' dir='ltr' id='par_1_20' title="bbox 332 1450 3594 1526">
     <span class='ocr_line' id='line_1_20' title="bbox 332 1450 3594 1526; baseline -0.001 -24"><span class='ocrx_word' id='word_1_157' title='bbox 332 1450 872 1522; x_wconf 86' lang='lat' dir='ltr'><strong>misertus.Collegit</strong></span> <span class='ocrx_word' id='word_1_158' title='bbox 903 1452 1030 1506; x_wconf 90' lang='lat' dir='ltr'><strong>item</strong></span> <span class='ocrx_word' id='word_1_159' title='bbox 1067 1467 1132 1506; x_wconf 83' lang='lat' dir='ltr'><strong>ex</strong></span> <span class='ocrx_word' id='word_1_160' title='bbox 1167 1454 1421 1508; x_wconf 89' lang='lat' dir='ltr'><strong>omnibus</strong></span> <span class='ocrx_word' id='word_1_161' title='bbox 1451 1456 1706 1524; x_wconf 77' lang='lat' dir='ltr'><strong>gentibus</strong></span> <span class='ocrx_word' id='word_1_162' title='bbox 1774 1456 1827 1509; x_wconf 93' lang='lat' dir='ltr'><strong>in</strong></span> <span class='ocrx_word' id='word_1_163' title='bbox 1882 1473 2023 1526; x_wconf 89' lang='lat' dir='ltr'><strong>quas</strong></span> <span class='ocrx_word' id='word_1_164' title='bbox 2080 1475 2181 1514; x_wconf 86' lang='lat' dir='ltr'><strong>nos</strong></span> <span class='ocrx_word' id='word_1_165' title='bbox 2222 1457 2504 1525; x_wconf 88' lang='lat' dir='ltr'><strong>dispersit,</strong></span> <span class='ocrx_word' id='word_1_166' title='bbox 2556 1469 2664 1508; x_wconf 91' lang='lat' dir='ltr'><strong>non</strong></span> <span class='ocrx_word' id='word_1_167' title='bbox 2719 1454 2897 1506; x_wconf 90' lang='lat' dir='ltr'><strong>libens</strong></span> <span class='ocrx_word' id='word_1_168' title='bbox 2926 1453 3170 1521; x_wconf 84' lang='lat' dir='ltr'><strong>quidem,</strong></span> <span class='ocrx_word' id='word_1_169' title='bbox 3218 1463 3405 1502; x_wconf 89' lang='lat' dir='ltr'><strong>verum</strong></span> <span class='ocrx_word' id='word_1_170' title='bbox 3435 1450 3594 1502; x_wconf 85' lang='lat' dir='ltr'><strong>nobis</strong></span> 
     </span>
    </p>
   </div>
   <div class='ocr_carea' id='block_1_21' title="bbox 329 1535 3594 1615">
    <p class='ocr_par' dir='ltr' id='par_1_21' title="bbox 329 1535 3594 1615">
     <span class='ocr_line' id='line_1_21' title="bbox 329 1535 3594 1615; baseline 0 -26"><span class='ocrx_word' id='word_1_171' title='bbox 329 1537 403 1590; x_wconf 91' lang='lat' dir='ltr'><strong>ita</strong></span> <span class='ocrx_word' id='word_1_172' title='bbox 425 1539 776 1606; x_wconf 84' lang='lat' dir='ltr'><strong>cupientibus</strong></span> <span class='ocrx_word' id='word_1_173' title='bbox 811 1540 1080 1608; x_wconf 86' lang='lat' dir='ltr'><strong>permisit.</strong></span> <span class='ocrx_word' id='word_1_174' title='bbox 1119 1539 1368 1594; x_wconf 78' lang='lat' dir='ltr'><strong>Tradidit</strong></span> <span class='ocrx_word' id='word_1_175' title='bbox 1396 1541 1623 1610; x_wconf 89' lang='lat' dir='ltr'><strong>insuper</strong></span> <span class='ocrx_word' id='word_1_176' title='bbox 1655 1544 1817 1598; x_wconf 89' lang='lat' dir='ltr'><strong>nobis</strong></span> <span class='ocrx_word' id='word_1_177' title='bbox 1851 1554 2054 1599; x_wconf 85' lang='lat' dir='ltr'><strong>terram</strong></span> <span class='ocrx_word' id='word_1_178' title='bbox 2085 1556 2302 1615; x_wconf 79' lang='lat' dir='ltr'><strong>patrum</strong></span> <span class='ocrx_word' id='word_1_179' title='bbox 2340 1551 2686 1608; x_wconf 88' lang='lat' dir='ltr'><strong>nostrorum,</strong></span> <span class='ocrx_word' id='word_1_180' title='bbox 2721 1549 2850 1594; x_wconf 88' lang='lat' dir='ltr'><strong>cum</strong></span> <span class='ocrx_word' id='word_1_181' title='bbox 2899 1538 3218 1592; x_wconf 81' lang='lat' dir='ltr'><strong>inundasset</strong></span> <span class='ocrx_word' id='word_1_182' title='bbox 3259 1535 3479 1590; x_wconf 85' lang='lat' dir='ltr'><strong>lavacro</strong></span> <span class='ocrx_word' id='word_1_183' title='bbox 3508 1551 3594 1590; x_wconf 81' lang='lat' dir='ltr'><strong>re-</strong></span> 
     </span>
    </p>
   </div>
   <div class='ocr_carea' id='block_1_22' title="bbox 330 1624 2447 1698">
    <p class='ocr_par' dir='ltr' id='par_1_22' title="bbox 330 1624 2447 1698">
     <span class='ocr_line' id='line_1_22' title="bbox 330 1624 2447 1698; baseline 0.004 -24"><span class='ocrx_word' id='word_1_184' title='bbox 330 1627 730 1693; x_wconf 73' lang='lat' dir='ltr'><strong>generationis.</strong></span> <span class='ocrx_word' id='word_1_185' title='bbox 775 1624 843 1680; x_wconf 89' lang='lat' dir='ltr'><strong>Ut</strong></span> <span class='ocrx_word' id='word_1_186' title='bbox 874 1635 1058 1680; x_wconf 87' lang='lat' dir='ltr'><strong>autem</strong></span> <span class='ocrx_word' id='word_1_187' title='bbox 1095 1626 1536 1697; x_wconf 81' lang='lat' dir='ltr'><strong>desperationem</strong></span> <span class='ocrx_word' id='word_1_188' title='bbox 1569 1638 1803 1692; x_wconf 84' lang='lat' dir='ltr'><strong>avertat,</strong></span> <span class='ocrx_word' id='word_1_189' title='bbox 1837 1633 2032 1686; x_wconf 90' lang='lat' dir='ltr'><strong>merito</strong></span> <span class='ocrx_word' id='word_1_190' title='bbox 2067 1634 2177 1685; x_wconf 80' lang='lat' dir='ltr'><strong>lucc</strong></span> <span class='ocrx_word' id='word_1_191' title='bbox 2207 1631 2447 1698; x_wconf 80' lang='lat' dir='ltr'><strong>adjecit:</strong></span> 
     </span>
    </p>
   </div>
   <div class='ocr_carea' id='block_1_23' title="bbox 405 1734 1911 1812">
    <p class='ocr_par' dir='ltr' id='par_1_23' title="bbox 405 1734 1911 1812">
     <span class='ocr_line' id='line_1_23' title="bbox 405 1734 1911 1812; baseline 0.003 -22"><span class='ocrx_word' id='word_1_192' title='bbox 405 1737 540 1790; x_wconf 80' lang='grc' dir='ltr'><strong>Ἵνα</strong></span> <span class='ocrx_word' id='word_1_193' title='bbox 598 1736 700 1804; x_wconf 71' lang='grc' dir='ltr'><strong>ζῇς</strong></span> <span class='ocrx_word' id='word_1_194' title='bbox 739 1739 840 1791; x_wconf 85' lang='grc' dir='ltr'><strong>σύ.</strong></span> <span class='ocrx_word' id='word_1_195' title='bbox 905 1737 1026 1808; x_wconf 84' lang='grc' dir='ltr'><strong>Ζωὴ</strong></span> <span class='ocrx_word' id='word_1_196' title='bbox 1049 1737 1158 1807; x_wconf 83' lang='grc' dir='ltr'><strong>γὰρ</strong></span> <span class='ocrx_word' id='word_1_197' title='bbox 1188 1738 1358 1802; x_wconf 82' lang='grc' dir='ltr'>ἀΐδιος</span> <span class='ocrx_word' id='word_1_198' title='bbox 1380 1739 1440 1792; x_wconf 80' lang='grc' dir='ltr'>τὸ</span> <span class='ocrx_word' id='word_1_199' title='bbox 1455 1734 1604 1796; x_wconf 77' lang='grc' dir='ltr'>εῖναι</span> <span class='ocrx_word' id='word_1_200' title='bbox 1636 1740 1911 1812; x_wconf 78' lang='grc' dir='ltr'>καθαροὺς</span> 
     </span>
    </p>
   </div>
   <div class='ocr_carea' id='block_1_24' title="bbox 329 1827 1912 1900">
    <p class='ocr_par' dir='ltr' id='par_1_24' title="bbox 329 1827 1912 1900">
     <span class='ocr_line' id='line_1_24' title="bbox 329 1827 1912 1900; baseline 0.004 -23"><span class='ocrx_word' id='word_1_201' title='bbox 329 1829 397 1896; x_wconf 81' lang='grc' dir='ltr'><strong>τῇ</strong></span> <span class='ocrx_word' id='word_1_202' title='bbox 433 1827 654 1898; x_wconf 70' lang='grc' dir='ltr'><strong>καρδίᾳ,</strong></span> <span class='ocrx_word' id='word_1_203' title='bbox 678 1830 776 1883; x_wconf 78' lang='grc' dir='ltr'><strong>καὶ</strong></span> <span class='ocrx_word' id='word_1_204' title='bbox 814 1830 1037 1900; x_wconf 76' lang='grc' dir='ltr'>ἀγαπᾷν</span> <span class='ocrx_word' id='word_1_205' title='bbox 1065 1829 1156 1882; x_wconf 72' lang='grc' dir='ltr'><strong>τὸν</strong></span> <span class='ocrx_word' id='word_1_206' title='bbox 1205 1828 1340 1882; x_wconf 81' lang='grc' dir='ltr'>Θεὸν</span> <span class='ocrx_word' id='word_1_207' title='bbox 1385 1831 1746 1893; x_wconf 83' lang='grc' dir='ltr'><strong>ὰδιστάκτως.</strong></span> <span class='ocrx_word' id='word_1_208' title='bbox 1779 1832 1912 1885; x_wconf 76' lang='grc' dir='ltr'><strong>Ὅτι</strong></span> 
     </span>
    </p>
   </div>
   <div class='ocr_carea' id='block_1_25' title="bbox 329 1919 1911 1993">
    <p class='ocr_par' dir='ltr' id='par_1_25' title="bbox 329 1919 1911 1993">
     <span class='ocr_line' id='line_1_25' title="bbox 329 1919 1911 1993; baseline 0.003 -24"><span class='ocrx_word' id='word_1_209' title='bbox 329 1919 424 1971; x_wconf 71' lang='grc' dir='ltr'><strong>καὶ</strong></span> <span class='ocrx_word' id='word_1_210' title='bbox 451 1919 635 1972; x_wconf 76' lang='grc' dir='ltr'><strong>δίδωσι</strong></span> <span class='ocrx_word' id='word_1_211' title='bbox 656 1920 754 1982; x_wconf 75' lang='grc' dir='ltr'>τὰς</span> <span class='ocrx_word' id='word_1_212' title='bbox 775 1921 912 1991; x_wconf 76' lang='grc' dir='ltr'>ἀρὰς</span> <span class='ocrx_word' id='word_1_213' title='bbox 941 1923 1033 1974; x_wconf 73' lang='grc' dir='ltr'><strong>ἐπὶ</strong></span> <span class='ocrx_word' id='word_1_214' title='bbox 1057 1923 1182 1984; x_wconf 72' lang='grc' dir='ltr'>τοὺς</span> <span class='ocrx_word' id='word_1_215' title='bbox 1201 1921 1430 1992; x_wconf 70' lang='grc' dir='ltr'>ἐχθροὺς</span> <span class='ocrx_word' id='word_1_216' title='bbox 1461 1922 1638 1993; x_wconf 78' lang='grc' dir='ltr'><strong>ἡμῶν,</strong></span> <span class='ocrx_word' id='word_1_217' title='bbox 1672 1922 1757 1974; x_wconf 75' lang='grc' dir='ltr'><strong>ἵνα</strong></span> <span class='ocrx_word' id='word_1_218' title='bbox 1776 1921 1911 1991; x_wconf 75' lang='grc' dir='ltr'><strong>ψάλι-</strong></span> 
     </span>
    </p>
   </div>
   <div class='ocr_carea' id='block_1_26' title="bbox 327 2012 1913 2085">
    <p class='ocr_par' dir='ltr' id='par_1_26' title="bbox 327 2012 1913 2085">
     <span class='ocr_line' id='line_1_26' title="bbox 327 2012 1913 2085; baseline 0.004 -25"><span class='ocrx_word' id='word_1_219' title='bbox 327 2026 510 2071; x_wconf 67' lang='grc' dir='ltr'><strong>ι.ω;λ.εν</strong></span> <span class='ocrx_word' id='word_1_220' title='bbox 533 2027 546 2041; x_wconf 72' lang='grc' dir='ltr'><strong>ο</strong></span> <span class='ocrx_word' id='word_1_221' title='bbox 587 2031 604 2063; x_wconf 82' lang='lat' dir='ltr'><strong>t</strong></span> <span class='ocrx_word' id='word_1_222' title='bbox 639 2012 1268 2083; x_wconf 75' lang='grc' dir='ltr'>Ἐξομολογὴσομαίσοι,</span> <span class='ocrx_word' id='word_1_223' title='bbox 1297 2013 1490 2082; x_wconf 80' lang='grc' dir='ltr'><strong>Κύριε,</strong></span> <span class='ocrx_word' id='word_1_224' title='bbox 1522 2015 1605 2067; x_wconf 86' lang='grc' dir='ltr'><strong>ὅτι</strong></span> <span class='ocrx_word' id='word_1_225' title='bbox 1634 2016 1697 2066; x_wconf 76' lang='grc' dir='ltr'><strong>ἐκ</strong></span> <span class='ocrx_word' id='word_1_226' title='bbox 1732 2014 1913 2085; x_wconf 76' lang='grc' dir='ltr'>πάσης</span> 
     </span>
    </p>
   </div>
   <div class='ocr_carea' id='block_1_27' title="bbox 328 2100 1913 2176">
    <p class='ocr_par' dir='ltr' id='par_1_27' title="bbox 328 2100 1913 2176">
     <span class='ocr_line' id='line_1_27' title="bbox 328 2100 1913 2176; baseline 0.003 -24"><span class='ocrx_word' id='word_1_227' title='bbox 328 2100 561 2170; x_wconf 52' lang='lat' dir='ltr'><strong>Midiae);</strong></span> <span class='ocrx_word' id='word_1_228' title='bbox 594 2104 812 2174; x_wconf 69' lang='grc' dir='ltr'><strong>ὲρρύπω</strong></span> <span class='ocrx_word' id='word_1_229' title='bbox 854 2122 945 2172; x_wconf 81' lang='grc' dir='ltr'>με,</span> <span class='ocrx_word' id='word_1_230' title='bbox 979 2106 1070 2157; x_wconf 71' lang='grc' dir='ltr'><strong>καὶ</strong></span> <span class='ocrx_word' id='word_1_231' title='bbox 1094 2106 1150 2157; x_wconf 85' lang='grc' dir='ltr'><strong>ὲν</strong></span> <span class='ocrx_word' id='word_1_232' title='bbox 1183 2107 1294 2168; x_wconf 87' lang='grc' dir='ltr'>τοῖς</span> <span class='ocrx_word' id='word_1_233' title='bbox 1321 2105 1537 2175; x_wconf 81' lang='grc' dir='ltr'><strong>ἐχθροῖς</strong></span> <span class='ocrx_word' id='word_1_234' title='bbox 1571 2123 1675 2176; x_wconf 86' lang='grc' dir='ltr'>μου</span> <span class='ocrx_word' id='word_1_235' title='bbox 1705 2105 1913 2157; x_wconf 74' lang='grc' dir='ltr'>ἐπεῖδεν</span> 
     </span>
    </p>
   </div>
   <div class='ocr_carea' id='block_1_28' title="bbox 325 2195 1912 2268">
    <p class='ocr_par' dir='ltr' id='par_1_28' title="bbox 325 2195 1912 2268">
     <span class='ocr_line' id='line_1_28' title="bbox 325 2195 1912 2268; baseline 0.004 -21"><span class='ocrx_word' id='word_1_236' title='bbox 325 2195 657 2266; x_wconf 70' lang='grc' dir='ltr'>ὸὸφθαλμός</span> <span class='ocrx_word' id='word_1_237' title='bbox 713 2216 816 2266; x_wconf 85' lang='grc' dir='ltr'><strong>μου</strong></span> <span class='ocrx_word' id='word_1_238' title='bbox 843 2214 858 2230; x_wconf 77' lang='grc' dir='ltr'><strong>ο</strong></span> <span class='ocrx_word' id='word_1_239' title='bbox 917 2200 1032 2263; x_wconf 68' lang='grc' dir='ltr'>καὶ,</span> <span class='ocrx_word' id='word_1_240' title='bbox 1089 2198 1252 2262; x_wconf 78' lang='grc' dir='ltr'>αὐτὸς</span> <span class='ocrx_word' id='word_1_241' title='bbox 1311 2199 1640 2268; x_wconf 75' lang='grc' dir='ltr'>ἀποστρέψει</span> <span class='ocrx_word' id='word_1_242' title='bbox 1668 2197 1738 2252; x_wconf 80' lang='grc' dir='ltr'><strong>τὰ</strong></span> <span class='ocrx_word' id='word_1_243' title='bbox 1767 2200 1912 2253; x_wconf 80' lang='grc' dir='ltr'><strong>κακὰ</strong></span> 
     </span>
    </p>
   </div>
   <div class='ocr_carea' id='block_1_29' title="bbox 327 2288 1541 2361">
    <p class='ocr_par' dir='ltr' id='par_1_29' title="bbox 327 2288 1541 2361">
     <span class='ocr_line' id='line_1_29' title="bbox 327 2288 1541 2361; baseline 0.006 -24"><span class='ocrx_word' id='word_1_244' title='bbox 327 2289 442 2350; x_wconf 81' lang='grc' dir='ltr'>τοῖς</span> <span class='ocrx_word' id='word_1_245' title='bbox 475 2288 690 2359; x_wconf 56' lang='grc' dir='ltr'>ἑλοροῖς</span> <span class='ocrx_word' id='word_1_246' title='bbox 724 2307 849 2358; x_wconf 78' lang='grc' dir='ltr'>μου,</span> <span class='ocrx_word' id='word_1_247' title='bbox 885 2309 902 2342; x_wconf 75' lang='grc' dir='ltr'><strong><em>ι</em></strong></span> <span class='ocrx_word' id='word_1_248' title='bbox 940 2289 1141 2361; x_wconf 74' lang='grc' dir='ltr'><strong>δηλαδὴ</strong></span> <span class='ocrx_word' id='word_1_249' title='bbox 1173 2293 1284 2354; x_wconf 86' lang='grc' dir='ltr'>τοῖς</span> <span class='ocrx_word' id='word_1_250' title='bbox 1311 2293 1541 2361; x_wconf 81' lang='grc' dir='ltr'>νοητοῖς.</span> 
     </span>
    </p>
   </div>
   <div class='ocr_carea' id='block_1_30' title="bbox 2094 1732 3597 1812">
    <p class='ocr_par' dir='ltr' id='par_1_30' title="bbox 2094 1732 3597 1812">
     <span class='ocr_line' id='line_1_30' title="bbox 2094 1732 3597 1812; baseline -0.007 -15"><span class='ocrx_word' id='word_1_251' title='bbox 2094 1741 2160 1797; x_wconf 87' lang='lat' dir='ltr'><strong>Ut</strong></span> <span class='ocrx_word' id='word_1_252' title='bbox 2206 1751 2262 1794; x_wconf 85' lang='lat' dir='ltr'><strong>ut</strong></span> <span class='ocrx_word' id='word_1_253' title='bbox 2315 1742 2480 1796; x_wconf 77' lang='lat' dir='ltr'><strong>vivas.</strong></span> <span class='ocrx_word' id='word_1_254' title='bbox 2514 1736 2620 1812; x_wconf 82' lang='lat'><strong>[8.]</strong></span> <span class='ocrx_word' id='word_1_255' title='bbox 2671 1737 2794 1792; x_wconf 81' lang='lat' dir='ltr'><strong>Vita</strong></span> <span class='ocrx_word' id='word_1_256' title='bbox 2850 1735 2996 1792; x_wconf 90' lang='lat' dir='ltr'><strong>enim</strong></span> <span class='ocrx_word' id='word_1_257' title='bbox 3047 1743 3250 1789; x_wconf 76' lang='lat' dir='ltr'><strong>:eterna</strong></span> <span class='ocrx_word' id='word_1_258' title='bbox 3306 1741 3390 1790; x_wconf 89' lang='lat' dir='ltr'><strong>est</strong></span> <span class='ocrx_word' id='word_1_259' title='bbox 3433 1732 3597 1789; x_wconf 89' lang='lat' dir='ltr'><strong>corde</strong></span> 
     </span>
    </p>
   </div>
   <div class='ocr_carea' id='block_1_31' title="bbox 2019 1824 3588 1904">
    <p class='ocr_par' dir='ltr' id='par_1_31' title="bbox 2019 1824 3588 1904">
     <span class='ocr_line' id='line_1_31' title="bbox 2019 1824 3588 1904; baseline -0.006 -18"><span class='ocrx_word' id='word_1_260' title='bbox 2019 1847 2189 1904; x_wconf 88' lang='lat' dir='ltr'><strong>puros</strong></span> <span class='ocrx_word' id='word_1_261' title='bbox 2218 1847 2362 1896; x_wconf 88' lang='lat' dir='ltr'><strong>esse,</strong></span> <span class='ocrx_word' id='word_1_262' title='bbox 2406 1840 2458 1884; x_wconf 91' lang='lat' dir='ltr'><strong>et</strong></span> <span class='ocrx_word' id='word_1_263' title='bbox 2518 1829 2686 1882; x_wconf 88' lang='lat' dir='ltr'><strong>Deum</strong></span> <span class='ocrx_word' id='word_1_264' title='bbox 2749 1843 2873 1881; x_wconf 90' lang='lat' dir='ltr'><strong>cum</strong></span> <span class='ocrx_word' id='word_1_265' title='bbox 2908 1825 3057 1880; x_wconf 87' lang='lat' dir='ltr'><strong>omni</strong></span> <span class='ocrx_word' id='word_1_266' title='bbox 3108 1825 3303 1879; x_wconf 83' lang='lat' dir='ltr'><strong>ﬁducia</strong></span> <span class='ocrx_word' id='word_1_267' title='bbox 3339 1824 3588 1893; x_wconf 89' lang='lat' dir='ltr'><strong>diligere.</strong></span> 
     </span>
    </p>
   </div>
   <div class='ocr_carea' id='block_1_32' title="bbox 2019 1917 3598 1988">
    <p class='ocr_par' dir='ltr' id='par_1_32' title="bbox 2019 1917 3598 1988">
     <span class='ocr_line' id='line_1_32' title="bbox 2019 1917 3598 1988; baseline -0.004 -14"><span class='ocrx_word' id='word_1_268' title='bbox 2019 1921 2254 1988; x_wconf 87' lang='lat' dir='ltr'><strong>Quando</strong></span> <span class='ocrx_word' id='word_1_269' title='bbox 2281 1921 2447 1976; x_wconf 90' lang='lat' dir='ltr'><strong>etiam</strong></span> <span class='ocrx_word' id='word_1_270' title='bbox 2483 1919 2732 1974; x_wconf 89' lang='lat' dir='ltr'><strong>inimicis</strong></span> <span class='ocrx_word' id='word_1_271' title='bbox 2774 1919 2986 1973; x_wconf 82' lang='lat' dir='ltr'><strong>nostris</strong></span> <span class='ocrx_word' id='word_1_272' title='bbox 3048 1918 3189 1970; x_wconf 90' lang='lat' dir='ltr'><strong>mala</strong></span> <span class='ocrx_word' id='word_1_273' title='bbox 3227 1917 3598 1986; x_wconf 79' lang='lat' dir='ltr'><strong>iugetitzquo</strong></span> 
     </span>
    </p>
   </div>
   <div class='ocr_carea' id='block_1_33' title="bbox 1948 2010 3593 2104">
    <p class='ocr_par' dir='ltr' id='par_1_33' title="bbox 1948 2010 3593 2104">
     <span class='ocr_line' id='line_1_33' title="bbox 1948 2010 3593 2104; baseline -0.004 -36"><span class='ocrx_word' id='word_1_274' title='bbox 1948 2050 1987 2104; x_wconf 72' lang='grc' dir='ltr'><strong>Β</strong></span> <span class='ocrx_word' id='word_1_275' title='bbox 2019 2030 2220 2070; x_wconf 89' lang='lat' dir='ltr'><strong>canere</strong></span> <span class='ocrx_word' id='word_1_276' title='bbox 2275 2030 2399 2068; x_wconf 92' lang='lat' dir='ltr'><strong>cum</strong></span> <span class='ocrx_word' id='word_1_277' title='bbox 2457 2012 2658 2067; x_wconf 87' lang='lat' dir='ltr'><strong>Davide</strong></span> <span class='ocrx_word' id='word_1_278' title='bbox 2709 2013 3034 2081; x_wconf 82' lang='lat' dir='ltr'><strong>possimus:</strong></span> <span class='ocrx_word' id='word_1_279' title='bbox 3075 2029 3094 2062; x_wconf 78' lang='lat' dir='ltr'><strong>t</strong></span> <span class='ocrx_word' id='word_1_280' title='bbox 3133 2010 3593 2074; x_wconf 70' lang='lat' dir='ltr'><strong>(lontitelortdi,</strong></span> 
     </span>
    </p>
   </div>
   <div class='ocr_carea' id='block_1_34' title="bbox 2021 2102 3596 2176">
    <p class='ocr_par' dir='ltr' id='par_1_34' title="bbox 2021 2102 3596 2176">
     <span class='ocr_line' id='line_1_34' title="bbox 2021 2102 3596 2176; baseline -0.004 -16"><span class='ocrx_word' id='word_1_281' title='bbox 2021 2107 2272 2172; x_wconf 83' lang='lat' dir='ltr'><strong>Domine,</strong></span> <span class='ocrx_word' id='word_1_282' title='bbox 2326 2107 2587 2176; x_wconf 90' lang='lat' dir='ltr'><strong>quoniam</strong></span> <span class='ocrx_word' id='word_1_283' title='bbox 2625 2105 2802 2159; x_wconf 89' lang='lat' dir='ltr'><strong>bonus</strong></span> <span class='ocrx_word' id='word_1_284' title='bbox 2844 2119 2927 2166; x_wconf 84' lang='lat' dir='ltr'><strong>es,</strong></span> <span class='ocrx_word' id='word_1_285' title='bbox 2957 2113 3011 2157; x_wconf 91' lang='lat' dir='ltr'><strong>et</strong></span> <span class='ocrx_word' id='word_1_286' title='bbox 3055 2118 3142 2158; x_wconf 88' lang='lat' dir='ltr'><strong>me</strong></span> <span class='ocrx_word' id='word_1_287' title='bbox 3175 2119 3239 2156; x_wconf 80' lang='lat' dir='ltr'><strong>ex</strong></span> <span class='ocrx_word' id='word_1_288' title='bbox 3279 2102 3426 2156; x_wconf 89' lang='lat' dir='ltr'><strong>omni</strong></span> <span class='ocrx_word' id='word_1_289' title='bbox 3461 2102 3596 2154; x_wconf 74' lang='lat' dir='ltr'><strong>uilli-</strong></span> 
     </span>
    </p>
   </div>
   <div class='ocr_carea' id='block_1_35' title="bbox 2018 2193 3599 2261">
    <p class='ocr_par' dir='ltr' id='par_1_35' title="bbox 2018 2193 3599 2261">
     <span class='ocr_line' id='line_1_35' title="bbox 2018 2193 3599 2261; baseline -0.006 -11"><span class='ocrx_word' id='word_1_290' title='bbox 2018 2199 2201 2250; x_wconf 86' lang='lat' dir='ltr'><strong>ctione</strong></span> <span class='ocrx_word' id='word_1_291' title='bbox 2225 2196 2494 2250; x_wconf 84' lang='lat' dir='ltr'><strong>liberasti.</strong></span> <span class='ocrx_word' id='word_1_292' title='bbox 2527 2194 2583 2247; x_wconf 77' lang='lat' dir='ltr'><strong>Et</strong></span> <span class='ocrx_word' id='word_1_293' title='bbox 2610 2195 2752 2247; x_wconf 87' lang='lat' dir='ltr'><strong>inter</strong></span> <span class='ocrx_word' id='word_1_294' title='bbox 2777 2193 2966 2248; x_wconf 84' lang='lat' dir='ltr'><strong>hostes</strong></span> <span class='ocrx_word' id='word_1_295' title='bbox 2997 2208 3148 2250; x_wconf 80' lang='lat' dir='ltr'><strong>meos</strong></span> <span class='ocrx_word' id='word_1_296' title='bbox 3187 2195 3438 2261; x_wconf 72' lang='lat' dir='ltr'><strong>suspexit</strong></span> <span class='ocrx_word' id='word_1_297' title='bbox 3466 2207 3599 2245; x_wconf 79' lang='lat' dir='ltr'><strong>ocu-</strong></span> 
     </span>
    </p>
   </div>
   <div class='ocr_carea' id='block_1_36' title="bbox 2020 2286 3589 2357">
    <p class='ocr_par' dir='ltr' id='par_1_36' title="bbox 2020 2286 3589 2357">
     <span class='ocr_line' id='line_1_36' title="bbox 2020 2286 3589 2357; baseline -0.003 -14"><span class='ocrx_word' id='word_1_298' title='bbox 2020 2291 2106 2345; x_wconf 91' lang='lat' dir='ltr'><strong>lus</strong></span> <span class='ocrx_word' id='word_1_299' title='bbox 2132 2305 2309 2352; x_wconf 77' lang='lat' dir='ltr'><strong>nieus,</strong></span> <span class='ocrx_word' id='word_1_300' title='bbox 2335 2297 2388 2342; x_wconf 91' lang='lat' dir='ltr'><strong>et</strong></span> <span class='ocrx_word' id='word_1_301' title='bbox 2423 2290 2540 2357; x_wconf 88' lang='lat' dir='ltr'><strong>ipse</strong></span> <span class='ocrx_word' id='word_1_302' title='bbox 2592 2287 2789 2341; x_wconf 83' lang='lat' dir='ltr'><strong>reddet</strong></span> <span class='ocrx_word' id='word_1_303' title='bbox 2815 2289 2958 2338; x_wconf 88' lang='lat' dir='ltr'><strong>mala</strong></span> <span class='ocrx_word' id='word_1_304' title='bbox 3015 2286 3268 2341; x_wconf 85' lang='lat' dir='ltr'><strong>hostibus</strong></span> <span class='ocrx_word' id='word_1_305' title='bbox 3306 2286 3443 2340; x_wconf 86' lang='lat' dir='ltr'><strong>meis</strong></span> <span class='ocrx_word' id='word_1_306' title='bbox 3475 2286 3542 2351; x_wconf 79' lang='lat'><strong>&quot;,</strong></span> <span class='ocrx_word' id='word_1_307' title='bbox 3575 2302 3589 2330; x_wconf 66' lang='lat' dir='ltr'><strong>t</strong></span> 
     </span>
    </p>
   </div>
   <div class='ocr_carea' id='block_1_37' title="bbox 2021 2379 3131 2456">
    <p class='ocr_par' dir='ltr' id='par_1_37' title="bbox 2021 2379 3131 2456">
     <span class='ocr_line' id='line_1_37' title="bbox 2021 2379 3131 2456; baseline -0.005 -21"><span class='ocrx_word' id='word_1_308' title='bbox 2021 2382 2406 2450; x_wconf 82' lang='lat' dir='ltr'><strong>spiritualihus</strong></span> <span class='ocrx_word' id='word_1_309' title='bbox 2432 2379 2708 2435; x_wconf 88' lang='lat' dir='ltr'><strong>videlicet.</strong></span> <span class='ocrx_word' id='word_1_310' title='bbox 3121 2446 3131 2456; x_wconf 26' lang='grc' dir='ltr'>ἢ</span> 
     </span>
    </p>
   </div>
   <div class='ocr_carea' id='block_1_38' title="bbox 397 2469 3595 2550">
    <p class='ocr_par' dir='ltr' id='par_1_38' title="bbox 397 2469 3595 2550">
     <span class='ocr_line' id='line_1_38' title="bbox 397 2469 3595 2550; baseline 0 -26"><span class='ocrx_word' id='word_1_311' title='bbox 397 2469 570 2538; x_wconf 81' lang='lat' dir='ltr'><strong>Prope</strong></span> <span class='ocrx_word' id='word_1_312' title='bbox 598 2481 646 2526; x_wconf 85' lang='lat' dir='ltr'><strong>te</strong></span> <span class='ocrx_word' id='word_1_313' title='bbox 669 2483 746 2527; x_wconf 79' lang='lat' dir='ltr'><strong>est</strong></span> <span class='ocrx_word' id='word_1_314' title='bbox 773 2475 986 2527; x_wconf 84' lang='lat' dir='ltr'><strong>verbum</strong></span> <span class='ocrx_word' id='word_1_315' title='bbox 1013 2477 1108 2530; x_wconf 83' lang='lat' dir='ltr'><strong>hoc</strong></span> <span class='ocrx_word' id='word_1_316' title='bbox 1133 2475 1308 2535; x_wconf 80' lang='lat' dir='ltr'><strong>valde.</strong></span> <span class='ocrx_word' id='word_1_317' title='bbox 1331 2477 1496 2530; x_wconf 84' lang='lat' dir='ltr'><strong>inore</strong></span> <span class='ocrx_word' id='word_1_318' title='bbox 1523 2486 1638 2542; x_wconf 86' lang='lat' dir='ltr'><strong>tuo,</strong></span> <span class='ocrx_word' id='word_1_319' title='bbox 1661 2489 1707 2532; x_wconf 80' lang='lat' dir='ltr'><strong>et</strong></span> <span class='ocrx_word' id='word_1_320' title='bbox 1732 2477 1787 2531; x_wconf 83' lang='lat' dir='ltr'><strong>in</strong></span> <span class='ocrx_word' id='word_1_321' title='bbox 1816 2477 1974 2532; x_wconf 81' lang='lat' dir='ltr'><strong>corde</strong></span> <span class='ocrx_word' id='word_1_322' title='bbox 1999 2487 2108 2531; x_wconf 88' lang='lat' dir='ltr'><strong>tuo.</strong></span> <span class='ocrx_word' id='word_1_323' title='bbox 2147 2476 2287 2549; x_wconf 45' lang='grc' dir='ltr'><strong>[ΗΛ</strong></span> <span class='ocrx_word' id='word_1_324' title='bbox 2313 2477 2435 2531; x_wconf 66' lang='grc' dir='ltr'><strong>ΙΙωο</strong></span> <span class='ocrx_word' id='word_1_325' title='bbox 2472 2492 2594 2530; x_wconf 91' lang='lat' dir='ltr'><strong>cum</strong></span> <span class='ocrx_word' id='word_1_326' title='bbox 2638 2476 2692 2529; x_wconf 93' lang='lat' dir='ltr'><strong>in</strong></span> <span class='ocrx_word' id='word_1_327' title='bbox 2744 2474 2983 2530; x_wconf 90' lang='lat' dir='ltr'><strong>medium</strong></span> <span class='ocrx_word' id='word_1_328' title='bbox 3022 2473 3341 2550; x_wconf 77' lang='lat' dir='ltr'><strong>protulisset</strong></span> <span class='ocrx_word' id='word_1_329' title='bbox 3372 2471 3595 2529; x_wconf 81' lang='lat' dir='ltr'><strong>Paulus.</strong></span> 
     </span>
    </p>
   </div>
   <div class='ocr_carea' id='block_1_39' title="bbox 329 2559 3601 2637">
    <p class='ocr_par' dir='ltr' id='par_1_39' title="bbox 329 2559 3601 2637">
     <span class='ocr_line' id='line_1_39' title="bbox 329 2559 3601 2637; baseline 0 -24"><span class='ocrx_word' id='word_1_330' title='bbox 329 2559 625 2615; x_wconf 88' lang='lat' dir='ltr'><strong>subintulit</strong></span> <span class='ocrx_word' id='word_1_331' title='bbox 669 2583 681 2615; x_wconf 87' lang='lat'>:</span> <span class='ocrx_word' id='word_1_332' title='bbox 727 2584 744 2615; x_wconf 88' lang='grc'><em>‹</em></span> <span class='ocrx_word' id='word_1_333' title='bbox 785 2564 898 2619; x_wconf 90' lang='lat' dir='ltr'><strong>llec</strong></span> <span class='ocrx_word' id='word_1_334' title='bbox 929 2573 1015 2620; x_wconf 86' lang='lat' dir='ltr'><strong>est</strong></span> <span class='ocrx_word' id='word_1_335' title='bbox 1056 2567 1285 2622; x_wconf 89' lang='lat' dir='ltr'><strong>verbum</strong></span> <span class='ocrx_word' id='word_1_336' title='bbox 1315 2567 1438 2622; x_wconf 82' lang='lat' dir='ltr'><strong>lidei</strong></span> <span class='ocrx_word' id='word_1_337' title='bbox 1474 2569 1620 2636; x_wconf 88' lang='lat' dir='ltr'><strong>quod</strong></span> <span class='ocrx_word' id='word_1_338' title='bbox 1667 2568 2035 2637; x_wconf 67' lang='lat' dir='ltr'><strong>praedicamus</strong></span> <span class='ocrx_word' id='word_1_339' title='bbox 2074 2568 2143 2620; x_wconf 77' lang='grc'><strong>’⁷.</strong></span> <span class='ocrx_word' id='word_1_340' title='bbox 2183 2585 2200 2617; x_wconf 77' lang='lat' dir='ltr'><strong>i</strong></span> <span class='ocrx_word' id='word_1_341' title='bbox 2237 2564 2312 2621; x_wconf 92' lang='lat' dir='ltr'><strong>De</strong></span> <span class='ocrx_word' id='word_1_342' title='bbox 2360 2565 2463 2620; x_wconf 80' lang='lat' dir='ltr'><strong>ﬁde</strong></span> <span class='ocrx_word' id='word_1_343' title='bbox 2517 2579 2794 2635; x_wconf 86' lang='lat' dir='ltr'><strong>usurpans</strong></span> <span class='ocrx_word' id='word_1_344' title='bbox 2854 2563 2996 2631; x_wconf 90' lang='lat' dir='ltr'><strong>quod</strong></span> <span class='ocrx_word' id='word_1_345' title='bbox 3061 2564 3129 2617; x_wconf 89' lang='lat' dir='ltr'><strong>de</strong></span> <span class='ocrx_word' id='word_1_346' title='bbox 3177 2561 3436 2615; x_wconf 87' lang='lat' dir='ltr'><strong>mandato</strong></span> <span class='ocrx_word' id='word_1_347' title='bbox 3485 2570 3601 2614; x_wconf 83' lang='lat' dir='ltr'><strong>erat</strong></span> 
     </span>
    </p>
   </div>
   <div class='ocr_carea' id='block_1_40' title="bbox 329 2647 3602 2728">
    <p class='ocr_par' dir='ltr' id='par_1_40' title="bbox 329 2647 3602 2728">
     <span class='ocr_line' id='line_1_40' title="bbox 329 2647 3602 2728; baseline -0.001 -27"><span class='ocrx_word' id='word_1_348' title='bbox 329 2647 564 2703; x_wconf 87' lang='lat' dir='ltr'><strong>dictum.</strong></span> <span class='ocrx_word' id='word_1_349' title='bbox 593 2651 666 2706; x_wconf 91' lang='lat' dir='ltr'><strong>De</strong></span> <span class='ocrx_word' id='word_1_350' title='bbox 692 2669 803 2722; x_wconf 93' lang='lat' dir='ltr'><strong>quo</strong></span> <span class='ocrx_word' id='word_1_351' title='bbox 828 2653 932 2708; x_wconf 87' lang='lat' dir='ltr'><strong>Job</strong></span> <span class='ocrx_word' id='word_1_352' title='bbox 968 2655 1020 2708; x_wconf 92' lang='lat' dir='ltr'><strong>in</strong></span> <span class='ocrx_word' id='word_1_353' title='bbox 1050 2656 1265 2710; x_wconf 86' lang='lat' dir='ltr'><strong>decimo</strong></span> <span class='ocrx_word' id='word_1_354' title='bbox 1301 2673 1523 2727; x_wconf 90' lang='lat' dir='ltr'><strong>quoque</strong></span> <span class='ocrx_word' id='word_1_355' title='bbox 1587 2659 1767 2728; x_wconf 86' lang='lat' dir='ltr'><strong>capite</strong></span> <span class='ocrx_word' id='word_1_356' title='bbox 1824 2657 2092 2728; x_wconf 89' lang='lat' dir='ltr'><strong>loquitur,</strong></span> <span class='ocrx_word' id='word_1_357' title='bbox 2145 2653 2546 2721; x_wconf 86' lang='lat' dir='ltr'><strong>scientiamque</strong></span> <span class='ocrx_word' id='word_1_358' title='bbox 2593 2667 2657 2706; x_wconf 90' lang='lat' dir='ltr'><strong>ac</strong></span> <span class='ocrx_word' id='word_1_359' title='bbox 2707 2650 3031 2720; x_wconf 86' lang='lat' dir='ltr'><strong>sapientiam</strong></span> <span class='ocrx_word' id='word_1_360' title='bbox 3068 2658 3245 2705; x_wconf 88' lang='lat' dir='ltr'><strong>vocat.</strong></span> <span class='ocrx_word' id='word_1_361' title='bbox 3301 2648 3444 2702; x_wconf 80' lang='lat' dir='ltr'><strong>Dixit</strong></span> <span class='ocrx_word' id='word_1_362' title='bbox 3473 2665 3602 2702; x_wconf 76' lang='lat' dir='ltr'><strong>vero</strong></span> 
     </span>
    </p>
   </div>
   <div class='ocr_carea' id='block_1_41' title="bbox 331 2734 3602 2816">
    <p class='ocr_par' dir='ltr' id='par_1_41' title="bbox 331 2734 3602 2816">
     <span class='ocr_line' id='line_1_41' title="bbox 331 2734 3602 2816; baseline -0 -27"><span class='ocrx_word' id='word_1_363' title='bbox 331 2734 542 2791; x_wconf 86' lang='lat' dir='ltr'><strong>hominl</strong></span> <span class='ocrx_word' id='word_1_364' title='bbox 585 2756 594 2788; x_wconf 92' lang='lat'>:</span> <span class='ocrx_word' id='word_1_365' title='bbox 633 2739 774 2795; x_wconf 80' lang='lat' dir='ltr'><strong>Ecce</strong></span> <span class='ocrx_word' id='word_1_366' title='bbox 809 2741 898 2796; x_wconf 88' lang='lat' dir='ltr'><strong>Dei</strong></span> <span class='ocrx_word' id='word_1_367' title='bbox 928 2746 1236 2798; x_wconf 85' lang='lat' dir='ltr'><strong>reverentia</strong></span> <span class='ocrx_word' id='word_1_368' title='bbox 1273 2747 1543 2816; x_wconf 84' lang='lat' dir='ltr'><strong>sapientia</strong></span> <span class='ocrx_word' id='word_1_369' title='bbox 1595 2756 1700 2811; x_wconf 90' lang='lat' dir='ltr'><strong>est,</strong></span> <span class='ocrx_word' id='word_1_370' title='bbox 1732 2746 2006 2802; x_wconf 87' lang='lat' dir='ltr'><strong>abstinere</strong></span> <span class='ocrx_word' id='word_1_371' title='bbox 2041 2760 2169 2798; x_wconf 89' lang='lat' dir='ltr'><strong>vero</strong></span> <span class='ocrx_word' id='word_1_372' title='bbox 2226 2758 2254 2796; x_wconf 91' lang='lat' dir='ltr'><strong>a</strong></span> <span class='ocrx_word' id='word_1_373' title='bbox 2313 2744 2577 2813; x_wconf 86' lang='lat' dir='ltr'><strong>peceatis,</strong></span> <span class='ocrx_word' id='word_1_374' title='bbox 2609 2741 2836 2794; x_wconf 87' lang='lat' dir='ltr'><strong>scientia</strong></span> <span class='ocrx_word' id='word_1_375' title='bbox 2871 2740 2936 2790; x_wconf 78' lang='grc'><strong>³⁸.</strong></span> <span class='ocrx_word' id='word_1_376' title='bbox 2982 2737 3156 2793; x_wconf 88' lang='lat' dir='ltr'><strong>Porro</strong></span> <span class='ocrx_word' id='word_1_377' title='bbox 3193 2739 3245 2791; x_wconf 93' lang='lat' dir='ltr'><strong>in</strong></span> <span class='ocrx_word' id='word_1_378' title='bbox 3282 2738 3493 2791; x_wconf 71' lang='lat' dir='ltr'><strong>liaruch</strong></span> <span class='ocrx_word' id='word_1_379' title='bbox 3533 2737 3602 2790; x_wconf 78' lang='lat' dir='ltr'><strong>de</strong></span> 
     </span>
    </p>
   </div>
   <div class='ocr_carea' id='block_1_42' title="bbox 332 2825 3606 2901">
    <p class='ocr_par' dir='ltr' id='par_1_42' title="bbox 332 2825 3606 2901">
     <span class='ocr_line' id='line_1_42' title="bbox 332 2825 3606 2901; baseline -0 -23"><span class='ocrx_word' id='word_1_380' title='bbox 332 2826 604 2893; x_wconf 77' lang='lat' dir='ltr'><strong>sapientia</strong></span> <span class='ocrx_word' id='word_1_381' title='bbox 627 2825 899 2884; x_wconf 86' lang='lat' dir='ltr'><strong>Jeremias</strong></span> <span class='ocrx_word' id='word_1_382' title='bbox 927 2830 1106 2899; x_wconf 84' lang='lat' dir='ltr'><strong>inquit</strong></span> <span class='ocrx_word' id='word_1_383' title='bbox 1141 2848 1154 2884; x_wconf 89' lang='lat'>:</span> <span class='ocrx_word' id='word_1_384' title='bbox 1189 2852 1207 2883; x_wconf 84' lang='grc'><strong>‹</strong></span> <span class='ocrx_word' id='word_1_385' title='bbox 1244 2831 1378 2897; x_wconf 86' lang='lat' dir='ltr'><strong>Quis</strong></span> <span class='ocrx_word' id='word_1_386' title='bbox 1409 2833 1655 2887; x_wconf 86' lang='lat' dir='ltr'><strong>ascendit</strong></span> <span class='ocrx_word' id='word_1_387' title='bbox 1690 2835 1742 2886; x_wconf 92' lang='lat' dir='ltr'><strong>in</strong></span> <span class='ocrx_word' id='word_1_388' title='bbox 1774 2833 1974 2887; x_wconf 67' lang='lat' dir='ltr'><strong>caelum</strong></span> <span class='ocrx_word' id='word_1_389' title='bbox 2010 2840 2064 2888; x_wconf 93' lang='lat' dir='ltr'><strong>ct</strong></span> <span class='ocrx_word' id='word_1_390' title='bbox 2095 2830 2515 2901; x_wconf 90' lang='lat' dir='ltr'><strong>comprehendit</strong></span> <span class='ocrx_word' id='word_1_391' title='bbox 2548 2829 2739 2882; x_wconf 87' lang='lat' dir='ltr'><strong>illam?</strong></span> <span class='ocrx_word' id='word_1_392' title='bbox 2772 2829 2895 2897; x_wconf 90' lang='lat' dir='ltr'><strong>quis</strong></span> <span class='ocrx_word' id='word_1_393' title='bbox 2921 2827 3156 2882; x_wconf 79' lang='lat' dir='ltr'><strong>detraxit</strong></span> <span class='ocrx_word' id='word_1_394' title='bbox 3207 2842 3325 2880; x_wconf 88' lang='lat' dir='ltr'><strong>eam</strong></span> <span class='ocrx_word' id='word_1_395' title='bbox 3366 2841 3396 2881; x_wconf 91' lang='lat' dir='ltr'><strong>e</strong></span> <span class='ocrx_word' id='word_1_396' title='bbox 3445 2826 3606 2878; x_wconf 87' lang='lat' dir='ltr'><strong>nubi-</strong></span> 
     </span>
    </p>
   </div>
   <div class='ocr_carea' id='block_1_43' title="bbox 332 2912 3602 2990">
    <p class='ocr_par' dir='ltr' id='par_1_43' title="bbox 332 2912 3602 2990">
     <span class='ocr_line' id='line_1_43' title="bbox 332 2912 3602 2990; baseline 0 -26"><span class='ocrx_word' id='word_1_397' title='bbox 332 2913 479 2966; x_wconf 82' lang='lat' dir='ltr'><strong>bus?</strong></span> <span class='ocrx_word' id='word_1_398' title='bbox 505 2912 643 2979; x_wconf 86' lang='lat' dir='ltr'><strong>Quis</strong></span> <span class='ocrx_word' id='word_1_399' title='bbox 671 2916 884 2982; x_wconf 77' lang='lat' dir='ltr'><strong>trajecit</strong></span> <span class='ocrx_word' id='word_1_400' title='bbox 917 2933 1068 2972; x_wconf 86' lang='lat' dir='ltr'><strong>mare</strong></span> <span class='ocrx_word' id='word_1_401' title='bbox 1120 2921 1212 2988; x_wconf 89' lang='lat' dir='ltr'><strong>qui</strong></span> <span class='ocrx_word' id='word_1_402' title='bbox 1249 2922 1516 2974; x_wconf 76' lang='lat' dir='ltr'><strong>invenerit</strong></span> <span class='ocrx_word' id='word_1_403' title='bbox 1541 2936 1685 2980; x_wconf 87' lang='lat' dir='ltr'><strong>eam.</strong></span> <span class='ocrx_word' id='word_1_404' title='bbox 1729 2935 1978 2990; x_wconf 88' lang='lat' dir='ltr'><strong>auroque</strong></span> <span class='ocrx_word' id='word_1_405' title='bbox 2050 2934 2189 2990; x_wconf 93' lang='lat' dir='ltr'><strong>puro</strong></span> <span class='ocrx_word' id='word_1_406' title='bbox 2231 2918 2601 2987; x_wconf 75' lang='lat' dir='ltr'><strong>compararit?</strong></span> <span class='ocrx_word' id='word_1_407' title='bbox 2628 2916 2744 2971; x_wconf 87' lang='lat' dir='ltr'><strong>Non</strong></span> <span class='ocrx_word' id='word_1_408' title='bbox 2778 2924 2861 2970; x_wconf 89' lang='lat' dir='ltr'><strong>est</strong></span> <span class='ocrx_word' id='word_1_409' title='bbox 2901 2916 2997 2984; x_wconf 90' lang='lat' dir='ltr'><strong>qui</strong></span> <span class='ocrx_word' id='word_1_410' title='bbox 3032 2917 3177 2968; x_wconf 89' lang='lat' dir='ltr'><strong>viam</strong></span> <span class='ocrx_word' id='word_1_411' title='bbox 3207 2915 3327 2984; x_wconf 89' lang='lat' dir='ltr'><strong>ejus</strong></span> <span class='ocrx_word' id='word_1_412' title='bbox 3367 2915 3602 2977; x_wconf 88' lang='lat' dir='ltr'><strong>noverit,</strong></span> 
     </span>
    </p>
   </div>
   <div class='ocr_carea' id='block_1_44' title="bbox 332 3000 3605 3073">
    <p class='ocr_par' dir='ltr' id='par_1_44' title="bbox 332 3000 3605 3073">
     <span class='ocr_line' id='line_1_44' title="bbox 332 3000 3605 3073; baseline 0 -24"><span class='ocrx_word' id='word_1_413' title='bbox 332 3007 428 3050; x_wconf 88' lang='lat' dir='ltr'><strong>aut</strong></span> <span class='ocrx_word' id='word_1_414' title='bbox 456 3000 547 3063; x_wconf 87' lang='lat' dir='ltr'><strong>qui</strong></span> <span class='ocrx_word' id='word_1_415' title='bbox 574 3002 766 3054; x_wconf 87' lang='lat' dir='ltr'><strong>callem</strong></span> <span class='ocrx_word' id='word_1_416' title='bbox 803 3003 924 3072; x_wconf 84' lang='lat' dir='ltr'><strong>ejus</strong></span> <span class='ocrx_word' id='word_1_417' title='bbox 967 3020 1298 3073; x_wconf 80' lang='lat' dir='ltr'><strong>perpensum</strong></span> <span class='ocrx_word' id='word_1_418' title='bbox 1332 3009 1550 3062; x_wconf 84' lang='lat' dir='ltr'><strong>habeat.</strong></span> <span class='ocrx_word' id='word_1_419' title='bbox 1583 3007 1782 3061; x_wconf 86' lang='lat' dir='ltr'><strong>Verum</strong></span> <span class='ocrx_word' id='word_1_420' title='bbox 1824 3008 1908 3061; x_wconf 89' lang='lat' dir='ltr'><strong>cui</strong></span> <span class='ocrx_word' id='word_1_421' title='bbox 1978 3017 2108 3062; x_wconf 86' lang='lat' dir='ltr'><strong>nota</strong></span> <span class='ocrx_word' id='word_1_422' title='bbox 2171 3015 2300 3062; x_wconf 92' lang='lat' dir='ltr'><strong>sunt</strong></span> <span class='ocrx_word' id='word_1_423' title='bbox 2333 3007 2542 3070; x_wconf 89' lang='lat' dir='ltr'><strong>omnia,</strong></span> <span class='ocrx_word' id='word_1_424' title='bbox 2577 3006 2623 3060; x_wconf 90' lang='lat' dir='ltr'><strong>is</strong></span> <span class='ocrx_word' id='word_1_425' title='bbox 2671 3015 2725 3058; x_wconf 89' lang='lat' dir='ltr'><strong>et</strong></span> <span class='ocrx_word' id='word_1_426' title='bbox 2789 3006 2930 3058; x_wconf 93' lang='lat' dir='ltr'><strong>hanc</strong></span> <span class='ocrx_word' id='word_1_427' title='bbox 2974 3004 3264 3073; x_wconf 72' lang='lat' dir='ltr'><strong>prudentia</strong></span> <span class='ocrx_word' id='word_1_428' title='bbox 3315 3018 3410 3056; x_wconf 88' lang='lat' dir='ltr'><strong>sua</strong></span> <span class='ocrx_word' id='word_1_429' title='bbox 3446 3003 3605 3054; x_wconf 61' lang='lat' dir='ltr'><strong>habet</strong></span> 
     </span>
    </p>
   </div>
   <div class='ocr_carea' id='block_1_45' title="bbox 331 3090 3606 3165">
    <p class='ocr_par' dir='ltr' id='par_1_45' title="bbox 331 3090 3606 3165">
     <span class='ocr_line' id='line_1_45' title="bbox 331 3090 3606 3165; baseline 0.001 -25"><span class='ocrx_word' id='word_1_430' title='bbox 331 3091 607 3158; x_wconf 87' lang='lat' dir='ltr'><strong>cognitam</strong></span> <span class='ocrx_word' id='word_1_431' title='bbox 634 3093 700 3146; x_wconf 71' lang='grc'><strong>⁸³.</strong></span> <span class='ocrx_word' id='word_1_432' title='bbox 742 3112 761 3145; x_wconf 80' lang='lat' dir='ltr'><strong>t</strong></span> <span class='ocrx_word' id='word_1_433' title='bbox 795 3093 913 3147; x_wconf 81' lang='lat' dir='ltr'><strong>Non</strong></span> <span class='ocrx_word' id='word_1_434' title='bbox 944 3095 1108 3164; x_wconf 80' lang='lat' dir='ltr'><strong>igitur</strong></span> <span class='ocrx_word' id='word_1_435' title='bbox 1133 3097 1459 3151; x_wconf 89' lang='lat' dir='ltr'><strong>immensum</strong></span> <span class='ocrx_word' id='word_1_436' title='bbox 1494 3110 1579 3152; x_wconf 87' lang='lat' dir='ltr'><strong>est</strong></span> <span class='ocrx_word' id='word_1_437' title='bbox 1608 3099 1950 3158; x_wconf 84' lang='lat' dir='ltr'><strong>mandatum.</strong></span> <span class='ocrx_word' id='word_1_438' title='bbox 1973 3104 2236 3165; x_wconf 89' lang='lat' dir='ltr'><strong>tanquam</strong></span> <span class='ocrx_word' id='word_1_439' title='bbox 2268 3093 2505 3148; x_wconf 76' lang='lat' dir='ltr'><strong>infantes</strong></span> <span class='ocrx_word' id='word_1_440' title='bbox 2537 3094 2680 3146; x_wconf 91' lang='lat' dir='ltr'><strong>enim</strong></span> <span class='ocrx_word' id='word_1_441' title='bbox 2713 3093 2854 3147; x_wconf 88' lang='lat' dir='ltr'><strong>lacte</strong></span> <span class='ocrx_word' id='word_1_442' title='bbox 2885 3091 3117 3161; x_wconf 83' lang='lat' dir='ltr'><strong>potavit.</strong></span> <span class='ocrx_word' id='word_1_443' title='bbox 3156 3090 3369 3160; x_wconf 83' lang='lat' dir='ltr'><strong>Ecquid</strong></span> <span class='ocrx_word' id='word_1_444' title='bbox 3406 3093 3606 3143; x_wconf 88' lang='lat' dir='ltr'><strong>mirum</strong></span> 
     </span>
    </p>
   </div>
   <div class='ocr_carea' id='block_1_46' title="bbox 331 3179 3601 3255">
    <p class='ocr_par' dir='ltr' id='par_1_46' title="bbox 331 3179 3601 3255">
     <span class='ocr_line' id='line_1_46' title="bbox 331 3179 3601 3255; baseline 0.002 -27"><span class='ocrx_word' id='word_1_445' title='bbox 331 3190 465 3230; x_wconf 87' lang='lat' dir='ltr'><strong>vero</strong></span> <span class='ocrx_word' id='word_1_446' title='bbox 509 3191 643 3247; x_wconf 88' lang='lat' dir='ltr'><strong>esse</strong></span> <span class='ocrx_word' id='word_1_447' title='bbox 706 3179 892 3245; x_wconf 86' lang='lat' dir='ltr'><strong>debet,</strong></span> <span class='ocrx_word' id='word_1_448' title='bbox 950 3198 1073 3236; x_wconf 92' lang='lat' dir='ltr'><strong>cum</strong></span> <span class='ocrx_word' id='word_1_449' title='bbox 1137 3182 1377 3241; x_wconf 77' lang='lat' dir='ltr'><strong>Joannes</strong></span> <span class='ocrx_word' id='word_1_450' title='bbox 1418 3202 1640 3255; x_wconf 90' lang='lat' dir='ltr'><strong>quoque</strong></span> <span class='ocrx_word' id='word_1_451' title='bbox 1675 3185 1881 3241; x_wconf 84' lang='lat' dir='ltr'><strong>Christi</strong></span> <span class='ocrx_word' id='word_1_452' title='bbox 1943 3185 2202 3239; x_wconf 85' lang='lat' dir='ltr'><strong>mandata</strong></span> <span class='ocrx_word' id='word_1_453' title='bbox 2238 3185 2374 3237; x_wconf 89' lang='lat' dir='ltr'><strong>levia</strong></span> <span class='ocrx_word' id='word_1_454' title='bbox 2411 3198 2535 3238; x_wconf 80' lang='lat' dir='ltr'><strong>eSse</strong></span> <span class='ocrx_word' id='word_1_455' title='bbox 2570 3182 2810 3235; x_wconf 88' lang='lat' dir='ltr'><strong>astruit?</strong></span> <span class='ocrx_word' id='word_1_456' title='bbox 2853 3179 2994 3247; x_wconf 89' lang='lat' dir='ltr'><strong>Quin</strong></span> <span class='ocrx_word' id='word_1_457' title='bbox 3031 3189 3086 3234; x_wconf 91' lang='lat' dir='ltr'><strong>ct</strong></span> <span class='ocrx_word' id='word_1_458' title='bbox 3114 3181 3341 3251; x_wconf 86' lang='lat' dir='ltr'><strong>ipsemet</strong></span> <span class='ocrx_word' id='word_1_459' title='bbox 3371 3180 3550 3249; x_wconf 92' lang='lat' dir='ltr'><strong>inquit</strong></span> <span class='ocrx_word' id='word_1_460' title='bbox 3591 3201 3601 3233; x_wconf 93' lang='lat'>:</span> 
     </span>
    </p>
   </div>
   <div class='ocr_carea' id='block_1_47' title="bbox 339 3260 3608 3346">
    <p class='ocr_par' dir='ltr' id='par_1_47' title="bbox 339 3260 3608 3346">
     <span class='ocr_line' id='line_1_47' title="bbox 339 3260 3608 3346; baseline 0.001 -27"><span class='ocrx_word' id='word_1_461' title='bbox 339 3279 361 3312; x_wconf 68' lang='grc' dir='ltr'><strong><em>ι</em></strong></span> <span class='ocrx_word' id='word_1_462' title='bbox 403 3260 602 3333; x_wconf 75' lang='lat' dir='ltr'><strong>Jugum</strong></span> <span class='ocrx_word' id='word_1_463' title='bbox 638 3284 818 3322; x_wconf 87' lang='lat' dir='ltr'><strong>meum</strong></span> <span class='ocrx_word' id='word_1_464' title='bbox 858 3268 1087 3336; x_wconf 89' lang='lat' dir='ltr'><strong>bonum,</strong></span> <span class='ocrx_word' id='word_1_465' title='bbox 1121 3279 1177 3346; x_wconf 89' lang='lat' dir='ltr'><strong>et</strong></span> <span class='ocrx_word' id='word_1_466' title='bbox 1216 3287 1359 3328; x_wconf 91' lang='lat' dir='ltr'><strong>onus</strong></span> <span class='ocrx_word' id='word_1_467' title='bbox 1408 3288 1589 3328; x_wconf 88' lang='lat' dir='ltr'><strong>meum</strong></span> <span class='ocrx_word' id='word_1_468' title='bbox 1621 3273 1737 3332; x_wconf 90' lang='lat' dir='ltr'><strong>leve</strong></span> <span class='ocrx_word' id='word_1_469' title='bbox 1769 3275 1836 3340; x_wconf 84' lang='grc' dir='ltr'><strong>³ο.</strong></span> <span class='ocrx_word' id='word_1_470' title='bbox 1873 3294 1892 3327; x_wconf 72' lang='grc' dir='ltr'><strong><em>ι</em></strong></span> <span class='ocrx_word' id='word_1_471' title='bbox 1928 3285 2138 3345; x_wconf 88' lang='lat' dir='ltr'><strong>quanto</strong></span> <span class='ocrx_word' id='word_1_472' title='bbox 2192 3274 2364 3345; x_wconf 86' lang='lat' dir='ltr'><strong>magis</strong></span> <span class='ocrx_word' id='word_1_473' title='bbox 2426 3271 2705 3343; x_wconf 79' lang='lat' dir='ltr'><strong>pa-dagogi</strong></span> <span class='ocrx_word' id='word_1_474' title='bbox 2741 3269 2886 3340; x_wconf 92' lang='lat' dir='ltr'><strong>quod</strong></span> <span class='ocrx_word' id='word_1_475' title='bbox 2936 3269 3083 3324; x_wconf 89' lang='lat' dir='ltr'><strong>circa</strong></span> <span class='ocrx_word' id='word_1_476' title='bbox 3118 3269 3339 3324; x_wconf 88' lang='lat' dir='ltr'><strong>sensilia</strong></span> <span class='ocrx_word' id='word_1_477' title='bbox 3378 3270 3608 3324; x_wconf 79' lang='lat' dir='ltr'><strong>vertitur</strong></span> 
     </span>
    </p>
   </div>
   <div class='ocr_carea' id='block_1_48' title="bbox 335 3355 685 3412">
    <p class='ocr_par' dir='ltr' id='par_1_48' title="bbox 335 3355 685 3412">
     <span class='ocr_line' id='line_1_48' title="bbox 335 3355 685 3412; baseline 0.02 -7"><span class='ocrx_word' id='word_1_478' title='bbox 335 3355 685 3412; x_wconf 88' lang='lat' dir='ltr'><strong>mandatum.</strong></span> 
     </span>
    </p>
   </div>
   <div class='ocr_carea' id='block_1_49' title="bbox 403 3477 2088 3552">
    <p class='ocr_par' dir='ltr' id='par_1_49' title="bbox 403 3477 1989 3552">
     <span class='ocr_line' id='line_1_49' title="bbox 403 3477 1989 3552; baseline 0.011 -25"><span class='ocrx_word' id='word_1_479' title='bbox 403 3477 882 3548; x_wconf 76' lang='grc' dir='ltr'><strong>Διαμαρτύρομαι</strong></span> <span class='ocrx_word' id='word_1_480' title='bbox 926 3482 1070 3550; x_wconf 79' lang='grc' dir='ltr'><strong>ὑμῖν</strong></span> <span class='ocrx_word' id='word_1_481' title='bbox 1119 3483 1388 3552; x_wconf 75' lang='grc' dir='ltr'><strong>σήμερον</strong></span> <span class='ocrx_word' id='word_1_482' title='bbox 1419 3484 1527 3537; x_wconf 84' lang='grc' dir='ltr'><strong>τόν</strong></span> <span class='ocrx_word' id='word_1_483' title='bbox 1558 3501 1622 3538; x_wconf 79' lang='grc' dir='ltr'>τε</span> <span class='ocrx_word' id='word_1_484' title='bbox 1661 3485 1921 3552; x_wconf 79' lang='grc' dir='ltr'>οὐρανὸν</span> <span class='ocrx_word' id='word_1_485' title='bbox 1947 3489 1989 3544; x_wconf 87' lang='lat' dir='ltr'><strong>C</strong></span> 
     </span>
    </p>
   </div>
   <div class='ocr_carea' id='block_1_50' title="bbox 1919 3477 3604 3552">
    <p class='ocr_par' dir='ltr' id='par_1_50' title="bbox 1919 3483 3604 3546">
     <span class='ocr_line' id='line_1_50' title="bbox 1919 3483 3604 3546; baseline -0.004 -7"><span class='ocrx_word' id='word_1_486' title='bbox 1919 3489 1989 3544; x_wconf 67' lang='lat' dir='ltr'><strong>&#39;C</strong></span> <span class='ocrx_word' id='word_1_487' title='bbox 2097 3483 2342 3538; x_wconf 79' lang='lat' dir='ltr'><strong>Oblestor</strong></span> <span class='ocrx_word' id='word_1_488' title='bbox 2368 3483 2524 3536; x_wconf 79' lang='lat' dir='ltr'><strong>hodie</strong></span> <span class='ocrx_word' id='word_1_489' title='bbox 2557 3491 2605 3536; x_wconf 89' lang='lat' dir='ltr'><strong>et</strong></span> <span class='ocrx_word' id='word_1_490' title='bbox 2652 3483 2839 3537; x_wconf 75' lang='lat' dir='ltr'><strong>ccelum</strong></span> <span class='ocrx_word' id='word_1_491' title='bbox 2871 3491 2920 3536; x_wconf 81' lang='lat' dir='ltr'><strong>et</strong></span> <span class='ocrx_word' id='word_1_492' title='bbox 2947 3491 3165 3546; x_wconf 87' lang='lat' dir='ltr'><strong>terram,</strong></span> <span class='ocrx_word' id='word_1_493' title='bbox 3203 3483 3364 3535; x_wconf 83' lang='lat' dir='ltr'><strong>vitam</strong></span> <span class='ocrx_word' id='word_1_494' title='bbox 3396 3493 3444 3534; x_wconf 86' lang='lat' dir='ltr'><strong>et</strong></span> <span class='ocrx_word' id='word_1_495' title='bbox 3465 3497 3604 3533; x_wconf 86' lang='lat' dir='ltr'><strong>mor-</strong></span> 
     </span>
    </p>
   </div>
   <div class='ocr_carea' id='block_1_51' title="bbox 337 3567 2022 3645">
    <p class='ocr_par' dir='ltr' id='par_1_51' title="bbox 337 3567 1922 3642">
     <span class='ocr_line' id='line_1_51' title="bbox 337 3567 1922 3642; baseline 0.008 -22"><span class='ocrx_word' id='word_1_496' title='bbox 337 3567 436 3621; x_wconf 78' lang='grc' dir='ltr'><strong>καὶ</strong></span> <span class='ocrx_word' id='word_1_497' title='bbox 459 3569 576 3634; x_wconf 79' lang='grc' dir='ltr'><strong>τὴν</strong></span> <span class='ocrx_word' id='word_1_498' title='bbox 605 3570 746 3637; x_wconf 77' lang='grc' dir='ltr'><strong>γῆν,</strong></span> <span class='ocrx_word' id='word_1_499' title='bbox 781 3572 898 3640; x_wconf 79' lang='grc' dir='ltr'><strong>τὴν</strong></span> <span class='ocrx_word' id='word_1_500' title='bbox 941 3572 1097 3642; x_wconf 74' lang='grc' dir='ltr'><strong>ζωὴν</strong></span> <span class='ocrx_word' id='word_1_501' title='bbox 1137 3577 1234 3629; x_wconf 76' lang='grc' dir='ltr'><strong>καὶ</strong></span> <span class='ocrx_word' id='word_1_502' title='bbox 1271 3577 1378 3630; x_wconf 77' lang='grc' dir='ltr'><strong>τὸν</strong></span> <span class='ocrx_word' id='word_1_503' title='bbox 1408 3578 1670 3632; x_wconf 79' lang='grc' dir='ltr'><strong>θάνατον</strong></span> <span class='ocrx_word' id='word_1_504' title='bbox 1693 3576 1922 3632; x_wconf 80' lang='grc' dir='ltr'><strong>δέδωκα</strong></span> 
     </span>
    </p>
   </div>
   <div class='ocr_carea' id='block_1_52' title="bbox 1922 3567 3607 3645">
    <p class='ocr_par' dir='ltr' id='par_1_52' title="bbox 2028 3573 3607 3645">
     <span class='ocr_line' id='line_1_52' title="bbox 2028 3573 3607 3645; baseline -0.004 -15"><span class='ocrx_word' id='word_1_505' title='bbox 2028 3587 2127 3630; x_wconf 83' lang='lat' dir='ltr'><strong>tem</strong></span> <span class='ocrx_word' id='word_1_506' title='bbox 2153 3576 2404 3643; x_wconf 82' lang='lat' dir='ltr'><strong>proposui</strong></span> <span class='ocrx_word' id='word_1_507' title='bbox 2433 3576 2599 3636; x_wconf 72' lang='lat' dir='ltr'><strong>vobis,</strong></span> <span class='ocrx_word' id='word_1_508' title='bbox 2630 3583 2740 3630; x_wconf 87' lang='lat' dir='ltr'><strong>etc.</strong></span> <span class='ocrx_word' id='word_1_509' title='bbox 2766 3573 2902 3645; x_wconf 15' lang='lat' dir='ltr'><strong>[l6.1|</strong></span> <span class='ocrx_word' id='word_1_510' title='bbox 2935 3573 3285 3645; x_wconf 89' lang='lat' dir='ltr'><strong>Quapropter</strong></span> <span class='ocrx_word' id='word_1_511' title='bbox 3318 3589 3442 3628; x_wconf 91' lang='lat' dir='ltr'><strong>cum</strong></span> <span class='ocrx_word' id='word_1_512' title='bbox 3470 3573 3607 3626; x_wconf 82' lang='lat' dir='ltr'><strong>falso</strong></span> 
     </span>
    </p>
   </div>
   <div class='ocr_carea' id='block_1_53' title="bbox 333 3661 2018 3740">
    <p class='ocr_par' dir='ltr' id='par_1_53' title="bbox 333 3661 1924 3740">
     <span class='ocr_line' id='line_1_53' title="bbox 333 3661 1924 3740; baseline 0.008 -30"><span class='ocrx_word' id='word_1_513' title='bbox 333 3662 450 3726; x_wconf 81' lang='grc' dir='ltr'><strong>πρὸ</strong></span> <span class='ocrx_word' id='word_1_514' title='bbox 481 3661 812 3728; x_wconf 79' lang='grc' dir='ltr'><strong>προσώπου</strong></span> <span class='ocrx_word' id='word_1_515' title='bbox 838 3664 1025 3733; x_wconf 83' lang='grc' dir='ltr'><strong>ὑμῶν.</strong></span> <span class='ocrx_word' id='word_1_516' title='bbox 1071 3667 1290 3736; x_wconf 83' lang='grc' dir='ltr'><strong>Ἀμέλει</strong></span> <span class='ocrx_word' id='word_1_517' title='bbox 1315 3668 1402 3722; x_wconf 82' lang='grc' dir='ltr'><strong>διὰ</strong></span> <span class='ocrx_word' id='word_1_518' title='bbox 1424 3670 1604 3733; x_wconf 84' lang='grc' dir='ltr'>τοῦτο,</span> <span class='ocrx_word' id='word_1_519' title='bbox 1644 3669 1924 3740; x_wconf 76' lang='grc' dir='ltr'><strong>παραϐάν-</strong></span> 
     </span>
    </p>
   </div>
   <div class='ocr_carea' id='block_1_54' title="bbox 1921 3661 3606 3740">
    <p class='ocr_par' dir='ltr' id='par_1_54' title="bbox 1921 3662 3606 3736">
     <span class='ocr_line' id='line_1_54' title="bbox 1921 3662 3606 3736; baseline -0.006 -12"><span class='ocrx_word' id='word_1_520' title='bbox 1921 3698 1924 3708; x_wconf 92' lang='lat'><strong><em>-</em></strong></span> <span class='ocrx_word' id='word_1_521' title='bbox 2028 3669 2450 3724; x_wconf 85' lang='lat' dir='ltr'><strong>sinnilacrorum</strong></span> <span class='ocrx_word' id='word_1_522' title='bbox 2505 3668 2657 3722; x_wconf 93' lang='lat' dir='ltr'><strong>cultu</strong></span> <span class='ocrx_word' id='word_1_523' title='bbox 2709 3667 3073 3736; x_wconf 86' lang='lat' dir='ltr'><strong>deliquissent</strong></span> <span class='ocrx_word' id='word_1_524' title='bbox 3123 3665 3228 3736; x_wconf 91' lang='lat' dir='ltr'><strong>ipsi</strong></span> <span class='ocrx_word' id='word_1_525' title='bbox 3263 3665 3316 3718; x_wconf 90' lang='lat' dir='ltr'><strong>in</strong></span> <span class='ocrx_word' id='word_1_526' title='bbox 3350 3662 3606 3717; x_wconf 71' lang='lat' dir='ltr'><strong>Judicum</strong></span> 
     </span>
    </p>
   </div>
   <div class='ocr_carea' id='block_1_55' title="bbox 331 3753 2016 3832">
    <p class='ocr_par' dir='ltr' id='par_1_55' title="bbox 331 3753 1924 3832">
     <span class='ocr_line' id='line_1_55' title="bbox 331 3753 1924 3832; baseline 0.007 -29"><span class='ocrx_word' id='word_1_527' title='bbox 331 3767 441 3804; x_wconf 80' lang='grc' dir='ltr'><strong>των</strong></span> <span class='ocrx_word' id='word_1_528' title='bbox 489 3753 669 3806; x_wconf 78' lang='grc' dir='ltr'>αὐτῶν</span> <span class='ocrx_word' id='word_1_529' title='bbox 719 3759 814 3810; x_wconf 70' lang='grc' dir='ltr'><strong>καὶ</strong></span> <span class='ocrx_word' id='word_1_530' title='bbox 864 3757 1492 3831; x_wconf 75' lang='grc' dir='ltr'><strong>εἰδωλολατρευσάντων,</strong></span> <span class='ocrx_word' id='word_1_531' title='bbox 1546 3763 1603 3814; x_wconf 83' lang='grc' dir='ltr'><strong>ὲν</strong></span> <span class='ocrx_word' id='word_1_532' title='bbox 1641 3763 1754 3824; x_wconf 77' lang='grc' dir='ltr'>τοῖς</span> <span class='ocrx_word' id='word_1_533' title='bbox 1785 3762 1924 3832; x_wconf 86' lang='grc' dir='ltr'><strong>Κρι-</strong></span> 
     </span>
    </p>
   </div>
   <div class='ocr_carea' id='block_1_56' title="bbox 1907 3753 3592 3832">
    <p class='ocr_par' dir='ltr' id='par_1_56' title="bbox 1907 3757 3592 3820">
     <span class='ocr_line' id='line_1_56' title="bbox 1907 3757 3592 3820; baseline -0.004 -6"><span class='ocrx_word' id='word_1_534' title='bbox 1907 3791 1924 3802; x_wconf 95' lang='grc'><strong>-</strong></span> <span class='ocrx_word' id='word_1_535' title='bbox 2029 3761 2182 3814; x_wconf 87' lang='lat' dir='ltr'><strong>libris</strong></span> <span class='ocrx_word' id='word_1_536' title='bbox 2209 3760 2414 3813; x_wconf 89' lang='lat' dir='ltr'><strong>dicitur</strong></span> <span class='ocrx_word' id='word_1_537' title='bbox 2445 3775 2459 3812; x_wconf 87' lang='lat'><strong>:</strong></span> <span class='ocrx_word' id='word_1_538' title='bbox 2497 3777 2515 3810; x_wconf 83' lang='lat' dir='ltr'><strong>t</strong></span> <span class='ocrx_word' id='word_1_539' title='bbox 2557 3761 2622 3812; x_wconf 77' lang='lat' dir='ltr'><strong>Et</strong></span> <span class='ocrx_word' id='word_1_540' title='bbox 2658 3773 2852 3813; x_wconf 89' lang='lat' dir='ltr'><strong>manus</strong></span> <span class='ocrx_word' id='word_1_541' title='bbox 2885 3757 3096 3814; x_wconf 89' lang='lat' dir='ltr'><strong>Domini</strong></span> <span class='ocrx_word' id='word_1_542' title='bbox 3150 3757 3292 3810; x_wconf 88' lang='lat' dir='ltr'><strong>mala</strong></span> <span class='ocrx_word' id='word_1_543' title='bbox 3338 3757 3592 3820; x_wconf 74' lang='lat' dir='ltr'><strong>intendit,</strong></span> 
     </span>
    </p>
   </div>
   <div class='ocr_carea' id='block_1_57' title="bbox 331 3836 2016 3927">
    <p class='ocr_par' dir='ltr' id='par_1_57' title="bbox 331 3836 1918 3927">
     <span class='ocr_line' id='line_1_57' title="bbox 331 3836 1918 3927; baseline 0.008 -31"><span class='ocrx_word' id='word_1_544' title='bbox 331 3847 453 3908; x_wconf 80' lang='grc' dir='ltr'><strong>ταῖς</strong></span> <span class='ocrx_word' id='word_1_545' title='bbox 485 3845 560 3913; x_wconf 77' lang='lat'><strong>(5)</strong></span> <span class='ocrx_word' id='word_1_546' title='bbox 607 3849 880 3920; x_wconf 76' lang='grc' dir='ltr'><strong>εὐκαίρως</strong></span> <span class='ocrx_word' id='word_1_547' title='bbox 936 3854 964 3904; x_wconf 82' lang='grc' dir='ltr'>ὁ</span> <span class='ocrx_word' id='word_1_548' title='bbox 1017 3836 1368 3925; x_wconf 65' lang='grc' dir='ltr'>συγγράφεὺς</span> <span class='ocrx_word' id='word_1_549' title='bbox 1403 3857 1801 3927; x_wconf 75' lang='grc' dir='ltr'><strong>ἐπιμέμνηται,</strong></span> <span class='ocrx_word' id='word_1_550' title='bbox 1827 3855 1918 3909; x_wconf 80' lang='grc' dir='ltr'><strong>λέ-</strong></span> 
     </span>
    </p>
   </div>
   <div class='ocr_carea' id='block_1_58' title="bbox 1920 3836 3605 3927">
    <p class='ocr_par' dir='ltr' id='par_1_58' title="bbox 2024 3851 3605 3926">
     <span class='ocr_line' id='line_1_58' title="bbox 2024 3851 3605 3926; baseline -0.003 -16"><span class='ocrx_word' id='word_1_551' title='bbox 2024 3853 2481 3926; x_wconf 88' lang='lat' dir='ltr'><strong>quetnadmodutn</strong></span> <span class='ocrx_word' id='word_1_552' title='bbox 2533 3854 2746 3908; x_wconf 90' lang='lat' dir='ltr'><strong>locutus</strong></span> <span class='ocrx_word' id='word_1_553' title='bbox 2788 3861 2872 3908; x_wconf 89' lang='lat' dir='ltr'><strong>est</strong></span> <span class='ocrx_word' id='word_1_554' title='bbox 2908 3854 2990 3908; x_wconf 82' lang='lat' dir='ltr'><strong>eis</strong></span> <span class='ocrx_word' id='word_1_555' title='bbox 3026 3851 3310 3919; x_wconf 88' lang='lat' dir='ltr'><strong>Dominus,</strong></span> <span class='ocrx_word' id='word_1_556' title='bbox 3353 3861 3406 3907; x_wconf 84' lang='lat' dir='ltr'><strong>et</strong></span> <span class='ocrx_word' id='word_1_557' title='bbox 3445 3868 3605 3922; x_wconf 83' lang='lat' dir='ltr'><strong>quem</strong></span> 
     </span>
    </p>
   </div>
   <div class='ocr_carea' id='block_1_59' title="bbox 333 3940 2018 4018">
    <p class='ocr_par' dir='ltr' id='par_1_59' title="bbox 333 3942 1906 4017">
     <span class='ocr_line' id='line_1_59' title="bbox 333 3942 1906 4017; baseline 0.014 -30"><span class='ocrx_word' id='word_1_558' title='bbox 333 3953 488 4006; x_wconf 77' lang='grc' dir='ltr'><strong>γων·</strong></span> <span class='ocrx_word' id='word_1_559' title='bbox 526 3959 543 3991; x_wconf 73' lang='grc' dir='ltr'>ι</span> <span class='ocrx_word' id='word_1_560' title='bbox 595 3942 702 3993; x_wconf 78' lang='grc' dir='ltr'><strong>Καὶ</strong></span> <span class='ocrx_word' id='word_1_561' title='bbox 743 3946 864 4014; x_wconf 66' lang='grc' dir='ltr'>χεὶρ</span> <span class='ocrx_word' id='word_1_562' title='bbox 910 3945 1119 4016; x_wconf 77' lang='grc' dir='ltr'>Κυρίου</span> <span class='ocrx_word' id='word_1_563' title='bbox 1157 3951 1238 4012; x_wconf 75' lang='lat' dir='ltr'><strong>et;</strong></span> <span class='ocrx_word' id='word_1_564' title='bbox 1276 3951 1422 4004; x_wconf 80' lang='grc' dir='ltr'>κακὰ</span> <span class='ocrx_word' id='word_1_565' title='bbox 1476 3952 1565 4005; x_wconf 74' lang='grc' dir='ltr'><strong>ἐπ’</strong></span> <span class='ocrx_word' id='word_1_566' title='bbox 1623 3953 1840 4017; x_wconf 75' lang='grc' dir='ltr'>αὐτοὺς,</span> <span class='ocrx_word' id='word_1_567' title='bbox 1888 3969 1906 4003; x_wconf 77' lang='lat' dir='ltr'><strong>t</strong></span> 
     </span>
    </p>
   </div>
   <div class='ocr_carea' id='block_1_60' title="bbox 1115 3940 2800 4018">
    <p class='ocr_par' dir='ltr' id='par_1_60' title="bbox 1115 3940 2800 4018">
     <span class='ocr_line' id='line_1_60' title="bbox 1115 3940 2800 4018; baseline 0 -17"><span class='ocrx_word' id='word_1_568' title='bbox 1115 3969 1119 3994; x_wconf 67' lang='grc' dir='ltr'><strong>ι</strong></span> <span class='ocrx_word' id='word_1_569' title='bbox 1157 3951 1238 4012; x_wconf 73' lang='grc' dir='ltr'>εἰς</span> <span class='ocrx_word' id='word_1_570' title='bbox 1276 3951 1422 4004; x_wconf 80' lang='grc' dir='ltr'>κακὰ</span> <span class='ocrx_word' id='word_1_571' title='bbox 1476 3952 1565 4005; x_wconf 74' lang='grc' dir='ltr'><strong>ἐπ’</strong></span> <span class='ocrx_word' id='word_1_572' title='bbox 1623 3953 1840 4017; x_wconf 75' lang='grc' dir='ltr'>αὐτοὺς,</span> <span class='ocrx_word' id='word_1_573' title='bbox 1888 3969 1906 4003; x_wconf 80' lang='lat' dir='ltr'><strong>t</strong></span> <span class='ocrx_word' id='word_1_574' title='bbox 2025 3949 2313 4005; x_wconf 80' lang='lat' dir='ltr'><strong>admodum</strong></span> <span class='ocrx_word' id='word_1_575' title='bbox 2341 3949 2420 4004; x_wconf 88' lang='lat' dir='ltr'><strong>eis</strong></span> <span class='ocrx_word' id='word_1_576' title='bbox 2448 3947 2654 4018; x_wconf 84' lang='lat' dir='ltr'><strong>juravit</strong></span> <span class='ocrx_word' id='word_1_577' title='bbox 2681 3940 2749 4003; x_wconf 79' lang='grc'><strong>³³.</strong></span> <span class='ocrx_word' id='word_1_578' title='bbox 2783 3968 2800 4001; x_wconf 85' lang='lat' dir='ltr'><strong>t</strong></span> 
     </span>
    </p>
   </div>
   <div class='ocr_carea' id='block_1_61' title="bbox 332 4031 716 4100">
    <p class='ocr_par' dir='ltr' id='par_1_61' title="bbox 332 4031 716 4100">
     <span class='ocr_line' id='line_1_61' title="bbox 332 4031 716 4100; baseline 0.008 -17"><span class='ocrx_word' id='word_1_579' title='bbox 332 4031 428 4084; x_wconf 77' lang='grc' dir='ltr'><strong>καὶ</strong></span> <span class='ocrx_word' id='word_1_580' title='bbox 461 4031 530 4082; x_wconf 73' lang='grc' dir='ltr'><strong>τὰ</strong></span> <span class='ocrx_word' id='word_1_581' title='bbox 567 4031 716 4100; x_wconf 77' lang='grc' dir='ltr'><strong>ἑξῆς.</strong></span> 
     </span>
    </p>
   </div>
   <div class='ocr_carea' id='block_1_62' title="bbox 403 4139 1917 4220">
    <p class='ocr_par' dir='ltr' id='par_1_62' title="bbox 403 4139 1917 4220">
     <span class='ocr_line' id='line_1_62' title="bbox 403 4139 1917 4220; baseline 0.008 -28"><span class='ocrx_word' id='word_1_582' title='bbox 403 4139 580 4194; x_wconf 84' lang='grc' dir='ltr'>Τοῦτο</span> <span class='ocrx_word' id='word_1_583' title='bbox 608 4142 702 4196; x_wconf 76' lang='grc' dir='ltr'><strong>οὖν</strong></span> <span class='ocrx_word' id='word_1_584' title='bbox 764 4145 881 4197; x_wconf 72' lang='grc' dir='ltr'><strong>ἐστι</strong></span> <span class='ocrx_word' id='word_1_585' title='bbox 934 4144 995 4198; x_wconf 82' lang='grc' dir='ltr'><strong>τδ</strong></span> <span class='ocrx_word' id='word_1_586' title='bbox 1043 4145 1200 4213; x_wconf 77' lang='grc' dir='ltr'>ξύλον</span> <span class='ocrx_word' id='word_1_587' title='bbox 1233 4147 1334 4217; x_wconf 80' lang='grc' dir='ltr'><strong>τῆς</strong></span> <span class='ocrx_word' id='word_1_588' title='bbox 1376 4147 1521 4219; x_wconf 80' lang='grc' dir='ltr'><strong>ζωῆς</strong></span> <span class='ocrx_word' id='word_1_589' title='bbox 1548 4150 1580 4220; x_wconf 80' lang='grc' dir='ltr'><strong>ἡ</strong></span> <span class='ocrx_word' id='word_1_590' title='bbox 1607 4149 1799 4220; x_wconf 79' lang='grc' dir='ltr'><strong>ἀγάπη</strong></span> <span class='ocrx_word' id='word_1_591' title='bbox 1823 4149 1917 4204; x_wconf 79' lang='grc' dir='ltr'><strong>τοῦ</strong></span> 
     </span>
    </p>
   </div>
   <div class='ocr_carea' id='block_1_63' title="bbox 328 4232 2013 4323">
    <p class='ocr_par' dir='ltr' id='par_1_63' title="bbox 328 4232 1916 4316">
     <span class='ocr_line' id='line_1_63' title="bbox 328 4232 1916 4316; baseline 0.008 -30"><span class='ocrx_word' id='word_1_592' title='bbox 328 4232 467 4287; x_wconf 83' lang='grc' dir='ltr'><strong>Θεοῦ</strong></span> <span class='ocrx_word' id='word_1_593' title='bbox 498 4254 511 4268; x_wconf 80' lang='grc' dir='ltr'><strong>ο</strong></span> <span class='ocrx_word' id='word_1_594' title='bbox 534 4235 724 4307; x_wconf 78' lang='grc' dir='ltr'>ὥσπερ</span> <span class='ocrx_word' id='word_1_595' title='bbox 750 4232 842 4292; x_wconf 75' lang='grc' dir='ltr'>οὖν</span> <span class='ocrx_word' id='word_1_596' title='bbox 871 4238 932 4292; x_wconf 85' lang='grc' dir='ltr'><strong>τὸ</strong></span> <span class='ocrx_word' id='word_1_597' title='bbox 968 4239 1125 4304; x_wconf 74' lang='grc' dir='ltr'>ξύλον</span> <span class='ocrx_word' id='word_1_598' title='bbox 1165 4240 1260 4294; x_wconf 83' lang='grc' dir='ltr'>τοῦ</span> <span class='ocrx_word' id='word_1_599' title='bbox 1295 4240 1525 4295; x_wconf 76' lang='grc' dir='ltr'>θανάτου</span> <span class='ocrx_word' id='word_1_600' title='bbox 1569 4243 1602 4313; x_wconf 86' lang='grc' dir='ltr'><strong>ἡ</strong></span> <span class='ocrx_word' id='word_1_601' title='bbox 1635 4244 1916 4316; x_wconf 71' lang='grc' dir='ltr'>παρακοὴ.</span> 
     </span>
    </p>
   </div>
   <div class='ocr_carea' id='block_1_64' title="bbox 1924 4232 3609 4323">
    <p class='ocr_par' dir='ltr' id='par_1_64' title="bbox 2032 4246 3609 4323">
     <span class='ocr_line' id='line_1_64' title="bbox 2032 4246 3609 4323; baseline 0.005 -23"><span class='ocrx_word' id='word_1_602' title='bbox 2032 4246 2124 4300; x_wconf 90' lang='lat' dir='ltr'><strong>Dei</strong></span> <span class='ocrx_word' id='word_1_603' title='bbox 2150 4248 2390 4303; x_wconf 81' lang='lat' dir='ltr'><strong>dilectio.</strong></span> <span class='ocrx_word' id='word_1_604' title='bbox 2425 4248 2804 4304; x_wconf 87' lang='lat' dir='ltr'><strong>lnobedientia</strong></span> <span class='ocrx_word' id='word_1_605' title='bbox 2837 4252 3023 4322; x_wconf 88' lang='lat' dir='ltr'><strong>itaque</strong></span> <span class='ocrx_word' id='word_1_606' title='bbox 3064 4260 3121 4306; x_wconf 90' lang='lat' dir='ltr'><strong>et</strong></span> <span class='ocrx_word' id='word_1_607' title='bbox 3176 4253 3384 4323; x_wconf 78' lang='lat' dir='ltr'><strong>lignum</strong></span> <span class='ocrx_word' id='word_1_608' title='bbox 3413 4256 3609 4308; x_wconf 78' lang='lat' dir='ltr'><strong>multis</strong></span> 
     </span>
    </p>
   </div>
   <div class='ocr_carea' id='block_1_65' title="bbox 2033 4340 2790 4410">
    <p class='ocr_par' dir='ltr' id='par_1_65' title="bbox 2033 4340 2790 4410">
     <span class='ocr_line' id='line_1_65' title="bbox 2033 4340 2790 4410; baseline 0.001 -17"><span class='ocrx_word' id='word_1_609' title='bbox 2033 4340 2136 4394; x_wconf 90' lang='lat' dir='ltr'><strong>sibi</strong></span> <span class='ocrx_word' id='word_1_610' title='bbox 2160 4342 2495 4410; x_wconf 88' lang='lat' dir='ltr'><strong>respondent</strong></span> <span class='ocrx_word' id='word_1_611' title='bbox 2533 4343 2790 4404; x_wconf 71' lang='lat' dir='ltr'><strong>invicem.</strong></span> 
     </span>
    </p>
   </div>
   <div class='ocr_carea' id='block_1_66' title="bbox 404 4426 2089 4519">
    <p class='ocr_par' dir='ltr' id='par_1_66' title="bbox 404 4426 2089 4501">
     <span class='ocr_line' id='line_1_66' title="bbox 404 4426 2089 4501; baseline 0.012 -24"><span class='ocrx_word' id='word_1_612' title='bbox 404 4426 760 4481; x_wconf 75' lang='lat' dir='ltr'><strong>Dilectionem</strong></span> <span class='ocrx_word' id='word_1_613' title='bbox 788 4429 996 4484; x_wconf 89' lang='lat' dir='ltr'><strong>idcirco</strong></span> <span class='ocrx_word' id='word_1_614' title='bbox 1032 4430 1244 4486; x_wconf 78' lang='lat' dir='ltr'><strong>Domini</strong></span> <span class='ocrx_word' id='word_1_615' title='bbox 1305 4435 1470 4488; x_wconf 89' lang='lat' dir='ltr'><strong>vitam</strong></span> <span class='ocrx_word' id='word_1_616' title='bbox 1505 4446 1685 4500; x_wconf 86' lang='lat' dir='ltr'><strong>vocat,</strong></span> <span class='ocrx_word' id='word_1_617' title='bbox 1713 4449 1766 4494; x_wconf 89' lang='lat' dir='ltr'><strong>et</strong></span> <span class='ocrx_word' id='word_1_618' title='bbox 1795 4442 2005 4499; x_wconf 87' lang='lat' dir='ltr'><strong>dierum</strong></span> <span class='ocrx_word' id='word_1_619' title='bbox 2044 4465 2089 4501; x_wconf 81' lang='grc' dir='ltr'>ιιι</span> 
     </span>
    </p>
   </div>
   <div class='ocr_carea' id='block_1_67' title="bbox 1920 4426 3605 4519">
    <p class='ocr_par' dir='ltr' id='par_1_67' title="bbox 1920 4449 3605 4519">
     <span class='ocr_line' id='line_1_67' title="bbox 1920 4449 3605 4519; baseline 0.001 -20"><span class='ocrx_word' id='word_1_620' title='bbox 1920 4461 2005 4499; x_wconf 88' lang='lat' dir='ltr'><strong>um</strong></span> <span class='ocrx_word' id='word_1_621' title='bbox 2044 4464 2148 4501; x_wconf 85' lang='lat' dir='ltr'><strong>noti</strong></span> <span class='ocrx_word' id='word_1_622' title='bbox 2185 4449 2470 4502; x_wconf 85' lang='lat' dir='ltr'><strong>sensilium</strong></span> <span class='ocrx_word' id='word_1_623' title='bbox 2501 4449 2927 4519; x_wconf 82' lang='lat' dir='ltr'><strong>longitudinem.</strong></span> <span class='ocrx_word' id='word_1_624' title='bbox 2987 4450 3138 4516; x_wconf 87' lang='lat' dir='ltr'><strong>Quas</strong></span> <span class='ocrx_word' id='word_1_625' title='bbox 3187 4450 3418 4504; x_wconf 88' lang='lat' dir='ltr'><strong>induere</strong></span> <span class='ocrx_word' id='word_1_626' title='bbox 3481 4466 3605 4504; x_wconf 89' lang='lat' dir='ltr'><strong>cum</strong></span> 
     </span>
    </p>
   </div>
   <div class='ocr_carea' id='block_1_68' title="bbox 328 4513 3603 4608">
    <p class='ocr_par' dir='ltr' id='par_1_68' title="bbox 328 4513 3603 4608">
     <span class='ocr_line' id='line_1_68' title="bbox 328 4513 3603 4608; baseline 0.008 -42"><span class='ocrx_word' id='word_1_627' title='bbox 328 4513 672 4608; x_wconf 69' lang='lat' dir='ltr'><strong>desideraret</strong></span> <span class='ocrx_word' id='word_1_628' title='bbox 701 4517 944 4586; x_wconf 87' lang='lat' dir='ltr'><strong>sapiens,</strong></span> <span class='ocrx_word' id='word_1_629' title='bbox 983 4519 1161 4589; x_wconf 88' lang='lat' dir='ltr'><strong>inquit</strong></span> <span class='ocrx_word' id='word_1_630' title='bbox 1194 4535 1206 4570; x_wconf 90' lang='lat'>:</span> <span class='ocrx_word' id='word_1_631' title='bbox 1244 4538 1262 4570; x_wconf 71' lang='grc' dir='ltr'><strong>ε</strong></span> <span class='ocrx_word' id='word_1_632' title='bbox 1313 4519 1424 4575; x_wconf 83' lang='lat' dir='ltr'><strong>Heu</strong></span> <span class='ocrx_word' id='word_1_633' title='bbox 1463 4524 1592 4576; x_wconf 89' lang='lat' dir='ltr'><strong>mihi</strong></span> <span class='ocrx_word' id='word_1_634' title='bbox 1623 4528 1769 4594; x_wconf 77' lang='lat' dir='ltr'><strong>quod</strong></span> <span class='ocrx_word' id='word_1_635' title='bbox 1802 4530 2066 4587; x_wconf 90' lang='lat' dir='ltr'><strong>habitatio</strong></span> <span class='ocrx_word' id='word_1_636' title='bbox 2099 4551 2217 4590; x_wconf 82' lang='lat' dir='ltr'><strong>mea</strong></span> <span class='ocrx_word' id='word_1_637' title='bbox 2250 4546 2333 4590; x_wconf 78' lang='lat' dir='ltr'><strong>est</strong></span> <span class='ocrx_word' id='word_1_638' title='bbox 2368 4513 2708 4606; x_wconf 62' lang='lat' dir='ltr'><strong>protracta“!</strong></span> <span class='ocrx_word' id='word_1_639' title='bbox 2741 4513 3137 4590; x_wconf 68' lang='lat' dir='ltr'><strong>Veruirearum</strong></span> <span class='ocrx_word' id='word_1_640' title='bbox 3170 4539 3370 4608; x_wconf 84' lang='lat' dir='ltr'><strong>quibus</strong></span> <span class='ocrx_word' id='word_1_641' title='bbox 3431 4541 3603 4593; x_wconf 88' lang='lat' dir='ltr'><strong>sancti</strong></span> 
     </span>
    </p>
   </div>
   <div class='ocr_carea' id='block_1_69' title="bbox 328 4602 3602 4690">
    <p class='ocr_par' dir='ltr' id='par_1_69' title="bbox 328 4602 3602 4690">
     <span class='ocr_line' id='line_1_69' title="bbox 328 4602 3602 4690; baseline 0.007 -34"><span class='ocrx_word' id='word_1_642' title='bbox 328 4602 493 4657; x_wconf 83' lang='lat' dir='ltr'><strong>bonis</strong></span> <span class='ocrx_word' id='word_1_643' title='bbox 559 4603 845 4668; x_wconf 81' lang='lat' dir='ltr'><strong>fruuntur,</strong></span> <span class='ocrx_word' id='word_1_644' title='bbox 905 4615 961 4662; x_wconf 92' lang='lat' dir='ltr'><strong>et</strong></span> <span class='ocrx_word' id='word_1_645' title='bbox 1013 4610 1157 4662; x_wconf 83' lang='lat' dir='ltr'><strong>dona</strong></span> <span class='ocrx_word' id='word_1_646' title='bbox 1207 4611 1409 4664; x_wconf 83' lang='lat' dir='ltr'><strong>eximia</strong></span> <span class='ocrx_word' id='word_1_647' title='bbox 1467 4615 1770 4684; x_wconf 89' lang='lat' dir='ltr'><strong>accipiunt,</strong></span> <span class='ocrx_word' id='word_1_648' title='bbox 1803 4627 1857 4673; x_wconf 88' lang='lat' dir='ltr'><strong>et</strong></span> <span class='ocrx_word' id='word_1_649' title='bbox 1889 4636 1919 4675; x_wconf 89' lang='lat' dir='ltr'><strong>e</strong></span> <span class='ocrx_word' id='word_1_650' title='bbox 1953 4624 2059 4676; x_wconf 83' lang='lat' dir='ltr'><strong>vita</strong></span> <span class='ocrx_word' id='word_1_651' title='bbox 2092 4624 2143 4677; x_wconf 92' lang='lat' dir='ltr'><strong>in</strong></span> <span class='ocrx_word' id='word_1_652' title='bbox 2179 4602 2380 4690; x_wconf 75' lang='lat' dir='ltr'><strong>vitam,</strong></span> <span class='ocrx_word' id='word_1_653' title='bbox 2413 4641 2443 4680; x_wconf 92' lang='lat' dir='ltr'><strong>e</strong></span> <span class='ocrx_word' id='word_1_654' title='bbox 2471 4627 2580 4680; x_wconf 63' lang='lat' dir='ltr'><strong>title</strong></span> <span class='ocrx_word' id='word_1_655' title='bbox 2608 4627 2659 4679; x_wconf 92' lang='lat' dir='ltr'><strong>in</strong></span> <span class='ocrx_word' id='word_1_656' title='bbox 2692 4625 2875 4689; x_wconf 76' lang='lat' dir='ltr'><strong>(idem,</strong></span> <span class='ocrx_word' id='word_1_657' title='bbox 2911 4641 2940 4680; x_wconf 89' lang='lat' dir='ltr'><strong>e</strong></span> <span class='ocrx_word' id='word_1_658' title='bbox 2967 4602 3277 4680; x_wconf 41' lang='lat' dir='ltr'><strong>virtute-in</strong></span> <span class='ocrx_word' id='word_1_659' title='bbox 3347 4627 3602 4681; x_wconf 85' lang='lat' dir='ltr'><strong>virtutem</strong></span> 
     </span>
    </p>
   </div>
   <div class='ocr_carea' id='block_1_70' title="bbox 326 4694 3607 4786">
    <p class='ocr_par' dir='ltr' id='par_1_70' title="bbox 326 4694 3607 4786">
     <span class='ocr_line' id='line_1_70' title="bbox 326 4694 3607 4786; baseline 0.008 -42"><span class='ocrx_word' id='word_1_660' title='bbox 326 4698 646 4786; x_wconf 80' lang='lat' dir='ltr'><strong>transeunt.</strong></span> <span class='ocrx_word' id='word_1_661' title='bbox 681 4694 936 4763; x_wconf 75' lang='lat' dir='ltr'><strong>Lougzevi</strong></span> <span class='ocrx_word' id='word_1_662' title='bbox 975 4697 1161 4768; x_wconf 86' lang='lat' dir='ltr'><strong>itaque</strong></span> <span class='ocrx_word' id='word_1_663' title='bbox 1184 4715 1293 4753; x_wconf 89' lang='lat' dir='ltr'><strong>non</strong></span> <span class='ocrx_word' id='word_1_664' title='bbox 1327 4716 1725 4775; x_wconf 87' lang='lat' dir='ltr'><strong>usquequaque</strong></span> <span class='ocrx_word' id='word_1_665' title='bbox 1757 4706 1878 4763; x_wconf 84' lang='lat' dir='ltr'><strong>dics</strong></span> <span class='ocrx_word' id='word_1_666' title='bbox 1908 4712 2231 4774; x_wconf 75' lang='lat' dir='ltr'><strong>extendunt.</strong></span> <span class='ocrx_word' id='word_1_667' title='bbox 2280 4729 2469 4768; x_wconf 89' lang='lat' dir='ltr'><strong>verum</strong></span> <span class='ocrx_word' id='word_1_668' title='bbox 2505 4713 2558 4768; x_wconf 89' lang='lat' dir='ltr'><strong>hi</strong></span> <span class='ocrx_word' id='word_1_669' title='bbox 2595 4715 2688 4784; x_wconf 83' lang='lat' dir='ltr'><strong>qui</strong></span> <span class='ocrx_word' id='word_1_670' title='bbox 2749 4716 3025 4784; x_wconf 73' lang='lat' dir='ltr'><strong>praeclarae</strong></span> <span class='ocrx_word' id='word_1_671' title='bbox 3085 4715 3323 4771; x_wconf 81' lang='lat' dir='ltr'><strong>actionis</strong></span> <span class='ocrx_word' id='word_1_672' title='bbox 3387 4716 3607 4786; x_wconf 85' lang='lat' dir='ltr'><strong>magni-</strong></span> 
     </span>
    </p>
   </div>
   <div class='ocr_carea' id='block_1_71' title="bbox 328 4781 3606 4873">
    <p class='ocr_par' dir='ltr' id='par_1_71' title="bbox 328 4781 3606 4873">
     <span class='ocr_line' id='line_1_71' title="bbox 328 4781 3606 4873; baseline 0.008 -40"><span class='ocrx_word' id='word_1_673' title='bbox 328 4781 522 4873; x_wconf 71' lang='lat' dir='ltr'><strong>tudine.</strong></span> <span class='ocrx_word' id='word_1_674' title='bbox 573 4797 670 4873; x_wconf 64' lang='lat' dir='ltr'><strong>eas</strong></span> <span class='ocrx_word' id='word_1_675' title='bbox 725 4793 953 4856; x_wconf 86' lang='lat' dir='ltr'><strong>augent.</strong></span> <span class='ocrx_word' id='word_1_676' title='bbox 1010 4786 1360 4858; x_wconf 89' lang='lat' dir='ltr'><strong>Quapropter</strong></span> <span class='ocrx_word' id='word_1_677' title='bbox 1411 4788 1582 4847; x_wconf 80' lang='lat' dir='ltr'><strong>Jaeob</strong></span> <span class='ocrx_word' id='word_1_678' title='bbox 1630 4795 2038 4854; x_wconf 77' lang='lat' dir='ltr'><strong>confessioiiem</strong></span> <span class='ocrx_word' id='word_1_679' title='bbox 2099 4802 2267 4857; x_wconf 86' lang='lat' dir='ltr'><strong>edens</strong></span> <span class='ocrx_word' id='word_1_680' title='bbox 2335 4787 2561 4867; x_wconf 46' lang='lat' dir='ltr'><strong>veluti,&#39;</strong></span> <span class='ocrx_word' id='word_1_681' title='bbox 2595 4781 2816 4873; x_wconf 78' lang='lat' dir='ltr'><strong>inquit:</strong></span> <span class='ocrx_word' id='word_1_682' title='bbox 2861 4822 2878 4855; x_wconf 75' lang='grc' dir='ltr'>ι</span> <span class='ocrx_word' id='word_1_683' title='bbox 2911 4803 3077 4859; x_wconf 85' lang='lat' dir='ltr'><strong>Pauci</strong></span> <span class='ocrx_word' id='word_1_684' title='bbox 3136 4813 3190 4858; x_wconf 90' lang='lat' dir='ltr'><strong>et</strong></span> <span class='ocrx_word' id='word_1_685' title='bbox 3245 4805 3416 4873; x_wconf 78' lang='lat' dir='ltr'><strong>iniqui</strong></span> <span class='ocrx_word' id='word_1_686' title='bbox 3477 4781 3606 4860; x_wconf 73' lang='lat' dir='ltr'><strong>sunt</strong></span> 
     </span>
    </p>
   </div>
   <div class='ocr_carea' id='block_1_72' title="bbox 327 4869 723 4926">
    <p class='ocr_par' dir='ltr' id='par_1_72' title="bbox 327 4869 723 4926">
     <span class='ocr_line' id='line_1_72' title="bbox 327 4869 723 4926; baseline 0 -4"><span class='ocrx_word' id='word_1_687' title='bbox 327 4869 449 4922; x_wconf 87' lang='lat' dir='ltr'><strong>dies</strong></span> <span class='ocrx_word' id='word_1_688' title='bbox 483 4871 585 4924; x_wconf 91' lang='lat' dir='ltr'><strong>mei</strong></span> <span class='ocrx_word' id='word_1_689' title='bbox 606 4869 678 4926; x_wconf 86' lang='grc'><strong>³³.</strong></span> <span class='ocrx_word' id='word_1_690' title='bbox 706 4891 723 4922; x_wconf 75' lang='lat' dir='ltr'><strong>i</strong></span> 
     </span>
    </p>
   </div>
   <div class='ocr_carea' id='block_1_73' title="bbox 411 4957 3607 5051">
    <p class='ocr_par' dir='ltr' id='par_1_73' title="bbox 411 4957 3607 5051">
     <span class='ocr_line' id='line_1_73' title="bbox 411 4957 3607 5051; baseline 0.007 -40"><span class='ocrx_word' id='word_1_691' title='bbox 411 4957 598 5051; x_wconf 61' lang='lat' dir='ltr'><strong>Virum</strong></span> <span class='ocrx_word' id='word_1_692' title='bbox 631 4971 678 5051; x_wconf 73' lang='lat' dir='ltr'><strong>te</strong></span> <span class='ocrx_word' id='word_1_693' title='bbox 711 4971 910 5051; x_wconf 75' lang='lat' dir='ltr'><strong>prrrstu</strong></span> <span class='ocrx_word' id='word_1_694' title='bbox 942 4971 989 5051; x_wconf 79' lang='lat' dir='ltr'><strong>et</strong></span> <span class='ocrx_word' id='word_1_695' title='bbox 1013 4962 1226 5029; x_wconf 80' lang='lat' dir='ltr'><strong>fortiter</strong></span> <span class='ocrx_word' id='word_1_696' title='bbox 1252 4980 1364 5051; x_wconf 64' lang='lat' dir='ltr'><strong>ego.</strong></span> <span class='ocrx_word' id='word_1_697' title='bbox 1387 4962 1700 5040; x_wconf 61' lang='lat' dir='ltr'><strong>[XXXLI]</strong></span> <span class='ocrx_word' id='word_1_698' title='bbox 1728 4968 1883 5024; x_wconf 90' lang='lat' dir='ltr'><strong>Cedit</strong></span> <span class='ocrx_word' id='word_1_699' title='bbox 1917 4970 2094 5027; x_wconf 72' lang='lat' dir='ltr'><strong>Moses</strong></span> <span class='ocrx_word' id='word_1_700' title='bbox 2127 4973 2317 5029; x_wconf 69' lang='lat' dir='ltr'><strong>Iosue.</strong></span> <span class='ocrx_word' id='word_1_701' title='bbox 2350 4976 2441 5032; x_wconf 90' lang='lat' dir='ltr'><strong>Dei</strong></span> <span class='ocrx_word' id='word_1_702' title='bbox 2463 4978 2686 5034; x_wconf 90' lang='lat' dir='ltr'><strong>decreto</strong></span> <span class='ocrx_word' id='word_1_703' title='bbox 2720 4982 2803 5035; x_wconf 72' lang='lat' dir='ltr'><strong>lex</strong></span> <span class='ocrx_word' id='word_1_704' title='bbox 2841 4982 3030 5051; x_wconf 63' lang='lat' dir='ltr'><strong>gratia:</strong></span> <span class='ocrx_word' id='word_1_705' title='bbox 3057 4983 3231 5046; x_wconf 86' lang='lat' dir='ltr'><strong>cedit,</strong></span> <span class='ocrx_word' id='word_1_706' title='bbox 3269 4999 3463 5037; x_wconf 83' lang='lat' dir='ltr'><strong>servus</strong></span> <span class='ocrx_word' id='word_1_707' title='bbox 3504 4984 3607 5036; x_wconf 67' lang='lat' dir='ltr'><strong>ita.</strong></span> 
     </span>
    </p>
   </div>
   <div class='ocr_carea' id='block_1_74' title="bbox 326 5046 3599 5137">
    <p class='ocr_par' dir='ltr' id='par_1_74' title="bbox 326 5046 3599 5137">
     <span class='ocr_line' id='line_1_74' title="bbox 326 5046 3599 5137; baseline 0.008 -37"><span class='ocrx_word' id='word_1_708' title='bbox 326 5046 500 5137; x_wconf 63' lang='lat' dir='ltr'><strong>tniuo,</strong></span> <span class='ocrx_word' id='word_1_709' title='bbox 531 5047 738 5102; x_wconf 89' lang='lat' dir='ltr'><strong>Christi</strong></span> <span class='ocrx_word' id='word_1_710' title='bbox 776 5049 922 5102; x_wconf 89' lang='lat' dir='ltr'><strong>enim</strong></span> <span class='ocrx_word' id='word_1_711' title='bbox 964 5050 1191 5117; x_wconf 85' lang='lat' dir='ltr'><strong>liguram</strong></span> <span class='ocrx_word' id='word_1_712' title='bbox 1256 5049 1424 5105; x_wconf 85' lang='lat' dir='ltr'><strong>Josue</strong></span> <span class='ocrx_word' id='word_1_713' title='bbox 1451 5054 1608 5121; x_wconf 83' lang='lat' dir='ltr'><strong>gerit.</strong></span> <span class='ocrx_word' id='word_1_714' title='bbox 1661 5054 1764 5121; x_wconf 80' lang='lat' dir='ltr'><strong>Qui</strong></span> <span class='ocrx_word' id='word_1_715' title='bbox 1799 5066 2087 5129; x_wconf 61' lang='lat' dir='ltr'><strong>pistquam</strong></span> <span class='ocrx_word' id='word_1_716' title='bbox 2124 5063 2176 5116; x_wconf 92' lang='lat' dir='ltr'><strong>in</strong></span> <span class='ocrx_word' id='word_1_717' title='bbox 2215 5067 2477 5123; x_wconf 90' lang='lat' dir='ltr'><strong>mundum</strong></span> <span class='ocrx_word' id='word_1_718' title='bbox 2527 5070 2695 5135; x_wconf 88' lang='lat' dir='ltr'><strong>venit,</strong></span> <span class='ocrx_word' id='word_1_719' title='bbox 2727 5046 2875 5124; x_wconf 71' lang='lat' dir='ltr'><strong>nulla</strong></span> <span class='ocrx_word' id='word_1_720' title='bbox 2907 5073 3115 5126; x_wconf 65' lang='lat' dir='ltr'><strong>umbrae</strong></span> <span class='ocrx_word' id='word_1_721' title='bbox 3147 5084 3241 5125; x_wconf 90' lang='lat' dir='ltr'><strong>aut</strong></span> <span class='ocrx_word' id='word_1_722' title='bbox 3298 5077 3538 5137; x_wconf 62' lang='lat' dir='ltr'><strong>ligerara</strong></span> <span class='ocrx_word' id='word_1_723' title='bbox 3571 5094 3599 5125; x_wconf 84' lang='lat' dir='ltr'><strong>Il</strong></span> 
     </span>
    </p>
   </div>
   <div class='ocr_carea' id='block_1_75' title="bbox 327 5134 3596 5233">
    <p class='ocr_par' dir='ltr' id='par_1_75' title="bbox 327 5134 3596 5233">
     <span class='ocr_line' id='line_1_75' title="bbox 327 5134 3596 5233; baseline 0.007 -45"><span class='ocrx_word' id='word_1_724' title='bbox 327 5134 617 5233; x_wconf 36' lang='lat' dir='ltr'><strong>habeatur-</strong></span> <span class='ocrx_word' id='word_1_725' title='bbox 641 5140 804 5192; x_wconf 89' lang='lat' dir='ltr'><strong>ratio.</strong></span> <span class='ocrx_word' id='word_1_726' title='bbox 840 5139 920 5190; x_wconf 76' lang='lat' dir='ltr'><strong>Ad</strong></span> <span class='ocrx_word' id='word_1_727' title='bbox 957 5139 1315 5208; x_wconf 86' lang='lat' dir='ltr'><strong>ignominiam</strong></span> <span class='ocrx_word' id='word_1_728' title='bbox 1371 5141 1573 5197; x_wconf 60' lang='lat' dir='ltr'><strong>divina</strong></span> <span class='ocrx_word' id='word_1_729' title='bbox 1598 5147 2015 5214; x_wconf 84' lang='lat' dir='ltr'><strong>gubernationis</strong></span> <span class='ocrx_word' id='word_1_730' title='bbox 2047 5151 2225 5220; x_wconf 68' lang='lat' dir='ltr'><strong>ipsum</strong></span> <span class='ocrx_word' id='word_1_731' title='bbox 2263 5164 2496 5224; x_wconf 88' lang='lat' dir='ltr'><strong>spectat,</strong></span> <span class='ocrx_word' id='word_1_732' title='bbox 2531 5171 2594 5212; x_wconf 91' lang='lat' dir='ltr'><strong>et</strong></span> <span class='ocrx_word' id='word_1_733' title='bbox 2626 5134 2889 5213; x_wconf 80' lang='lat' dir='ltr'><strong>auctores</strong></span> <span class='ocrx_word' id='word_1_734' title='bbox 2937 5162 3062 5230; x_wconf 88' lang='lat' dir='ltr'><strong>ejus</strong></span> <span class='ocrx_word' id='word_1_735' title='bbox 3094 5162 3304 5215; x_wconf 85' lang='lat' dir='ltr'><strong>alienos</strong></span> <span class='ocrx_word' id='word_1_736' title='bbox 3420 5167 3596 5233; x_wconf 57' lang='lat' dir='ltr'><strong>gratia</strong></span> 
     </span>
    </p>
   </div>
   <div class='ocr_carea' id='block_1_76' title="bbox 326 5223 3605 5316">
    <p class='ocr_par' dir='ltr' id='par_1_76' title="bbox 326 5223 3605 5316">
     <span class='ocr_line' id='line_1_76' title="bbox 326 5223 3605 5316; baseline 0.009 -40"><span class='ocrx_word' id='word_1_737' title='bbox 326 5223 529 5279; x_wconf 84' lang='lat' dir='ltr'><strong>reddit.</strong></span> <span class='ocrx_word' id='word_1_738' title='bbox 596 5225 943 5316; x_wconf 78' lang='lat' dir='ltr'><strong>Quapropter</strong></span> <span class='ocrx_word' id='word_1_739' title='bbox 966 5227 1030 5278; x_wconf 85' lang='lat' dir='ltr'><strong>ad</strong></span> <span class='ocrx_word' id='word_1_740' title='bbox 1057 5227 1280 5316; x_wconf 73' lang='lat' dir='ltr'><strong>G_alatas</strong></span> <span class='ocrx_word' id='word_1_741' title='bbox 1329 5227 1535 5284; x_wconf 85' lang='lat' dir='ltr'><strong>Paulus</strong></span> <span class='ocrx_word' id='word_1_742' title='bbox 1568 5234 1645 5284; x_wconf 88' lang='lat' dir='ltr'><strong>ait</strong></span> <span class='ocrx_word' id='word_1_743' title='bbox 1683 5250 1694 5285; x_wconf 91' lang='lat'><strong>:</strong></span> <span class='ocrx_word' id='word_1_744' title='bbox 1739 5235 1927 5288; x_wconf 74' lang='lat' dir='ltr'><strong>«Adeo</strong></span> <span class='ocrx_word' id='word_1_745' title='bbox 1973 5241 2234 5296; x_wconf 82' lang='lat' dir='ltr'><strong>vecordes</strong></span> <span class='ocrx_word' id='word_1_746' title='bbox 2285 5245 2443 5307; x_wconf 84' lang='lat' dir='ltr'><strong>estis.</strong></span> <span class='ocrx_word' id='word_1_747' title='bbox 2477 5248 2655 5315; x_wconf 88' lang='lat' dir='ltr'><strong>utqui</strong></span> <span class='ocrx_word' id='word_1_748' title='bbox 2693 5248 2745 5301; x_wconf 92' lang='lat' dir='ltr'><strong>in</strong></span> <span class='ocrx_word' id='word_1_749' title='bbox 2780 5223 2981 5314; x_wconf 74' lang='lat' dir='ltr'><strong>spiritui</strong></span> <span class='ocrx_word' id='word_1_750' title='bbox 3052 5249 3393 5316; x_wconf 69' lang='lat' dir='ltr'><strong>inceperitis,</strong></span> <span class='ocrx_word' id='word_1_751' title='bbox 3420 5223 3605 5306; x_wconf 38' lang='lat' dir='ltr'><strong>‘tt&#39;tne</strong></span> 
     </span>
    </p>
   </div>
   <div class='ocr_carea' id='block_1_77' title="bbox 323 5311 3605 5409">
    <p class='ocr_par' dir='ltr' id='par_1_77' title="bbox 323 5311 3605 5409">
     <span class='ocr_line' id='line_1_77' title="bbox 323 5311 3605 5409; baseline 0.005 -45"><span class='ocrx_word' id='word_1_752' title='bbox 323 5323 498 5366; x_wconf 86' lang='lat' dir='ltr'><strong>carne</strong></span> <span class='ocrx_word' id='word_1_753' title='bbox 535 5311 900 5381; x_wconf 81' lang='lat' dir='ltr'><strong>perﬁciamini</strong></span> <span class='ocrx_word' id='word_1_754' title='bbox 925 5315 990 5368; x_wconf 76' lang='lat'><strong>&quot;.</strong></span> <span class='ocrx_word' id='word_1_755' title='bbox 1021 5333 1037 5364; x_wconf 75' lang='grc' dir='ltr'><strong><em>ι</em></strong></span> <span class='ocrx_word' id='word_1_756' title='bbox 1083 5313 1145 5368; x_wconf 82' lang='grc' dir='ltr'>Ει</span> <span class='ocrx_word' id='word_1_757' title='bbox 1191 5315 1391 5370; x_wconf 90' lang='lat' dir='ltr'><strong>iterum</strong></span> <span class='ocrx_word' id='word_1_758' title='bbox 1424 5335 1438 5371; x_wconf 89' lang='lat'><strong>:</strong></span> <span class='ocrx_word' id='word_1_759' title='bbox 1477 5319 1803 5392; x_wconf 69' lang='lat' dir='ltr'><strong>«Quotquot</strong></span> <span class='ocrx_word' id='word_1_760' title='bbox 1837 5325 1891 5378; x_wconf 92' lang='lat' dir='ltr'><strong>in</strong></span> <span class='ocrx_word' id='word_1_761' title='bbox 1927 5326 2042 5398; x_wconf 91' lang='lat' dir='ltr'><strong>lege</strong></span> <span class='ocrx_word' id='word_1_762' title='bbox 2071 5329 2342 5399; x_wconf 87' lang='lat' dir='ltr'><strong>justitiam</strong></span> <span class='ocrx_word' id='word_1_763' title='bbox 2383 5311 2651 5405; x_wconf 71' lang='lat' dir='ltr'><strong>quaeritis,</strong></span> <span class='ocrx_word' id='word_1_764' title='bbox 2688 5352 2718 5393; x_wconf 89' lang='lat' dir='ltr'><strong>e</strong></span> <span class='ocrx_word' id='word_1_765' title='bbox 2749 5311 2924 5409; x_wconf 82' lang='lat' dir='ltr'><strong>gratia</strong></span> <span class='ocrx_word' id='word_1_766' title='bbox 2975 5311 3264 5396; x_wconf 76' lang='lat' dir='ltr'><strong>excidistis</strong></span> <span class='ocrx_word' id='word_1_767' title='bbox 3290 5340 3356 5395; x_wconf 75' lang='grc'><strong>³³.</strong></span> <span class='ocrx_word' id='word_1_768' title='bbox 3386 5311 3405 5392; x_wconf 12' lang='grc' dir='ltr'><strong>ν»</strong></span> <span class='ocrx_word' id='word_1_769' title='bbox 3471 5344 3605 5395; x_wconf 46' lang='grc' dir='ltr'><strong>(μιν</strong></span> 
     </span>
    </p>
   </div>
   <div class='ocr_carea' id='block_1_78' title="bbox 1560 5491 2104 5554">
    <p class='ocr_par' dir='ltr' id='par_1_78' title="bbox 1560 5491 2104 5554">
     <span class='ocr_line' id='line_1_78' title="bbox 1560 5491 2104 5554; baseline 0.009 -9"><span class='ocrx_word' id='word_1_770' title='bbox 1560 5492 1605 5524; x_wconf 76' lang='grc'>’⁸</span> <span class='ocrx_word' id='word_1_771' title='bbox 1637 5491 1780 5548; x_wconf 82' lang='lat' dir='ltr'><strong>Psal.</strong></span> <span class='ocrx_word' id='word_1_772' title='bbox 1816 5512 1932 5554; x_wconf 80' lang='lat' dir='ltr'>LIII.</span> <span class='ocrx_word' id='word_1_773' title='bbox 1957 5496 1988 5552; x_wconf 89' lang='lat'><strong>8</strong></span> <span class='ocrx_word' id='word_1_774' title='bbox 2051 5499 2104 5551; x_wconf 85' lang='lat'><strong>9.</strong></span> 
     </span>
    </p>
   </div>
   <div class='ocr_carea' id='block_1_79' title="bbox 1637 5563 2105 5625">
    <p class='ocr_par' dir='ltr' id='par_1_79' title="bbox 1637 5563 2105 5625">
     <span class='ocr_line' id='line_1_79' title="bbox 1637 5563 2105 5625; baseline 0.011 -6"><span class='ocrx_word' id='word_1_775' title='bbox 1637 5565 1678 5596; x_wconf 84' lang='grc'><strong>³¹</strong></span> <span class='ocrx_word' id='word_1_776' title='bbox 1716 5563 1895 5625; x_wconf 78' lang='lat' dir='ltr'><strong>Judie.</strong></span> <span class='ocrx_word' id='word_1_777' title='bbox 1923 5587 1980 5625; x_wconf 93' lang='lat' dir='ltr'><strong>Il.</strong></span> <span class='ocrx_word' id='word_1_778' title='bbox 2024 5571 2105 5624; x_wconf 68' lang='lat' dir='ltr'><strong>lii.</strong></span> 
     </span>
    </p>
   </div>
   <div class='ocr_carea' id='block_1_80' title="bbox 405 5485 1478 5557">
    <p class='ocr_par' dir='ltr' id='par_1_80' title="bbox 405 5485 1478 5557">
     <span class='ocr_line' id='line_1_80' title="bbox 405 5485 1478 5557; baseline 0.021 -22"><span class='ocrx_word' id='word_1_779' title='bbox 405 5485 452 5557; x_wconf 53' lang='grc' dir='ltr'><strong>ἐκ</strong></span> <span class='ocrx_word' id='word_1_780' title='bbox 486 5485 674 5538; x_wconf 73' lang='lat' dir='ltr'><strong>Matth.</strong></span> <span class='ocrx_word' id='word_1_781' title='bbox 708 5502 761 5550; x_wconf 89' lang='lat' dir='ltr'><strong>v,</strong></span> <span class='ocrx_word' id='word_1_782' title='bbox 804 5487 893 5542; x_wconf 67' lang='grc' dir='ltr'><strong>ω.</strong></span> <span class='ocrx_word' id='word_1_783' title='bbox 971 5489 1015 5520; x_wconf 72' lang='grc'><strong>’⁸</strong></span> <span class='ocrx_word' id='word_1_784' title='bbox 1047 5487 1082 5540; x_wconf 93' lang='lat' dir='ltr'><strong>II</strong></span> <span class='ocrx_word' id='word_1_785' title='bbox 1117 5488 1244 5543; x_wconf 69' lang='lat' dir='ltr'><strong>Cor.</strong></span> <span class='ocrx_word' id='word_1_786' title='bbox 1283 5506 1364 5557; x_wconf 86' lang='grc' dir='ltr'><strong>ιιι,</strong></span> <span class='ocrx_word' id='word_1_787' title='bbox 1392 5492 1478 5548; x_wconf 71' lang='lat'><strong>15-</strong></span> 
     </span>
    </p>
   </div>
   <div class='ocr_carea' id='block_1_81' title="bbox 324 5555 1556 5628">
    <p class='ocr_par' dir='ltr' id='par_1_81' title="bbox 324 5555 1556 5628">
     <span class='ocr_line' id='line_1_81' title="bbox 324 5555 1556 5628; baseline 0.014 -23"><span class='ocrx_word' id='word_1_788' title='bbox 324 5555 370 5588; x_wconf 75' lang='lat'>&quot;</span> <span class='ocrx_word' id='word_1_789' title='bbox 411 5556 624 5610; x_wconf 71' lang='lat' dir='ltr'><strong>ll-irm-h</strong></span> <span class='ocrx_word' id='word_1_790' title='bbox 663 5575 744 5611; x_wconf 81' lang='lat' dir='ltr'><strong>tu.</strong></span> <span class='ocrx_word' id='word_1_791' title='bbox 777 5558 868 5618; x_wconf 74' lang='lat'><strong>‘29,</strong></span> <span class='ocrx_word' id='word_1_792' title='bbox 911 5560 1000 5613; x_wconf 68' lang='lat'><strong>52.</strong></span> <span class='ocrx_word' id='word_1_793' title='bbox 1053 5562 1096 5592; x_wconf 76' lang='grc' dir='ltr'>³ο</span> <span class='ocrx_word' id='word_1_794' title='bbox 1133 5559 1324 5616; x_wconf 81' lang='lat' dir='ltr'><strong>Matth.</strong></span> <span class='ocrx_word' id='word_1_795' title='bbox 1354 5555 1435 5628; x_wconf 47' lang='grc' dir='ltr'><strong>ἀι,</strong></span> <span class='ocrx_word' id='word_1_796' title='bbox 1467 5567 1556 5622; x_wconf 72' lang='grc'><strong>50.</strong></span> 
     </span>
    </p>
   </div>
   <div class='ocr_carea' id='block_1_82' title="bbox 331 5628 1024 5697">
    <p class='ocr_par' dir='ltr' id='par_1_82' title="bbox 331 5628 1024 5697">
     <span class='ocr_line' id='line_1_82' title="bbox 331 5628 1024 5697; baseline 0 -13"><span class='ocrx_word' id='word_1_797' title='bbox 331 5629 489 5690; x_wconf 68' lang='lat'><strong>“1,3</strong></span> <span class='ocrx_word' id='word_1_798' title='bbox 576 5631 620 5662; x_wconf 84' lang='grc'><strong>⁸⁵</strong></span> <span class='ocrx_word' id='word_1_799' title='bbox 678 5628 858 5684; x_wconf 77' lang='lat' dir='ltr'><strong>Galztt.</strong></span> <span class='ocrx_word' id='word_1_800' title='bbox 889 5648 938 5697; x_wconf 79' lang='grc' dir='ltr'><strong>ν,</strong></span> <span class='ocrx_word' id='word_1_801' title='bbox 982 5634 1024 5684; x_wconf 73' lang='grc' dir='ltr'><strong>ί.</strong></span> 
     </span>
    </p>
   </div>
   <div class='ocr_carea' id='block_1_83' title="bbox 2731 5508 3604 5574">
    <p class='ocr_par' dir='ltr' id='par_1_83' title="bbox 2731 5508 3604 5574">
     <span class='ocr_line' id='line_1_83' title="bbox 2731 5508 3604 5574; baseline 0 -13"><span class='ocrx_word' id='word_1_802' title='bbox 2731 5509 2776 5539; x_wconf 74' lang='grc'><strong>’³</strong></span> <span class='ocrx_word' id='word_1_803' title='bbox 2812 5508 3000 5568; x_wconf 62' lang='grc' dir='ltr'>Τοξιι,</span> <span class='ocrx_word' id='word_1_804' title='bbox 3037 5508 3136 5574; x_wconf 87' lang='lat' dir='ltr'><strong>l0;</strong></span> <span class='ocrx_word' id='word_1_805' title='bbox 3172 5508 3336 5563; x_wconf 82' lang='lat' dir='ltr'><strong>Eccli.</strong></span> <span class='ocrx_word' id='word_1_806' title='bbox 3379 5528 3458 5566; x_wconf 85' lang='lat' dir='ltr'><strong>Ill.</strong></span> <span class='ocrx_word' id='word_1_807' title='bbox 3515 5513 3604 5563; x_wconf 75' lang='lat'><strong>52.</strong></span> 
     </span>
    </p>
   </div>
   <div class='ocr_carea' id='block_1_84' title="bbox 2765 5579 3602 5645">
    <p class='ocr_par' dir='ltr' id='par_1_84' title="bbox 2765 5579 3602 5645">
     <span class='ocr_line' id='line_1_84' title="bbox 2765 5579 3602 5645; baseline -0.001 -10"><span class='ocrx_word' id='word_1_808' title='bbox 2765 5581 2810 5612; x_wconf 85' lang='grc'><em>³³</em></span> <span class='ocrx_word' id='word_1_809' title='bbox 2840 5579 2953 5635; x_wconf 84' lang='lat' dir='ltr'><strong>Ceu</strong></span> <span class='ocrx_word' id='word_1_810' title='bbox 3006 5596 3171 5645; x_wconf 76' lang='lat' dir='ltr'><strong>vatt,</strong></span> <span class='ocrx_word' id='word_1_811' title='bbox 3203 5582 3256 5635; x_wconf 81' lang='lat'><strong>9.</strong></span> <span class='ocrx_word' id='word_1_812' title='bbox 3344 5582 3388 5614; x_wconf 75' lang='lat'><strong>“</strong></span> <span class='ocrx_word' id='word_1_813' title='bbox 3423 5583 3602 5634; x_wconf 55' lang='lat' dir='ltr'><strong>tia-lu.</strong></span> 
     </span>
    </p>
   </div>
   <div class='ocr_carea' id='block_1_85' title="bbox 2216 5503 2619 5572">
    <p class='ocr_par' dir='ltr' id='par_1_85' title="bbox 2216 5503 2619 5572">
     <span class='ocr_line' id='line_1_85' title="bbox 2216 5503 2619 5572; baseline 0.015 -16"><span class='ocrx_word' id='word_1_814' title='bbox 2216 5505 2258 5534; x_wconf 83' lang='lat'><strong>&quot;</strong></span> <span class='ocrx_word' id='word_1_815' title='bbox 2296 5503 2454 5560; x_wconf 73' lang='lat' dir='ltr'><strong>Rom.</strong></span> <span class='ocrx_word' id='word_1_816' title='bbox 2488 5525 2540 5572; x_wconf 80' lang='grc' dir='ltr'><strong>χ,</strong></span> <span class='ocrx_word' id='word_1_817' title='bbox 2567 5508 2619 5563; x_wconf 89' lang='grc'><strong>8.</strong></span> 
     </span>
    </p>
   </div>
   <div class='ocr_carea' id='block_1_86' title="bbox 2187 5576 2675 5642">
    <p class='ocr_par' dir='ltr' id='par_1_86' title="bbox 2187 5576 2675 5642">
     <span class='ocr_line' id='line_1_86' title="bbox 2187 5576 2675 5642; baseline 0.012 -14"><span class='ocrx_word' id='word_1_818' title='bbox 2187 5576 2228 5605; x_wconf 82' lang='grc'><strong>³¹</strong></span> <span class='ocrx_word' id='word_1_819' title='bbox 2259 5576 2403 5632; x_wconf 76' lang='lat' dir='ltr'><strong>Psal.</strong></span> <span class='ocrx_word' id='word_1_820' title='bbox 2438 5595 2586 5642; x_wconf 69' lang='lat' dir='ltr'><strong>CXIX,</strong></span> <span class='ocrx_word' id='word_1_821' title='bbox 2620 5580 2675 5634; x_wconf 84' lang='grc'><strong>5.</strong></span> 
     </span>
    </p>
   </div>
   <div class='ocr_carea' id='block_1_87' title="bbox 1860 5735 2093 5791">
    <p class='ocr_par' dir='ltr' id='par_1_87' title="bbox 1860 5735 2093 5791">
     <span class='ocr_line' id='line_1_87' title="bbox 1860 5735 2093 5791; baseline 0.013 -3"><span class='ocrx_word' id='word_1_822' title='bbox 1860 5735 2093 5791; x_wconf 72' lang='grc' dir='ltr'><strong>ΝΠᾸῖ.</strong></span> 
     </span>
    </p>
   </div>
   <div class='ocr_carea' id='block_1_88' title="bbox 411 5848 2328 5928">
    <p class='ocr_par' dir='ltr' id='par_1_88' title="bbox 411 5848 2328 5928">
     <span class='ocr_line' id='line_1_88' title="bbox 411 5848 2328 5928; baseline 0.006 -28"><span class='ocrx_word' id='word_1_823' title='bbox 411 5848 488 5916; x_wconf 68' lang='lat' dir='ltr'><strong>t3)</strong></span> <span class='ocrx_word' id='word_1_824' title='bbox 533 5849 619 5901; x_wconf 80' lang='grc' dir='ltr'><strong>Ἐν</strong></span> <span class='ocrx_word' id='word_1_825' title='bbox 655 5853 765 5912; x_wconf 73' lang='grc' dir='ltr'>τοῖς</span> <span class='ocrx_word' id='word_1_826' title='bbox 800 5851 1030 5919; x_wconf 61' lang='grc' dir='ltr'>Κριτής</span> <span class='ocrx_word' id='word_1_827' title='bbox 1065 5853 1279 5920; x_wconf 58' lang='grc' dir='ltr'><strong>λέγιτκι</strong></span> <span class='ocrx_word' id='word_1_828' title='bbox 1313 5871 1323 5884; x_wconf 91' lang='grc'><strong>·</strong></span> <span class='ocrx_word' id='word_1_829' title='bbox 1363 5855 1472 5909; x_wconf 73' lang='lat' dir='ltr'><strong>Ka‘:</strong></span> <span class='ocrx_word' id='word_1_830' title='bbox 1506 5857 1645 5926; x_wconf 72' lang='grc' dir='ltr'>κε’-.ρ,</span> <span class='ocrx_word' id='word_1_831' title='bbox 1688 5873 1768 5908; x_wconf 68' lang='lat' dir='ltr'><strong>xv.</strong></span> <span class='ocrx_word' id='word_1_832' title='bbox 1813 5857 1869 5910; x_wconf 83' lang='grc' dir='ltr'><strong>Ὀ</strong></span> <span class='ocrx_word' id='word_1_833' title='bbox 1904 5858 1994 5924; x_wconf 65' lang='grc' dir='ltr'><strong>τῆς</strong></span> <span class='ocrx_word' id='word_1_834' title='bbox 2031 5861 2161 5928; x_wconf 65' lang='grc' dir='ltr'><strong>Αὺγ.</strong></span> <span class='ocrx_word' id='word_1_835' title='bbox 2197 5859 2328 5914; x_wconf 59' lang='lat' dir='ltr'><strong>xii/&#39;3.</strong></span> 
     </span>
    </p>
   </div>
   <div class='ocr_carea' id='block_1_89' title="bbox 2100 4152 3707 4232">
    <p class='ocr_par' dir='ltr' id='par_1_89' title="bbox 2100 4152 3707 4232">
     <span class='ocr_line' id='line_1_89' title="bbox 2100 4152 3707 4232; baseline 0.005 -26"><span class='ocrx_word' id='word_1_836' title='bbox 2100 4152 2333 4224; x_wconf 84' lang='lat' dir='ltr'><strong>Lignum</strong></span> <span class='ocrx_word' id='word_1_837' title='bbox 2388 4155 2555 4226; x_wconf 82' lang='lat' dir='ltr'><strong>igitur</strong></span> <span class='ocrx_word' id='word_1_838' title='bbox 2609 4156 2739 4211; x_wconf 72' lang='lat' dir='ltr'><strong>vitae</strong></span> <span class='ocrx_word' id='word_1_839' title='bbox 2793 4171 2899 4212; x_wconf 91' lang='lat' dir='ltr'><strong>non</strong></span> <span class='ocrx_word' id='word_1_840' title='bbox 2939 4157 3085 4213; x_wconf 90' lang='lat' dir='ltr'><strong>aliud</strong></span> <span class='ocrx_word' id='word_1_841' title='bbox 3115 4165 3200 4214; x_wconf 86' lang='lat' dir='ltr'><strong>est</strong></span> <span class='ocrx_word' id='word_1_842' title='bbox 3241 4175 3403 4228; x_wconf 88' lang='lat' dir='ltr'><strong>quam</strong></span> <span class='ocrx_word' id='word_1_843' title='bbox 3443 4159 3602 4232; x_wconf 61' lang='grc' dir='ltr'><strong>ἀει</strong></span> <span class='ocrx_word' id='word_1_844' title='bbox 3698 4181 3707 4189; x_wconf 92' lang='grc'>·</span> 
     </span>
    </p>
   </div>
  </div>
