4266 6446
678 379 774 444 951
1972 353 2322 447 pnocoru
2373 388 2612 448 GAZ.—’El
2832 448 2834 450 ,
3838 395 3938 457 952

679 509 764 551 set
791 494 960 565 igitur
989 495 1076 552 lex
1097 509 1219 566 qua:
1246 496 1314 553 de
1333 504 1561 567 peccato
1585 505 1832 563 accusat,
1865 505 1922 553 et
1943 501 2420 555 eondemnationis
2443 499 2811 555 ministerium
2840 509 2924 557 est
2959 519 2974 557 :
3015 522 3034 555 ι
3065 502 3248 575 anue
3275 512 3358 560 est
3398 519 3493 575 per
3540 519 3702 572 quam
3755 512 3933 564 omnia

679 588 782 638 sub
825 594 1111 652 peccatum
1139 587 1417 641 conclusit
1450 585 1612 651 Dcus,
1647 595 1706 641 ut
1739 588 1984 642 omnium
2022 588 2436 643 misereatur“.
2468 606 2485 640 ι
2519 587 2639 642 Νοη
2675 589 2948 659 ignoravit
2977 599 3157 645 autem
3221 591 3400 646 Moses
3459 591 3771 650 Servatoris
3821 613 3932 647 ntu~

673 670 953 740 jestatem,
987 686 1088 727 nec
1139 673 1286 742 quod
1343 673 1418 727 illi
1475 682 1588 727 tota
1652 674 1963 729 daemonum
1997 675 2078 729 vis
2107 675 2415 744 subjectum
2439 685 2587 732 esset
2629 676 2774 730 itura
2802 683 2954 745 patre
3013 676 3187 747 ipsius
3222 678 3490 734 subdente
3517 681 3772 748 imperio,
3823 683 3935 738 haec

675 761 821 812 enim
849 773 1017 828 parva
1056 760 1455 829 signiﬁcatione
1493 761 1828 816 indicantur.
1856 762 1967 818 Nec
1993 778 2124 820 vero
2156 764 2301 833 quod
2324 777 2425 817 nos
2456 763 2573 832 ipse
2599 764 2655 816 in
2685 771 2890 816 terram
2920 778 3045 818 vere
3076 773 3349 829 sanetam,
3377 765 3429 818 in
3463 782 3738 833 supernas
3777 767 3937 824 sedes

677 848 991 902 adduxerit.
1026 847 1155 903 Plus
1180 863 1310 904 vero
1333 865 1512 918 Operae
1546 865 1710 919 quam
1747 852 1908 906 Pater
1944 862 2165 922 propter
2189 851 2583 904 humanitatem
2629 850 2878 907 conferre
2902 851 3128 908 dicitur.
3153 852 3631 919 Quemadmodum
3697 857 3834 912 illud
3878 872 3938 912 se

674 948 895 1002 quoque
929 933 1090 988 habet
1128 952 1141 987 :
1183 955 1200 986 ι
1226 934 1345 988 Non
1373 937 1649 1006 relinques
1677 937 1918 992 animam
1945 954 2119 992 meam
2154 940 2293 1006 apud
2320 939 2528 994 inferos
2552 941 2618 996 ³⁷.
2646 960 2664 992 ι

746 1022 786 1072 Α
811 1023 915 1088 ﬁne
938 1033 1129 1090 septem
1165 1040 1427 1077 annorum
1447 1026 1500 1078 in
1520 1035 1659 1078 stato
1675 1025 1806 1092 festo
1824 1027 1952 1078 anni
1970 1027 2292 1080 remissionis
2318 1028 2374 1080 in
2394 1027 2732 1081 solemnitate
2763 1026 3269 1082 Tabernaculorum.
3297 1027 3511 1099 [XXXL
3539 1029 3650 1101 l0.]
3673 1030 3941 1086 Numerus

675 1111 1024 1180 septenarius
1065 1114 1329 1182 temporis
1362 1115 1601 1182 spatium
1635 1122 1761 1169 ante
1792 1115 2090 1169 adventum
2116 1112 2317 1168 Christi
2342 1121 2595 1168 exactum
2633 1122 3008 1183 reprasentat.
3041 1113 3199 1170 Sicut
3240 1116 3374 1169 illud
3406 1134 3418 1170 :
3481 1135 3499 1167 ι
3545 1116 3766 1172 Sterilis
3816 1133 3940 1187 sep-

674 1209 782 1252 tem
814 1202 1024 1270 peperit
1055 1201 1118 1255 ³⁸.
1160 1221 1179 1253 ι
1225 1201 1352 1256 Item
1389 1203 1518 1256 illud
1553 1223 1564 1256 :
1608 1223 1624 1254 ί
1657 1202 1733 1258 Ne
1759 1202 1895 1258 ﬁdas
1922 1204 2146 1256 inimico
2178 1211 2292 1264 tuo,
2323 1209 2532 1270 septem
2567 1201 2713 1256 enim
2755 1202 2966 1256 scelera
3000 1202 3054 1255 in
3093 1203 3260 1256 corde
3291 1201 3413 1271 ejus
3473 1204 3684 1257 sunt".
3715 1223 3733 1254 ι
3802 1203 3933 1258 Item

673 1288 808 1341 illud
843 1289 894 1340 in
927 1288 1236 1344 Proverbiis
1266 1309 1281 1344 :
1317 1309 1334 1342 ι
1370 1289 1585 1360 Septies
1615 1292 1762 1345 cadit
1789 1291 1976 1360 justus
2002 1298 2056 1344 et
2078 1298 2325 1359 resurget
2344 1289 2409 1341 ⁸⁸.
2438 1307 2455 1340 ι
2491 1287 2770 1344 Numerus
2801 1289 2948 1343 enim
2986 1289 3090 1344 iste
3122 1291 3322 1358 ubique
3361 1290 3663 1360 Seripturze
3692 1292 3942 1345 multitu-

672 1375 855 1430 dinem
893 1377 1135 1430 denotat.
1172 1378 1314 1430 Ante
1349 1378 1644 1433 adventum
1683 1379 1848 1447 igitur
1883 1378 2091 1433 Christi
2123 1377 2230 1431 etsi
2257 1376 2339 1430 lex
2362 1377 2720 1434 recitabatur.
2754 1392 2863 1430 non
2897 1386 3079 1430 tamen
3105 1387 3164 1430 ut
3199 1377 3510 1432 diseeretur
3566 1378 3728 1432 ﬁebat
3757 1394 3774 1443 ;
3835 1394 3941 1434 non

672 1465 819 1516 enim
856 1465 1026 1534 legem
1059 1466 1201 1518 sicut
1231 1466 1539 1534 oporlehat,
1574 1465 1927 1534 perfectoque
1959 1464 2387 1536 cognoscebant.
2419 1463 2653 1530 Quando
2682 1479 2813 1518 vero
2845 1463 3097 1519 Christus
3145 1462 3382 1518 adventu
3418 1465 3484 1518 ad
3514 1480 3615 1520 nos
3653 1466 3800 1519 facto
3860 1482 3944 1521 re-

674 1552 993 1605 missionem
1032 1562 1385 1620 peccatorum
1423 1554 1582 1606 nobis
1612 1553 1970 1618 condonavit,
2001 1562 2055 1607 et
2086 1569 2113 1605 a
2139 1553 2421 1613 servitute,
2449 1549 2912 1619 quemadmodum
2945 1551 3000 1604 in
3034 1563 3180 1603 anno
3212 1551 3557 1607 remissionis
3613 1560 3940 1606 consuetum

670 1648 811 1699 orat,
851 1639 1121 1693 liberavit.
1158 1638 1389 1705 Quando
1421 1641 1584 1695 etiam
1618 1640 2042 1696 resurrectionis
2063 1647 2302 1709 tempus.
2340 1639 2501 1706 cujus
2525 1637 2753 1707 ﬁguram
2784 1637 3020 1705 przetulit
3056 1635 3562 1691 Tabernaeulorum
3599 1639 3942 1703 solemnitas,

670 1741 781 1793 quo
814 1741 1048 1795 corpora
1108 1738 1296 1782 nostra
1326 1744 1356 1782 e
1392 1737 1539 1783 terra
1587 1729 2041 1791 eorroborantur,
2107 1729 2387 1783 evolutum
2416 1733 2500 1778 est
2537 1742 2550 1776 :
2582 1731 2717 1778 tunc
2767 1723 3164 1778 humanitatem
3217 1739 3334 1778 sua:
3389 1735 3602 1779 natura
3647 1726 3943 1790 integritati

671 1814 933 1878 restituit,
957 1825 1008 1868 et
1039 1817 1104 1869 ad
1132 1817 1435 1885 discipulos
1463 1817 1602 1871 dixit
1636 1835 1649 1870 :
1689 1835 1706 1867 ι
1736 1816 1978 1886 Accipite
2015 1815 2282 1886 Spiritum
2309 1813 2635 1869 sanetum“.
2672 1831 2690 1864 ι
2721 1810 2951 1878 Quando
2968 1814 3132 1867 etiam
3158 1816 3357 1866 mentis
3388 1823 3588 1868 nostra:
3619 1815 3764 1867 oeuli
3795 1824 3946 1880 pate-

671 1905 802 1959 t'aeti
831 1916 978 1971 sunt,
1018 1917 1072 1959 ut
1107 1908 1276 1976 legem
1303 1909 1614 1976 intelligant
1647 1923 1769 1977 quae
1797 1922 1893 1962 eos
1925 1907 2058 1961 olim
2092 1905 2315 1960 latebat.
2348 1900 2841 1972 Congregabantur
2890 1900 3018 1954 item
3052 1900 3105 1953 in
3136 1915 3201 1954 eo
3232 1899 3354 1954 loco
3377 1915 3538 1969 quem
3596 1902 3946 1956 demonstra-

669 1997 770 2061 vit,
802 1995 853 2048 in
888 1993 1131 2050 Ecclesia
1191 2011 1407 2065 nempe.
1471 1996 1588 2051 lllic
1620 1997 1763 2051 enim
1789 2011 1910 2053 eam
1939 1996 2144 2050 Christi
2199 1995 2456 2066 discipuli
2492 1993 2872 2058 declararunt,
2913 1992 3132 2046 dicente
3169 1990 3338 2045 Paulo
3370 2009 3383 2045 :
3416 1991 3590 2046 «Nam
3618 1992 3665 2047 si
3723 1992 3948 2062 sanguis

669 2094 958 2140 taurorum
988 2097 1041 2140 et
1073 2087 1375 2151 hircorum,
1400 2098 1452 2141 et
1489 2087 1632 2140 cinis
1672 2087 1941 2156 juvenem,
2003 2100 2301 2157 aspergens
2356 2086 2699 2158 inquinatos,
2734 2084 2802 2138 ad
2841 2084 3025 2138 carnis
3082 2082 3526 2152 puriﬁcationem
3587 2083 3942 2146 sanctiﬁcat,

666 2186 874 2244 quanto
892 2177 1065 2246 magis
1094 2176 1321 2246 sanguis
1352 2175 1656 2229 Christi"?
1689 2195 1706 2225 ι
1733 2173 1800 2228 Ει
1833 2176 2032 2230 iterum
2069 2194 2083 2229 :
2121 2193 2139 2227 ι
2164 2175 2375 2231 Pascha
2406 2176 2551 2230 enim
2583 2184 2834 2228 nostrum
2871 2172 3215 2225 immolatum
3276 2179 3381 2234 est,
3443 2171 3703 2225 Christus
3750 2170 3944 2224 videli-

666 2264 835 2318 cet".
871 2281 890 2314 ι
922 2261 987 2317 Ει
1016 2266 1213 2318 iterum
1246 2282 1257 2317 :
1301 2282 1318 2314 ι
1347 2263 1520 2318 Dicite
1540 2265 1672 2318 mihi
1704 2279 1804 2319 vos
1837 2264 1931 2334 qui
1964 2264 2070 2319 sub
2096 2265 2214 2335 lege
2243 2279 2369 2320 esse
2394 2263 2581 2328 vultis,
2613 2277 2682 2315 an
2715 2261 2887 2331 legem
2914 2259 3216 2329 agnoscitis
3251 2273 3348 2314 seu
3380 2257 3606 2329 legitis?
3663 2257 3942 2328 Scriptum

666 2354 813 2406 enim
847 2362 930 2408 est
956 2371 968 2408 ε
992 2354 1264 2407 Abraham
1301 2359 1440 2408 duos
1475 2353 1664 2408 habuit
1702 2352 1843 2409 ﬁlios
1877 2353 1944 2420 “,
1973 2371 1991 2404 ι
2021 2360 2076 2407 et
2110 2368 2232 2422 qua:
2262 2353 2546 2421 deinceps.

746 2441 880 2497 Ecce
938 2453 993 2497 tu
1044 2445 1274 2498 dormies
1335 2459 1453 2496 cum
1502 2443 1741 2510 patribus
1790 2443 1915 2497 tuis.
1981 2440 2136 2513 [16.]
2199 2438 2509 2496 Notandum
2574 2439 2754 2493 obiter
2814 2443 2945 2501 est,
2997 2434 3144 2505 quod
3203 2451 3355 2491 mors
3399 2435 3453 2490 in
3492 2433 3674 2492 Veteri
3740 2432 3941 2490 Testa-

667 2544 854 2590 mento
884 2535 1105 2606 requies
1157 2551 1254 2592 seu
1309 2550 1538 2590 somnus
1595 2540 1843 2589 vocatur.
1891 2531 1996 2587 Per
2039 2542 2226 2602 patres
2278 2546 2410 2586 vero
2467 2522 2706 2600 majores
2755 2527 2807 2582 in
2876 2525 3152 2597 spirituali
3221 2525 3546 2598 cognatione
3622 2524 3932 2596 intelligen-

665 2625 798 2678 dum
828 2632 937 2679 est.

738 2733 969 2790 Scribite
994 2734 1153 2788 verba
1197 2732 1356 2801 hujus
1409 2731 1629 2784 cantici.
1661 2728 1804 2802 [l9.]
1864 2727 2042 2800 Digito
2097 2729 2256 2799 quasi
2291 2729 2335 2774 Α

2291 2729 2335 2774 Α
2437 2728 2719 2797 Γράψατε
2759 2724 2831 2780 τὰ
2871 2723 3112 2793 ῥήματα
3139 2722 3246 2793 τῆς
3274 2722 3436 2792 ᾠδῆς
3456 2723 3701 2790 ταύτης.
3729 2720 3805 2775 Τὸ
3833 2719 3947 2774 δει-

668 2829 758 2884 hie
789 2839 1148 2892 monstratur,
1171 2828 1318 2897 quod
1350 2825 1593 2879 futurum
1620 2831 1760 2888 erat,
1786 2821 2254 2894 quemadmodum

2368 2820 2554 2874 κτικδν
2606 2818 2844 2872 ἐνταῦθα
2897 2818 3027 2890 περὶ
3078 2816 3173 2869 τοῦ
3232 2816 3544 2885 μέλλοντος,
3572 2814 3649 2877 ὡς
3683 2815 3741 2866 ὲν
3775 2814 3958 2882 Ebur-

668 2921 725 2977 in
752 2920 1052 2991 Evangelia
1081 2941 1091 2976 :
1131 2940 1147 2972 ι
1174 2919 1503 2990 Quicunque
1534 2917 1760 2974 solverit
1790 2930 1957 2972 unum
1983 2929 2053 2970 ex
2095 2928 2260 2968 man-

2193 2929 2260 2968 n-
2368 2913 2533 2983 γελίῳ
2552 2930 2565 2944 ·
2609 2931 2626 2964 t
2671 2912 2767 2975 Ὃς
2792 2910 2858 2965 ἂν
2889 2909 3027 2982 λύσῃ
3055 2910 3184 2980 μίαν
3208 2907 3316 2961 τῶν
3350 2906 3579 2961 ἐντολῶν
3603 2904 3830 2959 τούτων.
3858 2922 3878 2956 ι

667 3013 810 3068 datis
838 3012 1005 3067 his".
1034 3030 1052 3063 ι
3208 3024 3210 3026 τ

740 3131 1030 3186 Canticum
1069 3140 1250 3184 autem
1287 3137 1370 3184 est
1419 3129 1689 3200 theologia
1714 3167 1728 3191 ,
1765 3142 1888 3198 quae
1925 3126 2066 3183 veris
2098 3133 2153 3181 et
2182 3123 2351 3180 rectis
2377 3119 2734 3193 dogmatibus
2765 3126 2852 3174 est
2907 3116 3162 3178 fundata,
3212 3131 3379 3186 quam
3432 3115 3568 3185 justi
3603 3114 3784 3168 anima
3838 3113 3959 3168 sola

670 3235 871 3291 magno
903 3219 1090 3276 studio
1118 3229 1171 3274 et
1203 3234 1335 3272 cura
1370 3232 1561 3272 secum
1620 3217 1924 3272 destinavit
1989 3215 2119 3270 Deo.
2171 3215 2262 3269 Vel
2298 3221 2450 3268 certe
2497 3226 2601 3264 vox
2654 3219 2740 3265 est
2777 3216 2970 3280 argute
2999 3223 3063 3260 ac
3091 3207 3388 3269 concinne,
3420 3205 3630 3274 absque
3687 3212 3961 3257 concentu

671 3290 862 3379 organi
898 3308 1131 3363 reddita.
1160 3307 1514 3377 Quaecunque
1548 3308 1694 3361 enim
1730 3305 1878 3361 nuda
1907 3315 1962 3361 et
1999 3306 2280 3360 abstracta
2306 3298 2774 3369 contemplatione
2806 3311 2870 3350 ac
2910 3295 3183 3367 theologia
3221 3292 3792 3364 comprehenduntur,
3853 3290 3962 3345 hoc

672 3399 914 3454 nominis
946 3398 1278 3450 sortiuntur.

740 3485 904 3557 462
941 3485 1154 3538 Librum
1220 3484 1358 3536 hunc
1402 3488 1678 3549 acceptum
1731 3478 1966 3546 reponite
2004 3478 2059 3531 in
2089 3479 2252 3532 latere
2314 3491 2454 3529 arca:
2511 3474 2745 3542 imiteris.
2783 3473 2922 3546 [26.]
2954 3469 3226 3529 Caeterum
3280 3472 3335 3526 in
3389 3471 3634 3527 medium
3696 3469 3964 3525 concedit

670 3573 757 3631 lex
791 3614 805 3637 ,
852 3574 1058 3628 indicio
1117 3570 1263 3641 quod
1323 3585 1462 3623 nova
1529 3584 1627 3639 per
1676 3566 1961 3622 Christum
2022 3566 2233 3622 edenda
2297 3563 2525 3619 oracula
2583 3578 2690 3617 non
2740 3563 2902 3631 longe
2943 3561 3053 3615 sint
3131 3559 3413 3615 defutura.
3494 3557 3630 3612 Nam
3682 3567 3737 3613 et
3787 3557 3965 3626 legem

670 3662 976 3731 quoquein
1002 3660 1179 3716 sacris
1211 3659 1450 3713 emtibus
1510 3658 1759 3728 recipere
1824 3655 2122 3726 oportebit,
2179 3653 2516 3723 minimeque
2577 3652 2832 3722 rejieere.
2875 3648 3267 3705 Verumtamen
3332 3649 3522 3720 prima:
3551 3646 3599 3700 ei
3653 3661 3762 3700 non
3816 3643 3973 3699 defe-

670 3758 897 3806 runtur.

744 3883 1073 3953 tiongregate
1096 3881 1163 3933 ad
1184 3895 1263 3932 me
1289 3893 1464 3932 omnes
1488 3876 1722 3928 tribuunt
1752 3873 2017 3943 principes
2042 3880 2266 3926 vestros.

2444 3873 2926 3942 Ἐκκλησιάσατε
2951 3872 3102 3940 πρός
3117 3886 3195 3938 με
3223 3867 3364 3932 τοὺς
3389 3865 3751 3936 φυλάρχους
3773 3860 3971 3931 ὑμῶν.

671 3976 814 4053 [9.8.]
874 3975 991 4031 Vox
1044 3974 1264 4045 quidem
1328 3971 1420 4025 Dei
1459 3985 1564 4024 una
1593 3977 1677 4025 est
1702 3983 1831 4036 erga
1865 3980 2066 4020 omnes
2102 3973 2264 4032 quot-

2386 3967 2655 4037 Ἐνωτικὴ
2707 3967 2816 4038 γὰρ
2849 3963 3046 4036 ήΘεοῦ
3103 3962 3257 4033 φωνὴ
3306 3960 3414 4013 τῶν
3470 3959 3587 4011 ὅσοι
3647 3953 3974 4024 πειθόμενοι

671 4082 808 4142 quot
837 4069 1158 4127 earumdem
1205 4068 1467 4120 virtutum
1494 4071 1549 4119 et
1577 4063 1889 4132 dogmatum
1920 4075 1979 4114 se
2028 4056 2269 4113 submit-

2377 4063 2497 4124 ταῖς
2547 4063 2745 4122 αὑταῖς
2789 4059 3011 4131 ἀρεταῖς
3069 4055 3164 4109 καὶ
3212 4054 3485 4122 δόγμασιν
3543 4044 3972 4101 ὑποϐάλλονται.

671 4136 796 4221 titnt
830 4164 1087 4234 imperio.
1124 4160 1180 4214 In
1220 4159 1414 4230 primis
1454 4172 1585 4211 vero
1615 4156 1681 4208 ad
1710 4170 1804 4208 eos
1856 4152 1948 4222 qui
2002 4150 2270 4219 dignitate
2303 4176 2346 4231 Β

2303 4176 2346 4231 Β
2378 4153 2638 4225 Πρώτους
2676 4153 2735 4206 δὲ
2784 4153 2878 4206 καὶ
2928 4150 3050 4204 κατ’
3102 4147 3386 4217 ἐξαίρετον
3447 4143 3577 4206 τοὺς
3623 4136 3977 4208 προῦχοντας

671 4227 936 4334 prazstant
968 4258 1093 4312 aliis
1149 4227 1409 4324 pertinet.
1474 4252 1625 4318 Quos
1665 4248 1788 4303 ideo
1836 4259 2150 4301 convocare
2181 4243 2268 4296 di-
2304 4227 2337 4231 ’

2304 4227 2337 4231 ⁷
2377 4242 2520 4308 ἀξιοῖ
2546 4242 2897 4311 συλλεγῆναι.
2934 4238 3344 4311 Προσεκτικοὺς
3375 4235 3577 4297 αὐτοὺς
3607 4231 3718 4286 τῶν
3741 4227 3974 4299 λεγομέο

672 4322 898 4419 ᾖνιιαιιιτ,
928 4364 1039 4420 quo
1070 4322 1222 4402 dicto
1241 4345 1621 4400 audientiores
1655 4340 1841 4395 faciat.
1876 4337 2086 4392 llorum
2119 4334 2267 4390 enim

2378 4354 2483 4390 νων
2545 4335 2846 4390 ἀποτελῶν.
2895 4334 3020 4396 Τοῖς
3083 4333 3190 4404 γὰρ
3231 4330 3440 4384 τούτων
3495 4325 3766 4397 νεύμασιν
3798 4322 3977 4394 ἐχρῆν

673 4459 702 4496 a
735 4424 893 4497 vultu
919 4441 1294 4496 obedientiam
1331 4437 1575 4510 pendere
1609 4435 1926 4505 oportebat.

1407 4437 1575 4492 ndere
1609 4435 1926 4505 oportebat.
2380 4425 2698 4481 ἀκολουθεῖν
2730 4424 2791 4477 τὸ
2826 4425 3090 4493 ὑπήκοον.

743 4581 1148 4638 Testimonium
1187 4589 1370 4633 autem
1441 4592 1602 4632 suum
1658 4571 1940 4644 praemittit
1971 4585 2082 4640 quo
2119 4568 2432 4624 futurorum
2470 4566 2741 4620 malorum
2773 4563 2934 4632 culpa
2988 4577 3110 4616 sese
3162 4557 3370 4613 eximat
3434 4554 3604 4617 Deus,
3632 4561 3688 4607 et
3720 4550 3870 4622 quod
3911 4565 3982 4606 ea

673 4673 877 4729 mentis
943 4669 1250 4725 mutatione
1311 4665 1508 4723 evitari
1541 4664 1759 4734 possint
1785 4660 2013 4715 indicet.

741 4761 990 4825 Adverte,
1019 4758 1234 4821 caelum,
1265 4773 1389 4810 nam
1425 4729 1634 4824 loqu-ar,
1671 4761 1721 4805 et
1753 4749 1941 4803 audiat
1968 4756 2112 4801 terra
2149 4742 2305 4799 verba
2328 4759 2391 4797 ex
2416 4758 2507 4796 ore
2540 4755 2674 4793 meo.
2698 4734 2943 4809 [XXXIL
2973 4732 3047 4806 l.]
3095 4732 3166 4788 Ut
3212 4731 3304 4787 Dei
3365 4731 3532 4786 verba.
3587 4729 3983 4802 percipiantur

671 4854 875 4910 cmlum
904 4850 1048 4923 quod
1082 4819 1300 4904 divinas
1328 4819 1538 4915 accep-it
1560 4841 2060 4900 virtutesinvoeat,
2093 4850 2306 4890 necnon
2333 4841 2539 4886 terram
2580 4827 2893 4882 mortalium
2930 4824 3138 4923 sedem.
3175 4823 3249 4876 Ea
3287 4820 3436 4876 enim
3470 4829 3652 4923 mente
3705 4819 3977 4888 praeditos

674 4942 903 4997 reddere
923 4907 1202 4994 'attonitos
1233 4907 1488 5008 possunt.
1527 4931 1801 4998 Quoniam
1835 4943 1963 4984 vero
1999 4925 2143 4981 oculi
2178 4921 2406 4978 auribus
2435 4916 2793 4988 pretiosiores
2827 4912 3264 4981 solertioresque
3321 4917 3474 4973 sunt,
3503 4907 3794 4963 advertere
3839 4924 3984 4978 prae-

675 5030 1062 5094 stantioribus,
1103 4996 1297 5082 audire
1320 5040 1451 5079 vero
1484 4996 1817 5076 mortalibus
1853 5016 2050 5073 tribuit
2092 5030 2106 5068 ε
2158 5010 2452 5069 facultates
2487 5007 2632 5062 enim
2665 5003 2868 5059 mentis
2910 5012 3175 5072 tanquam
3203 4999 3406 5054 oculus
3441 5012 3587 5051 unus
3615 4996 3932 5065 percipiunt
3965 5014 3979 5061 ;

675 5143 773 5184 seu
805 5123 1065 5195 quoniam
1098 5136 1160 5176 ea
1187 5116 1416 5173 oracula
1439 5113 1616 5184 longis
1651 5120 1774 5181 post
1807 5106 2151 5177 temporibus
2181 5117 2432 5165 evenere,
2474 5097 2708 5153 mortale
2735 5110 2865 5150 vero
2893 5094 3216 5149 diuturnum
3252 5105 3362 5144 non
3403 5096 3507 5155 est,
3537 5086 3755 5142 divinas
3785 5094 3841 5141 et
3871 5088 3984 5141 int-

675 5182 941 5270 inortalcs
971 5211 1225 5272 virtutes,
1264 5207 1364 5259 hoc
1396 5212 1500 5266 est,
1537 5182 1812 5270 longaevas
1843 5205 2005 5251 terra:
2037 5200 2227 5264 partes
2259 5188 2585 5247 testimonio
2617 5202 2803 5241 rerum
2839 5184 3156 5239 futurarum
3185 5182 3427 5244 invocat,

748 5341 887 5396 Nam
929 5345 983 5394 et
1015 5336 1144 5392 alibi
1177 5333 1323 5389 Deus
1359 5346 1454 5402 per
1503 5327 1691 5385 Mosen
1727 5328 1920 5382 eodem
1986 5322 2152 5379 modo
2192 5323 2273 5376 lo-

2454 5320 2590 5375 Θεοῦ
2625 5318 2714 5372 διὰ
2743 5316 3026 5378 Μωῦσέως
3079 5312 3392 5375 λαλοῦντος,
3448 5310 3544 5363 καὶ
3595 5307 3707 5361 τῶν
3758 5306 3990 5361 πάντων

680 5437 904 5500 quitur,
952 5443 1007 5489 et
1065 5430 1313 5485 omnium
1385 5439 1572 5480 rerum
1634 5421 1981 5478 conditorem
2029 5419 2271 5472 invocat.

2384 5412 2822 5484 ἐπικαλουμένου
2865 5410 2959 5464 τὸν
3010 5408 3264 5479 ποιητὴν.
3324 5407 3426 5477 τὴν
3461 5404 3644 5458 κτίσιν
3698 5401 3873 5473 ἐχρῆν
3908 5402 3992 5462 εις

681 5532 818 5584 Cum
878 5543 1012 5584 vero
1045 5541 1115 5580 an
1147 5531 1341 5578 contra
1395 5519 1617 5575 Judazos
1682 5523 1898 5572 tantum
1955 5511 2278 5584 hujusmodi

2389 5511 2630 5580 ὑπήκοον
2661 5503 2918 5575 ἄγεσθαι.
2956 5503 3046 5574 Μή
3089 5518 3222 5555 ποτε
3241 5500 3298 5554 δὲ
3330 5500 3420 5553 καὶ
3453 5497 3528 5562 ὡς
3555 5495 3669 5550 τῶν
3711 5492 3989 5548 τοιούτων

679 5645 848 5686 Voces
910 5622 1274 5686 proferantur
1329 5616 1477 5672 haud
1539 5615 1749 5679 sciam,
1807 5610 2010 5666 coelum
2041 5620 2088 5664 et
2136 5617 2279 5664 terra

2390 5600 2585 5672 φωνῶν
2611 5601 2731 5652 κατ’
2769 5595 3044 5651 Ἰουδαίων
3079 5590 3535 5665 προφερομένων,
3573 5586 3805 5659 οὐρανὸς
3837 5584 3991 5638 εικό-

756 5808 801 5838 ³³
841 5810 995 5861 lion.
1064 5823 1135 5861 \l.
1188 5803 1276 5857 3)..
1358 5799 1400 5830 ³⁷
1447 5797 1592 5854 Psal.
1632 5812 1720 5851 xv.
1754 5793 1840 5849 10.
1928 5790 1971 5822 ”‘
2008 5791 2024 5844 1
2055 5789 2273 5861 lit-gl",
2307 5786 2358 5838 ὅ.

2307 5786 2358 5838 ὅ.
2443 5787 2483 5816 ³η
2520 5784 2657 5836 Prov
2736 5796 2884 5835 “vi.
3065 5850 3075 5861 .
3110 5776 3152 5808 ‘°
3185 5774 3345 5861 PILOAV.
3383 5789 3532 5843 XXIV,
3576 5770 3658 5828 l6.
3738 5769 3780 5803 δ’
3818 5767 3984 5824 han.

678 5897 779 5946 xx.
817 5847 1659 5940 212:”?!nauigasmﬁsr
1693 5847 1823 5924 Cor.
1858 5881 1910 5931 v,
1946 5863 1996 5916 7.
2080 5847 2342 5915 “"Galat.
2406 5871 2480 5925 ιν,
2539 5855 2752 5921 21,22.
2833 5854 2876 5885 η
2929 5850 3118 5904 Matth.
3156 5864 3206 5914 v,
3244 5847 3328 5903 t9.
