4266 6446
335 413 443 476 953

1225 423 1764 486 COMMENTARII
1809 428 1889 486 IN
1938 427 2636 489 DEUTERONOMIUM.

3483 429 3588 490 955

329 545 442 584 τως
467 527 820 582 ἀνακαλεῖται
856 529 951 582 καὶ
978 528 1074 599 γῆ,
1106 527 1174 582 τὰ
1195 531 1426 584 καθόλου
1450 534 1548 603 τῆς
1579 534 1908 600 οἰκουμένης
1938 544 1982 596 Α
2010 538 2014 587 l

1900 551 1908 594 :
1938 544 1982 596 Α
2010 535 2348 589 invocantur
2393 537 2591 590 merito
2630 555 2643 590 :
2673 551 2794 606 qua!
2827 545 3013 608 gentes
3045 551 3144 607 per
3172 545 3342 590 totum
3399 541 3585 590 orbem

336 617 466 688 ἔθνη
523 619 828 688 δηλοῦντα,
893 622 989 674 καὶ
1036 620 1162 690 ,τῆς
1216 622 1275 673 ὲν
1323 623 1572 692 οὐρανοῖς
1628 623 1910 694 διατριδῆς

337 709 498 775 ἄξια;

2015 632 2323 690 versantes,
2355 640 2419 680 ac
2445 627 2767 682 caelestibus
2800 625 3027 681 sedibus
3058 627 3254 696 dignas
3288 641 3585 695 repraesen-

2015 723 2154 771 tant.

408 826 591 882 Stillet
608 836 664 879 ut
692 826 876 896 pluvia
901 828 1162 897 eloquium
1184 844 1376 882 meum.
1410 823 1652 899 [XXXIL
1669 825 1749 898 2.]
1765 827 1901 882 Cum
1926 828 2089 884 nubis
2110 829 2284 884 instar
2309 827 2484 885 Moses
2506 835 2670 893 esset,
2691 827 2796 883 isto
2821 828 3035 884 dicendi
3064 845 3264 900 genere
3278 833 3467 884 utitur.
3494 830 3587 883 Sic

336 916 481 970 enim
507 917 680 969 sancti
714 918 1085 985 appellantur.
1122 918 1196 972 De
1227 918 1427 986 quibus
1453 916 1660 969 dictum
1693 923 1911 970 exstat:
1947 934 1966 968 ι
1993 913 2210 971 Veritas
2237 924 2327 968 tua
2361 915 2429 970 ad
2453 915 2629 971 nubes
2661 931 2837 985 usque
2864 918 3125 985 protingit
3149 918 3217 973 “.
3247 937 3265 969 ι
3308 918 3408 983 Qui
3441 919 3584 972 enim

337 1001 510 1056 nubes
541 1001 831 1057 insensiles
858 1004 1105 1057 veritatis
1136 1019 1357 1057 sensum
1382 1002 1735 1072 percipiunt?
1768 1000 1964 1058 Iisdem
1996 1017 2216 1074 quoque
2251 1018 2282 1057 ο
2314 1003 2426 1057 Deo
2458 1003 2708 1057 mandari
2758 1003 2984 1068 dicitur,
3016 1012 3074 1058 ut
3119 1006 3357 1074 pluviam
3426 1012 3588 1059 terra

336 1097 552 1158 negent.
589 1089 666 1143 Ac
695 1089 816 1157 ejus
869 1091 1111 1143 mandati
1147 1091 1316 1144 divini
1377 1106 1545 1145 sensu
1591 1099 1916 1159 tanguntur,
1950 1091 2113 1145 etubi
2143 1089 2434 1159 rigandum
2464 1090 2716 1142 minusve
2757 1098 2981 1142 norunt.
3042 1089 3139 1145 His
3197 1107 3328 1144 vero
3381 1090 3587 1154 verbis,

336 1183 394 1228 ut
425 1177 601 1229 locum
626 1174 770 1243 apud
792 1175 1004 1244 scipsos
1030 1186 1222 1244 parent
1241 1177 1294 1228 in
1323 1190 1388 1230 eo
1411 1176 1628 1243 eloquia
1663 1175 1766 1230 ista
1792 1176 2093 1246 excipiant,
2130 1175 2590 1245 quemadmodum
2614 1175 2866 1246 agricola:
2891 1184 3089 1230 terram
3124 1191 3318 1246 parare
3383 1176 3589 1230 solent:

332 1277 444 1333 quo
467 1260 615 1315 nulla
644 1261 892 1314 elabatur
917 1276 1080 1331 aqua,
1103 1263 1374 1316 hortatur.

403 1379 477 1433 Τὸ
499 1382 766 1450 ἠρεμαῖον
792 1380 884 1433 καὶ
906 1378 980 1450 μὴ
1000 1377 1207 1431 κατασύ
1217 1394 1305 1445 ρον
1321 1376 1430 1428 τῶν
1452 1375 1710 1445 ῥημάτων
1731 1374 1910 1444 δηλῶν

334 1472 478 1524 κατὰ
517 1472 690 1542 βραχὺ
709 1472 993 1534 δυνόντων,
1028 1470 1125 1522 καὶ
1152 1468 1250 1537 τὴν
1285 1466 1512 1538 καρδίαν
1545 1467 1913 1535 ἁπαλωτέραν

333 1565 472 1632 πρὸς
510 1563 887 1632 καρποφορίαν
912 1558 1322 1631 ἐργαζομένων,
1378 1558 1575 1627 δρόσον
1609 1556 1782 1609 ταῦτα
1812 1574 1910 1610 και

334 1655 434 1707 λεῖ.
483 1653 677 1706 Ὀποία
704 1653 796 1704 καὶ
830 1654 862 1721 ἡ
894 1649 1295 1704 καταὸαίνουσα
1335 1647 1475 1700 κατὰ
1520 1645 1685 1698 Δαόὶδ
1716 1648 1811 1698 ἐπὶ
1834 1646 1902 1699 τὰ

332 1746 435 1815 ὅρη
465 1743 602 1796 Σιών
626 1761 639 1774 ·
665 1745 746 1796 ὅτι
778 1743 896 1795 ἐκεῖ
926 1740 1228 1795 ινετείλατο
1262 1738 1466 1808 Κύριος
1504 1736 1601 1806 τὴν
1630 1737 1908 1804 εὐλογίαν,

334 1833 480 1904 ζωὴν
513 1833 618 1896 ἕως
643 1831 738 1886 τοῦ
785 1831 1001 1894 αἰῶνος.
1046 1829 1158 1882 Καὶ
1202 1827 1356 1882 αὐτοὶ
1409 1821 1589 1880 τὸίνυν
1620 1828 1696 1891 ὡς
1721 1827 1912 1899 δρόσον

334 1923 618 1994 δεχόμενοι
648 1923 776 1986 τοὺς
799 1921 992 1991 λόγους
1029 1918 1511 1989 εὐλογηθήσονται.

419 2104 482 2156 'H
501 2102 777 2174 ἄγρωστις
807 2102 912 2156 πόα
934 2105 1027 2168 τίς
1053 2100 1205 2154 ἐστιν
1227 2099 1599 2170 ἐπινεμομένη
1630 2101 1696 2170 τῇ
1723 2103 1792 2169 γῇ
1817 2100 1911 2152 καὶ

337 2197 582 2268 βαθείαις
619 2195 799 2266 ῥίζαις
822 2181 1049 2258 λεπταῖς
1065 2212 1123 2248 τε
1160 2203 1254 2247 και
1284 2192 1504 2254 πολλαῖς
1533 2195 1625 2245 καὶ
1660 2195 1909 2256 πυκναῖς,

333 2286 447 2344 οἷόν
477 2306 586 2342 τισι
628 2287 827 2352 ζώναις
861 2286 961 2356 τὴν
1007 2288 1111 2356 γῆν
1163 2286 1606 2354 περισφίγγουοα
1631 2301 1644 2315 ο
1678 2285 1753 2346 ὡς
1786 2284 1912 2336 ἀντ-

336 2381 572 2451 έχουσαν
600 2381 722 2442 ταῖς
750 2376 1106 2447 ἐπομϐρίαις,
1147 2375 1223 2445 μὴ
1258 2373 1703 2445 παρασύρεσθαι,
1754 2373 1914 2425 πλέον

335 2473 424 2527 ἀεὶ
454 2470 801 2543 ριζουμένην.
835 2468 1019 2531 Οῦτως
1046 2464 1141 2521 οῦν
1164 2467 1308 2533 ἀξιοῖ
1345 2466 1434 2518 τὸν
1469 2464 1686 2532 λογικὸν
1712 2464 1918 2535 ὄμϐρον

333 2564 413 2634 τῷ
431 2564 532 2634 τῆς
558 2562 799 2624 διανοίας
823 2557 1300 2630 παραπέμπεσθαι
1356 2556 1532 2626 βάθει,
1573 2559 1780 2625 μήποτε
1818 2557 1911 2609 καὶ

339 2656 670 2728 ξηρανθῶσι,
712 2654 785 2725 μὴ
829 2653 1134 2723 δεχόμενοι,
1197 2652 1293 2704 καὶ
1344 2651 1420 2712 ὡς
1447 2651 1725 2718 ἄγρωστις
1775 2648 1918 2718 ξηρὰ

342 2749 627 2821 βρωθῶσιν
661 2747 766 2800 ὑπὸ
793 2747 987 2817 πυρὸς,
1027 2745 1169 2798 κατὰ
1226 2743 1325 2814 τὴν
1369 2741 1464 2795 τοῦ
1520 2742 1744 2794 Ἡσαΐου
1806 2759 1918 2810 φω-

339 2843 437 2912 νήν
454 2877 468 2892 .

2089 1371 2292 1450 Deinde
2331 1374 2632 1437 lenitatem,
2661 1385 2715 1428 et
2742 1376 3034 1430 verborum
3100 1376 3430 1431 modestiam
3464 1389 3590 1445 quas

2019 1463 2277 1531 paulatim
2349 1465 2644 1519 subsidunt
2702 1481 2908 1536 corque
2967 1468 3378 1520 molliusculum
3433 1466 3589 1520 ferax

2017 1551 2272 1619 reddunt,
2301 1569 2423 1606 cum
2455 1569 2518 1608 ea
2551 1555 2692 1611 roris
2725 1558 2989 1626 proponit
3052 1559 3297 1622 nomine,
3359 1557 3587 1611 iudicat.

2017 1642 2339 1711 Cujusmodi
2372 1653 2422 1698 et
2451 1644 2584 1698 illud
2606 1654 2713 1708 est,
2747 1663 2866 1715 qua:
2897 1647 3201 1710 descendit,
3227 1647 3386 1716 juxta
3425 1645 3589 1700 Davi-

2016 1735 2160 1801 dem,
2193 1751 2357 1803 super
2386 1744 2599 1790 montes
2648 1736 2807 1799 Sion,
2852 1739 3114 1806 quoniam
3176 1739 3288 1792 illic
3341 1739 3592 1807 promisit

2018 1825 2282 1880 Dominus
2319 1827 2490 1880 vitam
2542 1826 2750 1882 felicem
2784 1829 2839 1882 in
2868 1837 3130 1883 mternum
3154 1828 3221 1882 ".
3257 1826 3366 1898 Ipsi
3404 1829 3591 1898 itaque

2018 1919 2181 1971 etiam
2219 1919 2312 1986 qui
2342 1919 2504 1973 verba
2537 1926 2797 1989 tanquam
2833 1934 3016 1974 rorem
3048 1919 3354 1990 excipiunt,
3412 1920 3591 1974 felici-

1949 1997 1992 2055 Β
2023 2017 2133 2064 tate
2165 2010 2536 2064 donabuntnr.

2091 2103 2358 2157 Caeterum
2391 2104 2666 2173 ἅγρωστις
2697 2104 2864 2160 herba
2911 2104 3164 2174 quasdam
3201 2114 3306 2169 est,
3343 2119 3467 2174 qua:
3499 2120 3595 2159 su-

2023 2211 2118 2264 per
2150 2206 2290 2248 terra
2315 2199 2506 2265 serpit,
2534 2213 2599 2251 ac
2625 2197 2750 2250 altis
2781 2196 3068 2250 radicibus
3096 2199 3374 2263 tenuibus,
3409 2197 3598 2250 multis

2023 2300 2086 2338 ac
2119 2284 2499 2356 frequentibus
2545 2297 2748 2341 terrain
2792 2302 2893 2341 ceu
2949 2287 3266 2340 humiditati
3331 2287 3598 2340 resisten-

2022 2388 2130 2431 tem
2163 2380 2573 2449 complecdtur,
2607 2383 2937 2451 altioresque
2961 2397 3031 2437 ne
3060 2382 3327 2435 evellatur
3360 2379 3598 2433 subinde

2020 2469 2231 2524 radices
2280 2471 2406 2539 agit.
2465 2471 2541 2525 Ad
2601 2473 2746 2525 hunc
2801 2474 2972 2543 igitur
3023 2463 3266 2534 modum,
3305 2471 3358 2523 in
3399 2469 3599 2524 mentis

2023 2561 2449 2630 profunditatem
2484 2564 2632 2618 verbi
2665 2566 2750 2620 sui
2786 2567 3016 2620 imbrem
3064 2566 3356 2617 demittere
3409 2562 3601 2630 digna-

2028 2663 2141 2716 tttr,
2173 2672 2238 2708 ne
2262 2655 2402 2711 forte
2428 2659 2520 2726 qui
2557 2673 2663 2710 non
2696 2658 3001 2728 excipiunt,
3029 2663 3373 2720 exarescant,
3405 2662 3457 2708 et
3479 2664 3602 2706 tan-

2021 2764 2182 2817 quam
2221 2750 2386 2803 herba
2447 2751 2601 2804 arida
2637 2752 2703 2804 ab
2747 2751 2891 2821 igne,
2940 2750 3097 2819 juxta
3134 2748 3285 2803 Isaiae
3325 2742 3601 2808 vocem“,

2025 2841 2412 2897 absumantur.
3036 2838 3040 2840 ’

406 2947 687 3004 Fortassis
715 2962 847 3001 vero
878 2928 1098 3015 propter
1121 2944 1468 2998 sterilitatem
1505 2943 1612 2998 feni
1649 2954 1702 2998 et
1727 2945 2053 3017 ἀγρώστιος,
2111 2951 2243 3005 item
2278 2952 2418 3020 quod
2441 2952 2496 3006 in
2527 2952 2662 3007 locis
2718 2951 2942 3006 incultis
3009 2959 3314 3005 nascuntur
3343 2988 3358 3013 ,
3426 2945 3594 3000 steri-

335 3039 542 3092 litatem
570 3036 1028 3105 asperitatemque
1059 3048 1246 3087 eorum
1273 3033 1367 3102 qui
1404 3032 1643 3086 audituri
1676 3044 1834 3093 sunt.
1868 3035 2067 3102 innuit,
2118 3050 2450 3109 quapropter
2480 3055 2574 3094 eos
2608 3041 2913 3095 obtestatur
2979 3041 3167 3093 etiam.

409 3126 645 3180 Tribuite
662 3124 1112 3194 magniﬁcentiam
1146 3121 1251 3174 Deo
1281 3132 1480 3174 nostro.
1517 3119 1621 3191 [3.]
1644 3121 1786 3175 Nihil
1818 3124 2018 3180 humile
2056 3138 2144 3180 aut
2171 3140 2435 3182 creatura:
2482 3130 2660 3184 simile
2687 3129 2753 3181 de
2779 3145 2844 3182 eo
2869 3125 3216 3192 concipiatis.
3261 3124 3435 3177 Porro
3501 3119 3603 3173 Da-

334 3215 422 3271 vid
448 3229 668 3285 quoque
688 3214 764 3267 ait
796 3232 808 3266 :
849 3229 867 3262 ι
897 3210 1233 3280 ilagniﬁcate
1260 3209 1548 3263 Dominum
1588 3226 1819 3275 mecum,
1840 3220 1894 3265 et
1925 3216 2227 3270 exaltemus
2251 3231 2447 3269 nomen
2494 3217 2614 3285 ejus
2653 3216 2817 3270 simul
2841 3215 2910 3268 δ’.
2939 3233 2956 3265 ι
2994 3213 3050 3267 Si
3073 3214 3219 3267 enim
3268 3225 3436 3280 opera
3480 3209 3603 3278 ejus

336 3304 682 3375 magniﬁunt,
717 3309 927 3372 quanto
963 3303 1138 3369 magis
1169 3300 1286 3368 ipse
1316 3313 1507 3352 eorum
1555 3300 1834 3352 conditor;

406 3425 470 3478 El
507 3421 980 3494 γὰρὲμεγαλύνθη
1004 3421 1071 3484 τᾷ
1099 3419 1236 3486 ἔργα
1273 3418 1464 3480 αὑτοῦ,
1511 3418 1661 3487 πόσῳ
1712 3417 1917 3487 μᾶλλον
1951 3420 1994 3477 C

1951 3420 1994 3477 ο
2101 3415 2172 3468 Ex
2207 3429 2431 3482 operum
2459 3415 2605 3468 enim
2640 3411 3043 3482 magnificentia
3078 3426 3141 3464 ac
3201 3411 3612 3480 pulchritudine

336 3516 498 3580 αὐτὸς
530 3517 559 3568 ὁ
587 3513 795 3568 τούτων
823 3513 1192 3584 δημιουργόςί
1235 3513 1328 3564 Ἐκ
1361 3510 1624 3580 μεγέθους
1669 3512 1778 3579 γὰρ
1836 3513 1929 3564 καὶ

337 3607 600 3677 καλλονῆς
623 3607 942 3675 κτισμάτων
961 3604 1243 3672 ἀναλόγως
1274 3604 1302 3655 ὀ
1329 3603 1711 3673 γενεσιουργὸς
1743 3603 1929 3655 αὐτῶν

337 3698 650 3770 θεωρεῖται.
685 3697 798 3750 Καὶ
843 3696 1075 3758 Ἡσαΐας
1109 3695 1164 3748 δέ
1189 3712 1379 3764 φησιν,
1420 3713 1437 3744 ι
1473 3695 1749 3764 Ἐπάρατε
1798 3696 1928 3757 τοὺς

338 3787 654 3857 ὀφθαλμοὺς
683 3786 861 3856 ὑμῶν,
890 3785 983 3838 καὶ
1016 3785 1154 3837 ἴδετε
1184 3784 1271 3846 τίς
1331 3781 1605 3846 κατέδειξε
1664 3781 1873 3846 ταῦτα;
1907 3801 1926 3835 ι

338 3878 660 3947 Μέγεθοςδὲ
676 3877 828 3949 αὐτῷ
857 3878 919 3930 οὺ
961 3877 1296 3946 σωματικὴν,
1347 3875 1490 3927 κατὰ
1522 3875 1578 3927 δὲ
1612 3874 1711 3937 τὰς
1772 3874 1932 3926 ἀπεί-

343 3987 468 4043 ρους
496 3987 559 4024 τε
586 3969 870 4040 ἐνεργείας
916 3967 1013 4021 καὶ
1064 3967 1346 4036 δυνάμεις.
1394 3965 1549 4017 Ἑπεὶ
1595 3965 1692 4016 καὶ
1734 3963 1931 4033 μικρὸς

339 4064 481 4135 ἀνὴρ
510 4062 588 4133 τῷ
629 4060 864 4130 σώματι,
925 4058 1103 4128 μέγας
1156 4056 1296 4109 κατὰ
1352 4054 1545 4124 σοφίαν
1587 4054 1932 4124 ἐπονομάζεσ-

341 4173 451 4212 ται.

416 4248 528 4303 Καὶ
573 4245 766 4302 πᾶσαι
806 4247 865 4299 al
920 4243 1050 4299 ὁδοί
1110 4242 1298 4298 αὑτοῦ
1337 4242 1570 4309 κρίσεις
1619 4252 1634 4267 ⁶
1679 4239 1931 4293 τουτέστι

344 4339 538 4409 σοφίας
560 4341 655 4391 καὶ
685 4336 923 4408 κρίσεως
946 4337 994 4388 οῖ
1030 4335 1160 4406 περὶ
1185 4333 1443 4405 προνοίας
1482 4332 1719 4402 γέμουσι
1759 4332 1931 4398 λόγον,

342 4434 449 4488 κᾶν
479 4433 540 4487 τὸ
562 4430 770 4485 τούτων
827 4430 962 4500 ἡμῖν
1014 4428 1089 4499 μὴ
1149 4426 1412 4497 φαίνηται
1470 4426 1681 4479 δίκαιον
1703 4441 1717 4454 ·
1753 4424 1820 4476 δι’
1856 4417 1934 4476 ὧν

343 4527 443 4597 τὴν
467 4525 650 4578 πᾶσαν
682 4521 876 4591 ὥσπερ
897 4504 1286 4589 διαπορεύεται
1332 4517 1532 4583 κτίσιν,
1569 4516 1733 4587 βάθος
1766 4515 1933 4569 πλού-

341 4636 438 4673 του
467 4618 563 4671 καὶ
603 4617 795 4683 σοφίας
826 4613 990 4682 ἔχων,
1037 4611 1132 4666 καὶ
1159 4610 1430 4682 κρίματα,
1484 4610 1629 4664 κατὰ
1655 4609 1748 4662 τὸν
1782 4606 1934 4662 Παῦ-

343 4711 460 4774 λον,
499 4706 930 4779 ἁνεξερεῦνητα.

425 4893 516 4947 Ἑν
547 4891 628 4963 τῷ
647 4889 846 4961 δικαίῳ
873 4886 1086 4954 πιστὸς,
1125 4886 1203 4957 μὴ
1246 4886 1347 4957 τὴν
1393 4885 1561 4957 ὀρθὴν
1593 4886 1771 4957 κρίσιν
1801 4885 1936 4955 ψευ-

339 4986 602 5058 δόμενος·
653 4985 752 5039 καὶ
803 4981 1014 5054 ἀληθὴς
1046 4978 1542 5049 ἐπαγγελλόμενος,
1580 4979 1680 5031 οὐκ
1736 4979 1938 5031 ἀδικῶν

339 5079 441 5150 τὴν
469 5077 789 5147 ὑπόσχεσιν.
827 5074 903 5128 Τὸ
941 5074 999 5127 δὲ
1034 5073 1228 5126 πιστὸν
1280 5071 1457 5124 διττὸν
1493 5071 1633 5124 κατὰ
1660 5072 1759 5142 τὴν
1789 5071 1938 5124 θείαν

342 5173 593 5242 Γραφὴν,
627 5171 663 5243 ἢ
699 5170 762 5224 τὸ
797 5168 1136 5236 ἀξιόπιστον,
1195 5166 1338 5237 ὅπερ
1389 5165 1596 5235 κυρίως
1647 5166 1742 5218 ἐπὶ
1776 5166 1940 5235 μόνου

343 5264 519 5319 Θεοῦο
573 5263 650 5326 ὼς
705 5261 786 5316 τό·
827 5281 845 5314 ι
891 5254 1090 5324 Πιστὸς
1152 5259 1264 5330 γὰρ
1300 5263 1329 5314 ὁ
1367 5259 1873 5327 ἐπαγγειλάμενος·
1920 5279 1938 5311 ι

341 5356 456 5412 οἷον
486 5358 584 5411 καὶ
613 5356 676 5409 τδ
710 5355 864 5425 παρὰ
891 5353 1114 5425 Πέτρῳ·
1155 5370 1173 5404 ι
1211 5352 1375 5405 Ὥστε
1403 5351 1499 5403 καὶ
1540 5352 1590 5403 oi
1641 5351 1943 5420 πάσχοντες

346 5453 491 5506 κατὰ
519 5450 582 5503 τὸ
614 5449 830 5520 θέλημα
849 5447 943 5502 τοῦ
968 5446 1128 5512 Θεοῦ,
1170 5445 1347 5516 πιστῷ
1393 5446 1588 5516 κτίστῃ
1636 5446 1940 5514 παρατιθὲ-

347 5545 564 5600 σθωσαν
615 5544 714 5609 τὰς
775 5541 987 5596 ἑαυτῶν
1019 5540 1220 5612 ψυχάς.
1265 5558 1282 5592 ι
1319 5539 1519 5603 Πιστὸς
1556 5539 1612 5592 δὲ
1664 5539 1758 5593 καὶ
1790 5540 1819 5591 ό
1849 5555 1940 5591 πι-

341 5638 582 5703 στεύων,
612 5637 688 5701 ὼς
733 5634 989 5706 Ἀϐραὰμ
1015 5635 1232 5700 πιστὸς,
1262 5634 1348 5686 ὃτι
1377 5634 1457 5704 τῷ
1487 5631 1736 5686 λαλοῦντι
1783 5631 1947 5685 πεπί-

414 5793 461 5827 δ³
495 5793 641 5847 Psat.
680 5807 843 5851 xxxv,
886 5787 938 5844 6.
1020 5787 1083 5840 ⁸⁷.
1119 5785 1264 5843 Psal.
1297 5804 1502 5857 cxxxn,
1532 5790 1588 5846 5.

355 5881 434 5928 ιι,
465 5865 554 5918 33.
635 5863 680 5894 "
721 5864 864 5917 llelir
930 5859 1108 5924 1,23.

1678 5784 1851 5841 “lsa.
1886 5803 1961 5852 ιιι,
2019 5785 2104 5840 18.
2188 5782 2231 5817 ⁸⁸
2263 5782 2408 5838 Psal.
2459 5776 2732 5842 unum.

2036 3507 2279 3574 ipsorum
2335 3501 2515 3571 Opifex
2576 3505 2680 3556 rite
2741 3502 3140 3572 perspicuitur.
3175 3500 3400 3555 Necnon
3443 3504 3615 3558 Isaias

2034 3612 2164 3651 vero
2222 3597 2397 3663 inquit
2434 3613 2448 3648 :
2489 3614 2506 3645 ι
2533 3593 2734 3648 Oculos
2794 3601 3006 3647 vestros
3051 3592 3303 3646 extollite
3332 3602 3386 3647 et
3433 3593 3616 3649 videte

2034 3689 2159 3756 quis
2189 3689 2303 3740 haec
2332 3685 2714 3756 descripsit”.
2744 3704 2760 3734 ι
2794 3684 3062 3738 Czeterum
3097 3683 3151 3736 in
3178 3698 3244 3736 eo
3277 3699 3387 3736 non
3414 3701 3616 3754 corpo-

2035 3795 2124 3834 rea
2145 3781 2288 3833 inest
2325 3777 2665 3846 magnitudo,
2719 3791 2911 3829 verum
2941 3775 3075 3828 'talis
3107 3790 3233 3843 quae
3265 3774 3318 3828 in
3347 3775 3615 3830 immensa

2033 3872 2208 3942 ipsius
2257 3870 2504 3925 eﬂicacia
2539 3884 2602 3923 ac
2655 3868 2952 3922 virtutibus
3013 3867 3293 3921 consistit.
3343 3867 3616 3932 Quoniam

2037 3979 2236 4034 parvus
2257 3964 2421 4017 etiam
2441 3976 2673 4032 corpore
2695 3961 2798 4024 vir,
2825 3975 3055 4030 magnus
3090 3959 3378 4029 sapientia:
3402 3959 3619 4015 ratione

2040 4055 2379 4109 nominatur.

2109 4254 2176 4309 El
2213 4272 2389 4310 omnes
2423 4256 2520 4309 viae
2553 4255 2666 4323 ejus
2693 4261 2818 4307 sunt
2845 4251 3138 4321 judicium.
3167 4247 3272 4322 [4.]
3345 4252 3459 4306 Hoc
3513 4261 3620 4327 est,

2036 4350 2280 4404 rationes
2307 4346 2671 4416 providentiae
2711 4345 2889 4414 ipsius
2927 4342 3198 4412 sapientia
3258 4338 3419 4413 ωε
3447 4351 3503 4396 et
3537 4342 3626 4411 ju-

2036 4438 2182 4491 dicio
2233 4437 2406 4506 plena:
2457 4424 2608 4498 sunt;
2642 4432 2897 4502 quamvis
2929 4446 3006 4485 ea:
3037 4431 3197 4484 nobis
3231 4446 3338 4483 non
3362 4431 3526 4499 justaa
3549 4431 3630 4483 vi-

2038 4527 2296 4581 deantur.
2328 4524 2542 4590 Quibus
2565 4524 2832 4576 fabricam
2886 4530 3056 4573 totam
3091 4528 3423 4590 pervagatur
3461 4521 3622 4589 quasi

2040 4633 2228 4673 secum
2254 4616 2564 4671 divitiarum
2604 4614 2928 4669 barathrum
2961 4626 3024 4663 ac
3062 4610 3353 4678 sapientia:
3386 4611 3618 4674 habens,

2041 4710 2249 4778 judicia
2308 4709 2546 4777 denique
2589 4722 2642 4760 ιιι
2703 4705 2844 4774 apud
2916 4703 3143 4758 l‘aulum
3198 4709 3304 4767 est,
3360 4702 3624 4756 inscruta-

2047 4793 2263 4856 bilia".

2121 4893 2264 4950 Deus
2303 4893 2442 4946 fidus
2469 4900 2572 4954 est,
2596 4899 2661 4944 et'
2685 4887 2948 4956 iniquitas
2977 4886 3030 4938 in
3063 4899 3131 4940 eo
3165 4883 3318 4938 nulla
3364 4892 3469 4945 est,
3508 4899 3631 4938 cum

2048 4991 2168 5059 ipsa
2189 4985 2446 5056 atquitate
2468 4983 2628 5037 ﬁdem
2658 4979 3011 5047 conjttnctam
3033 4976 3242 5031 habens
3268 4996 3280 5030 :
3303 4975 3396 5046 qui
3427 4985 3632 5030 rectum

2046 5079 2316 5151 judicium
2353 5091 2462 5129 non
2504 5073 2642 5127 falso
2676 5069 2890 5132 statuit,
2944 5078 3000 5122 et
3040 5067 3328 5121 veritatem
3357 5073 3539 5120 servat
3583 5065 3635 5117 in

2054 5168 2540 5243 promissionibns,
2563 5163 2982 5235 promissionem
3011 5174 3119 5215 non
3140 5158 3496 5212 labefactans.
3521 5156 3632 5211 Ca:-

2052 5271 2231 5317 tcrum
2264 5260 2428 5314 fidunt
2481 5257 2536 5311 in
2591 5253 2795 5309 divinis
2828 5248 3052 5304 Litteris
3086 5247 3359 5316 duplicem
3415 5247 3635 5298 modum

2056 5356 2239 5410 habet.
2293 5357 2403 5407 Aut
2451 5351 2596 5406 enim
2626 5345 2899 5417 signiﬁcat
2950 5341 3056 5394 fide
3085 5339 3334 5408 dignum,
3372 5346 3430 5390 ut
3464 5336 3640 5390 sacris

2053 5421 2297 5509 initiare,
2327 5443 2470 5515 quod
2501 5441 2570 5496 de
2597 5440 2715 5495 solo
2757 5437 2864 5490 Deo
2898 5434 3100 5488 dicitur
3154 5429 3397 5500 proprie.
3434 5430 3637 5501 Quem-

2056 5535 2351 5590 admodum
2387 5531 2521 5585 illttd
2548 5548 2561 5585 :
2586 5549 2602 5580 ι
2629 5526 2759 5581 Fide
2788 5526 2990 5593 dignus
3019 5529 3126 5585 est,
3157 5521 3202 5574 si
3233 5518 3564 5589 promittit"
3586 5535 3632 5581 ς»

2059 5627 2220 5700 quale
2244 5624 2378 5680 illud
2411 5637 2631 5694 quoque
2657 5617 2798 5690 apud
2825 5617 3043 5671 Petrum
3084 5628 3097 5664 :
3140 5631 3156 5662 ι
3191 5610 3482 5678 PrOpterca
3508 5623 3643 5661 sano-

2833 5772 2879 5808 ⁸⁰
2919 5770 3026 5825 lsa.
3066 5782 3152 5832 xc,
3187 5763 3280 5819 26.
3386 5764 3427 5794 "
3472 5764 3632 5818 Rom.
