4272 6446
649 383 760 443 955

1980 390 2338 451 PROCOPII
2389 392 2632 452 ϐΛΖᾹΞΙ

3834 393 3941 453 956

641 500 736 566 qui
772 514 836 551 ex
875 498 969 553 Dei
1004 500 1287 555 voluntate
1321 504 1468 571 passi
1511 514 1640 558 sunt
1677 505 1743 558 ad
1778 505 1945 560 ﬁdum
1981 508 2239 562 condito-

2354 525 2564 574 στευκε,
2599 507 2736 561 καυδ
2767 510 2859 560 καὶ
2907 509 3070 578 ἡμεῖς
3133 508 3314 562 πιστοὶ
3371 507 3663 574 λεγόμεοα.
3717 507 3851 569 Θεὸς
3881 513 3937 560 δὲ

642 604 759 643 rem
814 607 946 646 suas
990 593 1370 663 deposuerunt
1427 598 1642 650 animas
1682 598 1749 652 ⁸³,
1787 618 1805 650 ι
1866 597 2034 653 Fidus
2076 613 2240 668 porro

644 682 808 733 etiam
834 684 926 750 qui
959 684 1116 738 ﬁdem
1137 687 1330 740 tribuit
1353 685 1576 749 dicitur,
1602 692 2066 757 quemadmodum
2101 689 2242 745 ﬁdus

644 771 925 826 Abraham
951 785 1060 840 est,
1099 778 1229 846 quia
1266 776 1359 831 Dei
1392 779 1514 830 voci
1545 779 1708 833 ﬁdem
1743 780 1975 835 addixit.
1998 781 2116 847 Qua
2149 797 2244 834 ra-

2348 600 2703 670 ψευδώνυμος
2738 601 2967 663 ἄπιστος
3000 601 3092 652 καὶ
3117 601 3194 670 τῷ
3217 596 3357 652 εἶναι
3393 603 3488 652 καὶ
3511 600 3587 670 τῷ
3613 602 3752 668 ἐπαγ
3765 601 3942 667 γέλλε-

2352 692 2498 745 σθαι.
2525 693 2661 762 Περὶ
2690 685 2766 745 ὧν
2795 695 3036 762 εἴρηται,
3077 709 3095 742 ι
3135 692 3324 756 Πίστις
3357 693 3456 743 οὐκ
3488 690 3706 760 ἴσχυσεν
3749 693 3807 745 ἐν
3838 692 3939 742 αὐ-

2353 785 2486 844 τοῖς,
2523 785 2616 836 καὶ
2644 775 2788 853 ὕδωρ
2814 783 3011 851 ψευδές
3043 784 3169 835 εισι.
3206 802 3224 832 ι

645 864 795 919 tiooe
840 883 940 920 nos
967 884 1187 938 quoque
1221 869 1311 923 ﬁdi
1345 871 1605 926 dicimur.
1657 873 1861 927 Contra
1890 890 2020 928 vero
2048 874 2239 944 perﬁdi
2284 885 2411 929 sunt
2443 878 2538 945 qui
2597 876 2788 931 dicunt
2845 874 3014 930 Deum
3086 878 3281 928 l'alsum
3354 875 3557 928 habere
3606 888 3827 933 nomen,
3885 879 3940 925 et

645 961 912 1028 perﬁdum
942 979 1065 1016 esse
1099 972 1207 1017 tam
1244 968 1422 1034 reipsa
1454 984 1621 1038 quam
1652 971 2141 1040 promissionibus.
2195 969 2270 1026 De
2311 973 2512 1042 quibus
2543 973 2750 1027 dictum
2783 980 2871 1028 est
2902 991 2915 1026 :
2951 991 2967 1023 ι
2999 972 3161 1026 Fides
3202 988 3311 1025 non
3351 972 3559 1024 invadit
3606 970 3752 1039 apud
3819 983 3934 1038 eos,

644 1065 699 1105 et
737 1070 880 1121 aqua
918 1056 1154 1109 mendax
1183 1071 1311 1110 sunt
1341 1059 1410 1114 “.
1437 1078 1456 1110 ι

717 1168 906 1222 Justus
950 1180 998 1222 el
1047 1185 1261 1224 saueius
1296 1172 1581 1227 Dominus.
1617 1174 1857 1246 [XXXI],
1886 1177 1967 1248 5.]
1992 1177 2129 1232 Nam
2161 1172 2540 1246 fonsjttstitia:
2569 1180 2624 1228 et
2648 1171 2962 1227 sanctitatis
2982 1179 3087 1226 est.
3129 1171 3197 1228 iis
3223 1170 3371 1226 enim
3413 1185 3604 1225 omnes
3639 1177 3908 1224 creaturae

647 1257 1001 1324 participant,
1022 1262 1272 1326 quamvis
1311 1261 1424 1314 alia:
1447 1264 1698 1330 amplius.
1726 1265 1908 1318 minus
1938 1267 2077 1320 alia.
2152 1287 2260 1326 ωλι

726 1362 1079 1416 l'eccarerunt
1118 1382 1217 1417 non
1256 1367 1304 1418 ei
1332 1366 1435 1432 ﬁlii
1459 1370 1914 1436 repreliemibiles.
2074 1373 2242 1442 Aqui—

649 1453 730 1504 las
759 1452 999 1505 reddidit
1038 1469 1050 1503 :
1089 1453 1454 1520 Corruperunt
1501 1459 1571 1517 ei,
1621 1475 1724 1510 non
1767 1460 1868 1519 ﬁlii
1899 1460 2243 1531 ejus;Sym-

649 1546 881 1598 inachus
911 1561 1040 1600 vero
1067 1565 1082 1600 :
1111 1546 1474 1616 Corruperunt
1506 1551 1701 1618 ipsum,
1745 1567 1848 1605 non
1880 1553 1984 1620 ﬁlii
2023 1553 2139 1622 ejus
2174 1555 2228 1608 in

649 1653 739 1688 unt
749 1653 791 1689 vt
805 1653 890 1689 TSll
903 1653 970 1690 nt.

2435 1372 2821 1443 Ἦμάρτοσαν
2851 1371 2961 1424 οὐκ
2991 1367 3152 1433 αὐτῷ
3176 1369 3359 1424 τέκνα
3398 1367 3671 1438 μωμητά.
3707 1367 3942 1431 ’Δκύλας

2350 1466 2611 1533 ἐξέδωκε,
2646 1465 2994 1532 Διέςρθειραν
3043 1460 3204 1526 αὐτῷ
3236 1463 3348 1529 οὐχ
3383 1463 3499 1514 υἱοὶ
3531 1461 3721 1514 αὐτοῦ
3747 1477 3761 1492 ο
3798 1461 3943 1530 Σύμ-

2354 1575 2524 1628 μαχος
2563 1557 2642 1620 δὲ,
2667 1555 3015 1624 Διέερθειραν
3045 1552 3197 1621 πρὸς
3239 1552 3429 1607 αὑτὸν
3451 1555 3565 1620 οὐχ
3594 1553 3712 1606 υιοὶ
3750 1551 3940 1605 αὐτοῦ

2275 1660 2318 1714 Β
2347 1649 2413 1702 τὸ
2455 1649 2754 1702 σύνολον.

727 1755 1032 1808 Atnbornm
1083 1769 1215 1809 vero
1268 1755 1384 1809 haec
1416 1757 1687 1812 sententia
1719 1767 1824 1813 est;
1887 1759 2248 1829 Adoptionem
2293 1777 2448 1816 suam
2481 1767 2940 1832 pernegaverunt.
2976 1758 3255 1828 Corporeo
3289 1757 3512 1827 quidem
3552 1755 3748 1819 modo,
3795 1753 3941 1824 quod

651 1859 716 1897 ex
769 1844 943 1896 nihilo
977 1843 1249 1912 producti,
1275 1844 1433 1914 juxta
1483 1845 1764 1902 Creatoris
1800 1845 2220 1904 similitudinem
2265 1859 2600 1914 creaturam,
2637 1849 2898 1903 Creatore
2917 1847 3188 1916 neglecto,
3211 1847 3526 1900 coluerunt.
3553 1845 3628 1897 Ac
3651 1855 3940 1915 postquam

651 1948 716 1985 ex
761 1930 998 2000 ngyplu
1048 1941 1175 1986 sunt
1216 1935 1446 2001 egressi,
1499 1935 1670 1986 vitulo
1704 1933 1974 1989 fabricato
2013 1935 2210 1989 iterum
2237 1935 2573 2010 Beelphegor
2624 1952 2746 1991 sese
2793 1945 3212 1990 consecrarunt.
3277 1933 3559 2004 Spirituali
3589 1949 3739 1996 vero,
3773 1933 3940 2000 quod,

656 2039 674 2071 ι
713 2022 906 2072 Omnis
932 2019 1028 2088 qui
1072 2028 1285 2087 peccat,
1326 2019 1647 2076 Servatoris
1672 2024 2062 2091 pronuntiato.
2089 2039 2119 2079 e
2151 2025 2371 2081 diabolo
2397 2036 2559 2082 natus
2580 2033 2666 2081 est
2693 2025 2758 2077 ".
2805 2042 2824 2074 ι
2860 2022 3340 2090 Quemadmodum
3373 2023 3467 2090 qui
3503 2029 3655 2074 recte
3693 2023 3859 2075 Sentit
3886 2029 3942 2071 et

651 2111 805 2170 dicit,
844 2110 952 2161 lieo
984 2109 1293 2162 conformis
1325 2109 1533 2162 evadit.
1565 2108 1854 2175 Quomodo
1885 2111 2090 2167 Paulus
2119 2129 2342 2183 quoque
2375 2130 2470 2169 eos
2498 2115 2590 2184 qui
2629 2129 2656 2167 a
2679 2115 2887 2184 pietate
2917 2112 3272 2167 exciderunt.
3304 2126 3363 2164 se
3396 2109 3678 2179 parturire
3699 2108 3840 2163 dixit
3870 2106 3940 2168 ",

649 2207 709 2252 ut
750 2200 970 2266 piezatis
1003 2196 1237 2252 formam
1286 2199 1581 2268 recipiant.
1614 2199 1788 2255 Porro
1817 2217 1949 2256 vero
1987 2201 2196 2256 aditum
2253 2203 2320 2257 ad
2365 2205 2530 2257 vitam
2569 2207 2845 2256 monstrat
2869 2199 3003 2254 illud
3040 2217 3053 2253 :
3085 2217 3106 2249 4
3143 2199 3241 2252 llic
3267 2207 3351 2254 est
3397 2198 3538 2254 liber
3571 2194 3945 2268 generationis

649 2287 958 2342 li0.uinnm.
1005 2307 1022 2337 ι

721 2396 1005 2449 (ιἐιιργαιὲυ
1041 2411 1207 2463 prava
1247 2407 1293 2450 ei
1330 2397 1565 2451 delorm.
1603 2395 2085 2462 Quemadmodum
2121 2399 2267 2454 enim
2303 2413 2370 2453 ex
2402 2404 2656 2467 serpente
2689 2395 2893 2449 Satana
2923 2403 3051 2447 nata
3081 2402 3191 2459 est,
3237 2394 3314 2447 ita
3344 2393 3631 2464 ingenium
3666 2392 3791 2460 ejus
3827 2409 3945 2444 mo—

648 2503 770 2540 rnm
806 2487 1166 2555 perversitate
1200 2493 1588 2554 rvpi-reseruat,
1628 2501 1690 2540 ac
1733 2501 1830 2556 per
1857 2488 2000 2540 viam
2045 2499 2251 2542 rectam
2279 2504 2386 2542 non
2423 2488 2649 2542 incedit.
2688 2488 2762 2541 De
2799 2486 3006 2555 quibus
3039 2485 3396 2541 Proverbium
3428 2488 3504 2538 ait
3543 2503 3554 2536 :
3600 2505 3618 2537 ‹
3647 2483 3694 2539 Ο
3723 2500 3819 2538 vos
3851 2483 3943 2552 qui

649 2575 680 2628 d
707 2575 1029 2640 ·ιι·.ίιμιιδιίδ
1055 2574 1282 2628 semitas
1314 2574 1579 2638 diri-etas,
1621 2583 1678 2626 ut
1712 2573 2134 2644 ingrederemini
2179 2575 2231 2628 in
2263 2578 2366 2631 viis
2400 2576 2776 2638 tenebrarum,
2834 2575 2928 2644 qui
2989 2574 3175 2644 pravis
3233 2574 3436 2628 stndzis
3474 2573 3856 2636 oblectamini,
3895 2582 3948 2623 et

647 2664 904 2735 gaudetis
938 2665 989 2716 in
1019 2673 1271 2717 contorta
1310 2664 1541 2717 malitia.
1575 2663 1797 2716 Semita:
1835 2678 2111 2733 perversa.-
2141 2673 2193 2719 et
2224 2679 2407 2719 curva:
2431 2664 2530 2717 viae
2549 2677 2742 2718 eorum
2778 2663 2879 2714 ".i
2909 2660 3075 2716 Juxta
3109 2661 3379 2734 Davidem
3412 2677 3540 2715 vero
3568 2661 3635 2723 ³⁸,
3661 2659 3945 2729 generatio

650 2757 867 2805 sitiieru
923 2751 1250 2804 felicitatem
1307 2760 1702 2820 consequetur.
1771 2749 1934 2805 Tales
1996 2749 2166 2820 igitur
2224 2753 2596 2816 exstiterunt,
2661 2750 2757 2822 qui
2823 2761 3042 2819 patrum
3099 2754 3492 2820 cognationem
3553 2751 3764 2818 probro
3819 2744 3948 2802 ασε-

648 2857 864 2895 (ἴπἸἹΙΙιῗ.

723 2956 973 3009 llu'rriite
1038 2954 1263 3007 Domino
1333 2952 1670 3019 repcndilis?
1728 2952 1833 3026 [6.]
1894 2953 2000 3019 Qui
2059 2967 2158 3008 vos
2217 2954 2273 3008 in
2344 2954 2525 3009 lucem
2596 2953 2898 3024 produxit;
2970 2953 3066 3023 qui
3136 2951 3385 3022 delegit,
3435 2951 3530 3022 qui
3586 2965 3653 3006 ex
3710 2949 3949 3020 Egyptn

645 3047 916 3110 oss-eruit,
953 3046 1045 3113 qui
1096 3059 1190 3112 per
1221 3057 1373 3096 mare
1416 3044 1692 3108 traduxit,
1738 3043 1792 3096 in
1825 3059 1935 3114 quo
1988 3042 2178 3098 hostes
2211 3043 2536 3098 submersit.
2572 3045 2650 3096 Ac
2683 3057 2782 3112 pro
2825 3041 2948 3097 aliis
2982 3040 3303 3110 hujusmodi
3364 3039 3670 3095 benefactis
3720 3055 3786 3094 ac
3821 3054 3950 3110 pro-

649 3134 857 3205 disiis?

725 3249 871 3300 Adeo
894 3245 1119 3313 populus
1145 3245 1340 3297 stultus
1367 3253 1416 3297 et
1465 3261 1568 3297 non
1593 3245 1827 3312 sapiens.
1863 3244 2138 3300 Videlicet
2171 3241 2320 3314 quod
2357 3251 2524 3298 tanta
2565 3249 2755 3297 essent
2798 3239 3184 3310 imprudentiae
3210 3253 3271 3293 ac
3305 3239 3588 3300 ruditatis,
3623 3247 3684 3293 ut
3727 3253 3833 3291 non
3867 3239 3954 3291 in-

649 3337 984 3406 telligerent,
1028 3335 1173 3403 quod
1200 3349 1266 3386 ex
1295 3332 1590 3388 Creatoris
1627 3332 1967 3410 benignitate
1997 3342 2053 3388 et
2081 3333 2269 3387 educti
2316 3347 2382 3386 ac
2415 3330 2663 3395 educati,
2708 3329 3107 3397 beneﬁciisque
3152 3327 3337 3383 allecti
3369 3336 3582 3383 essent.
3617 3328 3783 3398 Atqui
3815 3342 3952 3381 sane

648 3429 750 3484 bos
787 3427 1013 3496 agnovit
1055 3424 1336 3477 dominum
1365 3438 1550 3487 suum,
1590 3432 1644 3477 et
1672 3423 1866 3478 asinus
1901 3438 2147 3492 prmsepc
2175 3421 2291 3478 heri
2324 3420 2434 3487 sui,
2472 3429 2531 3474 ut
2564 3427 2649 3474 est
2684 3419 2830 3489 apud
2871 3420 3222 3496 prophetam.

723 3493 915 3569 Annon
973 3516 1082 3581 ipse
1110 3523 1186 3566 est
1215 3525 1363 3580 pater
1390 3525 1512 3566 tuus
1543 3513 1633 3580 qui
1665 3523 1710 3566 te
1746 3514 2122 3582 compararit?
2155 3514 2244 3583 qui
2282 3523 2329 3565 le
2359 3511 2746 3580 fecit1’quique
2795 3519 2844 3561 te
2869 3493 3152 3561 condidit?
3182 3516 3289 3560 etc.
3326 3504 3430 3571 Qui
3486 3506 3638 3560 enim
3688 3521 3754 3559 ex
3787 3519 3953 3558 manu

652 3607 779 3660 host
809 3621 840 3657 ιι
870 3622 897 3653 ιι
943 3622 983 3654 si
1008 3618 1165 3654 rvu;n
1200 3601 1430 3672 eripuit,
1453 3601 1578 3668 jure
1613 3602 1805 3671 utique
1842 3611 1990 3655 tenet
2014 3617 2177 3670 quem
2214 3600 2468 3654 redemit.
2497 3597 2572 3650 Ex
2617 3597 2829 3651 ﬁetitiis
2857 3611 2988 3650 vero
3021 3596 3127 3648 diis
3154 3603 3205 3647 te
3244 3594 3512 3656 asseruit,
3546 3608 3646 3646 nec
3683 3608 3741 3646 se
3773 3602 3955 3647 tamen

652 3696 845 3747 herum
889 3693 1056 3750 si-rvi,
1092 3705 1284 3745 verum
1323 3699 1532 3758 patrem
1570 3689 1663 3743 lilii
1707 3697 1886 3744 vocat.
1915 3689 2018 3755 Qui
2050 3690 2120 3744 ob
2148 3690 2198 3742 id
2243 3687 2648 3760 primogenitus
2679 3688 3022 3750 nominatur,
3053 3686 3291 3756 ipsomet
3321 3685 3541 3737 dicente
3566 3680 3727 3736 Patre
3766 3700 3778 3735 :
3819 3700 3836 3731 ι
3871 3680 3960 3735 Fi-

652 3783 760 3837 lius
797 3798 948 3835 mens
983 3779 1386 3850 primogenitus
1417 3776 1602 3831 iSt‘at'i.
1645 3795 1662 3826 ι

721 3911 878 3979 Quod
904 3926 1033 3965 vero
1061 3909 1241 3978 majus
1269 3918 1377 3970 est,
1408 3907 1725 3972 subintnlit,
1757 3908 1920 3963 veluti
1948 3908 2094 3978 quod
2121 3907 2249 3963 fecit

2424 3909 2496 3962 Τὸ
2529 3907 2586 3961 δὲ
2613 3907 2800 3978 μεῖζον
2824 3908 3096 3979 ἐπήνεγκε
3131 3907 3213 3968 τὸ.
3262 3907 3488 3975 ἐποίησέ
3534 3923 3594 3959 σε
3647 3906 3744 3958 καὶ
3769 3904 3954 3959 ἔκτισέ

648 4016 704 4063 te
731 4016 785 4061 et
817 4005 1090 4060 Condidit.
1139 4003 1296 4068 Quod
1342 4003 1518 4072 ipsius
1553 4002 1835 4072 Opiﬁcium
1893 4003 2136 4057 denotat.
2179 4002 2247 4054 At

648 4119 780 4156 VU“)
830 4101 952 4169 ejus
1007 4113 1227 4165 quoque
1279 4097 1501 4149 nomine
1535 4096 1696 4149 l’ater
1741 4093 1922 4148 vocari
1960 4094 2243 4161 dignatur.

650 4194 852 4248 Verum
893 4193 1021 4246 l‘ecit
1062 4201 1115 4245 et
1158 4188 1406 4244 condidit
1457 4189 1620 4242 simul
1656 4188 1829 4257 posita
1859 4227 1874 4248 ,
1919 4203 1949 4240 a
1989 4187 2129 4241 Filio
2155 4203 2247 4241 se-

649 4291 891 4344 cundum
919 4295 1173 4340 naturam
1204 4285 1571 4352 distinguunt.
1599 4283 1677 4335 Ac
1711 4281 1956 4336 additum
1993 4291 2078 4335 est
2109 4281 2248 4336 alte-

648 4399 796 4444 rum,
835 4391 895 4433 ut
933 4395 997 4433 ex
1035 4378 1236 4448 gratia,
1273 4392 1374 4429 nec
1406 4386 1604 4429 natura
1637 4375 1799 4428 Pater
1824 4390 1948 4429 esse
1978 4375 2250 4444 intelliga-

646 4485 760 4531 tur.
799 4474 854 4528 In
887 4487 1183 4544 progressu
1218 4485 1349 4525 vero
1376 4470 1603 4539 capitis,
1629 4484 1755 4524 cum
1781 4469 1960 4540 genuit
1992 4469 2245 4534 dixisset,

650 4585 760 4624 non
800 4568 978 4621 Patris
1014 4580 1236 4627 nomen,
1273 4579 1463 4617 verum
1503 4561 1592 4617 Dei
1640 4544 1968 4633 praeposuit,
2003 4561 2195 4617 dicens
2232 4580 2245 4615 :

653 4681 677 4715 4
719 4662 885 4715 Deum
913 4662 1006 4730 qui
1041 4671 1090 4712 te
1138 4659 1334 4730 genuit
1375 4656 1747 4728 dereliquisti.
1791 4675 1808 4707 ι
1848 4654 1928 4710 Ne
1963 4655 2248 4725 generatio

650 4756 960 4811 naturali-tn
1003 4755 1238 4806 lilioi'uni
1269 4750 1647 4804 conditionem
1881 4746 2245 4818 signiﬁcaret.

647 4849 792 4915 Quin
834 4846 1078 4900 Joannes
1120 4859 1344 4914 quoque
1384 4857 1492 4896 non
1527 4843 1702 4912 prius,
1747 4843 1863 4895 nati
1904 4849 2052 4904 sunt,
2091 4839 2246 4902 dicit,

644 4959 813 5011 qnam
856 4940 1009 5002 illud,
1043 4953 1106 4991 ex
1136 4938 1334 5006 gralia,
1368 4935 1730 5004 praemisisset
1757 4934 2108 5002 dixissetque
2138 4951 2150 4986 :
2188 4929 2246 4986 In

651 5037 896 5104 ipsorum
934 5040 1210 5101 poli-slnle
1247 5030 1454 5098 DUSllil,
1478 5039 1536 5082 ιιι
1568 5029 1664 5082 lilii
1698 5027 1788 5083 Dei
1831 5029 2062 5082 lierent:
2093 5045 2110 5077 ι
2143 5025 2248 5090 Qui

651 5146 760 5181 tion
789 5142 851 5178 ex
901 5124 1170 5191 sanguine
1219 5138 1317 5175 nec
1356 5123 1458 5175 viri
1494 5122 1746 5182 arbitrio,
1801 5136 1991 5175 verum
2028 5134 2093 5173 ex
2140 5118 2250 5171 Deo

649 5222 761 5274 iiaii
800 5227 930 5271 sunt
979 5217 1044 5270 δ’.
1099 5235 1114 5266 ι
1155 5216 1509 5285 Quapropter
1573 5216 1963 5267 hereticorum
2018 5213 2249 5280 argutia:

649 5321 889 5365 vomant.
947 5310 1040 5379 qui
1081 5311 1133 5361 in
1174 5309 1319 5362 idem
1365 5309 1565 5372 facere,
1615 5309 1888 5369 condere,
1937 5316 1990 5359 et
2025 5307 2250 5376 gignere

648 5420 774 5460 eum
819 5403 1093 5473 redigant,
1133 5403 1436 5456 naturalem
1469 5401 1560 5455 Dei
1593 5400 1788 5454 Filium
1817 5401 2098 5453 conditum
2124 5413 2250 5452 esse

651 5514 847 5566 magna
885 5497 1215 5564 gloriatione
1275 5505 1556 5548 asserunt.
1602 5495 1738 5548 Cum
1787 5509 1919 5545 vero
1959 5491 2143 5545 facere
2194 5499 2252 5543 et

649 5604 844 5644 creare
877 5591 990 5643 sive
1023 5589 1265 5642 cendere
1297 5605 1405 5642 non
1435 5589 1613 5642 solum
1665 5588 1738 5640 rei
1789 5584 2126 5656 primitivnm
2161 5599 2248 5637 es-

730 5799 779 5830 ⁸³
815 5797 828 5850 l
866 5796 1012 5851 l‘etr.
1051 5812 1123 5857 tv,
1170 5797 1252 5850 19.
1335 5792 1602 5851 l"le-rein.
1647 5809 1731 5860 λγ,
1763 5791 1843 5844 lii.

663 5888 778 5940 cst,
809 5873 866 5931 ε.
995 5871 1039 5903 ⁸³
1067 5869 1228 5923 Joan.
1263 5885 1300 5927 ι.
1345 5866 1430 5920 15.

1927 5791 1970 5820 ³³
2009 5788 2025 5841 i
2060 5786 2218 5842 Joan.
2250 5799 2333 5850 ιιι,
2374 5785 2426 5840 8.

2354 4015 2435 4054 σε.
2474 4001 2539 4052 Ὀ
2569 4001 2663 4051 καὶ
2690 3999 2791 4070 τὴν
2829 3997 2998 4052 αὑτοῦ
3057 3998 3425 4068 δημιουργίαν
3478 3997 3651 4066 δηλοῖ,
3717 3995 3840 4048 καθ’
3891 3999 3959 4066 ἣν

2352 4089 2516 4144 πάλιν
2550 4089 2693 4154 ἁξιοί
2743 4088 3031 4142 καλεῖσθαι
3089 4089 3304 4160 Πατὴρ,
3349 4089 3486 4158 ὁμοῦ
3524 4089 3617 4140 καὶ
3647 4088 3957 4140 διαστέλλει

2349 4180 2444 4234 τοῦ
2475 4181 2634 4250 φύσει
2663 4180 2794 4234 Υίοῦ
2822 4181 2884 4234 τό
2903 4195 2916 4210 ’
2943 4179 3204 4248 Ἐποίησέ
3241 4198 3300 4234 σε
3327 4181 3421 4233 καὶ
3443 4180 3626 4232 ἔκτισέ
3661 4195 3741 4241 σε,
3782 4197 3958 4249 προσ-

2350 4272 2464 4336 θείς
2488 4289 2499 4302 ·
2533 4273 2609 4336 ὼς
2641 4272 2708 4326 ἂν
2739 4273 2882 4326 κατὰ
2912 4272 3096 4343 χάριν,
3134 4272 3272 4325 ἀλλὰ
3298 4276 3372 4342 μὴ
3411 4272 3572 4341 φύσει
3604 4277 3806 4324 νοεῖται
3844 4273 3962 4324 Πα-

2351 4367 2478 4437 τήρ.
2514 4365 2731 4436 Προϊὼν
2752 4365 2808 4418 δὲ
2831 4366 2911 4427 τὸ,
2944 4367 3302 4433 ἐγέννησεν,
3333 4367 3527 4424 εἰπὼν.
3552 4366 3615 4418 οὐ
3655 4369 3716 4416 τὸ
3747 4366 3960 4436 Πατὴρ,

2351 4458 2488 4512 ἀλλὰ
2541 4459 2623 4521 τὸ,
2659 4459 2829 4523 Θεὸς,
2876 4458 3184 4528 προῦταξεν
3245 4459 3441 4527 ὖνομα,
3507 4458 3722 4524 λέγων·
3764 4476 3782 4508 ι
3821 4458 3961 4508 Θεὸν

2353 4552 2444 4604 τὸν
2481 4551 2824 4619 γεννήσαντα
2855 4567 2915 4602 σε
2951 4549 3367 4618 ὲγκατὲλειπες.
3409 4569 3428 4599 ι
3473 4548 3586 4602 Ἰνα
3625 4548 3701 4618 μὴ
3738 4548 3962 4619 δηλώσῃ

2355 4645 2592 4716 φυσικὴν
2618 4647 2649 4714 ἡ
2673 4647 2931 4715 γέννησις
2968 4644 3067 4714 τὴν
3100 4646 3349 4715 υῑότητα.
3391 4645 3502 4696 Καὶ
3573 4643 3833 4709 Ἰωάννης
3883 4644 3961 4706 δὲ,

2352 4741 2414 4794 οὐ
2450 4740 2715 4810 πρότερον
2745 4739 2822 4802 τὸ,
2859 4737 3305 4807 ἐγεννήθησαν,
3338 4739 3494 4808 φησι,
3529 4739 3661 4807 πρὶν
3695 4738 3776 4797 τ’),
3811 4738 3967 4790 κατὰ

2357 4830 2536 4900 χάριν
2567 4831 2897 4900 προέταξεν,
2929 4830 3102 4883 εἰπών
3127 4847 3141 4860 ο
3183 4830 3428 4883 Ἔδωκεν
3463 4832 3649 4892 αὐτοῖς
3705 4828 3965 4893 ἐξουσίαν

2353 4928 2518 4978 τέκνα
2558 4923 2695 4977 θεοῦ
2721 4924 3004 4992 γενέσθαι.
3045 4943 3064 4976 ι
3097 4923 3161 4978 υἱ
3189 4925 3290 4976 οὑκ
3337 4923 3395 4989 ἐξ
3442 4925 3717 4992 αἱμάτων,
3746 4923 3872 4975 οὐδὲ
3900 4925 3965 4976 ὲκ

2354 5020 2662 5090 θελήματος
2683 5019 2906 5091 ἀνδρὸς,
2937 5019 3054 5072 ἀλλ’
3085 5022 3149 5071 ὲκ
3175 5019 3270 5072 τοῦ
3308 5018 3447 5071 Θεοῦ
3499 5017 3906 5087 ἐγεννήθησαν.
3939 5036 3958 5067 ι

2356 5113 2520 5165 Ὥστε
2555 5113 2629 5181 μὴ
2667 5110 3079 5181 σοφιζέσοωσαν
3107 5109 3383 5180 αἱρετικοὶ
3416 5107 3551 5177 πρὸς
3586 5108 3703 5159 ἴσον
3735 5107 3967 5174 ἄγοντες

2357 5211 2422 5278 τῇ
2449 5208 2665 5276 ποιήσει
2698 5208 2793 5260 καὶ
2824 5207 3004 5258 κτίσει
3028 5203 3128 5276 τὴν
3151 5204 3429 5272 γέννησιν,
3456 5203 3546 5254 τὸν
3584 5201 3716 5254 Υῑὸν
3738 5200 3828 5251 τὸν
3860 5197 3966 5267 φύ-

2360 5317 2441 5353 σει
2485 5301 2693 5368 κτίσμα
2738 5298 3080 5362 δοξάζοντες.
3141 5295 3369 5364 Ποίησις
3421 5293 3478 5346 δὲ
3519 5293 3697 5353 κτίσις
3729 5291 3825 5344 καὶ
3873 5290 3967 5341 ἐπὶ

2364 5395 2781 5465 μεταποιήσεως
2817 5392 3042 5458 λέγεται
3090 5389 3262 5461 χωρὶς
3295 5388 3390 5457 τῆς
3425 5384 3488 5449 ἐξ
3535 5383 3716 5455 ἀρχῆς
3764 5381 3964 5435 οὐσιῶ-

2364 5488 2688 5553 σεως,κατα
2717 5487 2777 5540 τὸ
2808 5487 2864 5537 ὲν
2891 5485 3148 5553 Ψαλμοῖς
3168 5497 3180 5508 ·
3223 5502 3240 5532 ι
3277 5482 3386 5534 Καὶ
3416 5479 3543 5542 λαὸς
3577 5481 3606 5531 ὁ
3641 5477 3968 5546 κτιζόμενος

2361 5581 2566 5636 αἰνέσει
2589 5580 2680 5634 τὸν
2706 5581 2926 5651 Κύριον.
2958 5597 2976 5629 ι
3017 5577 3123 5629 Καὶ
3151 5575 3336 5628 πάλιν·
3370 5592 3388 5624 ι
3432 5571 3680 5642 Καρδίαν
3712 5569 3968 5642 καθαρὰν

3734 5767 3781 5802 ⁸⁸
3821 5769 3966 5825 Paul.

2507 5784 2552 5816 "
2583 5780 2760 5836 Galat.
2805 5793 2878 5843 ir,
2915 5776 2999 5832 ιν.
3097 5774 3138 5805 ⁸⁷
3177 5773 3335 5828 l‘ruv.
3369 5785 3432 5837 ti,
3469 5767 3654 5825 {5-15.
