4272 6446
670 377 780 440 959

2017 383 2370 445 PROCOPII
2409 385 2651 446 GAZ.’EI

3850 384 3954 440 960

735 486 878 551 Quid
911 494 1092 540 autem
1126 486 1231 540 sibi
1260 486 1412 556 juxta
1462 502 1755 542 numerum
1794 487 2112 557 angelorum
2154 488 2246 541 Dei

2424 489 2489 543 Ti
2522 487 2614 542 οὖν
2646 490 2727 552 τὸ,
2763 492 2906 543 κατὰ
2935 490 3166 559 ἀριθμὸν
3202 491 3454 557 ἀγγέλων
3486 491 3654 546 Θεοῦ·
3689 495 3799 556 Τὰς
3829 515 3947 548 vos-

665 577 824 628 vult?
856 573 1108 630 Virtutes
1155 577 1474 646 spirituales
1522 587 1714 647 gentes
1772 588 2059 645 pretegere
2108 577 2250 633 Dens

661 666 855 734 jussit,
889 665 1066 734 adque
1093 665 1176 718 sui
1208 667 1417 720 cultum
1457 666 1760 729 adducere,
1784 681 1848 720 ac
1884 682 1981 736 per
2003 667 2101 722 has
2127 682 2252 736 quae

589 816 595 828 ,
665 757 732 810 ad
766 757 1000 812 salutem
1039 758 1248 812 ducunt
1272 759 1568 813 utilitatem
1595 774 1790 814 earum
1820 773 2092 814 summam
2122 774 2254 829 pro-

665 856 845 902 curat.

2363 581 2462 652 ρας
2509 581 2768 650 δυνάμεις
2816 580 3211 652 ὑπερασπίζειν
3269 582 3524 636 ἐκέλευσε
3569 583 3680 638 τῶν
3717 585 3886 639 ἐθνῶν
3921 591 3951 641 6

2361 671 2516 737 Θεὸς,
2551 674 2646 725 καὶ
2686 675 2767 735 είς
2815 673 3076 744 λατρείαν
3130 673 3398 743 δδηγῆσαι
3434 675 3534 743 τὴν
3584 677 3803 738 ἐαυτοῦ.
3860 680 3950 731 καὶ

2361 762 2591 826 ταύταις
2617 763 2884 831 ὠφέλειαν
2909 763 3188 834 προξενῶν
3211 764 3306 835 τὴν
3331 766 3599 838 μεγίστην
3625 769 3948 838 ὁδηγούσαις

2365 855 2444 915 εἰς
2472 854 2770 923 σωτηρίαν.

738 960 757 991 ε
787 941 983 996 Castra
1013 941 1158 995 enim
1189 951 1356 1005 tenet,
1390 943 1592 1013 inquit,
1623 943 1851 1013 angelus
1880 943 2097 997 Domini
2126 942 2276 996 circa
2301 944 2562 999 timentes
2595 946 2790 1015 ipsius,
2828 954 2882 1000 et
2913 946 3111 1015 eripiet
3160 962 3255 1001 eos
3284 949 3350 1000 ⁸⁸.
3385 969 3402 999 ι
3455 948 3528 1003 De
3575 950 3785 1002 sanctis
3819 950 3946 1003 item

666 1029 848 1099 inquit
877 1046 889 1081 :
935 1049 951 1080 ι
989 1033 1266 1094 Quoniam
1296 1033 1508 1101 angelis
1538 1033 1654 1086 suis
1688 1033 1755 1086 de
1785 1041 1836 1086 te
1869 1031 2177 1092 mandabit,
2218 1037 2278 1082 ut
2306 1038 2360 1084 te
2385 1031 2438 1084 in
2485 1033 2745 1085 omnibus
2792 1032 3067 1086 institutis
3108 1035 3218 1087 tuis
3260 1043 3526 1088 tueantur
3549 1036 3617 1087 ".
3670 1055 3687 1086 ι
3722 1035 3945 1089 Necnon

663 1116 871 1172 Paulus
894 1118 1060 1172 etiam
1096 1119 1277 1188 inquit
1311 1137 1323 1172 :
1359 1139 1378 1172 ι
1416 1123 1611 1175 Annon
1646 1137 1844 1175 omnes
1890 1131 2021 1176 sunt
2064 1121 2440 1172 ministrantes
2485 1118 2651 1188 565
2705 1119 2959 1187 spiritus,
3001 1120 3093 1188 qui
3153 1121 3206 1173 in
3245 1122 3535 1174 servitium
3597 1121 3946 1188 ablegantur,

571 1273 581 1280 _
666 1218 892 1275 propter
927 1223 1027 1261 eos
1063 1208 1266 1276 quibus
1292 1210 1444 1263 salus
1475 1210 1828 1264 luereditario
1859 1211 2162 1262 obventura
2191 1217 2275 1261 est
2309 1206 2378 1258 ⁷⁸.
2410 1225 2430 1258 ι
2468 1206 2713 1274 Denique
2740 1222 2872 1260 vero
2903 1206 3165 1260 Servator
3197 1208 3326 1276 inqu
3347 1209 3390 1262 it
3433 1227 3446 1262 :
3482 1227 3500 1260 ι
3538 1208 3804 1262 Videbitis
3834 1223 3948 1263 cm-

664 1293 746 1346 los
774 1293 1108 1363 patefactus.
1146 1299 1482 1366 angelosque
1517 1297 1609 1350 Dei
1645 1297 1947 1352 ascendere
1988 1306 2042 1348 et
2073 1293 2408 1348 descendere
2443 1307 2608 1360 super
2640 1291 2782 1346 Filio
2807 1293 3048 1347 hominis
3079 1293 3147 1349 τί.
3183 1311 3204 1346 ι
3245 1292 3319 1347 De
3341 1294 3546 1362 quibus
3576 1294 3840 1362 scriptum
3864 1300 3950 1347 est

663 1383 810 1447 qutml
857 1381 1025 1433 Deum
1065 1383 1356 1436 nobiscum
1389 1384 1672 1437 celebrent
1707 1401 1718 1435 :
1757 1409 1774 1434 ι
1812 1383 2102 1438 Celebrate
2137 1381 2449 1444 Dominum,
2482 1395 2676 1435 omnes
2712 1381 2948 1434 virtutes
2979 1381 3120 1449 ejus,
3179 1381 3420 1436 ministri
3467 1382 3614 1449 ejus,
3651 1383 3747 1450 qui
3789 1381 3944 1448 iussa

662 1472 784 1535 ejus
805 1469 1172 1536 exsequimini
1206 1472 1276 1525 ".
1322 1490 1340 1522 ι
1377 1471 1533 1534 Quod
1568 1486 1698 1525 vero
1731 1471 1842 1525 Deo
1875 1471 2041 1524 etiam
2069 1468 2432 1521 reverentiam
2455 1465 2651 1520 oll‘erre
2668 1467 2924 1528 doceant,
2961 1478 3289 1537 argumento
3319 1469 3550 1538 angelus
3581 1469 3673 1538 qui
3696 1467 3946 1522 Gedeoni

662 1556 997 1624 comparuit,
1030 1567 1136 1610 est.
1171 1556 1278 1626 Ipsi
1323 1559 1470 1612 enim
1501 1559 1779 1612 victimam
1813 1557 2010 1611 oﬁ‘erre
2044 1555 2286 1625 gestivit.
2320 1555 2387 1606 At
2421 1555 2546 1608 ille:
2592 1573 2610 1606 ι
2653 1555 2826 1624 Cape.
2870 1556 3076 1624 inquit,
3117 1570 3317 1610 carnes
3348 1565 3404 1611 et
3428 1572 3649 1626 azyma,
3683 1565 3736 1610 et
3777 1571 3947 1624 super

666 1653 819 1711 petra
854 1643 945 1695 illa
984 1646 1176 1713 ponito
1213 1645 1278 1698 ⁷³.
1322 1665 1338 1696 ι
1377 1645 1538 1700 Petra
1571 1662 1700 1701 vero
1727 1646 1815 1698 illa
1840 1645 2098 1699 Christus
2134 1649 2274 1703 erat,
2308 1640 2442 1694 dicit
2487 1640 2694 1697 Paulus
2747 1643 2813 1705 ⁷⁸⁵,
2863 1653 3086 1712 propter
3117 1643 3316 1697 divinae
3388 1655 3594 1698 natura:
3632 1644 3946 1697 ﬁrmitatem

663 1730 1238 1802 immobilitatemque.
1269 1734 1448 1788 Simili
1477 1749 1700 1804 quoque
1734 1733 1897 1788 modo
1927 1731 2157 1800 angelus
2186 1727 2281 1798 qtti
2315 1725 2510 1784 Manoe
2549 1730 2596 1783 ei
2636 1730 2956 1785 sacriﬁcare
2997 1731 3202 1784 volenti
3249 1732 3562 1800 emnparuit
3611 1731 3748 1785 dixit
3779 1747 3791 1782 :
3834 1750 3852 1781 ι
3890 1729 3947 1784 Si

662 1819 864 1872 feceris
898 1820 1308 1880 holocaustum.
1349 1820 1456 1876 Deo
1491 1823 1622 1874 illud
1649 1821 1847 1876 oﬁeres
1878 1821 1979 1873 ⁷⁵.»
2010 1818 2164 1884 Quod
2199 1829 2331 1869 sane
2363 1815 2477 1882 ipse
2505 1831 2726 1886 quoque
2763 1833 2936 1885 super
2966 1829 3116 1884 petra
3156 1818 3397 1872 Domino
3431 1818 3662 1872 obtulit.

735 1905 803 1960 Et
824 1907 926 1975 fuit
950 1926 1074 1977 pars
1097 1909 1547 1978 Dominipopulus
1568 1910 1682 1978 ejus
1713 1907 1900 1964 Iacob.
1924 1907 2165 1981 [XXXI],
2185 1905 2259 1976 9.]

2440 1907 2550 1959 Καὶ
2575 1905 2831 1972 ἐγενήθη
2851 1905 3020 1972 μερὶς
3049 1905 3268 1971 Κυρίου
3309 1905 3459 1968 λαὸς
3497 1904 3683 1958 αὐτοῦ
3732 1903 3948 1957 Ἰακώϐ.

662 1999 798 2054 Pars
828 2001 1008 2067 aliqua
1044 2001 1151 2056 Deo
1193 2002 1358 2064 cedit,
1388 2018 1507 2071 qua:
1532 2004 1798 2057 electione
1823 2003 1995 2071 ipsam
2034 2000 2255 2069 dignam

661 2091 844 2145 ellieit.
871 2093 947 2145 Ac
982 2103 1268 2162 propterea
1294 2111 1416 2147 cum
1445 2094 1644 2148 liaride
1674 2095 1900 2147 clamat:
1931 2110 1950 2144 ι
1974 2091 2108 2147 Pars
2138 2105 2256 2144 mea

669 2183 936 2236 Dominus
968 2185 1033 2235 ⁷⁸.
1073 2203 1089 2234 ι
1129 2183 1426 2239 Electionis
1453 2186 1596 2238 enim
1624 2201 1744 2253 qua:
1771 2200 1865 2254 per
1895 2195 2076 2252 patres
2116 2183 2254 2235 facta

662 2284 744 2328 est
775 2276 995 2329 nomine
1031 2276 1218 2329 dilecti
1245 2276 1612 2340 exstiterunt;
1639 2277 1773 2330 dicit
1802 2276 1947 2329 enim
1982 2273 2124 2328 Deus
2159 2289 2256 2343 per

662 2384 836 2422 unum
865 2369 1256 2439 prophetarum
1295 2385 1306 2419 :
1349 2389 1366 2422 ι
1395 2369 1679 2440 Tanquam
1709 2386 1868 2425 uvam
1925 2374 1978 2424 in
2033 2370 2251 2424 deserto

661 2461 918 2518 lsraelem
973 2463 1155 2518 inveni
1189 2471 1283 2518 :ct
1311 2471 1574 2534 tanquam
1606 2465 2012 2534 speculatorem
2057 2465 2112 2518 in
2146 2465 2252 2519 ﬁcu

660 2559 996 2611 matutinum
1030 2558 1137 2612 vidi
1169 2567 1352 2627 patres
1378 2559 1702 2626 ipsorum".
1728 2578 1746 2610 ι
1772 2557 1891 2624 Quo
1921 2574 2032 2613 rem
2066 2559 2253 2627 inspe-

661 2660 834 2704 ratam
881 2651 1128 2713 denotat,
1179 2651 1540 2720 inreutosque
1600 2667 1723 2706 esse
1779 2653 2251 2722 excptatissituos,

663 2743 914 2814 quann'is
973 2744 1025 2796 in
1081 2743 1306 2814 Assyria
1380 2744 1676 2798 simulacra
1721 2759 1910 2798 omnes
1937 2745 2252 2799 coluerunt.

662 2837 766 2903 Qui
803 2851 933 2890 vero
987 2835 1300 2890 dmmonum
1356 2837 1494 2892 socii
1524 2846 1653 2892 sunt
1683 2836 1932 2906 vulpium
1969 2847 2154 2907 partes
2199 2839 2253 2893 in

663 2931 889 2999 psalmis
927 2929 1060 2986 dicti
1093 2939 1224 2986 sunt
1252 2931 1316 2982 ⁷⁸.

736 3023 840 3078 Per
867 3026 1246 3093 metaphoram
1291 3040 1419 3080 vero
1447 3025 1754 3079 funiculum
1798 3023 2137 3080 hmreditatis
2175 3025 2257 3080 di-

660 3116 772 3179 cit;
835 3113 1081 3167 luuiculo
1137 3114 1282 3168 enim
1317 3125 1522 3170 terram
1573 3115 2026 3182 dimetiebantur,
2059 3132 2256 3187 quem-

2359 1999 2535 2068 Μερὶς
2586 1998 2799 2062 γίνεταί
2849 2014 2930 2059 τις
2973 1995 3131 2059 Θεοῦ,
3180 1997 3276 2065 τῆς
3325 1997 3559 2065 ἐκλογῆς
3587 1997 3751 2049 αὐτὸν
3801 1997 3950 2060 ἀξιον

2360 2089 2750 2158 ἐργαζόμενος,
2783 2088 2878 2139 καὶ
2914 2087 3054 2155 μετὰ
3077 2086 3240 2138 Δαϐὶδ
3271 2086 3359 2138 διὰ
3385 2086 3542 2138 τοῦτο
3578 2086 3738 2155 βοῶν·
3776 2104 3794 2136 ‹
3833 2087 3948 2138 Με-

2363 2181 2445 2250 ρίς
2478 2197 2580 2249 μου
2616 2180 2644 2230 ὁ
2677 2180 2905 2248 Κύριος.
2951 2198 2966 2228 ι
3007 2179 3164 2230 Κατὰ
3195 2179 3303 2248 γὰρ
3334 2178 3434 2248 τὴν
3466 2178 3701 2246 ἐκλογὴν
3735 2179 3955 2243 ἀγαπη-

2355 2275 2440 2322 τοὶ
2484 2271 2574 2322 διὰ
2603 2271 2730 2333 τοὺς
2789 2269 3033 2340 πατέρας
3093 2271 3370 2336 ἐγένοντο.
3425 2270 3564 2340 Φησὶ
3599 2269 3707 2339 γὰρ
3741 2269 3806 2320 δι’
3834 2271 3954 2331 ἐνὸς

2357 2359 2473 2414 τῶν
2527 2360 2829 2430 προφητῶν
2882 2361 2910 2412 ὁ
2963 2359 3131 2421 Θεός·
3174 2378 3191 2408 ι
3232 2359 3319 2420 Ὠς
3359 2359 3637 2428 σταφυλὴν
3668 2359 3725 2410 ἐν
3758 2359 3954 2427 ἐρήμῳ

2327 2448 2517 2524 -εὖρον
2541 2453 2633 2504 τὸν
2674 2451 2913 2523 Ἰσραὴλ,
2946 2453 3040 2505 καὶ
3066 2451 3142 2511 ὡς
3177 2450 3382 2503 σκοπὸν
3433 2453 3491 2503 ἐν
3530 2453 3672 2521 συκῇ
3700 2449 3956 2520 πρώῖμον

2357 2540 2501 2597 εἶδον
2533 2543 2780 2614 πατέρας
2803 2544 3006 2607 αὐτῶν,
3050 2563 3069 2595 ι
3116 2543 3179 2594 τὸ
3209 2545 3336 2614 παρ’
3360 2542 3552 2595 ἐλπίδα
3584 2542 3824 2605 δεικνὺς,
3859 2541 3958 2594 καὶ

2356 2637 2418 2688 τὸ
2471 2635 2579 2688 τῶν
2641 2635 2983 2706 εὑρεθέντων
3038 2635 3406 2705 τριπόθητον,
3462 2635 3682 2687 πάντων
3733 2633 3956 2686 εἰδωλο-

2357 2727 2700 2797 λατρούντων
2764 2729 2826 2798 ἐν
2863 2726 3148 2796 Ἀσσυρίᾳ.
3191 2727 3255 2778 Ol
3312 2726 3370 2778 δὲ
3428 2728 3544 2788 τοῖς
3577 2724 3846 2792 Δαίμοσιν
3875 2729 3956 2781 ol-

2357 2823 2518 2887 κεῖοι,
2557 2821 2776 2892 μερίδες
2813 2820 3118 2873 ἀλωπέκων
3163 2818 3409 2889 εἴρηνται
3441 2820 3500 2870 ἐν
3539 2817 3812 2887 Ψαλμοῖς.

2429 3028 2446 3045 ⁶
2473 3025 2700 3096 Σχοινίῳ
2732 3025 2842 3094 γὰρ
2865 3025 3092 3077 ἐποίουν
3135 3024 3236 3087 τὰς
3283 3023 3676 3094 διαμετρήσεις
3697 3021 3796 3091 τῆς
3833 3021 3960 3091 γῆς.

2359 3120 2518 3174 Οὕτω
2577 3116 2915 3189 διεμετρήθη
2969 3118 3064 3171 καὶ
3124 3116 3444 3187 διεμερίσθη
3507 3117 3539 3185 ἡ
3587 3117 3656 3185 γῆ
3688 3117 3800 3176 τοῖς
3829 3117 3963 3176 υἱοῖς

659 3209 958 3262 admodum
1016 3217 1162 3262 terra
1226 3209 1617 3278 promissionis
1662 3209 1788 3265 ﬁliis
1832 3209 1999 3266 Israel
2030 3225 2254 3283 quoque

2373 3212 2614 3283 Ἰσραήλ.
2644 3211 2798 3264 ’Ἀπδ
2833 3211 2934 3280 τῆς
3005 3210 3298 3280 συνηθείας
3348 3204 3442 3262 οὖν
3469 3209 3686 3278 εἴρηται
3719 3207 3779 3260 τὸ
3811 3207 3964 3276 σχοί-

660 3312 747 3356 est
778 3301 1054 3355 dimensa.

734 3392 936 3462 Sit/ficit
963 3395 1042 3446 illi
1066 3395 1120 3446 in
1138 3394 1367 3448 deserto.
1393 3393 1532 3466 [l0.]
1568 3395 1797 3464 Aquilas
1813 3403 1867 3449 ct
1889 3394 2259 3462 Tlteodotion,

661 3486 870 3540 Iurem't
897 3504 1037 3548 eum,
1079 3488 1456 3545 reddiderunt.
1482 3488 1640 3556 juxta
1684 3488 1819 3542 illttd
1849 3506 1860 3538 :
1901 3510 1916 3540 ι
1956 3487 2066 3544 Ceu
2099 3505 2260 3542 uvam

661 3581 714 3633 iu
750 3583 968 3634 deserto
1023 3581 1204 3633 iuveni
1261 3581 1426 3634 Israel
1475 3581 1540 3632 '9.
1585 3600 1601 3630 ι
1643 3581 1918 3635 C;eterum
1959 3582 2012 3634 in
2041 3582 2260 3637 deserto

657 3674 857 3728 divina:
908 3675 1266 3743 cognitionis,
1334 3676 1384 3726 in
1439 3675 1526 3728 siti
1578 3685 1630 3728 et
1679 3683 1835 3737 arstu,
1864 3677 1916 3728 in
1952 3677 2071 3729 loco
2102 3676 2260 3744 aquis

659 3781 855 3820 \‘nCtIn.
901 3767 1019 3818 Non
1085 3767 1231 3818 enim
1280 3766 1557 3818 tlcserlttm
1611 3767 1742 3818 illtttl
1780 3766 2006 3820 [luvium
2043 3767 2256 3830 habuit,

662 3860 751 3926 qui
785 3861 1065 3912 civitatem
1121 3857 1212 3911 liei
1272 3858 1568 3923 reforillat,
1641 3874 1817 3928 neque
1865 3859 2068 3913 fontem
2112 3860 2256 3922 vitae,

663 3967 840 4021 neque
878 3962 1173 4005 torrentem
1208 3951 1559 4005 deliciarum.
1591 3951 1727 4005 Cum
1761 3953 1928 4022 igitur
1959 3953 2260 4008 invenisset

657 4062 808 4108 eunt,
859 4045 979 4114 ejus
1019 4045 1274 4100 subvenit
1318 4045 1534 4113 inepim.
1582 4042 1702 4099 Non
1752 4044 1900 4099 enim
1935 4045 2078 4099 alius
2122 4045 2257 4114 ipsis

661 4138 988 4200 sullieielnat,
1062 4152 1368 4207 eorumque
1423 4137 1544 4190 ﬁdei
1600 4136 2068 4190 accommodatior
2114 4147 2254 4192 erat.

661 4230 835 4285 Porro
873 4229 1242 4301 Symmachus
1275 4230 1484 4283 clarius
1521 4227 1700 4282 adhuc
1728 4229 1983 4296 exposuit
2013 4244 2026 4279 :
2065 4227 2129 4282 lu
2163 4229 2257 4283 de-

656 4336 800 4379 serto
832 4325 1061 4386 inculto,
1087 4332 1258 4385 vasto,
1311 4323 1561 4375 obscuro.
1596 4320 1732 4387 Quis
1763 4321 1910 4375 enim
1939 4322 2076 4376 ordo
2113 4322 2256 4392 apud

654 4433 759 4474 eos
805 4418 897 4486 qui
965 4416 1229 4472 Creatore
1289 4425 1608 4485 contempto
1654 4423 1926 4470 creatura:
1967 4415 2260 4470 serviunt?

657 4528 782 4580 quae
815 4526 948 4566 sane
981 4526 1008 4563 a
1046 4521 1233 4566 sancta
1279 4508 1549 4562 Triuitate
1588 4508 1834 4562 desiilata
1871 4524 2051 4572 ;'non
2111 4511 2256 4563 enim

2363 3322 2554 3375 νισμα.

2437 3396 2832 3465 Αὑτάρκησεν
2860 3395 3051 3449 αὑτὸν
3079 3395 3148 3447 ἐν
3182 3393 3257 3461 τῇ
3306 3393 3522 3461 ἐρήμῳ.
3574 3391 3808 3454 Ἀκύλας
3869 3391 3969 3443 καὶ

2363 3487 2686 3550 Θεοδοτίων,
2737 3482 2930 3553 Εὗρεν
2981 3478 3191 3548 αὑτὸν,
3261 3483 3616 3544 ἐκδεδώκασι,
3681 3483 3824 3533 κατὰ
3880 3482 3966 3543 τὸ,

2368 3599 2386 3632 ι
2443 3580 2533 3641 Ὠς
2567 3578 2848 3649 σταφυλὴν
2880 3579 2937 3631 ἐν
2969 3579 3166 3648 ἐρήμῳ
3198 3568 3356 3644 εὗρον
3386 3576 3476 3627 τὸν
3535 3574 3773 3644 Ἰσραήλ.
3809 3593 3826 3624 ι
3877 3573 3969 3625 Ἐν

2360 3673 2509 3743 δίψει
2549 3672 2834 3741 καύματος
2885 3673 2944 3724 ἐν
3006 3670 3244 3739 ἀνύδρῳ.
3306 3670 3381 3720 Οὐ
3419 3667 3527 3736 γὰρ
3570 3662 3681 3734 εἶχε
3721 3665 3970 3732 ποταμὸν

2360 3768 2452 3822 τὸν
2492 3767 2856 3839 εὐφραίνοντα
2886 3765 2986 3833 τὴν
3020 3763 3175 3816 πόλιν
3198 3761 3292 3814 τοῦ
3317 3759 3479 3819 Θεοῦ,
3507 3759 3628 3811 οὐδὲ
3655 3758 3755 3826 τὴν
3783 3755 3970 3824 πηγὴν

2359 3860 2462 3930 τῆς
2514 3859 2684 3929 ζωῆς,
2734 3857 2856 3912 οὐδὲ
2914 3857 3012 3910 τὸν
3064 3856 3404 3926 χειμάρρουν
3451 3851 3550 3918 τῆς
3594 3848 3806 3917 τρυφῆς
3865 3847 3971 3914 (6).

2363 3953 2529 4005 Ὅθεν
2582 3953 2639 4004 ἐν
2693 3951 2824 4021 δίψῃ
2877 3945 3352 4020 ἧνσυγκαιομένη
3401 3943 3507 3996 ὑπὸ
3546 3940 3641 3992 τοῦ
3681 3938 3969 3992 Διαεῶρυ.

2377 4045 2435 4098 '0
2488 4045 2788 4113 Σύμμαχος
2833 4041 3097 4105 ἐξέδωκεν
3153 4040 3234 4092 ἔτι
3287 4036 3662 4107 σαφέστερον
3737 4030 3844 4084 Καὶ
3901 4030 3975 4083 ὲν

2361 4135 2598 4200 ἀτάκτῳ
2626 4133 2725 4189 καί
2755 4131 3020 4197 ἀοικήτῳ
3045 4129 3464 4199 ὴφανισμένη.
3493 4122 3635 4179 Ποία
3671 4121 3783 4190 γὰρ
3815 4118 3973 4184 τάξις

2362 4224 2515 4295 παρὰ
2539 4223 2654 4284 τοῖς
2687 4224 2753 4290 τῇ
2787 4220 2966 4272 κτίσει
2999 4219 3148 4290 παρὰ
3175 4217 3268 4270 τὸν
3303 4216 3546 4285 κτίστην
3571 4207 3972 4280 λατρεύουσιν;

2361 4319 2484 4386 ἥτις
2507 4312 2764 4384 ἀοίκητος
2794 4311 2891 4382 τῆς
2913 4311 3075 4377 ἁγίας
3107 4308 3360 4380 Τριάδος.
3387 4307 3464 4360 Οὐ
3489 4306 3597 4377 γὰρ
3634 4299 3890 4358 κατοικεῖ
3915 4299 3976 4350 ὲν

2364 4408 2584 4479 σώματι
2611 4406 2906 4475 καταχρέῳ
2960 4403 3260 4471 ἁμαρτίας,
3295 4403 3353 4453 ἐν
3409 4397 3724 4469 ἀνθρώποις
3748 4394 3975 4449 ποιοῦσι

2364 4501 2734 4572 παρανομίαν.
2785 4499 2849 4552 'H
2916 4496 2974 4549 δέ
3030 4495 3237 4566 ἕρημος
3273 4494 3335 4546 οὺ
3377 4491 3538 4560 φύσει
3561 4487 3813 4558 τοιαύτη,
3849 4487 3973 4540 ἀλλ’

660 4604 715 4657 in
748 4618 982 4672 corpore
1036 4602 1251 4671 peccati
1299 4615 1406 4654 mre
1441 4599 1660 4661 obruto,
1710 4599 1763 4652 in
1797 4599 2115 4654 hominibus
2151 4600 2258 4653 iui-

2363 4590 2793 4664 ὴςρὰνισταιὺπδ
2817 4591 2916 4658 τῆς
2969 4585 3363 4654 ἀντικειμένης
3419 4583 3730 4651 δυνάμεως.
3773 4580 3973 4632 Νοοῖτο

655 4695 929 4763 quitatem
958 4691 1380 4762 designautibus
1420 4690 1655 4743 habitat.
1690 4687 1803 4743 lloe
1828 4703 1958 4743 vero
1985 4689 2261 4744 desertum

660 4801 770 4838 non
807 4783 913 4836 tale
939 4793 1134 4835 natura
1165 4781 1409 4842 exsistit,
1438 4794 1630 4832 verum
1665 4778 2064 4833 obscuritatem
2101 4795 2259 4835 suam

652 4891 722 4928 ex
755 4875 802 4927 vi
839 4871 1086 4941 opposita
1141 4871 1437 4924 contraxit.
1483 4869 1574 4922 Sic
1626 4868 1812 4937 itaque
1851 4870 2024 4924 illud:
2064 4890 2081 4920 ι
2116 4869 2263 4928 Satis

2362 4687 2408 4742 δ’
2443 4687 2509 4740 ἂν
2541 4687 2637 4738 καὶ
2658 4682 2802 4736 οὕτω
2824 4681 2904 4746 τὸ,
2948 4699 2966 4731 ι
3009 4679 3410 4748 Αὑτάρκησεν·
3449 4694 3468 4726 ι
3527 4674 3825 4743 αὐτάρκεις
3857 4671 3970 4739 γὰρ

2365 4779 2566 4841 αὐτοὺς
2591 4776 2888 4846 πεποίηκε,
2915 4771 3140 4842 μηδενὸς
3162 4766 3508 4837 ὑστερεῖσθαι
3537 4765 3972 4836 παρασκευάσας

2375 4874 2436 4925 ἐν
2471 4871 2666 4942 ἐρήμῳ
2692 4869 2914 4922 πάντων
2946 4863 3179 4936 νοσούσῃ
3202 4861 3299 4933 τὴν
3330 4861 3560 4914 ἔνδειαν.

656 4966 788 5021 fecit
819 4965 890 5025 ei,
935 4983 951 5015 ι
993 4962 1372 5032 concipiatur;
1439 4958 1622 5014 elIecit
1671 4959 1818 5013 enim
1873 4967 1930 5014 ut
1960 4975 2058 5013 sua
2099 4971 2250 5017 sorte
2281 4961 2526 5019 contenti
2584 4966 2796 5023 essent,
2825 4955 3085 5025 nullaque
3111 4955 3241 5009 rein
3265 4952 3485 5009 deserto
3548 4950 3797 5005 omnium
3868 4963 3958 5004 re-

658 5079 781 5118 rum
818 5061 999 5130 inopia
1031 5059 1319 5112 laborante
1349 5054 1670 5109 delicerent.

731 5152 1109 5212 Circumduxit
1135 5167 1253 5204 eum
1279 5159 1328 5203 ct
1359 5147 1588 5202 erudivit
1618 5163 1756 5201 eum.
1781 5144 1965 5200 Multis
1989 5148 2133 5201 enim
2163 5147 2258 5202 tri-

656 5248 1041 5307 bulationibus
1108 5244 1293 5315 patres
1353 5257 1545 5296 eorum
1610 5247 1965 5312 pertentavtt,
2009 5254 2155 5294 nunc
2189 5254 2255 5294 ex

731 5412 775 5442 ⁸⁸
813 5410 958 5467 Psal.
990 5424 1186 5470 sum,
1224 5408 1279 5461 8.
1356 5405 1562 5460 “Psal.
1592 5421 1674 5466 xc,
1713 5404 1800 5458 Η.

659 5483 705 5513 ’⁵
739 5481 908 5537 Ιιὶοτ.
949 5498 1002 5543 x.
1047 5482 1099 5535 4.
1176 5480 1223 5511 ’⁸
1250 5478 1432 5534 Judic.
1465 5493 1582 5542 xm,
1621 5476 1707 5530 16.

1789 5444 1800 5456 .
1879 5403 1924 5433 ⁷ο
1967 5400 2131 5455 llebr.
2169 5415 2210 5460 ι.
2256 5416 2259 5425 ί

1789 5475 1832 5505 ⁷⁸
1863 5473 2008 5528 Psal.
2033 5486 2228 5535 cxvnt,

2422 5399 2460 5427 "
2493 5399 2654 5448 Joan.
2689 5407 2730 5454 I,
2761 5399 2849 5447 51.
2930 5399 2972 5420 ⁷³
3001 5399 3145 5442 l’sal.
3189 5402 3282 5451 cn,
3310 5399 3402 5439 ιιι.
3482 5399 3528 5416 ⁷·
3557 5399 3741 5436 Jumc.
3777 5399 3854 5442 Vt.
3877 5399 3970 5437 zu.

2432 5468 2475 5497 ’⁷
2505 5465 2644 5520 Osee
2669 5480 2745 5527 ιι,
2779 5463 2865 5516 10.
2940 5461 2983 5490 ⁷⁸
3010 5457 3156 5513 Psal.
3183 5473 3320 5523 uti,
3358 5457 3446 5511 ll.
3511 5457 3556 5488 "
3594 5455 3732 5508 Osee
3765 5467 3841 5516 Ix,
3879 5455 3972 5509 l0.

2488 5145 2869 5198 Ἐκύκλωσεν
2922 5139 3111 5194 αὐτὸν
3179 5138 3274 5192 καί
3321 5136 3690 5191 ἐπαίδευσεν
3741 5135 3958 5194 αὐτόν,

2363 5241 2380 5263 ⁸
2421 5237 2751 5306 Ἐδοκίμασε
2812 5232 2925 5302 γὰρ
2976 5230 3106 5294 τοὺς
3161 5229 3406 5301 πατέρας
3437 5226 3621 5281 αὐτῶν
3653 5225 3731 5295 (7)
3763 5225 3860 5276 καὶ
3881 5223 3973 5278 διὰ

2422 5398 2460 5427 ⁷⁸
2493 5393 2654 5448 Joan.
2689 5407 2730 5454 ι,
2761 5392 2849 5447 51.
2927 5389 2972 5420 "
2998 5387 3145 5442 Psal.
3189 5402 3282 5451 cu,
3310 5385 3402 5439 9-1.
3481 5386 3528 5416 ’³
3557 5382 3741 5436 .Iudic.
3777 5396 3854 5442 vr.
3877 5381 3970 5437 20.

2225 5585 2452 5643 ΝΟΤᾹΞ.

737 5723 813 5790 (6}
862 5721 1054 5792 Ἐῦρὼν
1092 5716 1185 5774 οὖν
1219 5719 1404 5782 αὐτὸν,
1450 5714 1700 5792 ἠρκέσθη
1736 5713 1906 5792 αὑτῳ..
1938 5711 2012 5763 Οὐ
2050 5709 2159 5780 γὰρ
2188 5703 2256 5778 ἦν

656 5783 852 5866 ἕτερός
881 5783 1159 5866 ίκανὺςᾲείς
1190 5783 1564 5866 αὖτγάρξεῑᾲ-ἳι
1583 5788 1678 5866 καὶ
1708 5784 1788 5866 El;
1820 5783 2021 5866 ιτξίστιν
2037 5797 2228 5866 ’ξατηρ
2245 5808 2258 5819 .

659 5851 942 5938 τισμενος.
970 5851 1156 5921 Ταῖὒτοι
1187 5865 1308 5919 ἀντὶ
1338 5851 1448 5917 τῶν
1478 5859 1601 5932 ἐξῆς
1627 5860 1654 5912 ὁ
1677 5857 1774 5928 τῆς
1807 5853 1942 5922 Δύγ.
1981 5851 2108 5908 κώδ.

2445 5704 2520 5773 (7)
2566 5698 2778 5773 ffatim,
2819 5697 2910 5751 mi.
2947 5690 3514 5773 §Z§A1fypb;,_xg.l5.td
3546 5684 3770 5773 uenari
3819 5677 3975 5773 ἐξεί-

2374 5749 2519 5845 ριέἔ
2564 5749 2713 5839 θλίψῖ
2889 5766 3001 5821 σελ.
3044 5749 3169 5821 869ί
3213 5749 3308 5816 ’ἑόῡ
3341 5763 3373 5816 5
3404 5761 3502 5831 τῆς
3530 5761 3607 5820 είς
3647 5757 3772 5816 τοὺς
3825 5749 3976 5807 Ψαλ.

2371 5844 2507 5917 σειρ.
2543 5844 2670 5914 τόμ.
