4272 6446
324 430 420 490 9H

1228 419 1758 479 COMMENTAHII
1803 417 1879 474 1N
1915 417 2602 476 DEUTERONUMIUM.
3478 421 3581 482 9(32

329 533 539 586 πολλῶν
565 529 816 598 ὲπύρωσε
850 528 1099 596 Ολίῲεων.
1129 529 1350 597 Πρῶτον
1381 529 1480 595 μὲν
1513 527 1622 579 ἀπὸ
1651 528 1749 595 τῆς
1793 528 1913 578 Ἀσ-
1947 538 1985 588 Α

1892 555 1913 564 -
1947 538 1985 588 Α
2016 527 2236 596 Assyiia
2296 527 2347 578 in
2400 526 2790 590 Chananazam,
2826 527 2946 580 inde
2983 529 3034 580 in
3080 527 3396 597 ﬁgyptnm,
3436 546 3579 584 Itllltc

328 624 518 694 συρίας
543 623 618 691 (8)
646 623 725 681 εἰς
753 620 857 687 γῆν
914 621 1137 671 Χαναὰν
1192 622 1559 686 μεταστήσας,
1597 619 1692 668 καὶ
1745 617 1907 668 πάλιν

325 720 406 775 εἰς
436 714 736 778 Αἴγυπτον,
799 711 894 761 καὶ
944 711 1001 775 ἐξ
1040 710 1316 776 Αἰγύπτου
1355 711 1514 761 πάλιν
1544 709 1624 767 εἰς
1663 708 1906 771 Χαναὰν,

326 805 423 856 καὶ
461 802 676 871 μυρίοις
700 802 1030 868 πειρασμοῖς
1053 799 1364 867 περιέϐαλε,
1392 794 1685 848 παιδεῦσαι
1713 797 1909 857 αὐτοὺς

329 895 675 963 βουλόμενος.
706 891 810 942 Τὸν
874 889 1066 942 Ἰακὼϐ
1096 890 1148 940 δὲ
1201 889 1294 939 καὶ
1344 890 1423 950 εἰς
1480 886 1911 953 Μεσοποταμίαν

328 988 610 1051 ἀπήγαγε,
646 983 740 1034 καὶ
796 980 1077 1032 δουλεῦσαι
1112 982 1411 1046 πεποίηκεν
1438 997 1449 1010 ·
1502 980 1648 1040 ὅπως
1695 978 1783 1029 διὰ
1814 977 1910 1041 τῆς

327 1074 606 1142 ὑπομονῆς
657 1071 750 1123 καὶ
786 1071 887 1139 τῆς
920 1072 997 1130 εἰς
1037 1070 1169 1120 Θζὺν
1197 1069 1407 1129 ἐλπίδος
1465 1070 1909 1136 κατεργάσωνται

325 1185 350 1217 τ
363 1167 424 1233 ὴν
457 1163 667 1215 ἑαυτῶν
692 1161 988 1228 σωτηρίαν.

412 1255 496 1314 Ὠς
520 1253 702 1314 λέγειν
738 1251 828 1302 τὸν
887 1247 1105 1308 Ἰακὼϐ,
1141 1267 1156 1297 ι
1207 1249 1264 1300 Ὀ
1286 1247 1512 1313 ἄγγελος
1573 1249 1600 1298 ὁ
1654 1245 1909 1312 ῥυόμενὸς

331 1362 396 1413 με
429 1347 489 1395 ὲκ
520 1345 737 1394 πάντων
778 1341 884 1392 τῶν
919 1340 1106 1391 κακῶν
1141 1357 1260 1405 μου.
1308 1357 1324 1387 ι
1349 1340 1454 1391 Καὶ
1487 1338 1667 1400 πάλιν,
1699 1355 1715 1386 ι
1751 1339 1808 1388 Εἰ
1834 1339 1907 1405 μὴ

327 1439 354 1488 ὁ
382 1435 514 1495 Θεὸς
545 1433 638 1485 τοῦ
669 1434 872 1500 πατρός
900 1449 999 1497 μου
1046 1431 1296 1499 Ἀϐραὰμ
1318 1427 1384 1497 ἦν
1428 1447 1540 1498 μοι,
1564 1429 1658 1481 καὶ
1697 1432 1722 1481 ὁ
1751 1432 1910 1497 φάεος

341 1525 545 1588 Ἰσαὰκ,
580 1522 673 1573 νῦν
707 1522 772 1573 ἂν
800 1521 958 1574 κενόν
994 1537 1059 1588 με
1097 1519 1510 1585 ἐξαπέστειλας.
1544 1537 1562 1569 ι

409 1616 568 1667 Ἀλλ]
623 1615 718 1667 καὶ
771 1617 895 1676 τοὺς
959 1613 1052 1665 νῦν
1085 1614 1382 1675 ἀκούοντας
1409 1614 1688 1665 ὲκύκλωσε
1733 1611 1783 1681 μ’
1816 1611 1910 1680 ἐτη

325 1709 423 1776 τὴν
461 1707 688 1776 ἔρημον,
719 1703 794 1763 ὼς
824 1705 1004 1769 λέγειν
1034 1705 1270 1756 Μωσέα’
1294 1721 1310 1754 ι
1353 1703 1463 1755 Καὶ
1495 1703 1782 1772 μνησθήσῃ
1807 1706 1904 1753 πᾶ-

331 1817 428 1851 σαν
460 1799 714 1870 τὴνόδδν,
765 1797 829 1866 ἣν
886 1797 1059 1864 ἠγαγέ
1086 1813 1145 1848 σε
1187 1795 1387 1864 Κύριος
1411 1796 1438 1846 ὁ
1472 1796 1602 1856 Θεός
1641 1814 1733 1847 σου
1758 1795 1916 1846 τοῦτο

2011 621 2204 670 iterum
2236 618 2288 670 in
2337 617 2696 671 Chananteam
2745 617 3147 672 transfetendo.
3199 619 3378 672 \‘oluit
3403 631 3583 674 autem

2008 708 2223 762 erudire
2241 723 2355 770 eos,
2389 709 2849 776 quemadmodum
2885 708 3151 762 .Iacobum
3198 711 3251 762 in
3277 711 3586 778 Μοδοιιοιο-

2016 800 2177 850 miam
2211 815 2335 852 cum
2370 798 2616 862 duceret,
2660 809 2713 852 et
2749 801 2814 851 ad
2866 802 3060 854 salutis
3117 804 3582 870 exspectationem

2011 889 2356 942 conﬁrmare.
2430 891 2647 942 Interim
2707 879 2883 944 tamen
2914 893 3035 960 ejus
3070 905 3327 961 tanquam
3364 895 3588 961 pupilla:

2016 982 2162 1035 OI'UIl
2194 995 2380 1034 curam
2418 991 2607 1049 gessit.

2090 1243 2156 1298 Ut
2182 1246 2389 1300 diceret
2420 1245 2588 1300 Jacob
2619 1267 2630 1300 :
2665 1266 2682 1298 ι
2719 1250 2955 1315 Angelus
2991 1250 3202 1303 Domini
3237 1267 3300 1304 ex
3334 1252 3587 1305 omnibus

2021 1338 2174 1390 malis
2210 1339 2342 1390 meis
2397 1355 2480 1392 me
2543 1339 2745 1406 eripuit
2778 1342 2844 1393 '°.
2892 1361 2908 1390 ι
2951 1342 3013 1392 lit
3061 1344 3297 1395 iterum:
3334 1363 3350 1394 ι
3393 1345 3446 1396 Si
3480 1362 3584 1396 non

2023 1426 2165 1480 Dens
2189 1428 2356 1496 patris
2393 1428 2493 1481 mei
2531 1429 2804 1482 Abraham
2860 1429 3128 1484 adfuisset
3159 1433 3309 1493 mihi,
3350 1443 3400 1486 et
3427 1434 3588 1486 timor

2017 1515 2185 1580 Isaac,
2221 1534 2365 1571 nunc
2391 1535 2473 1571 me
2512 1535 2740 1573 vacuum
2767 1522 3071 1577 dimisisses
3100 1527 3281 1593 utique
3303 1525 3366 1576 “.
3402 1545 3419 1574 ι

2102 1613 2243 1677 Quin
2281 1622 2335 1667 et
2371 1626 2667 1681 praesentes
2726 1617 3007 1672 auditores
3059 1620 3427 1674 circumduxit
3486 1632 3533 1673 tr
3560 1651 3586 1663 -

2023 1706 2172 1773 ginta
2203 1720 2378 1759 annos
2410 1722 2500 1774 per
2531 1707 2920 1771 desertum,ut
2949 1711 3095 1762 dicat
3158 1710 3338 1765 Moses
3369 1731 3380 1765 :
3416 1731 3431 1761 ι
3479 1712 3588 1766 Me-

2024 1794 2248 1847 tnineris
2295 1811 2515 1865 quoque
2543 1799 2731 1872 cuncti
2784 1799 2994 1853 itineris
3021 1816 3113 1869 per
3147 1789 3291 1868 quod
3328 1811 3378 1856 te
3411 1803 3589 1855 Domi-

326 1889 772 1959 τεσσαρακοστὸν
823 1890 940 1950 ἔτος
971 1891 1027 1940 ὲν
1067 1890 1132 1956 τῇ
1162 1889 1384 1956 ἐρήμῳ·
1417 1888 1564 1948 ὅπως
1595 1887 1658 1938 ἂν
1691 1885 1914 1957 κακώσῃ
1953 1904 1992 1959 Β

1899 1905 1914 1956 χ
1953 1904 1992 1959 Β
2024 1898 2127 1936 nus
2174 1883 2313 1937 Dens
2345 1897 2472 1939 tuus
2520 1887 2762 1941 deduxit.
2794 1889 3026 1958 Jamque
3054 1892 3506 1960 quadragesimus
3537 1893 3586 1945 in

330 1985 528 2047 σεμκαὶ
552 1983 858 2052 ἐκπειράσῃ
885 1999 964 2045 σε,
996 1981 1090 2033 καὶ
1113 1980 1416 2050 διαγνωσοῇ
1441 1984 1508 2031 τὰ
1543 1982 1598 2030 ἐν
1625 1982 1689 2047 τῇ
1719 1978 1915 2047 καρδία

331 2094 450 2137 σου,
485 2078 532 2128 εἰ
569 2075 781 2145 φυλάξῃ
806 2076 903 2136 τὰς
935 2074 1154 2133 ἐντολὰς
1207 2072 1391 2135 αὑτοῦ,
1421 2072 1453 2141 ἦ
1488 2070 1569 2123 οὕ.
1610 2089 1623 2119 ι
1664 2070 1773 2121 Καὶ
1812 2070 1912 2121 πά-

329 2165 433 2229 λιν,
469 2186 486 2216 ι
535 2167 622 2228 Ὠς
652 2167 704 2217 εῐ
729 2182 810 2226 τις
843 2163 1132 2218 παιδεύσαι
1155 2164 1441 2231 ἄνθρωπος
1468 2162 1556 2212 τὸν
1587 2162 1696 2212 υἱον
1724 2159 1911 2225 αὑτοῦ,

328 2254 472 2308 οὕτω
500 2255 706 2325 Κύριος
747 2257 774 2308 ὁ
809 2255 941 2316 Θεὸς
980 2271 1073 2305 σου
1111 2253 1389 2306 παιδεύσει
1419 2270 1498 2306 σε.
1539 2271 1556 2302 ι

2021 1975 2237 2027 deserto
2285 1978 2461 2044 agitur
2517 1993 2714 2040 annus,
2746 1997 2856 2046 quo
2889 1991 2938 2034 te
2972 1983 3170 2051 allligat
3201 1992 3255 2035 et
3307 1994 3473 2038 tentet
3515 1995 3586 2048 te,

1995 2063 2072 2120 ἐι
2108 2068 2465 2137 cogitationes
2489 2069 2670 2122 cordis
2696 2073 2772 2122 tui
2803 2071 3218 2140 dignoscantur,
3245 2091 3311 2128 an
3335 2071 3588 2132 mandata

2020 2159 2139 2224 ejus
2157 2161 2558 2220 observaveris,
2584 2177 2649 2213 an
2682 2163 2859 2214 minus
2889 2163 2952 2214 ⁸¹.
2991 2184 3008 2213 ι
3049 2165 3110 2217 Et
3141 2167 3332 2219 iterum
3359 2185 3370 2218 :
3396 2188 3412 2217 ι
3438 2169 3589 2233 Quo-

2022 2251 2164 2302 niam
2204 2261 2260 2302 ιιι
2296 2253 2456 2304 homo
2495 2253 2661 2305 lilium
2721 2271 2879 2306 suum
2939 2258 3156 2310 erudire
3185 2260 3342 2321 Solet,
3378 2261 3448 2312 ita
3485 2261 3588 2314 Do-

2023 2344 2201 2395 tninus
2244 2342 2383 2395 Deus
2415 2352 2542 2396 tuus
2576 2353 2626 2398 te
2653 2345 2888 2398 erudivit
2919 2347 2982 2398 ⁸³.
3023 2368 3039 2396 ι

401 2442 857 2508 Quemadmodum
891 2441 1070 2510 aquila
1094 2438 1222 2492 solet
1241 2449 1504 2506 protegere
1534 2436 1714 2490 nidum
1732 2452 1906 2492 suum.
1927 2433 2168 2507 [XXXIL
2201 2436 2309 2509 ll.)
2333 2439 2446 2491 Hoc
2464 2440 2662 2490 animal
2685 2454 2875 2494 amans
2907 2457 3128 2494 suormn
3159 2445 3428 2512 pullorum
3461 2456 3544 2501 cst
3572 2464 3586 2501 ;

330 2547 473 2602 quos
497 2547 628 2585 cum
670 2531 730 2583 in
764 2539 1134 2583 monstrosam
1167 2524 1563 2582 sublimitatem
1619 2525 1880 2580 subduxit
1928 2533 1982 2579 et
2010 2527 2203 2578 volare
2235 2526 2419 2588 docet,
2471 2534 2524 2578 ct
2555 2527 2792 2580 diductis
2820 2531 2995 2584 oculis
3041 2533 3208 2585 solem
3271 2539 3581 2603 Oppositum

332 2620 561 2674 intueri.
595 2619 750 2684 Quod
784 2619 829 2672 si
867 2632 1011 2670 unus
1061 2632 1126 2670 ex
1183 2618 1266 2670 his
1313 2614 1406 2683 qui
1442 2613 1574 2668 solis
1615 2613 1959 2681 splendorem
2000 2613 2240 2681 perferre
2289 2623 2541 2681 nequeat,
2574 2631 2672 2683 pro
2705 2619 2894 2684 spurio
2953 2618 3112 2672 habet
3138 2629 3190 2673 et
3240 2621 3590 2680 condemnat.

332 2707 410 2761 Ita
443 2723 605 2762 veros
640 2708 963 2760 adoratores
992 2707 1042 2757 in
1071 2703 1236 2775 me
1264 2704 1431 2755 altum
1461 2701 1943 2766 contemplationis
1974 2700 2284 2767 spiritualis
2331 2699 2540 2764 educit,
2567 2703 2633 2756 de
2666 2705 2866 2771 quibus
2914 2703 3081 2760 Isaias
3137 2707 3317 2776 inquit
3351 2728 3364 2761 :
3399 2729 3419 2761 ι
3460 2712 3587 2767 Alas

335 2796 694 2850 tollentsicut
728 2793 944 2863 aquilae.
972 2790 1238 2847 CUI'I‘lIIIl.
1289 2797 1344 2842 et
1395 2789 1712 2856 neutiquam
1789 2785 2237 2856 defatigabuntur
2268 2787 2333 2841 “.
2376 2807 2392 2838 ι
2424 2787 2527 2854 Qui
2579 2805 2709 2843 vero
2754 2802 2982 2845 currant
3035 2793 3294 2849 Servatur
3336 2798 3540 2852 indicat
3575 2819 3590 2854 :

340 2904 358 2935 ι
392 2885 496 2940 Ubi
541 2887 798 2944 cadaver,
840 2883 910 2935 ibi
941 2879 1427 2950 congregabuntur
1455 2878 1652 2945 aquilae
1681 2875 1747 2928 ".
1789 2893 1808 2924 ι
1838 2877 2078 2938 Quorum
2123 2877 2382 2943 juventus
2429 2893 2522 2944 per
2570 2879 2814 2932 divinam
2849 2881 3173 2935 tinctionetn
3208 2885 3355 2937 velut
3390 2890 3588 2955 aquila:

333 2973 694 3027 renovabitur
720 2971 789 3021 “.
820 2968 876 3024 Si
912 2984 1042 3022 vero
1066 2967 1189 3036 quis
1216 2966 1353 3020 civis
1381 2967 1623 3018 cmicsbs
1658 2960 1832 3015 factus
1863 2960 2046 3023 fuerit,
2082 2962 2265 3016 audiet
2293 2962 2533 3017 :Uinbra
2595 2968 2946 3035 scapularum
2989 2984 3212 3022 suarum
3248 2981 3490 3041 proteget
3521 2985 3592 3036 te,
3638 2968 3643 2972 ’

333 3068 389 3110 et
418 3059 524 3110 sub
556 3058 658 3110 alis
693 3057 873 3124 ipsius
902 3070 1054 3123 spem
1084 3052 1370 3107 recoudes.
1433 3049 1610 3119 Super
1664 3049 1922 3102 humeros
1965 3050 2108 3102 enim
2165 3051 2448 3116 tollentur,
2495 3060 2549 3106 ct
2585 3069 2749 3121 super
2782 3055 3006 3107 brachio
3042 3056 3480 3113 sublevabuntur
3522 3062 3593 3119 ⁸⁷,

334 3144 492 3210 Quod
527 3156 708 3196 autem
738 3151 944 3196 tantam
988 3155 1114 3207 erga
1138 3155 1233 3193 eos
1266 3152 1453 3190 curam
1489 3136 1754 3197 declaret,
1785 3135 1899 3203 ipse
1931 3151 2148 3205 quoque
2190 3135 2449 3191 Servatur
2489 3141 2542 3192 in
2595 3141 2952 3195 similitudine
2983 3159 3086 3211 qua
3135 3160 3261 3213 erga
3292 3145 3593 3203 Jerusalem

338 3248 496 3291 usus.
524 3230 790 3284 indicavit
823 3245 836 3280 :
873 3247 891 3278 ι
935 3227 1163 3292 Quoties
1192 3225 1452 3293 colligere
1482 3233 1609 3276 tuos
1641 3221 1863 3285 liberos,
1900 3222 2362 3291 quemadmodum
2397 3228 2598 3294 gallina
2625 3227 2761 3282 solet
2797 3229 2975 3297 pullos
3000 3243 3128 3284 suos
3156 3231 3259 3285 sub
3296 3233 3410 3287 alas
3442 3249 3594 3300 suas,

336 3321 508 3381 volui,
536 3327 587 3371 et
615 3332 724 3370 non
762 3316 988 3369 voluisti
1017 3314 1063 3345 ⁸⁸
1097 3329 1111 3365 :

411 3409 534 3458 Οὐκ
587 3401 666 3472 ἦν
717 3404 844 3472 μετ’
881 3402 1082 3456 αὐτῶν
1123 3399 1275 3464 Θεὸς
1317 3398 1657 3465 ἀλλότριος.
1693 3401 1709 3415 ⁹
1735 3393 1930 3457 Καθὼς
1958 3405 2000 3462 c

1906 3412 1930 3457 ς
1958 3405 2000 3462 c
2107 3396 2218 3452 Nec
2245 3413 2357 3453 erat
2389 3418 2506 3453 cum
2532 3417 2590 3454 eo
2616 3401 2755 3456 Deus
2805 3403 3029 3457 alienus.
3082 3404 3216 3478 [l1]
3271 3408 3400 3472 Qua:
3450 3410 3593 3463 enim

335 3515 505 3567 φησιν
527 3498 556 3548 ὁ
585 3497 868 3557 Θεσπέσιος
895 3494 1105 3555 Παῦλος
1128 3507 1140 3521 °
1171 3491 1298 3543 ποία
1327 3491 1579 3543 κοινωνία
1611 3488 1750 3555 φωτὶ
1789 3487 1923 3557 πρὸς

337 3589 566 3649 cruri-cog;
595 3585 629 3656 ἢ
656 3586 735 3648 τίς
772 3583 1127 3654 συμφώνησις
1156 3580 1391 3650 Χριστοῦ
1422 3581 1554 3648 πρὸς
1593 3579 1827 3647 Βελίαρ;

423 3679 812 3732 Ἀνεσίόασεν
842 3675 1066 3739 αὐτοὺς
1124 3673 1225 3725 ἐπὶ
1273 3673 1388 3739 τὴν
1414 3671 1601 3738 ἰσχὺν
1638 3669 1748 3736 τῆς
1793 3668 1921 3737 γῆς.

339 3775 356 3794 ⁹
405 3767 752 3828 ’Λνεϐίὸασε,
806 3765 1087 3818 τουτέστιν
1149 3762 1514 3832 ὑψηλοτέρους
1571 3761 1766 3822 αὐτοὺς
1815 3758 1924 3811 τῶν

335 3863 546 3930 γηΐνων
580 3859 903 3924 πεποίηκεν.
960 3855 1045 3918 Ὡς
1063 3854 1171 3924 γὰρ
1217 3854 1448 3914 Ἀκύλας
1475 3852 1662 3920 φησὶν.
1705 3850 1834 3902 Ἐπὶ
1859 3849 1925 3902 τὸ

337 3954 558 4020 ὕψωμα
584 3947 695 4016 τῆς
735 3948 846 4017 γῆς
875 3947 1097 4012 αὐτοὺς
1147 3947 1486 4005 ἀνεϐίϐασε,
1538 3943 1704 4011 μηδὲν
1733 3959 1923 3992 ταπειο

339 4042 492 4113 νδνῆ
527 4040 868 4111 χαμαίζηλον
920 4040 1118 4100 αὐτοὺς
1172 4035 1525 4106 ἐνθυμεῖσθαι
1582 4033 1921 4103 βουλόμενος.

411 4135 573 4189 Κατὰ
595 4135 695 4203 τὴν
730 4132 992 4201 ἱστορίαν,
1026 4132 1125 4201 τὴν
1152 4129 1256 4198 γῆν
1287 4127 1422 4197 φησὶ
1440 4127 1540 4192 τῆς
1571 4124 1922 4192 ἐπαγγελίας,

338 4228 415 4285 ὡς
452 4225 718 4293 γεγονότα
778 4222 1073 4291 λαμὸἁνων
1106 4219 1174 4272 τὰ
1209 4219 1492 4288 μέλλοντα,
1528 4216 1576 4266 εἰ
1601 4214 1693 4267 καὶ
1713 4215 1780 4265 τὰ
1823 4213 1925 4280 μά·

340 4319 500 4372 λιστα
525 4315 809 4383 ἐπέϐησαν
843 4313 946 4382 ἢδη
981 4313 1182 4383 μέρους
1237 4308 1430 4376 αὐτῆς.
1466 4307 1752 4376 Συμφωνεί
1784 4305 1924 4357 δὲτὸ

342 4408 686 4478 ἐπαγόμενον
706 4423 718 4436 ·
749 4426 768 4457 ι
804 4405 1111 4474 Ἐψώμισεν
1133 4402 1330 4464 αὐτοὺς
1343 4401 1658 4468 γεννήματα
1681 4397 1884 4466 ἀγρῶν.
1900 4415 1916 4445 ι

341 4498 513 4553 Οὔπω
541 4500 651 4569 γὰρ
679 4497 885 4566 ἔφαγον
907 4495 1015 4548 τῶν
1063 4492 1422 4562 γεννημάτων
1464 4490 1562 4558 τῆς
1588 4490 1686 4556 γῆς
1715 4504 1729 4518 ’
1758 4487 1834 4558 τῷ
1869 4487 1922 4540 δὲ

343 4591 524 4661 μάννα
551 4591 681 4658 πρὶν
699 4583 1167 4656 διαπεραιωθῆναι
1190 4583 1280 4633 τὸν
1314 4579 1584 4650 Ἰορδάνην
1607 4576 1916 4646 ἐτρέφοντο.

354 4682 500 4735 Ἀλλ’
556 4681 678 4734 οὐδὲ
740 4679 863 4748 μέλι
918 4677 1097 4746 ὖρειον
1173 4673 1324 4726 οὔπω
1378 4667 1520 4738 ἦσαν
1569 4669 1918 4739 δρεψάμενοι,

339 4776 463 4829 οὐδὲ
492 4774 603 4827 τῶν
635 4741 836 4826 ἐλαιῶν
863 4788 877 4802 ·
916 4741 972 4824 ai
1009 4766 1292 4838 φιληδοῦσι
1335 4765 1566 4832 πέτραις
1591 4762 1684 4813 καὶ
1716 4760 1917 4829 δρεσιν.
1955 4741 1998 4795 Ῑ)

2030 3487 2411 3549 communitas,
2442 3485 2611 3541 Paulo
2643 3500 2778 3544 teste
2795 3491 2865 3554 ",
2888 3493 2992 3545 luci
3018 3510 3138 3548 cum
3174 3497 3454 3552 tenebris?
3477 3515 3598 3569 qua:

2030 3579 2322 3631 consensio
2351 3577 2571 3633 Christo
2597 3597 2719 3634 cum
2747 3582 2952 3636 Belial?

2099 3662 2284 3718 Evexil
2319 3683 2406 3720 eos
2431 3669 2482 3720 in
2509 3669 2830 3736 {ortalitium
2860 3684 3032 3725 εει-ται.
3061 3672 3199 3744 [l3.]
3239 3675 3411 3743 Supra
3437 3683 3596 3728 terra:

2029 3755 2236 3811 incolas
2271 3772 2366 3811 eos
2400 3761 2616 3812 extulit.
2662 3761 2860 3814 Eodem
2922 3765 3080 3816 modo
3129 3766 3324 3833 Aquila
3373 3782 3593 3836 quoque

2029 3853 2208 3920 inquit
2248 3870 2261 3905 :
2297 3852 2362 3906 In
2392 3856 2560 3906 altum
2585 3866 2735 3909 terra?
2767 3875 2851 3910 eos
2869 3859 3113 3913 adduxit.

2097 4117 2150 4170 Si
2179 4132 2305 4171 vero
2320 4119 2511 4172 oculos
2530 4119 2594 4172 ad
2626 4119 2907 4173 historiam
2929 4134 3334 4181 convertamus.
3359 4122 3425 4177 de
3454 4134 3593 4178 terra

2028 4209 2298 4277 promissa
2355 4225 2416 4264 ea
2461 4227 2582 4265 esse
2635 4212 2779 4263 dicta
2821 4213 3206 4280 intelligemus,
3255 4216 3342 4268 ubi
3370 4217 3591 4285 quidem

2028 4301 2146 4355 loco
2179 4305 2577 4371 pra-teritorum
2616 4305 2821 4369 futura,
2878 4309 3130 4374 quamvis
3166 4310 3453 4361 uaximain
3481 4310 3590 4378 jam

2026 4392 2146 4459 ejus
2177 4401 2384 4460 partem
2443 4395 2791 4462 contigerint,
2847 4396 3031 4449 habet.
3068 4396 3220 4460 Quod
3251 4398 3426 4464 ipsum
3463 4414 3595 4452 sane

2028 4484 2079 4537 id
2108 4485 2252 4552 quod
2275 4484 2544 4552 sequitur,
2580 4501 2796 4555 quoque
2827 4488 3174 4555 comprobat,
3210 4504 3332 4542 cum
3368 4490 3541 4558 inquit
3579 4507 3591 4541 :

2033 4595 2049 4626 ι
2084 4577 2351 4642 Agrorqu
2422 4577 2776 4644 proventibus
2844 4579 3042 4632 cibavit
3103 4595 3217 4633 eos.
3269 4599 3286 4630 ι
3343 4581 3593 4636 Nondum

2027 4670 2169 4720 enim
2230 4670 2588 4737 proventibus
2635 4679 2794 4723 terra:
2855 4671 3196 4738 victitabant,
3252 4683 3440 4741 utpote
3501 4677 3593 4744 qui

2031 4773 2227 4811 manna
2271 4761 2587 4829 priusquam
2624 4759 2918 4816 Jordanein
2969 4765 3338 4827 transiisscnt,
3372 4767 3593 4821 aleban-

353 4879 447 4926 tur
482 4883 676 4938 usqne.
709 4867 820 4920 Iino
851 4879 980 4918 vero
1015 4879 1081 4918 ne
1141 4860 1244 4915 tnel
1275 4859 1527 4914 silvestre
1557 4853 1774 4922 quidem
1821 4852 1996 4906 adhuc
2028 4853 2373 4922 colligebant,
2407 4870 2586 4923 neque
2616 4857 2858 4910 olearum
2918 4872 3036 4925 qua:
3102 4860 3250 4912 saxis
3315 4850 3369 4912 et
3438 4875 3595 4913 mon-

339 4961 491 5014 tibus
520 4957 889 5016 delectantur,
923 4952 1140 5005 baccas.

415 5053 690 5108 thterutn
721 5048 899 5102 mellis
932 5045 1152 5099 nomine
1206 5054 1400 5112 aquam
1436 5036 1734 5108 significari
1787 5034 2006 5106 quidam
2036 5045 2310 5092 asserunt.
2343 5049 2463 5102 qua:
2487 5033 2623 5102 ipsis
2659 5035 2710 5087 in
2740 5035 2954 5089 deserto
2979 5035 3266 5089 sitibnudis
3298 5036 3473 5090 mellis
3502 5051 3592 5091 sa-

342 5156 532 5212 porem
555 5138 762 5190 habere
789 5135 906 5188 visa
941 5132 1125 5186 fuerit.

419 5202 610 5290 Eiram;
642 5226 688 5279 δ’
719 5225 785 5278 ἂν
817 5222 1138 5292 ἀλληγορῶν
1172 5217 1369 5278 αὐτοὺς
1425 5211 1764 5282 ὲψωμικέναι
1798 5229 1922 5277 γεν-

341 5327 561 5396 νήματα
601 5321 708 5373 τῶν
747 5313 1196 5384 πεπληρωμένων
1243 5307 1470 5369 εὐωδίας
1526 5305 1926 5374 πνευματικῆς,

341 5415 437 5480 ὡς
468 5413 743 5485 ηὺλὸγησε
775 5407 1000 5475 Κύριος.

430 5571 476 5602 ⁸⁸
508 5569 646 5622 Gen.
694 5577 881 5620 vaut,
916 5557 1000 5611 16.
1079 5556 1121 5587 ⁸¹
1145 5553 1281 5607 Gen.
1314 5567 1464 5614 xxxi,
1493 5549 1580 5622 42.

344 5642 394 5676 ⁸⁵
425 5640 569 5694 Psal.
605 5653 697 5697 cu,
734 5634 784 5686 5.
868 5631 911 5660 ⁸⁷
950 5627 1096 5682 Psal.
1127 5641 1214 5689 xc,
1239 5623 1274 5675 2
1306 5638 1458 5691 seqq.

1660 5550 1704 5581 "
1733 5548 1882 5601 Dent.
1903 5565 2020 5610 vui,
2040 5552 2089 5602 οὶ.

1535 5621 1578 5652 ⁸⁸
1603 5619 1792 5675 Matth.
1829 5635 1984 5679 uin,
2016 5623 2104 5674 57.

2100 5210 2306 5265 Licebit
2337 5227 2466 5265 vero
2495 5227 2588 5280 per
2644 5212 2864 5282 ﬁguram
2891 5227 3051 5280 agror
3092 5230 3144 5265 tu
3194 5213 3451 5267 odoribus
3485 5216 3595 5282 spi-

2031 5304 2320 5357 ritualibus
2379 5287 2723 5365 refertoruin,
2777 5306 2977 5372 Deique
3013 5320 3139 5356 voce
3194 5304 3595 5359 fortunatorum

2031 5395 2243 5463 pavisse
2281 5395 2548 5464 frugibus,
2583 5395 2946 5464 interpretari.

2174 5554 2220 5583 ⁸³
2257 5553 2386 5605 illiti.
2418 5576 2465 5604 ιι.
2546 5556 2588 5581 ⁸⁸
2624 5553 2724 5603 Iszl.
2772 5570 2818 5605 λι
2847 5597 2854 5611 ,
2880 5555 2934 5601 ἦ(

2185 5626 2428 5674 θθὶιιι·
2502 5641 2537 5674 .ι
2601 5627 2650 5672 l'e
2696 5625 2752 5672 l’n

3036 5553 3079 5581 "'
3109 5547 3295 5603 Matth.
3329 5564 3475 5604 xatv.
3506 5547 3595 5602 τε.

1868 5733 2000 5786 ΝΟΤ
2034 5735 2048 5786 i

422 5823 500 5892 (8)
543 5819 675 5872 Ἀπὸ
701 5816 800 5885 τῆς
833 5813 1055 5886 Συρίας.
1103 5810 1161 5865 '0
1188 5808 1309 5863 αὐτ.
