4272 6446
368 445 475 505 965

1288 443 1822 502 COMMENTARII
1863 441 1940 497 ΙΝ
1988 438 2081 496 DE
2093 435 2537 496 ['TERONOMI
2553 435 2595 492 U
2609 435 2681 492 Μ.

3538 433 3642 490 9ου

369 555 760 625 παρεδόθησαν
799 556 862 621 τῇ
904 553 1184 622 ἀπωλείᾳ,
1240 555 1374 622 μήτε
1411 554 1484 615 ὡς
1537 555 1774 622 ῐιοιῃτὴν
1827 555 1942 603 ἑπι-

2064 556 2422 616 impegerunt.
2450 546 2926 612 Quemadmodum
2951 547 3016 599 de.
3048 546 3156 599 illis
3187 545 3467 615 propheta:
3509 546 3636 594 “imi

362 652 603 714 γνόντες,
640 649 780 714 μήτε
822 646 896 706 ὡς
938 645 1170 714 Σωτῆρα
1201 646 1296 695 καὶ
1341 645 1635 714 Λυτρωτὴν
1670 643 1944 696 αίδεοθέν-

361 758 473 802 τες.

2056 639 2330 691 aliirmat:
2374 656 2391 688 ι
2427 636 2799 691 Obverteruut
2849 637 2981 688 mihi
3031 646 3182 705 terga
3235 653 3354 697 sua,
3403 653 3512 689 non
3558 631 3639 684 l'a-

2047 731 2161 783 cies
2185 729 2253 782 ⁹⁹.
2307 749 2326 780 ι
2375 731 2526 784 Adeo
2581 730 2924 797 reliquerunt.
2979 729 3269 782 Dominum
3325 739 3634 783 eteatorem

2050 837 2238 883 suum,
2269 837 2385 875 non
2422 832 2768 889 agnoverunt
2811 821 3153 874 conditorem
3190 836 3374 885 suum,
3421 835 3519 874 nec
3550 836 3636 874 rc-

2049 911 2388 982 detnptorem
2425 929 2585 967 suum
2617 921 2745 966 sunt
2783 912 3030 968 ret-criti.

433 1041 730 1095 Irritarunt
761 1058 842 1094 me
872 1043 976 1094 diis
1005 1041 1210 1094 alienis.
1246 1039 1487 1110 lxxx”,
1512 1037 1624 1110 16.]
1645 1038 1780 1104 Cum
1807 1040 1872 1094 de
1893 1040 1997 1094 diis
2028 1043 2223 1095 alienis
2252 1042 2499 1101 dixisset,
2536 1042 2696 1094 infert
2732 1060 2743 1094 :
2775 1062 2790 1091 ι
2824 1041 2883 1093 Et
2910 1041 3285 1094 sacriﬁcarunt
3325 1040 3631 1100 dminoniis,

363 1145 470 1184 non
498 1129 627 1183 Deo.
667 1150 684 1181 ι
725 1129 799 1182 Ea
824 1131 968 1182 enim
996 1129 1301 1182 substantia
1324 1128 1542 1197 quidem
1567 1129 1681 1197 ipsa
1708 1145 1770 1181 ac
1801 1130 2018 1197 Opilieio
2047 1132 2135 1184 Dei
2163 1131 2380 1199 propria
2409 1137 2557 1182 sunt.
2598 1128 2823 1196 Impiqu
2852 1144 2978 1179 vero
3004 1130 3338 1194 propositum
3363 1143 3389 1175 a
3423 1125 3530 1176 Deo
3553 1135 3636 1178 est

313 1232 323 1240 '
361 1219 632 1270 alienum.
660 1215 872 1281 Quibus
906 1216 998 1283 qtti
1037 1214 1340 1276 adhwrcnt,
1375 1218 1608 1283 vitzeque
1646 1215 1851 1269 fontem
1885 1217 2269 1280 deseruerunt,
2313 1218 2380 1270 ad
2428 1218 2632 1286 justum
2677 1218 2759 1269 sui
2799 1216 3130 1282 supplicium
3175 1213 3341 1264 Demn
3376 1231 3624 1266 commo-

362 1313 581 1356 verunt.
616 1302 717 1356 Ubi
759 1303 1002 1355 humano
1043 1318 1193 1355 more
1235 1303 1302 1357 de
1336 1304 1414 1356 ira
1455 1303 1548 1357 Dei
1590 1304 1798 1356 dictum
1824 1314 1946 1359 est:
1986 1324 2003 1355 ι
2047 1305 2178 1358 Nam
2210 1312 2598 1374 permutarunt
2639 1305 2817 1373 ipsum
2855 1319 2979 1356 cum
3027 1303 3133 1355 diis
3167 1302 3280 1354 heri
3318 1314 3404 1354 aut
3457 1303 3633 1369 Inidia

367 1393 681 1447 t'abrel'actis
706 1393 745 1448 ‘.
777 1409 796 1441 ι
819 1407 956 1458 quos
990 1405 1096 1442 non
1129 1390 1383 1458 cognovit
1417 1391 1714 1453 Abraham,
1757 1407 1856 1444 nec
1885 1393 2120 1458 majores
2154 1392 2347 1459 ipsius.

425 1482 495 1532 Et
539 1480 670 1532 vidit
709 1477 992 1541 Dominus,
1018 1487 1066 1530 et
1103 1480 1273 1530 iratus
1302 1488 1401 1530 est.
1435 1477 1574 1549 [19.]
1614 1478 1861 1530 lluinana
1896 1481 2092 1531 iterum
2138 1479 2426 1532 affectione
2477 1477 2748 1531 naturalis
2790 1477 2879 1530 Dei
2924 1484 3356 1543 reprzcsentatur
3392 1477 3632 1538 bonitas,

365 1580 471 1633 qua
504 1580 696 1618 omnes
749 1565 999 1616 homines
1038 1565 1247 1616 servari
1289 1565 1463 1632 cupit,
1493 1575 1540 1617 et
1587 1566 1652 1617 ad
1694 1567 1942 1617 veritatis
1993 1566 2366 1634 cognitionem
2411 1568 2728 1635 pertingere
2754 1568 2794 1629 ’,
2846 1580 2943 1618 nec
2984 1566 3295 1618 (Lemonum
3341 1567 3634 1632 ωλι-διιδιά

364 1653 583 1723 agitari,
615 1667 822 1720 eosque
846 1653 936 1720 qui
975 1653 1105 1704 illud
1137 1653 1492 1706 admisissent
1521 1653 1794 1722 supplicio
1819 1654 2091 1721 condigne
2124 1656 2175 1707 in
2212 1654 2355 1706 viam
2390 1668 2671 1708 revocare.

432 1784 543 1837 Καὶ
600 1782 958 1850 παίωξύνθη
1017 1781 1092 1835 δι’
1147 1783 1336 1850 ὀργὴν
1389 1783 1537 1837 vicine
1603 1787 1791 1838 αὐτοῦ
1852 1786 1952 1838 καὶ

360 1876 722 1945 θυγατέρων.
783 1876 919 1927 Κατ’
980 1877 1146 1945 ἄμφω
1205 1879 1314 1946 γὰρ
1385 1877 1489 1930 olei.
1555 1879 1647 1929 καὶ
1711 1877 1946 1946 θυγατέ-

369 1985 462 2036 ρες
515 1968 565 2019 oi.
612 1965 672 2030 ἐξ
701 1966 944 2038 Ἰσραὴλ,
987 1967 1130 2019 κατὰ
1168 1967 1538 2038 δημιουργίαν
1574 1985 1634 2021 τε
1690 1972 1782 2021 καὶ
1825 1971 1947 2023 κατ’

363 2061 644 2112 οἰκείωσιν
666 2060 766 2129 τὴν
797 2060 950 2129 παρὰ
976 2060 1044 2112 τὰ
1075 2059 1239 2112 λοιπὰ
1274 2061 1425 2128 ἔονη.
1456 2062 1737 2131 Γράφεται
1769 2064 1824 2115 δὲ
1854 2067 1947 2118 καὶ

357 2153 533 2215 οὕτως
552 2168 566 2182 ’
595 2171 612 2202 ι
641 2151 770 2204 υἱῶν
803 2151 984 2205 αὐτῶν
1007 2151 1450 2221 καὶθυγατέρων·
1469 2171 1486 2204 ι
1511 2154 1592 2206 ὅτι
1616 2156 1708 2206 καὶ
1736 2156 1947 2220 τούτοις

2131 1781 2196 1834 Et
2247 1783 2496 1835 irritatus
2542 1793 2619 1836 est
2665 1792 2878 1852 propter
2927 1785 3354 1850 provocationem
3399 1785 3636 1852 ﬁliorum

2054 1889 2294 1938 suorum,
2326 1885 2373 1927 et
2425 1876 2663 1942 ﬁliarum
2713 1893 2954 1928 suarum.
3005 1875 3083 1930 Ex
3130 1891 3286 1942 ecquo
3330 1877 3471 1928 cuitu
3527 1887 3634 1927 tam

2056 1966 2151 2019 ﬁlii
2187 1983 2354 2036 quam
2389 1968 2512 2022 tilia)
2545 1985 2608 2022 ex
2646 1969 2911 2022 Israclitis
2944 1969 3194 2022 oriunda:
3219 1969 3438 2037 epii‘u-io
3465 1977 3517 2022 et
3554 1968 3636 2021 fa-

2056 2062 2373 2115 miliaritate
2419 2061 2514 2116 Dei
2551 2077 2746 2116 omnes
2779 2063 3021 2130 reliquas
3059 2063 3396 2132 superabant
3426 2073 3635 2129 gentes.

2057 2153 2270 2207 Pariter
2300 2163 2484 2206 autem
2512 2154 2676 2208 etiam
2706 2154 2772 2208 de
2798 2155 2927 2208 liliis
2957 2169 3147 2208 eorum
3172 2163 3224 2206 et
3249 2155 3465 2208 ﬁliabus
3499 2156 3640 2206 scri-

356 2244 497 2314 πρὸς
524 2243 624 2314 τὴν
651 2242 845 2314 ὁμοίαν
885 2244 1273 2314 καθηγήσαντο
1301 2243 1511 2313 πλάνην
1529 2260 1541 2274 ·
1577 2245 1609 2315 ἢ
1649 2245 1779 2313 γοῦν
1809 2265 1943 2314 προ-

2064 2247 2222 2308 .iitur,
2256 2247 2516 2314 quoniam
2580 2247 2712 2315 ipsis
2748 2263 2971 2315 quoque
3015 2247 3082 2300 ad
3126 2247 3358 2300 simiiem
3393 2262 3636 2299 errorem

360 2339 642 2407 αναιρωνεῖ
667 2337 798 2399 τοὺς
827 2337 1494 2407 ὓστερονὲσταυρωκὸτας
1524 2339 1787 2408 Χριστὸν,
1817 2343 1945 2411 περὶ

357 2425 479 2482 ὅ,νὸ
506 2429 793 2500 προερήτης
824 2428 1021 2498 φησίν·
1042 2429 1136 2481 «Δί
1168 2429 1350 2497 χεῖρες
1380 2428 1535 2498 ὑμῶν
1556 2429 1788 2498 αἵματος
1809 2430 1944 2500 πλή-

360 2538 511 2593 ρεις·
553 2541 571 2574 ι
601 2522 649 2575 οἳ
693 2522 791 2575 καὶ
821 2521 932 2574 τῶν
970 2522 1226 2592 πατέρων
1251 2521 1514 2589 γεγόνασι
1559 2523 1943 2594 πονηρότεροι,

360 2616 454 2669 καὶ
484 2615 644 2685 δίκην
675 2615 864 2668 ἐτισαν
892 2613 992 2684 τὴν
1023 2619 1434 2685 προσήκουσαν.

432 2823 564 2877 Ὀτι
603 2823 783 2893 τενεά
817 2821 1270 2891 ἐξεστραμμένη
1300 2822 1508 2875 ἐστίν’
1542 2821 1658 2875 vlo!
1705 2817 1794 2887 οἷς
1837 2823 1948 2874 οὐκ

358 2921 492 2973 ἔστι
531 2919 741 2982 πίστις
791 2917 862 2969 ἐν
909 2917 1139 2982 αὐτοῖς.
1200 2917 1438 2979 Ταύταις
1474 2918 1592 2978 ταῖς
1637 2915 1815 2981 λέξεσι
1856 2916 1952 2966 καὶ

355 3009 385 3060 ὁ
421 3008 614 3078 Σωτὴρ
642 3008 701 3061 ὲν
736 3007 1100 3075 Εὐαγγελίοις
1135 3008 1427 3078 ἐχρήσατο,
1456 3008 1630 3059 εἰπὼν
1680 3006 1820 3076 πρὸς
1850 3006 1950 3058 αὺ-

354 3102 516 3165 τούςο
552 3121 570 3153 ι
601 3097 672 3154 Ὦ
709 3102 876 3170 γενεὰ
928 3101 1159 3164 ἄπιστος
1211 3102 1307 3155 καὶ
1355 3100 1795 3171 διεστραμμένη,
1846 3101 1952 3164 ἓως

361 3199 493 3252 πότε
532 3195 731 3264 ἔσομαι
760 3195 898 3265 πρὸς
926 3195 1102 3264 ὐμᾶςς
1127 3195 1231 3257 ἕως
1263 3195 1394 3247 πότε
1423 3194 1685 3261 ἀνέξομαι
1709 3193 1864 3262 ὑμῶν
1888 3212 1901 3259 ;
1929 3212 1950 3246 ι

358 3291 496 3343 Οὐδὲ
551 3292 661 3357 γὰρ
716 3290 904 3357 ἕτερόν
938 3290 1054 3341 ἐστι
1081 3289 1138 3341 τὸ
1170 3289 1464 3358 λεγόμενον
1484 3305 1505 3355 ﬁ
1538 3308 1555 3340 ι
1579 3283 1656 3341 ⁷11
1706 3288 1787 3341 ὃτι
1820 3289 1956 3339 ἀπο-

359 3381 585 3454 στρέψει)
631 3382 694 3434 τὸ
727 3382 1026 3454 πρόσωπόν
1079 3399 1178 3451 μου
1211 3381 1305 3433 ἀπ’
1352 3379 1554 3434 αὐτῶν.
1596 3398 1614 3430 ι
1650 3379 1818 3432 Γενεὰ
1846 3378 1955 3451 γὰρ

357 3475 590 3537 ἄπιστός
635 3476 777 3541 ἐστι,
814 3475 889 3545 μὴ
919 3474 1123 3544 ἔχουςα
1160 3474 1366 3539 πίστιν,
1399 3475 1491 3526 καὶ
1525 3471 1952 3542 ἐξεστραμμένη

358 3573 467 3623 ἀπὸ
523 3569 622 3637 τῆς
659 3567 947 3638 ἀληθείας.
985 3567 1181 3635 Ἡμεῖς
1249 3565 1305 3618 δὲ
1377 3566 1476 3617 σὺν
1545 3563 1623 3634 τῷ
1672 3562 1951 3633 ψαλμῳδῷ

2047 2339 2309 2394 ductores
2367 2341 2722 2396 exstiterunt.
2769 2347 2848 2396 Ac
2899 2357 3030 2396 sane
3083 2342 3150 2396 de
3187 2343 3254 2394 iis
3305 2341 3397 2411 qui
3446 2351 3638 2411 poslra

2047 2432 2326 2486 Christum
2394 2434 2446 2486 in
2498 2450 2719 2488 crucem
2773 2435 3106 2505 adegerunt,
3167 2436 3517 2488 vaticinatur.
3566 2433 3640 2486 De.

2048 2523 2255 2587 quibus
2295 2525 2562 2593 propheta
2597 2540 2821 2595 quoque
2851 2527 2923 2578 ait
2957 2545 2968 2579 :
3011 2545 3028 2577 ι
3061 2526 3249 2580 Manus
3283 2539 3479 2581 VESIHB
3510 2543 3641 2578 san-

2051 2615 2217 2682 guine
2268 2617 2446 2685 plena:
2501 2627 2634 2672 sunt
2664 2619 2704 2670 ³.
2739 2637 2756 2669 ι
2803 2618 2904 2684 Qui
2950 2629 3104 2673 certe
3157 2621 3482 2689 parentibus
3523 2623 3641 2677 suis

2056 2705 2273 2775 pejores
2307 2705 2550 2773 fuerunt,
2583 2717 2637 2763 ct
2670 2724 2888 2779 ptenam
2924 2711 3178 2764 meritam
3223 2713 3460 2766 luerunt.

2131 2824 2395 2890 Quoniam
2453 2829 2724 2896 generatio
2781 2842 3028 2895 perrersa
3077 2838 3178 2891 est,
3229 2831 3330 2897 ﬁlii
3362 2832 3413 2882 in
3453 2833 3640 2899 quibus

2059 2917 2210 2970 nulla
2240 2919 2369 2986 fides
2404 2929 2502 2972 est.
2539 2918 2682 2990 [‘20.]
2712 2918 2996 2987 Ejusmodi
3034 2921 3164 2974 illud
3198 2937 3416 2988 quoque
3453 2938 3480 2974 a
3513 2922 3644 2977 Ser—

2058 3019 2260 3077 νιιιοω
2281 3011 2563 3081 proditum
2601 3029 2614 3066 :
2653 3031 2670 3062 ς
2709 3012 2753 3067 0
2787 3014 3074 3082 generatio
3099 3015 3382 3067 incredula
3427 3026 3479 3068 et
3519 3030 3644 3082 per-

2059 3117 2240 3166 versa,
2273 3118 2563 3172 quousque
2597 3104 2816 3159 tandem
2847 3106 3128 3160 vobiscum
3168 3107 3306 3159 ero?
3341 3126 3358 3157 ι
3395 3107 3643 3162 Potentia

2057 3208 2188 3248 vero
2235 3194 2369 3248 illttd
2417 3194 2596 3249 dicit:
2633 3214 2650 3248 ι
2679 3195 2935 3251 Avertam
2979 3199 3170 3251 t'aciem
3227 3215 3401 3252 meam
3447 3201 3516 3254 ab
3549 3202 3639 3264 iis,

2060 3293 2118 3338 ut
2143 3285 2235 3354 qui
2275 3285 2435 3339 tidem
2464 3301 2572 3340 non
2608 3286 2872 3354 habeant,
2913 3299 2964 3342 et
2998 3303 3027 3342 a
3063 3291 3294 3345 veritate
3338 3307 3398 3346 se
3429 3302 3641 3346 averte-

2057 3376 2192 3430 rint.
2220 3373 2332 3430 Nos
2364 3391 2493 3430 vero
2520 3391 2787 3431 canamus
2818 3394 2832 3431 :
2871 3395 2889 3427 ι
2914 3375 2989 3431 Ne
3022 3389 3239 3433 avertas
3267 3377 3457 3432 faciem
3489 3388 3642 3434 tuam

2060 3483 2088 3521 a
2126 3484 2235 3532 me,
2286 3483 2390 3522 nec
2436 3469 2690 3524 deﬂectas
2753 3471 2806 3524 in
2861 3470 2941 3524 ira
2977 3487 3005 3525 a
3034 3487 3196 3526 servo
3250 3484 3344 3528 tuo
3366 3476 3407 3528 '.
3436 3492 3454 3526 ι
3482 3473 3638 3529 υουιῑ

2058 3560 2203 3614 enim
2233 3557 2450 3614 Dontini
2470 3560 2639 3631 justis
2670 3571 2801 3617 sunt
2840 3564 3034 3619 intenti
3060 3566 3101 3619 ⁸.

361 3662 653 3731 βοήσωμεν
699 3678 712 3690 ·
754 3678 773 3711 ι
813 3660 905 3732 Μὴ
956 3657 1311 3730 ἀποστρέψῃς
1370 3657 1433 3712 τὸ
1483 3656 1777 3728 πρόσωπόν
1837 3672 1930 3707 σου
1962 3653 2056 3707 ἀπ’
2090 3653 2247 3724 ἐμοῦ.
2280 3671 2298 3703 ι

437 3799 503 3852 Et
538 3816 632 3868 ego
669 3814 873 3868 quoque
907 3795 1205 3865 provocabo
1227 3811 1345 3850 eum
1380 3796 1434 3847 in
1464 3810 1523 3848 eo
1557 3794 1648 3864 qui
1679 3801 1892 3847 nonest
1928 3791 2176 3861 populus.
2209 3798 2319 3848 etc.
2360 3790 2502 3864 [2L]
2537 3789 2764 3846 Gentem
2805 3793 3097 3859 barbram
3141 3805 3333 3851 contra
3387 3815 3482 3855 eos
3518 3801 3646 3856 irri-

359 3891 515 3945 tabo.
552 3887 674 3942 Non
703 3887 850 3942 enim
895 3887 1003 3940 illis
1031 3895 1317 3954 tantopere
1361 3885 1510 3940 dolet
1549 3885 1814 3947 servitus,
1872 3898 1980 3936 non
2021 3882 2317 3950 diSpersio,
2355 3898 2460 3934 non
2510 3884 2695 3950 templi
2748 3883 2992 3950 amissio,
3025 3896 3365 3955 quantopere
3395 3893 3646 3958 gentium

361 3979 541 4048 pietas
572 3989 627 4032 et
658 3977 925 4046 dignitas,
961 3991 1154 4030 carum
1187 3974 1442 4029 videlicet
1475 3988 1598 4043 quae
1625 3973 1778 4040 prius
1815 3971 1978 4025 rudes
2013 3980 2190 4032 erant,
2226 3986 2290 4024 ae
2317 3971 2371 4022 in
2413 3971 2744 4039 pepuloruin
2777 3987 3068 4025 numerum
3104 3973 3296 4027 referri
3331 3991 3440 4029 non
3472 3979 3650 4047 dignm

359 4067 759 4123 censebantur.
789 4063 1268 4130 Quemadmodum
1306 4062 1440 4116 illud
1489 4060 1737 4130 Apostoli
1776 4068 2030 4121 testatur,
2064 4073 2190 4112 cum
2238 4059 2457 4127 inquit:
2497 4077 2515 4108 ι
2546 4057 2835 4123 Quondam
2889 4074 3020 4112 vero
3052 4069 3106 4113 et
3159 4076 3258 4115 nos
3291 4079 3517 4120 eramus
3554 4068 3651 4121 de-

360 4166 600 4214 tuentes,
632 4153 828 4218 duri",
866 4173 884 4204 ι
921 4162 974 4205 et
1013 4153 1244 4221 reliqua.
1280 4150 1394 4205 lino
1428 4165 1561 4204 vero
1604 4163 1704 4203 nos
1737 4150 1916 4215 gentis
1957 4147 2179 4201 nomine
2228 4162 2339 4200 non
2377 4146 2662 4214 dignatur.
2707 4147 2783 4201 Eo
2826 4148 2974 4217 quod
3033 4147 3222 4206 ﬁdeles
3279 4168 3342 4206 ex
3389 4156 3650 4210 omnibus

357 4246 627 4313 gentibus
662 4245 776 4297 sint
809 4242 1053 4295 collecti.
1110 4244 1186 4293 Ac
1229 4251 1449 4310 gentem
1488 4253 1607 4292 eam
1640 4253 1761 4308 qua:
1786 4235 2010 4292 Christo
2044 4232 2280 4288 credidit
2324 4249 2435 4287 non
2485 4249 2648 4288 unam
2683 4251 2807 4290 esse
2856 4245 3020 4306 atque
3068 4239 3385 4294 distinctam
3429 4245 3650 4299 asserit.

356 4335 509 4388 (lens
545 4332 713 4401 igitur
767 4345 864 4385 seu
901 4332 1142 4398 populus
1175 4328 1267 4381 Dei
1305 4344 1371 4383 ex
1429 4327 1843 4397 propinquitate
1905 4339 2001 4378 seu
2034 4323 2362 4394 cognatione
2418 4321 2766 4393 dogmatum,
2804 4340 2913 4380 non
2966 4341 3033 4382 ex
3089 4328 3369 4384 divisione
3404 4334 3653 4402 gentium

357 4421 622 4493 primitus
665 4419 832 4482 facta,
869 4427 954 4474 est
984 4417 1324 4500 metiendos.

429 4551 564 4604 Ὀτι
597 4548 720 4618 πῦρ
749 4547 1115 4601 ἐκκέκαυται
1143 4546 1210 4599 ὲκ
1253 4544 1360 4598 τοῦ
1390 4542 1582 4613 θυμοῦ
1623 4561 1766 4612 μου,
1811 4561 1949 4596 καυ-

2135 4542 2404 4609 Quoniam
2441 4544 2580 4613 ignis
2636 4546 2892 4614 ﬂagravit
2923 4563 2951 4601 e
3003 4547 3186 4616 furore
3222 4567 3360 4616 meo,
3404 4563 3454 4605 et
3498 4570 3658 4608 exar-

355 4643 613 4711 θήσεται
645 4644 758 4709 έως
795 4641 945 4710 ᾅδου
974 4641 1339 4695 κατωτάτου.
1373 4639 1646 4707 Καθάπερ
1675 4638 1778 4708 ἤδη
1817 4656 1949 4709 προ-

2064 4636 2238 4689 descet
2274 4637 2341 4688 ad
2402 4639 2615 4705 inﬁmos
2659 4639 2878 4702 inferos.
2915 4639 3053 4712 ['22.]
3108 4641 3250 4710 Ignis
3302 4646 3448 4698 enim
3483 4663 3650 4701 vorax

355 4742 536 4800 εἶπεν,
583 4738 610 4790 ὀ
658 4736 793 4798 Θεὸς
824 4734 986 4805 ἡμῶν
1017 4733 1151 4805 πῦρ,
1223 4731 1623 4786 καταναλίσκον
1658 4732 1787 4792 τοὺς
1824 4731 1949 4783 ἀσε-

2066 4725 2212 4783 Deus
2263 4741 2347 4784 est
2375 4730 2414 4784 ⁸.
2453 4730 2556 4795 Qui
2605 4731 2678 4805 ab
2718 4732 2902 4801 impiis
2950 4735 3284 4802 supplicium
3328 4739 3493 4790 sumit
3535 4755 3658 4792 cer-

352 4833 494 4896 ίεῖς,
548 4829 980 4900 τιμωρούμενος
1034 4828 1164 4890 τοὺς
1196 4825 1651 4895 ἀνθισταμένους,
1705 4825 1834 4877 ὅταν
1890 4825 1949 4875 ὲκ

2066 4819 2367 4886 tissimum,
2412 4831 2464 4875 et
2518 4823 2570 4875 in
2604 4804 2878 4878 ‘Plutonis
2919 4824 3099 4878 forum
3145 4830 3464 4891 committit,
3511 4830 3554 4884 si
3589 4832 3659 4884 ab

349 4925 451 4993 τῆς
505 4923 711 4994 ἀνοχῆς
759 4922 856 4976 καὶ
900 4924 1002 4993 τῆς
1064 4919 1451 4992 μακροθυμίας
1495 4917 1821 4989 ἐπιστρέψαι
1878 4916 1949 4986 μὴ

2066 4914 2414 4968 induciarum
2452 4915 2772 4969 divinarum
2814 4917 2901 4971 die
2937 4917 3004 4971 ad
3046 4935 3172 4972 eum
3233 4936 3292 4974 se
3333 4934 3656 4978 convertere

353 5019 690 5090 βο.λτ])ὡσι.

2065 5007 2362 5062 noluerint.

431 5153 448 5186 ι
495 5133 610 5185 Sibi
649 5131 786 5201 ipsis
821 5132 968 5185 enim
1002 5130 1267 5200 colligunt
1301 5131 1438 5182 iram
1466 5129 1519 5182 in
1553 5127 1640 5182 die
1676 5127 1828 5181 irze’.
1876 5145 1891 5176 ι
1928 5153 1998 5164 -
2032 5142 2048 5174 ι
2088 5120 2334 5178 incedite
2369 5123 2539 5187 enim,
2580 5123 2780 5194 inquit,
2813 5123 2865 5178 in
2905 5125 3115 5182 lumine
3147 5126 3303 5185 faciei
3341 5142 3558 5197 vestrm,
3598 5143 3652 5188 et

353 5224 409 5278 in
443 5221 659 5276 ﬂanuna
699 5235 866 5290 quam
902 5219 1278 5274 succendistis
1305 5217 1369 5271 '°.
1407 5237 1424 5267 ›

427 5357 540 5426 Τὴν
567 5352 664 5409 οὖν
708 5355 985 5409 Ἰουδαίων
1012 5354 1340 5408 τελευταίαν
1370 5351 1607 5405 ἐνταῦθα
1639 5351 1952 5421 προθεσπί-

353 5450 442 5514 ζει
463 5447 767 5510 ἀπώλειαν,
798 5449 866 5520 ἣν
898 5450 995 5501 καὶ
1021 5448 1338 5517 ὑπέστησαν
1362 5447 1468 5500 ὑπὸ
1497 5446 1783 5514 Ῥωμαίσιιν
1814 5446 1951 5515 μετὰ

347 5549 452 5619 τὴν
480 5547 564 5608 είς
597 5544 838 5616 Χριστὸν
872 5542 1185 5615 παροινίαν,
1218 5543 1311 5596 καὶ
1345 5543 1443 5612 τὴν
1472 5541 1583 5595 τῶν
1615 5541 1790 5594 ἐθνῶν
1819 5542 1949 5610 κλῆ-

355 5647 463 5685 σιν.

1018 5819 1030 5849 ¹
1069 5816 1200 5871 ibid.
1242 5817 1328 5870 11.

1030 5890 1046 5919 ⁷
1083 5889 1190 5944 Tit.
1230 5904 1312 5954 ιιι,
1342 5888 1394 5944 3.

1409 5819 1427 5849 ¹
1465 5814 1482 5868 1
1533 5814 1664 5870 l'im.
1699 5831 1760 5878 ιι,
1796 5814 1846 5868 4.

1507 5888 1527 5918 '
1562 5888 1714 5942 Deut.
1751 5903 1827 5952 ix,
1866 5885 1919 5940 5.

421 5819 475 5850 ”
506 5817 711 5874 Jerem.
752 5834 812 5878 ιι.
845 5818 934 5873 27.

359 5895 381 5926 ⁸
414 5893 560 5949 Psal.
599 5906 797 5957 sunt,
827 5890 913 5945 to.

1955 5815 1975 5846 ³
2010 5817 2114 5869 Ιςτι.
2154 5832 2192 5876 ι.
2249 5817 2336 5872 lii.

2001 5886 2020 5918 ⁹
2052 5885 2215 5944 llont.
2245 5906 2305 5955 ιι,
2332 5890 2385 5944 5.

2135 5351 2409 5410 Caeterum
2447 5353 2498 5406 in
2531 5353 2618 5406 his
2649 5354 2836 5409 verbis
2875 5356 3253 5425 perpendatur
3278 5368 3523 5414 extrema
3558 5378 3658 5427 per

2064 5457 2278 5516 gentem
2350 5446 2656 5501 Romanam
2719 5448 2861 5502 facta
2941 5451 3273 5514 internecio,
3337 5471 3442 5524 qua
3505 5465 3652 5510 terra
3733 5457 3753 5474 ⁴

2066 5542 2310 5610 ipsorum
2380 5550 2466 5595 est
2544 5551 2778 5607 vastata,
2828 5542 2996 5615 468
3046 5561 3110 5600 ac
3160 5547 3496 5603 inﬂammata
3527 5593 3540 5613 ,
3600 5561 3655 5606 et

2065 5635 2330 5688 montium
2414 5634 2811 5701 l'tmdamenta,
2859 5654 2956 5692 seu
3036 5639 3251 5696 radices
3320 5641 3442 5713 igne
3525 5653 3655 5701 sunt

2452 5817 2472 5846 ⁵
2526 5816 2720 5871 Matth.
2780 5835 2909 5888 xvii,
2971 5815 3054 5874 16.

3160 5821 3179 5853 ³
3205 5820 3349 5878 Psal.
3401 5837 3567 5892 cun,
3591 5824 3656 5885 7.

2473 5891 2513 5919 ”
2546 5889 2647 5943 lsa.
2680 5906 2730 5960 ι,
2772 5891 2854 5945 ll.
3557 5889 3563 5892 ’
3715 5919 3718 5922 ~
