4272 6446
709 376 810 435 967

2055 367 2411 428 PROCOPII
2441 368 2682 426 GAZ£I

3866 372 3971 430 ΜΒ

713 482 1029 548 absumpta,
1065 487 1118 533 et
1150 479 1202 531 in
1236 477 1654 547 propugnacula
1691 474 2105 546 transfugarum
2153 475 2369 530 excelsa
2413 484 2468 528 et
2500 477 2711 528 inunita
2747 488 3011 529 cavernas
3043 473 3170 527 item
3222 482 3274 526 et
3323 471 3547 527 latibula
3598 472 3858 528 redactar.
3912 476 3969 524 Ι·.ι

705 568 824 621 haec
860 567 1083 634 quidem
1124 581 1190 619 ex
1217 566 1468 617 historia.

778 680 947 731 Porro
977 676 1115 727 alius
1150 684 1237 728 est
1269 674 1420 743 ignis
1445 675 1686 737 divinus,
1724 676 1819 745 qui
1862 690 2079 730 omnem
2113 684 2282 730 terre.
2313 659 2362 714 Α
2451 696 2465 725 οη

2313 659 2362 714 Α
2451 674 2581 745 -Πῦρ
2614 676 2764 728 ἆπαν
2800 676 2857 728 τὸ
2888 674 3087 743 γεῶδες
3118 675 3323 741 γίνεται
3373 675 3649 744 φρόνημα,
3690 678 3789 729 καὶ
3839 693 3971 731 κατ-

705 776 874 823 streni
915 767 1163 833 depascit
1193 780 1421 819 sensum
1456 764 1728 827 videlicet,
1755 781 1818 818 ex
1854 781 1966 834 quo
1992 766 2277 830 scortatio,

704 855 1058 917 adulterimn,
1092 854 1522 908 simulacrorum
1556 853 1764 917 cultus,
1789 862 1843 906 et
1875 853 1977 906 alia
2004 850 2280 922 ejusmodi

703 957 1030 1001 nascuntur.

777 1124 1043 1177 Montium
1097 1138 1227 1177 vero
1284 1122 1460 1176 fulcra
1513 1122 1547 1175 ii
1599 1131 1726 1174 sunt
1774 1124 1865 1191 qui
1923 1138 2045 1177 sese
2096 1134 2287 1178 contra

702 1216 913 1272 Christi
938 1217 1309 1286 cognitionem
1337 1215 1597 1277 eﬂerunt,
1621 1216 1909 1268 comburet
1933 1216 2077 1268 cnim
2098 1216 2286 1271 mundi

701 1309 869 1379 bujus
902 1304 1229 1379 principem,
1272 1323 1401 1363 cum
1434 1316 1545 1362 tota
1575 1308 1751 1377 ipsius
1784 1322 1971 1361 manu.

2390 766 2562 819 εσθίει
2590 768 2716 830 τοὺς
2753 767 3199 838 προστετηκότας
3221 770 3287 836 τῇ
3313 768 3408 834 γῇ,
3435 768 3527 818 καὶ
3550 767 3618 819 τά
3648 769 3971 837 γεννήματα

2387 857 2445 909 δὲ
2466 859 2565 927 τῆς
2590 858 2715 928 γῆς,
2751 860 3032 929 πορνείαν,
3072 860 3344 927 μοιχείαν,
3373 857 3845 927 είδωλολατρείαν,
3876 860 3973 909 καὶ

2388 948 2460 1001 τὰ
2502 949 2648 1020 ἑξῆς,
2684 949 2871 1003 Ταῦτα
2924 951 3035 1021 γὰρ
3082 950 3182 1020 τῆς
3230 951 3289 1003 tv
3334 950 3464 1019 ἡμῖν
3517 950 3619 1018 γῆς
3672 949 3742 1002 τὰ
3774 951 3973 1020 γεννή-

2392 1056 2563 1109 ματα.

2462 1132 2574 1184 Kal
2617 1131 2683 1184 τά
2719 1131 2946 1199 Θεμέλια
2981 1132 3091 1185 τῶν
3117 1132 3310 1202 ὀρέων,
3346 1132 3630 1202 τροπικῶς
3662 1132 3973 1202 λεγομένων

2390 1220 2563 1289 ὀρέων
2601 1222 2710 1273 τῶν
2739 1222 2833 1274 καὶ
2867 1224 3249 1292 ἐπαιρομένων
3279 1222 3423 1275 κατὰ
3460 1224 3561 1292 τῆς
3592 1224 3848 1290 γνώσεως
3875 1224 3972 1277 τοῦ

2390 1309 2549 1375 Θεοῦ,
2581 1310 2764 1378 φλέξει
2802 1313 2930 1374 τοὺς
2976 1310 3285 1380 θεμελίους,
3323 1311 3467 1383 [καὶ]
3507 1316 3849 1382 καταργήσει
3880 1318 3975 1366 τὸν

2389 1398 2626 1468 ἄρχοντα
2654 1399 2750 1452 τοῦ
2779 1400 2974 1463 αίῶνος
3003 1402 3224 1468 τούτου,
3252 1401 3473 1465 καὶτὰς
3504 1402 3595 1455 ὑπ’
3620 1403 3784 1456 αὑτὸν
3810 1422 3975 1474 πονη-

2389 1488 2490 1559 ράς
2516 1489 2795 1558 δυνάμεις.

772 1619 1094 1689 Huiusmodi
1128 1621 1271 1674 enim
1300 1616 1556 1688 quiddam
1601 1617 1863 1673 Servator
1899 1634 2120 1690 quoque
2152 1619 2382 1691 indicat,
2420 1638 2546 1678 cum
2575 1624 2756 1695 inquit
2783 1643 2796 1681 :
2829 1644 2848 1678 ι
2875 1626 3053 1684 Dicite
3086 1630 3259 1684 monti
3316 1630 3447 1686 huic
3474 1649 3490 1687 :
3524 1631 3770 1687 Autolire
3800 1640 3877 1701 te,
3904 1642 3961 1691 et

700 1711 990 1765 amolietur
1020 1709 1082 1761 “.
1119 1728 1137 1760 ι

770 1849 1111 1918 Cougregabo
1128 1865 1284 1915 super
1302 1864 1390 1901 eos
1417 1850 1582 1906 mala.
1601 1859 1645 1901 et
1667 1853 1891 1918 sagittas
1913 1866 2051 1903 nicas
2077 1853 2127 1903 iu
2151 1854 2277 1919 ipsis

701 1944 999 1995 absumam.
1031 1939 1271 2010 ιΧΧΧΙΙ,
1297 1941 1416 2011 25.]
1443 1940 1707 1993 Patientia
1740 1940 1832 1995 Dei
1862 1943 2155 2007 indicatur,
2180 1946 2283 1999 hoc

2461 1852 2712 1913 Συνάξω
2770 1855 2857 1917 είς
2885 1853 3109 1919 αὐτοὺς
3155 1857 3332 1923 κακὰ,
3378 1857 3480 1911 καὶ
3534 1856 3608 1910 τὰ
3651 1856 3812 1924 ,ϐέλη
3855 1875 3976 1926 μου

2392 1944 2746 1997 συντελέσω
2774 1948 2861 2010 εἱς
2903 1947 3146 2011 αὐτούς.
3181 1948 3254 2000 Τὸ
3286 1947 3689 2019 μακροθυμεῖν,
3722 1950 3977 2015 συνάγειν

700 2034 956 2103 colligere
1007 2034 1147 2085 mala
1196 2041 1387 2084 contra
1444 2033 1861 2100 immorigeros,
1890 2050 2011 2101 qua:
2058 2035 2277 2104 ipsimet
2311 2035 2387 2098 BI

2311 2034 2600 2101 Βλέγεται
2652 2036 2794 2088 κατά
2834 2037 2944 2089 τῶν
2993 2038 3369 2092 ἀπειθούντων
3425 2040 3593 2094 κακά.
3654 2042 3719 2095 Ἀ
3767 2040 3975 2112 κυρίως

701 2124 1003 2178 conciliant
1033 2124 1126 2190 qui
1161 2136 1269 2174 non
1300 2130 1626 2189 paruerunt.
1653 2119 1845 2174 Omnis
1876 2123 1930 2175 in
1964 2122 2030 2176 iis
2060 2124 2283 2178 cuditur

701 2215 958 2285 faba,qui
1000 2213 1199 2267 meraci
1233 2213 1492 2281 poculum
1518 2223 1813 2279 evacuant,
1842 2228 2115 2285 omneque
2149 2232 2282 2286 sup-

701 2310 928 2381 plicium
966 2307 1019 2361 in
1050 2306 1159 2361 illis
1193 2307 1511 2361 insumitur.

771 2514 904 2580 Quae
933 2510 1153 2582 quidem
1191 2509 1282 2564 Dei
1307 2508 1580 2577 elegantia
1619 2508 1724 2562 tela
1755 2508 2038 2574 dicuntur,
2065 2509 2131 2565 dc
2159 2512 2280 2582 qui-

696 2599 803 2657 bus
832 2598 937 2655 Job
967 2601 1083 2653 ait:
1117 2617 1135 2649 ι
1173 2597 1300 2651 Tela
1345 2599 1490 2651 enim
1546 2597 1757 2651 Domini
1802 2600 1855 2652 in
1889 2615 2125 2670 corpore
2160 2618 2281 2656 tneo

698 2699 859 2753 sunt,
917 2704 1154 2759 quorum
1219 2689 1399 2741 rabies
1451 2687 1772 2756 sanguinem
1835 2705 2014 2741 meum
2074 2692 2283 2744 exhau-

2391 2125 2511 2177 καθ’
2546 2126 2754 2179 ἑαυτῶν
2784 2128 2833 2178 οί
2869 2128 2942 2197 μὴ
2975 2127 3297 2191 πεισθέντες
3330 2131 3681 2199 συνάγουσιν,
3728 2131 3849 2183 ὅλον
3881 2132 3977 2185 ἐπὶ

2389 2218 2535 2270 τέλει
2572 2218 2694 2271 καθ’
2734 2219 2945 2271 ἑαυτῶν
2989 2221 3347 2286 ὲκκενοῦντες
3380 2223 3441 2275 τὸ
3471 2222 3566 2275 τοῦ
3599 2224 3843 2294 ἀκράτου
3876 2240 3975 2274 πο-

2390 2311 2614 2380 τήριον,
2668 2311 2853 2382 πάσης
2904 2311 2992 2364 ἐπ’
3028 2315 3232 2377 αὐτοὺς
3283 2314 3554 2385 τιμωρίας
3610 2314 3977 2385 συντελουμέ-

2350 2466 2358 2475 .
2390 2419 2511 2472 “li-

2464 2514 2604 2586 Βέλη
2636 2514 2692 2569 δὲ
2728 2519 2938 2591 Κυρίου
2971 2518 3088 2593 [τὰ]
3121 2519 3258 2591 πρὸς
3309 2518 3657 2590 ἐπιστροφὴν
3704 2521 3797 2573 καὶ
3849 2536 3978 2573 παι-

2388 2605 2539 2660 δείαν
2580 2609 2925 2681 ἐπαγόμενα,
2959 2611 3144 2674 καθὼς
3186 2612 3279 2665 καὶ
3314 2613 3342 2665 ὁ
3383 2610 3504 2665 ’1ὼὸ
3552 2612 3739 2680 λέγει’
3777 2630 3797 2662 ι
3839 2612 3978 2681 Βέλη

2391 2699 2603 2767 Κυρίου
2631 2702 2689 2751 tv
2715 2702 2793 2772 τῷ
2823 2703 3037 2772 σώματί
3076 2703 3180 2771 μού
3211 2704 3380 2755 εἰσιν·
3414 2696 3489 2756 ὧν
3518 2706 3547 2757 ὁ
3570 2703 3746 2772 θυμὸς
3768 2704 3980 2755 ἐκπίνει

697 2783 771 2835 rit
796 2784 875 2846 ¹¹;
911 2800 929 2832 ι
961 2810 1031 2820 -
1058 2798 1076 2829 ι
1104 2778 1329 2847 sanguis
1357 2777 1502 2831 enim
1537 2789 1593 2830 et
1626 2792 1756 2830 caro
1797 2777 1890 2832 Dei
1933 2782 2080 2849 regni
2110 2783 2281 2836 luere.-

2396 2806 2501 2858 μου
2533 2792 2593 2843 τὸ
2628 2789 2789 2862 αἷμα.
2828 2815 2845 2844 ι
2884 2790 3036 2865 Αἷμα
3067 2796 3176 2865 γὰρ
3208 2795 3305 2847 καὶ
3349 2795 3490 2867 σάρξ
3518 2796 3799 2867 βασιλείαν
3841 2795 3980 2850 Θεοῦ

695 2872 923 2927 ditatem
956 2885 1064 2925 non
1092 2878 1504 2937 consequentur
1528 2867 1591 2920 ⁸³.
1627 2885 1645 2917 ι

2309 2892 2353 2950 c
2395 2879 2456 2931 οὐ
2484 2880 2979 2954 κληρονομήσουσι.

766 3001 1080 3070 Consumpti
1139 2999 1289 3089 {ante
1316 3006 1365 3051 et
1406 3010 1565 3089 pastu
1601 2999 1798 3062 avium,
1832 2999 1956 3089 item:
2005 3010 2217 3059 tetauus
2263 3008 2696 3071 immedicabilis.
2742 3015 2886 3089 [24.]
2939 3017 3150 3076 Bellum
3199 3028 3397 3075 contra
3462 3019 3977 3075 Nabuchodonosor

693 3102 905 3164 gestum
939 3090 1219 3160 prmeessit
1268 3086 1462 3156 futiles,
1504 3086 1572 3141 de
1629 3102 1738 3179 qua
1788 3088 1841 3142 in
1884 3088 2123 3179 Threnis
2179 3094 2450 3156 Jeremias
2490 3102 2709 3173 inquit:
2744 3086 2769 3157 ἱ
2807 3086 3148 3163 Deﬁciebant
3196 3124 3309 3179 prie
3342 3108 3602 3178 lacrymis
3648 3108 3797 3163 oculi
3847 3109 3981 3171 mei,

696 3179 1080 3268 perturbatum
1117 3185 1362 3268 crat-cor
1394 3189 1597 3235 meum,
1628 3174 1862 3268 emisum
1896 3177 1949 3231 in
1985 3187 2190 3237 terram
2220 3185 2379 3254 jecur
2402 3204 2607 3256 meum,
2638 3202 2865 3264 propter
2893 3174 3423 3267 conquassationein
3455 3174 3580 3251 tiliae
3613 3197 3799 3268 populi
3840 3196 3979 3259 mei,

694 3284 821 3323 cum
852 3266 1021 3321 animi
1052 3264 1354 3333 deliquium
1391 3271 1713 3331 paterentur
1755 3265 2011 3333 infantes,
2043 3278 2096 3324 et
2136 3272 2402 3333 lactentes
2444 3279 2496 3333 in
2539 3283 2741 3350 plateis
2773 3264 3038 3350 civitatis,
3068 3288 3329 3342 dicebant
3365 3264 3641 3343 matribus
3680 3264 3841 3343 suis:
3876 3286 3979 3343 Ubi

692 3364 779 3410 est
818 3354 1181 3442 frumentum.
1217 3350 1649 3442 ubivintttn'f?
1681 3370 1698 3403 ι
1729 3360 1792 3442 et
1831 3354 2064 3442 reliqua.
2101 3358 2234 3414 Orta
2268 3364 2530 3438 deinceps
2582 3387 2804 3442 quoque
2836 3382 2946 3441 est,
2982 3391 3108 3429 cum
3145 3375 3382 3431 Romani
3416 3377 3607 3432 urbem
3638 3376 3977 3438 obsiderent.

694 3444 874 3497 fames
905 3440 1263 3511 gravissima,
1297 3439 1361 3491 de
1395 3454 1502 3506 qua
1543 3438 1833 3493 historiam
1860 3440 2137 3511 Josephus
2177 3456 2484 3511 contexuit.
2521 3438 2795 3517 (Steterunt
2844 3464 2898 3519 in
2930 3438 3031 3519 itali
3068 3481 3255 3520 rerum
3307 3474 3456 3520 statu
3486 3482 3583 3521 eos
3627 3481 3851 3537 quoque
3887 3467 3982 3537 qui

692 3546 841 3625 aves
880 3529 1118 3625 aucupio
1163 3536 1434 3580 venantur
1465 3527 1563 3625 vis
1587 3542 1645 3581 se
1701 3544 1890 3625 earum
1935 3532 2059 3588 cibo
2104 3547 2421 3598 sustentare
2466 3562 2629 3614 posse
2664 3561 3099 3609 consentaneum
3148 3563 3255 3609 est.
3302 3552 3577 3622 Quoniam
3606 3527 3733 3625 post
3760 3527 3980 3610 iamem

689 3618 1003 3689 gravissimi
1036 3618 1358 3686 plerumque
1390 3615 1564 3668 morbi
1599 3616 1855 3681 veniunt,
1888 3622 1980 3689 qui
2018 3638 2117 3692 per
2149 3632 2396 3684 tetanum
2438 3633 2855 3702 signiﬁcantur.

762 3756 942 3813 Nolim
964 3769 1092 3808 vero
1120 3768 1431 3823 repugnare
1460 3754 1504 3807 si
1532 3756 1656 3823 quis
1683 3754 1799 3810 haec
1824 3756 1892 3811 de
1917 3769 2075 3827 pastu
2103 3762 2285 3817 avium
2315 3772 2357 3829 (ζ

2315 3772 2357 3829 C
2465 3769 2627 3825 Εἴποι
2674 3773 2721 3826 δ’
2755 3774 2823 3829 ἄν
2852 3792 2938 3840 τις
2974 3778 3070 3830 καὶ
3129 3776 3275 3830 κατὰ
3322 3776 3606 3847 ἀναφορὰν
3654 3775 3766 3829 τῶν
3819 3777 3878 3830 tv
3912 3779 3980 3847 τῇ

692 3848 841 3903 dicta
894 3856 1044 3909 sunt,
1096 3861 1163 3900 ex
1215 3845 1383 3899 rebus
1442 3845 1496 3898 in
1543 3843 1783 3917 [Egypto
1832 3850 2000 3918 gestis
2056 3856 2287 3922 repetita

691 3956 859 4001 esse,
919 3936 1140 4008 quando
1198 3936 1457 3991 videlicet
1528 3937 1582 3991 in
1651 3939 1812 3992 bilem
1863 3940 2286 4000 comedentibus

688 4046 821 4084 aves
862 4028 1287 4099 degenerarunt.

759 4120 858 4175 Est
906 4134 1038 4173 vero
1079 4127 1296 4172 tctanus
1329 4117 1640 4172 contractio
1667 4120 2042 4173 museulormn
2076 4138 2197 4191 qua:
2229 4123 2284 4177 in

690 4213 847 4282 spina
901 4220 1031 4265 sunt
1065 4211 1243 4275 dorsi,
1286 4226 1409 4280 (pia:
1450 4219 1626 4264 totum
1688 4225 1891 4278 corpus
1944 4222 2092 4268 retro
2142 4218 2279 4286 agit,

689 4305 1026 4373 intensoque
1076 4301 1229 4356 arcui
1272 4302 1508 4355 similem
1572 4300 1755 4356 edit-it.
1794 4301 2283 4364 Vernmenimvero

689 4407 751 4451 ut
778 4397 1079 4451 historiam
1109 4394 1335 4449 missam
1363 4392 1658 4459 faciamus,
1695 4396 2113 4453 consideremus
2151 4402 2277 4470 qui-

689 4492 810 4545 dem
844 4489 1042 4543 fatncm
1085 4504 1192 4559 qua
1227 4487 1349 4556 ejus
1397 4490 1582 4555 inopia
1636 4488 1957 4544 laborarunt
1998 4494 2091 4561 qui
2123 4494 2278 4551 dice-

686 4587 820 4634 ret:
880 4597 897 4628 ι
937 4576 1062 4632 liazc
1116 4577 1251 4633 dicit
1300 4576 1590 4633 Dominus.
1621 4597 1639 4629 ι
1699 4577 1865 4633 Esum
1909 4596 2041 4637 vero
2076 4586 2283 4651 avium,

690 4688 787 4744 per
831 4671 1024 4727 inanes
1067 4686 1380 4736 sermones,
1419 4673 1585 4740 inque
1633 4686 1762 4726 aera
1794 4672 1998 4729 frustra
2040 4676 2283 4747 jactatos

688 4764 913 4836 quando
968 4780 1258 4819 sacrarum
1309 4763 1650 4819 Litterarum
1698 4766 1939 4822 studium
1998 4771 2141 4837 apud
2187 4786 2282 4825 eos

689 4856 934 4923 refrixit,
966 4858 1125 4928 juxta
1184 4856 1445 4911 Davidem
1495 4859 1589 4928 qui
1625 4858 1759 4913 diclt
1791 4878 1805 4914 :
1851 4878 1870 4911 ι
1904 4860 2091 4917 Rebus
2121 4864 2280 4920 vanis

686 4948 962 5003 dederunt
1012 4949 1326 5018 operam”.
1367 4966 1384 4999 ι
1420 4947 1691 5003 'l‘etanum
1737 4966 1869 5006 vero
1896 4967 1992 5022 per
2035 4952 2087 5007 id
2129 4956 2275 5025 quod

694 5043 870 5097 citato
895 5044 1065 5113 gradu
1092 5048 1385 5095 cesserunt
1425 5050 1592 5095 retro.

2391 3859 2589 3931 ἐρήμῳ
2643 3861 2898 3933 είρῆσθαι
2948 3865 3029 3931 τὸ,
3075 3864 3278 3936 βρώσει
3337 3866 3576 3937 ὀρνέων·
3623 3866 3713 3920 ὅτε
3758 3883 3866 3937 περ
3900 3867 3982 3930 είς

2389 3949 2626 4022 χολέραν
2656 3955 2844 4019 αὐτοῖς
2872 3956 3184 4028 μετεϐλήθη
3219 3958 3478 4028 φαγοῦσι.

2475 4129 2533 4183 ’0
2568 4128 2923 4193 ὀπισθότονος
2982 4133 3235 4204 σπασμὸς
3256 4133 3365 4188 τῶν
3390 4135 3448 4188 tv
3477 4136 3632 4207 ῥάχει
3657 4133 3772 4204 (12)
3804 4137 3980 4205 μυῶν,

2387 4222 2512 4276 ὅλον
2544 4223 2626 4287 είς
2661 4224 2909 4277 τούπίσω
2956 4225 3136 4279 ἕλκων
3181 4226 3242 4279 τὸ
3293 4225 3477 4297 σῶμα,
3507 4227 3603 4281 καὶ
3636 4227 3713 4291 ὼς
3757 4228 3983 4281 ἐντετα-

2370 4304 2558 4382 μένον
2589 4312 2746 4379 τόεον
2777 4316 3255 4388 ἀπεργαζόμενος.
3282 4317 3407 4372 Etet
3432 4317 3490 4372 δὲ
3512 4317 3686 4371 ταῦτα
3708 4317 3803 4372 καὶ
3831 4318 3983 4391 πάθη

2386 4404 2589 4476 ψυχῆς,
2630 4408 2731 4478 τὴν
2765 4408 2875 4462 ἀπὸ
2930 4408 3027 4463 τοῦ
3059 4408 3197 4463 Θεοῦ
3261 4410 3622 4481 ἀποστροφὴν
3667 4411 3984 4465 ἐπιδεικνῦ-

2389 4515 2553 4568 μενα,
2602 4498 2883 4571 μηδεμίαν
2910 4503 2991 4566 είς
3042 4501 3243 4565 αὐτοὺς
3286 4502 3663 4571 ὑποφαίνοντα
3704 4503 3985 4573 σωτηρίας

2382 4590 2600 4646 ἐλπίδα.
2636 4592 2816 4664 Διμδν
2844 4595 2946 4666 μὲν
2979 4595 3091 4667 γάρ
3131 4596 3431 4667 νοήσομεν,
3471 4595 3599 4650 καθ’
3628 4596 3689 4649 ὃν
3730 4596 3832 4649 οὐκ
3863 4596 3984 4649 ἔστι

2383 4685 2517 4754 παρ’
2553 4685 2740 4749 αὐτοῖς
2770 4686 2928 4755 λόγος
2994 4687 3169 4742 Θεοῦο
3221 4688 3432 4761 βρῶσιν
3471 4688 3529 4742 δὲ
3582 4688 3814 4758 ὀρνέων,
3855 4690 3989 4754 τοὺς

2382 4778 2579 4841 κενοὺς
2617 4778 2839 4850 λόγους,
2888 4780 2986 4835 καὶ
3019 4781 3203 4854 μάτην
3243 4784 3324 4845 εις
3370 4780 3511 4852 ἀέρα
3564 4781 3982 4851 διῖπταμένους.

2383 4870 2459 4923 Οὐ
2497 4870 2802 4927 παύσονται
2833 4873 2942 4946 γὰρ
2986 4876 3046 4927 tv
3080 4874 3296 4938 τούτοις
3323 4873 3663 4945 μελετῶντες
3708 4875 3983 4943 ματαίως,

2384 4964 2462 5026 ὥς
2494 4979 2666 5033 φησιν
2695 4967 2723 5018 ὁ
2745 4965 2910 5019 Δαὸίδ
2930 4983 2943 4998 ·
2981 4985 2999 5019 ι
3026 4966 3403 5039 Ἐμελέτησαν
3437 4965 3594 5031 κενὰ,
3627 4967 3709 5029 είς
3736 4966 3987 5019 τοὺπξσιι,

2318 5042 2363 5099 Ῑ)
2390 5056 2704 5127 χωροῦντες
2731 5058 3173 5132 ἀμεταστρεπτί.
3202 5079 3222 5114 ι

764 5134 961 5191 Nullus
989 5135 1134 5189 enim
1168 5134 1260 5204 qui
1300 5151 1526 5226 manum
1561 5145 1749 5189 aratro
1783 5134 2050 5204 admovit,
2073 5148 2127 5194 et
2158 5156 2418 5204 reversus
2441 5160 2546 5217 est,
2582 5150 2649 5204 ad
2680 5167 2910 5222 regnum
2946 5155 3217 5209 caelorum
3249 5163 3413 5226 aptus
3444 5162 3532 5211 est
3556 5154 3621 5207 “.
3658 5149 3822 5218 QIIOd
3851 5168 3987 5211 sane

685 5241 815 5280 cum
870 5240 1011 5279 uxor
1046 5223 1147 5277 Lot
1198 5221 1540 5288 admisisset,
1574 5225 1705 5278 salis
1743 5234 1927 5280 Statua
1959 5226 2100 5282 facta
2128 5238 2236 5297 est,
2270 5248 2337 5288 eo
2373 5236 2519 5305 quod
2552 5238 2619 5291 ad
2655 5221 2857 5295 malum
2895 5242 3095 5296 reverti
3130 5221 3415 5313 gestiisset
3442 5244 3507 5297 ".

757 5313 951 5367 Dentes
978 5314 1217 5383 {crurum
1247 5314 1541 5366 immiitum
1575 5314 1626 5367 in
1652 5330 1766 5367 eos.
1801 5313 2011 5369 Mittam
2041 5321 2126 5372 vel
2166 5323 2396 5391 promisi
2429 5323 2596 5391 dixit,
2624 5337 2684 5381 ut
2705 5344 2806 5384 eos
2843 5329 3049 5385 iterum
3082 5332 3410 5388 admoneret
3443 5348 3633 5389 eorum
3666 5332 3723 5390 in
3745 5347 3890 5405 quos
3930 5333 3988 5387 in

760 5475 798 5503 "
832 5472 1025 5526 Matth.
1056 5488 1185 5533 xvii,
1216 5470 1300 5523 19.
1384 5471 1423 5500 ¹²
1451 5468 1550 5523 Job
1607 5486 1680 5535 v1,
1716 5469 1771 5524 4.

687 5560 765 5609 ix,
798 5545 890 5599 62.
972 5544 1009 5573 "
1045 5543 1181 5597 Gen.
1229 5559 1343 5603 xix,
1374 5541 1465 5595 26.

1854 5468 1900 5501 "
1933 5468 1954 5523 ι
1990 5470 2120 5528 Cor.
2159 5490 2247 5540 xv,
2276 5476 2368 5534 50.

2490 5480 2533 5512 “
2570 5480 2775 5539 Thren.
2812 5500 2876 5554 ll,
2910 5486 3001 5553 Η,
3034 5487 3122 5543 12.
3243 5489 3285 5521 ⁸³
3314 5487 3463 5546 Psal.
3508 5506 3568 5557 ιι,
3604 5489 3655 5544 1.
3772 5493 3819 5525 ³⁸
3848 5492 3982 5548 Luc.

2212 5632 2448 5695 ΝΟΤΕ.

756 5752 1133 5834 HELBeaxEF;
1199 5752 1265 5834 (Π
1306 5750 1579 5834 ﬁll???”
1799 5745 2014 5834 βράκξει;
2170 5750 2283 5806 σελ.
2326 5751 2432 5813 876
2466 5756 2560 5812 τοῦ
2590 5758 2820 5831 ὅτόμου
2862 5761 2961 5834 τῆς
3002 5764 3085 5828 είς
3148 5765 3277 5830 τοὺς

682 5827 789 5894 λῶς
829 5817 1061 5892 πάντεςῗ
1092 5825 1238 5882 Ἀντὶ
1264 5817 1368 5879 τοῦ
1393 5817 1554 5895 ῥάχει
1578 5838 1591 5855 ·
1626 5817 1963 5892 ’Ὀσπερκαὶ
1985 5817 2167 5891 ἐτέθη.

3345 5767 3493 5823 Ψαλ.
3547 5785 3688 5840 σειρ.
3749 5770 3984 5844 ἐπισφα-
