4272 6446
303 388 420 455 973

303 588 378 656 μὴ
411 587 610 639 θέλωσι
645 585 871 654 βαίνειν,
901 585 1076 657 ἀλλὰ]
1120 588 1218 656 τῆς
1259 589 1473 648 εὐθείας
1514 589 1893 660 παρατραπῶ-

301 693 387 727 σιν
416 675 559 738 ὀδοῦ,
586 677 683 727 καὶ
719 675 889 743 ἐγγὺς
915 675 1183 741 γένωνται
1209 676 1302 728 τοῦ
1332 679 1516 746 ἐκχέαι
1548 673 1706 744 αἷμα.

371 769 389 786 ¹
428 768 520 837 Τῷ
576 766 903 840 προφητικῷ
954 767 1227 836 πνεύματι
1273 769 1341 819 τὸ.
1400 757 1617 831 πολλοῖξ
1671 767 1897 834 ὕστερον

300 861 539 931 ἐσόμενα
575 861 814 931 χρόνοις,
835 861 910 922 ὼς
938 861 1182 931 παρόντα
1223 861 1320 913 καὶ
1349 860 1637 927 ἐγγίζοντα
1669 860 1898 930 Θεωρεῖ-

299 970 392 1005 ται
420 954 555 1024 (18),
591 954 760 1022 ἐγγὺς
789 953 963 1020 λέγων
989 955 1085 1022 τῆς
1111 953 1388 1015 ἀπωλείας
1419 952 1602 1005 αὐτῶν
1624 954 1723 1022 τὴν
1752 953 1896 1021 ἡμέ-

302 1062 425 1114 ραν,
461 1045 555 1097 καὶ
607 1046 706 1116 τὴν
753 1045 947 1114 κλῆσιν
991 1044 1100 1096 τῶν
1153 1043 1325 1097 ἐθνῶν
1370 1044 1727 1114 ἑτοιμοτάτην
1773 1043 1893 1095 ἔσε-

304 1133 454 1187 σθαι.

374 1226 389 1245 ¹
432 1226 877 1294 Καταψηφιεῖται
921 1225 1030 1293 γὰρ
1060 1224 1155 1278 τοῦ
1190 1226 1324 1278 ἰδίου
1357 1226 1514 1288 λαοῦ,
1545 1228 1700 1294 φησὶ,
1740 1244 1757 1275 ι
1792 1227 1901 1278 Καὶ

299 1320 552 1389 ἐγκρινεῖ
596 1321 825 1383 αὐτοὺς,
867 1319 962 1371 καὶ
1003 1319 1097 1370 ἐπὶ
1127 1321 1240 1381 τοῖς
1282 1319 1341 1383 ἐξ
1377 1318 1552 1370 ὲθνῶν
1590 1318 1901 1370 πιστεύουσι

301 1409 801 1480 παρακληθήσεται
825 1427 838 1440 ·
870 1428 889 1459 ο
926 1408 1147 1471 δούλους
1178 1410 1286 1478 γὰρ
1318 1407 1484 1462 αὑτοῦ
1525 1410 1769 1471 ἐκείνους
1802 1427 1904 1478 φη-

304 1499 388 1553 σίν
413 1516 426 1529 ·
455 1500 488 1568 ἦ
518 1501 614 1552 καὶ
636 1501 766 1562 τοὺς
798 1499 1142 1569 Ἰσραηλίτας
1170 1499 1405 1569 ἐλεήσει,
1433 1501 1527 1552 καὶ
1561 1500 1660 1552 οὐκ
1701 1501 1779 1563 εἰς
1813 1502 1902 1552 τέ-

301 1589 392 1653 λος
427 1590 713 1644 ἀπώσεται
741 1591 833 1643 τὸν
861 1590 988 1644 λαὸν
1013 1591 1202 1643 αὐτοῦ.

375 1769 604 1837 Μήποτε
625 1767 681 1820 δὲ
717 1767 798 1819 ἐτι
835 1767 965 1838 περὶ
1000 1766 1110 1819 τῶν
1144 1766 1251 1836 πρὸ
1277 1764 1376 1834 τῆς
1405 1760 1700 1834 ὲπίδημίας
1741 1768 1768 1818 ὁ
1813 1766 1901 1817 λό-

1251 394 1401 453 CUM
1413 395 1462 452 Μ
1475 393 1756 453 ENTARI
1774 394 1794 452 Ι
1837 393 1910 450 IN
1959 394 2662 477 DEUTERONOMI‘UM.

375 500 390 516 ⁶
413 494 549 547 Τότε
577 494 706 563 γὰρ,
729 495 919 564 φησιν,
945 493 1320 565 είσπράξομαι
1341 497 1522 566 δίκην,
1550 499 1677 550 ὅταν
1696 498 1893 568 [ὀρθῶς
1933 506 1967 558 Λ

3485 398 3589 459 9η

2072 500 2416 569 Supplicium
2449 495 2594 556 enim
2631 502 2886 569 irrogabo
2925 503 2972 555 ei
3011 517 3170 571 quem
3205 505 3368 572 pedes
3405 509 3486 562 sui
3526 512 3592 562 ad

1997 589 2387 645 (υπυιιύριιάιιιιι
2419 593 2746 662 sanguinem
2781 594 3151 647 incilaverint.

2071 769 2148 822 Ac
2197 768 2410 822 idcirco
2457 783 2593 828 sane
2639 769 2836 835 spiritu
2889 769 3129 823 vatidico
3173 784 3235 823 ea
3272 787 3392 840 qua:
3437 775 3596 844 longe

2002 867 2125 927 post
2155 867 2387 912 ventura
2422 864 2616 920 erant,
2653 873 2840 911 coram
2870 861 3026 928 quasi
3056 874 3120 914 ac
3150 876 3322 932 prope
3350 876 3596 920 contem-

2002 952 2204 1020 platur.
2237 950 2486 1018 Ipsorum
2517 950 2806 1004 interitum
2843 965 3172 1021 prope‘esse
3209 956 3434 1021 dicens,
3466 974 3593 1014 nec—

2002 1055 2112 1094 non
2147 1040 2391 1111 gentium
2418 1055 2642 1111 quoque
2669 1042 3016 1096 vocationem
3043 1046 3098 1097 in
3134 1049 3419 1115 procinetu
3449 1066 3591 1105 esse.

2076 1215 2428 1286 QuaprOpter
2455 1219 2754 1272 subintulit
2786 1236 2799 1272 :
2842 1240 2858 1271 ι
2889 1220 3162 1286 Quoniam
3201 1227 3598 1282 condemnabit

2005 1309 2263 1378 populum
2315 1326 2517 1373 suum.
2558 1311 2742 1382 470
2778 1321 2833 1366 et
2873 1314 2926 1366 in
2972 1316 3038 1368 iis
3086 1319 3176 1386 qui
3227 1333 3291 1372 ex
3336 1324 3597 1390 gentibus

2003 1401 2258 1467 credunt,
2281 1403 2647 1456 recreabitur.
2677 1422 2694 1453 ι
2733 1404 2924 1459 Posset
2956 1422 3088 1460 vero
3123 1409 3290 1463 etiam
3320 1426 3416 1464 eos
3447 1414 3597 1480 ἱρείης

2006 1506 2199 1545 servos
2254 1508 2489 1557 vocare,
2541 1495 2798 1563 quoniam
2855 1512 2961 1550 non
3014 1499 3270 1568 stirpitus
3324 1503 3597 1556 exstinxit

2007 1599 2167 1638 suum
2203 1586 2494 1654 populum,
2529 1602 2624 1640 eos
2660 1588 2753 1656 qui
2787 1604 2852 1642 ex
2881 1591 3001 1657 ipso
3034 1591 3410 1658 crediderant,
3447 1611 3598 1651 reve-

2009 1676 2171 1740 ritus,
2211 1691 2420 1730 necnon
2457 1685 2673 1746 patrum
2711 1679 3003 1748 primitias.

2083 1767 2202 1822 Non
2233 1770 2468 1838 amplius
2504 1786 2635 1824 vero
2671 1786 2854 1826 sermo
2888 1783 2972 1828 est
3002 1775 3069 1827 de
3105 1775 3173 1829 iis
3207 1777 3306 1846 qui
3336 1785 3464 1831 ante
3505 1779 3602 1832 ad-

301 1877 420 1930 γος,
453 1862 654 1930 ὅτεπερ
717 1861 918 1922 αὐτοὺς
968 1861 1032 1911 ἐκ
1076 1861 1176 1929 τῆς
1223 1857 1610 1926 αἰχμαλωσίας
1641 1858 1902 1911 ἀνεκαλέ-
1936 1849 1979 1904 Β

1936 1849 1979 1904 Β
2015 1868 2237 1912 ventum
2271 1859 2477 1915 Christi
2522 1859 2744 1916 fuerunt
2768 1905 2780 1927 ,
2809 1880 2870 1918 ex
2905 1880 3014 1935 quo
3046 1881 3141 1921 eos
3173 1882 3237 1921 ex
3279 1869 3600 1937 captivitate

303 1970 474 2017 σατο;
522 1954 617 2006 καὶ
661 1952 822 2023 δῆλον
873 1954 936 2005 ὲκ
977 1950 1071 2006 τοῦ
1121 1950 1405 2015 ὀνειδίζειν
1449 1951 1632 2011 αὐτοῖς
1665 1948 1764 2019 τὴν
1802 1951 1909 2020 πρὸ

299 2048 506 2113 ταύτης
534 2046 1006 2116 εἰδωλολατρείαν,
1046 2044 1254 2112 λέγων·
1307 2063 1324 2094 ι
1352 2042 1461 2096 Ποῦ
1509 2043 1647 2095 εἰσιν
1689 2043 1740 2095 οί
1785 2043 1908 2096 Θεοὶ

300 2140 521 2204 αύτῶν;
558 2159 575 2190 ι
615 2140 771 2193 Μετὰ
802 2139 912 2209 γὰρ
957 2140 1176 2208 εκείνην
1208 2138 1268 2190 σύ
1298 2137 1581 2203 φαίνονται
1612 2137 1797 2190 λοιπὸν
1825 2138 1905 2190 εί-

298 2230 844 2301 δ‹ι›λολατρήσαντες.

387 2321 864 2388 Ἀναστήτωσαν
896 2322 995 2375 καί
1023 2323 1514 2391 βοηθησάτωσαν
1537 2323 1720 2393 ὑμῖι·.⁶
1753 2324 1899 2377 Ταῦ-

299 2433 368 2469 τα
415 2413 536 2486 [καὶ⁵
565 2417 615 2468 οἱ
646 2415 827 2468 λοιποὶ
857 2418 1156 2488 προφῆται,
1195 2417 1291 2470 καὶ
1332 2415 1591 2487 μάλιστα]
1630 2417 1900 2487 Ἱερεμίας

303 2509 409 2582 [είς
453 2509 677 2580 ἔλεγχον
723 2493 834 2580 τῆς
863 2510 1120 2575 ἀσεϐείας
1165 2509 1416 2582 [etiamin],
1453 2511 1729 2574 ὀνειδίζων
1763 2528 1899 2581 προ-

303 2603 471 2671 έφερε
493 2602 654 2675 tI9)]°
676 2605 810 2673 φησὶ
840 2604 1008 2673 γάρ·‹
1031 2603 1127 2656 Διά
1162 2603 1319 2655 τοῦτο
1340 2603 1462 2656 τὰδε
1495 2603 1645 2671 λέγει
1673 2603 1896 2675 Κύριος·

315 2695 447 2748 Ἰδοῦ
490 2693 600 2762 ἐγὼ
629 2695 715 2748 ἐπ’
755 2695 957 2758 αὐτοὺς
995 2697 1187 2762 ὲπάγω
1221 2696 1366 2750 κακὰ
1389 2737 1401 2759 ,
1436 2698 1493 2762 ἐξ
1535 2691 1608 2749 ὧν
1649 2698 1708 2748 ού
1738 2697 1897 2768 δυνή-

302 2803 493 2839 σονται
530 2786 769 2851 ἐξελθεῖν
803 2789 864 2852 ὲξ
896 2789 1076 2842 αὐτῶν
1095 2806 1107 2819 ’
1143 2790 1236 2841 καὶ
1262 2789 1621 2859 κεκραξονται
1649 2790 1782 2860 πρός
1808 2808 1898 2861 με,

300 2882 395 2933 καὶ
422 2881 523 2933 οὐκ
567 2881 964 2951 εἰσακούσομαι
996 2882 1197 2935 αὐτῶν.
1232 2884 1339 2934 Καὶ
1381 2882 1736 2952 πορεύσονται
1764 2883 1899 2953 πρὸς

2013 1953 2310 2007 revocavit.
2346 1951 2416 2006 Ut
2462 1955 2604 2008 satis
2652 1965 2868 2010 constat
2900 1961 3330 2027 exprobratione
3362 1962 3597 2016 idolo'a-

2012 2045 2130 2098 trite
2163 2060 2268 2115 qua
2302 2054 2428 2100 ante
2457 2047 2826 2116 captivitatem
2863 2065 2996 2105 usus
3025 2067 3152 2122 erga
3186 2069 3280 2108 eos
3307 2096 3319 2118 ,
3356 2055 3546 2109 dicens
3585 2079 3594 2110 :

2019 2157 2036 2189 ι
2071 2137 2171 2192 Ubi
2201 2149 2326 2192 sunt
2353 2139 2425 2192 dii
2453 2142 2700 2194 eorum"
2722 2142 2743 2194 ?
2768 2160 2784 2191 ι
2813 2141 2945 2196 Post
2971 2158 3089 2198 eam
3125 2146 3270 2198 enim
3306 2147 3448 2201 idola
3485 2165 3594 2203 non

2011 2230 2245 2300 amplius
2282 2231 2521 2286 coluisse
2554 2233 2828 2288 videntur.

2072 2322 2305 2394 Surgunt
2322 2333 2369 2378 et
2389 2325 2865 2393 opitulenturvobis
2895 2324 3256 2400 [XXXII,58.]
3275 2328 3597 2399 IIujusmodi

2012 2434 2107 2488 per
2137 2418 2424 2474 Jcremiam
2449 2419 2841 2489 quoquedieit:
2872 2421 3042 2476 «Ecce
3072 2425 3592 2496 egoinjungoipsis,

2012 2510 2151 2563 mala
2178 2526 2208 2564 e
2238 2511 2437 2580 quibus
2474 2528 2755 2584 emergere
2804 2531 2910 2568 non
2950 2527 3244 2584 poterunt,
3285 2516 3336 2572 et
3389 2521 3596 2573 clama-

2012 2605 2146 2658 bunt
2176 2604 2242 2658 ad
2279 2620 2383 2671 me,
2415 2622 2593 2676 neque
2627 2608 2847 2662 audiam
2881 2625 2997 2664 eos.
3027 2609 3091 2664 Et
3140 2611 3298 2666 ibunt
3343 2613 3597 2677 civitates

2010 2697 2148 2751 Inda
2193 2708 2246 2752 et
2294 2698 2489 2753 incola:
2532 2697 2863 2766 Jerusalem,
2898 2709 2952 2755 et
3006 2704 3328 2758 clamabunt
3360 2707 3424 2758 ad
3464 2706 3598 2760 deos

2012 2790 2211 2860 quibus
2281 2790 2388 2860 ipsi
2443 2790 2622 2845 sumta
2681 2792 2934 2857 adolent,
2997 2809 3100 2849 nec
3150 2798 3448 2852 servabunt
3502 2817 3596 2854 eus

2010 2898 2378 2937 :crumnarum
2411 2898 2636 2938 suarum
2673 2886 3003 2954 tempore”.

301 2975 460 3028 πόλιν
507 2976 678 3029 Ἰούδα
711 2977 805 3028 καὶ
850 2979 896 3029 οἱ
940 2976 1322 3041 κατοικοῦντες
1355 2976 1730 3048 Ἰερουσαλὴμ,
1790 2979 1883 3029 καί
1922 2977 2282 3049 κεκράξονται
2315 2978 2448 3048 πρὸς
2483 2978 2609 3042 τοὺς
2669 2977 2826 3041 Θεοὺς
2881 2978 3082 3045 αὐτῶν,
3119 2981 3213 3033 καὶ
3252 2983 3312 3035 οὐ
3368 2983 3443 3053 μὴ
3487 2985 3595 3038 σώ-

302 3083 494 3121 σουσιν
547 3069 745 3132 αὐτοὺς
805 3070 862 3121 ὲν
920 3070 1100 3140 καιρῷ
1153 3070 1339 3123 κακῶν
1389 3068 1589 3132 αὐτῶν,
1623 3088 1638 3118 ι
1682 3069 1776 3122 καὶ
1827 3069 1892 3122 τὰ
1934 3071 2083 3141 ὲξῆς.

377 3162 589 3226 Ἴδετε,
630 3163 921 3227 ἵδετε,ὅτι
956 3165 1071 3234 ἐγώ
1113 3167 1249 3234 ειμι.
1294 3165 1590 3227 Τουτέστι,
1620 3163 1898 3216 παιδεύσει

306 3274 366 3309 σε
396 3260 430 3327 ὴ
465 3258 774 3311 ἀποστασία
823 3275 914 3310 σου
941 3300 954 3321 ,
985 3259 1081 3311 καὶ
1128 3259 1380 3328 ἡκακία
1425 3275 1519 3310 σου
1564 3256 1774 3324 ἐλέγξει
1816 3273 1894 3308 σε.

305 3351 418 3404 Καὶ
449 3351 750 3422 ἐπειδήπερ
779 3347 862 3424 [εὖ
893 3349 1173 3423 πράττων]
1201 3354 1300 3405 οὐκ
1359 3353 1531 3420 ἔγνως
1557 3351 1648 3404 τὸν
1679 3351 1900 3420 εὐεργέα

2092 3165 2481 3229 I’idete,ridete
2515 3165 2655 3235 quod
2686 3183 2779 3236 ego
2814 3184 2951 3220 sum.
2986 3166 3123 3239 [39.]
3169 3167 3280 3223 lloc
3313 3179 3418 3235 est,
3452 3171 3599 3226 defe-

2007 3258 2116 3311 ctio
2145 3268 2234 3312 tua
2262 3266 2314 3312 te
2341 3258 2573 3322 erndict,
2598 3266 2651 3312 et
2675 3259 2886 3312 malitia
2918 3267 3010 3313 tua
3039 3271 3092 3314 te.
3125 3262 3595 3332 redarguet.Cnna

2008 3351 2154 3403 enim
2198 3352 2360 3405 rebus
2394 3351 2654 3406 secundis
2681 3350 3087 3408 benefactorem
3142 3363 3294 3408 tuum
3345 3372 3453 3410 non
3503 3374 3598 3412 eoo

301 3458 426 3512 την,
469 3444 566 3496 καὶ
613 3443 722 3497 τῶν
773 3443 990 3511 ἀγαθῶν
1039 3444 1130 3496 τὶν
1181 3444 1437 3514 χορηγὸν,
1485 3442 1902 3513 τιμωρούμενος
1933 3437 1971 3489 (Ζ

1305 3444 1437 3514 nov,
1485 3442 1902 3513 τιμωρούμενος
1933 3437 1971 3489 (Ζ
2007 3443 2264 3511 gnoveris
2286 3482 2299 3500 .
2333 3442 2567 3496 alIIietus
2600 3443 2780 3511 ipsum
2818 3444 2992 3497 disce.

305 3536 550 3606 μάνθανε
583 3534 696 3609 [τὸν
723 3537 1138 3607 ἀπαραιτήτους
1171 3537 1299 3604 ὑμῖν
1323 3536 1598 3603 ὲπάγοντα
1631 3534 1729 3597 τὰς
1765 3533 2000 3604 πληγὰς,
2031 3533 2090 3600 ἐξ
2125 3528 2200 3587 ὧν
2233 3535 2376 3604 ὑμᾶς
2407 3535 2579 3598 οὐδεὶς
2637 3535 2908 3607 ἐρρύσατο
2964 3535 3072 3589 τῶν
3137 3536 3407 3601 δοξάντων
3471 3541 3599 3610 ὑμῖν

304 3626 449 3684 εἷναι
491 3628 680 3702 θεῶν].

381 3726 601 3781 Verum
638 3743 748 3782 non
790 3728 890 3783 abs
927 3743 984 3782 re
1020 3737 1072 3783 te
1103 3728 1310 3798 punio,
1346 3727 1402 3781 in
1451 3735 1540 3781 tua
1577 3726 1721 3781 enim
1770 3726 1945 3798 gratia
1993 3725 2044 3777 ir..l
2091 3723 2271 3794 ipsum
2316 3738 2537 3792 quoque
2565 3721 2728 3778 facio.
2763 3722 3023 3779 Occidam
3062 3726 3207 3779 enim
3244 3737 3301 3780 ut
3333 3736 3384 3781 te
3416 3729 3598 3782 vivum

305 3815 942 3889 reddampvuluerabo,
977 3826 1035 3871 ut
1064 3817 1302 3872 medear.
1344 3816 1462 3887 Ipse
1493 3816 1639 3871 enim
1674 3816 1918 3870 dolorem
1950 3815 2079 3867 eiet.
2116 3812 2178 3866 Et
2211 3811 2407 3865 iterum
2443 3812 2494 3865 in
2526 3812 2795 3883 integrum
2840 3815 3086 3868 restituit
3125 3814 3211 3867 ubi
3243 3816 3410 3868 animi
3452 3834 3599 3871 mor-

308 3904 412 3960 hos
443 3905 684 3959 curavit.
718 3902 993 3960 Caeterum
1030 3904 1316 3959 medicinae
1342 3911 1559 3973 tempus
1604 3903 1901 3967 invehitur,
1938 3917 2062 3956 cum
2092 3899 2147 3953 in
2180 3899 2381 3954 ccelum
2431 3914 2653 3954 manum
2707 3916 2862 3955 suam
2916 3903 3231 3957 sustulerit.
3267 3902 3419 3959 More
3453 3905 3598 3959 enim

303 3974 557 4049 humano
585 3992 856 4048 exaltavit
892 3991 1096 4049 Filiqu
1129 4008 1290 4049 suum
1324 3993 1418 4064 qui
1455 3993 1650 4048 dextra
1688 3993 1807 4061 ejus
1837 4001 1889 4046 et
1918 4000 2001 4044 est
2047 3995 2101 4044 et
2147 3985 2376 4052 dicitur,
2407 4001 2472 4043 eo
2508 3988 2656 4057 quod
2715 3989 2964 4059 ejusdem
3002 3992 3260 4046 essentia:
3315 3993 3476 4063 eique
3507 4010 3600 4048 co-

302 4090 557 4138 aeternus
589 4089 697 4137 est.
730 4082 1085 4153 Quapropter
1115 4096 1213 4152 per
1245 4081 1419 4151 ipsam
1449 4094 1668 4150 quoque
1695 4077 2082 4148 jusjurandum
2123 4074 2272 4130 facit.
2307 4073 2425 4128 Non
2461 4077 2606 4130 enim
2647 4094 2740 4146 per
2770 4079 3032 4147 majorem
3071 4083 3250 4150 potuit
3280 4092 3418 4137 teste
3450 4085 3598 4154 Apo-

308 4171 538 4226 stolo”.
578 4170 653 4226 De
683 4171 873 4226 eadem
911 4169 1082 4223 David
1114 4184 1336 4241 quoque
1363 4167 1497 4223 dicit
1529 4185 1542 4222 :
1581 4186 1599 4219 ι
1629 4166 1832 4221 Dextra
1865 4164 2078 4221 Domini
2123 4165 2293 4219 edidit
2332 4165 2673 4219 virtutem".
2712 4186 2730 4217 ι
2773 4166 2838 4219 Et
2874 4168 3072 4224 iterum
3103 4185 3113 4219 :
3157 4186 3173 4218 ι
3208 4168 3290 4224 Ille
3333 4186 3462 4225 vero
3500 4187 3595 4242 ap-

306 4259 611 4330 prehendit
642 4260 838 4316 dextra
870 4268 966 4314 tua
989 4261 1054 4315 ³⁵.
1084 4277 1103 4312 ι
1135 4259 1272 4314 Cum
1307 4274 1413 4328 qua
1451 4258 1504 4311 in
1536 4266 1801 4312 aeternum
1826 4255 2008 4310 vivere
2038 4253 2261 4308 dicitur.
2297 4253 2365 4307 At
2393 4252 2584 4307 dextra
2620 4255 2708 4308 illa
2743 4256 2964 4310 tolletur
2995 4259 3047 4311 in
3087 4260 3347 4328 sublime,
3375 4255 3628 4331 quando

308 4351 441 4406 linis
480 4358 793 4406 vestrarum
830 4351 882 4404 in
919 4364 1038 4404 eam
1074 4348 1541 4404 contumeliarum
1575 4346 1701 4401 erit.
1739 4345 1814 4398 Ita
1845 4345 1990 4400 enim
2035 4340 2349 4410 intelligetis
2396 4343 2543 4410 quod
2594 4333 2716 4397 sese
2752 4345 3078 4400 Submiserit
3113 4344 3305 4413 Filius,
3342 4350 3599 4419 ultroque

306 4450 544 4494 mortem
597 4439 933 4509 susceperit,
960 4438 1352 4508 “iudiciumque
1405 4445 1600 4490 contra
1652 4450 1845 4490 omnes
1899 4429 2194 4500 acceperit.
2239 4446 2257 4479 ι
2289 4427 2491 4494 Quare,
2526 4430 2725 4500 inquit,
2761 4447 2956 4487 manus
3003 4449 3120 4488 mea
3165 4436 3423 4490 retinebit
3451 4439 3599 4506 judi-

303 4528 478 4581 cium.
508 4546 527 4579 ι
581 4524 863 4580 Judieium
923 4527 1070 4581 enim
1125 4525 1269 4580 Filio
1322 4524 1569 4590 tradidit,
1608 4534 1667 4578 ut
1720 4525 1790 4577 ab
1839 4535 1903 4577 eo
1947 4519 2157 4574 dietum
2191 4527 2389 4571 exstat.
2423 4518 2498 4571 Ae
2533 4528 2661 4572 tunc
2695 4534 2827 4573 sane
2863 4521 3165 4575 ulciscendi
3198 4523 3318 4592 ejus
3350 4524 3597 4580 eﬂicacia

302 4616 614 4686 conspicua
663 4615 807 4679 erit,
844 4629 1011 4683 quam
1046 4612 1291 4682 gladium
1329 4620 1488 4666 vocat
1515 4651 1528 4676 ,
1565 4612 1631 4666 de
1675 4626 1785 4681 quo
1821 4610 2087 4681 propheta
2119 4608 2257 4662 dixit
2291 4626 2304 4661 :
2344 4625 2362 4658 ‹
2390 4607 2618 4664 Gladius
2658 4609 2873 4663 Domini
2911 4612 2964 4664 in
2997 4613 3138 4666 caslo
3173 4614 3543 4669 incanduit".
3573 4639 3589 4667 ι

302 4703 384 4758 De
416 4720 525 4774 qua
559 4719 707 4758 nunc
744 4702 1035 4772 subjungit
1075 4719 1088 4755 :
1128 4720 1146 4753 ‹
1176 4699 1310 4754 Nam
1341 4701 1554 4771 gladius
1587 4715 1740 4754 meus
1776 4698 2060 4754 devorabit
2091 4712 2286 4753 carnes
2308 4737 2323 4762 ,
2355 4706 2408 4752 et
2449 4700 2710 4769 tela‘mea
2748 4701 3067 4756 imbuentur
3095 4705 3450 4774 sanguine".
3476 4706 3595 4761 Ca:-

302 4793 418 4847 sari
453 4793 601 4848 enim
634 4807 730 4848 eos
763 4791 1016 4854 tradidit,
1047 4805 1212 4860 quem
1251 4804 1435 4859 regem
1466 4802 1626 4843 suum
1655 4786 2096 4858 designaverant.
2125 4785 2302 4841 Gladii
2333 4803 2553 4858 quoque
2580 4790 2953 4844 Romanorum
2983 4806 3078 4847 eos
3111 4793 3388 4850 animatas
3411 4799 3600 4865 utique

303 4896 507 4936 carnes
575 4879 990 4952 deglutiernnt,
1062 4893 1127 4933 ac
1189 4879 1418 4949 quosvis
1488 4877 1681 4931 obvios
1753 4879 2216 4946 absumpserunt,
2288 4875 2509 4944 quando
2579 4887 2632 4930 et
2701 4879 2874 4932 saucii
2925 4889 2976 4934 et
3029 4881 3254 4950 eaptivii
3286 4881 3414 4936 facti
3448 4896 3598 4940 sunt.

303 4971 386 5025 Ita
417 4970 641 5040 quidem
681 4970 874 5025 sensili
913 4969 1111 5039 partim
1142 4983 1238 5022 eos
1269 4967 1474 5037 objeeit
1511 4965 1697 5036 gladio
1720 5005 1732 5028 ,
1767 4966 1964 5034 partim
1996 4978 2126 5018 vero
2159 4963 2435 5032 spirituali
2469 4980 2688 5034 quoque
2710 5007 2724 5031 ,
2770 4968 2861 5036 qui
2896 4982 3030 5023 sane
3062 4969 3290 5024 verbum
3317 4970 3412 5026 Dei
3442 4970 3602 5028 Pauli

301 5067 392 5112 est
423 5056 773 5121 testimonio,
805 5056 898 5125 qui
933 5055 1065 5108 dicit
1095 5071 1107 5106 :
1150 5072 1166 5104 ι
1201 5051 1267 5105 Et
1296 5051 1478 5123 gladio
1514 5051 1742 5119 Spiritus
1766 5049 1828 5102 ³⁸.
1864 5068 1881 5100 ι
1914 5048 2091 5120 Caput
2116 5051 2381 5120 gentium,
2412 5053 2513 5107 hoc
2546 5061 2648 5117 est,
2684 5054 2979 5121 Satanam;
3023 5066 3214 5126 gentes
3244 5060 3390 5112 enim
3422 5060 3605 5131 impia:

302 5145 482 5214 copia:
513 5145 619 5214 ipsi
657 5143 892 5212 subjecti
921 5150 1072 5197 sunt.
1106 5141 1196 5195 Ait
1224 5141 1371 5194 enim
1425 5138 1593 5193 Isaias
1627 5156 1638 5191 :
1682 5156 1700 5188 ι
1733 5136 1790 5191 In
1829 5139 2132 5194 novissimo
2160 5140 2247 5194 die
2279 5141 2516 5196 adducet
2564 5141 2828 5198 Dominus
2875 5145 3117 5214 gladium
3171 5158 3447 5214 sanctum,
3485 5167 3602 5203 ma-

303 5250 473 5305 guum
509 5243 566 5288 et
616 5233 906 5289 robustum
956 5239 1150 5285 contra
1197 5230 1494 5284 draconem
1546 5237 1858 5296 serpentem
1909 5228 2288 5299 malignum”.
2323 5247 2340 5278 ι
2381 5229 2573 5284 Vivum
2603 5232 2747 5284 enim
2793 5231 2884 5287 Dei
2925 5234 3148 5288 verbum
3198 5240 3396 5304 quovis
3425 5240 3604 5308 gladio

303 5326 550 5396 ancipite
577 5333 666 5380 est
692 5325 915 5378 acutius
937 5325 1006 5378 ⁸ο.
1046 5322 1166 5393 Ipse
1203 5322 1371 5394 igitur
1403 5335 1529 5375 eum
1569 5320 1811 5374 venisset
1848 5320 1901 5372 in
1938 5328 2138 5373 terram
2165 5319 2353 5388 copias
2388 5316 2698 5374 invisibiles
2721 5319 3035 5387 debellavit,
3067 5322 3523 5396 triumphumque
3548 5328 3604 5381 in

302 5431 472 5471 cruce
504 5417 572 5469 ab
602 5419 683 5471 eis
716 5414 1062 5486 reportavit,
1103 5413 1529 5481 libertatemque
1561 5408 1932 5478 recuperavit.
1970 5407 2142 5461 I’orro
2179 5408 2266 5461 hie
2295 5408 2513 5478 gladius
2545 5420 2733 5464 nostra
2767 5427 2988 5481 quoque
3013 5413 3260 5479 carnalia
3299 5418 3605 5485 amputavlt

1859 5567 1902 5597 ³³
1945 5565 2110 5620 IIebr.
2162 5583 2236 5628 γι,
2299 5568 2384 5621 l5.

1884 5639 1927 5668 ³⁸
1973 5638 2076 5692 Isa.
2155 5654 2324 5702 xxvn,
2363 5641 2407 5692 l.

1838 5751 2072 5806 NOTAE.

2089 5847 2198 5919 (19)
2242 5848 2711 5920 Ιιρνιςέφεςιεν.“ῐῖν
2739 5849 2813 5920 τῷ
2852 5852 3039 5920 εῖρημ.
3079 5852 3207 5922 τόμ.

2469 5568 2512 5599 ³⁵
2552 5567 2898 5633 Ρ8;11.(ῖΧν11,
2936 5571 3023 5626 16.

2485 5640 2529 5670 ιο
2573 5639 2739 5695 ιιι-ιη.
2781 5659 2853 5708 IV,
2887 5643 2970 5696 με.

1108 5571 1150 5602 ³³
1193 5568 1395 5626 Jerem.
1437 5585 1512 5633 XI,
1564 5568 1649 5632 Il,
1692 5567 1778 5621 1:2.

1281 5641 1324 5674 ⁸⁸
1369 5640 1568 5711 Ephes.
1609 5655 1682 5706 vt,
1721 5641 1806 5694 I7.

372 5575 414 5606 ³¹
460 5573 622 5628 Deut.
681 5575 872 5639 xxxrt,‘
906 5571 995 5626 57.

3105 5573 3149 5604 ³⁵
3193 5573 3336 5631 Psal.
3378 5591 3510 5643 an,
3546 5587 3603 5641 9.

311 5639 357 5671 ³⁶
390 5646 494 5702 Isa.
530 5661 720 5708 xxxrv,
751 5645 805 5699 5.
889 5644 930 5676 ³⁷
974 5642 1109 5698 ibid.
1149 5643 1200 5697 6.

370 5853 486 5925 (I8)
528 5852 756 5926 Θεωρεῖ.
788 5852 920 5906 Abt.
