4272 6446
766 369 869 429 975
2073 367 2363 427 ιίιοιῖοιτ

2073 367 2427 427 PROCOPII
2468 368 2711 427 ΟΛΖᾹΞΙ
3914 370 4021 431 976

762 490 951 547 opera,
980 476 1137 545 juxta
1190 476 1320 530 illud
1362 494 1372 527 :
1415 493 1431 525 ι
1461 474 1581 529 Νοιι
1629 483 1843 529 maneat
1887 474 2118 543 spiritus
2165 490 2319 528 meus
2362 476 2415 527 in
2456 479 2558 542 eis,
2591 492 2657 530 co
2700 474 2845 545 quod
2882 476 2985 545 ipsi
3017 476 3127 531 sint
3173 478 3454 540 carnes",
3494 494 3513 526 ι
3552 476 4017 547 quemadmodum

761 578 909 617 nunc
935 573 1023 618 est
1048 564 1281 617 dictum.

830 649 1291 715 Lmtamini,co:li,
1321 664 1438 701 cum
1458 648 1591 712 ipso.
1615 646 1985 718 [ΧΧΧΙΙ,45.]
2010 646 2066 701 Si
2097 650 2243 703 enim
2276 656 2499 717 propter
2528 662 2695 701 unum
2715 658 3062 717 peccatorem
3093 649 3189 718 qtti
3222 656 3476 704 servatur
3503 647 3761 718 gaudium
3791 648 3845 702 in
3878 650 4023 702 caelo

762 739 1019 800 oritur",
1058 744 1265 806 quanto
1294 736 1471 803 magis
1500 736 1571 788 ob
1605 737 1835 789 salutem
1871 734 2623 803 publicam,diabolisublata
2660 736 2973 803 tyrannide.
3003 736 3109 790 Pro
3128 738 3330 805 quibus
3368 752 3475 789 una
3499 751 3623 790 cum
3655 737 3863 804 angelis
3891 752 4024 803 sup-

758 828 1031 894 plicitntur
1064 832 1334 894 quotquot
1385 823 1439 876 in
1487 832 1627 878 tinos
1663 823 1757 877 Dei
1810 833 1943 878 sunt
1994 826 2176 888 relati,
2204 833 2260 878 et
2307 837 2431 877 cuin
2486 823 2708 876 civitate
2738 823 2952 877 ccclein
2996 824 3357 892 participant.
3392 823 3625 892 Insuper
3659 823 3766 876 alia
3798 837 4025 891 quoque

761 916 1066 985 Scriptura,
1099 934 1117 967 ι
1151 912 1355 969 Omnes
1387 914 1563 982 angeli
1610 911 1725 974 Dei,
1755 930 1774 963 ι
1811 914 1992 967 habet.
2024 912 2495 980 Quemadmodum
2555 912 2757 967 Paulus
2810 910 2863 965 id
2915 928 3135 983 quoque
3186 913 3434 976 addidit,
3461 913 3655 967 dicens
3687 928 3702 965 :
3737 930 3755 961 ι
3787 910 4025 977 Quando

758 1018 886 1056 vero
921 1001 1285 1055 introduxerit
1320 998 1746 1069 primogenitum
1782 1000 1836 1052 in
1870 1010 2142 1053 terrarum
2172 1001 2362 1053 orbem
2406 998 2543 1053 dicit
2571 1018 2583 1053 :
2614 999 2678 1053 Et
2708 1000 2941 1054 adorent
2971 1016 3097 1055 eum
3125 1016 3317 1055 omnes
3366 1002 3543 1071 angeli
3573 1000 3666 1055 Dei
3687 1001 3756 1051 ⁸³.
3792 998 4025 1067 Semper

755 1091 974 1159 quidem
1026 1097 1283 1157 tanquam
1322 1085 1492 1140 Deum
1532 1094 1586 1139 et
1630 1086 1971 1140 conditorem
2009 1103 2169 1141 suum
2215 1088 2481 1149 adorant.
2532 1096 2663 1140 tunc
2698 1101 2833 1141 vero
2883 1086 3072 1143 laudes
3123 1104 3223 1157 pro
3268 1088 3613 1141 humanitate
3653 1086 3830 1155 ipsius
3870 1084 4025 1140 dele-

763 1184 913 1230 runt.

824 1283 1130 1347 Lwtamini,
1152 1292 1348 1353 gentes,
1372 1300 1490 1337 cum
1523 1282 1717 1352 populo
1740 1283 1879 1353 ejus.
1922 1282 2165 1338 Tametsi
2199 1297 2327 1352 pro-
2357 1334 2363 1346 ,

1940 1282 2165 1338 l‘ametsi
2199 1297 2327 1352 pro-
2357 1291 2404 1346 Α
2505 1289 2913 1355 Εὐφράνθητε,
2939 1288 3106 1353 ἔθνη,
3121 1288 3270 1355 μετὰ
3293 1286 3401 1341 τοῦ
3430 1288 3584 1341 ,λαοῦ
3602 1288 3811 1341 αὐτοῦ.
3830 1289 3891 1342 ιῑξ
3916 1287 4027 1356 γὰρ

755 1387 875 1447 pter
899 1391 1031 1431 oves
1057 1378 1302 1445 perditas
1320 1376 1516 1431 domus
1542 1375 1705 1429 Israel
1731 1392 1788 1429 se
1808 1375 2101 1429 advenisse
2126 1375 2262 1429 dicit
2278 1376 2326 1407 “

757 1473 873 1538 ipse
906 1477 1086 1523 tamen
1116 1477 1225 1523 met
1256 1469 1394 1523 dixit
1426 1487 1440 1523 :
1479 1487 1497 1520 ι
1522 1468 1675 1522 Alias
1704 1482 1925 1536 quoque
1978 1481 2111 1521 oves
2156 1466 2329 1520 habeo

754 1578 876 1632 qure
899 1578 1006 1615 non
1040 1569 1169 1616 sunt
1197 1562 1264 1616 de
1290 1562 1449 1616 caule
1476 1563 1609 1623 hac,
1636 1576 1775 1630 quas
1804 1576 1889 1614 me
1918 1560 2083 1613 etiam
2113 1569 2333 1628 oportet

754 1657 955 1707 dueere
974 1654 1039 1706 ⁸⁵.
1071 1671 1089 1703 ι
1138 1652 1320 1722 lnquit
1361 1667 1528 1722 porro
1562 1653 1728 1705 etiam
1758 1652 1917 1706 divus
1945 1651 2244 1719 Apostolus
2261 1650 2329 1715 ⁸⁸,

754 1746 930 1816 471
976 1754 1033 1799 ιιι
1066 1760 1133 1799 ex
1168 1744 1385 1798 duobus
1423 1760 1591 1799 unum
1638 1758 1837 1797 novum
1887 1743 2163 1797 hominem
2196 1757 2334 1797 con-

755 1843 944 1898 deret,
974 1851 1272 1906 pacemque
1304 1835 1525 1890 faceret.
1554 1834 1709 1901 Quod
1748 1843 1806 1887 ut
1842 1834 2075 1903 Aquilas
2113 1848 2335 1904 quoque

758 1931 1042 1995 indicaret,
1062 1929 1318 2000 exposuit
1348 1947 1361 1982 :
1400 1926 1556 1983 Unite
1577 1928 1721 1983 vobis
1743 1936 1919 1997 gentes
1965 1926 2134 1992 ipsius
2157 1942 2332 1995 popu-

756 2028 856 2077 lus.

2435 1379 2530 1429 καὶ
2559 1378 2647 1429 διὰ
2669 1378 2738 1430 τὰ
2765 1379 3017 1449 πρόϐατα
3040 1382 3109 1431 τὰ
3130 1378 3453 1433 ἀπολωλότα
3478 1378 3632 1431 οἴκου
3673 1379 3889 1448 Ἰσραὴλ
3915 1397 4026 1431 πα-

2439 1468 2839 1540 ραγεγενῆσθαι
2870 1486 3056 1538 φησιν,
3089 1469 3200 1539 (20)
3240 1469 3355 1523 ἀλλ’
3382 1472 3413 1523 ὁ
3448 1469 3611 1532 αὐτὸς
3640 1470 3803 1522 πάλιν
3831 1472 3887 1520 ὲν
3914 1470 4028 1523 Εὐ-

2438 1558 2714 1624 αγγελίοις
2744 1559 2886 1629 ὲρεῖο
2914 1578 2932 1610 ι
2960 1560 3129 1611 ’Λλλα
3157 1560 3406 1628 πρὸῢατα
3434 1562 3563 1630 ἔχω,
3594 1564 3631 1617 ἃ.
3659 1566 3759 1618 οὐκ
3786 1565 3933 1618 ἔστιν
3961 1568 4029 1619 ἐκ

2436 1648 2536 1716 τῆς
2562 1648 2731 1718 αὐλῆς
2764 1649 2990 1718 ταύτης,
3025 1650 3257 1703 κάκεῖνά
3285 1668 3353 1719 με
3392 1650 3473 1704 δεῖ
3513 1654 3761 1721 ἀγαγεῖν,
3792 1657 3889 1708 καὶ
3925 1658 4030 1723 τῆς

2437 1742 2622 1808 φωνῆς
2655 1757 2755 1808 μου
2781 1739 3099 1807 ἀκούσουσι,
3133 1743 3228 1795 καὶ
3256 1746 3544 1812 γενήσεται
3571 1744 3672 1812 μία
3696 1740 4030 1814 ποίμνη,εἷς

2436 1832 2664 1901 ποιμήν.
2703 1850 2722 1883 ι
2763 1833 2909 1901 Ἔφη
2952 1832 3009 1885 δὲ
3059 1832 3155 1885 καὶ
3204 1836 3232 1886 ὁ
3276 1835 3416 1896 θεῖος
3451 1834 3801 1898 ’Λπόστολος·
3861 1854 3880 1887 ι
3912 1835 4031 1890 Ἰνα

2435 1926 2562 1988 τοὺς
2604 1925 2715 1979 δύω
2766 1926 2929 1998 κτίσῃ
2977 1926 3141 1990 λαοὺς
3176 1930 3255 1990 εἰς
3306 1930 3402 1981 ἕνα
3455 1931 3643 1983 καινὸν
3692 1931 4026 2002 ἄνθρωπον,

2435 2018 2605 2072 ποιῶν
2624 2020 2867 2090 εἰρήνην,
2886 2021 2982 2073 καὶ
3008 2022 3512 2075 ἁποκαταλλάσσων
3532 2023 3657 2086 τοὺς
3680 2024 4030 2095 ἀμφοτέρους

757 2136 814 2190 ἐν
851 2118 931 2170 ἐνὶ
960 2113 1231 2184 πνεύματι
1262 2112 1397 2183 πρδς
1424 2112 1515 2164 τὸν
1547 2110 1787 2180 Πατέρα.
1820 2130 1838 2159 ι
1875 2108 2103 2170 ’Λκύλας
2128 2108 2183 2160 δὲ
2217 2108 2338 2161 ἀντὶ
2386 2109 2501 2173 τοῦ,
2534 2112 2899 2183 εὐφράνοητε,
2949 2112 3136 2183 φησὶν,
3191 2114 3606 2180 Ενοποιήσατε
3651 2114 3798 2182 ἔθνη
3834 2117 4030 2183 λαοὺς

755 2208 966 2262 αὑτοῦ.

827 2324 1141 2391 Confortent
1173 2337 1259 2375 eos
1286 2336 1466 2374 omnes
1500 2320 1677 2390 angeli
1708 2320 1846 2387 ejus.
1888 2316 2036 2371 Dicit
2066 2317 2265 2373 alicubi
2307 2317 2510 2372 Paulus
2541 2319 2706 2371 etiam
2743 2335 2758 2372 :
2796 2338 2813 2369 ‹
2842 2320 3043 2373 Annon
3110 2335 3306 2375 omnes
3337 2331 3467 2375 sunt
3508 2321 4028 2378 comministrantes

758 2414 1008 2482 spiritus,
1049 2412 1116 2465 ad
1159 2408 1530 2464 ministerium
1565 2406 1827 2478 ablegati,
1884 2416 2108 2476 propter
2136 2421 2232 2460 eos
2282 2404 2487 2475 quibus
2532 2406 2727 2459 salutis
2786 2406 3080 2460 heereditas
3130 2407 3435 2462 ohventura
3467 2416 3551 2464 est
3572 2409 3641 2462 ".
3679 2427 3699 2460 ι
3754 2409 4030 2465 Similiter

759 2513 812 2555 et
846 2499 1014 2554 David
1048 2500 1162 2553 ait:
1199 2516 1217 2549 ι
1252 2497 1499 2551 Excubat
1524 2498 1764 2567 Angelus
1794 2492 2011 2548 Domini
2056 2494 2268 2549 circum
2299 2494 2461 2563 jeirca
2513 2493 2772 2547 timentes
2802 2493 2947 2562 ejus,
2998 2500 3056 2545 ut
3089 2493 3237 2562 ipsos
3266 2504 3483 2549 asserat
3505 2495 3575 2549 “.
3613 2514 3631 2547 ι
3685 2494 3862 2550 liabet
3894 2511 4028 2551 vero

760 2592 865 2645 alia
895 2590 1216 2658 scriptura:
1254 2585 1451 2642 Omnes
1488 2587 1590 2654 ﬁlii
1644 2585 1765 2647 Dei,
1811 2593 1923 2640 etc.
1978 2582 2103 2650 Quo
2144 2583 2425 2639 indicatur
2476 2582 2756 2651 apostolos
2802 2582 3011 2637 divinis
3055 2597 3152 2638 eos
3189 2582 3382 2651 juvare
3433 2585 3680 2654 potuisse
3707 2586 4025 2656 praeceptis.

763 2694 902 2748 pane
930 2676 1203 2748 spirituali
1239 2677 1330 2744 qui
1358 2690 1456 2729 cor
1490 2674 1736 2729 hominis
1762 2675 2071 2736 conﬁrmat,
2109 2672 2381 2743 apposito.

833 2786 1101 2853 Quoniam
1149 2784 1460 2853 sanguinem
1512 2782 1747 2851 ﬁliorum
1783 2780 2091 2845 ulciscctur,
2142 2791 2192 2834 et
2223 2781 2341 2834 vin-
2374 2771 2414 2826 Β

762 2878 963 2931 dictant
1012 2885 1202 2930 sumet.
1252 2875 1342 2927 Ait
1389 2873 1536 2927 enim
1588 2873 1641 2925 in
1686 2871 1997 2941 Evangeliis
2034 2871 2335 2925 Christus:

768 2990 786 3023 ι
815 2968 954 3023 Ecce
986 2982 1087 3038 ego
1140 2967 1297 3019 mitto
1344 2965 1410 3017 ad
1448 2979 1542 3018 vos
1583 2962 1901 3031 prophetas,
1956 2962 2256 3030 sapientes,
2284 2970 2338 3015 et

762 3063 995 3125 scribas,
1023 3070 1076 3115 et
1102 3074 1292 3114 eorum
1326 3055 1609 3118 occidetis,
1653 3056 1817 3124 inque
1846 3068 2066 3108 crucem
2103 3052 2338 3123 adigetis

761 3156 974 3223 aliquos
1007 3153 1087 3214 “';
1124 3171 1141 3202 ι
1179 3151 1267 3204 cui
1302 3149 1585 3219 subjungit
1616 3167 1628 3201 :
1671 3166 1689 3198 ι
1724 3148 1846 3212 Quo
1888 3161 2052 3214 super
2076 3161 2176 3200 vos
2199 3161 2338 3199 cun-

765 3258 888 3300 ctus
937 3244 1209 3313 iustorum
1251 3242 1499 3310 sanguis,
1546 3242 1614 3293 ab
1649 3240 1835 3294 Abelis
1877 3238 2014 3307 justi
2049 3239 2340 3308 sanguine,

765 3338 831 3392 ad
882 3335 1160 3391 Zacharize
1210 3334 1303 3387 lilii
1357 3332 1639 3386 llarachize
1689 3344 1867 3400 usque
1913 3331 2239 3401 sanguinem
2286 3328 2339 3382 in

767 3441 967 3484 terram
1004 3427 1211 3482 ell‘usus
1243 3426 1449 3479 recidat
1479 3423 1546 3477 '°.
1589 3441 1607 3474 ι

2516 2777 2646 2829 Ὀτι
2679 2776 2745 2829 τὸ
2778 2771 2921 2844 αἷμα
2957 2774 3077 2830 τῶν
3116 2775 3265 2830 υἱῶν
3296 2777 3481 2831 αὑτοῦ
3513 2778 3834 2832 ἐκδικεῖτιιι
3858 2796 3873 2810 ο
3925 2779 4026 2833 καὶ

2444 2866 2753 2933 ἐκδικήσει
2802 2868 2901 2921 καὶ
2951 2867 3367 2922 ἀνταποδώσω
3432 2868 3633 2937 δίκην.
3679 2877 3695 2892 ·
3764 2871 3912 2941 Ἔφη
3966 2875 4031 2924 ὲν

2446 2960 2803 3028 Εὐαγγελίοις
2833 2960 2861 3011 ὁ
2892 2958 3097 3030 Κύριος
3125 2961 3239 3022 τοῖς
3287 2960 3560 3022 Ἰουδαίοις
3588 2961 3981 3031 διαλεγόμενος
4011 2978 4028 2993 ·

2454 3073 2471 3102 ι
2509 3052 2619 3105 Καὶ
2648 3053 2805 3122 ὑμεῖς
2838 3050 3253 3124 [ὲ]πληρὼσατε
3286 3052 3346 3104 τὸ
3377 3053 3574 3122 μέτρον
3609 3054 3719 3105 τῶν
3772 3046 4033 3125 πατέρων

2447 3150 2624 3218 ὑμῶν.
2667 3151 2880 3225 Ὄφτις,
2900 3151 3218 3220 γεννήματα
3252 3150 3500 3219 ἐχιδνῶν,
3536 3150 3651 3213 πῶς
3676 3150 3885 3219 φύγητε
3919 3152 4032 3204 ἀπὸ

2446 3244 2546 3312 τῆς
2579 3230 2813 3311 κρίσεως
2861 3242 2963 3311 τῆς
3012 3241 3276 3310 γεέννης;
3328 3242 3426 3294 Διὰ
3465 3242 3645 3304 τοῦτο,
3700 3262 3718 3292 ι
3749 3244 3881 3304 ίδοὺ,
3917 3240 4033 3309 ἐγὼ

2446 3314 2763 3413 ἀποστέλλω
2808 3333 2888 3397 είς
2941 3332 3089 3402 ὑμᾶς
3136 3334 3458 3403 προφήτας,
3509 3336 3605 3387 καὶ
3654 3337 3874 3402 σοφοὺς,
3934 3337 4033 3387 καὶ

2447 3414 2831 3493 γραμματεῖς·
2864 3426 2959 3477 καὶ
2991 3425 3051 3490 ἐξ
3099 3426 3279 3479 αὐτῶν
3321 3427 3675 3479 ἀποκτενεῖτε
3722 3430 3815 3478 καὶ
3864 3442 4035 3480 σταυ-

768 3522 994 3587 ρώσετε,
1036 3521 1129 3571 καὶ
1170 3520 1226 3584 ἐξ
1264 3518 1441 3570 αὐτῶν
1491 3516 1867 3586 μαστιγώσετε
1940 3517 1998 3569 ὲν
2046 3517 2167 3579 ταῖς
2208 3516 2563 3583 Συναγωγαίς
2632 3518 2809 3586 ὑμῶν,
2867 3519 2963 3571 καὶ
3005 3518 3224 3583 διώξετε
3269 3521 3379 3572 ἀπὸ
3423 3520 3631 3582 πόλεως
3698 3522 3779 3581 εἰς
3848 3521 4029 3575 πόλιν·

764 3617 913 3678 ὅπως
943 3614 1073 3687 ἔλθῃ
1104 3614 1186 3681 ἐφ’
1220 3615 1363 3682 ὑμᾶς
1404 3614 1512 3665 πᾶν
1545 3607 1683 3679 αἷμα
1726 3611 1940 3665 δίκαιον
1982 3612 2343 3680 ἐκχυνὸμενον
2382 3612 2475 3664 ἐπὶ
2509 3612 2607 3681 τὴν
2645 3614 2769 3683 γῆν,
2826 3612 2935 3665 ἀπὸ
2972 3613 3067 3666 τοῦ
3110 3614 3346 3683 αἵματος
3414 3613 3580 3665 Ἀῦελ
3648 3612 3745 3665 τοῦ
3792 3614 4033 3696 δικαίου⁸

764 3710 868 3771 ἕως
903 3708 1134 3776 αἵματος
1172 3705 1444 3774 Ζαχαρίου
1494 3702 1610 3755 υἱοῦ
1655 3702 1954 3771 Βαραχίου,
2008 3703 2067 3755 ὃν
2112 3702 2443 3772 ἐφονεύσατε
2483 3704 2688 3773 μεταξὺ
2715 3708 2811 3757 τοῦ
2839 3702 2970 3757 ναοῦ
3000 3704 3098 3758 καὶ
3127 3703 3222 3757 τοῦ
3250 3704 3661 3775 Θυσιαστηρίου.
3703 3726 3721 3756 ι

847 3824 979 3890 Quae
1007 3837 1139 3877 sane
1169 3834 1359 3875 t'ttthia
1396 3828 1519 3889 post
1554 3819 1795 3873 furorem
1823 3834 1945 3872 cum
1979 3819 2201 3875 Christo
2237 3823 2524 3891 agitatum,
2555 3823 2759 3893 templo
2789 3822 2909 3893 ipso
2939 3838 3159 3893 quoque
3197 3822 3279 3877 eis
3312 3835 3506 3875 everso
3533 3822 3867 3892 supplicium
3900 3838 4035 3879 sunt

763 3920 1083 3969 CODSCCUIG.

835 4002 1058 4059 Necnon
1110 4000 1349 4053 vindicta
1396 4000 1463 4052 ah
1521 3998 1774 4052 hostibus
1836 3996 2205 4053 invisibilibus
2258 4010 2344 4055 est

766 4101 913 4153 illata
954 4116 966 4150 :
1000 4106 1195 4150 contra
1230 4109 1370 4163 quos
1420 4093 1608 4146 divino
1652 4093 1935 4160 repnrgati
1982 4094 2247 4161 sanguine
2285 4102 2341 4147 et

768 4196 1009 4256 lavacro,
1063 4189 1304 4242 animum
1364 4186 1748 4255 sumpsimus,
1804 4199 1914 4251 quo
1962 4192 2108 4237 terra
2160 4186 2335 4242 simus

2532 4000 2905 4070 Ἐκδεδῐκηται
2942 4001 2999 4054 δὲ
3040 4000 3138 4054 καὶ
3188 4001 3298 4055 ἀπὸ
3342 4002 3453 4055 τῶν
3503 4000 3751 4069 ἀοράτων
3794 4003 4036 4071 ἐχθρῶν,

2446 4093 2569 4146 καθ’
2600 4087 2676 4145 ὧν
2708 4093 2772 4146 τὸ
2798 4093 2999 4163 θάρσος
3027 4093 3356 4162 εἰλήφαμεν,
3392 4091 3469 4161 τῷ
3494 4091 3625 4160 Θείῳ
3665 4090 4036 4163 καθαρισθέν-

2440 4202 2531 4248 τες
2582 4185 2779 4255 αἵματι
2834 4184 2927 4238 καὶ
2972 4183 3214 4253 λουτρῷ⁶
3259 4184 3335 4247 ὡς
3383 4183 3449 4235 ἂν
3493 4184 3563 4251 γῆ
3616 4182 3902 4250 γενῦμενοι
3936 4200 4041 4235 κα-

768 4299 901 4351 pura
965 4290 1020 4333 et
1080 4279 1318 4333 fructum
1379 4278 1617 4331 feramus
1677 4275 1874 4343 partim
1939 4276 2340 4345 trigecuplum,

1940 4276 2299 4345 trigccuplunt
2326 4318 2340 4342 ,
2374 4266 2415 4324 C
2449 4276 2613 4347 θαρὰ,
2647 4277 3091 4347 καρποφορῶμεν
3120 4274 3225 4328 ἀνὰ
3247 4275 3293 4327 λ’
3324 4274 3420 4328 καὶ
3446 4275 3488 4341 ξ’
3515 4275 3607 4328 καὶ
3639 4272 3707 4344 ρ’,
3740 4275 3840 4325 οὐκ
3865 4277 4042 4327 ἀχὰν-

742 4372 1211 4441 .snxagecuplum,
1244 4378 1299 4423 et
1333 4364 1738 4433 centuplum“,
1790 4375 1895 4417 non
1942 4365 2153 4434 spinas.
2188 4365 2345 4419 Insu-

771 4480 865 4532 per
890 4464 1051 4517 etiam
1080 4462 1172 4530 qui
1208 4459 1440 4513 tribulos
1470 4456 1768 4509 cdcltnmtts
1798 4452 1924 4509 facti
1960 4471 2151 4511 sumus
2184 4472 2343 4512 exse-

768 4556 1016 4607 cratione
1052 4552 1279 4621 antiqua
1316 4550 1495 4603 liberi.

2453 4368 2552 4431 Θας
2588 4368 2684 4421 καὶ
2704 4368 2989 4437 τριϐόλους
3022 4367 3101 4420 ἔτι
3128 4367 3543 4438 βλαστάνοντες,
3579 4366 3867 4435 γεγονότες
3896 4367 4041 4436 ἀρᾶς

2452 4460 2553 4529 τῆς
2586 4460 2819 4531 ἀρχαίας
2850 4459 3145 4528 ἐλεύθεροι.

850 4671 913 4723 Et
943 4671 1215 4739 ingressus
1255 4675 1334 4721 est
1414 4664 1613 4727 Moses,
1670 4678 1719 4722 et
1762 4669 1970 4723 locutus
2031 4676 2107 4719 est
2156 4676 2372 4719 cunctos
2419 4681 2684 4720 sermones
2730 4664 2859 4736 legis
2905 4663 3062 4732 hujus
3102 4664 3158 4715 in
3203 4678 3360 4715 aures
3388 4660 3572 4728 populi
3629 4660 3738 4727 ipse
3778 4668 3829 4712 et
3868 4655 4041 4713 Josue

778 4761 924 4827 [ilius
953 4756 1122 4809 Nave.
1141 4753 1285 4826 ιιι]
1303 4752 1435 4806 Post
1468 4756 1743 4823 principes
1767 4754 1834 4807 ad
1859 4754 2118 4823 populum
2142 4752 2380 4822 denique
2404 4754 2646 4807 delatum
2677 4760 2781 4816 est,
2809 4752 2876 4806 ad
2904 4767 3064 4821 quem
3095 4749 3273 4805 Moses
3305 4749 3360 4801 in
3398 4758 3579 4802 castra
3609 4755 3695 4801 est
3722 4747 4034 4815 ingressus.

772 4846 941 4899 .losue
972 4844 1102 4898 item
1140 4843 1233 4909 qui
1264 4854 1555 4910 personam
1586 4840 1730 4909 gerit
1762 4840 1968 4894 Christi
2001 4840 2093 4908 qui
2144 4840 2316 4909 legem
2344 4848 2399 4896 et
2428 4843 2729 4911 prophetas
2776 4840 3043 4909 implevit.
3089 4837 3364 4892 Jubentur
3394 4850 3524 4890 vero
3549 4849 3674 4888 cum
3707 4836 3811 4902 ipsi
3845 4835 4042 4887 obser—

775 4949 923 4997 vare,
964 4941 1078 4985 tum
1114 4930 1313 4984 docere
1342 4944 1474 4982 suos
1520 4939 1798 4998 posteros,
1824 4928 1984 4997 juxta
2023 4926 2197 4995 illud:
2247 4946 2265 4979 ι
2294 4929 2620 4998 Quicunque
2649 4945 2780 4984 vero
2831 4929 3041 4991 iecerit,
3094 4936 3150 4981 et
3193 4924 3455 4981 docuerit
3478 4939 3646 4977 unum
3677 4938 3745 4978 ex
3775 4924 4030 4977 minimis

779 5025 953 5082 hisce,
990 5022 1079 5073 hic
1110 5032 1370 5087 magnum
1410 5032 1608 5071 nomen
1652 5017 1705 5070 in
1733 5032 1902 5086 regno
1936 5017 2202 5095 malorum
2229 5016 2562 5086 adipiscetur
2588 5020 2659 5073 ".
2698 5039 2715 5070 ι

852 5106 960 5161 Nec
994 5108 1064 5160 sit
1092 5107 1234 5158 vobis
1268 5106 1349 5157 hic
1385 5120 1555 5156 sermo
1588 5120 1775 5166 vlmus,
1801 5105 2050 5173 quoniam
2094 5105 2205 5157 Ιιωο
2248 5114 2326 5157 est
2360 5107 2469 5159 vita
2504 5116 2697 5171 vestra,
2729 5116 2834 5162 etc.
2885 5106 3023 5179 [ιη
3081 5106 3255 5160 Verax
3292 5105 3438 5161 enim
3468 5117 3653 5160 sermo
3688 5101 3860 5155 vitam
3897 5117 4037 5154 con-

780 5203 920 5259 lert;
951 5198 1107 5265 juxta
1143 5195 1273 5248 illud
1313 5212 1325 5247 :
1362 5213 1379 5245 ι
1418 5194 1470 5247 In
1510 5195 1612 5245 hoc
1668 5208 1800 5247 vero
1852 5193 2109 5247 consistit
2142 5194 2269 5258 vita,
2321 5203 2380 5247 ut
2417 5204 2720 5264 agnoscant
2766 5205 2818 5250 te
2862 5198 3038 5249 solum
3076 5210 3265 5250 verum
3300 5192 3494 5257 Deum,
3524 5200 3579 5247 et
3607 5205 3775 5262 quem
3820 5191 4027 5243 misisti

780 5285 969 5339 .lesum
1005 5284 1285 5339 Christum
1311 5284 1375 5335 ⁵³.
1412 5301 1429 5333 ι
1463 5280 1637 5347 Quam
1672 5281 1767 5351 qui
1799 5294 1989 5334 verum
2028 5279 2323 5335 .Iordanem
2358 5284 2801 5350 pertransierunt
2834 5292 2963 5337 sunt
2996 5281 3261 5337 assecuti.

1857 5437 1900 5468 "
1945 5436 2107 5491 Ilehr.
2146 5455 2181 5501 ι,
2214 5437 2268 5493 6.
2346 5440 2586 5493 “Matth.
2624 5458 2713 5505 xv,
2747 5440 2835 5494 9i.
2918 5439 2964 5470 δ’
3007 5439 3168 5494 Joan.
3227 5455 3283 5497 ι.
3322 5439 3407 5493 16.

1940 5510 1985 5542 ⁵³
2019 5507 2210 5563 Matth.
2240 5526 2401 5578 mn,
2426 5512 2514 5566 54.
2592 5513 2637 5543 ⁸ο
2676 5512 2809 5565 inid.
2845 5512 2933 5575 55,
2977 5513 3065 5565 δύ.
3164 5512 3206 5544 ⁵³
3247 5510 3438 5565 Matth.
3473 5522 3591 5576 xm,
3632 5506 3689 5563 8.

852 5446 893 5474 “
936 5442 1072 5496 Gen.
1108 5457 1184 5502 vt,
1216 5443 1268 5494 5.
1348 5443 1392 5471 δ’
1436 5440 1567 5493 Luc.
1608 5456 1697 5501 xv,
1727 5439 1777 5498 'l,

778 5514 822 5542 "’
856 5514 1017 5567 llebr.
1045 5529 1082 5575 I,
1118 5512 1203 5565 Η.
1305 5510 1349 5541 ⁸⁸
1384 5511 1521 5564 Psal.
1558 5525 1747 5572 xxxm,
1784 5508 1837 5561 7.

783 5603 830 5646 ι,
870 5585 949 5637 l9.
1027 5585 1072 5615 ⁸³
1102 5584 1261 5636 Joan.
1310 5598 1439 5641 xvn,
1473 5584 1524 5634 5.

3486 5437 3531 5468 δ’
3574 5434 3780 5504 Ephes.
3838 5448 3899 5495 ιι,
3949 5434 4041 5485 15.

3486 5524 3591 5559 ιιιι.
3632 5506 3689 5559 8.
3766 5505 3815 5535 ³³
3842 5504 4041 5559 Matth.

3898 5521 4044 5559 all".

2289 5674 2521 5729 ΝΟΤΑΞ.

850 5776 957 5844 (20)
1000 5778 1433 5846 Παραγεγονέναι
1484 5776 1669 5840 φητὶν,
1709 5775 1823 5828 ἀλλ’
1848 5770 1939 5826 οὖν
1981 5773 2139 5836 αὐτὸς
2174 5773 2345 5841 ἔλεγε,
2386 5773 2480 5825 καὶ
2512 5771 2668 5835 ἄλλα,
2697 5788 2781 5826 κτ.
2814 5773 2843 5823 6
2870 5770 2969 5841 τῆς
2998 5770 3133 5838 Αὺγ.
3161 5771 3291 5825 κιὶιδ.
