4272 6446
329 423 433 489 9'”
1264 434 1802 494 COMMEN'I'A'IUI
1861 436 1938 494 1N
1979 433 2673 494 DEUTERONUMIUM.
3492 428 3600 488 978

399 535 508 588 Καὶ
552 535 802 590 τελεύτα
827 537 895 591 ἐι·
939 536 1016 603 τῷ
1055 541 1173 609 ὄρει
1207 546 1296 608 εἰς
1339 544 1370 595 ὃ
1399 543 1739 609 ἀναϐαίνεις
1768 544 1909 598 ἐκεῖ.
1951 551 1991 608 Α

1951 551 1991 608 Α
2094 541 2164 595 Et
2220 559 2423 597 morere
2471 545 2527 598 in
2566 552 2738 597 monte
2784 543 2836 596 in
2872 557 3022 611 quem
3072 548 3125 593 tu
3170 539 3429 593 ostendis.
3465 540 3598 609 ΗΜ

328 625 436 678 Τοῦ
482 626 591 697 γὰρ
637 627 768 681 λαοῦ
826 629 1115 698 μέλλοντος
1161 633 1428 705 διαπερᾷν
1469 636 1559 688 τὸν
1622 636 1913 707 Ἰορδάνην,

2023 633 2159 689 Cum
2210 637 2355 689 enim
2404 636 2639 705 populus
2690 636 2802 704 jam
2875 649 2970 704 per
3022 632 3315 687 Jordancm
3370 634 3603 684 ll‘uttsitt'

328 715 484 778 τέλος
511 717 791 787 ιπιτίθησι
815 719 892 789 τῷ
926 720 1077 791 νόμῳ
1104 722 1255 786 Θεὸς.

2023 728 2207 792 vellet,
2241 730 2400 783 ﬁnem
2449 729 2552 798 legi
2586 730 2867 798 imponere
2897 726 3040 782 Deus
3073 726 3264 780 voluit.

409 822 543 877 11αό
584 837 664 879 est
699 827 991 881 benedictio
1022 846 1128 897 qua
1162 831 1429 885 benedixit
1478 831 1651 886 Moses
1699 834 1778 886 rir
1808 833 1904 887 Dei
1950 834 2077 897 ﬁliis
2136 835 2334 896 Israel.
2370 836 2635 910 [XXXIIL
2667 836 2747 909 1.}
2782 836 2899 890 Non
2945 837 3120 891 solum
3158 834 3476 888 hominibus
3513 849 3602 902 pc-

334 912 513 965 cmtiae
557 914 909 968 baereditario
940 918 1266 982 obveniant,
1300 935 1489 972 verum
1519 921 1685 974 etiam
1720 930 2041 975 sanctorum
2071 938 2260 977 eorum
2298 926 2392 994 qui
2424 940 2455 980 e
2513 926 2652 981 vivis
2683 924 2956 979 excedunt
2984 924 3133 985 ﬁliis,
3191 921 3602 975 benedictiones

338 998 677 1065 spirituales.
721 1002 1069 1072 Quapmpter
1100 1019 1223 1057 cum
1258 1006 1324 1058 ad
1356 1016 1569 1061 aetatem
1601 1017 1850 1061 exactam
1875 1010 2218 1076 pervenisset
2253 1011 2432 1077 Isaac,
2455 1012 2557 1080 ipsi
2593 1011 2741 1067 Esau
2776 1012 3098 1066 benedicere
3126 1010 3398 1079 cupiebat.
3423 1007 3602 1061 Jacob

338 1085 467 1139 item
500 1088 746 1142 moriens
775 1088 999 1160 Josephi
1042 1092 1256 1156 liberis,
1286 1094 1522 1162 aliisque
1549 1104 1819 1163 quotquot
1876 1095 2028 1164 digni
2057 1104 2239 1159 erant,
2282 1098 2586 1153 benedixit.
2614 1098 2858 1167 Denique
2915 1112 3044 1151 vero
3074 1111 3220 1149 nunc
3254 1096 3433 1150 Moses
3466 1111 3603 1163 quo-

337 1188 446 1239 que
478 1175 754 1230 tribubus.
791 1176 985 1233 Patres
1015 1181 1164 1233 enim
1190 1180 1525 1234 deccdentes
1554 1179 1758 1233 donum
1799 1181 1850 1233 id
1889 1183 2034 1250 quod
2070 1184 2203 1252 ipsis
2238 1186 2516 1254 peculiare
2543 1196 2684 1248 erat,
2717 1186 2769 1239 in
2802 1200 3096 1240 commune
3128 1183 3601 1238 transmittebant.

338 1257 475 1312 Nam
509 1277 575 1315 ex
610 1263 778 1318 unico
818 1266 1093 1335 principio
1125 1270 1177 1320 in
1229 1268 1520 1321 universos
1559 1266 1702 1323 Deus
1732 1283 1887 1321 suam
1936 1271 2187 1338 provehit
2238 1273 2492 1340 gratiam,
2536 1272 2683 1342 quod
2715 1288 2900 1327 verum
2953 1270 3287 1341 principium
3321 1270 3601 1324 Christum

342 1361 536 1413 nempe
562 1358 943 1415 reprresentat,
982 1353 1074 1418 qui
1114 1356 1314 1405 donum
1346 1368 1506 1405 suum
1554 1368 1581 1405 a
1626 1369 1683 1407 se
1722 1354 1774 1407 in
1828 1371 1957 1410 suos
1990 1361 2336 1424 transmittit,
2374 1372 2659 1430 postquam
2700 1361 2753 1414 in
2786 1360 2989 1415 corium
3028 1360 3303 1429 migravit,
3354 1358 3601 1412 divinum

340 1440 470 1501 puta
497 1432 786 1501 Spiritum,
816 1453 911 1506 per
944 1454 1105 1506 quem
1139 1454 1207 1493 ex
1243 1440 1558 1494 hominibus
1592 1438 1688 1494 Dei
1739 1440 1881 1496 ﬁlios
1913 1443 2096 1507 edicit,
2131 1461 2195 1501 ac
2244 1448 2547 1517 discipulos
2583 1448 2667 1503 sui
2717 1449 2983 1518 imagines
3014 1448 3212 1510 reddit,
3246 1454 3305 1499 ttt
3367 1462 3461 1514 per
3511 1460 3605 1499 eus

340 1518 500 1571 nobis
536 1530 739 1588 praesto
769 1523 857 1575 sit.
890 1522 1057 1577 Juxta
1094 1525 1227 1578 illud
1257 1544 1269 1579 :
1314 1544 1331 1576 ι
1364 1524 1469 1591 Qui
1501 1541 1600 1580 vos
1627 1528 1846 1596 recipit,
1880 1545 1964 1584 me
1995 1532 2193 1601 recipit
2220 1534 2287 1587 ⁸⁸.
2331 1554 2349 1586 ι
2387 1534 2736 1605 Quapropter
2789 1534 2951 1588 matri
2982 1549 3202 1603 quoque
3236 1534 3303 1587 de
3328 1532 3604 1601 discipulo

341 1620 445 1659 suo
481 1607 535 1658 in
568 1608 682 1661 lucc
720 1610 885 1664 verba
916 1610 1049 1666 dicit
1082 1630 1095 1665 :
1147 1632 1165 1664 ι
1198 1612 1339 1667 Ecce
1373 1614 1515 1667 ﬁlius
1550 1622 1680 1668 tttus
1710 1614 1810 1668 ⁸⁸.»
1849 1614 1981 1668 Nam
2014 1616 2091 1671 illi
2123 1629 2380 1690 tanquam
2412 1623 2652 1691 scipsnm
2693 1622 3118 1688 commendavit,
3149 1636 3311 1689 quam
3342 1621 3395 1673 in
3430 1620 3607 1688 ipsius

342 1707 567 1761 quoque
601 1695 757 1748 ﬁdem
802 1712 911 1749 non
943 1699 1103 1752 aliter
1130 1716 1292 1769 quam
1343 1700 1428 1755 sui
1470 1700 1720 1765 tradidit,
1758 1718 1821 1756 ac
1879 1704 2120 1760 vicissim
2175 1708 2240 1761 ad
2283 1709 2617 1777 discipulum
2673 1709 2813 1762 divit
2862 1727 2875 1763 :
2924 1727 2941 1760 ι
2970 1708 3109 1763 Ecce
3150 1718 3320 1762 mater
3353 1715 3447 1761 tua
3478 1708 3545 1759 ".
3584 1726 3602 1758 ι

343 1785 642 1855 Quiigitur
678 1789 896 1842 unicam
929 1788 1151 1844 domum
1192 1790 1526 1853 fundarunt,“
1573 1792 1627 1846 itt
1658 1807 1778 1847 eam
1817 1808 1970 1846 suam
2018 1806 2117 1846 sua
2160 1791 2300 1845 bona
2343 1790 2780 1856 tt'anshtndunt;
2835 1793 2926 1860 qui
2982 1791 3211 1860 insuper
3264 1800 3505 1861 gentem,
3554 1791 3607 1843 in

343 1884 565 1944 gentem
602 1874 971 1932 transierunt.
1000 1878 1075 1931 Ita
1115 1878 1373 1934 Christus
1408 1881 1461 1933 in
1497 1894 1621 1933 eum
1659 1896 1880 1950 quoque
1912 1882 2002 1947 qui
2031 1882 2080 1935 ei
2112 1881 2346 1934 maxime
2381 1880 2542 1934 fuerit
2579 1880 2798 1943 similis,
2837 1880 2930 1949 qui
2968 1894 3073 1932 non
3109 1894 3369 1933 carncnm
3404 1893 3604 1948 genus,

342 1976 538 2016 verum
576 1964 856 2018 subditum
893 1966 1166 2019 condidit.
1195 1965 1366 2021 Jacob
1394 1968 1579 2036 itaque
1606 1968 1848 2021 moriens
1902 1967 2085 2022 futura
2135 1969 2529 2039 praedicturum
2584 1968 2863 2037 promisit,
2898 1982 2997 2021 nec
3044 1966 3224 2020 fausta
3255 1967 3363 2021 illis
3394 1982 3609 2020 nuncu—

344 2053 517 2123 pavit.
556 2053 850 2123 Aliqnibns
886 2054 1031 2107 enim
1067 2056 1307 2109 tribuum
1338 2055 1457 2109 dira
1491 2055 1950 2125 estimprecatus,
1979 2066 2164 2125 utpote
2221 2055 2349 2109 Levi
2394 2070 2456 2109 ac
2511 2056 2780 2110 Simeoni.
2823 2054 2931 2109 Sua
2994 2069 3124 2108 vero
3164 2056 3328 2108 verba
3382 2054 3609 2109 benedi-

344 2141 563 2194 ctiones
595 2150 756 2195 vocat
786 2142 981 2207 Moses,
1015 2142 1107 2210 qiti
1138 2141 1328 2198 Jacobi
1361 2144 1772 2199 exsecrationes
1805 2145 2108 2199 enervavit.
2137 2144 2205 2197 At
2243 2144 2552 2197 benedictio
2583 2143 2711 2212 quid
2746 2143 2893 2196 aliud
2927 2151 3031 2207 est,
3068 2158 3233 2212 quam
3268 2142 3610 2197 exsecratio.

346 2227 438 2282 nis
472 2229 816 2283 dissolutio?
843 2230 919 2284 Ae
952 2231 1054 2283 hoc
1095 2231 1317 2299 quidem
1350 2229 1514 2302 472
1544 2232 1771 2301 ﬁguram
1800 2234 1921 2285 tulit
1948 2232 2156 2286 Christi
2198 2232 2289 2301 qui
2316 2230 2573 2285 lsraelem
2604 2246 2631 2283 a
2663 2231 2798 2301 legis
2834 2230 3218 2283 maledictionc
3253 2240 3371 2284 erat
3404 2229 3608 2284 libera-

344 2324 529 2370 turus.
574 2317 633 2369 ln
669 2318 791 2385 ipso
840 2318 1044 2372 etenim
1082 2318 1256 2387 copia:
1286 2334 1456 2373 cornu
1506 2330 1609 2375 est.
1649 2318 1928 2388 Siquidem
1980 2320 2033 2374 in
2074 2321 2210 2389 lege,
2247 2327 2305 2372 ut
2337 2318 2515 2387 inquit
2548 2319 2615 2383 ⁵⁷,
2654 2319 2802 2372 nulla
2839 2326 2922 2371 est
2957 2315 3238 2385 perfectio.
3275 2316 3431 2382 Quod
3481 2331 3616 2373 sane

347 2404 606 2461 Israelem
633 2409 776 2461 scire
815 2408 1221 2471 conveniebat,
1256 2410 1400 2478 quod
1437 2410 1748 2465 exsecratio
1793 2411 1844 2464 in
1899 2408 2334 2464 benedictionem
2377 2414 2622 2461 transeat
2658 2404 2932 2468 videlicet,
2988 2419 3087 2459 nec
3121 2404 3346 2463 Christo
3384 2409 3474 2475 qui
3519 2421 3615 2461 eos

348 2494 407 2549 in
464 2494 904 2549 benedictionem
961 2496 1269 2558 transtulit,
1308 2511 1553 2561 crucem,
1608 2511 1673 2550 ac
1716 2512 1745 2551 e
1793 2497 1939 2567 ligno
2004 2496 2423 2564 suspensioncm
2492 2495 2843 2564 exprobrare.
2893 2491 3165 2560 Quocirca
3224 2495 3276 2547 in
3327 2494 3616 2563 principiis

349 2596 580 2635 suarum
660 2582 1109 2638 bencdictionmn
1182 2583 1537 2638 Servatorcm
1616 2583 1796 2639 Moses
1857 2585 2165 2638 constituit.
2243 2583 2348 2649 Qui
2420 2589 2588 2652 caput
2666 2592 2721 2637 et
2798 2584 3042 2653 priorum
3116 2593 3168 2637 ct
3248 2584 3615 2651 posteriorum

348 2668 803 2725 benedictionum
854 2680 985 2735 est,
1035 2687 1147 2727 non
1195 2686 1384 2726 carum
1439 2672 1617 2728 solum
1674 2688 1795 2740 qua:
1848 2671 2100 2728 lsraelem
2150 2678 2440 2740 spectant,
2490 2686 2679 2726 verum
2736 2670 2899 2725 etiam
2946 2686 3066 2741 qua:
3123 2685 3287 2741 regna
3333 2670 3435 2725 alia
3491 2671 3616 2725 uni;

351 2773 539 2814 versa.
944 2784 947 2785 '

428 2866 784 2922 Dominuuie
814 2867 948 2923 Sina
982 2869 1147 2932 venit,
1177 2878 1224 2923 et
1262 2871 1564 2937 comparuit
1609 2870 1761 2924 nobis
1810 2870 1874 2924 de
1905 2869 2043 2926 Seir.
2071 2870 2178 2942 [2.]
2212 2869 2286 2925 De
2323 2870 2671 2941 apparitione
2700 2867 2915 2925 Domini
2951 2884 3014 2925 ca
3045 2868 3312 2935 loquitur,
3368 2883 3533 2938 quam
3564 2869 3618 2923 in

354 2965 545 3009 monte.
568 2955 887 3025 cumlegem
924 2956 1118 3018 ferret,
1144 2972 1269 3012 cum
1302 2959 1551 3012 exercitu
1579 2958 1899 3027 angelorum
1936 2956 2082 3022 fecit,
2117 2973 2212 3027 per
2242 2972 2383 3027 quos
2432 2957 2604 3027 legem
2643 2957 3034 3027 promulgavit,
3069 2956 3315 3028 Mosiqnc
3357 2957 3618 3011 eximiam

351 3038 579 3096 lsraelis
608 3054 814 3096 sortem
856 3044 1284 3099 commendavit.
1321 3044 1395 3098 De
1425 3061 1534 3114 qua
1563 3046 1830 3114 scriptum
1875 3053 1960 3099 est
1991 3064 2004 3100 :
2042 3065 2059 3097 t
2089 3044 2208 3101 Non
2243 3054 2528 3116 tantopere
2559 3046 2727 3099 ullam
2773 3044 2955 3100 aliecit
2985 3055 3228 3115 gentem,
3283 3059 3385 3099 nec
3413 3042 3620 3113 judicia

356 3144 460 3183 sua
489 3140 622 3184 nata
656 3131 783 3185 fecit
813 3132 895 3186 eis
917 3132 984 3188 ⁸⁸.
1021 3152 1040 3185 ι
1092 3131 1298 3187 Deinde
1341 3133 1661 3187 vaticinium
1695 3133 1762 3188 de
1789 3132 2011 3189 Christo
2045 3137 2153 3189 tale
2177 3135 2372 3199 edidit,
2398 3134 2546 3203 quod
2582 3134 2699 3204 ipse
2736 3132 2998 3189 Dominus
3032 3134 3097 3189 sit
3127 3134 3219 3202 qui
3256 3133 3429 3203 legem
3454 3132 3611 3187 dcde~

354 3220 450 3283 rit,
473 3234 540 3273 ac
572 3235 672 3274 rex
709 3220 899 3276 dilecti
930 3222 1117 3292 populi
1148 3222 1408 3285 exsistat,
1436 3238 1564 3276 cmn
1601 3238 1711 3292 quo
1741 3223 1999 3276 omnibus
2027 3237 2249 3293 quoque
2296 3222 2586 3277 bcncdicet
2638 3220 2879 3291 pepulis,
2927 3220 3019 3289 qui
3058 3223 3367 3290 principum
3402 3219 3624 3274 nomine

355 3305 770 3377 signiﬁcantur.
828 3309 1303 3374 Quemadmodum
1358 3309 1529 3365 David
1583 3326 1801 3380 quoque
1852 3311 2047 3364 dixit:
2105 3308 2442 3380 «Principes
2502 3310 2828 3380 populorum
2881 3310 3098 3364 collecti
3158 3320 3288 3364 sunt
3344 3308 3410 3361 ad
3453 3306 3623 3362 Deum

355 3396 638 3452 Abraham
671 3398 738 3452 ”.
776 3417 795 3451 ι
839 3397 1089 3453 Nondum
1120 3401 1264 3455 enim
1295 3416 1419 3454 cum
1454 3400 1536 3455 lex
1574 3401 1886 3455 sanciretur
1915 3400 2134 3454 sincere
2176 3398 2297 3467 ejus
2329 3414 2499 3470 regno
2534 3399 2849 3468 parebatur.
2884 3396 3018 3451 Nam
3054 3415 3177 3453 cum
3210 3400 3290 3453 lex
3347 3398 3625 3468 paulagogi

358 3487 511 3540 vices
537 3487 759 3549 habeat,
793 3504 903 3543 non
937 3490 1074 3544 satis
1102 3504 1229 3543 cum
1279 3488 1389 3544 Deo
1416 3488 1749 3543 conciliandi
1781 3488 1882 3541 luit
1913 3488 2131 3552 idonea,
2185 3486 2364 3540 donec
2410 3488 2654 3555 scipsum
2690 3486 2919 3555 ipsemet
2951 3486 3101 3541 dedit
3135 3486 3402 3540 Dominus
3435 3502 3624 3554 regno,

357 3586 423 3627 ac
454 3572 927 3628 administrationi
966 3590 1148 3630 rerum
1187 3573 1543 3629 Judaicarum
1586 3573 2167 3644 Grtecanicarnmqne.
2218 3574 2377 3641 Quod
2443 3591 2570 3629 vero
2602 3577 2852 3645 (ιιιωάιιιιι
2907 3576 3041 3629 dicit
3091 3576 3156 3630 de
3187 3576 3330 3644 ipso,
3378 3578 3626 3644 qumdam

357 3676 493 3717 vero
518 3662 583 3716 ad
613 3661 819 3731 ipsum,
853 3664 937 3718 vel
971 3665 1075 3718 hoc
1106 3663 1437 3734 simpliciter
1470 3662 1626 3725 fecit,
1661 3663 1745 3716 vel
1773 3661 2049 3731 duplicem
2083 3663 2202 3733 ejus
2238 3679 2529 3734 personam
2564 3665 2949 3720 demonstrare
2988 3668 3124 3729 \ttll,
3153 3682 3213 3717 ac
3251 3664 3393 3717 Patri
3428 3664 3627 3717 Filium

357 3765 462 3805 ceu
488 3750 918 3805 coessentialem
948 3751 1293 3822 conjungere
1336 3768 1350 3805 :
1384 3752 1844 3821 quemadmodum
1872 3749 2170 3806 Zacharias
2202 3767 2423 3822 quoque
2464 3768 2525 3806 ev
2571 3767 2811 3822 persona
2848 3752 2939 3806 Dei
2994 3753 3246 3823 loquens,
3281 3752 3628 3805 all'littionetn

358 3858 425 3898 ac
449 3854 686 3898 mortem
720 3843 843 3914 ejus
869 3844 1157 3908 indicavit,
1199 3843 1335 3897 dicit
1366 3844 1513 3898 enim
1545 3862 1557 3897 :
1600 3865 1617 3895 ι
1648 3832 1928 3913 ASpicient
1955 3856 2114 3910 quem
2151 3848 2594 3909 compunxcrunt
2617 3840 2681 3893 ‘°.
2715 3859 2732 3891 ι
2770 3842 2892 3894 Alio
2917 3842 3044 3895 item
3096 3841 3239 3903 loco,
3269 3842 3373 3894 alia
3411 3840 3631 3918 quidpm

358 3946 598 4002 persona
633 3946 755 4001 quae
802 3932 970 3985 tnittit
1031 3931 1366 3997 ostenditur,
1406 3932 1511 3987 alia
1551 3947 1679 3986 vero
1730 3947 1852 4003 qua:
1890 3928 2147 3984 mittitur.
2203 3926 2466 3982 Dominus
2533 3928 2658 3981 item
2711 3928 3031 3999 angelorum
3082 3929 3481 3998 promulgatur,
3540 3944 3635 3996 pcr

361 4035 501 4090 quos
562 4022 737 4091 legem
802 4036 1025 4091 quoque
1093 4020 1286 4086 dedit,
1339 4020 1500 4091 juxta
1567 4020 1699 4075 illud
1758 4038 1769 4072 :
1835 4038 1852 4073 ι
1900 4017 2162 4072 Ordinata
2220 4017 2333 4086 ’pcr
2390 4016 2629 4084 Angelos
2690 4016 2742 4068 in
2819 4031 2984 4069 manu
3052 4017 3441 4072 intercessoris
3483 4018 3548 4069 δι.
3611 4034 3629 4066 ι

363 4105 686 4179 Stephanus
719 4107 851 4162 item
889 4107 1073 4177 inquit
1110 4120 1126 4159 :
1169 4125 1187 4158 ι
1220 4106 1531 4178 AccepiStis
1564 4109 1736 4178 legem
1766 4107 1925 4178 juxta
1958 4106 2275 4177 praescripta
2308 4104 2657 4175 angelorum,
2698 4120 2799 4160 nec
2831 4106 3096 4161 servastis
3132 4106 3195 4157 ⁶².
3241 4126 3257 4156 ι

431 4238 505 4292 Τὸ
539 4239 692 4305 Σινᾶ,
743 4239 868 4309 ὅρος
915 4239 1036 4293 ἐστὶ
1080 4239 1181 4309 τῆς
1233 4239 1459 4310 Φαρὰν·
1501 4242 1621 4312 ἥτις
1682 4242 1801 4294 ἐστὶ
1850 4240 1948 4309 τῆς
1987 4243 2027 4297 Β

1987 4243 2027 4297 Β
2131 4236 2301 4292 Porro
2350 4235 2480 4291 Sina
2508 4251 2665 4290 mons
2706 4239 2759 4292 in
2810 4237 3036 4293 deserto
3083 4235 3316 4291 Pharam
3349 4281 3359 4299 .
3396 4238 3540 4307 quod
3582 4238 3634 4291 in
3672 4292 3674 4296 _

372 4329 656 4401 Ἀραϐίας,
688 4330 763 4394 ὡς
790 4332 817 4382 ὁ
844 4329 1056 4394 [Ιαῢλός
1088 4346 1276 4401 φησιν.
1294 4330 1354 4383 ἸΙ
1387 4331 1442 4384 δὲ
1473 4330 1657 4403 Φαράν
1706 4333 1821 4384 ἐστι
1850 4331 1955 4384 Κά-

357 4423 481 4495 δης,
540 4422 616 4487 ὥς
673 4441 838 4493 φησιν
892 4425 951 4476 ὲν
1006 4426 1122 4495 τεοῖς
1168 4424 1470 4494 Ἀριθμοῖς.
1528 4425 1695 4493 Σηεὶρ
1746 4424 1803 4476 δὲ
1861 4423 1954 4476 καὶ

373 4515 556 4585 Ἐδὼμ
589 4518 740 4568 ἐστιν
782 4516 811 4568 ὁ
852 4515 1046 4569 Ἠσαῦ.
1091 4509 1166 4569 UB
1201 4517 1263 4569 τὸ
1313 4517 1439 4587 ὅρος
1486 4517 1719 4587 πλησίον
1743 4515 1951 4586 Φαράν.

366 4628 387 4661 ι
418 4610 519 4662 Ἐκ
553 4608 686 4662 Σινὰ
719 4608 796 4673 δὲ,
847 4609 1038 4678 φησὶν,
1090 4609 1217 4681 Ιἣκει
1272 4611 1497 4681 Κύριος,
1528 4630 1546 4662 ι
1594 4609 1711 4663 ἀλλ’
1747 4610 1845 4661 οὐκ
1876 4611 1955 4671 εἰς

360 4704 516 4767 Σινὰ,
555 4704 653 4758 καὶ
677 4704 954 4773 ὲπέφανεν
1002 4705 1065 4757 ὲκ
1103 4704 1296 4775 Σηεὶρ,
1336 4705 1652 4773 ὑποφαίνων
1683 4702 1782 4772 τὴν
1818 4702 1958 4755 κατᾶ

362 4799 548 4868 σάρκα
573 4797 742 4851 αὑτοῦ
775 4797 1057 4868 γέννησιν,
1096 4797 1193 4850 τοῦ
1230 4799 1323 4851 καὶ
1350 4798 1407 4850 ὲν
1436 4798 1567 4851 Σινὰ
1596 4798 1860 4867 φανέντος
1899 4799 1957 4849 ἐν

356 4890 493 4943 εἴδει
527 4890 723 4959 πυρὸς,
771 4890 867 4942 καὶ
906 4889 1203 4953 δεδωκότος
1274 4890 1459 4954 αὐτοῖς
1510 4889 1602 4942 τὸν
1646 4890 1828 4959 νόμον.
1871 4890 1957 4953 Ὦς

358 4985 668 5051 ἀναγκαῖον
699 4982 811 5053 γὰρ
839 4982 1023 5045 αὐτοῖς
1054 4982 1151 5035 καὶ⁸
1204 4983 1473 5051 σωτήριον
1504 4979 1662 5033 τοῦτο
1691 4979 1752 5033 τὸ
1783 4979 1958 5049 μάθῃ·

362 5093 443 5144 μα
474 5075 870 5145 παραδίδωαιν,
905 5075 989 5128 ὅτι
1038 5073 1337 5144 ὀφθήσεται
1378 5074 1443 5126 ὲκ
1475 5072 1642 5143 Σηείρ
1670 5088 1681 5101 ·
1724 5074 1783 5135 ὃς
1810 5074 1959 5124 ἐστιν

372 5168 553 5239 Ἐῖώμ
573 5184 587 5198 ’
608 5167 789 5237 Ἐδὼμ
813 5168 894 5232 δὲ,
924 5170 954 5222 ὁ
979 5168 1190 5237 γήϊνος.
1217 5186 1235 5219 ι
1263 5166 1751 5229 Καὶκατέσπευσε,
1767 5166 1955 5235 φησὶν,

329 5283 340 5293 ·
359 5263 417 5326 ἐξ
436 5263 600 5335 ὅρους
630 5262 840 5333 Φαρὰν,
873 5280 891 5314 ι
917 5260 1013 5315 τοῦ
1048 5261 1217 5331 νόμου
1265 5261 1365 5331 τὴν
1395 5259 1610 5313 παῦλαν
1650 5257 1847 5327 δηλῶν.
1881 5260 1957 5310 Οὐ

361 5351 475 5425 γὰρ
504 5353 588 5407 ἔτι
634 5354 784 5424 μόνῳ
836 5351 1174 5424 χρηματίζει
1218 5353 1298 5424 τῷ
1340 5352 1593 5422 προτέρῳ
1642 5350 1776 5422 λαῷ,
1824 5349 1959 5404 ἀλλὰ

362 5448 463 5502 καὶ
489 5449 663 5502 πᾶσιν
687 5447 790 5519 ἠδη
823 5450 938 5511 τοῖς
978 5446 1181 5503 ἔθνεσι.
1216 5447 1495 5518 Γράφεται
1522 5447 1579 5500 δὲ
1616 5445 1729 5511 καὶ,
1771 5464 1789 5496 ι
1823 5461 1959 5498 κατ-

362 5541 663 5607 ἐπαυσενμ
687 5540 826 5611 ὅπερ
843 5540 997 5610 δηλοῖ
1016 5540 1077 5594 τὸ
1101 5540 1428 5604 σπουδάζειν
1453 5539 1616 5593 αὐτὸν
1638 5537 1960 5591 καταλιπεῖν

442 5725 489 5758 ⁸⁵
523 5721 718 5780 Matth.
753 5740 808 5784 x.
842 5721 933 5777 £0.
1011 5722 1057 5755 ⁸⁸
1087 5721 1247 5779 Joan.
1295 5737 1409 5785 ιιι,
1438 5720 1547 5775 ³26.

363 5814 513 5859 nrt,
554 5796 639 5851 10..
748 5795 794 5827 ⁸⁸
824 5793 1059 5851 Zachar.
1100 5811 1193 5863 xu,
1240 5794 1353 5863 ill;
1401 5791 1557 5849 JOan.
1602 5791 1830 5860 313,57.

364 5870 413 5903 “
446 5868 615 5925 Num.
663 5865 895 5935 “11,27.

1627 5719 1673 5752 "
1711 5718 1846 5773 ibid.
1892 5717 1980 5772 97.

1908 5790 1948 5821 ⁶¹
1986 5787 2162 5844 Galat.
2197 5804 2276 5853 nt,
2318 5789 2396 5843 l9.

2056 4331 2283 4393 Arabia,
2312 4329 2483 4387 Paulo
2512 4347 2734 4414 quoqtte
2765 4341 2903 4388 teste
2934 4333 3001 4397 ⁸³,
3046 4332 3211 4387 situm
3248 4341 3352 4386 cst.
3406 4333 3473 4386 At
3503 4330 3643 4385 Pha-

2059 4442 2155 4479 ran
2204 4424 2384 4480 Gades
2440 4433 2525 4480 est
2581 4426 3048 4495 quemadmodum
3110 4426 3275 4479 tradit
3338 4427 3391 4479 in
3442 4424 3644 4481 Nume-

2058 4517 2135 4571 t-is
2162 4515 2226 4570 “.
2262 4515 2437 4571 Porro
2462 4515 2586 4571 Scir
2608 4527 2662 4572 ct
2696 4517 2865 4570 l'ldom
2895 4517 3039 4571 Esau
3071 4525 3223 4581 sunt,
3257 4517 3422 4586 cujus
3455 4518 3643 4572 termi-

2058 4627 2163 4664 nus
2199 4625 2369 4679 prope
2428 4608 2645 4663 Pharan
2679 4619 2784 4665 cst.
2827 4609 2965 4662 Dicit
2999 4625 3126 4664 vero
3161 4628 3174 4665 :
3222 4630 3240 4661 ι
3271 4610 3347 4664 Ex
3388 4608 3522 4664 Sina
3551 4626 3644 4664 vc-

2058 4701 2141 4753 nit
2186 4698 2475 4763 Dominus,
2512 4720 2530 4751 ι
2571 4716 2695 4764 nec,
2747 4698 2801 4753 In
2862 4698 3017 4766 Sina,
3062 4704 3189 4755 item
3228 4711 3383 4754 ortus
3415 4711 3520 4755 est.
3568 4700 3645 4753 Ex

2061 4792 2186 4847 Seir
2245 4792 2367 4861 ejus
2405 4796 2663 4847 carneat‘n
2710 4791 3124 4862 generationem
3176 4790 3456 4856 declarat,
3499 4790 3644 4858 ejus,

2061 4883 2310 4953 inquam,
2346 4882 2438 4951 qui
2472 4883 2524 4936 in
2564 4890 2748 4937 monte
2792 4896 3014 4951 quoque
3051 4882 3195 4948 ignis
3246 4881 3417 4949 ﬁgura
3451 4882 3646 4946 eluxit,

2061 4977 2347 5045 legemque
2391 4976 2526 5045 ipsis
2558 4976 2805 5037 tradidit,
2845 4992 3009 5046 quam
3047 4975 3353 5045 disviplinm
3388 4990 3650 5029 necessa-

2061 5072 2156 5125 ria:
2200 5086 2263 5123 ac
2302 5069 2566 5124 salutaris
2618 5070 2737 5123 vice
2790 5070 2899 5124 illis
2944 5071 3319 5122 commendat.
3370 5067 3645 5134 Quoniam

2061 5163 2433 5233 conspicietur
2461 5178 2525 5218 ex
2560 5161 2702 5225 Seir,
2747 5162 2841 5233 qui
2902 5171 3156 5217 terrenus
3199 5160 3367 5215 Edoni
3415 5169 3522 5216 est.
3584 5162 3649 5215 Et

2063 5258 2232 5311 movit
2266 5271 2331 5311 ex
2384 5266 2570 5311 monte
2622 5255 2861 5317 Pharan,
2908 5270 3021 5325 quo
3061 5256 3196 5327 legis
3232 5256 3395 5310 linem
3450 5256 3646 5308 subin-

2061 5350 2203 5411 nuit,
2242 5364 2349 5404 non
2390 5350 2534 5404 enim
2564 5349 2744 5420 primo
2777 5349 2981 5420 popqu
3006 5349 3230 5403 oracula
3269 5357 3483 5419 promet
3520 5350 3646 5411 soli,

2063 5460 2249 5499 verum
2296 5442 2515 5496 cunctis
2562 5458 2727 5514 porro
2770 5444 3051 5514 gentibus.
3102 5441 3378 5497 Scribitur
3412 5443 3563 5503 item,
3597 5452 3652 5496 et

2064 5533 2380 5597 festinavit,
2417 5548 2526 5603 quo
2587 5532 2865 5588 indicatur
2913 5533 3158 5588 studium
3206 5547 3317 5602 quo
3362 5531 3653 5588 contendit

2716 5714 2761 5747 ⁸⁸
2791 5713 2937 5770 l’sal.
3005 5729 3206 5776 CXLVII,
3252 5713 3342 5769 20.
3422 5714 3466 5745 ⁵⁹
3499 5714 3646 5770 Psal.

2093 5717 2137 5747 "
2174 5714 2339 5770 Ilebr.
2372 5733 2467 5787 vn,
2516 5715 2599 5770 19.
2716 5714 2761 5747 ⁸⁸
2791 5714 2937 5770 l’sal.
3005 5729 3206 5776 cum,
3246 5714 3342 5783 20.
3422 5714 3466 5745 ⁵⁹
3499 5714 3619 5770 Psal

2093 5797 2137 5820 ..ι
2197 5804 2252 5820 ιιι
2318 5789 2375 5820 HI
2509 5788 2552 5820 ῆι
2604 5789 2693 5820 Ant
2756 5804 2823 5820 ι-ιι
2889 5786 2953 5820 ῗξῗ
3077 5785 3121 5816 63
3170 5786 3325 5820 [Inlue
3426 5802 3477 5820 ιν
3555 5785 3625 5820 ἢκ

2597 5789 2717 5843 Act.
2756 5804 2850 5853 vn,
2886 5786 2973 5841 55.
3077 5785 3121 5816 ⁸³
3170 5786 3349 5840 Gal-at.
3426 5802 3509 5850 tv,
3555 5785 3650 5865 '35.
