4272 6446
276 465 375 528 981

1232 461 1699 523 COMMENTAR
1716 462 1772 519 ll
1809 458 1886 518 ΙΝ
1932 459 2028 517 DE
2040 461 2456 522 UTERt'iNOM
2471 466 2484 519 l
2501 466 2603 520 l'.\f
2620 511 2629 520 .

3448 465 3550 524 98?.

273 599 375 650 την
397 578 818 634 ἀποδεκατιίωω.
858 597 874 630 ι
913 579 1147 641 Δέκατος
1180 578 1236 630 δέ
1272 580 1380 631 άπὸ
1407 577 1503 631 τοῦ
1556 577 1865 631 τελευταίου

1975 574 2121 627 nium
2157 591 2494 645 qumeunque
2528 577 2658 628 mihi
2684 577 2897 632 dederis
2922 578 3163 630 det-imas
3189 578 3418 644 pen-lam
3530 606 3542 622 ρ

274 671 464 734 παιδὸς
492 672 521 722 6
549 670 703 734 Λευῖ,
734 671 829 723 τοῦ
861 671 1048 732 τέλους
1072 671 1151 732 είς
1186 669 1361 740 ἀρχὴν
1383 670 1756 731 καταστάντος
1775 669 1862 720 διὰ

273 762 532 834 Χριστόν.
562 763 659 824 Ὃς
685 763 863 833 ἀρχὴν
884 763 947 815 τὸ
976 760 1132 825 τέλος
1172 760 1475 830 ἀπέφηνεν,
1516 762 1603 813 ἐπ’
1629 760 1862 829 ἐσχάτου

273 852 369 909 τοῦ
390 854 587 916 αίῶνος
618 853 810 918 ἐλθὼν,
846 856 940 907 καὶ
964 853 1062 923 τὴν
1099 854 1354 920 εὐλογίαν
1396 853 1505 905 ἀπὸ
1549 853 1643 905 τοῦ
1678 853 1864 914 τέλους

275 944 611 1014 εἰσαγαγών.
654 945 713 998 '0
739 946 796 999 δὲ
826 945 1056 1016 Συμεὼν
1090 945 1167 1015 τῷ
1191 947 1382 1016 Κυρίῳ
1415 945 1861 1008 καταλέλειπται,

275 1037 370 1093 καὶ
395 1038 428 1105 ή
474 1036 667 1089 τούτου
705 1036 1011 1105 διόρθωσ;ς.
1064 1038 1161 1100 Ὃς
1196 1037 1343 1090 ἅπαν
1376 1038 1437 1090 τὸ
1479 1036 1759 1106 ἐλλειφθὲν
1789 1036 1865 1107 τῷ

274 1128 425 1198 νόμῳ
455 1128 542 1181 διὰ
579 1129 679 1198 τῆς
727 1129 953 1199 χάριτος
1005 1130 1333 1200 ἀναπληροῖ.
1373 1131 1588 1199 Ὥσπερ
1644 1129 1867 1193 καὶτὰς

272 1219 406 1272 δέκα
434 1220 626 1287 φυλὰς,
661 1222 904 1291 Ἐφραὶμ
926 1222 1359 1292 ὀνομαζομένας,
1394 1223 1495 1276 οὐκ
1517 1222 1811 1292 ἀναγαγὼν
1840 1223 1867 1275 6

272 1310 407 1374 Θεὸς
442 1312 499 1364 ὲν
547 1312 744 1381 ἀφέσει
794 1316 859 1383 τῇ
896 1314 1050 1385 παρὰ
1078 1316 1309 1387 Κυρίου,
1358 1316 1868 1385 ἐπαγγέλλετσιδιὰ

273 1400 368 1454 τοῦ
416 1400 686 1472 Ἰερεμίου
743 1403 951 1467 ταύτας
996 1406 1239 1471 ἀνάξειν,
1287 1406 1377 1459 διά
1400 1407 1639 1476 Χριστοῦ
1666 1406 1867 1477 δηλαδὴ

274 1492 375 1559 τῆς
405 1493 729 1563 εὐεργεσίας
756 1496 840 1562 ἐφ’
865 1496 1114 1560 ἅπαντας
1146 1497 1518 1568 ἁπλουμένης.
1574 1501 1677 1552 Ἦν
1738 1517 1869 1571 προ-

273 1581 493 1650 εδὴλου,
541 1582 754 1650 λέγων·
800 1602 819 1635 ι
862 1586 1085 1639 Ἐκτισε
1121 1587 1328 1658 Κύριος
1354 1590 1539 1643 καινὸν
1571 1591 1628 1644 ἐν
1663 1595 1727 1661 τῇ
1770 1595 1864 1661 γῇ.

272 1670 467 1741 θήλεια
495 1673 902 1742 περικυκλώσει
933 1676 1123 1746 ἄνδρα.
1160 1695 1178 1728 ι
1206 1678 1405 1731 Καινδν
1436 1681 1547 1750 γὰρ
1567 1681 1627 1733 τὸ
1656 1681 1867 1751 κυηθῆ-

270 1782 361 1818 ναι
389 1766 562 1835 ἄνδρα
597 1769 767 1837 χωρὶς
796 1765 1028 1839 πατρὸς,
1054 1770 1120 1824 δι’
1146 1765 1207 1827 οὗ
1239 1772 1442 1845 πάντες
1477 1775 1867 1845 ἁνεκαινίσθη-

275 1874 399 1926 μεν.
442 1857 588 1921 Είςό
612 1861 707 1913 καὶ
746 1861 975 1930 Συμεὼν
1008 1864 1309 1935 σιωπηθεὶς
1352 1842 1492 1936 μετὰ
1538 1868 1646 1920 τῶν
1694 1842 1868 1921 ἄλλων

271 1950 654 2022 παρεπέμφθη
703 1952 907 2020 φυλῶν.
934 1954 1124 2026 ’Κοινὴ
1185 1955 1295 2028 γὰρ
1346 1960 1475 2027 περὶ
1532 1957 1627 2011 τοῦ
1682 1958 1866 2023 ἔθνους

273 2042 583 2110 ἐπαγγελία
612 2043 673 2096 τὸ
705 2043 783 2115 μὴ
817 2044 1132 2100 παύσεσθαι
1156 2046 1252 2101 τδν
1291 2049 1529 2119 Ἰσραὴλ,
1563 2050 1713 2115 ἔθνος
1737 2051 1868 2105 ὄντα

272 2132 510 2187 ἐνώπιον
545 2133 643 2187 τοῦ
665 2134 824 2191 Θεοῦ.
879 2137 1040 2210 mi;
1064 2137 1121 2191 δέ
1146 2156 1331 2209 φασιν,
1377 2140 1453 2205 ὡς
1492 2141 1734 2213 Μωῦσῆς
1767 2143 1869 2207 τὰς

272 2225 527 2293 εὐλογίας
559 2226 757 2294 διδοὺς,
793 2227 894 2298 τὴν
926 2229 1063 2283 ίδίαν
1095 2232 1269 2302 φυλὴν
1302 2233 1404 2287 οὐκ
1451 2234 1517 2288 ἂν
1577 2236 1867 2291 κατέλιπεν

273 2317 664 2387 ἀνευλόγητον.
702 2319 781 2372 Δι’
808 2320 972 2376 αὑτὸν
1005 2322 1063 2375 δέ
1094 2323 1229 2387 Θεὸς
1262 2326 1522 2395 εύλόγησε
1547 2327 1646 2396 τὴν
1673 2328 1864 2400 φυλὴν,

270 2408 350 2473 ὡς
380 2410 477 2464 καὶ
508 2410 598 2465 διὰ
632 2412 732 2483 τὴν
766 2413 1123 2485 φιλαδελφίαν
1158 2416 1260 2489 τὴν
1294 2417 1389 2471 τοῦ
1432 2418 1678 2489 Ῥουϐίμ.
1726 2422 1783 2473 '0
1811 2422 1867 2475 δὲ

273 2499 507 2571 Συμεὼν
554 2504 658 2556 οὐκ
709 2503 838 2576 ἔσχε
895 2505 1175 2577 πρόφασιν
1227 2508 1324 2579 τῆς
1364 2509 1615 2577 εὐλογίας
1662 2515 1863 2581 τυχεῖν.

271 2594 639 2664 Στοχάζονται
668 2596 726 2650 δὲ
774 2598 937 2653 αὑτὸν
983 2601 1077 2653 καὶ
1124 2600 1440 2674 ἀρχηγέτην
1472 2605 1571 2675 τῆς
1605 2608 1748 2661 κατὰ
1773 2607 1866 2662 τοῦ

285 2685 486 2757 Ἰωσὴφ
519 2686 818 2757 ἐπιϐουλῆς
840 2690 1194 2760 γεγενῆσθαι,
1216 2692 1309 2746 καὶ
1339 2695 1402 2747 ἐκ
1428 2694 1521 2749 τοῦ
1549 2697 1639 2750 τὸν
1666 2698 1867 2770 Ἰωσὴφ

270 2777 404 2839 τοὺς
439 2777 540 2847 μὲν
575 2778 769 2843 ἄλλους
808 2780 1114 2848 ἀπολῦσαι,
1143 2784 1310 2837 αὐτὸν
1351 2784 1407 2839 δὲ
1439 2787 1744 2858 καθεῖρξαι.
1776 2795 1869 2846 Τι-

270 2866 363 2930 νὲς
389 2867 447 2919 δὲ
478 2866 574 2922 καὶ
596 2870 654 2921 ἐν
675 2873 740 2939 τῇ
772 2870 880 2923 τῶν
909 2872 1224 2942 ἀλλοφύλων
1271 2878 1498 2950 πορνείᾳ
1535 2882 1698 2948 φασὶν
1734 2884 1868 2951 ἀρχ-

272 2958 411 3027 ηγὸν
443 2958 779 3029 γεγενῆσθαι
808 2961 901 3014 τὸν
928 2962 1213 3033 Συμεῶνα,
1235 2964 1322 3018 ὅτε
1345 2966 1433 3019 διὰ
1464 2968 1625 3038 ζῆλον
1645 2974 1671 3024 6
1688 2972 1870 3036 Φινεὲς

270 3050 645 3106 δεδικαίωται.
680 3053 841 3118 Τινὲς
872 3055 930 3109 δέ
961 3073 1149 3125 φασιν,
1181 3058 1257 3122 ὡς
1301 3062 1367 3131 τῇ
1399 3060 1541 3132 φυλῇ
1573 3062 1705 3116 Λευῖ
1745 3082 1870 3119 συν-

273 3141 588 3212 ευλόγηται.
639 3145 727 3210 Ὠς
769 3146 879 3217 γὰρ
920 3149 991 3202 τὰ
1021 3149 1123 3220 τῆς
1168 3151 1331 3222 ἀρᾶς,
1366 3151 1512 3207 οὕτω
1550 3156 1645 3208 καὶ
1671 3158 1739 3211 τὰ
1772 3159 1870 3230 τῆς

1968 662 2060 716 Est
2086 680 2215 716 vero
2243 666 2309 719 ab
2367 665 2563 718 ultimo
2602 665 2711 717 filio
2756 665 2881 718 Levi
2938 666 3204 727 dcciiins,
3257 680 3317 715 ac
3354 667 3421 716 ita
3457 684 3552 730 ιιι-ι·

1965 755 2244 809 Christum
2299 756 2421 808 finis
2467 770 2591 808 eum
2651 756 2924 824 principio
2973 756 3403 821 redintegratur.
3458 758 3549 823 qui

1967 861 2090 900 cum
2118 855 2360 900 extrema
2401 848 2646 900 venisset
2671 856 2847 909 relate,
2876 855 3290 915 extremamque
3320 846 3551 898 felicita—

1971 950 2074 993 tem
2104 939 2395 1002 attulisset,
2430 939 2589 992 finem
2619 939 2671 990 in
2698 937 3027 1006 principium
3061 938 3351 990 convertit.
3380 935 3551 988 Porro

1971 1030 2191 1086 Simeon
2221 1046 2342 1086 cum
2372 1030 2712 1084 correCtione
2741 1044 2839 1085 sua
2888 1029 2997 1083 Deo
3038 1036 3123 1082 est
3172 1029 3416 1091 relicuts,
3455 1031 3549 1095 qui

1968 1131 2143 1179 totum
2175 1124 2308 1193 legis
2338 1123 2530 1177 vitium
2563 1123 2735 1192 gratia
2764 1138 2863 1176 sua
2890 1123 3139 1176 resarcit.
3171 1123 3549 1186 Quemadmo-

1971 1214 2095 1267 tluni
2128 1229 2251 1268 cum
2298 1214 2485 1269 decem
2528 1214 2702 1267 tribus
2732 1211 2993 1281 Ephraim
3039 1213 3259 1266 nomine
3311 1213 3550 1281 insignes

1970 1305 2124 1373 cepia
2151 1304 2388 1359 abeundi
2427 1320 2457 1357 a
2508 1302 2651 1375 Cyro
2703 1303 2838 1372 ipsis
2893 1303 3017 1355 data
3068 1318 3178 1356 non
3240 1303 3552 1356 reduxisset

1972 1394 2135 1459 Deus,
2166 1410 2261 1465 per
2288 1394 2581 1450 Jeretniam
2609 1410 2637 1447 a
2664 1394 2888 1448 Christo
2915 1394 3200 1447 reductum
3232 1395 3406 1447 ituras
3429 1410 3551 1447 esse

1970 1489 2261 1559 promittit,
2285 1496 2344 1543 ut
2371 1490 2421 1543 id
2456 1489 2781 1543 beneficium
2812 1503 2976 1557 super
3008 1503 3200 1543 omnes
3227 1490 3555 1542 extendatur

1970 1581 2239 1635 videlicet.
2265 1580 2337 1633 De
2355 1595 2463 1649 quo
2482 1579 2937 1651 significationem
2959 1583 3244 1650 praemisit,
3266 1583 3516 1651 inquiens
3539 1602 3550 1634 :

1979 1690 1997 1722 ι
2039 1670 2187 1727 Fecit
2214 1687 2327 1727 rem
2364 1687 2559 1727 novam
2595 1672 2859 1744 Dominus
2890 1712 2905 1736 ,
2943 1673 3149 1743 femina
3189 1675 3555 1729 circumdabit

1972 1763 2145 1817 virum
2171 1763 2238 1818 τ’.
2281 1782 2298 1813 ι
2340 1760 2550 1817 Νονιιιιι
2587 1764 2732 1817 enim
2796 1764 2897 1817 fuit
2953 1764 3208 1820 videlicet
3241 1768 3385 1836 gigni
3439 1767 3555 1821 sine

1971 1860 2145 1921 patre,
2176 1867 2273 1923 per
2311 1868 2471 1922 quem
2526 1855 2774 1907 renovati
2816 1870 3007 1909 sumus
3057 1872 3269 1912 omnes.
3308 1858 3558 1928 Quapro-

1971 1954 2090 2015 pter
2114 1959 2246 2000 sane
2276 1945 2495 2000 Simeon
2520 1944 2663 1999 inter
2686 1946 2822 2000 alias
2855 1947 3030 2001 tribus
3055 1947 3273 2001 silentio
3306 1957 3387 2001 est
3420 1966 3556 2017 pri!!-

1973 2037 2186 2093 teritus.
2236 2036 2557 2093 Communis
2600 2036 2747 2090 enim
2809 2038 3103 2106 promissio
3154 2039 3295 2092 hanc
3342 2050 3554 2108 gentem

1971 2133 2176 2189 manet,
2218 2123 2367 2195 quod
2402 2125 2569 2180 Israel
2609 2140 2742 2195 gens
2776 2125 2885 2182 Deo
2923 2136 3074 2196 grata
3113 2128 3323 2182 nullmn
3361 2130 3433 2184 sit
3467 2145 3545 2183 ca-

1970 2229 2131 2291 ptura
2156 2220 2341 2276 finem.
2370 2222 2538 2275 Aiunt
2563 2236 2693 2277 vero
2724 2222 2967 2291 quidam,
2991 2225 3035 2277 si
3060 2224 3277 2277 cartcris
3301 2225 3556 2279 tribubus

1970 2316 2151 2370 fausta
2186 2323 2332 2371 esset
2384 2315 2721 2383 imprecatus
2747 2357 2762 2380 ,
2814 2330 2969 2369 suam
3019 2325 3168 2370 certe
3210 2318 3410 2371 tribum
3446 2335 3553 2371 non

1970 2408 2269 2463 immunem
2304 2409 2617 2479 reliquisset
2641 2424 2727 2466 eo.
2755 2409 3024 2465 Cmterum
3051 2410 3253 2487 tribuni
3280 2426 3398 2464 eam
3428 2427 3551 2480 pro-

1970 2509 2090 2572 pter
2124 2502 2303 2570 ipsum
2339 2501 2676 2557 fortunatam
2712 2520 2835 2559 esse
2866 2504 3055 2573 jussit,
3091 2504 3551 2573 quemadmodum

1971 2594 2218 2651 Rubenis
2245 2610 2463 2665 quoque
2494 2604 2719 2666 propter
2764 2612 3005 2652 amorem
3055 2613 3182 2669 erga
3220 2598 3466 2653 fratrem.
3502 2601 3553 2650 lu

1969 2686 2088 2753 ipso
2147 2687 2383 2758 denique
2422 2686 2679 2745 Simeone
2730 2690 2879 2743 nulla
2942 2690 3043 2743 fuit
3088 2706 3254 2745 causa
3293 2706 3456 2761 quam
3489 2694 3557 2744 ob

1971 2777 2209 2833 faustam
2273 2780 2515 2850 aliquam
2584 2781 3038 2850 imprccationcm
3100 2791 3554 2853 consequeretur.

1970 2866 2143 2924 Porro
2169 2870 2363 2925 ducem
2396 2870 2798 2939 coniurationis
2838 2882 3023 2925 contra
3055 2869 3354 2940 Josephnm
3392 2871 3561 2929 fuisse

1971 2962 2306 3031 coniectant,
2326 2972 2378 3016 et
2404 2963 2612 3017 idcirco
2639 2961 2937 3032 Josephum
2960 2963 3083 3017 aliis
3116 2963 3336 3031 quidem
3369 2963 3561 3021 dimis-

1971 3058 2071 3117 sis,
2108 3056 2284 3125 ipsum
2314 3054 2628 3110 retinuisse.
2666 3053 2888 3110 Necnon
2916 3069 3043 3109 vero
3088 3055 3311 3125 quidam
3348 3067 3560 3111 scorta-

1973 3146 2142 3202 tionis
2191 3145 2633 3210 Palmstinorum,
2666 3132 2890 3215 qdando
2937 3144 3153 3202 fervore
3203 3146 3566 3201 suoI’hinees

273 3236 532 3305 εὐλογίας
563 3240 741 3292 κοινά.
790 3240 896 3293 Τὸν
931 3239 976 3293 δ’
1007 3237 1101 3295 οὖν
1130 3242 1395 3312 Συμεῶνα
1427 3251 1869 3319 παρασιωπήσας

1975 3240 2202 3307 iustitia:
2234 3255 2435 3296 nomen
2471 3240 2706 3309 adeptus
2727 3227 2834 3304 est,
2864 3239 3060 3294 ducem
3112 3241 3283 3296 fuisse
3314 3242 3559 3296 tradunt.

271 3330 301 3381 6
330 3329 577 3399 Μωῦσῆς
602 3371 617 3397 ,
674 3330 774 3385 οὐκ
824 3333 917 3386 ἐπὶ
962 3334 1056 3387 τὸν
1084 3334 1216 3409 Λευῒ
1243 3336 1385 3389 κατὰ
1437 3338 1591 3403 τάξιν
1625 3339 1868 3410 ἔρχεται,

272 3420 391 3473 ἀλλ’
420 3423 515 3474 ἐπὶ
565 3423 656 3476 τὸν
690 3423 917 3489 Ἰούδαν,
963 3426 1044 3479 ὅτι
1086 3427 1160 3500 μὴ
1197 3429 1303 3481 ἀπὸ
1329 3431 1575 3500 κατάρας
1609 3434 1688 3495 εἰς
1717 3434 1868 3486 εὺλο⁹

271 3516 401 3583 γίαν
429 3516 637 3587 ταύτην
656 3516 781 3586 ἄγει
816 3518 913 3589 τὴν
945 3520 1143 3591 φυλὴν,
1176 3521 1251 3585 ὡς
1282 3524 1380 3593 τὴν
1412 3525 1708 3596 Λευῖτικήν
1731 3544 1743 3556 ο
1777 3529 1870 3581 καὶ

271 3610 356 3663 ὅτι
382 3611 482 3664 οὐκ
512 3610 573 3676 ἐξ
604 3611 821 3682 ἱερέων,
851 3612 967 3666 ἀλλ’
995 3615 1060 3667 ἐκ
1092 3613 1360 3684 βασιλέων
1394 3617 1593 3687 ἤμελλε
1636 3618 1869 3690 βλαστή-

273 3717 393 3753 σειν
416 3701 477 3753 τὸ
508 3701 673 3771 σῶμα
710 3702 771 3755 τὸ
805 3705 1161 3759 Δεσποτικόν.
1213 3708 1322 3759 Καὶ
1347 3706 1457 3761 δύω
1498 3710 1673 3761 οὐσῶν
1712 3715 1767 3763 ἐν
1793 3712 1871 3781 τῷ

268 3792 426 3863 νόμῳ
446 3793 651 3863 τιμῶν,
686 3794 787 3864 τῆς
819 3795 1106 3867 ίερατικῆς
1135 3799 1167 3868 ἠ
1206 3797 1461 3881 βασιλικὴ
1487 3800 1558 3853 δι’
1586 3802 1872 3881 αὑτὸᾼπρο-

268 3883 588 3955 τετίμηται.
614 3887 897 3958 Διεσπάρη
925 3887 980 3940 δὲ
999 3889 1138 3941 κατὰ
1159 3889 1256 3960 τὴν
1300 3890 1495 3944 Ἰακὼϐ
1531 3895 1871 3964 προφητείαν

267 3976 348 4040 ὡς
372 3979 401 4030 6
426 3976 560 4030 Λευῖ
596 3980 690 4032 καὶ
717 3981 745 4033 6
783 3978 1035 4050 Συμεὼν.
1064 3979 1300 4049 πλάγιον
1346 3982 1511 4037 τόπον
1548 3983 1751 4050 λαϐὼν,
1783 3985 1871 4039 διὰ

267 4068 467 4122 πασῶν
517 4068 629 4123 τῶν
660 4070 849 4139 φυλῶν
902 4071 1105 4142 ἐφεξῆς
1141 4072 1519 4145 διατρέχοντα.
1573 4075 1655 4130 Τὰ
1686 4077 1742 4131 δὲ
1775 4078 1871 4131 νῦν

267 4158 403 4227 περὶ
437 4156 608 4213 ’ἰούδα
632 4160 784 4231 παρὰ
816 4161 1100 4225 Μωῦσέως
1136 4160 1429 4232 λεγόμενα,
1462 4165 1732 4235 σύμφωνα
1760 4170 1871 4232 τοῖς

267 4253 402 4323 παρ’
443 4250 646 4306 Ἰακὼϐ
706 4253 981 4325 πρότερον
1026 4255 1363 4326 εἰρημένοις.
1407 4257 1492 4321 Ὠς
1526 4259 1635 4329 γὰρ
1666 4259 1874 4331 βασιλεῖ

264 4343 455 4397 δίδωσι
484 4343 584 4417 τὴν
610 4346 669 4398 ἐν
691 4346 957 4417 πολέμοις
984 4347 1267 4419 βοήθειαν,
1296 4348 1443 4404 καθά
1466 4368 1629 4422 φησιν
1657 4354 1684 4405 6
1708 4354 1873 4417 Δαϐὶδ

262 4434 296 4487 6
328 4435 431 4505 τὴν
469 4434 751 4504 βασιλείαν
784 4436 1249 4510 κληρωσάμενος·
1282 4458 1300 4491 ι
1344 4440 1403 4493 Ὀ
1428 4441 1755 4497 ύποτάσσων
1779 4446 1871 4498 τὸν

261 4525 397 4579 λαόν
430 4543 533 4597 μου
554 4527 647 4585 ὑπ’
675 4529 799 4600 ἐμέ.
834 4548 853 4582 ι
877 4526 1105 4600 ’Ὅμοιον
1135 4532 1190 4586 δὲ
1232 4533 1331 4601 τῷ,
1361 4552 1379 4585 ι
1405 4534 1599 4601 Ἰούδα,
1632 4536 1691 4588 σέ
1727 4538 1872 4591 αἰνέ-

1974 3332 2205 3399 Quidam
2240 3332 2477 3402 denique
2510 3347 2632 3386 cum
2659 3332 2805 3386 tribu
2832 3331 2963 3388 Levi
2997 3333 3434 3388 benedictionem
3468 3349 3563 3388 ae-

1974 3429 2187 3494 cepisse
2211 3427 2363 3480 aiunt
2384 3442 2399 3492 ;
2419 3421 2882 3496 quemadmodum
2902 3426 3047 3479 enim
3075 3427 3385 3480 maledictio
3412 3442 3565 3480 com-

1974 3520 2157 3573 munis
2188 3528 2290 3583 est,
2329 3520 2400 3572 ita
2430 3519 2738 3573 benedictio
2783 3533 3002 3587 quoque
3044 3534 3163 3572 esse
3211 3529 3411 3588 poteSt.
3444 3520 3562 3575 Can-

1976 3621 2150 3665 terum
2180 3610 2358 3666 Moses
2382 3609 2638 3664 Simeone
2674 3611 2899 3665 silentio
2925 3610 3318 3680 praetermisso,
3355 3627 3463 3665 non
3496 3614 3561 3667 ad

1974 3703 2125 3769 Levi,
2158 3712 2218 3757 ιιι
2249 3704 2385 3758 ordo
2410 3704 2749 3774 postulabat,
2793 3717 2983 3757 verum
3009 3704 3072 3757 ad
3106 3689 3302 3756 Judam
3338 3706 3563 3759 transit.

1974 3795 2052 3850 Eo
2082 3796 2230 3867 quod
2264 3810 2373 3851 non
2401 3811 2429 3850 a
2457 3794 2625 3868 474.
2671 3794 3084 3856 tualcdictione,
3118 3795 3184 3848 ad
3224 3796 3562 3850 benedictio-

1974 3888 2135 3952 uein',
2196 3888 2656 3958 quemadmodum
2720 3885 3019 3942 Leviticam
3087 3888 3260 3942 ducit.
3316 3889 3557 3959 Denique

1974 3978 2120 4049 quod
2150 3980 2315 4034 etiam
2375 3993 2483 4032 non
2515 3994 2581 4033 ex
2629 3978 3045 4042 sacerdotibus,
3084 3995 3272 4032 verum
3336 3981 3554 4050 regibus

1975 4085 2177 4142 corpus
2210 4069 2557 4125 Dominicum
2592 4068 2990 4139 pullulatnrum
3024 4080 3160 4125 erat.
3198 4069 3260 4124 Et
3290 4086 3415 4125 cum
3452 4072 3555 4127 du-

1974 4165 2102 4235 plcx
2156 4164 2211 4219 in
2253 4164 2369 4235 lege
2420 4163 2662 4235 dignitas
2712 4164 2968 4231 exsistat,
3012 4164 3084 4218 ob
3119 4164 3170 4218 id
3204 4165 3348 4232 regia
3386 4165 3561 4219 tribus

1974 4258 2301 4315 sacerdotali
2326 4268 2410 4315 est
2441 4260 2689 4329 praelata.
2736 4258 2999 4329 Dispersa
3028 4273 3157 4313 vero
3187 4268 3270 4313 est
3292 4260 3449 4326 juxta
3483 4258 3570 4314 Ja-

1975 4354 2098 4410 cobi
2130 4353 2472 4425 prophetiam
2502 4352 2964 4425 quemadmodum
2992 4352 3144 4417 Levi,
3175 4359 3228 4406 et
3258 4343 3578 4422 Beniamin,

1975 4445 2156 4499 locum
2192 4444 2499 4514 obliquum,
2539 4445 2595 4498 et
2655 4458 2752 4514 per
2805 4457 2998 4498 omnes
3044 4442 3221 4497 tribus
3272 4458 3337 4497 ex
3369 4443 3567 4498 ordine

1975 4539 2358 4593 decurrentem
2388 4545 2566 4591 nacta.
2602 4533 2776 4589 Porro
2803 4549 2868 4590 ea
2912 4548 3035 4604 quae
3062 4549 3092 4588 a
3122 4534 3274 4590 Mose
3312 4550 3460 4589 nunc
3500 4534 3569 4589 tle

266 4633 468 4671 σαισαν
499 4620 550 4672 οί
581 4620 801 4689 ἀδελφοί
838 4639 961 4687 σου,
1002 4640 1021 4674 ο
1066 4624 1128 4677 τό
1154 4640 1167 4653 °
1198 4623 1333 4679 Ἐπὶ
1364 4625 1471 4680 τὸν
1491 4628 1647 4682 λαὸν
1683 4630 1870 4686 αὐτοῦ

1977 4626 2116 4683 Juda
2161 4626 2441 4693 dicuntur,
2487 4626 2555 4681 iis
2585 4639 2706 4695 qum
2731 4641 2760 4680 a
2802 4623 3012 4680 Iacobo
3043 4626 3201 4696 prius
3226 4626 3372 4680 dicta
3417 4617 3565 4688 sunt,

262 4710 509 4779 ἐξάξεις
532 4714 745 4781 αὐτὸν,
774 4717 918 4777 κατὰ
961 4718 1053 4772 τὸν
1089 4718 1390 4789 Σύμμαχον
1412 4736 1427 4751 ο
1483 4722 1578 4776 καὶ
1611 4721 1709 4792 τῷ,
1748 4742 1767 4775 ι
1804 4726 1873 4778 Αἰ

262 4803 451 4875 χεῖρές
482 4821 577 4858 σου
608 4807 701 4861 ἐπὶ
724 4806 902 4862 νώτου
933 4809 1047 4863 τῶν
1075 4809 1290 4882 ἐχθρῶν
1324 4828 1441 4873 σου,
1474 4812 1558 4875 το,
1584 4815 1649 4866 Αἱ
1673 4814 1870 4883 χεῖρες

261 4896 459 4951 αὐτοῦ
478 4898 1035 4969 ὑπερμαχήσουσιν
1062 4903 1273 4958 αὑτοῦ.
1308 4921 1327 4955 ι
1364 4903 1475 4975 Τὴν
1504 4904 1562 4958 δὲ
1599 4907 1730 4977 παρ’
1761 4906 1869 4960 Ἰα-

262 4987 386 5042 κὼϐ
437 4990 783 5064 δηλωθεῖσαν
843 4993 1105 5066 βοήθειαν
1163 4995 1224 5064 ἐξ
1275 4996 1507 5069 ούρανοῦ
1567 4998 1805 5053 συνελὼν
1840 5002 1869 5054 ὁ

261 5080 514 5154 Μωῡσῆς
578 5084 682 5158 ἔφη
709 5103 725 5118 ·
780 5105 801 5139 ι
844 5088 1050 5160 Βοηθὸς
1100 5090 1195 5143 ἐπὶ
1236 5091 1366 5154 τοὺς
1396 5092 1868 5162 ἐπανισταμένους

260 5172 414 5245 αύτῷ
438 5173 560 5247 ἔσῃ.
598 5195 616 5230 ι
656 5179 794 5251 Περὶ
826 5180 1064 5253 Χριστοῦ
1093 5180 1151 5235 δὲ
1178 5181 1241 5235 τὸ
1272 5182 1567 5253 λεγόμενον
1602 5185 1743 5239 κατὰ
1768 5188 1869 5242 Ζα-

262 5265 468 5335 χαρίαν
497 5248 758 5324 είπόνταλ
803 5291 820 5324 ι
864 5248 1153 5344 ὲωτηρίαν
1182 5272 1244 5338 ἐξ
1279 5248 1697 5361 ἐχθρῶνᾟμῶν.
1737 5297 1754 5327 ι

1978 4718 2335 4775 conveniunt.
2375 4716 2644 4773 Similiter
2668 4718 2814 4773 enim
2852 4718 2967 4787 regi
3015 4718 3281 4773 auxilium
3319 4720 3371 4773 in
3409 4720 3567 4775 bellis

1980 4812 2123 4866 ferre
2170 4810 2382 4875 tribuit,
2415 4810 2874 4880 quemadmodum
2914 4810 3083 4866 David
3138 4812 3364 4882 inquit:
3406 4834 3422 4865 ι
3464 4813 3567 4880 Qui

1977 4918 2209 4975 regnum
2262 4902 2637 4958 haereditario
2671 4904 2905 4974 accepit,
2960 4904 3052 4974 qui
3087 4905 3275 4961 subdit
3308 4907 3568 4975 populum

1976 5010 2157 5052 meum
2190 4994 2325 5050 mihi
2350 4994 2450 5049 ⁸⁸.»
2481 4995 2673 5050 Simile
2697 5010 2825 5052 vero
2858 4995 3026 5051 huic:
3056 5016 3075 5050 ι
3104 4994 3266 5062 Juda,
3295 5008 3345 5053 te
3376 4998 3569 5053 lauda-

1976 5091 2117 5147 bunt
2145 5089 2342 5147 fratres
2366 5090 2446 5145 tui
2473 5090 2543 5156 ⁸⁸,
2582 5107 2603 5142 ι
2638 5089 2742 5146 hoc
2771 5107 2785 5144 :
2816 5090 2991 5161 Super
3026 5095 3278 5160 populum
3303 5092 3419 5162 ejus
3440 5093 3570 5146 edu-

1977 5204 2060 5242 ces
2087 5202 2206 5240 eum
2229 5224 2245 5249 ,
2283 5184 2749 5255 quemadmodqu
2792 5184 2955 5240 habet
2992 5184 3382 5256 Symmachus.
3436 5184 3569 5239 Item

1980 5282 2108 5336 huic
2138 5297 2154 5334 :
2196 5298 2215 5330 ι
2241 5278 2435 5333 Manus
2459 5286 2568 5333 tuae
2597 5293 2763 5348 super
2799 5286 2954 5349 tergo
2986 5280 3226 5335 hostium
3269 5288 3516 5342 tuorum,
3546 5298 3562 5328 ι

262 5360 443 5415 illud:
482 5360 681 5419 Manus
724 5365 898 5435 ipsius
944 5366 1255 5436 pugnabunt
1313 5383 1409 5433 pro
1465 5360 1545 5423 ea.
1589 5370 1862 5428 Caeterum
1903 5377 2172 5433 auxilium
2230 5374 2451 5450 cmlitus
2502 5388 2534 5428 a
2585 5372 2791 5429 Jacoho
2867 5386 3259 5441 monstratum,
3330 5377 3571 5432 breviter

261 5453 449 5512 Moses
493 5458 754 5514 enuntiat
788 5478 801 5514 :
861 5480 879 5512 ι
919 5461 1229 5515 Auxiliator
1269 5471 1463 5529 contra
1520 5463 1707 5520 hostes
1740 5467 1865 5537 ejus
1904 5475 2034 5528 erit.
2060 5491 2080 5525 ι
2107 5468 2264 5537 Quod
2296 5472 2473 5539 ipsum
2498 5468 2777 5523 Christum
2803 5478 3017 5539 spectat
3077 5469 3345 5525 Zacharia
3406 5480 3567 5537 teste,

260 5563 391 5607 cum
427 5549 609 5622 inquit
643 5568 659 5606 ;
694 5572 714 5603 ι
757 5550 1005 5609 Salutem
1041 5568 1107 5609 ex
1141 5555 1395 5611 hostibus
1434 5558 1638 5612 nostris
1668 5558 1735 5609 θ’.
1773 5580 1789 5611 ι

333 5646 480 5700 Δότε
498 5644 899 5716 Λευῒδήλοινς
938 5648 1150 5713 αὐτοῦ,
1190 5649 1286 5705 καὶ
1330 5650 1623 5715 ἀλήθειαν
1674 5654 1863 5709 (teni-

261 5736 345 5806 τῷ
374 5738 552 5809 ἀνδρὶ
602 5739 685 5807 τῷ
730 5744 900 5807 ὁσίῳ.
959 5743 1157 5796 Μέσων
1194 5742 1300 5796 τῶν
1352 5745 1418 5813 ιβ’
1449 5745 1610 5799 λίθων
1636 5746 1741 5799 τῶν
1771 5748 1863 5799 ἐπὶ

326 5926 375 5962 ⁷⁸
406 5925 545 5985 Gen.
580 5942 777 5993 xxvnt,
808 5925 895 5981 2'2.

2048 5652 2182 5705 Date
2214 5651 2337 5706 Levi
2361 5652 2593 5721 fulgores
2623 5671 2747 5708 suos
2774 5664 2820 5707 et
2858 5656 3131 5709 veritatem
3156 5658 3270 5727 ejus
3304 5661 3413 5716 viro
3438 5681 3562 5717 san-

1974 5760 2076 5808 τεο,
2099 5760 2201 5800 t-te.
2227 5746 2493 5820 [XXXIIL
2519 5748 2571 5803 8.
2619 5749 2761 5803 Inter
2792 5748 3079 5803 duodecim
3100 5751 3245 5804 enim
3277 5753 3488 5823 lapides
3515 5756 3571 5811 in

989 5928 1033 5960 τ’
1064 5927 1269 5987 Jerem.
1305 5946 1456 5998 xm,
1489 5932 1577 5988 “22.
1657 5935 1702 5965 ’ν’
1743 5933 1865 5991 Psal

1975 5952 2069 6002 vti,
2102 5934 2195 5991 48.
2269 5935 2310 5966 “
2350 5931 2489 5991 Gen.
2523 5951 2672 6003 .\Ll.\',
2711 5938 2761 5993 8.
2841 5939 2884 5971 ’δ’
2930 5939 3062 5995 Luc.
3099 5957 3133 6007 I,
3171 5941 3261 5997 Ἠ.
