4272 6446
745 418 851 480 083

2051 426 2400 485 PROCOPII
2442 427 2681 485 GAZ/El

3885 429 3991 491 934

743 541 931 604 pectnr
951 532 1002 582 di
1037 531 1196 596 silos,
1214 531 1434 588 claritas
1457 543 1633 586 eratet
1657 538 1992 607 vcritas,per
2015 539 2151 590 alios
2171 537 2308 590 duos
2339 541 2384 595 Α
2415 546 2430 588 t

2301 554 2308 589 ε
2339 541 2384 595 Α
2415 535 2504 588 τοῦ
2533 537 2718 604 λὀγίου
2766 535 2999 606 δήλωσις
3047 531 3116 607 ἦν
3151 539 3245 590 καὶ
3272 538 3521 606 ἀλήθεια,
3550 539 3619 592 δι’
3648 529 3848 610 ἐτέρων
3878 542 3988 596 δύω

743 623 950 690 lapides
974 631 1389 691 repnrscntataz.
1416 623 1532 678 Pra:
1566 641 1622 678 se
1653 625 1832 680 ferunt
1865 638 2046 682 autem
2078 629 2311 697 prophe-

740 715 847 768 tias
897 730 990 782 per
1039 715 1182 768 hanc
1231 715 1432 768 tribum
1474 718 1762 782 revelatas,
1802 721 2164 773 ministerium
2193 719 2313 774 sive

739 805 1030 858 consilium
1073 807 1201 859 item
1236 820 1454 858 sacrum
1487 821 1747 875 perpetuo
1786 810 1833 862 ei
1855 810 2158 873 decretmn,
2190 825 2311 879 quze

742 895 1122 964 cognationem
1151 910 1306 948 suam
1332 895 1597 959 deseruit,
1626 897 1901 969 Deumque
1930 917 2038 970 pra:
2065 902 2182 970 ipsa
2206 901 2308 956 sibi

741 987 923 1055 elegit,
954 986 1131 1054 legum
1165 987 1399 1052 denique
1430 989 1680 1042 notitiam
1725 1004 1996 1055 exactam,
2023 1009 2128 1062 qua
2163 991 2310 1059 judi-

742 1094 832 1128 ces
859 1092 1046 1129 earum
1100 1076 1394 1145 aliquando
1443 1077 1727 1145 imperitos
1773 1082 2170 1136 instruxerunt.
2229 1083 2308 1135 Ad

742 1184 882 1233 quos
944 1167 1148 1221 dictum
1203 1181 1326 1223 est:
1376 1190 1392 1221 ι
1448 1171 1672 1224 Summo
1699 1173 1883 1226 studio
1920 1174 2117 1226 dictata
2153 1172 2307 1242 legis,

743 1273 906 1325 quam
934 1259 1379 1313 denuntiaverint
1399 1261 1555 1315 vobis
1582 1257 1896 1315 sacerdotes
1921 1263 2139 1326 Levita},
2161 1279 2312 1318 exse-

742 1351 926 1416 quitur
955 1350 1020 1404 ".
1048 1369 1065 1400 ι
1102 1350 1271 1404 Porro
1296 1367 1460 1419 opere
1493 1367 1594 1405 suo
1616 1367 1775 1406 sacro
1795 1368 1823 1406 a
1861 1356 2061 1422 populo
2089 1371 2312 1424 quoque

745 1441 1075 1513 supplicium
1107 1443 1423 1497 incumbens
1456 1454 1789 1498 averterunt.
1844 1445 2192 1515 Quapropter
2220 1461 2311 1500 sa-

745 1546 810 1582 ne
841 1547 853 1582 :
900 1550 917 1582 (
957 1530 1191 1585 Benedic
1220 1533 1433 1590 viribus
1454 1535 1595 1600 ejus,
1622 1553 1640 1585 ι
1666 1537 1877 1602 inquit;
1906 1538 2141 1590 victimae
2166 1537 2309 1591 enim

743 1620 997 1673 eﬂicaciaa
1020 1632 1146 1674 sunt
1169 1633 1438 1690 expertes.
1472 1622 1575 1676 Per
1599 1639 1740 1692 quos
1771 1624 2200 1704 eliam‘hostium
2235 1628 2311 1678 vi-

746 1727 832 1764 res
869 1728 1252 1780 nonnunquam
1302 1723 1431 1767 sunt
1464 1714 1708 1781 deiectae.
1765 1715 2116 1783 Quaecunque
2164 1717 2308 1770 enim

745 1803 998 1855 accidunt
1047 1804 1267 1870 p0pulo,
1331 1803 1398 1856 ad
1451 1820 1622 1873 genus
1659 1806 1914 1874 princeps
1971 1807 2307 1860 referuntur.

2414 627 2576 680 λίθων
2599 627 2968 696 δεικνύμεναι.
3001 629 3162 698 Δηλοῖ
3191 631 3237 681 δ’
3263 629 3356 681 οῦν
3407 633 3743 698 προφητείας
3775 632 3872 694 τὰς
3898 633 3987 685 διὰ

2410 717 2513 785 τῆς
2529 718 2700 787 φυλῆς
2723 719 3015 786 γινομένας
3037 719 3177 770 κατά
3197 720 3543 788 ἀποκάλυψιν
3566 722 3658 773 καὶ
3763 721 3985 790 λην(¹·.ξι)

2415 806 2569 875 ιεράν
2608 807 2906 869 διαπαντὸς
2958 807 3394 876 ἀπονεμηθεῖσαν
3435 811 3596 881 αὐτῇ,
3641 812 3983 880 καταλιμπα-

2413 896 2578 966 νούσῃ
2611 895 2672 948 τὸ
2704 896 2860 962 γένος
2917 898 3010 948 καὶ
3054 897 3186 949 Θεὸν
3238 901 3559 969 αἱρουμένη,
3614 903 3706 953 καὶ
3756 901 3987 972 τὴντῶν

2412 986 2594 1053 νόμων
2622 985 2930 1056 ἀκρίϐειαν.
2965 987 3070 1038 "Hv
3096 986 3382 1052 ἀγνοοῦσιν
3422 987 3533 1040 ἐσθ’
3569 990 3656 1040 ὅτε
3692 991 3804 1050 τοῖς
3831 990 3985 1041 δικα-

2415 1079 2567 1138 σταῖς
2610 1076 2992 1146 παρεδίδοσαν,
3055 1078 3190 1145 πρὸς
3231 1077 3325 1139 οὒς
3373 1077 3617 1147 εἴρηταιο
3664 1097 3682 1129 ‹
3724 1078 3987 1142 Φυλάξεις

2415 1169 2623 1236 σφόδρα
2646 1170 2822 1220 ποιεῖν
2846 1168 2988 1220 κατά
3015 1168 3192 1220 πάντα
3212 1169 3303 1220 τὸν
3328 1170 3513 1236 νόμον,
3560 1169 3618 1221 ὃν
3649 1171 3985 1235 ἀναγγείλω-

2415 1276 2497 1310 σιν
2528 1260 2654 1326 ὑμῖν
2685 1259 2733 1312 οἱ
2768 1259 2932 1324 ἱερεῖς
2965 1260 3014 1310 οἱ
3038 1257 3280 1312 Λευῖται.
3314 1278 3332 1310 I
3355 1261 3451 1311 Διά
3487 1261 3542 1312 δὲ
3567 1261 3665 1328 τῆς
3690 1262 3841 1323 θείας
3873 1262 3986 1328 ἱερ-

2411 1349 2638 1418 ουργίας
2667 1389 2683 1413 ,
2743 1349 2838 1400 καὶ
2884 1348 2960 1418 τῷ
3010 1349 3123 1417 λαῷ
3178 1351 3448 1419 τιμωρίαν
3486 1351 3834 1419 ἐπαγομένην
3878 1353 3990 1403 ἁπι-

2414 1442 2699 1510 έστρεφον.
2731 1443 2822 1493 Διὶ)
2849 1443 2965 1504 καὶ,
3008 1460 3025 1491 I
3058 1443 3388 1510 Εὑλόγησον,
3427 1445 3616 1510 regnat,
3662 1442 3854 1513 Κύριε,
3888 1441 3989 1509 τὴν

2418 1533 2568 1599 ἰσχὺν
2595 1531 2816 1583 αὑτοῦ.»
2843 1532 3061 1584 Δέονται
3083 1532 3192 1599 γὰρ
3221 1534 3276 1584 αἱ
3307 1531 3486 1584 θυσίαι
3504 1533 3806 1601 δυνάμεως,
3830 1531 3893 1583 δι’
3913 1525 3990 1585 ὧν

2415 1620 2510 1672 καὶ
2543 1622 2575 1688 ὴ
2612 1620 2720 1672 τῶν
2751 1620 2962 1688 ἐχθρῶν
3005 1621 3158 1689 ἰσχὺς
3188 1620 3569 1673 κατεϐάλλετο.
3599 1619 3680 1672 Τὰ
3705 1621 3813 1688 γὰρ
3847 1637 3980 1688 συμ-

2417 1709 2685 1761 πίπτοντα
2715 1710 2792 1779 τῷ
2818 1709 2933 1778 λαῷ
2961 1709 3095 1778 πρὸς
3129 1710 3189 1761 τὸ
3222 1710 3550 1779 ἡγεμονικὸν
3593 1711 3852 1775 ἀνάγεται
3898 1711 3992 1776 γέ-

2416 1817 2505 1861 νος
2527 1815 2540 1829 ο
2567 1799 2710 1852 καθά
2746 1800 2840 1853 καὶ
2863 1799 2940 1867 τῷ
2970 1801 3194 1852 Μωῡσεῖ
3223 1800 3330 1852 τῶν
3360 1799 3599 1853 Λευῖτῶν
3640 1800 3860 1869 ἄρχοντι
3899 1800 3991 1851 λέο

742 1890 1212 1954 Quemadmodum
1263 1892 1393 1947 Mosi
1434 1909 1650 1963 quoque
1711 1895 2023 1948 Levitarum
2075 1896 2306 1965 principi
2343 1901 2429 1957 In

2302 1896 2306 1947 i
2343 1901 2382 1953 Β
2411 1906 2568 1957 γεται
2595 1890 2658 1942 τό
2682 1907 2695 1921 ο
2737 1907 2754 1940 ι
2811 1891 2886 1943 Οὐ
2926 1890 3001 1960 μὴ
3038 1890 3323 1942 συναναδῶ
3347 1890 3484 1958 μετά
3517 1889 3630 1951 σοῦ,
3655 1890 3743 1942 διὰ
3774 1890 3832 1942 τὸ
3861 1889 3989 1941 λαὸν

741 1981 942 2034 dicitur
977 2001 988 2036 :
1035 2003 1052 2033 ι
1093 1981 1444 2052 Nequaquam
1491 1986 1780 2040 ascendam
1831 1995 2033 2050 tecum,
2068 2002 2132 2040 eo
2162 1989 2304 2055 quod

742 2075 974 2142 populus
1015 2075 1306 2143 przel'actus
1327 2078 1556 2131 exsistat
1579 2077 1647 2131 ⁸⁸.
1687 2096 1703 2127 ι
1737 2076 1946 2129 Rursus
1971 2083 2154 2129 autem
2181 2077 2306 2129 huic

739 2182 958 2234 quoque
978 2168 1141 2220 tribui
1172 2167 1373 2221 ducum
1398 2183 1560 2223 casus
1593 2168 1834 2238 impegit,
1864 2168 1967 2221 hoc
1992 2169 2135 2222 enim
2164 2168 2307 2222 clare

741 2259 1102 2326 Symmachus
1153 2261 1223 2311 ita
1282 2261 1559 2314 reddendo
1618 2261 1836 2314 innuit:
1893 2260 2155 2329 Perfectio
2191 2269 2303 2324 tua,

738 2364 940 2400 necnon
1001 2349 1245 2400 doctrina
1277 2351 1385 2402 viro
1421 2360 1605 2402 sancto
1636 2365 1790 2417 quem
1825 2350 2112 2417 omnigenis
2137 2351 2304 2402 modis

735 2441 1049 2504 explorasti.
1105 2440 1359 2493 Probasti
1404 2457 1521 2494 eum
1555 2440 1716 2509 juxta
1767 2457 1932 2508 aqua:
1984 2441 2302 2494 rebellionis.

737 2530 853 2584 Non
881 2532 1070 2599 puduit
1098 2533 1243 2588 enim
1273 2533 1454 2588 Mosen
1488 2544 1594 2586 tam
1621 2533 1686 2586 de
1706 2549 1763 2587 se
1787 2533 2087 2602 ipsofquam
2113 2532 2178 2586 de
2202 2533 2309 2586 fra-

737 2634 820 2677 tre
855 2624 1065 2685 elTerrc.
1102 2625 1247 2694 quod
1283 2626 1597 2701 exploratus
1641 2625 1712 2680 sit
1753 2640 1916 2694 super
1944 2627 2101 2694 aquis
2133 2626 2306 2680 τευθι-

740 2719 924 2777 Iionis.
958 2718 1210 2786 quodque
1238 2719 1319 2772 cis
1351 2719 1406 2770 in
1445 2727 1646 2770 terram
1688 2717 2075 2785 promissionis
2097 2717 2305 2787 ingredi

739 2812 809 2863 sit
853 2811 1223 2865 interdictum.
1254 2809 1306 2863 ld
1332 2825 1459 2864 vero
1486 2811 1630 2878 quod
1659 2809 1797 2877 apud
1825 2808 2176 2878 Septuaginta
2199 2818 2304 2872 est,

738 2899 803 2950 de
831 2899 1048 2952 Christo
1076 2913 1295 2967 quoque
1326 2899 1533 2951 dictum
1579 2912 1701 2952 esse
1751 2897 2043 2966 cogitetur.
2084 2895 2156 2950 De
2197 2912 2307 2965 quo

740 2989 941 3041 Paulus
966 2990 1144 3057 inquit
1181 3008 1193 3041 ε
1231 3009 1246 3040 I
1282 2986 1467 3041 Talem
1500 2987 1646 3041 enim
1679 2987 2039 3039 conveniebat
2063 2997 2306 3040 nostrum

740 3095 861 3133 csse
887 3078 1201 3133 Pontiﬁcem
1228 3086 1502 3142 sanctum,
1530 3077 1939 3131 immaculatum
1967 3077 2034 3139 ⁸⁵,
2070 3094 2088 3126 ι
2116 3084 2168 3130 et
2190 3091 2310 3145 quze

741 3172 1018 3239 deinceps.
1057 3170 1122 3225 Et
1177 3172 1424 3225 iterum‘:
1486 3190 1502 3222 ι
1539 3170 1896 3226 Considerate
1951 3168 2210 3239 Legatum
2256 3179 2310 3224 et

743 3263 1057 3316 Pontilicem
1101 3265 1464 3318 confessionis
1528 3273 1729 3318 nostrae
1785 3261 1971 3316 Jesum
2007 3263 2308 3325 Christum,

741 3354 887 3422 quod
929 3353 1103 3407 ﬁdelis
1134 3353 1206 3405 sit
1249 3354 1298 3407 ei
1354 3355 1446 3423 qui
1482 3355 1656 3421 ipsum
1709 3353 1999 3408 constituit
2033 3353 2099 3405 ⁸⁸.
2141 3371 2159 3402 ι
2199 3352 2314 3407 lloc

741 3445 884 3496 enim
939 3445 1264 3514 cognomine
1319 3454 1542 3514 pr0pter
1594 3442 1988 3500 humanitatem
2035 3446 2314 3511 dignatur.

745 3536 847 3603 Ipsi
885 3535 1067 3603 igitur,
1092 3536 1290 3604 inquit,
1319 3537 1543 3590 tribuite
1598 3539 1900 3591 claritatem
1932 3547 1984 3590 et
2011 3540 2311 3591 veritatem.

743 3632 1086 3697 Quapropter
1126 3630 1275 3684 hunc
1323 3645 1540 3700 quoque
1592 3633 1830 3701 posteris
1898 3632 2108 3684 clarum
2164 3631 2314 3691 fecit,

743 3733 888 3780 Cum,
932 3737 950 3768 ι
995 3718 1121 3771 Viro
1155 3729 1380 3784 sancto,
1422 3740 1439 3770 ι
1473 3721 1645 3787 dixit;
1698 3737 1806 3774 non
1851 3722 1994 3774 enim
2031 3731 2314 3788 peccatum

743 3811 1041 3874 commisit,
1088 3813 1548 3882 quemadmodum
1584 3815 1829 3881 Apostoli
1880 3829 2099 3883 quoque
2131 3813 2317 3867 verbis

745 3900 914 3969 liquet
947 3902 1010 3954 ⁸⁷.
1041 3902 1106 3954 Ει
1134 3903 1305 3956 virum
1329 3903 1396 3956 de
1422 3918 1530 3971 quo
1551 3903 1711 3967 dixit,
1738 3904 1904 3956 Deum
1935 3918 2060 3956 esse
2091 3902 2318 3957 demon-

745 4001 904 4060 strat,
970 4009 1092 4048 cum
1165 3995 1387 4065 inquit:
1451 4015 1470 4047 ο
1523 3994 1656 4048 Nam
1719 4003 2004 4049 tentarunt
2057 3995 2257 4062 ipsum.
2295 4013 2312 4044 ι

743 4081 1211 4147 Quemadmodum
1253 4087 1416 4139 David
1444 4102 1664 4156 quoque
1688 4087 1763 4140 ait
1792 4106 1804 4140 :
1863 4106 1880 4138 ‹
1935 4085 2064 4142 Post
2089 4087 2312 4141 ductum

745 4191 1010 4243 aquarum
1055 4175 1122 4230 ⁸⁸.
1169 4195 1186 4227 I
1224 4175 1356 4229 Item
1394 4193 1405 4226 :
1451 4194 1468 4226 ι
1517 4174 1821 4230 Tentarunt
1853 4176 2031 4244 ipsum
2069 4177 2121 4228 in
2151 4176 2319 4230 corde

745 4283 867 4331 suo,
901 4275 955 4321 et
991 4266 1101 4322 Deo
1129 4269 1490 4336 ogganieruut
1519 4267 1586 4328 ⁸⁸,
1629 4286 1646 4317 I
1685 4277 1738 4321 et
1783 4283 1902 4336 quae
1933 4269 2215 4336 deinceps.
2258 4266 2318 4320 lu

745 4376 906 4430 quam
957 4362 1284 4414 sententiam
1331 4358 1534 4413 Paulus
1580 4375 1799 4429 quoque
1831 4361 1915 4414 his
1957 4360 2137 4414 verbis
2193 4360 2313 4414 ait:

2412 1979 2890 2050 σκΑηροτράχηλόν
2925 1996 2984 2031 σε
3033 1975 3192 2032 εἶναι.
3239 1999 3256 2031 ι
3303 1980 3410 2032 Καὶ
3432 1979 3698 2030 ἀνάπαλιν
3732 1982 3800 2049 τῇ
3847 1979 3986 2048 φυλῇ

2408 2072 2655 2141 προσ-ἧψε
2675 2072 2742 2124 τά
2763 2074 2877 2133 τοῖς
2898 2072 3132 2141 ἡγεμόσι
3150 2072 3439 2141 γενόμενα.
3465 2071 3635 2123 Τοῦτο
3659 2071 3767 2140 γὰρ
3800 2071 3990 2139 σαφῶς

2409 2164 2639 2227 ἐξέδωκε
2678 2163 2995 2232 Σύμμαχος,
3029 2162 3203 2215 είπών
3226 2181 3239 2194 °
3277 2165 3581 2227 Τελειότης
3609 2178 3725 2215 σου
3758 2161 3858 2214 καὶ
3900 2161 3991 2214 δι-

2408 2255 2563 2324 δαχή
2588 2272 2704 2308 σου
2737 2253 2816 2318 τῷ
2844 2255 3017 2323 ἀνδρὶ
3060 2253 3137 2318 τῷ
3165 2256 3336 2319 ὁσίῳ,
3360 2255 3432 2307 ὃν
3460 2255 3786 2321 ἐπείρασας
3803 2255 3872 2306 ὲν
3891 2254 3991 2307 δον

2409 2349 2676 2416 κιμασίᾳ.
2719 2349 3115 2412 Ἐδοκίμασας
3151 2349 3343 2410 adeon
3383 2347 3479 2399 ἐπὶ
3505 2347 3608 2400 τοῦ
3634 2346 3852 2412 ὕδατος
3881 2345 3991 2413 τῆς

2407 2440 2775 2508 ἀντιλογίας.
2815 2441 2928 2492 Οὐκ
2967 2438 3180 2510 ὤκνησε
3226 2440 3336 2510 γὰρ
3381 2441 3545 2502 αὐτὸς
3585 2440 3824 2509 Μωῡσῆς
3861 2440 3991 2510 περὶ

2409 2531 2603 2583 ἐαυτοῦ
2629 2534 2722 2583 καὶ
2752 2530 2845 2583 τοῦ
2877 2531 3108 2599 ἀδελφοῦ
3136 2531 3315 2599 λέγειν
3342 2572 3355 2594 ,
3403 2533 3488 2583 ὅτι
3528 2531 3859 2601 ἐδοκιμάσθη
3895 2533 3991 2584 ἐπὶ

2409 2623 2500 2676 τοῦ
2537 2623 2728 2686 ὓδατος
2761 2623 2862 2693 τῆς
2901 2624 3229 2690 ἀντιλογίας,
3263 2625 3357 2676 καλ⁵
3397 2624 3872 2695 κατεδικάσθησαν
3913 2623 3991 2694 μὴ

2409 2715 2673 2767 εἰσελθεῖν
2699 2716 2778 2777 είς
2802 2716 2898 2784 τὴν
2929 2719 3031 2784 γῆν
3075 2719 3173 2784 τῆς
3207 2716 3562 2783 ἐπαγγελίας.
3592 2716 3830 2784 Νοηθείη
3855 2716 3900 2767 δ’
3923 2715 3990 2767 ἂν

2412 2805 2551 2859 κατά
2581 2808 2708 2868 τοὺς
2727 2807 2790 2888 '0'
2813 2808 2906 2858 καὶ
2937 2809 3027 2859 ἐπὶ
3057 2806 3296 2877 Χριστοῦ
3321 2809 3383 2860 τὸ
3412 2799 3725 2878 λεγόμενον.
3760 2808 3898 2876 Περὶ
3929 2803 3991 2861 οῦ

2411 2916 2576 2966 φησιν
2618 2901 2645 2950 ὁ
2687 2899 2927 2962 Παῦλος·
2983 2918 3000 2950 ι
3046 2900 3298 2964 Τοιοῦτος
3333 2903 3439 2969 γὰρ
3466 2901 3704 2971 ἔπρεπεν
3729 2902 3861 2970 ἡμῖν
3892 2902 3992 2969 ἀρ-

2413 2992 2651 3060 χιερεὺς,
2687 2994 2853 3056 ὅσιος,
2886 2993 3119 3056 ἄκακος,
3165 3012 3182 3044 ι
3224 2994 3319 3045 καὶ
3341 2994 3407 3045 τά
3443 2993 3591 3062 ἑξῆς.
3624 2994 3734 3046 Καὶ
3787 2994 3951 3046 πάλιν
3975 3010 3987 3020 ·

2419 3105 2436 3136 ι
2474 3086 2866 3152 Κατανοήσατε
2907 3085 2998 3136 τὸν
3043 3086 3367 3139 Ἀπόστολον
3418 3088 3513 3139 καὶ
3580 3085 3871 3156 ’Λρχιερέα
3895 3088 3994 3154 τῆς

2412 3177 2699 3244 ὁμολογίας
2731 3177 2908 3246 ἡμῶν,
2942 3177 3129 3228 πιστὸν
3155 3178 3284 3230 ὄντα
3323 3177 3401 3245 τῷ
3444 3180 3732 3247 ποιήσαντι
3764 3178 3945 3229 αὐτον.
3971 3198 3988 3228 I

2411 3265 2754 3335 Χρηματίζει
2784 3267 2892 3336 γὰρ
2936 3267 3076 3319 οὕτω
3096 3267 3180 3320 διὰ
3208 3268 3266 3319 τὸ
3292 3267 3647 3337 ἀνθρώπινον.
3697 3267 3854 3336 Αὐτῷ
3880 3262 3994 3331 οῦν,

2415 3359 2570 3424 φησι,
2599 3358 2717 3410 δότε
2769 3358 2868 3426 τὴν
2898 3357 3131 3427 δήλωσιν
3167 3359 3261 3410 καὶ
3295 3361 3393 3427 τὴν
3441 3359 3723 3427 ἀλήθειαν.
3782 3359 3874 3410 Διὸ
3902 3360 3997 3410 καὶ

2411 3447 2598 3500 τοῦτον
2621 3451 2732 3511 τοῖς
2762 3449 2888 3518 ἑξῆς
2933 3450 3226 3518 ὲσαρήνισε
3247 3487 3260 3502 .
3306 3470 3322 3500 ι
3356 3450 3445 3520 Τῷ
3484 3450 3637 3519 ἀνδρὶ
3666 3449 3742 3519 τῷ
3773 3449 3924 3516 ὁσίῳ,
3971 3468 3989 3500 ι

2415 3537 2606 3594 εἰπών.
2637 3540 2710 3591 Οὐ
2747 3541 2855 3609 γὰρ
2879 3542 3132 3606 ἐποίησεν
3166 3540 3470 3610 ἁμαρτίαν,
3491 3542 3565 3604 ὼς
3595 3542 3688 3593 καὶ
3720 3541 3814 3593 τοῦ
3837 3541 3999 3593 Ἀπο-

2417 3631 2606 3683 στόλου
2646 3631 2916 3702 δεδήλωκε
2946 3633 3011 3684 τὰ
3042 3633 3202 3702 ῥητά.
3248 3634 3352 3686 Καὶ
3378 3633 3435 3684 ὃν
3460 3628 3613 3687 εἶπεν
3637 3633 3826 3702 ἄνδρα,
3864 3631 3999 3683 Θεὸν

2414 3723 2818 3786 ἀποδείκνυσιν,
2855 3724 3058 3776 εἰπών’
3111 3745 3128 3775 I
3177 3724 3263 3785 Ὠς
3306 3725 3673 3795 ἐξεπείρασαν
3727 3725 3891 3776 αὑτὸν
3917 3763 3932 3784 ,
3974 3743 3992 3774 ι

2415 3812 2561 3865 καθά
2609 3830 2741 3882 φησι
2795 3816 2891 3867 καὶ
2951 3815 3116 3867 Δαόὶδ
3194 3818 3332 3885 μετὰ
3393 3817 3489 3886 τὴν
3548 3817 3814 3888 χορηγίαν
3891 3816 4001 3867 τῶν

2420 3902 2630 3954 ὑδάτων
2653 3919 2666 3934 ο
2709 3922 2726 3953 I
2765 3905 2872 3955 Καὶ
2901 3905 3262 3973 ἐξεπείρασαν
3292 3906 3452 3958 αὑτὸν
3490 3908 3547 3960 ἐν
3572 3910 3637 3975 τῇ
3670 3907 3869 3975 καρδίᾳ
3903 3907 4003 3958 αὖ·

2413 3994 2544 4058 τῶν,
2573 3996 2668 4047 καὶ⁸
2698 3997 3074 4066 κατελάλησαν
3102 3997 3195 4050 τοῦ
3227 3997 3382 4059 Θεοῦ,
3416 4019 3435 4050 ι
3470 4001 3563 4051 καὶ
3588 3998 3659 4050 τὰ
3685 3999 3910 4067 esi,ng
3936 3998 4002 4065 δὴ

2416 4088 2509 4137 καὶ
2537 4088 2736 4154 νοήσας
2770 4089 2798 4140 ὁ
2818 4089 3029 4151 Παῦλος
3065 4090 3232 4159 φησίν
3255 4108 3268 4122 ·
3303 4109 3321 4140 ι
3371 4091 3597 4142 Ἐπινον
3629 4091 3722 4142 καὶ
3745 4094 3808 4142 ἐκ
3833 4107 4002 4141 πνευ-

2419 4182 2658 4251 ματικῆς
2716 4183 3120 4255 ἀκολουθούσης
3174 4187 3422 4256 πέτρας·
3466 4190 3498 4254 ἡ
3550 4187 3608 4238 δὲ
3652 4188 3828 4256 πέτρα
3858 4182 3927 4255 ἦν
3973 4187 4004 4238 ὁ

2420 4272 2672 4340 Χριστός.
2716 4292 2733 4323 I
2781 4273 2837 4326 '0
2885 4275 3046 4339 αὐτὸς
3080 4277 3187 4347 γάρ
3233 4279 3338 4348 πρὸ
3379 4279 3578 4349 σαρκός
3622 4294 3682 4330 τε
3722 4279 3818 4330 καὶ
3861 4279 4006 4346 μετά

2401 4366 2622 4434 ’ταύτης
2661 4367 2947 4436 ἐτύγχανε.

722 4461 767 4502 ἰ
809 4455 1072 4507 Biberunt
1124 4453 1268 4507 enim
1297 4469 1361 4506 ex
1397 4452 1700 4518 spirituali,
1741 4467 1861 4521 quae
1897 4451 2024 4506 illos
2083 4452 2469 4520 comitabatur,
2502 4468 2685 4526 μνη-εις
2726 4469 2876 4526 petra
2916 4474 3042 4511 vero
3074 4459 3334 4514 Christus
3371 4469 3488 4514 erat
3515 4461 3578 4515 '°.
3609 4480 3626 4512 ι
3674 4461 3791 4529 lpse
3852 4463 4002 4514 enim

744 4559 798 4610 et
833 4560 961 4604 ante
989 4563 1208 4603 carnem
1247 4555 1300 4602 et
1334 4556 1456 4618 post
1485 4564 1602 4603 eam
1637 4547 1757 4603 fuit.

817 4669 994 4734 Atque
1025 4667 1128 4719 hoc
1157 4667 1459 4729 declarato,
1495 4665 1678 4719 intulit
1713 4663 1890 4718 Moses
1931 4681 1942 4715 :
1974 4683 1993 4714 ε
2032 4664 2135 4730 Qui
2170 4667 2313 4733 patri
2351 4672 2399 4728 D

748 4776 870 4822 suo,
904 4769 956 4814 et
991 4761 1146 4814 matri
1172 4777 1283 4814 sua:
1310 4760 1443 4812 dicit
1473 4778 1486 4812 :
1524 4757 1638 4811 Non
1665 4757 1771 4810 vidi
1804 4765 1875 4819 te,
1896 4764 1948 4809 et
1973 4756 2170 4811 fratres
2194 4773 2326 4812 suos

749 4868 856 4905 non
887 4852 1162 4922 cognovit.
1205 4869 1222 4901 ι
1255 4849 1596 4904 Vaticinatur
1628 4848 1819 4902 eadem
1852 4863 1972 4917 quae
1997 4848 2049 4900 in
2084 4847 2327 4916 Evange-

751 4945 837 4998 liis
866 4951 1152 5009 constant;
1178 4958 1301 4995 cum
1327 4943 1471 4996 enim
1496 4941 1893 5010 discipulorum
1916 4940 2136 5008 quidam
2159 4941 2328 4992 dixis-

751 5048 832 5092 sct
873 5038 1091 5092 Christo
1128 5055 1139 5089 :
1185 5056 1203 5089 ι
1249 5038 1387 5091 Ecce
1421 5049 1596 5090 mater
1629 5045 1718 5088 tua
1754 5037 2062 5104 fratresque
2093 5037 2168 5089 lui
2194 5036 2328 5088 foris

754 5144 922 5196 stant,
955 5141 1117 5201 teque
1152 5133 1335 5184 videre
1359 5132 1590 5198 cupiunt
1624 5130 1705 5192 ";
1748 5148 1764 5178 ι
1790 5128 2075 5196 respondit
2103 5144 2115 5179 :
2163 5146 2180 5176 ι
2206 5129 2318 5179 Ma-

752 5238 834 5280 ter
861 5240 976 5280 Inea
1005 5224 1311 5292 fratresque
1341 5223 1443 5276 mei
1476 5222 1512 5274 ii
1545 5231 1693 5283 sunt,
1718 5221 1806 5289 qui
1838 5221 2064 5272 audiunt
2096 5221 2320 5279 verbum

753 5319 874 5380 Dei,
913 5327 965 5371 et
992 5316 1197 5370 faciunt
1226 5319 1292 5368 θ’.
1335 5335 1353 5366 ι

827 5502 872 5532 ⁸³
906 5501 1060 5555 Deut.
1093 5515 1235 5551 \IIIv.
1270 5499 1316 5550 l.
1395 5498 1439 5527 ⁸⁵
1475 5495 1638 5549 ιςκυιι.
1673 5511 1862 5555 mnu,
1889 5495 1942 5551 5.
2013 5493 2057 5521 ’⁸⁸
2093 5491 2251 5546 llehr.
2286 5509 2354 5544 vII

754 5587 959 5634 LxvaI,
1010 5572 1090 5624 18.
1203 5571 1245 5599 δ’
1275 5568 1402 5621 ibid.
1441 5568 1521 5621 19.
1601 5567 1643 5596 9°
1676 5566 1843 5619 lCor.
1875 5581 1925 5625 κ,
1957 5565 2010 5616 ι.

2401 5531 2413 5548 .
2453 5490 2540 5543 9.6.

2090 5566 2130 5594 ⁹¹
2171 5562 2304 5615 an.
2350 5579 2466 5621 \‘lll,
2505 5561 2591 5614 ‘20.

2506 4666 2784 4734 Ἐπήγαγε
2811 4668 3050 4735 Μωῦσῆς
3071 4709 3083 4730 ,
3125 4687 3143 4718 α
3198 4669 3256 4721 Ὀ
3295 4669 3468 4734 λέγων
3498 4668 3574 4738 τῷ
3614 4671 3783 4739 πατρῖ
3813 4671 3908 4722 καὶ

2429 4761 2618 4827 μητρὶ,
2636 4760 2749 4827 Οὐχ
2781 4759 3007 4827 ἐώρακά
3029 4775 3108 4824 σε,
3141 4760 3389 4821 καὶτοὺς
3415 4761 3675 4828 ἀδελφοὺς
3704 4760 3873 4813 αὑτοῦ
3903 4765 4009 4816 οὐκ

2426 4851 2587 4917 ἔγνω,
2628 4869 2645 4900 I
2699 4849 3059 4919 προφητεύων
3089 4849 3157 4901 τὰ
3208 4852 3266 4902 ἐν
3297 4851 3684 4918 Εὑαγγελίοις’
3735 4852 3824 4904 ὅτε
3858 4854 4009 4915 τινὲς

2424 4941 2535 4994 τῶν
2565 4940 2823 5009 μαθητῶν
2853 4939 3100 5002 εἰπόντες
3129 4941 3351 5012 Χριστῷ
3373 4982 3388 5004 ,
3422 4960 3440 4992 I
3480 4942 3611 4995 Ἰδοὺ
3639 4945 3671 5011 ἡ
3701 4945 3886 5012 μήτηρ
3912 4961 4008 4995 σου

2426 5032 2518 5084 καὶ
2545 5033 2593 5093 ot
2623 5032 2839 5100 ἀδελφοί
2871 5049 2964 5084 σου
2990 5033 3286 5102 ἑστήκασιν
3317 5033 3442 5096 ἔξω,
3464 5034 3590 5085 ἰδεῖν
3614 5051 3673 5086 σε
3695 5035 3966 5094 θέλοντες,
3985 5055 4003 5085 ι

2429 5123 2666 5193 ἔφησεν·
2713 5142 2732 5174 ι
2789 5125 2852 5176 'Il
2882 5125 3066 5194 μήτηρ
3098 5141 3198 5193 μου
3231 5124 3324 5177 καὶ
3355 5126 3403 5176 ot
3447 5125 3666 5192 ἀδελφοί
3707 5145 3810 5193 μου
3856 5123 4010 5179 οὗτοί

2427 5214 2568 5265 εἰσιν
2601 5214 2651 5266 οἱ
2681 5213 2970 5276 ἀκούοντες
3019 5213 3111 5266 τὸν
3149 5214 3304 5282 λόγον
3348 5212 3444 5266 τοῦ
3470 5214 3628 5279 Θεοῦ,
3665 5219 3759 5268 xat
3788 5217 4010 5270 ποιοῦν-

2426 5323 2536 5367 τες.
2575 5325 2591 5355 I

2619 5490 2664 5520 ⁸⁸
2695 5489 2860 5542 llehr.
2891 5507 2973 5552 III,
3005 5492 3057 5555 1,
3088 5492 3141 5548 2.

2672 5565 2715 5593 ⁹²
2751 5561 2883 5615 ibid.
2920 5562 3010 5617 ‘21.

3220 5494 3305 5549 ⁸⁷1
3338 5493 3478 5551 Pctr.
3515 5509 3574 5556 II,
3607 5493 3699 5549 29..
3780 5493 3825 5523 ⁸⁸
3855 5491 4009 5551 Psal.

2275 5697 2500 5751 NUTJS.

834 5829 941 5895 (‘21)
979 5825 1076 5881 "is.
1108 5828 1164 5878 το
1194 5825 1436 5877 ἐλλ;ἱπόν
1464 5825 1597 5882 ἑστι,
1629 5823 1741 5890 βου.
1795 5818 1932 5872 ὥστε
1985 5819 2159 5884 λέγειν
2204 5816 2416 5887 βουλήν.
