4272 6446
262 398 369 459 985

1193 404 1724 465 COMMENTARII
1758 402 1839 461 IN
1878 402 2579 467 DEUTERONOMIUM.

3411 405 3516 466 986

333 512 517 576 Τόπος
541 515 591 565 οἱ
622 515 789 568 πάλαι
821 516 1067 580 Λευῖται,
1088 519 1439 587 σχολάζοντες
1461 519 1539 589 τῷ
1567 519 1706 588 Θεῷ,
1724 518 1832 570 τῶν
1862 519 1909 574 Α

1880 519 1909 574 ι
2003 515 2272 571 Caeterum
2305 521 2515 588 antiqui
2540 517 2740 572 Levita:
2773 519 2863 587 qui
2903 519 3009 571 Deo
3059 518 3347 580 vacabunt,
3378 521 3516 585 ligu—

262 602 426 670 ἱερῶν
457 603 776 659 ἀποστόλων
795 649 809 669 ,
839 608 1047 677 Πέτρου
1079 610 1327 678 λέγοντος
1347 628 1361 642 ο
1405 630 1424 661 σ
1466 612 1657 677 Ἡμεῖς
1694 611 1750 662 δὲ
1770 613 1833 680 τῇ

260 698 539 766 προσευχῇ
565 698 656 749 καὶ
682 701 748 767 τῇ
776 700 1025 770 διακονίᾳ
1044 702 1139 754 τοῦ
1160 702 1319 769 λόγου
1344 704 1837 772 προσκαρτερήσω-

265 801 388 852 μεν,
430 807 447 838 1
489 789 582 840 ἐπὶ
604 791 667 841 τὸ
692 793 1206 864 πνευματικώτερον
1231 793 1709 863 μετενηνεγμένων
1731 794 1839 845 τῶν

263 875 409 926 κατὰ
436 875 529 928 τὸν
560 878 744 946 νόμον.
772 879 910 933 Οὔτε
935 881 1044 948 γὰρ
1072 885 1101 936 6
1128 883 1286 948 λόγος
1325 884 1510 945 αὐτοῖς
1551 883 1679 951 περὶ
1718 881 1840 951 κρί-

265 980 380 1027 σεις
420 968 514 1020 καὶ
542 968 700 1031 δίκας
732 974 1097 1041 πραγμάτων,
1145 975 1273 1043 περὶ
1304 974 1361 1027 δὲ
1404 975 1720 1043 μυστηρίων
1757 974 1843 1038 ὲξ-

265 1057 496 1126 ηγήυεις
515 1061 628 1113 τῶν
658 1064 1170 1134 ἁποκεκρυμμένων
1198 1066 1256 1132 ἐξ
1285 1066 1482 1129 αἰῶνος
1524 1066 1674 1135 παρὰ
1699 1065 1838 1134 Θεῷ.

336 1317 447 1370 Καὶ
476 1316 557 1382 τῷ
578 1322 859 1389 Βενιαμὶν
885 1318 1059 1376 εἶπεν
1080 1339 1094 1353 ⁸
1136 1324 1548 1394 Ἣγαπημένος
1576 1327 1696 1380 ὑπὸ
1726 1330 1843 1380 Κυ-

256 1410 399 1475 ρίου
434 1412 893 1477 κατασκηνώσει
942 1415 1261 1479 πεποιθὼς,
1296 1417 1446 1469 καὶὸ
1487 1417 1633 1481 Θεὸς
1675 1418 1846 1470 σκιά-

264 1515 359 1552 σει
381 1500 657 1566 ἐπάὺτῷ
692 1502 897 1570 πάσας
947 1507 1055 1571 τὰς
1084 1506 1329 1575 ἡμέρας,
1389 1510 1487 1560 καὶ
1537 1509 1847 1576 ἀναμέσον

265 1590 388 1642 τῶν
418 1592 594 1659 ὤμων
614 1596 802 1649 αὐτοῦ
841 1597 1198 1652 κετέπαυσε.
1252 1599 1667 1668 Προφητεύεται
1718 1601 1845 1668 περὶ

263 1681 369 1749 τῆς
413 1683 774 1756 Ἰερουσαλὴμ
807 1687 919 1755 (22)
950 1691 982 1758 ἡ
1011 1689 1145 1760 τιμὴ
1191 1690 1286 1743 τοῦ
1348 1691 1626 1760 Βενιαμίν.
1671 1692 1759 1744 Ἐν
1790 1692 1846 1744 δὲ

263 1782 336 1847 τῇ
370 1780 733 1851 Ἰερουσαλὴμ
756 1784 783 1834 ό
820 1784 944 1846 ναὸς
974 1786 1068 1837 καὶ
1100 1787 1132 1854 ἡ
1164 1786 1258 1838 τοῦ
1302 1785 1438 1839 Θεοῦ
1478 1786 1843 1849 κατάπαυσις,

265 1871 415 1923 καθὰ
446 1874 543 1926 καὶ
570 1874 679 1942 (23)
708 1875 891 1927 Δαόίδ·
931 1896 948 1927 1
973 1876 1309 1942 Ἐξελέξατο,
1333 1880 1490 1948 φησι,
1514 1880 1721 1949 Κύριος
1747 1879 1847 1948 τὴν

265 1961 431 2024 Σιὼν,
468 1960 785 2032 [ᾑρετίσατο
818 1965 990 2036 αὐτὴν
1017 1968 1098 2030 εἰς
1129 1967 1411 2020 κατοικίαν
1444 1967 1642 2036 ἑαυτῷ.
1682 1987 1699 2018 1
1736 1968 1847 2021 Kal.

264 2053 507 2123 ἀλλαχοῦ
535 2069 549 2082 ’
587 2073 603 2105 ι
636 2054 695 2107 ὐ
724 2054 859 2119 Θεὸς
890 2056 1257 2127 ἐθεμελίωσεν
1310 2059 1482 2130 αὐτὴν
1522 2062 1601 2122 εἰς
1630 2060 1722 2112 τὸν
1754 2061 1840 2112 αἱ·

264 2144 405 2197 ῶνα.
440 2164 457 2196 1
500 2140 626 2199 Οἷον
651 2149 890 2202 ἐνταῦθα
919 2150 1004 2213 τὸ,
1048 2150 1301 2204 «Σκιάσει
1359 2152 1445 2204 ἐπ’
1486 2153 1635 2222 αὐτῷ
1668 2152 1849 2217 πάσας

262 2241 369 2299 τὰς
400 2239 634 2309 ἡμέρας.
670 2259 687 2291 1
712 2241 873 2294 Ἀλλὰ
898 2243 1015 2304 καὶ,
1045 2243 1396 2314 ιἈνάστηοι,
1428 2245 1625 2314 Κύριε,
1644 2248 1721 2309 εἰς
1750 2245 1850 2316 τὴν

263 2331 579 2383 ἁνάπαυσὶν
613 2349 731 2395 σου,
766 2335 830 2388 σὺ
875 2336 970 2386 καὶ
995 2337 1028 2405 ή
1064 2335 1295 2399 κιϐωτὸς
1351 2335 1446 2390 τοῦ
1496 2338 1846 2408 ἁγιάσματός

266 2440 386 2476 σου.
413 2442 432 2475 1
469 2424 931 2496 Συγκεκλήρωται
949 2427 1005 2479 δὲ
1040 2430 1103 2498 τῇ
1146 2428 1502 2500 Ἰερουσαλὴμ
1534 2431 1567 2497 ἡ
1602 2428 1851 2499 βασιλεία

264 2518 301 2584 ἡ
332 2518 391 2570 ἐν
424 2518 614 2588 Κυρίῳ
643 2521 981 2591 κυρουμένη.
1016 2522 1153 2591 Περὶ
1181 2515 1241 2576 οὗ
1274 2540 1441 2592 φησιν
1472 2521 1600 2591 ἑξῆς
1642 2524 1671 2575 6
1716 2522 1851 2591 ψαλ-

268 2609 374 2679 μός
400 2624 413 2639 ·
461 2628 480 2661 ι
505 2610 655 2664 Ἐκεῖ
687 2612 995 2675 ὲξανατελῶ
1026 2614 1196 2682 κέρας
1227 2613 1306 2682 τῷ
1334 2613 1530 2679 Δασιδ,
1575 2615 1851 2682 ήτοίμασα

265 2701 468 2770 λύχνον
490 2702 570 2771 τῷ
603 2704 830 2774 Χριστῷ
862 2722 986 2774 μου.
1013 2724 1030 2755 1
1077 2706 1189 2758 Kal.
1223 2706 1297 2768 ὡς
1326 2706 1604 2767 ἄπαυστος
1634 2709 1666 2777 ἠ
1700 2705 1854 2776 βασι-

265 2794 418 2856 λεία,
456 2814 474 2845 ι
496 2795 570 2849 T6
594 2795 818 2865 σπέρμα
852 2794 1020 2850 αὐτοῦ
1054 2798 1136 2859 εἰς
1159 2797 1249 2850 τὸν
1279 2796 1453 2851 αἰῶνα
1489 2799 1695 2867 μενεῖ.»
1721 2798 1851 2861 Καὶ,

276 2907 296 2939 ι
342 2888 403 2939 '0
426 2888 615 2958 θρόνος
652 2888 821 2944 αὐτοῦ
855 2891 931 2953 ὡς
962 2891 1114 2959 ἣλιος
1141 2890 1384 2943 ἐναντίον
1441 2907 1563 2960 μου,
1596 2892 1688 2944 καὶ
1716 2892 1791 2953 ὼς
1817 2893 1849 2959 ἠ

269 2982 473 3051 σελήνη
499 3000 636 3050 κατ-η
649 2982 909 3051 ρτισμένη
964 2984 1044 3045 εἰς
1077 2982 1170 3035 τὸν
1221 2982 1420 3038 αἰῶνα.
1446 2999 1466 3034 1
1494 2983 1778 3051 Συνῆπται
1797 2983 1854 3036 δὲ

268 3070 365 3124 διὰ
391 3070 554 3123 τοῦτο
576 3074 643 3142 τῇ
672 3072 926 3143 βασιλείᾳ
961 3073 1056 3125 καὶ
1075 3074 1142 3143 τῇ
1175 3072 1447 3144 ἱερωσύνῃ
1477 3075 1505 3126 6
1539 3074 1701 3136 τόπος
1752 3076 1855 3143 τῆς

1943 621 2055 659 ram
2109 617 2425 663 sanctorqu
2478 611 2853 677 apostolorum
2907 612 3301 676 pnetuletunt,
3359 608 3516 664 Petro

1938 700 2199 753 dicente:
2259 718 2280 752 ι
2331 698 2443 754 Nos
2491 715 2621 754 vero
2663 700 2900 755 orationi
2941 710 2990 753 et
3029 700 3336 755 ministerio
3366 703 3515 754 verl‘i

1939 791 2324 847 incumbamus
2349 793 2419 857 ’³,
2450 810 2468 842 1
2504 792 2761 861 quoniam
2796 792 2845 845 id
2878 790 3041 862 475
3068 792 3290 859 propius
3312 791 3378 844 ad
3405 792 3515 857 sni-

1940 881 2127 945 ritum,
2154 898 2322 951 quam
2353 897 2474 951 quae
2507 897 2537 934 a
2560 883 2675 947 lege
2712 880 3103 943 all'erebantur,
3127 881 3370 944 accedit;
3409 896 3515 932 non

1939 973 2088 1027 enim
2114 974 2290 1027 oratio
2325 974 2568 1042 ipsorum
2599 974 2744 1026 circa
2784 972 2989 1041 judicia
3022 984 3075 1026 et
3099 987 3296 1025 causas
3332 974 3517 1025 foren-

1941 1078 2030 1118 ses
2057 1065 2506 1125 consumebatur.
2537 1079 2730 1118 verum
2780 1064 2930 1117 circa
2970 1064 3371 1131 explicationes
3403 1078 3519 1131 my-

1943 1156 2239 1211 steriorum
2269 1173 2391 1228 qua:
2418 1158 2486 1222 ab
2513 1167 2723 1212 aeterno
2770 1156 2914 1228 apud
2964 1155 3131 1209 Deum
3174 1155 3397 1210 fuerunt
3430 1172 3517 1209 re-

1943 1245 2186 1299 condita.

2018 1337 2100 1389 Ad
2136 1335 2423 1405 Benjamm
2455 1335 2592 1388 dixit
2616 1352 2633 1387 .·
2674 1336 2985 1391 Benedictus
3038 1339 3245 1389 Domini
3302 1353 3515 1390 securus

1945 1427 2207 1479 habitabit
2254 1427 2415 1495 juxta
2446 1442 2589 1489 eum,
2622 1436 2670 1479 et
2706 1426 2962 1481 Dominus
3009 1427 3331 1479 inumbrabit
3394 1444 3514 1481 eum

1948 1527 2055 1569 tota
2077 1519 2181 1580 die,
2206 1528 2254 1571 et
2277 1517 2414 1571 inter
2432 1518 2675 1570 humeros
2695 1518 2808 1585 cjus
2827 1519 3095 1586 requievit.
3115 1517 3381 1588 [XXXIIL
3403 1516 3514 1587 ιλ]

1949 1608 2281 1663 Vulicinium
2312 1609 2380 1664 de
2407 1612 2576 1679 gloria
2606 1610 2906 1665 Jerusalem
2927 1620 3032 1665 est.
3060 1610 3116 1664 In
3136 1619 3339 1664 sortem
3368 1610 3515 1663 enim

1950 1700 2236 1766 Beniamin
2279 1702 2449 1756 cadit.
2494 1701 2590 1755 Est
2623 1717 2757 1756 vero
2808 1701 3164 1771 Jerosolymae
3227 1702 3516 1770 templum,

1952 1809 2015 1848 ac
2043 1794 2137 1847 Dei
2170 1796 2328 1849 sedes
2364 1812 2376 1848 :
2420 1794 2495 1848 De
2523 1811 2628 1863 qua
2668 1793 2837 1847 David
2902 1794 3078 1863 inquit
3108 1812 3121 1846 :
3164 1813 3183 1845 ι
3214 1794 3387 1861 Elegit
3417 1792 3521 1843 Dn-

1880 1857 1924 1915 B
1953 1887 2135 1941 minus
2168 1886 2326 1948 Sion,
2360 1857 2561 1954 delegit
2612 1901 2732 1937 eam
2793 1857 3108 1938 haliitactllo
3169 1899 3272 1938 suo
3294 1857 3362 1935 εἷ.
3386 1901 3404 1934 1
3451 1881 3519 1934 Et

1949 1977 2077 2030 alibi
2120 1995 2134 2030 :
2171 1978 2357 2033 «Deus
2416 1976 2679 2031 stabilivit
2734 1991 2854 2029 eam
2882 1977 2935 2028 in
2971 1983 3235 2029 aaternum
3253 1976 3321 2029 ".
3352 1993 3369 2024 1
3418 1973 3518 2026 Cui

1950 2071 2052 2124 hoc
2081 2085 2301 2139 quoque
2334 2070 2611 2130 convenit,
2643 2077 2697 2122 et
2732 2067 3084 2121 obumbrabit
3129 2082 3253 2121 eum
3302 2064 3518 2119 cunctis

1949 2162 2160 2215 diebus.
2198 2160 2339 2226 Quin
2365 2161 2530 2214 etiam
2570 2160 2698 2213 illud
2744 2177 2757 2213 :
2800 2176 2818 2210 ι
2854 2156 3056 2227 Surge,
3093 2156 3346 2219 Domine,
3382 2164 3436 2210 et
3464 2156 3519 2209 in

1951 2254 2191 2323 requiem
2225 2260 2373 2305 tuam
2406 2252 2591 2318 recipe
2621 2259 2695 2310 te.
2735 2257 2821 2312 tu,
2858 2249 3105 2318 inquam,
3128 2257 3185 2301 et
3241 2262 3365 2302 arca
3392 2262 3522 2300 san-

1949 2345 2150 2401 ctuarii
2171 2345 2249 2398 tui
2267 2344 2365 2400 ".1
2398 2341 2569 2397 Porro
2594 2342 2658 2397 ad
2676 2343 2814 2397 alias
2841 2340 3060 2396 lsraelis
3080 2349 3264 2409 partes
3292 2354 3522 2409 regnum

1950 2452 2165 2507 quoque
2193 2444 2279 2489 est
2314 2434 2657 2503 adjunctum,
2689 2433 2835 2503 quod
2889 2423 3131 2501 Domini
3164 2430 3383 2499 proprie
3412 2437 3521 2483 est.

1953 2530 2028 2584 De
2055 2543 2166 2597 quo
2200 2525 2459 2594 deinceps
2506 2526 2752 2593 psalmus
2799 2524 2980 2594 inquit
3010 2541 3024 2577 :
3055 2542 3073 2574 ι
3102 2521 3177 2577 lbi
3222 2522 3523 2589 producam

1950 2635 2125 2674 cornu
2161 2619 2367 2684 Davidi,
2399 2617 2584 2688 paravi
2639 2617 2919 2671 lucernam
2981 2615 3207 2670 Christo
3268 2627 3389 2666 meo
3409 2611 3518 2664 ".1

1953 2712 2018 2766 Et
2048 2728 2157 2781 quo
2187 2711 2337 2780 regni
2368 2711 2532 2779 hujus
2559 2709 2875 2765 constantia
2897 2708 3194 2763 denotetur
3226 2724 3239 2761 :
3277 2724 3295 2756 ι
3323 2705 3523 2760 Semen

1952 2806 2072 2875 ejus
2115 2806 2167 2859 in
2198 2811 2465 2858 aeternum
2513 2801 2844 2864 manebit”,
2884 2819 2902 2853 1
2960 2800 3140 2869 inquit
3182 2817 3196 2853 :
3235 2818 3253 2849 ι
3280 2797 3344 2850 Et
3375 2799 3527 2851 thro-

1955 2914 2061 2953 nus
2096 2897 2216 2965 ejus
2250 2904 2510 2963 tanquam
2538 2894 2619 2949 sol
2657 2892 2924 2962 perstabit
2944 2905 3130 2945 coram
3160 2905 3268 2952 me,
3305 2889 3524 2943 ﬁrmum

1956 2999 2015 3044 ut
2053 2992 2179 3044 luna
2206 2988 2528 3043 manebit”.
2559 3006 2578 3039 1
2620 2986 2797 3041 Porro
2826 2988 2980 3040 locus
3008 2982 3314 3039 Jerusalem
3358 2996 3528 3051 regno

1957 3082 2120 3135 simul
2148 3088 2203 3135 et
2231 3077 2686 3135 sacerdotioideo
2718 3077 3038 3132 destinatus
3097 3085 3205 3137 est,
3252 3075 3382 3143 quia
3437 3090 3527 3126 re-

282 3164 669 3233 Ὶερουσαλήμ.
712 3165 778 3217 Ἥ
828 3166 927 3235 μὲν
974 3164 1083 3236 γὰρ
1147 3165 1417 3235 βασιλεία,
1442 3169 1507 3235 τῇ
1538 3166 1632 3219 τοῦ
1679 3165 1851 3219 Ἰούδα
1882 3192 1926 3251 c
1959 3192 1989 3245 ε

1882 3192 1926 3251 c
1959 3189 2121 3245 gnum
2156 3172 2372 3243 quidem
2414 3172 2582 3225 tribui
2609 3168 2769 3231 Juda,
2822 3166 3189 3221 sacerdotium
3240 3181 3369 3218 vero
3401 3164 3528 3217 Levi

270 3256 420 3324 φυλῇ
446 3272 459 3284 ο
481 3256 513 3325 ὴ
534 3256 590 3307 δὲ
624 3255 916 3324 ἱερωσύνη,
941 3259 1007 3325 τῇ
1036 3256 1170 3309 Λευῒ
1225 3257 1452 3311 δέδοται.
1484 3252 1587 3309 Ὧν
1613 3258 1854 3326 ἀμφοτέ-

271 3357 390 3413 ραιν
418 3343 538 3414 ἅμα
566 3345 710 3398 κατὰ
742 3345 802 3397 τὸ
834 3345 962 3413 ἑξῆς
998 3345 1398 3416 ἐμνημόνευσε.
1461 3345 1617 3399 Μετὰ
1642 3346 1697 3399 δὲ
1723 3346 1855 3399 ταύ-

268 3453 380 3497 τας
424 3437 746 3507 ἀμφοτέρας
809 3438 908 3501 τὰς
955 3438 1179 3507 φυλὰςό
1206 3439 1468 3508 Βενιαμὶν
1528 3440 1856 3509 εὐλογεῖται,

271 3527 458 3581 καίτοι
476 3527 572 3580 τοῦ
607 3527 802 3581 Ἰακὼϐ
820 3528 1155 3592 τελευταῖον,
1178 3529 1324 3582 κατὰ
1344 3531 1443 3600 τὴν
1467 3530 1645 3595 τάξιν,
1670 3530 1857 3583 Βενια-

278 3622 376 3687 μίν
424 3624 940 3689 προφητεύσαντος·
1010 3621 1316 3690 «Βενιαμὶν
1374 3620 1541 3683 λύκος
1599 3620 1805 3692 ἅρπαξ,
1836 3640 1854 3673 1

274 3712 377 3764 καὶ
409 3710 479 3763 τὰ
504 3710 653 3779 ἑξῆς.
692 3713 836 3764 Ἀλλ’
866 3716 894 3766 6
931 3712 1031 3780 μὲν
1064 3710 1265 3765 Ἰακὼϐ
1294 3713 1376 3775 εὶς
1408 3714 1534 3777 τοὺς
1569 3715 1862 3784 οἰκήτορας

276 3803 645 3874 προφητεύει,
668 3806 698 3857 6
718 3805 776 3858 δὲ
810 3805 1055 3874 Μωῡσῆς
1090 3806 1170 3869 εἰς
1199 3805 1294 3858 τὸν
1336 3806 1525 3870 τόπον,
1557 3807 1631 3867 ὡς
1663 3805 1864 3860 ἐντού-

276 3912 362 3965 τῳ
386 3895 841 3959 καταπαύσαντος
900 3895 1061 3960 Θεοῦ,
1091 3896 1235 3949 καθά
1281 3896 1374 3949 ἐπὶ
1436 3896 1549 3948 τῶν
1594 3896 1864 3966 οὐρανίων

278 3988 573 4059 Χερουὸὶμ
605 3990 1029 4058 ὲπεζευγμένων
1046 3988 1217 4059 αὐτῷ.
1250 3966 1519 4043 Τοιοῦτον
1530 3989 1640 4059 γὰρ
1662 3991 1756 4042 καὶ
1780 3990 1861 4053 τὸ,

286 4103 306 4134 ε
348 4083 479 4136 Ἀνὰ
494 4083 658 4152 μέσον
674 4081 786 4136 τῶν
800 4081 969 4153 ὤμων
993 4082 1161 4135 αὑτοῦ
1178 4081 1546 4135 κατέπαυσεν.
1580 4101 1599 4133 1
1633 4082 1864 4148 Ὅμοιον

278 4173 366 4243 τῷ
394 4174 544 4244 παρὰ
572 4175 653 4246 τῷ
684 4173 863 4244 Ὠσηὲ·
904 4192 923 4226 ι
961 4174 1204 4245 Ἐφραὶμ
1234 4173 1470 4242 δάμαλις
1503 4172 1863 4242 δεδιδαγμένη

211 4295 220 4301 ’
282 4269 457 4338 ἁλοᾷν
484 4284 497 4300 ο
538 4267 650 4335 ἐγὼ
692 4269 751 4320 δὲ
790 4266 1129 4336 ἐπιϐήσομαι
1182 4267 1275 4319 ἐπὶ
1313 4265 1374 4318 τὸ
1421 4265 1712 4319 κάλλιστον
1771 4266 1866 4319 τοῦ

1957 3277 2042 3322 est
2104 3266 2393 3319 tributum.
2460 3261 2705 3327 Quorum
2770 3260 3056 3313 amborum
3116 3272 3220 3311 uua
3270 3257 3529 3323 deinceps

1959 3357 2231 3413 meminit.
2265 3354 2393 3409 Post
2416 3354 2605 3407 ambas
2628 3368 2755 3407 vero
2781 3352 2965 3405 tribus
2994 3349 3278 3419 Beujamin
3304 3347 3531 3402 benedi-

1959 3451 2125 3507 citur.
2156 3447 2419 3515 Quamvis
2447 3444 2617 3500 Jacob
2640 3451 2925 3513 postremo
2964 3442 3017 3495 in
3046 3440 3241 3494 ordine
3272 3439 3530 3491 vaticinTa

1960 3544 2029 3599 de
2051 3541 2335 3609 Benjamin
2359 3537 2566 3594 edidit:
2601 3556 2619 3587 ι
2654 3534 2935 3603 Benjamin
2967 3533 3128 3600 lupus
3153 3532 3399 3599 rapax‘,1
3423 3538 3532 3585 etc,

1964 3634 2162 3689 Verum
2192 3630 2361 3687 Jacob
2387 3631 2607 3701 quidem
2639 3627 2705 3681 ad
2740 3629 2983 3680 locorum
3017 3623 3226 3678 incolas
3254 3637 3355 3676 suo
3389 3622 3532 3673 vati-

1962 3727 2112 3794 cinio
2167 3730 2399 3794 spectat,
2462 3721 2642 3776 Moses
2675 3733 2806 3773 vero
2846 3717 2913 3771 ad
2945 3717 3122 3769 locum
3145 3755 3162 3779 ,
3197 3712 3344 3782 quod
3378 3714 3431 3766 in
3465 3727 3533 3766 eo

1962 3792 2209 3887 quietem
2242 3816 2312 3869 sit
2343 3821 2590 3878 acturus,
2642 3807 3103 3879 quemadmodum
3138 3806 3194 3859 in
3218 3805 3534 3860 cmlestibus

1958 3908 2239 3962 Cherubin
2273 3906 2375 3974 ipsi
2410 3902 2820 3972 subjugalibus.
2849 3896 3179 3968 Hujusmodi
3210 3898 3356 3951 enim
3401 3895 3536 3949 illud

1965 4014 2224 4069 quoque:
2264 4015 2282 4049 ι
2317 3997 2462 4049 Inter
2493 3994 2754 4048 humeros
2777 3992 2926 4046 illius
2977 3988 3271 4056 requievit,
3296 4007 3316 4041 1
3351 3986 3534 4043 simile

1965 4090 2097 4145 huic
2158 4072 2302 4158 apud
2359 4087 2554 4142 Oscam
2592 4105 2606 4141 :
2644 4104 2663 4137 ι
2699 4084 2952 4155 Ephraim
3006 4081 3177 4135 vitula
3231 4079 3394 4134 docta
3443 4080 3542 4134 tri-

1968 4195 2186 4249 turare,
2245 4198 2348 4252 ego
2391 4182 2617 4237 transivi
2679 4195 2847 4250 super
2898 4175 3363 4248 pulchritudinem
3412 4172 3540 4226 colli

1968 4278 2146 4344 ejus‘.
2195 4295 2214 4329 1
2264 4275 2525 4329 Dominus
2572 4287 2700 4327 vero
2751 4271 2910 4326 asino
2973 4270 3219 4323 insidens
3262 4264 3541 4335 Jerosoly-

283 4362 567 4433 τραχήλου
589 4362 781 4431 αὐτῆς.
808 4380 827 4413 1
876 4359 935 4415 Ὀ
963 4361 1019 4414 δὲ
1040 4359 1247 4428 Κύριος
1279 4360 1372 4412 ἐπὶ
1405 4359 1527 4411 όνου
1558 4358 1871 4429 καθήμενος
1972 4388 1985 4424 ι

1972 4386 2071 4424 mm
2108 4369 2403 4423 invehitur.
2457 4364 2823 4434 Gentiumque
2880 4360 3284 4417 itnmundarum
3337 4371 3542 4427 praero-

284 4460 372 4520 εις
402 4456 502 4525 τὴν
538 4454 896 4527 Ἰερουσαλὴμ
916 4454 1116 4524 εἰσῄει,
1138 4452 1238 4522 τὴν
1264 4451 1377 4505 τῶν
1408 4452 1582 4506 ἐθνῶν
1622 4453 1869 4524 ἀκαθάρ-

284 4564 400 4600 των
427 4547 599 4599 όντων
628 4545 894 4599 δεικνύων
928 4541 1309 4615 προτίμησιν.]

1973 4461 2209 4532 gativam
2238 4458 2467 4513 indicat.

1901 4523 1946 4578 Ι)

363 4652 495 4708 Post
520 4655 701 4707 locum
723 4667 857 4707 vero
882 4652 951 4706 de
978 4652 1213 4720 ipsamet
1233 4651 1382 4705 tribu
1417 4650 1773 4716 vaticinatur,
1809 4659 1865 4704 et
1898 4654 2069 4725 ipsius
2099 4653 2178 4708 rei
2211 4652 2472 4706 militaris
2514 4651 2770 4721 peritiam
2827 4650 3089 4710 illustrat,
3156 4661 3279 4718 qua:
3307 4661 3374 4701 ex
3421 4646 3541 4700 bel-

289 4741 564 4796 latoribus
590 4742 646 4793 in
680 4741 870 4803 ﬂama,
924 4753 1049 4808 qua:
1076 4738 1276 4794 civitas
1316 4739 1369 4792 in
1406 4738 1549 4792 tribu
1583 4737 1863 4807 Beniamin
1915 4752 2018 4803 est,
2044 4742 2237 4795 eluxit.
2266 4739 2614 4807 Quapropter
2643 4752 2763 4789 eam
2818 4736 2946 4804 lupo
2997 4736 3179 4803 rapaci
3237 4739 3541 4801 comparat,

289 4844 416 4899 qua:
466 4827 706 4884 hostium
738 4830 881 4881 bona
912 4823 1124 4895 diripit,
1154 4832 1209 4879 et
1242 4825 1547 4880 distribuit.
1579 4824 1692 4881 Etsi
1752 4843 1878 4883 vero
1911 4846 2132 4900 parvam
2173 4830 2323 4883 illam
2358 4827 2812 4896 signiﬁcationem
2855 4840 2952 4879 seu
3001 4821 3322 4893 mysterium
3374 4821 3545 4875 relin-

290 4918 435 4986 quit,
464 4915 600 4970 illud
623 4926 805 4970 tamen
840 4932 854 4969 :
896 4932 913 4965 ι
936 4912 1083 4967 Inter
1106 4913 1363 4967 humeros
1398 4912 1571 4982 ipsius
1604 4917 1892 4984 requievit,
1928 4936 1946 4969 1
1984 4928 2165 4974 mente
2187 4917 2255 4972 ad
2281 4917 2505 4970 Paulum
2546 4913 2755 4969 referre
2787 4913 2991 4976 licebit,
3029 4911 3122 4981 qui
3155 4927 3185 4966 e
3214 4913 3363 4965 tribu
3401 4909 3541 4965 Ben.-

288 5005 540 5073 jamitica
570 5013 748 5067 ortus,
778 5002 1081 5058 Ecclesiam
1112 4999 1335 5070 quidem
1360 5000 1609 5069 diripuit,
1632 5003 1832 5059 deinde
1856 5020 1986 5059 vero
2012 5020 2136 5058 eum
2168 5002 2507 5056 daemonibus
2533 5000 2756 5054 indictis
2804 5000 3056 5053 hostibus
3095 4998 3273 5067 spoiia
3313 4998 3542 5054 divisit:

296 5094 405 5148 hoc
433 5102 542 5159 est,
571 5094 826 5147 homines
850 5107 917 5147 ex
951 5090 1183 5162 imperio
1233 5090 1543 5145 daemonum
1595 5100 1899 5156 extractos,
1934 5100 1989 5147 et
2036 5090 2377 5160 principibus
2406 5087 2665 5142 Ecclesia:
2696 5087 3016 5142 attributos.
3071 5084 3545 5151 Quemadmodum

298 5182 573 5235 Dominus
606 5195 825 5250 quoque
850 5179 1186 5234 declaravit'
1216 5192 1275 5233 se
1305 5176 1500 5232 fortem
1569 5178 1799 5243 vincire,
1826 5191 1879 5235 et
1902 5179 2075 5248 spolia
2101 5178 2220 5247 ejus
2244 5177 2507 5232 dividere.
2538 5179 2614 5230 Eo
2645 5176 2789 5245 quod
2825 5172 3079 5231 videlicet
3102 5176 3157 5229 in
3188 5175 3340 5229 Actis
3371 5182 3554 5228 exstat

298 5271 508 5325 dictum
542 5285 558 5323 :
600 5287 618 5320 ι
646 5268 767 5338 ipse
788 5269 934 5322 enim
960 5267 1202 5338 portabit
1232 5281 1432 5322 nomen
1460 5280 1639 5320 meum
1670 5267 1814 5323 inter
1839 5275 2029 5338 gentes
2052 5267 2095 5320 ⁸.

370 5447 418 5480 ⁸⁸
459 5446 583 5499 Act.
616 5444 776 5507 v1.4.
855 5443 902 5475 "
940 5441 1296 5505 Psal.cxxxi,
1360 5441 1448 5495 l3.
1527 5442 1573 5473 "
1628 5442 1772 5497 Psal.
1832 5457 1995 5504 τινα.
2058 5443 2110 5495 8.

370 5531 575 5569 XXVIII.
615 5515 707 5569 56.
777 5514 981 5569 "ibid.
1026 5514 1115 5568 57.
1199 5513 1214 5544 ⁸
1249 5511 1662 5569 Gen.xux.‘27.
1776 5511 1955 5569 ’Osee
1978 5514 2112 5569 x.ll

1866 5529 1955 5569 see
1978 5529 2140 5579 x,u.

298 5531 575 5582 uxxvnl,
615 5515 707 5569 56.
777 5514 981 5569 "ibid.
1026 5514 1115 5568 57.
1199 5513 1214 5544 ³
1249 5511 1662 5577 Gen.mx,‘27.

2213 5443 2257 5474 "
2308 5444 2453 5498 Psal.
2489 5458 2674 5503 exul.
2728 5441 2781 5495 8.
2892 5441 2938 5473 "
2971 5440 3105 5496 ibid.
3142 5441 3231 5496 18.
3335 5439 3382 5473 ’³
3412 5439 3557 5496 Psal.

2245 5514 2265 5546 ³
2289 5516 2476 5571 Matth.
2508 5530 2602 5579 xu,
2637 5512 2726 5568 ‘29.
2809 5514 2829 5544 ⁵
2859 5512 2978 5569 Act.
3002 5528 3079 5579 ιχ,
3103 5511 3191 5568 l5.

1824 5650 2055 5708 NOTAE.

373 5769 487 5843 (ἐξ.)
522 5767 1030 5843 ἸξῆςᾼἹερουσαλὶμ
1067 5768 1105 5843 ’ἡ
1156 5768 1308 5836 τιμή.
1357 5767 1464 5819 Τοῦ
1520 5764 1721 5835 κλήρου
1778 5765 1885 5836 γὰρ
1923 5765 2057 5843 αῦτη
2089 5771 2179 5825 τοῦ
2208 5772 2325 5825 Πεν.
2360 5789 2444 5827 κτ.
2476 5772 2502 5824 6
2526 5770 2623 5839 τῆς
2656 5770 2788 5836 Λύγ.
2821 5766 2946 5821 κώδ.

380 5841 494 5909 (2’3)
527 5841 662 5910 Περὶ
683 5836 755 5907 ἧς
782 5838 894 5892 καί.
934 5839 993 5889 'U
1020 5838 1142 5890 αὐτ.
