4272 6446
271 401 378 461 993

1392 400 1541 460 COM
1553 397 1930 459 ΜΕΝΤΑῙΠῘ
1967 396 2045 455 ΙΝ
2087 397 2341 456 JOSUE.

3415 396 3521 453 οςιι

272 524 494 572 παυσιν,
548 506 642 560 τοῦ
692 506 859 576 νόμου
912 506 1072 578 μέχρι
1133 509 1292 578 μόνον
1351 510 1640 580 προθύρων
1689 508 1842 574 ἄγειν
1874 515 1959 566 At

1827 523 1842 556 ι
1874 515 1915 566 Α
1947 506 2009 556 ad
2042 517 2206 570 qualn
2236 504 2387 556 solus
2418 502 2568 554 ducit
2593 517 2753 556 verus
2778 500 2962 564 Josue,
2991 501 3082 570 qui
3122 515 3220 555 nos
3254 502 3514 563 instituit,

275 599 576 668 ἰσχύοντος.

342 769 604 835 Μωῦσῆς
633 772 664 821 ό
687 768 960 835 θεράπων
978 785 1095 835 μου
1134 771 1536 832 τετελεύτηκε.
1573 768 1700 821 Νῦν
1730 766 1843 824 οὗν

265 859 532 923 ἀναστὰς
573 898 588 920 ,
634 859 865 924 διάϐηθι
918 858 1025 910 τὸν
1069 858 1398 926 Ἰορδάνην.
1476 859 1841 927 Τετελεύτηκε

265 952 526 1018 Μωύσῆς,
560 951 833 1003 ἀπέθανεν
890 951 917 1001 ὁ
963 951 1146 1019 νόμος,
1183 952 1419 1018 Μωῦσῆς
1458 951 1838 1020 χρηματίζων,

265 1043 405 1092 κατὰ
435 1042 496 1092 τό
533 1058 546 1070 ·
587 1060 604 1092 ι
647 1041 870 1108 Ἔχουσι
912 1041 1116 1094 Μωσέα
1168 1041 1261 1091 καὶ
1314 1042 1438 1101 τοὺς
1473 1042 1778 1110 προφήτας.
1818 1059 1834 1090 ι

265 1133 398 1184 Μεθ’
427 1133 486 1183 ὃν
520 1134 548 1183 ὁ
575 1133 667 1182 τὸν
701 1134 864 1200 νόμον
903 1131 1010 1183 τῶν
1028 1131 1258 1182 ἐντολῶν
1286 1133 1344 1183 ἐν
1375 1131 1609 1199 δόγμασι
1635 1149 1841 1200 καταρ-

262 1226 441 1291 γήσας
492 1222 801 1286 διαϐιϐάζει
850 1223 941 1274 τὸν
1001 1222 1296 1291 Ἰορδάνην,
1355 1223 1498 1276 καθά
1543 1241 1674 1292 φησι
1703 1225 1842 1294 πρὸς

261 1316 612 1383 Νικόδημον·
646 1333 664 1366 t
717 1315 841 1366 Ἐὰν
875 1315 948 1383 μή
1003 1332 1086 1376 τις
1135 1315 1475 1384 ἀναγεννηθῇ
1537 1316 1595 1381 ἐξ
1652 1315 1841 1379 ὓδατος

262 1407 358 1457 καὶ
421 1404 754 1473 πνεύματος,
794 1405 855 1455 οὐ
926 1405 1000 1473 μὴ
1057 1405 1278 1476 εἰσέλθῃ
1328 1407 1409 1465 είς
1442 1406 1540 1474 τὴν
1563 1406 1842 1474 βασιλείαν

259 1499 370 1548 τῶν
404 1497 673 1566 οὐρανῶν.
708 1515 725 1544 ι
767 1490 873 1558 τΗς
899 1497 1060 1558 αὐτὸς
1092 1497 1536 1567 προκατήρξατο,
1560 1499 1622 1550 οὐ
1651 1498 1841 1567 δεόμε-

260 1606 376 1652 νος,
401 1591 516 1642 ἀλλ’
547 1588 794 1654 ἁγιάζων
824 1590 891 1640 τὰ
917 1588 1106 1642 ὐδατα.

335 1681 462 1745 Πᾶς
487 1683 520 1734 ό
549 1682 757 1745 τόπος,
811 1682 903 1748 ἐφ’
937 1681 1010 1733 ὃν
1041 1681 1116 1734 ἂν
1165 1681 1408 1748 ἐπιόιῆτε
1447 1680 1525 1746 τῷ
1554 1683 1706 1750 ἴχνει
1728 1683 1843 1736 τῶν

257 1773 465 1825 ποδῶν
495 1772 682 1841 ὑμῶν,
713 1774 857 1842 ὑμῖν
885 1773 1058 1826 δώσω
1086 1775 1290 1828 αὐτόν.
1332 1775 1392 1827 'H
1420 1777 1516 1844 μὲν
1539 1777 1841 1843 ἐπαγγελία

257 1864 424 1934 αὕτη,
466 1867 494 1917 ὁ
518 1865 574 1918 δὲ
595 1865 747 1932 ἀγὼν
785 1865 980 1935 μέγας,
1015 1864 1141 1935 ἔθνη
1170 1865 1389 1935 νικῆσαι
1413 1867 1480 1918 τά
1507 1868 1690 1936 νοητά.
1731 1869 1839 1920 Καὶ

256 1959 341 2009 δεῖ
375 1957 610 2010 ἐνταῦθα
641 1958 701 2010 τὸ
731 1957 985 2011 τοσοῦτον
1015 1958 1374 2021 διανύσαντας
1405 1959 1618 2011 στάδιον
1643 1961 1836 2029 ἐπιϐῆ-

257 2067 348 2103 ναι
380 2052 490 2103 τῶν
519 2051 631 2104 ἀνω
673 2051 880 2119 μονῶνο
910 2049 1108 2119 μᾶλλον
1139 2051 1195 2102 δὲ
1246 2050 1354 2120 πρὸ
1386 2051 1612 2119 τούτων,
1640 2054 1838 2122 ἀρετῆς

255 2159 318 2193 τε
360 2144 451 2194 καὶ
474 2141 753 2210 ἀληθείας,
804 2144 1128 2213 ὁδηγοῦντος
1176 2144 1326 2212 ἡμᾶς
1369 2144 1543 2211 Ἰησοῦ
1597 2146 1675 2207 είς
1722 2147 1839 2198 ὁδον

256 2235 509 2305 εἰρήνης,
548 2234 645 2286 τοῦ
685 2236 780 2288 καὶ
824 2236 1009 2298 δόντος
1067 2237 1260 2287 πατεῖν
1307 2235 1492 2288 ἐπάνω
1539 2236 1716 2302 ὄφεων
1746 2239 1840 2288 καὶ

257 2324 563 2393 σκορπίων,
586 2325 678 2379 καὶ
696 2326 1066 2397 χαρισαμένου
1094 2326 1457 2396 κληρονομίαν
1479 2327 1670 2379 ἐθνῶν.
1689 2328 1842 2380 Ἐπι-

257 2417 449 2484 6ῶμεν
483 2416 538 2470 δὲ
570 2417 662 2470 καὶ
686 2418 884 2488 ῥητῶν,
921 2417 996 2480 ὡς
1023 2418 1130 2484 δεῖ,
1152 2417 1466 2489 Γραφικῶν,
1493 2420 1587 2471 καὶ
1624 2419 1684 2471 τὸ
1716 2436 1838 2489 νοη-

255 2511 352 2563 θέν
384 2513 535 2563 ἐστιν
559 2510 851 2580 ἡμέτερον.
898 2510 959 2564 '0
1013 2511 1113 2581 μὲν
1135 2509 1230 2562 οὖν
1266 2509 1397 2571 Θεὸς
1423 2509 1529 2569 ἕως
1554 2507 1840 2579 Εὐφράτου

253 2603 455 2656 δώσειν
482 2604 667 2664 αὐτοῖς
692 2601 1080 2671 ἐπηγγείλατο,
1111 2601 1350 2664 ἀναξίοις
1378 2599 1436 2652 δὲ
1468 2601 1711 2668 φανεῖσιν
1744 2600 1842 2651 οὐκ

257 2693 557 2763 ἐπλήρωσε
590 2692 688 2762 τὴν
719 2692 1040 2761 ὑπόσχεσιν,
1063 2690 1204 2745 ἀλλὰ
1234 2689 1401 2742 Δαϐὶδ
1453 2690 1548 2743 καὶ
1568 2690 1840 2760 Σολομῶνι

252 2785 577 2856 γενομένοις
605 2784 798 2850 ἀξίοις.

339 3054 458 3122 Τὴν
481 3055 709 3122 ἔρημον
728 3054 826 3107 καί
872 3053 980 3106 τὸν
1005 3053 1428 3106 Ἀντιλίϐανον.
1466 3051 1581 3120 Τὴν
1635 3051 1842 3121 ἔρημον

253 3148 532 3211 ὑπέταξεν
566 3149 593 3199 ὁ
643 3146 832 3216 Πατὴρ
885 3146 964 3212 τῷ
1015 3145 1254 3214 Χριστῷ.
1311 3145 1444 3212 Περὶ
1484 3139 1551 3215 ἧς
1605 3143 1839 3213 εἴρηται,

261 3260 281 3290 ι
323 3239 698 3308 Εὐφράνθητι,
725 3239 982 3308 ἔρημοςή
1019 3237 1249 3304 διψῶσα.
1296 3254 1312 3286 ι
1340 3235 1447 3288 Καί
1475 3251 1488 3264 ·
1525 3255 1542 3284 ι
1575 3235 1747 3286 Πολλά
1773 3233 1842 3284 τὰ

253 3333 428 3384 τέκνα
457 3330 556 3398 τῆς
581 3331 813 3400 ἐρήμου,
842 3328 1089 3397 μᾶλλονῆ
1113 3330 1208 3395 τῆς
1236 3325 1464 3395 ἐχούσης
1495 3325 1586 3377 τὸν
1608 3325 1794 3392 ἄνδρα.
1819 3342 1837 3373 ι

259 3422 375 3476 Καὶ
408 3421 470 3474 οὐ
511 3422 603 3473 τὸν
651 3421 887 3474 Λίϐανον
925 3417 1194 3482 ὑπέταξεν
1240 3416 1438 3486 Ἰησοῦ,
1473 3417 1564 3468 τὸν
1610 3415 1842 3484 Ἰσραὴλ,

255 3516 436 3576 οὓτως
464 3515 521 3567 ὲν
554 3515 871 3584 προφήταις
913 3512 1269 3577 καλούμενον,
1299 3510 1357 3572 ὃς
1386 3509 1480 3563 καὶ
1513 3509 1845 3571 καλλιέλαιος

258 3609 509 3677 εἴρηταν
567 3607 704 3660 άλλά
757 3606 828 3659 τὰ
879 3605 1028 3674 ἔθνη,
1068 3605 1158 3656 τὸν
1224 3605 1609 3667 Ἀντιλίϐανον,
1661 3606 1849 3670 ἐγκεν-

257 3694 560 3762 τρισθέντα
624 3695 720 3762 μὲν
761 3696 818 3746 ἐν
853 3692 1090 3762 Ἰσραὴλ,
1129 3692 1245 3744 ἀντ’
1269 3692 1432 3744 αὐτοῦ
1472 3692 1528 3745 δὲ
1561 3693 1845 3760 γενόμενα.

337 3784 448 3836 Καὶ
490 3783 694 3849 ὥσπερ
722 3784 887 3851 ἤμην
928 3784 1079 3852 μετὰ
1134 3783 1382 3849 Μωῠσῆ,
1423 3785 1608 3848 οὕτως
1637 3785 1848 3852 ἔσομαι

260 3872 364 3922 καὶ
393 3873 544 3938 μετὰ
573 3871 711 3923 σοῦ.
753 3871 887 3924 Οὐδὲ
916 3873 1024 3940 γὰρ
1060 3872 1299 3940 Μωῦσῆς
1333 3872 1436 3941 ἰδίᾳ
1466 3873 1692 3938 δυνάμει
1723 3873 1850 3934 τοὺς

260 3962 494 4030 ἐχθροὺς
528 3962 899 4026 ἐτροπώσατο.
934 3963 1188 4015 Τοιοῦτον
1245 3964 1340 4017 καὶ
1378 3965 1438 4014 τό
1460 3980 1472 3992 '
1504 3983 1520 4012 ι
1564 3964 1691 4016 Ἰδοὺ
1741 3961 1852 4030 ἐγὼ

261 4054 389 4124 μεθ’
415 4053 570 4122 ὑμῶν
595 4057 709 4122 ιίμι
743 4055 849 4117 ἕως
869 4055 968 4124 τῆς
999 4055 1306 4117 συντελείας
1339 4055 1430 4107 τοῦ
1464 4056 1678 4117 αίῶνος.
1721 4075 1738 4106 ι

340 4171 548 4237 Ἰσχυε,
569 4169 724 4235 φησι,
756 4169 851 4220 καὶ
879 4167 1151 4237 ἀνδρίζου.
1191 4169 1332 4235 Ἐγὼ
1365 4171 1472 4238 γάρ
1498 4187 1556 4221 σε
1587 4169 1852 4238 ἐνισχύσω

259 4260 550 4328 ὑπομονὴν
581 4260 676 4311 καὶ
695 4259 926 4328 δύναμιν
955 4259 1333 4330 χαριζόμενος,
1355 4261 1429 4322 ὡς
1452 4261 1518 4312 ἂν
1536 4261 1628 4311 καὶ
1657 4260 1852 4322 διέλοις

257 4356 373 4417 τοῖς
400 4353 683 4422 ἐσομένοις
716 4354 815 4421 τὴν
855 4354 980 4423 γῆν.

1945 593 2300 662 requiemque
2320 593 2596 656 concedit,
2618 609 2740 646 cum
2762 596 2844 646 lex
2867 592 2933 646 ad
2956 592 3288 647 vestibulum
3304 601 3514 646 tantum

1945 685 2216 738 deducere
2251 684 2446 752 possit.

2015 773 2189 826 Moses
2215 774 2450 840 {catulus
2483 791 2627 827 meus
2654 787 2895 829 mortuus
2919 785 3015 828 est.
3038 774 3193 826 Nunc
3215 776 3375 842 igitur
3400 790 3516 842 age,

1944 865 2112 915 transi
2170 879 2262 930 per
2311 861 2622 916 Iordanem.
2649 863 2712 934 [1,
2747 864 2826 934 2.]
2855 864 3001 918 Obiit
3049 865 3246 927 Moses,
3275 869 3374 918 hoc
3407 875 3514 926 est,

1941 952 2201 1006 defuncta
2223 962 2310 1007 est
2337 954 2419 1007 lex
2440 968 2557 1022 qua:
2576 953 2754 1008 Moses
2775 967 3146 1024 nuncupatur,
3171 957 3324 1023 juxta
3347 959 3514 1011 illud:

1947 1061 1966 1094 ε
2004 1043 2190 1097 Mosen
2244 1045 2444 1098 habent
2485 1053 2538 1098 et
2595 1048 2985 1114 prophetas”.
3039 1069 3056 1100 ι
3090 1049 3260 1116 Cujus
3305 1052 3424 1103 loco
3472 1052 3519 1104 is

1942 1137 2036 1204 qui
2079 1138 2246 1205 legem
2293 1139 2408 1190 suis
2464 1142 2747 1206 przeceptis
2799 1154 2863 1190 ac
2919 1140 3154 1194 decretis
3203 1141 3514 1209 abrogavit,

1941 1226 2234 1280 Jordanem
2272 1229 2500 1296 trajicit,
2533 1237 2592 1280 ut
2619 1229 2792 1296 ipsius
2833 1231 2898 1281 ad
2949 1229 3304 1284 Νἰςοιιριιιιιιιι
3335 1234 3516 1286 verbis

1943 1326 2200 1373 constat:
2241 1337 2259 1369 ι
2296 1319 2410 1372 Nisi
2436 1321 2562 1389 quis
2630 1323 2909 1390 regenitus
2945 1339 3010 1376 ex
3051 1339 3191 1392 aqua
3227 1332 3279 1376 et
3311 1327 3512 1392 Spll‘illl

1945 1409 2130 1473 fuerit,
2189 1410 2244 1462 in
2301 1425 2526 1478 regnum
2595 1414 2860 1466 caelorum
2911 1429 3017 1466 non
3066 1415 3402 1482 ingredietur
3445 1417 3513 1474 ’°.

1943 1501 2103 1570 cujus
2128 1502 2242 1569 ipse
2278 1501 2545 1556 tinctione
2573 1519 2679 1571 qua
2731 1521 2841 1558 non
2873 1505 3147 1573 indigebat
3181 1517 3387 1570 tamen,
3421 1524 3515 1561 ve-

1945 1609 2065 1647 rum
2095 1597 2436 1648 consecravit
2461 1609 2651 1661 aquas,
2685 1597 2902 1648 initium
2934 1597 3078 1649 fecit.

2016 1683 2235 1739 Omnem
2259 1686 2431 1738 locum
2454 1701 2609 1751 super
2626 1701 2774 1751 quem
2799 1686 2981 1749 planta
3005 1686 3193 1752 pedum
3224 1696 3515 1738 vestrorum

1944 1777 2315 1836 catcaveritis,
2371 1775 2512 1827 vobis
2572 1775 2731 1828 dabo.
2787 1775 2886 1845 [3.]
2943 1775 3246 1830 Promissio
3295 1778 3514 1844 quidem

1945 1877 2095 1921 tanta
2118 1875 2220 1922 est.
2253 1867 2321 1920 At
2386 1876 2573 1936 gentes
2621 1868 2942 1934 spirituales
2979 1868 3200 1922 vincere
3229 1870 3328 1922 hoc
3355 1885 3514 1938 opus,

1945 1960 2034 2013 hic
2063 1959 2237 2013 labor.
2268 1957 2369 2013 Ubi
2419 1960 2700 2014 curriculo
2743 1968 2938 2014 exacto
2985 1960 3051 2013 ad
3098 1976 3329 2028 superas
3361 1964 3517 2015 sedes

1945 2049 2424 2105 conscendendum
2447 2057 2551 2105 est.
2614 2051 2730 2104 Imo
2766 2066 2894 2104 vero
2927 2052 3026 2105 has
3071 2062 3200 2106 ante
3232 2053 3299 2106 ad
3336 2055 3481 2105 virtu
3504 2082 3517 2092 -

1945 2149 2054 2194 tem
2107 2155 2170 2194 ac
2219 2142 2526 2201 veritatem.
2573 2139 2626 2194 in
2686 2142 2828 2193 viam
2867 2141 3018 2209 pacis
3062 2142 3164 2196 iter
3193 2142 3353 2196 nobis
3378 2159 3519 2211 ιιι-ιιι-

1947 2234 2104 2285 bente
2177 2230 2346 2297 Jesu;
2389 2231 2479 2300 qui
2535 2239 2822 2300 serpentes
2877 2233 3040 2284 etiam
3093 2240 3149 2286 et
3198 2234 3518 2301 scorpiones

1947 2325 2104 2378 nobis
2142 2326 2440 2378 calcandos
2466 2323 2696 2393 praebuit
2727 2326 2793 2388 ",
2837 2324 3194 2395 gentiumque
3226 2326 3517 2379 haeredita-

1947 2426 2051 2470 tem
2078 2417 2323 2470 donavit.
2359 2416 2811 2471 Conscendamus
2836 2416 3062 2485 insuper
3096 2416 3309 2471 decenti
3342 2417 3517 2487 gradu

1947 2523 2110 2578 super
2159 2509 2306 2563 dicta
2370 2508 2425 2562 in
2485 2505 2788 2575 Seripturis
2853 2509 3269 2577 comprehensa.
3297 2509 3376 2571 Ad
3418 2527 3518 2565 nos
3592 2572 3599 2582 ι

1945 2601 2089 2652 enim
2124 2599 2439 2655 intellectus
2499 2601 2756 2667 pertinet.
2796 2599 2939 2654 Deus
2991 2600 3174 2668 itaque
3213 2610 3414 2655 terram
3450 2603 3515 2656 ad

1947 2691 2280 2760 Euphratem
2349 2706 2409 2746 se
2471 2691 2732 2744 daturum
2782 2692 2895 2745 illis
2947 2702 3032 2747 est
3065 2693 3383 2761 pollicitus,
3434 2695 3519 2749 in-

1945 2780 2127 2848 dignis
2179 2796 2306 2835 vero
2358 2780 2494 2835 visis
2555 2781 3015 2849 promissionibus
3063 2796 3170 2834 non
3204 2784 3373 2836 stetit.
3413 2782 3519 2834 Du-

1945 2874 2052 2926 vidi
2117 2881 2328 2926 tantum
2367 2883 2421 2926 et
2475 2871 2758 2927 Salomoni
2794 2875 2886 2941 qui
2912 2872 3059 2941 digni
3107 2873 3348 2937 fuerunt,
3378 2890 3518 2942 prte-

1943 2967 2108 3020 stitit.

2019 3056 2288 3109 Dcsertum
2318 3064 2367 3108 et
2398 3054 2786 3109 Antilibanum.
2823 3053 2924 3127 [4.]
2962 3056 3244 3110 Desertum
3290 3057 3517 3111 Christo

1948 3145 2230 3213 subjuuxit
2259 3145 2440 3208 Pater,
2465 3145 2532 3199 de
2559 3161 2668 3212 quo
2704 3145 2910 3199 dictum
2933 3154 3016 3199 est
3045 3163 3056 3197 :
3101 3165 3118 3197 ι
3164 3145 3393 3212 [αξιοι-θ,
3422 3148 3516 3200 de-

1945 3246 2151 3291 sertum
2190 3235 2403 3290 aridum
2426 3237 2492 3289 “.
2527 3254 2544 3286 ι
2571 3235 2704 3290 Item
2745 3253 2758 3286 :
2799 3253 2818 3285 ι
2860 3235 3052 3290 Plures
3122 3236 3284 3290 habet
3314 3239 3517 3292 liberos

1943 3329 2105 3382 vidua
2138 3342 2299 3395 quam
2345 3329 2598 3381 maritata
2631 3327 2694 3381 ".
2735 3347 2751 3379 ι
2787 3325 2897 3382 Nec
2949 3345 3079 3383 vero
3125 3328 3393 3382 Libanum
3419 3328 3516 3383 Jo-

1946 3434 2043 3474 sue
2072 3418 2380 3488 subjunxit,
2413 3421 2687 3481 lsraelem,
2711 3421 2955 3487 inquam,
2989 3420 3081 3488 qui
3110 3419 3251 3489 apud
3278 3421 3518 3489 prophe-

1947 3522 2030 3567 tas
2082 3514 2185 3566 hoc
2246 3513 2486 3568 nominis
2543 3514 2724 3566 habet.
2753 3512 2856 3576 Qui
2885 3514 3010 3565 item
3065 3514 3310 3566 olearum
3366 3515 3518 3569 εει-δι

1945 3605 2126 3659 dictus
2179 3613 2282 3668 est,
2341 3619 2530 3658 verum
2589 3605 2988 3659 Antilibanum.
3046 3615 3232 3672 gentes
3275 3605 3421 3672 ipsas
3462 3607 3517 3660 in

1945 3697 2196 3751 lsraelem
2225 3697 2441 3756 insitas.
2474 3696 2639 3764 inque
2660 3698 2901 3763 ipsorum
2935 3698 3113 3748 locum
3148 3697 3376 3749 ascitas.

2022 3788 2089 3841 Et
2138 3787 2588 3856 quemadmodum
2659 3804 2779 3838 cunt
2838 3785 2982 3839 Mose
3034 3786 3142 3852 fui,
3203 3787 3282 3838 ita
3349 3796 3517 3839 tecum

1950 3896 2061 3943 ero,
2097 3887 2206 3932 etc.
2229 3875 2336 3948 [5.]
2371 3877 2490 3929 Non
2515 3876 2658 3929 enim
2689 3878 2905 3943 propria
2935 3875 3142 3928 virtute
3167 3875 3354 3927 hostes
3389 3875 3522 3927 vicit

1953 3969 2148 4021 Moses.
2201 3965 2523 4032 Hujusmodi
2562 3964 2720 4017 'illud
2772 3980 2990 4033 quoque
3037 3973 3122 4017 est
3155 3982 3166 4015 :
3201 3982 3219 4016 ι
3263 3965 3402 4019 Ecce
3430 3979 3526 4019 το-

1957 4061 2167 4112 hiscum
2203 4069 2322 4108 sum
2363 4070 2536 4123 usque
2567 4053 2633 4106 ad
2663 4053 2825 4107 tinem
2864 4054 3050 4106 mundi
3077 4057 3142 4106 ’⁵.
3183 4073 3201 4104 ι

2025 4166 2199 4220 Macte
2252 4173 2464 4218 tantum
2520 4166 2721 4219 virtute
2766 4168 2864 4228 sis,
2899 4166 3100 4235 inquit,
3137 4167 3425 4236 virumque
3470 4175 3525 4221 te

1956 4266 2173 4326 praesta,
2205 4271 2304 4326 ego
2333 4257 2478 4310 enim
2527 4263 2580 4309 te
2610 4258 2971 4320 conﬁrmabo,
3008 4258 3437 4325 patientiamque
3463 4275 3527 4312 ac

1957 4351 2101 4404 vires
2153 4364 2264 4419 quo
2315 4357 2520 4403 terram
2571 4348 2682 4402 tuis
2743 4349 2971 4403 asseclis
3032 4349 3335 4403 distribuas
3395 4366 3527 4404 con-

1959 4441 2153 4496 feram.
2865 4447 2869 4450 ’

347 4555 511 4608 Ἀλλά
544 4555 801 4622 φύλαττε,
831 4557 926 4608 καὶ
953 4555 1100 4608 ποίει
1142 4553 1286 4608 κατὰ
1329 4554 1508 4608 πάντα
1543 4554 1632 4605 τὸν
1667 4556 1850 4621 νόμον.
1885 4535 1930 4591 Ῑ)

1839 4535 1930 4607 ,θ
2035 4554 2232 4609 Verum
2284 4569 2475 4608 omnes
2524 4561 2650 4606 tuas
2698 4553 2946 4606 actiones
2980 4552 3134 4618 juxta
3158 4551 3328 4623 legem
3358 4567 3526 4607 accu-

261 4650 427 4720 Αὐτῴ
461 4650 519 4701 δὲ
551 4650 884 4717 προστάττει
941 4650 1084 4718 ἅπερ
1135 4649 1227 4700 καὶ
1276 4648 1366 4700 τὸν
1396 4647 1524 4700 λαὸν
1572 4647 1855 4699 διδάσκειν

261 4743 460 4811 ἐχρῆν.
497 4761 514 4791 ι
549 4742 665 4804 Πᾶς
721 4741 852 4810 γάρ,
887 4740 1073 4810 φησὶν,
1111 4740 1260 4801 ὅστις
1305 4740 1519 4808 ποιήσει
1547 4739 1689 4792 κατὰ
1728 4739 1855 4808 μίαν

259 4837 375 4886 τῶν
401 4834 633 4887 ἐντολῶν
654 4833 861 4886 τούτων
884 4833 992 4886 τῶν
1020 4831 1336 4900 ἐλαχίστων,
1387 4832 1483 4882 καὶ
1510 4830 1709 4897 διδάξει
1729 4831 1855 4889 τοὺς

260 4925 588 4996 ἀνθρώπους
641 4924 842 4994 ὁμοίοις
875 4927 1075 4989 ποιεῖν,
1130 4922 1301 4993 μέγας
1332 4922 1665 4991 κληθήσεται
1697 4924 1754 4974 ἐν
1783 4924 1850 4991 τῇ

264 5018 522 5085 βασιλεία
570 5016 679 5069 τῶν
730 5016 1000 5086 οὐρανῶν.
1044 5035 1061 5066 ι
1090 5017 1199 5068 Καὶ
1254 5016 1468 5076 Λουκᾶς
1507 5014 1562 5066 δὲ
1605 5015 1851 5082 περὶτοῦ

261 5107 527 5176 ἀληθινοῦ
550 5124 716 5177 φησιν
756 5106 933 5175 Ἰησοῦ
956 5122 971 5137 ⁸
1009 5125 1027 5158 ι
1063 5101 1166 5158 ⁷ον
1206 5105 1409 5175 ἤρξατο
1453 5106 1628 5156 ποιεῖν
1666 5121 1726 5156 τε
1759 5104 1853 5158 καὶ

260 5201 566 5254 διδάσκειν.
595 5219 614 5250 ι
654 5200 846 5252 Πᾶσαν
884 5197 994 5267 γὰρ
1033 5198 1322 5268 ἐπλήρωσε
1348 5196 1717 5266 δικαιοσύνην,
1745 5196 1850 5248 ὐπὸ

261 5291 435 5358 νόμον
475 5289 770 5357 γενόμενος
811 5288 886 5350 ὡς
926 5287 1237 5357 ἄνθρωπος.
1269 5288 1379 5339 Καὶ
1405 5288 1502 5339 ὃσα
1549 5285 1852 5338 ἐνετείλατο

262 5382 421 5453 αὐτῷ
457 5380 699 5449 Μωύσῆς
727 5379 1052 5448 πεποίηκεν,
1073 5380 1160 5431 ἵνα
1187 5380 1312 5440 τοὺς
1345 5379 1450 5431 ὐπὸ
1478 5380 1640 5447 νόμον
1671 5378 1857 5446 ἐξαγοο

269 5477 439 5546 ράσῃ,
473 5474 569 5527 καὶ
591 5474 690 5542 τήν
712 5470 986 5524 υἱοθεσίαν
1020 5468 1406 5538 ἀπολαύωμεν.
1445 5469 1559 5521 Οὐκ
1583 5468 1853 5532 ἐξέκλινεν

263 5570 368 5623 ἀπ’
393 5567 575 5620 αὐτῶν
594 5565 743 5629 δεξιὰ
764 5564 798 5634 ἦ
829 5562 1118 5634 ἀριστερὰ,
1167 5562 1393 5631 φάσκων
1419 5577 1432 5588 ·
1474 5579 1491 5610 ι
1529 5560 1682 5612 ’ἰῶτα
1715 5558 1791 5626 ἒν,
1818 5560 1849 5630 ἢ

350 5747 390 5775 ¹⁹
433 5744 570 5798 Luc.
598 5743 816 5803 xvi.9.9.
893 5744 938 5773 ²⁰
976 5741 1130 5794 Joan.
1159 5756 1238 5802 ιιι,
1265 5741 1317 5792 εἰ.
1384 5741 1423 5769 ¹¹
1455 5738 1582 5792 Luc.
1618 5756 1670 5800 κ.
1706 5738 1788 5792 10.

266 5813 321 5850 ⁸³⁵
351 5816 537 5869 Matth.
580 5830 630 5876 ι’,
667 5815 751 5870 i9.
838 5815 879 5844 “"
923 5815 1042 5866 Act.
1073 5829 1107 5874 I,
1147 5812 1188 5863 Ι.
1271 5814 1311 5841 ³⁷
1339 5811 1513 5863 Galat.
1538 5826 1607 5873 ιν,
1645 5812 1695 5860 fi.

1868 5739 1910 5769 ’³
1940 5736 2039 5790 lsa.
2073 5749 2233 5795 xxxv.
2267 5734 2313 5785 1.

1956 4657 2075 4700 rate
2108 4661 2400 4716 compone,
2423 4660 2598 4714 caque
2631 4644 2679 4697 ei
2711 4643 2978 4711 praecipit,
3024 4641 3224 4711 quibus
3260 4646 3520 4711 populum

1953 4754 2174 4806 quoque
2229 4738 2503 4791 instruere
2559 4736 2883 4804 oportebat:
2924 4750 2944 4784 ι
2977 4733 3300 4802 Quicunque
3357 4735 3526 4798 enim,

1963 4831 2162 4899 inquit,
2198 4829 2340 4882 facto
2412 4829 2635 4880 unicum
2674 4835 3065 4894 przeceptorum
3123 4826 3525 4879 levissimorum

1959 4923 2323 4989 expresserit,
2352 4929 2402 4972 et
2431 4919 2622 4972 eodem
2656 4918 2818 4970 modo
2861 4916 3042 4970 facere
3073 4916 3319 4970 docuerit
3347 4917 3524 4969 homi-

1960 5026 2077 5070 nes,
2109 5021 2362 5077 magnunt
2403 5021 2602 5059 nomen
2647 5005 2699 5057 in
2733 5019 2899 5073 regno
2931 5005 3197 5056 caelorum
3239 5020 3526 5072 compara-

1959 5101 2036 5155 bit
2069 5101 2135 5155 ".
2167 5119 2185 5150 ι
2217 5098 2396 5152 Lucas
2448 5097 2577 5151 item
2608 5096 2675 5150 de
2707 5109 2838 5148 vero
2876 5093 3043 5149 Josue
3076 5097 3251 5165 inquit
3285 5111 3297 5146 :
3342 5115 3358 5144 ι
3397 5096 3527 5160 Qum

1957 5195 2121 5263 ccepit
2144 5206 2266 5246 cum
2299 5189 2481 5245 facere
2512 5198 2624 5242 tum
2673 5189 2870 5241 docere
2906 5187 2971 5240 ".
3006 5206 3024 5238 ι
3058 5189 3193 5240 Cum
3232 5189 3375 5242 enim
3427 5191 3526 5256 legi

1955 5298 2074 5338 sese
2116 5283 2288 5335 instar
2325 5280 2568 5333 hominis
2591 5276 2953 5338 subdidisset.
2984 5293 3200 5331 onmem
3232 5281 3523 5346 complevit

1955 5375 2241 5445 justitiam.
2289 5372 2640 5440 Quaecunque
2703 5370 2870 5423 etiam
2918 5371 2967 5422 ei
3013 5372 3271 5438 praecepit
3327 5370 3530 5429 lum-cs,

1958 5465 2108 5532 fecit,
2137 5479 2246 5534 quo
2278 5464 2381 5533 legi
2441 5477 2542 5516 nos
2594 5461 2868 5514 obnoxios
2930 5461 3220 5513 redimeret
3267 5461 3331 5523 ’⁷,
3372 5461 3536 5527 inque

1963 5558 2198 5612 filiorum
2233 5556 2412 5611 locum
2439 5558 2740 5623 adoptaret.
2770 5550 2890 5605 Non
2918 5550 3138 5606 deﬂexit
3160 5553 3225 5604 ab
3246 5551 3325 5606 eis
3361 5568 3534 5619 neque

2396 5734 2438 5760 ³⁸
2490 5731 2708 5785 [5.1.le
2742 5775 2753 5793 ,
2799 5735 2846 5782 1.
2928 5731 3403 5785 ²³Μ;ι111ν.ιν.·ιιι,
3447 5728 3533 5777 ‘20.
