4272 6446
788 371 892 434 995

2084 379 2439 440 PROCOPII
2480 379 2724 443 G.~\7..El

3940 390 4047 454 996

785 480 849 533 ad
915 479 1164 533 dextram
1230 493 1411 547 neque
1455 480 1764 544 sinistram,
1793 483 1886 551 qui
1943 485 2153 554 inquit:
2184 506 2201 537 ι
2243 487 2357 542 Non
2394 496 2410 549 Α

2429 536 2433 547 ,
2467 492 2564 556 μία
2594 496 2791 559 κεραία
2823 492 2884 543 οὐ
2925 493 3000 561 μὴ
3027 493 3269 564 παρέλθῃ
3298 495 3361 546 ἐκ
3399 495 3490 547 τοῦ
3515 496 3699 564 νόμον,
3725 497 3827 561 ἓως
3862 495 3923 554 οὗ
3951 504 4044 567 γέ-

784 578 887 622 mta
944 584 1111 622 unum
1181 578 1275 621 aut
1331 584 1469 638 apex
1516 588 1659 627 unus
1708 589 1736 625 ο
1782 575 1895 644 lege
1919 576 2157 641 decidet,
2188 580 2363 635 d0nec

783 661 872 733 tiat
902 659 967 712 ’⁸.
1002 679 1018 709 ι
1053 658 1401 729 Quapropter
1454 663 1519 715 de
1565 663 1686 733 ipso
1737 663 1906 721 Isaias
1949 682 2169 738 quoque
2229 671 2307 724 ait
2346 688 2359 724 :

783 770 802 801 ι
844 750 980 804 Εοιτο
1039 753 1336 819 prudenter
1376 752 1545 824 479
1610 765 1734 825 aget
1773 773 1966 814 servus
2000 777 2173 826 meus,
2208 764 2359 817 exal-

781 841 1009 905 tabitur,
1040 844 1325 905 erehetur,
1358 852 1413 896 et
1466 860 1632 913 supra
1668 848 1889 902 modum
1931 852 2190 907 sublimis
2228 855 2358 920 crit,

776 932 903 999 quia
941 933 1121 983 munia
1149 933 1332 985 divina
1366 935 1637 1002 sapientia
1678 939 1791 1006 agit
1817 946 1871 992 et
1899 940 2189 1009 loquitur.-

851 1021 943 1074 Est
975 1038 1103 1076 vero
1156 1038 1296 1092 opus
1356 1026 1719 1093 intelligentia
1772 1029 1820 1082 ei
1872 1032 1966 1098 qui
2006 1034 2181 1101 legem
2222 1035 2357 1105 legit

779 1114 1032 1178 inprimis
1087 1129 1218 1167 vero
1268 1116 1391 1169 lide.
1442 1134 1461 1166 ι
1501 1114 1615 1170 Nisi
1668 1119 1815 1172 enim
1852 1122 2229 1187 credideritis,
2268 1126 2355 1179 in-

777 1205 916 1271 quit,
961 1219 1307 1274 nequaquam
1363 1206 1684 1277 intelligetis
1720 1210 1787 1263 ".
1827 1230 1844 1261 ι
1882 1213 2180 1267 Assiduum
2227 1231 2356 1270 ncc-

779 1311 884 1347 uuu
920 1297 1164 1349 studium
1218 1299 1541 1366 requiritur,
1583 1301 1729 1368 quod
1767 1304 1859 1370 qui
1894 1306 2057 1359 habet
2084 1324 2112 1357 a
2150 1308 2355 1363 Davidc

776 1384 971 1439 beatus
1025 1381 1408 1454 praedicatur:
1469 1407 1487 1439 ι
1523 1388 1720 1442 Omnia
1772 1393 1918 1445 enim
1973 1410 2097 1464 qua:
2131 1397 2345 1462 fecerit,

777 1476 974 1545 inquit,
1006 1493 1267 1546 prospere
1299 1481 1598 1533 succedent
1623 1480 1810 1533 “.i—
1848 1503 1863 1533 ι
1898 1482 2146 1540 Lucerna
2180 1490 2348 1553 enim,

776 1566 904 1618 alibi
941 1567 1039 1627 ait,
1078 1567 1276 1634 pedum
1323 1582 1570 1621 meorum
1615 1570 1701 1622 lex
1731 1578 1848 1633 tua,
1879 1582 1931 1625 et
1967 1574 2149 1629 lutucn
2184 1580 2352 1632 scuti-

775 1664 955 1709 tarnm
993 1672 1238 1711 mearum
1274 1660 1341 1713 ³¹.
1383 1678 1400 1711 ι
1436 1660 1554 1723 Qua
1587 1663 1949 1719 coaliruiatus
1984 1683 2200 1721 omnem
2241 1685 2351 1725 mc-

772 1759 889 1802 tutn
932 1764 995 1802 ac
1022 1749 1273 1804 timorem
1312 1751 1486 1820 ejicit.
1826 1746 1835 1753 ’

844 1841 1047 1894 Parale
1090 1841 1233 1895 vobis
1255 1844 1529 1909 viaticum,
1564 1845 1737 1899 adhuc
1764 1849 1902 1901 enim
1930 1851 2073 1903 intra
2104 1860 2209 1906 tres
2234 1853 2347 1908 dies
2384 1838 2426 1893 Β

774 1932 1059 1999 trajicietis
1093 1933 1230 1987 [tunc
1253 1932 1565 1988 Jordunem.
1591 1936 1657 2007 [l,
1686 1938 1794 2011 ILJ
1820 1940 1943 1995 llaec
1975 1957 2073 2011 per
2106 1947 2346 2015 scripto-

774 2036 861 2075 res
892 2031 1015 2075 nota
1067 2021 1197 2077 fecit
1238 2024 1464 2091 populo,
1511 2040 1653 2094 quos
1694 2027 1925 2097 Aquilus
1973 2029 2194 2099 quidem
2222 2048 2350 2085 exa-

771 2124 940 2167 ctores
1002 2116 1275 2169 nominat.
1339 2115 1706 2186 Symmachus
1751 2135 1881 2174 vero
1931 2120 2233 2189 pra-fectus,
2264 2125 2346 2178 vi-

771 2210 969 2260 dentur
1007 2216 1191 2261 autem
1241 2218 1709 2265 commentatores
1745 2216 1941 2281 quales
1974 2215 2119 2281 apud
2156 2214 2349 2269 Roma-

772 2315 870 2352 nos
933 2300 1180 2365 fuerunt,
1237 2316 1382 2355 esse.
1420 2302 1521 2356 l’er
1552 2319 1692 2371 quos
1744 2307 1965 2375 populis
1994 2307 2217 2363 decreta
2246 2326 2345 2365 sua

769 2393 1204 2461 promulgarunt
1256 2394 1560 2465 principes.
1613 2393 1889 2452 Viaticum
1926 2414 2090 2469 porro
2121 2417 2185 2455 ex
2218 2418 2348 2479 man

768 2486 1031 2555 iolligere
1057 2485 1348 2553 iubentur,
1386 2503 1485 2541 nec
1517 2490 1698 2542 solum
1732 2490 1824 2558 qui
1861 2492 1915 2545 in
1952 2490 2120 2557 diem,
2155 2510 2343 2549 rerum

770 2579 821 2628 in
855 2580 1098 2631 triduum
1138 2578 1389 2647 adeoque
1423 2580 1490 2633 ad
1525 2589 1699 2635 totmn
1747 2584 2095 2653 trajectionis
2128 2596 2345 2657 tempus

768 2666 1060 2722 sulliceret.
1096 2668 1242 2723 Inter
1267 2671 1508 2723 eundum
1560 2673 1708 2725 enim
1756 2688 1865 2727 non
1897 2675 2071 2728 otium
2106 2679 2341 2745 conqui-

767 2760 923 2812 rendi
963 2769 1329 2813 commeatum
1368 2762 1778 2829 suppeditabat.
1826 2762 1932 2818 Pro
1967 2766 2145 2821 tribus
2176 2769 2345 2838 igitur

767 2850 961 2904 diebus
995 2851 1158 2903 unico
1214 2851 1447 2919 adjectis
1487 2853 1847 2922 colligebant,
1892 2872 2015 2910 cum
2055 2858 2344 2927 trajectio—

766 2943 850 2996 nis
904 2943 1012 2997 die.
1074 2935 1191 2997 Non
1242 2944 1468 3013 quidem
1524 2946 1672 3015 quod
1751 2947 1897 3001 inter
1946 2954 2341 3006 transeundum

764 3049 892 3088 man
926 3034 1110 3103 inopia
1148 3044 1336 3090 essent
1377 3034 1703 3102 laboraturi,
1764 3055 1952 3094 verum
1998 3053 2053 3096 ιιι
2083 3046 2343 3102 munibus

765 3128 954 3181 missis
1008 3126 1075 3181 ad
1130 3134 1337 3180 terram
1391 3129 1723 3195 promissam
1783 3133 2200 3190 contenderent.
2259 3139 2410 3231 Δύο

763 3224 879 3271 tres
926 3218 1069 3270 enim
1121 3217 1241 3272 dies
1281 3216 1546 3287 deinceps
1594 3223 1909 3317 eosOadhuc
1946 3228 2170 3292 mansit,
2208 3228 2337 3284 dum

762 3307 1055 3363 Paschalis
1104 3310 1210 3362 ritu
1273 3320 1498 3380 peracto
1528 3307 1732 3380 azym'a
1771 3316 2151 3372 comederunt.
2183 3319 2340 3377 Tunc

761 3401 908 3454 enim
952 3410 1111 3455 terra:
1149 3410 1419 3472 proventu
1459 3403 1714 3457 victitare
1754 3408 1991 3474 prinqu
2026 3423 2336 3481 cmperuut.

762 3492 934 3546 l‘urro
962 3494 1141 3547 cuivis
1190 3492 1484 3548 Jordanexu
1530 3495 1833 3563 trajectum
1860 3514 2207 3559 commeatus
2239 3522 2336 3560 ne-

760 3585 995 3651 ressitas
1047 3584 1371 3651 imponitur,
1424 3600 1653 3654 operum
1705 3590 1960 3645 videlicet
2004 3595 2339 3662 resipiscen-

759 3675 866 3733 ti;e,
929 3692 1039 3745 quo
1090 3690 1214 3728 cum
1266 3675 1491 3730 Christo
1559 3688 1725 3746 queat
1788 3681 2006 3737 dicere:
2066 3704 2085 3737 ι
2148 3685 2338 3744 Virtus

760 3782 917 3821 meus
971 3774 1057 3821 est
1104 3766 1447 3821 voluntatem
1501 3769 1622 3837 ejus
1674 3773 1767 3840 qui
1834 3787 1919 3827 me
1982 3775 2131 3829 misit
2180 3792 2339 3832 exse-

757 3858 850 3924 qui
880 3858 944 3909 ³³.
984 3876 1002 3908 ι
1059 3856 1191 3909 Nam
1247 3856 1376 3912 Elia:
1426 3875 1645 3929 quoque
1694 3862 1934 3916 dicitur:
1971 3882 1989 3914 ι
2031 3862 2227 3937 Surge,
2282 3878 2337 3922 et

756 3947 1008 4011 comede,
1040 3949 1305 4016 quoniam
1363 3950 1464 4003 iter
1495 3950 1858 4021 longinqumn
1895 3963 1948 4008 te
1982 3966 2166 4011 manet
2197 3958 2265 4013 ³³.
2311 3979 2329 4010 ι

755 4035 855 4092 Via
908 4040 1055 4092 enim
1109 4037 1202 4092 Dei
1256 4039 1481 4096 virtutis
1531 4044 1911 4109 Operationem
1959 4045 2215 4114 requirit.
2250 4046 2333 4103 Ad

751 4142 915 4197 quam
950 4127 1079 4181 item
1130 4127 1362 4197 pedibus
1404 4144 1512 4183 non
1552 4130 1727 4185 illotis
1759 4133 2212 4203 aggrediendutn,
2244 4153 2335 4192 ve-

753 4233 875 4273 rum
922 4224 1051 4271 ante
1101 4217 1294 4272 divino
1346 4219 1566 4275 lavacro
1625 4222 1876 4276 ablutum
1932 4232 2016 4279 est
2065 4227 2328 4283 eundum.

752 4310 984 4378 PrOpter
1009 4307 1062 4361 id
1098 4310 1153 4362 in
1205 4308 1394 4363 multis
1429 4308 1699 4364 Ecclesiis
1752 4327 1888 4368 usus
1920 4311 2157 4371 fortasse
2184 4318 2332 4373 obti-

749 4403 892 4465 truit,
948 4408 1007 4454 ut
1041 4410 1244 4470 quarto
1292 4402 1491 4472 quovis
1528 4412 1737 4458 sanctae
1788 4406 2113 4473 septimanae
2140 4408 2229 4464 die
2262 4410 2329 4465 ad

2468 598 2647 649 νηται.
2692 602 2710 632 ι
2749 582 2839 633 Διὸ
2870 583 2960 634 καὶ
3007 583 3239 645 Ἡσαΐας
3270 584 3419 651 λέγει
3455 586 3581 656 περὶ
3607 587 3771 641 αὐτοῦ
3798 606 3811 618 ·
3849 608 3867 640 ι
3909 589 4044 643 Ἰδοὺ

2466 674 2692 741 συνήσει
2725 676 2896 736 ὀπαῖς
2924 692 3047 744 μου,
3085 676 3176 728 καὶ
3201 676 3570 747 ὑψωθήσεται,
3600 679 3692 732 καὶ
3715 679 4046 750 δοξασθήσε-

2462 780 2575 827 ται,
2626 766 2720 816 καὶ
2783 765 3287 836 μετεωρισθήσεται
3366 768 3596 839 σφόδρα,
3661 788 3679 821 ι
3746 771 4045 842 θεοπρεπεῖ

2464 854 2625 924 σοφίᾳ
2647 855 2823 908 πάντα
2853 856 3043 921 ποιῶν,
3077 859 3171 911 καὶ
3192 856 3582 929 φθεγγόμενος.

2531 1030 2805 1093 Συνέσεως
2838 1032 2995 1103 χρεία
3023 1033 3101 1103 τῷ
3137 1034 3230 1086 τὸν
3258 1034 3423 1103 νόμον
3456 1037 3903 1105 ἀναγινώσκοντι,
3948 1041 4044 1093 καὶ

2461 1120 2568 1189 πρὸ
2596 1119 2820 1189 ταύτης,
2850 1121 3107 1184 πίστεως.
3146 1142 3164 1174 ι
3189 1124 3316 1178 Ἐάν
3348 1126 3478 1195 γάρ,
3511 1128 3645 1197 φησι
3665 1167 3679 1191 ,
3714 1129 3788 1197 μὴ
3817 1131 4043 1183 πιστεύ-

2459 1225 2590 1279 σητε
2613 1251 2627 1275 ,
2656 1211 2765 1263 οὐδ’
2792 1212 2852 1264 οὑ
2887 1213 2962 1283 μὴ
3000 1214 3219 1283 συνῆτε.
3260 1235 3279 1268 ι
3314 1218 3407 1269 Δεῖ
3431 1215 3489 1269 δὲ
3522 1217 3617 1269 καὶ
3650 1218 3883 1287 μελέτης
3916 1238 4043 1273 συν-

2455 1302 2881 1372 εχεστέρας.⁶”ον
2911 1304 3001 1356 καὶ
3035 1306 3357 1374 μακαρίζων
3384 1306 3551 1377 φησὶν
3593 1308 3621 1358 ὁ
3644 1306 3808 1360 Δαϐίδ
3828 1324 3841 1338 ·
3881 1326 3899 1359 ι
3930 1310 4042 1362 Καὶ

2457 1392 2639 1445 πάντα
2676 1395 2773 1446 ὅσα
2806 1394 2874 1447 ἂν
2904 1399 3029 1466 ποιῇ
3064 1396 3587 1468 κατευοδωθήσεται.
3620 1417 3640 1450 ο
3668 1429 3739 1440 -
3777 1419 3797 1451 r
3832 1401 4039 1469 Λύχνος

2454 1482 2583 1548 γὰρ,
2618 1485 2771 1552 φησι,
2805 1487 2915 1547 τοῖς
2949 1486 3074 1538 ποσί
3107 1503 3209 1556 μου
3242 1488 3271 1538 ὁ
3297 1488 3460 1557 νόμος
3500 1506 3616 1552 σου,
3660 1490 3754 1542 καὶ
3781 1491 3894 1560 φῶς
3920 1497 4041 1555 ταῖς

2452 1572 2661 1640 τρίϐοις
2690 1590 2814 1641 μου.
2848 1594 2865 1625 ι
2886 1577 2962 1627 Δι’
2984 1571 3045 1630 οὗ
3080 1578 3334 1646 ῥωσθεὶς,
3368 1578 3591 1632 ἐκϐαλεῖ
3619 1582 3798 1633 πᾶσαν
3836 1583 4039 1636 δειλίαν

2454 1664 2551 1716 καὶ
2580 1665 2764 1734 φόϐον.

2540 1837 2605 1891 Ἐ
2610 1839 2950 1907 τοιμάζεσθε
2977 1841 3382 1911 ἐπισιτισμὸν,
3405 1844 3495 1899 ὅτι
3513 1847 3599 1901 ἔτι
3626 1847 3783 1916 τρεῖς
3800 1848 4033 1917 ἡμέραι,

2451 1927 2548 1979 καὶ
2590 1926 2953 1993 ὃιαϐήσεσθε
2982 1931 3090 1985 τὸν
3124 1931 3432 2001 Ἰορδάνην
3470 1935 3704 1991 τοῦτον.
3732 1939 3919 1993 Ταῦτα
3948 1942 4040 1994 διά
4085 1984 4089 1987 .

2448 2017 2557 2069 τῶν
2604 2018 2983 2090 Γραμματέων
3018 2022 3223 2090 Ἰησοῦς
3267 2023 3537 2094 δεδήλωκε
3581 2027 3659 2098 τῷ
3707 2028 3851 2099 λαῷο
3886 2031 3981 2094 οὓς
4009 2037 4039 2087 ὁ

2453 2110 2553 2178 μὲν
2589 2109 2838 2175 Ἀκύλας,
2882 2112 3239 2179 ἐκϐιϐαστάς
3294 2132 3494 2185 φησιν’
3540 2120 3568 2171 ὁ
3612 2118 3669 2171 δὲ
3714 2121 4033 2193 Σύμμαχος,

2448 2200 3053 2269 ἐ.τιστιὶῖας.Ἑοίκασι
3087 2206 3144 2260 δὲ
3192 2209 3336 2262 κατᾶ
3378 2213 3506 2273 τοὺς
3548 2216 3701 2285 παρὰ
3740 2217 4035 2287 Ῥωμαίοις

2449 2292 2828 2364 ὲκσκὲπτορας
2881 2292 3044 2360 εἶναι,
3100 2298 3169 2351 δι’
3207 2293 3285 2353 ὧν
3314 2301 3535 2373 δηλοῦσι
3580 2308 3695 2370 τοῖς
3743 2308 3938 2379 δήμοις
3984 2315 4033 2365 οί

2448 2383 2707 2454 ἄρχοντες
2758 2387 2819 2439 τὸ
2865 2388 3075 2444 δοκοῦν.
3097 2391 3476 2465 Ἑπισιτισμδν
3504 2396 3876 2469 δὲδσυλλέγειν
3922 2404 4035 2458 ἀπὸ

2447 2475 2541 2528 τοῦ
2579 2478 2754 2547 μάννα
2779 2482 3383 2557 προστάττονται,πρὸς
3409 2488 3489 2559 τῷ
3520 2495 3654 2562 πρὸς
3684 2494 3902 2565 ἡμέραν
3928 2496 4033 2567 ἁρ-

2447 2570 2633 2623 κοῦντι
2663 2574 2756 2625 ἐπὶ
2792 2578 2941 2646 τρεῖς
2964 2577 3181 2648 ἡμέρας
3214 2580 3310 2633 καὶ
3338 2582 3428 2635 τὸν
3456 2583 3757 2654 άρκέσοντα
3780 2589 3917 2660 πρὸς
3939 2591 4033 2645 τὸν

2448 2664 2544 2734 τῆς
2578 2665 2880 2731 διαϐάσεως
2912 2672 3121 2740 χρόνον.
3152 2674 3229 2726 Οὐ
3259 2675 3369 2746 γὰρ
3399 2676 3659 2747 ἠδύναντο
3689 2681 3810 2734 τότε
3838 2682 4031 2737 συλλέ-

2459 2771 2586 2821 γειν,
2614 2757 2751 2827 πρὸς
2773 2760 2872 2829 τὴν
2897 2760 3149 2816 διάϐασιν
3174 2766 3587 2837 ἀσχολούμενοι.
3611 2771 3709 2825 Διὰ
3732 2773 3840 2826 τῶν
3860 2775 4033 2847 τριῶν

2446 2843 2539 2900 οὖν
2584 2851 2806 2920 ήμερῶν
2856 2854 2920 2907 ὲκ
2974 2856 3295 2927 προσθήκης
3327 2862 3616 2932 συνέλεγον
3650 2867 3743 2919 καὶ
3786 2843 4034 2941 τὸνὝτῆς

2447 2939 2656 3011 ήμέρας
2702 2943 2802 3012 τῆς
2850 2943 3174 3012 διαϐάσεως.
3212 2951 3321 3003 Καὶ
3352 2952 3472 3021 μετ’
3497 2954 3687 3024 ὀλίγα’
3718 2958 3827 3011 Καὶ
3854 2939 4035 3024 ἄλλως

2445 3032 2523 3096 δὲ,
2561 3033 2636 3103 τῷ
2671 3037 2919 3105 μέλλοντι
2945 3041 3196 3113 διαϐῆναι
3242 3046 3332 3100 τὸν
3372 3046 3641 3122 Ἰορδάνην
3679 3054 4031 3126 ἐπισιτισμοῦ

2447 3126 2624 3194 χρεία,
2661 3131 2757 3182 καὶ
2805 3132 2913 3185 τῶν
2959 3135 3023 3187 ὲκ
3070 3137 3359 3206 μετανοίας
3408 3141 3606 3211 ἔργων,
3640 3144 3716 3209 ὡς
3766 3146 3833 3201 ἃν
3884 3148 4035 3205 εῖποι

2446 3215 2585 3307 μετὰ
2614 3218 2852 3287 Χριστοῦ
2878 3238 2893 3252 ο
2930 3224 3137 3295 ιἘμόν
3180 3229 3298 3281 ἐστι
3348 3229 3543 3303 βρῶμα
3591 3234 3653 3287 τὸ
3705 3237 3931 3307 ποιῆται
3970 3241 4034 3293 τδ

2443 3304 2654 3377 θέλημα
2678 3309 2772 3362 τοῦ
2803 3313 3122 3383 πέμψαντός
3155 3335 3246 3389 με.
3277 3339 3295 3371 ›
3327 3322 3435 3375 Καὶ
3468 3323 3545 3395 τῷ
3568 3325 3724 3398 Ἠλία
3751 3304 4028 3397 δὲ’λέγει·

2447 3416 2466 3450 ι
2491 3402 2757 3468 Ἀναστὰς
2795 3408 2957 3476 φάγε,
2989 3411 3073 3465 ὅτι
3108 3414 3327 3485 μακρὰν
3356 3416 3390 3488 ή
3426 3419 3544 3481 ὁδὸς
3571 3419 3678 3473 ἀπὸ
3704 3420 3819 3476 σοῦ.
3844 3442 3862 3474 ι
3892 3424 4031 3478 Θεοῦ

2442 3495 2550 3564 γάρ
2597 3496 2715 3560 ὁδὸς
2744 3499 3007 3569 ἐργασίαν
3037 3504 3243 3575 ἀρετῆς
3277 3508 3529 3562 ἀπαιτεῖ’
3567 3513 3661 3565 καὶ
3692 3514 3773 3568 δεῖ
3820 3516 3894 3586 μὴ
3927 3519 4031 3570 αἰ-

2440 3586 2830 3655 τοσχεδιάζειν,
2861 3592 2999 3645 ἀλλὰ
3050 3594 3144 3647 τοῦ
3187 3597 3336 3651 θείου
3386 3601 3612 3671 λουτροῦ
3662 3604 4035 3677 προκαθαίρε-

2442 3676 2584 3729 σθαι.
2619 3678 2773 3749 Τάχα
2824 3681 2914 3736 διὰ
2955 3684 3115 3739 τοῦτο
3161 3690 3511 3761 κεκράτηκεν
3554 3695 3610 3746 ὲν
3646 3694 3869 3760 ποὶλαῖς
3902 3676 4031 3752 Ἐκ-

2439 3768 2691 3838 κλησίαις
2733 3774 2800 3843 τῇ
2833 3776 3064 3847 ,τετράδι
3114 3779 3216 3849 τῆς
3265 3781 3427 3849 ἁγίας
3464 3783 3757 3855 ἑϐδομάδος
3791 3805 4036 3854 προκατ-

2437 3860 2687 3929 ηχεῖσθαι
2717 3863 2785 3917 τὰ
2811 3864 2925 3931 νῦν,
2954 3868 3029 3931 ὡς
3057 3870 3231 3923 εἰπεῖν
3274 3873 3571 3940 ἀκούοντας
3595 3894 3610 3909 ι
3662 3896 3681 3929 ι
3703 3876 4033 3951 Ἑτοιμάζε-

2440 3952 2531 4005 σθε
2573 3955 2787 4019 ἑαυτοῖς
2832 3959 3332 4031 ὲπισιτισμόν.Ἕτι
3363 3967 3474 4038 γὰρ
3520 3974 3567 4035 γ’
3603 3956 3820 4041 ἡμέρας
3868 3974 4032 4043 ὑμεῖς

2435 4044 2762 4124 διαϐήσεσθε
2800 4050 2892 4106 τὸν
2929 4053 3220 4126 Ἰορδάνην.
3257 4076 3276 4109 ι
3311 4058 3402 4129 Μὴ
3434 4060 3641 4131 κώμοις
3679 4065 3774 4117 καὶ
3804 4065 4026 4134 μέθαις,

2440 4137 2514 4207 μὴ
2543 4138 2753 4203 κοίταις
2780 4147 2876 4195 καὶ
2901 4146 3215 4215 ἀσελγείαις
3237 4188 3252 4212 ,
3292 4151 3471 4204 πάντα
3503 4153 3861 4224 εὐσχημόνως
3880 4198 3896 4222 ,
3932 4159 4030 4211 καὶ

2435 4230 2577 4283 κατὰ
2626 4230 2780 4297 τάξιν
2830 4235 3085 4303 γινέσθω.
3119 4257 3138 4290 ι
3173 4240 3269 4303 El;
3312 4240 3592 4312 βασιλείαν
3622 4246 3870 4315 οὐρανῶν
3903 4248 4029 4302 διας-

2408 4309 2779 4406 ’ϐαίνεις,ούκ
2812 4326 3084 4399 αἰσθητῶν
3116 4330 3199 4383 δεῖ
3229 4309 3322 4385 σοι⁷
3345 4331 3656 4406 βρωμάτων
3679 4309 3705 4365 ³-
3724 4337 3802 4401 ὡς
3831 4338 3898 4393 ἂν
3931 4341 4029 4392 καὶ

2432 4404 2477 4479 ᾧ
2513 4414 2880 4469 συνάπτεσθαι
2920 4419 3136 4488 μέλλεις
3179 4404 3404 4497 νυμφίω
3446 4426 3731 4499 ἀπολαύσῃ
3778 4428 3875 4483 τοῦ
3928 4430 4028 4485 σοῦ

747 4509 868 4549 eam
908 4495 1465 4569 ρι·ιυε,1ιιειιυοηιιιι-
1500 4492 1695 4559 sacris,
1740 4500 1899 4563 quasi
1930 4497 2325 4570 Videlicetjam
2362 4514 2404 4568 ο

2436 4503 2708 4572 σιτισμοῦ,
2744 4507 2837 4559 καὶ
2883 4501 2958 4561 ὧν
3004 4511 3244 4585 ἐπιφέρῃ
3296 4492 3552 4585 καρπῶν.
3592 4492 3752 4571 Ἀλλά
3802 4519 3922 4584 πῶς
3964 4521 4031 4574 τὸ

747 4602 896 4640 nunc
951 4585 1251 4639 audirent:
1312 4604 1329 4636 ι
1369 4585 1565 4639 Parate
1611 4587 1766 4640 vobis
1798 4600 2190 4655 commeatum,
2230 4591 2326 4645 ad-

748 4677 855 4731 huc
899 4676 1045 4729 enim
1100 4676 1244 4729 intra
1281 4676 1533 4729 triduum
1582 4677 1879 4746 trajicietis
1920 4676 2264 4748 Jordanem;
2302 4701 2320 4733 ι

743 4769 829 4822 vel
881 4768 1012 4822 illud
1068 4785 1140 4821 τι
1198 4766 1317 4821 Νοιι
1359 4768 1881 4847 comessationibus,
1934 4785 2041 4824 non
2093 4774 2330 4827 ebrieta-

745 4861 919 4926 tibus,
980 4858 1090 4914 non
1147 4860 1451 4925 cubilibus,
1512 4876 1623 4914 non
1676 4861 2084 4926 salacitatibus,
2137 4880 2327 4941 verum

2440 4594 2615 4662 μάννα
2644 4596 2769 4662 τοὺς
2799 4598 3197 4671 διαϐεϐηκότας
3241 4606 3333 4659 τὸν
3369 4607 3644 4679 Ἰορδάνην
3669 4610 4026 4679 ὲκλέλοιπενς

2439 4686 2559 4738 Ὅτι
2588 4688 2637 4739 οἱ
2672 4688 2771 4757 μὲν
2793 4691 2851 4743 ὲν
2878 4692 3100 4764 Χριστῷ
3132 4696 3315 4765 νήπιοι
3342 4698 3402 4751 τὸ
3424 4700 3531 4752 πᾶν
3554 4698 3612 4764 ἐξ
3636 4701 3867 4771 ούρανοῦ
3895 4720 4028 4755 συν-

2438 4776 2726 4846 εργοῦνται
2754 4796 2767 4811 ο
2804 4783 2853 4834 οἱ
2886 4781 2942 4836 δὲ
2978 4785 3409 4859 προϐεϐηκότες,
3433 4792 3528 4845 καὶ
3558 4792 3619 4856 ἐξ
3646 4791 3795 4846 ἰδίων
3841 4793 4030 4864 ἔργων

2438 4869 2847 4935 ἐπισιτίζονται.

744 4954 849 5009 rite
895 4961 950 5009 et
978 4952 1176 5007 ordine
1207 4952 1340 5007 fiant
1386 4954 1571 5006 omnia
1598 4954 1662 5008 “.
1702 4973 1721 5005 ι
1800 4954 1855 5009 Si
1932 4956 1984 5009 in
2055 4973 2283 5029 regnum
2355 4963 2582 5018 creteste
2635 4968 2984 5024 transcendis
3041 4985 3150 5025 non
3202 4971 3347 5027 cibis
3400 4973 3892 5047 scnsilibusopus
3940 4986 4031 5033 est

746 5046 869 5111 tibi,
904 5060 1017 5115 quo
1047 5060 1288 5114 sponsus
1321 5060 1540 5117 quoque
1577 5046 1665 5100 cui
1696 5048 1948 5116 Copulari
1982 5050 2140 5119 cupis
2173 5061 2325 5105 tuum
2370 5056 2671 5126 percipere
2726 5061 2901 5129 possit
2932 5074 3327 5131 commeatum,
3359 5075 3415 5123 et
3445 5068 3657 5124 fructus
3730 5046 3873 5138 quos
3942 5072 4030 5127 af—

748 5145 871 5193 lert.
905 5140 973 5192 At
1027 5154 1155 5192 man
1231 5154 1327 5194 eos
1401 5139 1493 5208 qui
1546 5136 1846 5195 Jordanem
1915 5142 2261 5213 trajecerunt
2329 5146 2530 5201 defecit
2582 5151 3018 5222 quodammodo,
3078 5159 3338 5228 quoniam
3396 5160 3640 5218 infantes
3693 5136 3919 5234 quidem
3971 5167 4032 5221 in

742 5231 967 5285 Christo
1020 5226 1206 5284 omnia
1266 5230 1478 5285 caelesti
1530 5245 1633 5298 ope
1665 5230 1983 5301 perliciunt'.
2038 5234 2143 5299 Qui
2198 5252 2327 5291 vero
2368 5253 2772 5307 praecesserunt
2824 5263 2923 5302 sua
2977 5250 3143 5304 etiam
3196 5266 3367 5320 opera
3437 5266 3809 5310 commeatum
3881 5274 4032 5314 nan-

742 5326 1049 5391 ciscuntur.
1078 5322 1152 5378 De
1182 5340 1293 5394 quo
1328 5328 1491 5380 etiam
1521 5328 1649 5381 alibi
1683 5327 1923 5383 dicetur.

831 5415 897 5468 Et
925 5416 1124 5482 Ruben,
1172 5428 1220 5471 et
1280 5417 1417 5479 God,
1461 5431 1509 5473 et
1554 5419 1799 5474 dimidia!
1840 5420 1999 5474 tribui
2066 5420 2322 5476 Manassc

743 5508 876 5560 dtJ'fl
934 5508 1102 5563 Jusue
1159 5510 1213 5563 in
1252 5511 1363 5565 lm'c
1402 5514 1575 5567 verba.
1632 5511 1779 5591 [lli
1806 5511 1901 5568 Isti
1938 5513 2107 5570 Mosis
2141 5516 2322 5571 verbis

815 5624 863 5655 "
894 5622 1083 5676 Matth.
1120 5642 1171 5688 ν,
1223 5626 1309 5679 18.

746 5709 863 5753 xix,
900 5702 955 5754 7.
1033 5695 1072 5727 ³³
1112 5696 1270 5751 llom.
1310 5713 1434 5761 xm,
1473 5697 1560 5751 l3.

1423 5625 1610 5701 ”_l_sa.
1644 5643 1746 5693 \‘ll,
1817 5626 1879 5683 9.
1949 5628 1995 5659 ³⁰
2022 5627 2185 5701 Psal.
2216 5646 2254 5699 ι,
2293 5631 2347 5687 5.

2509 5426 2613 5476 Καὶ
2667 5422 2747 5488 τῷ
2790 5423 3053 5494 Ῥουϐίμ,
3088 5429 3183 5481 καὶ
3229 5431 3310 5495 τῷ
3354 5432 3502 5495 Γὰδ,
3546 5436 3645 5490 καί
3691 5437 3772 5503 τῷ
3824 5441 4036 5509 ἡμίσει

2430 5515 2635 5586 φυλῆς
2679 5518 2983 5587 Μανασσῆ
3020 5516 3191 5575 εἶπεν
3223 5522 3483 5592 Ἰησοῦς.
3526 5523 3706 5600 [Οὗτοι
3739 5531 3830 5585 διὰ
3862 5534 4038 5588 Muti-

2439 5633 2479 5663 ³⁸
2533 5630 2893 5700 I’sal.cxrttt,
2944 5632 3065 5689 105.
3145 5636 3188 5668 ³²
3228 5636 3389 5694 Juan.
3430 5659 3479 5695 Iv
3555 5644 3623 5687 πί
3710 5645 3754 5677 ³³
3790 5646 3851 5700 111
3894 5651 4031 5721 Reg.
