4272 6446
298 386 403 452 997

1431 381 1960 441 COMMEN'I‘ARII
2010 380 2086 438 ΙΝ
2133 380 2394 439 JUSUE.

3458 389 3561 449 998

296 496 434 559 σὲως
470 493 867 565 ὲκληρώθησαν
901 493 1002 561 τὴν
1038 494 1174 562 γῆν,
1211 492 1400 561 ἐπειδὴ
1432 492 1621 542 πολλοὶ
1666 492 1752 542 διὰ
1787 490 1878 541 τοῦ

1993 499 2191 540 terram
2250 501 2377 541 sunt
2439 488 2642 542 sortiti.
2704 488 2975 552 Quoniam
3035 492 3189 542 nm!.i
3248 508 3339 560 μυι·
3390 495 3558 560 legum

292 588 461 656 νόμου
486 586 594 656 πρὸ
621 588 720 654 τῆς
743 586 962 654 χάριτος
994 582 1408 652 ἐτελειώθησαν.
1443 585 1552 634 Καὶ
1575 582 1699 633 ἐπεὶ
1728 598 1877 649 πρω-

288 677 513 738 τότοκος
535 676 766 745 Ἰσραὴλ
796 675 1143 744 ὀνομάζεται,
1167 674 1254 725 διὰ
1284 673 1562 735 Μωῦσέως
1590 675 1639 724 οἱ
1666 674 1877 742 πρωτό-

289 784 441 821 τοκοι
478 770 606 831 τοὺς
657 769 890 837 κλήρους
932 765 1470 833 εδιξυωπιωυοψ,
1498 767 1594 817 καὶ
1626 766 1753 827 Γὰδ,
1783 767 1875 817 καὶ

287 857 642 929 Μανασσῆς.]
686 857 1032 910 Διαὸαίνουσι
1087 857 1270 926 μέντοι
1320 856 1415 910 καὶ
1461 852 1605 909 οῦτοι
1653 855 1875 919 εὔζωνοι

289 952 399 1021 πρὸ
431 950 541 1003 τῶν
570 950 770 1003 ἄλλων.
808 952 869 1002 Ol
898 949 1006 1017 γὰρ
1032 948 1092 1011 ἐξ
1128 948 1393 1001 Ἰουδαίων
1424 948 1873 1010 πεπιστευκότες,

289 1043 572 1109 ἡγήσαντο
599 1040 698 1108 τῆς
731 1038 839 1091 τῶν
879 1038 1050 1090 ἐθνῶν
1080 1036 1369 1106 σωτηρίας.
1407 1037 1561 1089 Διατὶ
1599 1038 1672 1107 μὴ
1706 1036 1754 1102 γ’
1785 1038 1877 1090 καὶ

288 1130 331 1183 θ’
369 1130 561 1198 φυλαὶ,
604 1128 742 1182 ἀλλὰ
775 1128 885 1181 δύω
914 1129 1087 1196 ἥμισυ
1122 1128 1286 1194 φυλαὶ
1320 1126 1424 1179 ὑπὸ
1450 1128 1752 1189 Μωῦσέως,
1783 1127 1878 1180 καὶ

288 1224 450 1275 ἐννέα
480 1224 655 1291 ἥμισυ
689 1221 1139 1289 κληροδοτοῦνται
1165 1220 1271 1272 ὑπὸ
1313 1220 1487 1288 Ἰησοῦ
1513 1237 1526 1285 ;
1577 1220 1662 1283 Ὠς
1686 1220 1750 1272 ἂν
1781 1221 1879 1289 ἁρ-

292 1314 452 1384 μονία
480 1314 713 1381 γένηται
744 1318 853 1366 τῶν
883 1311 992 1364 δύω
1025 1309 1170 1363 λαῶν
1203 1310 1620 1379 σημαινομένων
1663 1310 1752 1362 διὰ
1783 1327 1879 1377 φυ-

287 1406 409 1471 λῆς,
441 1404 473 1474 ἦ
505 1403 567 1456 τὸ
598 1403 852 1474 μητρῷον
881 1403 1033 1469 γένος
1061 1403 1142 1462 εἰς
1166 1402 1524 1467 Λίγυπτίους,
1557 1403 1637 1462 είς
1662 1400 1878 1470 Ἰσραὴλ

287 1496 343 1548 δὲ
368 1495 429 1547 τὸ
458 1494 715 1564 πατρῷον
744 1492 1217 1563 ἀνέπεμπε.Τάχα
1247 1491 1327 1556 δὲ,
1361 1493 1517 1558 φασὶ,
1539 1492 1634 1543 καὶ
1666 1492 1715 1543 οί
1747 1491 1881 1560 πρό-

287 1605 440 1656 τεροι
488 1587 697 1657 ἥψαντο
744 1586 845 1655 μὲν
890 1586 989 1655 τῆς
1039 1584 1292 1652 Τριὰδος,
1332 1584 1392 1636 ού
1446 1583 1551 1653 μὴν
1597 1582 1876 1653 καθαρῶς.

289 1678 459 1731 οὔπω
505 1679 615 1747 γὰρ
662 1679 721 1730 τὸ
767 1678 867 1744 τῆς
916 1676 1228 1745 οἰκονομίας
1276 1675 1636 1745 προσέκειτο,
1683 1676 1732 1726 εί
1786 1674 1880 1726 καὶ

288 1770 529 1839 Χριστὸν
576 1770 1021 1840 προεκήρυττον·
1071 1767 1189 1821 ἀλλ’
1234 1764 1597 1837 ἡρμόεθτῖσαν
1641 1765 1729 1819 διὰ
1784 1765 1877 1818 τοῦ

1982 589 2108 631 ante
2140 579 2372 646 gratiam
2413 579 2644 647 perferti
2683 592 3000 641 evaserunt,
3056 583 3310 651 interque
3354 588 3557 652 prium-

1980 670 2195 737 genitos
2217 667 2439 722 lsraelis
2471 682 2858 721 numerantur.
2884 668 2984 721 Per
3004 669 3188 723 Mosen
3213 672 3511 741 primogmi
3546 677 3556 726 i

1980 767 2160 811 sortes
2184 768 2521 824 acceperunt
2556 760 2772 822 l‘lubcu,
2801 756 2917 813 Cad
2952 769 3004 812 et
3036 761 3155 813 Man
3181 780 3255 815 iss
3282 782 3340 816 -s.
3367 762 3498 816 Nam
3527 768 3559 816 ii

1979 864 2196 918 quoque
2237 852 2506 904 succincti
2539 866 2647 918 prae
2685 852 2809 906 aliis
2845 863 3153 907 transeunt.
3188 852 3290 919 Qui
3320 856 3464 908 enim
3494 872 3562 910 ex

1977 940 2182 995 Iudaeis
2202 942 2457 996 liduciam
2474 943 3080 1012 liabuerUIit,fausp2t-es
3100 950 3343 1013 gentium
3368 951 3509 1002 salut
3536 966 3561 1004 s

1979 1035 2332 1088 exstiterunt.
2358 1036 2534 1089 Eccur
2556 1051 2685 1089 vero
2711 1052 2820 1089 non
2859 1037 3035 1089 tribus
3069 1048 3119 1089 et
3155 1054 3349 1091 novem
3386 1042 3562 1092 tribu-

1981 1125 2083 1179 bus
2112 1125 2294 1192 potius
2319 1141 2484 1195 quam
2519 1126 2734 1181 duabus
2765 1128 3012 1180 dimidiis
3050 1143 3078 1181 a
3108 1129 3561 1194 Mose,ctnove:u

1979 1216 2223 1271 dimidiis
2247 1233 2277 1270 a
2301 1216 2470 1273 Josue
2489 1228 2669 1275 sortes
2696 1219 3026 1275 deferuntur
3047 1223 3069 1273 ?
3090 1221 3208 1287 Quu
3236 1227 3502 1291 tempus}!
3532 1241 3564 1276 o

1982 1306 2076 1359 ﬁat
2107 1306 2341 1361 duorum
2372 1311 2701 1378 populorum
2755 1312 3192 1381 signiliratorum
3233 1330 3327 1381 per
3361 1316 3562 1367 tribum

1981 1411 2100 1450 eam
2134 1413 2259 1465 qua:
2316 1410 2627 1453 maternum
2683 1418 2857 1471 genus
2909 1402 2977 1456 ad
3030 1402 3342 1472 Egyplios,
3382 1414 3563 1472 pater—

1982 1502 2114 1539 num
2172 1503 2303 1542 vero
2358 1491 2423 1543 ad
2501 1490 2758 1545 lsraelem
2816 1494 3024 1546 retulit.
3096 1492 3357 1549 Fortasse
3408 1510 3563 1556 vero,

1983 1581 2161 1646 aiunt,
2197 1584 2414 1650 priores
2467 1584 2689 1653 quidem
2742 1583 3070 1637 Trinitatem
3106 1585 3433 1654 attigerunt,
3470 1602 3565 1639 vc-

1984 1686 2107 1723 rum
2148 1671 2369 1725 sincere
2420 1673 2629 1737 minus,
2663 1674 2908 1728 nondum
2942 1676 3087 1727 enim
3133 1678 3567 1741 iliSpeusatiouis

1986 1771 2205 1829 tempus
2252 1763 2520 1825 instabat,
2575 1766 2829 1832 quamvis
2880 1764 3162 1818 Christum
3216 1766 3387 1820 multo
3434 1776 3565 1820 ante.

285 1860 591 1923 λείποντος,
615 1860 951 1929 δηλουμένου
974 1858 1061 1911 διὰ
1083 1859 1179 1912 τοῦ
1203 1860 1445 1928 ἡμίσεως
1475 1858 1567 1911 τοῦ
1598 1858 1877 1921 τελοῦντος

1993 1853 2338 1906 Sermonibus
2392 1856 2663 1908 tcrcbam.
2708 1854 2903 1909 Verum
2959 1857 3290 1921 cointeglati
3342 1872 3437 1926 per
3470 1874 3565 1926 po-

286 1953 396 2005 ὑπὸ
438 1953 532 2005 τὸν
568 1952 1035 2021 Ἰησοῦν.Ἔλειπε
1065 1951 1177 2021 (3i)
1208 1951 1265 2005 δὲ
1298 1950 1392 2003 καὶ
1426 1953 1544 2013 ταῖς
1590 1952 1747 2005 ὲννέα
1784 1952 1879 2003 καὶ

288 2045 482 2116 ἡμίσει
516 2045 716 2114 φυλαῖς
748 2047 831 2107 είς
860 2044 922 2096 τὸ
950 2044 1051 2113 τῆς
1080 2044 1303 2108 δεκάδος
1332 2045 1544 2097 τέλειον
1575 2045 1624 2096 οἱ
1677 2043 1737 2108 ἐξ
1785 2047 1882 2097 Ἰσ-

292 2137 433 2207 ραῖὴλ
460 2140 574 2200 τοῖς
608 2136 716 2189 ἀπὸ
745 2136 856 2189 τῶν
881 2122 1073 2189 ἐθνῶν.
1094 2135 1513 2205 ’Λρμοζομένων
1547 2134 1603 2187 δὲ
1644 2136 1883 2202 ἀμφοτέ-

288 2247 425 2300 ρων,
462 2228 747 2298 σύμφωνοι
803 2229 859 2283 αἱ
909 2229 978 2298 ιβ’
1008 2228 1175 2296 φυλαὶ
1214 2230 1270 2281 al
1322 2228 1427 2281 ὑπὸ
1453 2228 1665 2298 Μωῦσῆ
1698 2245 1754 2280 τε
1788 2230 1883 2280 καὶ

300 2321 500 2393 Ἰησοῦ.

1990 1944 2173 2013 pulum
2226 1960 2335 1997 non
2396 1946 2694 2015 integrum,
2756 1964 2966 2017 perque
3017 1947 3301 2002 dimidiam
3365 1950 3566 2003 tribum

1985 2040 2089 2090 sub
2122 2035 2289 2091 Josue
2345 2042 2677 2094 recensitam
2733 2050 3216 2110 ri-pt':l:s'cut:tlttnt,
3262 2052 3413 2095 sunt.
3470 2042 3568 2095 lle-

1988 2129 2087 2182 l'uit
2138 2146 2302 2199 porro
2334 2134 2499 2185 etiam
2537 2150 2731 2185 novem
2768 2136 3024 2187 tribubus
3073 2150 3198 2186 cum
3240 2136 3463 2189 dimidii
3502 2138 3566 2188 .il

1984 2224 2195 2277 denarii
2251 2225 2464 2279 muneri
2522 2225 2943 2294 perfectionem,
3005 2228 3267 2281 Israelita:
3316 2230 3569 2283 \idel‘amt

1985 2317 2307 2385 gentilibus.
2365 2319 2647 2373 Ambobus
2698 2330 2879 2374 autent
2932 2320 3261 2374 rombinatis
3304 2339 3568 2374 numerus

1990 2410 2233 2462 tribuum
2281 2410 2657 2467 duodenarius
2706 2421 2757 2467 et
2809 2413 2911 2467 sub
2965 2413 3113 2468 Mosc
3152 2420 3219 2469 ‘et
3268 2414 3371 2468 sub
3399 2413 3569 2469 Jusuit

1990 2513 2224 2559 C0llSlill.

364 2629 565 2686 Omnia
595 2645 921 2701 quaecunque
980 2628 1257 2683 mandarit
1291 2628 1444 2685 nobis
1495 2630 1782 2699 faciemus,
1837 2643 1886 2687 et
1917 2652 2225 2705 quocunque
2270 2635 2508 2689 locorum
2538 2654 2632 2689 nos
2674 2639 2881 2691 miseris
2920 2639 3089 2710 [.80
3140 2641 3563 2709 proﬁciscemur.

290 2715 360 2789 ll,
404 2716 495 2789 16]
538 2716 777 2771 Tantum
843 2732 952 2772 non
990 2718 1157 2772 verba
1191 2717 1396 2772 Christi
1456 2719 1850 2788 discipulorum
1906 2733 2056 2785 sunt,
2083 2738 2318 2792 quorum
2363 2740 2528 2793 opera
2567 2734 2754 2793 gentes
2809 2727 2872 2777 :ul
2907 2730 3065 2780 iidem
3104 2741 3235 2782 sunt
3270 2730 3545 2781 addueue.

308 2806 505 2874 Qualis
537 2815 656 2860 erat
714 2804 943 2870 Paulus,
976 2806 1069 2875 qui
1128 2806 1263 2875 legis
1298 2808 1640 2871 auctoritati,
1677 2824 1797 2873 quae
1842 2809 2016 2880 ipsius
2072 2827 2293 2883 quoque
2342 2815 2527 2868 verbis
2573 2813 2727 2866 luero
2782 2817 2829 2867 ei
2859 2815 2984 2880 fuit,
3017 2834 3140 2870 cum
3181 2819 3558 2871 renuntiasset

294 2914 317 2948 ι
350 2909 419 2951 ea
453 2908 565 2963 prae
595 2894 729 2948 Cbri
747 2903 836 2949 sto
866 2894 1098 2947 multam
1128 2908 1252 2949 esse
1281 2894 1439 2960 duxi,
1474 2914 1491 2947 ι
1530 2898 1709 2966 inquit
1735 2896 1801 2953 ”.

360 3023 822 3087 Διαϐισασθέντες
857 3022 912 3077 δὲ
937 3024 1027 3077 τὸν
1061 3021 1336 3098 Ἰορδάνην
1376 3015 1554 3089 οῦτοι,
1584 3026 1877 3098 παλινδρο-

289 3118 483 3191 μοῦσι.
517 3118 629 3171 Kal.
678 3118 856 3181 εἴποις
897 3117 964 3171 ἂν
999 3094 1456 3181 κατ’ίδιὰξουσαν
1505 3117 1741 3189 θεωρίαν
1775 3094 1883 3172 ἐοι-

286 3211 449 3266 κέναι
475 3211 686 3273 τούτοις
713 3212 841 3273 τοὺς
867 3208 1008 3280 μετὰ
1028 3209 1127 3279 τὴν
1155 3209 1315 3279 χάριν
1345 3210 1774 3280 εἰσηγουμένους
1794 3209 1885 3261 τὸν

284 3304 477 3373 νόμον.
512 3301 670 3356 Κατὰ
699 3300 756 3353 δὲ
783 3300 882 3372 τὴν
907 3299 1314 3372 προρρηθεῖσαν
1337 3298 1690 3370 ἀλληγορίαν,
1717 3300 1886 3369 χωρὶς

285 3390 452 3461 ήμῶν
484 3389 545 3441 ού
578 3388 909 3458 τυγχάνουσι
947 3387 1057 3440 τῶν
1107 3388 1454 3457 ἐπαγγελιῶν
1480 3389 1530 3441 οί
1560 3386 1654 3440 τοῦ
1686 3388 1885 3459 προτέ-

291 3500 389 3555 ρου
420 3466 577 3546 λαοῦ,
613 3481 711 3535 τοῦ
747 3480 886 3536 Θεοῦ
924 3482 1176 3554 κρεῖττόν
1225 3500 1276 3535 τι
1316 3484 1442 3552 περὶ
1475 3482 1634 3551 ἡμῶν
1665 3481 1889 3551 προϐλε-

284 3577 565 3648 ψαμένου,
597 3576 687 3628 ἵνα
718 3574 794 3646 μὴ
822 3576 994 3646 χωρὶς
1041 3575 1201 3645 ἡμῶν
1241 3575 1597 3629 τελειωθῶσι.
1630 3576 1890 3639 Γυναῖκες

284 3668 399 3739 γὰρ
430 3668 614 3720 αὐτῶν
651 3670 746 3720 καὶ
776 3668 967 3729 παῖδες
1010 3667 1391 3721 ἀνεπαύσαντο
1447 3668 1598 3739 μόνοι
1648 3669 1754 3739 πρὸ
1795 3667 1889 3720 τοῦ

302 3760 574 3831 Ἰορδάνου
598 3776 612 3788 ·
652 3761 806 3815 αὐτοὶ
835 3760 892 3813 δὲ
921 3759 1013 3812 τὸν
1040 3758 1169 3812 λαὸν
1200 3760 1456 3828 ὁδηγοῦσι
1500 3760 1888 3831 περιζωσάμε-

286 3868 374 3905 νοι
401 3852 502 3923 τὴν
526 3850 703 3920 ὀσφὺν
733 3852 915 3907 αὐτῶν
946 3853 1003 3908 ὲν
1036 3853 1286 3925 ἀληθείᾳ.
1324 3855 1433 3907 Καὶ
1463 3856 1604 3925 μετὰ
1635 3853 1749 3923 βίον
1782 3854 1891 3923 γὰρ

288 3943 754 4013 συναγωνίζονται
786 3948 897 4009 τοῖς
925 3948 1139 4009 πιστοῖς
1171 3946 1287 3999 ὅσοι
1322 3947 1513 4018 ἄνδρες
1542 3947 1801 4015 γεγόνασι
1824 3948 1893 3999 τὰ

286 4036 387 4092 τοῦ
430 4038 629 4108 νηπίου
676 4039 1172 4108 καταργήσαντες,
1224 4039 1369 4101 οἴους
1417 4038 1446 4090 ὁ
1498 4036 1712 4101 Παῦλος
1767 4040 1891 4100 τοὺς

300 4131 593 4200 Ἐφεσίους
644 4133 805 4202 φησὶ,
834 4131 1144 4203 Κορινθίων
1182 4130 1639 4201 χρηματιζόντων
1689 4128 1892 4200 παρθέ-

288 4239 421 4278 νων.
454 4223 703 4293 Διαφορὰ
733 4223 842 4295 γὰρ
874 4224 933 4275 ἐν
965 4224 1081 4287 τοῖς
1111 4222 1463 4293 σωζομένοις.

365 4495 479 4548 Καὶ
510 4493 684 4558 ὅστις
705 4491 793 4561 μὴ
825 4491 1066 4562 ἀκούσῃ
1088 4490 1207 4545 τῶν
1228 4488 1515 4558 ῥημάτων
1541 4502 1678 4542 σου.
1700 4487 1895 4541 Τοιαῦ-

284 4600 360 4639 τα
384 4585 479 4638 καὶ
509 4584 559 4637 οί
588 4581 683 4636 τοῦ
712 4580 953 4652 Χριστοῦ
985 4578 1261 4650 μαθηταί·
1306 4598 1323 4630 ι
1348 4579 1488 4641 Τοὺς
1521 4578 1619 4648 μὲν
1639 4572 1732 4630 οῦν
1762 4578 1891 4648 χρό-

288 4693 420 4740 νους
470 4676 571 4745 τῆς
620 4675 848 4743 ἀγνοίας
881 4670 1155 4745 ὑπεριδὼν
1181 4674 1210 4725 ὁ
1241 4671 1394 4734 Θεὸς.
1428 4689 1447 4722 ι
1497 4672 1591 4723 καὶ
1634 4670 1701 4723 τὰ
1743 4669 1892 4741 ἑξῆς.

2055 3027 2500 3085 Porro‘traducti
2536 3045 2631 3099 per
2680 3028 2977 3083 Jordanem
3031 3030 3221 3097 pedem
3259 3033 3573 3087 retulerunt

1989 3122 2087 3176 illi.
2127 3122 2280 3189 Quos
2329 3123 2531 3192 aliquis
2586 3123 2866 3193 privatum
2905 3130 3133 3178 secutus
3162 3124 3459 3193 judicium,
3501 3127 3571 3182 iis

1991 3227 2113 3265 esse
2167 3214 2375 3266 similes
2421 3212 2517 3282 qui
2595 3222 2721 3283 post
2770 3214 3003 3283 gratiam
3054 3215 3230 3285 legem
3282 3217 3571 3281 invehunt,

1996 3305 2169 3371 possit
2216 3303 2424 3358 dicere.
2483 3305 2757 3360 Caeterum
2793 3306 2951 3376 juxta
3007 3307 3326 3376 prazdictam
3372 3309 3575 3380 allego-

1996 3399 2130 3449 riam
2180 3399 2198 3467 (
2248 3396 2349 3450 hoc
2408 3404 2493 3454 est
2545 3398 2937 3453 similitudinis
2993 3400 3255 3466 sensum)
3308 3401 3576 3470 antiquus

1994 3486 2227 3553 pi-pulus
2262 3486 2421 3539 nobis
2448 3487 2683 3540 seorsim
2719 3489 3151 3556 promissionum
3192 3505 3300 3542 non
3333 3490 3389 3544 lit
3421 3508 3576 3545 COIII-

1993 3593 2089 3643 pus
2118 3577 2183 3640 ³⁸,
2224 3575 2365 3632 Deus
2397 3577 2543 3630 enim
2580 3577 2761 3635 adhuc
2793 3578 2859 3632 de
2907 3581 3277 3649 praestantiori
3313 3584 3573 3652 quopiam

1994 3668 2153 3723 nobis
2208 3669 2467 3739 dispexit,
2520 3684 2590 3722 ne
2634 3672 2866 3723 seorsim
2922 3673 3302 3741 perliciantur,
3368 3675 3578 3743 absque:

1995 3760 2261 3815 uxoribus
2312 3761 2572 3815 videlicet
2618 3770 2673 3815 et
2710 3762 2903 3817 liberis
2935 3764 3026 3833 qui
3078 3766 3180 3818 soli
3217 3774 3343 3819 ante
3381 3766 3576 3821 Jurda-

1993 3861 2114 3900 nem
2143 3845 2483 3900 resederaut.
2516 3844 2627 3915 Ipsi
2666 3861 2795 3899 vero
2846 3847 3066 3900 lumbos
3104 3849 3158 3901 in
3194 3851 3428 3905 veritate
3459 3852 3580 3904 riu-

1992 3937 2065 3993 cti
2122 3937 2340 3991 itineris
2394 3938 2601 4007 populo
2674 3945 2804 3993 sunt
2853 3948 3134 3992 auctores.
3190 3938 3405 3994 Etenim
3456 3952 3581 4010 post

1995 4029 2160 4083 vitam
2201 4044 2329 4082 cum
2362 4027 2620 4083 ﬁdelibus
2649 4036 2868 4083 certant
2922 4037 3200 4099 quotquot
3238 4031 3447 4086 relictis
3476 4050 3581 4086 nu-

1993 4120 2152 4175 cibus
2181 4121 2335 4175 viros
2384 4136 2507 4176 sese
2542 4120 2946 4190 praestiterunt,
2999 4121 3317 4189 cuiusmodi
3371 4123 3582 4180 Paulus

1993 4214 2061 4270 de
2110 4213 2370 4284 Ephesiis
2421 4222 2662 4269 testatur
2693 4213 2766 4278 ³⁷,
2821 4212 2916 4283 qui
2971 4212 3305 4271 Corinthios
3336 4218 3582 4287 virgines
3627 4266 3632 4271 .

1998 4313 2285 4374 nuncupat
2345 4304 2412 4359 ³⁸.
2448 4303 2544 4359 Est
2590 4304 2740 4383 enim
2790 4303 3106 4361 diﬂ‘erentia
3165 4308 3313 4362 inter
3343 4324 3440 4365 eos
3488 4311 3584 4381 qui

1996 4404 2312 4452 servantur.

2058 4487 2127 4541 Et
2149 4490 2450 4559 quicunque
2482 4505 2584 4542 non
2624 4490 2908 4543 abradit-erit
2931 4492 3100 4545 verbis
3129 4495 3256 4546 tuis.
3290 4492 3432 4565 [18.]
3472 4494 3585 4549 llu-

1992 4581 2234 4652 jusmodi
2311 4581 2476 4636 etiam
2554 4580 2762 4635 Christi
2826 4582 3107 4653 discipuli,
3176 4586 3341 4653 quale
3429 4576 3582 4639 hoc:

2005 4695 2023 4728 ι
2090 4670 2228 4730 Cum
2290 4676 2459 4745 igitur
2525 4686 2773 4747 tempora
2851 4678 3180 4749 ignorantia:
3248 4680 3587 4748 neglexisset

287 4767 406 4822 Kal.
441 4768 471 4819 ὁ
497 4765 820 4838 Χριστδςδὲ
852 4783 1018 4837 φησιν
1040 4780 1053 4794 ·
1097 4783 1115 4817 ι
1138 4764 1315 4835 Ἀμὴν
1337 4762 1480 4827 λέγω
1510 4762 1640 4831 ύμῖν
1677 4762 1771 4813 ἐὰν
1816 4762 1890 4833 μὴ

2003 4766 2145 4822 Deus
2185 4767 2253 4833 ³ο,
2296 4786 2313 4818 ι
2373 4776 2428 4821 et
2456 4765 2665 4837 reliqua
2728 4768 3015 4838 deinceps.
3068 4767 3293 4823 Necnon
3329 4770 3585 4827 Christus

288 4860 675 4931 πιστεύσητε,
739 4860 799 4913 ὲν
852 4861 974 4921 ταῖς
1033 4857 1337 4928 ἁμαρτίαις
1395 4855 1552 4926 ὑμῶν
1603 4853 1894 4908 ἀποθανεί-

289 4954 409 5008 σθε.
441 4974 459 5006 ι

363 5065 479 5120 Kal
502 5064 871 5119 ἀπέστειλεν
910 5061 1147 5131 Ἰησοῦς
1169 5060 1301 5127 υίὸς
1326 5060 1433 5116 τοῦ
1449 5060 1619 5129 Ναυῆ
1653 5061 1722 5115 ἐκ
1749 5060 1894 5115 Σάτ-

288 5173 419 5211 τειν
453 5157 566 5227 (52)
607 5155 732 5210 δύω
774 5137 1003 5222 ἄνδρας
1045 5152 1544 5208 κατασκοπεῦσαι
1592 5152 1709 5221 τὴν
1751 5152 1888 5222 γῆν.

286 5249 559 5320 ιῐρολέγει
590 5248 680 5301 τὸν
708 5246 926 5318 πρῶτον
953 5245 1068 5316 βίον
1135 5246 1236 5315 τῆς
1298 5245 1527 5316 πόρνης,
1557 5245 1643 5298 ἵνα
1674 5244 1890 5315 θαυμά-

288 5358 392 5415 σῃς
417 5341 518 5412 τὴν
546 5342 611 5393 ὲκ
643 5338 836 5393 τούτου
882 5342 1242 5408 μετάστασιν.
1273 5338 1347 5391 Τὸ
1374 5338 1477 5409 μὲν
1506 5334 1601 5392 οῦν
1634 5338 1888 5403 δέξασθαι

350 5518 396 5551 ³⁵
441 5519 676 5593 Philipp.
706 5538 789 5582 tu,
832 5523 885 5576 7.

284 5608 406 5655 χιιι,
440 5590 533 5646 ει.

993 5521 1037 5553 ³⁸
1073 5519 1239 5577 llebr.
1272 5535 1349 5588 ιι,
1384 5520 1474 5577 40.
1542 5521 1583 5552 ³⁷
1618 5517 1819 5590 Ephcs.
1886 5534 1958 5585 tv,
1992 5520 2078 5573 ll.

2001 4859 2181 4928 inquit
2216 4877 2227 4912 :
2264 4877 2281 4910 ι
2337 4859 2512 4913 Amen
2550 4859 2676 4914 dico
2722 4860 2903 4924 vobis,
2957 4863 2999 4915 si
3041 4877 3150 4915 non
3204 4861 3561 4918 credideritis

2000 4947 2053 5001 iu
2090 4948 2334 5018 peccatis
2375 4949 2578 5005 vestris
2610 4951 2954 5005 occumbctis
2997 4951 3067 5004 ⁸ο.
3106 4971 3123 5002 ι
3197 5017 3223 5047 ε

2075 5063 2139 5115 lit
2195 5063 2508 5119 amandavit
2552 5062 2721 5119 Josue
2782 5065 2931 5134 ﬁlius
2973 5065 3122 5120 Nare
3159 5084 3185 5120 c
3221 5066 3383 5120 Sitim
3452 5068 3557 5121 duo

1989 5156 2208 5224 jureues
2308 5157 2510 5210 occalte
2582 5158 2941 5224 exploratum,
3015 5167 3070 5213 et
3156 5159 3367 5228 reliqua
3428 5160 3556 5213 dein

1998 5264 2149 5318 ceps.
2204 5246 2290 5320 [ll,
2330 5248 2407 5320 1.]
2475 5249 2740 5319 Proponit
2804 5251 3097 5321 pristinam
3148 5251 3464 5306 meretricis
3504 5253 3559 5306 vi

1998 5351 2131 5402 tam,
2188 5355 2300 5410 quo
2357 5341 2533 5410 magis
2593 5342 2765 5410 ipsius
2844 5344 3202 5398 mutationem
3271 5343 3584 5399 admireris.

2162 5514 2204 5545 ³⁸
2261 5518 2301 5571 ll
2332 5518 2459 5575 Cor.
2490 5536 2585 5586 xu,
2613 5523 2669 5575 2.
2763 5524 2806 5554 ³³
2846 5526 2970 5579 Act.
3025 5538 3158 5587 χιιι,
3193 5523 3285 5581 50,
3326 5519 3372 5552 ⁸⁸
3414 5523 3573 5580 σιιιειιι.

1830 5702 2062 5759 NOT/l-I.

357 5825 473 5899 (51)
518 5824 795 5876 “Ι·Σ).ειτ;ον.
817 5821 1030 5888 Ἀνάγν.

2075 5818 2187 5891 (5'2)
2234 5819 2358 5884 Υἱὸς
2389 5821 2544 5891 Ναυῆ
2583 5823 2641 5875 ἐν
2671 5824 2888 5880 Σαττίν.
2928 5825 2995 5878 Δί
3026 5825 3147 5879 αὐτ.
