4272 6446
271 408 400 470 1001

1410 397 1940 458 COMMENTARII
1987 394 2065 453 IN
2098 393 2280 453 JOSU
2295 393 2356 450 Ε.

3380 387 3513 448 1002

267 526 462 577 Ionica!
483 523 551 584 ⁸⁷,
585 529 805 588 paratos
839 531 963 570 esse
996 530 1102 569 non
1137 513 1314 568 solum
1362 513 1494 579 ipsis
1528 511 1805 579 impertire
1861 506 2240 573 l-lvangelium,
2268 519 2456 557 verum
2513 506 2675 556 etiam
2724 513 2852 555 suas
2893 501 3138 567 ipsorum
3167 500 3380 552 animas
3415 517 3510 568 pro

261 613 402 679 ipsis
428 624 725 676 exponere.

331 720 441 772 Kal
473 717 782 786 ἐχιίλασεν
829 713 1052 776 αὐτοὺς
1085 711 1154 762 ἐν
1188 709 1437 776 σχοινίῳ
1467 707 1564 759 διὰ
1597 707 1708 773 τῆς
1737 709 1836 759 θυ·
1869 712 1910 764 Λ
2015 732 2018 753 ι

1834 712 1910 764 ιΛ
2015 701 2233 754 Demisit
2282 701 2460 766 itaque
2511 715 2597 750 eos
2651 697 2776 764 fune
2821 711 2912 762 per
2953 694 3262 761 fenestram,
3311 694 3521 756 quando

258 812 427 874 οἰδος
458 825 472 839 ·
517 810 604 860 ὅτι
650 810 681 859 ὁ
735 801 901 867 οἶκος
949 800 1140 866 αὐτῆς
1184 801 1252 851 ἐν
1290 794 1370 863 τῷ
1417 799 1617 863 τείχει,
1653 794 1844 847 καὶέν

261 901 343 966 τῷ
363 902 544 966 τείχει
576 898 727 961 αὕτη
758 894 1033 959 ἐκάθητο.
1065 893 1258 959 Τεῖχος
1298 888 1559 958 Ἱεριχοῦς
1584 888 1686 955 τῆς
1713 889 1844 939 ἀσε-

261 995 418 1055 6είας
449 990 623 1057 αὐτῆς
664 989 723 1040 τὸ
763 987 1048 1055 ὀχύρωμα,
1093 985 1177 1050 ἐφ’
1219 974 1264 1048 ᾧ
1305 979 1474 1033 Ῥαὰὸ
1516 979 1841 1042 ἐκαθέζετο·

261 1087 400 1140 ἀλλὰ
428 1082 793 1143 πιστεύσασα,
830 1078 1103 1131 εὐάλωτον
1134 1075 1304 1142 αὐτῆς
1339 1072 1594 1136 ἀπέδειξε
1631 1072 1693 1124 τὸ
1721 1070 1847 1139 ὀχύ-

265 1191 346 1242 ρω
354 1191 449 1241 μα.

339 1347 416 1397 Τὸ
475 1345 533 1397 δὲ
579 1342 846 1412 σπαρτίον
889 1341 950 1393 τὸ
992 1340 1233 1408 ἔντριτον
1267 1337 1328 1389 ού
1371 1336 1845 1406 διαρραγήσεται,

267 1442 335 1492 δι’
363 1435 421 1492 οὗ
452 1438 546 1489 καὶ
575 1437 865 1503 διέδρασαν
901 1433 950 1484 οἱ
994 1433 1356 1484 κατάσκοποι.
1400 1430 1476 1480 Δι’
1506 1423 1566 1481 οὗ
1609 1428 1848 1496 σχοινίου

270 1529 370 1580 καὶ
389 1528 481 1578 τὸν
526 1526 725 1591 Ἰωσὴφ
751 1526 816 1575 ὲκ
843 1521 939 1573 τοῦ
981 1522 1187 1573 λάκκου
1244 1524 1541 1588 ἀνήγαγον,
1578 1518 1852 1586 Ἱερεμίαν

269 1635 328 1670 τε
365 1617 457 1668 καὶ
503 1616 593 1668 τὸν
633 1613 868 1681 Δανιήλ·
915 1611 983 1663 δι’
1026 1606 1086 1664 οῦ
1125 1613 1220 1664 καὶ
1272 1610 1440 1662 Δαὸὶδ
1495 1609 1583 1660 διὰ
1635 1607 1852 1677 θυρίδος

272 1708 445 1775 ἔφυγε
481 1705 796 1775 χαλασθεὶς,
839 1705 935 1756 καὶ
980 1702 1192 1763 Παῦλος
1218 1702 1308 1754 διὰ
1336 1702 1619 1769 σαργάνης
1649 1702 1708 1751 tv
1746 1702 1854 1752 Δα-

276 1798 479 1867 μασκῷ
505 1815 519 1827 ·
551 1796 679 1848 οἵτε
710 1797 1047 1866 πατριάρχαι
1077 1794 1282 1856 πάντες
1311 1793 1401 1845 διὰ
1435 1791 1626 1844 τούτου
1655 1790 1718 1843 τὸ
1746 1787 1854 1853 ζῶν

273 1890 422 1959 ὕδωρ
449 1892 512 1942 ἐκ
533 1889 642 1942 τῶν
681 1889 934 1958 φρεάτων
967 1886 1254 1955 ἀνέφερον.

1943 790 2150 857 quidem
2179 790 2361 840 domus
2392 788 2506 854 ejus
2534 796 2645 838 erat
2665 786 2820 852 juxta
2847 787 3053 846 moenia,
3082 785 3353 837 habitabat
3386 784 3522 836 enim

1946 886 2062 948 ipsa
2125 889 2337 948 propter
2398 894 2625 930 murum.
2658 877 2722 947 [II
2754 916 2766 939 ,
2799 873 2915 943 15.]
2949 873 3146 927 MIBnia
3183 874 3522 929 Jerichunlis

1948 973 2248 1039 impietatis
2317 970 2490 1039 ipsius
2545 977 2706 1023 erant
2769 968 3284 1036 propugnaculum,
3351 983 3518 1034 supu-

1947 1064 2151 1132 quibus
2253 1062 2415 1116 sedes
2484 1070 2604 1113 erat
2687 1058 2900 1110 Rahab.
2993 1057 3193 1109 Verum
3264 1060 3524 1125 quoniam

1949 1157 2206 1210 ﬁduciam
2241 1154 2560 1206 obtinuerat
2604 1150 2966 1203 munitionem
2999 1147 3121 1216 ejus
3152 1149 3410 1217 capiendi
3449 1151 3526 1200 l'a-

1948 1249 2216 1302 cilitatem
2259 1245 2495 1314 aperuit.

2020 1339 2087 1390 At
2138 1336 2285 1389 funis
2340 1332 2698 1402 quantumvis
2744 1332 2946 1385 debilis
2995 1345 3102 1382 non
3139 1330 3528 1402 disrumpitur,

1951 1424 2045 1497 per
2081 1443 2244 1496 quam
2295 1433 2592 1478 evaserunt
2645 1425 3053 1491 exploratores.
3101 1420 3206 1474 Per
3242 1437 3402 1490 quam
3440 1423 3532 1475 ,Ιο-

1951 1520 2182 1586 sephum
2238 1531 2455 1583 quoque
2483 1531 2547 1568 ex
2577 1516 2773 1566 lacuna
2804 1513 3208 1576 subduxerunt,
3238 1511 3531 1566 Jercmiam

1953 1613 2082 1664 item
2113 1618 2165 1663 et
2195 1608 2502 1667 Danielem,
2542 1621 2639 1675 per
2672 1620 2836 1672 quam
2870 1602 3039 1657 David
3073 1618 3294 1672 quoque
3328 1619 3423 1672 per
3459 1607 3534 1657 Ie-

1955 1711 2198 1754 nestraln
2227 1699 2505 1752 demissus
2541 1696 2778 1765 aufugit.
2819 1696 3022 1750 Paulus
3048 1698 3214 1750 etiam
3247 1710 3344 1763 per
3376 1710 3534 1763 spor-

1956 1801 2065 1844 tam
2104 1789 2419 1843 submissus
2470 1787 2749 1840 Damasci.
2789 1786 2894 1839 Per
2942 1801 3108 1855 quam
3157 1786 3396 1853 denique
3438 1802 3534 1848 pa-

1956 1885 2214 1937 triarchae
2263 1897 2460 1935 otnnes
2503 1882 2680 1933 vivam
2710 1896 2740 1934 e
2780 1880 2958 1949 puteis
3019 1894 3219 1948 aquam
3248 1881 3534 1933 SllbtillXt'-

1961 1985 2112 2027 I'UIIl.

349 2066 454 2129 Εἰς
498 2062 612 2130 τὴν
653 2062 896 2129 ὀρεινὴν
948 2061 1259 2115 ἀπέλθετε.
1309 2059 1662 2130 Ὠφεληθεῖσα
1713 2060 1851 2129 γὰρ,
1887 2037 1928 2092 Β
2028 2092 2036 2118 λ

1848 2101 1851 2117 .
1887 2037 1928 2092 Β
2028 2065 2260 2118 Montem
2295 2080 2472 2118 versus
2507 2063 2780 2116 discedite.
2823 2061 2962 2134 [I6.]
2999 2062 3197 2131 Adjuta
3228 2064 3378 2116 enim
3421 2065 3535 2133 ipsa

273 2157 346 2208 τὰ
394 2156 576 2223 ὑψηλὰ
633 2154 991 2222 μεταδιώκειν
1059 2152 1292 2204 ὑπέθετο
1337 2151 1698 2205 καταλιποῦσι
1757 2151 1856 2218 τῆς

276 2249 545 2310 ἀσεϐείας
593 2248 659 2298 τά
708 2245 1028 2314 χαμαίζτῄα
1071 2244 1337 2312 δόγματα.
1393 2245 1501 2297 Καὶ
1545 2245 1573 2296 ὁ
1603 2243 1769 2296 Δαϐὶδ
1802 2242 1858 2294 δέ

277 2357 473 2409 φησιν,
533 2359 551 2391 ι
581 2336 734 2407 Ἷιρα
767 2338 894 2406 τοῦς
923 2336 1235 2405 ὀφθαλμούς
1270 2353 1370 2405 μου
1399 2339 1477 2398 εἰς
1517 2335 1586 2387 τὰ
1611 2336 1733 2404 ὅρη,
1764 2338 1858 2388 πά-

278 2433 374 2485 θεν
404 2432 524 2502 ἥξει
557 2433 588 2501 ἡ
621 2430 844 2500 βοήθειά
875 2446 998 2499 μου.
1031 2449 1048 2479 ι
1096 2431 1204 2482 Καὶ
1246 2430 1492 2492 Ἡσαΐας,
1542 2449 1559 2479 ι
1591 2431 1707 2482 Ἐπ’
1735 2429 1859 2498 ὅρος

279 2526 486 2594 ὑψηλὸν
511 2525 745 2594 meum
775 2526 802 2576 ὁ
845 2524 1334 2592 εὐαγγελιζόμενος
1365 2524 1463 2591 τὴν
1511 2522 1670 2585 Σιὼν,
1710 2523 1859 2590 ὑψώ-

281 2635 439 2681 σατε,
477 2617 553 2686 μὴ
590 2615 863 2685 φοϐεῖσθε.
900 2634 917 2666 ι
955 2617 1067 2667 Ούκ
1101 2617 1184 2684 ἐφ’
1220 2616 1276 2666 ἓν
1317 2615 1373 2666 δὲ
1417 2615 1544 2684 ὄρος
1576 2616 1860 2683 φευκτέον,

279 2710 400 2762 ἀλλ’
435 2713 529 2761 ἐπὶ
558 2710 758 2769 πάντα,
795 2709 920 2770 τοὺς
959 2708 1146 2773 ἁγίους
1198 2707 1480 2776 προφήτας
1512 2707 1607 2758 καὶ
1636 2705 1865 2758 ἀποστο-

283 2802 434 2863 λους,
472 2801 546 2867 μὴ
599 2800 694 2851 καὶ
739 2801 1153 2867 συναντήσωσιν
1197 2799 1331 2866 ἡμῖν
1370 2797 1420 2848 oi.
1465 2795 1558 2850 τοῦ
1599 2797 1865 2866 βασιλέως

297 2889 562 2958 Ἱεριχοῦς
596 2888 689 2940 τοῦ
719 2890 926 2958 κόσμου
953 2887 1144 2940 τούτου
1179 2888 1458 2956 ἄρχοντες.
1492 2886 1582 2938 Διὸ
1605 2886 1866 2952 φευκτέον

285 2983 382 3033 ἐπὶ
425 2985 524 3050 τὴν
570 2979 824 3049 ὀρεινὴν,
860 2981 1036 3031 πάντα
1070 2978 1290 3047 ἔχοντας
1319 2978 1450 3030 ἄνω.
1505 2978 1722 3046 Ταύτην
1766 2977 1868 3029 οὐκ

289 3073 441 3124 ἴσασι
465 3071 566 3137 τὴν
599 3069 715 3120 ὁδὸν
755 3072 801 3120 οἱ
846 3067 1130 3130 διώκοντες
1167 3070 1335 3137 ἡμᾶς.
1376 3068 1547 3137 ὐρῶν
1573 3067 1679 3138 γάρ
1721 3069 1868 3119 ἐστιν

281 3163 318 3215 ’ὁ
347 3163 485 3223 Θεὸς
530 3160 626 3213 τοῦ
678 3160 923 3231 Ἰσραὴλ,
985 3164 1078 3215 καὶ
1130 3163 1190 3213 οὐ
1247 3162 1528 3214 κοιλάδων.
1568 3161 1732 3213 Ὅθεν
1768 3162 1869 3213 οὐκ

289 3253 664 3320 ἀναϐήσονται
691 3253 772 3312 είς
813 3251 880 3303 τὰ
909 3251 1012 3321 ὅρη
1035 3271 1046 3282 ·
1083 3252 1179 3304 ἐπὶ
1206 3251 1262 3304 δὲ
1302 3252 1402 3321 τὴν
1433 3252 1708 3321 προτέραν
1736 3251 1869 3302 ἀνα-

1956 2158 2213 2213 suhlimia
2244 2155 2502 2226 persequi
2546 2163 2754 2219 monet,
2793 2155 3030 2209 terrenis
3071 2156 3372 2224 impietatis
3407 2155 3540 2223 dog-

1959 2251 2123 2304 matis
2155 2249 2390 2304 relictis.
2441 2247 2562 2314 Ipse
2592 2261 2816 2316 quoque
2865 2245 3031 2300 David
3073 2247 3254 2316 inquit
3291 2265 3304 2300 :
3349 2268 3365 2296 ι
3397 2246 3538 2300 Ocn-

1959 2344 2043 2398 los
2084 2357 2238 2396 meos
2289 2342 2345 2395 in
2388 2349 2604 2395 montes
2664 2339 2911 2404 sustuli,
2961 2353 3027 2392 ac
3083 2339 3226 2392 unde
3273 2340 3537 2391 auxilium

1959 2447 2253 2490 venturum
2282 2445 2425 2489 esset
2459 2433 2591 2487 mihi
2650 2432 2865 2502 dispexi
2893 2431 2961 2485 “.
2990 2450 3008 2483 ι
3046 2413 3220 2485 Isaias
3251 2432 3382 2485 item
3415 2433 3486 2484 ait
3527 2453 3538 2482 ;

1965 2545 1984 2578 ι
2019 2525 2196 2597 Super
2235 2533 2475 2579 montem
2509 2524 2794 2578 excelsum
2832 2524 3149 2577 conscende
3191 2534 3245 2576 tu
3290 2524 3543 2592 quisquis

1961 2620 2144 2674 laetum
2176 2619 2435 2672 nuntium
2481 2619 2533 2671 in
2573 2617 2705 2672 Sion
2741 2616 2927 2682 affers,
2959 2617 3156 2686 erigite
3191 2631 3309 2682 vos,
3345 2633 3445 2671 nec
3477 2619 3539 2670 ti-

1965 2721 2106 2766 mete
2131 2711 2198 2768 δ’.
2242 2729 2259 2760 ι
2299 2709 2409 2763 Nec
2443 2723 2571 2762 vero
2617 2722 2784 2776 super
2830 2721 2997 2760 unum
3031 2715 3270 2761 montem
3303 2716 3542 2766 tantum.

1964 2819 2154 2858 verum
2185 2817 2353 2872 super
2382 2815 2578 2854 munes
2615 2801 2828 2854 sanctis
2858 2801 3147 2868 pr0phetis
3176 2814 3239 2854 ac
3282 2802 3546 2867 apostolis

1965 2904 2049 2950 est
2085 2895 2432 2966 fugiendum,
2471 2910 2537 2947 ne
2573 2894 2733 2948 nobis
2753 2909 2977 2963 quoque
3009 2895 3156 2963 regis
3185 2893 3544 2958 Jerichuntis,

1968 2987 2134 3055 hujus
2174 2985 2362 3038 mundi
2411 2984 2687 3053 principes
2737 2984 2954 3037 obviam
3002 2982 3152 3037 ﬁant.
3199 2983 3548 3051 Quapropter

1971 3092 2140 3146 super
2171 3075 2429 3145 quemvis
2462 3083 2704 3129 montem
2735 3073 2997 3142 supernis
3028 3072 3435 3128 habitatoribus
3465 3083 3550 3128 est

1973 3167 2313 3239 fugiendum,
2369 3181 2489 3220 eam
2555 3165 2700 3219 enim
2747 3167 2889 3220 viam
2939 3180 3046 3218 non
3107 3175 3308 3219 norunt
3363 3166 3550 3220 hostes

1972 3264 2174 3317 nostri.
2206 3260 2343 3315 Nam
2372 3258 2516 3315 Deus
2547 3259 2737 3322 Israel,
2777 3258 2920 3311 Deus
2957 3257 3255 3322 montium,
3291 3273 3399 3312 non
3430 3260 3545 3312 val-

293 3345 586 3414 στρέφουσι
607 3347 837 3415 πλάνην.
858 3347 966 3398 Καὶ
987 3345 1328 3412 οὖτωφησὶν,
1350 3362 1368 3394 ι
1402 3344 1592 3413 Ὑμεῖς
1639 3341 1872 3395 ἁπελεύ-
1900 3385 1944 3444 C
1977 3356 1980 3405 ι

1862 3369 1944 3444 'C
1977 3355 2108 3408 lium
2136 3362 2221 3406 est
2253 3352 2320 3404 ⁸⁸.
2361 3349 2519 3405 Unde
2569 3365 2739 3416 super
2790 3357 3012 3405 montes
3064 3365 3175 3403 non
3229 3351 3549 3416 ascenderit,

294 3440 459 3489 σεσῦε
498 3437 595 3506 τὴν
625 3436 741 3489 ὁδὸν
772 3436 976 3505 ὑμῶν,ι
1009 3436 1100 3489 τὸν
1135 3435 1358 3488 εἰπόντα
1379 3452 1391 3466 ο
1433 3453 1452 3485 ι
1485 3434 1626 3502 Ἑγὼ
1677 3434 1793 3501 εἰμι
1837 3433 1870 3500 ὴ

293 3529 435 3592 ὁδὸς,
477 3548 494 3580 ι
528 3528 594 3581 δι’
620 3524 687 3600 ἦς
718 3528 919 3582 ὁδεύων
963 3544 1070 3590 τις,
1119 3527 1219 3597 τὴν
1253 3527 1416 3594 ἁγίαν
1444 3526 1650 3593 Τριάδα
1682 3524 1874 3578 θεάσε-

295 3637 410 3675 ται.

380 3794 594 3848 Ἀθῶοἰ
645 3794 834 3861 ἐσμεν
886 3791 966 3856 τῷ
1021 3791 1177 3859 ὅρκῳ
1227 3806 1344 3845 σου
1395 3790 1599 3853 τούτῳ.
1651 3787 1876 3849 Τούτοις

297 3890 459 3957 ὅμοια
501 3888 594 3938 καὶ
656 3884 894 3951 Μωῦσῆς
947 3884 1274 3946 ἐνετείλατο,
1312 3881 1500 3950 χρίσαι
1553 3879 1630 3949 τῷ
1681 3880 1876 3948 αἵματι

299 3977 578 4047 σταθμοὺς
606 3977 701 4030 καὶ
732 3976 912 4044 φλιᾰς,
941 3975 1035 4026 καὶ
1070 3974 1144 4043 μὴ
1182 3973 1385 4038 ἐξιέναι
1413 3971 1617 4040 μηδένα
1647 3970 1746 4038 τῆς
1781 3969 1874 4021 θύ-

299 4087 422 4140 ρας,
463 4071 612 4130 ὅπως
660 4067 872 4135 φύγωσι
906 4065 998 4118 τὸν
1040 4064 1382 4133 ὀλοθρευτήν.
1427 4064 1604 4114 Κάκεῖ
1630 4062 1737 4130 γάρ
1779 4060 1877 4129 τὴν

311 4162 646 4230 Ἐκκλησίαν
705 4160 928 4224 ὲτύπου,
981 4159 1056 4220 ὡς
1107 4157 1388 4211 κάνταῦθα
1439 4156 1527 4208 διὰ
1570 4157 1671 4224 τῆς
1700 4156 1876 4217 οἰκίας

314 4251 510 4314 Ῥαὰ6,
551 4251 608 4302 ἐν
718 4250 790 4312 ὠς
817 4251 874 4301 ἐν
922 4247 1077 4317 τύπῳ
1102 4247 1197 4300 καὶ
1222 4248 1282 4299 τὸ
1308 4249 1363 4300 ἐν
1390 4245 1648 4314 Αἰγύπτῳ
1691 4244 1878 4297 ἐθύετο

301 4345 600 4414 πρόϐατον.
652 4339 877 4415 Καζνῦν
907 4342 1003 4410 τῆς
1041 4339 1276 4401 πίστεως
1314 4340 1348 4407 ἡ
1378 4337 1638 4407 ὁμολογία
1666 4337 1752 4389 διὰ
1782 4335 1876 4388 τοῦ

301 4436 569 4503 σπαρτίου
602 4435 952 4502 σημαίνεται.

375 4526 489 4586 Πᾶς
536 4519 628 4577 οὖν
665 4525 854 4585 πιστὸς
885 4525 944 4574 tv
973 4524 1038 4592 τῇ
1074 4521 1284 4592 μάνδρᾳ
1315 4521 1426 4572 τῶν
1462 4520 1749 4594 προϐάτων
1781 4538 1879 4590 με-

300 4620 476 4679 νέτω,
513 4615 593 4683 τῷ
639 4614 850 4683 σημείῳ
887 4612 965 4682 τῷ
996 4612 1089 4664 τοῦ
1131 4612 1367 4680 Χριστοῦ
1416 4613 1876 4682 σφραγιζόμενος,

1976 3458 2166 3497 verum
2219 3441 2288 3495 ad
2335 3455 2586 3496 errorem
2636 3439 2930 3509 pristinum
2986 3449 3353 3495 revertentur.
3413 3443 3550 3496 Dicit

1975 3537 2142 3606 igitur
2173 3553 2186 3588 :
2227 3553 2244 3585 ι
2270 3535 2432 3588 Abite
2467 3549 2565 3588 vos
2595 3549 2689 3601 per
2723 3536 2867 3590 viam
2910 3540 3175 3594 vestram.
3221 3533 3375 3587 vobis
3410 3533 3552 3587 indi-

1973 3635 2176 3682 catam.
2217 3645 2235 3677 ι
2269 3655 2339 3666 -
2397 3644 2414 3675 ι
2449 3624 2563 3695 Ego
2615 3641 2737 3679 sum
2798 3625 2882 3677 via
2922 3624 2991 3688 υ,
3042 3643 3061 3674 ι
3119 3640 3214 3694 per
3261 3641 3423 3694 quam
3457 3628 3548 3695 qui

1978 3721 2083 3774 iter
2107 3717 2262 3782 facit,
2305 3727 2555 3771 sanctam
2590 3715 2926 3770 Trinitatem
2961 3717 3447 3786 contemplabitur.

2047 3807 2316 3861 Immunes
2349 3823 2444 3859 nos
2476 3807 2673 3859 erimus
2711 3806 2776 3857 ab
2799 3807 2896 3858 hoc
2918 3807 3246 3872 juramento.
3298 3807 3434 3879 [‘20.]
3459 3809 3555 3862 His

1977 3897 2187 3951 similia
2249 3894 2430 3950 Moses
2493 3895 2775 3948 mandavit
2841 3909 3100 3964 quoque,
3160 3903 3219 3948 ut
3281 3899 3554 3963 sanguine

1977 3996 2163 4056 postes
2198 3994 2408 4055 ungant
2443 3994 2498 4039 et
2555 3986 2765 4049 limina,
2818 4001 2996 4054 neque
3041 3986 3334 4055 quisquam
3389 3989 3554 4042 domo

1977 4086 2158 4142 exeat,
2195 4094 2305 4146 quo
2351 4086 2684 4130 vastatorem
2724 4078 2911 4132 evitet.
2953 4076 3054 4131 Ubi
3088 4078 3349 4134 Ecclesiae
3383 4080 3552 4149 ﬁgura

1977 4180 2118 4233 erat,
2153 4168 2610 4238 quemadmodum
2643 4168 2732 4221 hic
2779 4183 2998 4237 quoque
3028 4169 3079 4222 in
3114 4170 3278 4223 domo
3337 4170 3550 4236 liahab,

1980 4259 2035 4312 in
2064 4274 2170 4328 qua
2205 4268 2463 4326 tanquam
2506 4258 2558 4310 in
2607 4257 2778 4325 ﬁgura
2831 4273 3007 4325 agnus
3041 4257 3403 4329 Egyptiacus
3452 4263 3553 4314 itu-

1981 4350 2307 4412 molabatur,
2339 4362 2594 4416 nuncque
2628 4348 2750 4401 ﬁdei
2785 4348 3068 4403 confessio
3121 4365 3217 4418 per
3262 4350 3445 4404 [uitem
3477 4353 3548 4405 si-

1980 4441 2290 4507 gniﬁcatur.

2055 4529 2385 4597 Quicunque
2412 4527 2580 4597 igitur
2608 4527 2866 4582 ﬁduciam
2901 4529 3067 4582 habet
3092 4529 3145 4582 in
3174 4530 3326 4594 oviii,
3350 4531 3550 4585 Chiisti

1981 4623 2145 4691 signo
2177 4630 2404 4674 notatus
2434 4629 2673 4674 maneat.
2706 4619 2761 4673 Si
2787 4621 2930 4673 enim
2961 4622 3052 4689 qui
3084 4622 3280 4674 exierit
3313 4625 3552 4690 seipsum

314 4708 509 4772 Ἐξιὼὺ
540 4708 650 4776 γάρ
675 4724 780 4769 τις,
816 4705 998 4775 ἔνοχος
1022 4704 1200 4773 ἐαυτῷ
1249 4705 1479 4772 γίνεται.
1509 4703 1746 4757 Τοιαῦτα
1785 4706 1879 4757 καὶ
1911 4712 1957 4769 Ι)
1982 4732 2001 4770 ε

1864 4707 1879 4756 ι
1911 4712 1957 4769 D
1982 4716 2143 4785 culpa
2195 4714 2516 4783 obstringit.
2551 4711 2875 4779 Hujusmodi
2925 4712 3132 4766 Paulus
3164 4713 3328 4766 etiam
3386 4713 3551 4767 Mileti

306 4799 519 4861 Παῦλος
546 4801 602 4851 tv
631 4797 860 4866 Μιλήτῳ
893 4798 1009 4858 τοῖς
1035 4795 1428 4865 πρεσϐυτέροις
1464 4796 1687 4862 Ἐφέσου
1719 4795 1873 4862 φησί’

309 4911 327 4942 ι
365 4890 456 4941 Διὸ
490 4887 842 4958 μαρτύρομαι
887 4887 1018 4955 ὑμῖν
1058 4888 1118 4937 ὲν
1166 4887 1233 4954 τῇ
1273 4887 1514 4957 σήμερον
1560 4886 1759 4956 ἡμέρᾳ,
1794 4886 1878 4938 ὅτι

306 4978 549 5050 καθαρός
593 4982 709 5048 ειμι
754 4978 864 5030 ἀπὸ
898 4975 995 5028 τοῦ
1041 4976 1264 5029 πάντων
1309 4975 1566 5044 αἵματος,
1610 4995 1628 5026 ι
1667 4979 1762 5029 καὶ
1812 4976 1881 5027 τὰ

305 5073 455 5142 ἑξῆς.

377 5168 523 5221 Ἐὰν
564 5165 633 5219 δέ
679 5182 769 5229 τις
801 5163 958 5232 ἡμᾶς
980 5163 1267 5230 ἀδικήσῃ,
1297 5162 1334 5230 ἢ
1371 5161 1466 5215 καὶ
1515 5161 1884 5231 ἀποκαλύψῃ

307 5259 450 5324 τοὺς
479 5259 704 5326 λόγους
749 5255 917 5324 ἡμῶν
963 5255 1248 5319 τούτους,
1295 5254 1554 5322 ἐσόμεθα
1577 5253 1754 5306 ὰθῶοι
1809 5254 1888 5319 τῷ

311 5351 467 5419 ὅρκῳ
508 5350 720 5415 τούτῳ.
788 5345 1125 5399 Ἀδικοῦνται
1173 5346 1282 5414 γὰρ
1331 5346 1381 5397 οἱ
1414 5345 1511 5414 τῆς
1561 5345 1888 5414 Ἐκκλησίας

309 5441 660 5504 διδάσκαλοι,
724 5440 834 5493 τῶν
899 5437 1158 5507 μαθητῶν
1225 5437 1600 5490 ὲκλαλούντων
1658 5440 1725 5489 τὰ
1775 5438 1885 5490 τῶν

312 5533 600 5602 δογμάτων
636 5532 944 5601 ἀπόρρητα.
987 5531 1267 5582 Ῥίπτουσι
1305 5531 1410 5597 γὰρ
1452 5529 1575 5590 τοὺς
1621 5528 1889 5599 μαργαρί-

316 5643 410 5689 τας
443 5625 755 5695 ἔμπροσθεν
784 5625 892 5676 τῶν
931 5624 1152 5693 χοίρων.
1195 5621 1284 5672 Διὸ
1325 5623 1417 5672 καὶ
1455 5620 1590 5690 πρὸς
1625 5618 1889 5689 Τιμὸοεον

387 5801 481 5858 ατι
519 5803 712 5855 Thess.
753 5817 811 5863 II,
839 5802 891 5856 8.
968 5800 1012 5830 “'
1045 5800 1187 5853 I’sal.
1222 5813 1348 5861 cxx,
1379 5800 1429 5852 I.

609 5895 882 5954 ΡΑΤιιυι..
927 5896 1042 5954 Gtt.
1088 5893 1465 5954 LXXXVII.

1982 4808 2048 4861 ad
2087 4808 2337 4862 seniores
2377 4804 2578 4874 Ephesi
2612 4804 2791 4871 inquit
2826 4821 2838 4855 :
2881 4821 2898 4852 ι
2927 4803 3140 4857 Idcirco
3171 4806 3421 4858 obtestor
3460 4822 3554 4858 vo-

1985 4900 2070 4954 bis
2107 4899 2372 4952 lmdierno
2419 4896 2708 4966 die,quod
2757 4911 2860 4966 ego
2907 4912 3103 4965 expers
3147 4913 3268 4952 sum
3308 4899 3552 4952 ou‘inium

1986 4991 2270 5060 sanguinis
2303 4990 2370 5054 ⁵³,
2411 5007 2428 5038 ι
2464 5002 2572 5042 etc.

2061 5163 2212 5229 Quod
2252 5163 2298 5216 si
2331 5179 2450 5217 vero
2486 5163 2681 5232 aliquis
2722 5180 2838 5224 nos,
2879 5164 3059 5226 aiunt,
3111 5165 3328 5230 lwserit,
3363 5175 3413 5219 et
3446 5183 3558 5219 ser-

1993 5272 2166 5309 mones
2196 5255 2287 5307 hos
2321 5266 2531 5309 nostros
2568 5257 2890 5321 revelaverit,
2926 5259 3160 5311 insontes
3191 5262 3408 5312 erimus.
3444 5259 3556 5311 Lm-

1993 5348 2200 5402 duntur
2233 5347 2380 5401 enim
2410 5348 2669 5403 Ecclesia:
2697 5351 2970 5419 magistri,
3002 5351 3047 5403 si
3070 5350 3328 5420 discipuli
3361 5368 3557 5406 arcana

1993 5455 2185 5493 eorum
2252 5438 2508 5493 effutiunt
2569 5441 2865 5511 dogmata,
2923 5443 3171 5512 adeoque
3236 5445 3560 5512 margaritas

1997 5539 2124 5583 ante
2157 5545 2356 5598 porcos
2386 5531 2706 5601 projiciunt.
2740 5535 3087 5602 Quapropter
3117 5536 3181 5589 ad
3211 5534 3560 5590 Timotheum

1996 5620 2298 5690 Epistolam
2326 5622 2577 5677 scribens
2609 5623 2828 5688 Paulus,
2856 5624 3100 5680 secundo
3133 5625 3309 5695 inquit
3343 5645 3356 5680 :
3383 5649 3399 5679 ι
3429 5627 3562 5691 Quze

1528 5802 1571 5830 ⁴ε¹
1614 5798 1713 5854 lsa.
1737 5816 1821 5862 λι,
1847 5802 1899 5855 υ.
1974 5804 2019 5833 ³ο
2048 5804 2110 5855 IIl
2145 5801 2275 5872 lieg.
2310 5818 2400 5868 xx,
2424 5801 2513 5857 28.
2591 5804 2631 5836 ³⁸
2659 5802 2815 5860 Joan.
2851 5822 2957 5869 xlv,
2990 5807 3043 5860 6.
3119 5807 3164 5836 ⁵¹
3195 5807 3215 5859 ,ε

1848 5802 1899 5855 υ.
1974 5804 2019 5833 ³ο
2048 5804 2110 5855 Ill
2145 5801 2275 5872 Iieg.
2310 5818 2400 5868 xx,
2424 5801 2513 5857 28.
2591 5804 2631 5836 ³³
2659 5802 2815 5860 Joan.
2851 5822 2957 5869 xlv,
2990 5807 3043 5860 6.
3119 5807 3164 5836 ⁵¹
3195 5807 3316 5863 Act.
3354 5823 3443 5870 xx,
3469 5810 3535 5862 29

3126 5900 3202 5957 32
