4272 6446
732 390 867 454 1003

2032 391 2380 453 PRUCOPII
2420 393 2656 454 GAZAL'I

3861 398 3999 462 1004

723 531 754 564 a
799 506 1184 562 meandivisti
1244 507 1506 577 frequens
1559 513 1743 570 testis,
1797 511 1993 565 eadem
2057 509 2313 563 fidelibus
2345 516 2383 567 Α

2346 511 2748 567 Αέπιστέλλων
2801 515 2829 566 ὁ
2890 513 3098 578 Παῦλος
3144 514 3206 568 τὸ
3265 514 3534 582 δεύτερον,
3588 514 3814 582 ἔλεγεν·
3882 535 3901 566 ι
3933 517 4001 569 ’Δ

727 615 970 671 propone
1008 599 1324 654 hominibus
1356 602 1432 667 ⁵³,
1466 620 1483 652 ι
1525 603 1593 657 iis
1617 603 1870 657 videlicet
1905 603 1998 673 qui
2035 603 2311 655 exercita-

726 693 878 746 tione
909 705 1174 745 sensuum
1206 705 1406 754 usuin,
1453 701 1512 744 ut
1562 692 1766 746 bonum
1823 708 1852 744 a
1904 691 2048 747 malo
2099 692 2314 763 possint

728 785 1064 846 discernere,
1097 793 1512 850 compararunt.

800 963 894 1018 llis
923 963 1107 1032 itaque
1133 964 1276 1033 apud
1307 963 1498 1017 Rahab
1532 965 1599 1018 ab
1630 965 2082 1035 exploratoribus
2108 966 2311 1022 conﬁr-

729 1055 913 1120 matis,
946 1056 1153 1108 reversi
1220 1055 1406 1108 omnia
1465 1065 1523 1108 ut
1565 1067 1866 1111 evenerant
1921 1061 2312 1113 renuntiarunt

725 1144 910 1199 Josne.
946 1146 1422 1209 Quemadmodum
1469 1147 1675 1202 Paulus
1727 1163 1947 1217 quoque
2000 1157 2057 1202 et
2107 1149 2311 1202 Barna-

729 1239 825 1292 bas
850 1254 972 1290 cnm
1022 1239 1309 1291 venissent
1347 1239 1721 1303 Antiochiam,
1765 1241 1951 1294 omnia
2003 1242 2312 1294 retulerunt

729 1329 1017 1394 fratribus,
1054 1344 1115 1380 ac,
1152 1329 1204 1382 in
1238 1330 1433 1397 primis
1479 1331 1629 1399 quod
1678 1330 1822 1386 Deus
1854 1333 2112 1402 gentibus
2143 1332 2209 1386 ad
2247 1332 2310 1386 ﬁ-

725 1423 848 1475 dem
880 1423 1228 1490 patefecisset
1267 1423 1478 1476 aditum
1511 1425 1576 1476 ⁵³.

802 1512 869 1565 Ut
902 1515 1085 1566 sciatis
1135 1531 1238 1581 qua
1292 1515 1376 1566 via
1406 1515 1548 1567 vobis
1581 1516 1650 1567 sit
1686 1515 2054 1570 incedendum.
2085 1513 2194 1586 [l|l,
2227 1514 2309 1586 4.]

725 1606 960 1658 Causam
1004 1603 1180 1657 reddit
1213 1605 1332 1671 ejus
1356 1605 1504 1674 quod
1541 1621 1646 1658 non
1676 1607 1948 1660 continuo
1979 1622 2080 1661 nec
2107 1608 2310 1675 stipato

726 1695 923 1747 ordine
959 1693 1195 1746 debeant
1227 1694 1508 1757 incedere,
1551 1711 1742 1748 verum
1784 1697 1959 1751 donec
1992 1713 2135 1764 aqua
2168 1698 2309 1751 divi-

726 1801 786 1838 sa
846 1787 1256 1854 pertransiisset
1329 1800 1455 1839 arca
1540 1786 1761 1855 illisque
1831 1787 2155 1856 prmbuisset
2209 1789 2310 1843 iter

2420 604 2664 670 ἤκουσας
2705 606 2838 674 παρέ
2885 607 3018 676 ἐμοῦ
3077 609 3216 677 μετὰ
3263 606 3476 658 πολλῶν
3515 608 3830 675 μαρτύρων,
3867 607 3999 661 ταῦο

2419 710 2488 746 τα
2530 695 2775 764 παράθου
2813 701 3026 760 πιστοῖς
3076 697 3449 768 ἀνθρώποις,ι
3493 698 3694 766 δηλαδὴ
3748 701 3861 759 τοῖς
3911 698 4001 750 διὰ

2419 790 2519 857 τὴν
2546 789 2658 852 ἕξιν
2688 789 2754 841 τὰ
2795 790 3127 860 αἰσθητήρια
3168 791 3598 860 γεγυμνασμένα
3650 790 3832 860 έχουσι
3864 791 4002 860 πρὸς

2418 879 2691 948 διάκρισιν
2721 880 2886 932 καλοῦ
2914 898 2971 933 τε
3005 882 3100 934 καὶ
3135 883 3326 935 κακοῦ.

2489 970 2672 1023 Ταῦτα
2720 970 3150 1039 βεδαιωσάμενοι
3197 973 3346 1041 παρὰ
3375 972 3473 1041 τῆς
3517 972 3684 1025 Ῥαάό
3738 973 3787 1024 οί
3827 972 4001 1026 κατά-

2420 1080 2633 1125 σκοποι,
2669 1065 3109 1134 ὑποστρέψαντες
3141 1066 3482 1134 ἀπήγγειλαν
3505 1069 3572 1118 τά
3610 1067 4004 1134 συμϐεϐηκότα

2416 1153 2495 1224 τῷ
2531 1154 2726 1226 Ἰησοῦ.
2745 1157 2832 1218 Ὠς
2868 1159 2960 1208 καὶ
2982 1156 3189 1219 Παῦλος
3226 1160 3318 1210 καὶ
3347 1157 3629 1226 Βαρνάϐας
3653 1157 3896 1218 ἐλθόντες
3919 1158 4003 1218 είς

2431 1244 2762 1312 ’Δντιόχειαν
2789 1247 2965 1298 πάντα
2995 1247 3199 1314 ἔλεγον,
3230 1249 3323 1299 καὶ
3350 1248 3425 1310 ὡς
3449 1247 3625 1316 ήνοιξε
3650 1250 3762 1310 τοῖς
3791 1247 4002 1300 ἔθνεσιν

2415 1336 2446 1389 δ
2475 1336 2606 1399 Θεὸς
2637 1336 2806 1407 θύραν
2836 1338 3094 1401 πίστεως.

2489 1511 2613 1564 "Ira
2655 1511 2984 1576 ἐπίστησθε
3026 1511 3138 1577 τὴν
3185 1511 3348 1576 ὁδὸν,
3395 1511 3475 1579 ἢν
3505 1515 3884 1581 πορεόσησθε
3930 1517 4002 1568 ἐν

2416 1605 2524 1655 αὐτ
2540 1601 2592 1668 ᾗ.
2631 1604 2820 1656 Αίτίαν
2857 1605 3185 1657 ἀποδίδωσιν
3237 1606 3298 1658 οὑ
3336 1606 3472 1674 πρὸς
3520 1607 3582 1657 τὸ
3635 1608 3902 1676 προσεχὲς
3937 1609 4002 1659 τὸ

2421 1699 2495 1766 μὴ
2525 1698 2636 1749 δεῖν
2673 1698 3012 1765 πλησιάζειν,
3045 1698 3182 1750 ἀλλὰ
3211 1698 3350 1766 πρὸς
3382 1701 3444 1750 τὸ
3476 1701 3791 1770 περιμεῖναι
3829 1699 4002 1766 μέχρι

2416 1789 2698 1844 διελθοῦσα
2727 1791 2941 1854 τούτοις
2982 1792 3354 1860 ὀδοποιήσειεν
3395 1790 3711 1859 ήκιόωτδς,
3755 1791 4000 1859 διαιρου-

725 1885 1067 1943 exspectare.
1126 1876 1397 1928 Caeterum
1443 1891 1569 1930 cum
1625 1876 1806 1932 Moses
1859 1893 1958 1932 ens
2011 1893 2106 1944 per
2161 1892 2311 1932 mare
2345 1863 2383 1919 Β

2346 1863 2384 1919 Β
2418 1885 2578 1954 μένου
2606 1883 2700 1937 τοῦ
2739 1883 2949 1946 ὓδατος.
2998 1885 3122 1936 Ἐπὶ
3177 1891 3275 1954 μὲν
3318 1880 3411 1938 οὖν
3450 1885 3728 1946 Μωῦσέως
3772 1885 4001 1951 ἄγοντος

725 1981 880 2035 aqum
924 1968 1085 2020 salsa:
1135 1966 1388 2032 duceret,
1447 1982 1559 2022 non
1606 1969 1736 2021 talis
1791 1968 1897 2021 fuit
1930 1966 2066 2022 ordo
2094 1968 2310 2037 qualem

722 2075 868 2113 nunc
901 2058 1226 2115 Josueduce
1255 2058 1600 2130 dominoque
1637 2061 1812 2130 ipsius
1842 2063 2000 2132 signo
2033 2069 2312 2117 annuente

720 2155 999 2208 videmus.

796 2250 970 2302 Porro
999 2265 1141 2319 aqua
1173 2265 1240 2304 ex
1273 2265 1430 2318 sequo
1459 2251 1720 2321 utrinque
1748 2251 1926 2306 divisa
1981 2253 2155 2306 instar
2183 2252 2309 2305 valli

722 2342 977 2409 perstitit.
1015 2341 1326 2396 Adfuerunt
1354 2351 1535 2397 autem
1590 2341 1792 2397 ibidem
1841 2341 2062 2398 Domini
2112 2345 2308 2399 littera:

722 2451 818 2487 seu
851 2434 1077 2489 tabulze.
1119 2435 1222 2501 Qui
1269 2435 1414 2489 enirn
1445 2451 1510 2490 ex
1554 2439 1807 2505 utrisque
1850 2453 2018 2490 unum
2069 2437 2221 2499 fecit,
2254 2444 2309 2492 et

722 2526 1084 2580 intcrstitium
1120 2526 1377 2580 maceria:
1403 2526 1709 2595 quassavit,
1746 2527 1836 2582 ille
1862 2527 1973 2582 duo
1998 2527 2102 2583 scit
2127 2544 2315 2598 quam-

722 2618 805 2670 vis
837 2618 890 2670 in
940 2633 1109 2670 unum
1155 2617 1377 2687 aliquod
1412 2632 1724 2688 congruere
1762 2619 2002 2688 possint.
2064 2620 2141 2672 En
2183 2633 2312 2674 vero

724 2717 782 2763 ut
813 2725 954 2780 aqua
992 2718 1253 2779 tanquam
1287 2725 1470 2764 arcam
1527 2711 1760 2765 reverita
1789 2712 1951 2767 cedit.
1993 2711 2187 2768 Iisdem
2221 2728 2314 2767 ve-

723 2817 787 2855 ro
853 2803 1130 2872 mysteriis
1182 2802 1443 2872 praeditos
1501 2804 1750 2857 traduxit
1810 2805 2132 2860 sacerdotes
2189 2820 2310 2859 eam

723 2903 1192 2964 transportantes.
1221 2895 1557 2949 Conlinebat
1589 2897 1735 2949 enim
1788 2897 2008 2952 tabulas
2041 2906 2096 2952 et
2120 2912 2311 2952 urnam

725 3003 871 3051 man,
906 2997 958 3041 et
983 3002 1154 3041 cornu
1210 2990 1495 3057 unguenti,
1553 2997 1607 3042 et
1661 2989 1872 3059 virgam
1916 2989 2104 3044 Aaron
2137 3006 2314 3061 usque

723 3079 1030 3134 ﬂorentem.
1063 3080 1227 3152 583
1259 3079 1390 3147 Quae
1423 3097 1557 3136 sane
1585 3081 1895 3138 sacerdotis
1927 3097 2151 3153 quoque
2194 3085 2313 3138 ani-

723 3189 848 3228 tuus
877 3174 1142 3238 continet,
1177 3174 1268 3243 qui
1306 3173 1446 3228 vires
1489 3190 1518 3227 a
1574 3173 1684 3229 Deo
1731 3175 1970 3244 accepit,
2005 3185 2066 3229 ut
2118 3176 2309 3232 eadem
2339 3204 2383 3262 ο

722 3269 896 3324 oilicia
933 3270 1106 3339 possit
1150 3271 1395 3340 explere,
1439 3286 1500 3322 ac
1538 3272 1722 3324 omnia
1758 3286 1853 3340 per
1906 3271 2310 3326 invocationem

723 3368 965 3421 divinam
1028 3369 1400 3422 sanctilicare.
1459 3369 1938 3434 Quemadmodum
1992 3370 2139 3424 enim
2182 3385 2312 3424 arca

724 3463 940 3516 tabulas
972 3461 1236 3525 continet,
1277 3464 1350 3515 ita
1383 3463 1605 3518 animus
1637 3463 1759 3532 ejus
1787 3462 1994 3516 dictata
2045 3460 2313 3516 divinitus

726 3557 995 3626 inspirata
1050 3555 1176 3608 fert.
1215 3555 1433 3623 Siquis
1486 3556 1658 3624 igitur
1708 3571 1804 3624 per
1844 3553 2141 3608 Jordanein
2195 3554 2312 3608 vult

725 3649 1006 3717 trajicere,
1044 3663 1155 3702 non
1188 3658 1392 3703 temere
1428 3649 1532 3701 iter
1563 3657 1844 3716 capessat,
1883 3663 2072 3702 verum
2103 3659 2312 3716 praepa-

723 3743 996 3796 rationem
1036 3749 1319 3810 exspectet
1351 3739 1702 3794 sacerdotum
1739 3739 1831 3808 qui
1866 3753 2010 3791 arcae
2040 3737 2312 3792 constitu-

725 3838 874 3890 tione
903 3849 1076 3904 aquas
1109 3841 1466 3896 consecrant,
1509 3833 1888 3900 transitusque
1959 3830 2311 3884 securitatem

721 3928 986 3996 praebent.
1009 3925 1182 3991 Quam
1219 3925 1638 3997 ignoraruntilli
1672 3923 1764 3993 qui
1801 3923 1975 3978 isthac
2005 3922 2110 3976 iter
2144 3921 2312 3999 iacie-

723 4020 854 4074 bant
882 4035 895 4084 ;
925 4020 1071 4089 leges
1100 4020 1248 4073 enim
1286 4017 1556 4072 Ecclesia:
1590 4015 2126 4086 ignorabant,eaque
2159 4014 2312 4084 prius

722 4125 1057 4180 cognoscere
1092 4110 1388 4166 debebant.

792 4204 969 4259 Porro
998 4204 1109 4258 duo
1152 4203 1468 4258 cubitorum
1518 4201 1714 4265 millia,
1770 4200 1911 4256 duas
1954 4199 2312 4254 circuitiones

723 4295 840 4350 sive
913 4295 1344 4365 praeparationes
1414 4292 1725 4360 signiﬁcare
1805 4290 2018 4354 aiunt,
2084 4290 2310 4343 alteram

716 4388 947 4458 quidem
985 4391 1176 4458 prima
1210 4385 1610 4450 institutionis,
1649 4383 1880 4437 alteram
1933 4397 2063 4437 vero
2098 4382 2312 4436 unctio-

726 4484 838 4545 nis,
872 4496 980 4552 qua
1021 4488 1218 4535 contra
1251 4493 1470 4533 omnem
1519 4478 1629 4531 vim
1663 4477 1953 4532 adversam
2007 4483 2308 4545 unguntur,

726 4577 1044 4646 vadosaque
1080 4576 1196 4630 illis
1229 4589 1371 4644 aqua
1407 4571 1665 4628 edicitur.
1698 4570 1884 4626 Potest
1930 4581 2062 4622 vero
2101 4566 2315 4636 signiﬁ-

727 4679 854 4719 care
896 4665 1059 4718 etiam
1109 4679 1402 4718 numerum
1441 4676 1715 4716 annorum
1765 4659 1990 4715 circiter
2029 4657 2115 4712 bis
2167 4657 2318 4711 mille

723 4773 900 4826 usque
945 4757 1012 4810 ad
1066 4755 1363 4811 adventum
1419 4754 1653 4817 Christi,
1716 4753 1967 4821 adeoque
2021 4750 2317 4804 monstrari

724 4848 1050 4919 mysterium
1095 4847 1162 4901 ad
1215 4861 1317 4902 nos
1376 4847 1429 4900 in
1477 4861 1700 4901 carnem
1755 4841 2035 4898 venientis
2082 4839 2318 4894 Christi.

724 4940 896 5006 Quem
949 4940 1165 4995 binario
1213 4953 1437 5009 quoque
1480 4940 1697 4993 minore
1727 4951 1791 4990 ac
1823 4937 2044 5004 impuro
2078 4947 2311 4988 numero

723 5032 996 5088 exhibuit.

796 5125 1113 5180 Consecrate
1152 5142 1240 5179 vos
1268 5126 1321 5178 in
1345 5124 1664 5188 crastinum,
1691 5140 1811 5177 cras
1833 5123 1971 5176 enim
2006 5121 2163 5189 faciet
2198 5119 2307 5174 Do-

727 5218 898 5271 minus
952 5216 1091 5270 iuter
1144 5232 1231 5270 vos
1292 5217 1545 5284 miriﬁca.
1619 5214 1724 5288 [5.]
1782 5215 1994 5269 lnitiari
2051 5213 2195 5268 enim
2247 5229 2312 5267 ac

724 5308 951 5365 lustrari
987 5317 1115 5362 ante
1168 5310 1352 5362 omnia
1395 5308 1866 5376 contemplaturos
1907 5307 2000 5359 Dei
2047 5305 2311 5360 miracula

724 5409 962 5472 oportet.
999 5399 1136 5465 Quid
1167 5415 1296 5454 vero
1335 5415 1403 5455 an
1443 5400 1696 5453 miraculi
1737 5414 1846 5452 non
1897 5406 1982 5452 est
2009 5397 2189 5455 simile
2216 5413 2310 5452 ve-

725 5503 895 5548 terem
943 5492 1166 5562 quidem
1200 5492 1477 5548 hominem
1513 5507 1639 5546 cum
1689 5491 1945 5546 omnibus
1977 5492 2093 5546 suis
2140 5492 2312 5545 mori-

727 5588 831 5640 bus
876 5584 1371 5655 aﬂectionibusque
1414 5598 1636 5648 exuere,
1690 5599 1753 5638 ac
1802 5599 2003 5638 novum
2035 5584 2310 5638 hominem

724 5682 879 5752 juxta
939 5675 1034 5731 Dei
1107 5691 1357 5731 normam
1409 5675 1773 5732 fabrefactum
1800 5655 2072 5745 .induere,
2135 5676 2320 5734 hostes

805 5847 851 5881 "
897 5845 938 5902 ll
991 5846 1130 5902 Tim.
1162 5861 1223 5912 ιι,
1252 5847 1306 5902 2.
1382 5845 1428 5878 “
1448 5844 1568 5902 Act.
1601 5861 1712 5912 inv,
1743 5845 1836 5902 27.

2415 1977 2501 2030 διά
2528 1977 2820 2047 θαλάττης,
2871 1977 3064 2040 ὓδατος
3113 1976 3381 2047 ἁλμυροῦ,
3430 1977 3659 2046 οὐδεμία
3687 1977 3839 2042 τάξις
3883 1977 4002 2042 ἐγίο

2414 2082 2558 2132 νετο,
2589 2065 2655 2134 ἣν
2690 2064 2784 2117 νῦν
2822 2065 3037 2134 ὁρῶμεν
3061 2106 3075 2130 ,
3129 2065 3306 2134 Ἰησοῦ
3347 2066 3848 2135 στρατηγήσαντος,
3903 2065 4003 2116 καὶ

2414 2156 2508 2210 τοῦ
2538 2157 2746 2227 Κυρίου
2783 2156 3119 2226 πληροῦντος
3163 2157 3223 2209 τὸ
3259 2156 3550 2226 σύμῦολον.

2487 2248 2558 2299 Τὸ
2596 2248 2653 2300 δέ
2691 2247 2834 2318 ὕδωρ
2863 2247 3068 2316 ὁμοίως
3110 2249 3416 2317 διαιρεθὲν,
3465 2247 3808 2318 ἑκατέρωθεν
3835 2248 4002 2315 πῆξιν

2415 2338 2711 2408 ὑπέμενεν,
2753 2339 2882 2392 ἔνθα
2921 2339 3113 2406 γέγονε
3161 2341 3256 2391 τοῦ
3308 2340 3512 2410 Κυρίου
3561 2338 3629 2392 τὰ
3666 2338 3997 2409 γράμματα,

2426 2431 2484 2484 '0
2511 2430 2621 2501 γὰρ
2657 2431 2892 2501 ποιήσας
2923 2431 2991 2485 τὰ
3016 2432 3305 2502 ἀμφότερα
3337 2431 3416 2492 ἓν,
3451 2431 3545 2484 καὶ
3585 2430 3646 2482 τὸ
3682 2432 4002 2501 μεσὸτειχον

2415 2524 2508 2577 τοῦ
2540 2523 2798 2594 φραγμοῦ
2832 2523 3019 2588 λύσας,
3065 2525 3271 2586 ἐκεῖνος
3302 2524 3413 2577 δὺω
3440 2520 3602 2587 οἶδεν,
3640 2525 3688 2576 εί
3730 2523 3823 2575 καὶ
3863 2523 4005 2590 πρὸς

2415 2619 2473 2671 ἓν
2504 2635 2556 2672 τι
2583 2618 2912 2672 συνέλθοιεν.
2943 2619 3084 2688 Ὅρα
3122 2617 3179 2670 δὲ
3209 2617 3270 2670 τὸ
3300 2618 3444 2688 ὓδωρ
3480 2612 3646 2680 εἶκον,
3682 2615 3873 2685 ὥσπερ
3912 2617 4006 2667 αξ-

2413 2710 2676 2780 δούμενον
2714 2710 2815 2780 τὴν
2848 2709 3103 2771 κιεωτὸν,
3140 2708 3262 2779 μεθ’
3300 2704 3376 2762 ὧν
3413 2711 3732 2778 μυστηρίων
3761 2708 4008 2777 ἐπήγετο

2415 2803 2511 2853 καὶ
2540 2802 2666 2863 τοὺς
2705 2800 3123 2868 διακομίζοντας
3147 2801 3331 2867 ἱερεῖς.
3367 2799 3616 2867 Περιεῖχε
3643 2796 3700 2848 δὲ
3730 2796 3828 2857 τὰς
3861 2796 4006 2848 πλά-

2415 2909 2538 2955 κας,
2573 2895 2669 2946 καὶ
2698 2891 2794 2944 τοῦ
2833 2892 3008 2960 μάννα
3041 2890 3141 2960 τὴν
3173 2890 3432 2960 στάμνον,
3469 2889 3564 2941 καὶ
3611 2887 3672 2939 τὸ
3706 2887 3879 2957 κέρας
3907 2885 4006 2939 τοῦ

2419 2984 2619 3054 μύρου,
2655 2983 2750 3036 καὶ
2783 2982 2881 3052 τὴν
2942 2981 3137 3052 ῥάϐδον
3182 2979 3393 3050 Ἀαρὼν
3435 2980 3535 3048 τὴν
3591 2978 4004 3048 βλαστήσασαν.

2421 3077 2488 3126 Ἃ
2515 3075 2577 3143 δὴ
2611 3073 2857 3144 περιέχει
2892 3073 2986 3127 καὶ
3019 3074 3052 3141 ή
3092 3070 3187 3124 τοῦ
3215 3071 3517 3142 ἀρχιερέως
3555 3070 3724 3138 ψυχὴ,
3774 3068 4009 3135 δύναμιν

2417 3165 2658 3218 λαϐοῦσα
2693 3166 2840 3235 παρὰ
2871 3163 3006 3217 Θεοῦ
3042 3163 3270 3216 τοιαῦτα
3314 3165 3512 3227 ποιεῖν,
3555 3163 3622 3213 δι’
3657 3161 4008 3229 ἐπικλήσεως

2416 3257 2744 3324 ἁγιάζουσα,
2804 3255 2880 3318 ὠς
2923 3257 2980 3306 ἐν
3011 3254 3173 3316 πλαξὶ
3225 3254 3459 3315 λιθίναις
3505 3253 3748 3322 φέρουσα
3773 3252 3842 3303 τὰ
3879 3250 4005 3303 θεό-

2416 3363 2658 3400 πνευστα
2687 3347 2864 3412 λόγια.
2894 3345 3120 3398 Μέλλων
3149 3340 3242 3397 οῦν
3269 3360 3352 3406 τις
3382 3341 3634 3411 διαϐῆναι
3675 3342 3766 3393 τὸν
3806 3339 4008 3410 Ἰορδά-

2415 3458 2532 3510 νην.
2571 3439 2644 3510 μὴ
2671 3438 2963 3508 τολμηρῶς
3001 3437 3270 3506 χωρείτω,
3311 3434 3620 3505 περιμένων
3644 3433 3744 3501 τὴν
3781 3433 3847 3483 ἐκ
3895 3433 4009 3485 τῶν

2417 3531 2610 3601 ἱερέων
2641 3529 3034 3600 παρασκευὴν,
3087 3531 3154 3598 τῇ
3202 3526 3390 3579 στάσει
3434 3525 3536 3592 τῆς
3579 3523 3814 3576 κιὸωτοῦ
3847 3525 4007 3590 ἁγια-

2416 3623 2618 3687 ζόντων
2663 3623 2733 3674 τὰ
2790 3622 2981 3684 ὕδατα,
3032 3620 3128 3672 καὶ
3178 3622 3244 3689 τῇ
3308 3617 3556 3672 διαϐάσει
3606 3615 4008 3686 παρεχομένων

2413 3716 2513 3784 τὴν
2563 3714 2786 3767 ἄδειαν·
2839 3713 2908 3782 ἢν
2937 3712 3166 3781 ἠγνόουν
3197 3711 3246 3763 οἱ
3297 3709 3504 3779 ταύτην
3546 3707 3851 3771 ὁδεύοντες,
3904 3707 4008 3775 τῆς

2428 3805 2756 3876 Ἐκκλησίας
2792 3803 3114 3873 ἀγνοοῦντες
3151 3802 3221 3856 τὰ
3255 3800 3486 3872 νόμιμα,
3524 3798 3825 3854 καὶταῦτα
3866 3815 4004 3868 προ-

2418 3895 2715 3966 μανθάνειν
2745 3893 3076 3964 ὀφείλοντες.

2454 4184 2746 4256 ,Δισχίλιοι
2771 4184 2829 4238 δὲ
2862 4183 3079 4252 πήχεις,
3113 4180 3283 4251 φασὶ,
3313 4179 3410 4233 δύο
3456 4179 3745 4248 περιόδους
3795 4181 4005 4248 σημαί-

2415 4294 2589 4338 νουσι,
2625 4275 2724 4345 τὴν
2773 4273 2872 4342 μὲν
2908 4273 3288 4341 κατηχήσεως,
3344 4271 3445 4340 τὴν
3492 4268 3549 4322 δὲ
3598 4269 3699 4337 τῆς
3742 4269 4004 4338 χρίσεως,

2416 4368 2540 4422 καθ’
2581 4369 2648 4438 ἢν
2679 4366 3001 4434 ἀλείφονται
3047 4364 3187 4417 κατὰ
3223 4362 3406 4432 πάσης
3438 4361 3821 4430 ἀντικειμένης
3846 4361 4008 4413 δυνά-

2423 4477 2590 4529 μεως,
2636 4458 2798 4527 βατδν
2844 4457 3026 4518 αὐτοῖς
3053 4455 3115 4507 τὸ
3153 4453 3300 4524 ὕδωρ
3347 4451 3684 4520 ποιούμενοι.
3734 4451 4010 4503 Δύνανται

2346 4543 2391 4600 D
2421 4552 2477 4605 δὲ
2507 4550 2793 4619 σημαίνειν
2831 4547 2930 4601 καὶ
2965 4547 3056 4598 τὸν
3105 4545 3215 4598 τῶν
3254 4543 3391 4596 ἐτῶν
3424 4541 3680 4612 ἀριθμὸν,
3730 4541 3860 4609 περί
3900 4559 4009 4594 που

2418 4641 2696 4711 δισχιλίων
2748 4641 2919 4692 ὄντων
2985 4637 3148 4708 μέχρι
3205 4635 3268 4688 τὸ
3324 4632 3560 4705 Χριστοῦ
3610 4633 3848 4702 δειχθείη
3901 4651 4012 4702 μυ-

2423 4735 2664 4804 στήριον,
2712 4731 2969 4799 φανέντος
3017 4730 3147 4798 ἡμῖν
3193 4728 3250 4778 ἐν
3287 4724 3468 4795 σαρκί.
3508 4725 3604 4776 Ὃν
3653 4725 3745 4775 καὶ
3779 4724 3856 4794 τῷ
3904 4724 4012 4792 τῆς

2420 4825 2608 4887 δυάδος
2649 4822 2964 4893 ὑλικωτέρῳ
3014 4819 3110 4872 καὶ
3153 4817 3450 4887 ἀκαθάρτῳ
3488 4814 3840 4884 παρέστησεν
3885 4814 4013 4885 ἀρι-

2414 4914 2560 4986 θμῷ.

2497 5114 2861 5183 Ἀγνίσασθε
2888 5113 2974 5176 εἰς
2999 5109 3113 5178 τὴν
3145 5109 3380 5175 αὔριον,
3401 5105 3487 5157 ὅτι
3528 5105 3741 5170 αὔριον
3766 5101 4017 5168 ποιήσει

2422 5209 2636 5274 Κύριος
2665 5206 2735 5258 ἐν
2771 5203 2912 5272 ὑμῖν
2966 5201 3291 5269 θαυμάσια.
3335 5196 3720 5265 Προτελεῖσθαι
3771 5195 3881 5263 γὰρ
3935 5195 4018 5249 δεῖ

2421 5301 2514 5352 καὶ
2540 5295 3012 5368 προκαθαίρεσθαι
3043 5292 3166 5352 τοὺς
3206 5289 3498 5359 μέλλοντας
3529 5286 3756 5356 θεωρεῖν
3783 5289 3850 5338 τά
3881 5287 4016 5340 θαυ-

2427 5395 2597 5465 μάσια
2641 5392 2738 5445 τοῦ
2769 5389 2929 5444 Θεοῦ.
2967 5386 3090 5448 Πῶς
3132 5384 3240 5453 γὰρ
3284 5381 3344 5435 οὐ
3374 5379 3708 5450 θαυμαστὸν,
3734 5378 4016 5433 ἀποδύσα-

2423 5487 2546 5540 σθαι
2596 5486 2695 5555 μὲν
2729 5484 2824 5537 τὸν
2863 5480 3094 5534 παλαιὸν
3127 5476 3411 5546 ἄνθρωπον
3458 5473 3555 5524 σὺν
3596 5473 3713 5533 ταῖς
3748 5470 4020 5540 πράξεσιν

2424 5580 2589 5634 αὑτοῦ
2645 5579 2741 5632 καὶ
2799 5573 3144 5643 ἐπιθυμίαις,
3195 5564 3521 5622 ἐνδύσασθαι
3578 5563 3632 5616 δὲ
3685 5561 3778 5615 τὸν
3828 5564 4022 5616 καινὸν

2429 5674 2714 5745 ἄνθρωπον
2749 5670 2838 5725 τὸν
2879 5667 3019 5724 κατὰ
3044 5665 3178 5719 Θεὸν
3207 5659 3520 5726 κτισθέντα,
3554 5655 3649 5708 καὶ
3684 5656 3811 5718 τοὺς
3844 5657 4020 5729 ἀορά.
