4272 6446
289 412 427 475 1005

1411 407 1950 469 COMMENTARII
1993 407 2074 468 IN
2113 406 2372 469 JOSUE.

3410 407 3544 469 1006

281 549 407 591 τους
439 529 671 602 ἐχθροὺς
693 528 898 597 νοητῶς
930 529 1063 598 δρᾷν
1094 526 1564 593 ὲναποπνιγέντας
1587 522 1857 595 τῴῦδατις
1893 529 1933 580 Α
1966 526 1968 576 l

1893 529 1933 580 Α
1966 524 2271 578 invisibiles
2295 523 2453 593 aquis
2471 525 2792 579 submersos
2827 529 3008 577 mente
3027 523 3554 592 contemplari,loco

296 624 437 674 Ἀπ’
486 623 710 690 αίσχους
753 621 845 684 δὲ,
905 619 1100 681 κάλλος
1153 618 1552 687 ἀνειληφότας,
1609 615 1704 668 καὶ
1759 616 1868 667 πᾶν

282 714 542 782 φρόνημα
607 711 1012 772 καταλιπόντας
1074 709 1277 776 γεῶδες
1309 748 1324 773 ,
1396 709 1724 776 πτεροφυείν
1791 705 1866 768 ὡς

279 804 493 870 ἀετοὺς,
545 803 640 856 καὶ
675 804 798 863 ταῖς
841 800 1142 870 ἁμαρτίαις
1185 798 1539 868 γηράσαντας
1578 795 1864 849 ἀνακαινί-

279 892 509 956 ζεσθαι,
563 895 658 945 καὶ
711 892 978 952 πεσόντας
1027 893 1107 952 είς
1152 890 1289 958 γῆν,
1345 886 1579 958 ούρανοῦ
1642 885 1868 949 πολίτας

279 982 842 1053 ὲγκαταγράφεσθαι,
899 982 992 1033 καὶ
1040 981 1200 1042 δντας
1260 978 1491 1048 ἐχθροὺς
1524 1017 1538 1040 ,
1595 977 1866 1037 υἱοθεσίας

279 1072 626 1142 ἁξιωῡῆταις
700 1072 942 1125 Τοιαῦτα
1019 1069 1328 1134 κατέδειξεν
1395 1070 1424 1120 ὁ
1492 1067 1604 1120 τῶν
1677 1065 1866 1134 ψυχῶν

283 1164 467 1234 ίατρδς
511 1164 578 1216 τά
622 1164 925 1233 θαυμάσια,
978 1161 1283 1222 συνθλάσας
1324 1159 1422 1223 τάς
1470 1159 1714 1225 κεφαλὰς
1773 1155 1867 1210 τοῦ

277 1254 575 1324 δράκοντος
599 1253 693 1306 ἐπὶ
726 1253 822 1306 τοῦ
863 1253 1078 1316 ὓδατος,
1116 1251 1492 1321 ἀναγεννήσας
1525 1251 1673 1319 ἡμᾶς
1717 1248 1870 1302 ὕδατι

279 1348 376 1395 καὶ
413 1344 566 1414 πυρί.

1974 611 2336 679 turpitudinis
2374 612 2841 680 pulchritudinem
2867 612 3143 680 accipere,
3177 614 3438 680 omnique
3471 628 3560 666 sa-

1974 703 2182 770 pientia
2221 711 2443 757 terrena
2479 703 2671 758 relicta
2721 704 2837 757 alas
2884 703 3081 772 aquila:
3116 703 3286 758 instar
3334 705 3558 772 acquire

1974 794 2217 862 peccatis
2283 795 2622 849 inveteratos
2685 795 2965 860 renovari,
3015 795 3066 847 in
3112 803 3313 848 terrain
3395 795 3560 864 depo-

1973 887 2112 940 sitos
2149 889 2293 940 inter
2325 887 2475 942 cives
2524 889 2781 942 caelestes
2810 885 3072 951 describi,
3120 887 3360 958 denique
3390 888 3556 942 etiam

1976 979 2168 1033 hostes
2200 980 2254 1032 in
2284 979 2524 1032 ﬁliorum
2574 981 2755 1033 locum
2816 980 3112 1049 adoptari?
3155 979 3262 1032 Tot
3297 987 3560 1049 tantaque

1975 1085 2106 1124 vero
2168 1069 2478 1124 animarum
2545 1072 2795 1124 medicus
2848 1085 3013 1124 verus
3071 1070 3240 1125 Iosue
3294 1073 3561 1125 miracula

1977 1161 2190 1226 edidit,
2221 1176 2344 1215 cum
2373 1163 2648 1231 serpentis
2676 1163 2854 1230 capita
2895 1177 3061 1230 super
3091 1177 3232 1232 aqua
3265 1161 3562 1232 confregit,

1981 1268 2196 1323 nosque
2228 1253 2339 1323 igni
2371 1262 2425 1307 et
2460 1267 2602 1323 aqua
2625 1253 2898 1323 regcnuit.

355 1454 422 1508 Et
447 1456 586 1506 dixit
615 1453 867 1507 Dominus
895 1452 963 1505 ad
980 1451 1183 1506 Iosue:
1213 1450 1326 1505 Hoc
1347 1451 1430 1504 die
1448 1459 1495 1504 te
1512 1450 1704 1519 incipio
1729 1451 2075 1512 evehere,etc.
2096 1447 2213 1519 illi,
2243 1445 2323 1517 7.]
2347 1445 2462 1502 Non
2483 1448 2664 1502 minus
2685 1463 2815 1502 vero
2843 1442 3105 1504 Dominus
3128 1465 3348 1519 quoque
3377 1463 3568 1505 uester

279 1543 445 1598 Iesus
474 1542 735 1595 Christus
771 1541 1027 1594 evehitur
1065 1539 1406 1592 humanitate
1457 1551 1581 1599 sua,
1624 1537 1914 1591 divinitate
1962 1539 2106 1591 enim
2138 1553 2359 1591 onmem
2410 1537 2754 1590 altitudinem
2800 1548 3046 1606 superat.
3088 1539 3144 1592 In
3175 1539 3415 1595 Iordane
3439 1558 3564 1596 eum

281 1631 483 1684 extulit
510 1640 684 1697 pater,
721 1642 846 1681 cum
885 1627 1068 1679 dixit:
1103 1645 1122 1676 ι
1150 1625 1249 1679 llic
1280 1633 1366 1680 est
1401 1625 1545 1680 [ilius
1579 1640 1737 1679 meus
1775 1625 2011 1678 dilectus
2055 1626 2108 1677 in
2143 1639 2252 1693 quo
2295 1624 2429 1677 mihi
2477 1625 2668 1693 placeo
2695 1624 2760 1677 ".
2795 1643 2810 1674 ι
2851 1624 2980 1678 Item
3017 1642 3031 1678 :

3091 1645 3108 1675 ι
3143 1625 3413 1688 ()uouinin
3474 1646 3562 1683 se-

293 1717 476 1786 ipsum
506 1715 733 1783 abjecit,
777 1713 956 1768 lactus
987 1712 1055 1766 ad
1085 1719 1315 1766 mortem
1346 1727 1519 1781 usque
1540 1711 1683 1781 patri
1715 1711 2043 1780 morigerus,
2075 1721 2327 1774 mortem,
2353 1712 2598 1780 inquam,
2628 1713 2834 1775 crucis,
2871 1712 3067 1766 extulit
3102 1729 3226 1766 eum
3259 1714 3401 1769 Deus
3431 1717 3498 1780 ³⁸,
3543 1736 3560 1768 ι

285 1813 394 1857 etc.
441 1803 495 1856 In
526 1803 721 1872 primis
751 1815 882 1855 vero
931 1801 986 1853 in
1043 1799 1245 1852 animis
1275 1787 1485 1853 nostris
1539 1805 1807 1853 transitus
1841 1812 1937 1867 per
1987 1795 2282 1852 Iordanem
2306 1806 2556 1868 tempore
2598 1798 2871 1852 evehitur.
2909 1797 2988 1853 Ne
3017 1800 3106 1853 cui
3142 1817 3271 1855 vero
3305 1802 3561 1857 videatur

287 1893 456 1945 alium
492 1892 691 1944 veteris
715 1899 770 1944 et
813 1903 970 1942 nova:
1009 1901 1136 1941 esse
1173 1885 1434 1941 Ecclesia:
1480 1885 1673 1952 Deum,
1705 1883 1877 1940 Iosue
1917 1901 2042 1940 cum
2085 1885 2234 1941 Mose
2273 1887 2580 1956 coniungit,
2616 1893 2676 1940 ut
2717 1887 2883 1941 unius
2916 1887 3008 1941 Dei
3056 1903 3245 1943 curam
3283 1891 3566 1945 amborum

284 1995 412 2035 esse
439 1980 803 2033 demonstret.
836 1980 1021 2042 Quare
1063 1973 1271 2029 Paulus
1304 1989 1530 2045 quoque
1556 1973 1622 2028 ad
1682 1973 1940 2028 Hebmos
1964 1974 2039 2027 ait
2074 1991 2090 2028 :
2120 1993 2137 2025 t
2166 1974 2231 2028 Et
2263 1973 2443 2029 Moses
2472 1974 2695 2043 quidem
2729 1973 2908 2029 lidelis
2949 1975 3002 2028 in
3031 1987 3231 2030 cuncta
3261 1977 3382 2046 ejus
3405 1978 3570 2033 domo

286 2068 442 2121 velut
472 2065 734 2130 famulus,
763 2064 1025 2119 Christus
1058 2076 1192 2118 vero
1225 2062 1376 2116 velut
1403 2061 1551 2118 ﬁlius
1583 2061 1650 2116 ".
1693 2080 1711 2113 ι
1744 2059 1938 2117 Modus
1963 2061 2150 2131 itaque
2197 2061 2486 2117 amborum
2517 2062 2714 2128 variat,
2749 2077 2856 2117 non
2890 2063 3043 2117 omni
3087 2073 3268 2118 tamen
3307 2066 3570 2121 similitu-

283 2159 437 2212 dinis
469 2158 675 2211 evitata
695 2153 909 2224 specie.

371 2265 465 2330 Ὠς
517 2264 595 2317 ἂν
638 2262 951 2331 εἰσέλθητε
985 2261 1084 2315 ἐπὶ
1121 2260 1344 2331 μέρους
1386 2261 1492 2315 τοῦ
1521 2260 1740 2328 ὕδατος
1773 2259 1880 2314 τοῦ
1914 2261 1958 2322 Β

1914 2261 1958 2322 Β
2059 2256 2194 2312 Cum
2226 2259 2470 2312 veneritis
2519 2260 2587 2312 ad
2627 2261 2854 2327 primam
2895 2275 3098 2328 partem
3139 2279 3405 2331 aquarum
3447 2263 3571 2319 Ior-

284 2357 621 2427 Ἰορδάνου,
654 2357 750 2410 καὶ
780 2356 851 2409 ἐν
886 2354 1156 2424 Ἰορδάνῃ
1189 2352 1521 2420 στήσεσθε.
1565 2353 1884 2424 Ὀράτωσαν

285 2455 337 2507 οἱ
401 2451 747 2523 μεμυημένοι
796 2450 923 2514 τοὺς
976 2448 1184 2513 τύπους
1228 2449 1520 2512 ὼδίνοντας
1581 2448 1682 2518 τὴν
1751 2446 1884 2516 ἀλήο

288 2547 468 2599 θειαν.

364 2635 472 2691 Καὶ
533 2633 874 2701 ὀλοθρεύων
941 2631 1292 2700 ὀλοθρεύσει
1358 2631 1478 2686 ἀπὸ
1557 2627 1885 2699 προσώπου

291 2727 463 2797 ὑμῶν
503 2726 609 2779 τὸν
658 2723 1023 2778 Καναναῖον.
1076 2724 1140 2776 Ἥ
1171 2723 1420 2786 διάϐασις
1471 2723 1570 2793 τῆς
1621 2722 1884 2786 κιϐωτοῦ,

294 2823 456 2902 tgna},
493 2821 720 2889 σημεῖον
756 2819 886 2887 ὑμῖν
920 2816 1063 2869 ἔστω
1094 2814 1196 2885 τῆς
1226 2815 1336 2868 τῶν
1370 2814 1542 2868 ἐθνῶν
1575 2813 1882 2876 ἀπωλείας·

299 2918 372 2977 ὡς
393 2913 477 2979 ἐφ’
504 2911 664 2981 ἡμῶν
699 2909 810 2962 τῶν
848 2907 1243 2976 ἀντικειμένων
1288 2906 1594 2976 δυνάμεων,
1627 2905 1681 2957 εἴ
1719 2921 1800 2967 τις
1830 2906 1887 2955 ὲν

305 3003 548 3072 Ἰορδάνῃ
571 3001 804 3068 γένηται
837 2997 1072 3057 κιϐωτὸς
1104 2996 1196 3051 τοῦ
1235 2995 1391 3060 Θεοῦ,
1432 2995 1500 3049 τὰ
1523 2997 1622 3062 τῆς
1653 2996 1888 3058 πίστεως

293 3098 352 3148 ἓν
380 3095 560 3164 ἑαυτῴ
608 3093 881 3165 περιέχων
934 3091 1233 3159 μυστήρια,
1278 3090 1380 3158 τῆς
1407 3087 1638 3156 γεώδους
1668 3087 1889 3157 ἀπάρας

293 3188 437 3240 κατά
469 3187 596 3248 τοὺς
637 3184 979 3255 Ἰσραηλίτας
1023 3181 1249 3250 σκηνῆς,
1289 3180 1529 3249 γεγονὼς
1566 3183 1629 3251 τῇ
1677 3179 1888 3253 διανοίᾳ

300 3279 602 3350 μετέωρος,
637 3276 943 3345 ἀνεχόντων
966 3272 1181 3343 ἱερέων,
1219 3273 1309 3325 καὶ
1340 3271 1776 3342 προϐαδιζόντων
1810 3272 1888 3343 τῷ

294 3372 451 3442 τύπῳ
483 3372 591 3424 τῶν
630 3369 906 3441 πράξεων,
942 3367 1037 3420 καὶ
1081 3365 1158 3436 τῷ
1202 3365 1354 3418 ὕδατι
1404 3364 1721 3434 βαπτόντων
1765 3365 1888 3428 τοὺς

295 3465 490 3524 πόδας.
535 3482 552 3514 ι
581 3463 639 3514 '0
671 3461 778 3531 γὰρ
822 3460 1146 3529 λελουμένος
1176 3458 1236 3510 οὐ
1277 3456 1468 3528 χρείαν
1500 3455 1612 3526 ἔχει
1643 3455 1739 3508 τοῦ
1767 3455 1888 3508 λού-

296 3556 519 3610 σασθαι.
555 3556 712 3609 Ἐστι
745 3554 854 3624 γάρ
882 3553 1000 3616 ὅλος
1037 3550 1275 3621 καθαρός
1297 3563 1310 3577 °
1355 3549 1468 3602 ἀλλ’
1500 3549 1588 3602 ἵνα
1626 3547 1754 3619 νίψῃ
1791 3548 1886 3617 μό-

1987 2351 2167 2417 domis,
2201 2352 2502 2406 consistetis
2543 2352 2596 2405 in
2627 2353 2740 2420 ipso
2773 2351 3035 2409 Iordane.
3070 2354 3176 2427 [8.]
3215 2355 3448 2412 Videant
3480 2360 3572 2430 qui

1989 2455 2146 2515 typos
2169 2445 2410 2500 veritatis
2443 2453 2646 2500 matres
2690 2445 3107 2503 abstruseruut.

2062 2620 2328 2676 Funditus
2343 2633 2528 2677 evertet
2554 2622 2806 2678 Dominus
2826 2636 2948 2680 ante
2966 2644 3052 2682 vos
3075 2627 3572 2697 Chanmimum,ete.

1992 2712 2128 2785 [l0.]
2165 2714 2456 2770 Transitus
2491 2729 2632 2771 arca:
2659 2717 2811 2770 vobis
2843 2720 2936 2784 sit,
2984 2721 3185 2790 inquit,
3219 2723 3378 2793 signo
3409 2727 3581 2782 inter--

1992 2807 2240 2862 necionis
2286 2809 2559 2876 gentium.
2611 2808 3089 2875 Quemadmodum
3143 2818 3301 2872 vobis
3360 2835 3579 2891 quoque

1989 2912 2115 2954 esse
2155 2898 2318 2954 debet
2349 2901 2637 2970 copiarum
2695 2904 3078 2974 adversarum,
3122 2910 3168 2964 si
3207 2926 3330 2980 qua:
3369 2914 3421 2968 in
3453 2913 3580 2970 Jor-

1991 2992 2134 3048 dane
2165 2993 2331 3047 fuerit
2359 3009 2512 3056 arca,
2543 3012 2664 3065 qure
2708 2997 2833 3052 fidei
2868 3000 2922 3053 in
2955 3015 3014 3056 se
3067 3005 3454 3073 complectitur
3488 3024 3581 3064 ar-

1990 3099 2148 3137 cana.
2194 3083 2324 3149 Qum
2363 3085 2587 3153 quidem
2638 3088 2787 3156 apud
2839 3088 3120 3146 lsraelitas
3171 3108 3202 3148 e
3253 3104 3472 3152 terreno
3502 3107 3583 3152 ta-

1994 3175 2295 3229 beruaculo
2348 3184 2434 3230 est
2470 3176 2743 3246 profecta,
2778 3181 3090 3238 ministerio
3112 3193 3296 3240 tamen
3325 3188 3584 3245 sublimis

1994 3265 2120 3332 fult,
2176 3282 2298 3338 qua:
2370 3277 2590 3337 portala
2653 3279 2736 3325 est
2788 3287 2818 3324 a
2880 3275 3270 3334 sacerdotibus
3333 3291 3585 3353 exemplo

1993 3360 2276 3414 actionum
2316 3362 2416 3414 toti
2451 3365 2657 3433 populo
2687 3367 3089 3433 prmeuntihus,
3120 3383 3374 3442 aquaque
3420 3377 3586 3444 pedes

1993 3449 2326 3504 lavantibus.
2374 3451 2514 3516 «Qui
2573 3453 2720 3507 enim
2771 3455 2997 3513 ablutus
3055 3469 3161 3523 est,
3218 3462 3426 3519 lotione
3473 3481 3586 3522 non

1997 3542 2225 3613 indiget,
2259 3544 2498 3599 mundus
2539 3545 2686 3600 enim
2723 3553 2878 3602 totus
2927 3557 3033 3612 est,
3072 3566 3260 3608 verum
3305 3564 3363 3609 ut
3420 3558 3586 3628 pedes

572 3606 767 3708 πόδας..
794 3606 834 3696 ι.
861 3606 1039 3713 Καὶνή
1063 3606 1272 3711 vopqu
1304 3639 1360 3693 δέ
1387 3657 1551 3710 φησιν
1576 3656 1591 3671 ο
1624 3656 1643 3690 t
1918 3606 1965 3668 c

1918 3606 1965 3668 ο
1997 3635 2140 3688 lavet
2165 3636 2343 3689 solum
2370 3634 2470 3689 ⁸⁸.»
2503 3635 2675 3692 Porro
2710 3654 2910 3708 sponsa
2943 3643 3106 3696 etiam
3163 3645 3341 3714 inquit
3377 3666 3391 3700 :
3420 3606 3452 3700 rt
3488 3651 3590 3706 Pe-

301 3757 411 3810 μην
437 3739 564 3802 τοὺς
595 3738 786 3800 πόδας,
833 3736 950 3799 πῶς
994 3733 1206 3806 μολυνῶ
1249 3731 1484 3798 aureae;
1522 3750 1540 3784 ι
1575 3732 1789 3802 Ὥσπερ
1833 3731 1891 3784 δὲ

295 3831 374 3901 τῷ
425 3829 739 3901 ἁμαρτωλῷ
787 3831 935 3882 πᾶσα
969 3830 1000 3896 ὴ
1047 3827 1220 3889 κτίσις
1259 3825 1506 3894 πολεμεῖ,
1558 3824 1634 3888 ὼς
1665 3825 1756 3878 ἐπὶ
1787 3823 1894 3877 τῶν

301 3924 644 3992 Αἰγυπτίων,
692 3920 838 3976 οὓτω
884 3920 1097 3988 γίνεται
1131 3919 1308 3972 πάντα
1359 3917 1434 3987 τῷ
1483 3915 1678 3986 δικαίῳ
1733 3915 1892 3986 βατὰ,

311 4015 584 4087 Ἐρυθρὰν
610 4012 903 4066 διοδεύοντι
945 4010 1240 4074 θάλατταν,
1283 4008 1377 4062 καὶ
1423 4007 1521 4079 τὴν
1567 4006 1774 4078 ἔρημον
1799 4007 1896 4077 τὴν

298 4107 527 4178 πολλὴν,
556 4107 655 4177 τὴν
702 4105 760 4172 ἐξ
787 4101 1041 4173 ίοὺρανοῦ
1082 4099 1474 4173 χορηγουμένῳ
1509 4102 1739 4170 τροφήν.
1785 4099 1894 4153 Καὶ

298 4202 327 4253 ὁ
355 4200 466 4267 ἀὴρ
514 4196 571 4250 δὲ
617 4196 795 4266 τούτῳ
842 4194 1027 4264 βατδς,
1061 4192 1205 4246 κατά
1249 4191 1330 4255 τὸ,
1387 4190 1898 4262 «Ἅρπαγησόμεθα

298 4295 358 4345 ὲν
413 4291 665 4357 νεφέλαις
711 4290 791 4348 είς
839 4287 1044 4358 ἀέρα.»
1092 4283 1340 4338 Καθόλου
1385 4283 1494 4355 γὰρ
1537 4283 1775 4355 ἢκουσε,
1822 4283 1896 4352 μὴ

297 4385 610 4452 φοϐεῖσθαι’
648 4401 667 4434 ι
719 4380 848 4436 Ἐἀν
882 4382 991 4450 γὰρ
1031 4379 1248 4450 διέλθῃς
1276 4378 1364 4431 διά
1423 4378 1614 4450 πυρὸς,
1652 4378 1782 4447 φλὸξ
1833 4378 1896 4430 ού

299 4475 646 4530 κατακαύσει
677 4491 760 4527 σε.
791 4493 811 4526 s
950 4472 954 4476 ’

371 4656 482 4708 Καὶ
511 4656 652 4724 τάχα
680 4656 803 4707 ὅσον
839 4652 939 4722 μὲν
981 4651 1149 4718 ἐγγὺς
1196 4645 1246 4701 εἳ
1283 4649 1591 4718 Αἰγύπτου,
1621 4651 1896 4706 θάλασσαν

297 4747 537 4817 διοδεύῃ.
570 4746 786 4798 οὐδέπω
811 4743 980 4812 οὔσης
1029 4738 1288 4804 κιϐωτοῦ,
1341 4739 1461 4793 οὐδὲ
1504 4741 1694 4811 ἱερέων
1743 4758 1894 4810 χειρς

297 4839 669 4910 αγωγούντων
716 4854 774 4890 σε
803 4877 818 4901 ,
852 4835 976 4889 οὐδὲ
1023 4833 1266 4888 Δευῖτὼν
1292 4849 1307 4866 ⁶
1361 4833 1500 4887 ὲπάν
1539 4832 1595 4885 δὲ
1627 4832 1784 4904 ἔλθῃς
1820 4837 1896 4898 εἰς

1996 3727 2096 3783 des
2124 3728 2255 3792 lavi,
2285 3737 2339 3784 et
2359 3744 2534 3800 quare
2558 3731 2907 3801 inquinarem
2930 3749 3026 3790 eos
3055 3736 3142 3790 "?
3171 3756 3188 3790 ι
3218 3738 3589 3804 Quemadmo-

1997 3817 2127 3872 dum
2159 3835 2290 3876 vero
2339 3825 2617 3892 peccatori
2646 3826 2828 3880 omnis
2861 3836 3116 3883 creatura
3159 3830 3416 3888 hostilem
3467 3850 3591 3890 sese

1999 3912 2223 3982 prabet,
2290 3914 2438 3968 velut
2491 3904 2622 3986 erga
2681 3915 2972 3989 Egyptios
3025 3918 3228 3975 factum
3267 3941 3280 3978 :
3319 3925 3395 3979 ita
3435 3926 3590 3996 justo

1998 4006 2184 4058 omnia
2215 4007 2356 4061 vado
2383 4006 2609 4072 cedunt,
2661 4010 2777 4064 sive
2827 4026 2923 4081 per
2956 4027 3109 4069 mare
3172 4013 3420 4071 Rubrum
3473 4020 3591 4074 sive

2000 4111 2096 4166 per
2128 4097 2409 4154 desertum
2457 4109 2677 4157 vastum
2740 4113 3010 4174 permeat,
3064 4107 3154 4162 cui
3212 4109 3380 4165 etiam
3413 4111 3591 4166 victus

2000 4189 2221 4246 cwlitus
2261 4192 2601 4260 suppeditat.
2639 4193 2753 4248 Nec
2778 4211 2885 4250 non
2921 4212 3014 4252 aer
3047 4200 3248 4254 vadum
3282 4213 3388 4263 est.
3432 4204 3590 4273 juxta

2000 4283 2174 4338 illud:
2220 4283 2518 4342 «Nubibus
2569 4287 2623 4342 in
2672 4302 2854 4343 aerem
2890 4292 3168 4360 rapientur
3195 4296 3258 4348 ⁸⁸.
3303 4313 3321 4348 ι
3358 4295 3413 4349 In
3443 4313 3592 4352 sum-

2000 4389 2087 4429 ma
2122 4377 2268 4431 enim
2325 4377 2532 4433 dictum
2583 4365 2668 4436 est
2725 4382 2799 4436 illi
2845 4399 2857 4435 :
2912 4403 2928 4432 ι
2959 4382 3037 4438 Ne
3092 4388 3311 4442 timeas.
3363 4389 3588 4446 Etiamsi

1998 4470 2144 4523 enim
2200 4471 2400 4540 ignem“
2437 4475 2866 4542 pertransieris,
2923 4477 3142 4534 ﬂamma
3225 4497 3333 4537 non
3393 4486 3591 4539 adnret

2001 4570 2052 4614 te
2079 4559 2144 4615 ".
2185 4579 2202 4612 ι

2074 4652 2184 4705 lmo
2228 4653 2413 4718 etiam,
2449 4657 2811 4724 quantumvis
2868 4661 3086 4716 vicinus
3137 4661 3375 4733 {Egypto
3418 4664 3587 4721 fueris

2001 4758 2262 4812 mareque
2321 4745 2589 4816 trajicias,
2646 4763 2772 4802 cum
2811 4764 2937 4805 arca
2983 4754 3228 4809 nondum
3278 4756 3459 4822 fuerit,
3491 4776 3590 4816 nec

2001 4835 2321 4891 sacerdotes
2352 4852 2454 4892 nec
2482 4836 2686 4894 Levita
2721 4850 2774 4895 te
2806 4841 3161 4901 deduxerint.
3188 4847 3326 4902 Cum
3359 4865 3489 4905 vero
3522 4854 3591 4906 ad

295 4937 366 4989 τὰ
406 4935 531 5004 ὅρια
563 4934 661 5003 τῆς
690 4932 850 5000 ἀγίας
873 4929 998 4999 γῆς,
1032 4929 1126 4981 καὶ
1155 4927 1531 5000 παραδέξηται
1559 4944 1617 4979 σε
1664 4927 1893 4999 Ἰησοῦς,
1931 4949 1972 5002 D

1931 4949 1972 5002 ο
2000 4926 2400 5000 Mmontes
2426 4939 2632 4987 sanctae
2660 4941 2820 4988 terrae
2843 4937 3216 5007 appuleris,et
3246 4950 3299 4997 te
3326 4960 3587 5014 suscepe—

299 5029 394 5081 καὶ
444 5027 608 5088 αὐτὸς
657 5022 884 5093 γένηταί
941 5039 1021 5074 σοι
1058 5021 1273 5089 όδηγὺς,
1314 5020 1435 5073 τότε
1479 5019 1695 5073 ἵσταταί
1745 5037 1827 5072 σοι
1865 5022 1893 5073 ὁ

309 5120 606 5190 Ἰορδάνης.
662 5119 759 5170 “Av
811 5116 921 5186 γὰρ
968 5113 1180 5182 ἀληθῶς
1228 5110 1293 5186 ᾖς
1334 5113 1573 5182 Ἰησοῦς,
1632 5113 1694 5165 τὸ
1749 5113 1893 5183 ’ύδωρ

294 5213 389 5266 τοῦ
444 5211 717 5281 Ἰορδάνου
775 5209 1223 5278 ὲντραπήσεται,
1273 5207 1368 5259 καὶ
1419 5207 1766 5277 ἀναχωρήσει
1816 5207 1892 5268 είς

296 5306 363 5358 τά
396 5307 616 5357 ὀπίσω*
667 5302 728 5355 τὸ
781 5301 836 5353 δὲ
888 5300 1018 5354 ἄλλο
1068 5299 1212 5368 ὕδωρ
1264 5297 1630 5352 ἀπελεύσεται
1681 5299 1762 5360 εἰς
1797 5297 1894 5363 τὴν

299 5395 580 5447 θάλασσαν
611 5391 724 5446 τῶν
762 5390 928 5445 ἀλῶν.
976 5388 1098 5442 Τών
1149 5389 1258 5458 γὰρ
1316 5389 1456 5457 μετά
1490 5388 1551 5440 τὸ
1608 5388 1898 5458 βάπτισμα

296 5483 576 5550 ἀπολομέν
598 5501 679 5547 ον,
722 5481 784 5534 τὸ
812 5481 958 5550 ὕδωρ
1000 5479 1095 5532 τοῦ
1139 5467 1409 5548 Ἰορδάνου
1446 5481 1526 5542 είς
1553 5477 1651 5550 τὴν
1692 5478 1897 5532 θάλασ-

301 5594 400 5630 σαν
443 5577 633 5629 ἄπεισι
686 5574 798 5627 τῶν
843 5573 1020 5626 ἀλῶν·
1070 5572 1132 5624 τὸ
1181 5571 1238 5625 δὲ
1289 5571 1460 5637 ἄλλο,
1510 5573 1572 5624 τὸ
1605 5571 1752 5644 ὓδωρ
1783 5573 1901 5626 ἐστὶ

297 5669 408 5721 τῶν
436 5668 684 5729 δικαίων,
727 5666 928 5735 πῆγμα
968 5663 1275 5734 ἐνυπάρχον
1313 5664 1579 5732 ἀνάλογον
1609 5664 1688 5732 τῷ
1717 5682 1901 5736 πεπη-

367 5787 414 5818 ⁸⁸
448 5783 637 5839 Matth.
671 5799 752 5846 in,
782 5782 868 5836 17.
947 5783 993 5813 ⁸⁸
1019 5782 1258 5852 Philipp.
1295 5795 1355 5846 tt,
1391 5780 1446 5845 8,
1478 5780 1532 5837 9.
1611 5782 1656 5814 "
1694 5783 1864 5838 Hebr.
1898 5800 1979 5852 ιιι,
2019 5788 2070 5843 5.

296 5873 371 5924 Iv,
415 5855 500 5910 16.
576 5856 617 5887 ⁶¹
656 5853 761 5910 lsa.
791 5869 945 5918 xuii,
975 5852 1029 5908 2.

2003 5021 2072 5074 rit
2095 5019 2259 5077 Iosue
2289 5023 2529 5094 :tibique
2559 5026 2668 5080 dux
2704 5029 3136 5096 exstiterit,tum
3171 5035 3270 5089 tibi
3324 5042 3592 5093 consistet

2001 5111 2292 5170 Iordanes.
2329 5114 2464 5170 Nam
2508 5119 2553 5173 si
2589 5135 2719 5174 vere
2750 5121 3055 5179 adhaeseris
3083 5123 3274 5191 Iosue,
3305 5145 3446 5199 aqua
3467 5129 3592 5185 Jur-

2004 5207 2170 5260 danis
2202 5218 2535 5276 revertetur,
2572 5228 2636 5267 ac
2665 5222 2819 5269 retro
2855 5219 3142 5274 concedet.
3181 5222 3414 5292 Reliqua
3462 5241 3595 5280 vero

2006 5314 2147 5368 aqua
2181 5300 2234 5355 in
2269 5316 2420 5393 mare
2450 5305 2656 5360 salsum
2691 5309 2886 5364 abibit.
2930 5310 3132 5367 Eorum
3164 5315 3311 5370 enim
3346 5319 3439 5388 qui
3475 5330 3598 5389 post

2002 5391 2337 5461 baptismum
2372 5409 2630 5465 pereunt,
2667 5415 2806 5470 aqua
2832 5400 3092 5461 Iordanis
3123 5407 3176 5460 in
3207 5423 3358 5465 mare
3383 5414 3595 5469 salsum

2003 5484 2195 5541 emuit.
2240 5486 2472 5559 Reliqua
2515 5508 2646 5547 vero
2672 5508 2813 5564 aqua
2858 5497 3019 5552 unica
3045 5499 3326 5569 justorum
3357 5514 3440 5559 est
3473 5524 3594 5562 mu-

2005 5580 2166 5645 nitio,
2235 5599 2358 5654 quae
2429 5585 2556 5655 pani
2631 5589 2856 5646 caelitus
2929 5591 3158 5664 delapso
3222 5611 3599 5672 concretaque

2007 5678 2306 5745 respondet
2360 5696 2372 5732 :
2425 5678 2699 5747 Quoniam
2761 5691 2818 5738 tu
2895 5703 3117 5758 quoque
3181 5691 3405 5757 unicum
3462 5701 3599 5750 colis

2164 5793 2208 5823 "
2242 5791 2403 5849 Ioan.
2440 5813 2560 5864 xui,
2592 5801 2676 5854 10.
2785 5804 2829 5834 ⁵⁸
2855 5804 3014 5860 Cant.
3046 5823 3096 5872 γ,
3123 5808 3176 5862 3.
3285 5811 3328 5841 '°
3358 5813 3375 5864 1
3403 5810 3598 5871 Thess.
