4272 6446
751 347 768 406 l
782 346 884 408 007

2051 347 2402 410 PROCOPII
2438 351 2682 412 GAZEI

3878 359 4000 423 1008

745 463 935 524 neum,
989 457 1078 512 cui
1128 457 1177 512 si
1225 458 1412 512 unitus
1464 457 1635 512 fueris
1682 472 1710 509 a
1760 462 2180 529 propugnaculo
2230 462 2303 516 tib

2390 493 2401 522 ι
2429 465 2584 532 γέναι
2613 465 2705 518 τὸν
2727 467 2892 537 ἄρτον
2914 468 3003 522 τὸν
3036 467 3094 533 ἐξ
3123 467 3354 540 οὐρανοῦ
3389 471 3832 542 καταϐεϐηκότα.
3861 475 3999 529 ἔπει-

739 550 928 603 stabit.
987 547 1119 603 item
1171 567 1183 601 :
1227 547 1373 602 Beati
1426 548 1627 616 quibus
1665 563 1772 601 non
1825 548 2046 616 longius
2106 550 2325 606 duobus

737 641 1052 693 cubitorum
1082 637 1324 691 millibus
1346 637 1416 692 ab
1448 652 1577 690 arca
1619 637 1816 691 abesse
1847 637 2025 691 licuit.
2059 637 2325 708 Reliquus

735 730 884 782 enim
914 728 1080 784 Israel
1113 727 1301 782 salvus
1327 727 1549 796 quidem
1579 735 1686 789 est,
1723 726 1819 780 sed
1852 727 2072 783 duobus
2113 729 2326 784 cubito-

735 837 855 875 rum
893 820 1139 875 millibus
1175 818 1352 888 magis
1381 817 1538 873 abeat
1570 818 1639 871 ab
1676 832 1827 872 arca.

2433 555 2496 624 δὴ
2533 558 2627 608 καὶ
2683 557 2747 608 σὺ
2801 558 2980 622 σέϐεις
3027 561 3120 613 τὸν
3161 560 3256 614 ἕνα
3302 560 3454 615 Θεόν.
3495 564 3746 627 Ἐνωθεῖς
3796 565 3906 636 γὰρ
3933 567 4002 637 τῷ

2434 645 2576 717 Θεῷ,
2625 649 2778 718 παρὰ
2830 651 2909 721 τῷ
2947 653 3203 722 πήγματι
3263 657 3459 726 στήσῃ.
3496 657 3606 710 Καὶ
3657 658 3922 729 μακάριοι
3956 664 4000 715 οι

2433 737 2753 808 δυνηθέντες
2799 741 2874 811 μὴ
2911 743 3129 812 μακρὰν
3172 740 3310 797 εἶναι
3357 748 3454 816 τῆς
3507 747 3766 802 κιϐωτοῦ.
3817 752 3874 804 ὐ
3903 754 4002 823 γὰρ

2424 828 2610 893 λοιπὸς
2652 829 2888 902 Ἰσραὴλ,
2921 835 2969 885 εί
2997 835 3089 886 xai.
3136 835 3392 900 σώζεται,
3433 838 3572 892 ἀλλὰ
3626 841 3848 912 μακράν
3893 845 4001 896 ἐστι

2424 922 2524 990 τῆς
2563 922 2802 975 κιϐωτοῦ
2823 924 2932 976 ἀπὸ
2953 925 3230 995 δισχιλίων
3270 930 3512 998 πήχεων.

804 1027 869 1080 Et
900 1031 1126 1097 populus
1155 1029 1394 1082 constitit
1430 1045 1456 1082 ο
1489 1028 1701 1098 regione
1723 1024 1959 1094 Jericho,
1995 1035 2106 1083 etc.
2135 1027 2277 1101 [17.]
2315 1028 2381 1083 Ut
2407 1033 2612 1089 bellum
2643 1037 2766 1090 urbi
2798 1036 2846 1090 ei
2881 1051 2947 1092 ac
2980 1039 3198 1094 civibus
3238 1050 3535 1112 antequam
3563 1041 3862 1102 Jordanem
3893 1055 4001 1102 tra~

723 1115 1012 1185 jecisscnt,
1043 1117 1380 1182 indicerent,
1427 1123 1590 1184 atque
1618 1117 1756 1169 adeo
1781 1124 2045 1183 tanquam
2081 1123 2228 1169 terra
2257 1123 2582 1176 transirem.

795 1207 1036 1275 Acceptis
1069 1221 1097 1260 e
1123 1207 1318 1274 populo
1344 1205 1624 1259 duodecim
1656 1206 1806 1269 viris,
1831 1219 1939 1260 etc.
1964 1204 2084 1275 μγ,
2119 1205 2200 1276 4.]
2226 1206 2317 1260 Fi-

722 1314 912 1367 guram
969 1298 1195 1351 instruit
1251 1295 1544 1351 duodecim
1588 1296 2014 1366 discipulorum.
2046 1298 2142 1366 qui
2180 1314 2316 1354 sane

721 1390 930 1458 lapides
965 1388 1259 1442 duodecim
1298 1395 1452 1449 sunt,
1488 1387 1685 1439 structi
1741 1402 1910 1456 super
1941 1387 2106 1440 unico
2136 1403 2312 1457 angu-

720 1481 845 1543 lari,
880 1481 1082 1534 eximio
1109 1493 1171 1532 ac
1227 1478 1489 1546 pretioso,
1521 1478 1572 1528 in
1614 1477 1990 1531 fundamentis
2020 1477 2152 1530 Sion
2194 1477 2310 1530 col-

718 1573 923 1625 locato.
959 1570 1144 1639 Ipsum
1177 1569 1324 1622 enim
1355 1569 1634 1621 Christum
1662 1583 1771 1620 uno
1810 1583 1906 1621 ore
1937 1568 2313 1636 prmdicarunt

714 1678 929 1724 omnes,
961 1662 1260 1730 ipsumque
1310 1660 1556 1712 humeris
1583 1669 1894 1727 gesmrunt.
1935 1657 2312 1728 Desumnntur

714 1769 842 1809 vero
874 1769 900 1806 a
935 1753 1171 1806 statione
1222 1750 1597 1811 sacerdotum,
1649 1765 1817 1819 super
1867 1750 1934 1804 iis
1967 1751 2117 1804 enim
2161 1761 2310 1806 stare

712 1856 868 1904 erant
914 1847 1086 1910 soliti,
1133 1846 1288 1915 juxta
1336 1844 1514 1896 illud:
1548 1861 1572 1893 4
1605 1844 1960 1898 Constituisti
2015 1858 2182 1915 super
2218 1859 2312 1914 pe-

2493 1215 2867 1283 Παραλαϐὼν
2889 1217 3009 1270 ἀπὸ
3046 1217 3152 1271 τοῦ
3181 1219 3337 1274 λαοῦ
3362 1218 3596 1274 δώδεκα
3630 1221 3876 1291 ἄνδρας.
3917 1225 4003 1290 Et;

2419 1305 2591 1357 τύπον
2639 1306 2748 1358 τῶν
2800 1306 2867 1376 ιβ’
2929 1307 3225 1376 μαθητῶν·
3274 1312 3321 1361 οί
3354 1311 3410 1363 δὲ
3451 1312 3518 1380 ιβ’
3548 1313 3705 1374 λίθοι,
3747 1315 3840 1367 τοῦ
3891 1318 4003 1380 ἑνὸς

2421 1396 2822 1464 ἀκρογωνιαίου
2852 1399 2946 1450 καὶ
2979 1399 3238 1451 ἐκλεκτοῦ
3265 1403 3358 1452 καὶ
3381 1402 3606 1471 ἐντίμου
3634 1403 3728 1460 τοῦ
3756 1404 4002 1470 τεθέντος

2419 1487 2479 1538 ὲν
2500 1486 2577 1554 τῷ
2608 1486 2847 1556 θεμελίῳ
2879 1488 2978 1557 τῆς
3006 1488 3166 1542 Σιών.
3195 1490 3298 1541 τὸν
3323 1492 3486 1544 αὑτὸν
3511 1495 3618 1562 γὰρ
3644 1495 3844 1556 πάντες
3875 1498 4000 1566 lxi)-

2420 1594 2617 1648 ρυττον
2633 1579 2872 1647 Χριστὸν
2890 1581 2984 1631 καὶ
3008 1581 3172 1632 αὑτὸν
3199 1581 3499 1644 ἐϐάσταζον
3536 1586 3622 1635 ἐπ’
3649 1585 4000 1657 ῶμων.Λαμ-

2419 1668 2675 1722 ϐάνονται
2697 1670 2755 1722 δὲ
2781 1671 2890 1723 ἀπὸ
2920 1673 3020 1740 τῆς
3047 1674 3292 1734 στάσεως
3319 1674 3430 1724 τῶν
3449 1675 3626 1726 ποδῶν
3653 1679 3762 1728 τῶν
3786 1679 4000 1747 ἱερέων.

2420 1756 2540 1810 Ἐπ’
2557 1758 2740 1811 αὐτῶν
2761 1760 2870 1828 γὰρ
2888 1754 3027 1830 ἦσαν
3047 1761 3309 1824 ἑστῶτες,
3327 1763 3467 1816 κατὰ
3486 1764 3568 1824 τὸ.
3591 1784 3609 1816 ι
3625 1766 3900 1836 Ἐστησας
3917 1771 4005 1821 ἐπὶ

2421 1851 2628 1919 πέτραν
2661 1850 2787 1912 τοὺς
2823 1852 2992 1913 πόδας
3021 1869 3146 1920 μου.
3186 1871 3205 1904 ι
3245 1853 3450 1906 Τοῦτον
3487 1854 3735 1923 βούλεται
3765 1858 4006 1913 τίθεσθαι

714 1953 857 1994 tram
905 1940 1072 2009 pedes
1107 1953 1258 1992 meos
1284 1938 1349 1991 θ’.
1385 1957 1402 1988 ι
1440 1936 1607 1990 Istam
1643 1952 1862 2005 quoque
1908 1935 1962 1989 in
1999 1947 2183 1992 castra
2217 1953 2303 1993 sua

2390 1920 2392 1958 ι
2421 1943 2502 2004 είς
2535 1943 2632 2006 τάς
2661 1944 3167 2016 στρατοπεδαρχίας
3192 1945 3398 2009 αὐτῶν,
3424 1908 3558 2000 ὅπου
3583 1947 3649 2000 ἂν
3671 1950 4009 2019 παρέϐαλλον

711 2033 837 2100 poni
880 2031 1018 2090 vult,
1051 2029 1371 2096 ubicunque
1399 2042 1461 2081 ea
1494 2027 1846 2080 metabantur
1873 2036 2061 2088 noctu,
2089 2043 2202 2096 quo
2245 2029 2314 2082 ab

731 2138 830 2192 pso
874 2121 1095 2191 quidem
1180 2119 1441 2173 illustrati
1483 2118 1713 2172 dicant:
1757 2137 1773 2167 ι
1808 2116 2078 2182 Quoniam
2126 2127 2182 2172 tu
2223 2133 2317 2172 ac-

708 2213 899 2268 (‘clldls
929 2213 1219 2265 lucernam
1267 2225 1470 2275 meam,
1511 2208 1742 2264 Damine
1765 2209 1831 2261 ⁸³.
1871 2227 1890 2260 ι
1931 2208 2144 2262 Servati
2185 2207 2316 2262 item

712 2305 1032 2359 fateantur:
1063 2324 1078 2354 ι
1106 2303 1209 2366 Τυ,
1240 2301 1494 2367 Domine,
1523 2301 1793 2370 refugium
1820 2316 1999 2354 meum
2024 2315 2083 2354 es
2117 2301 2168 2353 iu
2198 2315 2319 2354 om-

707 2399 872 2452 nibus
915 2397 1305 2450 aﬁlictionibus
1368 2410 1492 2464 quae
1559 2409 1643 2447 me
1713 2393 2244 2463 complectuntur“.
2292 2412 2312 2445 ι

709 2499 903 2558 l’urro,
942 2493 1154 2560 inquit,
1195 2487 1439 2543 miriﬁc:e
1478 2485 1821 2555 trajectionis
1870 2482 2033 2552 hujus
2081 2488 2294 2551 oportet

710 2591 1064 2639 monumenta
1107 2580 1414 2644 relinquere
1446 2575 1656 2628 liberis.

771 2669 880 2722 Alii
913 2682 1046 2722 vero
1083 2666 1380 2721 duodecim
1409 2666 1567 2736 juxta
1604 2666 1782 2735 ipsum
1834 2667 2185 2722 transitionis
2224 2667 2301 2721 lo-

701 2774 826 2815 cum
854 2762 1226 2824 collocantur,
1249 2769 1578 2830 argumento
1616 2759 1739 2813 ﬁdei
1770 2774 1963 2814 eorum
1997 2762 2092 2830 qui
2127 2771 2311 2816 trans-

701 2854 884 2907 ierunt
936 2853 1258 2929 ﬁrmitatis,_
1312 2851 1467 2920 juxta
1535 2852 1860 2920 Apostolum
1931 2854 2026 2922 qui
2082 2853 2310 2922 inquit:

703 2964 719 2994 ι
753 2943 950 2999 Omnia
985 2958 1216 3013 possum
1262 2942 1316 2995 in
1354 2957 1441 2996 me
1467 2943 1833 2995 conﬁrmante
1859 2942 2082 2995 Christo
2111 2945 2176 2995 ⁸⁸.
2215 2961 2233 2994 ι

769 3036 1085 3090 Sacerdotes
1124 3053 1245 3089 vero
1274 3035 1509 3098 ferentes
1535 3052 1723 3088 arcam
1765 3037 1818 3088 in
1855 3035 2027 3088 medio
2051 3038 2309 3091 consiste-

696 3130 823 3182 bant
849 3127 1113 3182 Jordane.
1154 3127 1295 3199 [10.]
1333 3128 1594 3182 Ostendit
1635 3127 1780 3196 quod
1809 3127 1903 3196 qui
1960 3128 2172 3191 volunt,
2217 3142 2309 3181 sa-

694 3223 978 3276 cerdotum
1041 3235 1212 3289 opera
1279 3229 1605 3281 transeunt,
1656 3228 1710 3272 et
1747 3217 1896 3288 quod
1951 3227 2081 3272 tunc
2131 3233 2307 3273 sacra

694 3315 1004 3384 disciplina:
1043 3324 1262 3382 tempus
1305 3325 1409 3366 est.
1449 3311 1861 3366 Denuntiarunt
1895 3312 2043 3366 enim
2076 3313 2302 3381 populo,

697 3411 896 3477 inquit,
959 3407 1110 3476 quod
1174 3408 1488 3460 transituro
1537 3407 1825 3459 alacritate
1867 3420 2007 3473 opus
2057 3414 2161 3459 est.
2215 3407 2306 3459 Ait

693 3503 879 3554 enim:
915 3517 932 3550 ι
963 3500 1029 3553 Ει
1063 3498 1350 3552 festinavit
1384 3497 1647 3566 populus,
1681 3514 1699 3547 ι
1729 3496 1894 3565 quale
1919 3497 2021 3549 hoc
2048 3510 2300 3564 quoque:

698 3613 716 3643 ι
747 3591 812 3645 Ει
868 3607 1101 3661 propere
1156 3591 1301 3644 edite
1349 3592 1553 3658 pascha
1603 3591 1667 3643 ⁶⁶.
1708 3609 1726 3641 ι
1775 3589 2108 3643 Exsecratus
2154 3591 2302 3644 cnim

691 3685 1012 3755 quicunque
1043 3697 1186 3751 opus
1225 3681 1442 3735 Domini
1489 3682 1738 3751 segniter
1775 3681 1992 3749 peragit
2015 3681 2083 3734 ".

767 3777 836 3830 Et
874 3777 1081 3843 lapides
1110 3791 1296 3828 coram
1331 3775 1430 3839 eis,
1455 3783 1558 3828 etc.
1598 3771 1739 3844 UL]
1771 3771 2130 3836 Sacerdotes,
2166 3772 2299 3825 reli-

690 3872 783 3939 qui
830 3867 1198 3923 reddiderunt
1255 3866 1627 3934 interpretes,
1666 3863 1880 3932 lapides
1920 3863 2068 3916 enim
2117 3861 2298 3915 sancti

688 3977 913 4032 quoque
973 3969 1266 4014 vocantur.
1308 3976 1327 4008 ι
1360 3956 1597 4026 Lapides
1632 3959 1779 4010 cnim
1833 3956 2037 4021 sancti,
2093 3955 2295 4024 inquit,

690 4073 857 4127 super
895 4066 1040 4110 terra
1087 4055 1414 4107 volutantur
1451 4051 1518 4106 ⁸⁸.
1565 4068 1587 4103 ι
1644 4048 1843 4104 Petrus
1879 4049 2008 4103 item
2075 4048 2294 4118 inquit:

691 4150 848 4202 «Cen
899 4146 1009 4200 vivi
1047 4143 1261 4214 lapides
1324 4144 1379 4197 in
1430 4143 1657 4195 domum
1715 4140 2061 4210 spiritualem
2110 4140 2321 4194 coale-J

685 4241 846 4301 scite,
884 4239 938 4292 in
984 4234 1387 4299 sacerdotium,
1421 4244 1479 4287 ut
1515 4234 1773 4288 victimas
1809 4231 2129 4302 spirituales
2160 4232 2294 4286 olle-

691 4331 827 4396 ratis
855 4327 921 4383 ⁶⁹.
950 4345 968 4377 ι
1003 4323 1168 4394 Lapis
1191 4325 1322 4378 item
1358 4324 1559 4377 unit-us
1601 4337 1700 4392 per
1732 4322 1834 4375 hos
1854 4320 2159 4390 signiﬁcari
2194 4337 2294 4392 po-

687 4431 814 4484 test,
845 4420 939 4489 qui
1004 4419 1072 4472 ab
1126 4417 1444 4472 hominibus
1499 4417 1722 4484 quidem
1786 4414 2120 4484 reprobatus
2184 4423 2289 4470 est.

689 4520 722 4567 Λ
737 4515 842 4584 pud
877 4513 1048 4566 Deum
1081 4525 1213 4565 vero
1245 4511 1483 4564 selecuis
1505 4517 1587 4562 est
1615 4523 1677 4561 ac
1701 4507 1997 4576 pretiosus.
2020 4506 2099 4561 Ad
2126 4506 2289 4576 cujus

685 4605 1104 4660 similitudinem
1133 4603 1311 4657 sancti
1339 4616 1561 4671 quoque
1595 4600 1859 4652 dicuntur
1890 4598 2123 4667 lapides.

754 4781 1131 4850 Quadraginta
1169 4778 1344 4831 millia
1369 4779 1438 4829 ad
1475 4776 1672 4829 bellant
1704 4774 1961 4842 expediti,
1994 4781 2101 4828 etc.
2144 4770 2283 4844 [15.]

681 4875 1082 4941 Quaternarius
1123 4872 1462 4941 conjunctus
1490 4885 1615 4923 cum
1677 4871 1909 4929 unitate,
1938 4881 2061 4931 cum
2093 4875 2286 4921 cente-

681 4966 859 5024 nario,
906 4964 986 5016 vel
1041 4963 1205 5016 etiam
1262 4962 1532 5029 ampliore
1588 4972 1824 5012 numero
1879 4958 2010 5010 mali
2072 4958 2281 5011 ominis

680 5072 948 5113 numerus
981 5061 1032 5108 in
1064 5055 1340 5123 scriptura
1374 5063 1479 5106 est.

751 5148 850 5201 Die
883 5149 980 5200 illa
1011 5148 1218 5199 clarum
1249 5147 1372 5213 fecit
1414 5145 1676 5197 Dominus
1707 5139 1962 5204 Josuam,
2001 5149 2109 5195 etc.
2142 5139 2283 5212 [14.]

667 5243 897 5295 Clarum
964 5240 1095 5295 fecit
1143 5239 1441 5292 virtutibus
1492 5253 1613 5305 qua:
1668 5245 1882 5288 aetatem
1939 5235 2284 5303 spiritualem

2421 2033 2479 2086 ὲν
2519 2034 2713 2086 νυκτί·
2750 2035 2838 2088 ἵνα
2877 2035 2968 2088 ὑπ’
3001 2035 3170 2088 αὑτοῦ
3199 2038 3567 2106 φωτιζόμενοι
3607 2041 3729 2109 μὲν,
3762 2041 4002 2109 λέγοιεν·

2427 2144 2445 2176 ι
2463 2127 2586 2179 ’Ότι
2620 2131 2684 2178 σὺ
2708 2128 2933 2194 φωτιεῖς
2965 2126 3160 2195 λύχνον
3189 2145 3314 2196 μου,
3344 2128 3546 2197 Κύριε’
3570 2149 3588 2180 ι
3614 2131 4007 2199 φυλαττόμενοι

2419 2215 2498 2280 δὲ,
2535 2235 2554 2268 ι
2602 2216 2673 2268 Σύ
2715 2232 2818 2286 μου
2860 2211 2911 2268 εἴ
2955 2217 3246 2286 καταφυγὴ
3291 2219 3400 2270 άπὸ
3430 2218 3662 2285 θλίψεως
3705 2223 3805 2287 τῆς
3846 2237 4004 2289 περι-

2419 2309 2656 2379 εχούσης
2691 2327 2782 2380 με.
2810 2327 2828 2360 ι
2863 2313 2957 2362 Δεῖ
2987 2309 3065 2373 δὲ,
3101 2311 3258 2377 φασὶ,
3291 2310 3388 2362 καὶ
3421 2311 3521 2380 τῆς
3553 2311 3863 2380 παραδόξου
3888 2312 4004 2364 διαο

2420 2401 2636 2465 ϐάσεως
2666 2401 2968 2471 ὑπόμνημα
3004 2401 3329 2455 καταλιπεῖν
3364 2402 3561 2464 αὐτοὺς
3587 2405 3700 2465 τοῖς
3739 2405 3898 2465 υἱοῖς.

2495 2667 2681 2721 Ἀλλοι
2729 2668 2785 2722 δὲ
2835 2669 3074 2723 τίθενται
3111 2668 3177 2739 ιβ’
3230 2670 3382 2741 παρὰ
3439 2669 3537 2741 τὴν
3576 2670 3855 2736 διάϐασιν,
3905 2670 4006 2742 τὴν

2418 2761 2656 2830 στερῤὰν
2682 2760 2866 2813 πίστιν
2887 2762 2996 2814 τῶν
3016 2762 3425 2831 διαϐεϐηκότων
3450 2763 3836 2832 σημαίνοντες,
3862 2765 4005 2814 κατὰ

2415 2850 2507 2902 τὸν
2551 2849 2904 2916 Ἀπόστολον,
2939 2852 3171 2920 λέγοντα
3193 2869 3205 2881 ’
3230 2873 3263 2912 ,ι
3297 2855 3484 2909 Πάντα
3526 2855 3696 2924 ἰσχύω
3729 2856 3788 2906 ἐν
3814 2854 3891 2924 τῷ
3919 2856 4007 2908 ὲν-

2413 2939 2743 3010 δυναμοῡντί
2781 2960 2849 3011 με
2882 2942 3125 3013 Χριστῷ.
3153 2961 3172 2994 ι

2486 3035 2896 3102 Ειστήκεισαν
2929 3037 2999 3090 δὲ
3044 3041 3099 3091 ol
3146 3036 3321 3105 ιερεῖς
3355 3039 3410 3090 ol
3457 3037 3728 3106 αἴροντες
3755 3037 3874 3105 τὴν
3917 3055 4006 3092 κιο

2414 3125 2604 3179 ϐωτὸν
2633 3125 2742 3194 τῆς
2768 3127 3061 3194 διαθήκης
3083 3129 3154 3182 ἐν
3179 3124 3259 3195 τῷ
3289 3127 3571 3196 Ἰορδάνῃ.
3597 3129 3900 3189 Δείκνυσιν,
3928 3129 4007 3193 ὡς

2411 3216 2502 3269 διά
2529 3217 2638 3268 τῶν
2673 3219 2866 3288 ίερέων
2913 3219 3285 3271 διαϐαίνουσιν
3315 3221 3365 3270 οἱ
3417 3219 3755 3288 βουλόμενοι,
3796 3222 3891 3270 καὶ
3931 3219 4012 3282 ὡς

2413 3311 2806 3383 μυσταγωγίας
2853 3311 3154 3380 τηνικαῦτα
3198 3311 3410 3381 καιρός.
3456 3310 3817 3380 Ἀνήγγειλαν
3869 3312 4007 3380 γὰρ,

2408 3402 2545 3471 φησὶ
2573 3401 2653 3472 τῷ
2680 3401 2823 3472 λαῷ·
2858 3402 2956 3454 καὶ
2985 3401 3059 3464 ὡς
3094 3401 3176 3454 δεῖ
3205 3400 3518 3472 προθυμίας
3539 3399 3617 3470 τῷ
3639 3399 4008 3452 διαϐαίνοντι·

2413 3492 2565 3566 φησῇ
2603 3491 2737 3560 γάρ,
2773 3509 2790 3543 ι
2819 3493 2931 3544 Καὶ
2987 3492 3254 3544 ἔσπευσεν
3308 3494 3335 3544 6
3388 3491 3550 3554 λαός·
3592 3509 3610 3541 ι
3665 3490 3741 3553 ὼς
3783 3492 3877 3557 καὶ,
3920 3492 4008 3553 τὸ,

2411 3603 2429 3638 ι
2457 3585 2614 3638 Μετὰ
2645 3585 2890 3652 σπουδῆς
2933 3585 3119 3639 ἐδεῖσθε
3153 3586 3215 3637 τὸ
3257 3585 3468 3652 Πάσχα.
3502 3602 3520 3634 ι
3568 3583 4012 3655 Ἐπικατάρατος

2404 3676 2512 3746 γὰρ
2540 3677 2567 3726 6
2600 3675 2774 3729 ποιῶν
2797 3677 2858 3727 τὸ
2879 3676 3043 3746 ἔργον
3086 3676 3292 3746 Κυρίου
3324 3674 3568 3744 ἀμελῶς.

2472 3767 2582 3822 Καὶ
2656 3771 2712 3822 ol
2760 3770 2920 3823 λίθοι
2998 3769 3291 3837 πρότερον
3371 3768 3720 3836 ἔμπροσθεν
3778 3765 4006 3822 αὐτῶν.

2413 3860 2602 3931 Ἵερεῖς
2654 3864 2704 3914 oi
2766 3861 2946 3916 λοιποὶ
3009 3862 3117 3914 τῶν
3182 3863 3643 3932 ἑρμηνευσάντων
3697 3858 3994 3923 ἐξέδωκαν,

2399 3953 2555 4008 Alﬁo:
2603 3953 2714 4024 γὰρ
2777 3955 2873 4008 καὶ
2929 3955 2978 4007 οἱ
3031 3953 3178 4021 ἅγιοι
3236 3937 3513 4021 λέγονται.
3571 3971 3590 4004 ι
3633 3951 3789 4005 Λίθοι
3847 3955 4006 4023 γὰρ,

2401 4046 2598 4118 φησὶν,
2642 4045 2790 4113 ἅγιοι
2842 4045 3120 4098 κυλίονται
3170 4047 3263 4097 ἐπὶ
3317 4046 3415 4114 τῆς
3453 4045 3578 4114 γῆς.
3613 4062 3631 4094 ι
3675 4043 3786 4097 Καὶ
3815 4045 3844 4094 6
3892 4043 4007 4095 ng-

2398 4157 2528 4209 τρος
2569 4139 2760 4207 φησὶν,
2801 4155 2819 4186 ι
2863 4137 2954 4199 Ὠς
2994 4136 3133 4190 λίθοι
3176 4137 3380 4201 ζῶντες
3415 4136 3862 4205 ἐποικοδομεῖσθε
3914 4139 4006 4199 εἰς

2397 4223 2552 4283 οἷκον
2607 4228 3022 4298 πνευματικὸν,
3103 4229 3184 4292 είς
3245 4228 3572 4298 ἱεράτευμα,
3628 4227 3725 4279 τοῦ
3775 4226 4006 4292 ἐνέγκαι

2399 4322 2783 4392 πνευματικὰς
2837 4320 3049 4383 θυσίας.
3091 4338 3109 4372 ι
3155 4320 3268 4373 Καὶ
3307 4321 3336 4373 6
3369 4313 3450 4382 εἷς
3483 4319 3538 4372 δὲ
3581 4317 3730 4380 λίθος
3768 4317 4008 4369 δύναται

2395 4413 2486 4467 διὰ
2547 4412 2757 4466 τούτων
2822 4411 3193 4481 σημαίνεσθαι
3259 4415 3288 4465 6
3365 4410 3828 4481 ἁποδοκιμασθεὶς
3897 4410 4008 4478 μὲν

2397 4505 2457 4570 ἐξ
2513 4503 2862 4572 ἀνθρώπων,
2918 4503 3068 4574 παρὰ
3136 4503 3193 4555 δὲ
3257 4501 3380 4573 Θεῷ
3435 4501 3715 4566 ἐκλεκτὸς,
3752 4499 4004 4568 ἔντιμος.

2319 4591 2470 4668 υΟὗ
2529 4593 2654 4648 καθ’
2712 4593 3026 4664 ὁμοιότητα,
3066 4594 3164 4647 καὶ
3234 4595 3284 4646 oi
3356 4595 3542 4662 ἅγιοι,
3608 4591 3748 4644 λίθοι
3799 4590 4006 4657 λέγον-

2395 4704 2506 4739 ται.

2474 4779 2960 4846 Τετρακισμύριοι
3011 4774 3255 4835 εὔζωνοι
3298 4778 3386 4841 εις
3431 4774 3642 4844 μάχην
3670 4773 4002 4843 διέϐησαν.

2395 4868 2743 4938 Σημειωτέον
2777 4867 2889 4939 (54)
2925 4868 3006 4920 ὅτι
3058 4868 3091 4936 ἡ
3143 4866 3361 4938 τετρὰς,
3395 4867 3503 4917 εἴτε
3555 4865 3823 4935 μονάδων,
3881 4869 4004 4921 εἴτε

2391 4959 2794 5023 ἐκατοντάδων,
2844 4959 2959 5012 εἴτε
3018 4959 3211 5029 ἑτέρου
3269 4956 3520 5020 πλείονος
3573 4956 3850 5027 ἀριθμοῦ,
3900 4959 4009 5012 ἐπὶ

2385 5049 2696 5114 κακώσεως
2726 5053 2930 5104 κεῖται.

2477 5143 2578 5196 Ἐν
2629 5144 2835 5210 ἐκείνῃ
2886 5141 2962 5210 τῇ
3036 5142 3229 5211 ἡμέρᾳ
3289 5143 3528 5212 ηὔξησε
3601 5146 3819 5222 Κύριος
3883 5147 4008 5201 τὸν

2404 5235 2670 5302 Ἰησοῦν.
2708 5233 2927 5304 ιιῠξησε
2967 5236 3174 5306 Κύριος
3205 5237 3297 5288 τὸν
3343 5237 3552 5308 Ἰησοῦν
3580 5239 3681 5309 τὴν
3713 5244 3833 5293 κατ’
3864 5243 4010 5312 ape-

678 5338 917 5391 maxime
948 5336 1162 5391 decent.
1202 5333 1531 5387 Timucrunt
1567 5347 1695 5385 vero
1729 5328 1899 5382 lilium
1933 5327 2082 5380 Nave
2132 5335 2280 5380 metu

2390 5325 2491 5395 τὴν
2517 5323 2748 5394 αὔξησιν
2769 5324 2872 5394 τὴν
2898 5325 3086 5395 ἡλικία
3110 5326 3434 5396 πρέπουσαν
3461 5332 3646 5400 νοητῇ.
3668 5329 4012 5399 Ἐςςοϐοὖντο

747 5517 790 5548 θ’
829 5514 974 5569 Psal.
1009 5527 1198 5574 χχχιχ,
1225 5509 1276 5563 9..
1353 5508 1396 5538 ⁸³
1435 5505 1578 5560 Psal.
1609 5519 1744 5566 xvii,
1773 5499 1867 5574 29.
1953 5500 1996 5532 “
2036 5499 2178 5574 Psal.
2212 5514 2303 5552 xx:

2390 5498 2437 5551 7.
2508 5499 2552 5530 ⁸⁸
2593 5497 2829 5569 Philipp.
2864 5515 2935 5566 IV,
2978 5500 3061 5554 15.
3133 5501 3176 5532 ⁶⁶
3216 5499 3383 5556 Exod.
3439 5518 3535 5567 xu,
3577 5503 3628 5556 Il
3711 5504 3753 5534 "
3785 5502 4008 5560 Jerem.

673 5604 864 5653 XLVIII,
903 5587 991 5640 10.
1060 5584 1104 5614 ⁸⁸
1136 5571 1370 5634 zachar.
1410 5593 1484 5642 Ix,
1521 5577 1607 5631 16.
1677 5576 1719 5606 ⁶⁹
1745 5575 1762 5628 l
1793 5572 1940 5628 Pctr.
1970 5587 2031 5635 ll,
2067 5571 2117 5625 5.

2212 5688 2449 5744 ΝΟΤἉΕ.

742 5795 854 5867 (54)
889 5796 1000 5850 Hoc
1026 5793 1300 5850 scholium
1349 5790 1403 5846 in
1431 5790 1635 5847 Catena
1685 5788 1959 5861 Lipsiensi
2009 5786 2230 5858 Origeni
2273 5785 2593 5841 ascribilur.
