4272 6446
350 402 485 468 1009

1445 413 1987 474 COMMENTARII
2032 417 2111 474 IN
2143 419 2401 480 JOSUE.

3476 424 3610 485 1010

338 515 393 567 δὲ
426 518 517 568 τὸν
554 516 653 586 μὲν
680 518 771 571 τοῦ
829 519 1009 590 Ναυῆ,
1039 522 1177 573 κατά
1227 521 1320 575 τὸν
1359 522 1523 589 φόϐον
1573 523 1663 575 τὸν
1700 524 1891 592 νομικὸ

1990 556 1998 585 ι
2032 540 2141 592 quo
2179 528 2348 598 legem
2403 531 2818 594 consuevimus,
2856 531 3060 598 quique
3113 531 3284 583 servis
3327 536 3608 585 convenit.

340 609 435 660 καὶ
493 608 705 671 δούλοις
763 612 1144 679 προσήκοντα·
1187 612 1278 664 τὸν
1340 612 1396 664 δὲ
1445 612 1714 684 ἡμέτερον
1766 616 1924 683 ἡμεῖς

354 699 587 769 Ἰησοῦν,
614 702 707 753 τὸν
732 702 899 768 ἀγνὸν
931 702 1249 774 φοϐούμεθα
1273 704 1458 773 φόϐον,
1483 709 1580 760 καὶ
1600 707 1925 778 διαμένοντα

336 792 418 853 εἰς
453 793 631 846 αἰῶνα
660 793 876 856 αἰῶνος.

408 883 749 950 Διαϐἀντων,
787 886 849 938 τὸ
904 885 1050 957 ὕδωρ
1080 885 1235 951 αὖθις
1271 891 1368 960 τὴν
1408 890 1527 945 ὁδὸν
1560 892 1661 963 τὴν
1690 893 1927 963 ἀρχαίαν

334 965 586 1042 ἐφέρετο,
608 976 737 1045 ὃλην
766 977 873 1044 πλη
885 977 992 1047 ρῶν
1018 977 1115 1049 τὴν
1138 982 1404 1050 κρηπῖδα,
1423 983 1498 1045 ὡς
1522 983 1551 1035 ὁ
1572 984 1693 1036 τότε
1722 985 1924 1055 ἀπῄτει

337 1064 553 1131 καιρός.
587 1065 753 1128 Αὔξει
783 1068 893 1137 γὰρ
927 1069 1019 1119 καὶ
1046 1071 1074 1121 ὁ
1101 1072 1365 1139 μυστικὸς
1398 1072 1687 1144 Ἰορδάνης,
1714 1075 1803 1128 ὅτε
1832 1094 1927 1129 πο-

333 1156 429 1220 26;
486 1159 606 1211 ὲστι
661 1160 769 1213 τῶν
812 1163 1177 1216 πιστευόντων
1221 1166 1249 1217 ὁ
1299 1166 1568 1236 ἀριθμὸς,
1632 1170 1776 1222 κατὰ
1830 1171 1920 1235 τὸ,

339 1267 360 1299 s
384 1248 438 1301 Ἐ
448 1251 658 1319 πάρατε
676 1251 803 1314 τοὺς
821 1253 1136 1321 ὀφθαλμοὺς
1151 1255 1180 1307 ὑ
1189 1255 1328 1325 μῶν,
1342 1258 1435 1309 καὶ
1455 1257 1614 1323 ἴδετε,
1630 1259 1712 1312 ὃτι
1732 1261 1923 1315 λευκαὶ

332 1339 520 1392 λοιπόν
543 1342 685 1394 εἰσιν
724 1343 778 1395 αἰ
819 1343 998 1413 χῶραι
1041 1346 1177 1415 πρὸς
1221 1345 1503 1418 θερισμόν.
1536 1368 1555 1400 ι
1592 1351 1703 1404 Καὶ
1734 1352 1919 1418 πάλιν,

337 1447 355 1476 σ
395 1429 455 1483 '0
486 1431 585 1491 μὲν
629 1432 889 1504 θερισμὸς
928 1434 1179 1499 πολὺς,οἰ
1201 1437 1256 1491 δὲ
1277 1440 1507 1509 ἐργάται
1536 1442 1730 1510 ὀλίγοι.
1765 1462 1784 1496 ι
1807 1445 1922 1515 Οὐχ

330 1518 519 1583 ἁπλῶς
558 1522 614 1573 δέ
635 1540 767 1590 φησι
799 1525 1082 1593 θερισμὸν,
1102 1526 1261 1589 ἀλλὰ,
1290 1529 1660 1599 πυρῶν,κατά
1688 1534 1815 1597 τοὺς
1841 1536 1918 1588 0'.

338 1613 513 1682 "Onep
545 1612 822 1684 σύμϐολον
847 1616 1057 1688 τροφῆς
1091 1618 1338 1690 λογικῆς.

398 1874 711 1944 Διαπερῶσι
740 1874 831 1928 τὸν
868 1873 1143 1952 Ἰορδάνην
1171 1881 1237 1952 τῇ
1269 1880 1473 1952 δεκάτῃ
1498 1881 1593 1936 τοῦ
1627 1885 1799 1956 μηνὸς
1823 1887 1916 1942 τοῦ
1952 1882 1991 1938 Β

326 1963 572 2031 πρώτου,
617 1969 675 2019 ἐν
705 1961 749 2035 ᾧ
780 1971 872 2022 καὶ
910 1970 970 2024 τὸ
1004 1972 1221 2044 Πάσχα,
1250 1977 1345 2030 καὶ
1379 1979 1411 2049 ή
1457 1978 1668 2050 μεγάλη
1700 1980 1808 2034 τῶν
1832 1984 1919 2037 Al-

324 2057 575 2123 γυπτίων
611 2060 820 2131 πληγή.

398 2146 611 2219 Ἰστησι
652 2154 778 2215 τοὺς
833 2153 900 2222 ιβ’
948 2154 1127 2219 λίθους
1172 2160 1265 2211 καὶ
1320 2162 1400 2223 εἰς
1444 2162 1756 2235 ὑπόμνησιν
1804 2169 1917 2229 τοῖς

322 2236 485 2301 υἱοῖς,
523 2241 619 2292 καὶ
644 2243 724 2303 εἰς
750 2242 1016 2314 ἔκπληξιν
1043 2249 1155 2309 τοῖς
1184 2247 1383 2313 ἔθνεσι,
1422 2253 1516 2303 καὶ
1544 2254 1641 2324 τὴν
1681 2256 1756 2319 ὡς
1794 2258 1914 2322 ἐνὸς

319 2325 478 2390 ϐντος
516 2329 612 2381 τοῦ
649 2331 788 2384 Θεοῦ
822 2334 1175 2390 διδασκαλίαν
1198 2354 1212 2369 ο
1245 2341 1306 2393 ού
1341 2342 1447 2414 γὰρ
1486 2344 1623 2415 πρὸς
1654 2347 1917 2415 ἐπίδειξιν

318 2418 416 2471 τοῦ
449 2419 609 2485 θεοῦ,
648 2423 785 2494 πρὸς
813 2425 871 2479 δὲ
908 2429 1007 2500 τὴν
1042 2430 1151 2484 τῶν
1180 2431 1438 2503 ὁρώντων
1480 2439 1573 2491 κα)⁵
1607 2438 1917 2499 ἀκουόντων

319 2513 622 2583 σωτηρίαν.

387 2605 802 2680 Θρυλληθὲντος
833 2612 927 2667 τοῦ
959 2615 1262 2687 θαύματος,
1305 2621 1587 2692 ὲτάκησαν
1630 2626 1836 2692 πάντες
1867 2630 1917 2682 oi.

313 2699 386 2767 τῇ
413 2698 624 2772 παλαιᾷ
656 2702 951 2779 δυσσεϐεία
984 2714 1377 2783 πεποιωμένοι.
1410 2718 1521 2770 Καὶ
1549 2717 1668 2773 δέον
1715 2721 1915 2786 αὐτοὺς

313 2789 695 2860 ἀποθεμένους
723 2796 793 2850 τὰ
822 2798 987 2865 ὅπλα,
1019 2800 1113 2853 τὸν
1139 2802 1273 2857 Θεὸν
1309 2807 1630 2875 ἐπιγνῶναι,
1651 2811 1747 2863 καὶ
1779 2812 1916 2884 πρὸς

314 2883 544 2954 εἰρήνην
594 2887 758 2939 ἰδεῖν⁶
794 2892 844 2942 oi
897 2890 956 2943 δὲ
1005 2893 1171 2947 πάλιν
1201 2891 1343 2967 ἦσαν
1394 2898 1638 2970 θρασεῖς.
1674 2883 1831 2973 Πλὴν
1855 2905 1917 2957 τὸ

312 2975 469 3045 παρὰ
510 2977 794 3044 Μωῦσέως
828 2987 1213 3055 προφητευθὲν
1242 2991 1481 3061 πέφηνεν
1504 2994 1723 3065 ἀληθὲς,
1755 2996 1916 3052 Ἐτά-

309 3083 529 3136 κησαν,
580 3072 865 3141 λέγοντος,
941 3079 1145 3145 πάντες
1206 3084 1255 3137 οἰ
1312 3087 1705 3154 κατοικοῦντες
1785 3092 1900 3144 Χα-

322 3178 485 3214 νααν.
528 3182 546 3215 ι

2030 616 2288 673 Nostrum
2318 636 2445 674 vero
2472 621 2658 675 Jesum
2691 631 2885 675 sam-to
2913 637 3013 676 nos
3047 623 3244 675 timore
3277 636 3337 675 ac
3376 640 3425 675 ιιι
3452 632 3612 676 aeter-

2029 726 2161 765 num
2195 720 2488 767 constante
2523 729 2642 767 revc
2655 729 2860 768 remur.

2096 888 2270 944 Porro
2303 907 2426 947 cum
2458 892 2940 960 pertransiissent,
2975 906 3115 959 aqua
3163 892 3214 944 in
3259 900 3499 945 Vclcrcnt
3552 910 3607 943 se

2027 984 2234 1051 recepit
2266 984 2505 1048 alveum,
2545 986 2832 1053 ripamque
2868 992 3036 1036 totam
3075 994 3131 1035 ut
3182 992 3483 1050 tempestas
3521 999 3607 1034 rc.-

2025 1072 2301 1138 quirebat,
2347 1073 2611 1141 implevit.
2642 1072 2776 1125 Nam
2811 1075 3077 1142 mysticus
3100 1088 3319 1141 quoque
3341 1072 3608 1126 JOI'tlnllBs

2026 1161 2321 1224 increscet,
2355 1169 2577 1232 quando
2610 1179 2878 1217 numerus
2904 1164 3144 1216 lidclium
3178 1165 3393 1232 amplus
3423 1165 3604 1216 fuerit.

2023 1249 2182 1304 Juxta
2236 1253 2412 1306 illud:
2457 1272 2475 1304 ι
2507 1253 2761 1307 Extollite
2824 1255 3017 1308 oculos
3062 1262 3277 1307 vestros
3331 1266 3383 1307 et
3429 1256 3608 1305 vidi-to

2022 1351 2083 1397 ut
2115 1346 2343 1413 posthac
2369 1346 2624 1414 regiones
2662 1359 2893 1399 messem
2932 1360 3121 1399 versus
3152 1356 3453 1399 canescunt
3482 1348 3545 1396 ’°.
3585 1368 3601 1396 ο

2024 1433 2151 1489 Item
2179 1454 2196 1490 ι
2229 1456 2246 1487 ι
2284 1435 2477 1492 Messis
2508 1438 2887 1506 quidem'uhcr
2919 1446 3002 1492 est
3023 1477 3038 1502 ,
3073 1441 3446 1507 operariorum
3483 1456 3608 1490 \‘i'ru

2021 1526 2183 1596 pauci
2218 1536 2348 1582 sunt
2368 1528 2440 1582 τί.
2480 1547 2497 1580 ι
2535 1527 2654 1583 Non
2687 1530 3013 1597 simpliciter
3050 1546 3180 1583 vero
3212 1545 3473 1594 messem,
3508 1534 3604 1592 ait,

2019 1632 2210 1671 verum
2242 1617 2409 1673 tritici
2465 1634 2701 1674 messem
2752 1620 3216 1689 quemadmodum
3250 1620 3605 1688 Septuaginta

2021 1706 2250 1764 habent.
2366 1707 2524 1773 Quod
2556 1708 2775 1780 signum
2808 1724 2904 1765 seu
2935 1717 3063 1763 nota
3093 1710 3271 1764 victus
3303 1709 3606 1777 spiritualis

2020 1807 2128 1852 est.

2089 1888 2388 1945 Jordanem
2426 1904 2557 1944 vero
2580 1890 2791 1945 decima
2815 1891 2904 1946 die
2933 1893 3140 1947 mensis
3163 1892 3323 1961 primi
3361 1893 3413 1946 in
3443 1908 3603 1961 quem

2026 1978 2238 2035 Pascha
2272 1980 2495 2047 cecidit,
2527 1996 2834 2052 magnaque
2872 1983 3256 2054 Egyptiorum
3294 1985 3601 2047 calamitas.

2024 2075 2308 2140 trajiciunt
2329 2074 2397 2126 ".

2094 2167 2268 2236 Erigit
2295 2182 2461 2236 porro
2481 2168 2688 2235 lapides
2714 2169 3001 2223 duodecim
3028 2172 3224 2239 partim
3252 2180 3605 2224 monium-nlo

2023 2257 2170 2323 ﬁliis,
2210 2262 2405 2326 partim
2471 2262 2667 2315 terrori
2726 2261 3000 2325 hOstihns,
3053 2263 3247 2329 partim
3308 2270 3490 2313 autem
3537 2263 3604 2315 de

2020 2363 2131 2404 uno
2168 2347 2278 2404 Deo
2326 2350 2669 2412 eruditioni;
2731 2366 2817 2405 res
2848 2353 2993 2405 enim
3044 2353 3244 2404 divinae
3282 2349 3445 2422 485
3498 2369 3601 2405 non

2018 2443 2400 2508 ostentationi,
2453 2458 2645 2498 verum
2686 2444 3027 2500 audientiqu
3062 2446 3471 2515 videntiumque
3516 2463 3602 2502 sa-

2021 2536 2114 2590 luti
2144 2537 2474 2591 inserviunt.

2090 2629 2223 2683 Cum
2257 2630 2423 2701 igitur
2457 2632 2784 2687 miraculum
2835 2634 3295 2702 percrebruisset,
3332 2642 3605 2703 quotquot

2020 2724 2074 2778 in
2118 2724 2421 2778 inveterata
2455 2725 2741 2796 impietate
2802 2737 2932 2782 sunt
2967 2728 3246 2797 oppressi,
3279 2728 3479 2781 animis
3513 2732 3604 2783 dc-

2019 2813 2318 2870 ﬂuxerunt.
2355 2816 2506 2881 Quos
2539 2820 2710 2873 armis
2746 2819 3018 2889 depositis
3055 2819 3222 2874 Deum
3275 2837 3601 2891 agnoscere,

2020 2908 2252 2978 pacique
2286 2909 2530 2964 intentos
2573 2925 2698 2965 esse
2731 2919 2970 2981 oportet.
3018 2911 3185 2964 Porro
3217 2914 3307 2981 qui
3345 2914 3603 2968 audacio-

2020 3015 2109 3055 res
2136 3009 2292 3054 erant
2335 3002 2696 3058 nihilominus
2730 3004 2932 3058 animis
2960 3004 3348 3067 conciderunt,
3386 3023 3604 3060 verum-

2017 3106 2125 3162 que
2157 3093 2299 3160 quod
2361 3108 2390 3145 a
2443 3091 2593 3149 Mose
2652 3096 2973 3165 praadictum
3007 3099 3237 3161 exstitit,
3277 3101 3368 3168 qui
3426 3101 3600 3155 divit:

1945 3200 1987 3257 ε
2026 3202 2044 3235 ‹
2076 3182 2283 3239 Omnes
2308 3183 2649 3241 habitatores
2669 3186 2931 3241 Chanaan
2956 3189 3019 3241 ⁷³.
3055 3209 3071 3239 ι

384 3294 631 3399 li‘chibi
666 3302 870 3360 cultros
898 3322 964 3360 ea:
1004 3320 1163 3365 acuto
1195 3313 1397 3381 lapide,
1440 3332 1503 3369 ac
1541 3318 1680 3387 efﬁce
1708 3318 1878 3373 denuo
1910 3330 1965 3374 ut
1997 3322 2099 3389 ﬁlii
2142 3321 2317 3376 Israel
2366 3323 2832 3378 circumciduntur
2889 3327 3143 3380 secundo.
3180 3327 3272 3399 μ’,
3309 3329 3391 3399 2.]
3433 3329 3601 3384 Jnsuo

310 3386 552 3453 lapideis
581 3389 939 3450 circumcidit
965 3401 1185 3457 cultris.
1216 3402 1384 3474 Lapis
1413 3421 1543 3460 vero
1589 3406 1848 3463 Christus
1877 3419 2016 3464 erat.
2051 3410 2140 3466 Bis
2169 3427 2298 3467 vero
2326 3415 2703 3479 circumcidit,
2746 3416 2990 3471 secunda
3042 3419 3385 3486 spiritualcln
3424 3424 3600 3489 potiu-

308 3486 541 3568 remque
568 3476 937 3575 signiﬁcante.
961 3483 1033 3539 De
1069 3503 1175 3557 qua
1209 3489 1413 3546 Paulus
1443 3507 1553 3546 non
1582 3510 1743 3548 manu
1768 3495 1966 3550 factam
1990 3513 2110 3553 esse
2134 3500 2337 3553 indicat
2361 3492 2431 3531 ⁷³⁸
2464 3545 2477 3566 ,
2503 3517 2623 3571 qua:
2657 3511 2893 3557 veterem
2931 3515 3177 3559 nostrum
3216 3520 3473 3575 repurgat
3500 3510 3598 3561 Im-

308 3558 538 3657 niinem.
571 3582 588 3613 ι
619 3562 728 3619 Nos
760 3567 861 3636 ipsi
884 3572 1029 3657 enim
1065 3576 1422 3632 circumcisio
1454 3596 1667 3650 sumus,
1704 3584 1902 3653 inquit,
1936 3595 2207 3656 quotquot
2237 3588 2433 3657 spiritu
2466 3589 2573 3644 Deo
2600 3595 2893 3656 servimus,
2929 3606 2981 3646 et
3016 3594 3082 3645 dc
3118 3594 3148 3646 ti
3173 3597 3312 3647 lncia
3369 3597 3455 3648 thei
3494 3615 3596 3652 non

307 3650 500 3745 carnis
532 3651 840 3748 gloriamur
870 3651 999 3711 ⁷⁸.’›
1046 3659 1407 3719 Peccatorum
1436 3684 1569 3723 vero
1605 3685 1703 3739 per
1740 3687 1961 3727 sacram
1995 3676 2314 3730 tinctionem
2358 3676 2761 3748 depositionem
2797 3681 3046 3734 denotat.
3078 3682 3282 3737 Paulus
3331 3685 3477 3736 enim
3516 3688 3591 3737 ia.-

304 3736 427 3839 quit
465 3754 477 3791 :
516 3756 533 3789 ι
570 3737 706 3794 Dum
742 3745 980 3800 exuistis
1016 3764 1220 3820 corpus
1249 3764 1607 3822 peccatorum
1642 3761 1950 3815 carnalium
1981 3778 2076 3833 per
2108 3765 2600 3821 circumcisionem
2641 3769 2848 3824 Christi
2877 3773 2943 3822 ⁷⁵.
2982 3790 2998 3821 ι
3037 3771 3108 3824 lis
3154 3772 3321 3839 igitur
3357 3788 3447 3839 qui
3481 3774 3600 3825 Jor-

302 3823 504 3927 danem
545 3831 893 3898 traiecerunt
933 3838 1251 3907 hujusmodi
1296 3848 1557 3901 convenit
1606 3848 1983 3906 circumcisio.
2037 3851 2389 3922 Quapropter
2420 3870 2545 3909 cum
2595 3858 2876 3927 generatio
2910 3859 3061 3927 prior
3114 3876 3220 3911 non
3267 3859 3598 3916 Cll‘t‘llnit'lfnt

307 3913 432 4011 fuit,
460 3916 680 4011 signum
718 3920 1062 4011 impuritatis
1094 3930 1281 3987 cordis
1315 3931 1491 4002 ipsius
1520 3938 1759 4004 exstitit,
1792 3939 1859 3993 de
1887 3955 1994 4009 qua
2042 3913 2220 4011 inquit
2320 3961 2337 3992 ι
2379 3913 2820 4000 (ΣιιΙΙυιιινροιόὶε
2857 3913 3020 3999 vestri
3062 3946 3449 4001 circumcidito
3473 3951 3538 4003 τί.
3580 3973 3595 4000 ι

297 3998 477 4099 Judaei
536 4005 665 4105 item
700 4007 1038 4067 admonendi
1089 4022 1240 4081 sunt,
1272 4021 1551 4088 quomodo
1585 4022 1892 4080 diﬂerentia
1945 4044 2121 4098 pinna:
2164 4039 2381 4085 servata
2415 4046 2525 4085 non
2566 4032 2888 4089 circumcisi
2942 4036 2995 4088 in
3030 4035 3251 4090 deserto
3288 4039 3597 4105 perierunt.

297 4090 627 4193 circuitu-eisi
669 4111 800 4151 vero
831 4102 1034 4156 servati
1093 4113 1244 4165 sunt.
1304 4115 1358 4159 et
1410 4107 1503 4162 Dei
1545 4113 1969 4179 promissionem
2013 4128 2369 4189 acceperunt.
2423 4118 2696 4175 Caeterum
2746 4136 2965 4177 carnea:
3020 4124 3245 4192 quidem
3296 4127 3601 4181 t‘ll‘Clllllt‘l-
3688 4185 3695 4193 ,

298 4178 695 4293 ῗοιὶἱὶὓιυδεε
732 4199 800 4239 ne
852 4186 909 4241 in
961 4191 1188 4261 preprio
1219 4193 1445 4263 quidem
1480 4197 1597 4252 lilio
1652 4202 1990 4258 mentionem
2025 4204 2180 4271 fecit,
2215 4222 2353 4263 uxor
2402 4209 2548 4264 enim
2583 4226 2710 4265 eum
2762 4212 2959 4283 angelo
3007 4222 3309 4285 conspecto
3357 4215 3600 4293 circnma

294 4265 517 4322 cidit".

377 4353 657 4456 Hodierno
695 4362 785 4456 die
838 4367 1017 4448 ademi
1053 4369 1202 4425 vobis
1247 4372 1473 4446 Αἴθρη)ιὲ
1510 4378 1790 4446 probrum,
1823 4391 1934 4439 etc.
2112 4384 2307 4440 Probri
2362 4356 2599 4443 nomine‘
2640 4390 2967 4444 servitutem
3021 4393 3222 4447 innuit.
3265 4392 3421 4449 Nunc
3450 4398 3597 4449 enim

296 4443 476 4537 libere
511 4448 672 4503 vobis
709 4452 1068 4521 circumcidi,
1109 4474 1216 4513 non
1252 4464 1397 4516 sicut
1431 4465 1483 4518 in
1514 4465 1757 4537 [Egypto
1786 4484 1911 4523 cum
1947 4481 2094 4526 metu
2130 4475 2313 4528 servili
2346 4475 2558 4529 licitum
2598 4487 2703 4531 est.
2738 4478 2781 4531 Α
2820 4480 3158 4535 circumacta
3197 4497 3329 4535 vero
3360 4484 3599 4537 circum-

286 4533 505 4632 i'isidne
559 4538 681 4591 loco
720 4540 910 4613 Galgal
946 4560 1147 4600 nomen
1188 4551 1598 4619 imposuerunt.
1637 4555 1862 4628 Galgala
1902 4562 2048 4615 enim
2081 4562 2343 4616 revelatio
2376 4575 2479 4619 est.
2529 4563 2625 4619 Est
2662 4581 2793 4620 vero
2823 4567 2978 4622 locus
3014 4570 3102 4623 ille
3135 4569 3341 4640 duplici
3376 4573 3597 4628 nomine

287 4621 549 4691 insignis,
587 4627 716 4682 hinc
748 4632 971 4698 quidem
1009 4645 1236 4705 propter
1267 4637 1513 4709 Jericho,
1544 4658 1691 4699 nunc
1717 4621 1897 4701 autem
1930 4658 2157 4719 propter
2187 4649 2477 4706 duodecim
2514 4653 2746 4721 lapides.

372 4731 649 4805 Ἑξήγαγε
682 4739 925 4809 Μωῦσῆς
956 4743 1047 4795 τὸν
1077 4744 1206 4798 λαὸν
1230 4748 1289 4813 ἐξ
1313 4751 1618 4820 Αἰγύπτου,
1652 4756 1767 4809 ἀλλ’
1801 4758 1891 4811 οὐκ

2074 4758 2247 4813 Porro
2279 4759 2455 4815 Moses
2490 4766 2751 4832 populum
2784 4780 2847 4819 ex
2886 4764 3127 4836 .Egypto
3153 4767 3367 4822 eduxit.
3397 4771 3463 4822 At
3488 4784 3593 4823 non

281 4822 545 4889 ἤκουσεν,
578 4828 662 4881 ὄτι
712 4832 956 4902 σήμερον
996 4836 1221 4903 ἀφεῖλον
1255 4841 1345 4894 τὸν
1373 4843 1681 4917 ὀνειδισμὸν
1713 4849 1881 4918 Αἰγύ-

278 4929 419 4968 πτου
455 4920 548 4987 ἀφ’
593 4922 769 4989 ὑμῶν.
817 4924 1023 4995 Ἰησοῦς
1072 4930 1181 5000 γὰρ
1227 4934 1255 4986 ό
1308 4936 1740 5010 περικαθαίρων,
1781 4942 1880 5011 τῆς

277 5010 449 5077 ἁγίας
475 5013 580 5081 γῆς
613 5016 799 5083 ἀξίους
831 5020 1023 5077 ποιῶν.
1060 5024 1370 5094 Παράδοξον
1404 5030 1482 5095 δὲ,
1512 5030 1631 5085 εἴτε
1674 5034 1883 5103 Ἰησοῦς

273 5103 380 5167 τὰς
414 5107 693 5172 τοσαύτας
737 5111 986 5180 χιλιάδας
1035 5117 1094 5169 ὲν
1140 5122 1320 5189 τρισὶν
1367 5124 1604 5195 ἡμέραις
1639 5127 1885 5195 περιέτε-

277 5215 409 5267 μεν,
443 5198 558 5252 εἴτε
616 5202 833 5257 πολλῶν
866 5211 1332 5278 περιτεμνόντων,
1366 5215 1443 5279 ὡς
1479 5218 1648 5281 εἰκὸς,
1694 5218 1781 5271 διά
1828 5221 1888 5272 τὸ

274 5292 371 5344 καὶ
412 5293 799 5363 πληθυντικῶς
848 5301 1131 5372 μαχαίρας
1166 5306 1421 5377 εἰρῆσθαι
1475 5312 1761 5379 πετρίνας,
1794 5312 1884 5365 δυ-

271 5385 505 5455 νηθῆναι
534 5390 601 5459 τῇ
630 5390 791 5465 τρίτῃ
822 5394 1027 5467 ἡμέρᾳ,
1060 5397 1091 5466 ἧ
1130 5398 1261 5465 γοῦν
1293 5403 1358 5471 τῇ
1408 5403 1526 5470 μετ’
1553 5403 1726 5473 αὐτὴν
1752 5406 1875 5458 ἐπι-

266 5477 493 5531 τελέσαι
518 5481 580 5533 τὸ
610 5481 830 5555 Πάσχα·
858 5488 980 5540 τότε
1028 5490 1266 5559 μάλιστα
1305 5493 1403 5563 τῆς
1438 5494 1631 5564 ὀδύνης
1668 5498 1875 5550 ἐπιτει-

267 5571 532 5643 νομένης,
579 5591 656 5639 ως
689 5577 785 5630 ἐπὶ
819 5580 929 5634 τῶν
975 5582 1288 5653 Σιχεμιτῶν
1336 5586 1539 5657 ἔφησεν
1581 5590 1613 5658 ἡ
1656 5590 1873 5661 Γραφή.

280 5664 585 5738 Ἑκάτερον
642 5669 752 5740 ἄρα
793 5675 895 5743 τῆς
946 5677 1271 5745 συνεργεξας
1303 5678 1400 5750 τῆς
1426 5680 1758 5751 κρείττονος,
1793 5684 1887 5736 τοῦ

869 5814 911 5844 ’⁸
939 5813 1129 5870 \laltlt.
1164 5835 1237 5875 Ix.
1276 5818 1365 5871 37.

494 5883 538 5914 ⁷⁸
562 5882 779 5942 Coloss.
813 5900 873 5954 ll,
911 5888 988 5943 ll.

334 5807 382 5839 ⁷⁸
406 5806 567 5863 Joan.
603 5827 677 5872 IV,
704 5811 791 5865 55.

266 5881 419 5949 m,3.

1086 5890 1129 5919 7‘
1161 5889 1275 5945 Jocl
1316 5909 1370 5959 it,
1421 5893 1500 5947 15.

1446 5821 1489 5851 ⁷²
1518 5821 1684 5875 ιΙιιςιιιν·
1721 5842 1800 5883 Ill.
1843 5827 1923 5878 l3.

1616 5897 1657 5924 τί
1692 5898 1864 5952 Lw-J.
1898 5916 1970 5963 tt",
2006 5902 2093 5956 ἐξ).

1992 4850 2239 4915 audivit,
2275 4851 2443 4908 Hodie
2497 4854 2695 4910 abstuli
2763 4857 3024 4926 probrum
3082 4858 3300 4931 JE-gypti
3344 4879 3371 4916 ιι
3420 4867 3594 4920 vobis.

1991 4942 2159 4999 Josue
2205 4947 2350 5000 enim
2382 4950 2473 5017 qui
2523 4964 2616 5003 eos
2659 4952 3083 5006 circumcisione
3141 4957 3334 5009 lustrat
3363 5004 3374 5023 ,
3403 4960 3596 5028 dignos

1997 5044 2145 5092 terra
2195 5048 2389 5094 sancta
2423 5041 2609 5097 etiicit.
2669 5044 3051 5102 Admiratione
3101 5066 3229 5101 vero
3289 5067 3393 5105 IlOII
3453 5055 3596 5108 indi-

1997 5145 2166 5201 gnum
2217 5142 2301 5186 est
2335 5147 2403 5188 an
2451 5143 2531 5189 tot
2575 5138 2747 5191 millia
2786 5139 3067 5193 hominum
3124 5145 3311 5196 triduo
3348 5148 3594 5201 circum-

1996 5224 2197 5278 ciilerit
2238 5224 2408 5281 Josue
2454 5230 2674 5297 unicus,
2738 5247 2877 5286 anve
2916 5237 3071 5289 tnuiti
3102 5279 3114 5298 ,
3151 5247 3203 5287 ιιι
3267 5249 3350 5293 cst
3403 5244 3596 5296 ιρι-ιδί-

1996 5315 2163 5380 mile,
2220 5332 2446 5387 operam
2502 5323 2929 5379 circmncidcmli
2983 5329 3408 5395 conjtnivcrint,
3471 5352 3591 5387 cuii
3638 5356 3641 5359 ν

1997 5423 2231 5463 numero
2284 5413 2552 5481 ampliore
2622 5416 2689 5470 de
2739 5418 2938 5473 cultris
3001 5422 3184 5475 saxeis
3245 5425 3452 5478 dictum
3503 5449 3592 5480 μ...

1983 5505 2141 5557 Anve
2175 5502 2263 5557 die
2300 5516 2498 5575 quarto
2530 5509 2748 5564 demum
2784 5511 3001 5567 Pascha
3054 5523 3169 5567 tum
3209 5521 3447 5574 maxime
3486 5523 3588 5576 ιέυ-

1991 5594 2108 5661 lore
2163 5597 2605 5677 ingravescente,
2636 5604 3102 5674 quemadmodum
3152 5608 3218 5663 de
3268 5609 3594 5671 Sit'itL‘llllliS

2005 5685 2292 5760 Scriptura
2329 5695 2403 5748 ait
2462 5691 2527 5756 ⁷⁸,
2567 5694 2916 5752 ηρίοὒτιιιίιιι.
2966 5700 3092 5756 Sive
3149 5703 3316 5774 igitur
3369 5724 3589 5776 operam

2108 5827 2286 5910 Exod;
2316 5848 2403 5889 xv.
2440 5834 2521 5888 lii.
2628 5837 2691 5867 ⁷³·
2723 5838 2934 5898 Col-oss.
2975 5860 3033 5910 ιι,
3079 5845 3156 5899 ιι.
3260 5850 3298 5876 ’ίι
3342 5850 3553 5910 tam”

2175 5904 2213 5933 "‘
2249 5902 2384 5959 Ccn.
2415 5922 2598 5974 λλλιισ,
2630 5914 2719 5969 ‘2’}.

3494 5898 3502 5921 Ξ
3528 5898 3539 5921 Ι
3624 5912 3627 5913 ν
