4272 6446
720 385 850 450 1011
2025 398 2380 458 PllOCOPII
2427 398 2670 459 GAZEI
3848 396 3984 462 1012

715 501 1131 566 coniunxerint,
1194 505 1309 560 sive
1339 517 1558 576 tempus
1614 507 1966 577 prorogariut
2009 517 2303 578 utrumque
2331 515 2378 571 Α

2301 534 2303 555 ς
2331 515 2378 571 Α
2409 509 2580 577 ἐγγὺς
2605 507 2870 560 ἀδυνάτου
2907 504 3044 576 πρὸς
3074 503 3137 558 τδ
3161 503 3254 558 τοῦ
3280 503 3657 576 βαπτίσματος
3687 510 3988 577 μυστήριον

713 589 779 641 ad
819 590 1072 659 baptismi
1104 599 1425 666 mysterium
1466 617 1565 654 nos
1597 601 1844 654 deducit.

1291 599 1425 651 rium
1466 617 1565 654 nos
1597 601 1844 654 deducit.
2407 601 2556 670 ἡμᾶς
2587 600 2978 666 ἐπανάγοντος.

786 677 1141 736 Comederunt
1185 702 1392 756 quoque
1432 691 1495 741 de
1541 691 1810 757 frumento
1837 691 2130 756 superioris
2172 690 2300 742 anni

2299 693 2300 698 “
2477 692 2585 746 Kal
2617 691 2845 758 ἔφαγον
2873 687 2992 741 ἀπὸ
3020 687 3126 740 τοῦ
3156 687 3333 741 σίτου
3379 687 3491 753 τῆς
3520 688 3634 755 τῆς
3669 689 3857 758 ἄζυμα
3890 691 3986 744 καί

711 767 872 836 lngus
909 775 1260 844 terrmn'dque
1289 781 1546 845 postridie
1591 781 1868 834 Paschalis
1887 781 2188 847 ,placentas
2217 783 2299 832 in-

2406 781 2534 836 νέα.
2558 780 2754 842 Καλῶς
2789 797 2851 847 γε
2891 782 2918 832 6
2941 779 3130 843 τύπος,
3163 780 3300 848 μετὰ
3333 781 3430 849 τὴν
3451 783 3507 832 ὲν
3529 782 3750 852 Χριστῷ
3769 800 3988 852 περιτο-

713 861 1078 931 (ermentatas,
1111 879 1157 920 et
1188 872 1362 936 spicas
1389 881 1689 935 novas,etc.
1721 869 1810 942 [V,
1832 870 1944 941 11.]
1974 869 2098 926 Post
2129 884 2298 924 sacrm

2297 893 2298 902 η
2409 875 2538 944 μὴν,
2570 875 2667 926 καὶ
2705 874 2805 944 τὴν
2837 874 2925 926 δια
2959 871 3053 925 τοῦ
3093 873 3250 940 ἁγίου
3286 872 3660 942 βαπτίσματος
3696 873 3984 942 λύτρωσιν,

707 957 856 1008 enim
892 959 1179 1015 tinctiouis
1218 963 1473 1031 ﬁguram,
1524 965 1772 1034 mystica:
1825 978 2046 1033 quoque
2097 979 2299 1018 mensa;

2298 991 2299 996 η
2403 965 2501 1035 τὴν
2534 964 2627 1016 τοῦ
2671 965 2861 1033 Πάσχα
2897 965 3032 1033 ἡμῖν
3087 965 3393 1031 εἰσηγεῖται
3444 962 3670 1032 τροφὴν,
3724 965 3824 1032 τὴν
3882 983 3985 1034 μυ-

711 1047 960 1102 exhiberi
992 1061 1110 1103 erat
1144 1066 1394 1107 necesse.

2404 1058 2597 1125 στικὴν
2624 1057 2994 1119 αἰνιττόμενος
3045 1055 3318 1122 εὐλογίαν.
3349 1054 3423 1106 Τὸ
3463 1054 3572 1124 γὰρ
3602 1055 3794 1124 Πάσχα
3827 1058 3985 1125 ἡμῶν

779 1139 857 1192 Ac
917 1142 1388 1208 quemadmodum
1443 1146 1701 1200 Christus
1759 1160 1886 1201 cum
1929 1145 2132 1216 pascha
2182 1145 2297 1201 suis
2402 1148 2466 1200 ὐτι

1552 1147 1701 1200 'istus
1759 1160 1886 1201 cum
1929 1145 2132 1216 pascha
2182 1145 2297 1201 suis
2402 1147 2545 1218 ὑπὲρ
2573 1146 2730 1218 ἡμῶν
2779 1147 2948 1218 ἐτύθη
2981 1149 3239 1216 Χριστός.

706 1244 834 1282 cum
885 1231 1177 1301 discipulis
1213 1238 1569 1301 comedisset,
1629 1239 1763 1307 legis
1793 1239 2017 1307 pascha,
2055 1253 2196 1292 nova
2232 1251 2296 1291 ac

2478 1239 2692 1307 Ὥσπερ
2732 1240 2762 1292 6
2811 1240 3050 1309 Χριστὸς
3099 1240 3296 1294 ἐσθίων
3321 1241 3382 1294 τὸ
3436 1241 3627 1309 Πάσχα
3667 1239 3728 1292 τὸ
3763 1239 3986 1307 νομικὸν

705 1323 1238 1390 spirituali‘victima
1277 1328 1566 1381 exordium
1598 1330 1916 1400 aditumque
1948 1339 2294 1399 capescente,

2405 1333 2543 1401 μετὰ
2577 1333 2686 1385 τῶν
2720 1332 3005 1402 μαθητῶν,
3039 1333 3130 1386 καὶ
3167 1333 3370 1401 μεταξύ
3399 1332 3510 1402 (36)
3542 1330 3636 1383 τοῦ
3677 1333 3844 1400 ἄρτου
3884 1331 3984 1397 τῆς

706 1413 1030 1479 abrogavit;
1073 1415 1146 1467 ita
1185 1418 1412 1484 quando
1446 1419 1698 1471 subactis
1731 1421 1943 1489 azymis
1976 1417 2123 1472 Nave
2151 1419 2297 1473 ﬁlius

2402 1425 2753 1493 εὐχαριστίας
2784 1424 2880 1476 καὶ
2909 1425 2969 1476 τὸ
2999 1425 3267 1494 ποτήριον
3301 1425 3630 1493 εὐλογήσας,
3661 1425 3722 1475 τὸ
3761 1424 3987 1490 νομικὸν

705 1520 802 1556 ceu
846 1505 896 1556 in
935 1505 1108 1573 ﬁgura
1152 1504 1364 1562 Pascha
1413 1511 1642 1578 agitavit
1688 1520 1844 1566 vetus
1877 1526 2090 1564 manna;
2136 1510 2296 1564 cibus

2402 1516 2595 1584 Πάσχα
2629 1515 2998 1578 κατέπαυσεν,
3031 1517 3207 1584 ἀρχὴν
3238 1517 3332 1568 καὶ
3387 1516 3623 1584 πάροδον
3655 1516 3756 1582 τῆς
3792 1515 3986 1580 καινῆς

703 1606 831 1649 ante
871 1598 1157 1655 Paschalis
1189 1602 1337 1656 diem
1375 1614 1661 1670 postremo
1693 1612 1889 1671 captus
1928 1604 2186 1658 exolevit.

2403 1607 2496 1657 καὶ
2521 1607 2715 1672 νοερᾶς
2755 1605 2946 1667 θυσίας
2980 1605 3284 1675 λαϐούσης·
3316 1605 3459 1658 οὕτω
3504 1605 3599 1658 καὶ
3639 1608 3667 1658 6
3705 1605 3798 1656 τοῦ
3831 1606 3981 1672 Ναυῆ

705 1691 830 1749 παῖς
857 1688 932 1749 ὡς
963 1692 1022 1742 ἐν
1053 1692 1214 1754 τύπῳ
1245 1693 1409 1762 ἡνίκα
1435 1696 1547 1757 τοῖς
1580 1699 1642 1747 ἐκ
1671 1694 1766 1747 τοῦ
1800 1697 1920 1746 νέου
1945 1695 2092 1746 σίτου
2123 1692 2446 1762 φυραθεῖσιν
2469 1693 2703 1763 ἀζύμοις
2735 1696 3006 1766 πεποίηκε
3038 1695 3097 1748 τὸ
3126 1695 3341 1764 Πάσχα,
3375 1697 3408 1766 ἡ
3442 1695 3646 1748 παλαιὰ
3675 1693 3899 1764 βρῶσις,
3925 1696 3987 1746 τὸ

703 1779 898 1846 μάννα,
929 1781 1273 1854 ὑπεχώρησε,
1297 1787 1386 1838 καὶ
1404 1788 1461 1838 ἐν
1487 1787 1668 1856 ἐκείνη
1695 1789 1760 1855 τῇ
1780 1775 1962 1855 ἡμέρα
1983 1785 2250 1848 ἐξέλιπεν.

785 1870 930 1923 Vidit
960 1889 1275 1941 comparare
1317 1879 1418 1930 sibi
1449 1879 1710 1931 hominem
1745 1877 1898 1942 cujus
1926 1876 2138 1945 gladius
2177 1874 2292 1927 dis-
2322 1878 2365 1937 Β
2461 1884 2472 1928 i

2322 1878 2365 1937 Β
2461 1871 2644 1930 Εἵδεν
2694 1877 3011 1946 ἄνθρωπον
3078 1877 3382 1946 ἑστηκότα
3422 1877 3706 1931 ἐναντίον
3751 1877 3981 1932 αὐτοῦς

702 1964 888 2017 trictus
960 1976 1098 2029 erat,
1142 1977 1250 2021 etc.
1307 1967 1448 2040 [Κλ]
1500 1970 1628 2024 Post
1683 1969 1841 2022 ﬁdem
1901 1969 1953 2021 in
2011 1967 2290 2021 Christum

2397 1967 2493 2020 καί
2543 1968 2582 2034 ἡ
2620 1969 2889 2037 ῥομφαιά
2931 1970 3294 2038 ἐσπασμένη
3342 1970 3413 2022 ἐν
3455 1968 3529 2036 τῇ
3571 1969 3721 2038 χειρὶ
3771 1954 3985 2022 αὐτοῦ.

703 2063 1028 2124 conceptam
1063 2066 1343 2112 certamen
1395 2076 1518 2114 cum
1572 2061 1826 2114 hostibus
1879 2059 2150 2127 reliquum
2183 2067 2290 2122 est,

2396 2059 2551 2112 Μετὰ
2602 2058 2701 2129 τὴν
2737 2061 2818 2122 εἰς
2877 2054 3113 2130 Χριστδν
3162 2061 3346 2112 πίστιν
3390 2060 3579 2111 λοιπὸν
3624 2061 3652 2110 6
3685 2061 3821 2128 πρὸς
3854 2063 3983 2121 τούς

699 2150 963 2214 quocirca
1000 2152 1170 2205 armis
1211 2153 1600 2221 spiritualibus
1656 2153 1988 2207 instructum
2035 2165 2180 2213 esse,
2209 2150 2292 2202 di-

2395 2149 2690 2220 πολεμίους
2723 2153 2870 2204 ἐστὶν
2916 2151 3068 2218 ἀγὼν
3095 2153 3210 2210 τοῖς
3268 2150 3748 2218 καθωπλισμένοις
3793 2151 3982 2213 ὅπλοις

698 2239 953 2306 vinisque
988 2239 1455 2307 promissionibus
1484 2240 1715 2293 ﬁrmiter
1741 2241 1898 2293 inuiti
1933 2248 2016 2293 est
2040 2251 2286 2292 necesse.

2395 2245 2914 2313 πνευματικοῖς,καὶ
2931 2245 3051 2305 ταῖς
3076 2243 3170 2294 τοῦ
3197 2243 3334 2294 Θεοῦ
3385 2241 3781 2312 τεθαρρηκόσιν
3811 2245 3987 2309 ὲπαγ-

696 2332 763 2383 At
787 2330 1072 2399 probabile
1107 2341 1223 2384 erat
1259 2330 1425 2387 Josue
1463 2333 1737 2386 hominem
1771 2346 1894 2386 esse
1931 2329 2290 2397 hostibusque

2393 2335 2623 2403 γελίαις.
2669 2335 2808 2387 Ἀλλ’
2842 2335 2989 2397 είκὸς
3026 2331 3096 2404 ἦν
3120 2333 3406 2404 ἄνθρωπον
3453 2333 3582 2384 δντα
3611 2333 3700 2383 τὸν
3753 2332 3980 2400 Ἰησοῦν,

700 2421 1045 2492 undequavis
1079 2425 1343 2485 stipatum
1383 2433 1527 2477 metu
1573 2423 1914 2476 labefactari.
1945 2421 2290 2490 Quapropter

2393 2427 2487 2478 ml.
2521 2425 2860 2495 πανταχόθεν
2901 2425 3184 2495 πολεμίοις
3237 2423 3659 2493 κεκυκλωμένον
3705 2425 3842 2491 πρὸς
3875 2423 3983 2474 δει-

695 2517 769 2568 illi
807 2514 1014 2568 indicat
1062 2514 1211 2571 Deus
1273 2532 1333 2570 sc
1376 2516 1642 2570 invisibili
1693 2530 1792 2569 sua
1842 2515 2089 2584 potentia
2147 2513 2282 2581 ipsis

2393 2521 2514 2574 λίαν
2552 2521 2806 2574 ὀκλάσαι,
2837 2518 3140 2588 Τοιγαροῦν
3175 2519 3448 2571 δείκνυσιν
3504 2516 3652 2586 αὐτῴ
3707 2515 3861 2577 Θεὸς,
3906 2515 3979 2577 ὡς

697 2624 1070 2680 prepugnare,
1109 2609 1299 2664 habitu
1354 2610 1500 2664 enim
1554 2609 1726 2664 armis
1767 2608 2024 2664 instructi
2061 2618 2285 2673 compa-

2392 2616 2624 2685 ἀόρατος
2694 2613 2876 2666 αὐτῶν
2929 2613 3347 2682 ὐπερμαχήσειε
3405 2609 3658 2679 δύναμις.
3719 2607 3976 2660 Ὀπλίτου

695 2704 824 2757 ruit.
2391 2707 2501 2776 γάρ
2528 2706 2622 2758 καὶ
2655 2705 2752 2758 τοῦ
2786 2705 3050 2774 φανέντος
3077 2704 3137 2756 τὸ
3163 2703 3373 2772 σχῆμα.

762 2798 840 2850 lta
917 2798 1052 2854 Μοδί
1105 2814 1333 2870 quoque
1389 2796 1455 2851 ad
1510 2795 1855 2850 Pharaonem
1931 2795 2286 2849 descendenti

2464 2799 2622 2852 Οὕτω
2693 2798 2790 2850 καὶ
2855 2797 3086 2852 Μωύσεῖ
3134 2796 3274 2864 πρὸς
3332 2791 3534 2864 Φαραὼ
3599 2790 3981 2845 καταϐαίνοντι

693 2890 836 2944 visio
868 2891 1314 2944 ceuﬁrmatiouis
1345 2905 1514 2943 causa
1554 2897 1640 2942 est
1675 2887 1913 2957 objecta.
1945 2885 2024 2939 Ita
2079 2884 2288 2940 Jacobo

2391 2891 2631 2944 όπτασία
2677 2889 2814 2958 πρὸς
2853 2887 3058 2956 θάρσος
3106 2886 3397 2954 ἐφαίνετο·
3444 2884 3590 2938 οὕτω
3636 2885 3730 2935 καὶ
3787 2881 3983 2936 Ἰακὼϐ

691 2998 816 3034 cum
860 2982 1002 3035 Esau
1045 2983 1458 3036 reformidaret.
1497 2979 1574 3033 Ita
1603 2995 1828 3050 quoque
1857 2979 2078 3033 servulo
2109 2977 2284 3033 Elismi
2316 3002 2358 3058 ο

2316 3002 2358 3058 C
2394 2985 2486 3037 ἐπὶ
2508 2982 2602 3035 τοῦ
2643 2980 2816 3034 Ἡσαῦ
2837 2995 2850 3008 ·
2875 2981 3019 3033 οὓτω
3048 2980 3143 3032 καὶ
3173 2978 3255 3049 τῷ
3279 2977 3554 3045 παιδαρίῳ
3585 2975 3678 3028 τοῦ
3709 2973 3986 3026 Ἰιζλισσαιδ

691 3076 988 3130 multitudo
1039 3091 1306 3130 curruum
1363 3083 1447 3129 est
1506 3085 1749 3129 ostensa.
1803 3072 2076 3127 Cicterum
2115 3068 2286 3126 Iosue

2397 3073 2604 3142 πλῆθος
2653 3073 2954 3142 ἁρμάτων·
3012 3069 3148 3139 πρὸς
3206 3069 3272 3138 ἢν
3333 3067 3542 3137 Ἰησοῦς
3598 3063 3984 3134 ἀμφιϐάλλων,

688 3169 892 3224 dubius
924 3171 1181 3238 quamvis
1217 3171 1265 3223 ei
1317 3169 1479 3223 [idem
1524 3167 1742 3221 tribuit.
1793 3165 1911 3220 Non
1964 3167 2107 3220 enim
2157 3179 2284 3234 spe-

2395 3163 2749 3225 πυνθάνεται,
2791 3163 2866 3233 μὴ
2919 3162 3029 3215 τῶν
3079 3161 3146 3213 δι’
3182 3159 3434 3222 ἐναντίας
3490 3157 3898 3227 φενακιζόντων
3952 3157 3985 3225 ὴ

688 3275 867 3318 ctrum
900 3263 1071 3334 486
1119 3262 1221 3315 fuit
1257 3263 1365 3316 tale
1412 3261 1615 3330 quibus
1665 3261 2057 3314 dementautur
2112 3257 2280 3311 oculi.

2394 3258 2514 3312 θέα.
2560 3255 2867 3327 Ἐθάρρησε
2904 3254 2984 3318 δὲ,
3009 3254 3085 3316 ὡς
3151 3254 3281 3316 ἴδιος
3316 3255 3344 3305 6
3402 3251 3614 3320 φανείς.
3668 3251 3744 3302 Οὐ
3784 3248 3895 3317 γάρ
3919 3247 3988 3300 ἂν

690 3357 977 3411 Fiduciam
1025 3371 1154 3410 vero
1197 3353 1265 3409 de
1316 3369 1381 3408 eo
1441 3363 1703 3422 tanquam
1756 3351 1823 3406 de
1861 3349 2143 3412 familiari,
2193 3349 2284 3419 qui

2393 3350 2633 3419 τούνομα
2666 3347 2873 3419 Κυρίου
2906 3347 3102 3419 φέρειν
3139 3346 3440 3416 ἐτόλμησεν
3470 3345 3561 3396 ἐπὶ
3592 3343 3878 3408 στόματος.
3919 3343 3987 3393 ’Ὀ

689 3451 857 3504 modo
916 3448 1219 3502 advenerat
1260 3446 1553 3516 concepit,
1617 3443 1821 3512 alioqui
1877 3443 2023 3496 enim
2083 3457 2284 3495 nomen

2395 3445 2488 3496 καὶ
2521 3441 2681 3497 ἄλλου
2733 3441 3007 3510 λέγοντος,
3065 3441 3114 3493 ot
3145 3439 3403 3508 δαίμονες
3449 3436 3583 3489 ὡσεὶ
3620 3435 3825 3496 καπνὸς
3871 3433 3991 3485 διας

691 3543 907 3597 Domini
936 3558 1045 3596 non
1076 3555 1350 3612 usurpare
1375 3554 1642 3595 ausurum
1675 3535 2115 3609 cogitavit.Cum
2142 3535 2284 3591 alius

2393 3534 2637 3592 λύονται.
2680 3533 2771 3588 Διὸ
2821 3534 2917 3588 καὶ
2960 3533 3038 3604 τῷ
3080 3532 3308 3603 ὀνόματι
3339 3527 3434 3584 τοῦ
3486 3527 3622 3582 Θεοῦ
3665 3527 3989 3597 προσήγαγε

686 3639 965 3706 quispiam
1028 3637 1200 3698 dicat,
1246 3636 1525 3690 dtemones
1579 3633 1716 3688 fumi
1754 3634 1930 3686 instar
1963 3630 2282 3701 dilIugiuut.

2394 3629 2493 3700 τὴν
2527 3628 2927 3700 προσκύνησιν.
2958 3629 3034 3680 υύ
3063 3627 3174 3697 γὰρ
3204 3629 3269 3696 τῇ
3299 3625 3480 3677 κτίσει
3533 3621 3892 3692 λατρεύουσιν
3936 3623 3988 3672 ot

685 3732 1047 3800 Quapropter
1081 3727 1172 3783 Dei
1206 3743 1427 3799 quoque
1475 3726 1700 3782 nomine
1745 3724 2124 3780 inclinatiouis
2185 3723 2286 3778 bo-

2393 3723 2562 3793 ἅγιοι.
2589 3721 2664 3775 οὐ
2698 3723 2836 3790 πρὸς
2869 3721 2929 3774 τὸ
2963 3721 3131 3789 φανὲν
3160 3714 3276 3785 οὖν,
3311 3716 3431 3770 οὐδὲ
3456 3715 3538 3779 τὸ,
3561 3716 3832 3780 Δέσποτα,
3865 3711 3989 3765 οὐδὲ

686 3840 880 3880 norem
907 3823 1128 3878 detulit.
1162 3820 1281 3876 Non
1315 3823 1462 3876 enim
1498 3830 1815 3874 creaturam
1845 3819 2021 3873 sancti
2067 3817 2282 3872 colunt.

1876 3819 2021 3872 aucti
2067 3817 2282 3872 colunt.
2393 3818 2476 3885 τὸ,
2525 3837 2542 3870 ε
2568 3817 2648 3871 Τίσ
2667 3815 3036 3888 προστάσσεις
3063 3814 3141 3886 τῷ
3167 3814 3358 3886 οἰκέτῃ
3382 3828 3474 3866 σου
3502 3827 3517 3876 ;
3545 3829 3562 3863 ι

683 3920 867 3986 Quare
913 3933 1014 3972 nec
1059 3928 1281 3986 spectro
1311 3917 1414 3980 vel,
1467 3913 1719 3977 Domine,
1751 3913 1834 3966 vel
1883 3931 1900 3963 ι
1930 3911 2072 3979 Quid
2115 3914 2286 3984 impe-

686 4029 778 4068 ras
811 4011 1019 4068 famulo
1051 4019 1168 4073 tuo,
1213 4030 1230 4061 ι
1271 4008 1431 4064 dixit.

756 4104 1043 4174 Tanquam
1080 4111 1368 4172 promptus
1393 4117 1524 4156 vero
1550 4102 1615 4156 ad
1654 4101 1943 4171 imperium
1985 4113 2287 4168 capessen-

2468 4112 2480 4128 ⁸
2511 4107 2770 4177 Ἔτοιμός
2823 4109 2941 4178 είμι
2989 4103 3422 4176 πειθαρχεῖντῷ
3479 4101 3733 4174 ὑμετέρῳ
3812 4115 3992 4170 προσ-

683 4199 811 4252 dum
845 4199 959 4252 haec
995 4197 1162 4251 verba
1188 4196 1416 4266 protulit
1470 4195 1626 4266 juxta
1682 4194 1812 4248 illud
1852 4212 1866 4246 :
1898 4210 1915 4243 ι
1961 4189 2284 4262 Promptum

2395 4199 2661 4268 τάγματι.
2697 4197 2856 4252 Οὐτω
2890 4196 3418 4268 παρασκευάζεσθαι
3449 4195 3529 4251 δεῖ
3563 4195 3689 4256 τοὺς
3736 4193 3989 4260 λειτουρ-

683 4297 769 4343 est
795 4302 892 4342 cor
923 4303 1132 4349 meum,
1157 4302 1189 4341 ο
1217 4285 1362 4341 Deus
1395 4287 1459 4343 ⁷⁸.
1491 4305 1508 4336 ι
1538 4286 1649 4340 Hoc
1692 4286 1840 4340 enim
1872 4285 2151 4353 ingenium
2189 4284 2282 4340 Dei

2395 4289 2626 4356 γοῦντας
2655 4289 2796 4359 Θεῷ,
2828 4291 2921 4342 καὶ
2948 4289 3130 4358 λέγειν
3170 4290 3309 4358 μετὰ
3349 4286 3444 4340 τοῦ
3477 4284 3771 4339 θεσπεσίου
3798 4283 3993 4349 Δαϐὶδ,

683 4380 1068 4440 ministrorum
1108 4388 1213 4433 est.
2314 4375 2358 4432 D

2314 4375 2358 4432 D
2395 4401 2413 4432 ι
2437 4383 2662 4454 Ἑτοίμη
2681 4385 2714 4452 ἠ
2733 4382 2930 4455 καρδία
2956 4400 3080 4452 μου,
3098 4383 3126 4435 6
3142 4380 3296 4443 Θεὸς,
3318 4379 3511 4449 ἑτοίμη
3533 4380 3567 4449 ἡ
3591 4377 3795 4447 καρδία
3815 4392 3939 4446 μου.
3971 4400 3988 4433 ι

757 4519 946 4591 Itaque
974 4535 1083 4575 non
1116 4534 1509 4590 quamcunque
1542 4519 2027 4590 disceptationem,
2064 4519 2390 4590 priusquam
2425 4521 2571 4574 unde
2604 4520 2851 4591 profecta
2889 4519 2960 4574 sit
2994 4517 3449 4590 cognoverimus.
3481 4512 3840 4583 recipiemus.

755 4633 1126 4689 Securitatem
1184 4633 1476 4704 pollicetur
1540 4631 1752 4697 Josue,
1809 4630 2280 4701 quemadmodum

2462 4641 2478 4659 ⁶
2507 4636 2719 4707 Θάρσος
2748 4635 2936 4689 δίδωσι
2950 4635 3027 4704 τῷ
3061 4633 3261 4702 Ἰησοῦ,
3313 4631 3506 4701 ὥσπερ
3531 4630 3625 4682 καὶ
3643 4627 3722 4699 τῷ
3754 4629 3989 4696 Μωῦσῇ·

683 4726 844 4792 Mosi,
895 4725 1188 4795 discipulis
1251 4725 1379 4780 item
1443 4726 1528 4780 his
1572 4727 1799 4780 verbis:
1841 4746 1858 4776 ε
1910 4725 1988 4780 Ne
2034 4732 2285 4780 assumat

2389 4727 2485 4780 καὶ
2528 4729 2645 4789 τοῖς
2679 4725 2951 4796 μαθηταῖς
2981 4723 3038 4776 δὲ
3069 4725 3097 4777 6
3130 4722 3354 4792 Κύριος,
3393 4720 3591 4787 λέγων,
3633 4738 3650 4772 ι
3685 4718 3778 4789 Μὴ
3810 4718 3998 4786 αίρειν

682 4821 915 4891 virgam,
953 4834 1055 4875 nec
1107 4828 1342 4887 petram,
1397 4833 1498 4873 uec
1549 4819 1766 4873 calceos
1817 4817 1929 4868 ⁸ο.»
1979 4816 2080 4870 Dat
2128 4818 2281 4871 enim

2391 4818 2610 4889 ῥάϐδον,
2649 4817 2788 4887 μηδέ
2830 4818 3040 4887 πήραν,
3091 4814 3226 4886 μηδὲ
3293 4813 3654 4884 ὑποδήματαο
3690 4830 3707 4862 ι
3746 4811 3870 4872 δοὺς
3899 4811 3999 4862 αὐ-

680 4915 763 4969 eis
790 4919 1119 4984 potestatem
1169 4911 1423 4966 calcandi
1478 4926 1645 4982 super
1699 4923 1987 4981 serpentes
2036 4919 2090 4965 et
2126 4925 2283 4969 scor-

2387 4915 2502 4974 τοῖς
2536 4910 2790 4976 ἐξουσίαν
2840 4911 3034 4962 πατεῖν
3091 4909 3282 4962 ἐπάνω
3333 4907 3513 4976 ὄφεων
3558 4906 3652 4956 καὶ
3685 4904 3995 4974 σκορπίων.

678 5009 872 5077 pioues
907 5005 973 5058 ⁸¹.
2397 5004 2564 5058 Οὐδὲν
2591 5003 2702 5074 γὰρ
2734 5004 2900 5073 ὑμᾶς,
2940 5002 3131 5072 φησὶν.
3163 5001 3538 5071 ἀδικήσουσιν.

751 5095 910 5152 Solve
971 5095 1391 5149 calceamentum
1454 5105 1635 5156 mum,
1696 5105 1804 5150 etc.
1857 5092 1995 5166 [IG.]
2048 5092 2282 5158 Ouidam

2465 5097 2674 5151 Λῦσον
2696 5097 2763 5150 τὸ
2780 5095 3238 5164 ὐπόδημα.Τινὲς
3261 5094 3372 5160 τὸ,ι
3399 5089 3571 5145 Λῦσαι
3594 5092 3654 5144 τὸ
3678 5090 3958 5158 ὑπόδημα,
3976 5109 3993 5139 ι

681 5208 809 5247 vero
874 5191 1008 5245 illud
1078 5208 1090 5243 ι
1161 5210 1176 5242 ε
1247 5189 1410 5244 Solve
1489 5189 1926 5243 calceameutum
2001 5197 2200 5253 tuum,
2260 5206 2278 5239 ι

2393 5189 2473 5254 τὸ,
2494 5190 2732 5259 Κίνησον
2758 5189 2849 5240 τὸν
2880 5189 3015 5240 πόδα
3051 5205 3145 5240 σου
3175 5185 3318 5240 κατᾶ
3347 5185 3456 5236 τῶν
3486 5183 3718 5252 ἐχθρῶν,
3751 5181 4001 5249 δηλῶσαί

680 5301 839 5340 move
910 5283 1100 5354 pedem
1150 5293 1304 5336 tuum
1365 5291 1562 5336 contra
1636 5284 1823 5337 hostes
1884 5294 2008 5336 tuos
2071 5281 2285 5350 signiﬁ-

2395 5298 2580 5351 φασιν.
2625 5280 2838 5335 Ὀποῖόν
2870 5283 2986 5334 ἐστι
3029 5279 3112 5344 τὸ,
3174 5298 3192 5331 t
3241 5277 3364 5330 Ἐπὶ
3409 5277 3503 5348 τὴν
3550 5274 3859 5342 Ἰδουμαίαν
3907 5276 4003 5326 ἐκ-

679 5394 810 5432 care
851 5387 1133 5433 asserunt.
1184 5378 1357 5442 Quale
1383 5377 1519 5432 illud
1559 5385 1643 5431 est
1669 5393 1680 5426 :
1709 5395 1725 5425 ι
1765 5375 1942 5446 Super
1991 5375 2280 5429 Idumaeam

2391 5375 2530 5431 τενῶ
2587 5376 2648 5428 τὸ
2696 5375 2952 5445 ὐπόδημά
2985 5373 3230 5436 μουνέπὶ
3294 5372 3458 5442 tam,
3512 5367 3801 5438 ὀρθότερὴ
3859 5367 4000 5428 τοῦ,

678 5473 970 5526 extendam
996 5471 1219 5525 calceos
1245 5483 1397 5523 meos
1425 5469 1493 5533 ",
1522 5487 1538 5520 ι
1591 5467 1694 5522 hoc
1725 5475 1832 5530 est,
1880 5485 1897 5518 ε
1931 5465 2116 5537 Ipsum
2142 5481 2277 5520 con-

2389 5469 2713 5524 καταπατῶ.
2755 5469 2895 5522 Ἀλλ’
2922 5471 2956 5542 η
2985 5469 3134 5525 αἰτία
3164 5465 3394 5532 κωλύει,
3426 5463 3659 5533 λέγουσα
3681 5479 3694 5492 ⁸
3734 5480 3752 5514 ι
3796 5461 3856 5516 Ὀ
3891 5461 4004 5532 γάρ

751 5663 793 5690 τ’
821 5659 964 5714 Psal.
999 5675 1129 5725 cvn,
1168 5666 1222 5720 εξ.
1331 5656 1376 5686 ⁸ο
1409 5653 1602 5709 Matth.
1635 5668 1686 5715 Χ,
1717 5641 1832 5706 ωδ
1898 5652 1940 5682 ⁸⁸
1976 5649 2110 5705 Luc.
2142 5666 2193 5713 ι,
2242 5650 2327 5706 19.
2406 5650 2438 5680 ⁸⁵

1190 5667 1222 5719 ε,
1331 5656 1376 5686 ⁸ο
1409 5653 1602 5709 Matth.
1635 5668 1686 5715 χ,
1717 5641 1832 5706 10.’
1898 5652 1940 5682 ⁸*
1976 5649 2110 5705 Luc.
2142 5666 2193 5713 ι,
2242 5650 2327 5706 19.
2406 5650 2449 5680 ⁸⁸
2477 5649 2622 5707 Psal.
2646 5665 2758 5717 th,
2796 5658 2877 5714 ιο,

2191 5769 2420 5827 ΝΟΤἉΕ.

738 5870 866 5940 (fit?)
908 5873 1011 5924 "10'.
1043 5871 1350 5937 άναγνωστ.
1386 5870 1544 5936 οὕτω,
1577 5867 1781 5939 μεταξ)
1815 5868 1904 5920 τὶν
1936 5868 2117 5938 ἄρτον.
