4272 6446
338 377 471 445 1013
1466 382 1972 442 COMMENTARI

2050 378 2129 438 IN
2161 379 2416 439 JOSUE.
3471 365 3607 427 1014

335 495 519 557 τόπος,
550 494 606 545 έν
643 485 688 560 ᾧ
723 503 786 545 οὐ
818 493 1087 562 ἕστηκας,
1127 494 1281 562 ἅγιός
1343 496 1478 549 ἐστι.
1516 514 1536 548 1
1583 496 1717 550 Θεοῦ
1749 497 1925 549 τοίνυν
1956 504 1983 557 Α

2050 493 2282 548 :ulcabo.
2319 511 2337 543 ›
2386 492 2583 546 Verum
2637 501 2803 542 causa
2862 500 3025 555 quam
3091 485 3248 549 dicit,
3294 483 3344 536 id
3382 493 3608 536 credere

336 583 724 653 ἐνεργοῦντος,
780 583 1140 638 ὐπολελύσθαι
1201 589 1467 657 προσήκει
1517 589 1609 641 τὸν
1663 589 1785 658 διριν
1829 590 1920 642 τὸν

2050 586 2282 641 irohibet
2320 605 2331 639 :
2360 603 2378 636 (
2425 583 2605 638 Locus
2634 583 2778 636 enim
2821 581 2876 633 in
2905 593 3014 648 quo
3044 587 3160 632 stas
3193 585 3418 632 sanctus
3443 583 3545 630 est.
3587 597 3602 623 ι
3676 630 3693 641 ν

338 675 600 727 δάκνοντα
643 675 950 744 μηδαμῶς,
1004 675 1385 745 λογιζομένους
1437 680 1526 731 ὅτε
1577 682 1672 732 καὶ
1723 679 1822 750 τὴν
1866 679 1924 746 ἐξ

2050 677 2134 730 ⁵οΓ
2184 691 2343 745 opem
2399 676 2584 744 itaque
2633 675 2877 727 divinam
2913 679 3222 740 serpentem
3258 673 3351 739 qui
3387 669 3611 727 minimc

341 764 625 836 ἁμαρτιῶν
659 766 1081 838 αποσαλούμεθα
1110 769 1395 834 νέκρωσιν.

2050 772 2346 840 ipinantem
2374 771 2493 830 icit,
2536 776 2796 822 excutere
2842 765 3125 828 convenit,
3160 778 3268 832 quo
3295 762 3457 817 simul
3489 777 3612 830 pec-

2027 863 2136 915 cati
2166 875 2386 932 quoque
2417 859 2898 914 mortiﬁcationem
2931 857 3273 924 abjiciemus.

416 961 650 1028 Septimo
681 971 857 1015 autem
885 963 968 1016 dic
1032 961 1384 1016 circuutibitis
1405 963 1672 1016 civitatem
1708 965 1921 1031 septies,
1953 971 2057 1018 etc.
2092 963 2207 1036 [VL
2242 962 2324 1034 4.]
2361 964 2467 1029 Qui
2511 971 2683 1017 totam
2732 960 2916 1015 mundi
2953 959 3222 1013 fabricam
3274 974 3368 1011 sex
3414 957 3609 1011 diebus

345 1051 598 1118 perfecit,
630 1051 775 1104 lente
807 1050 874 1103 ad
915 1049 1082 1104 unius
1109 1051 1352 1104 civitatis
1375 1051 1724 1104 eversionem
1748 1050 1990 1105 bonitate
2030 1050 2329 1118 impeditus
2371 1050 2711 1120 aggreditur.
2738 1047 2856 1102 Non
2887 1049 3033 1102 enim
3076 1047 3276 1099 virium
3320 1045 3616 1098 imbecilli-

345 1146 456 1191 tate
486 1152 610 1191 esse
645 1139 847 1190 factum
876 1137 1142 1206 propheta
1172 1145 1428 1201 testatur,
1453 1137 1519 1190 ad
1553 1139 1728 1206 ipsum
1758 1139 1948 1192 dicens
1987 1155 2000 1190 :
2041 1156 2058 1188 ι
2089 1135 2146 1190 Si
2201 1138 2403 1191 ciuium
2441 1136 2787 1205 patefeceris,
2838 1143 3051 1186 montes
3092 1144 3295 1186 tremor
3330 1133 3406 1184 tui
3467 1133 3619 1183 iuva-

345 1225 437 1278 ilet
465 1224 533 1276 ".
571 1243 590 1276 ι
622 1222 827 1277 Verum
862 1223 1326 1292 quemadmodum
1353 1222 1545 1279 Ninive
1574 1225 1816 1279 triduum
1869 1223 2262 1293 resipiscentia‘:
2303 1223 2475 1287 dedit,
2528 1225 2600 1276 ita
2651 1223 2733 1278 his
2763 1237 2987 1291 quoque
3022 1230 3255 1288 septem.
3301 1219 3482 1288 thue
3543 1219 3618 1270 illi

344 1308 540 1363 Jonam
573 1324 879 1378 praeconem
909 1311 1246 1374 habuerunt,
1272 1311 1350 1364 ita
1380 1310 1432 1363 hi
1470 1309 1662 1365 Itahab
1704 1311 1933 1366 habent.
1959 1312 2190 1379 Insuper
2209 1324 2342 1364 vero
2363 1325 2555 1364 omnes
2584 1319 2833 1380 portenta
2855 1324 2974 1378 qua:
2994 1307 3257 1360 Dominus
3292 1306 3618 1374 designavit,

345 1397 574 1450 auribus
611 1404 956 1465 acceperant.
994 1397 1058 1450 At
1085 1396 1227 1449 idem
1255 1397 1347 1464 qui
1396 1395 1531 1450 dicit
1567 1415 1580 1450 :
1612 1416 1630 1448 ι
1666 1396 2140 1453 Nouscortaberis
2170 1399 2236 1460 “,
2288 1419 2305 1451 ι
2349 1415 2444 1469 per
2478 1400 2645 1454 Josue
2689 1401 2867 1468 inquit
2903 1418 2916 1451 :
2949 1417 2964 1448 ι
3014 1395 3177 1450 Vivat
3217 1395 3415 1448 ltahali
3444 1409 3622 1446 mere-

347 1486 474 1538 trix.
517 1503 536 1535 1
568 1483 673 1549 Qui
698 1487 865 1538 etiam
889 1485 1022 1538 dicit
1055 1500 1068 1535 :
1105 1503 1124 1535 ι
1170 1483 1487 1539 Meretrices
1516 1496 1568 1537 et
1607 1484 1892 1553 publicani
1927 1501 2023 1539 vos
2045 1486 2360 1552 precedent
2395 1488 2448 1541 iu
2480 1503 2709 1558 regnum
2738 1487 3000 1540 cmloruin
3037 1484 3102 1536 ⁸⁵.
3140 1501 3157 1532 ›
3193 1481 3452 1550 Prmcipit
3490 1496 3616 1533 veru

352 1573 565 1626 militiae
601 1572 842 1636 idoneis,
877 1587 1083 1640 perque
1115 1581 1334 1625 montes
1366 1571 1659 1638 dispersis,
1707 1581 1767 1624 ut
1807 1570 2038 1628 Domino
2083 1574 2301 1628 obviam
2340 1575 2394 1628 in
2439 1576 2785 1630 obsidionem
2820 1573 3111 1642 prodeant.
3146 1571 3620 1635 Quemadmodum

351 1671 454 1711 nos
485 1671 708 1725 quoque
771 1671 800 1709 a
856 1655 1081 1709 Christo
1128 1670 1226 1724 per
1277 1653 1446 1708 duces
1473 1654 1646 1724 ipsius
1683 1654 1967 1724 jubemur,
2005 1672 2199 1712 contra
2237 1662 2424 1717 hostes
2459 1664 2712 1731 imperia,
2749 1676 2810 1714 ac
2841 1661 3188 1730 principatus
3216 1658 3500 1724 legemque
3569 1657 3622 1706 in

352 1760 522 1800 came
576 1744 893 1800 saevientem
951 1758 1219 1817 pugnare.
1280 1743 1529 1810 Quando-
1565 1753 1619 1798 et
1673 1758 1772 1798 nos
1802 1743 1855 1798 iu
1907 1746 2087 1803 oculis
2120 1748 2216 1803 Dei
2264 1753 2494 1816 erimus,
2536 1766 2646 1806 non
2686 1751 2856 1804 armis
2903 1747 3143 1810 carneis,
3183 1761 3368 1801 verum
3409 1743 3623 1813 justitia

355 1833 638 1888 instructi.

423 1943 577 1996 Διατί
637 1941 896 2010 σάλπιγξι
925 1943 1262 2014 κερατίναις,
1300 1943 1396 1997 καὶ
1445 1945 1562 2009 ταῖς
1595 1942 1692 1997 τοῦ
1745 1943 1936 2014 Ἰωϐήλ
1967 1947 1983 2007 1

2111 1947 2364 2005 Curvero
2385 1951 2531 2006 tubis
2545 1951 2761 2006 corneis
2791 1946 3100 2018 acjuhilaais
3118 1944 3409 2000 classicum
3428 1958 3582 1997 canet
3598 1959 3628 1996 e

355 2034 644 2098 σαλπίζειν
693 2033 988 2100 ὲκέλευσε;
1034 2035 1154 2088 Πᾶν
1216 2033 1356 2098 ζῶον
1417 2036 1759 2106 κερασφόρον
1799 2035 1939 2089 ὅπλα

354 2127 471 2197 ἔχει
501 2128 600 2180 καὶ
650 2128 829 2196 τεῖχος
858 2127 925 2180 τὸ
951 2125 1143 2196 κέρας,
1177 2126 1252 2190 ὼς
1297 2128 1394 2181 καὶ
1425 2129 1557 2198 ἡμῖν
1588 2128 1801 2198 κέραςύ
1831 2128 1943 2181 Κύ-

356 2237 496 2290 ριος,
529 2219 674 2272 κατά
703 2219 784 2282 τὸ,
816 2237 834 2270 ι
881 2219 1331 2290 ’Υπερασπιστής
1374 2237 1476 2290 μου
1505 2220 1599 2273 καὶ
1638 2221 1804 2291 κέρας
1836 2238 1944 2273 σω-

359 2312 553 2382 τηρίας
591 2328 719 2380 μου.
750 2329 769 2362 1
805 2339 874 2350 —-
907 2328 925 2362 ι
977 2311 1064 2364 Ἐν
1095 2312 1178 2363 σοὶ
1212 2311 1341 2380 γὰρ,
1377 2312 1531 2382 φησὶ,
1560 2315 1687 2375 τοὺς
1719 2311 1946 2382 ἐχθροὺς

356 2402 516 2474 ἡμῶν
541 2401 928 2473 κερατιοῦμεν.
969 2421 988 2455 1
1019 2402 1140 2456 Τῶν
1169 2403 1226 2456 δὲ
1261 2405 1541 2474 μαχίμων,
1571 2405 1633 2457 οὐ
1671 2404 1780 2457 τῶν
1807 2407 1946 2459 ἀπο·

356 2496 773 2550 δεδειλιακότων
825 2499 975 2551 ἐστὶν
1016 2497 1157 2551 ὲλετν
1212 2497 1313 2568 τὴν
1373 2492 1602 2568 Ἰἐριχώ.
1645 2498 1786 2560 Τοὺς
1849 2498 1949 2568 μὲν

359 2590 472 2658 γάρ
498 2589 830 2658 ἐρεθίζουσι,
855 2591 980 2654 τοὺς
1008 2590 1065 2643 δὲ
1099 2589 1504 2643 καταπτοοῦσιν
1534 2591 1591 2642 αἱ
1625 2590 1946 2659 σάλπιγγες,

359 2684 503 2736 ὅπλα
536 2683 761 2753 ἔχοντας
830 2685 1091 2754 σαρκικά.
1148 2682 1387 2736 Τοιαῦτα
1440 2682 1542 2753 τῆς
1591 2684 1855 2754 Ἱεριχοῦς
1883 2683 1952 2736 τὰ

361 2776 542 2845 τείχη,
599 2778 694 2829 καὶ
730 2778 1026 2830 πίπτουσιν
1060 2776 1164 2828 ὐπὸ
1209 2776 1492 2843 σάλπιγγι.
1525 2777 1634 2828 Καὶ
1666 2778 1698 2846 ἡ
1733 2792 1953 2846 παρεμ-

364 2867 496 2939 6ολὴ
529 2869 586 2922 δὲ
616 2868 711 2922 τοῦ
741 2869 972 2939 Μαδιάμ
999 2869 1110 2922 τῶν
1163 2875 1207 2920 τ’
1240 2869 1614 2932 σαλπιζόντων
1649 2868 1950 2936 νενίκηται.

378 2961 468 3014 Ἐν
505 2960 567 3025 ἒξ
595 2961 652 3014 δὲ
684 2962 925 3032 ἡμέραις
951 2961 1308 3024 σαλπίζουσιν
1331 2963 1377 3012 oi
1402 2963 1590 3030 ἱερεῖς.
1632 2958 1818 3012 Διόλου
1847 2959 1956 3029 γὰρ

365 3050 462 3104 τοῦ
494 3052 553 3104 ὲν
586 3050 646 3118 ἐξ
695 3051 934 3122 ἡμέραις
994 3050 1194 3113 αἰῶνος
1237 3051 1288 3103 oi
1343 3050 1488 3118 ἆγιοι
1519 3051 1726 3112 πάντες
1761 3050 1957 3118 ἄφεσιν

366 3145 791 3212 ἁμαρτημάτων
818 3144 1160 3213 κηρύττουσι
1180 3159 1194 3173 ο
1229 3142 1389 3196 τοῦτο
1411 3143 1520 3210 γάρ
1544 3144 1601 3196 αί
1623 3141 1718 3194 τοῦ
1771 3141 1958 3212 Ἰωόὴλ

369 3235 596 3304 ἐδήλουν
652 3235 955 3304 σάλπιγγες
982 3251 997 3266 ·
1055 3239 1114 3290 έν
1170 3229 1458 3305 ᾧπάντων
1485 3235 1680 3304 ἄφεσις
1725 3236 1954 3304 γίνεται,

2043 2041 2249 2112 jussit?
2279 2041 2355 2095 Eo
2387 2046 2530 2113 quod
2579 2042 2908 2097 animalibus
2937 2039 3244 2110 cornigeris
3280 2051 3488 2091 cornua
3527 2050 3625 2088 an-

2048 2149 2244 2189 norum
2299 2150 2696 2205 muroruinque
2750 2137 2868 2188 vice
2923 2141 3071 2188 sunt.
3142 2131 3402 2199 Adeoque
3470 2128 3629 2182 nobis

2047 2239 2218 2279 cornu
2254 2227 2376 2281 loco
2406 2225 2674 2281 Dominus
2701 2241 2824 2281 esse
2869 2226 3049 2289 debet,
3074 2225 3229 2294 juxta
3263 2223 3428 2276 illud:
3460 2241 3476 2272 ι
3501 2219 3630 2272 Pro-

2047 2324 2226 2372 tector
2256 2333 2434 2383 meus,
2478 2327 2533 2372 et
2586 2333 2760 2373 cornu
2814 2316 3008 2372 salutis
3040 2331 3173 2370 mea:
3200 2315 3269 2367 ⁸⁸.
3313 2333 3416 2364 1-—
3457 2331 3473 2363 ι
3513 2311 3629 2364 Tua

2048 2412 2192 2465 enim
2226 2426 2348 2480 ope,
2375 2411 2573 2480 inquit,
2608 2410 2793 2465 hostes
2849 2407 3212 2463 retundeinus
3256 2416 3475 2460 nostros
3512 2405 3575 2457 ".
3609 2424 3626 2453 ι

2051 2504 2319 2560 (Στειετιιηι
2350 2505 2739 2559 bellicosorum
2775 2518 2885 2557 non
2913 2500 3399 2556 formidolosarum
3439 2512 3636 2566 capere

2052 2603 2136 2652 est
2160 2596 2380 2650 Jericho
2411 2611 2423 2647 :
2449 2595 2573 2650 illos
2590 2595 2736 2650 enim
2791 2594 3033 2658 irritant,
3073 2593 3172 2648 hos
3221 2606 3351 2646 vero
3380 2591 3637 2642 territant

2054 2689 2144 2756 qui
2183 2703 2335 2742 arma
2366 2688 2567 2742 habent
2597 2688 2861 2742 carnalia.
2897 2684 3077 2739 Tanto
3127 2700 3256 2739 vero
3285 2684 3485 2738 muenia
3514 2697 3639 2735 cum

2057 2781 2169 2836 sint
2201 2780 2440 2846 Jericho,
2474 2782 2615 2835 tuba:
2663 2789 2845 2834 tamen
2879 2793 3012 2834 voce
3050 2777 3363 2833 concidunt.
3393 2774 3503 2830 Nec
3532 2791 3642 2828 non

2058 2883 2238 2928 castra
2269 2872 2486 2927 Madian
2510 2888 2606 2942 per
2628 2873 2905 2927 tubicines
2935 2878 3065 2926 sunt
3088 2870 3326 2924 devicta.
3360 2867 3492 2937 Ipsa:
3516 2883 3645 2922 vero

2059 2965 2204 3020 tuba:
2246 2965 2464 3035 signum
2495 2971 2758 3019 extrema:
2788 2963 2932 3016 tubae
2966 2971 3112 3017 sunt.
3135 2961 3256 3030 lpse
3288 2961 3434 3012 enim
3469 2959 3648 3011 Domi-

2061 3070 2167 3111 nus
2225 3070 2349 3110 cmn
2417 3055 2737 3110 hortatione
2775 3070 3020 3124 voceque
3054 3051 3392 3123 archangeli,
3420 3066 3483 3105 ac
3516 3050 3647 3104 tuba

2063 3148 2131 3203 de
2163 3149 2302 3203 cualo
2320 3147 2634 3202 descendet.
2670 3147 2745 3201 De
2792 3162 2903 3218 qua
2925 3146 3228 3201 Zacharias
3269 3159 3490 3215 quoque
3526 3143 3601 3196 ait
3634 3161 3648 3196 :

2015 3303 2030 3319 .
2073 3258 2090 3290 ι
2124 3238 2393 3295 Dominus
2416 3241 2766 3309 omnipotens
2801 3241 2928 3294 tuba
2967 3241 3185 3310 clanget
3220 3239 3286 3292 ⁸⁸.
3332 3257 3349 3289 ι
3385 3235 3491 3291 Sex
3523 3251 3653 3289 vero

371 3330 465 3380 καὶ
492 3329 586 3381 ἐπὶ
615 3330 742 3392 τούς
770 3329 1007 3392 οἰκείους
1037 3330 1239 3392 τόπους
1286 3331 1762 3394 ἀποκατάστασις.
1817 3330 1959 3400 Προ-

2066 3333 2262 3389 diebus
2295 3333 2424 3388 tuba
2443 3333 2760 3390 sacerdotes
2781 3335 3070 3404 clangunt,
3087 3347 3278 3386 omnes
3297 3333 3442 3386 enim
3477 3331 3653 3385 sancti

368 3422 456 3474 δια
467 3421 838 3491 μαρτύρονται
865 3420 1047 3474 τοίνυν
1064 3423 1119 3474 αί
1141 3422 1461 3490 σάλπιγγες·
1492 3439 1510 3473 ι
1534 3423 1923 3492 Μετανοήσατε
1945 3440 1959 3452 ο

369 3517 572 3586 ἡγγικε
604 3515 712 3585 γάρ
737 3516 770 3584 ἡ
807 3513 1059 3583 βασιλεία
1082 3515 1191 3569 τῶν
1221 3515 1488 3584 οὐρανῶν.
1517 3534 1534 3565 1
1565 3515 1701 3585 Περὶ
1731 3511 1800 3588 ἦς
1830 3531 1964 3585 φησι

370 3609 452 3674 τῷ
485 3605 622 3676 λαῷ,
671 3625 690 3657 ι
727 3605 1027 3659 Ἀκούσατε
1052 3604 1151 3674 τῆς
1176 3607 1361 3675 φωνῆς
1379 3605 1479 3674 τῆς
1510 3605 1842 3672 σάλπιγγος·
1871 3605 1968 3659 καὶ

371 3694 560 3762 εἶπαν,
587 3700 704 3752 Οὐκ
751 3697 1122 3768 ἀκουσόμεθα.
1161 3716 1180 3750 ι
1213 3698 1324 3750 Καὶ
1359 3698 1556 3769 Ἡσαΐᾳ
1620 3698 1678 3751 δὲ
1722 3697 1964 3767 λέγεται,

377 3811 400 3846 ι
442 3793 529 3855 Ὠς
562 3792 829 3860 σάλπιγγι
883 3790 1102 3860 ῦψωσον
1156 3789 1256 3861 τὴν
1299 3791 1486 3861 φωνὴν
1528 3807 1646 3854 σου,
1675 3794 1772 3843 καὶ
1801 3791 1970 3857 ἀνάγ-

372 3887 560 3954 γει).ον
593 3886 673 3957 τῷ
705 3885 820 3956 λαῷ
852 3885 921 3938 τὰ
947 3885 1328 3955 ἁμαρτήματα
1363 3883 1564 3937 αὐτῶν.
1595 3902 1612 3935 1
1637 3883 1747 3937 Καὶ
1777 3883 1969 3953 πρώην

378 3980 480 4050 μὲν
514 3977 664 4042 ἅπαξ
694 3995 798 4030 που
829 3976 932 4046 τῆς
955 3975 1173 4046 ἡμέρας
1203 3976 1466 4030 ἐκύκλουν
1496 3977 1545 4029 οἱ
1587 3976 1732 4044 ἅγιοι
1764 3977 1973 4048 κηρύτ-

373 4087 561 4133 τοντες
619 4070 794 4124 ἅπασι
861 4069 962 4138 τῆς
1021 4067 1306 4131 εὐσεϐείας
1377 4069 1477 4139 τὴν
1537 4069 1773 4138 γνῶσιν·
1809 4072 1876 4140 τῇ
1913 4069 1971 4122 δὲ

375 4163 583 4235 ἑϐδόμῃ
643 4163 851 4234 ἡμέρᾳ,
885 4161 1136 4215 τουτέστι
1182 4164 1248 4231 τῇ
1308 4161 1596 4233 συντελείᾳ
1624 4161 1719 4215 τοῦ
1749 4161 1969 4226 αἰῶνος,

377 4257 614 4319 ἑπτάκις
635 4255 978 4321 ἐκύκλωσαν,
1024 4255 1273 4308 τουτέστι
1323 4253 1626 4318 πολλάκις,
1683 4253 1974 4308 ἀπόστολοί

374 4367 439 4404 τε
466 4352 562 4403 καὶ
593 4349 840 4421 μαθηταὶ
884 4349 980 4402 τοῦ
1037 4347 1270 4418 Κυρίου,
1321 4347 1415 4401 καὶ
1466 4348 1668 4410 πάντες
1697 4348 1745 4399 oi
1775 4345 1977 4415 ἑφεξῆς

373 4446 480 4514 τῆς
522 4441 858 4513 Ἐκκλησίας
917 4439 1232 4494 διδάσκαλοι
1305 4439 1601 4509 μετάνοιαν
1657 4440 1754 4492 καὶ
1780 4439 1976 4508 ἄφεσιν

377 4536 751 4608 κηρύττοντες
796 4533 877 4604 τῷ
905 4531 1043 4604 λαῷ,
1076 4525 1158 4594 οἷς
1179 4532 1225 4583 ot
1256 4530 1332 4601 μὴ
1367 4530 1679 4594 πεισθέντες
1707 4530 1979 4584 ἀπολοῦν-

2067 3442 2164 3497 per
2202 3441 2293 3481 sex
2325 3427 2539 3480 dierum
2577 3427 2845 3481 saeculum
2883 3430 3154 3497 integrum
3182 3432 3534 3494 peccatorum
3567 3437 3657 3476 reo

2069 3520 2391 3573 missionem
2451 3517 2823 3588 promulgant.
2859 3517 2915 3571 Id
2961 3531 3199 3586 namque
3241 3515 3384 3568 tuba:
3429 3527 3656 3582 quoque

2067 3609 2302 3677 Jubilaai,
2359 3624 2472 3679 quo
2519 3609 2849 3664 universalis
2883 3608 2938 3662 ﬁt
2977 3608 3260 3673 remissio,
3292 3620 3353 3658 ac
3385 3603 3660 3673 cujusque

2071 3703 2124 3756 in
2153 3716 2283 3756 suas
2307 3700 2468 3756 sedes
2490 3699 2794 3764 restitutio,
2831 3698 3244 3768 signiﬁcabant.
3279 3695 3450 3750 Tubze
3472 3696 3661 3763 itaque

2070 3801 2449 3863 protestantur
2513 3802 2754 3847 mentem
2809 3791 3130 3846 mutandam
3173 3804 3337 3851 esse,
3394 3803 3461 3842 eo
3510 3789 3661 3858 quod

2073 3902 2300 3956 regnum
2327 3886 2593 3941 caelorum
2616 3900 2786 3955 prope
2810 3885 2883 3940 sit
2907 3885 2973 3937 ⁸³.
2996 3883 3069 3938 De
3093 3900 3197 3953 qua
3223 3885 3429 3954 populo
3461 3885 3656 3939 edicit:

2079 4001 2098 4033 ι
2137 3980 2332 4035 Audite
2359 3994 2546 4034 vocem
2575 3979 2734 4033 tubae.
2760 3976 2859 4032 Cui
2910 3976 3319 4047 responderunt
3355 3996 3367 4032 :
3404 3976 3522 4032 Non
3561 3993 3662 4033 au-

2074 4075 2296 4129 diemus
2334 4074 2402 4125 ’°.
2448 4091 2464 4123 ι
2493 4071 2648 4125 lsaite
2676 4072 2806 4126 item
2834 4071 3036 4125 dicitur
3069 4088 3080 4122 :
3127 4088 3144 4121 ι
3185 4071 3368 4124 lnslar
3402 4072 3544 4126 tuba:
3572 4086 3666 4126 γο-

2076 4180 2194 4220 cem
2228 4175 2375 4218 tuam
2403 4161 2556 4229 effer,
2584 4172 2637 4217 et
2658 4162 2864 4232 populo
2888 4172 3111 4234 peccata
3140 4179 3236 4218 sua
3271 4163 3530 4217 denuntia
3562 4165 3659 4216 υ.»

2076 4258 2156 4312 Ac
2208 4258 2372 4327 paulo
2406 4267 2533 4312 ante
2571 4255 2792 4327 quidem
2827 4256 2997 4310 semel
3040 4257 3093 4310 in
3127 4255 3216 4309 die
3254 4255 3682 4310 circumierunt

2079 4352 2276 4411 sancti,
2311 4337 2687 4419 omnibusque
2735 4349 2956 4418 pietatis
2998 4348 3368 4418 cognitionem
3401 4346 3669 4417 pradica-

2079 4452 2226 4497 runt.
2251 4441 2498 4511 Septimo
2527 4456 2658 4495 vero
2683 4439 2792 4506 die,
2827 4439 2931 4492 hoc
2951 4448 3033 4493 est
3056 4446 3216 4493 actate
3235 4449 3426 4493 exacta
3446 4440 3668 4507 septies,

2080 4537 2184 4590 hoc
2217 4543 2322 4600 est,
2352 4548 2734 4605 swpenumero
2769 4533 3007 4603 apostoli
3034 4546 3094 4586 ac
3127 4532 3389 4602 discipuli
3433 4534 3670 4598 Domini,

376 4647 474 4684 ται
509 4628 655 4683 κατά
675 4626 969 4699 τὴν,π6λιν
1025 4622 1258 4696 ἰεριχὼ,
1309 4624 1481 4677 τύπον
1506 4625 1607 4695 τῆς
1671 4624 1978 4689 συντελείας

2050 4660 2056 4694 ,
2089 4643 2392 4698 omnesque
2448 4625 2710 4694 deinceps
2762 4624 3026 4680 Ecclesiae
3060 4625 3312 4693 magistri
3345 4624 3674 4678 circumive.

377 4724 634 4793 ὑπάρχου
644 4739 767 4776 σαν.

380 4817 587 4889 popqu
616 4813 1030 4870 renuntiarunt:
1054 4810 1256 4882 quibus
1287 4810 1377 4881 qui
1414 4823 1608 4882 parere
1634 4822 1992 4880 recusarunt,

384 4925 623 4988 pereunt
654 4915 851 4967 instar.

457 5032 532 5085 Τὸ
567 5029 861 5094 ἀλαλάζειν
909 5027 1001 5080 τὸν
1029 5027 1181 5089 λαὸν,
1235 5027 1463 5096 σημεῖον
1504 5023 1597 5078 τοῦ
1637 5027 1765 5088 τοὺς
1795 5025 1986 5094 ἁγίους

382 5122 831 5192 ἀναγγέλλοντας
875 5117 1365 5188 ἐπευφραίνεσθαι,
1420 5117 1515 5169 καὶ
1584 5117 1984 5188 διηγουμένους

381 5217 456 5270 τὰ
512 5214 779 5286 μεγαλεῖα
832 5213 929 5267 τοῦ
987 5211 1148 5279 Θεοῦ,
1206 5209 1302 5263 καὶ
1342 5209 1503 5281 νίκην
1542 5209 1643 5276 τὴν
1674 5210 1820 5264 κατὰ
1875 5209 1988 5264 τῶν

383 5315 484 5387 ὲχο
494 5314 625 5386 ρῶν.

462 5410 536 5462 Τὸ
560 5407 912 5481 προϐαδίζειν
949 5405 1051 5476 τῆς
1108 5400 1352 5457 κιϐωτοῦ
1401 5401 1530 5464 τοὺς
1581 5398 1878 5470 μαχίμους,
1926 5399 1987 5453 τὸ

383 5505 610 5573 ἕτοιμον
645 5502 892 5555 δείκνυσι
923 5500 1017 5553 καὶ
1044 5498 1152 5550 τῶν
1207 5496 1381 5564 ἁγίων
1405 5493 1464 5546 τὸ
1491 5492 1773 5564 πρόθυμον
1795 5510 1806 5522 θ
1843 5492 1902 5544 τὸ
1931 5491 1988 5544 δὲ

383 5600 489 5670 τὴν
547 5595 821 5669 οὐραγίαν
873 5591 1215 5658 ἀκολουθεῖν,
1264 5589 1326 5642 τὸ
1359 5588 1563 5660 μηδένα
1610 5584 1721 5638 δεῖν
1764 5584 1864 5654 τῆς
1891 5583 1987 5637 τοῦ

462 5781 510 5812 ⁸³
552 5781 657 5837 lsa.
688 5793 835 5839 inv,
865 5777 920 5831 1.
997 5776 1045 5807 ⁸⁸
1069 5773 1242 5830 Exod.
1278 5790 1370 5831 xx.
1407 5774 1493 5827 N.

1581 5772 1624 5805 ⁸⁵
1653 5769 1846 5824 Matth.
1881 5784 1994 5830 xxi,
2025 5765 2112 5821 5i.

2091 4731 2254 4785 runt,
2308 4734 2372 4773 ac
2431 4717 2913 4787 resipiscentiam,
2960 4717 3455 4785 remissioucnique
3511 4714 3674 4786 487

2061 4811 2214 4869 urbis
2274 4807 2520 4872 Jericho,
2571 4822 2694 4879 quae
2759 4805 3153 4862 internecionis
3203 4815 3288 4862 est
3336 4809 3676 4876 exemplum,

2169 5023 2360 5094 Populi
2387 5035 2553 5093 porro
2577 5017 2787 5091 jubilus
2810 5025 3036 5074 sanctos
3069 5015 3312 5070 lmtitiam
3341 5017 3680 5076 renuntiare.

2095 5135 2159 5176 ac
2185 5118 2278 5174 Dei
2308 5115 2775 5189 magniﬁcentiam
2810 5125 3247 5169 commemorare
3275 5111 3501 5166 indicat.

2169 5394 2326 5460 Quod
2398 5407 2532 5446 vero
2598 5389 2845 5445 bellicosi
2896 5399 3026 5443 ante
3100 5401 3286 5442 arcam
3361 5385 3692 5440 incedebant

2097 5485 2542 5560 promptitudiuis
2567 5483 2839 5538 indicium
2864 5491 2968 5547 est,
3003 5497 3065 5535 ac
3104 5481 3332 5535 fortium
3363 5481 3688 5535 alacritatis.

2097 5582 2154 5636 lu
2187 5579 2364 5635 cauda
2396 5580 2524 5634 item
2557 5576 2846 5648 consequi,
2878 5575 3152 5631 neminem
3218 5574 3311 5628 Dei
3361 5574 3532 5628 aciem
3600 5573 3693 5625 de-

3376 5747 3420 5783 "
3457 5749 3688 5804 Znt'hut‘.

2192 5764 2237 5796 "
2274 5761 2419 5818 Psal.
2448 5763 2652 5826 xvu,3.
2769 5755 2814 5787 ⁸⁷
2846 5752 2989 5812 Psal.
3025 5769 3177 5819 xun,
3217 5751 3268 5808 6.

390 5869 467 5920 ιι,
511 5854 593 5908 Η.
649 5836 716 5884 7⁸⁵
753 5836 946 5906 Matth.
986 5849 1149 5916 111,2.
1226 5842 1498 5902 "Jercm.
1536 5859 1607 5909 τι,
1645 5843 1729 5897 17.
1808 5843 1849 5873 ει
1895 5839 2180 5900 lsa.1.v1n,
2222 5836 2266 5890 ι.
