4272 6446
719 336 853 400 1015

2014 353 2368 412 PROCOPII
2411 355 2656 413 GALEI

3835 353 3972 416 1016

711 454 836 503 bere
870 453 1148 516 deserere,
1209 469 1398 508 verum
1456 471 1556 524 pro
1618 459 1764 512 virili
1828 459 2077 516 adversis
2117 466 2368 534 copiisA

2283 469 2368 524 5A
2398 465 2532 517 Θεοῦ
2577 465 2942 537 παρατάξεως
3001 465 3418 530 ἀπολείπεσθαι,
3469 467 3610 520 κατὰ
3655 465 3885 536 δύναμιν
3915 469 3970 520 δὲ

711 543 984 605 resistere,
1012 544 1124 598 sive
1150 544 1202 597 in
1231 546 1419 600 eadem
1453 559 1600 601 stent
1627 551 1768 614 acie,
1793 552 1912 607 sive
1945 553 2293 610 decertantes

707 642 1039 700 sequantur.

777 808 911 861 Cum
943 825 1071 863 vero
1120 811 1257 864 nihil
1312 815 1493 867 vivum
1555 824 1639 870 est
1695 818 2045 886 capiendum,
2099 823 2294 892 impios

709 899 956 955 funditus
996 903 1309 970 perdendos
1333 920 1456 960 esse
1482 906 1778 961 indicatur.

782 993 846 1045 In
877 996 1227 1065 primogenita
1254 1014 1349 1049 suo
1369 999 1778 1064 fundamentum
1818 1004 1934 1070 ejus
1951 1004 2143 1070 jacict,
2166 1017 2216 1060 et
2240 1009 2292 1060 in

709 1085 1034 1137 ntinimosuo
1066 1088 1348 1140 collocabit
1370 1099 1551 1155 portas
1583 1091 1713 1158 ejus.
1742 1091 1859 1163 [V|,
1902 1094 2023 1167 26.]
2047 1095 2158 1150 Hoc
2190 1111 2292 1162 est,

712 1174 756 1226 si
795 1176 921 1242 quis
990 1177 1253 1245 inceperit
1313 1179 1515 1233 liberos
1576 1181 1865 1238 inhumare
1912 1185 2131 1240 interim
2163 1188 2294 1242 dum

710 1262 1129 1319 fundamentum
1166 1268 1333 1321 fuerit
1384 1270 1619 1339 jactum,
1658 1273 1877 1329 tandem
1911 1277 2075 1328 etiam
2115 1288 2297 1334 extre-

709 1372 858 1409 mum
883 1371 1073 1410 eorum
1104 1360 1433 1414 inlzumabit.
1481 1361 1654 1415 Porro
1711 1380 1914 1420 eversa:
1968 1369 2088 1422 loco
2131 1372 2294 1425 aliam

711 1447 951 1499 radicem
998 1447 1113 1502 lliel
1146 1449 1446 1505 Bellielites
1479 1453 1547 1506 de
1594 1456 1739 1508 tribu
1777 1457 2034 1525 Ephraim
2063 1463 2298 1515 suscita-

711 1537 808 1598 vit,
835 1553 998 1604 quam
1041 1538 1306 1594 Dominus
1363 1541 1523 1597 Jesus
1564 1545 1823 1601 Christus
1860 1565 1961 1603 sua
2006 1557 2294 1619 praesentia

707 1628 1086 1696 estdignatus.
1116 1631 1158 1681 A
1200 1631 1465 1686 Romanis
1511 1649 1643 1688 vero
1678 1637 1747 1690 oh
1789 1638 2162 1694 inﬁdelitatem
2197 1643 2296 1697 hac

709 1734 929 1788 quoque
963 1721 1202 1789 dejecta,
1265 1725 1431 1777 tertio
1468 1726 1650 1780 denuo
1689 1731 1951 1784 surrexit.
2001 1729 2202 1787 Verum
2233 1751 2296 1789 ea

2395 556 2605 619 πάντας
2633 555 2988 608 ἀνθίστασθαι
3015 558 3132 617 ταῖς
3187 557 3592 625 ἀντικειμέναις
3640 557 3935 627 δυνάμεσιν
3953 600 3969 622 ,

2395 648 2991 718 ἢπαραταττομὲνους,
3053 647 3085 715 ἢ
3138 649 3249 711 τοῖς
3275 648 3702 716 ἀγωνιζομένοις
3743 649 3974 700 ἀκολου-

2396 737 2644 800 θοῦντας.

2467 828 2542 881 Τὸ
2566 830 2729 899 μηδὲν
2787 830 3160 902 ζωγρηθῆναι,
3193 831 3292 903 τὴν
3347 831 3589 901 παντελῆ
3616 831 3728 884 τῶν
3757 831 3972 884 ἀσεϐῶν

2397 922 2675 975 ἀπώλειαν
2705 924 2973 976 δείκνυσι.

2483 1016 2586 1068 Ἐν
2618 1014 2697 1078 τῷ
2726 1017 3077 1083 πρωτοτόκῳ
3127 1015 3314 1069 αὐτοῦ
3383 1014 3726 1083 θεμελιώσει
3753 1014 3969 1078 αὐτὴν,

2398 1107 2495 1160 καὶ
2527 1108 2597 1160 ἐν
2618 1105 2698 1171 τῷ
2725 1108 3028 1175 ἐλαχίστῳ
3050 1107 3238 1160 αὺτοῦ
3285 1107 3603 1173 ἐπιστήσει
3632 1107 3740 1171 τὰς
3772 1106 3972 1170 πύλας

2396 1199 2588 1265 αὐτῆς
2618 1217 2632 1230 ·
2668 1201 2949 1253 τουτέστιν
2978 1199 3283 1269 ἀρξάμενος
3314 1199 3408 1252 τοῦ
3435 1200 3660 1251 θάπτειν
3692 1200 3818 1261 τοὺς
3846 1199 3975 1250 παῖς

2396 1292 2493 1354 δας
2528 1291 2643 1361 ἀμα
2675 1291 2754 1363 τῷ
2783 1291 3188 1344 καταϐαλέσθαι
3240 1291 3515 1358 θεμέλιον,
3562 1291 3698 1360 πρὸς
3719 1290 3796 1358 τῷ
3829 1289 3973 1340 τέλει

2396 1383 2488 1434 τὸν
2511 1383 2738 1450 ἔσχατον
2765 1381 2942 1434 αὐτῶν
2970 1381 3152 1449 θάψει.
3213 1380 3358 1432 ’Λντὶ
3391 1379 3448 1432 δὲ
3469 1378 3568 1444 τῆς
3602 1377 3976 1443 κατασκαφειν

2401 1490 2520 1543 σης,
2577 1473 2773 1541 ἑτέραν
2833 1473 3020 1541 ἤγειρε
3073 1470 3230 1541 ῥίζαν
3279 1473 3308 1522 ό
3372 1471 3436 1521 ὲκ
3508 1468 3713 1536 Βαιθὴλ
3800 1468 3975 1534 φυλῆς

2411 1563 2669 1632 Ἐφρατμ.
2697 1563 2808 1616 Καὶ
2862 1563 2891 1613 ό
2945 1562 3147 1631 Κύριος
3189 1561 3396 1629 Ἰησοῦς
3448 1560 3681 1629 Χριστὸς
3709 1558 3806 1626 τῆς
3839 1558 3974 1619 ιδίας

2399 1656 2704 1725 παρουσίας
2757 1655 2979 1725 ἠξίωσε.
3027 1655 3478 1724 Καταϐληθείσης
3523 1654 3580 1706 δὲ
3634 1653 3725 1705 καὶ
3746 1652 3973 1717 ταύτης,

2401 1748 2506 1800 ὑπὸ
2551 1748 2839 1817 Ῥωμαίων
2869 1749 2957 1800 διὰ
2987 1749 3090 1818 τὴν
3117 1749 3375 1801 ἀπιστίαν
3408 1748 3474 1799 ὲκ
3498 1746 3684 1816 τρίτου
3715 1746 3969 1813 συνέστη.

709 1828 946 1878 quorum
984 1814 1070 1866 hic
1105 1817 1311 1868 mentio
1343 1816 1401 1869 lit
1431 1818 1504 1870 ita
1531 1821 1818 1875 revocabis
1846 1823 2054 1878 animo.
2077 1823 2297 1882 Jericho
2328 1797 2370 1851 Β

2287 1846 2297 1880 ⁵
2328 1797 2370 1851 Β
2410 1797 2654 1905 ζἀνάξεις
2665 1797 3054 1894 Γδιξῡέῷ-ξῶῖ
3077 1841 3384 1910 λεγομένων
3409 1839 3500 1892 τὸν
3527 1797 3651 1891 νοῦν
3676 1855 3690 1868 ·
3722 1838 3834 1906 Τὴν
3879 1797 3974 1890 σιέ-

711 1900 896 1953 lunam
953 1903 1267 1971 significare
1310 1905 1488 1960 aiunt.
1556 1906 1655 1961 Est
1707 1920 1888 1964 autem
1926 1913 2106 1983 imago
2140 1923 2298 1971 teneo

713 1993 935 2044 brarum
1007 1994 1275 2063 principis
1328 1996 1555 2061 diaboli,
1611 1999 1704 2066 qui
1771 2014 1895 2054 cum
1962 2004 2294 2072 impietatem

712 2083 874 2136 struit
905 2085 1273 2147 cogitationes
1326 2089 1507 2155 primo
1539 2088 1640 2141 sibi
1692 2099 1851 2144 natas
1883 2093 1936 2144 in
1959 2096 2131 2162 portis
2162 2096 2295 2149 aedi-

713 2175 820 2229 ﬁcii
858 2179 1086 2247 spargit.
1116 2177 1278 2234 Tales
1305 2181 1451 2233 enim
1509 2181 1688 2250 ipsius
1752 2185 2109 2255 primogeniti
2140 2189 2294 2258 cogi-

709 2278 910 2322 tentur.
945 2268 1420 2334 Quemadmodum
1467 2273 1612 2327 enim
1673 2289 1903 2342 serpens
1933 2278 2111 2347 capite
2142 2294 2291 2334 mea-

708 2367 821 2412 tum
853 2362 1073 2430 qumit,
1119 2362 1502 2432 reliquumque
1563 2364 1762 2420 deinde
1789 2382 1994 2438 corpus
2028 2371 2290 2428 adextre-

705 2466 851 2504 mam
877 2453 1108 2507 caudam
1131 2455 1267 2524 agili
1298 2467 1446 2509 motu
1501 2463 1886 2530 consequitur.
1914 2461 1992 2515 Ita
2028 2465 2119 2533 qui
2149 2465 2294 2520 hunc

704 2546 911 2614 recepit
932 2546 1315 2616 malitiamque
1337 2553 1763 2614 consummavit,
1788 2565 1974 2622 portas
2016 2556 2142 2610 huic
2170 2558 2291 2612 urbi

704 2637 910 2705 posuit.
954 2635 1304 2707 Quapropter
1343 2648 1509 2709 caput
1543 2641 1718 2711 ipsius
1750 2645 2046 2701 observare
2084 2648 2293 2704 Adamo

705 2728 1150 2797 pratcipiebatur.
1206 2728 1320 2784 lloc
1363 2732 1508 2786 enim
1540 2733 1706 2799 facto,
1738 2734 1922 2789 dolum
1965 2737 2138 2806 ipsius
2177 2740 2295 2794 evi-

705 2827 898 2872 lasset.
922 2817 1159 2872 Tantum
1187 2821 1334 2874 enim
1393 2821 1612 2876 initium
1667 2824 1878 2880 daemon
1933 2830 2089 2897 petit,
2124 2838 2294 2900 utque

705 2914 916 2966 semina
948 2914 1121 2982 possit
1183 2930 1468 2986 spargere,
1520 2935 1585 2974 ex
1621 2921 1824 2989 quibus
1865 2925 1957 2993 qui
1986 2928 2180 2995 recipit
2213 2928 2294 2982 in-

700 3003 976 3070 justitiam
1019 3007 1278 3074 parturit,
1317 3018 1371 3060 et
1405 3009 1657 3064 molestia
1684 3021 1948 3083 concepta
1986 3024 2289 3073 extremam

708 3096 1054 3165 iniquitatem
1130 3101 1292 3168 parit.
1359 3100 1461 3156 Cui
1526 3103 1660 3158 illud
1716 3122 1937 3176 quoque
1987 3124 2128 3180 cong

710 3206 728 3237 ι
775 3185 966 3241 Sultus
1003 3199 1252 3244 mutatur
1288 3201 1345 3245 ut
1381 3193 1509 3247 luna
1537 3197 1605 3248 ⁹².
1640 3215 1657 3247 ι
1695 3196 1768 3252 De
1816 3214 1922 3268 qua
1952 3199 2122 3256 David
2158 3219 2295 3272 quo-

705 3293 812 3347 que
844 3279 896 3332 in
939 3281 1204 3336 vaticinio
1257 3283 1325 3338 de
1393 3285 1620 3342 Christo
1673 3289 1896 3359 inquit:
1945 3312 1963 3343 ι
2008 3291 2298 3351 Exorietur

706 3373 761 3425 in
795 3372 992 3430 diebus
1023 3376 1143 3445 ejus
1166 3375 1407 3445 justitia,
1435 3389 1489 3435 et
1525 3382 1635 3436 alta
1673 3399 1798 3453 pax,
1823 3385 2000 3441 donec
2025 3388 2299 3458 subripie-

711 3483 799 3523 tur
829 3471 958 3525 luna
992 3473 1058 3526 ".
1103 3491 1120 3522 ι
1152 3473 1327 3542 Cujus
1358 3489 1577 3528 necnon
1627 3477 2012 3548 primogenita.
2042 3479 2171 3534 item
2204 3496 2296 3536 ca-

706 3565 818 3632 pita
851 3576 1380 3623 commemorantur.
1438 3566 1514 3623 De
1558 3570 1760 3639 quibus
1810 3580 1993 3626 exstat
2044 3574 2293 3629 dictum:

714 3675 732 3707 ι
762 3656 1119 3712 Comminuet
1146 3660 1328 3729 capita
1362 3660 1607 3714 hostium
1647 3677 1908 3729 suorum,
1954 3674 2009 3719 et
2034 3667 2296 3721 verticem

707 3751 1123 3806 nhversantium
1191 3752 1245 3806 in
1304 3756 1547 3823 peccatis
1578 3755 1644 3808 ".
1688 3775 1705 3806 ι
1753 3759 1818 3810 Et
1867 3758 2068 3812 iterum
2108 3777 2121 3813 :
2163 3779 2181 3811 ι
2216 3758 2298 3814 Tu

707 3841 1033 3910 confregisti
1066 3843 1247 3911 capita
1280 3843 1542 3898 draconis
1561 3859 1730 3914 super
1757 3861 1902 3916 aqua
1933 3848 2000 3902 ν’,
2047 3867 2066 3900 ι
2105 3847 2298 3920 Capita

709 3933 839 3985 item
870 3948 932 3988 ex
969 3933 1289 4004 hujusmodi
1329 3937 1624 3990 structuris
1643 3938 1984 4002 enascentia,
2015 3946 2112 3993 aut
2136 3955 2302 4009 super

711 4026 844 4095 ipsis
885 4028 990 4082 sita
1028 4027 1280 4082 demoliri
1307 4030 1558 4083 Jeremiae
1614 4031 1928 4085 mandatur.
1963 4031 2037 4087 De
2100 4034 2299 4104 quibus

711 4120 878 4174 David
942 4122 1069 4176 item
1109 4123 1320 4191 inquit:
1358 4142 1374 4174 ι
1408 4122 1671 4178 Destrues
1726 4139 1841 4187 eos,
1893 4141 1996 4180 nec
2048 4137 2301 4184 exstrues

707 4215 947 4284 amplius
979 4215 1048 4266 ".
1093 4232 1111 4266 ι
1150 4215 1323 4269 Item:
1361 4233 1378 4265 ι
1425 4213 1667 4272 Hostiles
1722 4213 2047 4272 defecerunt
2098 4219 2298 4290 gladii,

706 4317 760 4360 et
792 4309 956 4362 urbes
983 4307 1311 4363 destruxisti
1346 4310 1415 4360 ".
1451 4327 1470 4360 ι
1494 4309 1600 4364 Tot
1635 4324 1764 4366 vero
1792 4309 1958 4365 urbes
1987 4321 2138 4380 sunt,
2168 4321 2304 4383 quot

707 4398 924 4457 vivendi
981 4406 1252 4470 rationes,
1317 4420 1382 4460 ac
1426 4419 1630 4461 mores.
1679 4404 1893 4462 Politia!
1945 4408 2075 4463 item
2132 4409 2302 4463 varia:

2399 1933 2558 2003 ριχὼ,
2589 1933 2826 2004 σελήνην
2884 1934 3047 2001 φασὶν
3097 1931 3532 2002 ἑρμηνεύεσθαι·
3585 1930 3736 1998 δηλοῖ
3767 1930 3824 1982 δὲ
3880 1927 3974 1981 τοῦ

2398 2024 2625 2086 σκότους
2641 2024 2731 2077 τὸν
2760 2023 3018 2092 ἄρχοντα,
3047 2023 3137 2076 τὴν
3164 2021 3430 2076 διάϐολον.
3456 2015 3627 2082 Οὗτος
3669 2019 3974 2086 οἰκοδομῶν

2395 2116 2495 2186 τὴν
2520 2115 2797 2180 ἀσέϐειαν,
2829 2118 2956 2178 τοὺς
3015 2113 3393 2184 πρωτοτόκους
3438 2112 3633 2166 ἑαυτοῦ
3675 2110 3976 2179 λογισμοὺς

2397 2208 2499 2260 ὑπδ
2520 2207 2627 2259 τῶν
2650 2206 2871 2260 εἰσόδων
2917 2205 3027 2258 τῶν
3064 2205 3275 2258 ἐκείνου
3305 2203 3562 2267 διόλλυσι,
3590 2202 3684 2256 καὶ⁵
3711 2201 3892 2254 αὐτῶν
3917 2201 3978 2252 ὲν

2395 2299 2546 2368 αὑτῷ
2575 2298 2936 2368 πρωτοτόκων
2967 2297 3293 2367 νοουμένων.
3337 2297 3422 2360 Ὠς
3468 2296 3578 2366 γὰρ
3615 2297 3758 2363 δφις,
3799 2294 3980 2365 ἀρχὴν

2395 2388 2550 2461 ζητεῖ
2581 2394 2646 2461 τῇ
2679 2391 2887 2462 κεφαλῇ
2924 2390 3351 2454 παρεισδύσεως,
3382 2388 3476 2442 τοῦ
3501 2387 3688 2441 λοιποῦ
3722 2387 3976 2457 σώματος

2394 2482 2816 2546 ἀκολουθοῦντος
2838 2481 3075 2544 εὐκόλως
3105 2482 3265 2552 μέχρι
3288 2482 3381 2534 καὶ
3406 2484 3502 2549 τῆς
3519 2480 3856 2548 λεπτοτάτηε
3883 2478 3977 2530 ού-

2395 2578 2516 2648 ρᾶς.
2558 2575 2660 2627 Ἦν
2710 2576 2740 2626 ό
2793 2573 3088 2642 δεξάμενος
3141 2571 3552 2642 συμπληρώσας
3610 2572 3710 2640 τὴν
3749 2571 3973 2633 κακίαν,

2394 2665 2632 2737 ἐπέθηκε
2652 2665 2847 2728 πύλας.
2881 2667 2970 2718 Διὸ
2993 2667 3182 2735 τηρεῖν
3203 2664 3370 2717 αὑτοῦ
3397 2664 3492 2733 τὴν
3521 2661 3762 2731 κεφαλὴν
3801 2659 3979 2728 ’Δδάμ

2395 2764 2814 2835 προσετάττετο,
2844 2762 2920 2824 ὼς
2951 2762 3163 2814 ἐκείνου
3199 2761 3298 2831 τὴν
3346 2761 3582 2828 πτέρναν
3607 2759 3972 2827 τηρήσαντος.

2407 2856 2609 2929 Ἀρχὴν
2656 2857 2765 2927 γάρ
2822 2857 2984 2924 μόνον
3049 2855 3333 2910 θέλει,καὶ
3387 2854 3703 2923 σπέρματα,
3751 2849 3811 2915 ἐξ
3845 2842 3979 2901 ὦνό

2393 2951 2687 3021 δεξάμενος
2709 2950 2892 3002 ὼδίνει
2911 2948 3148 3010 ἀδικίαν,
3178 2948 3273 2999 καὶ
3303 2947 3464 2998 πόνον
3492 2942 3770 2996 συλλαϐὼν
3799 2943 3979 2994 τίκτει

2393 3043 2652 3112 ἀνομίαν,
2709 3041 2872 3112 μέχρι
2923 3040 3034 3093 τῶν
3072 3040 3315 3108 ἐσχάτων
3380 3038 3670 3106 γενόμενος
3725 3033 3975 3104 θήραμα.

2137 3112 2245 3166 run
2273 3128 2286 3164 ³
2317 3129 2360 3188 C
2399 3136 2656 3204 «Ἄφρων
2685 3133 2815 3202 γὰρ,
2846 3128 3446 3202 φησὶν,ἀλλοιοῦταιὼς
3475 3129 3508 3197 ὴ
3541 3126 3760 3195 σελήνη.
3797 3143 3814 3170 δ
3842 3123 3980 3191 Περὶ

2398 3222 2466 3298 ἦς
2515 3227 2610 3279 καὶ
2665 3224 2856 3278 Δαϐὶδ
2898 3223 3027 3294 περὶ
3071 3219 3310 3293 Χριστοῦ
3363 3217 3727 3289 προφητεύων
3770 3214 3977 3284 φησιν’

2405 3340 2423 3372 ι
2478 3317 2843 3373 Ἀνατελεϊσὲν
2867 3316 2989 3377 ταῖς
3024 3314 3262 3384 ἡμέραις
3301 3309 3465 3364 αὑτοῦ
3501 3306 3845 3374 δικαιοσύνη,
3886 3302 3982 3355 καὶ⁵

2401 3410 2605 3480 πλῆθος
2639 3409 2883 3478 εἰρήνης,
2938 3407 3042 3468 ἕως
3098 3399 3159 3456 οῦ
3225 3400 3590 3471 ἀνταναιρεθῇ
3632 3400 3665 3468 ἠ
3705 3396 3928 3462 σελήνη.
3956 3409 3978 3443 ι

2399 3496 2510 3565 *Ης
2533 3502 2582 3570 9i
2613 3498 2952 3570 πρωτότοκοι
2983 3495 3080 3548 καὶ
3115 3493 3354 3562 κεφαλαὶ
3391 3489 3815 3562 χρηματίζουσι.
3843 3485 3985 3556 Περὶ

2398 3587 2476 3647 ὧν
2515 3608 2671 3663 φησι,
2708 3610 2726 3642 ι
2764 3585 3326 3654 Συνθλάσεικεφαλάς
3358 3583 3567 3655 ἐχθρῶν
3585 3577 3776 3640 αὑτοῦ,
3815 3594 3984 3648 κορυ-

2400 3683 2510 3753 φὴν
2574 3681 2758 3753 τριχὸς
2815 3677 3292 3749 διαπορευομένων
3352 3677 3411 3728 ἐν
3473 3671 3901 3743 πλημμελείαις.
3959 3687 3980 3718 δ

2401 3775 2512 3828 Kal
2546 3774 2729 3837 πάλιν,
2777 3791 2794 3822 ι
2835 3771 2908 3823 Σὺ
2945 3768 3281 3832 συνέθλασας
3307 3768 3407 3830 τὰς
3442 3764 3686 3833 κεφαλὰς
3718 3760 3815 3814 τοῦ
3854 3759 3988 3826 δρα-

2402 3883 2590 3929 κοντος
2645 3865 2738 3917 ἐπὶ
2801 3862 2895 3916 τοῦ
2953 3862 3166 3924 ῦδατος.
3207 3879 3226 3912 ι
3272 3860 3384 3923 Τάς
3435 3861 3498 3913 ὲκ
3526 3856 3733 3910 τούτων
3773 3854 3868 3907 καὶ
3897 3855 3985 3904 ἐπ’

2402 3960 2592 4022 αὑταῖς
2647 3956 2958 4027 οἰκοδομίας
3011 3954 3299 4025 καθαιρεῖν
3366 3951 3635 4021 Ἱερεμίας
3705 3948 3986 4001 ἐτάττετο.

2404 4051 2542 4122 Περὶ
2567 4043 2642 4103 ὧν
2673 4065 2806 4118 φησι
2828 4048 2924 4100 καὶ
2954 4045 3139 4111 Δαϐὶδ,
3170 4063 3190 4095 ι
3230 4043 3498 4105 Καθελεῖς
3557 4039 3782 4103 αὐτοὺς,
3807 4038 3903 4089 καὶ
3925 4037 3987 4088 οὐ

2407 4145 2483 4215 μὴ
2541 4141 2908 4212 οἱκοδομήσῃς
2968 4139 3184 4200 αὐτούς.
3231 4155 3248 4188 ι
3286 4137 3416 4200 Καὶ,
3469 4154 3487 4186 ι
3533 4133 3640 4186 Τοῦ
3668 4129 3868 4202 ἐχθροῦ
3901 4128 3992 4194 ἐξ·

2403 4236 2590 4289 έλιπον
2660 4236 2716 4288 αἱ
2782 4234 3069 4306 ρομφαῖαι.
3099 4249 3117 4282 ι
3161 4231 3294 4295 Καὶ,
3335 4249 3354 4280 ι
3399 4227 3589 4290 Πόλεις
3649 4224 3921 4286 καθεῖλες.
3961 4241 3987 4277 ι

2405 4327 2609 4382 Πολλαὶ
2645 4325 2703 4379 δὲ
2719 4328 2774 4379 αἱ
2799 4326 3009 4388 πόλεις,
3062 4326 3178 4377 ὅσοι
3214 4321 3343 4392 βίοι,
3397 4319 3494 4373 καὶ
3522 4319 3735 4389 τρόποι,
3770 4318 3864 4369 καὶ
3890 4333 3994 4368 πο·-

2405 4417 2621 4482 λιτεῖαι,
2665 4417 2807 4470 κατά
2835 4417 2935 4479 τὰς
2956 4415 3222 4484 διαφορὰς
3271 4411 3378 4466 τῶν
3427 4410 3530 4480 τῆς
3560 4410 3762 4471 κακίας
3794 4407 3953 4460 εἱδῶν
3974 4423 3990 4438 υ

707 4502 858 4559 sunt,
919 4507 1081 4565 prout
1113 4497 1372 4568 nequitia
1409 4496 1600 4552 formae
1631 4513 1772 4568 quas
1802 4499 2075 4554 destruxit
2110 4497 2296 4554 Domi-
2327 4481 2376 4541 ι)

2327 4481 2376 4541 D
2400 4511 2467 4575 ἀς
2490 4481 2741 4565 καθεῖλεν
2804 4511 2833 4563 ό
2877 4481 3134 4579 Κύριος.-
3163 4504 3409 4559 Τοιοῦτοι
3437 4519 3585 4566 τινες
3633 4498 3777 4571 ἦσαν
3810 4500 3908 4552 καὶ
3941 4501 3995 4551 οἳ

707 4605 835 4652 nus,
875 4601 1003 4643 sunt
1037 4590 1294 4645 diversae.
1332 4588 1464 4660 Ejus
1515 4591 1737 4660 generis
1785 4590 2134 4661 primogeniti
2159 4605 2299 4660 quo-

706 4697 813 4749 que
851 4680 1241 4753 Egyptiorum
1304 4689 1487 4745 erant,
1513 4697 1653 4751 quos
1705 4680 1970 4738 Dominus
2018 4682 2296 4747 abolevit;

707 4789 874 4843 super
930 4774 1136 4843 quibus
1195 4780 1397 4827 cuncta
1471 4770 1746 4842 Egyptus
1827 4771 2128 4840 impietatis
2184 4787 2300 4827 sua:

704 4865 963 4935 dogmata
1022 4864 1369 4927 fundaverat,
1422 4863 1685 4932 quocirca
1738 4862 2032 4917 immodice
2080 4877 2301 4932 quoque

704 4976 803 5015 eos
837 4960 1116 5015 lamentati
1153 4968 1302 5015 sunt.

2401 4601 2512 4656 τῶν
2541 4601 2858 4669 Αἰγυπτίων
2891 4599 3250 4671 πρωτότοκοι,
3291 4594 3385 4658 οὒς
3417 4596 3445 4647 ό
3477 4593 3608 4656 Θεὸς
3642 4590 3996 4658 ὲξηφάνισεν.

2418 4696 2535 4764 Ἐφ’
2571 4689 2653 4759 οἷς
2702 4695 2984 4762 Αἴγυπτος
3016 4693 3204 4746 ἅπασα
3229 4690 3329 4759 τῆς
3357 4686 3608 4748 ἀσεϐείας
3626 4683 3896 4754 ᾠκοδόμει
3927 4681 3999 4733 τὰ

2404 4787 2675 4857 δόγματα.
2711 4787 2804 4840 Διὸ
2843 4786 2937 4839 καὶ
2965 4783 3088 4837 λίαν
3111 4782 3340 4845 τούτους
3371 4778 3706 4848 ὲθρήνησαν.

781 5076 1135 5130 Prwvaricati
1171 5083 1296 5130 sunt
1336 5083 1514 5128 autem
1549 5073 1651 5142 ﬁlii
1687 5070 1861 5125 Israel
1887 5071 2414 5140 pra’varicatiouem,
2448 5082 2555 5129 etc.
2591 5070 2730 5145 [Vll,
2772 5069 2852 5142 L]
2889 5069 3024 5123 Nam
3054 5065 3148 5121 Dei
3181 5065 3332 5120 viros
3358 5058 3852 5159 nou-divitiarum:
3886 5071 4002 5110 non

706 5165 918 5234 gluriaz.
957 5180 1065 5218 non
1099 5165 1380 5234 potentia‘,
1415 5179 1522 5217 non
1550 5161 1839 5231 sapientia:
1895 5161 2178 5216 saecularis
2213 5161 2444 5230 cupidos
2473 5144 2607 5217 esse,
2641 5160 2819 5215 decet.
2865 5157 2960 5212 Est
3012 5164 3197 5210 autem
3242 5167 3438 5247 aurum
3471 5144 4004 5247 divitiarcnuﬁgnra

709 5231 804 5307 seu
873 5253 1076 5321 imago.
1100 5231 1436 5321 'Argentum
1469 5265 1603 5304 vero
1656 5247 1954 5318 splendore
1997 5263 2100 5302 suo
2131 5249 2361 5320 gloriam
2397 5257 2776 5319 repraesentat,
2805 5243 3212 5317 dignitatisque
3242 5237 3648 5296 excellentiam.
3693 5231 3796 5326 Ais
3833 5247 4008 5326 porro

707 5340 1004 5394 vocalitate
1045 5355 1143 5394 sua
1171 5339 1378 5395 Graeca:
1416 5339 1698 5408 sapientiae
1736 5335 2137 5406 loquacitatem
2204 5335 2436 5393 Ferrum
2464 5338 2703 5407 denique
2738 5337 2907 5391 robur
2933 5342 2987 5388 et
3023 5331 3350 5425 potentiam.
3390 5326 3730 5425 Eccurvero
3766 5321 4008 5425 Domino

707 5431 1040 5487 deferuntur
1067 5433 1330 5499 ea?Quia
1363 5432 1552 5486 omnia
1585 5435 1862 5498 quotquot
1901 5427 2186 5496 praedicta,
2226 5428 2441 5483 Domini
2482 5429 2705 5498 preprie
2758 5425 3060 5486 exsistunt.
3090 5421 3214 5512 ejus
3240 5418 3456 5512 utique,
3503 5415 3596 5512 qui
3629 5428 3702 5512 .ea
3728 5411 4003 5512 condidit,

710 5534 1050 5590 quapropter
1081 5533 1293 5586 sancte,
1314 5521 1574 5591 justeque
1612 5516 1714 5586 ipsi
1746 5526 2172 5570 consecrantur.
2197 5515 2319 5583 Quo
2349 5518 2724 5588 intelligamus
2752 5531 2781 5569 e
2808 5515 3070 5569 thesauro
3099 5509 3314 5606 Domini
3344 5521 3476 5608 opes
3510 5499 4006 5608 spiritualesi'gl‘:

715 5585 874 5676 riam,
905 5585 1096 5679 robur,
1151 5623 1205 5669 et
1265 5585 1703 5683 intellig—entiam
1741 5607 2138 5676 ‘depromcnda
2176 5624 2322 5663 esse.
2387 5608 2430 5660 A
2457 5604 2663 5660 mundo
2694 5603 2840 5657 enim
2867 5617 2930 5656 ea
2966 5607 3151 5669 petere
3176 5597 3293 5667 ipsa
3340 5591 3684 5648 abominatto
3709 5596 3816 5641 cst.
3848 5585 4010 5654 lpsas

792 5730 836 5758 θ’
876 5729 1042 5784 Eccli.
1100 5747 1266 5794 xxvii,
1310 5731 1393 5782 12.
1503 5730 1544 5760 9’
1576 5726 1721 5782 Psal.
1771 5741 1918 5790 Lxxt,
1954 5725 2003 5777 7.
2117 5727 2158 5757 ³³
2197 5725 2341 5781 Psal.
2387 5740 2479 5779 ιιι

2331 5767 2341 5779 .
2387 5740 2555 5788 van,
2581 5721 2667 5774 9:2.
2777 5721 2819 5752 "
2853 5717 2999 5774 l’sal.
3056 5729 3249 5776 Lxxni,
3294 5710 3375 5766 ll.
3491 5707 3537 5738 "
3569 5701 3712 5758 Psal.
3744 5715 3918 5763 xxvu,
3955 5699 4008 5799 3.

716 5806 754 5833 θ’
788 5801 929 5855 l‘sal.
978 5819 1051 5866 ιχ,
1082 5804 1132 5855 ti.
