4272 6446
286 380 416 442 1021

1406 395 1947 456 C'iMMENTARll
1995 400 2071 458 ΙΝ
2116 400 2373 462 JOSUE.

3399 401 3415 462 1
3431 405 3537 465 0‘22

277 497 388 548 Καὶ
419 497 450 561 ἠ
508 494 699 565 Γραφὴ
743 499 1035 569 μαρτυρεῖ,
1075 499 1151 562 ὡς
1205 499 1460 579 οὐδέποτε
1500 502 1631 566 Θεὸς
1687 504 1860 568 οὕτως
1898 513 1964 570 Αη

1854 523 1860 565 :
1898 513 1934 570 Δ
1963 522 2127 575 quam
2156 509 2439 564 hominum
2487 510 2559 562 ita
2589 525 2794 565 morem
2824 510 3064 578 gessisse
3095 508 3286 564 Deum.
3343 509 3541 566 Stanut

277 585 581 658 ἀνθρώπων
624 591 957 658 ὑπήκουσεν.
1010 591 1282 660 Ἐστησεν
1328 589 1421 645 οὖν
1451 595 1540 645 τὸν
1566 596 1718 664 ἥλιον
1769 597 1861 648 καὶ

276 678 488 749 Ἰησοῦς
512 683 539 733 ὁ
563 682 716 748 ἐμὸς,
749 681 844 734 καὶ
865 683 959 734 ἐπὶ
983 682 1082 752 τῆς
1113 683 1415 752 παρουσίας
1439 685 1608 738 αὑτοῦ
1640 686 1860 755 μείζονὰ

279 789 370 840 μοι
394 774 493 838 τὴν
525 772 740 842 ἡμέραν
782 773 924 826 κατά
952 773 1062 825 τῶν
1093 775 1365 844 πολεμίων
1401 776 1736 845 πεποίηκεν
1775 778 1860 830 ἵνα

1969 600 2154 668 itaque
2175 611 2228 654 et
2259 616 2415 654 meus
2439 598 2608 654 .losue
2642 603 2836 660 solem,
2863 602 3263 669 prmsentiaque
3293 616 3391 654 sua
3426 603 3544 656 lon-

1968 689 2177 756 giorem
2215 691 2346 743 milii
2376 690 2520 744 diem
2556 699 2749 743 contra
2781 690 2968 743 hostes
3004 689 3205 755 eﬂ‘ecit,
3247 699 3306 744 ut
3351 691 3394 743 si
3440 692 3544 745 sub

1964 779 2131 834 Josue
2161 781 2384 834 militem
2420 782 2604 837 hostes
2635 783 2685 834 in
2729 781 2908 851 fugam
2937 787 3171 836 vertant.

278 865 756 934 στρατηγούμενος
798 865 904 918 ὑπὸ
950 865 1044 918 τοῦ
1101 866 1301 934 Ἰησοῦ,
1361 868 1488 928 τοὺς
1538 867 1868 930 ἀντιπάλους
1905 868 2299 940 τροπὼσωμαι.

351 960 456 1021 Εἰς
492 956 744 1022 Μακηδὰ
791 958 989 1025 ὑγιής.
1024 959 1213 1009 Ἔστιν
1241 958 1377 1026 αῦτη
1429 960 1566 1026 πρὸς
1598 961 1865 1022 ἀνατολὰς

289 1049 823 1117 Ἑλευθερουπόλεως
848 1050 954 1101 ἁπδ
980 1051 1223 1118 σημείων
1249 1057 1318 1120 η’.
1347 1052 1516 1103 Ἔνθα
1547 1052 1862 1104 κατέκλεισε

275 1141 405 1204 τοὺς
438 1147 476 1191 ε’
505 1139 745 1208 βασιλεῖς
781 1141 1012 1207 Ἰησοῦς,
1057 1141 1227 1193 τύπον
1265 1142 1486 1211 ἔχοντας
1534 1144 1641 1196 τῶν
1669 1144 1864 1212 δαιμό-

278 1252 387 1286 νων
411 1249 422 1261 ·
452 1236 613 1293 οἵπερ
643 1235 790 1302 ἡμᾶς
825 1234 913 1286 διὰ
939 1233 1047 1285 τῶν
1077 1241 1117 1286 ε’
1144 1234 1477 1304 πολεμοῦσιν
1533 1237 1864 1306 αἰσθήσεων.

281 1327 416 1396 Περὶ
449 1320 524 1380 ὧν
550 1330 578 1379 ὁ
609 1326 817 1395 Πέτρος
845 1327 1011 1396 φησίν
1037 1344 1050 1356 ·
1104 1346 1121 1377 ι
1158 1327 1221 1379 Et
1266 1328 1376 1397 γὰρ
1399 1329 1426 1379 ὁ
1455 1328 1585 1391 Θεὸς
1617 1329 1864 1396 ἀγγέλων

278 1420 722 1487 ἁμαρτησάντων
758 1419 858 1470 οὐκ
891 1419 1147 1485 ἐφείσατο
1173 1459 1189 1483 ,
1246 1420 1382 1472 ἀλλᾶ
1438 1424 1646 1488 σειραῖς
1697 1421 1864 1487 ζόφου

279 1509 664 1580 ταρταρώσας,
717 1510 1037 1579 παρέδωκεν
1088 1513 1168 1573 είς
1202 1510 1384 1579 κρίσιν
1409 1513 1803 1581 τηρουμένους.
1844 1531 1862 1562 ι

281 1601 642 1667 Παρεκάλουν
676 1601 732 1653 δὲ
760 1603 852 1654 τὸν
892 1600 1104 1671 Ἰησοῦν
1130 1603 1188 1654 ὲν
1220 1603 1576 1669 Εὑαγγελίοις
1623 1603 1698 1672 μὴ
1735 1606 1869 1656 ἀποο

283 1692 494 1744 στεῖλαι
517 1693 713 1755 αὐτοὺς
742 1694 822 1756 είς
849 1693 949 1762 τὴν
979 1692 1236 1746 ἄϐυσσον.
1269 1688 1370 1744 Ὧν
1404 1694 1498 1774 καὶ
1524 1696 1636 1756 τοῖς
1663 1695 1866 1764 τραχή-

2041 960 2107 1014 In
2147 964 2452 1027 Speluncam
2482 963 2559 1027 fin
2593 960 2837 1016 Haceda.
2875 960 2967 1032 [X,
3008 960 3114 1031 16.]
3162 959 3252 1014 Est
3291 961 3396 1015 sita
3427 970 3544 1017 inec

1972 1051 2040 1105 ab
2070 1054 2283 1106 oriente
2311 1052 2750 1120 Eleutberopolis
2775 1053 2841 1104 ad
2864 1065 3124 1103 octavum
3155 1052 3409 1118 lapidem.
3441 1051 3544 1106 Ubi

1970 1145 2245 1198 conclusit
2272 1143 2438 1198 Josue
2473 1160 2629 1212 reges
2655 1145 2922 1212 quinque,
2957 1145 3050 1211 qtti
3087 1143 3312 1208 ﬁguram
3342 1144 3544 1196 daemo-

1971 1250 2099 1288 num
2146 1236 2389 1305 quinque
2426 1236 2679 1289 sensibus
2711 1250 2824 1288 .uos
2878 1235 3306 1302 oppugnantium
3355 1234 3546 1302 puere-

1971 1336 2116 1380 runt.
2150 1329 2220 1380 De
2246 1328 2447 1396 quibus
2483 1325 2678 1379 Petrus
2709 1327 2883 1396 inquit
2918 1343 2930 1378 :
2973 1344 2990 1375 ι
3031 1324 3164 1376 Nam
3195 1325 3239 1377 si
3275 1324 3417 1378 Deus
3445 1342 3544 1376 an-

1967 1418 2124 1486 gelis,
2159 1419 2252 1486 qui
2308 1428 2671 1486 peccaverant
2719 1433 2826 1468 tton
2886 1416 3153 1484 pepercit,
3208 1417 3301 1468 sed
3337 1417 3546 1469 catenis

1971 1507 2224 1574 caliginis
2257 1507 2309 1558 in
2347 1514 2614 1559 tartarum
2651 1503 3027 1572 prmt-ipitatos
3061 1501 3285 1554 tradidit
3323 1518 3547 1554 servan-

1971 1598 2071 1652 dos
2100 1599 2150 1650 in
2190 1598 2452 1665 judicium
2500 1598 2543 1648 ¹.
2583 1616 2600 1647 ι
2652 1597 2756 1661 Qui
2789 1594 3079 1648 Dominum
3137 1594 3189 1646 in
3241 1592 3548 1660 Evangeliis

1971 1707 2190 1760 quoque
2226 1691 2499 1744 obsecrati
2531 1699 2679 1747 sunt,
2716 1703 2783 1741 ne
2831 1702 2927 1740 eos
2969 1687 3022 1738 in
3063 1686 3318 1755 abyssun.
3360 1699 3548 1736 aman-

280 1784 395 1844 λοις
429 1784 738 1836 ἐπιϐαίνειν
764 1785 1043 1853 ἐποίησεν,
1080 1783 1358 1847 ὑποτάξας
1379 1786 1510 1852 ἡμῖν
1543 1785 1726 1846 λαοὺς,
1772 1785 1866 1836 καὶ
1901 1783 1939 1836 Β

1859 1804 1866 1835 ι
1901 1783 1939 1836 Β
1969 1785 2058 1838 det
2081 1785 2121 1836 ³.
2145 1782 2390 1848 Quorum
2416 1782 2576 1835 collis
2603 1783 2764 1833 etiam
2793 1778 3094 1830 insnltandi
3125 1777 3336 1843 copiam
3359 1776 3486 1828 fecit
3505 1776 3546 1840 ⁸,

280 1873 412 1943 ἔθνη
448 1875 692 1937 ὑπὸτοὺς
725 1875 893 1936 πόδας
929 1874 1115 1943 ἡμῶν·
1140 1874 1299 1926 «Ἐπὶ
1323 1874 1524 1926 ἀσπίδα
1541 1874 1635 1926 καὶ
1660 1873 1864 1942 βασιλίι

284 1982 415 2016 σκον
446 1965 708 2035 ὲπιϐήσῃ,
736 1983 753 2014 ι
779 1966 1131 2036 παρεγγυῶν.
1156 1966 1229 2016 Τὸ
1253 1966 1306 2017 δὲ
1341 1966 1542 2035 μηδένα
1570 1966 1766 2035 γρύξαι
1796 1969 1862 2036 τῇ

281 2054 500 2125 γλώττῃ
536 2055 642 2107 τῶν
663 2055 796 2108 υίῶν
825 2055 1065 2128 Ἰσραὴλ,
1086 2056 1146 2108 τὸ
1176 2056 1251 2126 μὴ
1276 2057 1632 2124 διαγογγύσαι
1664 2075 1863 2110 παντε-

281 2144 392 2208 λῶς
437 2146 513 2207 ὡς
561 2146 652 2197 ἐπὶ
684 2145 856 2216 βλάϐῃ
896 2149 1030 2208 τινὶ,
1063 2147 1205 2199 κατὰ
1237 2147 1298 2198 τό
1321 2164 1334 2176 ο
1390 2167 1408 2197 ι
1445 2142 1628 2202 nam:
1661 2151 1865 2200 ποιεῖτε

279 2240 455 2310 χωρὶς
484 2237 806 2308 γογγυσμοῦ
836 2239 930 2292 καὶ
967 2238 1355 2308 διαλογισμῶν.
1395 2258 1414 2290 ι

354 2504 451 2569 Μὴ
502 2503 773 2570 φοϐῆσθε
827 2503 940 2573 (39)
993 2503 1240 2568 αὐτοὺς,
1290 2504 1446 2573 μηδὲ
1501 2505 1863 2573 δειλιὰσητε.

281 2597 442 2651 Οὕτω
465 2597 561 2648 καὶ
581 2599 609 2650 ὁ
625 2598 719 2650 τοῦ
748 2597 1123 2667 πνευματικοῦ
1146 2598 1385 2666 πολέμου
1414 2598 1703 2668 ταξίαρχος
1726 2600 1869 2652 Παῦ-

282 2691 396 2752 λος,
435 2709 453 2740 ι
502 2688 609 2742 Τοῦ
649 2689 876 2750 λοιποῦ,
912 2691 1112 2760 φησὶν.
1150 2689 1546 2759 ἐνδυναμοῦσθε
1585 2693 1642 2742 ἐν
1685 2692 1871 2762 Κυρίῳ

283 2781 382 2833 καὶ
413 2782 472 2834 ὲν
507 2781 586 2852 τῷ
611 2782 805 2850 κράτει
837 2781 936 2850 τῆς
975 2782 1164 2850 ίσχύος
1210 2782 1376 2834 αὑτοῦ
1399 2800 1412 2813 ο
1447 2782 1742 2834 ἐνδύσασθε
1772 2784 1872 2852 τὴν

283 2873 596 2925 πανοπλίαν
624 2873 718 2926 τοῦ
747 2873 907 2936 Θεοῦ,
941 2873 1080 2941 πρὸς
1106 2875 1165 2925 τὸ
1193 2873 1457 2926 δύνασθαι
1497 2874 1638 2944 ὑμᾶς
1680 2875 1871 2944 στῆναι

285 2963 424 3031 πρὸς
450 2964 546 3025 τὰς
581 2964 860 3032 μεθοδείας
895 2964 988 3016 τοῦ
1014 2964 1287 3018 διαϐόλου·
1326 2967 1408 3017 ὃτι
1435 2967 1533 3018 οὐκ
1560 2967 1706 3019 ἐστιν
1739 2969 1873 3037 ἡμῖν

283 3055 319 3123 η
356 3054 503 3114 πάλη
529 3055 664 3125 πρὸς
698 3050 838 3124 αἷμα
874 3057 967 3107 καὶ
1003 3057 1202 3120 σάρκα,
1245 3073 1263 3105 ι
1298 3056 1390 3107 καὶ
1419 3056 1487 3109 τὰ
1512 3056 1657 3125 ἑξῆς.

1966 1874 2056 1944 qui
2089 1873 2317 1943 pedibus
2345 1870 2550 1924 nostris
2591 1872 2820 1937 populos
2856 1876 2908 1920 et
2940 1877 3127 1935 gentes
3163 1864 3474 1932 subiugavit
3503 1864 3549 1925 ³,

1967 1967 2057 2036 qui
2085 1965 2321 2034 denique
2351 1972 2528 2015 tutum
2564 1976 2807 2029 gressum
2845 1974 3010 2026 super
3045 1957 3235 2023 aspide
3269 1966 3321 2007 et
3361 1956 3550 2008 basili-

1968 2071 2062 2109 sco
2088 2054 2335 2123 promisit
2359 2053 2401 2104 ⁸.
2439 2051 2590 2115 Quod
2635 2065 2764 2101 vero
2792 2063 2950 2100 nemo
2982 2063 3048 2099 ne
3077 2046 3296 2098 mutivit
3325 2045 3547 2112 quidem

1967 2147 2150 2214 lingua
2182 2152 2374 2197 contra
2420 2143 2559 2195 ﬁlios
2591 2141 2782 2200 Israel,
2820 2138 3137 2207 patientiam
3179 2153 3297 2188 eam
3341 2153 3446 2203 qua
3487 2152 3552 2187 ne

1969 2252 2250 2290 Inurntttre
2277 2235 2460 2303 aliquo
2485 2233 2550 2286 de
2574 2233 2774 2284 damno
2805 2233 2914 2284 sint
2959 2230 3285 2294 conquesti,
3326 2228 3548 2288 itnliCat,

1967 2333 2118 2401 juxta
2151 2330 2320 2383 illud:
2359 2346 2376 2378 ι
2420 2326 2616 2380 Omnia
2671 2325 2836 2378 facile
2876 2323 3013 2375 citra
3052 2319 3552 2374 murmurationem

1967 2433 2019 2479 et
2053 2422 2436 2476 contentiones
2462 2421 2502 2470 ".
2533 2440 2549 2470 ι

2042 2514 2162 2569 Non
2191 2515 2418 2566 timentis
2455 2529 2566 2572 eos,
2598 2527 2686 2562 nec
2716 2510 3091 2578 reformidetis.
3321 2506 3396 2557 lla
3428 2506 3551 2559 belli

1972 2607 2276 2678 spiritualis
2305 2606 2410 2658 dux
2445 2604 2646 2656 Paulus
2675 2619 2893 2670 quoque
2924 2604 3034 2655 ait:
3074 2600 3257 2666 «Quod
3285 2607 3555 2665 superest,

1973 2698 2173 2752 fratres
2205 2697 2331 2756 mei,
2369 2693 2493 2747 silis
2533 2693 2706 2746 fortes
2745 2709 2836 2760 per
2867 2692 3180 2756 Dominum,
3217 2705 3421 2759 perque
3472 2704 3566 2756 po-

1973 2791 2201 2843 tentiam
2237 2787 2446 2841 roboris
2501 2787 2669 2838 illius.
2730 2783 2944 2836 lnduite
3003 2794 3170 2836 totam
3222 2793 3559 2834 armaturam

1977 2880 2093 2943 Dei,
2116 2887 2172 2932 ut
2192 2876 2418 2946 possitis
2449 2883 2598 2927 stare.
2622 2873 2886 2926 adversus
2913 2873 3141 2925 insidias
3172 2870 3397 2922 diaboli.
3418 2869 3566 2932 Quo-

1977 2973 2121 3024 niam
2169 2984 2276 3029 non
2325 2974 2407 3021 est
2463 2966 2623 3018 nobis
2656 2967 2810 3017 lucta
2850 2965 3114 3017 adversus
3161 2962 3483 3030 sanguinem
3509 2967 3563 3014 et

1979 3077 2198 3116 carnem
2239 3063 2284 3126 ‘,
2325 3079 2342 3110 ι
2383 3067 2435 3112 et
2469 3058 2894 3127 qmedeinCeps.

361 3143 519 3211 Ἕως
539 3147 824 3215 ἑσπέρας.
853 3149 1148 3200 Τουτέστιν
1174 3147 1278 3209 ἓως
1304 3148 1404 3216 τῆς
1443 3147 1755 3212 συντελείας
1782 3149 1875 3201 τοῦ
1903 3119 1948 3176 c

1874 3181 1875 3190 ι
1903 3119 1948 3176 c
2057 3152 2228 3222 Usque
2257 3119 2324 3204 ad
2356 3119 2644 3218 vesperam.
2675 3119 2825 3218 [‘26.]v
2857 3146 2968 3199 Iloc
3007 3157 3091 3200 est
3117 3161 3292 3214 usque
3322 3144 3388 3198 ad
3429 3159 3561 3197 con-

285 3237 506 3299 αίῶνος.
539 3239 665 3301 Τοῖς
718 3240 825 3310 γὰρ
870 3241 1215 3309 ἁμαρτωλοῖς
1254 3240 1350 3306 νύξ
1409 3242 1556 3292 ἐστιν
1588 3243 1616 3293 ὁ
1671 3241 1881 3309 μέλλων

286 3331 444 3385 αἰών.
488 3332 624 3401 Περὶ
664 3325 738 3385 ὧν
776 3335 804 3384 ὁ
848 3333 1133 3403 προφήτης
1178 3333 1320 3402 (40),
1358 3352 1376 3384 ι
1410 3334 1524 3385 ’Ίνα
1550 3333 1754 3401 τίύμῖν
1785 3335 1881 3403 τὴν

286 3425 507 3494 ἡμέραν
546 3427 750 3495 Κυρίου
783 3425 992 3494 ζητεῖνς
1037 3445 1053 3475 ι
1085 3427 1194 3478 Καὶ
1237 3424 1381 3496 αῦτη
1424 3427 1571 3478 ἐστὶν
1611 3426 1740 3494 ὑμῖν
1764 3426 1879 3489 νὺξ,

288 3518 388 3570 καί
411 3517 508 3585 οὐχ
538 3517 743 3587 ἡμέρα.
791 3517 962 3588 ιἘφη
989 3517 1046 3569 δὲ
1087 3518 1223 3586 πρὸς
1273 3517 1564 3579 Ἰουδαίους
1591 3521 1618 3570 ὁ
1647 3517 1878 3588 Κύριος·

294 3626 313 3659 ι
353 3607 444 3661 Ἐν
480 3610 591 3677 ὅσῳ
620 3610 681 3660 τὸ
731 3608 847 3675 φῶς
896 3609 1074 3678 ἔχετε,
1118 3609 1472 3677 περιπατεῖτε
1505 3611 1563 3660 ἐν
1610 3609 1687 3679 τῷ
1720 3610 1882 3676 φωτὶ,

291 3699 381 3752 (va
413 3700 489 3768 μὴ
529 3703 720 3752 σκοτία
751 3699 898 3769 ὑμᾶς
941 3698 1250 3773 καταλάϐῃ.
1293 3718 1310 3750 ι
1347 3701 1502 3754 Μετὰ
1531 3699 1587 3751 δὲ
1632 3700 1729 3770 τὴν
1756 3716 1883 3752 συν-

286 3794 510 3846 τέλειαν
546 3795 624 3865 τῷ
647 3795 900 3864 ἐξωτέρω
929 3795 1106 3864 σκότῳ
1127 3793 1671 3866 κατακριθήσονται.]

364 3887 542 3942 Λοϐδὰ
572 3888 733 3958 κώμη
765 3888 862 3941 νῦν
892 3886 1601 3957 ὲστινἘλευθερουπόλεως
1629 3887 1766 3957 μετὰ
1789 3887 1887 3957 τὴν

292 3982 499 4037 ἅλωσιν
537 3980 788 4051 ίερατικὴ
816 3980 1107 4051 γενομένη.
1137 3980 1248 4032 Καὶ
1281 3981 1483 4049 Λάχεις
1513 3980 1568 4032 δὲ
1597 3979 1756 4049 κώμη
1788 3980 1888 4050 τῆς

291 4073 469 4140 αὐτῆς
495 4073 724 4135 πόλεως.
755 4073 862 4126 Καὶ
893 4071 1093 4125 πάντα
1117 4071 1186 4124 δὲ
1206 4071 1680 4140 κατεστρέψατο.
1705 4068 1888 4125 Ἦσαν

290 4167 404 4235 γὰρ
435 4166 538 4236 ήδη
581 4165 1018 4236 πεπληρωμέναι
1063 4149 1174 4216 τῶν
1209 4164 1561 4234 Ἀμορραίων
1605 4165 1660 4217 αί
1710 4164 1889 4234 ἁμαρ-

289 4276 426 4313 τισι.

368 4352 505 4406 Ἀπὸ
533 4351 736 4417 Κάδης
757 4349 982 4419 Βαρνή.
1021 4347 1271 4418 Ἔρημός
1295 4351 1409 4401 ἐστι
1434 4350 1498 4419 τῇ
1525 4348 1711 4420 Πέτρᾳ
1735 4347 1888 4400 πόλει

288 4451 391 4518 τῆς
429 4448 696 4517 Ἀραϐίας
728 4445 1141 4516 παρακειμένη.
1177 4444 1347 4498 Ἔνθα
1375 4446 1470 4497 καὶ
1511 4445 1750 4514 Μαριὰμ
1783 4445 1892 4496 ὲτεο

290 4539 547 4607 λεύτησε,
581 4537 679 4590 καὶ
712 4535 952 4603 Μωῦσῆς
981 4534 1243 4595 διστάσας
1269 4533 1420 4584 παίει
1453 4531 1552 4597 τὴν
1581 4532 1815 4600 πέτραν.

368 4631 584 4702 Μερὼμ
611 4631 668 4684 δὲ
700 4631 866 4700 κώμη
901 4627 1181 4695 Σεϐάστης
1210 4626 1492 4696 ἀπέχουσα
1527 4625 1776 4695 σημείοις
1801 4625 1890 4693 ιβ’.

369 4807 824 4877 Παραγγέλλεται
866 4805 976 4860 τῶν
1023 4803 1437 4858 ὲπισυστάντων
1479 4804 1543 4855 ὲκ
1575 4801 1748 4873 βορῤἄ
1773 4818 1898 4854 νευ-

1983 3246 2406 3302 summationem
2436 3243 2646 3295 mundi.
2679 3240 3071 3295 PeCCatoribus
3118 3241 3262 3292 enim
3319 3239 3564 3291 futurum

1984 3341 2243 3395 sa'culutn
2280 3354 2384 3392 nox
2415 3344 2518 3396 est,
2550 3333 3014 3405 quemadmodum
3057 3333 3316 3401 prottlteta
3353 3333 3565 3400 inquit:

1989 3453 2008 3485 ι
2040 3432 2150 3487 Cur
2175 3433 2329 3485 vobis
2367 3432 2508 3484 diem
2547 3429 2838 3481 Domini’.
2880 3445 2898 3478 ι
2941 3428 3068 3478 Item
3127 3426 3240 3477 hate
3291 3433 3372 3476 est
3414 3423 3569 3477 vobis

1986 3542 2114 3589 nox,
2147 3539 2246 3578 nec
2296 3523 2433 3576 dies.
2487 3523 2673 3590 lnquit
2705 3521 2833 3572 item
2870 3517 2938 3570 ad
2984 3514 3204 3570 Jndaeos
3257 3516 3564 3569 Dominus:

1992 3636 2010 3668 ο
2044 3616 2347 3672 Versamitti
2382 3616 2436 3668 itt
2471 3614 2592 3666 lucc
2639 3627 2705 3665 ne
2763 3627 2856 3663 vos
2898 3610 3138 3662 tenrbra:
3165 3608 3404 3660 obruant
3439 3607 3504 3658 ὀ.
3548 3626 3564 3656 ι

1987 3709 2116 3763 Post
2165 3709 2326 3762 ﬁnem
2365 3708 2603 3776 denique
2639 3704 3007 3760 exterioribus
3052 3701 3296 3754 tenebris
3316 3698 3573 3752 condem-

1989 3803 2286 3856 Itabuntur.

2065 3892 2128 3946 Et
2153 3891 2326 3946 Luda.
2365 3889 2502 3963 [30.]
2533 3888 2701 3944 Vicus
2725 3889 2828 3942 hoc
2861 3897 3108 3956 tempore
3141 3893 3218 3938 est
3256 3882 3578 3935 Eleuthero-

1989 3987 2152 4058 polis,
2188 3995 2312 4055 post
2339 3983 2714 4054 captivitatem
2754 3982 3139 4037 sacerdotibus
3165 3978 3352 4032 cessit.
3378 3974 3576 4028 Lacltis

1991 4093 2122 4132 vero
2158 4077 2315 4130 vicus
2349 4082 2433 4129 est
2478 4073 2720 4141 ejusdem
2765 4073 2940 4125 urbis.
2982 4069 3175 4124 Omnia
3210 4084 3370 4136 porro
3428 4066 3582 4118 sube-

1990 4170 2080 4241 git.
2113 4167 2653 4241 [40].Exuberabant
2682 4166 2829 4219 enim
2859 4163 3308 4217 Amori-imorum
3337 4169 3579 4228 peceata.

2063 4347 2105 4400 Α
2136 4344 2308 4400 Cades
2343 4343 2575 4405 Barnert,
2597 4332 2706 4398 etc.
2738 4341 3022 4394 liesertum
3051 4347 3134 4391 est
3165 4337 3340 4390 Petra!
3373 4334 3587 4403 Arabiae

1995 4440 2115 4494 urbi
2159 4439 2427 4500 vicinum,
2463 4436 2555 4488 ubi
2601 4433 2771 4486 Maria
2806 4434 2912 4485 vita
2945 4431 3205 4485 defuncta
3246 4439 3348 4493 est,
3380 4443 3442 4479 at:
3471 4426 3590 4478 Mo—

1998 4546 2089 4587 ses
2115 4529 2385 4584 seditione
2426 4527 2620 4582 oborta
2656 4535 2866 4596 petram
2911 4523 3168 4594 percutit.

2074 4621 2250 4676 Porro
2281 4619 2486 4674 Merom
2507 4619 2661 4673 vicus
2693 4628 2774 4672 est
2801 4617 3066 4678 Sebastaz,
3096 4614 3162 4667 ab
3192 4627 3255 4667 ea
3285 4610 3352 4664 ad
3382 4607 3591 4662 duode-

2004 4713 2207 4768 cimum
2242 4713 2478 4784 lapidem
2520 4713 2770 4767 dissitus.

2081 4804 2370 4859 Mandatur
2405 4819 2532 4860 vero
2583 4803 2772 4869 Josuc,
2836 4810 2896 4856 ut
2939 4815 3128 4855 eorum
3177 4797 3268 4866 qui
3313 4811 3340 4847 a
3376 4804 3595 4859 septen-

299 4902 612 4975 ροκοπῆσαι
639 4901 767 4962 τοὺς
810 4899 1036 4959 ἵππους.
1064 4914 1082 4945 ι
1115 4895 1189 4948 Οὐ
1225 4894 1335 4964 γὰρ
1371 4893 1666 4962 πληθυνεῖς
1692 4893 1904 4963 σεαυτῷ

2007 4899 2184 4954 trione
2239 4914 2347 4952 una
2403 4900 2850 4959 insurrexeraut,
2911 4896 3069 4964 equis
3128 4907 3325 4944 nervos
3370 4887 3594 4940 itu-idat.

297 5000 489 5057 ἶππον.
524 4999 551 5049 ὁ
578 4996 743 5063 νόμος
791 4994 950 5062 φησὶ,
989 5011 1005 5042 ι
1031 4991 1126 5043 καὶ
1157 4989 1225 5042 τα
1255 4989 1482 5059 ἅρματα
1524 4987 1900 5050 κατακαῦσαι,

294 5090 374 5150 ὡς
399 5088 498 5141 καὶ
521 5087 588 5139 τὰ
612 5086 721 5138 τῶν
759 5081 1078 5152 Αἰγυπτίων
1110 5082 1335 5150 γέγονεν
1368 5079 1698 5150 ὑποϐρύχια.

369 5268 645 5332 Νικήσας
679 5263 929 5328 ἐδίωξεν
972 5262 1084 5327 ἕως
1118 5258 1657 5328 Μαστρεφωθμαΐν,
1714 5259 1894 5328 Ὅπερ

2009 4989 2141 5043 Nunt
2198 4989 2306 5055 lex,
2369 5008 2385 5040 ι
2429 4989 2544 5042 Non
2584 4988 2978 5056 tttttltiplicabis
3013 4985 3107 5036 tibi
3142 4999 3313 5050 equos
3340 4982 3380 5010 “
3412 5021 3424 5042 ,
3468 4997 3484 5027 ι
3517 4993 3596 5027 ιιι-

2001 5083 2142 5153 quit.
2183 5081 2395 5137 Currus
2439 5084 2568 5135 iisut
2600 5083 2908 5142 comburat,
2939 5074 3398 5147 quemadmodum
3432 5069 3590 5138 Aie)"-

2003 5175 2247 5244 ptiorum
2281 5185 2411 5229 sunt
2442 5175 2742 5229 sub-uersi.

2072 5267 2136 5320 bl
2171 5269 2334 5321 victos
2389 5281 2692 5337 persecutus
2738 5275 2811 5320 est
2862 5257 3362 5329 Illastrcphotumim
3424 5267 3585 5319 usque

371 5411 392 5439 ‘
429 5407 469 5461 11
505 5406 653 5462 Petr.
687 5422 748 5463 tt.
791 5404 847 5458 4.
926 5401 946 5433 ⁸
984 5401 1117 5454 Luc.
1147 5417 1266 5463 vm,
1292 5398 1381 5453 51.
1437 5401 1471 5470 ξ
1494 5395 1822 5470 Psalaxuv,
1886 5403 1936 5456 6.
2017 5406 2037 5437 ι

1898 5403 1936 5456 3.
2017 5406 2037 5437 '
2068 5404 2212 5462 Psal.
2247 5423 2395 5470 xui,
2438 5408 2490 5461 4.
2573 5405 2760 5461 ‘l’sal.
2804 5405 3006 5470 xc,13.
3085 5403 3103 5433 ⁷
3140 5398 3374 5467 Philipp.
3431 5409 3489 5456 II.
3521 5389 3585 5444 Μ

294 5476 319 5510 ⁸
356 5479 560 5550 Epltes.
593 5493 665 5540 νι,
708 5473 901 5530 »ιο-ιε.
977 5475 998 5507 ’
1030 5473 1262 5527 Zacltar.
1303 5487 1411 5532 λιν,
1435 5469 1487 5522 7.

1571 5469 1612 5500 ‘°
1643 5469 1804 5526 Joan.
1862 5490 1957 5542 xu,
1984 5477 2073 5531 55.
2157 5480 2194 5510 “
2241 5469 2398 5535 Deut.
2437 5482 2688 5542 “11,10.

1849 5611 2088 5671 NOTAE.

632 5760 940 5843 φοϐηθῆτε.
978 5757 1040 5808 Αἱ
1079 5754 1204 5843 αὐτ.

371 5815 487 5906 (ὅθί
724 5815 1091 5896 τδ-ι’).ἑγοντκ
1147 5823 1457 5894 Προφήτην.
1513 5825 1568 5880 ’0
1608 5820 1700 5888 τῆς
1754 5820 1888 5888 3'3?-
1935 5819 2062 5875 κώδ·
