4272 6446
736 360 870 421 1023

2038 374 2392 437 PROCOPII
2423 376 2667 436 GAZEI

3878 385 4015 450 ιοει

730 462 835 500 etc.
873 447 988 518 [ΧΙ.
1020 445 1101 518 8.]
1132 446 1287 513 Quod
1339 465 1712 518 expasucrunt
1755 456 1923 527 490
1974 460 2170 528 reliqui
2198 501 2210 522 ,
2250 460 2320 514 ad

2424 461 2695 526 ἐξέδωκαν
2719 461 2768 514 οἱ
2790 462 2988 525 λοιποὶ,
3013 462 3117 524 ἕως
3140 463 3232 516 τοῦ
3257 464 3448 528 ὓδατος
3472 466 3573 535 τῆς
3592 466 3891 537 θαλάσσης,
3920 477 4011 526 mi

731 554 896 601 quam
932 542 1101 595 maris
1143 542 1295 601 item,
1332 543 1612 613 Massepha
1650 563 1845 615 usque.
1891 550 1985 605 Est
2026 568 2155 607 vero
2183 556 2317 609 civi—

731 642 816 686 tas
843 648 906 686 ea
945 634 996 686 in
1031 649 1137 702 qua
1159 634 1355 701 Jcphte
1384 636 1674 704 habitavit,
1703 639 1880 694 vicina
1906 643 2319 703 Ciriathearim.

732 726 789 775 In
823 739 928 792 qua
957 741 1085 778 arca
1117 744 1334 795 quoque
1364 740 1502 783 crat.
1528 746 1652 783 cum
1689 731 1909 788 Samuel
1943 736 2112 806 judex
2152 750 2319 795 esset.

733 816 849 869 Sita
874 828 957 871 est
991 829 1172 871 autem
1201 822 1346 873 inter
1381 820 1555 875 IEItas
1599 836 1651 877 ct
1686 826 2008 897 Diospulim,
2043 833 2095 885 in
2125 834 2211 886 via
2253 835 2319 889 ad

731 924 939 962 nonum
979 911 1215 979 lapidem
1242 914 1421 981 posita
1460 926 1547 968 est
1574 917 1988 986 Ciriathcarim,
2018 925 2110 978 cui
2142 926 2320 981 vicina

732 1010 820 1055 est
860 1002 1170 1071 Massepha.

803 1091 926 1145 Seir
959 1096 1112 1147 locus
1146 1103 1231 1149 est
1265 1097 1354 1149 uhi
1393 1099 1529 1152 Esau
1566 1102 1728 1155 sedit.
1774 1103 2010 1175 Balgaad
2042 1108 2093 1161 in
2123 1122 2321 1179 campo

728 1181 921 1236 Libani
955 1193 1060 1239 sua
1090 1195 1195 1250 est,
1234 1190 1338 1241 sub
1370 1200 1557 1246 monte
1593 1191 1823 1249 Airmon
1858 1212 1954 1251 seu
1986 1198 2251 1254 Hermon.

805 1361 1035 1416 Euakim
1086 1366 1223 1420 urbs
1276 1376 1538 1424 montana
1573 1380 1680 1438 est,
1714 1376 1892 1443 posita
1936 1377 2040 1430 sub
2077 1377 2314 1434 llebron.

729 1451 1071 1521 Prmpostere
1092 1474 1243 1521 vero,
1270 1478 1285 1508 ι
1314 1459 1387 1513 Ev
1415 1464 1676 1517 cluiuilius
1703 1468 1977 1522 montanis
2002 1467 2163 1533 Juda,
2191 1490 2209 1522 ι
2234 1472 2320 1525 in-

727 1543 875 1607 quit;
929 1546 1171 1597 nondum
1224 1550 1369 1601 enim
1424 1566 1485 1603 ea
1542 1550 1683 1607 Judu
1746 1556 1959 1611 habuit.
2019 1558 2320 1632 Dialinguit

734 1646 858 1683 vero
888 1630 1084 1686 Judam
1117 1646 1171 1689 et
1202 1636 1458 1692 Israelem
1493 1644 1759 1711 scriptor,
1802 1651 1950 1717 quod
1992 1651 2082 1705 ille
2126 1630 2320 1723 sitiju-

729 1723 872 1788 uior,
924 1734 1115 1793 postca
1152 1731 1299 1783 enim
1348 1730 1488 1785 Juda
1545 1735 1666 1789 dum
1719 1737 1927 1803 tribus,
1975 1741 2139 1797 Israel
2190 1761 2320 1801 vero

726 1814 916 1868 decem
980 1821 1212 1873 seorsim
1275 1834 1403 1877 sunt
1437 1838 1678 1893 vocatzc,
1746 1832 1854 1885 sub
1909 1830 2157 1888 Rohoam
2209 1837 2319 1891 tilio

728 1908 1066 1967 Salomonis.

799 1998 1075 2055 Dunlaa'al
1114 2007 1165 2057 in
1199 2006 1336 2070 Aza,
1371 2006 1510 2061 Catlt
1535 2020 1583 2063 ct
1608 2012 1809 2067 Asdotlt
1838 2017 2012 2070 relicti
2044 2029 2187 2084 sunt,
2210 2032 2316 2076 etc.

726 2091 866 2164 [‘22.]
904 2093 1183 2150 Judicium
1218 2100 1319 2153 hoc
1353 2112 1439 2155 est
1488 2116 1764 2159 sectarum
1820 2109 1963 2163 inter
1998 2111 2205 2169 ﬁdeles.
2239 2116 2318 2169 Ac

727 2196 784 2237 ut
819 2202 915 2253 per
950 2204 1042 2244 eas
1077 2192 1279 2246 eruditi
1315 2206 1718 2253 convertantur
1750 2200 1817 2254 ad
1859 2200 2031 2256 Deum
2065 2206 2159 2275 qui
2189 2222 2318 2277 pec-

721 2290 941 2333 carunl.

792 2373 1024 2445 Cumque
1044 2380 1162 2447 jam
1194 2380 1362 2437 Josua
1385 2390 1766 2451 consenuisset,
1795 2402 2155 2465 pravumque.
2183 2408 2341 2470 esset.

722 2469 924 2527 a'talis,
961 2471 1097 2522 dixit
1126 2473 1384 2530 Dominus
1424 2480 1493 2531 ad
1518 2498 1636 2534 eum
1667 2498 1683 2535 :
1714 2482 1789 2536 Tu
1817 2487 1934 2553 jam
1960 2504 2117 2542 senex
2138 2490 2317 2559 factus

719 2576 773 2613 es
803 2574 1166 2632 provct'lu'que
1217 2574 1415 2634 etatis,
1462 2582 1574 2629 etc.
1611 2574 1785 2647 [XIIL
1823 2580 1903 2652 1.]
1938 2580 1993 2636 In
2031 2583 2318 2651 Scriptura

720 2668 832 2707 non
893 2658 1221 2721 simpliciter
1274 2664 1505 2732 longxri
1570 2672 1824 2725 seniores
1887 2690 2316 2746 nuncupantur;

722 2758 912 2797 verum
950 2750 1043 2815 qui
1084 2750 1153 2803 ob
1185 2753 1534 2819 prudentiam
1566 2758 1779 2813 honore
1804 2762 1956 2833 digni
1993 2778 2142 2830 sunt,
2176 2771 2316 2823 vita-

721 2852 846 2906 qutn
901 2842 1137 2895 cmh-sti.
1190 2844 1547 2916 Quapropter
1590 2866 1689 2907 nec
1726 2854 1922 2920 Adam,
1969 2874 2069 2913 uec
2107 2860 2322 2917 Mathu-

720 2933 858 2993 sala,
887 2947 985 2984 nec
1020 2933 1134 2987 Noe
1161 2938 1380 3003 quidem
1413 2942 1689 2997 seniorem
1715 2946 1876 3007 dixit.
1910 2963 2052 3017 quos
2080 2956 2320 3011 maxime

720 3028 1100 3081 conveniebat.
1128 3027 1329 3084 Verum
1357 3033 1662 3101 iongmvum
1683 3039 2058 3096 Abrahauium
2081 3046 2317 3113 primum

2425 553 2531 615 ἕως
2563 555 2866 623 Μασσηφά.
2896 554 3117 623 Ταύτην
3148 555 3204 608 δὲ
3252 557 3464 623 Ἰεφθάε
3500 559 3742 630 κατῴκει
3783 561 4015 631 πλησὶον

2422 646 2520 715 τῆς
2558 647 2973 717 Καριαθιαρείμ
2993 663 3007 678 ο
3047 650 3104 701 ἐν
3197 649 3345 718 καὶὴ
3373 649 3606 715 κιϐωτὸς
3633 648 3702 723 ἦν
3729 670 3883 717 ποτε,
3918 658 4013 707 καὶ

2424 738 2680 808 Σαμουὴλ
2706 737 2966 802 ἐδίδαξεν.
3002 739 3158 791 Ἐστι
3187 740 3244 793 δὲ
3281 741 3484 810 μεταξὺ
3514 744 3701 807 Αἰλίας
3734 748 3829 798 καὶ
3858 748 4015 798 Διοσ-

2424 829 2633 891 πόλεως
2673 829 2767 881 ἐπὶ
2800 829 2900 897 τῆς
2937 830 3059 882 ὀδοῦ
3088 832 3344 901 κειμένη.
3373 833 3448 895 ὡς
3485 834 3594 887 ἀπὸ
3627 837 3873 905 σημείων
3897 834 3941 888 0'
3976 839 4012 906 ἡ

2423 919 2855 991 Καριαθιαρεὶμ,
2888 916 2957 993 ἦς
2978 924 3175 990 γείτων
3203 926 3236 994 ἡ
3281 925 3586 996 Μασσηφά.

2495 1102 2652 1154 Ἐστι
2685 1101 2849 1172 Σηεὶρ
2882 1101 3011 1155 ἔνθα
3056 1103 3300 1173 κατῴκει
3340 1104 3532 1159 Ἠσαῦ.
3577 1107 3829 1175 Βαλαγὰδ
3859 1108 3916 1161 δὲ
3954 1110 4018 1162 ὲν

2419 1192 2498 1262 τῷ
2531 1193 2701 1264 πεδίῳ
2729 1192 2824 1246 τοῦ
2854 1193 3087 1248 Λιϐάνου
3124 1198 3301 1248 κεῖται
3353 1196 3458 1249 ὑπὸ
3489 1197 3551 1251 τὸ
3590 1199 3717 1268 ὅρος
3751 1200 3812 1253 τὸ
3854 1202 4013 1273 Ἀερ-

2422 1288 2561 1359 μὼν.

2503 1379 2736 1448 Ἐνακὶμ
2775 1380 2929 1444 πόλις
2966 1382 3154 1455 ὀρεινὴ
3199 1385 3429 1441 τελοῦσα
3466 1388 3572 1441 ὑπὸ
3616 1389 3866 1459 Χεϐρών.
3919 1391 4017 1444 Ἐκ

2419 1466 2623 1531 παντὸς
2642 1468 2697 1520 δὲ
2712 1468 2873 1539 ὅρους
2895 1471 3065 1523 Ἰούδα
3086 1491 3104 1523 ι
3122 1474 3278 1542 φησὶ,
3294 1476 3393 1538 τὰς
3406 1476 3619 1546 ἐνορίας
3642 1478 3707 1530 ἐκ
3720 1479 3830 1530 τῶν
3856 1478 4017 1532 ῦστε-

2422 1576 2514 1629 ρον
2563 1559 2766 1613 καλῶν.
2798 1560 2967 1615 Οὔπω
3015 1564 3124 1634 γάρ
3152 1565 3247 1617 νῦν
3283 1562 3432 1635 εἶχεν
3470 1569 3661 1637 αὑτήν.
3700 1570 4018 1623 Διαστέλλει

2416 1650 2474 1703 δὲ
2511 1651 2603 1702 τὸν
2651 1651 2855 1705 Ἰούδαν
2912 1654 3007 1706 καὶ
3055 1655 3147 1709 τὸν
3192 1658 3410 1728 Ἰσραὴλ
3459 1662 3488 1712 ὁ
3538 1664 3894 1731 συγγραφεὺς
3940 1662 4018 1726 ὡς

2421 1741 2708 1813 νεώτερος.
2747 1744 3020 1817 ’Ὕστερον
3050 1746 3160 1816 γὰρ
3202 1749 3407 1813 Ἰούδας
3445 1751 3566 1820 μὲν,
3595 1754 3651 1805 αί
3676 1753 3787 1806 δύω
3813 1752 4017 1822 φυλαίο

2350 1800 2396 1861 Β
2439 1800 2682 1907 Ἰσραὴλ⁷
2710 1837 2788 1903 δὲ,
2841 1840 2897 1892 αἱ
2925 1800 3087 1892 ’δέκέι
3128 1800 3591 1912 Existimavit}.
3630 1800 3867 1916 Ῥοσοάξι
3921 1846 4016 1899 τοῦ

2425 1932 2541 1984 υίοῦ
2569 1931 2931 1999 Σολομῶντος.

2493 2023 2687 2079 ’Τοῦτο
2720 2028 2950 2095 σημεῖον
2990 2026 3102 2079 τῶν
3129 2026 3315 2092 ζὲθνῶν
3346 2030 3440 2083 καὶ
3469 2031 3737 2100 αἱρέσεων
3765 2030 3876 2083 τῶν
3920 2048 4020 2100 με·

2420 2117 2553 2182 ταξὺ
2582 2117 2691 2169 τῶν
2726 2117 2967 2170 πιττῶν
3002 2120 3098 2170 καὶ
3145 2119 3233 2173 ἵνα
3275 2120 3343 2173 δι’
3396 2122 3579 2174 αὐτῶν
3629 2122 4016 2191 παιδευόμενοι

2420 2210 2794 2281 ὲπιστρέφωσι
2827 2210 2962 2281 πρὸς
3002 2208 3139 2264 Θεὸν
3171 2212 3587 2283 ἁμαρτάνοντες
3634 2215 3770 2286 (Η).
3811 2214 4019 2268 Ἀσδὼδ

2419 2304 2476 2357 δὲ
2516 2304 2776 2367 ΙἌζωτος.

2492 2396 2605 2449 Καὶ
2670 2396 2902 2464 Ἰησοῦς
2958 2398 3368 2467 πρεσϐύτερος
3427 2396 3810 2467 προϐεϐηκὼς
3868 2399 4019 2468 ἡμε-

2411 2488 2541 2558 ρῶν
2572 2489 2709 2559 (ιε).
2764 2491 2873 2544 Καὶ
2928 2487 3059 2545 εἶπε
3123 2493 3343 2560 Κύριος
3393 2491 3546 2558 πρὸς
3614 2489 3902 2560 Ἰησοῦν,
3932 2489 4020 2544 Σὺ

2420 2586 2793 2653 προϐέϐηκας
2819 2584 2941 2639 τῶν
2982 2585 3241 2655 ἡμερῶν.
3280 2587 3393 2655 Οὐχ
3428 2585 3617 2649 ἁπλῶς
3657 2588 3705 2638 oi
3747 2584 4022 2654 πολυχρόο

2420 2690 2525 2725 νιοι
2547 2673 2798 2741 λέγονται
2822 2675 3273 2745 πρεσϐύτεροιτῇ
3302 2675 3662 2745 Γραςρῇ,·άλλ’
3684 2674 4021 2757 οίμ-φρόνημα

2421 2765 2642 2835 ἔχοντες
2687 2767 2838 2833 ἄξιον
2866 2766 3037 2837 τιμῆς
3064 2768 3395 2836 ἐπουρανίου
3435 2767 3860 2837 πρεσϐυτερίου.
3889 2768 4022 2820 Τοι-

2423 2859 2630 2929 γαροῦν
2659 2858 2784 2912 οὔτε
2811 2858 2905 2912 τὸν
2932 2859 3264 2930 ’Δδάμ,οῦτε
3281 2859 3374 2912 τὸν
3413 2858 3765 2921 Μαθουσάλο,
3782 2858 3911 2911 οὔτε
3927 2857 4025 2911 τὸν

2422 2953 2545 3005 Νῶε
2588 2953 2962 3023 πρεσϐύτερον
3001 2953 3247 3022 εἴρηκεν,
3271 2951 3365 3015 οὓς
3400 2952 3599 3023 μᾶλλον
3642 2952 3834 3021 ἐχρῆν,
3879 2951 4024 3007 ἀλλὰ

2422 3046 2515 3098 τὸν
2545 3043 3063 3116 ὀλιγοχρονιώτερον
3098 3043 3355 3113 Ἁϐραάμ
3386 3043 3605 3113 πρῶτον
3631 3037 3752 3093 εἷπε
3783 3041 4028 3113 πρεσϐύο

720 3121 1019 3186 appellavit
1061 3123 1359 3179 seniorem.
1388 3127 1468 3179 Ad
1518 3125 1703 3182 Mosen
1742 3145 1909 3199 porro
1938 3136 2103 3187 etiam
2139 3136 2320 3206 inquit

2425 3154 2603 3206 τερον.
2637 3138 2748 3188 Καὶ
2784 3137 2919 3207 πρὸς
2954 3137 3196 3190 Μωῧσέα
3223 3136 3281 3189 δέ
3315 3153 3450 3205 φησι
3482 3134 3720 3204 Κύριος’
3761 3152 3779 3184 ι
3820 3132 4025 3185 Ἐκλε-

723 3212 992 3269 υοιηίηιιε
1028 3235 1041 3269 :
1078 3237 1096 3268 ‹
1148 3218 1332 3290 Delige
1369 3222 1467 3275 tibi
1506 3239 1570 3277 ex
1614 3235 1821 3279 cuncto
1874 3230 2080 3297 populo
2126 3232 2313 3286 senio-

720 3323 832 3372 res,
887 3326 1029 3379 quos
1062 3321 1117 3365 tu
1167 3313 1287 3381 ipse
1338 3330 1466 3369 vere
1508 3319 1759 3373 seniores
1800 3335 1924 3375 csse
1972 3337 2315 3393 compertum

723 3404 892 3458 hahes
923 3406 984 3457 ".
1030 3426 1046 3457 ι
1085 3406 1243 3472 Quod
1280 3409 1326 3460 si
1372 3424 1503 3460 vero
1541 3413 1928 3478 peccatoribus
1968 3414 2071 3469 hoc
2117 3432 2315 3472 nomen

723 3494 1013 3566 Scriptura
1065 3501 1528 3563 tribuitalicubi,
1582 3520 1691 3557 nou
1727 3505 1848 3560 sine
1884 3509 2319 3575 reprehensione

721 3589 803 3649 ﬁt,
838 3593 1001 3659 quale
1048 3592 1180 3645 illud
1227 3593 1402 3661 ipsius
1454 3596 1671 3648 Domini
1707 3605 1834 3651 est:
1874 3616 1892 3649 ι
1938 3600 1997 3653 lu
2037 3600 2317 3667 judicium

720 3682 1043 3747 descendet,
1098 3700 1223 3738 cum
1286 3687 1638 3752 senioribus,
1699 3698 1753 3743 et
1814 3691 2163 3761 principibus
2223 3708 2318 3764 po-

723 3777 835 3846 puli
861 3778 925 3828 ¹³.
968 3796 986 3828 ι
1031 3777 1108 3830 Ad
1138 3778 1397 3832 eumdem
1434 3796 1567 3835 sane
1612 3783 1836 3836 modum
1885 3796 2156 3853 provecta:
2187 3799 2321 3841 teta-

720 3871 791 3921 tis
819 3883 942 3921 esse
973 3869 1040 3920 de
1074 3870 1287 3923 sanctis
1329 3871 1463 3924 dicit
1496 3888 1509 3925 :
1559 3891 1577 3922 ‹
1628 3871 1822 3930 Nullus
1854 3877 1997 3929 enim
2034 3886 2185 3932 retro
2228 3895 2320 3934 re-

724 3976 940 4021 versus.
972 3970 1053 4015 est
1084 3971 1401 4030 provectus.
1448 3983 1465 4015 ι
1506 3964 1708 4020 Verum
1737 3970 1782 4023 si
1813 3970 1939 4039 quis
1975 3986 2156 4025 rerum
2190 3982 2316 4043 post

722 4064 780 4103 Se
815 4053 1048 4111 oblitus,
1094 4050 1288 4106 adeas
1322 4071 1444 4123 qum
1477 4065 1606 4110 ante
1639 4071 1697 4111 se
1733 4068 1862 4111 sunt
1886 4060 2196 4114 contendit.

793 4141 1081 4209 Restatque
1111 4145 1286 4197 adhuc
1323 4145 1611 4199 admodum
1652 4151 1825 4202 multa
1860 4161 2003 4204 terra
2039 4170 2198 4222 quant
2230 4172 2320 4209 oc-

719 4238 946 4298 cupetis.
991 4236 1258 4301 Quamvis
1304 4254 1473 4307 supra
1512 4238 1649 4292 dixit
1686 4259 1699 4293 :
1741 4260 1758 4292 ι
1811 4240 1875 4295 Et
1920 4252 2065 4297 terra
2101 4255 2320 4302 vastata

723 4330 845 4397 igne
874 4339 957 4382 cst
989 4330 1241 4383 confecta
1270 4331 1334 4383 “.
1382 4350 1398 4382 ι
1450 4332 1583 4385 ltein
1615 4333 1761 4401 quod
1808 4332 1980 4389 Josue
2006 4340 2149 4405 cepit
2181 4356 2320 4395 eun-

720 4437 863 4481 ctam
899 4438 1127 4479 terram.
1178 4426 1480 4479 Considera
1531 4441 1714 4480 autem
1752 4428 1969 4483 Domini
2013 4429 2144 4486 Jcsu
2176 4434 2321 4500 prio-

2425 3228 2515 3295 ξαι
2538 3229 2749 3299 σεαυτῷ
2794 3229 2902 3281 ἀπὸ
2931 3229 3134 3292 παντὸς
3156 3228 3249 3281 τοῦ
3296 3227 3427 3281 λαοῦ
3469 3226 3896 3297 πρεσϐυτέρους,
3927 3222 4027 3288 οῦς

2423 3321 2585 3383 αὐτὸς
2628 3322 2692 3374 σὺ
2724 3317 2893 3385 οἶδας,
2926 3322 3007 3373 ὅτι
3052 3320 3419 3392 πρεσϐύτεροί
3463 3322 3624 3373 εἰσιν.
3660 3337 3677 3369 ι
3711 3318 3773 3371 El
3806 3318 3863 3371 δέ
3918 3335 4027 3372 που

2422 3412 2571 3479 λέγοι
2603 3411 2764 3465 τοῦτο
2805 3414 2933 3478 περὶ
2974 3412 3305 3482 άμαρτωλοῦ
3347 3413 3380 3482 ή
3419 3411 3634 3482 Γραφὴ,
3687 3410 3808 3480 μεθ’
3840 3412 4031 3466 ὑποτι-

2426 3503 2648 3573 μὴσεώς
2687 3521 2890 3573 φησιν·
2948 3522 2967 3555 ι
3002 3499 3152 3569 Οἷον,
3205 3505 3366 3568 αὐτὸς
3411 3506 3440 3558 ὀ
3488 3505 3694 3573 Κύριος
3725 3504 3807 3568 είς
3840 3505 4030 3573 κρίσιν

2421 3594 2541 3667 ἥξει
2592 3596 2731 3666 μετὰ
2762 3595 2873 3647 τῶν
2904 3594 3322 3664 πρεσϐυτέρων,
3369 3594 3465 3647 καὶ
3512 3594 3651 3664 μετὰ
3678 3593 3790 3645 τῶν
3824 3593 4029 3662 ἀρχόν-

2422 3705 2533 3741 των
2590 3687 2685 3739 τοῦ
2740 3686 2894 3741 λαοῦ.
2931 3705 2950 3740 ι
3004 3686 3240 3757 Ὀμοίως
3275 3687 3332 3740 δὲ
3375 3687 3471 3740 καὶ
3517 3687 3581 3739 τὸ
3613 3684 4028 3756 προϐεϐηκέναι

2424 3785 2543 3844 ταῖς
2574 3782 2814 3852 ἡμέραις
2856 3782 2950 3833 ἐπὶ
2986 3782 3159 3849 ἁγίων
3200 3781 3615 3850 φησίνοούδεὶς
3648 3780 3759 3850 γὰρ
3792 3779 4031 3849 στρεφὸ-

2428 3892 2588 3945 μενος
2636 3876 2716 3938 είς
2762 3874 2831 3927 τά
2876 3873 3078 3941 ὀπίσω,
3126 3873 3508 3945 προϐέϐηκενο
3555 3870 3672 3926 ἀλλ’
3702 3872 3758 3924 εἴ
3794 3889 3880 3934 τις
3912 3873 4032 3935 τοῖς

2425 3967 2738 4038 ἔμπροσθεν
2792 3966 3190 4032 ἐπεκτείνεται,
3247 3965 3359 4019 τῶν
3408 3964 3638 4019 ὄπισθεν
3671 3960 4036 4017 ἐπιλανθανό-

2470 4078 2609 4123 ενος.

2428 4080 2601 4207 HE;ng
2629 4152 2668 4219 ἠ
2702 4150 2775 4221 τῆ
2807 4150 3244 4207 ὑπολέλειπται
3273 4150 3478 4216 πολ.ῑή
3531 4147 3792 4217 σφόδρα.
3828 4146 4036 4200 Καίτοι

2427 4248 2680 4319 προεῖπε,
2703 4266 2721 4297 ι
2749 4247 2857 4298 Καὶ
2879 4246 2909 4315 ἡ
2936 4245 3005 4313 γῆ
3025 4244 3342 4297 κατέπαυσε
3359 4244 3488 4295 πολε
3501 4260 3601 4312 μου
3611 4243 3773 4311 μένη,
3801 4261 3818 4292 ι
3840 4241 4035 4293 καὶὸτι

2424 4342 2453 4393 ὁ
2482 4339 2689 4410 Ἰησοῦς
2716 4338 2879 4390 ἔλαϐε
2913 4340 3098 4390 πᾶσαν
3128 4336 3226 4407 τὴν
3256 4337 3381 4406 γῆν.
3414 4336 3545 4389 Non
3578 4336 3757 4388 τοίνυν
3786 4334 3884 4388 τοῦ
3917 4336 4038 4387 Κυ-

2431 4433 2550 4500 ρίου
2600 4430 2781 4501 Ἰησοῦ
2817 4429 3097 4499 προτέραν
3149 4428 3248 4498 μὲν
3307 4429 3577 4498 κράτησιν
3628 4426 3731 4496 τῆς
3762 4428 3889 4495 γῆς,
3939 4428 4035 4480 ὅτε

722 4533 833 4571 rem
866 4517 1088 4586 quidem
1124 4525 1285 4570 terrm
1315 4518 1806 4586 expugnationem,
1842 4520 2065 4589 quando
2091 4524 2318 4576 verbum

2431 4526 2655 4594 ἔσπειρε
2690 4524 2783 4576 τὸν
2818 4523 2978 4591 λόγον
3010 4521 3181 4575 αὑτοῦ
3209 4523 3287 4584 είς
3322 4521 3505 4573 πᾶσαν
3540 4521 3640 4589 τὴν
3671 4520 4035 4590 οἰκουμένην.

720 4630 879 4666 suqu
910 4628 1004 4682 pcr
1039 4622 1216 4663 totum
1255 4611 1444 4664 OI'IN'III
1493 4612 1718 4680 sparsit.
1770 4610 1827 4666 In
1862 4628 1926 4667 eo
1972 4616 2118 4669 enim
2171 4618 2319 4686 quod

719 4706 1003 4759 daemones
1055 4705 1111 4757 in
1160 4719 1497 4772 unaquaque
1559 4715 1722 4771 gente
1775 4708 2059 4771 soperavit
2090 4750 2104 4774 ,
2144 4709 2323 4780 iisque

722 4801 895 4872 pulsis
935 4801 1163 4851 verbum
1220 4814 1383 4851 sumn
1431 4815 1527 4867 per
1576 4798 1855 4855 Ecclesias
1893 4802 2119 4868 sparsit,
2156 4804 2320 4859 unica

720 4911 782 4949 ac
818 4896 969 4964 prior
1000 4892 1132 4947 Jesu
1172 4893 1407 4945 victoria
1441 4895 1720 4947 consistit.
1756 4895 1822 4946 At
1849 4894 1983 4948 mihi
2019 4897 2320 4951 secundam

720 4999 839 5059 post
871 4989 1021 5041 illam
1057 4987 1202 5051 vide,
1240 4988 1462 5056 quando
1512 4989 1701 5042 multis
1752 4988 2108 5057 portionibus
2140 4988 2322 5045 adhuc

717 5084 930 5139 relictis
974 5090 1177 5137 cuncta
1215 5082 1523 5151 superabit.
1560 5080 1836 5147 Quocirca
1883 5083 2052 5151 priori
2093 5082 2317 5153 quidem

716 5176 876 5236 illud,
910 5184 1124 5229 vastata
1154 5176 1430 5245 congruit,
1468 5175 1731 5229 secundae
1775 5190 1908 5229 vero
1947 5175 2103 5241 illud,
2150 5176 2321 5229 multa

714 5271 894 5324 Valde.
953 5268 1339 5323 Verumtamen
1406 5268 1673 5322 fortunati
1728 5283 1921 5322 omnes
1980 5269 2072 5338 qui
2138 5269 2322 5337 priore

717 5364 1013 5433 prmscntia
1052 5374 1181 5420 sunt
1239 5366 1509 5433 superati.
1551 5363 1705 5417 llanc
1756 5364 1901 5417 enim
1945 5363 2179 5431 gratiam
2217 5363 2316 5415 ha—

718 5459 871 5524 bent,
929 5458 1077 5529 quod
1135 5459 1322 5512 multis
1376 5459 1558 5513 adhuc
1613 5456 2023 5513 reiuctantibus
2082 5456 2318 5526 imperio

794 5641 834 5669 "
873 5641 1033 5694 Nutu.
1074 5658 1149 5702 χι,
1192 5641 1270 5692 ιτς.
1355 5640 1395 5667 ”
1429 5638 1532 5691 Ιμςι.
1566 5656 1643 5699 ιιι,
1689 5641 1772 5691 Η.
1858 5635 2091 5691 “Josuc
2124 5653 2200 5701 ιι,
2244 5634 2329 5691 l6.

2430 4619 2521 4689 Τῷ
2550 4619 2658 4687 γάρ
2690 4614 3104 4686 κεκρατηκέναι
3157 4615 3301 4684 τάχα
3350 4613 3460 4665 τῶν
3500 4614 3558 4666 ὲν
3610 4614 3829 4680 ἑκάστῳ
3883 4612 4038 4666 ἔθνει

2432 4713 2740 4783 Δαιμύνων,
2772 4709 3045 4763 ἀπελάσαι
3075 4725 3133 4761 τε
3172 4707 3419 4770 τούτους,
3466 4705 3689 4775 ἔσπειρε
3733 4705 3827 4758 τὸν
3871 4706 4039 4773 λόγον

2431 4809 2509 4872 εἰς
2545 4808 2644 4868 τὰς
2683 4803 3035 4874 Ἐκκλησίας.
3064 4800 3213 4871 Α’ύτη
3254 4801 3350 4870 μία
3380 4800 3648 4874 κράτησις
3686 4798 3781 4852 τοῦ
3827 4799 4037 4868 Ἰησοῦ.

2434 4901 2540 4953 Ἴδε
2577 4914 2670 4969 μοι
2693 4896 2787 4949 καὶ
2816 4898 2900 4949 ἐπ’
2931 4896 3115 4967 ἐκείνῃ
3145 4894 3428 4963 δευτέραν,
3453 4894 3539 4945 ὅτε
3573 4892 3795 4943 πάντων
3823 4894 4040 4962 κραοήο

2428 5011 2529 5060 σει,
2586 4990 2801 5045 πολλῶν
2843 4990 2939 5042 νῦν
2994 4990 3202 5059 μορίων
3256 4984 3707 5056 ὑπολειπομένων
3760 4984 3862 5052 τῆς
3903 4985 4035 5051 γῆς,

2429 5088 2521 5141 Διὸ
2563 5089 2630 5157 τῇ
2680 5086 2778 5156 μὲν
2809 5083 3060 5154 προτέρᾳ
3085 5084 3165 5147 τὸ,
3199 5079 3610 5151 πολεμουμένῃ,
3659 5078 3993 5147 πρόσκειται
4022 5095 4034 5105 ο

2426 5184 2491 5251 τῇ
2551 5180 2608 5233 δὲ
2660 5178 2911 5251 δευτέρα,
2967 5178 3046 5241 τὸ,
3108 5176 3279 5246 πολλὴ
3325 5174 3550 5245 σφόδρα.
3581 5172 3727 5241 Πλὴν
3764 5173 4037 5241 μακάριοι

2430 5272 2631 5335 πάντες
2678 5273 2727 5324 οί
2785 5273 2842 5323 ὲν
2900 5272 2967 5341 τῇ
3022 5268 3215 5339 πρώτῃ
3273 5266 3547 5337 παρουσίᾳ
3597 5265 4032 5334 κεκρατημένοι.

2428 5362 2605 5431 Χάρις
2638 5362 2748 5433 γὰρ
2782 5362 2988 5426 αὐτοῖς,
3018 5362 3099 5414 ὅτι
3132 5358 3345 5416 πολλῶν
3369 5359 3448 5412 ἔτι
3477 5355 3869 5425 πολεμούντων
3903 5358 4037 5409 ὐπο-

2427 5455 2748 5509 τάσσονται.
2808 5454 2873 5506 Οί
2904 5454 3013 5525 γάρ
3063 5453 3157 5506 ἐπὶ
3183 5455 3280 5523 τῆς
3314 5450 3577 5522 δευτέρας
3623 5450 3846 5523 ἀνάγκῃ
3899 5465 4036 5521 κρα-

2236 5744 2469 5803 ΝΟΤᾸῘ.

791 5855 873 5919 (ii
928 5853 1006 5904 Tt
1032 5852 1172 5906 atin
1204 5854 1290 5903 ria".
1325 5853 1349 5902 ν)
1378 5849 1618 5919 ligo/uix.
1650 5850 1703 5899 iv
1741 5850 1812 5916 τῳ
1836 5848 1928 5917 τῆς
1988 5846 2121 5913 Αᾷγ.
2185 5844 2312 5898 κώδ.

2422 5841 2532 5913 (i2)
2566 5839 2687 5894 Τῶν
2720 5836 2961 5910 ἠμῑρῶν.
2991 5834 3053 5889 Αἱ
3080 5834 3201 5889 ait.
