4272 6446
295 403 431 468 1025

1394 429 1414 448 ο
1429 394 1967 460 COMMENTARII
2005 394 2083 454 IN
2121 392 2375 453 JOSUE.

3435 385 3575 447 109.6

293 515 531 577 τοῦνται,
562 515 637 577 ῶς
672 515 766 568 καὶ
803 515 891 566 τὸν
923 513 1152 584 ἔσχατον
1185 511 1378 582 ξιθρὺν
1415 510 1642 564 θάνατον
1671 523 1877 574 καταρ-
1911 509 1953 563 Λ

1911 509 1953 563 Λ
1988 502 2202 557 Domini
2231 503 2343 570 jam
2382 501 2662 554 fruuntur.
2699 500 2804 552 Alii
2834 499 2980 552 enim
3019 511 3159 567 quos
3191 497 3431 550 secunda
3477 508 3566 548 iii-.-

293 607 551 676 γηθῆναι.
578 607 764 660 Πάντα
803 607 857 658 δὲ
892 606 1109 675 πρῶτον
1135 603 1205 656 τὰ
1237 603 1388 671 ἔθνη,
1419 601 1562 654 καθὰ
1595 601 1742 652 δοκεῖ
1770 599 1880 658 τοῖς

295 699 632 768 προφήταις,
663 698 769 750 ἀπὸ
804 698 1057 768 περάτων
1087 695 1193 760 ἕως
1223 693 1478 764 περάτων
1504 693 1604 762 τῆς
1632 691 1886 759 οἰκουμέ-

295 805 396 860 νης
423 788 852 857 ὑποταγήσεται.

375 1048 596 1103 Πολλῶν
627 1049 734 1103 τῶν
773 1052 1234 1124 ὑποτασσομένων
1259 1051 1669 1122 ὀνομασθέντων
1697 1048 1890 1113 ὲθνῶν,

1987 593 2308 663 prehendet,
2346 592 2698 644 necessitatis
2754 591 3018 643 violentia
3053 590 3398 656 subigentur.
3427 585 3579 639 Adeo

1989 698 2048 738 ut
2089 700 2188 738 nec
2221 693 2510 738 extremus
2556 683 2729 736 hostis
2779 698 2930 734 mors
2968 698 3084 736 eam
3131 685 3304 750 possit
3345 682 3573 732 evitare.

1988 770 2152 825 Prius
2201 785 2334 824 vero
2364 770 2525 837 juxta
2577 771 2971 839 prophetarum
3019 771 3350 823 sententiam
3388 778 3580 836 gentes

1991 873 2205 916 cuncta:
2241 863 2306 915 ab
2348 863 2606 916 omnibus
2639 873 2798 915 terra:
2841 861 3046 915 tinibus
3079 860 3312 915 Domino
3351 859 3578 926 subjun-

1995 961 2214 1022 gentur.

2066 1043 2358 1098 Multarum
2395 1059 2525 1098 vero
2573 1045 2821 1113 gentium
2877 1043 3222 1096 snbditarum
3263 1041 3582 1096 nominibus

304 1142 399 1195 ἐπὶ
430 1144 609 1212 μόνων
650 1144 756 1197 τῶν
790 1147 1059 1200 Σιδωνίων
1106 1148 1292 1216 φησὶν,
1326 1145 1400 1209 ῶς
1438 1163 1456 1196 ι
1499 1143 1896 1214 Ἐξολοθρεύσω

1892 1166 1896 1189 ι
1998 1135 2274 1200 adductis,
2328 1137 2395 1191 de
2453 1137 2589 1190 solis
2649 1136 2889 1189 Sidoniis
2936 1135 3157 1203 inquit:
3193 1153 3210 1185 ι
3249 1134 3579 1188 Exscindam

307 1237 507 1299 αὐτοὺς
542 1237 651 1290 ἀπὸ
681 1238 980 1308 προσώπου
1027 1239 1138 1292 τῶν
1167 1240 1299 1292 υἱῶν
1343 1237 1580 1308 Ἰσραήλ.
1627 1255 1645 1288 ι
1700 1237 1768 1288 Ἢ
1793 1252 1899 1288 κοι-

307 1325 398 1380 νδν
435 1326 600 1380 τοῦτο
633 1329 776 1381 κατὰ
816 1330 1036 1383 πάντων
1070 1331 1363 1400 λαμϐάνων
1385 1348 1398 1361 ·
1447 1329 1481 1399 ἢ
1521 1330 1707 1400 ἐπειδὴ
1735 1327 1900 1382 Σιδώ-

309 1436 413 1471 νιοι
471 1419 892 1488 έρμηνεύονται,
942 1423 1241 1490 θηρευταί.
1297 1423 1486 1474 Πᾶσαν
1517 1421 1624 1490 γὰρ
1673 1420 1901 1490 δύναμιν

312 1512 655 1583 θηρεύουσαν
687 1513 868 1582 ψυχὰς
891 1513 1200 1582 ἀνθρώπων
1225 1513 1620 1582 έξολοθρεύσει.
1651 1513 1761 1566 Καὶ
1783 1511 1903 1564 τότε

317 1604 549 1674 μηδενὸς
611 1603 762 1666 δντος
835 1603 1191 1674 θηρεύοντος,
1248 1604 1624 1658 ἀναπαύσεται
1676 1605 1905 1666 ἕκαστος

315 1696 580 1748 ὑποκάτω
609 1696 710 1764 τῆς
740 1696 990 1765 ἀμπέλου
1037 1696 1226 1773 αὑτοῦ,
1265 1697 1362 1750 καὶ
1391 1695 1650 1749 ὑποκάτω
1693 1699 1792 1766 τῆς
1825 1713 1911 1749 συ-

315 1785 421 1857 κῆς
443 1786 635 1839 αὑτοῦ.

1999 1246 2094 1285 eos
2145 1239 2274 1284 ante
2329 1229 2472 1284 ﬁlios
2515 1228 2703 1291 Israel,
2743 1249 2760 1278 ι
2816 1230 2929 1282 sive
2963 1229 3108 1296 quod
3155 1230 3208 1280 in
3253 1243 3452 1295 genere
3487 1243 3586 1295 pro

2001 1323 2259 1377 omnibus
2291 1332 2542 1391 usurpat,
2589 1323 2705 1375 sive
2737 1323 2880 1390 quod
2914 1321 3179 1375 Sidonios
3220 1321 3382 1389 vulgo
3415 1323 3588 1372 inter-

2004 1427 2290 1485 pretantur
2344 1425 2638 1468 venatores.
2674 1415 2942 1467 Curictam
2993 1415 3139 1467 enim
3195 1428 3415 1464 manum
3470 1426 3591 1480 qua:

2006 1516 2237 1562 venatur
2293 1509 2509 1562 animas
2557 1509 2827 1560 humanas
2860 1507 3165 1560 exseindet.
3215 1505 3372 1558 Nullo
3410 1506 3594 1572 itaque

2011 1607 2269 1650 venatore
2323 1597 2638 1664 superstite,
2693 1597 3077 1665 unusquisque
3127 1596 3230 1648 sub
3273 1596 3434 1649 vinea
3469 1610 3593 1659 sua,

2012 1686 2229 1757 ﬁcuque
2259 1701 2358 1741 sua
2393 1688 2704 1756 requiescet
2727 1688 2791 1738 η.

391 1824 534 1930 δότε
562 1877 632 1941 ἐξ
658 1874 830 1946 ἡμῶν
864 1868 1023 1946 τρεῖς
1049 1877 1273 1946 ἄνδρας
1303 1881 1453 1934 κατὰ
1481 1880 1707 1948 φυλήν.
1746 1879 1910 1951 Δῆλον
1942 1843 1986 1900 Β

1942 1843 1986 1900 Β
2089 1861 2230 1917 Date
2260 1879 2285 1916 e
2323 1864 2464 1918 vobis
2498 1872 2602 1916 tres
2637 1864 2775 1917 viros
2820 1865 3085 1927 tributim,
3122 1871 3229 1917 ete.
3274 1861 3486 1933 [Χνιιι.
3517 1859 3602 1934 ι.]

319 1969 403 2022 ὅτι
439 1971 825 2040 γεωμετρικῆς
853 1973 1246 2043 ἐπιστήμονας,
1276 1974 1369 2026 καὶ
1398 1974 1621 2037 ἱκανοὺς
1652 1974 1912 2044 ποιότητα

320 2064 426 2133 γῆς
464 2064 766 2117 ἀντιθεῖναι
804 2066 1085 2135 ποσότητι.
1117 2067 1227 2120 Καὶ
1263 2069 1400 2121 κατὰ
1434 2069 1494 2120 τὸ
1528 2067 1758 2137 μέγεθος
1785 2069 1914 2121 ἑκά-

323 2173 458 2224 στης
491 2156 665 2226 φυλῆς
711 2156 961 2228 ἀφώρισε
1002 2160 1130 2221 τοὺς
1164 2160 1399 2230 κλήρους
1439 2161 1467 2212 ὁ
1513 2158 1741 2228 Ἰησοῦς.
1796 2160 1914 2223 Ἐξ-

321 2246 481 2300 έσται
512 2247 568 2298 δὲ
603 2249 680 2317 τῷ
707 2247 1018 2320 βουλομένῳ
1038 2251 1169 2320 παρ’
1195 2251 1460 2320 Ἰωσήπου
1488 2250 1674 2304 λαϐεῖν
1695 2250 1801 2302 ἀπὸ
1823 2251 1916 2303 τοῦ

325 2338 584 2408 πέμπτου
628 2340 786 2407 λόγου
840 2340 934 2392 τοῦ
987 2342 1116 2411 περὶ
1163 2341 1553 2411 ἀρχαιολογίας
1602 2342 1654 2394 εί
1693 2358 1744 2394 τι
1791 2341 1917 2413 περὶ

324 2431 426 2502 τῆς
458 2434 784 2503 ὲκφράσεως
821 2433 929 2486 τῶν
964 2433 1186 2503 κλήρων
1215 2435 1362 2502 λέγει
1398 2434 1753 2504 σαφέστερον.

400 2523 758 2592 Χειμάρῤουν
783 2522 839 2575 δὲ
870 2523 1148 2591 Αἰγύπτου
1204 2523 1298 2576 τὸν
1347 2524 1775 2594 Ῥινοκορούρων
1815 2541 1920 2593 φη-

329 2613 407 2666 σί.
440 2614 580 2666 Καθ’
622 2614 818 2684 ἑτέραν
842 2615 899 2667 δὲ
937 2616 1092 2682 τάξιν
1122 2617 1251 2680 τοὺς
1305 2617 1545 2688 κλήρους
1593 2617 1920 2688 ἠρίθμησεν.
1950 2624 1954 2626 ’

345 2705 543 2758 ’ἰστέον
566 2705 644 2770 δὲ,
676 2706 750 2769 ῶς
787 2706 1014 2781 τάπερὶ
1043 2708 1271 2771 Σιδῶνα,
1294 2711 1388 2762 καὶ
1439 2709 1782 2779 Ἀρυκαίους,
1834 2711 1928 2762 καὶ

345 2795 830 2864 Ἀμαθαίους,καὶ
876 2797 1158 2870 ’Λραδίους
1213 2801 1591 2872 ἀδιακόσμητα
1644 2797 1732 2872 ἦν,
1800 2803 1928 2865 ἴσως

333 2887 443 2939 ὑπὸ
472 2889 658 2956 γήρως
687 2888 1111 2957 ὲμποδισθέντος
1149 2890 1348 2959 Ἰησοῦ,
1380 2893 1475 2944 καὶ
1515 2893 1622 2944 τῶν
1673 2894 1789 2962 μετ’
1834 2893 1933 2946 αύ-

335 2982 430 3033 τὸν
473 2979 766 3050 ἡγεμόνων
796 2979 1257 3050 ῥᾳθυμησάντων.

410 3069 659 3122 Καθόλου
698 3070 755 3122 δὲ
788 3070 995 3140 νοητῶς
1041 3073 1170 3140 περὶ
1204 3071 1314 3124 τῶν
1361 3071 1672 3141 εἰρημένων
1724 3074 1929 3126 εἰπεῖν·

2017 1954 2286 2011 Nimirum
2322 1957 2460 2012 artis
2494 1958 2842 2028 geometrica:
2893 1973 3118 2027 gnaros,
3168 1957 3604 2025 qualitatem-Ine

2020 2058 2178 2103 terra
2233 2065 2359 2102 cum
2414 2054 2722 2119 quantitate
2777 2052 3099 2104 conferendi
3155 2059 3332 2118 aptos.
3371 2048 3505 2102 Nam
3551 2049 3603 2100 in

2021 2141 2412 2196 distributione
2445 2146 2756 2211 portionum
2792 2145 3063 2212 cujusque
3113 2144 3294 2196 tribus
3328 2143 3606 2209 magnitu-

2021 2234 2207 2289 dinem
2261 2238 2525 2304 respexit.
2585 2236 2734 2289 Licet
2773 2252 2901 2289 vero
2933 2238 3026 2305 qui
3077 2239 3219 2289 volet
3266 2252 3330 2289 ex
3379 2233 3606 2303 Josephi

2021 2328 2218 2394 quinto
2258 2327 2648 2395 Antiquitatum
2693 2329 2833 2383 libro
2867 2338 3055 2396 petere
3087 2328 3234 2396 quod
3267 2328 3335 2381 de
3385 2327 3610 2396 exposio

2025 2419 2172 2473 tione
2203 2421 2434 2473 sortium
2473 2422 2677 2474 clarius
2720 2423 2898 2475 habet.
3164 2414 3171 2423 ’

2099 2511 2273 2566 Porro
2304 2525 2598 2568 torrentem
2637 2514 2858 2585 [Egypti
2905 2517 3173 2578 nominat,
3213 2529 3335 2585 qua:
3373 2514 3616 2567 Rinoco-

2029 2621 2156 2659 rura
2196 2618 2298 2660 est.
2348 2607 2618 2662 Castorum
2659 2611 2770 2662 alio
2817 2610 3011 2664 ordine
3057 2619 3234 2664 sortes
3273 2608 3615 2690 supputavit‘.

2035 2697 2329 2753 Sciendum
2390 2716 2491 2754 nec
2544 2717 2654 2754 non
2714 2703 2860 2771 quod
2887 2717 2948 2755 ea
2983 2719 3104 2771 qua:
3133 2703 3282 2755 circa
3331 2697 3616 2759 Stilonem,

2033 2791 2332 2862 Arycazos,
2396 2793 2747 2858 Amathaaos,
2803 2795 3148 2862 Aradiosque
3205 2803 3353 2857 sunt,
3416 2793 3621 2844 itu-ulta

2034 2899 2216 2941 erant.
2252 2885 2511 2942 Fortasse
2545 2888 2692 2957 quod
2717 2887 2884 2941 Josue
2909 2890 3062 2940 senio
3091 2889 3386 2957 impeditus
3420 2886 3622 2948 fuerat,

2037 2978 2328 3045 exterique
2355 2987 2473 3045 post
2509 2978 2684 3046 ipsum
2715 2980 2884 3032 duces
2906 2983 3131 3044 segnius
3155 2980 3418 3045 egissent.

2110 3067 2168 3121 In
2202 3084 2416 3123 summa
2450 3085 2580 3123 vero
2619 3082 2676 3123 ut
2711 3085 2739 3121 a
2780 3072 2945 3123 rebus
2974 3086 3135 3138 snpra
3169 3071 3335 3123 dictis
3369 3068 3433 3122 ad
3466 3067 3630 3136 spiri-

332 3162 704 3232 ὑποδείγματι
732 3162 827 3213 καὶ
857 3163 987 3232 σκιᾷ
1009 3162 1117 3214 τῶν
1151 3164 1496 3234 ἐπουρανίων
1518 3165 1565 3216 οἱ
1597 3165 1738 3218 κατὰ
1770 3165 1934 3235 νόμον
1963 3194 2007 3254 C

1963 3194 2007 3254 ο
2042 3168 2156 3214 ιυιη
2175 3177 2395 3229 quoque
2417 3162 2811 3230 digrediuntur,
2835 3163 2886 3214 in
2911 3162 3081 3232 lignra
3104 3177 3167 3214 ac
3207 3164 3397 3212 umbra
3445 3177 3625 3213 rerum

333 3255 659 3326 ἑλάτρευον.
721 3256 831 3308 Καὶ
885 3255 962 3318 ὡς
1010 3255 1183 3318 τύπος
1234 3252 1304 3328 ἦν
1352 3257 1734 3328 Ἰερουσαλὴμ,
1772 3259 1866 3311 καὶ
1908 3260 1936 3310 ὀ

336 3349 489 3412 ναὸς,
526 3350 622 3402 καὶ
659 3348 721 3401 τὸ
761 3349 1175 3419 θυσιαστήριον,
1212 3351 1505 3422 ἀρχιερεύς
1532 3369 1589 3403 τε
1620 3353 1714 3404 καὶ
1750 3353 1933 3422 ἱερεῖς’

335 3439 490 3494 οὕτω
533 3442 630 3492 καὶ
677 3442 734 3493 at
765 3440 951 3504 πόλεις
987 3442 1082 3495 καὶ
1112 3441 1301 3512 κῶμαι
1347 3444 1448 3514 τῆς
1489 3443 1783 3508 Ἰουδαίας’
1822 3443 1938 3498 ἀλλ’

338 3533 696 3604 ἐπεδήμησεν
749 3533 778 3584 ὁ
833 3534 1132 3603 καταργῶν
1180 3536 1309 3598 τοὺς
1355 3535 1581 3601 τύπους,
1630 3537 1730 3608 τὴν
1760 3536 1941 3610 ἀληθῆ

339 3628 607 3698 παρέχων
643 3625 1020 3698 προσκύνησίν
1053 3643 1114 3680 τε
1144 3627 1240 3681 καὶ
1270 3629 1650 3700 κληροδοσέαν.

416 3888 540 3941 Τῶν
563 3887 946 3959 κληρονομιῶν
978 3889 1033 3943 αἱ
1068 3889 1166 3958 μὲν
1198 3888 1304 3943 ὑπὸ
1333 3889 1638 3954 Μωῦσέως,
1671 3891 1727 3943 αἱ
1758 3890 1814 3944 δὲ
1841 3891 1946 3944 ὑπὸ

355 3980 538 4052 Ἰησοῦ
560 3981 904 4052 διεδόθησαν.
925 3981 1225 4051 Οὑδέτερος
1246 3983 1306 4040 δὲ
1323 3985 1441 4046 τοῖς
1464 3984 1719 4046 Λευῖταις
1742 3984 1946 4037 δέδωκε

342 4083 741 4155 κληρονομίαν.
779 4081 985 4152 Κύριος
1028 4082 1139 4153 γὰρ
1171 4084 1199 4135 ὁ
1227 4082 1359 4144 Θεὸς
1393 4081 1730 4153 κληρονομία
1767 4080 1948 4134 αὐτῶν

344 4177 488 4229 ἐστι.
536 4173 688 4244 Πλὴν
723 4171 842 4225 εστι
888 4171 1149 4243 διαφορά.
1193 4172 1252 4225 'O
1289 4172 1389 4242 μὲν
1422 4171 1532 4242 γὰρ
1568 4171 1809 4242 Μωύσῆς
1851 4171 1949 4242 τὴν

343 4269 460 4339 πρὸ
488 4265 585 4320 τοῦ
621 4266 894 4338 Ἰορδάνου
925 4263 1032 4334 γῆν
1076 4265 1386 4335 διανείμας,
1415 4264 1476 4316 τὸ
1507 4263 1804 4318 ἐπιϐάλλον
1834 4265 1953 4318 ἐκεῖ

349 4361 520 4432 μέρος
546 4362 658 4423 τοῖς
683 4360 943 4423 Λευῖταις
966 4358 1068 4409 οὑκ
1095 4357 1295 4410 ἔδωκεν
1317 4373 1329 4386 ⁸
1354 4357 1470 4411 ἀλλ’
1511 4357 1720 4428 Ἰησοῦς
1752 4361 1871 4412 ἐκεῖ
1892 4375 1952 4411 τε

347 4455 446 4508 καὶ
475 4454 617 4524 μετὰ
645 4454 738 4505 τὸν
768 4451 1046 4523 Ἰορδάνην
1078 4451 1408 4520 παρέσχετο.
1441 4451 1613 4520 Δῆλον
1649 4452 1758 4523 γάρ
1787 4453 1868 4505 ὅτι
1893 4451 1955 4504 τὸ

2045 3255 2352 3307 ρωῐθειιιιιῐι
2399 3256 2581 3308 cultus
2611 3255 2713 3323 legi
2738 3253 2897 3325 [.91
2919 3265 3338 3324 attemperatus,
3358 3257 3627 3309 constitit.

2041 3344 2518 3410 Quemadmodum
2568 3347 2753 3415 itaque
2799 3347 2931 3400 urbs
2976 3346 3307 3410 Jerusalem,
3345 3349 3630 3415 templum,

2043 3440 2239 3501 altare,
2278 3454 2526 3493 summus
2561 3439 2829 3508 pontifex,
2867 3449 2918 3492 et
2959 3441 3279 3494 sacerdotes
3315 3452 3498 3509 typum
3538 3455 3632 3492 seu

2047 3530 2276 3601 ﬁguram
2311 3546 2422 3600 pra:
2453 3546 2512 3584 se
2543 3533 2808 3591 tulerunt,
2847 3535 2923 3585 ita
2959 3533 3155 3601 oppida
3191 3549 3410 3601 quoque
3443 3548 3505 3584 ac
3532 3533 3635 3584 vici

2042 3622 2268 3678 Iudaeae.
2341 3621 2538 3676 Verum
2598 3623 2645 3678 is
2699 3625 2793 3692 qui
2847 3624 3053 3694 tigmas
3100 3627 3296 3688 elevat,
3344 3641 3640 3693 veramque

2046 3711 2452 3779 adorationem,
2503 3721 2560 3767 et
2605 3716 2958 3769 sortitionem
3007 3716 3237 3770 exhibet
3283 3717 3337 3769 in
3372 3717 3636 3770 mundum

2042 3803 2155 3872 jam
2188 3803 2527 3858 adventaiit.

2119 3897 2390 3950 Caeterum
2448 3897 2804 3951 sortitionum
2868 3898 2988 3952 alia:
3044 3899 3265 3968 quidem
3319 3900 3420 3953 sub
3468 3898 3639 3960 Mose,

2050 3989 2170 4044 alia:
2205 4004 2336 4045 vero
2371 3989 2474 4044 sub
2499 3987 2667 4044 Josue
2697 3990 2856 4045 fat-ta:
2889 3999 3050 4057 sunt;
3087 4004 3282 4045 neuter
3316 4008 3445 4046 vero
3483 3991 3642 4046 Levi-

2053 4083 2123 4138 tis
2155 4091 2360 4138 sortem
2388 4083 2628 4152 aliquam
2667 4083 2884 4147 detulit,
2923 4085 3190 4140 Dominus
3214 4088 3358 4139 enim
3393 4087 3642 4154 ipsorum

2053 4191 2177 4232 sors
2206 4185 2294 4231 est
2315 4176 2380 4228 “.
2409 4173 2506 4230 Est
2528 4183 2716 4230 tamen
2749 4177 2932 4246 aliqua
2957 4180 3124 4232 etiam
3163 4181 3273 4234 illic
3297 4178 3606 4234 differentia
3631 4196 3644 4232 :

2053 4267 2234 4324 Moses
2266 4269 2474 4324 etenim
2506 4284 2632 4323 cum
2669 4279 2870 4324 terram
2909 4269 2987 4329 cis
3021 4269 3313 4326 Iordanem
3339 4273 3648 4339 divisisset,

2055 4361 2263 4418 Levitis
2300 4363 2722 4417 convenientem
2761 4363 2874 4418 illic
2925 4373 3137 4433 partem
3174 4381 3282 4419 non
3331 4367 3505 4420 dedit.
3541 4365 3650 4420 Ve-

2057 4469 2179 4508 rum
2209 4452 2375 4509 Josue
2402 4469 2528 4508 cum
2569 4453 2679 4508 illic
2713 4466 2825 4508 tum
2863 4463 3017 4508 trans
3051 4452 3341 4510 Iordanem
3377 4456 3426 4508 id
3469 4458 3649 4527 ipsum

351 4547 633 4621 ἱερατικὸν
659 4544 879 4614 άληθῶς
904 4543 1100 4614 τάγμα
1124 4543 1187 4595 τὸ
1208 4544 1689 4613 ὲπισπειρόμενον,
1716 4544 1810 4596 καὶ
1840 4546 1952 4607 τοῖς
1987 4586 2031 4641 D

1987 4586 2031 4641 Β
2059 4548 2318 4618 praebuit.
2371 4546 2603 4603 Constat
2635 4551 2782 4601 enim
2823 4550 2968 4617 quod
3006 4549 3144 4603 ordo
3177 4552 3543 4606 saCerdotulis
3569 4554 3650 4604 in—

349 4638 619 4710 πρώτοις,
666 4637 743 4700 ὡς
783 4637 851 4690 ἂν
879 4634 1210 4704 άγιασθῶσι,
1259 4635 1356 4688 καὶ
1396 4637 1508 4698 τοῖς
1537 4635 1831 4705 δευτέροις,
1868 4637 1954 4688 ἵνα

351 4730 804 4805 μακαρισθῶσιν,
845 4729 952 4783 ὑπὸ
981 4727 1159 4800 Ἰησοῦ
1193 4727 1431 4800 Χριστοῦ
1466 4727 1804 4799 διανέμεται.
1835 4728 1954 4782 Τῶν

348 4829 410 4880 δὲ
460 4825 537 4896 μὴ
577 4823 1073 4896 κληρονομούντων
1104 4825 1155 4876 οῑ
1201 4822 1300 4892 μὲν
1334 4822 1410 4885 ὼς
1438 4822 1674 4887 ἀνάξιοι,
1724 4823 1772 4876 οἱ
1798 4823 1853 4876 δὲ
1881 4823 1957 4886 ὡς

349 4916 669 4988 κρείττονος
715 4913 859 4979 ἄξιοι
907 4914 1280 4985 κληρονομίας
1320 4914 1381 4966 οὑ
1429 4915 1760 4984 τυγχάνουσι
1788 4914 1956 4968 τῶνδε

348 5010 466 5062 τῶν
498 5009 741 5079 κλήρων.
777 5008 876 5071 Τίς
907 5007 964 5061 δὲ
989 5009 1022 5076 ὴ
1055 5008 1325 5078 κρείττων
1354 5009 1448 5060 καὶ
1471 5009 1716 5060 Λευῐτῶν
1749 5009 1845 5061 καὶ
1877 5010 1957 5061 ἱε-

354 5106 501 5176 ρέων
533 5103 691 5167 ἀξία;
729 5101 894 5166 αὑτὸς
939 5102 968 5153 δ
1011 5101 1240 5170 Κύριος,
1271 5099 1328 5163 ὃς
1363 5099 1597 5171 ἐγενήθη
1630 5103 1762 5171 ήμῖν
1797 5101 1961 5169 σοφία

353 5199 458 5252 καὶ
486 5195 804 5266 δικαιοσύνη
837 5197 931 5248 καὶ
955 5196 1254 5264 ἁγιασμὸς,
1283 5197 1476 5265 εἰρήνη
1501 5212 1557 5248 τε
1589 5197 1681 5248 καὶ
1710 5194 1958 5264 ἀλήθεια.

354 5293 508 5362 Πλὴν
541 5294 568 5344 ὁ
606 5290 967 5363 κληρονομῶν
1016 5289 1191 5343 ταῦτα
1233 5292 1489 5360 παροικεῖ
1534 5293 1649 5352 τοῖς
1697 5289 1961 5358 κληρονο-

357 5387 525 5460 μοῦσι
553 5388 652 5458 τὴν
687 5388 813 5457 γῆν,
850 5386 926 5448 ῶς
958 5385 1025 5438 ἂν
1054 5385 1148 5439 καὶ
1181 5387 1336 5437 αὑτοὶ
1361 5384 1462 5454 τῆς
1494 5384 1802 5456 κρείττονος
1836 5385 1963 5455 κλη-

353 5480 622 5554 ρονομίας
672 5480 976 5550 μετέχοιεν,
1017 5480 1064 5531 εί
1100 5480 1195 5531 καὶ
1246 5478 1320 5549 μὴ
1360 5479 1813 5550 προηγουμένως,
1847 5479 1964 5530 ἀλλ’

357 5575 448 5627 ἵνα
477 5574 732 5644 γένηται,
757 5589 775 5622 ι
803 5571 861 5624 ’0
879 5571 940 5623 τὸ
960 5570 1117 5634 πολὺ,
1135 5572 1235 5624 οὑκ
1259 5569 1557 5625 ἐπλεόνασε
1580 5586 1591 5596 ·
1619 5570 1830 5624 καὶὸτὸ
1855 5570 1965 5624 ὀλί-

355 5683 478 5737 γον,
510 5667 612 5720 οὐκ
643 5663 997 5737 ὲλαττόνησε.
1039 5683 1059 5718 ι
1096 5663 1238 5736 Φησὶ
1282 5662 1339 5716 δὲ
1387 5663 1484 5716 καὶ
1529 5662 1741 5728 Παῦλος
1773 5679 1784 5690 ·
1835 5681 1858 5718 ί
1895 5662 1969 5717 Τὸ

443 5859 492 5962 ς’
521 5857 685 5919 Μιοιι.
724 5877 800 5933 tv,
827 5861 881 5920 4.

965 5864 1009 5898 ¹⁶
1041 5862 1208 5925 Num.
1241 5881 1397 5934 xvm,
1427 5866 1534 5936 90;
1563 5865 1727 5925 Josue
1775 5881 1896 5939 ιιιι,
1932 5864 2020 5920 14.

2065 4650 2148 4696 ter
2201 4641 2340 4694 alios
2387 4640 2694 4710 dispersus,
2734 4641 3011 4709 prioribus
3044 4643 3264 4710 quidem
3314 4644 3655 4704 hominibus,

2067 4745 2123 4787 ut
2170 4748 2266 4803 per
2318 4747 2415 4788 eos
2475 4731 2914 4796 sanctiﬁénntur,
2977 4735 3240 4788 secundis
3298 4750 3429 4787 vero
3469 4744 3526 4787 ut
3565 4750 3658 4803 per

2065 4821 2352 4882 Christum
2397 4823 2588 4880 Jesum
2644 4823 2969 4878 felicitatem
3027 4835 3465 4895 consequantur,
3500 4826 3660 4879 attri-

2068 4919 2278 4974 buitur.
2316 4918 2394 4973 Ex
2429 4919 2499 4974 iis
2547 4934 2678 4973 vero
2711 4922 2803 4988 qui
2857 4919 3065 4972 nullam
3106 4923 3508 4973 nanciseumur
3543 4935 3662 4974 sor-

2071 5023 2177 5066 tem
2213 5012 2338 5066 aliis
2376 5011 2602 5082 quidem
2640 5028 2740 5066 eeu
2798 5012 3040 5080 indignis
3095 5011 3150 5063 ﬁt
3180 5053 3193 5075 ,
3235 5012 3324 5065 alii
3385 5028 3516 5066 vero
3563 5029 3662 5066 (eu

2072 5108 2457 5176 praastantiore
2485 5117 2634 5160 sorte
2668 5107 2840 5174 digni,
2873 5109 2971 5160 has
2999 5115 3176 5159 sortes
3212 5124 3318 5160 non
3347 5107 3665 5176 adipiscun-

2072 5210 2183 5254 tur.
2221 5201 2352 5266 Qua:
2387 5216 2519 5255 vero
2559 5203 2911 5270 prmstantior
2945 5202 3034 5253 illa
3066 5213 3171 5266 εει,
3219 5210 3313 5253 aut
3360 5200 3662 5253 sacerdotio

2073 5295 2175 5348 bus
2227 5310 2292 5348 ac
2327 5293 2536 5349 Levitis
2587 5305 2796 5348 tantum
2848 5294 3051 5364 digna?
3089 5296 3206 5362 Ipse
3251 5295 3541 5355 Dominus,
3573 5293 3664 5362 qui

2074 5395 2237 5440 natus
2293 5399 2377 5441 est
2424 5389 2583 5442 nobis
2633 5389 2928 5457 sapientia,
2980 5389 3220 5456 jnstitia,
3277 5367 3666 5450 διδιιςιίιὶρειιίο,

2077 5495 2184 5549 pax
2221 5479 2463 5549 denique
2498 5490 2553 5535 et
2580 5482 2784 5535 veritas
2806 5482 2869 5533 ‘7.
2898 5479 3289 5533 Verumtamen
3319 5481 3410 5548 qui
3442 5482 3668 5533 sortitur

2075 5588 2137 5628 ea
2167 5573 2431 5628 advenam
2467 5575 2614 5645 apud
2653 5585 2812 5631 terra:
2865 5574 3110 5630 lueredcs
3147 5575 3280 5644 agit,
3314 5589 3423 5643 quo
3467 5583 3520 5627 ct
3569 5574 3669 5643 ipsi

2080 5666 2491 5738 praestantioris
2524 5667 2692 5738 hujus
2728 5670 2893 5724 sortis
2925 5669 3178 5740 quamvis
3207 5666 3352 5722 haud
3386 5668 3436 5722 in
3479 5665 3674 5738 primis

2104 5864 2140 5894 ¹⁷
2183 5864 2199 5919 l
2233 5861 2356 5917 Cor.
2392 5875 2432 5928 ι,
2472 5861 2560 5916 50.
