4272 6446
726 382 857 444 1027

2045 385 2401 448 PROCOPII
2437 389 2682 452 ϐΑΖιΕῘ

3877 401 4016 466 1028

723 495 854 543 Ιί.ιηι
892 491 1214 560 participes.
1273 490 1476 546 Verum
1514 489 1647 545 illttd
1683 491 1933 555 eveniat,
1988 497 2146 564 copia
2199 509 2309 548 non

2424 499 2572 566 ὑμῶν
2615 501 2963 572 περίσσευμα
2999 506 3080 569 είς
3110 507 3170 559 τὸ
3201 507 3427 562 ὶκείνων
3457 509 3765 582 ὑστέρημα,
3805 512 3891 565 ἱνα
3920 513 4018 565 καὶ

719 585 1045 647 abundavit,
1087 585 1270 654 inopia
1302 600 1411 638 non
1441 583 1666 638 defecit.
1717 584 1905 653 lnquit
1941 600 2074 640 vero
2106 585 2312 640 Paulus

719 681 915 732 etiam:
977 697 995 728 ε
1042 677 1231 731 Vestra
1277 677 1439 744 conia
1502 676 1723 729 illorum
1781 679 2060 730 succurrit
2116 679 2314 744 impie

714 786 826 839 quo
855 778 907 824 et
939 771 1186 838 ipsorunt
1213 768 1372 836 capia
1405 776 1605 820 vestrae
1637 775 1932 821 succurrat
1965 768 2166 838 inopia:
2193 769 2256 822 ’⁸.
2289 789 2308 822 ι

718 862 851 915 Nam
884 863 1147 918 sacerdos
1177 875 1398 931 quoque
1437 860 1646 912 advena
1684 874 1778 914 seu
1826 861 2004 914 incola
2039 861 2184 915 inter
2219 862 2319 915 tri-

2422 586 2483 639 τδ
2520 588 2703 640 αὐτῶν
2751 591 3096 661 περίσσευμα
3143 597 3368 664 γένηται
3415 599 3496 658 είς
3541 598 3605 651 τὸ
3655 597 3812 667 ὑμῶν
3858 599 4017 651 ὑστέ-

2426 693 2599 746 ρημα.
2641 697 2660 730 ι
2705 681 2814 734 Καὶ
2847 685 3150 751 παροικεῖό
3181 686 3360 755 ἱερεὺς
3387 688 3486 756 τῆς
3517 689 3692 759 φυλῆς
3720 690 4016 759 λαμϐάνων

2421 770 2526 837 γῆν
2558 771 2624 839 ἣν
2658 772 2758 823 οὐκ
2792 773 2929 843 ἔχει,
2961 775 3053 826 καὶ
3087 776 3262 840 διδοὺς
3298 777 3508 848 Κύριον
3550 782 3661 844 τοῖς
3697 781 3771 850 μὴ
3802 782 4012 852 ἔχουσι,

2422 863 2716 931 γινομένης
2750 865 2960 934 ἀγαθῆς
2992 868 3369 937 ἀνακράσεως.

721 947 823 1007 bus
879 965 984 1015 est,
1042 962 1362 1021 terramque
1409 951 1611 1020 accipit
1658 967 1825 1019 quam
1877 968 1987 1006 non
2039 953 2225 1018 habet,
2286 967 2352 1008 ac
2391 953 2676 1032 dominum
2730 957 2946 1011 confert
3001 975 3220 1029 quoque
3293 975 3403 1014 non
3448 960 3798 1023 habentibus,
3842 960 4012 1030 [itque

719 1045 860 1098 bona
899 1044 1260 1096 commutatio
1291 1059 1385 1098 seu
1417 1043 1723 1110 pertnistio.

792 1137 983 1204 Itaque
1011 1134 1188 1189 Moses
1217 1134 1440 1203 quidem
1469 1148 1652 1188 sortes
1681 1134 1989 1200 distribuit,
2011 1149 2200 1189 verum
2232 1135 2316 1190 cis

714 1226 1037 1284 Iordanem.
1063 1227 1357 1281 Distribuit
1383 1241 1512 1279 vero
1534 1224 1704 1280 Josue
1731 1242 1857 1280 cum
1891 1227 2133 1280 tribuum
2159 1229 2314 1296 prin-

718 1320 940 1390 cipibus
977 1310 1097 1373 :‘ita
1130 1316 1292 1373 Jesus
1324 1316 1589 1371 Christus
1623 1317 1716 1387 qui
1755 1332 1914 1371 veras
1945 1326 2125 1373 sortes
2155 1317 2315 1372 nobis

719 1413 1026 1475 distribuit,
1061 1411 1369 1478 spiritualis
1403 1410 1570 1463 Israel
1610 1410 1891 1478 principes
1923 1411 2152 1464 aseiscit
2182 1425 2313 1478 apo-

719 1507 917 1567 stolos,
969 1503 1035 1556 ad
1073 1517 1208 1571 quos
1236 1503 1376 1556 dixit
1435 1518 1447 1555 :
1515 1519 1533 1551 ι
1589 1499 1866 1556 Sedebitis
1894 1516 2063 1570 super
2094 1501 2311 1556 thronis

718 1595 1095 1656 duodecim,et
1126 1592 1448 1660 judicabitis
1479 1591 1770 1646 duodecim
1798 1592 1976 1647 tribus
2007 1591 2177 1647 Israel
2205 1593 2306 1645 ι’.»

719 1688 1040 1741 Αςευιηίιιιι·
1092 1687 1221 1738 item
1283 1683 1508 1737 Eleazar
1545 1699 1641 1737 cor
1691 1684 1866 1760 ipsius
1925 1683 2132 1747 .losue,
2165 1699 2308 1754 quo-

721 1796 840 1832 rum
889 1788 1121 1845 uterque
1157 1777 1384 1847 ﬁgurant
1422 1777 1681 1841 sustinet,
1719 1774 2019 1845 pontificis,
2052 1789 2116 1830 ac
2157 1777 2312 1847 prin-

719 1873 858 1941 cipis
893 1871 986 1922 filii
1027 1868 1142 1921 Dei.

791 1964 1012 2016 Primus
1045 1975 1173 2015 vero
1202 1958 1372 2014 Caleb
1406 1958 1603 2013 merito
1638 1964 1843 2012 sortem
1874 1970 2032 2010 suam
2063 1963 2150 2010 est
2187 1955 2319 2012 ade-

719 2065 870 2126 ptus.
904 2056 1062 2120 Quod
1104 2068 1304 2106 nomen
1342 2052 1385 2104 si
1431 2049 1838 2119 interpreteris,
1877 2047 2023 2102 sicut
2068 2060 2168 2101 eor
2209 2056 2313 2102 est.

721 2150 816 2203 Est
842 2162 968 2201 vero
1008 2149 1054 2199 is
1079 2146 1171 2212 qui
1205 2145 1463 2198 omnibus
1487 2144 1539 2195 in
1568 2142 1733 2196 rebus
1766 2140 2070 2210 prudentia:
2100 2138 2316 2206 studet;

719 2243 812 2312 qui
843 2257 954 2310 pra:
995 2240 1217 2292 ett-teris
1259 2237 1523 2290 membris
1555 2251 1674 2305 quae
1697 2234 1882 2287 valere
1911 2232 2079 2300 jussit
2100 2246 2129 2284 a
2153 2230 2320 2286 corde

721 2351 923 2388 nomen
961 2333 1148 2393 habet,
1182 2330 1259 2383 Ac
1291 2329 1523 2398 proinde
1554 2336 1705 2382 totus
1743 2326 1795 2379 in
1832 2325 2137 2394 principem
2171 2322 2320 2377 ordi—

722 2444 841 2480 nem
905 2433 991 2479 est
1051 2425 1282 2478 relatus.
1321 2421 1456 2491 Ejus
1495 2434 1626 2475 vero
1676 2428 1831 2488 pater
1881 2415 2169 2487 Jepltontte
2209 2421 2343 2486 est._

719 2520 863 2589 quod
920 2528 1024 2581 est,
1080 2517 1125 2570 si
1184 2514 1592 2584 interpreteris,
1630 2513 1776 2581 ﬁlius
1833 2526 1998 2565 cum.
2051 2508 2146 2564 Est
2190 2523 2320 2564 vero

721 2613 985 2681 magister
1013 2609 1204 2671 Mosis,
1235 2607 1433 2662 deinde
1469 2615 1521 2661 et
1552 2603 1742 2668 Josue,
1769 2602 1856 2657 cui
1897 2603 2078 2671 inquit
2109 2620 2122 2655 :
2159 2619 2178 2652 ι
2209 2601 2318 2653 An-

721 2718 829 2755 non
863 2714 916 2755 ttt
979 2701 1124 2754 nosti
1158 2699 1382 2753 verbum
1415 2698 1561 2767 quod
1594 2696 1814 2748 locutus
1847 2703 1931 2746 est
1965 2691 2230 2746 Dominus
2251 2689 2320 2743 ad

720 2793 951 2847 Musm?
981 2812 998 2843 ι
1037 2792 1173 2857 Quis
1201 2791 1348 2845 enim
1379 2790 1549 2856 legent
1592 2800 1746 2855 mque
1775 2799 1839 2837 ac
1869 2781 2034 2838 Jesns
2064 2781 2322 2836 Christus

724 2886 918 2941 novit?
944 2887 1039 2953 qui
1074 2891 1268 2935 exacte
1302 2880 1464 2934 nobis
1495 2894 1615 2933 eam
1650 2875 1921 2946 implevit.
1964 2872 2210 2926 Locutus
2237 2879 2324 2927 cst

721 2991 892 3030 vero:
936 2995 953 3026 ι
1001 2973 1146 3027 Dixit
1198 2971 1466 3024 Dominus
1510 2969 1578 3022 ad
1629 2966 1817 3020 Mosen
1867 2966 1934 3019 de
1980 2979 2066 3018 me
2097 2971 2153 3016 et
2184 2970 2256 3016 te.
2299 2980 2316 3013 ι

725 3068 1071 3121 Vaticinatur
1123 3064 1270 3116 enim
1326 3061 1506 3114 Moses
1555 3059 1621 3112 de
1653 3055 1827 3110 Josuc
1876 3062 1931 3109 et
1977 3053 2168 3117 Caleb,
2218 3053 2324 3108 hoc

719 3167 825 3217 est,
857 3156 923 3210 de
955 3155 1139 3208 cordis
1174 3154 1372 3204 instar.
1427 3162 1433 3167 '

795 3249 937 3302 Dicit
974 3250 1125 3301 item.
1158 3261 1265 3297 non
1303 3240 1616 3294 minoribus
1649 3239 1864 3292 viribus
1897 3237 2062 3292 hodie
2102 3251 2161 3290 se
2199 3249 2321 3290 esse
2350 3279 2393 3338 Ο

719 3359 884 3414 quam
919 3352 1032 3394 ttttit
1073 3335 1342 3406 temporis
1385 3332 1572 3388 fuerit.
1611 3331 1668 3385 In
1708 3332 1979 3384 ambobus
2025 3328 2174 3383 enim
2206 3329 2317 3382 vim

719 3452 877 3487 suam
913 3439 1144 3486 sumtus
1182 3429 1346 3480 habet
1376 3424 1730 3479 sermonibus
1763 3437 1859 3476 seu
1898 3420 2080 3484 libris,
2120 3428 2230 3472 tam
2265 3421 2317 3472 in

719 3528 889 3581 veteri
927 3539 1089 3593 quam
1125 3522 1178 3574 in
1211 3533 1373 3579 novo,
1409 3526 1520 3569 tam
1563 3517 1617 3568 in
1653 3515 1802 3567 Mose
1832 3528 1998 3581 quam
2029 3513 2082 3564 in
2125 3510 2316 3566 Josue.

790 3618 1047 3673 Postulat
1079 3629 1208 3666 vero
1239 3619 1480 3663 montem
1516 3607 1862 3661 submissum
1899 3605 2147 3672 nihilque
2169 3602 2317 3673 quod

718 3712 887 3768 urbes
945 3721 1176 3777 magnas
1237 3712 1290 3759 et
1343 3701 1589 3755 munitas
1642 3699 1829 3760 habet,
1893 3697 2031 3751 vult.
2078 3695 2320 3749 Noverat

717 3805 863 3860 cuitu
899 3801 1002 3855 sibi
1040 3795 1394 3868 pugnandum
1423 3807 1546 3846 esse
1580 3799 1774 3844 contra
1799 3788 2059 3844 Anakim.
2092 3787 2166 3842 De
2194 3785 2319 3856 qui-

721 3897 825 3950 bus
883 3892 1174 3960 Scriptura
1231 3887 1460 3950 indicat,
1518 3883 1663 3954 quod
1697 3881 1866 3936 urbes
1902 3879 2147 3934 munitas
2180 3893 2319 3933 con-

719 3985 1002 4043 scenderit
1053 3982 1301 4050 sapiens,
1360 3978 1727 4032 munitionem
1778 3975 1909 4028 item
1951 3975 2004 4027 in
2036 3986 2146 4042 qua
2181 3970 2323 4025 ﬁdu-

717 4082 858 4136 ciam
893 4092 1051 4135 suam
1084 4076 1437 4130 collocarunt
1480 4069 1658 4140 itttpii.
1705 4065 1841 4121 Nam
1876 4064 2143 4120 Salomon
2184 4077 2322 4134 quo-

715 4191 829 4245 que
862 4174 938 4226 ait
975 4169 1279 4239 :‘Sapiens
1337 4166 1504 4219 urbes
1559 4159 1818 4222 munivit,
1872 4167 1929 4212 et
1983 4156 2322 4211 munitiones

716 4243 995 4322 destruxit
1018 4262 1086 4314 “.
1122 4279 1140 4310 ι
1184 4255 1457 4311 Nimirum
1493 4264 1785 4308 sermones
1812 4246 1908 4318 qui
1938 4243 2321 4314 persuasionis

719 4360 826 4411 vim
861 4357 1149 4415 habentes,
1189 4349 1255 4403 ad
1284 4344 1676 4415 decipiendum
1711 4346 1845 4396 sunt
1885 4335 2150 4407 appositi,
2180 4348 2323 4404 quos

719 4432 924 4506 tn0tttis
959 4447 1184 4502 nomine
1212 4441 1390 4496 innuit
1419 4455 1435 4505 ;
1466 4435 1727 4504 quoniam
1764 4431 2111 4501 fastigiorum
2146 4428 2324 4482 instar

2495 1137 2832 1208 Κληροδοτεῖ
2873 1137 3148 1208 Μωῦσῆς,
3184 1138 3320 1192 ἀλλὰ
3371 1140 3547 1210 πέραν
3593 1139 3687 1192 τοῦ
3723 1139 4007 1209 Ἰορδάνου.

2422 1230 2758 1299 κληροδοτεῖ
2785 1229 2841 1282 δὲ
2875 1228 3083 1299 Ἰησοῦς
3114 1230 3253 1300 μετὰ
3286 1232 3394 1283 τῶν
3434 1231 3751 1300 ἀρχιφύλων
3781 1233 3874 1284 τοῦ
3907 1233 4014 1284 Ἰσ-

2424 1323 2581 1393 ραήλ.
2613 1322 2802 1385 Οὕτως
2828 1322 3039 1391 Ἰησοῦς
3069 1323 3096 1374 6
3128 1322 3365 1392 Χριστὸς
3404 1322 3504 1391 τὴν
3540 1321 3717 1391 ἀληθῆ
3745 1323 4010 1393 κληροδο-

2422 1414 2546 1466 σίαν
2578 1411 2776 1475 διδους,
2809 1412 3231 1481 παραλαμϐάνει
3252 1413 3380 1474 τοὺς
3419 1411 3689 1482 ἄρχοντας
3723 1411 3818 1463 τοῦ
3847 1429 4014 1465 πνευ-

2421 1503 2654 1573 ματικοῦ
2688 1503 2932 1573 Ἰσραὴλ,
2957 1503 3083 1565 τοὺς
3110 1503 3462 1565 ἀποστόλους,
3494 1503 3629 1573 πρὸς
3656 1499 3749 1562 οὓς
3776 1501 4010 1569 ἔφησεν,

2418 1596 2499 1649 ὅτι
2530 1615 2548 1648 ι
2587 1595 2912 1663 Καθήσεσθε
2948 1595 3040 1648 ἐπὶ
3070 1594 3296 1666 θρόνους
3342 1593 3430 1662 ιβ’,
3480 1593 3760 1663 κρίνοντες
3795 1594 3894 1654 τὰς
3946 1593 4013 1662 ιβ’

2420 1686 2593 1755 φυλὰς
2623 1687 2716 1740 τοῦ
2750 1687 2987 1757 Ἰσραήλ.
3021 1707 3038 1739 ι
3074 1687 3582 1757 Παραλαμϐάνεται
3619 1687 3675 1738 δὲ
3707 1686 3802 1738 καὶ
3831 1685 4018 1739 Ἐλεά-

2421 1778 2525 1849 ζαρ
2578 1777 2778 1831 συνιὼν
2806 1777 3010 1847 Ἰησοῦ,
3056 1778 3245 1830 τυπῶν
3275 1779 3540 1848 ἑκάτερος
3588 1777 3680 1829 τὸν
3714 1777 3867 1848 ἱερέα
3918 1780 4018 1831 καὶ

2421 1870 2681 1942 ἄρχοντα,
2713 1870 2805 1923 τὸν
2829 1871 2959 1923 Υἱὸν
2988 1870 3079 1923 τοῦ
3105 1869 3260 1923 Θεοῦ.
4020 1923 4029 1931 ,

2495 1965 2718 2036 Πρῶτος
2745 1965 2802 2019 δὲ
2840 1965 2866 2018 6
2897 1964 3078 2018 Χάλεϐ
3128 1965 3356 2026 εἰκότως
3404 1962 3562 2033 ἔτυχε
3609 1962 3839 2033 κλήρου.
3889 1960 4016 2032 Ἐρ-

2424 2061 2724 2131 μηνεύεται
2781 2058 2859 2122 δὲ,
2890 2059 2971 2123 ὠς
3005 2056 3247 2124 καρδία·
3306 2055 3384 2108 ἔτι
3437 2055 3516 2117 δὲ,
3562 2050 3716 2117 οὗτος
3767 2056 3795 2107 6
3837 2055 4019 2107 πάντα

2421 2151 2712 2222 προσέχων
2736 2151 2851 2214 τοῖς
2876 2150 3163 2220 νοήμασιν,
3195 2151 3222 2202 6
3256 2148 3408 2218 παρὰ
3439 2147 3618 2200 πάντα
3647 2147 3715 2198 τὰ
3749 2145 3908 2215 μέλη,
3934 2139 4020 2208 οἷς

2420 2241 2750 2306 ἀπετάξατο,
2803 2240 3162 2314 χρηματίζων
3183 2240 3257 2302 ὡς
3297 2239 3515 2309 καρδία,
3557 2239 3652 2292 καὶ
3701 2237 3839 2298 ὅλως
3881 2238 4018 2289 ἀνα-

2423 2333 2794 2405 στοιχειωθεὶς
2841 2335 2919 2396 είς
2971 2331 3322 2402 ἡγεμονικόν.
3377 2331 3437 2384 '0
3487 2330 3544 2383 δὲ
3588 2327 3783 2382 τούτου
3831 2327 4020 2398 πατὴρ

2433 2427 2695 2498 Ἰεφοννή.
2753 2425 3146 2496 Ἐρμηνεύεται
3184 2423 3261 2486 δὲ,
3298 2424 3426 2488 υἱὸς
3458 2419 4021 2490 ἐπιστροφῆς-,Ἐστι

2420 2517 2477 2572 δὲ
2516 2518 2793 2588 παίδευμα
2832 2515 3145 2578 Μωῦσέως,
3195 2514 3288 2567 καὶ
3322 2513 3576 2584 δεύτερον
3618 2510 3820 2580 Ἰησοῦ.
3864 2511 3928 2563 Τί
3961 2510 4020 2562 δέ

2423 2625 2588 2679 canat;
2623 2627 2640 2658 ι
2680 2609 2750 2661 Σὺ
2779 2608 2975 2678 ἐπίστῃ
3005 2606 3066 2658 τὸ
3094 2606 3269 2677 ῥῆμα,
3299 2605 3328 2658 δ
3360 2605 3590 2674 ὲλάλησε
3631 2603 3838 2674 Κύριος
3883 2603 4021 2671 πρὸς

2423 2701 2684 2769 Μωῦσῆν.
2719 2718 2736 2749 ι
2771 2699 2866 2760 Τίς
2896 2698 3005 2768 γὰρ
3020 2694 3134 2774 οἶδε
3159 2698 3251 2748 τὸν
3278 2696 3463 2766 νόμον,
3487 2695 3562 2758 ὡς
3601 2693 3805 2764 Ἰησοῦς
3832 2694 3859 2743 6
3879 2693 4020 2761 Χρι-

2426 2792 2654 2856 στόςςὸς
2679 2792 2771 2844 καὶ
2791 2789 3032 2861 ἀκριϐῶς
3059 2791 3190 2859 ἡμῖν
3223 2787 3412 2841 τοῦτον
3439 2786 3780 2857 ἁνήπλωσεν.
3812 2802 3830 2835 ι
3863 2782 4023 2836 Ἐλά-

2421 2884 2553 2954 λησε
2585 2883 2660 2945 δὲ,
2691 2883 2846 2952 φησι,
2879 2880 3085 2950 Κύριος
3130 2881 3264 2944 πρὸς
3297 2877 3538 2932 Μωῦσέα
3565 2878 3691 2948 περὶ
3741 2872 3879 2944 ἐμοῦ
3925 2875 4023 2926 καὶ

2425 2975 2541 3028 σοῦ.
2583 2993 2602 3026 ι
2643 2973 2983 3043 Προφητεύει
3014 2972 3122 3041 γὰρ
3153 2971 3395 3039 Μωῡσῆς
3428 2969 3558 3040 περί
3587 2986 3644 3021 τε
3691 2966 3892 3038 Ἰησοῦ,
3926 2968 4024 3018 καὶ

2421 3068 2516 3121 τοῦ
2544 3066 2748 3132 Χάλεϐ,
2781 3068 2922 3136 ἦτοι,
2968 3065 3055 3128 Ὠς
3090 3064 3308 3134 καρδία.

2495 3239 2633 3303 Φησὶ
2691 3239 2932 3306 σήμερον
2986 3234 3193 3304 ἰσχύειν
3223 3275 3235 3296 ,
3273 3234 3348 3296 ὡς
3398 3232 3550 3300 ῐσχυε
3602 3230 3746 3283 τότε.
3785 3230 3875 3282 Ἐν
3917 3231 4028 3298 ἀμ-

2429 3332 2680 3402 φοτέροις
2726 3330 2835 3399 γὰρ
2883 3326 3059 3396 ἰσχύει
3091 3329 3204 3388 τοῖς
3239 3325 3419 3392 λόγοις
3465 3325 3492 3375 6
3527 3323 3702 3391 ἅγιος,
3739 3321 3794 3374 ἐν
3826 3337 3886 3373 τε
3919 3337 4027 3374 πα-

2427 3422 2566 3492 λαιῷ
2599 3422 2693 3474 καὶ
2729 3420 2925 3490 καινῷ,
2953 3419 3045 3476 ἐπὶ
3067 3419 3350 3479 Μωῢσέως
3377 3415 3472 3467 καὶ
3516 3413 3712 3485 Ἰησοῦ.

2500 3601 2656 3653 Δίτεῖ
2677 3599 2805 3668 ὅρος
2835 3597 3200 3668 χαμαιπετὲς,
3226 3596 3430 3649 ἐθέλων
3469 3593 3647 3657 οὐδὲν,
3681 3594 3739 3645 ὲν
3770 3586 3815 3661 ᾧ
3839 3595 4030 3657 πόλεις

2430 3691 2668 3762 μεγάλαι
2719 3691 2813 3743 καὶ
2864 3690 3080 3761 ὀχυραὶ,
3122 3690 3199 3752 ὡς
3228 3687 3384 3750 εἰδὼς
3429 3687 3687 3755 πολεμεῖν
3736 3686 3872 3756 πρὸς
3901 3687 4031 3747 τοὺς

2439 3783 2720 3853 Ἐνακείμ.
2747 3783 2936 3844 Πόλεις
2967 3781 3074 3852 γὰρ
3096 3779 3299 3850 ὀχυρὰς
3322 3777 3493 3847 ἐπέϐη
3517 3776 3701 3844 σοφὸς,
3728 3776 3822 3828 καὶ
3850 3775 4028 3844 ἐπέϐη

2427 3875 2489 3929 τὸ
2516 3875 2804 3946 ὀχύρωμα,
2837 3873 2921 3942 ἐφ’
2944 3866 2989 3941 ᾧ
3013 3871 3379 3925 ἐπεποίθεσαν
3405 3871 3453 3924 οἱ
3485 3867 3721 3930 ἀσεϐεῖς.
3756 3866 3898 3936 Φησὶ
3915 3866 4030 3936 γὰρ

2428 3967 2707 4038 Σολομὼν,
2750 3984 2769 4017 ι
2809 3964 2979 4033 Σοφὺς
3006 3963 3193 4027 πόλεις
3227 3961 3517 4033 ὠχύρωσε,
3551 3961 3645 4013 καὶ
3705 3957 3927 4013 καθεῖλε
3953 3956 4028 4010 τὰ

2427 4055 2787 4128 ὀχυρώματα,
2828 4075 2847 4107 ι
2881 4054 3086 4124 δηλαδὴ
3131 4054 3258 4116 τοὺς
3300 4052 3438 4122 μετὰ
3470 4049 3831 4119 πιθανότητος
3863 4047 4028 4115 λόγου

2427 4148 2646 4218 ἅπατᾷν
2697 4145 3030 4215 δυναμένους
3068 4161 3083 4177 ο
3122 4142 3215 4205 οὓς
3266 4146 3323 4195 ὲν
3372 4141 3489 4212 ὄρει
3543 4142 3747 4211 φησιν,
3793 4139 4032 4207 ἐπείπερ

2431 4239 2702 4312 ὑψώματα
2736 4241 2872 4291 εἰσιν
2925 4237 3272 4306 ἐπαιρόμενα
3318 4235 3459 4287 κατὰ
3509 4235 3608 4302 τῆς
3647 4229 3903 4295 γνώσεως
3931 4229 4032 4283 τοῦ

2421 4331 2581 4386 Θεοῦ.
2611 4330 2799 4385 Ταῦτα
2825 4330 3012 4383 Χάλεϐ
3045 4329 3227 4389 ἱκανὸς
3259 4322 3401 4380 εἶναι
3427 4325 3715 4396 καθαιρεῖν
3746 4325 4029 4393 ἐπαγγέλ-

2422 4424 2594 4478 λεται.
2646 4424 2763 4492 Ἐφ’
2800 4416 2956 4494 ᾧπερ
2989 4423 3153 4476 αὑτὸν
3185 4421 3482 4488 εὐλόγησεν
3524 4419 3754 4490 Ἰησοῦς.

715 4547 1087 4602 excitator-unt
1123 4547 1316 4593 contra
1367 4535 1459 4590 Dei
1497 4518 2157 4601 cognitionem,sunt“.
2190 4521 2406 4589 Quibus
2459 4537 2593 4577 sane
2655 4519 3024 4576 demoliendis
3090 4517 3296 4572 Calebo
3365 4517 3705 4586 promittitur
3770 4513 4029 4575 facultas,

719 4647 819 4695 hoe
848 4644 968 4709 ipso
995 4636 1139 4706 quod
1173 4635 1221 4689 ei
1257 4629 1534 4685 benedixit
1573 4625 1763 4679 Josue.

789 4735 962 4788 l’orro
1013 4730 1271 4785 Chebron
1329 4736 1546 4789 compar
1593 4714 1948 4784 interpretari
1993 4713 2143 4774 licet,
2180 4723 2317 4780 quo-
2353 4715 2394 4769 ῐ)

715 4832 865 4886 niam
921 4841 1048 4880 ossa
1097 4834 1319 4891 patrum
1366 4812 1649 4882 compar-ia
1700 4823 1796 4864 seu
1851 4805 2167 4876 coniugalia
2209 4804 2322 4858 illic

712 4929 847 4978 sunt
875 4917 1148 4987 deposita,
1187 4910 1424 4966 Abrahae
1448 4916 1499 4961 et
1527 4905 1716 4966 Sam;
1755 4900 1910 4954 Isaac
1941 4907 1994 4953 et
2023 4894 2320 4959 Rebeccae;

709 5013 904 5070 Jacobi
939 5020 991 5066 et
1023 5008 1167 5063 Lett'.

2494 4705 2512 4722 ⁹
2550 4699 2781 4770 Χεϐρὼν
2815 4696 3204 4768 ἑρμηνεύεται,
3229 4695 3266 4764 ἠ
3289 4707 3374 4749 συ
3391 4689 3582 4760 ζυτία.
3611 4692 3748 4746 Φασὶ
3769 4692 3826 4745 δὲ
3846 4693 3931 4746 ὅτι
3959 4696 4030 4748 τὰ

2421 4796 2556 4848 ὀστᾶ
2588 4794 2697 4846 τῶν
2729 4791 2984 4859 πατέρων
3015 4789 3130 4840 ἐκεῖ
3155 4789 3293 4850 ἐστι,
3333 4785 3477 4839 κατὰ
3502 4784 3770 4851 συζυγίαν
3799 4786 4029 4838 ἀποκεί-

2425 4902 2585 4958 μενα,
2632 4882 2888 4952 Ἀϐραὰμ
2921 4878 3017 4932 καὶ
3047 4877 3282 4948 Σάρρας,
3335 4876 3523 4928 Ἰσαὰκ
3563 4875 3656 4927 καὶ
3700 4872 4029 4938 Ῥεϐέκκας,

2436 4976 2632 5032 Ἰακὼϐ
2659 4976 2757 5029 καὶ
2786 4974 2972 5036 Λείας.

786 5131 1014 5185 Patrum
1054 5128 1239 5194 itaque
1286 5121 1509 5176 nomine
1542 5133 1604 5171 ac
1637 5117 1850 5169 honore
1896 5119 2057 5166 ornat
2111 5106 2412 5162 Chalebum
2445 5115 2569 5156 eum
2604 5097 2696 5167 qui
2729 5106 2952 5152 exteros
2987 5091 3242 5146 homines
3272 5088 3561 5144 deleturus
3597 5096 3734 5140 erat.

790 5219 854 5272 Et
895 5231 1036 5273 terra
1069 5220 1295 5287 quietem
1337 5210 1521 5262 [tabuit
1559 5224 1589 5258 a
1622 5204 1794 5258 bellis.
1825 5200 1942 5273 [XL
1987 5199 2107 5272 95.]
2140 5196 2316 5264 Ecqui

711 5317 859 5367 enim
905 5315 1088 5366 locum
1143 5325 1170 5361 a
1215 5305 1379 5360 Josue
1413 5301 1710 5358 sortiretur
1746 5297 1968 5366 aliquis,
2003 5309 2170 5365 quem
2206 5306 2315 5345 non

714 5409 876 5460 bellis
909 5400 1196 5460 solvisset?

789 5501 928 5554 Cum
963 5514 1095 5552 vero
1132 5502 1372 5564 quatuor
1407 5489 1698 5561 generales
1744 5495 2020 5542 terrarum
2065 5480 2323 5551 regiones

714 5611 809 5651 seu
843 5603 1056 5646 tractus
1074 5588 1241 5662 492
1273 5589 1406 5645 sint,
1432 5601 1556 5636 eum
1593 5583 1646 5635 in
1681 5581 1886 5635 linibus
1914 5576 2055 5632 Juda
2080 5576 2314 5630 duarutn

714 5689 1049 5744 mentionem
1101 5684 1330 5738 fecisset
1365 5676 1614 5732 tner'tdiei
1647 5685 1702 5730 et
1732 5672 1985 5735 orientis,
2020 5670 2160 5725 duas
2191 5668 2318 5722 reli-

788 5848 829 5879 ⁸⁸
866 5847 906 5902 ΙΙ
937 5846 1040 5899 Cor
1105 5843 1333 5906 \ll|,14.
1421 5841 1459 5872 ¹⁹
1491 5837 1685 5892 Matth.
1727 5851 1840 5898 χιιι,
1872 5831 1965 5886 9.8.

2499 5191 2608 5243 Kal
2645 5189 2683 5257 ἡ
2724 5186 2800 5257 τῆ
2833 5186 3103 5239 ἐκόπασε
3131 5180 3240 5236 τοῦ
3280 5180 3570 5249 πολέμου.
3608 5179 3718 5231 Καὶ
3762 5177 3882 5241 πῶς
3921 5178 4032 5247 γὰρ

2427 5287 2492 5340 ἂν
2526 5301 2609 5346 τις
2650 5280 3045 5352 κληρονομήσῃ
3101 5277 3232 5346 παρ’
3290 5274 3490 5345 Ἰησοῦ,
3535 5275 3613 5342 μὴ
3660 5272 3755 5325 τὸν
3789 5272 4032 5342 πόλεμον

2425 5377 2737 5442 καταλύσας
2763 5374 2855 5428 τὸν
2895 5376 2952 5425 ὲν
2984 5369 3166 5441 αύτῷς

2498 5472 2798 5540 Τεσσάρων
2831 5469 3002 5521 ὄντων
3030 5464 3268 5535 γενικῶν
3301 5461 3584 5529 κλιμάτων
3609 5459 3702 5511 ἐπὶ
3729 5458 3840 5509 τῶν
3868 5457 4034 5527 ὁρίων

2438 5566 2630 5634 Ἰούδα,
2650 5566 2718 5619 τὰ
2741 5565 2852 5617 δύω
2881 5563 3080 5629 λέγων,
3096 5558 3237 5613 Λίϐα
3258 5573 3315 5610 τε
3340 5557 3433 5608 καὶ
3460 5552 3746 5616 ἀνατολὰς,
3771 5550 3842 5603 τὰ
3865 5549 4032 5602 λοιπὰ

2427 5661 2768 5731 σεσιώπηκε.
2810 5658 2967 5712 Μετὰ
2993 5656 3103 5726 γὰρ
3149 5653 3216 5706 τὰ
3261 5649 3500 5713 Λιϐυκα,
3529 5647 3686 5718 φησὶ,
3726 5643 3822 5698 τοῦ
3858 5640 4034 5697 Ἰούδα

2064 5829 2108 5860 το
2139 5828 2300 5882 Prov.
2348 5824 2576 5887 τεμεῖ.
2655 5823 2698 5853 ⁸⁸
2735 5818 2776 5874 ll
2805 5818 2933 5873 Cor.
2971 5813 3059 5879 10,
3093 5815 3144 5868 5.
