4272 6446
292 381 426 443 1029

1436 365 1960 432 IOMMEN'I‘ARH
2004 364 2083 423 IN
2128 363 2303 423 JOSI)
2320 365 2385 421 Ε.

3422 363 3557 424 1030

285 486 408 556 ὅρια
438 486 767 555 διαδέχεται.
796 485 975 552 "Amp
1015 482 1134 535 ἐστὶ
1159 480 1389 550 πλησίον
1410 479 1510 546 τῆς
1539 478 1866 546 Ἰδουμαίας,
1901 479 1952 534 Α

1901 479 1952 534 Α
1977 485 2118 539 quas
2147 472 2397 524 reticuit.
2426 473 2465 523 A
2494 470 2869 539 si'pteiitrione
2900 468 3045 522 enim
3066 466 3221 521 ludat
3248 468 3382 523 ﬁnes
3407 479 3556 531 sunt.

286 580 411 646 ἥτις
440 576 807 647 ἑρμηνεύεται
847 575 1044 643 γήϊνα,
1088 574 1225 643 μετὰ
1254 573 1321 624 τά
1357 572 1481 639 ὅρια
1522 568 1711 620 Ἰούδα.
1745 566 1884 635 Φησὶ

287 668 346 721 δὲ
376 669 469 720 καὶ
501 667 609 719 ἀπὸ
638 668 734 735 τῆς
766 667 972 735 ἐρήμου
1009 665 1129 715 Σίν·
1172 661 1536 731 ἑρμηνεύεται
1570 659 1626 711 δὲ
1679 673 1883 723 πειρα-

290 762 458 828 σμοί.
505 761 641 813 Μεθ’
682 759 776 823 οὓς
820 757 987 811 Ἰούδα
1022 755 1374 826 κληρονομία.
1430 754 1540 807 Καὶ
1586 754 1680 804 ἐπὶ
1715 750 1915 802 τῶνδε

293 854 435 904 κατὰ
457 853 598 905 Λίϐα
622 852 722 921 τῆς
759 850 930 919 φυλῆς
963 849 1128 919 όρίων
1166 847 1320 900 οὐδὲν
1348 846 1663 914 ὠνόμασται
1694 843 1883 911 κλίμα,

293 941 475 1010 ἀλλ’ἢ
527 940 657 1010 Λὶψ,
710 940 742 1010 ἢ
798 940 1037 1009 δυσμαὶ,
1090 938 1124 1007 ἦ
1178 937 1397 1006 φάραγξ
1436 934 1737 1000 Αἰγύπτου.
1769 933 1887 984 Ἵνα

294 1030 470 1084 ταῦτα
524 1034 618 1084 καὶ
676 1031 803 1093 τοὺς
860 1030 1205 1097 πειρασμοὺς
1250 1024 1582 1095 διαπορευθῇ
1633 1040 1739 1085 τις,
1794 1021 1887 1073 καὶ

296 1119 499 1187 δυνηθῇ
531 1118 716 1170 λαϐεῖν
752 1119 876 1187 ὅρια
919 1119 976 1168 έν
1014 1120 1080 1186 τῇ
1130 1116 1270 1184 φυλῇ
1319 1118 1386 1183 τῇ
1426 1112 1710 1182 βασι).ικῇ’
1760 1111 1888 1177 περὶ

298 1205 368 1279 ἧς
398 1211 742 1278 γέγραπται·
799 1209 1065 1279 πρόδηλον
1117 1207 1246 1275 γάρ,
1279 1205 1351 1268 ὡς
1383 1206 1441 1270 ἐξ
1484 1203 1655 1256 Ἰούδα
1687 1200 1885 1253 ἀνατέ-

300 1304 498 1354 ταλκεν
528 1303 556 1353 ὁ
587 1301 811 1369 Κύριος.

381 1480 489 1531 Καὶ
520 1477 934 1546 προσαναϐῆναι
964 1475 1061 1545 τὴν
1098 1473 1362 1527 ἀνάϐασιν
1412 1474 1703 1545 Ἀκραϐίμ.
1751 1476 1874 1543 Ἑρ·

315 1567 691 1638 μηνεύεταιδὲ
718 1567 1022 1633 σκορπίοι,
1078 1568 1197 1619 καθ’
1247 1562 1322 1620 ὧν
1384 1570 1573 1618 πατεῖν
1633 1569 1725 1619 καὶ
1782 1566 1890 1616 τῶν

311 1657 490 1725 ὄφεων
530 1655 797 1725 ἐλάϐομεν
833 1656 983 1725 παρὰ
1017 1655 1110 1707 τοῦ
1146 1653 1407 1725 Χριστοῦ.
1480 1656 1774 1722 Ἀναϐἧναι
1835 1653 1891 1705 δέ

315 1764 377 1799 σε
400 1747 502 1812 δεῖ,
530 1747 808 1799 τουτέστιν
834 1744 1250 1815 ὑπεραναϐἧναι
1282 1746 1407 1805 τοὺς
1441 1744 1736 1811 σκορπίους
1767 1742 1892 1805 τοὺς

1987 577 2153 629 prope
2182 562 2475 614 ldumaaam
2501 561 2955 628 videlicet,quam
2990 559 3437 626 interpretabimur
3459 562 3561 613 ali-

1985 654 2131 721 quis,
2169 662 2450 713 terrenam,
2492 666 2657 720 quam
2696 650 2850 705 Judze
2883 650 3102 704 termini
3130 651 3433 718 excipiunt.
3470 653 3561 703 ln—

1986 746 2103 813 quit
2137 743 2265 796 item
2309 756 2335 795 a
2384 742 2603 796 deserto
2660 742 2779 806 Sin,
2829 741 2975 810 quod
3012 741 3363 808 interpretari
3415 742 3563 805 licet,

1990 837 2325 893 tentutioncs.
2357 846 2480 904 post
2510 849 2648 902 quas
2676 848 2797 887 sors
2828 833 2855 887 J
2866 834 2967 887 uda
2994 842 3097 888 est.
3124 833 3369 902 Denique
3401 834 3564 887 etiam

1989 929 2044 983 in
2079 927 2276 981 ﬁnibus
2303 927 2423 995 ejus
2462 928 2642 981 tribus
2675 926 2771 995 qui
2800 939 2829 977 a
2862 926 3087 979 meridie
3119 935 3266 987 sunt,
3301 926 3447 980 nulla
3488 942 3569 977 re-

1989 1022 2076 1091 gio
2101 1028 2184 1074 est
2210 1020 2399 1083 citata,
2433 1035 2595 1087 quam
2631 1019 2910 1081 meridies,
2943 1026 2996 1071 et
3026 1032 3278 1081 occasus,
3310 1026 3365 1072 et
3411 1017 3568 1070 vallis

1989 1110 2234 1181 A'igypti,
2269 1123 2326 1165 ut
2353 1113 2399 1165 si
2445 1113 2569 1179 quis
2618 1112 2753 1173 litec,
2786 1118 2841 1164 et
2893 1112 3228 1163 tentationrs
3272 1110 3566 1176 superarit,

1991 1204 2280 1271 acquirere
2314 1205 2491 1271 possit
2527 1202 2663 1256 ﬁnes
2715 1203 2767 1254 in
2804 1203 2948 1269 regia
2983 1205 3149 1263 tribu,
3184 1203 3251 1253 de
3293 1217 3397 1270 qua
3429 1204 3568 1255 scri-

1991 1307 2141 1367 ptum
2172 1308 2286 1364 est;
2347 1308 2567 1353 constat
2620 1298 2765 1351 enim
2803 1295 2948 1365 quod
2988 1310 3054 1349 ex
3107 1295 3246 1348 Juda
3288 1306 3445 1349 ortus
3485 1302 3571 1350 est

1995 1389 2282 1441 Dominus.

2064 1479 2292 1547 Oportet
2350 1478 2575 1544 insuper
2664 1475 3044 1530 conscendere
3108 1474 3239 1543 juga
3287 1471 3571 1533 Acrabim,

1994 1570 2140 1635 quod
2173 1570 2611 1636 interpretantur
2649 1568 2972 1627 scorpiones,
3006 1579 3149 1632 quos
3202 1562 3571 1617 conculcandi

1999 1660 2146 1712 sicut
2174 1668 2230 1713 et
2267 1667 2574 1726 serpentes,
2611 1667 2939 1726 potestatem
2994 1655 3310 1724 accepimus
3348 1670 3377 1706 a
3415 1654 3575 1707 Chri-

1997 1759 2105 1804 sto.
2139 1750 2528 1805 Consrendere
2563 1766 2690 1803 vero
2726 1757 2778 1803 te
2809 1758 3048 1818 oportet,
3086 1751 3190 1803 hoc
3245 1759 3351 1810 est.
3408 1762 3575 1815 supe-

314 1837 687 1907 πολεμοῦντας
724 1839 781 1889 ὲν
822 1836 1015 1907 Ἰούδα,
1074 1836 1481 1905 κληρονομῆσαι
1548 1833 1888 1902 βουλόμενον.
1927 1820 2001 1891 Βς

1887 1875 1888 1882 η
1927 1820 1970 1879 Β
2000 1849 2123 1893 rar‘e
2148 1841 2500 1908 scorpiones,
2525 1840 2619 1908 qui
2651 1854 2709 1892 se
2743 1840 3016 1894 hostiliter
3046 1848 3208 1892 terrae
3239 1836 3393 1890 Jildie
3455 1852 3574 1890 sor-

329 1930 594 2000 Ὶεζεκιὴλ
626 1930 682 1982 δέ
709 1945 874 1998 φησιν
900 1944 916 1959 ·
948 1945 967 1979 ι
1013 1928 1071 1979 Ὀ
1105 1927 1161 1980 δὲ
1181 1928 1391 1989 δίκαιος
1442 1928 1497 1978 ὲν
1531 1926 1681 1995 μέσῳ
1739 1941 1897 1993 σκορ-

317 2023 459 2077 πίων
491 2023 755 2076 κατοικεῖ.
788 2040 805 2071 ι
838 2019 918 2072 Τά
935 2020 989 2071 δὲ
1017 2020 1141 2089 ὀρια
1170 2019 1272 2083 ἕως
1303 2018 1508 2087 Κάδης.
1530 2017 1704 2089 Ὂπερ
1729 2017 1899 2085 ἅγιον

318 2118 417 2169 καὶ
444 2112 741 2182 ἁγιασμὸς
776 2112 1160 2183 ἑρμηνεύεται.

398 2291 630 2358 Ἰδωμεν
662 2291 757 2343 καὶ
787 2290 856 2342 τά
886 2289 979 2342 ἐπὶ
1006 2286 1116 2343 τῶν
1134 2288 1471 2342 ἀνατολικῶν
1499 2288 1662 2357 όρίων
1698 2288 1901 2358 μυστή-

324 2402 441 2453 ρια,
474 2381 721 2453 μὴιῖιιλδν
752 2380 999 2444 νοοῦντες
1034 2380 1319 2449 ὀνομάτων
1355 2378 1679 2446 κατάλογον.
1734 2378 1904 2443 Λέγε-

322 2492 416 2529 ται
449 2474 628 2527 τοίνυν
656 2474 714 2526 ὲν
744 2472 959 2535 τούτοις
990 2472 1143 2542 πηγὴ
1191 2470 1555 2531 Ἢλιούπολις,
1617 2467 1902 2521 Ἡλιούπο-

323 2568 409 2631 λις
438 2566 809 2638 γραμμάτων,
840 2566 907 2633 ἣν
937 2566 966 2617 ό
994 2562 1175 2617 λαϐὼν
1241 2564 1300 2616 ἐν
1335 2562 1613 2629 εὐλογίαις
1675 2559 1901 2628 γίνεται.

339 2659 501 2713 Ἀλλὰ
530 2659 613 2721 τίς
671 2658 728 2711 ὲν
773 2655 946 2726 Ἰούδᾳ
994 2653 1090 2708 τοῦ
1144 2654 1295 2725 ἡλίου
1356 2654 1548 2723 πηγῆς
1599 2652 1693 2704 καὶ
1753 2650 1905 2701 ποίου

326 2750 514 2820 ἡλίους
556 2748 745 2819 Δῆλον,
770 2746 845 2810 ὡς
876 2745 1006 2816 περὶ
1031 2736 1093 2797 οὗ
1120 2745 1469 2812 γέγραπται*
1511 2762 1528 2793 ι
1573 2743 1698 2803 Τοῖς
1729 2740 1783 2792 δὲ
1817 2754 1911 2805 φο-

325 2838 615 2909 ϐουμένοις
641 2837 701 2889 τὸ
716 2835 891 2903 δνομά
921 2851 1026 2904 μου
1056 2833 1306 2886 άνατελεί
1334 2831 1481 2903 ἥλιος
1503 2830 1903 2898 δικαιοσύνης.»

326 2933 548 3002 Ταύτην
597 2931 698 3004 τὴν
744 2930 929 2999 πηγὴν
964 2927 1251 2998 χαρίζεται
1304 2929 1417 2987 τοῖς
1478 2926 1768 2996 μαθηταῖς,
1826 2926 1913 2980 ἵνα

325 3028 482 3099 πηγὴ
522 3026 715 3088 ὓδατος
760 3023 1056 3095 ἁλλομένου
1090 3025 1170 3085 εἰς
1206 3021 1351 3092 ζωὴν
1382 3016 1658 3093 αἰώνιονῇ
1704 3021 1762 3072 ἐν
1816 3020 1914 3073 αὐ-

2000 1938 2107 1985 tein
2129 1933 2482 2000 captantibus
2512 1940 2817 2001 opponunt.
2850 1931 2980 1985 Nam
3000 1939 3054 1985 et
3088 1930 3335 1985 Ezechiel
3356 1931 3531 1999 inquit
3560 1948 3573 1981 :

2005 2040 2023 2072 ι
2060 2021 2252 2078 Justus
2311 2038 2440 2077 vero
2503 2024 2556 2076 in
2625 2023 2804 2076 medio
2857 2023 3214 2091 scorpionum
3269 2025 3421 2077 sedet
3474 2025 3570 2073 ¹³.ι

2003 2111 2165 2169 Fines
2198 2114 2323 2169 item
2360 2115 2480 2183 ejus
2508 2114 2575 2167 ad
2605 2112 2781 2168 Cades
2803 2113 3017 2167 Barnea
3053 2130 3229 2182 usque
3266 2115 3581 2183 pertingant

2003 2203 2148 2274 quod
2177 2211 2452 2267 sanctum,
2491 2214 2542 2256 et
2572 2202 2843 2256 sanctitas
2869 2203 3224 2271 interpretari
3262 2204 3411 2255 licet.

2075 2293 2181 2348 Sed
2215 2294 2478 2363 mysteria
2507 2306 2730 2362 quoque
2758 2292 2949 2346 tinium
3012 2295 3081 2347 ab
3138 2293 3371 2353 oriente,
3431 2288 3580 2344 'iuda

2007 2387 2296 2441 nominum
2354 2386 2676 2440 recensione
2717 2385 2951 2448 omissa,
3007 2398 3435 2454 cognoscamus.
3491 2381 3581 2434 Di-

2006 2481 2151 2532 citur
2182 2478 2365 2545 itaque
2394 2478 2535 2530 iutra
2571 2477 2673 2531 hos
2702 2492 2829 2532 esse
2871 2477 3072 2531 fontem
3132 2474 3455 2543 Heliopolis,
3503 2474 3583 2527 di-

2008 2574 2095 2620 cta
2126 2563 2426 2635 Heliopolis
2465 2566 2702 2635 Sepher,
2735 2582 2897 2634 quem
2936 2566 3029 2634 qui
3089 2565 3306 2633 accepit
3355 2564 3481 2618 l'elix
3530 2572 3585 2616 et

2010 2657 2203 2713 beatus
2235 2657 2312 2711 ﬁt.
2342 2660 2407 2710 At
2438 2659 2566 2726 quis
2604 2661 2658 2712 in
2698 2658 2841 2712 Juda
2877 2660 3014 2713 solis
3044 2658 3168 2712 fons
3198 2656 3327 2713 est?
3354 2659 3459 2709 Aut
3488 2672 3585 2709 cu-

2006 2750 2098 2819 jus
2125 2750 2259 2805 solis
2289 2750 2410 2805 est?
2440 2750 2572 2821 Ejus
2626 2751 2909 2815 nimirum,
2946 2751 3015 2804 de
3048 2765 3159 2819 quo
3177 2750 3439 2817 scriptum
3462 2757 3543 2802 est
3568 2766 3581 2800 :

2016 2860 2034 2893 ι
2055 2840 2262 2895 Nomen
2284 2857 2462 2895 meum
2480 2844 2861 2897 reverentibus
2892 2844 2973 2897 Sol
2993 2842 3223 2909 justitize
3246 2841 3538 2895 orietur”.
3563 2858 3581 2889 ι

2015 2933 2173 2987 Hunc
2213 2932 2420 2988 fontem
2455 2935 2744 2989 Dominum
2771 2935 3064 3003 discipulis
3095 2933 3303 3000 donat,
3336 2942 3397 2987 ut
3425 2947 3584 3002 aqua:

2015 3026 2270 3080 salientis
2306 3026 2359 3079 in
2388 3026 2556 3080 vitam
2581 3036 2845 3081 aeternam
2874 3026 2923 3059 "
2958 3027 3032 3082 sit
3061 3027 3112 3081 in
3155 3026 3335 3080 vobis.
3371 3026 3469 3080 Est
3499 3040 3591 3079 ve-

325 3120 633 3184 τοῖς.Ἐστι
659 3118 715 3172 δὲ
741 3118 835 3170 καὶ
869 3117 1023 3178 πόλις
1053 3114 1203 3183 ἡλίου
1232 3112 1352 3167 κατ’
1374 3113 1671 3178 Αἴγυπτον,
1705 3112 1771 3164 τά
1794 3114 1914 3163 ἐπι·
1938 3160 1980 3216 C

1905 3141 1980 3216 -ο
2016 3135 2079 3173 ro
2113 3118 2417 3189 Heliopolis
2449 3120 2648 3174 civitas
2680 3119 2902 3189 Egypti
2935 3135 3059 3189 quae
3119 3118 3468 3189 splendorem
3530 3133 3592 3172 ac

329 3213 479 3283 φανῆ
521 3229 617 3265 και
656 3210 842 3276 ἔνδοξα
866 3208 961 3262 τοῦ
993 3209 1202 3277 κόσμου
1238 3206 1602 3276 σημαίνουσα.
1662 3204 1742 3258 Τά
1803 3204 1911 3273 γάρ
1941 3204 1980 3216 ““”
2012 3232 2016 3275 γ

1904 3224 1911 3251 ν
1941 3204 1980 3216 “
2012 3211 2241 3280 gloriam
2282 3211 2448 3279 hujus
2503 3211 2690 3265 mundi
2740 3213 2987 3265 denotat.
3048 3211 3191 3264 Deus
3220 3212 3403 3280 itaque
3436 3225 3591 3263 suam

329 3308 474 3363 κατὰ
503 3306 635 3359 Θεὸν
668 3303 855 3368 ἔνδοξα
886 3303 986 3372 τῆς
1019 3299 1375 3373 κληροδοσίας
1420 3296 1589 3353 Ἰούδα
1625 3295 1913 3367 βασιλικῆς

1909 3313 1913 3324 ’
2015 3304 2253 3372 gloriam
2296 3305 2350 3357 in
2381 3312 2586 3358 sortem
2621 3303 2763 3357 .Iuda
2793 3306 2999 3359 tribum
3061 3306 3291 3376 regiam,
3347 3305 3596 3373 adeoque

329 3416 393 3455 τε
430 3397 629 3467 φυλῆς,
663 3396 758 3449 καὶ
784 3397 843 3448 ἐν
875 3396 946 3464 γῇ
975 3394 1129 3463 ἁγίᾳ.

2020 3403 2225 3448 terram
2258 3407 2509 3448 sanetam
2549 3395 2816 3462 reposuit.

405 3488 521 3556 Πρὸ
540 3487 638 3557 τῆς
675 3485 893 3556 μερίδος
920 3485 987 3554 ἢν
1021 3482 1214 3535 ἔλαϐεν
1268 3481 1301 3549 ἡ
1336 3480 1478 3551 φυλὴ
1528 3477 1712 3534 Χάλεϐ
1750 3477 1919 3548 ἀκλη-

1912 3508 1919 3518 ·
2094 3484 2161 3539 Et
2187 3496 2527 3540 accesserunt
2563 3487 2667 3553 lilii
2691 3484 2839 3539 Juda
2868 3486 2938 3539 ad
2958 3485 3125 3541 Iosue
3155 3485 3318 3558 [τιν.
3349 3486 3430 3558 6.]
3459 3487 3599 3543 Ante

337 3581 473 3650 ρωτὶ
503 3580 666 3649 μέρος
694 3576 963 3645 λαμϐάνει
1010 3575 1098 3627 διά
1149 3573 1571 3643 προστάγματος
1632 3570 1725 3624 τοῦ
1759 3569 1914 3623 Θεοῦ.
2020 3600 2024 3631 ε

2020 3589 2225 3633 Sortem
2259 3592 2427 3646 quam
2458 3592 2522 3631 ea
2550 3577 2729 3631 tribus
2765 3580 2999 3647 aicepit,
3052 3579 3221 3633 Caleb
3288 3595 3421 3632 vero
3478 3594 3604 3649 por-

336 3673 472 3725 Τίνα
501 3671 557 3724 δὲ
589 3669 747 3722 πόλιν
796 3667 902 3719 εδει
932 3666 1023 3718 τὸν
1058 3666 1220 3735 μόνον
1248 3664 1490 3717 σωθέντα
1559 3665 1677 3733 μετ’
1743 3661 1920 3731 Ἰησοῦ

1918 3688 1920 3703 ν
2024 3668 2228 3721 tionem
2272 3682 2429 3722 suam
2461 3666 2598 3720 citra
2627 3675 2831 3722 sortem
2874 3668 2994 3736 (sed
3044 3677 3103 3720 ut
3147 3669 3416 3736 scriptum
3446 3669 3605 3723 habet

340 3763 495 3831 παρὰ
530 3760 629 3823 τὰς
671 3757 719 3830 χ’
771 3756 1023 3828 χιλιάδας
1084 3755 1361 3826 λαϐεῖν,ῆ
1425 3753 1763 3825 μητρόπολιν
1823 3751 1923 3822 τὴν
2025 3786 2027 3803 ι

1919 3769 1923 3794 ’
2025 3774 2189 3829 quam
2218 3759 2451 3813 calcavit
2482 3773 2577 3829 pes
2613 3758 2814 3829 ipsius)
2848 3760 3071 3829 accipit.
3099 3761 3272 3825 Quam
3326 3775 3453 3815 vero
3507 3775 3606 3813 ur-

352 3855 541 3919 'Evéx,
569 3853 667 3922 τὴν
694 3849 920 3921 Χεϐρών
948 3866 961 3915 ;
990 3849 1057 3918 ἢν
1085 3848 1150 3917 δὴ
1176 3845 1377 3910 λαϐὼν,
1429 3844 1597 3915 ἀνέϐη
1647 3844 1743 3897 ἐπὶ
1801 3844 1926 3906 τοὺς
2029 3851 2039 3905 l

1920 3860 1926 3904 :
2029 3851 2150 3905 bem
2209 3852 2375 3905 aliam
2405 3852 2452 3905 is
2508 3851 2603 3920 qui
2666 3852 2817 3907 solus
2876 3861 3233 3908 servatusest
3264 3868 3389 3907 cum
3420 3851 3607 3918 Josue,

341 3945 735 4006 κατοικοῦντας
783 3942 1020 4013 Δαϐείρ·
1085 3941 1121 4010 ἢ
1177 3938 1442 4009 πρότερον
1498 3936 1717 4002 ἐλέγετο
1773 3936 1930 3997 πόλις

1922 3950 1930 3995 .’
2029 3944 2377 4013 septuaginta
2455 3941 2702 3997 millibus
2765 3944 3058 3999 exstinctis
3131 3958 3328 4014 capere
3382 3944 3609 4009 debuit,

344 4037 728 4111 Γραμμάτων·
764 4036 855 4088 καὶ
886 4032 1169 4103 κηρύττει,
1191 4029 1270 4100 τῷ
1286 4028 1490 4097 ταύτην
1519 4028 1691 4080 ἑλόντι
1733 4026 1930 4096 Ἀσχάν
2030 4070 2031 4075 η

1927 4048 1930 4066 ι
2030 4051 2198 4105 quam
2235 4034 2582 4104 inetropoliin
2617 4034 2877 4100 Analtim,
2918 4036 3267 4091 Hebronem?
3313 4037 3432 4102 Qua
3480 4053 3614 4092 sane

342 4131 545 4184 διδόναι
580 4129 678 4197 τὴν
704 4126 1005 4195 θυγατέρα,
1041 4124 1106 4192 ἢν
1142 4118 1256 4174 εἷλε
1290 4118 1549 4190 Γοθονιὴλ
1577 4119 1692 4181 υίὸς
1727 4117 1921 4181 Κενὲζ,

346 4218 577 4287 ἀδελφὸς
597 4216 779 4270 Χάλεϐ
816 4218 845 4269 ό
872 4212 1136 4282 νεώτερος
1164 4226 1177 4238 '
1208 4210 1369 4279 δῆλον
1397 4209 1473 4272 ὡς
1495 4210 1551 4274 ἐξ
1611 4209 1800 4279 ἑτέρου
1831 4225 1935 4260 πα-

346 4312 500 4381 τρὸς,
549 4309 694 4365 κατά
719 4326 782 4377 γε
822 4307 913 4360 τὸν
942 4304 1037 4358 τοῦ
1070 4302 1403 4373 γράμματος
1430 4300 1611 4368 λόγον.
1648 4298 1934 4365 Λαμϐάνει

347 4405 409 4459 δὲ
442 4404 564 4457 κατ’
590 4403 807 4471 αἴτησιν
834 4400 867 4469 ἡ
912 4397 1112 4467 Ἀσχάν
1146 4393 1301 4465 παρὰ
1326 4390 1422 4444 τοῦ
1468 4390 1676 4460 πατρὸς
1699 4391 1801 4460 τὴν
1835 4390 1936 4443 Γο-

2033 4131 2304 4189 occupata
2336 4123 2404 4175 ad
2444 4122 2657 4177 incolas
2696 4122 2881 4189 Dabir,
2916 4140 3038 4194 quze
3065 4129 3221 4194 prius
3275 4127 3407 4181 urbs
3443 4126 3616 4180 libro-

2037 4226 2159 4264 rum
2202 4212 2515 4276 dicebatur,
2550 4214 2823 4277 ascendit,
2874 4229 2939 4267 ac
2997 4216 3333 4287 promulgat,
3381 4219 3619 4285 quicun-

2038 4318 2145 4371 que
2167 4318 2285 4356 eam
2314 4304 2543 4373 ceperit,
2581 4304 2839 4358 daturum
2873 4306 2920 4359 ei
2952 4308 3117 4359 tiliam
3152 4322 3307 4361 suam
3348 4306 3570 4363 Aschan
3602 4327 3616 4362 :

2041 4410 2203 4465 quam
2239 4397 2387 4464 cepit
2430 4394 2730 4451 Gothoniel
2778 4398 2923 4452 tilius
2977 4398 3179 4463 Cenez,
3232 4400 3404 4454 frater
3453 4401 3623 4455 Caleb

350 4494 548 4549 νέθλαν
586 4492 684 4562 τὴν
714 4489 827 4543 ἀνω
871 4491 967 4541 καὶ
1008 4486 1106 4556 τὴν
1154 4484 1421 4537 Γονέθλαν
1487 4480 1587 4551 τὴν
1636 4481 1787 4534 κάτω
1839 4482 1938 4550 τῆς
1974 4510 2019 4564 υ

1933 4499 1938 4539 .'
1974 4510 2019 4564 υ
2042 4484 2250 4549 junior,
2285 4484 2555 4538 nimirum
2588 4487 2659 4540 ab
2685 4486 2795 4539 alio
2825 4495 2999 4555 patre.
3036 4485 3301 4558 lmpetrat
3333 4505 3461 4543 vero
3520 4493 3620 4544 As-

351 4584 722 4658 κληρονομίας
769 4581 962 4635 Ἰούδα.
1008 4576 1169 4630 Ἀλλά
1203 4576 1287 4639 τίς
1322 4576 1354 4645 ὴ
1386 4573 1715 4644 μητρόπολις
1748 4589 1762 4638 ;
1803 4571 1940 4627 Πολ⁴

349 4678 463 4733 λῶν
490 4677 668 4730 τοίνυν
689 4674 869 4728 οὐσῶν
911 4671 1122 4724 πόλεων
1164 4669 1224 4721 ὲν
1269 4668 1336 4737 τῇ
1396 4665 1530 4735 ἁγία
1588 4664 1938 4736 κληροδοσίᾳ,

353 4777 454 4831 καὶ
479 4773 778 4844 ταγμάτων
815 4766 1207 4837 διαφερόντων,
1234 4763 1315 4817 δεῖ
1364 4763 1457 4816 καὶ
1490 4762 1679 4830 τάγμα
1724 4763 1941 4827 ταγμά-

354 4887 467 4924 των
496 4868 767 4936 ὑπάρχειν
804 4859 1157 4933 περιεκτικόν
1182 4874 1242 4911 τε
1277 4856 1369 4909 καὶ
1433 4854 1644 4924 κύριον,
1707 4854 1801 4906 καὶ
1831 4847 1944 4905 οἷον

361 4961 738 5035 μητρόπολιν,
790 4956 857 5028 ἣν
903 4957 951 5009 οῑ
997 4954 1217 5023 διαφερο
1249 4950 1362 5021 (45)
1425 4948 1795 5018 λαμϐάνουσι,
1853 4946 1949 4999 καὶ

357 5056 531 5125 ἄλλην
576 5051 746 5108 ἄλλοι.
813 5047 1023 5109 Πολλὰς
1076 5046 1184 5115 γάρ
1259 5041 1622 5112 μητροπόλεις
1684 5042 1850 5108 φησὶν
1914 5039 1947 5109 η

359 5145 578 5221 Γραφὴ,
612 5145 686 5208 ὼς
710 5142 843 5212 παρ’
873 5137 1072 5208 Ἡσαΐᾳ
1091 5152 1103 5165 ’
1137 5154 1154 5186 ι
1184 5132 1527 5205 Μητρόπολις
1551 5131 1716 5202 πιστὴ
1738 5130 1895 5184 Σιὼν.
1924 5148 1941 5180 ›

359 5237 465 5293 Ἦν
490 5236 757 5307 λαμϐάνει
778 5233 877 5301 τὴν
921 5228 1150 5301 πρώτην
1171 5229 1200 5280 ό
1249 5224 1434 5279 Χάλεϐ
1472 5221 1639 5278 οὖσαν
1669 5222 1777 5274 τῶν
1794 5222 1949 5273 Ἐνα-

2047 4576 2189 4630 cban
2222 4590 2251 4627 a
2286 4585 2439 4644 patre
2482 4576 2691 4645 irrigua
2718 4580 3008 4645 superiora
3041 4590 3096 4633 et
3134 4580 3401 4636 inferiora
3429 4582 3483 4636 in
3509 4582 3622 4637 har-

2048 4667 2281 4721 reditate
2309 4665 2474 4721 Juda.
2507 4665 2709 4722 Verum
2765 4686 2885 4738 qua:
2941 4679 3027 4725 est
3089 4674 3203 4727 haec
3258 4674 3626 4744 metropolis?

2049 4755 2228 4811 Multa:
2266 4772 2399 4811 sane
2444 4773 2565 4810 cum
2604 4759 2768 4814 urbes
2810 4759 2865 4812 in
2909 4760 3230 4817 haereditate
3262 4772 3474 4829 sancta,
3529 4780 3624 4816 or-

2046 4849 2318 4918 dinesque
2361 4848 2567 4904 diversi
2603 4851 2736 4912 sint,
2770 4851 3020 4906 ordinem
3050 4870 3274 4922 quoque
3309 4871 3625 4923 supremum

2048 4942 2420 5004 distinctum,
2456 4955 2521 4995 ac
2578 4943 2868 5011 prOprium
2926 4959 3027 4999 ceu
3098 4947 3445 5015 metropolim
3506 4964 3629 5001 esse

2045 5043 2282 5103 oportet.
2336 5033 2511 5098 Quam
2568 5035 2994 5091 escelleutiores
3040 5039 3366 5106 accipiunt,
3424 5048 3478 5093 et
3537 5040 3628 5093 alii

2048 5126 2270 5195 quidem
2308 5127 2493 5178 aliam.
2528 5125 2822 5182 Multarum
2847 5131 2996 5183 enim
3030 5133 3419 5203 metropolium
3484 5132 3630 5186 Scri-

2055 5228 2217 5289 ptura
2287 5218 2560 5281 meminit,
2637 5222 3104 5289 quemadmodum
3182 5226 3324 5294 apud
3382 5224 3628 5279 Isaiam:

361 5332 519 5401 κεὶμ,
553 5330 693 5398 ὅπερ
756 5323 1121 5384 ταπείνωσις
1182 5316 1329 5384 κενὴ
1359 5358 1374 5383 ,
1406 5317 1573 5385 ἧγουν
1632 5314 1951 5381 ἀπόκρισις

1946 5334 1951 5347 ι
2062 5330 2079 5361 ι
2120 5308 2439 5377 Metropolis
2481 5309 2660 5366 ﬁdelis
2692 5312 2824 5368 Sion
2862 5316 2927 5367 ".
2960 5334 2978 5367 ι
3012 5315 3255 5381 Quarum
3310 5314 3478 5369 Caleb
3512 5318 3633 5386 qui-

364 5424 538 5489 κενὴ,
567 5414 950 5491 ἑρμηνεύεται.
984 5408 1335 5481 Μητρόπολιν
1365 5404 1459 5462 οὖν
1493 5405 1761 5475 λαμϐάνει
1792 5404 1951 5474 κενῆς

2054 5404 2177 5458 dem
2204 5401 2532 5473 principem,
2570 5405 2797 5461 Enacim
2856 5398 3147 5475 videlicet,
3179 5417 3457 5481 occupat,
3487 5409 3634 5480 quod

437 5608 482 5639 "
524 5604 718 5664 Ezeeh.
753 5618 818 5663 ιι,
850 5599 905 5654 6.
981 5596 1026 5628 ’⁸
1055 5589 1292 5648 Malacb.
1326 5603 1400 5652 tv,
1435 5585 1491 5639 2.
1568 5584 1613 5615 “
1644 5581 1801 5637 Joan.
1854 5596 1929 5645 iv,
1976 5580 2060 5637 Η,

870 5599 905 5654 i.
981 5596 1026 5628 "
1055 5589 1292 5648 Malacb.
1326 5603 1400 5652 tv,
1435 5585 1491 5639 2.
1568 5584 1613 5615 “
1644 5581 1801 5637 Joan.
1854 5596 1929 5645 iv,
1976 5580 2060 5637 Η,
2139 5583 2184 5615 η
2226 5583 2333 5641 ιεει,
2371 5599 2444 5651 ιγ,
2470 5584 2557 5639 ορ,

1879 5694 2116 5754 NOTAE.

447 5807 559 5879 (ὃὸ)
588 5805 709 5862 "la.
742 5804 1088 5876 διαφέροντες
1113 5798 1212 5870 τὴν
1242 5794 1461 5867 ἀρετήν.
