  <div class='ocr_page' id='page_1' title='image "/cluster/home/n/w/nwhite01/storage/ocr_20150623/87 pt.1/nnc1.0046979824/533.png"; bbox 0 0 4272 6446; ppageno 0'>
   <div class='ocr_carea' id='block_1_1' title="bbox 740 400 864 466">
    <p class='ocr_par' dir='ltr' id='par_1_1' title="bbox 740 400 864 466">
     <span class='ocr_line' id='line_1_1' title="bbox 740 400 864 466; baseline -0.032 -1"><span class='ocrx_word' id='word_1_1' title='bbox 740 400 864 466; x_wconf 73' lang='grc'><strong>1031</strong></span> 
     </span>
    </p>
   </div>
   <div class='ocr_carea' id='block_1_2' title="bbox 729 505 1265 568">
    <p class='ocr_par' dir='ltr' id='par_1_2' title="bbox 729 505 1265 568">
     <span class='ocr_line' id='line_1_2' title="bbox 729 505 1265 568; baseline -0.028 0"><span class='ocrx_word' id='word_1_2' title='bbox 729 511 1032 568; x_wconf 75' lang='grc' dir='ltr'><strong>Ιηιηιίιὶαιὶο</strong></span> <span class='ocrx_word' id='word_1_3' title='bbox 1065 505 1265 566; x_wconf 81' lang='lat' dir='ltr'><strong>inanis,</strong></span> 
     </span>
    </p>
   </div>
   <div class='ocr_carea' id='block_1_3' title="bbox 730 578 2302 674">
    <p class='ocr_par' dir='ltr' id='par_1_3' title="bbox 730 578 2302 674">
     <span class='ocr_line' id='line_1_3' title="bbox 730 578 2302 674; baseline -0.025 -13"><span class='ocrx_word' id='word_1_4' title='bbox 730 602 1017 674; x_wconf 89' lang='lat' dir='ltr'><strong>terpretari</strong></span> <span class='ocrx_word' id='word_1_5' title='bbox 1067 599 1280 651; x_wconf 86' lang='lat' dir='ltr'><strong>licitum</strong></span> <span class='ocrx_word' id='word_1_6' title='bbox 1318 599 1425 645; x_wconf 90' lang='lat' dir='ltr'><strong>est.</strong></span> <span class='ocrx_word' id='word_1_7' title='bbox 1456 589 1588 641; x_wconf 76' lang='lat' dir='ltr'><strong>Nam</strong></span> <span class='ocrx_word' id='word_1_8' title='bbox 1628 585 1830 649; x_wconf 77' lang='lat' dir='ltr'><strong>duplex</strong></span> <span class='ocrx_word' id='word_1_9' title='bbox 1854 578 2302 633; x_wconf 82' lang='lat' dir='ltr'><strong>humiliatioest,</strong></span> 
     </span>
    </p>
   </div>
   <div class='ocr_carea' id='block_1_4' title="bbox 730 671 2303 761">
    <p class='ocr_par' dir='ltr' id='par_1_4' title="bbox 730 671 2303 761">
     <span class='ocr_line' id='line_1_4' title="bbox 730 671 2303 761; baseline -0.025 -8"><span class='ocrx_word' id='word_1_10' title='bbox 730 702 906 753; x_wconf 83' lang='lat' dir='ltr'><strong>altera</strong></span> <span class='ocrx_word' id='word_1_11' title='bbox 936 692 1156 761; x_wconf 80' lang='lat' dir='ltr'><strong>quidem</strong></span> <span class='ocrx_word' id='word_1_12' title='bbox 1208 684 1412 745; x_wconf 86' lang='lat' dir='ltr'><strong>inanis,</strong></span> <span class='ocrx_word' id='word_1_13' title='bbox 1449 680 1622 731; x_wconf 87' lang='lat' dir='ltr'><strong>altera</strong></span> <span class='ocrx_word' id='word_1_14' title='bbox 1660 688 1787 726; x_wconf 86' lang='lat' dir='ltr'><strong>vero</strong></span> <span class='ocrx_word' id='word_1_15' title='bbox 1839 671 1974 722; x_wconf 91' lang='lat' dir='ltr'><strong>uber</strong></span> <span class='ocrx_word' id='word_1_16' title='bbox 2014 686 2026 718; x_wconf 89' lang='lat'>:</span> <span class='ocrx_word' id='word_1_17' title='bbox 2065 677 2303 733; x_wconf 79' lang='lat' dir='ltr'><strong>quarunt</strong></span> 
     </span>
    </p>
   </div>
   <div class='ocr_carea' id='block_1_5' title="bbox 734 756 2306 859">
    <p class='ocr_par' dir='ltr' id='par_1_5' title="bbox 734 756 2306 859">
     <span class='ocr_line' id='line_1_5' title="bbox 734 756 2306 859; baseline -0.023 -19"><span class='ocrx_word' id='word_1_18' title='bbox 734 796 1008 859; x_wconf 88' lang='lat' dir='ltr'><strong>postrema</strong></span> <span class='ocrx_word' id='word_1_19' title='bbox 1039 781 1251 833; x_wconf 88' lang='lat' dir='ltr'><strong>laudem</strong></span> <span class='ocrx_word' id='word_1_20' title='bbox 1287 787 1441 827; x_wconf 87' lang='lat' dir='ltr'><strong>suam</strong></span> <span class='ocrx_word' id='word_1_21' title='bbox 1472 771 1637 822; x_wconf 83' lang='lat' dir='ltr'><strong>habet</strong></span> <span class='ocrx_word' id='word_1_22' title='bbox 1668 784 1681 829; x_wconf 85' lang='lat'><strong>;</strong></span> <span class='ocrx_word' id='word_1_23' title='bbox 1713 766 1780 816; x_wconf 89' lang='lat' dir='ltr'><strong>de</strong></span> <span class='ocrx_word' id='word_1_24' title='bbox 1811 776 1872 814; x_wconf 90' lang='lat' dir='ltr'><strong>ea</strong></span> <span class='ocrx_word' id='word_1_25' title='bbox 1902 760 2049 813; x_wconf 88' lang='lat' dir='ltr'><strong>enim</strong></span> <span class='ocrx_word' id='word_1_26' title='bbox 2103 756 2306 809; x_wconf 85' lang='lat' dir='ltr'><strong>Serva-</strong></span> 
     </span>
    </p>
   </div>
   <div class='ocr_carea' id='block_1_6' title="bbox 734 847 2303 946">
    <p class='ocr_par' dir='ltr' id='par_1_6' title="bbox 734 847 2303 946">
     <span class='ocr_line' id='line_1_6' title="bbox 734 847 2303 946; baseline -0.024 -11"><span class='ocrx_word' id='word_1_27' title='bbox 734 847 821 935; x_wconf 75' lang='lat' dir='ltr'><strong>ior</strong></span> <span class='ocrx_word' id='word_1_28' title='bbox 855 876 1031 946; x_wconf 88' lang='lat' dir='ltr'><strong>inquit</strong></span> <span class='ocrx_word' id='word_1_29' title='bbox 1062 890 1074 926; x_wconf 95' lang='lat'><strong>:</strong></span> <span class='ocrx_word' id='word_1_30' title='bbox 1117 889 1134 921; x_wconf 79' lang='grc' dir='ltr'><strong>ι</strong></span> <span class='ocrx_word' id='word_1_31' title='bbox 1176 872 1214 921; x_wconf 78' lang='grc' dir='ltr'><strong>Α</strong></span> <span class='ocrx_word' id='word_1_32' title='bbox 1253 881 1339 919; x_wconf 89' lang='lat' dir='ltr'><strong>me</strong></span> <span class='ocrx_word' id='word_1_33' title='bbox 1368 865 1567 918; x_wconf 83' lang='lat' dir='ltr'><strong>discite</strong></span> <span class='ocrx_word' id='word_1_34' title='bbox 1599 856 1744 927; x_wconf 89' lang='lat' dir='ltr'><strong>quod</strong></span> <span class='ocrx_word' id='word_1_35' title='bbox 1774 854 1926 907; x_wconf 82' lang='lat' dir='ltr'>milis</span> <span class='ocrx_word' id='word_1_36' title='bbox 1958 867 2079 905; x_wconf 83' lang='lat' dir='ltr'><strong>su;n</strong></span> <span class='ocrx_word' id='word_1_37' title='bbox 2120 859 2175 901; x_wconf 83' lang='lat' dir='ltr'><strong>et</strong></span> <span class='ocrx_word' id='word_1_38' title='bbox 2199 847 2303 899; x_wconf 82' lang='lat' dir='ltr'><strong>ltit-</strong></span> 
     </span>
    </p>
   </div>
   <div class='ocr_carea' id='block_1_7' title="bbox 734 939 2309 1026">
    <p class='ocr_par' dir='ltr' id='par_1_7' title="bbox 734 939 2309 1026">
     <span class='ocr_line' id='line_1_7' title="bbox 734 939 2309 1026; baseline -0.025 1"><span class='ocrx_word' id='word_1_39' title='bbox 734 972 882 1026; x_wconf 84' lang='lat' dir='ltr'><strong>rnilis</strong></span> <span class='ocrx_word' id='word_1_40' title='bbox 911 966 1076 1020; x_wconf 86' lang='lat' dir='ltr'><strong>corde</strong></span> <span class='ocrx_word' id='word_1_41' title='bbox 1107 963 1173 1013; x_wconf 80' lang='lat'><strong>“.</strong></span> <span class='ocrx_word' id='word_1_42' title='bbox 1216 978 1233 1009; x_wconf 71' lang='grc' dir='ltr'><strong>ι</strong></span> <span class='ocrx_word' id='word_1_43' title='bbox 1264 956 1397 1009; x_wconf 87' lang='lat' dir='ltr'><strong>Item</strong></span> <span class='ocrx_word' id='word_1_44' title='bbox 1436 972 1448 1006; x_wconf 92' lang='lat'>:</span> <span class='ocrx_word' id='word_1_45' title='bbox 1483 972 1499 1003; x_wconf 75' lang='grc' dir='ltr'><strong>ι</strong></span> <span class='ocrx_word' id='word_1_46' title='bbox 1535 950 1867 1015; x_wconf 88' lang='lat' dir='ltr'><strong>Quicunque</strong></span> <span class='ocrx_word' id='word_1_47' title='bbox 1904 944 2151 1011; x_wconf 87' lang='lat' dir='ltr'><strong>seipsnm</strong></span> <span class='ocrx_word' id='word_1_48' title='bbox 2207 939 2309 990; x_wconf 92' lang='lat' dir='ltr'><strong>hu-</strong></span> 
     </span>
    </p>
   </div>
   <div class='ocr_carea' id='block_1_8' title="bbox 733 1026 2309 1116">
    <p class='ocr_par' dir='ltr' id='par_1_8' title="bbox 733 1026 2309 1116">
     <span class='ocr_line' id='line_1_8' title="bbox 733 1026 2309 1116; baseline -0.024 -1"><span class='ocrx_word' id='word_1_49' title='bbox 733 1058 1065 1116; x_wconf 87' lang='lat' dir='ltr'><strong>niiliaverit,</strong></span> <span class='ocrx_word' id='word_1_50' title='bbox 1110 1051 1402 1106; x_wconf 77' lang='lat' dir='ltr'><strong>extolletur</strong></span> <span class='ocrx_word' id='word_1_51' title='bbox 1438 1045 1505 1095; x_wconf 74' lang='lat'><strong>&quot;.</strong></span> <span class='ocrx_word' id='word_1_52' title='bbox 1546 1061 1563 1092; x_wconf 77' lang='grc' dir='ltr'><strong>ι</strong></span> <span class='ocrx_word' id='word_1_53' title='bbox 1603 1039 1806 1091; x_wconf 79' lang='lat' dir='ltr'><strong>l’aulus</strong></span> <span class='ocrx_word' id='word_1_54' title='bbox 1835 1047 2055 1103; x_wconf 87' lang='lat' dir='ltr'><strong>quoque</strong></span> <span class='ocrx_word' id='word_1_55' title='bbox 2089 1048 2145 1083; x_wconf 74' lang='grc' dir='ltr'>ε(</span> <span class='ocrx_word' id='word_1_56' title='bbox 2194 1026 2309 1080; x_wconf 84' lang='lat' dir='ltr'><strong>llu-</strong></span> 
     </span>
    </p>
   </div>
   <div class='ocr_carea' id='block_1_9' title="bbox 736 1119 2310 1213">
    <p class='ocr_par' dir='ltr' id='par_1_9' title="bbox 736 1119 2310 1213">
     <span class='ocr_line' id='line_1_9' title="bbox 736 1119 2310 1213; baseline -0.024 -8"><span class='ocrx_word' id='word_1_57' title='bbox 736 1150 1020 1206; x_wconf 88' lang='lat' dir='ltr'><strong>miliamim</strong></span> <span class='ocrx_word' id='word_1_58' title='bbox 1049 1148 1231 1213; x_wconf 89' lang='lat' dir='ltr'><strong>itaque</strong></span> <span class='ocrx_word' id='word_1_59' title='bbox 1264 1144 1366 1195; x_wconf 93' lang='lat' dir='ltr'><strong>sub</strong></span> <span class='ocrx_word' id='word_1_60' title='bbox 1395 1135 1602 1206; x_wconf 87' lang='lat' dir='ltr'><strong>potenti</strong></span> <span class='ocrx_word' id='word_1_61' title='bbox 1639 1130 1732 1182; x_wconf 82' lang='lat' dir='ltr'><strong>Dei</strong></span> <span class='ocrx_word' id='word_1_62' title='bbox 1767 1141 1929 1180; x_wconf 86' lang='lat' dir='ltr'><strong>manu</strong></span> <span class='ocrx_word' id='word_1_63' title='bbox 1978 1124 2044 1174; x_wconf 72' lang='grc'><strong>’⁸.</strong></span> <span class='ocrx_word' id='word_1_64' title='bbox 2080 1141 2098 1171; x_wconf 72' lang='grc' dir='ltr'><strong>ι</strong></span> <span class='ocrx_word' id='word_1_65' title='bbox 2137 1119 2310 1172; x_wconf 82' lang='lat' dir='ltr'><strong>Porro</strong></span> 
     </span>
    </p>
   </div>
   <div class='ocr_carea' id='block_1_10' title="bbox 733 1217 2313 1304">
    <p class='ocr_par' dir='ltr' id='par_1_10' title="bbox 733 1217 2313 1304">
     <span class='ocr_line' id='line_1_10' title="bbox 733 1217 2313 1304; baseline -0.023 -9"><span class='ocrx_word' id='word_1_66' title='bbox 733 1257 865 1297; x_wconf 87' lang='lat' dir='ltr'><strong>vero</strong></span> <span class='ocrx_word' id='word_1_67' title='bbox 932 1241 1149 1304; x_wconf 78' lang='lat' dir='ltr'><strong>culpata</strong></span> <span class='ocrx_word' id='word_1_68' title='bbox 1204 1227 1515 1285; x_wconf 89' lang='lat' dir='ltr'><strong>humiliatio</strong></span> <span class='ocrx_word' id='word_1_69' title='bbox 1573 1238 1635 1276; x_wconf 84' lang='lat' dir='ltr'><strong>ea</strong></span> <span class='ocrx_word' id='word_1_70' title='bbox 1681 1227 1789 1279; x_wconf 89' lang='lat' dir='ltr'><strong>est,</strong></span> <span class='ocrx_word' id='word_1_71' title='bbox 1818 1232 1925 1283; x_wconf 80' lang='lat' dir='ltr'><strong>qua</strong></span> <span class='ocrx_word' id='word_1_72' title='bbox 1958 1228 2016 1265; x_wconf 92' lang='lat' dir='ltr'><strong>se</strong></span> <span class='ocrx_word' id='word_1_73' title='bbox 2059 1217 2313 1279; x_wconf 74' lang='lat' dir='ltr'><strong>peccator</strong></span> 
     </span>
    </p>
   </div>
   <div class='ocr_carea' id='block_1_11' title="bbox 734 1300 2314 1399">
    <p class='ocr_par' dir='ltr' id='par_1_11' title="bbox 734 1300 2314 1399">
     <span class='ocr_line' id='line_1_11' title="bbox 734 1300 2314 1399; baseline -0.023 -14"><span class='ocrx_word' id='word_1_74' title='bbox 734 1332 945 1399; x_wconf 80' lang='lat' dir='ltr'><strong>tlcjicit,</strong></span> <span class='ocrx_word' id='word_1_75' title='bbox 978 1342 1101 1395; x_wconf 76' lang='lat' dir='ltr'><strong>qua:</strong></span> <span class='ocrx_word' id='word_1_76' title='bbox 1137 1324 1263 1376; x_wconf 86' lang='lat' dir='ltr'><strong>item</strong></span> <span class='ocrx_word' id='word_1_77' title='bbox 1293 1319 1360 1372; x_wconf 88' lang='lat' dir='ltr'><strong>de</strong></span> <span class='ocrx_word' id='word_1_78' title='bbox 1391 1333 1455 1369; x_wconf 89' lang='lat' dir='ltr'><strong>eo</strong></span> <span class='ocrx_word' id='word_1_79' title='bbox 1482 1313 1573 1382; x_wconf 87' lang='lat' dir='ltr'><strong>qui</strong></span> <span class='ocrx_word' id='word_1_80' title='bbox 1614 1325 1739 1363; x_wconf 92' lang='lat' dir='ltr'><strong>cum</strong></span> <span class='ocrx_word' id='word_1_81' title='bbox 1774 1306 2007 1359; x_wconf 77' lang='lat' dir='ltr'><strong>muliere</strong></span> <span class='ocrx_word' id='word_1_82' title='bbox 2030 1300 2314 1370; x_wconf 81' lang='lat' dir='ltr'><strong>ilb-gitime</strong></span> 
     </span>
    </p>
   </div>
   <div class='ocr_carea' id='block_1_12' title="bbox 735 1393 2298 1477">
    <p class='ocr_par' dir='ltr' id='par_1_12' title="bbox 735 1393 2298 1477">
     <span class='ocr_line' id='line_1_12' title="bbox 735 1393 2298 1477; baseline -0.024 0"><span class='ocrx_word' id='word_1_83' title='bbox 735 1440 847 1477; x_wconf 91' lang='lat' dir='ltr'><strong>rem</strong></span> <span class='ocrx_word' id='word_1_84' title='bbox 878 1393 1069 1474; x_wconf 87' lang='lat' dir='ltr'><strong>habuit</strong></span> <span class='ocrx_word' id='word_1_85' title='bbox 1121 1417 1176 1468; x_wconf 93' lang='lat' dir='ltr'><strong>in</strong></span> <span class='ocrx_word' id='word_1_86' title='bbox 1237 1410 1522 1477; x_wconf 85' lang='lat' dir='ltr'><strong>Scriptura</strong></span> <span class='ocrx_word' id='word_1_87' title='bbox 1577 1408 1898 1466; x_wconf 80' lang='lat' dir='ltr'><strong>usurpatur,</strong></span> <span class='ocrx_word' id='word_1_88' title='bbox 1954 1409 2019 1447; x_wconf 88' lang='lat' dir='ltr'><strong>ac</strong></span> <span class='ocrx_word' id='word_1_89' title='bbox 2077 1393 2298 1452; x_wconf 83' lang='lat' dir='ltr'><strong>dicitur,</strong></span> 
     </span>
    </p>
   </div>
   <div class='ocr_carea' id='block_1_13' title="bbox 741 1482 2316 1564">
    <p class='ocr_par' dir='ltr' id='par_1_13' title="bbox 741 1482 2316 1564">
     <span class='ocr_line' id='line_1_13' title="bbox 741 1482 2316 1564; baseline -0.022 0"><span class='ocrx_word' id='word_1_90' title='bbox 741 1530 760 1564; x_wconf 73' lang='grc' dir='ltr'><strong>ι</strong></span> <span class='ocrx_word' id='word_1_91' title='bbox 788 1506 1107 1564; x_wconf 80' lang='lat' dir='ltr'><strong>Ilumiliavit</strong></span> <span class='ocrx_word' id='word_1_92' title='bbox 1131 1517 1250 1556; x_wconf 87' lang='lat' dir='ltr'><strong>eam</strong></span> <span class='ocrx_word' id='word_1_93' title='bbox 1281 1500 1349 1551; x_wconf 79' lang='lat'><strong>&quot;.</strong></span> <span class='ocrx_word' id='word_1_94' title='bbox 1387 1515 1405 1548; x_wconf 73' lang='grc' dir='ltr'><strong>ι</strong></span> <span class='ocrx_word' id='word_1_95' title='bbox 1443 1492 1573 1545; x_wconf 79' lang='lat' dir='ltr'><strong>Eam</strong></span> <span class='ocrx_word' id='word_1_96' title='bbox 1639 1485 2101 1543; x_wconf 86' lang='lat' dir='ltr'><strong>humiliationeui,</strong></span> <span class='ocrx_word' id='word_1_97' title='bbox 2168 1482 2316 1533; x_wconf 83' lang='lat' dir='ltr'><strong>Auac</strong></span> 
     </span>
    </p>
   </div>
   <div class='ocr_carea' id='block_1_14' title="bbox 738 1570 2312 1667">
    <p class='ocr_par' dir='ltr' id='par_1_14' title="bbox 738 1570 2312 1667">
     <span class='ocr_line' id='line_1_14' title="bbox 738 1570 2312 1667; baseline -0.022 -11"><span class='ocrx_word' id='word_1_98' title='bbox 738 1604 946 1657; x_wconf 82' lang='lat' dir='ltr'><strong>dictam</strong></span> <span class='ocrx_word' id='word_1_99' title='bbox 992 1595 1233 1667; x_wconf 84' lang='lat' dir='ltr'><strong>perdidit</strong></span> <span class='ocrx_word' id='word_1_100' title='bbox 1265 1588 1455 1643; x_wconf 81' lang='lat' dir='ltr'><strong>Calcb.</strong></span> <span class='ocrx_word' id='word_1_101' title='bbox 1481 1586 1623 1636; x_wconf 87' lang='lat' dir='ltr'><strong>Sunt</strong></span> <span class='ocrx_word' id='word_1_102' title='bbox 1656 1594 1787 1633; x_wconf 86' lang='lat' dir='ltr'><strong>vero</strong></span> <span class='ocrx_word' id='word_1_103' title='bbox 1814 1577 1965 1629; x_wconf 84' lang='lat' dir='ltr'><strong>Anac</strong></span> <span class='ocrx_word' id='word_1_104' title='bbox 2014 1574 2104 1625; x_wconf 85' lang='lat' dir='ltr'><strong>lilii</strong></span> <span class='ocrx_word' id='word_1_105' title='bbox 2164 1570 2312 1632; x_wconf 86' lang='lat' dir='ltr'><strong>Susi,</strong></span> 
     </span>
    </p>
   </div>
   <div class='ocr_carea' id='block_1_15' title="bbox 735 1660 2313 1764">
    <p class='ocr_par' dir='ltr' id='par_1_15' title="bbox 735 1660 2313 1764">
     <span class='ocr_line' id='line_1_15' title="bbox 735 1660 2313 1764; baseline -0.023 -17"><span class='ocrx_word' id='word_1_106' title='bbox 735 1708 897 1764; x_wconf 83' lang='lat' dir='ltr'><strong>quem</strong></span> <span class='ocrx_word' id='word_1_107' title='bbox 929 1690 971 1744; x_wconf 85' lang='lat' dir='ltr'><strong>si</strong></span> <span class='ocrx_word' id='word_1_108' title='bbox 997 1681 1397 1753; x_wconf 87' lang='lat' dir='ltr'><strong>interpreteris.</strong></span> <span class='ocrx_word' id='word_1_109' title='bbox 1423 1674 1593 1728; x_wconf 79' lang='lat' dir='ltr'><strong>Extra</strong></span> <span class='ocrx_word' id='word_1_110' title='bbox 1623 1685 1721 1729; x_wconf 83' lang='lat' dir='ltr'><strong>me,</strong></span> <span class='ocrx_word' id='word_1_111' title='bbox 1744 1675 1928 1721; x_wconf 87' lang='lat' dir='ltr'><strong>sonat.</strong></span> <span class='ocrx_word' id='word_1_112' title='bbox 1961 1663 2125 1716; x_wconf 74' lang='lat' dir='ltr'><strong>Extra</strong></span> <span class='ocrx_word' id='word_1_113' title='bbox 2147 1660 2313 1712; x_wconf 85' lang='lat' dir='ltr'><strong>Deum</strong></span> 
     </span>
    </p>
   </div>
   <div class='ocr_carea' id='block_1_16' title="bbox 737 1750 2313 1839">
    <p class='ocr_par' dir='ltr' id='par_1_16' title="bbox 737 1750 2313 1839">
     <span class='ocr_line' id='line_1_16' title="bbox 737 1750 2313 1839; baseline -0.022 -1"><span class='ocrx_word' id='word_1_114' title='bbox 737 1786 884 1839; x_wconf 92' lang='lat' dir='ltr'><strong>enim</strong></span> <span class='ocrx_word' id='word_1_115' title='bbox 916 1792 971 1832; x_wconf 91' lang='lat' dir='ltr'><strong>et</strong></span> <span class='ocrx_word' id='word_1_116' title='bbox 1003 1786 1259 1832; x_wconf 84' lang='lat' dir='ltr'><strong>sanctum</strong></span> <span class='ocrx_word' id='word_1_117' title='bbox 1297 1778 1383 1825; x_wconf 89' lang='lat' dir='ltr'><strong>est</strong></span> <span class='ocrx_word' id='word_1_118' title='bbox 1438 1768 1585 1819; x_wconf 88' lang='lat' dir='ltr'><strong>Ii‘ius</strong></span> <span class='ocrx_word' id='word_1_119' title='bbox 1646 1759 1827 1813; x_wconf 87' lang='lat' dir='ltr'><strong>inanis</strong></span> <span class='ocrx_word' id='word_1_120' title='bbox 1894 1750 2313 1808; x_wconf 85' lang='lat' dir='ltr'><strong>bumiliatiouis.</strong></span> 
     </span>
    </p>
   </div>
   <div class='ocr_carea' id='block_1_17' title="bbox 2043 370 2664 432">
    <p class='ocr_par' dir='ltr' id='par_1_17' title="bbox 2043 370 2664 432">
     <span class='ocr_line' id='line_1_17' title="bbox 2043 370 2664 432; baseline -0.01 0"><span class='ocrx_word' id='word_1_121' title='bbox 2043 372 2387 432; x_wconf 62' lang='lat' dir='ltr'><strong>l‘RlN‘AlPll</strong></span> <span class='ocrx_word' id='word_1_122' title='bbox 2429 370 2664 428; x_wconf 68' lang='grc' dir='ltr'><strong>(ἶΛΖᾸΞΙ</strong></span> 
     </span>
    </p>
   </div>
   <div class='ocr_carea' id='block_1_18' title="bbox 1333 464 3020 552">
    <p class='ocr_par' dir='ltr' id='par_1_18' title="bbox 1333 474 3020 552">
     <span class='ocr_line' id='line_1_18' title="bbox 1333 474 3020 552; baseline -0.018 0"><span class='ocrx_word' id='word_1_123' title='bbox 1333 501 1447 552; x_wconf 81' lang='lat' dir='ltr'><strong>sive</strong></span> <span class='ocrx_word' id='word_1_124' title='bbox 1475 501 1643 552; x_wconf 86' lang='lat' dir='ltr'><strong>certe,</strong></span> <span class='ocrx_word' id='word_1_125' title='bbox 1674 487 1946 543; x_wconf 76' lang='lat' dir='ltr'><strong>simulatio</strong></span> <span class='ocrx_word' id='word_1_126' title='bbox 1997 484 2170 534; x_wconf 78' lang='lat' dir='ltr'><strong>inanis</strong></span> <span class='ocrx_word' id='word_1_127' title='bbox 2234 482 2314 533; x_wconf 85' lang='lat' dir='ltr'><strong>in-</strong></span> <span class='ocrx_word' id='word_1_128' title='bbox 2345 488 2387 540; x_wconf 82' lang='grc' dir='ltr'><strong>Α</strong></span> <span class='ocrx_word' id='word_1_129' title='bbox 2418 479 2823 536; x_wconf 84' lang='grc' dir='ltr'>ταπ;ινώσεως.</span> <span class='ocrx_word' id='word_1_130' title='bbox 2858 474 2962 524; x_wconf 82' lang='grc' dir='ltr'><strong>Δύο</strong></span> <span class='ocrx_word' id='word_1_131' title='bbox 2991 489 3020 537; x_wconf 89' lang='grc' dir='ltr'><strong>γ</strong></span> 
     </span>
    </p>
   </div>
   <div class='ocr_carea' id='block_1_19' title="bbox 2305 464 3992 552">
    <p class='ocr_par' dir='ltr' id='par_1_19' title="bbox 2305 464 3992 541">
     <span class='ocr_line' id='line_1_19' title="bbox 2305 464 3992 541; baseline -0.011 -10"><span class='ocrx_word' id='word_1_132' title='bbox 2305 508 2314 518; x_wconf 88' lang='grc'><strong>-</strong></span> <span class='ocrx_word' id='word_1_133' title='bbox 2345 488 2387 540; x_wconf 82' lang='grc' dir='ltr'><strong>Α</strong></span> <span class='ocrx_word' id='word_1_134' title='bbox 2418 479 2823 536; x_wconf 73' lang='grc' dir='ltr'>ταπεινώσεως.</span> <span class='ocrx_word' id='word_1_135' title='bbox 2858 474 2962 524; x_wconf 82' lang='grc' dir='ltr'><strong>Δύο</strong></span> <span class='ocrx_word' id='word_1_136' title='bbox 2991 473 3099 541; x_wconf 74' lang='grc' dir='ltr'>γὰρ</span> <span class='ocrx_word' id='word_1_137' title='bbox 3149 467 3539 529; x_wconf 76' lang='grc' dir='ltr'>ταπεινώσεις·</span> <span class='ocrx_word' id='word_1_138' title='bbox 3582 466 3613 533; x_wconf 78' lang='grc' dir='ltr'><strong>η</strong></span> <span class='ocrx_word' id='word_1_139' title='bbox 3650 464 3769 530; x_wconf 84' lang='grc' dir='ltr'>μὲν,</span> <span class='ocrx_word' id='word_1_140' title='bbox 3812 468 3943 527; x_wconf 64' lang='grc' dir='ltr'>κενή</span> <span class='ocrx_word' id='word_1_141' title='bbox 3984 483 3992 489; x_wconf 69' lang='grc' dir='ltr'><strong>ε</strong></span> 
     </span>
    </p>
   </div>
   <div class='ocr_carea' id='block_1_20' title="bbox 3854 356 3998 416">
    <p class='ocr_par' dir='ltr' id='par_1_20' title="bbox 3854 356 3998 416">
     <span class='ocr_line' id='line_1_20' title="bbox 3854 356 3998 416; baseline -0.021 -1"><span class='ocrx_word' id='word_1_142' title='bbox 3854 356 3998 416; x_wconf 68' lang='lat'><strong>103;!</strong></span> 
     </span>
    </p>
   </div>
   <div class='ocr_carea' id='block_1_21' title="bbox 2406 551 4001 639">
    <p class='ocr_par' dir='ltr' id='par_1_21' title="bbox 2406 551 4001 639">
     <span class='ocr_line' id='line_1_21' title="bbox 2406 551 4001 639; baseline -0.011 -17"><span class='ocrx_word' id='word_1_143' title='bbox 2406 572 2439 639; x_wconf 81' lang='grc' dir='ltr'>ἡ</span> <span class='ocrx_word' id='word_1_144' title='bbox 2469 570 2545 633; x_wconf 76' lang='grc' dir='ltr'><strong>δὲ,</strong></span> <span class='ocrx_word' id='word_1_145' title='bbox 2577 569 2811 637; x_wconf 78' lang='grc' dir='ltr'>πλήρης.</span> <span class='ocrx_word' id='word_1_146' title='bbox 2888 566 2947 616; x_wconf 81' lang='lat' dir='ltr'><strong>&#39;H</strong></span> <span class='ocrx_word' id='word_1_147' title='bbox 2978 564 3076 632; x_wconf 81' lang='grc' dir='ltr'><strong>μὲν</strong></span> <span class='ocrx_word' id='word_1_148' title='bbox 3110 560 3386 627; x_wconf 50' lang='grc' dir='ltr'>ἐπαινετὴ,</span> <span class='ocrx_word' id='word_1_149' title='bbox 3448 557 3577 626; x_wconf 64' lang='grc' dir='ltr'>περὶ</span> <span class='ocrx_word' id='word_1_150' title='bbox 3630 551 3695 626; x_wconf 68' lang='grc' dir='ltr'>ἧς</span> <span class='ocrx_word' id='word_1_151' title='bbox 3758 572 3921 623; x_wconf 79' lang='grc' dir='ltr'>φησιν</span> <span class='ocrx_word' id='word_1_152' title='bbox 3968 556 4001 604; x_wconf 74' lang='grc' dir='ltr'>ὁ</span> 
     </span>
    </p>
   </div>
   <div class='ocr_carea' id='block_1_22' title="bbox 2408 648 3991 729">
    <p class='ocr_par' dir='ltr' id='par_1_22' title="bbox 2408 648 3991 729">
     <span class='ocr_line' id='line_1_22' title="bbox 2408 648 3991 729; baseline -0.011 -17"><span class='ocrx_word' id='word_1_153' title='bbox 2408 664 2619 729; x_wconf 69' lang='grc' dir='ltr'>Σωτὴρ,</span> <span class='ocrx_word' id='word_1_154' title='bbox 2656 680 2671 708; x_wconf 77' lang='grc' dir='ltr'><strong>ι</strong></span> <span class='ocrx_word' id='word_1_155' title='bbox 2699 659 2910 711; x_wconf 76' lang='grc' dir='ltr'>Μαοετε</span> <span class='ocrx_word' id='word_1_156' title='bbox 2941 654 3036 707; x_wconf 82' lang='grc' dir='ltr'><strong>ἀπ’</strong></span> <span class='ocrx_word' id='word_1_157' title='bbox 3066 653 3322 722; x_wconf 78' lang='grc' dir='ltr'>ἐμοῦ,ὄτι</span> <span class='ocrx_word' id='word_1_158' title='bbox 3365 650 3541 719; x_wconf 74' lang='grc' dir='ltr'>πρᾶός</span> <span class='ocrx_word' id='word_1_159' title='bbox 3571 650 3706 717; x_wconf 76' lang='grc' dir='ltr'>εἰμι,</span> <span class='ocrx_word' id='word_1_160' title='bbox 3762 648 3856 698; x_wconf 77' lang='grc' dir='ltr'>καὶ</span> <span class='ocrx_word' id='word_1_161' title='bbox 3886 663 3991 696; x_wconf 83' lang='grc' dir='ltr'>τα-</span> 
     </span>
    </p>
   </div>
   <div class='ocr_carea' id='block_1_23' title="bbox 2409 736 3997 820">
    <p class='ocr_par' dir='ltr' id='par_1_23' title="bbox 2409 736 3997 820">
     <span class='ocr_line' id='line_1_23' title="bbox 2409 736 3997 820; baseline -0.012 -16"><span class='ocrx_word' id='word_1_162' title='bbox 2409 752 2595 812; x_wconf 77' lang='grc' dir='ltr'>πεινὸς</span> <span class='ocrx_word' id='word_1_163' title='bbox 2626 753 2693 820; x_wconf 83' lang='grc' dir='ltr'>τῇ</span> <span class='ocrx_word' id='word_1_164' title='bbox 2726 748 2944 817; x_wconf 71' lang='grc' dir='ltr'>καρδία.</span> <span class='ocrx_word' id='word_1_165' title='bbox 2983 765 3001 796; x_wconf 73' lang='lat' dir='ltr'><strong>i</strong></span> <span class='ocrx_word' id='word_1_166' title='bbox 3039 746 3165 806; x_wconf 73' lang='grc' dir='ltr'>Καὶ,</span> <span class='ocrx_word' id='word_1_167' title='bbox 3205 761 3223 791; x_wconf 73' lang='grc' dir='ltr'><strong>ι</strong></span> <span class='ocrx_word' id='word_1_168' title='bbox 3257 744 3367 803; x_wconf 72' lang='lat' dir='ltr'><strong>lli;</strong></span> <span class='ocrx_word' id='word_1_169' title='bbox 3400 744 3427 793; x_wconf 85' lang='lat'><strong>6</strong></span> <span class='ocrx_word' id='word_1_170' title='bbox 3456 738 3729 792; x_wconf 76' lang='grc' dir='ltr'><strong>ταπεινῶν</strong></span> <span class='ocrx_word' id='word_1_171' title='bbox 3772 736 3997 796; x_wconf 68' lang='grc' dir='ltr'>ἑαυτὸν,</span> 
     </span>
    </p>
   </div>
   <div class='ocr_carea' id='block_1_24' title="bbox 2410 827 3998 913">
    <p class='ocr_par' dir='ltr' id='par_1_24' title="bbox 2410 827 3998 913">
     <span class='ocr_line' id='line_1_24' title="bbox 2410 827 3998 913; baseline -0.013 -15"><span class='ocrx_word' id='word_1_172' title='bbox 2410 844 2753 913; x_wconf 63' lang='grc' dir='ltr'>ὑψωθήσεται</span> <span class='ocrx_word' id='word_1_173' title='bbox 2787 857 2800 870; x_wconf 85' lang='grc'><strong>·</strong></span> <span class='ocrx_word' id='word_1_174' title='bbox 2836 859 2854 891; x_wconf 74' lang='grc' dir='ltr'><strong>ι</strong></span> <span class='ocrx_word' id='word_1_175' title='bbox 2889 838 2983 890; x_wconf 79' lang='grc' dir='ltr'>καὶ</span> <span class='ocrx_word' id='word_1_176' title='bbox 3005 841 3032 890; x_wconf 97' lang='lat'><strong>6</strong></span> <span class='ocrx_word' id='word_1_177' title='bbox 3086 836 3296 897; x_wconf 85' lang='grc' dir='ltr'>Παῦλος</span> <span class='ocrx_word' id='word_1_178' title='bbox 3343 833 3456 901; x_wconf 55' lang='lat' dir='ltr'><strong>(tu)</strong></span> <span class='ocrx_word' id='word_1_179' title='bbox 3481 873 3494 894; x_wconf 90' lang='lat'><strong>,</strong></span> <span class='ocrx_word' id='word_1_180' title='bbox 3539 851 3556 881; x_wconf 72' lang='grc' dir='ltr'><strong>ι</strong></span> <span class='ocrx_word' id='word_1_181' title='bbox 3600 827 3998 895; x_wconf 78' lang='grc' dir='ltr'>Ταπεινώθητε</span> 
     </span>
    </p>
   </div>
   <div class='ocr_carea' id='block_1_25' title="bbox 2410 917 4001 1001">
    <p class='ocr_par' dir='ltr' id='par_1_25' title="bbox 2410 917 4001 1001">
     <span class='ocr_line' id='line_1_25' title="bbox 2410 917 4001 1001; baseline -0.014 -13"><span class='ocrx_word' id='word_1_182' title='bbox 2410 936 2503 989; x_wconf 78' lang='grc' dir='ltr'>οὖν</span> <span class='ocrx_word' id='word_1_183' title='bbox 2532 933 2638 986; x_wconf 80' lang='grc' dir='ltr'><strong>ὑπὸ</strong></span> <span class='ocrx_word' id='word_1_184' title='bbox 2668 932 2765 1001; x_wconf 86' lang='grc' dir='ltr'>τὴν</span> <span class='ocrx_word' id='word_1_185' title='bbox 2794 928 3062 999; x_wconf 76' lang='grc' dir='ltr'>κραταιὰν</span> <span class='ocrx_word' id='word_1_186' title='bbox 3094 929 3254 995; x_wconf 84' lang='grc' dir='ltr'>χεῖρα</span> <span class='ocrx_word' id='word_1_187' title='bbox 3284 922 3376 975; x_wconf 87' lang='grc' dir='ltr'><strong>τοῦ</strong></span> <span class='ocrx_word' id='word_1_188' title='bbox 3409 920 3569 975; x_wconf 75' lang='grc' dir='ltr'>Θεοῦ.</span> <span class='ocrx_word' id='word_1_189' title='bbox 3611 938 3630 969; x_wconf 78' lang='grc' dir='ltr'><strong>ι</strong></span> <span class='ocrx_word' id='word_1_190' title='bbox 3676 919 3739 969; x_wconf 84' lang='grc' dir='ltr'>Ἠ</span> <span class='ocrx_word' id='word_1_191' title='bbox 3777 918 3835 968; x_wconf 65' lang='grc' dir='ltr'><strong>δὲ</strong></span> <span class='ocrx_word' id='word_1_192' title='bbox 3894 917 4001 983; x_wconf 69' lang='grc' dir='ltr'><strong>ψε-</strong></span> 
     </span>
    </p>
   </div>
   <div class='ocr_carea' id='block_1_26' title="bbox 2413 1000 3999 1095">
    <p class='ocr_par' dir='ltr' id='par_1_26' title="bbox 2413 1000 3999 1095">
     <span class='ocr_line' id='line_1_26' title="bbox 2413 1000 3999 1095; baseline -0.013 -19"><span class='ocrx_word' id='word_1_193' title='bbox 2413 1026 2535 1095; x_wconf 81' lang='grc' dir='ltr'>κτὴ,</span> <span class='ocrx_word' id='word_1_194' title='bbox 2577 1024 2643 1091; x_wconf 79' lang='grc' dir='ltr'>ἠν</span> <span class='ocrx_word' id='word_1_195' title='bbox 2690 1018 3043 1072; x_wconf 75' lang='grc' dir='ltr'><strong>ταπεινοῦται</strong></span> <span class='ocrx_word' id='word_1_196' title='bbox 3083 1016 3112 1065; x_wconf 89' lang='lat'><strong>6</strong></span> <span class='ocrx_word' id='word_1_197' title='bbox 3153 1010 3499 1081; x_wconf 76' lang='grc' dir='ltr'>ἁμαρτωλὸς,</span> <span class='ocrx_word' id='word_1_198' title='bbox 3554 1009 3647 1060; x_wconf 71' lang='grc' dir='ltr'><strong>καὶ</strong></span> <span class='ocrx_word' id='word_1_199' title='bbox 3704 1006 3832 1075; x_wconf 80' lang='grc' dir='ltr'>περὶ</span> <span class='ocrx_word' id='word_1_200' title='bbox 3896 1000 3999 1057; x_wconf 86' lang='grc' dir='ltr'><strong>τοῦ</strong></span> 
     </span>
    </p>
   </div>
   <div class='ocr_carea' id='block_1_27' title="bbox 2412 1097 3997 1177">
    <p class='ocr_par' dir='ltr' id='par_1_27' title="bbox 2412 1097 3997 1177">
     <span class='ocr_line' id='line_1_27' title="bbox 2412 1097 3997 1177; baseline -0.013 -14"><span class='ocrx_word' id='word_1_201' title='bbox 2412 1111 2469 1163; x_wconf 66' lang='grc' dir='ltr'>δὲ</span> <span class='ocrx_word' id='word_1_202' title='bbox 2547 1108 2881 1177; x_wconf 63' lang='grc' dir='ltr'>παρανόμως</span> <span class='ocrx_word' id='word_1_203' title='bbox 2981 1104 3201 1170; x_wconf 79' lang='grc' dir='ltr'>γυναικὶ</span> <span class='ocrx_word' id='word_1_204' title='bbox 3286 1099 3562 1156; x_wconf 73' lang='grc' dir='ltr'><strong>συνιόντος</strong></span> <span class='ocrx_word' id='word_1_205' title='bbox 3627 1097 3845 1165; x_wconf 74' lang='grc' dir='ltr'>εἴρηται</span> <span class='ocrx_word' id='word_1_206' title='bbox 3923 1097 3997 1161; x_wconf 83' lang='grc' dir='ltr'>τῇ</span> 
     </span>
    </p>
   </div>
   <div class='ocr_carea' id='block_1_28' title="bbox 2416 1185 4002 1271">
    <p class='ocr_par' dir='ltr' id='par_1_28' title="bbox 2416 1185 4002 1271">
     <span class='ocr_line' id='line_1_28' title="bbox 2416 1185 4002 1271; baseline -0.008 -24"><span class='ocrx_word' id='word_1_207' title='bbox 2416 1201 2638 1271; x_wconf 72' lang='grc' dir='ltr'>Γραφῇ·</span> <span class='ocrx_word' id='word_1_208' title='bbox 2682 1218 2700 1250; x_wconf 73' lang='grc' dir='ltr'><strong>ι</strong></span> <span class='ocrx_word' id='word_1_209' title='bbox 2746 1195 3141 1248; x_wconf 85' lang='grc' dir='ltr'>Ἐταπείνωσεν</span> <span class='ocrx_word' id='word_1_210' title='bbox 3179 1192 3371 1258; x_wconf 83' lang='grc' dir='ltr'>αυτήν.</span> <span class='ocrx_word' id='word_1_211' title='bbox 3410 1208 3427 1239; x_wconf 77' lang='grc' dir='ltr'><strong>ι</strong></span> <span class='ocrx_word' id='word_1_212' title='bbox 3478 1188 3695 1255; x_wconf 84' lang='grc' dir='ltr'>Ταύτην</span> <span class='ocrx_word' id='word_1_213' title='bbox 3726 1189 3754 1238; x_wconf 80' lang='grc' dir='ltr'>ὁ</span> <span class='ocrx_word' id='word_1_214' title='bbox 3812 1185 4002 1238; x_wconf 70' lang='grc' dir='ltr'>Χαλεϐ</span> 
     </span>
    </p>
   </div>
   <div class='ocr_carea' id='block_1_29' title="bbox 2416 1272 4002 1360">
    <p class='ocr_par' dir='ltr' id='par_1_29' title="bbox 2416 1272 4002 1360">
     <span class='ocr_line' id='line_1_29' title="bbox 2416 1272 4002 1360; baseline -0.009 -17"><span class='ocrx_word' id='word_1_215' title='bbox 2416 1292 2731 1360; x_wconf 77' lang='grc' dir='ltr'>κατήργηςε</span> <span class='ocrx_word' id='word_1_216' title='bbox 2759 1286 2857 1356; x_wconf 75' lang='grc' dir='ltr'><strong>τὴν</strong></span> <span class='ocrx_word' id='word_1_217' title='bbox 2887 1285 3215 1337; x_wconf 68' lang='grc' dir='ltr'>ταπείνωσιν</span> <span class='ocrx_word' id='word_1_218' title='bbox 3238 1321 3253 1344; x_wconf 91' lang='grc'><strong>,</strong></span> <span class='ocrx_word' id='word_1_219' title='bbox 3320 1282 3485 1334; x_wconf 78' lang='grc' dir='ltr'>Ἐνὰκ</span> <span class='ocrx_word' id='word_1_220' title='bbox 3546 1278 3849 1346; x_wconf 70' lang='grc' dir='ltr'>λεγομένην</span> <span class='ocrx_word' id='word_1_221' title='bbox 3870 1318 3884 1339; x_wconf 93' lang='grc'><strong>,</strong></span> <span class='ocrx_word' id='word_1_222' title='bbox 3934 1272 4002 1329; x_wconf 67' lang='grc' dir='ltr'>οὗ</span> 
     </span>
    </p>
   </div>
   <div class='ocr_carea' id='block_1_30' title="bbox 2419 1370 4002 1445">
    <p class='ocr_par' dir='ltr' id='par_1_30' title="bbox 2419 1370 4002 1445">
     <span class='ocr_line' id='line_1_30' title="bbox 2419 1370 4002 1445; baseline -0.01 -11"><span class='ocrx_word' id='word_1_223' title='bbox 2419 1382 2627 1443; x_wconf 79' lang='grc' dir='ltr'>παῖδες,</span> <span class='ocrx_word' id='word_1_224' title='bbox 2664 1380 2839 1441; x_wconf 71' lang='grc' dir='ltr'>Σονσὶ,</span> <span class='ocrx_word' id='word_1_225' title='bbox 2880 1377 2938 1437; x_wconf 90' lang='grc' dir='ltr'><strong>ὃς</strong></span> <span class='ocrx_word' id='word_1_226' title='bbox 2977 1376 3341 1445; x_wconf 80' lang='grc' dir='ltr'>ἑρμηνεύεται</span> <span class='ocrx_word' id='word_1_227' title='bbox 3386 1373 3592 1435; x_wconf 70' lang='grc' dir='ltr'>Ἐκτός</span> <span class='ocrx_word' id='word_1_228' title='bbox 3618 1388 3755 1439; x_wconf 83' lang='grc' dir='ltr'>μου.</span> <span class='ocrx_word' id='word_1_229' title='bbox 3807 1370 4002 1430; x_wconf 66' lang='grc' dir='ltr'>Ἕκτος</span> 
     </span>
    </p>
   </div>
   <div class='ocr_carea' id='block_1_31' title="bbox 2417 1462 3999 1542">
    <p class='ocr_par' dir='ltr' id='par_1_31' title="bbox 2417 1462 3999 1542">
     <span class='ocr_line' id='line_1_31' title="bbox 2417 1462 3999 1542; baseline -0.011 -17"><span class='ocrx_word' id='word_1_230' title='bbox 2417 1474 2526 1542; x_wconf 74' lang='grc' dir='ltr'>γὰρ</span> <span class='ocrx_word' id='word_1_231' title='bbox 2554 1470 2649 1523; x_wconf 81' lang='grc' dir='ltr'><strong>τοῦ</strong></span> <span class='ocrx_word' id='word_1_232' title='bbox 2686 1468 2843 1534; x_wconf 89' lang='grc' dir='ltr'>Θεοῦ,</span> <span class='ocrx_word' id='word_1_233' title='bbox 2880 1470 2978 1520; x_wconf 76' lang='grc' dir='ltr'>καὶ</span> <span class='ocrx_word' id='word_1_234' title='bbox 3010 1466 3103 1519; x_wconf 83' lang='grc' dir='ltr'><strong>τοῦ</strong></span> <span class='ocrx_word' id='word_1_235' title='bbox 3132 1467 3289 1534; x_wconf 84' lang='grc' dir='ltr'>ἁγίου</span> <span class='ocrx_word' id='word_1_236' title='bbox 3325 1467 3353 1517; x_wconf 89' lang='lat'><strong>6</strong></span> <span class='ocrx_word' id='word_1_237' title='bbox 3379 1463 3622 1531; x_wconf 50' lang='lat' dir='ltr'><strong>uiae-:7};</strong></span> <span class='ocrx_word' id='word_1_238' title='bbox 3674 1462 3834 1529; x_wconf 77' lang='grc' dir='ltr'>κενῆς</span> <span class='ocrx_word' id='word_1_239' title='bbox 3896 1478 3999 1509; x_wconf 86' lang='grc' dir='ltr'>τα-</span> 
     </span>
    </p>
   </div>
   <div class='ocr_carea' id='block_1_32' title="bbox 2420 1553 4005 1629">
    <p class='ocr_par' dir='ltr' id='par_1_32' title="bbox 2420 1553 4005 1629">
     <span class='ocr_line' id='line_1_32' title="bbox 2420 1553 4005 1629; baseline -0.01 -12"><span class='ocrx_word' id='word_1_240' title='bbox 2420 1565 2730 1624; x_wconf 78' lang='grc' dir='ltr'>πεινώσεως</span> <span class='ocrx_word' id='word_1_241' title='bbox 2763 1577 2777 1590; x_wconf 91' lang='grc'>·</span> <span class='ocrx_word' id='word_1_242' title='bbox 2811 1562 2905 1613; x_wconf 77' lang='grc' dir='ltr'><strong>καὶ</strong></span> <span class='ocrx_word' id='word_1_243' title='bbox 2946 1558 3197 1629; x_wconf 73' lang='grc' dir='ltr'>Ἀχιμὰν,</span> <span class='ocrx_word' id='word_1_244' title='bbox 3232 1560 3260 1610; x_wconf 86' lang='grc' dir='ltr'><strong>ὃ</strong></span> <span class='ocrx_word' id='word_1_245' title='bbox 3291 1560 3438 1609; x_wconf 72' lang='grc' dir='ltr'>ἐστιν</span> <span class='ocrx_word' id='word_1_246' title='bbox 3472 1555 3698 1622; x_wconf 74' lang='grc' dir='ltr'>ἀδελφός</span> <span class='ocrx_word' id='word_1_247' title='bbox 3732 1571 3833 1621; x_wconf 80' lang='grc' dir='ltr'><strong>μου</strong></span> <span class='ocrx_word' id='word_1_248' title='bbox 3888 1553 4005 1603; x_wconf 69' lang='grc' dir='ltr'><strong>ἀπὸ</strong></span> 
     </span>
    </p>
   </div>
   <div class='ocr_carea' id='block_1_33' title="bbox 2423 1643 4004 1727">
    <p class='ocr_par' dir='ltr' id='par_1_33' title="bbox 2423 1643 4004 1727">
     <span class='ocr_line' id='line_1_33' title="bbox 2423 1643 4004 1727; baseline -0.011 -19"><span class='ocrx_word' id='word_1_249' title='bbox 2423 1656 2618 1727; x_wconf 80' lang='grc' dir='ltr'>βουλῆς</span> <span class='ocrx_word' id='word_1_250' title='bbox 2646 1672 2659 1684; x_wconf 86' lang='grc'><strong>·</strong></span> <span class='ocrx_word' id='word_1_251' title='bbox 2686 1654 2903 1721; x_wconf 77' lang='grc' dir='ltr'>ἀδελφοὶ</span> <span class='ocrx_word' id='word_1_252' title='bbox 2944 1652 3043 1721; x_wconf 80' lang='grc' dir='ltr'>μὲν</span> <span class='ocrx_word' id='word_1_253' title='bbox 3074 1652 3183 1718; x_wconf 74' lang='grc' dir='ltr'>γὰρ</span> <span class='ocrx_word' id='word_1_254' title='bbox 3241 1651 3467 1711; x_wconf 79' lang='grc' dir='ltr'>πάντες,</span> <span class='ocrx_word' id='word_1_255' title='bbox 3503 1648 3530 1698; x_wconf 92' lang='lat'><strong>6</strong></span> <span class='ocrx_word' id='word_1_256' title='bbox 3578 1646 3633 1697; x_wconf 82' lang='grc' dir='ltr'><strong>δὲ</strong></span> <span class='ocrx_word' id='word_1_257' title='bbox 3672 1643 4004 1714; x_wconf 69' lang='grc' dir='ltr'>ἁμαρτωλὸς</span> 
     </span>
    </p>
   </div>
   <div class='ocr_carea' id='block_1_34' title="bbox 2422 1734 4005 1812">
    <p class='ocr_par' dir='ltr' id='par_1_34' title="bbox 2422 1734 4005 1812">
     <span class='ocr_line' id='line_1_34' title="bbox 2422 1734 4005 1812; baseline -0.011 -11"><span class='ocrx_word' id='word_1_258' title='bbox 2422 1749 2744 1811; x_wconf 71' lang='grc' dir='ltr'>ἀπὸϐουλος,</span> <span class='ocrx_word' id='word_1_259' title='bbox 2805 1745 3032 1812; x_wconf 75' lang='grc' dir='ltr'>ἁδελφὸς</span> <span class='ocrx_word' id='word_1_260' title='bbox 3053 1741 3453 1810; x_wconf 77' lang='grc' dir='ltr'>ἐκϐεϐλημένος</span> <span class='ocrx_word' id='word_1_261' title='bbox 3502 1737 3700 1807; x_wconf 76' lang='grc' dir='ltr'>βουλῆς</span> <span class='ocrx_word' id='word_1_262' title='bbox 3726 1750 3739 1763; x_wconf 84' lang='lat'><strong>&#39;</strong></span> <span class='ocrx_word' id='word_1_263' title='bbox 3768 1738 3860 1787; x_wconf 71' lang='grc' dir='ltr'><strong>καὶ</strong></span> <span class='ocrx_word' id='word_1_264' title='bbox 3888 1734 4005 1785; x_wconf 87' lang='grc' dir='ltr'>Θα-</span> 
     </span>
    </p>
   </div>
   <div class='ocr_carea' id='block_1_35' title="bbox 738 1827 2425 1933">
    <p class='ocr_par' dir='ltr' id='par_1_35' title="bbox 738 1830 2425 1933">
     <span class='ocr_line' id='line_1_35' title="bbox 738 1830 2425 1933; baseline -0.024 -2"><span class='ocrx_word' id='word_1_265' title='bbox 738 1877 871 1931; x_wconf 87' lang='lat' dir='ltr'><strong>Item</strong></span> <span class='ocrx_word' id='word_1_266' title='bbox 898 1872 1153 1933; x_wconf 80' lang='lat' dir='ltr'><strong>Abiman,</strong></span> <span class='ocrx_word' id='word_1_267' title='bbox 1174 1867 1278 1918; x_wconf 90' lang='lat' dir='ltr'><strong>hoc</strong></span> <span class='ocrx_word' id='word_1_268' title='bbox 1302 1872 1406 1921; x_wconf 88' lang='lat' dir='ltr'><strong>est,</strong></span> <span class='ocrx_word' id='word_1_269' title='bbox 1428 1858 1599 1911; x_wconf 83' lang='lat' dir='ltr'><strong>frater</strong></span> <span class='ocrx_word' id='word_1_270' title='bbox 1630 1867 1784 1905; x_wconf 87' lang='lat' dir='ltr'><strong>meus</strong></span> <span class='ocrx_word' id='word_1_271' title='bbox 1813 1849 1951 1901; x_wconf 88' lang='lat' dir='ltr'><strong>citra</strong></span> <span class='ocrx_word' id='word_1_272' title='bbox 1980 1844 2311 1907; x_wconf 84' lang='lat' dir='ltr'><strong>consilium;</strong></span> <span class='ocrx_word' id='word_1_273' title='bbox 2351 1830 2391 1886; x_wconf 83' lang='grc' dir='ltr'><strong><em>Β</em></strong></span> <span class='ocrx_word' id='word_1_274' title='bbox 2419 1841 2425 1891; x_wconf 74' lang='grc' dir='ltr'><strong>ἶ</strong></span> 
     </span>
    </p>
   </div>
   <div class='ocr_carea' id='block_1_36' title="bbox 2317 1827 4004 1933">
    <p class='ocr_par' dir='ltr' id='par_1_36' title="bbox 2351 1827 4004 1909">
     <span class='ocr_line' id='line_1_36' title="bbox 2351 1827 4004 1909; baseline -0.009 -17"><span class='ocrx_word' id='word_1_275' title='bbox 2351 1830 2391 1886; x_wconf 81' lang='grc' dir='ltr'><strong><em>Β</em></strong></span> <span class='ocrx_word' id='word_1_276' title='bbox 2419 1841 2609 1909; x_wconf 81' lang='grc' dir='ltr'>λαμὶν,</span> <span class='ocrx_word' id='word_1_277' title='bbox 2636 1839 2690 1900; x_wconf 84' lang='grc' dir='ltr'><strong>ὃς</strong></span> <span class='ocrx_word' id='word_1_278' title='bbox 2718 1839 3080 1906; x_wconf 80' lang='grc' dir='ltr'>ἑρμηνεύεται</span> <span class='ocrx_word' id='word_1_279' title='bbox 3112 1832 3477 1901; x_wconf 77' lang='grc' dir='ltr'>κρεμασμὸς,</span> <span class='ocrx_word' id='word_1_280' title='bbox 3503 1830 3773 1899; x_wconf 68' lang='grc' dir='ltr'>μετέωριες</span> <span class='ocrx_word' id='word_1_281' title='bbox 3803 1844 3885 1889; x_wconf 82' lang='grc' dir='ltr'><strong>τις</strong></span> <span class='ocrx_word' id='word_1_282' title='bbox 3905 1827 4004 1878; x_wconf 78' lang='grc' dir='ltr'>καὶ</span> 
     </span>
    </p>
   </div>
   <div class='ocr_carea' id='block_1_37' title="bbox 739 1934 2315 2017">
    <p class='ocr_par' dir='ltr' id='par_1_37' title="bbox 739 1934 2315 2017">
     <span class='ocr_line' id='line_1_37' title="bbox 739 1934 2315 2017; baseline -0.022 0"><span class='ocrx_word' id='word_1_283' title='bbox 739 1977 932 2017; x_wconf 90' lang='lat' dir='ltr'><strong>omnes</strong></span> <span class='ocrx_word' id='word_1_284' title='bbox 989 1959 1137 2013; x_wconf 88' lang='lat' dir='ltr'><strong>enim</strong></span> <span class='ocrx_word' id='word_1_285' title='bbox 1202 1954 1400 2007; x_wconf 76' lang='lat' dir='ltr'><strong>fratres</strong></span> <span class='ocrx_word' id='word_1_286' title='bbox 1460 1959 1694 2007; x_wconf 86' lang='lat' dir='ltr'><strong>sumus;</strong></span> <span class='ocrx_word' id='word_1_287' title='bbox 1728 1950 1780 1993; x_wconf 90' lang='lat' dir='ltr'><strong>at</strong></span> <span class='ocrx_word' id='word_1_288' title='bbox 1836 1944 2092 2007; x_wconf 88' lang='lat' dir='ltr'><strong>peccator</strong></span> <span class='ocrx_word' id='word_1_289' title='bbox 2146 1934 2315 1986; x_wconf 84' lang='lat' dir='ltr'><strong>frater</strong></span> 
     </span>
    </p>
   </div>
   <div class='ocr_carea' id='block_1_38' title="bbox 742 2024 2312 2122">
    <p class='ocr_par' dir='ltr' id='par_1_38' title="bbox 742 2024 2312 2122">
     <span class='ocr_line' id='line_1_38' title="bbox 742 2024 2312 2122; baseline -0.021 -12"><span class='ocrx_word' id='word_1_290' title='bbox 742 2058 901 2122; x_wconf 90' lang='lat' dir='ltr'><strong>inops</strong></span> <span class='ocrx_word' id='word_1_291' title='bbox 956 2048 1179 2105; x_wconf 88' lang='lat' dir='ltr'><strong>consilii</strong></span> <span class='ocrx_word' id='word_1_292' title='bbox 1230 2055 1336 2106; x_wconf 87' lang='lat' dir='ltr'><strong>est,</strong></span> <span class='ocrx_word' id='word_1_293' title='bbox 1398 2039 1634 2095; x_wconf 83' lang='lat' dir='ltr'><strong>consilio</strong></span> <span class='ocrx_word' id='word_1_294' title='bbox 1695 2034 1965 2101; x_wconf 81' lang='lat' dir='ltr'><strong>dejecms.</strong></span> <span class='ocrx_word' id='word_1_295' title='bbox 2025 2024 2312 2079; x_wconf 85' lang='lat' dir='ltr'><strong>Thalamin</strong></span> 
     </span>
    </p>
   </div>
   <div class='ocr_carea' id='block_1_39' title="bbox 737 2115 2316 2213">
    <p class='ocr_par' dir='ltr' id='par_1_39' title="bbox 737 2115 2316 2213">
     <span class='ocr_line' id='line_1_39' title="bbox 737 2115 2316 2213; baseline -0.021 -13"><span class='ocrx_word' id='word_1_296' title='bbox 737 2146 996 2213; x_wconf 87' lang='lat' dir='ltr'><strong>denique,</strong></span> <span class='ocrx_word' id='word_1_297' title='bbox 1031 2139 1148 2209; x_wconf 86' lang='lat' dir='ltr'><strong>qui,</strong></span> <span class='ocrx_word' id='word_1_298' title='bbox 1186 2137 1233 2191; x_wconf 90' lang='lat' dir='ltr'><strong>si</strong></span> <span class='ocrx_word' id='word_1_299' title='bbox 1264 2130 1667 2199; x_wconf 86' lang='lat' dir='ltr'><strong>interpreteris,</strong></span> <span class='ocrx_word' id='word_1_300' title='bbox 1694 2132 1780 2178; x_wconf 92' lang='lat' dir='ltr'><strong>cst</strong></span> <span class='ocrx_word' id='word_1_301' title='bbox 1806 2120 2109 2189; x_wconf 75' lang='lat' dir='ltr'><strong>suspensio.</strong></span> <span class='ocrx_word' id='word_1_302' title='bbox 2140 2115 2316 2172; x_wconf 89' lang='lat' dir='ltr'><strong>subli-</strong></span> 
     </span>
    </p>
   </div>
   <div class='ocr_carea' id='block_1_40' title="bbox 740 2211 2315 2303">
    <p class='ocr_par' dir='ltr' id='par_1_40' title="bbox 740 2211 2315 2303">
     <span class='ocr_line' id='line_1_40' title="bbox 740 2211 2315 2303; baseline -0.02 -12"><span class='ocrx_word' id='word_1_303' title='bbox 740 2236 1054 2303; x_wconf 82' lang='lat' dir='ltr'><strong>rnisaliquis</strong></span> <span class='ocrx_word' id='word_1_304' title='bbox 1076 2245 1268 2285; x_wconf 88' lang='lat' dir='ltr'><strong>verum</strong></span> <span class='ocrx_word' id='word_1_305' title='bbox 1303 2240 1493 2296; x_wconf 88' lang='lat' dir='ltr'><strong>parum</strong></span> <span class='ocrx_word' id='word_1_306' title='bbox 1531 2220 1761 2276; x_wconf 86' lang='lat' dir='ltr'><strong>solidus.</strong></span> <span class='ocrx_word' id='word_1_307' title='bbox 1795 2211 2011 2281; x_wconf 79' lang='lat' dir='ltr'><strong>Quibus</strong></span> <span class='ocrx_word' id='word_1_308' title='bbox 2039 2212 2315 2264; x_wconf 86' lang='lat' dir='ltr'><strong>interem-</strong></span> 
     </span>
    </p>
   </div>
   <div class='ocr_carea' id='block_1_41' title="bbox 740 2303 2318 2399">
    <p class='ocr_par' dir='ltr' id='par_1_41' title="bbox 740 2303 2318 2399">
     <span class='ocr_line' id='line_1_41' title="bbox 740 2303 2318 2399; baseline -0.02 -18"><span class='ocrx_word' id='word_1_309' title='bbox 740 2330 847 2399; x_wconf 87' lang='lat' dir='ltr'><strong>ptis</strong></span> <span class='ocrx_word' id='word_1_310' title='bbox 930 2323 1099 2378; x_wconf 80' lang='lat' dir='ltr'><strong>Calcb</strong></span> <span class='ocrx_word' id='word_1_311' title='bbox 1166 2319 1233 2372; x_wconf 92' lang='lat' dir='ltr'><strong>ad</strong></span> <span class='ocrx_word' id='word_1_312' title='bbox 1299 2317 1508 2370; x_wconf 82' lang='lat' dir='ltr'><strong>incolas</strong></span> <span class='ocrx_word' id='word_1_313' title='bbox 1595 2308 1763 2362; x_wconf 87' lang='lat' dir='ltr'><strong>Dabir</strong></span> <span class='ocrx_word' id='word_1_314' title='bbox 1849 2303 2138 2365; x_wconf 82' lang='lat' dir='ltr'><strong>ascendit,</strong></span> <span class='ocrx_word' id='word_1_315' title='bbox 2197 2312 2318 2367; x_wconf 66' lang='lat' dir='ltr'><strong>quae</strong></span> 
     </span>
    </p>
   </div>
   <div class='ocr_carea' id='block_1_42' title="bbox 738 2396 2306 2475">
    <p class='ocr_par' dir='ltr' id='par_1_42' title="bbox 738 2396 2306 2475">
     <span class='ocr_line' id='line_1_42' title="bbox 738 2396 2306 2475; baseline -0.022 0"><span class='ocrx_word' id='word_1_316' title='bbox 738 2396 870 2475; x_wconf 77' lang='lat' dir='ltr'><strong>olim</strong></span> <span class='ocrx_word' id='word_1_317' title='bbox 900 2417 1047 2470; x_wconf 87' lang='lat' dir='ltr'><strong>dicta</strong></span> <span class='ocrx_word' id='word_1_318' title='bbox 1079 2422 1198 2469; x_wconf 88' lang='lat' dir='ltr'><strong>erat</strong></span> <span class='ocrx_word' id='word_1_319' title='bbox 1228 2409 1360 2463; x_wconf 84' lang='lat' dir='ltr'><strong>urbs</strong></span> <span class='ocrx_word' id='word_1_320' title='bbox 1391 2408 1680 2468; x_wconf 89' lang='lat' dir='ltr'><strong>librorum,</strong></span> <span class='ocrx_word' id='word_1_321' title='bbox 1718 2412 1996 2470; x_wconf 81' lang='lat' dir='ltr'><strong>quamque</strong></span> <span class='ocrx_word' id='word_1_322' title='bbox 2029 2396 2306 2459; x_wconf 85' lang='lat' dir='ltr'><strong>interpre-</strong></span> 
     </span>
    </p>
   </div>
   <div class='ocr_carea' id='block_1_43' title="bbox 740 2486 2313 2572">
    <p class='ocr_par' dir='ltr' id='par_1_43' title="bbox 740 2486 2313 2572">
     <span class='ocr_line' id='line_1_43' title="bbox 740 2486 2313 2572; baseline -0.022 -6"><span class='ocrx_word' id='word_1_323' title='bbox 740 2512 847 2566; x_wconf 84' lang='lat' dir='ltr'><strong>tari</strong></span> <span class='ocrx_word' id='word_1_324' title='bbox 887 2511 1031 2572; x_wconf 90' lang='lat' dir='ltr'><strong>licet,</strong></span> <span class='ocrx_word' id='word_1_325' title='bbox 1069 2504 1323 2559; x_wconf 83' lang='lat' dir='ltr'><strong>ciocutio.</strong></span> <span class='ocrx_word' id='word_1_326' title='bbox 1359 2499 1668 2553; x_wconf 82' lang='lat' dir='ltr'><strong>Putaudum</strong></span> <span class='ocrx_word' id='word_1_327' title='bbox 1700 2506 1833 2547; x_wconf 92' lang='lat' dir='ltr'><strong>vero</strong></span> <span class='ocrx_word' id='word_1_328' title='bbox 1857 2500 1942 2543; x_wconf 92' lang='lat' dir='ltr'><strong>est</strong></span> <span class='ocrx_word' id='word_1_329' title='bbox 2006 2486 2147 2538; x_wconf 89' lang='lat' dir='ltr'><strong>hanc</strong></span> <span class='ocrx_word' id='word_1_330' title='bbox 2186 2494 2313 2535; x_wconf 86' lang='lat' dir='ltr'><strong>esse</strong></span> 
     </span>
    </p>
   </div>
   <div class='ocr_carea' id='block_1_44' title="bbox 744 2578 2318 2671">
    <p class='ocr_par' dir='ltr' id='par_1_44' title="bbox 744 2578 2318 2671">
     <span class='ocr_line' id='line_1_44' title="bbox 744 2578 2318 2671; baseline -0.022 -14"><span class='ocrx_word' id='word_1_331' title='bbox 744 2602 1082 2671; x_wconf 83' lang='lat' dir='ltr'><strong>S-ripturam</strong></span> <span class='ocrx_word' id='word_1_332' title='bbox 1106 2608 1362 2651; x_wconf 84' lang='lat' dir='ltr'><strong>veterem.</strong></span> <span class='ocrx_word' id='word_1_333' title='bbox 1385 2591 1515 2657; x_wconf 77' lang='lat' dir='ltr'><strong>Qua:</strong></span> <span class='ocrx_word' id='word_1_334' title='bbox 1539 2588 1814 2654; x_wconf 70' lang='lat' dir='ltr'><strong>scriptuua</strong></span> <span class='ocrx_word' id='word_1_335' title='bbox 1844 2597 1941 2636; x_wconf 92' lang='lat' dir='ltr'><strong>seu</strong></span> <span class='ocrx_word' id='word_1_336' title='bbox 1975 2578 2096 2632; x_wconf 91' lang='lat' dir='ltr'><strong>libri</strong></span> <span class='ocrx_word' id='word_1_337' title='bbox 2127 2580 2318 2627; x_wconf 88' lang='lat' dir='ltr'><strong>vocata</strong></span> 
     </span>
    </p>
   </div>
   <div class='ocr_carea' id='block_1_45' title="bbox 742 2666 2315 2766">
    <p class='ocr_par' dir='ltr' id='par_1_45' title="bbox 742 2666 2315 2766">
     <span class='ocr_line' id='line_1_45' title="bbox 742 2666 2315 2766; baseline -0.022 -16"><span class='ocrx_word' id='word_1_338' title='bbox 742 2710 865 2766; x_wconf 64' lang='lat' dir='ltr'><strong>quae</strong></span> <span class='ocrx_word' id='word_1_339' title='bbox 894 2691 1215 2756; x_wconf 82' lang='lat' dir='ltr'><strong>prudentem</strong></span> <span class='ocrx_word' id='word_1_340' title='bbox 1266 2684 1637 2739; x_wconf 83' lang='lat' dir='ltr'><strong>narrationem</strong></span> <span class='ocrx_word' id='word_1_341' title='bbox 1671 2685 1851 2738; x_wconf 81' lang='lat' dir='ltr'><strong>nacta,</strong></span> <span class='ocrx_word' id='word_1_342' title='bbox 1888 2673 1946 2725; x_wconf 89' lang='lat' dir='ltr'><strong>tit</strong></span> <span class='ocrx_word' id='word_1_343' title='bbox 1977 2666 2315 2736; x_wconf 85' lang='lat' dir='ltr'><strong>eloquentia.</strong></span> 
     </span>
    </p>
   </div>
   <div class='ocr_carea' id='block_1_46' title="bbox 743 2760 2320 2840">
    <p class='ocr_par' dir='ltr' id='par_1_46' title="bbox 743 2760 2320 2840">
     <span class='ocr_line' id='line_1_46' title="bbox 743 2760 2320 2840; baseline -0.02 -1"><span class='ocrx_word' id='word_1_344' title='bbox 743 2760 1023 2840; x_wconf 53' lang='lat' dir='ltr'><strong>{Si-omittit</strong></span> <span class='ocrx_word' id='word_1_345' title='bbox 1048 2792 1178 2832; x_wconf 82' lang='lat' dir='ltr'><strong>vero</strong></span> <span class='ocrx_word' id='word_1_346' title='bbox 1207 2790 1359 2829; x_wconf 84' lang='lat' dir='ltr'><strong>suam</strong></span> <span class='ocrx_word' id='word_1_347' title='bbox 1399 2772 1569 2840; x_wconf 81' lang='lat' dir='ltr'><strong>ipsius</strong></span> <span class='ocrx_word' id='word_1_348' title='bbox 1604 2768 1767 2821; x_wconf 86' lang='lat' dir='ltr'><strong>filiam</strong></span> <span class='ocrx_word' id='word_1_349' title='bbox 1790 2763 1837 2818; x_wconf 91' lang='lat' dir='ltr'><strong>ei</strong></span> <span class='ocrx_word' id='word_1_350' title='bbox 1876 2762 1967 2831; x_wconf 86' lang='lat' dir='ltr'><strong>qui</strong></span> <span class='ocrx_word' id='word_1_351' title='bbox 2004 2760 2320 2826; x_wconf 87' lang='lat' dir='ltr'><strong>Scriptnras</strong></span> 
     </span>
    </p>
   </div>
   <div class='ocr_carea' id='block_1_47' title="bbox 746 2851 2324 2944">
    <p class='ocr_par' dir='ltr' id='par_1_47' title="bbox 746 2851 2324 2944">
     <span class='ocr_line' id='line_1_47' title="bbox 746 2851 2324 2944; baseline -0.021 -13"><span class='ocrx_word' id='word_1_352' title='bbox 746 2877 973 2944; x_wconf 84' lang='lat' dir='ltr'><strong>ceperit.</strong></span> <span class='ocrx_word' id='word_1_353' title='bbox 1001 2870 1166 2939; x_wconf 87' lang='lat' dir='ltr'><strong>Capit</strong></span> <span class='ocrx_word' id='word_1_354' title='bbox 1195 2881 1325 2919; x_wconf 84' lang='lat' dir='ltr'><strong>vero</strong></span> <span class='ocrx_word' id='word_1_355' title='bbox 1383 2863 1575 2915; x_wconf 87' lang='lat' dir='ltr'><strong>urbem</strong></span> <span class='ocrx_word' id='word_1_356' title='bbox 1619 2855 1931 2917; x_wconf 82' lang='lat' dir='ltr'><strong>Gothouiel,</strong></span> <span class='ocrx_word' id='word_1_357' title='bbox 1964 2866 2127 2920; x_wconf 77' lang='lat' dir='ltr'><strong>quem</strong></span> <span class='ocrx_word' id='word_1_358' title='bbox 2158 2851 2324 2901; x_wconf 88' lang='lat' dir='ltr'><strong>inter-</strong></span> 
     </span>
    </p>
   </div>
   <div class='ocr_carea' id='block_1_48' title="bbox 747 2940 2320 3036">
    <p class='ocr_par' dir='ltr' id='par_1_48' title="bbox 747 2940 2320 3036">
     <span class='ocr_line' id='line_1_48' title="bbox 747 2940 2320 3036; baseline -0.02 -16"><span class='ocrx_word' id='word_1_359' title='bbox 747 2940 1077 3036; x_wconf 82' lang='lat' dir='ltr'><strong>pretaberis,</strong></span> <span class='ocrx_word' id='word_1_360' title='bbox 1104 2955 1393 3024; x_wconf 76' lang='lat' dir='ltr'><strong>Responsio</strong></span> <span class='ocrx_word' id='word_1_361' title='bbox 1429 2952 1541 3004; x_wconf 86' lang='lat' dir='ltr'><strong>Dei.</strong></span> <span class='ocrx_word' id='word_1_362' title='bbox 1574 2946 1807 3015; x_wconf 83' lang='lat' dir='ltr'><strong>Quando</strong></span> <span class='ocrx_word' id='word_1_363' title='bbox 1848 2943 1985 2997; x_wconf 92' lang='lat' dir='ltr'><strong>mihi</strong></span> <span class='ocrx_word' id='word_1_364' title='bbox 2021 2940 2165 2993; x_wconf 85' lang='lat' dir='ltr'><strong>Deus</strong></span> <span class='ocrx_word' id='word_1_365' title='bbox 2231 2952 2320 2990; x_wconf 89' lang='lat' dir='ltr'><strong>re-</strong></span> 
     </span>
    </p>
   </div>
   <div class='ocr_carea' id='block_1_49' title="bbox 748 3030 2325 3125">
    <p class='ocr_par' dir='ltr' id='par_1_49' title="bbox 748 3030 2325 3125">
     <span class='ocr_line' id='line_1_49' title="bbox 748 3030 2325 3125; baseline -0.018 -16"><span class='ocrx_word' id='word_1_366' title='bbox 748 3054 1054 3125; x_wconf 82' lang='lat' dir='ltr'><strong>sponderit,</strong></span> <span class='ocrx_word' id='word_1_367' title='bbox 1112 3052 1287 3101; x_wconf 84' lang='lat' dir='ltr'><strong>factus</strong></span> <span class='ocrx_word' id='word_1_368' title='bbox 1361 3058 1482 3098; x_wconf 91' lang='lat' dir='ltr'><strong>sum</strong></span> <span class='ocrx_word' id='word_1_369' title='bbox 1547 3037 1836 3107; x_wconf 84' lang='lat' dir='ltr'><strong>responsio</strong></span> <span class='ocrx_word' id='word_1_370' title='bbox 1894 3033 2011 3086; x_wconf 83' lang='lat' dir='ltr'><strong>Dei.</strong></span> <span class='ocrx_word' id='word_1_371' title='bbox 2041 3030 2325 3084; x_wconf 76' lang='lat' dir='ltr'><strong>Exscindit</strong></span> 
     </span>
    </p>
   </div>
   <div class='ocr_carea' id='block_1_50' title="bbox 748 3128 2322 3200">
    <p class='ocr_par' dir='ltr' id='par_1_50' title="bbox 748 3128 2322 3200">
     <span class='ocr_line' id='line_1_50' title="bbox 748 3128 2322 3200; baseline -0.018 0"><span class='ocrx_word' id='word_1_372' title='bbox 748 3162 879 3200; x_wconf 86' lang='lat' dir='ltr'><strong>vero</strong></span> <span class='ocrx_word' id='word_1_373' title='bbox 915 3147 1125 3197; x_wconf 85' lang='lat' dir='ltr'><strong>litteras</strong></span> <span class='ocrx_word' id='word_1_374' title='bbox 1151 3140 1320 3192; x_wconf 89' lang='lat' dir='ltr'><strong>frater</strong></span> <span class='ocrx_word' id='word_1_375' title='bbox 1353 3134 1539 3189; x_wconf 81' lang='lat' dir='ltr'><strong>Calebi</strong></span> <span class='ocrx_word' id='word_1_376' title='bbox 1573 3132 1786 3200; x_wconf 90' lang='lat' dir='ltr'><strong>junior,</strong></span> <span class='ocrx_word' id='word_1_377' title='bbox 1821 3128 1925 3180; x_wconf 91' lang='lat' dir='ltr'><strong>hoc</strong></span> <span class='ocrx_word' id='word_1_378' title='bbox 1947 3134 2053 3187; x_wconf 89' lang='lat' dir='ltr'><strong>est,</strong></span> <span class='ocrx_word' id='word_1_379' title='bbox 2092 3138 2234 3175; x_wconf 91' lang='lat' dir='ltr'><strong>unus</strong></span> <span class='ocrx_word' id='word_1_380' title='bbox 2257 3136 2322 3173; x_wconf 80' lang='lat' dir='ltr'><strong>ex</strong></span> 
     </span>
    </p>
   </div>
   <div class='ocr_carea' id='block_1_51' title="bbox 747 3188 2398 3308">
    <p class='ocr_par' dir='ltr' id='par_1_51' title="bbox 747 3188 2398 3308">
     <span class='ocr_line' id='line_1_51' title="bbox 747 3188 2398 3308; baseline -0.016 -19"><span class='ocrx_word' id='word_1_381' title='bbox 747 3236 909 3308; x_wconf 64' lang='grc' dir='ltr'><strong>ωε</strong></span> <span class='ocrx_word' id='word_1_382' title='bbox 931 3188 1338 3286; x_wconf 36' lang='lat' dir='ltr'><strong>EcclesiatNon</strong></span> <span class='ocrx_word' id='word_1_383' title='bbox 1357 3227 1502 3280; x_wconf 92' lang='lat' dir='ltr'><strong>enim</strong></span> <span class='ocrx_word' id='word_1_384' title='bbox 1522 3188 2154 3291; x_wconf 22' lang='lat' dir='ltr'><strong>aliipliusvcircuutcidor</strong></span> <span class='ocrx_word' id='word_1_385' title='bbox 2170 3213 2327 3281; x_wconf 77' lang='lat' dir='ltr'><strong>juxta</strong></span> <span class='ocrx_word' id='word_1_386' title='bbox 2355 3188 2398 3245; x_wconf 63' lang='grc' dir='ltr'>ο</span> 
     </span>
    </p>
   </div>
   <div class='ocr_carea' id='block_1_52' title="bbox 752 3304 2325 3386">
    <p class='ocr_par' dir='ltr' id='par_1_52' title="bbox 752 3304 2325 3386">
     <span class='ocr_line' id='line_1_52' title="bbox 752 3304 2325 3386; baseline -0.018 -2"><span class='ocrx_word' id='word_1_387' title='bbox 752 3334 1017 3386; x_wconf 85' lang='lat' dir='ltr'><strong>litteram.</strong></span> <span class='ocrx_word' id='word_1_388' title='bbox 1054 3338 1161 3377; x_wconf 89' lang='lat' dir='ltr'><strong>non</strong></span> <span class='ocrx_word' id='word_1_389' title='bbox 1209 3319 1419 3373; x_wconf 78' lang='lat' dir='ltr'><strong>Pascha</strong></span> <span class='ocrx_word' id='word_1_390' title='bbox 1468 3314 1709 3378; x_wconf 86' lang='lat' dir='ltr'><strong>celebro,</strong></span> <span class='ocrx_word' id='word_1_391' title='bbox 1759 3324 1866 3363; x_wconf 82' lang='lat' dir='ltr'><strong>non</strong></span> <span class='ocrx_word' id='word_1_392' title='bbox 1923 3322 2113 3376; x_wconf 77' lang='lat' dir='ltr'><strong>azyma</strong></span> <span class='ocrx_word' id='word_1_393' title='bbox 2164 3304 2325 3364; x_wconf 90' lang='lat' dir='ltr'><strong>facio.</strong></span> 
     </span>
    </p>
   </div>
   <div class='ocr_carea' id='block_1_53' title="bbox 752 3394 2330 3479">
    <p class='ocr_par' dir='ltr' id='par_1_53' title="bbox 752 3394 2330 3479">
     <span class='ocr_line' id='line_1_53' title="bbox 752 3394 2330 3479; baseline -0.016 -5"><span class='ocrx_word' id='word_1_394' title='bbox 752 3435 861 3474; x_wconf 89' lang='lat' dir='ltr'><strong>non</strong></span> <span class='ocrx_word' id='word_1_395' title='bbox 895 3416 1190 3470; x_wconf 86' lang='lat' dir='ltr'><strong>Sabbatum</strong></span> <span class='ocrx_word' id='word_1_396' title='bbox 1227 3425 1352 3479; x_wconf 78' lang='lat' dir='ltr'><strong>ago.</strong></span> <span class='ocrx_word' id='word_1_397' title='bbox 1386 3408 1464 3460; x_wconf 78' lang='lat' dir='ltr'><strong>Ac</strong></span> <span class='ocrx_word' id='word_1_398' title='bbox 1518 3403 1706 3458; x_wconf 85' lang='lat' dir='ltr'><strong>fratris</strong></span> <span class='ocrx_word' id='word_1_399' title='bbox 1734 3400 1838 3455; x_wconf 92' lang='lat' dir='ltr'><strong>mei</strong></span> <span class='ocrx_word' id='word_1_400' title='bbox 1895 3397 2132 3453; x_wconf 89' lang='lat' dir='ltr'><strong>senioris</strong></span> <span class='ocrx_word' id='word_1_401' title='bbox 2200 3394 2330 3450; x_wconf 86' lang='lat' dir='ltr'><strong>stir-</strong></span> 
     </span>
    </p>
   </div>
   <div class='ocr_carea' id='block_1_54' title="bbox 752 3489 2330 3583">
    <p class='ocr_par' dir='ltr' id='par_1_54' title="bbox 752 3489 2330 3583">
     <span class='ocr_line' id='line_1_54' title="bbox 752 3489 2330 3583; baseline -0.016 -18"><span class='ocrx_word' id='word_1_402' title='bbox 752 3526 872 3583; x_wconf 91' lang='lat' dir='ltr'><strong>pem</strong></span> <span class='ocrx_word' id='word_1_403' title='bbox 907 3508 1129 3564; x_wconf 89' lang='lat' dir='ltr'><strong>sortior.</strong></span> <span class='ocrx_word' id='word_1_404' title='bbox 1172 3504 1264 3572; x_wconf 91' lang='lat' dir='ltr'><strong>qui</strong></span> <span class='ocrx_word' id='word_1_405' title='bbox 1299 3501 1443 3554; x_wconf 89' lang='lat' dir='ltr'><strong>filius</strong></span> <span class='ocrx_word' id='word_1_406' title='bbox 1482 3497 1583 3551; x_wconf 91' lang='lat' dir='ltr'><strong>fuit</strong></span> <span class='ocrx_word' id='word_1_407' title='bbox 1619 3496 1831 3555; x_wconf 71' lang='lat' dir='ltr'><strong>Cenes,</strong></span> <span class='ocrx_word' id='word_1_408' title='bbox 1864 3506 2026 3559; x_wconf 81' lang='lat' dir='ltr'><strong>quem</strong></span> <span class='ocrx_word' id='word_1_409' title='bbox 2056 3489 2330 3555; x_wconf 73' lang='lat' dir='ltr'><strong>interpre-</strong></span> 
     </span>
    </p>
   </div>
   <div class='ocr_carea' id='block_1_55' title="bbox 749 3578 2329 3657">
    <p class='ocr_par' dir='ltr' id='par_1_55' title="bbox 749 3578 2329 3657">
     <span class='ocr_line' id='line_1_55' title="bbox 749 3578 2329 3657; baseline -0.018 0"><span class='ocrx_word' id='word_1_410' title='bbox 749 3600 958 3657; x_wconf 87' lang='lat' dir='ltr'><strong>taberis</strong></span> <span class='ocrx_word' id='word_1_411' title='bbox 990 3597 1202 3649; x_wconf 84' lang='lat' dir='ltr'><strong>malitia</strong></span> <span class='ocrx_word' id='word_1_412' title='bbox 1238 3608 1335 3647; x_wconf 87' lang='lat' dir='ltr'><strong>seu</strong></span> <span class='ocrx_word' id='word_1_413' title='bbox 1368 3590 1572 3643; x_wconf 76' lang='lat' dir='ltr'><strong>vilitas.</strong></span> <span class='ocrx_word' id='word_1_414' title='bbox 1636 3585 1841 3650; x_wconf 88' lang='lat' dir='ltr'><strong>Quales</strong></span> <span class='ocrx_word' id='word_1_415' title='bbox 1900 3584 1955 3634; x_wconf 89' lang='lat' dir='ltr'><strong>in</strong></span> <span class='ocrx_word' id='word_1_416' title='bbox 2016 3578 2329 3649; x_wconf 78' lang='lat' dir='ltr'><strong>gentilismo</strong></span> 
     </span>
    </p>
   </div>
   <div class='ocr_carea' id='block_1_56' title="bbox 754 3667 2328 3757">
    <p class='ocr_par' dir='ltr' id='par_1_56' title="bbox 754 3667 2328 3757">
     <span class='ocr_line' id='line_1_56' title="bbox 754 3667 2328 3757; baseline -0.017 -11"><span class='ocrx_word' id='word_1_417' title='bbox 754 3695 980 3747; x_wconf 80' lang='lat' dir='ltr'><strong>fuimus.</strong></span> <span class='ocrx_word' id='word_1_418' title='bbox 1016 3688 1168 3740; x_wconf 84' lang='lat' dir='ltr'><strong>Talis</strong></span> <span class='ocrx_word' id='word_1_419' title='bbox 1210 3698 1338 3737; x_wconf 89' lang='lat' dir='ltr'><strong>vero</strong></span> <span class='ocrx_word' id='word_1_420' title='bbox 1375 3680 1545 3757; x_wconf 71' lang='lat' dir='ltr'><strong>frater</strong></span> <span class='ocrx_word' id='word_1_421' title='bbox 1574 3676 1761 3731; x_wconf 88' lang='lat' dir='ltr'><strong>senior</strong></span> <span class='ocrx_word' id='word_1_422' title='bbox 1804 3689 1912 3726; x_wconf 93' lang='lat' dir='ltr'><strong>non</strong></span> <span class='ocrx_word' id='word_1_423' title='bbox 1946 3670 2071 3733; x_wconf 91' lang='lat' dir='ltr'><strong>fuit,</strong></span> <span class='ocrx_word' id='word_1_424' title='bbox 2121 3670 2217 3739; x_wconf 92' lang='lat' dir='ltr'><strong>qui</strong></span> <span class='ocrx_word' id='word_1_425' title='bbox 2268 3667 2328 3720; x_wconf 85' lang='lat' dir='ltr'><strong>fi-</strong></span> 
     </span>
    </p>
   </div>
   <div class='ocr_carea' id='block_1_57' title="bbox 753 3758 2327 3847">
    <p class='ocr_par' dir='ltr' id='par_1_57' title="bbox 753 3758 2327 3847">
     <span class='ocr_line' id='line_1_57' title="bbox 753 3758 2327 3847; baseline -0.016 -12"><span class='ocrx_word' id='word_1_426' title='bbox 753 3783 860 3835; x_wconf 80' lang='lat' dir='ltr'><strong>lius</strong></span> <span class='ocrx_word' id='word_1_427' title='bbox 885 3778 1211 3847; x_wconf 58' lang='lat' dir='ltr'><strong>Jephuuna’,</strong></span> <span class='ocrx_word' id='word_1_428' title='bbox 1250 3774 1352 3824; x_wconf 90' lang='lat' dir='ltr'><strong>hoc</strong></span> <span class='ocrx_word' id='word_1_429' title='bbox 1404 3779 1509 3831; x_wconf 88' lang='lat' dir='ltr'><strong>est,</strong></span> <span class='ocrx_word' id='word_1_430' title='bbox 1544 3780 1710 3829; x_wconf 71' lang='lat' dir='ltr'><strong>curae,</strong></span> <span class='ocrx_word' id='word_1_431' title='bbox 1743 3765 1998 3818; x_wconf 71' lang='lat' dir='ltr'><strong>exstitit:</strong></span> <span class='ocrx_word' id='word_1_432' title='bbox 2044 3760 2137 3828; x_wconf 90' lang='lat' dir='ltr'><strong>qui</strong></span> <span class='ocrx_word' id='word_1_433' title='bbox 2194 3758 2327 3812; x_wconf 89' lang='lat' dir='ltr'><strong>nubi</strong></span> 
     </span>
    </p>
   </div>
   <div class='ocr_carea' id='block_1_58' title="bbox 751 3856 2332 3930">
    <p class='ocr_par' dir='ltr' id='par_1_58' title="bbox 751 3856 2332 3930">
     <span class='ocr_line' id='line_1_58' title="bbox 751 3856 2332 3930; baseline -0.016 -3"><span class='ocrx_word' id='word_1_434' title='bbox 751 3878 846 3926; x_wconf 84' lang='lat' dir='ltr'><strong>dat</strong></span> <span class='ocrx_word' id='word_1_435' title='bbox 878 3872 1067 3930; x_wconf 85' lang='lat' dir='ltr'><strong>filiam,</strong></span> <span class='ocrx_word' id='word_1_436' title='bbox 1125 3867 1270 3921; x_wconf 90' lang='lat' dir='ltr'><strong>sicut</strong></span> <span class='ocrx_word' id='word_1_437' title='bbox 1302 3862 1571 3930; x_wconf 87' lang='lat' dir='ltr'><strong>scriptum</strong></span> <span class='ocrx_word' id='word_1_438' title='bbox 1606 3867 1690 3913; x_wconf 89' lang='lat' dir='ltr'><strong>est</strong></span> <span class='ocrx_word' id='word_1_439' title='bbox 1724 3875 1737 3910; x_wconf 87' lang='lat'><strong>:</strong></span> <span class='ocrx_word' id='word_1_440' title='bbox 1776 3874 1793 3906; x_wconf 79' lang='grc' dir='ltr'><strong>ι</strong></span> <span class='ocrx_word' id='word_1_441' title='bbox 1838 3856 2136 3907; x_wconf 79' lang='lat' dir='ltr'><strong>Aul&#39;eretur</strong></span> <span class='ocrx_word' id='word_1_442' title='bbox 2172 3866 2201 3904; x_wconf 90' lang='lat' dir='ltr'><strong>a</strong></span> <span class='ocrx_word' id='word_1_443' title='bbox 2238 3865 2332 3903; x_wconf 89' lang='lat' dir='ltr'><strong>vo-</strong></span> 
     </span>
    </p>
   </div>
   <div class='ocr_carea' id='block_1_59' title="bbox 754 3944 2331 4033">
    <p class='ocr_par' dir='ltr' id='par_1_59' title="bbox 754 3944 2331 4033">
     <span class='ocr_line' id='line_1_59' title="bbox 754 3944 2331 4033; baseline -0.014 -14"><span class='ocrx_word' id='word_1_444' title='bbox 754 3967 838 4019; x_wconf 86' lang='lat' dir='ltr'><strong>bis</strong></span> <span class='ocrx_word' id='word_1_445' title='bbox 869 3977 1091 4033; x_wconf 74' lang='lat' dir='ltr'><strong>rcguum</strong></span> <span class='ocrx_word' id='word_1_446' title='bbox 1134 3957 1248 4017; x_wconf 85' lang='lat' dir='ltr'><strong>Dei,</strong></span> <span class='ocrx_word' id='word_1_447' title='bbox 1275 3964 1329 4008; x_wconf 76' lang='lat' dir='ltr'><strong>i-t</strong></span> <span class='ocrx_word' id='word_1_448' title='bbox 1364 3953 1569 4023; x_wconf 81' lang='lat' dir='ltr'><strong>populo</strong></span> <span class='ocrx_word' id='word_1_449' title='bbox 1599 3950 1940 4011; x_wconf 79' lang='lat' dir='ltr'><strong>conferetur,</strong></span> <span class='ocrx_word' id='word_1_450' title='bbox 1985 3947 2079 4015; x_wconf 91' lang='lat' dir='ltr'><strong>qui</strong></span> <span class='ocrx_word' id='word_1_451' title='bbox 2120 3944 2331 3997; x_wconf 88' lang='lat' dir='ltr'><strong>fructus</strong></span> 
     </span>
    </p>
   </div>
   <div class='ocr_carea' id='block_1_60' title="bbox 754 4038 2332 4112">
    <p class='ocr_par' dir='ltr' id='par_1_60' title="bbox 754 4038 2332 4112">
     <span class='ocr_line' id='line_1_60' title="bbox 754 4038 2332 4112; baseline -0.015 -4"><span class='ocrx_word' id='word_1_452' title='bbox 754 4072 886 4111; x_wconf 78' lang='lat' dir='ltr'><strong>suos</strong></span> <span class='ocrx_word' id='word_1_453' title='bbox 926 4054 1036 4109; x_wconf 87' lang='lat' dir='ltr'><strong>edit</strong></span> <span class='ocrx_word' id='word_1_454' title='bbox 1067 4050 1129 4099; x_wconf 78' lang='grc' dir='ltr'><strong>³ο.</strong></span> <span class='ocrx_word' id='word_1_455' title='bbox 1170 4070 1187 4099; x_wconf 74' lang='grc' dir='ltr'><strong>ι</strong></span> <span class='ocrx_word' id='word_1_456' title='bbox 1218 4048 1392 4112; x_wconf 81' lang='lat' dir='ltr'><strong>Quam</strong></span> <span class='ocrx_word' id='word_1_457' title='bbox 1430 4060 1460 4097; x_wconf 89' lang='lat' dir='ltr'><strong>e</strong></span> <span class='ocrx_word' id='word_1_458' title='bbox 1490 4046 1656 4096; x_wconf 87' lang='lat' dir='ltr'><strong>domo</strong></span> <span class='ocrx_word' id='word_1_459' title='bbox 1709 4039 1886 4109; x_wconf 87' lang='lat' dir='ltr'><strong>patris</strong></span> <span class='ocrx_word' id='word_1_460' title='bbox 1920 4038 2176 4106; x_wconf 80' lang='lat' dir='ltr'><strong>ejectam,</strong></span> <span class='ocrx_word' id='word_1_461' title='bbox 2236 4049 2332 4087; x_wconf 87' lang='lat' dir='ltr'><strong>su-</strong></span> 
     </span>
    </p>
   </div>
   <div class='ocr_carea' id='block_1_61' title="bbox 756 4124 2330 4215">
    <p class='ocr_par' dir='ltr' id='par_1_61' title="bbox 756 4124 2330 4215">
     <span class='ocr_line' id='line_1_61' title="bbox 756 4124 2330 4215; baseline -0.012 -18"><span class='ocrx_word' id='word_1_462' title='bbox 756 4162 851 4215; x_wconf 88' lang='lat' dir='ltr'><strong>per</strong></span> <span class='ocrx_word' id='word_1_463' title='bbox 900 4144 1055 4197; x_wconf 75' lang='lat' dir='ltr'><strong>asino</strong></span> <span class='ocrx_word' id='word_1_464' title='bbox 1084 4154 1244 4209; x_wconf 88' lang='lat' dir='ltr'><strong>quem</strong></span> <span class='ocrx_word' id='word_1_465' title='bbox 1268 4138 1555 4190; x_wconf 84' lang='lat' dir='ltr'><strong>solverunt</strong></span> <span class='ocrx_word' id='word_1_466' title='bbox 1607 4129 1891 4199; x_wconf 85' lang='lat' dir='ltr'><strong>discipuli,</strong></span> <span class='ocrx_word' id='word_1_467' title='bbox 1921 4129 2085 4181; x_wconf 76' lang='lat' dir='ltr'><strong>veho.</strong></span> <span class='ocrx_word' id='word_1_468' title='bbox 2145 4124 2330 4179; x_wconf 81' lang='lat' dir='ltr'><strong>Preci-</strong></span> 
     </span>
    </p>
   </div>
   <div class='ocr_carea' id='block_1_62' title="bbox 756 4216 2329 4291">
    <p class='ocr_par' dir='ltr' id='par_1_62' title="bbox 756 4216 2329 4291">
     <span class='ocr_line' id='line_1_62' title="bbox 756 4216 2329 4291; baseline -0.015 0"><span class='ocrx_word' id='word_1_469' title='bbox 756 4237 862 4291; x_wconf 89' lang='lat' dir='ltr'><strong>bus</strong></span> <span class='ocrx_word' id='word_1_470' title='bbox 905 4227 1557 4287; x_wconf 86' lang='lat' dir='ltr'><strong>autembcnedictionem</strong></span> <span class='ocrx_word' id='word_1_471' title='bbox 1628 4232 1915 4291; x_wconf 80' lang='lat' dir='ltr'><strong>paternam</strong></span> <span class='ocrx_word' id='word_1_472' title='bbox 1987 4216 2329 4286; x_wconf 77' lang='lat' dir='ltr'><strong>impetrarit,</strong></span> 
     </span>
    </p>
   </div>
   <div class='ocr_carea' id='block_1_63' title="bbox 753 4310 2334 4393">
    <p class='ocr_par' dir='ltr' id='par_1_63' title="bbox 753 4310 2334 4393">
     <span class='ocr_line' id='line_1_63' title="bbox 753 4310 2334 4393; baseline -0.016 -11"><span class='ocrx_word' id='word_1_473' title='bbox 753 4341 808 4383; x_wconf 80' lang='lat' dir='ltr'><strong>et</strong></span> <span class='ocrx_word' id='word_1_474' title='bbox 837 4328 1044 4393; x_wconf 84' lang='lat' dir='ltr'><strong>accepit</strong></span> <span class='ocrx_word' id='word_1_475' title='bbox 1080 4323 1287 4386; x_wconf 79' lang='lat' dir='ltr'><strong>irrigua</strong></span> <span class='ocrx_word' id='word_1_476' title='bbox 1320 4318 1607 4371; x_wconf 89' lang='lat' dir='ltr'><strong>inferiora.</strong></span> <span class='ocrx_word' id='word_1_477' title='bbox 1642 4314 1780 4365; x_wconf 80' lang='lat' dir='ltr'><strong>Nam</strong></span> <span class='ocrx_word' id='word_1_478' title='bbox 1840 4320 1895 4364; x_wconf 93' lang='lat' dir='ltr'><strong>et</strong></span> <span class='ocrx_word' id='word_1_479' title='bbox 1929 4311 1981 4362; x_wconf 92' lang='lat' dir='ltr'><strong>in</strong></span> <span class='ocrx_word' id='word_1_480' title='bbox 2043 4310 2143 4361; x_wconf 85' lang='lat' dir='ltr'><strong>huc</strong></span> <span class='ocrx_word' id='word_1_481' title='bbox 2198 4322 2334 4376; x_wconf 76' lang='lat' dir='ltr'><strong>pra:-</strong></span> 
     </span>
    </p>
   </div>
   <div class='ocr_carea' id='block_1_64' title="bbox 749 4399 2334 4477">
    <p class='ocr_par' dir='ltr' id='par_1_64' title="bbox 749 4399 2334 4477">
     <span class='ocr_line' id='line_1_64' title="bbox 749 4399 2334 4477; baseline -0.015 -1"><span class='ocrx_word' id='word_1_482' title='bbox 749 4422 895 4477; x_wconf 69' lang='lat' dir='ltr'><strong>svuti</strong></span> <span class='ocrx_word' id='word_1_483' title='bbox 927 4420 1035 4472; x_wconf 87' lang='lat' dir='ltr'><strong>vita</strong></span> <span class='ocrx_word' id='word_1_484' title='bbox 1094 4414 1410 4468; x_wconf 71' lang='lat' dir='ltr'><strong>haereditate</strong></span> <span class='ocrx_word' id='word_1_485' title='bbox 1476 4407 1760 4476; x_wconf 80' lang='lat' dir='ltr'><strong>acquirit,</strong></span> <span class='ocrx_word' id='word_1_486' title='bbox 1836 4413 1898 4457; x_wconf 93' lang='lat' dir='ltr'><strong>ut</strong></span> <span class='ocrx_word' id='word_1_487' title='bbox 1947 4416 2169 4472; x_wconf 87' lang='lat' dir='ltr'><strong>operam</strong></span> <span class='ocrx_word' id='word_1_488' title='bbox 2225 4399 2334 4454; x_wconf 83' lang='lat' dir='ltr'><strong>beo</strong></span> 
     </span>
    </p>
   </div>
   <div class='ocr_carea' id='block_1_65' title="bbox 2419 1918 4007 1997">
    <p class='ocr_par' dir='ltr' id='par_1_65' title="bbox 2419 1918 4007 1997">
     <span class='ocr_line' id='line_1_65' title="bbox 2419 1918 4007 1997; baseline -0.009 -15"><span class='ocrx_word' id='word_1_489' title='bbox 2419 1930 2519 1982; x_wconf 75' lang='grc' dir='ltr'><strong>οὐκ</strong></span> <span class='ocrx_word' id='word_1_490' title='bbox 2548 1928 2959 1997; x_wconf 81' lang='grc' dir='ltr'>ὲστηριγμένος.</span> <span class='ocrx_word' id='word_1_491' title='bbox 2994 1923 3102 1987; x_wconf 84' lang='grc' dir='ltr'>Οὓς</span> <span class='ocrx_word' id='word_1_492' title='bbox 3150 1922 3357 1976; x_wconf 80' lang='grc' dir='ltr'>ἀνελὼν</span> <span class='ocrx_word' id='word_1_493' title='bbox 3403 1925 3432 1975; x_wconf 90' lang='lat'><strong>6</strong></span> <span class='ocrx_word' id='word_1_494' title='bbox 3476 1919 3676 1981; x_wconf 83' lang='grc' dir='ltr'>Χάλεϐ,</span> <span class='ocrx_word' id='word_1_495' title='bbox 3727 1920 3819 1970; x_wconf 83' lang='grc' dir='ltr'><strong>ἐπὶ</strong></span> <span class='ocrx_word' id='word_1_496' title='bbox 3873 1918 4007 1980; x_wconf 66' lang='grc' dir='ltr'>τοὺς</span> 
     </span>
    </p>
   </div>
   <div class='ocr_carea' id='block_1_66' title="bbox 2421 2007 4006 2085">
    <p class='ocr_par' dir='ltr' id='par_1_66' title="bbox 2421 2007 4006 2085">
     <span class='ocr_line' id='line_1_66' title="bbox 2421 2007 4006 2085; baseline -0.009 -10"><span class='ocrx_word' id='word_1_497' title='bbox 2421 2021 2806 2083; x_wconf 76' lang='grc' dir='ltr'>κατοικοῦντας</span> <span class='ocrx_word' id='word_1_498' title='bbox 2836 2017 3115 2071; x_wconf 78' lang='grc' dir='ltr'>ἀναϐαίνει</span> <span class='ocrx_word' id='word_1_499' title='bbox 3140 2014 3359 2085; x_wconf 75' lang='grc' dir='ltr'>Δαϐεὶρ,</span> <span class='ocrx_word' id='word_1_500' title='bbox 3378 2014 3497 2084; x_wconf 73' lang='grc' dir='ltr'>ἥτις</span> <span class='ocrx_word' id='word_1_501' title='bbox 3514 2007 3580 2082; x_wconf 82' lang='grc' dir='ltr'>ἦν</span> <span class='ocrx_word' id='word_1_502' title='bbox 3618 2012 3767 2073; x_wconf 74' lang='grc' dir='ltr'>πόλις</span> <span class='ocrx_word' id='word_1_503' title='bbox 3810 2011 3849 2063; x_wconf 85' lang='grc' dir='ltr'>Γ</span> <span class='ocrx_word' id='word_1_504' title='bbox 3857 2028 4006 2079; x_wconf 80' lang='grc' dir='ltr'>ραμ-</span> 
     </span>
    </p>
   </div>
   <div class='ocr_carea' id='block_1_67' title="bbox 2424 2104 4007 2186">
    <p class='ocr_par' dir='ltr' id='par_1_67' title="bbox 2424 2104 4007 2186">
     <span class='ocr_line' id='line_1_67' title="bbox 2424 2104 4007 2186; baseline -0.011 -17"><span class='ocrx_word' id='word_1_505' title='bbox 2424 2118 2629 2186; x_wconf 76' lang='grc' dir='ltr'>ματων,</span> <span class='ocrx_word' id='word_1_506' title='bbox 2660 2114 2751 2166; x_wconf 78' lang='grc' dir='ltr'><strong>καὶ</strong></span> <span class='ocrx_word' id='word_1_507' title='bbox 2779 2111 3140 2181; x_wconf 74' lang='grc' dir='ltr'>ἑρμηνεύεται</span> <span class='ocrx_word' id='word_1_508' title='bbox 3171 2106 3375 2160; x_wconf 68' lang='grc' dir='ltr'>λαλιά.</span> <span class='ocrx_word' id='word_1_509' title='bbox 3409 2106 3645 2173; x_wconf 82' lang='grc' dir='ltr'>Νοητέον</span> <span class='ocrx_word' id='word_1_510' title='bbox 3688 2104 3743 2155; x_wconf 74' lang='grc' dir='ltr'><strong>δὲ</strong></span> <span class='ocrx_word' id='word_1_511' title='bbox 3793 2104 4007 2171; x_wconf 70' lang='grc' dir='ltr'>ταύτην</span> 
     </span>
    </p>
   </div>
   <div class='ocr_carea' id='block_1_68' title="bbox 2421 2196 4003 2278">
    <p class='ocr_par' dir='ltr' id='par_1_68' title="bbox 2421 2196 4003 2278">
     <span class='ocr_line' id='line_1_68' title="bbox 2421 2196 4003 2278; baseline -0.01 -17"><span class='ocrx_word' id='word_1_512' title='bbox 2421 2212 2519 2278; x_wconf 83' lang='grc' dir='ltr'>τὴν</span> <span class='ocrx_word' id='word_1_513' title='bbox 2546 2207 2779 2259; x_wconf 71' lang='grc' dir='ltr'>παλαιὰν</span> <span class='ocrx_word' id='word_1_514' title='bbox 2804 2200 2943 2256; x_wconf 80' lang='grc' dir='ltr'>εἶναι</span> <span class='ocrx_word' id='word_1_515' title='bbox 2962 2203 3182 2272; x_wconf 76' lang='grc' dir='ltr'>Γραφήν</span> <span class='ocrx_word' id='word_1_516' title='bbox 3213 2218 3224 2230; x_wconf 90' lang='grc'><strong>·</strong></span> <span class='ocrx_word' id='word_1_517' title='bbox 3259 2201 3292 2269; x_wconf 79' lang='grc' dir='ltr'>ἣ</span> <span class='ocrx_word' id='word_1_518' title='bbox 3311 2199 3618 2268; x_wconf 76' lang='grc' dir='ltr'>καλουμένη</span> <span class='ocrx_word' id='word_1_519' title='bbox 3645 2196 4003 2265; x_wconf 78' lang='grc' dir='ltr'>Γραμμάτων</span> 
     </span>
    </p>
   </div>
   <div class='ocr_carea' id='block_1_69' title="bbox 2422 2289 4006 2368">
    <p class='ocr_par' dir='ltr' id='par_1_69' title="bbox 2422 2289 4006 2368">
     <span class='ocr_line' id='line_1_69' title="bbox 2422 2289 4006 2368; baseline -0.009 -15"><span class='ocrx_word' id='word_1_520' title='bbox 2422 2303 2629 2368; x_wconf 84' lang='grc' dir='ltr'>γίνεται</span> <span class='ocrx_word' id='word_1_521' title='bbox 2657 2298 2836 2359; x_wconf 76' lang='grc' dir='ltr'>λαλιὰ,</span> <span class='ocrx_word' id='word_1_522' title='bbox 2875 2295 3111 2365; x_wconf 76' lang='grc' dir='ltr'>τυχοῦσα</span> <span class='ocrx_word' id='word_1_523' title='bbox 3145 2293 3371 2361; x_wconf 74' lang='grc' dir='ltr'>συνετῆς</span> <span class='ocrx_word' id='word_1_524' title='bbox 3415 2290 3747 2358; x_wconf 78' lang='grc' dir='ltr'>διηγήσεως.</span> <span class='ocrx_word' id='word_1_525' title='bbox 3793 2289 4006 2355; x_wconf 68' lang='grc' dir='ltr'>Ἐπιγ-</span> 
     </span>
    </p>
   </div>
   <div class='ocr_carea' id='block_1_70' title="bbox 2422 2379 4010 2463">
    <p class='ocr_par' dir='ltr' id='par_1_70' title="bbox 2422 2379 4010 2463">
     <span class='ocr_line' id='line_1_70' title="bbox 2422 2379 4010 2463; baseline -0.011 -16"><span class='ocrx_word' id='word_1_526' title='bbox 2422 2392 2754 2463; x_wconf 78' lang='grc' dir='ltr'>γέλλεταιδὲ</span> <span class='ocrx_word' id='word_1_527' title='bbox 2806 2389 2905 2460; x_wconf 82' lang='grc' dir='ltr'>τὴν</span> <span class='ocrx_word' id='word_1_528' title='bbox 2939 2386 3135 2441; x_wconf 78' lang='grc' dir='ltr'>ἑαυτοῦ</span> <span class='ocrx_word' id='word_1_529' title='bbox 3170 2385 3448 2453; x_wconf 81' lang='grc' dir='ltr'>θυγατέρα</span> <span class='ocrx_word' id='word_1_530' title='bbox 3496 2380 3573 2450; x_wconf 81' lang='grc' dir='ltr'>τῷ</span> <span class='ocrx_word' id='word_1_531' title='bbox 3623 2380 3721 2436; x_wconf 75' lang='grc' dir='ltr'>τὰς</span> <span class='ocrx_word' id='word_1_532' title='bbox 3781 2379 4010 2449; x_wconf 65' lang='grc' dir='ltr'>Γραφὰς</span> 
     </span>
    </p>
   </div>
   <div class='ocr_carea' id='block_1_71' title="bbox 2425 2470 4010 2549">
    <p class='ocr_par' dir='ltr' id='par_1_71' title="bbox 2425 2470 4010 2549">
     <span class='ocr_line' id='line_1_71' title="bbox 2425 2470 4010 2549; baseline -0.009 -14"><span class='ocrx_word' id='word_1_533' title='bbox 2425 2484 2626 2535; x_wconf 75' lang='grc' dir='ltr'>ἑλόντι³</span> <span class='ocrx_word' id='word_1_534' title='bbox 2650 2482 2742 2534; x_wconf 76' lang='grc' dir='ltr'><strong>καὶ</strong></span> <span class='ocrx_word' id='word_1_535' title='bbox 2770 2479 3036 2549; x_wconf 66' lang='grc' dir='ltr'>λαμϐάνει</span> <span class='ocrx_word' id='word_1_536' title='bbox 3089 2478 3187 2546; x_wconf 79' lang='grc' dir='ltr'>τὴν</span> <span class='ocrx_word' id='word_1_537' title='bbox 3224 2476 3378 2527; x_wconf 70' lang='grc' dir='ltr'>πόλιν</span> <span class='ocrx_word' id='word_1_538' title='bbox 3408 2474 3443 2526; x_wconf 87' lang='grc' dir='ltr'><strong><em>Γ</em></strong></span> <span class='ocrx_word' id='word_1_539' title='bbox 3448 2471 3679 2540; x_wconf 80' lang='grc' dir='ltr'>οθονιὴλ,</span> <span class='ocrx_word' id='word_1_540' title='bbox 3711 2470 3769 2533; x_wconf 80' lang='grc' dir='ltr'>ὃς</span> <span class='ocrx_word' id='word_1_541' title='bbox 3826 2471 4010 2540; x_wconf 75' lang='grc' dir='ltr'>ἑρμη-</span> 
     </span>
    </p>
   </div>
   <div class='ocr_carea' id='block_1_72' title="bbox 2426 2563 4009 2637">
    <p class='ocr_par' dir='ltr' id='par_1_72' title="bbox 2426 2563 4009 2637">
     <span class='ocr_line' id='line_1_72' title="bbox 2426 2563 4009 2637; baseline -0.009 -9"><span class='ocrx_word' id='word_1_542' title='bbox 2426 2576 2639 2628; x_wconf 85' lang='grc' dir='ltr'>νεύεται</span> <span class='ocrx_word' id='word_1_543' title='bbox 2684 2573 3030 2637; x_wconf 72' lang='grc' dir='ltr'><strong>Ἀπόκρισις</strong></span> <span class='ocrx_word' id='word_1_544' title='bbox 3067 2569 3235 2623; x_wconf 85' lang='grc' dir='ltr'><strong>Θεοῦ.</strong></span> <span class='ocrx_word' id='word_1_545' title='bbox 3274 2569 3443 2620; x_wconf 83' lang='grc' dir='ltr'>Ὅταν</span> <span class='ocrx_word' id='word_1_546' title='bbox 3481 2585 3569 2636; x_wconf 85' lang='grc' dir='ltr'><strong>μοι</strong></span> <span class='ocrx_word' id='word_1_547' title='bbox 3612 2563 3742 2629; x_wconf 78' lang='grc' dir='ltr'>Θεὸς</span> <span class='ocrx_word' id='word_1_548' title='bbox 3770 2564 4009 2634; x_wconf 79' lang='grc' dir='ltr'>ἀποκρί-</span> 
     </span>
    </p>
   </div>
   <div class='ocr_carea' id='block_1_73' title="bbox 2427 2658 4011 2736">
    <p class='ocr_par' dir='ltr' id='par_1_73' title="bbox 2427 2658 4011 2736">
     <span class='ocr_line' id='line_1_73' title="bbox 2427 2658 4011 2736; baseline -0.007 -18"><span class='ocrx_word' id='word_1_549' title='bbox 2427 2684 2605 2736; x_wconf 88' lang='grc' dir='ltr'>νηται,</span> <span class='ocrx_word' id='word_1_550' title='bbox 2623 2664 2818 2732; x_wconf 82' lang='grc' dir='ltr'>γέγονα</span> <span class='ocrx_word' id='word_1_551' title='bbox 2847 2663 3141 2730; x_wconf 73' lang='grc' dir='ltr'>ἀπόκρισις</span> <span class='ocrx_word' id='word_1_552' title='bbox 3157 2659 3315 2713; x_wconf 85' lang='grc' dir='ltr'>Θεοῦ.</span> <span class='ocrx_word' id='word_1_553' title='bbox 3356 2661 3641 2713; x_wconf 79' lang='grc' dir='ltr'>Ἐκκόπτω</span> <span class='ocrx_word' id='word_1_554' title='bbox 3663 2660 3806 2713; x_wconf 83' lang='grc' dir='ltr'><strong>δὲτὰ</strong></span> <span class='ocrx_word' id='word_1_555' title='bbox 3825 2658 4011 2726; x_wconf 75' lang='grc' dir='ltr'>γραμ-</span> 
     </span>
    </p>
   </div>
   <div class='ocr_carea' id='block_1_74' title="bbox 2433 2749 4015 2826">
    <p class='ocr_par' dir='ltr' id='par_1_74' title="bbox 2433 2749 4015 2826">
     <span class='ocr_line' id='line_1_74' title="bbox 2433 2749 4015 2826; baseline -0.006 -17"><span class='ocrx_word' id='word_1_556' title='bbox 2433 2774 2603 2826; x_wconf 91' lang='grc' dir='ltr'>ματα,</span> <span class='ocrx_word' id='word_1_557' title='bbox 2632 2753 2857 2821; x_wconf 63' lang='grc' dir='ltr'>ἁδελφος</span> <span class='ocrx_word' id='word_1_558' title='bbox 2882 2752 2956 2804; x_wconf 82' lang='grc' dir='ltr'>ὢν</span> <span class='ocrx_word' id='word_1_559' title='bbox 2985 2749 3164 2803; x_wconf 78' lang='grc' dir='ltr'>Χάλεϐ</span> <span class='ocrx_word' id='word_1_560' title='bbox 3194 2754 3221 2803; x_wconf 92' lang='lat'><strong>6</strong></span> <span class='ocrx_word' id='word_1_561' title='bbox 3245 2751 3826 2821; x_wconf 82' lang='grc' dir='ltr'>νεῶτερος,τουτέστιν</span> <span class='ocrx_word' id='word_1_562' title='bbox 3854 2752 3881 2802; x_wconf 83' lang='lat'><strong>6</strong></span> <span class='ocrx_word' id='word_1_563' title='bbox 3900 2749 4015 2801; x_wconf 72' lang='grc' dir='ltr'>ἀπὸ</span> 
     </span>
    </p>
   </div>
   <div class='ocr_carea' id='block_1_75' title="bbox 2429 2842 4014 2918">
    <p class='ocr_par' dir='ltr' id='par_1_75' title="bbox 2429 2842 4014 2918">
     <span class='ocr_line' id='line_1_75' title="bbox 2429 2842 4014 2918; baseline -0.006 -17"><span class='ocrx_word' id='word_1_564' title='bbox 2429 2849 2525 2918; x_wconf 83' lang='grc' dir='ltr'><strong>τῆς</strong></span> <span class='ocrx_word' id='word_1_565' title='bbox 2567 2845 2912 2913; x_wconf 81' lang='grc' dir='ltr'>Ἐκκλησίας.</span> <span class='ocrx_word' id='word_1_566' title='bbox 2954 2845 3067 2897; x_wconf 70' lang='grc' dir='ltr'><strong>Οὔκ</strong></span> <span class='ocrx_word' id='word_1_567' title='bbox 3099 2845 3179 2895; x_wconf 77' lang='grc' dir='ltr'><strong>ἔτι</strong></span> <span class='ocrx_word' id='word_1_568' title='bbox 3212 2846 3321 2913; x_wconf 66' lang='grc' dir='ltr'><strong>γὰρ</strong></span> <span class='ocrx_word' id='word_1_569' title='bbox 3349 2844 3755 2912; x_wconf 87' lang='grc' dir='ltr'>περιτέμνομαι</span> <span class='ocrx_word' id='word_1_570' title='bbox 3780 2842 3921 2894; x_wconf 69' lang='grc' dir='ltr'>κατὰ</span> <span class='ocrx_word' id='word_1_571' title='bbox 3947 2842 4014 2892; x_wconf 75' lang='grc' dir='ltr'><strong>τὸ</strong></span> 
     </span>
    </p>
   </div>
   <div class='ocr_carea' id='block_1_76' title="bbox 2428 2930 4009 3010">
    <p class='ocr_par' dir='ltr' id='par_1_76' title="bbox 2428 2930 4009 3010">
     <span class='ocr_line' id='line_1_76' title="bbox 2428 2930 4009 3010; baseline -0.004 -18"><span class='ocrx_word' id='word_1_572' title='bbox 2428 2940 2685 3010; x_wconf 82' lang='grc' dir='ltr'>γράμμα,</span> <span class='ocrx_word' id='word_1_573' title='bbox 2722 2939 2781 2990; x_wconf 80' lang='grc' dir='ltr'><strong>ού</strong></span> <span class='ocrx_word' id='word_1_574' title='bbox 2812 2938 3003 3004; x_wconf 73' lang='grc' dir='ltr'>Πάσχα</span> <span class='ocrx_word' id='word_1_575' title='bbox 3036 2935 3197 2999; x_wconf 81' lang='grc' dir='ltr'>ποιῶ,</span> <span class='ocrx_word' id='word_1_576' title='bbox 3217 2935 3317 2987; x_wconf 77' lang='grc' dir='ltr'>οὐκ</span> <span class='ocrx_word' id='word_1_577' title='bbox 3344 2935 3549 3003; x_wconf 74' lang='grc' dir='ltr'>ἄζυμα,</span> <span class='ocrx_word' id='word_1_578' title='bbox 3576 2937 3637 2987; x_wconf 78' lang='grc' dir='ltr'><strong>ού</strong></span> <span class='ocrx_word' id='word_1_579' title='bbox 3669 2930 4009 2996; x_wconf 79' lang='grc' dir='ltr'>σαϐϐατίζω.</span> 
     </span>
    </p>
   </div>
   <div class='ocr_carea' id='block_1_77' title="bbox 2431 3026 4013 3098">
    <p class='ocr_par' dir='ltr' id='par_1_77' title="bbox 2431 3026 4013 3098">
     <span class='ocr_line' id='line_1_77' title="bbox 2431 3026 4013 3098; baseline -0.004 -14"><span class='ocrx_word' id='word_1_580' title='bbox 2431 3032 2541 3084; x_wconf 78' lang='grc' dir='ltr'><strong>Καὶ</strong></span> <span class='ocrx_word' id='word_1_581' title='bbox 2572 3030 2666 3083; x_wconf 83' lang='grc' dir='ltr'><strong>τοῦ</strong></span> <span class='ocrx_word' id='word_1_582' title='bbox 2700 3028 2929 3096; x_wconf 83' lang='grc' dir='ltr'>ἀδελφοῦ</span> <span class='ocrx_word' id='word_1_583' title='bbox 2974 3045 3075 3097; x_wconf 86' lang='grc' dir='ltr'><strong>μου</strong></span> <span class='ocrx_word' id='word_1_584' title='bbox 3108 3026 3201 3079; x_wconf 83' lang='grc' dir='ltr'><strong>τοῦ</strong></span> <span class='ocrx_word' id='word_1_585' title='bbox 3231 3026 3601 3097; x_wconf 78' lang='grc' dir='ltr'>πρεσϐυτέρου</span> <span class='ocrx_word' id='word_1_586' title='bbox 3635 3026 3897 3098; x_wconf 69' lang='grc' dir='ltr'>λαμϐάνω</span> <span class='ocrx_word' id='word_1_587' title='bbox 3950 3026 4013 3077; x_wconf 82' lang='grc' dir='ltr'><strong>τὸ</strong></span> 
     </span>
    </p>
   </div>
   <div class='ocr_carea' id='block_1_78' title="bbox 2431 3118 4012 3192">
    <p class='ocr_par' dir='ltr' id='par_1_78' title="bbox 2431 3118 4012 3192">
     <span class='ocr_line' id='line_1_78' title="bbox 2431 3118 4012 3192; baseline -0.004 -16"><span class='ocrx_word' id='word_1_588' title='bbox 2431 3124 2700 3192; x_wconf 79' lang='grc' dir='ltr'>γέννημα,</span> <span class='ocrx_word' id='word_1_589' title='bbox 2733 3123 2762 3173; x_wconf 86' lang='lat'><strong>6</strong></span> <span class='ocrx_word' id='word_1_590' title='bbox 2790 3120 2885 3174; x_wconf 82' lang='grc' dir='ltr'><strong>τοῦ</strong></span> <span class='ocrx_word' id='word_1_591' title='bbox 2916 3120 3092 3182; x_wconf 73' lang='grc' dir='ltr'>Κενὲζ</span> <span class='ocrx_word' id='word_1_592' title='bbox 3126 3120 3239 3180; x_wconf 76' lang='grc' dir='ltr'>υἱὸς</span> <span class='ocrx_word' id='word_1_593' title='bbox 3271 3119 3531 3187; x_wconf 58' lang='grc' dir='ltr'>γεγονὸς,</span> <span class='ocrx_word' id='word_1_594' title='bbox 3561 3120 3617 3182; x_wconf 82' lang='grc' dir='ltr'>ὃς</span> <span class='ocrx_word' id='word_1_595' title='bbox 3645 3118 4012 3188; x_wconf 72' lang='grc' dir='ltr'>ἑρμηνεύεται</span> 
     </span>
    </p>
   </div>
   <div class='ocr_carea' id='block_1_79' title="bbox 2430 3212 4012 3285">
    <p class='ocr_par' dir='ltr' id='par_1_79' title="bbox 2430 3212 4012 3285">
     <span class='ocr_line' id='line_1_79' title="bbox 2430 3212 4012 3285; baseline -0.004 -16"><span class='ocrx_word' id='word_1_596' title='bbox 2430 3218 2797 3285; x_wconf 71' lang='grc' dir='ltr'>φαυλισμός.</span> <span class='ocrx_word' id='word_1_597' title='bbox 2843 3213 3048 3266; x_wconf 87' lang='grc' dir='ltr'>Ὀποῖοι</span> <span class='ocrx_word' id='word_1_598' title='bbox 3089 3212 3399 3280; x_wconf 83' lang='grc' dir='ltr'>γεγόναμεν</span> <span class='ocrx_word' id='word_1_599' title='bbox 3442 3214 3492 3264; x_wconf 81' lang='grc' dir='ltr'>οἰ</span> <span class='ocrx_word' id='word_1_600' title='bbox 3543 3212 3602 3275; x_wconf 80' lang='grc' dir='ltr'><strong>ἐξ</strong></span> <span class='ocrx_word' id='word_1_601' title='bbox 3654 3212 3845 3274; x_wconf 84' lang='grc' dir='ltr'>ὲονῶν,</span> <span class='ocrx_word' id='word_1_602' title='bbox 3913 3212 4012 3263; x_wconf 82' lang='grc' dir='ltr'><strong>τοῦ</strong></span> 
     </span>
    </p>
   </div>
   <div class='ocr_carea' id='block_1_80' title="bbox 2431 3302 4016 3379">
    <p class='ocr_par' dir='ltr' id='par_1_80' title="bbox 2431 3302 4016 3379">
     <span class='ocr_line' id='line_1_80' title="bbox 2431 3302 4016 3379; baseline -0.003 -17"><span class='ocrx_word' id='word_1_603' title='bbox 2431 3307 2805 3379; x_wconf 83' lang='grc' dir='ltr'>πρεσϐυτέρου</span> <span class='ocrx_word' id='word_1_604' title='bbox 2837 3306 3068 3376; x_wconf 82' lang='grc' dir='ltr'>ἀδελφοῦ</span> <span class='ocrx_word' id='word_1_605' title='bbox 3103 3306 3177 3376; x_wconf 85' lang='grc' dir='ltr'><strong>μὴ</strong></span> <span class='ocrx_word' id='word_1_606' title='bbox 3210 3308 3456 3359; x_wconf 83' lang='grc' dir='ltr'>τοιούτου</span> <span class='ocrx_word' id='word_1_607' title='bbox 3486 3310 3869 3376; x_wconf 81' lang='grc' dir='ltr'>τυγχάνοντος.</span> <span class='ocrx_word' id='word_1_608' title='bbox 3900 3302 4016 3359; x_wconf 84' lang='grc' dir='ltr'>Ἦν</span> 
     </span>
    </p>
   </div>
   <div class='ocr_carea' id='block_1_81' title="bbox 2431 3397 4017 3470">
    <p class='ocr_par' dir='ltr' id='par_1_81' title="bbox 2431 3397 4017 3470">
     <span class='ocr_line' id='line_1_81' title="bbox 2431 3397 4017 3470; baseline -0.001 -17"><span class='ocrx_word' id='word_1_609' title='bbox 2431 3401 2539 3470; x_wconf 84' lang='grc' dir='ltr'>γὰρ</span> <span class='ocrx_word' id='word_1_610' title='bbox 2570 3400 2683 3461; x_wconf 76' lang='grc' dir='ltr'>υἱὸς</span> <span class='ocrx_word' id='word_1_611' title='bbox 2733 3397 2969 3469; x_wconf 84' lang='grc' dir='ltr'>Ἰεφοννὴ</span> <span class='ocrx_word' id='word_1_612' title='bbox 2994 3398 3093 3465; x_wconf 81' lang='grc' dir='ltr'>τῆς</span> <span class='ocrx_word' id='word_1_613' title='bbox 3122 3399 3479 3467; x_wconf 74' lang='grc' dir='ltr'>ἐπιστροφῆς.</span> <span class='ocrx_word' id='word_1_614' title='bbox 3524 3401 3617 3461; x_wconf 75' lang='grc' dir='ltr'>Ὃς</span> <span class='ocrx_word' id='word_1_615' title='bbox 3674 3398 3861 3451; x_wconf 82' lang='grc' dir='ltr'>δίδωσί</span> <span class='ocrx_word' id='word_1_616' title='bbox 3920 3417 4017 3467; x_wconf 81' lang='grc' dir='ltr'><strong>μοι</strong></span> 
     </span>
    </p>
   </div>
   <div class='ocr_carea' id='block_1_82' title="bbox 2429 3490 4015 3561">
    <p class='ocr_par' dir='ltr' id='par_1_82' title="bbox 2429 3490 4015 3561">
     <span class='ocr_line' id='line_1_82' title="bbox 2429 3490 4015 3561; baseline -0.001 -17"><span class='ocrx_word' id='word_1_617' title='bbox 2429 3491 2529 3561; x_wconf 83' lang='grc' dir='ltr'>τὴν</span> <span class='ocrx_word' id='word_1_618' title='bbox 2558 3490 2831 3557; x_wconf 82' lang='grc' dir='ltr'>ουγατέρα</span> <span class='ocrx_word' id='word_1_619' title='bbox 2864 3490 3009 3542; x_wconf 81' lang='grc' dir='ltr'>κατὰ</span> <span class='ocrx_word' id='word_1_620' title='bbox 3051 3490 3110 3541; x_wconf 83' lang='grc' dir='ltr'><strong>τὸ</strong></span> <span class='ocrx_word' id='word_1_621' title='bbox 3144 3490 3552 3559; x_wconf 80' lang='grc' dir='ltr'>γεγραμμένον.</span> <span class='ocrx_word' id='word_1_622' title='bbox 3614 3510 3632 3541; x_wconf 76' lang='lat' dir='ltr'><strong>r</strong></span> <span class='ocrx_word' id='word_1_623' title='bbox 3679 3490 4015 3559; x_wconf 75' lang='grc' dir='ltr'>Ἀροήυεται</span> 
     </span>
    </p>
   </div>
   <div class='ocr_carea' id='block_1_83' title="bbox 2430 3580 4017 3653">
    <p class='ocr_par' dir='ltr' id='par_1_83' title="bbox 2430 3580 4017 3653">
     <span class='ocr_line' id='line_1_83' title="bbox 2430 3580 4017 3653; baseline -0.003 -17"><span class='ocrx_word' id='word_1_624' title='bbox 2430 3585 2523 3650; x_wconf 79' lang='grc' dir='ltr'><strong>ἀφ’</strong></span> <span class='ocrx_word' id='word_1_625' title='bbox 2556 3583 2709 3653; x_wconf 81' lang='grc' dir='ltr'>ὑμῶν</span> <span class='ocrx_word' id='word_1_626' title='bbox 2734 3584 2766 3652; x_wconf 75' lang='grc' dir='ltr'>ἡ</span> <span class='ocrx_word' id='word_1_627' title='bbox 2796 3581 3047 3650; x_wconf 78' lang='grc' dir='ltr'>βασιλεία</span> <span class='ocrx_word' id='word_1_628' title='bbox 3089 3580 3184 3633; x_wconf 84' lang='grc' dir='ltr'><strong>τοῦ</strong></span> <span class='ocrx_word' id='word_1_629' title='bbox 3211 3580 3370 3645; x_wconf 89' lang='grc' dir='ltr'>Θεοῦ,</span> <span class='ocrx_word' id='word_1_630' title='bbox 3412 3583 3502 3633; x_wconf 78' lang='grc' dir='ltr'><strong>καὶ</strong></span> <span class='ocrx_word' id='word_1_631' title='bbox 3529 3581 3810 3650; x_wconf 82' lang='grc' dir='ltr'>δοθήσεται</span> <span class='ocrx_word' id='word_1_632' title='bbox 3870 3581 4017 3633; x_wconf 72' lang='grc' dir='ltr'>ἔθνει</span> 
     </span>
    </p>
   </div>
   <div class='ocr_carea' id='block_1_84' title="bbox 2432 3673 4014 3745">
    <p class='ocr_par' dir='ltr' id='par_1_84' title="bbox 2432 3673 4014 3745">
     <span class='ocr_line' id='line_1_84' title="bbox 2432 3673 4014 3745; baseline -0.001 -18"><span class='ocrx_word' id='word_1_633' title='bbox 2432 3674 2675 3728; x_wconf 79' lang='grc' dir='ltr'>ποιοῦντι</span> <span class='ocrx_word' id='word_1_634' title='bbox 2710 3676 2836 3736; x_wconf 74' lang='grc' dir='ltr'>τοὺς</span> <span class='ocrx_word' id='word_1_635' title='bbox 2870 3674 3114 3745; x_wconf 71' lang='grc' dir='ltr'>καρποὺς</span> <span class='ocrx_word' id='word_1_636' title='bbox 3142 3673 3335 3740; x_wconf 80' lang='grc' dir='ltr'>αὐτῆς.</span> <span class='ocrx_word' id='word_1_637' title='bbox 3371 3692 3389 3724; x_wconf 76' lang='grc' dir='ltr'><strong>ι</strong></span> <span class='ocrx_word' id='word_1_638' title='bbox 3454 3674 3559 3725; x_wconf 82' lang='lat' dir='ltr'><strong>&quot;llv</strong></span> <span class='ocrx_word' id='word_1_639' title='bbox 3613 3673 3862 3725; x_wconf 77' lang='grc' dir='ltr'>ἐκϐαλὼν</span> <span class='ocrx_word' id='word_1_640' title='bbox 3916 3674 4014 3726; x_wconf 81' lang='grc' dir='ltr'><strong>τοῦ</strong></span> 
     </span>
    </p>
   </div>
   <div class='ocr_carea' id='block_1_85' title="bbox 2431 3763 4013 3834">
    <p class='ocr_par' dir='ltr' id='par_1_85' title="bbox 2431 3763 4013 3834">
     <span class='ocr_line' id='line_1_85' title="bbox 2431 3763 4013 3834; baseline 0.001 -17"><span class='ocrx_word' id='word_1_641' title='bbox 2431 3765 2579 3818; x_wconf 78' lang='grc' dir='ltr'>οἴκου</span> <span class='ocrx_word' id='word_1_642' title='bbox 2607 3765 2698 3817; x_wconf 84' lang='grc' dir='ltr'><strong>τοῦ</strong></span> <span class='ocrx_word' id='word_1_643' title='bbox 2730 3764 2957 3833; x_wconf 71' lang='grc' dir='ltr'>πατρὸς,</span> <span class='ocrx_word' id='word_1_644' title='bbox 2993 3764 3079 3815; x_wconf 71' lang='grc' dir='ltr'><strong>ἐπ’</strong></span> <span class='ocrx_word' id='word_1_645' title='bbox 3106 3765 3228 3816; x_wconf 75' lang='grc' dir='ltr'>ὄνου</span> <span class='ocrx_word' id='word_1_646' title='bbox 3263 3764 3436 3833; x_wconf 80' lang='grc' dir='ltr'>φέρω,</span> <span class='ocrx_word' id='word_1_647' title='bbox 3467 3764 3527 3815; x_wconf 80' lang='grc' dir='ltr'>ὃν</span> <span class='ocrx_word' id='word_1_648' title='bbox 3560 3763 3758 3816; x_wconf 80' lang='grc' dir='ltr'>ἔλυσαν</span> <span class='ocrx_word' id='word_1_649' title='bbox 3817 3766 3869 3816; x_wconf 75' lang='grc' dir='ltr'>οἱ</span> <span class='ocrx_word' id='word_1_650' title='bbox 3905 3783 4013 3834; x_wconf 80' lang='grc' dir='ltr'>μα-</span> 
     </span>
    </p>
   </div>
   <div class='ocr_carea' id='block_1_86' title="bbox 2433 3853 4012 3937">
    <p class='ocr_par' dir='ltr' id='par_1_86' title="bbox 2433 3853 4012 3937">
     <span class='ocr_line' id='line_1_86' title="bbox 2433 3853 4012 3937; baseline 0.001 -30"><span class='ocrx_word' id='word_1_651' title='bbox 2433 3856 2593 3937; x_wconf 73' lang='grc' dir='ltr'>Θηταί</span> <span class='ocrx_word' id='word_1_652' title='bbox 2619 3872 2632 3886; x_wconf 87' lang='grc'><strong>·</strong></span> <span class='ocrx_word' id='word_1_653' title='bbox 2664 3856 2759 3907; x_wconf 77' lang='grc' dir='ltr'><strong>καὶ</strong></span> <span class='ocrx_word' id='word_1_654' title='bbox 2778 3853 2839 3919; x_wconf 79' lang='grc' dir='ltr'>ἐξ</span> <span class='ocrx_word' id='word_1_655' title='bbox 2862 3857 3131 3922; x_wconf 78' lang='grc' dir='ltr'>αἰτήσεως</span> <span class='ocrx_word' id='word_1_656' title='bbox 3162 3855 3420 3922; x_wconf 80' lang='grc' dir='ltr'>εὐλογίαν</span> <span class='ocrx_word' id='word_1_657' title='bbox 3481 3854 3675 3924; x_wconf 70' lang='grc' dir='ltr'>εἴληφε</span> <span class='ocrx_word' id='word_1_658' title='bbox 3713 3856 4012 3924; x_wconf 76' lang='grc' dir='ltr'>πατρικήν.</span> 
     </span>
    </p>
   </div>
   <div class='ocr_carea' id='block_1_87' title="bbox 2433 3945 4015 4017">
    <p class='ocr_par' dir='ltr' id='par_1_87' title="bbox 2433 3945 4015 4017">
     <span class='ocr_line' id='line_1_87' title="bbox 2433 3945 4015 4017; baseline -0.003 -16"><span class='ocrx_word' id='word_1_659' title='bbox 2433 3948 2542 4001; x_wconf 73' lang='grc' dir='ltr'>Καὶ</span> <span class='ocrx_word' id='word_1_660' title='bbox 2573 3945 2841 4016; x_wconf 78' lang='grc' dir='ltr'>λαμϐάνει</span> <span class='ocrx_word' id='word_1_661' title='bbox 2876 3945 3140 4000; x_wconf 83' lang='grc' dir='ltr'>Γονέολαν</span> <span class='ocrx_word' id='word_1_662' title='bbox 3192 3946 3292 4015; x_wconf 81' lang='grc' dir='ltr'>τὴν</span> <span class='ocrx_word' id='word_1_663' title='bbox 3321 3946 3473 3999; x_wconf 78' lang='grc' dir='ltr'>κάτω</span> <span class='ocrx_word' id='word_1_664' title='bbox 3500 3962 3513 3974; x_wconf 79' lang='grc'><em>’</em></span> <span class='ocrx_word' id='word_1_665' title='bbox 3538 3947 3872 4015; x_wconf 82' lang='grc' dir='ltr'>κληρονομεῖ</span> <span class='ocrx_word' id='word_1_666' title='bbox 3904 3947 4015 4017; x_wconf 71' lang='grc' dir='ltr'><strong>γὰρ</strong></span> 
     </span>
    </p>
   </div>
   <div class='ocr_carea' id='block_1_88' title="bbox 2434 4037 4016 4108">
    <p class='ocr_par' dir='ltr' id='par_1_88' title="bbox 2434 4037 4016 4108">
     <span class='ocr_line' id='line_1_88' title="bbox 2434 4037 4016 4108; baseline -0.001 -17"><span class='ocrx_word' id='word_1_667' title='bbox 2434 4041 2535 4091; x_wconf 83' lang='grc' dir='ltr'>κάν</span> <span class='ocrx_word' id='word_1_668' title='bbox 2563 4038 2643 4108; x_wconf 81' lang='grc' dir='ltr'>τῷ</span> <span class='ocrx_word' id='word_1_669' title='bbox 2667 4038 2896 4108; x_wconf 78' lang='grc' dir='ltr'>παρόντι</span> <span class='ocrx_word' id='word_1_670' title='bbox 2929 4037 3031 4107; x_wconf 82' lang='grc' dir='ltr'><strong>βίῳ</strong></span> <span class='ocrx_word' id='word_1_671' title='bbox 3063 4038 3126 4090; x_wconf 79' lang='grc' dir='ltr'>τὸ</span> <span class='ocrx_word' id='word_1_672' title='bbox 3158 4039 3421 4107; x_wconf 79' lang='grc' dir='ltr'>σχολάσαι</span> <span class='ocrx_word' id='word_1_673' title='bbox 3447 4038 3565 4107; x_wconf 83' lang='grc' dir='ltr'><strong>Θεῷ</strong></span> <span class='ocrx_word' id='word_1_674' title='bbox 3593 4056 3607 4069; x_wconf 75' lang='grc' dir='ltr'><strong>ο</strong></span> <span class='ocrx_word' id='word_1_675' title='bbox 3626 4041 3720 4092; x_wconf 79' lang='grc' dir='ltr'><strong>καὶ</strong></span> <span class='ocrx_word' id='word_1_676' title='bbox 3747 4038 4016 4092; x_wconf 81' lang='grc' dir='ltr'>Γονὲολαν</span> 
     </span>
    </p>
   </div>
   <div class='ocr_carea' id='block_1_89' title="bbox 2431 4110 4017 4199">
    <p class='ocr_par' dir='ltr' id='par_1_89' title="bbox 2431 4110 4017 4199">
     <span class='ocr_line' id='line_1_89' title="bbox 2431 4110 4017 4199; baseline -0.001 -19"><span class='ocrx_word' id='word_1_677' title='bbox 2431 4128 2530 4197; x_wconf 84' lang='grc' dir='ltr'>τὴν</span> <span class='ocrx_word' id='word_1_678' title='bbox 2556 4128 2667 4181; x_wconf 83' lang='grc' dir='ltr'><strong>ἄνω</strong></span> <span class='ocrx_word' id='word_1_679' title='bbox 2698 4143 2713 4157; x_wconf 90' lang='grc'><strong>·</strong></span> <span class='ocrx_word' id='word_1_680' title='bbox 2746 4128 2779 4196; x_wconf 76' lang='grc' dir='ltr'><strong>ἠ</strong></span> <span class='ocrx_word' id='word_1_681' title='bbox 2802 4127 2909 4197; x_wconf 81' lang='grc' dir='ltr'><strong>γὰρ</strong></span> <span class='ocrx_word' id='word_1_682' title='bbox 2937 4126 3077 4179; x_wconf 77' lang='grc' dir='ltr'>κατὰ</span> <span class='ocrx_word' id='word_1_683' title='bbox 3111 4127 3243 4181; x_wconf 80' lang='grc' dir='ltr'>Θεὸν</span> <span class='ocrx_word' id='word_1_684' title='bbox 3275 4110 3619 4199; x_wconf 80' lang='grc' dir='ltr'>μακαριότης</span> <span class='ocrx_word' id='word_1_685' title='bbox 3673 4130 4017 4196; x_wconf 75' lang='grc' dir='ltr'>ἐπαγγελίαν</span> 
     </span>
    </p>
   </div>
   <div class='ocr_carea' id='block_1_90' title="bbox 2433 4218 4013 4289">
    <p class='ocr_par' dir='ltr' id='par_1_90' title="bbox 2433 4218 4013 4289">
     <span class='ocr_line' id='line_1_90' title="bbox 2433 4218 4013 4289; baseline -0.001 -18"><span class='ocrx_word' id='word_1_686' title='bbox 2433 4219 2543 4289; x_wconf 79' lang='grc' dir='ltr'>ἔχει</span> <span class='ocrx_word' id='word_1_687' title='bbox 2578 4218 2744 4287; x_wconf 81' lang='grc' dir='ltr'>ζωῆς,</span> <span class='ocrx_word' id='word_1_688' title='bbox 2775 4222 2869 4271; x_wconf 67' lang='grc' dir='ltr'>καὶ</span> <span class='ocrx_word' id='word_1_689' title='bbox 2904 4219 3001 4288; x_wconf 78' lang='grc' dir='ltr'>τῆς</span> <span class='ocrx_word' id='word_1_690' title='bbox 3040 4218 3344 4288; x_wconf 79' lang='grc' dir='ltr'>παρούσης,</span> <span class='ocrx_word' id='word_1_691' title='bbox 3412 4219 3632 4286; x_wconf 78' lang='grc' dir='ltr'>καὶτῆς</span> <span class='ocrx_word' id='word_1_692' title='bbox 3688 4218 4013 4287; x_wconf 74' lang='grc' dir='ltr'>μελλούσης.</span> 
     </span>
    </p>
   </div>
   <div class='ocr_carea' id='block_1_91' title="bbox 2438 4310 4016 4383">
    <p class='ocr_par' dir='ltr' id='par_1_91' title="bbox 2438 4310 4016 4383">
     <span class='ocr_line' id='line_1_91' title="bbox 2438 4310 4016 4383; baseline -0.002 -17"><span class='ocrx_word' id='word_1_693' title='bbox 2438 4315 2644 4383; x_wconf 74' lang='grc' dir='ltr'>ᾜτησε</span> <span class='ocrx_word' id='word_1_694' title='bbox 2674 4312 2731 4364; x_wconf 81' lang='grc' dir='ltr'><strong>δὲ</strong></span> <span class='ocrx_word' id='word_1_695' title='bbox 2757 4310 2985 4381; x_wconf 86' lang='grc' dir='ltr'>ταύτην,</span> <span class='ocrx_word' id='word_1_696' title='bbox 3013 4311 3089 4371; x_wconf 83' lang='grc' dir='ltr'>ὡς</span> <span class='ocrx_word' id='word_1_697' title='bbox 3115 4313 3194 4374; x_wconf 87' lang='grc' dir='ltr'>εἰς</span> <span class='ocrx_word' id='word_1_698' title='bbox 3221 4312 3281 4364; x_wconf 79' lang='grc' dir='ltr'><strong>τὸ</strong></span> <span class='ocrx_word' id='word_1_699' title='bbox 3304 4313 3402 4380; x_wconf 79' lang='grc' dir='ltr'>τῆς</span> <span class='ocrx_word' id='word_1_700' title='bbox 3465 4310 3814 4381; x_wconf 83' lang='grc' dir='ltr'>μεσημϐρίας</span> <span class='ocrx_word' id='word_1_701' title='bbox 3872 4328 4016 4380; x_wconf 85' lang='grc' dir='ltr'>πεμ-</span> 
     </span>
    </p>
   </div>
   <div class='ocr_carea' id='block_1_92' title="bbox 2435 4402 4013 4474">
    <p class='ocr_par' dir='ltr' id='par_1_92' title="bbox 2435 4402 4013 4474">
     <span class='ocr_line' id='line_1_92' title="bbox 2435 4402 4013 4474; baseline -0.002 -18"><span class='ocrx_word' id='word_1_702' title='bbox 2435 4404 2644 4474; x_wconf 78' lang='grc' dir='ltr'>πομένη</span> <span class='ocrx_word' id='word_1_703' title='bbox 2676 4402 2847 4473; x_wconf 80' lang='grc' dir='ltr'>κλίμα</span> <span class='ocrx_word' id='word_1_704' title='bbox 2878 4402 3332 4471; x_wconf 77' lang='grc' dir='ltr'>καταυγασθῆναι</span> <span class='ocrx_word' id='word_1_705' title='bbox 3364 4402 3443 4472; x_wconf 85' lang='grc' dir='ltr'>τῷ</span> <span class='ocrx_word' id='word_1_706' title='bbox 3472 4403 3684 4455; x_wconf 74' lang='grc' dir='ltr'>ἐκεῖθεν</span> <span class='ocrx_word' id='word_1_707' title='bbox 3716 4402 3880 4470; x_wconf 76' lang='grc' dir='ltr'>φωτὶ,</span> <span class='ocrx_word' id='word_1_708' title='bbox 3916 4404 4013 4453; x_wconf 74' lang='grc' dir='ltr'><strong>καὶ</strong></span> 
     </span>
    </p>
   </div>
   <div class='ocr_carea' id='block_1_93' title="bbox 755 4491 2442 4587">
    <p class='ocr_par' dir='ltr' id='par_1_93' title="bbox 755 4491 2442 4587">
     <span class='ocr_line' id='line_1_93' title="bbox 755 4491 2442 4587; baseline -0.016 -22"><span class='ocrx_word' id='word_1_709' title='bbox 755 4515 887 4565; x_wconf 84' lang='lat' dir='ltr'><strong>dare</strong></span> <span class='ocrx_word' id='word_1_710' title='bbox 916 4510 1131 4580; x_wconf 85' lang='lat' dir='ltr'><strong>possit;</strong></span> <span class='ocrx_word' id='word_1_711' title='bbox 1160 4515 1216 4560; x_wconf 89' lang='lat' dir='ltr'><strong>et</strong></span> <span class='ocrx_word' id='word_1_712' title='bbox 1252 4503 1594 4570; x_wconf 85' lang='lat' dir='ltr'><strong>superiorem</strong></span> <span class='ocrx_word' id='word_1_713' title='bbox 1629 4499 1892 4563; x_wconf 82' lang='lat' dir='ltr'><strong>stirpem:</strong></span> <span class='ocrx_word' id='word_1_714' title='bbox 1926 4493 2163 4547; x_wconf 86' lang='lat' dir='ltr'><strong>felicitas</strong></span> <span class='ocrx_word' id='word_1_715' title='bbox 2185 4491 2331 4545; x_wconf 92' lang='lat' dir='ltr'><strong>enim</strong></span> <span class='ocrx_word' id='word_1_716' title='bbox 2368 4533 2408 4587; x_wconf 71' lang='grc' dir='ltr'><strong>Ι)</strong></span> <span class='ocrx_word' id='word_1_717' title='bbox 2436 4513 2442 4527; x_wconf 79' lang='grc' dir='ltr'><strong>ι</strong></span> 
     </span>
    </p>
   </div>
   <div class='ocr_carea' id='block_1_94' title="bbox 2328 4491 4015 4587">
    <p class='ocr_par' dir='ltr' id='par_1_94' title="bbox 2328 4492 4015 4587">
     <span class='ocr_line' id='line_1_94' title="bbox 2328 4492 4015 4587; baseline 0.001 -46"><span class='ocrx_word' id='word_1_718' title='bbox 2328 4511 2331 4540; x_wconf 89' lang='grc' dir='ltr'><strong>ι</strong></span> <span class='ocrx_word' id='word_1_719' title='bbox 2368 4533 2408 4587; x_wconf 81' lang='lat' dir='ltr'><strong>D</strong></span> <span class='ocrx_word' id='word_1_720' title='bbox 2436 4496 2503 4563; x_wconf 82' lang='grc' dir='ltr'>τῇ</span> <span class='ocrx_word' id='word_1_721' title='bbox 2546 4492 2639 4545; x_wconf 84' lang='grc' dir='ltr'><strong>τοῦ</strong></span> <span class='ocrx_word' id='word_1_722' title='bbox 2667 4492 2802 4545; x_wconf 86' lang='grc' dir='ltr'>Θεοῦ</span> <span class='ocrx_word' id='word_1_723' title='bbox 2844 4492 3359 4562; x_wconf 78' lang='grc' dir='ltr'>ὲξυπηρετήσασοαι</span> <span class='ocrx_word' id='word_1_724' title='bbox 3415 4492 3730 4561; x_wconf 77' lang='grc' dir='ltr'>ἀποκρίσει,</span> <span class='ocrx_word' id='word_1_725' title='bbox 3785 4492 3880 4544; x_wconf 77' lang='grc' dir='ltr'>καὶ</span> <span class='ocrx_word' id='word_1_726' title='bbox 3935 4493 4015 4562; x_wconf 79' lang='grc' dir='ltr'>τῷ</span> 
     </span>
    </p>
   </div>
   <div class='ocr_carea' id='block_1_95' title="bbox 754 4584 2331 4669">
    <p class='ocr_par' dir='ltr' id='par_1_95' title="bbox 754 4584 2331 4669">
     <span class='ocr_line' id='line_1_95' title="bbox 754 4584 2331 4669; baseline -0.015 -11"><span class='ocrx_word' id='word_1_727' title='bbox 754 4606 940 4659; x_wconf 83' lang='lat' dir='ltr'><strong>divina</strong></span> <span class='ocrx_word' id='word_1_728' title='bbox 995 4599 1416 4669; x_wconf 85' lang='lat' dir='ltr'><strong>promissionem</strong></span> <span class='ocrx_word' id='word_1_729' title='bbox 1449 4593 1612 4645; x_wconf 88' lang='lat' dir='ltr'><strong>habet</strong></span> <span class='ocrx_word' id='word_1_730' title='bbox 1659 4590 1785 4641; x_wconf 75' lang='lat' dir='ltr'><strong>vita:</strong></span> <span class='ocrx_word' id='word_1_731' title='bbox 1838 4597 1893 4641; x_wconf 87' lang='lat' dir='ltr'><strong>et</strong></span> <span class='ocrx_word' id='word_1_732' title='bbox 1939 4584 2227 4654; x_wconf 66' lang='lat' dir='ltr'><strong>praesentis</strong></span> <span class='ocrx_word' id='word_1_733' title='bbox 2278 4594 2331 4635; x_wconf 92' lang='lat' dir='ltr'><strong>et</strong></span> 
     </span>
    </p>
   </div>
   <div class='ocr_carea' id='block_1_96' title="bbox 757 4674 2331 4749">
    <p class='ocr_par' dir='ltr' id='par_1_96' title="bbox 757 4674 2331 4749">
     <span class='ocr_line' id='line_1_96' title="bbox 757 4674 2331 4749; baseline -0.015 -1"><span class='ocrx_word' id='word_1_734' title='bbox 757 4696 975 4748; x_wconf 65' lang='lat' dir='ltr'><strong>futui-at.</strong></span> <span class='ocrx_word' id='word_1_735' title='bbox 1014 4688 1319 4744; x_wconf 77' lang='lat' dir='ltr'><strong>Postulavit</strong></span> <span class='ocrx_word' id='word_1_736' title='bbox 1353 4699 1481 4738; x_wconf 81' lang='lat' dir='ltr'><strong>vero</strong></span> <span class='ocrx_word' id='word_1_737' title='bbox 1512 4698 1575 4737; x_wconf 90' lang='lat' dir='ltr'><strong>ea</strong></span> <span class='ocrx_word' id='word_1_738' title='bbox 1603 4696 1714 4749; x_wconf 90' lang='lat' dir='ltr'><strong>quo</strong></span> <span class='ocrx_word' id='word_1_739' title='bbox 1757 4680 1809 4731; x_wconf 92' lang='lat' dir='ltr'><strong>in</strong></span> <span class='ocrx_word' id='word_1_740' title='bbox 1850 4678 2131 4731; x_wconf 83' lang='lat' dir='ltr'><strong>meridiem</strong></span> <span class='ocrx_word' id='word_1_741' title='bbox 2166 4674 2331 4726; x_wconf 86' lang='lat' dir='ltr'><strong>missa</strong></span> 
     </span>
    </p>
   </div>
   <div class='ocr_carea' id='block_1_97' title="bbox 756 4766 2334 4841">
    <p class='ocr_par' dir='ltr' id='par_1_97' title="bbox 756 4766 2334 4841">
     <span class='ocr_line' id='line_1_97' title="bbox 756 4766 2334 4841; baseline -0.015 0"><span class='ocrx_word' id='word_1_742' title='bbox 756 4790 963 4841; x_wconf 87' lang='lat' dir='ltr'><strong>lumine</strong></span> <span class='ocrx_word' id='word_1_743' title='bbox 992 4785 1101 4837; x_wconf 91' lang='lat' dir='ltr'><strong>illic</strong></span> <span class='ocrx_word' id='word_1_744' title='bbox 1152 4790 1345 4835; x_wconf 75' lang='lat' dir='ltr'><strong>exorto</strong></span> <span class='ocrx_word' id='word_1_745' title='bbox 1384 4779 1779 4834; x_wconf 84' lang='lat' dir='ltr'><strong>illustraretur,</strong></span> <span class='ocrx_word' id='word_1_746' title='bbox 1810 4771 1901 4823; x_wconf 79' lang='grc' dir='ltr'><strong>ι)ιοὶ</strong></span> <span class='ocrx_word' id='word_1_747' title='bbox 1934 4772 2059 4822; x_wconf 90' lang='lat' dir='ltr'><strong>item</strong></span> <span class='ocrx_word' id='word_1_748' title='bbox 2094 4766 2334 4819; x_wconf 86' lang='lat' dir='ltr'><strong>oraculis</strong></span> 
     </span>
    </p>
   </div>
   <div class='ocr_carea' id='block_1_98' title="bbox 751 4857 2335 4949">
    <p class='ocr_par' dir='ltr' id='par_1_98' title="bbox 751 4857 2335 4949">
     <span class='ocr_line' id='line_1_98' title="bbox 751 4857 2335 4949; baseline -0.016 -14"><span class='ocrx_word' id='word_1_749' title='bbox 751 4893 811 4935; x_wconf 86' lang='lat' dir='ltr'><strong>et</strong></span> <span class='ocrx_word' id='word_1_750' title='bbox 839 4878 1015 4949; x_wconf 90' lang='lat' dir='ltr'><strong>ipsius</strong></span> <span class='ocrx_word' id='word_1_751' title='bbox 1062 4874 1334 4927; x_wconf 82' lang='lat' dir='ltr'><strong>adventus</strong></span> <span class='ocrx_word' id='word_1_752' title='bbox 1389 4879 1631 4937; x_wconf 83' lang='lat' dir='ltr'><strong>tempore</strong></span> <span class='ocrx_word' id='word_1_753' title='bbox 1689 4865 1984 4918; x_wconf 88' lang='lat' dir='ltr'><strong>coleretur.</strong></span> <span class='ocrx_word' id='word_1_754' title='bbox 2037 4859 2171 4914; x_wconf 83' lang='lat' dir='ltr'><strong>Nam</strong></span> <span class='ocrx_word' id='word_1_755' title='bbox 2226 4857 2335 4912; x_wconf 81' lang='lat' dir='ltr'><strong>Go—</strong></span> 
     </span>
    </p>
   </div>
   <div class='ocr_carea' id='block_1_99' title="bbox 757 4951 2330 5034">
    <p class='ocr_par' dir='ltr' id='par_1_99' title="bbox 757 4951 2330 5034">
     <span class='ocr_line' id='line_1_99' title="bbox 757 4951 2330 5034; baseline -0.015 -8"><span class='ocrx_word' id='word_1_756' title='bbox 757 4973 966 5026; x_wconf 90' lang='lat' dir='ltr'><strong>tboniel</strong></span> <span class='ocrx_word' id='word_1_757' title='bbox 1004 4968 1277 5034; x_wconf 72' lang='lat' dir='ltr'><strong>responsio</strong></span> <span class='ocrx_word' id='word_1_758' title='bbox 1309 4962 1408 5016; x_wconf 84' lang='lat' dir='ltr'><strong>Dei</strong></span> <span class='ocrx_word' id='word_1_759' title='bbox 1462 4971 1568 5023; x_wconf 85' lang='lat' dir='ltr'><strong>est,</strong></span> <span class='ocrx_word' id='word_1_760' title='bbox 1603 4968 1697 5011; x_wconf 90' lang='lat' dir='ltr'><strong>aut</strong></span> <span class='ocrx_word' id='word_1_761' title='bbox 1752 4956 1978 5023; x_wconf 78' lang='lat' dir='ltr'><strong>Tempus</strong></span> <span class='ocrx_word' id='word_1_762' title='bbox 2027 4954 2156 5005; x_wconf 83' lang='lat' dir='ltr'><strong>milii</strong></span> <span class='ocrx_word' id='word_1_763' title='bbox 2214 4951 2330 5003; x_wconf 82' lang='lat' dir='ltr'><strong>Dei.</strong></span> 
     </span>
    </p>
   </div>
   <div class='ocr_carea' id='block_1_100' title="bbox 756 5043 2329 5127">
    <p class='ocr_par' dir='ltr' id='par_1_100' title="bbox 756 5043 2329 5127">
     <span class='ocr_line' id='line_1_100' title="bbox 756 5043 2329 5127; baseline -0.015 -9"><span class='ocrx_word' id='word_1_764' title='bbox 756 5061 1161 5118; x_wconf 79' lang='lat' dir='ltr'><strong>BenedictiOnis</strong></span> <span class='ocrx_word' id='word_1_765' title='bbox 1192 5071 1411 5127; x_wconf 85' lang='lat' dir='ltr'><strong>quoque</strong></span> <span class='ocrx_word' id='word_1_766' title='bbox 1454 5052 1753 5122; x_wconf 88' lang='lat' dir='ltr'><strong>participes</strong></span> <span class='ocrx_word' id='word_1_767' title='bbox 1792 5050 1925 5100; x_wconf 89' lang='lat' dir='ltr'><strong>liunt</strong></span> <span class='ocrx_word' id='word_1_768' title='bbox 1953 5046 2047 5115; x_wconf 89' lang='lat' dir='ltr'><strong>qui</strong></span> <span class='ocrx_word' id='word_1_769' title='bbox 2108 5043 2329 5097; x_wconf 84' lang='lat' dir='ltr'><strong>vocanti</strong></span> 
     </span>
    </p>
   </div>
   <div class='ocr_carea' id='block_1_101' title="bbox 755 5138 2328 5225">
    <p class='ocr_par' dir='ltr' id='par_1_101' title="bbox 755 5138 2328 5225">
     <span class='ocr_line' id='line_1_101' title="bbox 755 5138 2328 5225; baseline -0.014 -16"><span class='ocrx_word' id='word_1_770' title='bbox 755 5156 1010 5225; x_wconf 75' lang='lat' dir='ltr'><strong>expedite</strong></span> <span class='ocrx_word' id='word_1_771' title='bbox 1043 5150 1399 5220; x_wconf 87' lang='lat' dir='ltr'><strong>respondent.</strong></span> <span class='ocrx_word' id='word_1_772' title='bbox 1434 5146 1590 5198; x_wconf 93' lang='lat' dir='ltr'><strong>llunc</strong></span> <span class='ocrx_word' id='word_1_773' title='bbox 1633 5159 1766 5196; x_wconf 79' lang='lat' dir='ltr'><strong>sane</strong></span> <span class='ocrx_word' id='word_1_774' title='bbox 1798 5152 2047 5191; x_wconf 82' lang='lat' dir='ltr'><strong>austrum</strong></span> <span class='ocrx_word' id='word_1_775' title='bbox 2111 5138 2328 5193; x_wconf 86' lang='lat' dir='ltr'><strong>hortum</strong></span> 
     </span>
    </p>
   </div>
   <div class='ocr_carea' id='block_1_102' title="bbox 756 5230 2335 5315">
    <p class='ocr_par' dir='ltr' id='par_1_102' title="bbox 756 5230 2335 5315">
     <span class='ocr_line' id='line_1_102' title="bbox 756 5230 2335 5315; baseline -0.013 -14"><span class='ocrx_word' id='word_1_776' title='bbox 756 5264 918 5301; x_wconf 86' lang='lat' dir='ltr'><strong>suum</strong></span> <span class='ocrx_word' id='word_1_777' title='bbox 957 5246 1271 5315; x_wconf 82' lang='lat' dir='ltr'><strong>pcrspirare</strong></span> <span class='ocrx_word' id='word_1_778' title='bbox 1305 5242 1358 5293; x_wconf 92' lang='lat' dir='ltr'><strong>in</strong></span> <span class='ocrx_word' id='word_1_779' title='bbox 1430 5237 1660 5289; x_wconf 71' lang='lat' dir='ltr'><strong>(lantico</strong></span> <span class='ocrx_word' id='word_1_780' title='bbox 1714 5234 2061 5285; x_wconf 84' lang='lat' dir='ltr'><strong>canticorum</strong></span> <span class='ocrx_word' id='word_1_781' title='bbox 2125 5230 2335 5297; x_wconf 88' lang='lat' dir='ltr'><strong>optavit</strong></span> 
     </span>
    </p>
   </div>
   <div class='ocr_carea' id='block_1_103' title="bbox 752 5318 2331 5408">
    <p class='ocr_par' dir='ltr' id='par_1_103' title="bbox 752 5318 2331 5408">
     <span class='ocr_line' id='line_1_103' title="bbox 752 5318 2331 5408; baseline -0.015 -15"><span class='ocrx_word' id='word_1_782' title='bbox 752 5352 982 5408; x_wconf 85' lang='lat' dir='ltr'><strong>sponsa.</strong></span> <span class='ocrx_word' id='word_1_783' title='bbox 1031 5333 1449 5402; x_wconf 69' lang='lat' dir='ltr'><strong>Expergiscerc,</strong></span> <span class='ocrx_word' id='word_1_784' title='bbox 1493 5327 1716 5393; x_wconf 83' lang='lat' dir='ltr'><strong>Aquilo,</strong></span> <span class='ocrx_word' id='word_1_785' title='bbox 1746 5324 2002 5393; x_wconf 87' lang='lat' dir='ltr'><strong>inquiens</strong></span> <span class='ocrx_word' id='word_1_786' title='bbox 2040 5338 2052 5372; x_wconf 87' lang='lat'><strong>:</strong></span> <span class='ocrx_word' id='word_1_787' title='bbox 2114 5340 2130 5369; x_wconf 75' lang='grc' dir='ltr'><strong>ι</strong></span> <span class='ocrx_word' id='word_1_788' title='bbox 2175 5318 2331 5394; x_wconf 58' lang='lat' dir='ltr'><strong>Veni,</strong></span> 
     </span>
    </p>
   </div>
   <div class='ocr_carea' id='block_1_104' title="bbox 754 5410 2320 5497">
    <p class='ocr_par' dir='ltr' id='par_1_104' title="bbox 754 5410 2320 5497">
     <span class='ocr_line' id='line_1_104' title="bbox 754 5410 2320 5497; baseline -0.015 -11"><span class='ocrx_word' id='word_1_789' title='bbox 754 5436 957 5486; x_wconf 79' lang='lat' dir='ltr'><strong>Auster</strong></span> <span class='ocrx_word' id='word_1_790' title='bbox 991 5438 1045 5483; x_wconf 94' lang='lat' dir='ltr'><strong>et</strong></span> <span class='ocrx_word' id='word_1_791' title='bbox 1079 5426 1479 5497; x_wconf 76' lang='lat' dir='ltr'><strong>peillahortum</strong></span> <span class='ocrx_word' id='word_1_792' title='bbox 1518 5418 1776 5474; x_wconf 82' lang='lat' dir='ltr'><strong>meum&quot;.</strong></span> <span class='ocrx_word' id='word_1_793' title='bbox 1810 5436 1827 5467; x_wconf 75' lang='grc' dir='ltr'><strong>ι</strong></span> <span class='ocrx_word' id='word_1_794' title='bbox 1865 5414 1973 5469; x_wconf 82' lang='lat' dir='ltr'><strong>Nec</strong></span> <span class='ocrx_word' id='word_1_795' title='bbox 2004 5429 2109 5467; x_wconf 84' lang='lat' dir='ltr'><strong>non</strong></span> <span class='ocrx_word' id='word_1_796' title='bbox 2141 5410 2320 5464; x_wconf 87' lang='lat' dir='ltr'><strong>llaba-</strong></span> 
     </span>
    </p>
   </div>
   <div class='ocr_carea' id='block_1_105' title="bbox 827 5561 1323 5628">
    <p class='ocr_par' dir='ltr' id='par_1_105' title="bbox 827 5561 1323 5628">
     <span class='ocr_line' id='line_1_105' title="bbox 827 5561 1323 5628; baseline -0.002 -13"><span class='ocrx_word' id='word_1_797' title='bbox 827 5568 872 5597; x_wconf 80' lang='grc'><strong>²⁶</strong></span> <span class='ocrx_word' id='word_1_798' title='bbox 905 5563 1091 5620; x_wconf 79' lang='lat' dir='ltr'><strong>Matth.</strong></span> <span class='ocrx_word' id='word_1_799' title='bbox 1134 5582 1209 5628; x_wconf 71' lang='grc' dir='ltr'>χι,</span> <span class='ocrx_word' id='word_1_800' title='bbox 1236 5561 1323 5615; x_wconf 71' lang='lat'><strong>‘29.</strong></span> 
     </span>
    </p>
   </div>
   <div class='ocr_carea' id='block_1_106' title="bbox 757 5636 967 5701">
    <p class='ocr_par' dir='ltr' id='par_1_106' title="bbox 757 5636 967 5701">
     <span class='ocr_line' id='line_1_106' title="bbox 757 5636 967 5701; baseline -0.024 -10"><span class='ocrx_word' id='word_1_801' title='bbox 757 5653 832 5701; x_wconf 86' lang='lat' dir='ltr'><strong>tv,</strong></span> <span class='ocrx_word' id='word_1_802' title='bbox 885 5636 967 5686; x_wconf 76' lang='lat' dir='ltr'><strong>lli.</strong></span> 
     </span>
    </p>
   </div>
   <div class='ocr_carea' id='block_1_107' title="bbox 1402 5552 1886 5623">
    <p class='ocr_par' dir='ltr' id='par_1_107' title="bbox 1402 5552 1886 5623">
     <span class='ocr_line' id='line_1_107' title="bbox 1402 5552 1886 5623; baseline -0.019 -9"><span class='ocrx_word' id='word_1_803' title='bbox 1402 5561 1443 5591; x_wconf 73' lang='grc'><strong>’⁷</strong></span> <span class='ocrx_word' id='word_1_804' title='bbox 1474 5558 1607 5613; x_wconf 86' lang='lat' dir='ltr'><strong>Luc.</strong></span> <span class='ocrx_word' id='word_1_805' title='bbox 1647 5571 1753 5623; x_wconf 63' lang='grc' dir='ltr'>διν,</span> <span class='ocrx_word' id='word_1_806' title='bbox 1801 5552 1886 5608; x_wconf 75' lang='grc' dir='ltr'><strong>ί1.</strong></span> 
     </span>
    </p>
   </div>
   <div class='ocr_carea' id='block_1_108' title="bbox 834 5794 1309 5868">
    <p class='ocr_par' dir='ltr' id='par_1_108' title="bbox 834 5794 1309 5868">
     <span class='ocr_line' id='line_1_108' title="bbox 834 5794 1309 5868; baseline -0.015 -18"><span class='ocrx_word' id='word_1_807' title='bbox 834 5796 946 5868; x_wconf 69' lang='grc' dir='ltr'><strong>(Μ)</strong></span> <span class='ocrx_word' id='word_1_808' title='bbox 991 5795 1049 5847; x_wconf 85' lang='grc' dir='ltr'><em>Ὀ</em></span> <span class='ocrx_word' id='word_1_809' title='bbox 1086 5794 1309 5861; x_wconf 70' lang='grc' dir='ltr'>Πέτρος.</span> 
     </span>
    </p>
   </div>
   <div class='ocr_carea' id='block_1_109' title="bbox 1960 5547 2388 5607">
    <p class='ocr_par' dir='ltr' id='par_1_109' title="bbox 1960 5547 2388 5607">
     <span class='ocr_line' id='line_1_109' title="bbox 1960 5547 2388 5607; baseline -0.002 -3"><span class='ocrx_word' id='word_1_810' title='bbox 1960 5550 2005 5583; x_wconf 75' lang='grc'>³⁸</span> <span class='ocrx_word' id='word_1_811' title='bbox 2040 5551 2055 5604; x_wconf 93' lang='lat' dir='ltr'><strong>l</strong></span> <span class='ocrx_word' id='word_1_812' title='bbox 2080 5548 2225 5605; x_wconf 81' lang='lat' dir='ltr'><strong>Pctr.</strong></span> <span class='ocrx_word' id='word_1_813' title='bbox 2250 5564 2305 5607; x_wconf 88' lang='lat' dir='ltr'><strong>v.</strong></span> <span class='ocrx_word' id='word_1_814' title='bbox 2335 5547 2388 5603; x_wconf 85' lang='lat'>6.</span> 
     </span>
    </p>
   </div>
   <div class='ocr_carea' id='block_1_110' title="bbox 2225 5678 2459 5736">
    <p class='ocr_par' dir='ltr' id='par_1_110' title="bbox 2225 5678 2459 5736">
     <span class='ocr_line' id='line_1_110' title="bbox 2225 5678 2459 5736; baseline 0.004 -1"><span class='ocrx_word' id='word_1_815' title='bbox 2225 5678 2459 5736; x_wconf 64' lang='lat' dir='ltr'><strong>hOT/E.</strong></span> 
     </span>
    </p>
   </div>
   <div class='ocr_carea' id='block_1_111' title="bbox 2438 4581 4013 4653">
    <p class='ocr_par' dir='ltr' id='par_1_111' title="bbox 2438 4581 4013 4653">
     <span class='ocr_line' id='line_1_111' title="bbox 2438 4581 4013 4653; baseline 0 -17"><span class='ocrx_word' id='word_1_816' title='bbox 2438 4584 2536 4653; x_wconf 82' lang='grc' dir='ltr'><strong>τῆς</strong></span> <span class='ocrx_word' id='word_1_817' title='bbox 2564 4585 2775 4636; x_wconf 82' lang='grc' dir='ltr'>ἐκείνου</span> <span class='ocrx_word' id='word_1_818' title='bbox 2809 4584 3115 4653; x_wconf 88' lang='grc' dir='ltr'>παρουσίας</span> <span class='ocrx_word' id='word_1_819' title='bbox 3144 4581 3340 4653; x_wconf 84' lang='grc' dir='ltr'>καιρῷ.</span> <span class='ocrx_word' id='word_1_820' title='bbox 3376 4583 3627 4649; x_wconf 80' lang='grc' dir='ltr'>Γοθονιὴλ</span> <span class='ocrx_word' id='word_1_821' title='bbox 3671 4583 3801 4652; x_wconf 73' lang='grc' dir='ltr'>γὰρ,</span> <span class='ocrx_word' id='word_1_822' title='bbox 3860 4584 4013 4637; x_wconf 62' lang='grc' dir='ltr'><strong>ἀπί-</strong></span> 
     </span>
    </p>
   </div>
   <div class='ocr_carea' id='block_1_112' title="bbox 2434 4674 4016 4745">
    <p class='ocr_par' dir='ltr' id='par_1_112' title="bbox 2434 4674 4016 4745">
     <span class='ocr_line' id='line_1_112' title="bbox 2434 4674 4016 4745; baseline -0.001 -18"><span class='ocrx_word' id='word_1_823' title='bbox 2434 4693 2630 4742; x_wconf 71' lang='grc' dir='ltr'>γρισις</span> <span class='ocrx_word' id='word_1_824' title='bbox 2657 4676 2829 4739; x_wconf 84' lang='grc' dir='ltr'>Θεοῦ,</span> <span class='ocrx_word' id='word_1_825' title='bbox 2863 4676 3121 4745; x_wconf 74' lang='grc' dir='ltr'>ἢκαιρός</span> <span class='ocrx_word' id='word_1_826' title='bbox 3148 4693 3249 4743; x_wconf 79' lang='grc' dir='ltr'>μοι</span> <span class='ocrx_word' id='word_1_827' title='bbox 3279 4674 3447 4729; x_wconf 83' lang='grc' dir='ltr'>Θεοῦ.</span> <span class='ocrx_word' id='word_1_828' title='bbox 3471 4676 3579 4728; x_wconf 74' lang='grc' dir='ltr'><strong>Καὶ</strong></span> <span class='ocrx_word' id='word_1_829' title='bbox 3612 4674 3861 4740; x_wconf 83' lang='grc' dir='ltr'>εὐλογίαν</span> <span class='ocrx_word' id='word_1_830' title='bbox 3886 4675 4016 4743; x_wconf 69' lang='grc' dir='ltr'>λαμ.-</span> 
     </span>
    </p>
   </div>
   <div class='ocr_carea' id='block_1_113' title="bbox 2434 4766 4010 4837">
    <p class='ocr_par' dir='ltr' id='par_1_113' title="bbox 2434 4766 4010 4837">
     <span class='ocr_line' id='line_1_113' title="bbox 2434 4766 4010 4837; baseline -0.001 -18"><span class='ocrx_word' id='word_1_831' title='bbox 2434 4768 2657 4821; x_wconf 74' lang='grc' dir='ltr'>6ανουσι</span> <span class='ocrx_word' id='word_1_832' title='bbox 2691 4768 2771 4837; x_wconf 79' lang='grc' dir='ltr'>τῷ</span> <span class='ocrx_word' id='word_1_833' title='bbox 2811 4768 3067 4820; x_wconf 78' lang='grc' dir='ltr'>καλοῦντι</span> <span class='ocrx_word' id='word_1_834' title='bbox 3095 4768 3330 4836; x_wconf 78' lang='grc' dir='ltr'>ἑτοίμως</span> <span class='ocrx_word' id='word_1_835' title='bbox 3372 4766 3816 4837; x_wconf 84' lang='grc' dir='ltr'>ἀποκρινόμενοι.</span> <span class='ocrx_word' id='word_1_836' title='bbox 3879 4767 4010 4819; x_wconf 83' lang='grc' dir='ltr'>Τοῦ-</span> 
     </span>
    </p>
   </div>
   <div class='ocr_carea' id='block_1_114' title="bbox 2432 4857 4014 4927">
    <p class='ocr_par' dir='ltr' id='par_1_114' title="bbox 2432 4857 4014 4927">
     <span class='ocr_line' id='line_1_114' title="bbox 2432 4857 4014 4927; baseline -0.001 -16"><span class='ocrx_word' id='word_1_837' title='bbox 2432 4875 2524 4911; x_wconf 88' lang='grc' dir='ltr'><strong>τον</strong></span> <span class='ocrx_word' id='word_1_838' title='bbox 2548 4859 2807 4927; x_wconf 75' lang='grc' dir='ltr'>ἠϐούλετο</span> <span class='ocrx_word' id='word_1_839' title='bbox 2839 4861 2931 4910; x_wconf 78' lang='grc' dir='ltr'><strong>τὸν</strong></span> <span class='ocrx_word' id='word_1_840' title='bbox 2958 4859 3109 4910; x_wconf 86' lang='grc' dir='ltr'>νότον</span> <span class='ocrx_word' id='word_1_841' title='bbox 3134 4857 3459 4910; x_wconf 81' lang='grc' dir='ltr'>καταπνέειν</span> <span class='ocrx_word' id='word_1_842' title='bbox 3493 4858 3585 4910; x_wconf 82' lang='grc' dir='ltr'><strong>τὸν</strong></span> <span class='ocrx_word' id='word_1_843' title='bbox 3605 4857 3807 4927; x_wconf 76' lang='grc' dir='ltr'>ἑαυτῆς</span> <span class='ocrx_word' id='word_1_844' title='bbox 3837 4861 4014 4927; x_wconf 79' lang='grc' dir='ltr'>κῆπον</span> 
     </span>
    </p>
   </div>
   <div class='ocr_carea' id='block_1_115' title="bbox 2436 4948 4012 5020">
    <p class='ocr_par' dir='ltr' id='par_1_115' title="bbox 2436 4948 4012 5020">
     <span class='ocr_line' id='line_1_115' title="bbox 2436 4948 4012 5020; baseline 0.001 -19"><span class='ocrx_word' id='word_1_845' title='bbox 2436 4953 2469 5018; x_wconf 79' lang='grc' dir='ltr'>ἠ</span> <span class='ocrx_word' id='word_1_846' title='bbox 2502 4953 2558 5001; x_wconf 77' lang='grc' dir='ltr'><strong>ἐν</strong></span> <span class='ocrx_word' id='word_1_847' title='bbox 2586 4949 2662 5020; x_wconf 78' lang='grc' dir='ltr'>τῷ</span> <span class='ocrx_word' id='word_1_848' title='bbox 2695 4951 2937 5017; x_wconf 74' lang='grc' dir='ltr'>’ᾼσματι</span> <span class='ocrx_word' id='word_1_849' title='bbox 2965 4948 3074 5002; x_wconf 85' lang='grc' dir='ltr'><strong>τῶν</strong></span> <span class='ocrx_word' id='word_1_850' title='bbox 3120 4950 3386 5019; x_wconf 79' lang='grc' dir='ltr'>ἀσμὰτων</span> <span class='ocrx_word' id='word_1_851' title='bbox 3444 4948 3630 5019; x_wconf 62' lang='grc' dir='ltr'>νύμφη</span> <span class='ocrx_word' id='word_1_852' title='bbox 3657 4966 3670 4979; x_wconf 82' lang='grc'><em>’</em></span> <span class='ocrx_word' id='word_1_853' title='bbox 3734 4950 4012 5020; x_wconf 62' lang='grc' dir='ltr'>ἐξεγείρου</span> 
     </span>
    </p>
   </div>
   <div class='ocr_carea' id='block_1_116' title="bbox 2434 5040 4015 5113">
    <p class='ocr_par' dir='ltr' id='par_1_116' title="bbox 2434 5040 4015 5113">
     <span class='ocr_line' id='line_1_116' title="bbox 2434 5040 4015 5113; baseline -0.009 -7"><span class='ocrx_word' id='word_1_854' title='bbox 2434 5043 2624 5113; x_wconf 66' lang='grc' dir='ltr'>βορῥᾶν</span> <span class='ocrx_word' id='word_1_855' title='bbox 2664 5042 2916 5109; x_wconf 67' lang='grc' dir='ltr'>λέγοντα,</span> <span class='ocrx_word' id='word_1_856' title='bbox 2963 5041 3056 5093; x_wconf 71' lang='grc' dir='ltr'>καὶ</span> <span class='ocrx_word' id='word_1_857' title='bbox 3085 5059 3102 5090; x_wconf 74' lang='grc' dir='ltr'><strong>ι</strong></span> <span class='ocrx_word' id='word_1_858' title='bbox 3137 5040 3360 5110; x_wconf 76' lang='grc' dir='ltr'>Ἔρχου,</span> <span class='ocrx_word' id='word_1_859' title='bbox 3390 5042 3533 5099; x_wconf 79' lang='grc' dir='ltr'>νοτε.</span> <span class='ocrx_word' id='word_1_860' title='bbox 3562 5041 3886 5095; x_wconf 73' lang='grc' dir='ltr'>διὰπνενσον</span> <span class='ocrx_word' id='word_1_861' title='bbox 3918 5042 4015 5111; x_wconf 71' lang='grc' dir='ltr'><strong>κῇ-</strong></span> 
     </span>
    </p>
   </div>
   <div class='ocr_carea' id='block_1_117' title="bbox 2435 5133 4015 5203">
    <p class='ocr_par' dir='ltr' id='par_1_117' title="bbox 2435 5133 4015 5203">
     <span class='ocr_line' id='line_1_117' title="bbox 2435 5133 4015 5203; baseline -0.003 -16"><span class='ocrx_word' id='word_1_862' title='bbox 2435 5137 2532 5187; x_wconf 78' lang='grc' dir='ltr'>πὸν</span> <span class='ocrx_word' id='word_1_863' title='bbox 2559 5152 2680 5203; x_wconf 88' lang='grc' dir='ltr'>μου.</span> <span class='ocrx_word' id='word_1_864' title='bbox 2718 5154 2736 5184; x_wconf 72' lang='grc' dir='ltr'><strong>ι</strong></span> <span class='ocrx_word' id='word_1_865' title='bbox 2772 5134 2878 5185; x_wconf 70' lang='grc' dir='ltr'><strong>Καὶ</strong></span> <span class='ocrx_word' id='word_1_866' title='bbox 2922 5133 3249 5203; x_wconf 75' lang='grc' dir='ltr'>’Λμϐακοὺμ</span> <span class='ocrx_word' id='word_1_867' title='bbox 3282 5134 3359 5195; x_wconf 80' lang='grc' dir='ltr'><strong>δὲ,</strong></span> <span class='ocrx_word' id='word_1_868' title='bbox 3400 5134 3613 5187; x_wconf 75' lang='grc' dir='ltr'>ἐκεῖθέν</span> <span class='ocrx_word' id='word_1_869' title='bbox 3653 5151 3819 5203; x_wconf 75' lang='grc' dir='ltr'>φησιν</span> <span class='ocrx_word' id='word_1_870' title='bbox 3859 5134 4015 5201; x_wconf 73' lang='grc' dir='ltr'><strong>ἥξει-ι</strong></span> 
     </span>
    </p>
   </div>
   <div class='ocr_carea' id='block_1_118' title="bbox 2432 5224 4014 5297">
    <p class='ocr_par' dir='ltr' id='par_1_118' title="bbox 2432 5224 4014 5297">
     <span class='ocr_line' id='line_1_118' title="bbox 2432 5224 4014 5297; baseline -0.002 -19"><span class='ocrx_word' id='word_1_871' title='bbox 2432 5226 2521 5278; x_wconf 79' lang='grc' dir='ltr'><strong>τὸν</strong></span> <span class='ocrx_word' id='word_1_872' title='bbox 2548 5226 2701 5288; x_wconf 77' lang='grc' dir='ltr'>Θεὸν,</span> <span class='ocrx_word' id='word_1_873' title='bbox 2729 5226 2804 5286; x_wconf 78' lang='grc' dir='ltr'>ὡς</span> <span class='ocrx_word' id='word_1_874' title='bbox 2824 5224 2931 5276; x_wconf 77' lang='grc' dir='ltr'>ἀπὸ</span> <span class='ocrx_word' id='word_1_875' title='bbox 2982 5225 3075 5276; x_wconf 87' lang='grc' dir='ltr'><strong>τοῦ</strong></span> <span class='ocrx_word' id='word_1_876' title='bbox 3126 5225 3227 5295; x_wconf 79' lang='grc' dir='ltr'>τῆς</span> <span class='ocrx_word' id='word_1_877' title='bbox 3278 5227 3625 5297; x_wconf 82' lang='grc' dir='ltr'>μεσημϐρίας</span> <span class='ocrx_word' id='word_1_878' title='bbox 3675 5226 3879 5295; x_wconf 68' lang='grc' dir='ltr'>φωτσὶς.</span> <span class='ocrx_word' id='word_1_879' title='bbox 3940 5228 4014 5276; x_wconf 78' lang='grc' dir='ltr'><strong>Ὶό</strong></span> 
     </span>
    </p>
   </div>
   <div class='ocr_carea' id='block_1_119' title="bbox 2434 5315 4020 5388">
    <p class='ocr_par' dir='ltr' id='par_1_119' title="bbox 2434 5315 4020 5388">
     <span class='ocr_line' id='line_1_119' title="bbox 2434 5315 4020 5388; baseline 0.002 -20"><span class='ocrx_word' id='word_1_880' title='bbox 2434 5318 2561 5386; x_wconf 79' lang='grc' dir='ltr'>γὰρ,</span> <span class='ocrx_word' id='word_1_881' title='bbox 2595 5334 2613 5367; x_wconf 74' lang='grc' dir='ltr'><strong>ι</strong></span> <span class='ocrx_word' id='word_1_882' title='bbox 2668 5316 2725 5369; x_wconf 85' lang='grc' dir='ltr'>Ὀ</span> <span class='ocrx_word' id='word_1_883' title='bbox 2755 5316 2886 5378; x_wconf 74' lang='grc' dir='ltr'>Θεὸς</span> <span class='ocrx_word' id='word_1_884' title='bbox 2916 5316 3024 5368; x_wconf 80' lang='grc' dir='ltr'>ἀπὸ</span> <span class='ocrx_word' id='word_1_885' title='bbox 3060 5315 3276 5388; x_wconf 69' lang='grc' dir='ltr'>Θαιμᾶν</span> <span class='ocrx_word' id='word_1_886' title='bbox 3298 5318 3438 5388; x_wconf 77' lang='grc' dir='ltr'>ἥξει,</span> <span class='ocrx_word' id='word_1_887' title='bbox 3474 5320 3523 5372; x_wconf 87' lang='grc' dir='ltr'>οἱ</span> <span class='ocrx_word' id='word_1_888' title='bbox 3549 5320 3745 5383; x_wconf 73' lang='grc' dir='ltr'>λοιποὶ,</span> <span class='ocrx_word' id='word_1_889' title='bbox 3772 5318 3891 5374; x_wconf 76' lang='grc' dir='ltr'><strong>ἀπὸ</strong></span> <span class='ocrx_word' id='word_1_890' title='bbox 3914 5337 3969 5372; x_wconf 75' lang='grc' dir='ltr'><strong>τε</strong></span> <span class='ocrx_word' id='word_1_891' title='bbox 3989 5318 4020 5371; x_wconf 53' lang='lat' dir='ltr'><strong>il</strong></span> 
     </span>
    </p>
   </div>
   <div class='ocr_carea' id='block_1_120' title="bbox 2426 5408 3071 5477">
    <p class='ocr_par' dir='ltr' id='par_1_120' title="bbox 2426 5408 3071 5477">
     <span class='ocr_line' id='line_1_120' title="bbox 2426 5408 3071 5477; baseline -0.003 -16"><span class='ocrx_word' id='word_1_892' title='bbox 2426 5410 2607 5461; x_wconf 78' lang='grc' dir='ltr'>νότου</span> <span class='ocrx_word' id='word_1_893' title='bbox 2646 5408 3021 5477; x_wconf 73' lang='grc' dir='ltr'>ἡρμήνευσαν.</span> <span class='ocrx_word' id='word_1_894' title='bbox 3053 5426 3071 5459; x_wconf 75' lang='grc' dir='ltr'><strong>ι</strong></span> 
     </span>
    </p>
   </div>
   <div class='ocr_carea' id='block_1_121' title="bbox 2464 5545 2994 5612">
    <p class='ocr_par' dir='ltr' id='par_1_121' title="bbox 2464 5545 2994 5612">
     <span class='ocr_line' id='line_1_121' title="bbox 2464 5545 2994 5612; baseline -0.004 -9"><span class='ocrx_word' id='word_1_895' title='bbox 2464 5547 2507 5578; x_wconf 75' lang='grc'>³³</span> <span class='ocrx_word' id='word_1_896' title='bbox 2545 5546 2683 5601; x_wconf 77' lang='lat' dir='ltr'><strong>Gen.</strong></span> <span class='ocrx_word' id='word_1_897' title='bbox 2720 5560 2909 5612; x_wconf 70' lang='lat' dir='ltr'><strong>XXXIV,</strong></span> <span class='ocrx_word' id='word_1_898' title='bbox 2937 5545 2994 5601; x_wconf 75' lang='grc'>2.</span> 
     </span>
    </p>
   </div>
   <div class='ocr_carea' id='block_1_122' title="bbox 3076 5545 4017 5615">
    <p class='ocr_par' dir='ltr' id='par_1_122' title="bbox 3076 5545 4017 5615">
     <span class='ocr_line' id='line_1_122' title="bbox 3076 5545 4017 5615; baseline -0.002 -14"><span class='ocrx_word' id='word_1_899' title='bbox 3076 5546 3122 5580; x_wconf 76' lang='grc' dir='ltr'><strong>³ο</strong></span> <span class='ocrx_word' id='word_1_900' title='bbox 3158 5545 3350 5602; x_wconf 79' lang='lat' dir='ltr'><strong>Matth.</strong></span> <span class='ocrx_word' id='word_1_901' title='bbox 3393 5562 3522 5615; x_wconf 74' lang='lat' dir='ltr'><strong>ut,</strong></span> <span class='ocrx_word' id='word_1_902' title='bbox 3551 5547 3641 5603; x_wconf 69' lang='grc'><strong>45.</strong></span> <span class='ocrx_word' id='word_1_903' title='bbox 3754 5546 3795 5578; x_wconf 71' lang='grc'><strong>³⁸</strong></span> <span class='ocrx_word' id='word_1_904' title='bbox 3860 5548 4017 5601; x_wconf 71' lang='lat' dir='ltr'><strong>(Eant.</strong></span> 
     </span>
    </p>
   </div>
  </div>
