4272 6446
336 421 473 486 1033

1456 417 1865 477 (ΣΟΜΜΕΝΤᾹ
1880 415 1988 473 Rll
2041 415 2117 471 IN
2160 409 2339 471 JUSU
2355 413 2413 468 li.

332 552 434 592 cuc
493 549 655 604 por-ro
707 533 831 586 hinc
868 537 1155 585 venturum
1224 529 1423 597 iuqttit,
1485 527 1674 588 Deum,
1739 525 2194 595 quemadmodum
2259 525 2410 577 luxa
2471 521 2730 574 meridie.

333 628 597 682 Thomam
633 628 838 683 veniet,
883 641 901 672 ι
942 620 1137 688 reliqui
1163 619 1226 670 ab
1256 628 1440 670 austro
1476 626 1602 670 sunt
1638 614 2000 685 interpretati.

3474 400 3605 463 1034

2826 519 2960 571 Illud
3015 520 3210 570 cnim:
3287 514 3519 572 t"l‘eus
3576 533 3606 574 ι

405 718 507 771 Kal
539 720 570 768 ό
616 713 968 775 Ἰεϐουσαῖος
1015 709 1325 774 κατῴκησε
1366 711 1434 761 ἐν
1476 707 1906 776 ἰερον,·σα.ἱὴμ,
1943 733 1952 766 Α

2090 698 2152 749 Et
2182 697 2458 748 Jclmsa'us
2498 695 2754 745 habitarit
2803 694 2854 743 iu
2883 690 3206 752 Jerusaicm,
3274 710 3362 745 nec
3418 701 3604 759 potue—

334 809 428 862 κιιὶ
465 809 572 858 οὐκ
609 804 1049 870 ἠδυνάσθησαν
1079 802 1191 854 υἱοὶ
1241 800 1435 854 Ἰούδα
1469 799 1773 852 ἀπολέσαι
1809 801 1918 850 αὑ-

334 901 477 963 τούς
499 915 512 928 ·
550 899 645 950 καὶ
676 894 1037 959 κατῴκησαν
1063 898 1114 946 οἱ
1144 892 1485 946 Ἰεϐουσαῖοι
1515 894 1582 944 ἐν
1626 892 1924 957 Ἰερουσα-

330 992 456 1059 λὴμ
478 990 587 1054 ἕως
627 987 736 1052 τῆς
768 986 991 1054 ἡμέρας
1021 986 1267 1050 ταύτης.

417 1076 752 1146 Ἐρωτητέον
783 1076 906 1136 τοὺς
938 1078 1003 1127 ὲκ
1026 1075 1224 1136 παντὸς
1251 1076 1458 1145 τρόπου
1494 1072 1922 1143 προϊσταμένους

334 1170 428 1223 τοῦ
465 1171 818 1237 γράμματος.
857 1166 978 1229 πῶς
1013 1166 1118 1226 ἓως
1160 1165 1257 1234 τῆς
1291 1167 1530 1232 σήμερον
1567 1162 1779 1232 ἡμέρας
1819 1179 1924 1230 φη-

337 1264 460 1324 σίν;
496 1263 638 1330 ὅπερ
661 1262 718 1310 ὲν
749 1263 818 1330 τῇ
853 1260 1046 1328 Γραφῇ
1085 1258 1246 1326 μέχρι
1304 1257 1401 1324 τῆς
1461 1255 1770 1316 συντελείας
1828 1253 1921 1305 τοῦ

339 1351 609 1422 παρόντος
672 1350 872 1412 αἰῶνος
919 1349 1091 1418 δηλοῖ,
1134 1348 1274 1401 κατὰ
1335 1347 1416 1409 τὸ,
1479 1365 1496 1397 ι
1531 1342 1693 1407 Οὗτος
1744 1344 1925 1414 πατὴρ

341 1443 642 1496 Μωαϐιτῶν
673 1443 777 1503 ἓως
819 1442 917 1510 τῆς
954 1441 1195 1509 σήμερον
1227 1439 1467 1509 ἡμέρας.
1510 1457 1526 1488 t
1590 1438 1694 1488 Καὶ
1752 1438 1921 1488 πάλιν

345 1553 364 1584 ι
405 1535 494 1601 Μὴ
524 1532 797 1599 ἀπόστητε
833 1531 936 1583 ἀπὸ
975 1530 1179 1601 Κυρίου
1210 1532 1268 1582 ὲν
1292 1532 1413 1590 ταῖς
1472 1529 1716 1598 σήμερον
1769 1529 1910 1597 ήμέ-

343 1643 487 1694 ραις,
524 1643 542 1674 ι
576 1624 697 1675 ἀντὶ
729 1620 846 1682 τοῦ,
883 1623 1006 1674 ὅσον
1032 1622 1094 1673 τὸ
1129 1622 1372 1690 σήμερον
1398 1620 1667 1673 καλεῖται.
1707 1620 1922 1688 Μηκέτι

339 1713 433 1768 οὖν
457 1716 564 1766 τῶν
593 1713 728 1764 υἱῶν
771 1711 940 1764 Ἰούδα
966 1712 1369 1764 κατοικούντων
1423 1714 1481 1764 ὲν
1543 1710 1922 1780 Ἰερουσαλὴμ,

344 1807 461 1866 πῶς
489 1807 516 1858 ό
560 1803 884 1864 Ἰεϐουσαῖος
912 1805 1052 1856 οἰκεῖ
1078 1806 1196 1873 μετ’
1234 1801 1400 1856 αὑτοῦ
1428 1821 1442 1868 ;
1467 1789 1787 1871 ’τοιγαροῦν
1832 1802 1924 1854 ἐπί

339 1917 391 1951 τι
432 1898 622 1965 νοητὸν
649 1897 1055 1968 ἀναδρὰμωμεν
1090 1897 1296 1966 ὅμοιον,
1323 1897 1422 1963 τὴν
1461 1898 1588 1965 περὶ
1615 1896 1724 1948 τῶν
1764 1895 1922 1959 ζιζα-

341 1993 469 2044 νίων
520 1989 800 2058 εἰληφότες
839 1986 1262 2062 παραϐολήνορ
1316 1987 1394 2056 τῷ
1443 1988 1574 2057 σίτῳ
1632 1987 1923 2039 κατέλειπε

343 2080 795 2145 συναυξάνεσθαι,
821 2079 894 2148 μὴ
928 2078 1300 2152 συνεκριζωθῇ
1332 2078 1542 2140 τούτοις
1579 2080 1604 2130 ὁ
1629 2081 1792 2140 σῖτος.
1837 2078 1925 2129 Ἐν

340 2174 449 2244 γὰρ
478 2175 541 2241 τῇ
599 2170 896 2240 Ἐκκλησία
925 2171 1060 2221 εἰσὶν
1124 2169 1439 2222 Ἰεϐουσαῑοι
1499 2169 1926 2237 καταπατούμερ

342 2283 442 2325 νοι.
482 2263 798 2334 ἁμαρτωλοὶ
852 2280 908 2313 τε
934 2263 1029 2313 καὶ
1070 2261 1168 2330 τῆς
1203 2262 1441 2323 πίστεως
1493 2262 1787 2330 ἀλλότριοι.
1818 2262 1927 2313 Καὶ

341 2359 442 2410 οὐκ
474 2357 536 2410 ἄν
561 2373 641 2416 τις
664 2357 719 2406 ἐν
758 2353 836 2422 τῷ
859 2352 1324 2424 παρόντιπαύσειε
1350 2352 1450 2422 βίῳ
1480 2351 1754 2414 τοιούτους
1781 2351 1927 2420 ἔχειν

341 2451 439 2519 τὴν
483 2447 830 2516 Ἐκκλησίαν,
866 2447 958 2498 καὶ
988 2449 1164 2515 μόνων
1196 2445 1460 2516 ὑπάρχειν
1495 2444 1685 2514 ἁγίων.
1735 2445 1800 2496 Τί
1821 2448 1928 2516 γὰρ

345 2543 409 2595 ἄν
441 2559 522 2603 τις
546 2542 788 2610 ποιήσειε
830 2539 958 2608 περὶ
982 2539 1088 2591 τῶν
1122 2537 1437 2607 ἀμφιϐόλων
1457 2537 1818 2608 ἁμαρτωλῶν,
1843 2539 1929 2590 ὅτε

341 2637 439 2687 καὶ
469 2635 595 2695 τοὺς
619 2634 895 2702 φανεροὺς
930 2631 1256 2697 ἀπελάσειες
1287 2633 1356 2684 τὰ
1386 2633 1442 2686 δὲ
1472 2635 1634 2702 ὃμοια
1661 2633 1755 2686 καὶ
1804 2634 1931 2703 περὶ

341 2724 437 2778 τοῦ
485 2725 724 2794 Ἐφραῖμ
753 2741 915 2791 φησιν
941 2725 974 2792 ή
1002 2723 1191 2792 Γραφή
1219 2739 1234 2754 ·
1265 2742 1282 2773 t
1319 2725 1428 2775 Καὶ
1491 2723 1590 2776 οὐκ
1649 2724 1932 2777 ἀπώλεσεν

358 2815 598 2886 Ἐιρραῒμ
626 2817 717 2866 τὸν
753 2815 1055 2868 Χαναναῖον
1083 2813 1173 2866 τὸν
1206 2814 1562 2868 κατοικοῦντα
1592 2816 1648 2867 ὲν
1669 2813 1865 2886 Γαζέρ.
1910 2835 1927 2866 ι

346 2939 417 2950 -
455 2927 474 2960 ε
515 2909 622 2960 Καὶ
655 2906 895 2977 κατῴκει
926 2909 952 2958 ὁ
983 2907 1285 2968 Χαναναῖος
1313 2908 1370 2958 ὲν
1392 2905 1470 2976 τῷ
1507 2907 1746 2977 Ἐφραῖμ
1773 2907 1932 2977 μέχρι

347 3001 448 3067 τῆς
479 2999 696 3070 ἡμέρας
730 2999 956 3068 ταύτης.
1009 3017 1026 3048 ι
1072 2998 1315 3069 Ἐφραῒμ.
1344 2999 1422 3061 δὲ,
1455 3002 1829 3068 καρποφορία
1853 3001 1937 3071 ἑρ-

353 3089 673 3160 μηνεύεται.
723 3089 782 3141 Ὀ
815 3089 1184 3159 καρποφορῶν
1218 3086 1311 3142 οῦν
1337 3090 1398 3142 οὐ
1427 3091 1650 3146 δύναται
1680 3092 1768 3146 τὸν
1821 3093 1936 3147 Xa-

349 3184 588 3245 ναναῖον,
625 3182 686 3233 τὸ
719 3182 944 3250 σπέρμα
1002 3181 1060 3234 τὺ
1119 3181 1399 3251 ἀλλότριον
1455 3185 1516 3235 τὸ
1554 3185 1936 3255 κατηραμένον

348 3275 638 3330 ικϐἁλλειν
669 3276 776 3328 ἀπὸ
833 3277 931 3344 τῆς
953 3274 1360 3352 χιῦραςῑαὺτοῦ
1423 3273 1528 3338 ἕως
1571 3276 1671 3344 τῆς
1723 3277 1936 3347 ἡμέρας

2027 801 2149 843 runt
2189 789 2288 855 ﬁlii
2320 786 2465 837 Judu
2505 805 2590 836 nos
2620 786 3003 845 cxtertninm'e,
3047 785 3134 836 sed
3201 787 3397 838 mansit
3444 784 3608 838 Iebu-

2025 899 2162 934 swus
2197 896 2313 932 cum
2347 880 2476 944 ﬁliis
2507 876 2654 928 Iuda
2689 875 3080 944 Hierosolymis
3117 893 3280 944 usque
3341 878 3397 929 iu
3468 893 3609 944 prc-

2025 981 2220 1026 senlem
2245 972 2384 1022 dicm
2417 967 2558 1038 [κν.
2595 968 2707 1038 65].

2095 1062 2435 1117 Consulendi
2503 1061 2810 1114 litterarum
2867 1059 3126 1112 omnibus
3185 1059 3436 1114 numeris
3491 1075 3608 1112 ma-

2027 1157 2187 1226 gistri
2254 1154 2675 1216 absolutissimi,
2739 1167 2846 1222 qua
2902 1153 3115 1206 ratione
3163 1153 3230 1205 ad
3285 1152 3609 1207 hodiernum

2027 1262 2203 1314 usque
2251 1246 2393 1300 diem
2445 1245 2610 1297 dicat.
2672 1242 2786 1297 llac
2851 1244 2997 1297 enim
3085 1242 3346 1310 loquendi
3429 1242 3606 1295 forma

2027 1336 2558 1389 consummationem
2629 1333 2794 1401 hujus
2859 1331 3146 1400 praesentis
3206 1332 3394 1386 saeculi
3458 1331 3612 1386 Scri-

2029 1437 2188 1496 ptura
2259 1425 2537 1495 signiﬁcat
2587 1425 2743 1492 juxta
2798 1423 2931 1477 illud
2980 1423 3139 1478 :«Hic
3199 1433 3353 1492 pater
3408 1421 3615 1477 Moahio

2028 1527 2207 1569 tarum
2261 1523 2346 1568 cst
2399 1515 2453 1568 in
2517 1514 2847 1567 hodiernum
2929 1526 3105 1581 usque
3180 1512 3325 1566 diem
3369 1513 3432 1565 ³³.
3472 1531 3491 1564 ι
3551 1512 3616 1565 Et

2028 1607 2274 1660 iterum:
2315 1624 2333 1654 ι
2378 1602 2454 1657 Ne
2486 1604 2757 1657 deﬁciatis
2811 1618 2840 1656 a
2894 1603 3127 1656 Domino
3171 1603 3456 1657 hodiernis
3500 1603 3618 1657 die-

2029 1697 2152 1750 bus.
2194 1714 2210 1745 ι
2247 1693 2350 1748 Pro
2379 1708 2474 1754 eo,
2509 1693 2754 1761 quandiu
2781 1707 2981 1746 nomen
3037 1693 3199 1746 hodie
3233 1692 3420 1745 durat.
3475 1692 3616 1745 Cum

2029 1789 2214 1857 itaque
2247 1786 2343 1840 lilii
2374 1785 2512 1839 .luda
2537 1786 2931 1855 Hierosolyma:
2952 1801 3059 1840 non
3082 1786 3327 1839 habitent
3356 1787 3616 1853 amplius,

2028 1878 2308 1949 quomodo
2338 1878 2552 1931 habitat
2579 1877 2870 1932 Jebusmus
2901 1893 3026 1932 cum
3085 1879 3166 1933 cis
3193 1881 3215 1930 ἲ
3268 1877 3620 1948 Quapropter

2031 1985 2226 2026 sensus
2279 1969 2704 2025 similitudinem
2743 1969 3094 2038 indagemus,
3137 1985 3304 2039 quam
3370 1972 3436 2024 de
3474 1972 3621 2024 zizn-

2034 2064 2143 2118 niis
2203 2063 2462 2132 parahola
2487 2063 2884 2132 suppeditabit.
2919 2062 2988 2114 Ea
3015 2065 3161 2116 enim
3188 2080 3313 2117 cum
3347 2064 3621 2121 frumento

2039 2170 2297 2210 crescere
2331 2155 2604 2224 permisit,
2639 2169 2706 2208 ne
2769 2155 2932 2208 simul
2992 2171 3118 2208 cum
3170 2157 3252 2212 cis
3283 2157 3620 2211 frumentum

2035 2248 2301 2302 cvellatur
2361 2246 2644 2300 radicitus.
2714 2244 2771 2298 In
2812 2245 3054 2300 Ecclesia
3083 2251 3227 2300 cnim
3288 2249 3621 2302 conculcan-

2038 2351 2125 2394 tttr
2181 2340 2439 2402 Jcbusasi,
2475 2340 2576 2393 hoc
2616 2348 2717 2404 est,
2753 2347 3074 2408 peccatores
3133 2353 3185 2396 et
3237 2358 3266 2395 a
3299 2342 3403 2396 tide
3434 2343 3620 2396 alieni.

2039 2433 2151 2488 Nec
2189 2447 2430 2502 unquam
2466 2441 2650 2485 tamen
2703 2433 2757 2485 in
2828 2435 3083 2502 presenti
3131 2435 3239 2488 vita
3306 2435 3621 2505 huiusmodi

2040 2529 2241 2584 habere
2272 2528 2487 2584 desinet
2541 2527 2813 2595 Ecclesia,
2867 2544 2930 2583 ac
2986 2545 3050 2584 ex
3121 2531 3626 2587 meris-constabit

2041 2622 2268 2677 sanctis.
2299 2623 2418 2688 Quo
2449 2621 2595 2676 enim
2648 2621 2771 2676 loco
2809 2621 3006 2677 duhios
3059 2633 3379 2692 peccatores
3436 2634 3624 2694 ponet,

2041 2715 2258 2769 etiamsi
2341 2714 2664 2768 manifestos
2755 2714 3043 2784 abegerit?
3101 2713 3302 2770 Eadem
3375 2732 3508 2770 vero
3559 2718 3627 2771 de

2042 2805 2301 2874 Ephraim
2330 2821 2549 2876 quoque
2590 2805 2878 2874 Scriptura
2913 2808 3155 2860 astruit:
3199 2827 3216 2858 I
3254 2806 3361 2861 Nec
3422 2809 3628 2862 delevit

2044 2897 2302 2968 Ephraim
2329 2897 2699 2952 Chammaeum
2727 2899 2821 2967 qui
2859 2899 3072 2953 habitat
3139 2901 3192 2952 in
3245 2900 3444 2955 Gazcr.
3487 2921 3504 2952 ι
3537 2903 3628 2954 Ait

2043 2991 2188 3046 enim
2224 3009 2247 3067 ⁸ι
2305 3011 2322 3043 ι
2364 2991 2430 3044 Ει
2484 2992 2756 3046 habitavit
2816 2991 3166 3046 Chananmus
3225 2992 3278 3045 in
3361 2993 3628 3061 Ephraim

2045 3101 2218 3156 usque
2244 3084 2312 3138 ad
2339 3084 2483 3139 diem
2539 3085 2706 3138 hunc.
2739 3104 2757 3136 ο
2795 3082 3054 3157 Ephraim
3110 3099 3238 3138 vero
3274 3083 3627 3152 [ructuosilas

2045 3184 2225 3246 potest
2260 3174 2432 3229 reddi.
2466 3172 2808 3228 Fructuosus
2837 3174 3004 3243 igitur
3036 3189 3141 3226 non
3181 3183 3362 3242 potest
3417 3172 3630 3229 Chana-

2047 3282 2246 3343 nmum,
2284 3281 2472 3321 semen
2520 3265 2762 3319 alienum
2826 3273 2881 3320 et
2931 3276 3310 3328 exsecratum,
3340 3281 3371 3321 e
3401 3269 3631 3335 regione

348 3369 573 3436 ταύτης.
615 3369 680 3420 '0
703 3369 766 3438 δὴ
820 3369 1076 3438 περὶτῆς
1118 3367 1447 3436 Ἐκκλησίας
1473 3370 1800 3439 εἰρήκαμεν.
1830 3371 1938 3422 Καὶ

2050 3373 2148 3415 sua
2174 3358 2394 3428 ejicere,
2424 3356 2494 3410 ad
2540 3373 2664 3411 eum
2705 3371 2880 3426 usque
2947 3357 3117 3411 diem.
3165 3357 3322 3423 Quod
3372 3373 3507 3413 sane
3563 3359 3632 3414 de

346 3460 525 3523 ἄλλως
568 3459 625 3511 δέ
647 3476 658 3488 ο
683 3460 756 3512 Οὔ
780 3459 1004 3512 δύναται
1037 3459 1183 3528 ψυχὴ
1202 3459 1460 3528 καθαρῶς
1506 3460 1863 3532 Ἰερουσαλὴμ
1889 3465 1946 3516 ὲν

2050 3451 2296 3506 Ecclesia
2318 3451 2684 3507 asseruimus.
2716 3451 2861 3517 Quin
2893 3461 2948 3506 et
2980 3452 3117 3506 alias
3151 3454 3332 3506 anima
3357 3468 3464 3506 non
3497 3468 3634 3522 pum

347 3551 426 3619 τῷ
459 3551 686 3620 παρόντι
714 3549 813 3618 βίῳ
845 3549 1097 3618 γενέσθαι
1137 3551 1308 3621 μόνην
1339 3553 1566 3622 εἰρήνην
1602 3553 1814 3624 ὁρῶσα,
1853 3559 1950 3609 καὶ

2048 3543 2351 3598 Jerusalem
2403 3544 2458 3596 in
2504 3543 2608 3596 hac
2670 3543 2783 3597 vita
2834 3544 2950 3598 fieri
2989 3553 3192 3613 potest,
3247 3560 3368 3614 qua?
3415 3545 3631 3599 scilicet

351 3642 518 3710 μηδὲν
551 3642 947 3711 ἁμαρτάνουσα
980 3658 992 3671 ·
1027 3641 1117 3693 τὸν
1148 3643 1382 3712 Χριστὸν
1409 3643 1621 3714 ὁρῶσα,
1670 3646 1764 3696 τοῦ
1797 3645 1936 3698 Θεοῦ

345 3735 442 3805 τὴν
475 3737 722 3805 εἱρήνην,
753 3734 848 3786 καὶ
891 3734 1321 3805 καρποφοροῦσα
1382 3735 1694 3799 διαπαντός.
1749 3738 1942 3802 Οὐδεὶς

345 3830 452 3896 γὰρ
481 3827 720 3896 καθαρὸς
747 3826 857 3878 ἀπὸ
879 3827 1082 3896 ῥύπου,
1115 3829 1209 3879 καὶ
1226 3827 1594 3899 διαλογισμῶν
1614 3823 1934 3900 ἀλλοτρίων·

343 3923 419 3983 ὡς
450 3919 814 3992 εὑρίσκεσθαι
856 3921 1076 3983 πάντως
1117 3922 1441 3974 Ἰεϐουσαῖον
1501 3923 1597 3975 καὶ
1642 3922 1943 3978 Χαναναῐον

344 4018 403 4066 ἐν
455 4014 815 4084 Ἰερουσαλήμ
844 4031 856 4044 ·
883 4016 931 4068 εἰ
959 4014 1055 4066 καὶ
1085 4014 1164 4067 δεῖ
1207 4015 1342 4083 πρὸς
1364 4015 1464 4085 τήν
1481 4015 1685 4068 τούτων
1713 4016 1944 4087 ἐκϐολὴν

342 4103 732 4171 ἀγωνίζεσθαι,
800 4103 934 4156 Θεὸν
981 4103 1282 4166 καλοῦντας
1307 4104 1399 4156 τὸν
1439 4103 1598 4172 μόνον
1619 4105 1940 4176 δυνάμενον.

411 4290 609 4361 Τρίτον
641 4292 697 4344 δέ
734 4307 900 4359 φησιν
921 4293 954 4360 ή
980 4291 1171 4361 Γραφὴ
1196 4291 1288 4343 τὸν
1322 4291 1631 4346 Χαναναϊον
1664 4287 1806 4344 εἶναι
1841 4311 1936 4364 με-

339 4382 404 4433 τὰ
446 4380 554 4433 τῶν
587 4381 722 4433 υἱῶν
768 4379 1034 4451 Ἐφραῖμ,
1067 4381 1126 4432 οὐ
1154 4379 1317 4449 ψιλὴν
1362 4381 1624 4450 ἱστορίαν,
1665 4381 1803 4435 ἀλλά
1856 4400 1937 4435 τι·

338 4492 402 4525 να
434 4474 673 4541 δηλοῦσα
710 4469 1012 4544 μυστήρια.
1050 4472 1236 4536 Ἀπαξ
1265 4473 1364 4542 μὲν
1398 4473 1508 4542 γὰρ
1568 4476 1784 4545 εἴρηται
1849 4475 1931 4539 τὸ,

345 4585 364 4618 ι
400 4568 513 4618 Οὐκ
539 4567 826 4618 ἀπώλεσεν
872 4566 1119 4637 Ἐφραῒμ
1148 4567 1241 4618 τὸν
1289 4567 1618 4631 Χαναναίου,
1661 4586 1678 4616 ι
1740 4568 1934 4621 καὶτὰ

337 4659 464 4726 ἑξῆς
501 4659 604 4720 ἕως
631 4658 747 4720 τοῦ,
787 4677 804 4708 t
840 4657 952 4710 Καὶ
985 4656 1186 4710 ἔδωκεν
1218 4658 1386 4728 αὐτὴν
1413 4657 1613 4727 Φαραὼ
1644 4660 1701 4709 ἐν
1760 4661 1930 4729 φερνῇ

336 4754 404 4820 τῇ
435 4749 669 4820 θυγατρὶ
696 4749 886 4804 αὑτοῦ.
911 4769 928 4799 ι
969 4749 1232 4819 Δεύτερον
1257 4749 1314 4801 δὲ
1345 4750 1604 4820 ἐγενήθη,
1641 4750 1765 4802 ἐπεὶ
1799 4767 1934 4803 κατ-

343 4844 571 4912 ίσχυσαν
602 4844 651 4895 οἱ
675 4844 784 4895 υἱοὶ
827 4843 1070 4914 Ἰσραὴλ,
1092 4844 1188 4897 καὶ
1219 4843 1484 4912 ἐποίησαν
1511 4845 1638 4906 τοὺς
1662 4843 1937 4896 Χαναναί-

337 4953 432 4997 ους
460 4935 740 5005 ὑπηκόους
772 4950 786 4964 ⁸
825 4935 886 4987 τὸ
910 4933 1118 5004 τρίτον,
1160 4935 1249 4988 ὅτε
1279 4935 1570 5002 ζητοῦντες
1600 4937 1647 4988 οἱ
1693 4935 1937 5007 Ἑφραῒμ

336 5030 489 5098 παρὰ
539 5026 716 5096 ἰτ-,σοῦ
747 5027 922 5096 μείζω
957 5027 1179 5098 κλῆρον,
1220 5027 1534 5082 κελεῦον-ται
1561 5027 1942 5100 ἐξολοθρεῦσαι

335 5120 430 5173 τὸν
452 5122 782 5185 Χαναναῖον,
804 5120 880 5183 ὡς
905 5119 971 5172 ἂν
999 5121 1079 5181 είς
1104 5121 1194 5171 τὸν
1227 5120 1432 5191 δρυμὸν
1447 5121 1782 5186 ἀνελθόντες,
1817 5124 1942 5176 ἑαυο

332 5216 449 5275 τοῖς
481 5212 851 5284 εὐτρεπίσωσι
877 5213 1065 5266 τόπον.
1091 5212 1306 5267 Ουκοῦν
1337 5214 1556 5285 πρῶτον
1584 5219 1611 5268 ὁ
1639 5216 1942 5281 Χαναναῖος

338 5294 460 5376 μεθ’
494 5307 649 5376 ἡμῶν
676 5309 848 5368 ἐστιν,
877 5307 1032 5359 οὐδὲν
1058 5307 1183 5361 καθ’
1214 5309 1370 5378 ήμῶν
1398 5309 1652 5362 τοσοῦτον
1703 5310 1936 5380 δυνάμε-

333 5419 422 5463 νας
451 5419 464 5431 ⁸
499 5402 778 5472 ὑπόφορος
817 5402 914 5470 μὲν
939 5400 1037 5463 ῶν,
1074 5403 1172 5472 οὐχ
1203 5403 1446 5476 ὑπήκοος
1468 5404 1548 5467 δὲ,
1573 5403 1693 5457 οὐδὲ
1723 5404 1931 5470 δοῦλος.

331 5496 519 5548 Ταῦτα
551 5496 660 5564 γὰρ
689 5495 747 5547 τὸ
771 5495 1029 5562 δεύτερον
1060 5495 1294 5563 γίνεται.
1351 5497 1521 5551 Ὅταν
1555 5498 1661 5568 γὰρ
1708 5497 1777 5550 τὰ
1831 5516 1934 5552 σω-

335 5589 548 5657 ματιγὰ
611 5588 995 5657 ὑποτάσσηται
1030 5591 1095 5659 τῇ
1124 5588 1294 5660 ψυχῇ,
1329 5590 1389 5642 οὐ
1419 5590 1579 5661 μόνον
1643 5590 1758 5643 ἐστὶ
1813 5592 1934 5661 μεθ’

332 5677 515 5747 ἡμῶν.
550 5677 689 5731 ἀλλὰ
728 5678 825 5730 καὶ
853 5677 1060 5740 δοῦλος.
1093 5679 1167 5733 Τὸ
1194 5677 1249 5732 δὲ
1279 5679 1464 5750 τρίτον
1495 5681 1590 5734 ἐὰν
1622 5680 1926 5734 τελειωθῶ-

403 5857 450 5890 ³¹
499 5857 709 5912 llahac.
771 5873 853 5918 ιιι,
887 5857 940 5909 3.
1047 5858 1090 5888 ³³
1133 5855 1269 5910 Gen.
1304 5874 1417 5921 xix,
1459 5858 1548 5911 58.

663 5955 933 6046 Pyrum.
984 5955 1104 6015 Gn.
1143 5955 1511 6018 LXXXVII.

2050 3637 2222 3691 solam
2283 3649 2472 3706 pacem
2515 3645 2768 3706 spectet,
2839 3637 3088 3706 nihilque
3123 3637 3451 3707 delinquat,
3509 3655 3632 3706 quze

2043 3729 2326 3784 Christum
2373 3729 2464 3784 Dei
2507 3745 2697 3800 pacem
2759 3731 3037 3799 respiciat,
3065 3744 3389 3800 semperque
3419 3730 3632 3784 fructus
3669 3794 3677 3800 _

2047 3823 2191 3876 [erat
2226 3840 2239 3886 ;
2284 3837 2445 3876 nemo
2488 3826 2635 3878 enim
2684 3839 2856 3893 purus
2901 3832 2983 3878 est
3021 3838 3048 3876 a
3079 3823 3359 3888 sordibus,
3419 3839 3448 3877 a
3483 3827 3631 3893 cogi-

2050 3917 2349 3970 tatonibus
2410 3917 2648 3981 alienis;
2725 3919 2909 3985 itaque
2969 3932 3186 3986 semper
3249 3916 3536 3971 Jcl‘iusmus
3582 3929 3636 3971 et.

2047 4005 2392 4060 Chauanteus
2417 4007 2470 4059 in
2519 4004 2827 4078 Jerusalem
2879 4005 3177 4059 invenitur.
3237 4003 3498 4071 Quamvis
3551 4008 3636 4060 di-

2047 4098 2172 4152 vina
2209 4114 2330 4168 ope,
2370 4099 2464 4167 qui
2501 4099 2654 4153 solus
2713 4106 2914 4168 potest,
2967 4098 3280 4168 implorata,
3318 4109 3376 4152 ut
3403 4099 3636 4168 cjician-

2050 4205 2138 4246 tur
2182 4193 2629 4246 contendendum
2663 4199 2770 4247 est.
2873 4249 2883 4263 ,

2119 4285 2290 4340 Porro
2316 4285 2480 4340 tertio
2506 4286 2878 4339 Clmnanaaum
2903 4302 3028 4340 cum
3059 4287 3181 4341 ﬁliis
3200 4287 3369 4342 Israel
3405 4302 3526 4343 esse
3549 4301 3634 4344 re“-

2045 4379 2202 4448 petit,
2235 4393 2299 4432 ac
2335 4393 2442 4431 non
2467 4370 2673 4431 nudam
2718 4379 3118 4443 narrationem,
3160 4394 3349 4434 verum
3423 4391 3626 4451 myste-

2046 4473 2125 4524 ria
2186 4471 2435 4540 quadam
2473 4471 2754 4540 proponit.
2787 4471 2972 4526 Semel
3032 4475 3180 4526 enim
3249 4473 3461 4527 dictum
3490 4485 3578 4529 cst
3617 4494 3629 4528 :

2049 4581 2066 4614 ι
2097 4563 2216 4618 Non
2264 4562 2504 4634 perdidit
2563 4563 2824 4632 Ephraim
2890 4565 3303 4629 Chananaaum,
3333 4585 3350 4616 ι
3413 4576 3474 4620 et
3514 4582 3634 4637 qum

2043 4658 2322 4727 deinceps.
2358 4655 2476 4710 Huc
2509 4672 2726 4727 usque:
2762 4675 2779 4708 ι
2810 4656 2874 4710 Ει
2931 4657 3085 4712 dedit
3129 4673 3249 4711 eam
3300 4657 3516 4712 Pharao
3575 4660 3630 4712 iu

2043 4751 2225 4805 dotem
2263 4752 2387 4804 tiliae
2409 4752 2623 4806 sure.“.
2670 4771 2688 4802 ι
2721 4749 2980 4806 Secundo
3031 4765 3211 4805 vero:
3265 4749 3494 4804 Factum
3551 4766 3635 4808 ρει

2045 4860 2170 4898 cum
2205 4845 2569 4898 invaluissent
2600 4843 2694 4897 lilii
2739 4841 2931 4906 Israel,
2999 4852 3052 4898 et
3116 4843 3366 4898 fecerunt
3415 4844 3635 4898 Chana-

2042 4951 2193 4991 naaos
2222 4936 2493 4991 subditos.
2527 4934 2719 4990 Tertio
2774 4936 3034 5006 denique,
3067 4936 3290 5007 quando
3328 4936 3632 5006 Ephraimio

2039 5039 2108 5085 tm
2145 5028 2365 5085 aJosue
2419 5031 2685 5100 majorem
2743 5040 2949 5086 sortem
3013 5037 3228 5100 petunt,
3279 5046 3344 5085 ac
3416 5031 3634 5086 Chana-

2040 5139 2218 5178 nreum
2255 5123 2580 5178 exscindere
2608 5124 2906 5193 jubentur,
2933 5133 2992 5177 ut
3016 5125 3104 5178 ubi
3140 5125 3192 5177 in
3224 5125 3419 5178 silvam
3443 5138 3633 5178 ascen-

2042 5215 2224 5269 derint
2265 5216 2443 5269 locum
2504 5216 2610 5269 sibi
2662 5215 2799 5284 ipsis
2865 5227 3082 5285 parent.
3140 5215 3384 5270 Primum
3447 5217 3632 5286 itaque

2040 5306 2381 5363 Chananaaus
2444 5309 2733 5364 uobiscum
2789 5320 2903 5374 est,
2953 5327 3021 5364 ne
3074 5310 3349 5362 tantillum
3406 5309 3629 5379 quidem

2040 5391 2384 5460 contra'nos
2449 5415 2669 5476 potens,
2720 5424 2782 5462 ac
2820 5409 3112 5477 vectigalis
3136 5408 3356 5478 quidem
3399 5417 3504 5470 est,
3531 5423 3632 5481 nec

2042 5514 2237 5554 servus
2289 5510 2495 5565 tamen,
2535 5509 2629 5555 aut
2672 5501 2947 5556 subditus.
2981 5503 3058 5555 Eo
3107 5503 3254 5557 cnim
3284 5501 3526 5556 secundo
3546 5499 3632 5554 dc-

2046 5607 2194 5646 mum
2235 5608 2323 5648 res
2373 5594 2538 5649 redit.
2581 5593 2717 5648 Cum
2755 5597 2903 5650 cnim
2945 5610 3150 5665 corpus
3179 5595 3374 5648 animm
3409 5593 3633 5662 suhjuu-

2042 5693 2191 5738 ctum
2223 5684 2406 5751 fiteiit,
2441 5701 2549 5740 non
2579 5688 2757 5742 solum
2787 5689 3074 5741 roliiscszm
3101 5697 3203 5748 est,
3230 5701 3418 5739 verum
3439 5699 3631 5739 seri-us

1633 5860 1674 5890 ³ἰ
1716 5851 1780 5906 Ill
1818 5852 1947 5921 licg.
1983 5870 2057 5915 t\’,
2100 5855 2180 5910 l6.

3144 5963 3238 6028 33.
