4272 6446
697 379 833 443 1035

1988 378 2343 439 PROCOPII
2383 380 2624 439 ϐΑΖᾹΞΙ

3817 373 3954 438 1036

696 498 911 544 uoster.
964 486 1153 541 Tertio
1179 499 1307 540 vero
1340 483 1432 540 ubi
1468 482 1534 537 ad
1572 482 1969 554 perfectionem
2013 486 2267 556 attigeri-

2378 504 2499 555 μεν,
2538 486 2758 549 τελείως
2790 484 3332 556 έξολοθρευθήσεται,
3366 482 3473 535 τῶν
3497 482 3589 535 ἐπὶ
3635 480 3739 550 γῆς
3778 481 3954 546 μελῶν

696 599 842 647 mus,
867 578 1109 649 perfecte
1132 576 1351 633 demum
1378 576 1756 640 exseindetur,
1797 577 2153 645 membraque
2182 565 2284 630 ter.

693 672 1180 727 renamoriuntur.
1231 667 1310 721 lta
1376 667 1806 721 eatechumenus
1855 674 2133 735 assumpta
2192 680 2281 718 ra-

688 766 844 819 tione
888 761 1192 816 Israelitica
1255 758 1409 813 novit
1468 757 1788 826 procedere.
1850 755 2070 811 Habitat
2116 754 2284 827 494

689 859 838 909 enim
866 870 990 907 cum
1045 852 1361 905 Chananzno
1395 864 1564 903 carne
1604 863 1703 902 sua
1726 862 1914 902 secum
1974 847 2281 902 dissitlente

689 947 953 1016 primum.
994 942 1201 995 Deinde
1231 941 1532 1001 serviente,
1589 948 1867 1009 postremo
1928 952 2052 992 eum
2109 939 2282 992 omni-

691 1035 795 1088 bus
818 1034 931 1087 suis
966 1031 1251 1092 membris,
1300 1031 1661 1094 seortationc,
1702 1028 1994 1092 adulterio,
2052 1027 2280 1095 impuri-

691 1136 805 1180 tate
853 1134 1068 1179 necata.
1108 1143 1127 1175 ι
1162 1122 1444 1176 llabitavit
1479 1138 1630 1186 vero,
1700 1121 1899 1190 inquit,
1972 1136 2094 1175 cum
2151 1123 2232 1175 eis
2260 1162 2274 1186 ,

688 1224 867 1275 donec
936 1216 1186 1271 ascendit
1239 1215 1454 1268 Pharao
1515 1230 1606 1267 rex
1663 1212 1926 1283 Egypti.
1971 1231 1989 1264 ι
2046 1210 2278 1277 Quando

687 1315 852 1369 ctiam
883 1312 1058 1364 Gaz'er
1098 1309 1253 1362 locus
1277 1307 1569 1361 Chananmi
1612 1306 1736 1359 ﬁliie
1765 1305 2073 1359 Pharaonis
2106 1307 2277 1361 indo-

688 1413 798 1457 lem
854 1400 1013 1454 datus
1044 1397 1345 1453 est.Perro
1383 1396 1555 1450 aner
1595 1394 1943 1464 interpretari
1980 1394 2128 1453 licet,
2152 1410 2276 1447 con-

688 1490 873 1542 tentio.
928 1487 1063 1541 Cum
1097 1486 1243 1540 enim
1276 1484 1432 1538 unita
1496 1484 1901 1553 quodammodo
1943 1491 1998 1536 et
2054 1491 2275 1538 extenta

688 1595 820 1635 caro
857 1595 980 1634 cum
1014 1578 1210 1649 spiritu
1248 1578 1302 1630 in
1362 1576 1523 1631 nobis
1569 1575 1756 1639 fuerit,
1831 1589 1938 1628 una
1989 1574 2043 1627 in
2100 1574 2276 1628 Gazcr

688 1688 904 1727 smnus.
944 1668 1047 1723 Ubi
1077 1669 1424 1723 Chananazus
1490 1676 1542 1720 et
1593 1665 1738 1720 lilius
1793 1664 2079 1735 Ephraim,
2145 1664 2270 1718 fru-

686 1774 940 1818 ctuosus.
1000 1760 1150 1815 Talis
1224 1775 1352 1813 vero
1408 1756 2079 1814 benedictusa'Dontino
2141 1774 2274 1828 quo-

2386 595 2579 648 νεκρου
2587 576 2947 647 μένωνΜῦτω
2972 575 3303 644 προκόπτειν
3330 569 3470 625 οἶδεν
3483 573 3511 624 6
3524 570 3951 641 κατηχούμενος,

2383 670 2475 722 τὸν
2508 668 2850 739 Ἰσραηλίτην
2878 666 3035 735 λόγον
3065 664 3267 719 λαϐὼν
3322 666 3461 717 οἰκεῖ
3506 662 3613 731 γὰρ
3672 660 3812 732 μετά
3859 660 3955 712 τοῦ

2384 757 2718 821 Χαναναίου,
2752 755 3149 825 στασιαζούσης
3181 752 3348 808 αὑτοῦ
3403 752 3504 820 τῆς
3559 753 3782 821 σαρκδς,
3836 747 3957 803 εἶτα

2383 848 2748 920 νεκρωθείσης
2779 848 2920 902 κατὰ
2977 848 3086 900 πᾶν
3143 846 3323 915 μέλος,
3352 844 3627 913 πορνείαν,
3686 844 3956 912 μοιχείαν,

2382 939 2743 1008 ἀκαθαρσίαν.
2767 956 2788 990 ί
2817 936 3072 1007 Κατῴκει
3102 937 3181 1001 δὲ,
3208 935 3364 1005 φησὶ,
3399 934 3733 1002 μετάύτῶν,
3761 935 3863 997 ἓως
3879 933 3957 987 ἂν

2382 1032 2507 1101 ἔλθῃ
2538 1030 2737 1099 Φαραὼ
2768 1029 3022 1099 βασιλεὺς
3055 1029 3337 1094 Αίγύπτου
3361 1043 3372 1055 ·
3405 1026 3493 1077 ὅτε
3554 1025 3650 1078 καὶ
3710 1024 3880 1094 Γεζὲρ
3927 1025 3959 1075 6

2381 1123 2547 1185 τόπος
2592 1120 2686 1174 τοῦ
2737 1119 3047 1173 Χαναναίου
3106 1118 3309 1170 δίδοται
3375 1115 3546 1187 φερνὴ
3594 1118 3660 1185 τῇ
3723 1115 3956 1183 θυγατρὶ

2379 1213 2598 1284 Φαραώ.
2632 1210 2811 1279 Γαζὲρ
2838 1210 2916 1272 δὲ,
2941 1209 3215 1274 διάτασίς
3235 1207 3619 1278 ἑρμηνεύεται.
3654 1205 3821 1258 Ἐπάν
3846 1207 3955 1274 γάρ

2378 1304 2543 1358 οἱονεὶ
2572 1304 2825 1374 ἡνωμένη
2850 1303 2945 1354 καὶ
2965 1300 3328 1369 διατεταμένη
3343 1297 3480 1367 σὰρξ
3507 1297 3645 1367 μετὰ
3666 1295 3761 1349 τοῦ
3789 1294 3955 1347 πνεύ-

2382 1413 2552 1468 ματος
2586 1397 2643 1447 έν
2669 1395 2803 1462 ἡμῖν
2831 1389 2889 1466 ᾖ,
2922 1391 3058 1461 ὁμοῦ
3085 1394 3253 1460 ἐσμεν
3292 1391 3351 1443 ὲν
3383 1393 3451 1458 τῇ
3483 1388 3680 1459 Γαξὲρ,
3708 1388 3736 1441 ὃ
3764 1404 3823 1439 τε
3850 1388 3957 1439 Χα-

2378 1489 2595 1549 ναναῖος
2628 1485 2724 1538 καὶ
2753 1486 2781 1536 6
2811 1484 2924 1546 υίὸς
2957 1480 3200 1553 Ἐφραῒμ
3250 1483 3279 1534 6
3338 1479 3720 1551 xapmpoptLv.
3787 1479 3844 1530 '0
3895 1478 3957 1530 δὲ.

2377 1577 2615 1639 τοιοῦτος
2647 1577 2741 1628 καὶ
2764 1576 2841 1638 ὡς
2875 1574 3248 1644 ηύλογημένος
3285 1571 3391 1624 ὑπὸ
3454 1570 3656 1640 Κυρίου
3709 1568 3955 1640 μείζονος

2376 1666 2751 1729 έπιδικάζεται
2805 1665 3030 1735 κλήρου,
3079 1662 3175 1716 καὶ
3234 1660 3438 1731 δρυμὸν
3484 1658 3664 1712 λαϐὼν
3688 1660 3956 1729 ἀκάρπων

2375 1760 2631 1830 δένδρων,
2657 1756 2771 1811 καὶ.
2813 1794 2828 1810 .
2873 1796 2887 1809 .
2926 1754 3128 1826 χωρίον
3160 1753 3265 1806 ὑπὸ
3313 1750 3512 1821 Ἰησοῦ,
3562 1749 3787 1817 ἐκκόψει
3842 1750 3958 1810 τοῖς

685 1856 983 1911 dammodo
1020 1854 1282 1924 majorem
1310 1852 1436 1921 jure
1464 1860 1666 1906 sortem
1711 1851 1971 1921 appellat,
2025 1851 2270 1918 silvaque

2382 1852 2533 1915 ἰδίοις
2552 1850 2820 1919 καμάτοις
2854 1847 3020 1900 αύτὸν
3039 1861 3053 1876 ο
3080 1845 3168 1897 ἴνα
3198 1842 3431 1912 γένηται
3474 1840 3547 1910 γῆ
3580 1837 3953 1909 καρποφόρος,

685 1950 967 2005 sterilibus
1001 1945 1299 2000 arboribus
1336 1944 1574 2007 consita,
1612 1942 1845 2012 locoque
1879 1943 2053 1997 sterili
2103 1957 2131 1995 a
2185 1942 2273 1997 Jo-

641 2020 660 2036 ’
688 2059 787 2095 sue
821 2048 1045 2107 accepto
1079 2012 1312 2106 proprio‘
1337 2034 1520 2087 labore
1549 2048 1673 2085 eum
1738 2040 1916 2095 eruet,
1958 2045 2068 2097 quo
2126 2042 2270 2085 terra

687 2140 972 2189 fructuosa
1023 2132 1137 2191 liat,
1170 2127 1559 2197 Pherezceiquc
1580 2142 1643 2180 ac
1669 2125 1935 2196 Rephaim
1971 2127 2024 2178 in
2046 2139 2111 2179 co
2142 2140 2268 2194 pur-

682 2235 903 2299 gentur.
943 2224 1228 2294 Siguilicat
1260 2235 1389 2274 vero
1428 2218 1706 2273 Pherezaai
1766 2217 2131 2280 fertilitatem,
2160 2231 2268 2285 qua

684 2321 854 2374 lteuni
905 2317 1088 2371 colere
1121 2312 1475 2383 inempintus,
1506 2312 1834 2379 frugemque
1885 2306 2116 2361 ferimus
2176 2307 2274 2359 im-

683 2411 971 2471 mundam,
1047 2404 1289 2477 pcccatis
1374 2401 1719 2473 permistam,
1796 2397 2273 2467 inundatioucque

684 2504 1043 2571 indigentem.
1076 2496 1343 2569 Rephaim
1384 2510 1533 2558 vero,
1563 2493 1931 2564 quioperitur
1988 2493 2271 2557 matrices,

683 2597 825 2668 quod
879 2592 1207 2649 vocabulum
1247 2597 1305 2643 ut
1347 2588 1583 2642 validam
1617 2600 1680 2639 ac
1738 2585 2023 2639 robustam
2074 2584 2273 2638 anima:

684 2687 1093 2743 constituamus
1157 2681 1414 2746 feturam,
1482 2676 1764 2732 admouet.
1816 2675 1889 2729 Ea
1913 2676 2176 2729 dicuntur
2205 2675 2270 2727 ad

684 2781 825 2836 filios
840 2777 1066 2848 Ioseph,
1083 2774 1241 2844 cujus
1266 2770 1643 2841 interpretatio
1655 2769 1951 2822 curiarium
1976 2766 2264 2822 Deisonat.

754 2876 860 2942 Qui
895 2876 1063 2929 etiam
1097 2871 1314 2935 dicunt,
1351 2867 1635 2936 equitatus
1684 2864 1935 2918 delectus
1963 2871 2017 2917 ct
2062 2863 2267 2917 ferrum

686 2969 826 3040 apud
858 2980 1076 3021 omnem
1113 2963 1513 3021 Chananamtn,
1569 2957 1853 3027 equitatus
1889 2954 2056 3008 fallax
2089 2955 2154 3007 ad
2180 2969 2271 3008 sa-

687 3064 881 3116 lutent.
938 3056 1131 3123 Qualis
1164 3068 1297 3107 sane
1360 3051 1413 3105 in
1462 3049 1641 3119 .lsracl
1673 3064 1781 3103 non
1812 3046 2118 3111 invenitur,
2171 3062 2272 3101 nec

686 3166 836 3207 arma
869 3161 1107 3219 quoque.
1419 3132 1424 3137 ’

758 3242 839 3296 Ad
871 3254 1008 3311 quos
1040 3235 1186 3292 haud
1221 3236 1405 3305 inepte
1421 3232 1629 3287 dictum
1657 3239 1762 3296 est,
1784 3231 2018 3297 Quando
2048 3229 2267 3285 Chana-

690 3353 866 3394 meum
898 3331 1316 3403 exstirpaveris.
1366 3328 1498 3382 Nam
1532 3328 1577 3382 si
1632 3326 1923 3386 manserit,
1960 3324 2265 3379 lsraelitam

2377 1945 2816 2015 καθαρισθέντων
2839 1944 2897 1993 ὲν
2921 1937 3071 2008 αύτῷ
3094 1935 3404 2006 Φερεζαίων
3432 1933 3527 1987 καὶ
3567 1932 3815 2000 Ῥαφαῖν.
3846 1933 3955 1999 Δη-

2377 2038 2459 2092 λοῖ
2478 2038 2533 2090 δὲ
2560 2036 2622 2089 τὸ
2662 2035 2761 2104 μὲν
2788 2030 3095 2100 Φερεζαίοι,
3121 2025 3498 2098 καρποφορίαν
3542 2022 3609 2093 ἢν
3636 2020 3954 2091 ἀρξαμεν...

2378 2131 2558 2184 σέϐειν
2618 2122 3076 2198 καρποφοροῦμεν
3151 2116 3528 2188 καρποφορίαν
3618 2113 3955 2181 ἀκάθαρτον,

2379 2219 2583 2290 ἀναμὶξ
2608 2218 2836 2289 ἔχουσαν
2874 2212 3273 2285 ἁμαρτήματα,
3331 2208 3427 2261 καὶ
3454 2204 3715 2276 δεομένην
3744 2203 3956 2274 καθάρι

2377 2331 2513 2376 σεως
2550 2312 2645 2363 ’τὸ
2670 2310 2727 2363 δὲ
2771 2306 3020 2375 Ῥαφαῖν,
3074 2303 3367 2372 ἀνειμένας
3404 2299 3638 2370 μήτραςο
3699 2295 3787 2349 ἵνα
3825 2310 3959 2362 σφο-

2326 2475 2335 2483 .
2375 2410 2501 2480 ὀρὸν
2530 2407 2625 2460 καὶ
2653 2403 2872 2458 εὔτονον
2894 2402 2953 2455 τὸ
2980 2400 3079 2471 τῆς
3110 2396 3287 2467 ψυχῆς
3333 2388 3813 2463 καταστησώμεθα
3861 2386 3956 2455 γό-

2379 2477 2556 2573 νιμον.
2588 2499 2774 2552 Ταῦτα
2797 2497 3015 2563 λέγεται
3050 2491 3184 2563 πρὸς
3206 2490 3332 2551 τοὺς
3384 2486 3532 2549 υἱοὺς
3607 2481 3804 2550 Ἰωσὴφ
3826 2520 3840 2545 ,
3898 2477 3962 2540 ὃς

2381 2592 2746 2666 ἑρμηνεύεται
2778 2585 3096 2657 προσθήκη
3126 2583 3368 2651 Κυρίου.

2445 2862 2644 2923 Ἵππος
2674 2857 2927 2921 ἐκλεκτὸς
2966 2854 3061 2908 καὶ
3108 2853 3327 2922 σίδηρος
3359 2850 3416 2901 έν
3455 2849 3620 2902 παντὶ
3642 2840 3956 2911 Χαναναίῳ.

2376 2954 2569 3016 Ἵππος
2598 2952 2795 3021 ψευδὴς
2824 2953 2901 3012 εἰς
2937 2946 3230 3016 σωτηρίαν,
3266 2943 3324 3005 ὃς
3368 2943 3425 2994 έν
3477 2937 3693 3009 Ἰσραὴλ
3741 2937 3841 3007 οὐχ
3870 2935 3964 2988 £6-

2380 3048 2647 3117 ρίσκεται,
2680 3045 2775 3097 καὶ
2811 3041 3031 3111 σίδηρος
3062 3034 3376 3107 πολεμικός.

2448 3223 2637 3285 Καλῶς
2662 3222 2875 3292 εἴρηται
2896 3217 2978 3280 τὸ,
2996 3216 3104 3271 Καὶ
3124 3215 3251 3269 ὅταν
3274 3209 3453 3276 ὲξολοθ
3464 3207 3659 3280 ρεύσῃς
3677 3207 3766 3259 τὸν
3785 3207 3967 3259 Χανα-

2375 3321 2543 3371 ναίον.
2572 3316 2767 3369 Μένων
2790 3316 2919 3382 γὰρ,
2952 3311 3047 3363 καὶ
3074 3308 3166 3361 τὸν
3191 3306 3247 3358 ὲν
3265 3306 3396 3375 ἡμῖν
3426 3300 3770 3372 Ἰσραηλίτην
3795 3299 3970 3366 σπέρ-

689 3432 781 3501 qui
841 3429 982 3483 inter
1014 3439 1113 3479 nos
1153 3430 1237 3477 cst
1263 3437 1330 3476 ex
1356 3421 1566 3475 semine
1594 3416 1734 3471 Juda
1764 3418 1817 3470 iu
1854 3415 2270 3472 Chananaicum

2383 3429 2457 3478 μα
2488 3406 2709 3461 Χαναὰν
2738 3406 2832 3457 κα)⁵
2854 3404 2954 3455 οὐκ
2988 3400 3175 3467 ,Ἰούδα
3231 3398 3393 3449 ποιεῖ.
3454 3393 3593 3465 Πρὸς
3633 3391 3692 3443 ὃν
3734 3388 3838 3457 ἔφη
3883 3388 3966 3451 τὸ,

688 3520 964 3575 traducet.
1006 3512 1089 3567 Ad
1122 3525 1282 3582 quem
1321 3509 1520 3578 inquit,
1585 3506 1780 3559 Forma
1810 3517 1860 3560 te
1893 3506 2127 3575 decepit.
2162 3504 2282 3559 Ca:-

690 3623 867 3666 termn
932 3612 1109 3662 cesset
1165 3604 1291 3667 hoc,
1321 3618 1384 3656 ac
1413 3604 1588 3656 simus
1632 3600 1727 3654 lilii
1768 3602 2000 3654 formam
2035 3598 2275 3652 Abrahm

687 3713 744 3759 et
789 3710 1004 3773 patrum
1058 3696 1384 3760 clecmrum,
1437 3706 1605 3762 super
1660 3706 1853 3745 omnes
1889 3705 2017 3745 vero
2067 3690 2276 3745 Christi

689 3804 968 3867 gerentes.

761 3885 1097 3954 congregata
1129 3888 1208 3934 est
1230 3880 1475 3932 universa
1534 3877 1718 3931 concio
1748 3873 1927 3929 Israel
1952 3875 2008 3928 in
2034 3873 2175 3939 Silo,
2227 3885 2280 3931 et

689 3992 812 4049 qua:
851 3976 1134 4044 deinceps.
1156 3972 1288 4027 Sors
1316 3971 1387 4025 de
1424 3985 1531 4041 qua
1564 3970 1619 4024 in
1662 3969 1970 4039 Scriptura,
2001 3982 2110 4021 nou
2165 3966 2282 4022 fer-

692 4074 835 4129 tuita
868 4077 954 4126 est
981 4069 1176 4139 quales
1212 4066 1375 4137 vulgo
1413 4072 1568 4130 sunt,
1605 4062 1773 4118 veluti
1809 4077 1934 4115 cum
1960 4061 2117 4125 dicit,
2145 4059 2281 4116 Sor-

691 4179 800 4223 tem
866 4164 986 4228 Dei,
1042 4171 1097 4217 et
1147 4168 1354 4217 sortem
1387 4156 1732 4228 depulsionis
1762 4154 2058 4208 malorum.
2092 4152 2225 4208 Item
2260 4171 2273 4207 :

695 4262 873 4316 Moses
906 4254 1155 4315 sortibus
1190 4262 1395 4307 terram
1429 4250 1511 4303 eis
1594 4246 1918 4309 Jordanem,
1954 4242 2126 4299 Josue
2181 4260 2281 4299 au-

692 4365 801 4411 tem
828 4363 983 4407 trans
1015 4363 1143 4403 eum
1177 4343 1488 4401 distribuit.
1538 4339 1643 4407 Qui
1681 4339 1811 4393 item
1840 4335 1915 4389 ait
1956 4353 2027 4389 ιι
2068 4335 2279 4390 Mittam

692 4458 930 4510 sortem;
976 4463 995 4496 ι
1028 4443 1157 4496 item
1195 4456 1209 4493 :
1248 4456 1267 4490 ι
1332 4434 1619 4490 Proferam
1681 4439 1889 4487 sortem
1923 4443 2111 4485 coram
2177 4428 2280 4482 Do-

694 4544 863 4597 mino.
907 4557 925 4590 ι
960 4534 1083 4590 Νοη
1148 4531 1381 4587 fortuito
1421 4530 1606 4599 itaque
1640 4527 1773 4580 illud
1820 4518 2042 4581 cecidit.
2077 4521 2283 4577 Tribus

692 4639 839 4690 enim
894 4626 1186 4700 Bcujamin
1217 4624 1398 4695 primo
1454 4620 1693 4677 sortitur
1719 4634 1840 4674 eam
1878 4625 2092 4688 partem
2157 4628 2284 4683 qua

691 4725 1016 4782 continebat
1047 4716 1386 4782 Jerusalem,
1420 4723 1476 4768 ct
1505 4712 1775 4781 deinceps
1826 4711 2073 4778 reliquae.
2134 4709 2283 4760 luler

692 4837 832 4893 quas
862 4829 974 4874 tres
990 4832 1056 4873 ex
1090 4812 1310 4870 ancillis
1335 4808 1509 4866 Iacob
1551 4808 1717 4865 edita:
1755 4816 2065 4877 postremas
2097 4813 2283 4876 partes

694 4910 1005 4971 sortitionis
1034 4909 1304 4963 obtinent.
1336 4902 1639 4958 lntcralias
1678 4915 1810 4956 vero
1844 4915 1910 4955 ex
1936 4897 2129 4954 liberis
2148 4914 2284 4953 uxo-

694 5006 850 5061 ribus
870 5012 1023 5058 ortas
1055 4998 1172 5052 Dan
1228 4996 1425 5050 ultimo
1455 5002 1797 5049 recensetur.
1832 4990 1924 5045 Ait
1952 5004 2086 5044 vero
2123 4987 2283 5044 Salo-

693 5114 819 5151 mon
855 5095 908 5148 in
981 5088 1322 5153 Proverbiis,
1381 5085 1809 5141 Contentionem
1864 5081 2015 5135 sistit
2061 5095 2184 5135 sors
2216 5080 2281 5133 ³⁸.

694 5187 797 5253 Qui
855 5200 954 5239 uec
994 5184 1049 5237 in
1107 5177 1459 5251 principibus
1484 5178 1608 5229 lites
1665 5188 1791 5228 esse
1833 5178 1986 5228 sorte
2017 5178 2287 5241 praesente

696 5280 853 5336 dicit.
910 5274 1086 5330 Porro
1109 5270 1318 5327 ethnici
1358 5282 1588 5339 quoque
1636 5272 1843 5327 sortes,
1877 5262 1974 5319 sed
1999 5277 2110 5317 non
2169 5260 2287 5332 pari

696 5373 883 5435 modo,
970 5374 1267 5437 usurpant,
1334 5358 1807 5433 quemadmodum
1873 5367 2058 5412 nauta:
2120 5368 2289 5425 super

693 5461 857 5517 Jona.
914 5459 976 5513 in
1043 5455 1195 5513 Novo
1249 5454 1478 5522 insuper
1536 5449 1897 5505 Testamento
1925 5446 1970 5478 ³⁸
2006 5444 2287 5515 apostolos

695 5567 919 5626 quoque
943 5548 1195 5607 invenies
1244 5542 1788 5601 sortibusMattltiam
1823 5542 1875 5594 in
1903 5538 2059 5593 Judae
2100 5538 2284 5591 locum

697 5658 940 5711 creasse,
972 5657 1035 5697 ac
1070 5638 1331 5713 precibus
1381 5651 1549 5706 super
1584 5635 1765 5703 ipsum
1815 5630 2132 5685 devolutam
2163 5642 2284 5682 sor-

771 5826 813 5855 ³⁶
844 5821 1002 5877 Prov.
1044 5835 1199 5881 χιιιι,
1228 5818 1310 5874 l8.
1350 5814 1530 5866 "Act.
1563 5828 1598 5877 ι,
1624 5808 1711 5864 26.

2382 3499 2579 3562 Καλῶς
2618 3495 2932 3566 ὲξηπάτησέ
2983 3510 3064 3546 σε.
3119 3491 3367 3543 ’Λπέστω
3421 3486 3479 3538 δὲ
3544 3483 3724 3549 τοῦτο,
3749 3483 3841 3534 καὶ
3874 3498 3972 3548 γε·

2379 3589 2610 3658 νοίμεθα
2668 3586 2833 3640 τέκνα
2911 3580 3322 3653 μεμορφωμένα
3408 3576 3657 3645 Ἀϐραάμ
3733 3590 3794 3625 τε
3875 3573 3973 3623 καὶ

2381 3680 2639 3753 πατέρων
2671 3679 2780 3731 τῶν
2829 3674 3125 3738 ἐκλεκτῶν,
3175 3673 3316 3743 ὑπὲρ
3370 3671 3577 3731 πάντας
3615 3666 3673 3718 δὲ
3706 3664 3800 3718 τοῦ
3835 3665 3973 3733 Χρι-

2382 3774 2530 3828 στοῦ.

2449 3866 2557 3922 Καὶ
2575 3862 2995 3931 ἑκκλησιάσθη
3009 3858 3175 3915 πᾶσα
3196 3853 3522 3926 συναγωγὴ
3549 3852 3693 3908 υἱῶν
3720 3848 3927 3918 Ἰσραὴ
3942 3851 3975 3901 ι

2379 3955 2463 4019 είς
2494 3950 2689 4019 Ση.ίὼ.
2726 3950 2839 4018 Ούχ
2866 3948 2941 4010 ὡς
2972 3948 3029 3998 έν
3056 3947 3120 4015 τῇ
3159 3940 3420 4011 συνηθείᾳ
3453 3936 3768 4007 συντυχικὸς
3792 3937 3819 3987 6
3839 3933 3977 4002 κλῆ-

2385 4042 2694 4116 ρος,οῦτως
2729 4041 2786 4093 ὲν
2847 4041 2913 4107 τῇ
2982 4036 3198 4105 Γραφῇ,
3242 4032 3329 4085 ὅτε
3374 4028 3524 4097 λέγει
3576 4025 3781 4094 κλῆρον
3808 4020 3971 4082 Θεοῦ,

2381 4137 2476 4190 καὶ
2536 4134 2738 4204 κλῆρον
2794 4129 3213 4197 άποπομπαίου.
3283 4122 3390 4175 Καὶ
3450 4120 3691 4187 Μωῦσῆς
3724 4115 3781 4168 δὲ
3829 4113 3977 4166 κατὰ

2382 4229 2621 4300 κλήρους
2651 4226 2750 4296 τὴν
2780 4223 2887 4295 πρὸ
2930 4220 3196 4291 Ἰορδάνου
3222 4216 3349 4285 γῆν,
3367 4215 3458 4267 καὶ
3492 4209 3693 4281 Ἰησοῦς
3712 4210 3809 4276 τὴν
3834 4207 3978 4278 μετὰ

2382 4323 2571 4376 τοῦτον
2598 4319 2888 4387 διένειμεν.
2923 4316 3020 4377 ⁸ος
3077 4311 3171 4365 καί
3213 4324 3371 4378 φησι,
3421 4324 3439 4356 ι
3480 4301 3637 4356 Βαλῶ
3686 4300 3909 4369 κλῆρον.
3950 4317 3973 4352 ι

2385 4415 2517 4479 Καὶ,
2551 4432 2568 4465 t
2606 4410 2837 4477 Ἐξοίσω
2857 4405 3092 4459 ἐνώπιον
3132 4400 3341 4471 Κυρίου
3373 4396 3469 4450 τὸν
3517 4394 3734 4463 κλῆρον.
3777 4411 3795 4443 ι
3829 4390 3979 4443 Οὐκ-

2384 4509 2478 4563 οῦν
2517 4507 2578 4560 ού
2599 4499 2963 4572 συντυχικῶς.
2995 4494 3273 4565 Λαγχάνει
3315 4492 3425 4561 γὰρ
3459 4490 3492 4559 ἡ
3527 4485 3669 4555 φυλὴ
3718 4483 3981 4553 Βενιαμὶν

2387 4600 2580 4671 πρώτη
2625 4598 2763 4650 ὅπου
2787 4589 2857 4666 ἦν
2902 4586 3285 4662 Ἰερουσαλὴμ,
3328 4583 3422 4637 καὶ
3454 4579 3653 4649 ἑφεξῆς
3685 4577 3737 4630 αξ
3766 4575 3978 4627 λοιπαί.

2399 4691 2489 4746 Ἐν
2516 4686 2604 4753 αἷς
2630 4690 2685 4742 ai
2734 4688 2883 4758 τρεῖς
2912 4683 3023 4736 τῶν
3074 4674 3379 4733 παιδισκῶν
3435 4672 3528 4725 τοῦ
3570 4667 3766 4723 Ἰακὼὸ
3796 4666 3985 4720 τελευ-

2391 4786 2542 4838 ταῖαι
2575 4778 2929 4849 λαγχάνουσι.
2981 4773 3094 4828 Ka‘t
3147 4771 3205 4823 ὲν
3234 4767 3413 4828 ἀλλοις
3448 4764 3503 4816 δὲ
3538 4760 3644 4814 Δάν
3672 4758 3984 4820 τελευταῖος
4082 4818 4087 4821 η

2392 4878 2728 4948 εὑρίσκεται.
2767 4870 2877 4924 Καὶ
2899 4870 2927 4921 ὁ
2960 4861 3213 4935 Σολομὼν
3244 4860 3300 4913 δέ
3322 4873 3486 4927 φησιν
3515 4857 3571 4907 ὲν
3610 4851 3943 4924 Παροιμίαις
3967 4864 3981 4877 ·

2405 4966 2740 5034 Ἀντιλογίας
2768 4961 2932 5015 παύει
2968 4956 3171 5027 κλῆρος
3194 4972 3208 4984 ο
3243 4952 3364 5005 οὐδὲ
3398 4952 3457 5002 ἐν
3510 4946 3799 5004 δυνάσταις
3840 4943 3988 4995 ἀντι-

2389 5063 2580 5132 λογίαν
2611 5033 2752 5111 εἷναί
2793 5069 2947 5124 φησι,
2974 5049 3241 5119 παρόντος
3287 5043 3513 5113 κλήρου.
3554 5038 3663 5092 Καὶ
3684 5034 3892 5089 ἐθνικοὶ
3925 5033 3987 5087 δὲ

2391 5127 2632 5228 χρίῦνται
2661 5149 2907 5219 κλήροις,
2937 5143 3050 5199 ἀλλ’
3089 5141 3190 5209 οὐχ
3217 5135 3442 5208 ὁμοίως,
3476 5134 3550 5195 ὼς
3582 5132 3675 5183 ἐπὶ
3700 5127 3795 5182 τοῦ
3831 5128 3992 5180 Ἰωνᾶ

2475 5244 2863 5316 συμπλέοντες.
2890 5238 3001 5293 Καὶ
3033 5237 3091 5288 ὲν
3117 5235 3183 5303 τῇ
3204 5229 3383 5299 καινῇ
3405 5227 3461 5280 δὲ
3488 5225 3615 5288 τοὺς
3648 5219 3991 5282 ἀποστόλους

2391 5342 2669 5413 εὑρήσεις,
2702 5336 2930 5406 κλήροις
2960 5330 3082 5384 ἀντὶ
3120 5326 3290 5381 Ἰούδα
3340 5324 3433 5375 τὸν
3463 5317 3713 5375 Ματθίαν
3743 5313 3995 5385 προεάλ-

2391 5436 2604 5495 λοντας,
2624 5429 2723 5498 τῆς
2755 5428 2921 5497 εὐχῆς
2944 5422 3038 5475 ἐπὶ
3055 5418 3248 5473 τοῦτον
3271 5410 3608 5480 ἐνεγκούσης
3642 5407 3733 5459 τὸν
3759 5405 3991 5474 κλῆρον.

2391 5528 2665 5600 Εύρήσεις
2690 5524 2744 5576 δὲ
2775 5519 2964 5575 τοῦτον
2994 5514 3087 5570 καὶ
3114 5511 3207 5565 ἐπὶ
3224 5504 3466 5579 Χριστοῦ
3492 5502 3785 5573 φθάνοντα,
3806 5498 3901 5548 καί
3923 5495 4000 5549 τὰ

2394 5622 2493 5691 τῆς
2538 5615 2867 5687 Ἐκκλησίας
2899 5607 3127 5666 ἐπὶτῶν
3159 5599 3486 5672 σωζομένων
3538 5593 3839 5667 μυστήρια.
3891 5586 4023 5647 Aie
