4272 6446
338 398 472 463 1037

1464 381 2008 451 COMMENT’ARH
2051 390 2126 446 ΙΝ
2176 387 2438 447 JUSUE.

3455 389 3592 454 1038

337 504 488 555 τεται
515 485 624 556 γάρ
642 484 774 554 πρὸς
815 479 1089 549 Ἐφεσίους
1117 478 1244 546 περὶ
1274 477 1508 547 Χριστοῦ
1536 493 1547 505 ο
1591 496 1608 526 ι
1635 479 1721 529 Ἐν
1750 471 1792 541 ᾧ
1823 475 1916 526 καὶ
1948 486 1986 538 Α
2021 487 2024 522 ι

1901 476 1916 524 ι
1948 486 1986 538 Α
2021 483 2126 526 tem
2160 490 2300 528 esse.
2337 474 2588 527 Invenies
2621 487 2784 541 porro
2812 473 2948 526 hanc
2986 487 3149 541 super
3187 472 3467 526 Christum
3500 493 3588 527 ve-

334 577 754 647 ἐκληρώθημεν,
806 570 1222 642 προορισθέντες
1263 569 1402 620 κατᾶ
1447 569 1703 638 πρόθεσιν
1735 568 1826 618 τοῦ
1854 565 1922 616 τὰ

335 669 516 722 πάντα
547 664 900 734 ἐνεργοῦντος
924 663 1066 714 κατὰ
1097 661 1197 730 τὴν
1239 660 1493 730 βούλησιν
1527 659 1621 711 τοῦ
1651 659 1922 727 ὀνόματος

336 760 503 814 αὐτοῦ
532 775 545 788 ο
580 759 660 819 είς
695 757 755 809 τὸ
802 752 938 807 εἶναι
1001 754 1147 820 ἡμᾶς
1181 754 1258 813 είς
1308 750 1528 802 ἔπαινον
1555 750 1711 819 δόξης
1729 751 1919 811 αὑτοῦ,

336 853 462 914 τοὺς
506 846 921 920 προηλπικότας
981 845 1039 896 ἐν
1081 842 1158 910 τῷ
1180 840 1421 910 Χριστῷ.
1458 859 1475 892 ι
1503 841 1612 893 Καὶ
1639 841 1776 911 πρὸς
1815 843 1924 892 Κο-

2024 565 2191 626 uisse,
2248 573 2301 616 et
2365 563 2628 618 Ecclesia:
2686 564 2947 633 mysteria
3010 579 3178 632 super
3230 580 3325 617 eos
3353 567 3447 632 qui
3479 581 3594 619 scr-

2025 667 2237 708 vantur.
2269 656 2347 709 Ad
2379 657 2643 724 Ephesios
2669 658 2812 709 enim
2837 655 2903 709 de
2933 656 3152 711 Christo
3177 658 3377 710 dicitur
3408 676 3418 708 :
3448 677 3464 708 ι
3495 658 3596 713 Per

2025 760 2185 812 quem
2211 755 2262 796 et
2296 748 2349 797 in
2378 754 2586 799 sortem
2620 745 2782 800 asciti
2826 760 3041 808 smnus,
3076 729 3448 814 praedestinati
3507 765 3596 802 se-

2026 838 2264 890 cundum
2301 839 2640 907 propositum
2673 839 2846 904 ipsius
2896 839 3056 907 cujus
3086 840 3131 890 vi
3172 840 3307 892 liunt
3339 842 3596 895 universa

337 943 600 1001 λασσαεῖς
623 955 638 969 ·
665 958 682 990 ι
714 933 1177 1008 Εὐχαριστοῦντες
1193 933 1269 1001 τῷ
1291 933 1467 1004 Πατρὶ
1484 931 1562 1000 τῷ
1594 931 1924 984 ἱκανώσαντι
2023 985 2024 991 η

1913 947 1924 980 ι
2023 929 2177 995 juxta
2212 930 2490 982 decretum
2542 929 2784 982 nominis
2818 929 2926 991 sui,
2955 939 3014 981 ut
3048 930 3223 982 simus
3249 944 3347 982 nos
3382 931 3434 982 in
3483 932 3600 983 lau-

340 1035 486 1101 ἡμᾶς
526 1034 607 1093 εἰς
639 1031 740 1097 τὴν
812 1028 1010 1097 μερίδα
1050 1026 1142 1078 τοῦ
1187 1025 1392 1094 κλήρου
1425 1024 1532 1076 τῶν
1559 1024 1729 1090 ἁγίων
1755 1024 1812 1075 ἐν
1843 1020 1928 1090 τῷ

340 1123 500 1191 φωτί.
533 1141 551 1172 ι
584 1122 813 1189 Μήποτε
843 1115 936 1170 οὖν
959 1133 1143 1184 φασιν,
1167 1115 1242 1177 ὼς
1291 1116 1348 1166 ἐν
1377 1111 1685 1182 ἀνθρώποις
1729 1113 1927 1181 κλῆροι

339 1216 604 1280 γίνονται,
673 1211 818 1263 οῦτω
881 1209 973 1263 καὶ
1028 1210 1085 1262 ἐν
1113 1206 1447 1275 δυνάμεσιν;
1497 1204 1580 1266 Ὠς
1612 1205 1678 1256 ἂν
1719 1199 1813 1256 οῦν
1846 1202 1927 1272 μὴ

344 1306 480 1373 πρὸς
509 1304 671 1372 χάριν
705 1301 739 1372 ἡ
779 1299 875 1368 τῆς
905 1297 1004 1368 γῆς
1059 1296 1236 1360 ἔξεστι
1285 1295 1626 1366 διανέμησις,
1673 1297 1929 1364 γίνεσθαι

345 1393 420 1461 τῷ
454 1391 574 1459 Θεῷ
605 1390 691 1442 διὰ
745 1389 966 1457 κλήρων
1007 1386 1214 1456 Ἰησοῦς
1247 1386 1416 1456 αὐτὴν
1465 1387 1772 1458 ἐπιτρέπει.
1801 1389 1930 1438 Τοι-

343 1485 532 1542 ούτους
562 1482 606 1533 δ’
657 1479 724 1534 ἂν
787 1478 1038 1538 εἴποιτις
1076 1478 1355 1544 γεγονέναι
1413 1477 1648 1546 κλήρους
1705 1479 1800 1529 καὶ
1835 1476 1932 1527 ἐπὶ

347 1572 440 1625 τοῦ
469 1569 833 1640 διαμερισμοῦ
857 1568 967 1621 τῶν
1003 1569 1195 1630 ἐθνῶν,
1220 1570 1307 1622 ὅτε
1345 1567 1652 1637 διεμέριζεν
1694 1571 1722 1620 6
1763 1566 1934 1634 ’Ὑψι-

348 1682 472 1725 στος
503 1663 651 1731 ἔθνη.
673 1663 748 1714 Οὐ
781 1662 889 1732 γὰρ
913 1661 1249 1730 συντυχικῶς
1280 1661 1570 1728 οίάγγελοι
1594 1662 1693 1728 τὴν
1721 1660 1936 1712 τούτων

348 1755 672 1824 ἐπιμέλειαν
733 1753 1072 1819 ἀνεδέξαντο,
1115 1753 1189 1816 ὠς
1239 1753 1361 1806 οὑδέ
1408 1753 1506 1824 τὴν
1547 1752 1662 1815 ἐνὸς
1696 1752 1935 1805 ἑκάστου

2028 1018 2150 1068 detn
2211 1016 2398 1084 gloria!
2463 1017 2658 1084 ipsius,
2715 1018 2808 1084 qui
2885 1019 3095 1084 priores
3147 1019 3492 1085 speravimus
3546 1021 3599 1072 in

2029 1104 2250 1158 Christo
2273 1105 2337 1156 ³⁷.
2396 1124 2413 1156 ›
2491 1107 2568 1158 Ad
2626 1105 2982 1162 Colosscnses
3049 1112 3176 1162 item
3235 1124 3247 1160 :
3310 1129 3325 1158 ι
3383 1109 3602 1163 Gratias

2033 1203 2259 1262 agentes
2291 1196 2464 1257 Patri,
2499 1195 2592 1263 qui
2625 1196 2856 1248 idoneos
2888 1212 2988 1250 nos
3020 1197 3147 1251 fecit
3209 1200 3272 1252 ad
3311 1202 3605 1269 participa-

2034 1287 2237 1339 tionem
2270 1287 2436 1340 sortis
2465 1295 2793 1340 sanctorum
2851 1288 2905 1341 in
2938 1289 3142 1343 lumine
3167 1290 3232 1342 ³⁸.
3259 1309 3278 1339 ι
3312 1291 3605 1361 Nunquam

2035 1377 2200 1446 igitur
2222 1377 2397 1438 aiunt,
2437 1378 2581 1446 quod
2610 1393 2775 1446 penes
2810 1378 3060 1432 homines
3085 1384 3314 1434 sortium
3354 1387 3424 1435 sit
3445 1400 3611 1437 even-

2037 1477 2142 1530 tus,
2189 1468 2374 1537 itaque
2408 1483 2508 1522 nec
2540 1469 3020 1523 distributiunum.
3057 1471 3190 1523 Cum
3224 1489 3353 1527 vero
3380 1475 3432 1527 in
3470 1474 3613 1528 divi-

2037 1560 2192 1613 sione
2250 1572 2408 1612 terra:
2440 1561 2632 1628 gratia:
2683 1561 2820 1613 nihil
2871 1561 3114 1615 tribuere
3157 1563 3306 1625 licet,
3349 1565 3458 1618 Deo
3519 1583 3614 1634 per

2038 1657 2217 1703 sortes
2247 1649 2425 1719 ipsam
2458 1650 2648 1702 tradit.
2683 1648 2825 1715 Quid
2880 1665 3010 1704 vero
3066 1654 3338 1720 ejusmodi
3393 1671 3614 1726 quoque

2041 1750 2220 1794 sortes
2287 1740 2343 1792 in
2382 1740 2628 1809 gentium
2684 1740 2977 1806 divisione,
3031 1743 3251 1810 quando
3297 1745 3618 1799 Altissimus

349 1820 546 1917 deﬁxi.
575 1845 834 1916 θειοτέρῳ
864 1846 919 1898 δὲ
954 1845 1162 1915 κλήρῳ,
1199 1847 1291 1898 καλ⁹
1321 1820 1474 1914 ὑπὲρ⁷
1522 1844 1835 1914 ἄνθρωπον.
1870 1842 1934 1894 Οἱ
1975 1820 2012 1873 Β

1928 1843 1934 1892 ί
1975 1820 2012 1873 Β
2041 1841 2228 1899 gentes
2254 1831 2444 1885 divisit
2473 1831 2537 1896 ",
2567 1831 2740 1885 factas
2792 1848 2914 1886 esse
2965 1834 3204 1888 obstabit
3234 1836 3455 1891 dicere?
3500 1838 3615 1893 Νοιι

350 1939 407 1992 δὲ
439 1939 568 2007 περὶ
594 1937 694 2005 τῆς
714 1939 814 2006 γῆς
835 1936 1025 2006 κλῆροι
1057 1937 1155 2006 τῆς
1184 1935 1538 2006 κληροδοσίας
1568 1936 1667 2006 τῆς
1705 1933 1935 2004 μελλού-

354 2047 452 2100 σης
476 2031 572 2099 τὴν
594 2029 905 2097 οἰκονομίαν
942 2027 1287 2097 σημαίνουσι.
1322 2027 1489 2079 Σκιὰν
1542 2027 1650 2096 γάρ
1688 2024 1938 2096 περιέχει

351 2123 421 2174 τὰ
450 2119 655 2173 παλαιὰ
674 2120 782 2172 τῶν
817 2119 1122 2189 μελλόντων
1176 2119 1419 2186 άγαθῶν.
1478 2119 1588 2170 Καὶ
1622 2117 1781 2186 εἴπερ
1817 2117 1939 2168 ἔστι

353 2209 817 2281 προσεληλυθέναι
867 2209 1005 2262 Σιὼν
1063 2211 1199 2279 δρει,
1238 2211 1332 2262 καί¹
1363 2210 1517 2262 πόλει
1546 2209 1681 2262 Θεοῦ
1705 2209 1934 2274 ζῶντος,

367 2302 725 2374 Ἰερουσαλὴμ
758 2301 1087 2372 ἐπουρανίῳ,
1118 2301 1260 2355 διατί
1305 2304 1380 2372 μὴ
1433 2302 1620 2372 ὥσπερ
1659 2302 1940 2371 Ἰερουσα-

355 2394 468 2465 λὴμ
493 2395 551 2446 ἐν
585 2393 772 2465 κλήρῳ
801 2394 990 2463 γέγονε
1019 2393 1114 2446 τοῦ
1141 2394 1422 2464 Βενιαμὶν,
1467 2393 1561 2446 καὶ
1587 2394 1672 2461 ἐφ’
1700 2393 1943 2458 ἑκάστης

357 2488 550 2558 φυλῆς,
577 2483 689 2541 εἶεν
718 2486 783 2540 ἄν
803 2503 946 2549 τινες
981 2486 1237 2555 ἀνάλογοι
1272 2488 1447 2549 τόποι,
1480 2486 1729 2556 Βηθλεέμ
1779 2485 1946 2554 τυχὸν

357 2580 455 2631 καὶ
490 2577 716 2648 Χεϐρὼν
745 2578 1082 2648 ἐπουράνιοι,
1116 2578 1255 2631 κατὰ
1290 2579 1387 2648 τὴν
1412 2579 1514 2648 γῆν
1547 2577 1656 2630 τῶν
1691 2577 1946 2646 πραὲων;

2039 1920 2180 1974 enim
2197 1929 2398 1975 temere
2413 1935 2603 1975 eorum
2629 1936 2817 1974 curam
2832 1928 3410 1995 susceperuntangeli,
3428 1943 3620 1996 quem-

2042 2012 2335 2066 admodum
2390 2026 2490 2067 nec
2519 2013 2960 2082 uniUSCujusque
3024 2015 3287 2081 animam,
3317 2033 3502 2071 verum
3537 2019 3621 2070 di-

2045 2109 2227 2159 vinam
2259 2120 2322 2159 ac
2356 2107 2479 2174 plus
2508 2121 2672 2176 quam
2698 2106 2940 2159 humana
2969 2117 3141 2161 sorte.
3173 2109 3442 2162 Caeterum
3467 2121 3625 2164 terra:

2048 2199 2212 2267 hujus
2251 2205 2428 2252 sortes
2464 2197 2663 2250 futurze
2719 2198 3027 2252 sortitionis
3059 2200 3465 2255 ordinationem
3517 2218 3627 2271 prie

2049 2306 2106 2344 se
2134 2290 2334 2344 ferunt.
2371 2290 2566 2346 Vetera
2603 2291 2748 2346 enim
2789 2292 3040 2347 umbram
3077 2295 3392 2350 futurorum
3451 2299 3628 2352 bono-

2049 2399 2167 2436 rum
2193 2385 2500 2439 continent.
2565 2383 2847 2456 Siquidem
2892 2397 3074 2442 autem
3112 2390 3442 2445 ad'montem
3495 2391 3629 2446 Sion

2049 2476 2310 2531 accedere
2343 2478 2518 2541 licuit,
2555 2479 2623 2533 ad
2656 2481 2847 2534 urbem
2883 2481 3010 2535 item
3072 2483 3162 2537 Dei
3195 2485 3433 2540 viventis
3460 2487 3630 2542 mele-

2053 2583 2188 2626 stem
2213 2570 2516 2628 Jerusalem
2549 2558 2622 2639 δδ,
2651 2590 2750 2629 cur
2783 2592 2892 2630 non
2931 2578 3055 2631 aliis
3093 2593 3314 2648 quoque
3375 2581 3631 2636 tribubus

356 2669 825 2739 quemadmodum
876 2669 1043 2724 tribui
1098 2668 1708 2738 Benjaminlerusalem
1748 2669 1942 2729 cessit,
1986 2665 2088 2718 loci
2124 2664 2342 2733 quidem
2373 2665 2647 2721 Bethleem
2683 2667 2828 2722 forte
2860 2681 2952 2722 aut
2983 2671 3202 2724 Ilebron
3230 2714 3242 2737 ,
3307 2675 3398 2742 qui
3470 2678 3635 2728 cmle.

361 2762 528 2814 stium
585 2761 799 2816 sedium
836 2769 980 2814 terra
1045 2771 1454 2816 mansuetorum
1482 2761 1736 2815 videlicet
1763 2760 2041 2813 rationem
2065 2758 2439 2824 continerent,
2471 2760 2673 2812 cessit?

435 2853 581 2921 Ὅρα
627 2852 717 2905 τὸν
760 2852 967 2923 Ἰησοῦν
1025 2854 1245 2922 ἐπιεικῆ
1302 2871 1359 2906 τε
1413 2853 1556 2920 λίαν,
1593 2855 1686 2908 καὶ
1715 2853 1813 2922 τῆς
1851 2853 1942 2904 τοῦ

364 2943 616 3013 Σωτῆρος
643 2943 965 3012 ἐπωνυμίας
989 2944 1229 3010 ἐπάξιον.
1250 2945 1405 2999 Μετὰ
1433 2945 1642 3009 πάντας
1669 2946 1777 3014 γάρ
1801 2944 1943 3014 λαμο

364 3035 520 3088 ϐάνει
569 3035 661 3088 τὸν
719 3033 942 3106 κλῆρον,
1000 3034 1101 3088 οὐκ
1159 3037 1322 3099 αὐτὸς
1370 3036 1641 3106 ἐλόμενος,
1675 3036 1807 3088 ἀλλὰ
1836 3036 1944 3088 τῶν

367 3127 502 3179 υἱῶν
546 3126 764 3197 Ἰσραὴλ
788 3126 1105 3180 δεδωκότων
1134 3127 1302 3196 αὐτῷ.
1325 3128 1437 3182 Καὶ
1457 3129 1628 3181 ταῦτα
1649 3127 1829 3181 Χάλεϐ
1850 3128 1943 3180 τοῦ

369 3220 466 3272 σὺν
487 3218 638 3288 αὐτῷ
671 3218 938 3280 σωθέντος
957 3217 1174 3290 πρώτου
1201 3219 1457 3282 λαϐόντος
1481 3219 1572 3272 τὸν
1597 3219 1820 3287 κλῆρον.
1839 3219 1950 3271 Καὶ

367 3314 397 3364 6
426 3311 735 3380 εἰσαγαγὼν
758 3311 978 3373 αὐτοὺς,
1008 3313 1036 3364 6
1074 3311 1378 3380 διανείμας,
1412 3313 1440 3364 6
1479 3311 1694 3381 πρῶτος
1721 3313 1779 3364 ἐν
1812 3311 1952 3365 άπα-

2128 2855 2195 2902 At
2231 2866 2392 2919 quam
2428 2861 2750 2906 mansuetus
2781 2853 3168 2916 admudnm,et
3203 2855 3635 2911 Servutmisno-

2058 2940 2204 2994 mine
2231 2956 2393 3009 quam
2425 2939 2627 3010 dignus
2662 2942 2733 2995 sit
2765 2944 2911 3008 vide;
2967 2953 3088 3012 post
3127 2961 3318 2999 omnes
3341 2949 3483 3000 enim
3519 2964 3638 3001 sur-

2059 3039 2162 3084 tem
2191 3039 2345 3085 suam
2406 3031 2629 3101 accipit,
2682 3048 2846 3101 quam
2914 3049 3013 3088 nec
3075 3035 3191 3103 ipse
3221 3037 3441 3104 quidem
3472 3037 3636 3109 495

2060 3123 2378 3186 vindicavit,
2439 3140 2630 3178 verum
2664 3123 2756 3177 lilii
2821 3124 2986 3178 Israel
3021 3127 3070 3180 ei
3128 3129 3457 3182 tribuerunt.
3493 3129 3639 3183 Pric-

2060 3217 2249 3268 sertim
2283 3229 2410 3268 vero
2433 3230 2555 3268 cum
2582 3213 2751 3268 Caleb
2785 3216 2904 3284 ipso
2930 3231 3053 3269 cum
3093 3227 3348 3272 servatus
3371 3221 3640 3288 imprimis

2062 3317 2266 3361 sortem
2320 3322 2475 3362 suam
2541 3309 2838 3376 acceperit.
2903 3308 2950 3364 Is
2993 3317 3178 3363 autem
3206 3313 3299 3380 qui
3346 3327 3444 3366 eos
3477 3313 3643 3366 intro-

371 3420 476 3470 σιν,
512 3402 742 3472 ἔσχατος
771 3400 1079 3472 λαμϐάνει·
1119 3402 1205 3454 ἵνα
1250 3402 1419 3464 δντως
1449 3403 1674 3471 γένηται
1716 3403 1951 3472 πρῶτος.
1983 3387 2026 3446 C

1983 3387 2026 3446 (ἶ
2059 3401 2242 3468 duxit,
2294 3402 2388 3471 qui
2444 3402 2751 3466 distribuit,
2810 3404 3059 3457 omnium
3109 3405 3347 3474 denique
3384 3408 3641 3476 princeps

371 3494 629 3548 Τοιοῦτον
653 3496 734 3558 τὸ,
768 3513 785 3546 ι
823 3494 1097 3547 Ταπείνου
1139 3494 1366 3548 σεαυτὸν
1384 3494 1564 3548 ἔναντι
1598 3495 1827 3566 Κυρίου,
1862 3496 1956 3547 καὶ

372 3590 630 3661 εὑρήσεις
658 3589 837 3658 χάριν.
881 3608 899 3639 ι
935 3591 1042 3642 Ka‘t
1062 3589 1143 3652 τὸ,
1189 3611 1205 3642 ι
1252 3590 1584 3660 ἰιγοιίκμενόν
1616 3607 1673 3642 σε
1705 3592 1959 3662 κατέστη-

375 3701 496 3745 σαν,
527 3683 602 3753 μὴ
627 3682 878 3753 ὲπαίρου.
909 3683 1068 3735 Γίνου
1095 3685 1152 3735 ἐν
1183 3683 1388 3747 αὐτοῖς,
1415 3685 1489 3746 ὡς
1517 3680 1596 3748 εἷς
1619 3684 1675 3749 ἐξ
1704 3685 1906 3737 αὐτῶν.
1938 3704 1954 3735 ι

373 3773 572 3828 Λαϐὼν
628 3773 684 3826 δὲ
747 3775 964 3846 μερίδα,
1005 3777 1278 3846 οίκοδομεῖ
1316 3777 1408 3829 τὸν
1439 3777 1625 3838 τόπον,
1662 3777 1719 3828 ὃν
1749 3777 1961 3846 εἴληφε,

377 3866 602 3936 κοσμῶν
626 3866 812 3932 αὑτὸν,
836 3867 911 3931 ὡς
946 3868 1010 3922 ἂν
1038 3871 1289 3938 ποιήσειε
1333 3869 1535 3938 κλῆρον
1570 3868 1717 3932 ἄξιον
1752 3869 1963 3939 μερίδος

375 3959 537 4013 Θεοῦ.
575 3959 684 4013 Καὶ
715 3962 822 4022 πᾶς
844 3961 900 4012 δὲ
930 3963 957 4013 6
986 3961 1194 4031 ἀληθὴς
1227 3960 1353 4024 λαὸς
1404 3960 1589 4013 δίδωσι
1624 3961 1701 4032 τῷ
1728 3960 1967 4030 ἀληθινῷ

390 4052 569 4121 Ἰησοῦ
603 4053 766 4106 τόπον
792 4055 1061 4123 οἰκήσεως
1086 4054 1202 4124 ἆμα
1232 4053 1401 4124 αὐτῷ.
1452 4055 1547 4106 Ὃν
1581 4053 1784 4118 λαϐὼν,
1818 4056 1965 4106 οἰκος

377 4141 536 4211 δομεί
585 4143 678 4195 καὶ
729 4145 960 4211 κοσμεῖ,
1015 4142 1304 4212 κρείττονα
1353 4141 1525 4195 ποιῶν
1569 4142 1603 4211 ἢ
1659 4141 1970 4213 παρέλαϐεν

377 4233 611 4287 ἕκαστον
634 4235 803 4288 αὑτοῦ
835 4233 1002 4287 τόπον
1027 4233 1344 4303 γενόμενον.

457 4501 565 4553 Καὶ
621 4501 652 4552 ό
703 4498 1053 4567 Ἀμορῤαῖος
1114 4502 1396 4569 ὑπέμεινε
1447 4503 1553 4556 τοῦ
1579 4507 1885 4558 κατοικεῖν
1908 4507 1977 4558 ἐν

382 4591 588 4660 Aldrith
616 4590 752 4659 (45).
780 4591 878 4644 καὶ
909 4592 978 4644 ὲν
1007 4593 1277 4661 Σαλαμίν
1303 4608 1317 4622 ο
1348 4592 1446 4646 καί
1465 4593 1760 4664 ἐϐαρύνθη
1791 4598 1827 4664 ἢ
1847 4597 1975 4665 χεὶρ

383 4683 490 4737 τοῦ
524 4684 775 4752 Ὲςρραῒμ
808 4683 901 4735 ἐπ’
938 4685 1182 4750 αὐτούς.

470 4775 802 4845 Ἀμορραῖος
861 4775 1230 4844 ἑρμηνεύεται
1268 4781 1300 4832 ό
1353 4779 1709 4851 λαλητὸς,ῆ
1767 4783 1800 4833 ὀ
1840 4796 1974 4833 πικ-

375 4867 627 4935 ραίνων.
694 4867 865 4935 Δῆλον
907 4868 1000 4930 δὲ,
1061 4869 1137 4933 ὡς
1201 4873 1251 4924 οἱ
1313 4872 1534 4936 πλείους
1592 4873 1701 4926 τῶν
1760 4874 1975 4947 ἀνθρώ-

385 4975 504 5011 πων
557 4958 784 5012 λαλοῦσι
842 4962 972 5030 περ)⁸
1047 4964 1306 5034 χειρόνων
1354 4965 1663 5036 δυνάμεων,
1717 4967 1872 5019 οὐδὲν
1919 4967 1977 5022 δὲ

384 5051 519 5120 περὶ
565 5049 725 5104 Θεοῦ.
780 5051 990 5116 Οῖτινες
1023 5055 1116 5106 καὶ
1174 5056 1557 5126 πικραίνουσι·
1610 5057 1660 5110 οἳ
1687 5060 1780 5111 καὶ
1844 5060 1979 5111 ὑπο-

389 5143 645 5213 μένουσιν
714 5145 886 5197 οἰκεῖν
949 5147 1008 5199 ἐν
1063 5150 1178 5210 τοῖς
1252 5150 1644 5220 κεκριωμένοις
1699 5151 1809 5223 (46)
1859 5151 1978 5205 ἐθέ-

384 5234 606 5296 λοντεςο
648 5234 677 5286 ὃ
704 5233 857 5304 δηλοί
909 5238 969 5289 τὸ
1009 5238 1224 5307 Ἐλώμ·
1260 5241 1354 5292 καὶ
1384 5243 1441 5294 ἐν
1486 5243 1598 5305 τοῖς
1641 5243 1934 5313 εἰρηνικοῖς
1962 5261 1975 5275 .

2063 3503 2345 3563 postremo
2394 3494 2655 3566 accipiat.
2709 3493 2831 3561 Quo
2893 3495 3150 3549 videlicet
3186 3501 3640 3550 reveruomnium

2065 3589 2274 3657 primus
2327 3587 2501 3643 ﬁeret.
2565 3590 2688 3643 Non
2755 3590 2898 3643 enim
2959 3599 3167 3645 temere
3223 3593 3642 3661 pronuntiatum

2063 3691 2188 3734 est:
2225 3697 2244 3730 ι
2296 3678 2575 3736 Submitte
2599 3691 2650 3735 te
2679 3697 2867 3736 curam
2904 3681 3153 3742 Domino.
3187 3691 3240 3736 et
3291 3685 3647 3752 coinparahis

2065 3771 2298 3840 gratiam
2335 3772 2403 3824 δ’.
2447 3792 2463 3822 ι
2498 3773 2637 3825 Illud
2672 3773 2801 3826 item
2840 3792 2852 3825 :
2904 3790 2922 3823 ¢
2988 3771 3187 3827 Ducem
3237 3784 3287 3828 te
3339 3784 3650 3828 enlistme-

2068 3871 2218 3925 runt,
2257 3879 2322 3916 ne
2339 3863 2624 3918 ederaris:
2658 3864 2848 3932 igitur.
2877 3880 3006 3933 gere
3026 3874 3076 3918 te
3103 3865 3246 3919 inter
3266 3880 3362 3920 eos
3390 3875 3648 3934 tanquam

2071 3953 2166 4006 uni
2196 3968 2382 4006 eorum
2405 3953 2640 4008 similem
2676 3954 2745 4006 δ’.
2790 3973 2807 4004 ι
2836 3952 3053 4007 Partem
3083 3970 3244 4024 porro
3275 3972 3431 4010 suam
3455 3965 3651 4010 nactus

2069 4044 2318 4100 aediliciis
2379 4044 2575 4098 locum
2619 4061 2783 4114 quem
2843 4049 3074 4101 sortitus
3127 4055 3210 4100 est
3247 4051 3487 4111 ornavit,
3544 4064 3653 4115 qun

2071 4145 2278 4193 sortem
2312 4134 2499 4190 divina
2534 4137 2794 4206 portione
2835 4138 3057 4206 dignam
3105 4137 3363 4193 ediceret.
3400 4140 3543 4203 Quin
3600 4148 3655 4192 et
3737 4151 3746 4160 '

2073 4229 2251 4284 omnis
2276 4243 2440 4283 verus
2482 4230 2723 4298 populus
2754 4244 2884 4285 vero
2905 4229 3072 4285 Josue
3123 4229 3307 4284 locum
3369 4232 3652 4287 habitandi

2074 4336 2261 4376 secum
2314 4319 2588 4375 concedit.
2618 4319 2805 4386 Quem
2860 4321 2952 4374 ubi
2990 4322 3228 4391 accepit,
3279 4323 3539 4389 aediﬁcat,
3606 4333 3660 4377 et

2075 4420 2327 4476 exornat,
2363 4412 2760 4481 melioremque
2792 4413 2990 4468 reddit.

2150 4502 2217 4555 Et
2248 4503 2594 4556 Amorrhwus
2628 4506 2883 4558 sustinuit
2932 4506 3175 4562 habitare
3220 4510 3274 4561 in
3301 4508 3478 4576 Elom,
3513 4521 3565 4564 'et
3609 4513 3659 4563 iu

2079 4593 2744 4666 Salomin,etaggravala
2785 4608 2864 4651 est
2931 4617 3119 4654 manus
3183 4600 3439 4670 Epitraim
3505 4621 3663 4673 super

2085 4703 2172 4740 eos
2205 4684 2348 4757 [XX,
2390 4685 2503 4758 47].

2153 4781 2506 4837 Amorrbaaus
2542 4766 2703 4838 sonat
2734 4785 2953 4855 loquax,
2982 4795 3075 4839 aut
3126 4787 3394 4841 irritator.
3435 4788 3668 4843 Constat

2084 4891 2216 4930 vero
2245 4879 2433 4944 plures
2464 4876 2749 4930 hominum
2815 4877 2882 4932 de
2914 4878 3269 4932 tenebrarum
3323 4882 3668 4950 principibus

2087 4967 2255 5021 verba
2282 4983 2447 5036 quam
2479 4967 2546 5021 de
2585 4967 2698 5023 Deo
2749 4967 2957 5025 facere.
2991 4969 3094 5035 Qui
3121 4971 3489 5040 quidemeum
3542 4975 3670 5029 irri-

2087 5067 2204 5112 tare
2245 5059 2448 5112 audent
2494 5060 2681 5114 etiam.
2734 5060 2838 5125 Qui
2867 5061 3032 5115 etiam
3094 5061 3343 5119 habitare
3373 5066 3567 5119 volunt
3616 5069 3668 5120 in
3703 5091 3706 5094 ~

2091 5150 2224 5205 locis
2247 5151 2518 5216 arietatis,
2560 5151 2703 5220 quod
2737 5151 2890 5207 Elem
2920 5154 3201 5225 signiﬁcat
3234 5156 3372 5226 (47).
3403 5157 3466 5211 lit
3489 5160 3540 5210 in
3575 5174 3671 5228 pa-

2089 5242 2230 5297 catis
2276 5243 2424 5313 quod
2455 5242 2734 5312 significat
2792 5243 2998 5312 Salem,
3023 5264 3148 5301 cum
3194 5264 3289 5318 per
3321 5250 3672 5307 Amori-lucos

463 5413 506 5444 "
537 5411 742 5492 L'phes.
775 5411 924 5480 1,“,
968 5413 1055 5467 12.
1139 5414 1182 5446 ³⁸
1205 5414 1421 5472 Coloss.
1455 5433 1495 5481 I,
1542 5416 1627 5470 ιε.
1707 5417 1751 5450 ³⁸
1784 5419 1938 5473 Deut.
1971 5434 2144 5482 χχχιι,

1988 5434 2144 5482 mu,
2179 5417 2232 5472 8.
2312 5418 2356 5450 ⁸ο
2400 5417 2564 5472 llebr.
2612 5435 2710 5483 xtl,
2738 5420 2829 5475 22.
2908 5423 2951 5453 “
2985 5423 3159 5479 Eccli.
3195 5442 3278 5492 Ill,
3315 5423 3408 5480 20.
3489 5428 3533 5460 δ’
3571 5428 3675 5485 Ee-

388 5484 480 5539 cli.
499 5498 670 5546 xxxn,
697 5483 747 5535 1.

1907 5572 2139 5629 NOTAE.

459 5675 569 5744 (65')
615 5673 816 5743 Ἐλώμ.
852 5675 913 5727 Ai
947 5673 1068 5724 αὐτ.
1103 5669 1197 5722 καὶ
1245 5671 1271 5722 ό
1322 5667 1564 5739 Προκόπ.
1621 5670 1678 5723 ἐν
1721 5669 1796 5739 τῷ
1842 5671 1975 5722 ὑπο--

389 5765 571 5885 μνῖίδξὶ
607 5817 715 5869 Ἷσ.
743 5813 1152 5885 κεκριγμένοις,
1189 5811 1295 5864 snt
1324 5810 1417 5862 τοῦ
1464 5810 1659 5880 κρεςω.

2160 5671 2270 5760 ςΠ)
2308 5670 2549 5760 ξιτιιςιὶε
2578 5677 2838 5758 nimirum
2883 5681 3331 5760 a-diiiciris_cum
3366 5689 3674 5760 insignibus

2086 5743 2381 5797 columnis.
2415 5747 2596 5816 Κριὸμ
2631 5753 2776 5803 enim
2807 5755 3091 5810 architecti
3129 5757 3431 5814 Corinthia:
3461 5743 3675 5818 coelum:

2087 5829 2167 5865 tzze
2202 5823 2410 5878 pallent
2446 5829 2661 5873 vocant.
