4272 6446
739 366 871 432 1039

2026 372 2378 433 PROCOPII
2418 374 2656 434 GAZ/EI

3861 385 3996 446 1040

733 479 860 531 mali
903 478 1131 549 spiritus
1151 478 1535 549 designentur.
1573 478 1841 545 Quoniam
1880 496 2009 533 vero
2035 483 2306 536 vocabulo
2338 484 2420 541 Αἰ

2338 487 2380 541 Α
2409 483 2436 535 ὃ
2469 484 2619 553 δηλοῖ
2666 485 2875 556 Σαλὴμ,
2910 488 3017 539 τῶν
3062 490 3321 558 χειρό·.ων
3366 489 3453 543 διὰ
3510 492 3615 544 τῶν
3650 495 3996 568 Ἀμορραίων

732 571 990 622 sustinuit
1026 586 1161 624 usus
1194 579 1300 635 est,
1331 570 1477 639 quod
1518 572 1761 624 laborem
1815 572 2019 633 itumit,
2081 587 2306 627 causam

732 659 1043 722 subintulit,
1108 659 1412 729 inquiens:
1486 679 1503 710 ι
1561 658 1935 728 Etiugrarata
1976 669 2060 715 est
2112 676 2309 716 manus

732 747 989 816 lipbraim
1032 748 1133 803 eis.
1180 767 1198 799 ›
1252 747 1390 803 Nam
1453 750 1699 803 actiones
1766 749 2011 804 honestat
2066 752 2308 807 molestae

729 839 1025 893 admodum
1059 840 1222 894 malis
1253 848 1383 894 sunt
1408 842 1726 909 spiritibus,
1763 842 1821 895 in
1877 841 1981 896 hoc
2040 851 2099 895 ut
2143 843 2306 899 nobis

727 933 946 985 molesti
983 947 1105 987 esse
1132 932 1354 1000 possint
1406 934 1735 997 iutentis,ct
1779 935 2083 1004 vectigales
2133 951 2307 1005 quan-

726 1024 931 1074 tumvis
969 1023 1184 1077 validos
1209 1023 1451 1075 faciunt.

802 1133 870 1186 Et
941 1144 1275 1188 arresserunt
1333 1135 1597 1202 principes
1668 1135 2003 1204 faniiliarum
2075 1136 2310 1204 ﬁliorum

727 1225 868 1291 Levi,
896 1238 995 1280 ctr.
1022 1225 1114 1290 Isti
1148 1226 1240 1281 Dei
1276 1228 1597 1282 haereditate
1629 1229 2045 1290 suntcontenti,
2066 1228 2307 1280 decima-

724 1334 859 1389 sque
882 1328 1065 1383 terrae,
1099 1335 1201 1373 nec
1234 1335 1342 1373 non
1378 1320 1611 1371 aliorum
1673 1321 1918 1372 omnium
1974 1320 2303 1389 percipiunt.

722 1413 980 1481 Oportuit
1015 1428 1143 1465 vero
1175 1413 1273 1465 bos
1301 1415 1466 1466 etiam
1512 1412 1758 1467 sortibus
1811 1415 2012 1466 collata
2038 1411 2302 1475 dividere,

723 1520 786 1558 ac
813 1504 1180 1572 a‘qualitatem
1208 1503 1408 1571 partim
1440 1503 1662 1572 quidem
1691 1503 1935 1556 eamdem
1963 1517 2086 1570 erga
2112 1516 2305 1556 omnes

723 1598 775 1648 in
812 1596 1089 1649 divisione
1154 1594 1395 1656 servari,
1454 1596 1652 1663 partim
1689 1609 1945 1663 veropro
2011 1594 2300 1663 dignitate,

722 1685 967 1738 sortibus
1001 1684 1069 1737 ad
1102 1683 1350 1737 divinum
1383 1684 1651 1753 judicium
1685 1684 1753 1737 ab
1789 1685 1964 1753 ipsius
2024 1683 2306 1749 magistris

2413 577 2829 647 σημαινομένων
2884 579 3189 649 δυνάμεων.
3260 582 3367 634 Καὶ
3406 585 3529 635 ἐπεὶ
3569 585 3649 647 τὸ,
3686 589 3991 655 ὑπέμεινε,

2414 664 2572 717 πόνον
2597 665 2771 735 δηλοῖ,
2799 667 2898 735 τὴν
2957 668 3138 720 αἰτίαν
3161 672 3433 739 ἐπήνεγκε
3456 689 3469 703 ο
3508 692 3525 723 ι
3564 675 3671 726 Καὶ
3717 676 3994 747 ἐὸαρύνθη

2412 756 2445 823 ἠ
2489 757 2613 827 χεὶρ
2662 757 2755 809 τοῦ
2829 758 3066 828 Ἑφραῒμ
3107 761 3450 825 ὲπάύτούς.
3481 781 3499 813 ι
3537 767 3599 816 Ai
3634 766 3741 835 γὰρ
3788 768 3993 833 ἀγαθαὶ

2413 846 2638 913 πράξεις
2666 848 2890 918 βαρεῖαι
2910 853 3027 913 ταῖς
3082 856 3347 922 πονηραῖς
3376 855 3516 921 ἄγαν
3544 857 3830 925 δυνάμεσι,
3867 858 3995 926 βου--

2409 939 2668 1007 λομέναις
2696 943 2830 1008 ἡμῖν
2870 943 3111 1012 ἐνοχλεῖν
3138 960 3151 973 ο
3184 945 3278 996 καὶ
3302 946 3613 1015 ὑποφόρους
3645 949 3989 1016 ἐργάζονται.

2411 1029 2677 1082 Τοσοῦτον
2707 1032 2969 1101 ἰσχύουσι.

2482 1138 2591 1191 Καὶ
2622 1141 3062 1207 προσήλθοσαν
3091 1146 3146 1196 οἱ
3199 1144 3662 1213 ἀρχιπατρεῶται
3701 1146 3819 1201 τῶν
3846 1147 3995 1203 υἱῶν

2410 1233 2571 1285 Λευΐ.
2594 1225 2753 1284 Οὗτοι
2774 1235 3117 1305 κληρονομίᾳ
3140 1235 3433 1305 ἀρκοῦνται
3458 1237 3601 1307 Θεῷ,
3634 1240 3727 1289 καὶ
3760 1238 3993 1300 δεκάτας

2409 1323 2744 1391 λαμϐάνουσι
2772 1325 2899 1392 γῆς,
2931 1325 3005 1387 ὡς
3042 1327 3136 1378 καὶ
3162 1326 3271 1380 τῶν
3301 1326 3477 1380 ἄλλων
3526 1329 3803 1381 ἁπάντων.
3841 1331 3992 1382 Ἐδει

2406 1415 2460 1467 δὲ
2488 1416 2579 1467 καὶ
2610 1414 2833 1478 τούτους
2871 1416 3014 1469 κατὰ
3044 1418 3281 1488 κλήρους
3333 1419 3712 1488 διανείμασθαι
3738 1422 3806 1472 τὰ
3848 1421 3989 1473 διδό-

2410 1518 2569 1571 μενα,
2611 1503 2705 1555 καὶ
2752 1505 2812 1555 τὸ
2864 1504 2965 1573 μὲν
3027 1505 3140 1557 ἴσον
3197 1507 3331 1558 πᾶσι
3382 1506 3476 1559 διὰ
3509 1506 3604 1559 τοῦ
3640 1507 3991 1576 κληρωθῆναι

2408 1592 2799 1661 φυλάττεσθαι⁸
2828 1594 2889 1647 τὸ
2914 1596 2969 1649 δὲ
3000 1596 3120 1648 κατ’
3151 1596 3412 1661 ἀξίαν,δι⁹
3435 1592 3509 1651 ὧν
3538 1599 3589 1649 οἱ
3622 1598 3815 1668 κλῆροι
3846 1604 3991 1650 κατὰ

2407 1684 2557 1736 θείαν
2616 1686 2797 1756 κρίσιν
2848 1687 3114 1756 ἀνήγοντο
3169 1690 3284 1750 τοῖς
3330 1686 3570 1757 πρώτοις
3622 1689 3692 1740 τὰ
3743 1691 3987 1758 πρωτεῖα

724 1775 940 1836 relatis,
989 1774 1319 1843 primatibus
1367 1774 1644 1842 principes
1675 1788 1892 1843 quoque
1923 1782 2108 1843 partes
2146 1773 2304 1827 exlii-
2337 1819 2379 1875 Β
2410 1802 2411 1807 η

2298 1801 2304 1812 ·
2337 1819 2379 1875 Β
2410 1776 2764 1846 παρέχοντες.
2799 1779 3030 1841 καὶτοῖς
3076 1779 3257 1842 ἄλλοις
3308 1780 3457 1849 ἑξῆς,
3496 1780 3571 1842 ὡς
3625 1780 3718 1832 καὶ
3758 1781 3816 1831 ὲν
3872 1783 3985 1842 τοῖς

727 1870 1021 1931 Ιδυιηειιιιιιτ,
1056 1876 1220 1937 atque
1254 1866 1378 1919 aliis
1424 1866 1707 1935 deinceps.
1742 1864 2214 1930 Quemadmodum
2251 1866 2304 1918 in

730 1958 987 2013 {\‘umeris
1031 1960 1196 2012 etiam
1251 1957 1443 2010 ordine
1512 1956 1750 2026 quodam
1806 1957 1953 2010 circa
2011 1954 2305 2009 tentorium

723 2060 905 2105 castra
936 2049 1306 2119 dispOuebant
1336 2046 1532 2113 Caatli,
1563 2046 1798 2111 Gerson,
1836 2056 1891 2102 et
1926 2046 2123 2102 Merari
2182 2047 2302 2101 ﬁlii.

778 2194 896 2239 .Iam
923 2198 1054 2237 vero
1084 2197 1265 2253 operae
1288 2182 1523 2249 pretium
1578 2190 1662 2237 est
1687 2182 2028 2253 perpendere
2068 2183 2301 2237 sortium

721 2277 1045 2347 i;:.\‘.qtlaiPlll
1070 2274 1443 2344 aequalitatem
1474 2274 2023 2344 proportioncmque,
2052 2274 2304 2329 sacerdo-

712 2384 828 2427 tum
864 2370 1383 2439 item,aliorumque
1410 2384 1537 2423 cum
1572 2369 1826 2425 tribubus
1855 2370 2298 2440 permistionem.

708 2465 843 2519 Nam
873 2479 997 2517 cum
1054 2470 1294 2532 quatuor
1346 2460 1475 2515 οωιί
1536 2462 1787 2532 regiones
1840 2461 1975 2527 sint,
2036 2462 2301 2531 juxtaque

706 2577 802 2613 eas
824 2560 1004 2613 tribus
1034 2558 1341 2616 distinctte,
1364 2555 1671 2610 orientales
1715 2570 1779 2609 ac
1803 2555 2009 2624 primas
2068 2558 2300 2609 sortitur

704 2650 902 2715 Caatli,
949 2649 1039 2703 ubi
1068 2650 1517 2717 primasquoque
1551 2645 1657 2700 fert
1706 2643 1846 2699 Juda
1888 2646 2135 2699 omnium
2193 2646 2296 2700 tri-

707 2746 877 2799 buum
909 2741 1372 2805 liouoratissima,
1398 2754 1632 2809 qumque
1664 2740 1718 2791 in
1750 2749 1895 2792 terra
1928 2746 2124 2792 sancta
2152 2740 2295 2792 citra

706 2844 914 2889 sortem
948 2847 978 2884 a
1005 2829 1175 2885 Josue
1228 2830 1409 2898 primo
1455 2829 1761 2898 portionem
1800 2828 2037 2897 accepit.
2089 2826 2296 2882 Secun-

706 2926 830 2978 dam
853 2937 985 2975 rero
1008 2920 1243 2974 orientis
1272 2925 1482 2987 partem
1523 2916 1735 2972 Gerson
1770 2924 1855 2971 est
1880 2917 2136 2981 sortitus,
2186 2932 2297 2986 quo

705 3016 901 3084 utique
968 3012 1139 3067 Caatb
1212 3017 1618 3064 noncuuctum
1679 3007 2293 3076 oet-.uparctorientem,

702 3123 893 3164 verum
927 3102 1295 3160 commutatio
1322 3101 1572 3171 qutedam
1593 3098 1853 3153 ordinum
1912 3097 2291 3153 Leviticorum

2425 1868 2699 1939 Ἀριθμοῖς
2723 1870 2874 1933 τάξει
2906 1871 3012 1925 τινὶ
3037 1871 3165 1941 περὶ
3216 1871 3315 1939 τὴν
3373 1872 3584 1941 σκηνὴν
3646 1873 3985 1939 ἐστρατοπε-

2406 1958 2622 2012 δεύοντο
2654 1961 2701 2012 οί
2740 1962 2802 2013 ὲκ
2822 1961 2915 2014 τοῦ
2948 1962 3232 2029 Ka60,xai
3250 1962 3489 2033 Γερσὼν,
3520 1965 3610 2016 καὶ
3638 1963 3875 2033 Μεραρί.

2479 2179 2588 2231 Καὶ
2617 2178 2710 2231 νῦν
2758 2180 2812 2234 δὲ
2853 2183 3138 2236 κατανοεῖν
3168 2179 3320 2247 ἄξιον
3366 2181 3466 2251 τὴν
3490 2182 3673 2236 ἄνισον
3731 2181 3981 2250 ἰσότητα,

2404 2273 2498 2322 καὶ
2538 2270 2851 2338 ἀναλογίαν,
2902 2273 2994 2325 καὶ
3023 2274 3121 2343 τὴν
3149 2272 3285 2343 πρὸς
3319 2271 3417 2334 τὰς
3445 2272 3615 2341 φυλὰς
3651 2270 3757 2324 τῶν
3790 2272 3985 2340 ἱερέων

2404 2362 2628 2415 καὶτῶν
2660 2362 2835 2417 ἄλλων
2863 2364 3190 2434 ἁνάκρασιν.
3223 2364 3517 2433 Τεσσάρων
3540 2362 3649 2435 γὰρ
3670 2362 3841 2417 ὄντων
3866 2363 3986 2415 xh-

2359 2452 2369 2462 ’
2406 2457 2612 2527 μάτων,
2643 2461 2738 2511 καὶ
2767 2459 2874 2511 τῶν
2908 2459 3090 2527 φυλῶν
3119 2460 3259 2514 κατὰ
3288 2457 3460 2512 ταῦτα
3491 2458 3855 2529 διῃρημένων,
3883 2458 3985 2519 τάς

2402 2550 2728 2615 ἁνατολικὰς
2758 2553 2851 2605 καὶ
2885 2552 3107 2624 πρώτας
3136 2552 3394 2623 λαγχάνει
3422 2551 3581 2605 Καάθ
3613 2565 3627 2579 ⁸
3663 2549 3791 2602 ἔνθα
3819 2549 3918 2602 καὶ
3947 2549 3983 2619 ὴ

2401 2642 2493 2695 τοῦ
2538 2644 2707 2697 Ἰούδα
2734 2646 2800 2698 τὰ
2824 2644 3016 2716 πρῶτα
3040 2646 3195 2715 φέρει
3227 2643 3336 2696 τῶν
3376 2643 3557 2712 φυλῶν
3590 2644 3623 2713 ἡ
3650 2642 3981 2712 τιμιωτάτη,

2401 2737 2493 2788 καὶ
2552 2736 2690 2789 κατὰ
2722 2736 2821 2807 τὴν
2876 2738 3040 2805 ἁγίαν
3092 2738 3193 2806 γῆν
3242 2735 3552 2805 ἀκληρωτεὶ
3603 2733 3736 2805 παρ’
3801 2732 3981 2801 Ἰησοῦ

2400 2828 2594 2900 πρώτη
2624 2829 2864 2883 λαϐοῦσα
2888 2829 2979 2883 τὸν
3010 2830 3236 2901 κλῆρον.
3266 2831 3369 2881 Τὸν
3393 2830 3457 2881 as
3481 2828 3732 2897 δεύτερον
3760 2830 3818 2879 ὲν
3850 2828 3984 2878 ἀνα.-

2398 2922 2579 2985 τολαῖς
2613 2922 2805 2991 ἔλαχεν
2834 2922 2863 2974 6
2912 2920 3167 2991 Γερσὼμ,
3213 2921 3289 2982 ὡς
3341 2919 3407 2973 ἂν
3437 2921 3465 2971 6
3493 2917 3651 2971 Καάθ
3693 2919 3769 2987 μὴ
3798 2919 3984 2971 πᾶσαν

2397 3014 2538 3086 λάϐῃ
2567 3014 2667 3084 τὴν
2701 3014 2984 3084 ἀνατολὴν,
3007 3013 3140 3066 ἀλλὰ
3162 3013 3359 3083 κρᾶσίς
3385 3030 3469 3075 τις
3558 3010 3857 3065 Λευῖτικῶν
3888 3010 3984 3062 καὶ

2397 3106 2814 3176 ἰτραηλιτικῶν
2864 3105 3201 3175 ταγμάτων.’
3228 3105 3290 3157 Ei
3342 3106 3453 3174 γὰρ
3502 3106 3680 3156 πᾶσαν
3702 3101 3925 3170 εἴληφεν
3954 3101 3983 3150 6

702 3211 753 3257 et
815 3198 1255 3255 lsraeliticorum
1318 3201 1488 3249 esset.
1551 3191 1688 3246 Nam
1726 3192 1772 3246 si
1818 3200 1997 3245 totum
2020 3163 2363 3246 orientemC

2321 3163 2363 3221 C
2404 3163 2683 3269 Καὰθπὴν
2731 3163 3023 3267 ἀνατολην,
3061 3196 3217 3266 ὕϐρις
3239 3191 3307 3266 ἦν
3344 3163 3457 3258 τοῖς
3485 3193 3712 3256 λοιποῖς.
3746 3163 3885 3245 Νυνὶ
3921 3192 3982 3244 δὲ

702 3297 878 3352 (Ῐλιιιι
904 3293 1241 3363 accepisset,
1273 3291 1477 3359 injuria
1498 3288 1727 3356 reliquis
1761 3287 1967 3343 fuisset
2001 3285 2298 3341 iactaJta-

704 3408 813 3461 que
873 3390 1057 3445 diiina
1111 3385 1328 3456 justitia
1381 3393 1563 3439 sortes
1612 3384 1960 3453 gubernante
2002 3382 2299 3437 orientales

706 3486 884 3538 tribus
936 3481 1160 3541 Judam,
1218 3475 1765 3539 lsacbar,Zabulon,
1800 3476 1998 3541 Caatb,
2057 3474 2295 3538 Gerson,

702 3578 903 3631 Merari
974 3572 1135 3643 primi
1171 3570 1298 3625 Leri
1346 3571 1440 3624 ﬁlii
1500 3571 1835 3626 sortiuntur.
1868 3569 1975 3624 Eos
2007 3584 2138 3624 vero
2203 3568 2297 3637 qui

703 3671 771 3723 ab
796 3667 989 3723 Africo
1044 3674 1174 3719 sunt
1235 3662 1452 3724 Ruben,
1482 3662 1704 3716 Simeon
1738 3671 1792 3716 et
1825 3660 1940 3716 Gad
1981 3660 2293 3727 iiiiiCaatb,

702 3778 729 3813 a
794 3756 1038 3814 secundo
1086 3753 1368 3808 Simeonis
1416 3754 1562 3809 loco.
1601 3755 1646 3807 A
1688 3754 1874 3825 primo
1915 3769 2046 3809 vero
2095 3752 2299 3808 Merari

700 3860 911 3922 partem
975 3848 1192 3902 Ruben.
1250 3844 1466 3901 Rursus
1518 3846 1721 3901 Merari
1799 3847 2019 3901 tertiam
2062 3846 2295 3901 orientis

699 3944 902 3998 tribum
930 3941 1200 4005 Zabulou,
1230 3939 1700 4009 quemadmodum
1756 3947 1842 3995 est
1893 3940 1947 3993 in
2002 3937 2287 3994 Numeris.

698 4037 819 4102 Quo
841 4034 1030 4089 divina
1058 4033 1275 4100 justitia
1329 4033 1560 4103 mystice
1597 4032 1838 4087 futuram
1868 4032 2160 4102 sequentis
2193 4047 2293 4087 sa:-

694 4134 804 4189 euli
844 4148 939 4203 per
963 4139 1145 4185 sortes
1181 4128 1514 4183 divisionem
1538 4129 1772 4184 iudicat.
1809 4126 2033 4183 Rursus
2084 4144 2147 4184 ex
2220 4129 2291 4185 iis

695 4226 787 4296 qui
810 4225 968 4295 juxta
998 4237 1149 4277 mare
1178 4230 1308 4276 sunt
1336 4218 1622 4290 Epitraim,
1652 4220 1937 4290 Beniamin
1971 4230 2025 4276 et
2042 4220 2292 4278 Manasse

694 4315 997 4373 secundam
1029 4313 1202 4368 Caatb
1237 4313 1475 4367 sortitur
1528 4312 1842 4382 Benjainin.
1878 4312 2096 4383 Reliqui
2160 4330 2291 4370 vero

692 4410 871 4465 Ca'ath
907 4407 1116 4461 familia
1176 4406 1466 4476 Epln'aim.
1502 4405 1713 4461 Deinde
1764 4405 2050 4460 dimidiam
2086 4408 2287 4462 tribum

691 4501 966 4564 Mauasse,
1003 4498 1126 4566 ejus
1152 4513 1274 4567 quae.
1308 4497 1363 4551 in
1398 4506 1543 4552 terra
1575 4508 1766 4551 sancta
1799 4504 1906 4551 est.
1942 4490 2125 4552 'Porro
2152 4496 2290 4552 Ger-

692 4610 794 4650 son
854 4593 1131 4661 reliquum
1180 4590 1361 4644 tribus
1408 4589 1661 4645 Manasse
1689 4589 1999 4644 dimidium.
2024 4589 2290 4655 Quoniam

691 4700 823 4739 vero
871 4683 993 4736 ioca
1052 4681 1273 4734 lsraelis
1333 4680 1805 4749 septentrionalia
1849 4681 2292 4737 sacerdotalibus

690 4775 983 4831 ordinibus
1016 4786 1239 4841 quoque
1282 4772 1546 4824 honorari
1599 4771 1871 4841 oportuit,
1910 4787 1977 4826 ne
2019 4772 2291 4842 posterio-

692 4870 845 4923 ribus
870 4865 1161 4919 ordinibus
1184 4862 1889 4932 septeutrioualibus.Dan,
1912 4861 2283 4932 Neplitlialim,

684 4962 827 5017 Azer
855 4958 1012 5013 fraus
1063 4959 1239 5020 iieret,
1275 4955 1474 5024 reliqui
1500 4954 1596 5009 [illi
1630 4943 1821 5019 Caatb,
1852 4971 1960 5010 non
1989 4955 2079 5007 lilii
2101 4970 2284 5009 saeer-

686 5054 829 5105 dotis
885 5051 1123 5119 primam
1162 5055 1218 5101 et
1241 5047 1555 5116 digniorem
1615 5048 2142 5117 septentrimtalium
2183 5046 2282 5101 tri-

685 5146 853 5195 buum
885 5140 996 5193 Dan
1026 5138 1643 5209 acceperunt.Alteram
1678 5154 1828 5201 vero,
1855 5138 2017 5200 Aser,
2044 5136 2277 5193 Gerson.

683 5234 788 5298 Qui
814 5230 1035 5284 tertiam
1065 5230 1195 5282 item
1233 5226 1548 5297 Ncplttalim
1603 5239 1691 5283 est
1727 5228 1985 5299 adeptus.
2022 5229 2179 5294 Quod
2234 5227 2280 5282 si

682 5339 815 5377 vero
859 5319 1196 5376 narrationis
1250 5319 1489 5375 varietas
1540 5327 1781 5374 mentem
1843 5334 1908 5374 ac
1958 5319 2280 5373 memoriam

685 5422 936 5485 supcrat,
971 5412 1102 5481 quid
1131 5411 1200 5466 de
1227 5410 1416 5465 futura
1439 5426 1626 5465 rerum
1661 5410 2038 5480 dispositione
2067 5409 2279 5466 scuad-

688 5509 1101 5564 tuinistratioue
1132 5514 1216 5563 est
1238 5506 1571 5562 dicendum?

758 5622 906 5678 Tum:
924 5622 1125 5675 rocarit
1165 5619 1332 5675 Iosue
1352 5620 1498 5691 filios
1524 5617 1725 5673 Ruben.
1761 5617 1953 5691 [XXIL
1975 5616 2055 5689 1.]
2088 5616 2279 5669 Dimit-

686 5726 880 5769 tunlur
911 5715 1091 5769 tribus
1125 5730 1247 5786 qua:
1276 5724 1428 5768 trans
1462 5711 1761 5766 Jordanem
1790 5711 2162 5766 limi-editatem
2189 5723 2278 5762 ac-

685 5818 975 5883 ceperunt.
1002 5808 1139 5865 Cum
1168 5809 1315 5865 enim
1343 5823 1445 5863 nos
1470 5807 1563 5878 qui
1594 5806 1699 5861 sub
1738 5804 1908 5862 Josue
1950 5805 2274 5869 militamus,

2402 3286 2543 3339 κατὰ
2576 3287 2676 3355 τὴν
2705 3288 2768 3339 ὲκ
2801 3284 2936 3338 Θεοῦ
2970 3284 3079 3337 τῶν
3113 3284 3332 3355 κλήρων
3374 3282 3721 3351 δικαιοσύνην
3766 3282 3892 3344 τοὺς
3924 3282 3985 3333 ὲν

2400 3376 2709 3438 ἀνατολαῖς,
2744 3375 2963 3442 Ἰούδαν,
3008 3376 3285 3451 ίισσάχαρ,
3318 3373 3624 3438 Ζαϐουλὼν,
3650 3371 3984 3441 λαγχάνουσι

2400 3468 2581 3531 Καὰθ,
2615 3467 2866 3537 Γηρυὼν,
2916 3468 3154 3537 Μεραρλ,
3194 3468 3243 3518 οἱ
3271 3465 3479 3535 πρῶτοι
3527 3465 3633 3517 υἱοὶ
3677 3461 3772 3515 τοῦ
3810 3462 3980 3515 Δευτ·

2398 3562 2523 3622 τοὺς
2553 3560 2609 3613 δὲ
2655 3560 2795 3612 κατά
2850 3559 3011 3621 Λίϐα,
3055 3558 3305 3627 Ῥουϐὶμ,
3327 3558 3423 3610 καὶ
3449 3555 3696 3625 Συμεὼν,
3727 3556 3822 3608 καὶ
3852 3553 3981 3618 Γὰδ,

2399 3652 2509 3704 ἀπὸ
2548 3651 2706 3704 Καὰο
2741 3652 2884 3705 κατὰ
2908 3651 2998 3703 τὸν
3027 3650 3283 3719 δεύτερον
3311 3650 3474 3703 τόπον
3494 3649 3584 3701 τὸν
3608 3648 3702 3701 τοῦ
3731 3646 3981 3716 Συμεών.

2398 3740 2557 3793 Κατᾶ
2604 3740 2660 3793 δὲ
2704 3740 2800 3794 τὸν
2854 3741 3072 3811 πρῶτον
3116 3742 3143 3793 6
3185 3741 3425 3810 Mepap‘t,
3458 3739 3549 3792 τὸν
3580 3737 3675 3791 τοῦ
3732 3737 3981 3806 Ῥουείμ.

2398 3833 2568 3886 Πάλιν
2590 3834 2618 3885 6
2647 3833 2864 3903 Μεραρὶ
2894 3833 2983 3886 τὸν
3012 3833 3195 3903 τρίτον
3244 3832 3383 3885 κατὰ
3417 3830 3683 3892 ἀνατολὰς
3723 3832 3779 3881 ἐν
3801 3827 3986 3897 Ἀριθ-

2400 3929 2540 3996 μοῖς,
2571 3926 2663 3979 τὸν
2711 3925 3016 3989 Ζαϐουλὼν,
3060 3925 3157 3991 τῆς
3190 3924 3283 3977 τοῦ
3312 3922 3448 3977 Θεοῦ
3489 3920 3841 3988 δικαιοσύνης
3877 3937 3985 3989 μυ-

2398 4018 2599 4081 στικῶς
2622 4018 2890 4089 δηλούσης
2946 4017 3014 4071 τά
3056 4018 3320 4088 μέλλοντα
3360 4015 3461 4085 τῆς
3484 4015 3593 4068 τῶν
3626 4016 3742 4067 ἐκεῖ
3765 4012 3985 4082 κλήρων

2393 4112 2675 4181 διαμονῆς.
2720 4111 2889 4165 Πάλιν
2931 4110 3031 4181 τὴν
3094 4109 3237 4163 κατὰ
3288 4110 3556 4164 θάλατταν
3591 4106 3853 4176 Ἐφραῒμ,
3888 4104 3989 4159 καὶ

2394 4205 2677 4274 Βενιαμὶν,
2706 4206 2801 4257 καὶ
2824 4204 3115 4273 Μανασσῆ,
3156 4205 3184 4255 6
3214 4202 3367 4256 Καάθ
3415 4200 3674 4271 λαγχάνει
3730 4199 3821 4252 τὸν
3865 4197 3991 4251 δεύ-

2392 4312 2551 4364 τερον
2608 4296 2700 4347 τὶν
2753 4293 3036 4364 Βενιαμίν.
3098 4293 3162 4347 Οί
3215 4293 3271 4348 δὲ
3344 4292 3525 4345 λοιποὶ
3569 4289 3664 4349 τοῦ
3693 4288 3849 4341 Καάο
3892 4288 3989 4341 τὸν

2407 4381 2823 4457 Ἐφραῖμ.ΕῘτα
2880 4387 3007 4449 τοὺς
3056 4385 3164 4438 ἀπὸ
3210 4384 3440 4454 ἡμίσους
3489 4380 3666 4451 φυλῆς
3710 4380 3987 4451 Μανασσῆ

2394 4478 2488 4532 τοῦ
2524 4482 2581 4532 ὲν
2604 4481 2670 4547 τῇ
2699 4478 2830 4547 ἁγίᾳ
2882 4481 2975 4548 γῇ.
3028 4472 3162 4530 Εἶτα
3216 4475 3457 4546 Γηρσὼμ
3506 4474 3668 4528 πάλιν
3699 4474 3763 4527 τὸ
3808 4472 3987 4541 ἥμισυ

2396 4571 2570 4640 φυλῆς
2618 4571 2909 4640 Μανασσῆ.
2954 4568 3113 4623 Ἐπεὶ
3144 4568 3201 4621 δὲ
3241 4568 3349 4621 ἔδει
3378 4568 3473 4621 καὶ
3508 4568 3633 4630 τοὺς
3663 4565 3771 4618 άπὸ
3809 4564 3989 4635 βορῤᾶ
4071 4620 4075 4621 ν

2391 4663 2690 4734 τιμηθῆναι
2748 4660 2946 4725 τόπους
2988 4662 3086 4715 τοῦ
3153 4660 3371 4731 Ἰσραὴλ
3421 4662 3536 4722 τοῖς
3573 4658 3818 4726 τάγμασι
3869 4659 3987 4720 τοῖς

2393 4755 2689 4825 ἱερατικοῖς
2712 4769 2727 4784 ο
2757 4754 2844 4806 ἵνα
2891 4752 2967 4823 μὴ
3002 4751 3373 4821 πλεονεκτηθῇ
3408 4751 3477 4802 τὰ
3528 4748 3815 4801 τελευταῖα
3845 4748 3983 4815 τάγ-

2394 4863 2563 4917 ματα,
2594 4845 2767 4899 ὅντων
2798 4844 2939 4897 κατὰ
2971 4843 3195 4915 βορῥᾶν,
3230 4842 3358 4903 Δάν,
3413 4837 3757 4908 Νεφθαλεὶμ,
3789 4834 3983 4905 Ἀσὴρ,

2392 4939 2549 4992 Καάο
2578 4941 2606 4991 6
2633 4939 2774 4992 κατὰ
2823 4938 2949 4999 τοὺς
3008 4936 3233 4998 λοιποὺς
3280 4935 3379 5004 οὐχ
3422 4935 3450 4986 ὁ
3488 4931 3628 4985 κατὰ
3658 4931 3785 4992 τοὺς
3815 4930 3985 4998 ἱερεῖς

2390 5032 2658 5103 λαμϐάνει
2698 5031 2790 5084 τὸν
2823 5030 3041 5100 πρῶτον
3065 5030 3161 5082 καὶ
3181 5026 3511 5098 τιμιώτερον
3535 5024 3643 5075 τῶν
3675 5022 3820 5076 κατὰ
3857 5020 3984 5090 βορ-

2391 5128 2515 5196 ρἅ,
2547 5124 2639 5177 τὸν
2667 5125 2793 5178 Δάν.
2840 5123 2898 5174 Ὀ
2921 5123 2977 5175 δὲ
2999 5121 3243 5193 Γηρσὼμ
3260 5120 3350 5173 τὸν
3375 5119 3645 5188 δεύτερον,
3668 5117 3761 5167 τὸν
3786 5114 3916 5183 Ἀσή
3928 5130 3982 5183 ρ.

2391 5216 2524 5273 Εἶτα
2557 5218 2721 5270 πάλιν
2773 5219 2800 5269 6
2854 5213 3100 5285 Γηρσὼμ
3136 5213 3228 5265 τὸν
3253 5212 3458 5282 τρίτον,
3492 5209 3584 5261 τὸν
3632 5206 3976 5275 Νεφθαλείμ.

2390 5312 2451 5365 Εἰ
2481 5311 2538 5364 δὲ
2568 5310 2675 5363 τῶν
2713 5309 2835 5362 καθ’
2866 5307 3110 5375 ίστορέαν
3140 5307 3173 5375 ἡ
3199 5304 3439 5358 ποικιλία
3463 5302 3556 5355 τὸν
3581 5299 3706 5354 νοῦν
3737 5300 3833 5352 καὶ
3872 5299 3977 5363 τὴν

2393 5406 2616 5475 μνήμην
2646 5404 2795 5472 νικᾷ,
2827 5401 2878 5454 τί
2904 5400 2984 5453 δεῖ
3016 5399 3195 5467 λέγειν
3230 5398 3356 5468 περὶ
3402 5397 3499 5466 τῆς
3530 5395 3641 5447 τῶν
3673 5391 3980 5462 μελλόντων

2388 5497 2701 5567 οἰκονομίας
2730 5514 2743 5559 ;

2469 5615 2606 5667 Τότε
2666 5610 3090 5665 συνεκάῖεσεν
3125 5608 3369 5677 Ἰησοῦς
3400 5605 3544 5669 τοὺς
3585 5605 3985 5669 Ῥουόιγίτας.

2401 5706 2758 5761 ’Λπολύονται
2797 5706 2845 5757 οἱ
2896 5704 3067 5775 πέραν
3121 5701 3388 5773 Ἰορδάνου
3447 5699 3983 5769 κληρονομήσαντες.

2390 5803 2558 5855 Ὅταν
2622 5800 2733 5870 γάρ
2770 5798 3137 5869 ἀπολαύωμεν
3186 5798 3283 5860 τὰς
3316 5794 3655 5865 ἐπαγγελίας
3699 5793 3750 5845 οἱ
3779 5789 3987 5861 ὑπδτῷ
