  <div class='ocr_page' id='page_1' title='image "/cluster/home/n/w/nwhite01/storage/ocr_20150623/87 pt.1/nnc1.0046979824/538.png"; bbox 0 0 4272 6446; ppageno 0'>
   <div class='ocr_carea' id='block_1_1' title="bbox 349 360 472 423">
    <p class='ocr_par' dir='ltr' id='par_1_1' title="bbox 349 360 472 423">
     <span class='ocr_line' id='line_1_1' title="bbox 349 360 472 423; baseline 0 -1"><span class='ocrx_word' id='word_1_1' title='bbox 349 360 472 423; x_wconf 80' lang='grc'><strong>1041</strong></span> 
     </span>
    </p>
   </div>
   <div class='ocr_carea' id='block_1_2' title="bbox 1421 371 2452 435">
    <p class='ocr_par' dir='ltr' id='par_1_2' title="bbox 1421 371 2452 435">
     <span class='ocr_line' id='line_1_2' title="bbox 1421 371 2452 435; baseline 0.006 -7"><span class='ocrx_word' id='word_1_2' title='bbox 1421 371 1949 432; x_wconf 71' lang='lat' dir='ltr'><strong>COMMENTARH</strong></span> <span class='ocrx_word' id='word_1_3' title='bbox 2002 373 2081 432; x_wconf 84' lang='lat' dir='ltr'><strong>IN</strong></span> <span class='ocrx_word' id='word_1_4' title='bbox 2123 375 2452 435; x_wconf 66' lang='lat' dir='ltr'><strong>JUDlClﬁS-</strong></span> 
     </span>
    </p>
   </div>
   <div class='ocr_carea' id='block_1_3' title="bbox 3464 380 3600 443">
    <p class='ocr_par' dir='ltr' id='par_1_3' title="bbox 3464 380 3600 443">
     <span class='ocr_line' id='line_1_3' title="bbox 3464 380 3600 443; baseline 0.015 -2"><span class='ocrx_word' id='word_1_5' title='bbox 3464 380 3600 443; x_wconf 74' lang='grc' dir='ltr'><strong>10Δῖ</strong></span> 
     </span>
    </p>
   </div>
   <div class='ocr_carea' id='block_1_4' title="bbox 357 461 2044 549">
    <p class='ocr_par' dir='ltr' id='par_1_4' title="bbox 357 461 2044 546">
     <span class='ocr_line' id='line_1_4' title="bbox 357 461 2044 546; baseline 0.024 -64"><span class='ocrx_word' id='word_1_6' title='bbox 357 461 531 538; x_wconf 60' lang='grc' dir='ltr'>Ἰησοῦ</span> <span class='ocrx_word' id='word_1_7' title='bbox 567 476 1006 543; x_wconf 67' lang='grc' dir='ltr'><strong>στρατευόμενοι,</strong></span> <span class='ocrx_word' id='word_1_8' title='bbox 1049 478 1140 529; x_wconf 66' lang='grc' dir='ltr'><strong>καὶ</strong></span> <span class='ocrx_word' id='word_1_9' title='bbox 1185 477 1541 544; x_wconf 66' lang='grc' dir='ltr'>συγκάμωσιν</span> <span class='ocrx_word' id='word_1_10' title='bbox 1571 480 1704 546; x_wconf 78' lang='grc' dir='ltr'>ἡμῖν</span> <span class='ocrx_word' id='word_1_11' title='bbox 1735 479 1782 528; x_wconf 82' lang='grc' dir='ltr'>οἱ</span> <span class='ocrx_word' id='word_1_12' title='bbox 1814 479 1916 528; x_wconf 68' lang='grc' dir='ltr'>ὑπο</span> <span class='ocrx_word' id='word_1_13' title='bbox 1951 487 1989 536; x_wconf 80' lang='grc' dir='ltr'><strong>Α</strong></span> <span class='ocrx_word' id='word_1_14' title='bbox 2024 493 2044 544; x_wconf 62' lang='grc' dir='ltr'><strong>ς</strong></span> 
     </span>
    </p>
   </div>
   <div class='ocr_carea' id='block_1_5' title="bbox 1908 461 3595 549">
    <p class='ocr_par' dir='ltr' id='par_1_5' title="bbox 1908 477 3595 549">
     <span class='ocr_line' id='line_1_5' title="bbox 1908 477 3595 549; baseline 0.008 -22"><span class='ocrx_word' id='word_1_15' title='bbox 1908 506 1916 527; x_wconf 71' lang='grc' dir='ltr'><strong>ι</strong></span> <span class='ocrx_word' id='word_1_16' title='bbox 1951 487 1989 536; x_wconf 82' lang='grc' dir='ltr'><strong>Α</strong></span> <span class='ocrx_word' id='word_1_17' title='bbox 2024 478 2424 544; x_wconf 86' lang='lat' dir='ltr'><strong>promissioncs</strong></span> <span class='ocrx_word' id='word_1_18' title='bbox 2669 484 3099 549; x_wconf 63' lang='lat' dir='ltr'><strong>perceperimtts,</strong></span> <span class='ocrx_word' id='word_1_19' title='bbox 3137 485 3425 538; x_wconf 72' lang='lat' dir='ltr'><strong>uobiscum</strong></span> <span class='ocrx_word' id='word_1_20' title='bbox 3471 504 3595 541; x_wconf 77' lang='lat' dir='ltr'><strong>vero</strong></span> 
     </span>
    </p>
   </div>
   <div class='ocr_carea' id='block_1_6' title="bbox 344 562 1913 634">
    <p class='ocr_par' dir='ltr' id='par_1_6' title="bbox 344 562 1913 634">
     <span class='ocr_line' id='line_1_6' title="bbox 344 562 1913 634; baseline 0.002 -20"><span class='ocrx_word' id='word_1_21' title='bbox 344 562 624 624; x_wconf 80' lang='grc' dir='ltr'>Μωῦσέως</span> <span class='ocrx_word' id='word_1_22' title='bbox 655 563 909 626; x_wconf 80' lang='grc' dir='ltr'>λαϐόντες</span> <span class='ocrx_word' id='word_1_23' title='bbox 929 567 1025 634; x_wconf 74' lang='grc' dir='ltr'><strong>τὴν</strong></span> <span class='ocrx_word' id='word_1_24' title='bbox 1049 565 1435 634; x_wconf 65' lang='grc' dir='ltr'>κληρονομίαν,</span> <span class='ocrx_word' id='word_1_25' title='bbox 1460 565 1612 617; x_wconf 81' lang='grc' dir='ltr'>οῦπω</span> <span class='ocrx_word' id='word_1_26' title='bbox 1648 566 1702 617; x_wconf 76' lang='grc' dir='ltr'><strong>δῖε</strong></span> <span class='ocrx_word' id='word_1_27' title='bbox 1732 583 1913 618; x_wconf 79' lang='grc' dir='ltr'>κατοιο</span> 
     </span>
    </p>
   </div>
   <div class='ocr_carea' id='block_1_7' title="bbox 342 653 1917 723">
    <p class='ocr_par' dir='ltr' id='par_1_7' title="bbox 342 653 1917 723">
     <span class='ocr_line' id='line_1_7' title="bbox 342 653 1917 723; baseline 0.003 -20"><span class='ocrx_word' id='word_1_28' title='bbox 342 653 612 720; x_wconf 78' lang='grc' dir='ltr'>κήσαντες</span> <span class='ocrx_word' id='word_1_29' title='bbox 650 655 707 705; x_wconf 79' lang='grc' dir='ltr'>ἐν</span> <span class='ocrx_word' id='word_1_30' title='bbox 733 655 890 723; x_wconf 72' lang='grc' dir='ltr'>αὐτῇ,</span> <span class='ocrx_word' id='word_1_31' title='bbox 953 657 1278 709; x_wconf 74' lang='grc' dir='ltr'><strong>ἀπολύονται</strong></span> <span class='ocrx_word' id='word_1_32' title='bbox 1330 656 1561 719; x_wconf 73' lang='grc' dir='ltr'>ἕκαστος</span> <span class='ocrx_word' id='word_1_33' title='bbox 1603 659 1679 712; x_wconf 78' lang='grc' dir='ltr'>εἰς</span> <span class='ocrx_word' id='word_1_34' title='bbox 1715 658 1780 709; x_wconf 64' lang='grc' dir='ltr'><strong>τε</strong></span> <span class='ocrx_word' id='word_1_35' title='bbox 1814 657 1917 708; x_wconf 73' lang='grc' dir='ltr'>ἰδία</span> 
     </span>
    </p>
   </div>
   <div class='ocr_carea' id='block_1_8' title="bbox 349 743 1918 816">
    <p class='ocr_par' dir='ltr' id='par_1_8' title="bbox 349 743 1918 816">
     <span class='ocr_line' id='line_1_8' title="bbox 349 743 1918 816; baseline 0.005 -22"><span class='ocrx_word' id='word_1_36' title='bbox 349 743 612 811; x_wconf 70' lang='grc' dir='ltr'>μετὰτῶν</span> <span class='ocrx_word' id='word_1_37' title='bbox 636 744 804 796; x_wconf 82' lang='grc' dir='ltr'>τελῶν</span> <span class='ocrx_word' id='word_1_38' title='bbox 861 747 968 797; x_wconf 79' lang='grc' dir='ltr'><strong>τῶν</strong></span> <span class='ocrx_word' id='word_1_39' title='bbox 1002 747 1106 798; x_wconf 77' lang='grc' dir='ltr'>ὑπὸ</span> <span class='ocrx_word' id='word_1_40' title='bbox 1147 746 1318 816; x_wconf 82' lang='grc' dir='ltr'>Ἰησοῦ</span> <span class='ocrx_word' id='word_1_41' title='bbox 1373 747 1691 816; x_wconf 79' lang='grc' dir='ltr'><strong>δεδομένων,</strong></span> <span class='ocrx_word' id='word_1_42' title='bbox 1723 747 1798 810; x_wconf 83' lang='grc' dir='ltr'>ὡς</span> <span class='ocrx_word' id='word_1_43' title='bbox 1854 748 1918 800; x_wconf 83' lang='grc' dir='ltr'><strong>ἂν</strong></span> 
     </span>
    </p>
   </div>
   <div class='ocr_carea' id='block_1_9' title="bbox 345 835 1921 909">
    <p class='ocr_par' dir='ltr' id='par_1_9' title="bbox 345 835 1921 909">
     <span class='ocr_line' id='line_1_9' title="bbox 345 835 1921 909; baseline 0.004 -24"><span class='ocrx_word' id='word_1_44' title='bbox 345 835 578 897; x_wconf 76' lang='grc' dir='ltr'>ἕκαστος</span> <span class='ocrx_word' id='word_1_45' title='bbox 611 838 908 906; x_wconf 74' lang='grc' dir='ltr'>κατοικησῃ</span> <span class='ocrx_word' id='word_1_46' title='bbox 925 838 982 890; x_wconf 79' lang='grc' dir='ltr'>ὲν</span> <span class='ocrx_word' id='word_1_47' title='bbox 1007 839 1220 909; x_wconf 81' lang='grc' dir='ltr'><strong>εἰρήνῃ,</strong></span> <span class='ocrx_word' id='word_1_48' title='bbox 1242 838 1443 900; x_wconf 74' lang='grc' dir='ltr'>παντὸς</span> <span class='ocrx_word' id='word_1_49' title='bbox 1465 839 1704 907; x_wconf 83' lang='grc' dir='ltr'>πολέμου</span> <span class='ocrx_word' id='word_1_50' title='bbox 1734 838 1921 891; x_wconf 84' lang='grc' dir='ltr'>καθαι-</span> 
     </span>
    </p>
   </div>
   <div class='ocr_carea' id='block_1_10' title="bbox 349 918 619 986">
    <p class='ocr_par' dir='ltr' id='par_1_10' title="bbox 349 918 619 986">
     <span class='ocr_line' id='line_1_10' title="bbox 349 918 619 986; baseline 0.015 -17"><span class='ocrx_word' id='word_1_51' title='bbox 349 918 619 986; x_wconf 69' lang='grc' dir='ltr'>ρεῦέντος.</span> 
     </span>
    </p>
   </div>
   <div class='ocr_carea' id='block_1_11' title="bbox 417 1003 1919 1088">
    <p class='ocr_par' dir='ltr' id='par_1_11' title="bbox 417 1003 1919 1088">
     <span class='ocr_line' id='line_1_11' title="bbox 417 1003 1806 1060; baseline 0.009 -35"><span class='ocrx_word' id='word_1_52' title='bbox 417 1003 524 1060; x_wconf 70' lang='grc' dir='ltr'>ον,</span> <span class='ocrx_word' id='word_1_53' title='bbox 617 1013 668 1053; x_wconf 44' lang='grc' dir='ltr'><strong>,ε</strong></span> <span class='ocrx_word' id='word_1_54' title='bbox 885 1016 896 1032; x_wconf 87' lang='grc'><strong><em>.</em></strong></span> <span class='ocrx_word' id='word_1_55' title='bbox 1070 1020 1081 1032; x_wconf 91' lang='grc'><strong><em>.</em></strong></span> <span class='ocrx_word' id='word_1_56' title='bbox 1293 1018 1316 1029; x_wconf 86' lang='grc'><strong>-</strong></span> <span class='ocrx_word' id='word_1_57' title='bbox 1796 1021 1806 1036; x_wconf 78' lang='lat'><strong>.</strong></span> 
     </span>
     <span class='ocr_line' id='line_1_12' title="bbox 464 1016 1919 1088; baseline 0.007 -26"><span class='ocrx_word' id='word_1_58' title='bbox 464 1029 579 1064; x_wconf 84' lang='grc' dir='ltr'>υ.οι</span> <span class='ocrx_word' id='word_1_59' title='bbox 611 1027 668 1066; x_wconf 84' lang='grc' dir='ltr'>ο-</span> <span class='ocrx_word' id='word_1_60' title='bbox 701 1016 796 1068; x_wconf 80' lang='grc' dir='ltr'>καὶ</span> <span class='ocrx_word' id='word_1_61' title='bbox 832 1033 1005 1084; x_wconf 88' lang='grc' dir='ltr'>μεγαν</span> <span class='ocrx_word' id='word_1_62' title='bbox 1036 1019 1380 1088; x_wconf 83' lang='grc' dir='ltr'>οικοδομουσι</span> <span class='ocrx_word' id='word_1_63' title='bbox 1429 1018 1633 1088; x_wconf 80' lang='grc' dir='ltr'>βωμὸν,</span> <span class='ocrx_word' id='word_1_64' title='bbox 1661 1019 1754 1071; x_wconf 66' lang='grc' dir='ltr'><strong>καλ⁸</strong></span> <span class='ocrx_word' id='word_1_65' title='bbox 1784 1021 1919 1072; x_wconf 77' lang='grc' dir='ltr'>από-</span> 
     </span>
    </p>
   </div>
   <div class='ocr_carea' id='block_1_12' title="bbox 348 1104 1922 1179">
    <p class='ocr_par' dir='ltr' id='par_1_12' title="bbox 348 1104 1922 1179">
     <span class='ocr_line' id='line_1_13' title="bbox 348 1104 1922 1179; baseline 0.006 -27"><span class='ocrx_word' id='word_1_66' title='bbox 348 1116 539 1154; x_wconf 90' lang='grc' dir='ltr'>στασιν</span> <span class='ocrx_word' id='word_1_67' title='bbox 570 1104 926 1172; x_wconf 79' lang='grc' dir='ltr'><strong>ἐγκληθέντες</strong></span> <span class='ocrx_word' id='word_1_68' title='bbox 960 1109 1369 1176; x_wconf 79' lang='grc' dir='ltr'>ἀπολογοῦνται,</span> <span class='ocrx_word' id='word_1_69' title='bbox 1398 1108 1472 1170; x_wconf 86' lang='grc' dir='ltr'>ὡς</span> <span class='ocrx_word' id='word_1_70' title='bbox 1519 1109 1582 1162; x_wconf 83' lang='grc' dir='ltr'><strong>τὸ</strong></span> <span class='ocrx_word' id='word_1_71' title='bbox 1631 1109 1922 1179; x_wconf 81' lang='grc' dir='ltr'>θυσιαστή-</span> 
     </span>
    </p>
   </div>
   <div class='ocr_carea' id='block_1_13' title="bbox 349 1191 1919 1269">
    <p class='ocr_par' dir='ltr' id='par_1_13' title="bbox 349 1191 1919 1269">
     <span class='ocr_line' id='line_1_14' title="bbox 349 1191 1919 1269; baseline 0.006 -28"><span class='ocrx_word' id='word_1_72' title='bbox 349 1191 466 1258; x_wconf 86' lang='grc' dir='ltr'>ριόν</span> <span class='ocrx_word' id='word_1_73' title='bbox 496 1193 642 1245; x_wconf 79' lang='grc' dir='ltr'>ἐστιν</span> <span class='ocrx_word' id='word_1_74' title='bbox 668 1195 800 1248; x_wconf 83' lang='grc' dir='ltr'>ὅπου</span> <span class='ocrx_word' id='word_1_75' title='bbox 840 1198 1048 1267; x_wconf 70' lang='grc' dir='ltr'>Ἰησοῦς</span> <span class='ocrx_word' id='word_1_76' title='bbox 1082 1200 1260 1269; x_wconf 80' lang='grc' dir='ltr'>ἄρχει.</span> <span class='ocrx_word' id='word_1_77' title='bbox 1282 1200 1520 1252; x_wconf 82' lang='grc' dir='ltr'>Ἐκείνου</span> <span class='ocrx_word' id='word_1_78' title='bbox 1561 1200 1617 1252; x_wconf 82' lang='grc' dir='ltr'>δὲ</span> <span class='ocrx_word' id='word_1_79' title='bbox 1647 1199 1805 1252; x_wconf 88' lang='grc' dir='ltr'>τοῦτο</span> <span class='ocrx_word' id='word_1_80' title='bbox 1839 1201 1919 1268; x_wconf 85' lang='grc' dir='ltr'>μί-</span> 
     </span>
    </p>
   </div>
   <div class='ocr_carea' id='block_1_14' title="bbox 271 1272 1924 1359">
    <p class='ocr_par' dir='ltr' id='par_1_14' title="bbox 271 1272 1924 1359">
     <span class='ocr_line' id='line_1_15' title="bbox 271 1272 1924 1359; baseline 0.007 -30"><span class='ocrx_word' id='word_1_81' title='bbox 271 1272 274 1274; x_wconf 54' lang='grc'>’</span> <span class='ocrx_word' id='word_1_82' title='bbox 351 1279 510 1348; x_wconf 86' lang='grc' dir='ltr'>μημά</span> <span class='ocrx_word' id='word_1_83' title='bbox 541 1297 598 1332; x_wconf 87' lang='grc' dir='ltr'><strong>τε</strong></span> <span class='ocrx_word' id='word_1_84' title='bbox 638 1285 730 1334; x_wconf 80' lang='grc' dir='ltr'><strong>καὶ</strong></span> <span class='ocrx_word' id='word_1_85' title='bbox 759 1285 1044 1353; x_wconf 83' lang='grc' dir='ltr'>σύμϐολον.</span> <span class='ocrx_word' id='word_1_86' title='bbox 1066 1288 1152 1351; x_wconf 80' lang='grc' dir='ltr'>Ὠς</span> <span class='ocrx_word' id='word_1_87' title='bbox 1184 1289 1248 1341; x_wconf 84' lang='grc' dir='ltr'>ἂν</span> <span class='ocrx_word' id='word_1_88' title='bbox 1277 1289 1350 1358; x_wconf 85' lang='grc' dir='ltr'>μὴ</span> <span class='ocrx_word' id='word_1_89' title='bbox 1378 1290 1509 1350; x_wconf 75' lang='grc' dir='ltr'>τοὺς</span> <span class='ocrx_word' id='word_1_90' title='bbox 1537 1289 1693 1359; x_wconf 77' lang='grc' dir='ltr'>έκτὸς</span> <span class='ocrx_word' id='word_1_91' title='bbox 1727 1289 1924 1358; x_wconf 78' lang='grc' dir='ltr'>Ἰορδά-</span> 
     </span>
    </p>
   </div>
   <div class='ocr_carea' id='block_1_15' title="bbox 347 1371 1924 1449">
    <p class='ocr_par' dir='ltr' id='par_1_15' title="bbox 347 1371 1924 1449">
     <span class='ocr_line' id='line_1_16' title="bbox 347 1371 1924 1449; baseline 0.008 -28"><span class='ocrx_word' id='word_1_92' title='bbox 347 1387 438 1422; x_wconf 90' lang='grc' dir='ltr'><strong>νου</strong></span> <span class='ocrx_word' id='word_1_93' title='bbox 472 1371 655 1436; x_wconf 82' lang='grc' dir='ltr'>ξένους</span> <span class='ocrx_word' id='word_1_94' title='bbox 693 1377 830 1444; x_wconf 75' lang='grc' dir='ltr'>μετὰ</span> <span class='ocrx_word' id='word_1_95' title='bbox 856 1379 1045 1446; x_wconf 70' lang='grc' dir='ltr'>χρόνον</span> <span class='ocrx_word' id='word_1_96' title='bbox 1079 1381 1127 1430; x_wconf 87' lang='grc' dir='ltr'>οἱ</span> <span class='ocrx_word' id='word_1_97' title='bbox 1165 1381 1310 1440; x_wconf 74' lang='grc' dir='ltr'>ἐντὸς</span> <span class='ocrx_word' id='word_1_98' title='bbox 1340 1376 1480 1432; x_wconf 74' lang='grc' dir='ltr'>εἶναι</span> <span class='ocrx_word' id='word_1_99' title='bbox 1508 1382 1790 1449; x_wconf 81' lang='grc' dir='ltr'>νομίσωσι,</span> <span class='ocrx_word' id='word_1_100' title='bbox 1818 1400 1924 1434; x_wconf 81' lang='grc' dir='ltr'><strong>κω-</strong></span> 
     </span>
    </p>
   </div>
   <div class='ocr_carea' id='block_1_16' title="bbox 348 1459 1926 1538">
    <p class='ocr_par' dir='ltr' id='par_1_16' title="bbox 348 1459 1926 1538">
     <span class='ocr_line' id='line_1_17' title="bbox 348 1459 1926 1538; baseline 0.009 -30"><span class='ocrx_word' id='word_1_101' title='bbox 348 1459 568 1521; x_wconf 68' lang='grc' dir='ltr'>λύοντες</span> <span class='ocrx_word' id='word_1_102' title='bbox 614 1463 812 1527; x_wconf 78' lang='grc' dir='ltr'>αὐτοὺς</span> <span class='ocrx_word' id='word_1_103' title='bbox 859 1466 955 1534; x_wconf 80' lang='grc' dir='ltr'>τῆς</span> <span class='ocrx_word' id='word_1_104' title='bbox 1004 1467 1098 1519; x_wconf 82' lang='grc' dir='ltr'><strong>τοῦ</strong></span> <span class='ocrx_word' id='word_1_105' title='bbox 1148 1467 1297 1538; x_wconf 83' lang='grc' dir='ltr'>ίεροῦ</span> <span class='ocrx_word' id='word_1_106' title='bbox 1356 1473 1609 1538; x_wconf 79' lang='grc' dir='ltr'>μετοχῆς.</span> <span class='ocrx_word' id='word_1_107' title='bbox 1658 1471 1820 1535; x_wconf 69' lang='grc' dir='ltr'>Δηλοῖ</span> <span class='ocrx_word' id='word_1_108' title='bbox 1871 1472 1926 1523; x_wconf 79' lang='grc' dir='ltr'><strong>δὲ</strong></span> 
     </span>
    </p>
   </div>
   <div class='ocr_carea' id='block_1_17' title="bbox 348 1549 1927 1629">
    <p class='ocr_par' dir='ltr' id='par_1_17' title="bbox 348 1549 1927 1629">
     <span class='ocr_line' id='line_1_18' title="bbox 348 1549 1927 1629; baseline 0.008 -29"><span class='ocrx_word' id='word_1_109' title='bbox 348 1549 542 1610; x_wconf 74' lang='grc' dir='ltr'>ταῦτα,</span> <span class='ocrx_word' id='word_1_110' title='bbox 573 1551 650 1615; x_wconf 72' lang='grc' dir='ltr'>πώς</span> <span class='ocrx_word' id='word_1_111' title='bbox 686 1555 714 1604; x_wconf 97' lang='lat'><strong>6</strong></span> <span class='ocrx_word' id='word_1_112' title='bbox 745 1554 872 1618; x_wconf 71' lang='grc' dir='ltr'>λαος</span> <span class='ocrx_word' id='word_1_113' title='bbox 907 1557 998 1625; x_wconf 77' lang='grc' dir='ltr'><strong>τῆς</strong></span> <span class='ocrx_word' id='word_1_114' title='bbox 1029 1559 1335 1627; x_wconf 72' lang='grc' dir='ltr'><strong>περιτομῆς</strong></span> <span class='ocrx_word' id='word_1_115' title='bbox 1362 1562 1390 1612; x_wconf 91' lang='lat'><strong>6</strong></span> <span class='ocrx_word' id='word_1_116' title='bbox 1426 1562 1715 1629; x_wconf 68' lang='grc' dir='ltr'>πρότερος,</span> <span class='ocrx_word' id='word_1_117' title='bbox 1739 1562 1788 1610; x_wconf 86' lang='grc' dir='ltr'>οἱ</span> <span class='ocrx_word' id='word_1_118' title='bbox 1822 1561 1927 1612; x_wconf 72' lang='grc' dir='ltr'>υἱοὶ</span> 
     </span>
    </p>
   </div>
   <div class='ocr_carea' id='block_1_18' title="bbox 359 1639 1926 1719">
    <p class='ocr_par' dir='ltr' id='par_1_18' title="bbox 359 1639 1926 1719">
     <span class='ocr_line' id='line_1_19' title="bbox 359 1639 1926 1719; baseline 0.008 -29"><span class='ocrx_word' id='word_1_119' title='bbox 359 1639 574 1693; x_wconf 71' lang='grc' dir='ltr'>Ῥουϐὶν</span> <span class='ocrx_word' id='word_1_120' title='bbox 603 1643 695 1695; x_wconf 83' lang='grc' dir='ltr'><strong>τοῦ</strong></span> <span class='ocrx_word' id='word_1_121' title='bbox 731 1647 1107 1714; x_wconf 79' lang='grc' dir='ltr'>πρωτοτόκου,</span> <span class='ocrx_word' id='word_1_122' title='bbox 1139 1651 1189 1700; x_wconf 75' lang='grc' dir='ltr'>οἱ</span> <span class='ocrx_word' id='word_1_123' title='bbox 1245 1649 1350 1701; x_wconf 80' lang='grc' dir='ltr'>υἱοὶ</span> <span class='ocrx_word' id='word_1_124' title='bbox 1379 1649 1486 1701; x_wconf 74' lang='grc' dir='ltr'>Γὰδ</span> <span class='ocrx_word' id='word_1_125' title='bbox 1519 1651 1680 1703; x_wconf 67' lang='grc' dir='ltr'>ἄλλου</span> <span class='ocrx_word' id='word_1_126' title='bbox 1714 1668 1926 1719; x_wconf 84' lang='grc' dir='ltr'>πρωτο-</span> 
     </span>
    </p>
   </div>
   <div class='ocr_carea' id='block_1_19' title="bbox 345 1731 1927 1809">
    <p class='ocr_par' dir='ltr' id='par_1_19' title="bbox 345 1731 1927 1809">
     <span class='ocr_line' id='line_1_20' title="bbox 345 1731 1927 1809; baseline 0.008 -28"><span class='ocrx_word' id='word_1_127' title='bbox 345 1731 533 1796; x_wconf 82' lang='grc' dir='ltr'>τόκου,</span> <span class='ocrx_word' id='word_1_128' title='bbox 574 1733 623 1784; x_wconf 83' lang='grc' dir='ltr'><strong>οί</strong></span> <span class='ocrx_word' id='word_1_129' title='bbox 677 1735 784 1786; x_wconf 75' lang='grc' dir='ltr'>υἱοὶ</span> <span class='ocrx_word' id='word_1_130' title='bbox 833 1736 1100 1805; x_wconf 78' lang='grc' dir='ltr'>Μανασσῆ</span> <span class='ocrx_word' id='word_1_131' title='bbox 1152 1739 1312 1792; x_wconf 83' lang='grc' dir='ltr'>ἄλλου</span> <span class='ocrx_word' id='word_1_132' title='bbox 1371 1742 1737 1809; x_wconf 70' lang='grc' dir='ltr'>πρωτοτόκου,</span> <span class='ocrx_word' id='word_1_133' title='bbox 1786 1743 1927 1794; x_wconf 72' lang='grc' dir='ltr'>κατᾶ</span> 
     </span>
    </p>
   </div>
   <div class='ocr_carea' id='block_1_20' title="bbox 2022 567 3598 642">
    <p class='ocr_par' dir='ltr' id='par_1_20' title="bbox 2022 567 3598 642">
     <span class='ocr_line' id='line_1_21' title="bbox 2022 567 3598 642; baseline 0.01 -25"><span class='ocrx_word' id='word_1_134' title='bbox 2022 567 2186 622; x_wconf 81' lang='lat' dir='ltr'><strong>Musis</strong></span> <span class='ocrx_word' id='word_1_135' title='bbox 2216 570 2420 623; x_wconf 87' lang='lat' dir='ltr'><strong>subditi</strong></span> <span class='ocrx_word' id='word_1_136' title='bbox 2453 571 2851 634; x_wconf 88' lang='lat' dir='ltr'><strong>laboraverint,</strong></span> <span class='ocrx_word' id='word_1_137' title='bbox 2873 583 3095 642; x_wconf 78' lang='lat' dir='ltr'><strong>acet-pta</strong></span> <span class='ocrx_word' id='word_1_138' title='bbox 3127 575 3598 631; x_wconf 71' lang='lat' dir='ltr'><strong>luet&#39;editatcnnn-</strong></span> 
     </span>
    </p>
   </div>
   <div class='ocr_carea' id='block_1_21' title="bbox 2021 658 3596 737">
    <p class='ocr_par' dir='ltr' id='par_1_21' title="bbox 2021 658 3596 737">
     <span class='ocr_line' id='line_1_22' title="bbox 2021 658 3596 737; baseline 0.008 -28"><span class='ocrx_word' id='word_1_139' title='bbox 2021 658 2152 710; x_wconf 88' lang='lat' dir='ltr'><strong>dttnt</strong></span> <span class='ocrx_word' id='word_1_140' title='bbox 2189 669 2370 714; x_wconf 87' lang='lat' dir='ltr'><strong>autem</strong></span> <span class='ocrx_word' id='word_1_141' title='bbox 2399 672 2688 729; x_wconf 87' lang='lat' dir='ltr'><strong>occupata.</strong></span> <span class='ocrx_word' id='word_1_142' title='bbox 2714 663 2778 714; x_wconf 90' lang='lat' dir='ltr'><strong>ad</strong></span> <span class='ocrx_word' id='word_1_143' title='bbox 2821 666 2978 715; x_wconf 87' lang='lat' dir='ltr'><strong>sedes</strong></span> <span class='ocrx_word' id='word_1_144' title='bbox 3004 665 3372 734; x_wconf 88' lang='lat' dir='ltr'><strong>sempiternas</strong></span> <span class='ocrx_word' id='word_1_145' title='bbox 3397 669 3596 737; x_wconf 74' lang='lat' dir='ltr'><strong>singuli</strong></span> 
     </span>
    </p>
   </div>
   <div class='ocr_carea' id='block_1_22' title="bbox 2023 748 3598 825">
    <p class='ocr_par' dir='ltr' id='par_1_22' title="bbox 2023 748 3598 825">
     <span class='ocr_line' id='line_1_23' title="bbox 2023 748 3598 825; baseline 0.008 -26"><span class='ocrx_word' id='word_1_146' title='bbox 2023 761 2146 799; x_wconf 92' lang='lat' dir='ltr'><strong>cum</strong></span> <span class='ocrx_word' id='word_1_147' title='bbox 2182 748 2340 804; x_wconf 82' lang='lat' dir='ltr'><strong>bonis</strong></span> <span class='ocrx_word' id='word_1_148' title='bbox 2373 768 2400 801; x_wconf 75' lang='grc' dir='ltr'><strong>ιι</strong></span> <span class='ocrx_word' id='word_1_149' title='bbox 2433 748 2600 803; x_wconf 83' lang='lat' dir='ltr'><strong>Josne</strong></span> <span class='ocrx_word' id='word_1_150' title='bbox 2631 751 2777 805; x_wconf 83' lang='lat' dir='ltr'><strong>datis</strong></span> <span class='ocrx_word' id='word_1_151' title='bbox 2839 752 3212 817; x_wconf 81' lang='lat' dir='ltr'><strong>dimittuntur,</strong></span> <span class='ocrx_word' id='word_1_152' title='bbox 3246 766 3302 807; x_wconf 92' lang='lat' dir='ltr'><strong>ut</strong></span> <span class='ocrx_word' id='word_1_153' title='bbox 3362 758 3598 825; x_wconf 85' lang='lat' dir='ltr'><strong>quisth</strong></span> 
     </span>
    </p>
   </div>
   <div class='ocr_carea' id='block_1_23' title="bbox 2024 837 3451 914">
    <p class='ocr_par' dir='ltr' id='par_1_23' title="bbox 2024 837 3451 914">
     <span class='ocr_line' id='line_1_24' title="bbox 2024 837 3451 914; baseline 0.006 -24"><span class='ocrx_word' id='word_1_154' title='bbox 2024 838 2172 891; x_wconf 90' lang='lat' dir='ltr'><strong>omni</strong></span> <span class='ocrx_word' id='word_1_155' title='bbox 2193 837 2339 892; x_wconf 90' lang='lat' dir='ltr'><strong>bello</strong></span> <span class='ocrx_word' id='word_1_156' title='bbox 2366 841 2584 895; x_wconf 85' lang='lat' dir='ltr'><strong>sublato</strong></span> <span class='ocrx_word' id='word_1_157' title='bbox 2638 857 2732 895; x_wconf 93' lang='lat' dir='ltr'><strong>seu</strong></span> <span class='ocrx_word' id='word_1_158' title='bbox 2760 855 2985 911; x_wconf 79' lang='lat' dir='ltr'><strong>peracto</strong></span> <span class='ocrx_word' id='word_1_159' title='bbox 3019 845 3072 896; x_wconf 91' lang='lat' dir='ltr'><strong>in</strong></span> <span class='ocrx_word' id='word_1_160' title='bbox 3107 860 3238 913; x_wconf 87' lang='lat' dir='ltr'><strong>pace</strong></span> <span class='ocrx_word' id='word_1_161' title='bbox 3269 847 3451 914; x_wconf 80' lang='lat' dir='ltr'><strong>degat.</strong></span> 
     </span>
    </p>
   </div>
   <div class='ocr_carea' id='block_1_24' title="bbox 2093 1015 3597 1085">
    <p class='ocr_par' dir='ltr' id='par_1_24' title="bbox 2093 1015 3597 1085">
     <span class='ocr_line' id='line_1_25' title="bbox 2093 1015 3597 1085; baseline 0.001 -15"><span class='ocrx_word' id='word_1_162' title='bbox 2093 1017 2365 1070; x_wconf 65' lang='lat' dir='ltr'><strong>Caeterum</strong></span> <span class='ocrx_word' id='word_1_163' title='bbox 2416 1015 2496 1069; x_wconf 88' lang='lat' dir='ltr'><strong>illi</strong></span> <span class='ocrx_word' id='word_1_164' title='bbox 2531 1030 2752 1085; x_wconf 89' lang='lat' dir='ltr'><strong>quoque</strong></span> <span class='ocrx_word' id='word_1_165' title='bbox 2794 1031 3047 1085; x_wconf 81' lang='lat' dir='ltr'><strong>magnam</strong></span> <span class='ocrx_word' id='word_1_166' title='bbox 3096 1032 3246 1070; x_wconf 85' lang='lat' dir='ltr'><strong>aram</strong></span> <span class='ocrx_word' id='word_1_167' title='bbox 3281 1026 3597 1080; x_wconf 76' lang='lat' dir='ltr'><strong>exstruunt,</strong></span> 
     </span>
    </p>
   </div>
   <div class='ocr_carea' id='block_1_25' title="bbox 2025 1109 3595 1175">
    <p class='ocr_par' dir='ltr' id='par_1_25' title="bbox 2025 1109 3595 1175">
     <span class='ocr_line' id='line_1_26' title="bbox 2025 1109 3595 1175; baseline -0.003 -12"><span class='ocrx_word' id='word_1_168' title='bbox 2025 1110 2458 1174; x_wconf 72' lang='lat' dir='ltr'><strong>defectionisque</strong></span> <span class='ocrx_word' id='word_1_169' title='bbox 2495 1109 2758 1175; x_wconf 84' lang='lat' dir='ltr'><strong>probrum</strong></span> <span class='ocrx_word' id='word_1_170' title='bbox 2791 1123 2914 1160; x_wconf 86' lang='lat' dir='ltr'><strong>cum</strong></span> <span class='ocrx_word' id='word_1_171' title='bbox 2958 1109 3067 1160; x_wconf 83' lang='lat' dir='ltr'><strong>illis</strong></span> <span class='ocrx_word' id='word_1_172' title='bbox 3104 1110 3386 1173; x_wconf 75' lang='lat' dir='ltr'><strong>uhjectum</strong></span> <span class='ocrx_word' id='word_1_173' title='bbox 3421 1123 3595 1175; x_wconf 81' lang='lat' dir='ltr'><strong>esset,</strong></span> 
     </span>
    </p>
   </div>
   <div class='ocr_carea' id='block_1_26' title="bbox 2023 1197 3598 1268">
    <p class='ocr_par' dir='ltr' id='par_1_26' title="bbox 2023 1197 3598 1268">
     <span class='ocr_line' id='line_1_27' title="bbox 2023 1197 3598 1268; baseline -0.002 -13"><span class='ocrx_word' id='word_1_174' title='bbox 2023 1205 2195 1256; x_wconf 88' lang='lat' dir='ltr'><strong>altare</strong></span> <span class='ocrx_word' id='word_1_175' title='bbox 2238 1201 2368 1254; x_wconf 90' lang='lat' dir='ltr'><strong>illud</strong></span> <span class='ocrx_word' id='word_1_176' title='bbox 2441 1200 2496 1252; x_wconf 92' lang='lat' dir='ltr'><strong>in</strong></span> <span class='ocrx_word' id='word_1_177' title='bbox 2551 1199 2764 1252; x_wconf 87' lang='lat' dir='ltr'><strong>ditione</strong></span> <span class='ocrx_word' id='word_1_178' title='bbox 2834 1197 3001 1252; x_wconf 74' lang='lat' dir='ltr'><strong>Josue</strong></span> <span class='ocrx_word' id='word_1_179' title='bbox 3055 1214 3179 1252; x_wconf 67' lang='lat' dir='ltr'><strong>esse</strong></span> <span class='ocrx_word' id='word_1_180' title='bbox 3244 1204 3598 1268; x_wconf 76' lang='lat' dir='ltr'><strong>t&#39;CSpoudent.</strong></span> 
     </span>
    </p>
   </div>
   <div class='ocr_carea' id='block_1_27' title="bbox 2029 1290 3600 1360">
    <p class='ocr_par' dir='ltr' id='par_1_27' title="bbox 2029 1290 3600 1360">
     <span class='ocr_line' id='line_1_28' title="bbox 2029 1290 3600 1360; baseline 0 -15"><span class='ocrx_word' id='word_1_181' title='bbox 2029 1295 2104 1346; x_wconf 75' lang='lat' dir='ltr'><strong>Ac</strong></span> <span class='ocrx_word' id='word_1_182' title='bbox 2137 1291 2284 1345; x_wconf 91' lang='lat' dir='ltr'><strong>illius</strong></span> <span class='ocrx_word' id='word_1_183' title='bbox 2329 1290 2552 1360; x_wconf 86' lang='lat' dir='ltr'><strong>quidem</strong></span> <span class='ocrx_word' id='word_1_184' title='bbox 2595 1290 2696 1343; x_wconf 90' lang='lat' dir='ltr'><strong>ltoc</strong></span> <span class='ocrx_word' id='word_1_185' title='bbox 2741 1304 2862 1343; x_wconf 74' lang='lat' dir='ltr'><strong>esse</strong></span> <span class='ocrx_word' id='word_1_186' title='bbox 2910 1291 3196 1358; x_wconf 71' lang='lat' dir='ltr'><strong>exemplar</strong></span> <span class='ocrx_word' id='word_1_187' title='bbox 3244 1305 3307 1343; x_wconf 91' lang='lat' dir='ltr'><strong>ac</strong></span> <span class='ocrx_word' id='word_1_188' title='bbox 3357 1293 3600 1359; x_wconf 72' lang='lat' dir='ltr'><strong>signum,</strong></span> 
     </span>
    </p>
   </div>
   <div class='ocr_carea' id='block_1_28' title="bbox 2029 1382 3600 1451">
    <p class='ocr_par' dir='ltr' id='par_1_28' title="bbox 2029 1382 3600 1451">
     <span class='ocr_line' id='line_1_29' title="bbox 2029 1382 3600 1451; baseline -0.001 -15"><span class='ocrx_word' id='word_1_189' title='bbox 2029 1400 2096 1436; x_wconf 90' lang='lat' dir='ltr'><strong>ne</strong></span> <span class='ocrx_word' id='word_1_190' title='bbox 2126 1383 2379 1436; x_wconf 75' lang='lat' dir='ltr'><strong>videlicet</strong></span> <span class='ocrx_word' id='word_1_191' title='bbox 2427 1389 2672 1434; x_wconf 90' lang='lat' dir='ltr'><strong>vertente</strong></span> <span class='ocrx_word' id='word_1_192' title='bbox 2732 1390 2978 1448; x_wconf 87' lang='lat' dir='ltr'><strong>tempore</strong></span> <span class='ocrx_word' id='word_1_193' title='bbox 3036 1382 3289 1435; x_wconf 82' lang='lat' dir='ltr'><strong>homines</strong></span> <span class='ocrx_word' id='word_1_194' title='bbox 3330 1384 3425 1451; x_wconf 90' lang='lat' dir='ltr'><strong>qtti</strong></span> <span class='ocrx_word' id='word_1_195' title='bbox 3459 1385 3600 1436; x_wconf 88' lang='lat' dir='ltr'><strong>intta</strong></span> 
     </span>
    </p>
   </div>
   <div class='ocr_carea' id='block_1_29' title="bbox 2027 1472 3604 1542">
    <p class='ocr_par' dir='ltr' id='par_1_29' title="bbox 2027 1472 3604 1542">
     <span class='ocr_line' id='line_1_30' title="bbox 2027 1472 3604 1542; baseline -0.004 -12"><span class='ocrx_word' id='word_1_196' title='bbox 2027 1476 2322 1530; x_wconf 84' lang='lat' dir='ltr'><strong>Jordanem</strong></span> <span class='ocrx_word' id='word_1_197' title='bbox 2377 1482 2528 1535; x_wconf 86' lang='lat' dir='ltr'><strong>sunt,</strong></span> <span class='ocrx_word' id='word_1_198' title='bbox 2566 1487 2662 1526; x_wconf 90' lang='lat' dir='ltr'><strong>eos</strong></span> <span class='ocrx_word' id='word_1_199' title='bbox 2700 1472 2793 1540; x_wconf 88' lang='lat' dir='ltr'><strong>qui</strong></span> <span class='ocrx_word' id='word_1_200' title='bbox 2846 1479 2998 1525; x_wconf 77' lang='lat' dir='ltr'><strong>extra</strong></span> <span class='ocrx_word' id='word_1_201' title='bbox 3051 1481 3181 1525; x_wconf 91' lang='lat' dir='ltr'><strong>sunt</strong></span> <span class='ocrx_word' id='word_1_202' title='bbox 3224 1487 3322 1540; x_wconf 88' lang='lat' dir='ltr'><strong>pro</strong></span> <span class='ocrx_word' id='word_1_203' title='bbox 3356 1475 3604 1542; x_wconf 27' lang='lat' dir='ltr'><strong>peregri,</strong></span> 
     </span>
    </p>
   </div>
   <div class='ocr_carea' id='block_1_30' title="bbox 2032 1562 3604 1635">
    <p class='ocr_par' dir='ltr' id='par_1_30' title="bbox 2032 1562 3604 1635">
     <span class='ocr_line' id='line_1_31' title="bbox 2032 1562 3604 1635; baseline -0.003 -15"><span class='ocrx_word' id='word_1_204' title='bbox 2032 1569 2116 1620; x_wconf 85' lang='lat' dir='ltr'><strong>nis</strong></span> <span class='ocrx_word' id='word_1_205' title='bbox 2173 1574 2447 1635; x_wconf 83' lang='lat' dir='ltr'><strong>reputent,</strong></span> <span class='ocrx_word' id='word_1_206' title='bbox 2498 1573 2552 1618; x_wconf 89' lang='lat' dir='ltr'><strong>et</strong></span> <span class='ocrx_word' id='word_1_207' title='bbox 2599 1579 2628 1615; x_wconf 88' lang='lat' dir='ltr'><strong>a</strong></span> <span class='ocrx_word' id='word_1_208' title='bbox 2673 1565 2822 1616; x_wconf 92' lang='lat' dir='ltr'><strong>cultu</strong></span> <span class='ocrx_word' id='word_1_209' title='bbox 2873 1578 3033 1616; x_wconf 87' lang='lat' dir='ltr'><strong>sacro</strong></span> <span class='ocrx_word' id='word_1_210' title='bbox 3077 1578 3172 1616; x_wconf 91' lang='lat' dir='ltr'><strong>eos</strong></span> <span class='ocrx_word' id='word_1_211' title='bbox 3219 1570 3465 1616; x_wconf 83' lang='lat' dir='ltr'><strong>arceant.</strong></span> <span class='ocrx_word' id='word_1_212' title='bbox 3511 1562 3604 1616; x_wconf 79' lang='lat' dir='ltr'><strong>llis</strong></span> 
     </span>
    </p>
   </div>
   <div class='ocr_carea' id='block_1_31' title="bbox 2034 1652 3606 1722">
    <p class='ocr_par' dir='ltr' id='par_1_31' title="bbox 2034 1652 3606 1722">
     <span class='ocr_line' id='line_1_32' title="bbox 2034 1652 3606 1722; baseline -0.001 -17"><span class='ocrx_word' id='word_1_213' title='bbox 2034 1671 2161 1710; x_wconf 88' lang='lat' dir='ltr'><strong>vero</strong></span> <span class='ocrx_word' id='word_1_214' title='bbox 2197 1654 2476 1707; x_wconf 87' lang='lat' dir='ltr'><strong>imlicatur</strong></span> <span class='ocrx_word' id='word_1_215' title='bbox 2516 1652 2661 1721; x_wconf 88' lang='lat' dir='ltr'><strong>quod</strong></span> <span class='ocrx_word' id='word_1_216' title='bbox 2703 1652 2940 1722; x_wconf 86' lang='lat' dir='ltr'><strong>populus</strong></span> <span class='ocrx_word' id='word_1_217' title='bbox 2969 1652 3426 1707; x_wconf 85' lang='lat' dir='ltr'><strong>circumcisiouis</strong></span> <span class='ocrx_word' id='word_1_218' title='bbox 3457 1653 3606 1718; x_wconf 84' lang='lat' dir='ltr'><strong>prior</strong></span> 
     </span>
    </p>
   </div>
   <div class='ocr_carea' id='block_1_32' title="bbox 2037 1741 3605 1812">
    <p class='ocr_par' dir='ltr' id='par_1_32' title="bbox 2037 1741 3605 1812">
     <span class='ocr_line' id='line_1_33' title="bbox 2037 1741 3605 1812; baseline -0.002 -15"><span class='ocrx_word' id='word_1_219' title='bbox 2037 1746 2126 1798; x_wconf 81' lang='lat' dir='ltr'><strong>lilii</strong></span> <span class='ocrx_word' id='word_1_220' title='bbox 2175 1743 2426 1798; x_wconf 82' lang='lat' dir='ltr'><strong>Mauassc</strong></span> <span class='ocrx_word' id='word_1_221' title='bbox 2461 1741 2602 1796; x_wconf 84' lang='lat' dir='ltr'><strong>alius</strong></span> <span class='ocrx_word' id='word_1_222' title='bbox 2649 1743 3004 1812; x_wconf 73' lang='lat' dir='ltr'><strong>primogeniti</strong></span> <span class='ocrx_word' id='word_1_223' title='bbox 3035 1758 3137 1796; x_wconf 88' lang='lat' dir='ltr'><strong>suo</strong></span> <span class='ocrx_word' id='word_1_224' title='bbox 3170 1751 3422 1810; x_wconf 88' lang='lat' dir='ltr'><strong>tempore</strong></span> <span class='ocrx_word' id='word_1_225' title='bbox 3456 1758 3605 1796; x_wconf 85' lang='lat' dir='ltr'><strong>arant</strong></span> 
     </span>
    </p>
   </div>
   <div class='ocr_carea' id='block_1_33' title="bbox 349 1823 2036 1901">
    <p class='ocr_par' dir='ltr' id='par_1_33' title="bbox 349 1823 2036 1901">
     <span class='ocr_line' id='line_1_34' title="bbox 349 1823 2036 1901; baseline 0.009 -29"><span class='ocrx_word' id='word_1_226' title='bbox 349 1823 541 1891; x_wconf 70' lang='grc' dir='ltr'>χρόνον</span> <span class='ocrx_word' id='word_1_227' title='bbox 587 1824 851 1892; x_wconf 78' lang='grc' dir='ltr'>δηλονότι,</span> <span class='ocrx_word' id='word_1_228' title='bbox 886 1830 1100 1882; x_wconf 82' lang='grc' dir='ltr'>ποιοῦσι</span> <span class='ocrx_word' id='word_1_229' title='bbox 1158 1830 1340 1900; x_wconf 63' lang='grc' dir='ltr'>βωμὸν</span> <span class='ocrx_word' id='word_1_230' title='bbox 1391 1835 1452 1884; x_wconf 72' lang='lat'><strong>0-3</strong></span> <span class='ocrx_word' id='word_1_231' title='bbox 1502 1834 1592 1884; x_wconf 70' lang='grc' dir='ltr'>τὶν</span> <span class='ocrx_word' id='word_1_232' title='bbox 1644 1832 1922 1901; x_wconf 64' lang='grc' dir='ltr'>ἀληθινὸν,</span> <span class='ocrx_word' id='word_1_233' title='bbox 1959 1825 2036 1878; x_wconf 71' lang='grc' dir='ltr'><strong>Β·</strong></span> 
     </span>
    </p>
   </div>
   <div class='ocr_carea' id='block_1_34' title="bbox 1918 1823 3605 1901">
    <p class='ocr_par' dir='ltr' id='par_1_34' title="bbox 1918 1825 3605 1900">
     <span class='ocr_line' id='line_1_35' title="bbox 1918 1825 3605 1900; baseline -0.001 -13"><span class='ocrx_word' id='word_1_234' title='bbox 1918 1876 1922 1893; x_wconf 70' lang='lat'><strong>,</strong></span> <span class='ocrx_word' id='word_1_235' title='bbox 1959 1825 1999 1878; x_wconf 75' lang='grc' dir='ltr'><strong>Β</strong></span> <span class='ocrx_word' id='word_1_236' title='bbox 2033 1836 2283 1890; x_wconf 86' lang='lat' dir='ltr'><strong>videlicet</strong></span> <span class='ocrx_word' id='word_1_237' title='bbox 2337 1842 2655 1894; x_wconf 74' lang='lat' dir='ltr'><strong>exstruunt,</strong></span> <span class='ocrx_word' id='word_1_238' title='bbox 2713 1850 2822 1886; x_wconf 80' lang='lat' dir='ltr'><strong>non</strong></span> <span class='ocrx_word' id='word_1_239' title='bbox 2873 1834 3098 1900; x_wconf 74' lang='lat' dir='ltr'><strong>quidem</strong></span> <span class='ocrx_word' id='word_1_240' title='bbox 3139 1848 3324 1887; x_wconf 87' lang='lat' dir='ltr'><strong>veram</strong></span> <span class='ocrx_word' id='word_1_241' title='bbox 3361 1835 3455 1888; x_wconf 91' lang='lat' dir='ltr'><strong>sed</strong></span> <span class='ocrx_word' id='word_1_242' title='bbox 3487 1850 3605 1887; x_wconf 83' lang='lat' dir='ltr'><strong>um-</strong></span> 
     </span>
    </p>
   </div>
   <div class='ocr_carea' id='block_1_35' title="bbox 347 1913 1922 1992">
    <p class='ocr_par' dir='ltr' id='par_1_35' title="bbox 347 1913 1922 1992">
     <span class='ocr_line' id='line_1_36' title="bbox 347 1913 1922 1992; baseline 0.01 -27"><span class='ocrx_word' id='word_1_243' title='bbox 347 1913 484 1966; x_wconf 67' lang='grc' dir='ltr'>ἀλλὰ</span> <span class='ocrx_word' id='word_1_244' title='bbox 514 1915 778 1985; x_wconf 81' lang='grc' dir='ltr'>σύμϐολον</span> <span class='ocrx_word' id='word_1_245' title='bbox 799 1936 811 1949; x_wconf 90' lang='grc'><strong>·</strong></span> <span class='ocrx_word' id='word_1_246' title='bbox 841 1920 927 1973; x_wconf 81' lang='grc' dir='ltr'><strong>ἵνα</strong></span> <span class='ocrx_word' id='word_1_247' title='bbox 957 1922 1031 1990; x_wconf 79' lang='grc' dir='ltr'>μὴ</span> <span class='ocrx_word' id='word_1_248' title='bbox 1057 1923 1322 1992; x_wconf 73' lang='grc' dir='ltr'><strong>διέλωμεν</strong></span> <span class='ocrx_word' id='word_1_249' title='bbox 1345 1925 1539 1986; x_wconf 63' lang='grc' dir='ltr'>αὐτοὺς</span> <span class='ocrx_word' id='word_1_250' title='bbox 1562 1927 1656 1977; x_wconf 73' lang='grc' dir='ltr'><strong>ἀπ’</strong></span> <span class='ocrx_word' id='word_1_251' title='bbox 1677 1926 1922 1981; x_wconf 78' lang='grc' dir='ltr'>ἐκείνων.</span> 
     </span>
    </p>
   </div>
   <div class='ocr_carea' id='block_1_36' title="bbox 360 2006 1925 2087">
    <p class='ocr_par' dir='ltr' id='par_1_36' title="bbox 360 2006 1925 2087">
     <span class='ocr_line' id='line_1_37' title="bbox 360 2006 1925 2087; baseline 0.008 -29"><span class='ocrx_word' id='word_1_252' title='bbox 360 2006 606 2075; x_wconf 56' lang='grc' dir='ltr'><strong>Ἀδελφοί¹</strong></span> <span class='ocrx_word' id='word_1_253' title='bbox 641 2011 748 2080; x_wconf 72' lang='grc' dir='ltr'><strong>γὰρ</strong></span> <span class='ocrx_word' id='word_1_254' title='bbox 780 2013 934 2080; x_wconf 74' lang='grc' dir='ltr'>ἡμῶν</span> <span class='ocrx_word' id='word_1_255' title='bbox 967 2015 1019 2064; x_wconf 84' lang='grc' dir='ltr'>οἱ</span> <span class='ocrx_word' id='word_1_256' title='bbox 1050 2016 1158 2084; x_wconf 64' lang='grc' dir='ltr'><strong>πρὸ</strong></span> <span class='ocrx_word' id='word_1_257' title='bbox 1188 2015 1287 2083; x_wconf 70' lang='grc' dir='ltr'><strong>τῆς</strong></span> <span class='ocrx_word' id='word_1_258' title='bbox 1327 2017 1622 2087; x_wconf 74' lang='grc' dir='ltr'>παρουσίας</span> <span class='ocrx_word' id='word_1_259' title='bbox 1663 2019 1925 2079; x_wconf 82' lang='grc' dir='ltr'>Ἰουδαῖοι,</span> 
     </span>
    </p>
   </div>
   <div class='ocr_carea' id='block_1_37' title="bbox 348 2099 1926 2177">
    <p class='ocr_par' dir='ltr' id='par_1_37' title="bbox 348 2099 1926 2177">
     <span class='ocr_line' id='line_1_38' title="bbox 348 2099 1926 2177; baseline 0.007 -27"><span class='ocrx_word' id='word_1_260' title='bbox 348 2099 530 2150; x_wconf 78' lang='grc' dir='ltr'>καὶτὸ</span> <span class='ocrx_word' id='word_1_261' title='bbox 557 2099 808 2170; x_wconf 77' lang='grc' dir='ltr'>ἀληθινὸν</span> <span class='ocrx_word' id='word_1_262' title='bbox 843 2106 1142 2176; x_wconf 74' lang='grc' dir='ltr'>μυστήριον</span> <span class='ocrx_word' id='word_1_263' title='bbox 1175 2107 1373 2176; x_wconf 65' lang='grc' dir='ltr'>ᾔδεσαν</span> <span class='ocrx_word' id='word_1_264' title='bbox 1420 2110 1495 2170; x_wconf 83' lang='grc' dir='ltr'><strong>ώς</strong></span> <span class='ocrx_word' id='word_1_265' title='bbox 1547 2109 1644 2161; x_wconf 75' lang='grc' dir='ltr'><strong>οὐκ</strong></span> <span class='ocrx_word' id='word_1_266' title='bbox 1691 2109 1926 2177; x_wconf 64' lang='grc' dir='ltr'>ἔχουσιν.</span> 
     </span>
    </p>
   </div>
   <div class='ocr_carea' id='block_1_38' title="bbox 361 2190 1935 2266">
    <p class='ocr_par' dir='ltr' id='par_1_38' title="bbox 361 2190 1935 2266">
     <span class='ocr_line' id='line_1_39' title="bbox 361 2190 1935 2266; baseline 0.004 -23"><span class='ocrx_word' id='word_1_267' title='bbox 361 2190 504 2243; x_wconf 82' lang='grc' dir='ltr'>Ἀλλ’</span> <span class='ocrx_word' id='word_1_268' title='bbox 535 2193 588 2242; x_wconf 89' lang='grc' dir='ltr'><strong>αί</strong></span> <span class='ocrx_word' id='word_1_269' title='bbox 638 2192 867 2246; x_wconf 72' lang='grc' dir='ltr'>παλαιαὶ</span> <span class='ocrx_word' id='word_1_270' title='bbox 900 2194 1082 2247; x_wconf 76' lang='grc' dir='ltr'>θυσίαι</span> <span class='ocrx_word' id='word_1_271' title='bbox 1115 2197 1223 2249; x_wconf 89' lang='grc' dir='ltr'><strong>τῶν</strong></span> <span class='ocrx_word' id='word_1_272' title='bbox 1267 2197 1537 2265; x_wconf 77' lang='grc' dir='ltr'>ἀληθινῶν</span> <span class='ocrx_word' id='word_1_273' title='bbox 1566 2199 1734 2262; x_wconf 77' lang='grc' dir='ltr'>τύπος</span> <span class='ocrx_word' id='word_1_274' title='bbox 1781 2200 1935 2266; x_wconf 72' lang='grc' dir='ltr'>ἐτυγο</span> 
     </span>
    </p>
   </div>
   <div class='ocr_carea' id='block_1_39' title="bbox 348 2281 1933 2358">
    <p class='ocr_par' dir='ltr' id='par_1_39' title="bbox 348 2281 1933 2358">
     <span class='ocr_line' id='line_1_40' title="bbox 348 2281 1933 2358; baseline 0.006 -24"><span class='ocrx_word' id='word_1_275' title='bbox 348 2299 535 2352; x_wconf 87' lang='grc' dir='ltr'>χανον,</span> <span class='ocrx_word' id='word_1_276' title='bbox 569 2285 702 2337; x_wconf 79' lang='grc' dir='ltr'>ὅπου</span> <span class='ocrx_word' id='word_1_277' title='bbox 734 2281 801 2355; x_wconf 71' lang='grc' dir='ltr'><strong>ἦν</strong></span> <span class='ocrx_word' id='word_1_278' title='bbox 835 2287 1410 2358; x_wconf 59' lang='grc' dir='ltr'>Ἰησοῦς.Ἀμφότεροι</span> <span class='ocrx_word' id='word_1_279' title='bbox 1456 2291 1638 2343; x_wconf 85' lang='grc' dir='ltr'>τοίνυν</span> <span class='ocrx_word' id='word_1_280' title='bbox 1668 2291 1933 2358; x_wconf 73' lang='grc' dir='ltr'>γινόμεθα</span> 
     </span>
    </p>
   </div>
   <div class='ocr_carea' id='block_1_40' title="bbox 355 2378 1935 2456">
    <p class='ocr_par' dir='ltr' id='par_1_40' title="bbox 355 2378 1935 2456">
     <span class='ocr_line' id='line_1_41' title="bbox 355 2378 1935 2456; baseline 0.004 -23"><span class='ocrx_word' id='word_1_281' title='bbox 355 2383 454 2450; x_wconf 86' lang='grc' dir='ltr'><strong>μία</strong></span> <span class='ocrx_word' id='word_1_282' title='bbox 485 2382 712 2452; x_wconf 74' lang='grc' dir='ltr'>ποίμνη,</span> <span class='ocrx_word' id='word_1_283' title='bbox 732 2378 812 2446; x_wconf 75' lang='grc' dir='ltr'>εἷς</span> <span class='ocrx_word' id='word_1_284' title='bbox 842 2385 1072 2454; x_wconf 76' lang='grc' dir='ltr'>ποιμήν.</span> <span class='ocrx_word' id='word_1_285' title='bbox 1093 2385 1180 2447; x_wconf 79' lang='grc' dir='ltr'>Ὠς</span> <span class='ocrx_word' id='word_1_286' title='bbox 1205 2385 1314 2456; x_wconf 71' lang='grc' dir='ltr'><strong>γὰρ</strong></span> <span class='ocrx_word' id='word_1_287' title='bbox 1335 2386 1503 2440; x_wconf 65' lang='grc' dir='ltr'>’παλαι</span> <span class='ocrx_word' id='word_1_288' title='bbox 1538 2385 1882 2454; x_wconf 80' lang='grc' dir='ltr'>ἀπέθνησκεν</span> <span class='ocrx_word' id='word_1_289' title='bbox 1909 2389 1935 2440; x_wconf 93' lang='lat'><strong>6</strong></span> 
     </span>
    </p>
   </div>
   <div class='ocr_carea' id='block_1_41' title="bbox 352 2471 1935 2548">
    <p class='ocr_par' dir='ltr' id='par_1_41' title="bbox 352 2471 1935 2548">
     <span class='ocr_line' id='line_1_42' title="bbox 352 2471 1935 2548; baseline -0.006 -10"><span class='ocrx_word' id='word_1_290' title='bbox 352 2473 502 2537; x_wconf 67' lang='grc' dir='ltr'>λαὸς.</span> <span class='ocrx_word' id='word_1_291' title='bbox 533 2475 626 2527; x_wconf 75' lang='grc' dir='ltr'>καὶ</span> <span class='ocrx_word' id='word_1_292' title='bbox 676 2471 842 2546; x_wconf 82' lang='grc' dir='ltr'>ἦλθεν</span> <span class='ocrx_word' id='word_1_293' title='bbox 878 2476 1112 2546; x_wconf 70' lang='grc' dir='ltr'>Ἀαρὼν,</span> <span class='ocrx_word' id='word_1_294' title='bbox 1145 2479 1240 2531; x_wconf 76' lang='grc' dir='ltr'><strong>καὶ</strong></span> <span class='ocrx_word' id='word_1_295' title='bbox 1292 2478 1426 2548; x_wconf 79' lang='grc' dir='ltr'>ἔστη</span> <span class='ocrx_word' id='word_1_296' title='bbox 1465 2478 1666 2548; x_wconf 75' lang='grc' dir='ltr'>μεταξῦ</span> <span class='ocrx_word' id='word_1_297' title='bbox 1701 2479 1810 2531; x_wconf 83' lang='grc' dir='ltr'><strong>τῶν</strong></span> <span class='ocrx_word' id='word_1_298' title='bbox 1844 2495 1935 2530; x_wconf 84' lang='grc' dir='ltr'>τε-</span> 
     </span>
    </p>
   </div>
   <div class='ocr_carea' id='block_1_42' title="bbox 354 2566 1937 2636">
    <p class='ocr_par' dir='ltr' id='par_1_42' title="bbox 354 2566 1937 2636">
     <span class='ocr_line' id='line_1_43' title="bbox 354 2566 1937 2636; baseline 0.003 -17"><span class='ocrx_word' id='word_1_299' title='bbox 354 2566 632 2636; x_wconf 69' lang='grc' dir='ltr'>θνηκότων</span> <span class='ocrx_word' id='word_1_300' title='bbox 663 2567 759 2620; x_wconf 72' lang='grc' dir='ltr'><strong>καὶ</strong></span> <span class='ocrx_word' id='word_1_301' title='bbox 787 2567 896 2620; x_wconf 91' lang='grc' dir='ltr'><strong>τῶν</strong></span> <span class='ocrx_word' id='word_1_302' title='bbox 925 2566 1142 2631; x_wconf 82' lang='grc' dir='ltr'>ζώντων</span> <span class='ocrx_word' id='word_1_303' title='bbox 1168 2609 1184 2634; x_wconf 93' lang='grc'><strong>,</strong></span> <span class='ocrx_word' id='word_1_304' title='bbox 1216 2570 1309 2623; x_wconf 66' lang='grc' dir='ltr'><strong>καὶ</strong></span> <span class='ocrx_word' id='word_1_305' title='bbox 1341 2571 1450 2625; x_wconf 74' lang='grc' dir='ltr'><strong>ἀπὸ</strong></span> <span class='ocrx_word' id='word_1_306' title='bbox 1478 2570 1587 2622; x_wconf 88' lang='grc' dir='ltr'><strong>τῶν</strong></span> <span class='ocrx_word' id='word_1_307' title='bbox 1619 2569 1819 2624; x_wconf 82' lang='grc' dir='ltr'>λοιπῶν</span> <span class='ocrx_word' id='word_1_308' title='bbox 1847 2569 1937 2623; x_wconf 80' lang='grc' dir='ltr'><strong>τὸν</strong></span> 
     </span>
    </p>
   </div>
   <div class='ocr_carea' id='block_1_43' title="bbox 353 2659 1936 2734">
    <p class='ocr_par' dir='ltr' id='par_1_43' title="bbox 353 2659 1936 2734">
     <span class='ocr_line' id='line_1_44' title="bbox 353 2659 1936 2734; baseline 0.003 -22"><span class='ocrx_word' id='word_1_309' title='bbox 353 2659 582 2713; x_wconf 82' lang='grc' dir='ltr'>θάνατον</span> <span class='ocrx_word' id='word_1_310' title='bbox 613 2660 874 2731; x_wconf 76' lang='grc' dir='ltr'>ἔστησεν·</span> <span class='ocrx_word' id='word_1_311' title='bbox 907 2661 1080 2726; x_wconf 74' lang='grc' dir='ltr'>οὕτως</span> <span class='ocrx_word' id='word_1_312' title='bbox 1120 2663 1148 2714; x_wconf 91' lang='lat'><strong>6</strong></span> <span class='ocrx_word' id='word_1_313' title='bbox 1193 2663 1447 2732; x_wconf 76' lang='grc' dir='ltr'>ἀληθινὸς</span> <span class='ocrx_word' id='word_1_314' title='bbox 1493 2665 1785 2734; x_wconf 71' lang='grc' dir='ltr'>ἀρχιερεὺς</span> <span class='ocrx_word' id='word_1_315' title='bbox 1837 2681 1936 2734; x_wconf 77' lang='grc' dir='ltr'>με·</span> 
     </span>
    </p>
   </div>
   <div class='ocr_carea' id='block_1_44' title="bbox 353 2747 1938 2825">
    <p class='ocr_par' dir='ltr' id='par_1_44' title="bbox 353 2747 1938 2825">
     <span class='ocr_line' id='line_1_45' title="bbox 353 2747 1938 2825; baseline 0.003 -22"><span class='ocrx_word' id='word_1_316' title='bbox 353 2747 488 2814; x_wconf 76' lang='grc' dir='ltr'>ταξὺ</span> <span class='ocrx_word' id='word_1_317' title='bbox 517 2751 627 2805; x_wconf 87' lang='grc' dir='ltr'><strong>τῶν</strong></span> <span class='ocrx_word' id='word_1_318' title='bbox 653 2752 994 2822; x_wconf 74' lang='grc' dir='ltr'>τεθνηκότων</span> <span class='ocrx_word' id='word_1_319' title='bbox 1025 2755 1118 2806; x_wconf 74' lang='grc' dir='ltr'>καὶ</span> <span class='ocrx_word' id='word_1_320' title='bbox 1145 2754 1254 2806; x_wconf 90' lang='grc' dir='ltr'><strong>τῶν</strong></span> <span class='ocrx_word' id='word_1_321' title='bbox 1286 2754 1505 2819; x_wconf 76' lang='grc' dir='ltr'>ζώντων</span> <span class='ocrx_word' id='word_1_322' title='bbox 1532 2755 1641 2808; x_wconf 89' lang='grc' dir='ltr'><strong>τῶν</strong></span> <span class='ocrx_word' id='word_1_323' title='bbox 1676 2771 1735 2808; x_wconf 86' lang='grc' dir='ltr'><strong>τε</strong></span> <span class='ocrx_word' id='word_1_324' title='bbox 1775 2755 1938 2825; x_wconf 80' lang='grc' dir='ltr'>μέχρι</span> 
     </span>
    </p>
   </div>
   <div class='ocr_carea' id='block_1_45' title="bbox 353 2844 1941 2918">
    <p class='ocr_par' dir='ltr' id='par_1_45' title="bbox 353 2844 1941 2918">
     <span class='ocr_line' id='line_1_46' title="bbox 353 2844 1941 2918; baseline 0.004 -24"><span class='ocrx_word' id='word_1_325' title='bbox 353 2844 453 2911; x_wconf 75' lang='grc' dir='ltr'>τῆς</span> <span class='ocrx_word' id='word_1_326' title='bbox 484 2847 790 2914; x_wconf 75' lang='grc' dir='ltr'>παρουσίας</span> <span class='ocrx_word' id='word_1_327' title='bbox 819 2847 912 2899; x_wconf 78' lang='grc' dir='ltr'><strong>τὸν</strong></span> <span class='ocrx_word' id='word_1_328' title='bbox 945 2847 1276 2912; x_wconf 76' lang='grc' dir='ltr'>Ίουδαῖσμδν</span> <span class='ocrx_word' id='word_1_329' title='bbox 1301 2849 1705 2918; x_wconf 84' lang='grc' dir='ltr'>τετηρηκότων,</span> <span class='ocrx_word' id='word_1_330' title='bbox 1725 2848 1820 2899; x_wconf 70' lang='grc' dir='ltr'>καὶ</span> <span class='ocrx_word' id='word_1_331' title='bbox 1849 2847 1941 2900; x_wconf 85' lang='grc' dir='ltr'><strong>τὸν</strong></span> 
     </span>
    </p>
   </div>
   <div class='ocr_carea' id='block_1_46' title="bbox 355 2935 1941 3009">
    <p class='ocr_par' dir='ltr' id='par_1_46' title="bbox 355 2935 1941 3009">
     <span class='ocr_line' id='line_1_47' title="bbox 355 2935 1941 3009; baseline 0.001 -21"><span class='ocrx_word' id='word_1_332' title='bbox 355 2935 519 2988; x_wconf 74' lang='grc' dir='ltr'>αὑτὸν</span> <span class='ocrx_word' id='word_1_333' title='bbox 551 2936 624 3006; x_wconf 80' lang='grc' dir='ltr'>μὴ</span> <span class='ocrx_word' id='word_1_334' title='bbox 659 2936 967 3007; x_wconf 74' lang='grc' dir='ltr'>δεξαμένων</span> <span class='ocrx_word' id='word_1_335' title='bbox 987 2978 1001 3000; x_wconf 90' lang='grc'><strong>,</strong></span> <span class='ocrx_word' id='word_1_336' title='bbox 1035 2938 1131 2990; x_wconf 77' lang='grc' dir='ltr'><strong>καὶ</strong></span> <span class='ocrx_word' id='word_1_337' title='bbox 1161 2939 1388 3000; x_wconf 72' lang='grc' dir='ltr'>ἑαυτοὺς</span> <span class='ocrx_word' id='word_1_338' title='bbox 1423 2938 1622 3009; x_wconf 78' lang='grc' dir='ltr'>μᾶλλον</span> <span class='ocrx_word' id='word_1_339' title='bbox 1648 2939 1680 3008; x_wconf 87' lang='grc' dir='ltr'>ἢ</span> <span class='ocrx_word' id='word_1_340' title='bbox 1717 2939 1807 2992; x_wconf 75' lang='grc' dir='ltr'><strong>τον</strong></span> <span class='ocrx_word' id='word_1_341' title='bbox 1835 2939 1941 3008; x_wconf 87' lang='grc' dir='ltr'><strong>Ίη-</strong></span> 
     </span>
    </p>
   </div>
   <div class='ocr_carea' id='block_1_47' title="bbox 359 3025 1941 3101">
    <p class='ocr_par' dir='ltr' id='par_1_47' title="bbox 359 3025 1941 3101">
     <span class='ocr_line' id='line_1_48' title="bbox 359 3025 1941 3101; baseline 0.003 -22"><span class='ocrx_word' id='word_1_342' title='bbox 359 3027 488 3080; x_wconf 86' lang='grc' dir='ltr'>σοῦν</span> <span class='ocrx_word' id='word_1_343' title='bbox 538 3032 952 3098; x_wconf 75' lang='grc' dir='ltr'>νεκρωσὰντων,</span> <span class='ocrx_word' id='word_1_344' title='bbox 983 3031 1050 3084; x_wconf 86' lang='grc' dir='ltr'>δι’</span> <span class='ocrx_word' id='word_1_345' title='bbox 1073 3026 1147 3086; x_wconf 79' lang='grc' dir='ltr'>ὧν</span> <span class='ocrx_word' id='word_1_346' title='bbox 1179 3033 1264 3100; x_wconf 76' lang='grc' dir='ltr'><strong>ἐφ’</strong></span> <span class='ocrx_word' id='word_1_347' title='bbox 1296 3033 1525 3096; x_wconf 80' lang='grc' dir='ltr'>ἑαυτοὺς</span> <span class='ocrx_word' id='word_1_348' title='bbox 1569 3032 1627 3085; x_wconf 88' lang='grc' dir='ltr'><strong>τὸ</strong></span> <span class='ocrx_word' id='word_1_349' title='bbox 1673 3025 1812 3101; x_wconf 78' lang='grc' dir='ltr'>αἷμα</span> <span class='ocrx_word' id='word_1_350' title='bbox 1848 3030 1941 3100; x_wconf 75' lang='grc' dir='ltr'><strong>φέ-</strong></span> 
     </span>
    </p>
   </div>
   <div class='ocr_carea' id='block_1_48' title="bbox 2032 1923 3606 1993">
    <p class='ocr_par' dir='ltr' id='par_1_48' title="bbox 2032 1923 3606 1993">
     <span class='ocr_line' id='line_1_49' title="bbox 2032 1923 3606 1993; baseline -0.001 -13"><span class='ocrx_word' id='word_1_351' title='bbox 2032 1926 2302 1989; x_wconf 83' lang='lat' dir='ltr'><strong>hratilem,</strong></span> <span class='ocrx_word' id='word_1_352' title='bbox 2340 1942 2407 1978; x_wconf 90' lang='lat' dir='ltr'><strong>ne</strong></span> <span class='ocrx_word' id='word_1_353' title='bbox 2436 1940 2532 1978; x_wconf 88' lang='lat' dir='ltr'><strong>eos</strong></span> <span class='ocrx_word' id='word_1_354' title='bbox 2564 1927 2633 1977; x_wconf 90' lang='lat' dir='ltr'><strong>ah</strong></span> <span class='ocrx_word' id='word_1_355' title='bbox 2668 1925 2778 1977; x_wconf 78' lang='lat' dir='ltr'><strong>illis</strong></span> <span class='ocrx_word' id='word_1_356' title='bbox 2820 1940 3165 1993; x_wconf 81' lang='lat' dir='ltr'><strong>separemus.</strong></span> <span class='ocrx_word' id='word_1_357' title='bbox 3206 1923 3428 1980; x_wconf 83' lang='lat' dir='ltr'><strong>Fratres</strong></span> <span class='ocrx_word' id='word_1_358' title='bbox 3459 1929 3606 1979; x_wconf 85' lang='lat' dir='ltr'><strong>enim</strong></span> 
     </span>
    </p>
   </div>
   <div class='ocr_carea' id='block_1_49' title="bbox 2034 2016 3607 2087">
    <p class='ocr_par' dir='ltr' id='par_1_49' title="bbox 2034 2016 3607 2087">
     <span class='ocr_line' id='line_1_50' title="bbox 2034 2016 3607 2087; baseline -0.004 -15"><span class='ocrx_word' id='word_1_359' title='bbox 2034 2018 2206 2072; x_wconf 85' lang='lat' dir='ltr'><strong>tto-tri</strong></span> <span class='ocrx_word' id='word_1_360' title='bbox 2271 2020 2363 2087; x_wconf 91' lang='lat' dir='ltr'><strong>qtti</strong></span> <span class='ocrx_word' id='word_1_361' title='bbox 2431 2028 2560 2069; x_wconf 82' lang='lat' dir='ltr'><strong>ante</strong></span> <span class='ocrx_word' id='word_1_362' title='bbox 2614 2017 2911 2070; x_wconf 74' lang='lat' dir='ltr'><strong>adventum</strong></span> <span class='ocrx_word' id='word_1_363' title='bbox 2987 2016 3204 2069; x_wconf 79' lang='lat' dir='ltr'><strong>Dozttilti</strong></span> <span class='ocrx_word' id='word_1_364' title='bbox 3269 2019 3607 2070; x_wconf 76' lang='lat' dir='ltr'><strong>exstiterunt</strong></span> 
     </span>
    </p>
   </div>
   <div class='ocr_carea' id='block_1_50' title="bbox 2030 2107 3606 2178">
    <p class='ocr_par' dir='ltr' id='par_1_50' title="bbox 2030 2107 3606 2178">
     <span class='ocr_line' id='line_1_51' title="bbox 2030 2107 3606 2178; baseline -0.001 -16"><span class='ocrx_word' id='word_1_365' title='bbox 2030 2108 2226 2172; x_wconf 59' lang='lat' dir='ltr'><strong>Judati,</strong></span> <span class='ocrx_word' id='word_1_366' title='bbox 2265 2124 2329 2161; x_wconf 87' lang='lat' dir='ltr'><strong>ac</strong></span> <span class='ocrx_word' id='word_1_367' title='bbox 2364 2123 2553 2162; x_wconf 86' lang='lat' dir='ltr'><strong>verum</strong></span> <span class='ocrx_word' id='word_1_368' title='bbox 2590 2107 2915 2178; x_wconf 77' lang='lat' dir='ltr'><strong>mysterium</strong></span> <span class='ocrx_word' id='word_1_369' title='bbox 2944 2109 3189 2160; x_wconf 81' lang='lat' dir='ltr'><strong>venerati</strong></span> <span class='ocrx_word' id='word_1_370' title='bbox 3225 2119 3376 2171; x_wconf 85' lang='lat' dir='ltr'><strong>sunt,</strong></span> <span class='ocrx_word' id='word_1_371' title='bbox 3407 2125 3606 2178; x_wconf 87' lang='lat' dir='ltr'><strong>quam-</strong></span> 
     </span>
    </p>
   </div>
   <div class='ocr_carea' id='block_1_51' title="bbox 2036 2197 3608 2260">
    <p class='ocr_par' dir='ltr' id='par_1_51' title="bbox 2036 2197 3608 2260">
     <span class='ocr_line' id='line_1_52' title="bbox 2036 2197 3608 2260; baseline 0.001 -13"><span class='ocrx_word' id='word_1_372' title='bbox 2036 2197 2119 2251; x_wconf 92' lang='lat' dir='ltr'><strong>vis</strong></span> <span class='ocrx_word' id='word_1_373' title='bbox 2164 2212 2270 2250; x_wconf 87' lang='lat' dir='ltr'><strong>non</strong></span> <span class='ocrx_word' id='word_1_374' title='bbox 2309 2197 2661 2260; x_wconf 85' lang='lat' dir='ltr'><strong>hahnisscnt,</strong></span> <span class='ocrx_word' id='word_1_375' title='bbox 2702 2204 2917 2250; x_wconf 87' lang='lat' dir='ltr'><strong>veteres</strong></span> <span class='ocrx_word' id='word_1_376' title='bbox 2971 2212 3103 2249; x_wconf 88' lang='lat' dir='ltr'><strong>vero</strong></span> <span class='ocrx_word' id='word_1_377' title='bbox 3135 2197 3369 2249; x_wconf 63' lang='lat' dir='ltr'><strong>victima:</strong></span> <span class='ocrx_word' id='word_1_378' title='bbox 3406 2198 3608 2249; x_wconf 85' lang='lat' dir='ltr'><strong>verita-</strong></span> 
     </span>
    </p>
   </div>
   <div class='ocr_carea' id='block_1_52' title="bbox 2037 2286 3610 2358">
    <p class='ocr_par' dir='ltr' id='par_1_52' title="bbox 2037 2286 3610 2358">
     <span class='ocr_line' id='line_1_53' title="bbox 2037 2286 3610 2358; baseline 0 -18"><span class='ocrx_word' id='word_1_379' title='bbox 2037 2290 2107 2341; x_wconf 80' lang='lat' dir='ltr'><strong>lis</strong></span> <span class='ocrx_word' id='word_1_380' title='bbox 2135 2292 2303 2358; x_wconf 77' lang='lat' dir='ltr'><strong>ligula</strong></span> <span class='ocrx_word' id='word_1_381' title='bbox 2337 2289 2581 2353; x_wconf 83' lang='lat' dir='ltr'><strong>luerunt,</strong></span> <span class='ocrx_word' id='word_1_382' title='bbox 2628 2303 2751 2357; x_wconf 63' lang='lat' dir='ltr'><strong>qua:</strong></span> <span class='ocrx_word' id='word_1_383' title='bbox 2793 2303 2985 2341; x_wconf 86' lang='lat' dir='ltr'><strong>verum</strong></span> <span class='ocrx_word' id='word_1_384' title='bbox 3025 2286 3193 2341; x_wconf 82' lang='lat' dir='ltr'><strong>Josue</strong></span> <span class='ocrx_word' id='word_1_385' title='bbox 3241 2296 3610 2356; x_wconf 67' lang='lat' dir='ltr'><strong>repraesenta-</strong></span> 
     </span>
    </p>
   </div>
   <div class='ocr_carea' id='block_1_53' title="bbox 2037 2379 3608 2450">
    <p class='ocr_par' dir='ltr' id='par_1_53' title="bbox 2037 2379 3608 2450">
     <span class='ocr_line' id='line_1_54' title="bbox 2037 2379 3608 2450; baseline -0.001 -14"><span class='ocrx_word' id='word_1_386' title='bbox 2037 2391 2187 2436; x_wconf 90' lang='lat' dir='ltr'><strong>runt.</strong></span> <span class='ocrx_word' id='word_1_387' title='bbox 2240 2381 2416 2434; x_wconf 82' lang='lat' dir='ltr'><strong>Ambo</strong></span> <span class='ocrx_word' id='word_1_388' title='bbox 2464 2380 2652 2450; x_wconf 80' lang='lat' dir='ltr'><strong>itaque</strong></span> <span class='ocrx_word' id='word_1_389' title='bbox 2702 2397 2846 2435; x_wconf 87' lang='lat' dir='ltr'><strong>unus</strong></span> <span class='ocrx_word' id='word_1_390' title='bbox 2900 2379 3162 2449; x_wconf 85' lang='lat' dir='ltr'><strong>idemque.</strong></span> <span class='ocrx_word' id='word_1_391' title='bbox 3208 2395 3338 2449; x_wconf 77' lang='lat' dir='ltr'><strong>grex</strong></span> <span class='ocrx_word' id='word_1_392' title='bbox 3394 2395 3608 2441; x_wconf 88' lang='lat' dir='ltr'><strong>sumus.</strong></span> 
     </span>
    </p>
   </div>
   <div class='ocr_carea' id='block_1_54' title="bbox 2039 2470 3610 2541">
    <p class='ocr_par' dir='ltr' id='par_1_54' title="bbox 2039 2470 3610 2541">
     <span class='ocr_line' id='line_1_55' title="bbox 2039 2470 3610 2541; baseline -0.001 -13"><span class='ocrx_word' id='word_1_393' title='bbox 2039 2474 2293 2541; x_wconf 87' lang='lat' dir='ltr'><strong>idemque</strong></span> <span class='ocrx_word' id='word_1_394' title='bbox 2327 2481 2536 2541; x_wconf 85' lang='lat' dir='ltr'><strong>pastor.</strong></span> <span class='ocrx_word' id='word_1_395' title='bbox 2573 2470 3054 2537; x_wconf 84' lang='lat' dir='ltr'><strong>Quemadmodum</strong></span> <span class='ocrx_word' id='word_1_396' title='bbox 3085 2474 3232 2526; x_wconf 90' lang='lat' dir='ltr'><strong>enitn</strong></span> <span class='ocrx_word' id='word_1_397' title='bbox 3275 2472 3403 2526; x_wconf 88' lang='lat' dir='ltr'><strong>olint</strong></span> <span class='ocrx_word' id='word_1_398' title='bbox 3437 2487 3610 2527; x_wconf 81' lang='lat' dir='ltr'><strong>oceu-</strong></span> 
     </span>
    </p>
   </div>
   <div class='ocr_carea' id='block_1_55' title="bbox 2039 2565 3615 2635">
    <p class='ocr_par' dir='ltr' id='par_1_55' title="bbox 2039 2565 3615 2635">
     <span class='ocr_line' id='line_1_56' title="bbox 2039 2565 3615 2635; baseline -0.002 -13"><span class='ocrx_word' id='word_1_399' title='bbox 2039 2567 2159 2622; x_wconf 84' lang='lat' dir='ltr'><strong>huit</strong></span> <span class='ocrx_word' id='word_1_400' title='bbox 2206 2566 2462 2635; x_wconf 86' lang='lat' dir='ltr'><strong>p0pulns,</strong></span> <span class='ocrx_word' id='word_1_401' title='bbox 2507 2567 2860 2634; x_wconf 76' lang='lat' dir='ltr'><strong>accessitque</strong></span> <span class='ocrx_word' id='word_1_402' title='bbox 2911 2565 3094 2618; x_wconf 80' lang='lat' dir='ltr'><strong>Aaron</strong></span> <span class='ocrx_word' id='word_1_403' title='bbox 3149 2575 3203 2620; x_wconf 85' lang='lat' dir='ltr'><strong>et</strong></span> <span class='ocrx_word' id='word_1_404' title='bbox 3262 2581 3323 2620; x_wconf 89' lang='lat' dir='ltr'><strong>se</strong></span> <span class='ocrx_word' id='word_1_405' title='bbox 3370 2565 3615 2620; x_wconf 86' lang='lat' dir='ltr'><strong>medium</strong></span> 
     </span>
    </p>
   </div>
   <div class='ocr_carea' id='block_1_56' title="bbox 2039 2659 3614 2728">
    <p class='ocr_par' dir='ltr' id='par_1_56' title="bbox 2039 2659 3614 2728">
     <span class='ocr_line' id='line_1_57' title="bbox 2039 2659 3614 2728; baseline 0 -15"><span class='ocrx_word' id='word_1_406' title='bbox 2039 2660 2185 2713; x_wconf 92' lang='lat' dir='ltr'><strong>inter</strong></span> <span class='ocrx_word' id='word_1_407' title='bbox 2242 2667 2490 2712; x_wconf 86' lang='lat' dir='ltr'><strong>mortuos</strong></span> <span class='ocrx_word' id='word_1_408' title='bbox 2550 2673 2612 2712; x_wconf 90' lang='lat' dir='ltr'><strong>ac</strong></span> <span class='ocrx_word' id='word_1_409' title='bbox 2660 2660 2817 2712; x_wconf 85' lang='lat' dir='ltr'><strong>vivos</strong></span> <span class='ocrx_word' id='word_1_410' title='bbox 2872 2660 3090 2723; x_wconf 81' lang='lat' dir='ltr'><strong>statuit,</strong></span> <span class='ocrx_word' id='word_1_411' title='bbox 3163 2667 3216 2713; x_wconf 90' lang='lat' dir='ltr'><strong>et</strong></span> <span class='ocrx_word' id='word_1_412' title='bbox 3283 2675 3313 2712; x_wconf 92' lang='lat' dir='ltr'><strong>a</strong></span> <span class='ocrx_word' id='word_1_413' title='bbox 3387 2659 3614 2728; x_wconf 78' lang='lat' dir='ltr'><strong>reliquis</strong></span> 
     </span>
    </p>
   </div>
   <div class='ocr_carea' id='block_1_57' title="bbox 2043 2751 3619 2821">
    <p class='ocr_par' dir='ltr' id='par_1_57' title="bbox 2043 2751 3619 2821">
     <span class='ocr_line' id='line_1_58' title="bbox 2043 2751 3619 2821; baseline 0.001 -16"><span class='ocrx_word' id='word_1_414' title='bbox 2043 2761 2272 2819; x_wconf 87' lang='lat' dir='ltr'><strong>mortem</strong></span> <span class='ocrx_word' id='word_1_415' title='bbox 2330 2753 2583 2821; x_wconf 87' lang='lat' dir='ltr'><strong>depulit:</strong></span> <span class='ocrx_word' id='word_1_416' title='bbox 2643 2752 2717 2805; x_wconf 88' lang='lat' dir='ltr'><strong>ita</strong></span> <span class='ocrx_word' id='word_1_417' title='bbox 2766 2768 2928 2806; x_wconf 89' lang='lat' dir='ltr'><strong>verus</strong></span> <span class='ocrx_word' id='word_1_418' title='bbox 2979 2751 3225 2820; x_wconf 81' lang='lat' dir='ltr'><strong>pontifex</strong></span> <span class='ocrx_word' id='word_1_419' title='bbox 3279 2752 3424 2806; x_wconf 90' lang='lat' dir='ltr'><strong>inter</strong></span> <span class='ocrx_word' id='word_1_420' title='bbox 3468 2767 3619 2806; x_wconf 87' lang='lat' dir='ltr'><strong>mor-</strong></span> 
     </span>
    </p>
   </div>
   <div class='ocr_carea' id='block_1_58' title="bbox 2044 2845 3620 2915">
    <p class='ocr_par' dir='ltr' id='par_1_58' title="bbox 2044 2845 3620 2915">
     <span class='ocr_line' id='line_1_59' title="bbox 2044 2845 3620 2915; baseline 0.002 -17"><span class='ocrx_word' id='word_1_421' title='bbox 2044 2856 2165 2899; x_wconf 85' lang='lat' dir='ltr'><strong>tuos</strong></span> <span class='ocrx_word' id='word_1_422' title='bbox 2198 2861 2262 2899; x_wconf 88' lang='lat' dir='ltr'><strong>ac</strong></span> <span class='ocrx_word' id='word_1_423' title='bbox 2292 2847 2466 2908; x_wconf 82' lang='lat' dir='ltr'><strong>vivos,</strong></span> <span class='ocrx_word' id='word_1_424' title='bbox 2514 2846 2661 2900; x_wconf 88' lang='lat' dir='ltr'><strong>inter</strong></span> <span class='ocrx_word' id='word_1_425' title='bbox 2703 2861 2799 2900; x_wconf 84' lang='lat' dir='ltr'><strong>cos</strong></span> <span class='ocrx_word' id='word_1_426' title='bbox 2843 2847 2936 2915; x_wconf 89' lang='lat' dir='ltr'><strong>qui</strong></span> <span class='ocrx_word' id='word_1_427' title='bbox 2981 2846 3049 2898; x_wconf 87' lang='lat' dir='ltr'><strong>ad</strong></span> <span class='ocrx_word' id='word_1_428' title='bbox 3102 2845 3399 2899; x_wconf 85' lang='lat' dir='ltr'><strong>adventum</strong></span> <span class='ocrx_word' id='word_1_429' title='bbox 3443 2846 3620 2914; x_wconf 75' lang='lat' dir='ltr'><strong>ipsius</strong></span> 
     </span>
    </p>
   </div>
   <div class='ocr_carea' id='block_1_59' title="bbox 2044 2936 3616 3008">
    <p class='ocr_par' dir='ltr' id='par_1_59' title="bbox 2044 2936 3616 3008">
     <span class='ocr_line' id='line_1_60' title="bbox 2044 2936 3616 3008; baseline -0.001 -16"><span class='ocrx_word' id='word_1_430' title='bbox 2044 2953 2218 3006; x_wconf 87' lang='lat' dir='ltr'><strong>usque</strong></span> <span class='ocrx_word' id='word_1_431' title='bbox 2249 2936 2599 2993; x_wconf 83' lang='lat' dir='ltr'><strong>Judaismutu</strong></span> <span class='ocrx_word' id='word_1_432' title='bbox 2641 2947 3066 3001; x_wconf 81' lang='lat' dir='ltr'><strong>censervarunt,</strong></span> <span class='ocrx_word' id='word_1_433' title='bbox 3117 2953 3328 3008; x_wconf 87' lang='lat' dir='ltr'><strong>eosque</strong></span> <span class='ocrx_word' id='word_1_434' title='bbox 3360 2939 3453 3008; x_wconf 85' lang='lat' dir='ltr'><strong>qui</strong></span> <span class='ocrx_word' id='word_1_435' title='bbox 3489 2955 3616 2992; x_wconf 88' lang='lat' dir='ltr'><strong>eum</strong></span> 
     </span>
    </p>
   </div>
   <div class='ocr_carea' id='block_1_60' title="bbox 2044 3027 3621 3101">
    <p class='ocr_par' dir='ltr' id='par_1_60' title="bbox 2044 3027 3621 3101">
     <span class='ocr_line' id='line_1_61' title="bbox 2044 3027 3621 3101; baseline 0.002 -17"><span class='ocrx_word' id='word_1_436' title='bbox 2044 3046 2151 3085; x_wconf 89' lang='lat' dir='ltr'><strong>non</strong></span> <span class='ocrx_word' id='word_1_437' title='bbox 2189 3027 2537 3100; x_wconf 74' lang='lat' dir='ltr'><strong>reéeperunt,</strong></span> <span class='ocrx_word' id='word_1_438' title='bbox 2571 3047 2742 3101; x_wconf 84' lang='lat' dir='ltr'><strong>seque</strong></span> <span class='ocrx_word' id='word_1_439' title='bbox 2793 3032 2944 3101; x_wconf 90' lang='lat' dir='ltr'><strong>ipsos</strong></span> <span class='ocrx_word' id='word_1_440' title='bbox 2980 3047 3146 3101; x_wconf 87' lang='lat' dir='ltr'><strong>quam</strong></span> <span class='ocrx_word' id='word_1_441' title='bbox 3178 3030 3372 3087; x_wconf 80' lang='lat' dir='ltr'><strong>Jesum</strong></span> <span class='ocrx_word' id='word_1_442' title='bbox 3418 3046 3621 3088; x_wconf 76' lang='lat' dir='ltr'><strong>necare</strong></span> 
     </span>
    </p>
   </div>
   <div class='ocr_carea' id='block_1_61' title="bbox 360 3109 2047 3217">
    <p class='ocr_par' dir='ltr' id='par_1_61' title="bbox 360 3117 2016 3217">
     <span class='ocr_line' id='line_1_62' title="bbox 360 3117 2016 3217; baseline 0.004 -47"><span class='ocrx_word' id='word_1_443' title='bbox 360 3136 475 3189; x_wconf 78' lang='grc' dir='ltr'>ρειν</span> <span class='ocrx_word' id='word_1_444' title='bbox 528 3121 837 3192; x_wconf 78' lang='grc' dir='ltr'>ἐτόλμησαν</span> <span class='ocrx_word' id='word_1_445' title='bbox 873 3122 1070 3191; x_wconf 82' lang='grc' dir='ltr'>Ἰησοῦ.</span> <span class='ocrx_word' id='word_1_446' title='bbox 1122 3125 1212 3176; x_wconf 86' lang='grc' dir='ltr'>Διὸ</span> <span class='ocrx_word' id='word_1_447' title='bbox 1255 3125 1350 3176; x_wconf 77' lang='grc' dir='ltr'><strong>καὶ</strong></span> <span class='ocrx_word' id='word_1_448' title='bbox 1397 3125 1504 3176; x_wconf 83' lang='grc' dir='ltr'>πᾶν</span> <span class='ocrx_word' id='word_1_449' title='bbox 1553 3117 1692 3191; x_wconf 84' lang='grc' dir='ltr'>αἷμα</span> <span class='ocrx_word' id='word_1_450' title='bbox 1739 3123 1943 3176; x_wconf 80' lang='grc' dir='ltr'>δίκαιον</span> <span class='ocrx_word' id='word_1_451' title='bbox 1971 3156 2016 3217; x_wconf 76' lang='lat' dir='ltr'>c</span> 
     </span>
    </p>
   </div>
   <div class='ocr_carea' id='block_1_62' title="bbox 1932 3109 3619 3217">
    <p class='ocr_par' dir='ltr' id='par_1_62' title="bbox 1932 3109 3619 3217">
     <span class='ocr_line' id='line_1_63' title="bbox 1932 3109 3619 3217; baseline 0.004 -43"><span class='ocrx_word' id='word_1_452' title='bbox 1932 3141 2016 3217; x_wconf 78' lang='lat' dir='ltr'><strong>lc</strong></span> <span class='ocrx_word' id='word_1_453' title='bbox 2049 3126 2389 3188; x_wconf 86' lang='lat' dir='ltr'><strong>maluerunt,</strong></span> <span class='ocrx_word' id='word_1_454' title='bbox 2419 3140 2483 3179; x_wconf 87' lang='lat' dir='ltr'><strong>eo</strong></span> <span class='ocrx_word' id='word_1_455' title='bbox 2515 3127 2662 3194; x_wconf 87' lang='lat' dir='ltr'><strong>quod</strong></span> <span class='ocrx_word' id='word_1_456' title='bbox 2705 3109 3055 3196; x_wconf 26' lang='lat' dir='ltr'><strong>sanguinem.</strong></span> <span class='ocrx_word' id='word_1_457' title='bbox 3077 3124 3208 3180; x_wconf 74' lang='lat' dir='ltr'><strong>Jcsu</strong></span> <span class='ocrx_word' id='word_1_458' title='bbox 3246 3127 3300 3182; x_wconf 78' lang='lat' dir='ltr'><strong>in</strong></span> <span class='ocrx_word' id='word_1_459' title='bbox 3339 3141 3397 3180; x_wconf 85' lang='lat' dir='ltr'><strong>se</strong></span> <span class='ocrx_word' id='word_1_460' title='bbox 3433 3135 3619 3180; x_wconf 79' lang='lat' dir='ltr'><strong>trans-</strong></span> 
     </span>
    </p>
   </div>
   <div class='ocr_carea' id='block_1_63' title="bbox 357 3210 1940 3283">
    <p class='ocr_par' dir='ltr' id='par_1_63' title="bbox 357 3210 1940 3283">
     <span class='ocr_line' id='line_1_64' title="bbox 357 3210 1940 3283; baseline 0.003 -21"><span class='ocrx_word' id='word_1_461' title='bbox 357 3210 597 3280; x_wconf 73' lang='grc' dir='ltr'>ἔφθασεν</span> <span class='ocrx_word' id='word_1_462' title='bbox 655 3213 741 3264; x_wconf 71' lang='grc' dir='ltr'>ἐπ’</span> <span class='ocrx_word' id='word_1_463' title='bbox 767 3213 987 3277; x_wconf 82' lang='grc' dir='ltr'>αὐτούς.</span> <span class='ocrx_word' id='word_1_464' title='bbox 1017 3215 1240 3282; x_wconf 79' lang='grc' dir='ltr'>Μεταξὺ</span> <span class='ocrx_word' id='word_1_465' title='bbox 1287 3216 1468 3268; x_wconf 88' lang='grc' dir='ltr'>τοίνυν</span> <span class='ocrx_word' id='word_1_466' title='bbox 1515 3214 1684 3268; x_wconf 76' lang='grc' dir='ltr'>ἐλθὼν</span> <span class='ocrx_word' id='word_1_467' title='bbox 1711 3214 1940 3283; x_wconf 72' lang='grc' dir='ltr'>ἔστησεν</span> 
     </span>
    </p>
   </div>
   <div class='ocr_carea' id='block_1_64' title="bbox 358 3303 1940 3378">
    <p class='ocr_par' dir='ltr' id='par_1_64' title="bbox 358 3303 1940 3378">
     <span class='ocr_line' id='line_1_65' title="bbox 358 3303 1940 3378; baseline 0.003 -23"><span class='ocrx_word' id='word_1_468' title='bbox 358 3305 454 3372; x_wconf 76' lang='grc' dir='ltr'><strong>ἀφ’</strong></span> <span class='ocrx_word' id='word_1_469' title='bbox 479 3303 636 3376; x_wconf 81' lang='grc' dir='ltr'>ήμῶν</span> <span class='ocrx_word' id='word_1_470' title='bbox 669 3304 767 3374; x_wconf 78' lang='grc' dir='ltr'>τὴν</span> <span class='ocrx_word' id='word_1_471' title='bbox 797 3306 891 3358; x_wconf 85' lang='grc' dir='ltr'><strong>τοῦ</strong></span> <span class='ocrx_word' id='word_1_472' title='bbox 928 3305 1161 3360; x_wconf 79' lang='grc' dir='ltr'>Θανάτου</span> <span class='ocrx_word' id='word_1_473' title='bbox 1198 3309 1387 3378; x_wconf 83' lang='grc' dir='ltr'>νομὴν,</span> <span class='ocrx_word' id='word_1_474' title='bbox 1417 3307 1524 3361; x_wconf 89' lang='grc' dir='ltr'><strong>τῶν</strong></span> <span class='ocrx_word' id='word_1_475' title='bbox 1553 3307 1764 3377; x_wconf 83' lang='grc' dir='ltr'>νεκρῶν</span> <span class='ocrx_word' id='word_1_476' title='bbox 1809 3306 1940 3360; x_wconf 85' lang='grc' dir='ltr'>Ἰου-</span> 
     </span>
    </p>
   </div>
   <div class='ocr_carea' id='block_1_65' title="bbox 355 3397 1939 3471">
    <p class='ocr_par' dir='ltr' id='par_1_65' title="bbox 355 3397 1939 3471">
     <span class='ocr_line' id='line_1_66' title="bbox 355 3397 1939 3471; baseline 0.003 -22"><span class='ocrx_word' id='word_1_477' title='bbox 355 3397 523 3449; x_wconf 84' lang='grc' dir='ltr'>δαίων</span> <span class='ocrx_word' id='word_1_478' title='bbox 558 3397 724 3466; x_wconf 81' lang='grc' dir='ltr'>μηδὲν</span> <span class='ocrx_word' id='word_1_479' title='bbox 765 3397 845 3450; x_wconf 76' lang='grc' dir='ltr'><strong>ἔτι</strong></span> <span class='ocrx_word' id='word_1_480' title='bbox 878 3399 1178 3453; x_wconf 72' lang='grc' dir='ltr'>ποιούντων</span> <span class='ocrx_word' id='word_1_481' title='bbox 1211 3400 1464 3470; x_wconf 75' lang='grc' dir='ltr'>ἀληθινὸν</span> <span class='ocrx_word' id='word_1_482' title='bbox 1494 3400 1604 3452; x_wconf 91' lang='grc' dir='ltr'><strong>τῶν</strong></span> <span class='ocrx_word' id='word_1_483' title='bbox 1637 3401 1741 3453; x_wconf 72' lang='grc' dir='ltr'>ὑπὸ</span> <span class='ocrx_word' id='word_1_484' title='bbox 1774 3399 1939 3471; x_wconf 86' lang='grc' dir='ltr'>νόμου</span> 
     </span>
    </p>
   </div>
   <div class='ocr_carea' id='block_1_66' title="bbox 356 3488 1939 3563">
    <p class='ocr_par' dir='ltr' id='par_1_66' title="bbox 356 3488 1939 3563">
     <span class='ocr_line' id='line_1_67' title="bbox 356 3488 1939 3563; baseline 0.004 -24"><span class='ocrx_word' id='word_1_485' title='bbox 356 3488 726 3560; x_wconf 73' lang='grc' dir='ltr'>διῃρημένων.</span> <span class='ocrx_word' id='word_1_486' title='bbox 767 3493 903 3560; x_wconf 66' lang='grc' dir='ltr'>Παρ*</span> <span class='ocrx_word' id='word_1_487' title='bbox 928 3495 1059 3562; x_wconf 77' lang='grc' dir='ltr'>ἡμῖν</span> <span class='ocrx_word' id='word_1_488' title='bbox 1090 3495 1198 3562; x_wconf 73' lang='grc' dir='ltr'><strong>γὰρ</strong></span> <span class='ocrx_word' id='word_1_489' title='bbox 1227 3496 1254 3547; x_wconf 90' lang='lat'><strong>6</strong></span> <span class='ocrx_word' id='word_1_490' title='bbox 1279 3494 1533 3563; x_wconf 75' lang='grc' dir='ltr'>ἀληθινὸς</span> <span class='ocrx_word' id='word_1_491' title='bbox 1555 3495 1682 3557; x_wconf 72' lang='grc' dir='ltr'>ναὸς</span> <span class='ocrx_word' id='word_1_492' title='bbox 1708 3496 1734 3547; x_wconf 81' lang='lat'><strong>6</strong></span> <span class='ocrx_word' id='word_1_493' title='bbox 1766 3495 1828 3546; x_wconf 81' lang='grc' dir='ltr'>ἐκ</span> <span class='ocrx_word' id='word_1_494' title='bbox 1855 3494 1939 3546; x_wconf 87' lang='grc' dir='ltr'>λί-</span> 
     </span>
    </p>
   </div>
   <div class='ocr_carea' id='block_1_67' title="bbox 358 3577 1467 3654">
    <p class='ocr_par' dir='ltr' id='par_1_67' title="bbox 358 3577 1467 3654">
     <span class='ocr_line' id='line_1_68' title="bbox 358 3577 1467 3654; baseline 0.007 -24"><span class='ocrx_word' id='word_1_495' title='bbox 358 3577 466 3632; x_wconf 86' lang='grc' dir='ltr'><strong>θων</strong></span> <span class='ocrx_word' id='word_1_496' title='bbox 502 3578 742 3646; x_wconf 78' lang='grc' dir='ltr'>ζώντων,</span> <span class='ocrx_word' id='word_1_497' title='bbox 772 3583 867 3636; x_wconf 72' lang='grc' dir='ltr'>καὶ</span> <span class='ocrx_word' id='word_1_498' title='bbox 903 3581 1109 3654; x_wconf 78' lang='grc' dir='ltr'>Ἰησοῦς</span> <span class='ocrx_word' id='word_1_499' title='bbox 1135 3585 1164 3637; x_wconf 87' lang='lat'><strong>6</strong></span> <span class='ocrx_word' id='word_1_500' title='bbox 1191 3583 1467 3653; x_wconf 79' lang='grc' dir='ltr'>ἀληθινός.</span> 
     </span>
    </p>
   </div>
   <div class='ocr_carea' id='block_1_68' title="bbox 359 3826 1538 3861">
    <p class='ocr_par' dir='ltr' id='par_1_68' title="bbox 359 3826 1538 3861">
     <span class='ocr_line' id='line_1_69' title="bbox 359 3826 1538 3861; baseline 0 -1"><span class='ocrx_word' id='word_1_501' title='bbox 359 3826 1538 3861; x_wconf 67' lang='lat' dir='ltr'><em>W</em></span> 
     </span>
    </p>
   </div>
   <div class='ocr_carea' id='block_1_69' title="bbox 727 3846 750 3858">
    <p class='ocr_par' dir='ltr' id='par_1_69' title="bbox 727 3846 750 3858">
     <span class='ocr_line' id='line_1_70' title="bbox 727 3846 750 3858; baseline 0 -4"><span class='ocrx_word' id='word_1_502' title='bbox 727 3846 750 3858; x_wconf 73' lang='lat'><strong>,-</strong></span> 
     </span>
    </p>
   </div>
   <div class='ocr_carea' id='block_1_70' title="bbox 433 4337 1944 4412">
    <p class='ocr_par' dir='ltr' id='par_1_70' title="bbox 433 4337 1944 4412">
     <span class='ocr_line' id='line_1_71' title="bbox 433 4337 1944 4412; baseline 0 -18"><span class='ocrx_word' id='word_1_503' title='bbox 433 4341 556 4404; x_wconf 73' lang='grc' dir='ltr'>Τοῖς</span> <span class='ocrx_word' id='word_1_504' title='bbox 589 4338 846 4408; x_wconf 75' lang='grc' dir='ltr'>ἀγνοοῦσι</span> <span class='ocrx_word' id='word_1_505' title='bbox 878 4339 976 4393; x_wconf 89' lang='grc' dir='ltr'><strong>τοῦ</strong></span> <span class='ocrx_word' id='word_1_506' title='bbox 1010 4339 1278 4410; x_wconf 70' lang='grc' dir='ltr'>παρόντος</span> <span class='ocrx_word' id='word_1_507' title='bbox 1312 4337 1520 4408; x_wconf 87' lang='grc' dir='ltr'>βιϐλίου</span> <span class='ocrx_word' id='word_1_508' title='bbox 1559 4341 1658 4411; x_wconf 78' lang='grc' dir='ltr'><strong>τὴν</strong></span> <span class='ocrx_word' id='word_1_509' title='bbox 1691 4340 1944 4412; x_wconf 76' lang='grc' dir='ltr'>δύναμιν,</span> 
     </span>
    </p>
   </div>
   <div class='ocr_carea' id='block_1_71' title="bbox 362 4431 1947 4504">
    <p class='ocr_par' dir='ltr' id='par_1_71' title="bbox 362 4431 1947 4504">
     <span class='ocr_line' id='line_1_72' title="bbox 362 4431 1947 4504; baseline -0.001 -17"><span class='ocrx_word' id='word_1_510' title='bbox 362 4434 460 4487; x_wconf 77' lang='grc' dir='ltr'><strong>καὶ</strong></span> <span class='ocrx_word' id='word_1_511' title='bbox 509 4434 591 4485; x_wconf 82' lang='grc' dir='ltr'>ὅτι</span> <span class='ocrx_word' id='word_1_512' title='bbox 635 4433 789 4485; x_wconf 82' lang='grc' dir='ltr'>πᾶσα</span> <span class='ocrx_word' id='word_1_513' title='bbox 834 4431 1030 4504; x_wconf 81' lang='grc' dir='ltr'>Γραφὴ</span> <span class='ocrx_word' id='word_1_514' title='bbox 1081 4431 1442 4495; x_wconf 80' lang='grc' dir='ltr'>θεόπνευστος</span> <span class='ocrx_word' id='word_1_515' title='bbox 1498 4433 1594 4485; x_wconf 72' lang='grc' dir='ltr'><strong>καὶ</strong></span> <span class='ocrx_word' id='word_1_516' title='bbox 1649 4431 1947 4502; x_wconf 75' lang='grc' dir='ltr'>ὠφέλιμος,</span> 
     </span>
    </p>
   </div>
   <div class='ocr_carea' id='block_1_72' title="bbox 365 4521 1949 4594">
    <p class='ocr_par' dir='ltr' id='par_1_72' title="bbox 365 4521 1949 4594">
     <span class='ocr_line' id='line_1_73' title="bbox 365 4521 1949 4594; baseline -0.001 -16"><span class='ocrx_word' id='word_1_517' title='bbox 365 4525 625 4594; x_wconf 80' lang='grc' dir='ltr'>ἀνόνητον</span> <span class='ocrx_word' id='word_1_518' title='bbox 673 4521 812 4578; x_wconf 81' lang='grc' dir='ltr'>εἶναι</span> <span class='ocrx_word' id='word_1_519' title='bbox 861 4524 1028 4587; x_wconf 82' lang='grc' dir='ltr'>δοκεῖ,</span> <span class='ocrx_word' id='word_1_520' title='bbox 1062 4523 1332 4593; x_wconf 82' lang='grc' dir='ltr'>πολέμους</span> <span class='ocrx_word' id='word_1_521' title='bbox 1378 4524 1473 4576; x_wconf 73' lang='grc' dir='ltr'>καὶ</span> <span class='ocrx_word' id='word_1_522' title='bbox 1526 4523 1704 4593; x_wconf 79' lang='grc' dir='ltr'>μάχας</span> <span class='ocrx_word' id='word_1_523' title='bbox 1756 4523 1831 4588; x_wconf 87' lang='grc' dir='ltr'>ὠς</span> <span class='ocrx_word' id='word_1_524' title='bbox 1880 4525 1949 4578; x_wconf 84' lang='grc' dir='ltr'>τὰ</span> 
     </span>
    </p>
   </div>
   <div class='ocr_carea' id='block_1_73' title="bbox 367 4615 1949 4686">
    <p class='ocr_par' dir='ltr' id='par_1_73' title="bbox 367 4615 1949 4686">
     <span class='ocr_line' id='line_1_74' title="bbox 367 4615 1949 4686; baseline 0 -18"><span class='ocrx_word' id='word_1_525' title='bbox 367 4617 541 4668; x_wconf 78' lang='grc' dir='ltr'>πολλὰ</span> <span class='ocrx_word' id='word_1_526' title='bbox 566 4616 946 4686; x_wconf 78' lang='grc' dir='ltr'>διηγούμενον.</span> <span class='ocrx_word' id='word_1_527' title='bbox 977 4616 1053 4669; x_wconf 83' lang='grc' dir='ltr'><strong>Οὐ</strong></span> <span class='ocrx_word' id='word_1_528' title='bbox 1098 4615 1209 4685; x_wconf 86' lang='grc' dir='ltr'>γὰρ</span> <span class='ocrx_word' id='word_1_529' title='bbox 1250 4615 1569 4676; x_wconf 81' lang='grc' dir='ltr'>σκοποῦσιν.</span> <span class='ocrx_word' id='word_1_530' title='bbox 1599 4616 1673 4678; x_wconf 86' lang='grc' dir='ltr'>ὡς</span> <span class='ocrx_word' id='word_1_531' title='bbox 1703 4615 1949 4679; x_wconf 79' lang='grc' dir='ltr'>τυπικῶς</span> 
     </span>
    </p>
   </div>
   <div class='ocr_carea' id='block_1_74' title="bbox 893 3985 3086 4120">
    <p class='ocr_par' dir='ltr' id='par_1_74' title="bbox 893 3985 3086 4120">
     <span class='ocr_line' id='line_1_75' title="bbox 893 3985 3086 4120; baseline -0.005 0"><span class='ocrx_word' id='word_1_532' title='bbox 893 3990 2010 4120; x_wconf 78' lang='lat' dir='ltr'><strong>COMMENTARII</strong></span> <span class='ocrx_word' id='word_1_533' title='bbox 2121 3986 2279 4112; x_wconf 88' lang='lat' dir='ltr'><strong>IN</strong></span> <span class='ocrx_word' id='word_1_534' title='bbox 2383 3985 3086 4116; x_wconf 80' lang='lat' dir='ltr'><strong>JUDICES.‘</strong></span> 
     </span>
    </p>
   </div>
   <div class='ocr_carea' id='block_1_75' title="bbox 2049 3215 3620 3285">
    <p class='ocr_par' dir='ltr' id='par_1_75' title="bbox 2049 3215 3620 3285">
     <span class='ocr_line' id='line_1_76' title="bbox 2049 3215 3620 3285; baseline 0.001 -18"><span class='ocrx_word' id='word_1_535' title='bbox 2049 3217 2194 3270; x_wconf 79' lang='lat' dir='ltr'><strong>ferre</strong></span> <span class='ocrx_word' id='word_1_536' title='bbox 2236 3215 2356 3269; x_wconf 86' lang='lat' dir='ltr'><strong>ausi</strong></span> <span class='ocrx_word' id='word_1_537' title='bbox 2396 3227 2546 3280; x_wconf 88' lang='lat' dir='ltr'><strong>sunt,</strong></span> <span class='ocrx_word' id='word_1_538' title='bbox 2587 3216 2642 3268; x_wconf 92' lang='lat' dir='ltr'><strong>in</strong></span> <span class='ocrx_word' id='word_1_539' title='bbox 2686 3230 2823 3284; x_wconf 87' lang='lat' dir='ltr'><strong>quos</strong></span> <span class='ocrx_word' id='word_1_540' title='bbox 2877 3215 3089 3269; x_wconf 82' lang='lat' dir='ltr'><strong>idcirco</strong></span> <span class='ocrx_word' id='word_1_541' title='bbox 3118 3215 3302 3270; x_wconf 88' lang='lat' dir='ltr'><strong>omnis</strong></span> <span class='ocrx_word' id='word_1_542' title='bbox 3339 3216 3620 3285; x_wconf 78' lang='lat' dir='ltr'><strong>justorum</strong></span> 
     </span>
    </p>
   </div>
   <div class='ocr_carea' id='block_1_76' title="bbox 2048 3307 3622 3376">
    <p class='ocr_par' dir='ltr' id='par_1_76' title="bbox 2048 3307 3622 3376">
     <span class='ocr_line' id='line_1_77' title="bbox 2048 3307 3622 3376; baseline -0.001 -14"><span class='ocrx_word' id='word_1_543' title='bbox 2048 3307 2272 3376; x_wconf 75' lang='lat' dir='ltr'><strong>sanguis</strong></span> <span class='ocrx_word' id='word_1_544' title='bbox 2320 3307 2537 3362; x_wconf 87' lang='lat' dir='ltr'><strong>recidit.</strong></span> <span class='ocrx_word' id='word_1_545' title='bbox 2583 3307 2716 3362; x_wconf 87' lang='lat' dir='ltr'><strong>Cum</strong></span> <span class='ocrx_word' id='word_1_546' title='bbox 2772 3309 3182 3364; x_wconf 83' lang='lat' dir='ltr'><strong>intercessisset</strong></span> <span class='ocrx_word' id='word_1_547' title='bbox 3229 3309 3438 3376; x_wconf 82' lang='lat' dir='ltr'><strong>itaque,</strong></span> <span class='ocrx_word' id='word_1_548' title='bbox 3471 3323 3622 3360; x_wconf 85' lang='lat' dir='ltr'><strong>mor-</strong></span> 
     </span>
    </p>
   </div>
   <div class='ocr_carea' id='block_1_77' title="bbox 2051 3399 3623 3470">
    <p class='ocr_par' dir='ltr' id='par_1_77' title="bbox 2051 3399 3623 3470">
     <span class='ocr_line' id='line_1_78' title="bbox 2051 3399 3623 3470; baseline 0 -17"><span class='ocrx_word' id='word_1_549' title='bbox 2051 3409 2158 3455; x_wconf 90' lang='lat' dir='ltr'><strong>tem</strong></span> <span class='ocrx_word' id='word_1_550' title='bbox 2190 3415 2219 3454; x_wconf 89' lang='lat' dir='ltr'><strong>a</strong></span> <span class='ocrx_word' id='word_1_551' title='bbox 2249 3400 2410 3456; x_wconf 85' lang='lat' dir='ltr'><strong>nobis</strong></span> <span class='ocrx_word' id='word_1_552' title='bbox 2444 3402 2709 3456; x_wconf 85' lang='lat' dir='ltr'><strong>abstulit:</strong></span> <span class='ocrx_word' id='word_1_553' title='bbox 2747 3417 2873 3456; x_wconf 91' lang='lat' dir='ltr'><strong>cum</strong></span> <span class='ocrx_word' id='word_1_554' title='bbox 2911 3403 3112 3455; x_wconf 88' lang='lat' dir='ltr'><strong>mortui</strong></span> <span class='ocrx_word' id='word_1_555' title='bbox 3146 3399 3324 3456; x_wconf 67' lang='lat' dir='ltr'><strong>Judaai</strong></span> <span class='ocrx_word' id='word_1_556' title='bbox 3362 3402 3466 3455; x_wconf 69' lang='lat' dir='ltr'><strong>sul)</strong></span> <span class='ocrx_word' id='word_1_557' title='bbox 3506 3402 3623 3470; x_wconf 73' lang='lat' dir='ltr'><strong>lege</strong></span> 
     </span>
    </p>
   </div>
   <div class='ocr_carea' id='block_1_78' title="bbox 2049 3490 3622 3561">
    <p class='ocr_par' dir='ltr' id='par_1_78' title="bbox 2049 3490 3622 3561">
     <span class='ocr_line' id='line_1_79' title="bbox 2049 3490 3622 3561; baseline -0.002 -16"><span class='ocrx_word' id='word_1_558' title='bbox 2049 3491 2290 3561; x_wconf 78' lang='lat' dir='ltr'><strong>separati</strong></span> <span class='ocrx_word' id='word_1_559' title='bbox 2353 3492 2566 3545; x_wconf 90' lang='lat' dir='ltr'><strong>nullum</strong></span> <span class='ocrx_word' id='word_1_560' title='bbox 2623 3492 2864 3560; x_wconf 88' lang='lat' dir='ltr'><strong>amplius</strong></span> <span class='ocrx_word' id='word_1_561' title='bbox 2913 3491 3166 3545; x_wconf 83' lang='lat' dir='ltr'><strong>veritatis</strong></span> <span class='ocrx_word' id='word_1_562' title='bbox 3237 3505 3378 3560; x_wconf 82' lang='lat' dir='ltr'><strong>Opus</strong></span> <span class='ocrx_word' id='word_1_563' title='bbox 3435 3490 3622 3543; x_wconf 83' lang='lat' dir='ltr'><strong>edant.</strong></span> 
     </span>
    </p>
   </div>
   <div class='ocr_carea' id='block_1_79' title="bbox 2049 3581 3625 3652">
    <p class='ocr_par' dir='ltr' id='par_1_79' title="bbox 2049 3581 3625 3652">
     <span class='ocr_line' id='line_1_80' title="bbox 2049 3581 3625 3652; baseline -0.002 -15"><span class='ocrx_word' id='word_1_564' title='bbox 2049 3583 2204 3652; x_wconf 81' lang='lat' dir='ltr'><strong>Apud</strong></span> <span class='ocrx_word' id='word_1_565' title='bbox 2246 3597 2348 3638; x_wconf 87' lang='lat' dir='ltr'><strong>nos</strong></span> <span class='ocrx_word' id='word_1_566' title='bbox 2399 3583 2549 3637; x_wconf 89' lang='lat' dir='ltr'><strong>enim</strong></span> <span class='ocrx_word' id='word_1_567' title='bbox 2605 3597 2796 3637; x_wconf 86' lang='lat' dir='ltr'><strong>verum</strong></span> <span class='ocrx_word' id='word_1_568' title='bbox 2851 3589 2936 3636; x_wconf 86' lang='lat' dir='ltr'><strong>est</strong></span> <span class='ocrx_word' id='word_1_569' title='bbox 2985 3584 3252 3651; x_wconf 85' lang='lat' dir='ltr'><strong>templum</strong></span> <span class='ocrx_word' id='word_1_570' title='bbox 3308 3581 3454 3649; x_wconf 91' lang='lat' dir='ltr'><strong>quod</strong></span> <span class='ocrx_word' id='word_1_571' title='bbox 3487 3582 3625 3634; x_wconf 77' lang='lat' dir='ltr'><strong>vivis</strong></span> 
     </span>
    </p>
   </div>
   <div class='ocr_carea' id='block_1_80' title="bbox 2051 3673 3180 3744">
    <p class='ocr_par' dir='ltr' id='par_1_80' title="bbox 2051 3673 3180 3744">
     <span class='ocr_line' id='line_1_81' title="bbox 2051 3673 3180 3744; baseline 0 -16"><span class='ocrx_word' id='word_1_572' title='bbox 2051 3676 2324 3744; x_wconf 79' lang='lat' dir='ltr'><strong>lapidibus</strong></span> <span class='ocrx_word' id='word_1_573' title='bbox 2353 3683 2592 3740; x_wconf 87' lang='lat' dir='ltr'><strong>constat,</strong></span> <span class='ocrx_word' id='word_1_574' title='bbox 2630 3691 2790 3732; x_wconf 89' lang='lat' dir='ltr'><strong>verus</strong></span> <span class='ocrx_word' id='word_1_575' title='bbox 2837 3676 2963 3730; x_wconf 85' lang='lat' dir='ltr'><strong>item</strong></span> <span class='ocrx_word' id='word_1_576' title='bbox 2998 3673 3180 3728; x_wconf 74' lang='lat' dir='ltr'><strong>Josue.</strong></span> 
     </span>
    </p>
   </div>
   <div class='ocr_carea' id='block_1_81' title="bbox 2827 3823 3603 3858">
    <p class='ocr_par' dir='ltr' id='par_1_81' title="bbox 2827 3823 3603 3858">
     <span class='ocr_line' id='line_1_82' title="bbox 2827 3823 3603 3858; baseline -0.009 -1"><span class='ocrx_word' id='word_1_577' title='bbox 2827 3823 3603 3858; x_wconf 65' lang='lat' dir='ltr'><strong>m</strong></span> 
     </span>
    </p>
   </div>
   <div class='ocr_carea' id='block_1_82' title="bbox 2127 4329 3635 4411">
    <p class='ocr_par' dir='ltr' id='par_1_82' title="bbox 2127 4329 3635 4411">
     <span class='ocr_line' id='line_1_83' title="bbox 2127 4329 3635 4411; baseline -0.009 -14"><span class='ocrx_word' id='word_1_578' title='bbox 2127 4342 2184 4397; x_wconf 89' lang='lat' dir='ltr'><strong>Si</strong></span> <span class='ocrx_word' id='word_1_579' title='bbox 2219 4339 2345 4411; x_wconf 83' lang='lat' dir='ltr'><strong>quis</strong></span> <span class='ocrx_word' id='word_1_580' title='bbox 2393 4337 2560 4408; x_wconf 88' lang='lat' dir='ltr'><strong>hujus</strong></span> <span class='ocrx_word' id='word_1_581' title='bbox 2604 4332 2896 4406; x_wconf 65' lang='lat' dir='ltr'><strong>praesentis</strong></span> <span class='ocrx_word' id='word_1_582' title='bbox 2936 4330 3108 4387; x_wconf 89' lang='lat' dir='ltr'><strong>libelli</strong></span> <span class='ocrx_word' id='word_1_583' title='bbox 3163 4329 3454 4395; x_wconf 89' lang='lat' dir='ltr'><strong>virtutem,</strong></span> <span class='ocrx_word' id='word_1_584' title='bbox 3515 4344 3635 4384; x_wconf 89' lang='lat' dir='ltr'><strong>om-</strong></span> 
     </span>
    </p>
   </div>
   <div class='ocr_carea' id='block_1_83' title="bbox 2056 4420 3634 4504">
    <p class='ocr_par' dir='ltr' id='par_1_83' title="bbox 2056 4420 3634 4504">
     <span class='ocr_line' id='line_1_84' title="bbox 2056 4420 3634 4504; baseline -0.011 -14"><span class='ocrx_word' id='word_1_585' title='bbox 2056 4447 2292 4504; x_wconf 84' lang='lat' dir='ltr'><strong>nemque</strong></span> <span class='ocrx_word' id='word_1_586' title='bbox 2346 4428 2692 4499; x_wconf 85' lang='lat' dir='ltr'><strong>Scripturam</strong></span> <span class='ocrx_word' id='word_1_587' title='bbox 2750 4424 3013 4480; x_wconf 88' lang='lat' dir='ltr'><strong>divinitus</strong></span> <span class='ocrx_word' id='word_1_588' title='bbox 3069 4421 3398 4491; x_wconf 86' lang='lat' dir='ltr'><strong>inspiratam</strong></span> <span class='ocrx_word' id='word_1_589' title='bbox 3444 4420 3634 4475; x_wconf 86' lang='lat' dir='ltr'><strong>utilem</strong></span> 
     </span>
    </p>
   </div>
   <div class='ocr_carea' id='block_1_84' title="bbox 2055 4510 3635 4592">
    <p class='ocr_par' dir='ltr' id='par_1_84' title="bbox 2055 4510 3635 4592">
     <span class='ocr_line' id='line_1_85' title="bbox 2055 4510 3635 4592; baseline -0.012 -11"><span class='ocrx_word' id='word_1_590' title='bbox 2055 4540 2178 4581; x_wconf 85' lang='lat' dir='ltr'><strong>esse</strong></span> <span class='ocrx_word' id='word_1_591' title='bbox 2215 4525 2452 4592; x_wconf 78' lang='lat' dir='ltr'><strong>ignorat,</strong></span> <span class='ocrx_word' id='word_1_592' title='bbox 2499 4517 2645 4574; x_wconf 84' lang='lat' dir='ltr'><strong>bella</strong></span> <span class='ocrx_word' id='word_1_593' title='bbox 2691 4531 2756 4570; x_wconf 92' lang='lat' dir='ltr'><strong>ac</strong></span> <span class='ocrx_word' id='word_1_594' title='bbox 2803 4527 3017 4585; x_wconf 81' lang='lat' dir='ltr'><strong>pugnas</strong></span> <span class='ocrx_word' id='word_1_595' title='bbox 3049 4510 3256 4581; x_wconf 62' lang='lat' dir='ltr'><strong>sapius</strong></span> <span class='ocrx_word' id='word_1_596' title='bbox 3287 4525 3635 4565; x_wconf 85' lang='lat' dir='ltr'><strong>commemo-</strong></span> 
     </span>
    </p>
   </div>
   <div class='ocr_carea' id='block_1_85' title="bbox 2056 4601 3636 4671">
    <p class='ocr_par' dir='ltr' id='par_1_85' title="bbox 2056 4601 3636 4671">
     <span class='ocr_line' id='line_1_86' title="bbox 2056 4601 3636 4671; baseline -0.011 0"><span class='ocrx_word' id='word_1_597' title='bbox 2056 4625 2270 4670; x_wconf 89' lang='lat' dir='ltr'><strong>rantem</strong></span> <span class='ocrx_word' id='word_1_598' title='bbox 2319 4612 2532 4666; x_wconf 76' lang='lat' dir='ltr'><strong>{utilem</strong></span> <span class='ocrx_word' id='word_1_599' title='bbox 2573 4624 2697 4664; x_wconf 90' lang='lat' dir='ltr'><strong>esse</strong></span> <span class='ocrx_word' id='word_1_600' title='bbox 2739 4607 2928 4661; x_wconf 89' lang='lat' dir='ltr'><strong>ducet.</strong></span> <span class='ocrx_word' id='word_1_601' title='bbox 2980 4604 3100 4658; x_wconf 81' lang='lat' dir='ltr'><strong>Non</strong></span> <span class='ocrx_word' id='word_1_602' title='bbox 3147 4603 3297 4658; x_wconf 92' lang='lat' dir='ltr'><strong>enim</strong></span> <span class='ocrx_word' id='word_1_603' title='bbox 3359 4604 3413 4655; x_wconf 90' lang='lat' dir='ltr'><strong>in</strong></span> <span class='ocrx_word' id='word_1_604' title='bbox 3461 4601 3636 4671; x_wconf 78' lang='lat' dir='ltr'><strong>ﬁgura</strong></span> 
     </span>
    </p>
   </div>
   <div class='ocr_carea' id='block_1_86' title="bbox 369 4686 2056 4782">
    <p class='ocr_par' dir='ltr' id='par_1_86' title="bbox 369 4686 2028 4782">
     <span class='ocr_line' id='line_1_87' title="bbox 369 4686 2028 4782; baseline 0.001 -21"><span class='ocrx_word' id='word_1_605' title='bbox 369 4708 470 4779; x_wconf 75' lang='grc' dir='ltr'><strong>μὲν</strong></span> <span class='ocrx_word' id='word_1_606' title='bbox 520 4709 751 4772; x_wconf 72' lang='grc' dir='ltr'>ἐκείνοις</span> <span class='ocrx_word' id='word_1_607' title='bbox 813 4707 1012 4777; x_wconf 86' lang='grc' dir='ltr'>συνέϐη</span> <span class='ocrx_word' id='word_1_608' title='bbox 1041 4749 1056 4774; x_wconf 88' lang='grc'><strong>,</strong></span> <span class='ocrx_word' id='word_1_609' title='bbox 1103 4708 1320 4782; x_wconf 76' lang='grc' dir='ltr'>ἐγράφη</span> <span class='ocrx_word' id='word_1_610' title='bbox 1369 4707 1425 4760; x_wconf 79' lang='grc' dir='ltr'>δὲ</span> <span class='ocrx_word' id='word_1_611' title='bbox 1477 4709 1616 4778; x_wconf 73' lang='grc' dir='ltr'>πρὸς</span> <span class='ocrx_word' id='word_1_612' title='bbox 1669 4709 1953 4762; x_wconf 82' lang='grc' dir='ltr'>νουθεσίαν</span> <span class='ocrx_word' id='word_1_613' title='bbox 1986 4686 2028 4740; x_wconf 77' lang='lat' dir='ltr'><strong>D</strong></span> 
     </span>
    </p>
   </div>
   <div class='ocr_carea' id='block_1_87' title="bbox 1953 4686 3640 4782">
    <p class='ocr_par' dir='ltr' id='par_1_87' title="bbox 1986 4686 3640 4770">
     <span class='ocr_line' id='line_1_88' title="bbox 1986 4686 3640 4770; baseline -0.013 -3"><span class='ocrx_word' id='word_1_614' title='bbox 1986 4686 2028 4740; x_wconf 74' lang='lat' dir='ltr'><strong>D</strong></span> <span class='ocrx_word' id='word_1_615' title='bbox 2059 4711 2166 4766; x_wconf 90' lang='lat' dir='ltr'><strong>illis</strong></span> <span class='ocrx_word' id='word_1_616' title='bbox 2205 4707 2485 4770; x_wconf 83' lang='lat' dir='ltr'><strong>evenisse,</strong></span> <span class='ocrx_word' id='word_1_617' title='bbox 2527 4713 2580 4758; x_wconf 89' lang='lat' dir='ltr'><strong>et</strong></span> <span class='ocrx_word' id='word_1_618' title='bbox 2608 4702 2678 4769; x_wconf 77' lang='lat' dir='ltr'><strong>ad</strong></span> <span class='ocrx_word' id='word_1_619' title='bbox 2721 4710 2973 4755; x_wconf 87' lang='lat' dir='ltr'><strong>nostram</strong></span> <span class='ocrx_word' id='word_1_620' title='bbox 3009 4695 3394 4753; x_wconf 84' lang='lat' dir='ltr'><strong>eruditionem</strong></span> <span class='ocrx_word' id='word_1_621' title='bbox 3431 4698 3640 4764; x_wconf 89' lang='lat' dir='ltr'><strong>scripta</strong></span> 
     </span>
    </p>
   </div>
   <div class='ocr_carea' id='block_1_88' title="bbox 370 4799 1956 4872">
    <p class='ocr_par' dir='ltr' id='par_1_88' title="bbox 370 4799 1956 4872">
     <span class='ocr_line' id='line_1_89' title="bbox 370 4799 1956 4872; baseline 0.001 -19"><span class='ocrx_word' id='word_1_622' title='bbox 370 4803 551 4872; x_wconf 75' lang='grc' dir='ltr'>ἡμῶν,</span> <span class='ocrx_word' id='word_1_623' title='bbox 587 4803 682 4856; x_wconf 77' lang='grc' dir='ltr'><strong>καὶ</strong></span> <span class='ocrx_word' id='word_1_624' title='bbox 712 4801 832 4855; x_wconf 80' lang='grc' dir='ltr'>κατ’</span> <span class='ocrx_word' id='word_1_625' title='bbox 860 4801 994 4854; x_wconf 75' lang='grc' dir='ltr'>αὐτὸ</span> <span class='ocrx_word' id='word_1_626' title='bbox 1031 4800 1092 4853; x_wconf 85' lang='grc' dir='ltr'><strong>τὸ</strong></span> <span class='ocrx_word' id='word_1_627' title='bbox 1125 4800 1289 4871; x_wconf 73' lang='grc' dir='ltr'>ῥητὸν</span> <span class='ocrx_word' id='word_1_628' title='bbox 1317 4799 1597 4869; x_wconf 75' lang='grc' dir='ltr'>ὠφελῆσαι</span> <span class='ocrx_word' id='word_1_629' title='bbox 1643 4800 1762 4854; x_wconf 83' lang='grc' dir='ltr'>λίαν</span> <span class='ocrx_word' id='word_1_630' title='bbox 1793 4801 1956 4856; x_wconf 79' lang='grc' dir='ltr'>δυνά-</span> 
     </span>
    </p>
   </div>
   <div class='ocr_carea' id='block_1_89' title="bbox 375 4893 1958 4966">
    <p class='ocr_par' dir='ltr' id='par_1_89' title="bbox 375 4893 1958 4966">
     <span class='ocr_line' id='line_1_90' title="bbox 375 4893 1958 4966; baseline 0.001 -19"><span class='ocrx_word' id='word_1_631' title='bbox 375 4909 566 4964; x_wconf 84' lang='grc' dir='ltr'>μενον·</span> <span class='ocrx_word' id='word_1_632' title='bbox 598 4895 727 4946; x_wconf 77' lang='grc' dir='ltr'>ὃταν</span> <span class='ocrx_word' id='word_1_633' title='bbox 757 4893 976 4963; x_wconf 77' lang='grc' dir='ltr'>ὁρῶμεν</span> <span class='ocrx_word' id='word_1_634' title='bbox 1002 4893 1127 4946; x_wconf 82' lang='grc' dir='ltr'>ὅσον</span> <span class='ocrx_word' id='word_1_635' title='bbox 1162 4893 1389 4947; x_wconf 83' lang='grc' dir='ltr'>δύναται</span> <span class='ocrx_word' id='word_1_636' title='bbox 1415 4894 1551 4947; x_wconf 83' lang='grc' dir='ltr'>Θεοῦ</span> <span class='ocrx_word' id='word_1_637' title='bbox 1579 4894 1836 4966; x_wconf 84' lang='grc' dir='ltr'>λατρεία,</span> <span class='ocrx_word' id='word_1_638' title='bbox 1864 4896 1958 4949; x_wconf 78' lang='grc' dir='ltr'><strong>καὶ</strong></span> 
     </span>
    </p>
   </div>
   <div class='ocr_carea' id='block_1_90' title="bbox 369 4986 1957 5058">
    <p class='ocr_par' dir='ltr' id='par_1_90' title="bbox 369 4986 1957 5058">
     <span class='ocr_line' id='line_1_91' title="bbox 369 4986 1957 5058; baseline 0.002 -20"><span class='ocrx_word' id='word_1_639' title='bbox 369 4986 536 5040; x_wconf 72' lang='grc' dir='ltr'>πάλιν</span> <span class='ocrx_word' id='word_1_640' title='bbox 579 4987 905 5048; x_wconf 68' lang='grc' dir='ltr'>ἀπόστασις.</span> <span class='ocrx_word' id='word_1_641' title='bbox 973 4987 1086 5041; x_wconf 75' lang='grc' dir='ltr'><strong>Καὶ</strong></span> <span class='ocrx_word' id='word_1_642' title='bbox 1128 4987 1203 5050; x_wconf 84' lang='grc' dir='ltr'>ὼς</span> <span class='ocrx_word' id='word_1_643' title='bbox 1254 4989 1287 5056; x_wconf 79' lang='grc' dir='ltr'><strong>ἡ</strong></span> <span class='ocrx_word' id='word_1_644' title='bbox 1344 4988 1478 5058; x_wconf 84' lang='grc' dir='ltr'>μὲν,</span> <span class='ocrx_word' id='word_1_645' title='bbox 1529 4986 1784 5058; x_wconf 75' lang='grc' dir='ltr'>καθαιρεῖ</span> <span class='ocrx_word' id='word_1_646' title='bbox 1831 4990 1957 5053; x_wconf 74' lang='grc' dir='ltr'>τοὺς</span> 
     </span>
    </p>
   </div>
   <div class='ocr_carea' id='block_1_91' title="bbox 367 5077 1954 5152">
    <p class='ocr_par' dir='ltr' id='par_1_91' title="bbox 367 5077 1954 5152">
     <span class='ocr_line' id='line_1_92' title="bbox 367 5077 1954 5152; baseline 0.001 -20"><span class='ocrx_word' id='word_1_647' title='bbox 367 5079 622 5149; x_wconf 75' lang='grc' dir='ltr'>ἐχθροὺς,</span> <span class='ocrx_word' id='word_1_648' title='bbox 651 5079 756 5134; x_wconf 78' lang='grc' dir='ltr'>κᾶν</span> <span class='ocrx_word' id='word_1_649' title='bbox 802 5077 1112 5133; x_wconf 79' lang='grc' dir='ltr'>ἀπέλθωσιν</span> <span class='ocrx_word' id='word_1_650' title='bbox 1133 5095 1146 5109; x_wconf 87' lang='grc'><strong>·</strong></span> <span class='ocrx_word' id='word_1_651' title='bbox 1180 5082 1212 5152; x_wconf 83' lang='grc' dir='ltr'><strong>ἡ</strong></span> <span class='ocrx_word' id='word_1_652' title='bbox 1240 5080 1329 5147; x_wconf 82' lang='grc' dir='ltr'>δὲ,</span> <span class='ocrx_word' id='word_1_653' title='bbox 1363 5079 1578 5143; x_wconf 77' lang='grc' dir='ltr'>τούτοις</span> <span class='ocrx_word' id='word_1_654' title='bbox 1605 5080 1954 5152; x_wconf 78' lang='grc' dir='ltr'>ὑποχειρίους</span> 
     </span>
    </p>
   </div>
   <div class='ocr_carea' id='block_1_92' title="bbox 361 5171 1954 5243">
    <p class='ocr_par' dir='ltr' id='par_1_92' title="bbox 361 5171 1954 5243">
     <span class='ocr_line' id='line_1_93' title="bbox 361 5171 1954 5243; baseline 0.002 -18"><span class='ocrx_word' id='word_1_655' title='bbox 361 5173 678 5243; x_wconf 73' lang='grc' dir='ltr'>ἐργάζεται.</span> <span class='ocrx_word' id='word_1_656' title='bbox 728 5171 1036 5243; x_wconf 78' lang='grc' dir='ltr'>Τοιγαροῦν</span> <span class='ocrx_word' id='word_1_657' title='bbox 1091 5175 1120 5226; x_wconf 92' lang='lat'><strong>6</strong></span> <span class='ocrx_word' id='word_1_658' title='bbox 1172 5172 1316 5236; x_wconf 86' lang='grc' dir='ltr'>θεῖος</span> <span class='ocrx_word' id='word_1_659' title='bbox 1369 5173 1581 5237; x_wconf 84' lang='grc' dir='ltr'>Παῦλος</span> <span class='ocrx_word' id='word_1_660' title='bbox 1632 5175 1697 5226; x_wconf 83' lang='grc' dir='ltr'><strong>ὲκ</strong></span> <span class='ocrx_word' id='word_1_661' title='bbox 1746 5174 1954 5229; x_wconf 76' lang='grc' dir='ltr'>τούτων</span> 
     </span>
    </p>
   </div>
   <div class='ocr_carea' id='block_1_93' title="bbox 359 5264 1954 5338">
    <p class='ocr_par' dir='ltr' id='par_1_93' title="bbox 359 5264 1954 5338">
     <span class='ocr_line' id='line_1_94' title="bbox 359 5264 1954 5338; baseline 0.001 -20"><span class='ocrx_word' id='word_1_662' title='bbox 359 5267 592 5320; x_wconf 76' lang='grc' dir='ltr'>πλείττα</span> <span class='ocrx_word' id='word_1_663' title='bbox 624 5266 893 5335; x_wconf 72' lang='grc' dir='ltr'>λαμϐάνει</span> <span class='ocrx_word' id='word_1_664' title='bbox 927 5267 997 5319; x_wconf 74' lang='grc' dir='ltr'>τὰ</span> <span class='ocrx_word' id='word_1_665' title='bbox 1030 5264 1474 5336; x_wconf 84' lang='grc' dir='ltr'>παραδείγματα,</span> <span class='ocrx_word' id='word_1_666' title='bbox 1511 5268 1772 5338; x_wconf 58' lang='grc' dir='ltr'>γράφων</span> <span class='ocrx_word' id='word_1_667' title='bbox 1829 5268 1954 5320; x_wconf 83' lang='grc' dir='ltr'>ὲπι-</span> 
     </span>
    </p>
   </div>
   <div class='ocr_carea' id='block_1_94' title="bbox 357 5357 1952 5431">
    <p class='ocr_par' dir='ltr' id='par_1_94' title="bbox 357 5357 1952 5431">
     <span class='ocr_line' id='line_1_95' title="bbox 357 5357 1952 5431; baseline 0 -20"><span class='ocrx_word' id='word_1_668' title='bbox 357 5359 540 5429; x_wconf 63' lang='grc' dir='ltr'>λείψει</span> <span class='ocrx_word' id='word_1_669' title='bbox 571 5361 680 5428; x_wconf 82' lang='grc' dir='ltr'>γάρ</span> <span class='ocrx_word' id='word_1_670' title='bbox 737 5376 805 5428; x_wconf 88' lang='grc' dir='ltr'><strong>με</strong></span> <span class='ocrx_word' id='word_1_671' title='bbox 835 5359 1195 5430; x_wconf 71' lang='grc' dir='ltr'>διηγούμενον</span> <span class='ocrx_word' id='word_1_672' title='bbox 1245 5362 1274 5412; x_wconf 91' lang='lat'><strong>6</strong></span> <span class='ocrx_word' id='word_1_673' title='bbox 1318 5361 1510 5430; x_wconf 79' lang='grc' dir='ltr'>χρόνος</span> <span class='ocrx_word' id='word_1_674' title='bbox 1557 5361 1684 5431; x_wconf 68' lang='grc' dir='ltr'>περὶ</span> <span class='ocrx_word' id='word_1_675' title='bbox 1723 5357 1952 5425; x_wconf 84' lang='grc' dir='ltr'>Γεδεὼν,</span> 
     </span>
    </p>
   </div>
   <div class='ocr_carea' id='block_1_95' title="bbox 361 5444 1957 5523">
    <p class='ocr_par' dir='ltr' id='par_1_95' title="bbox 361 5444 1957 5523">
     <span class='ocr_line' id='line_1_96' title="bbox 361 5444 1957 5523; baseline 0.001 -17"><span class='ocrx_word' id='word_1_676' title='bbox 361 5455 556 5523; x_wconf 76' lang='grc' dir='ltr'>Βαράκ</span> <span class='ocrx_word' id='word_1_677' title='bbox 585 5469 643 5506; x_wconf 89' lang='grc' dir='ltr'><strong>τε</strong></span> <span class='ocrx_word' id='word_1_678' title='bbox 674 5453 768 5506; x_wconf 79' lang='grc' dir='ltr'>καὶ</span> <span class='ocrx_word' id='word_1_679' title='bbox 801 5451 1042 5523; x_wconf 72' lang='grc' dir='ltr'>Σαμψὼν</span> <span class='ocrx_word' id='word_1_680' title='bbox 1062 5492 1076 5517; x_wconf 92' lang='grc'><strong>,</strong></span> <span class='ocrx_word' id='word_1_681' title='bbox 1111 5454 1205 5506; x_wconf 69' lang='grc' dir='ltr'><strong>καὶ</strong></span> <span class='ocrx_word' id='word_1_682' title='bbox 1240 5444 1450 5522; x_wconf 73' lang='grc' dir='ltr'>Ἰεφθάε</span> <span class='ocrx_word' id='word_1_683' title='bbox 1473 5470 1485 5483; x_wconf 74' lang='grc' dir='ltr'><strong>ο</strong></span> <span class='ocrx_word' id='word_1_684' title='bbox 1520 5452 1569 5505; x_wconf 88' lang='grc' dir='ltr'>οἳ</span> <span class='ocrx_word' id='word_1_685' title='bbox 1601 5454 1687 5508; x_wconf 72' lang='grc' dir='ltr'>διὰ</span> <span class='ocrx_word' id='word_1_686' title='bbox 1719 5453 1957 5517; x_wconf 85' lang='grc' dir='ltr'>πίστεως</span> 
     </span>
    </p>
   </div>
   <div class='ocr_carea' id='block_1_96' title="bbox 361 5544 1574 5616">
    <p class='ocr_par' dir='ltr' id='par_1_96' title="bbox 361 5544 1574 5616">
     <span class='ocr_line' id='line_1_97' title="bbox 361 5544 1574 5616; baseline 0.001 -17"><span class='ocrx_word' id='word_1_687' title='bbox 361 5545 818 5616; x_wconf 83' lang='grc' dir='ltr'>κατηγωνίσαντο</span> <span class='ocrx_word' id='word_1_688' title='bbox 846 5545 1155 5616; x_wconf 73' lang='grc' dir='ltr'>βασιλείας,</span> <span class='ocrx_word' id='word_1_689' title='bbox 1187 5545 1282 5602; x_wconf 78' lang='grc' dir='ltr'><strong>καὶ</strong></span> <span class='ocrx_word' id='word_1_690' title='bbox 1320 5545 1388 5600; x_wconf 75' lang='grc' dir='ltr'>τὰ</span> <span class='ocrx_word' id='word_1_691' title='bbox 1423 5544 1574 5616; x_wconf 78' lang='grc' dir='ltr'>ἑξῆς.</span> 
     </span>
    </p>
   </div>
   <div class='ocr_carea' id='block_1_97' title="bbox 484 5838 986 5906">
    <p class='ocr_par' dir='ltr' id='par_1_97' title="bbox 484 5838 986 5906">
     <span class='ocr_line' id='line_1_98' title="bbox 484 5838 986 5906; baseline -0.002 -11"><span class='ocrx_word' id='word_1_692' title='bbox 484 5841 532 5874; x_wconf 68' lang='grc'><strong>⁸⁸</strong></span> <span class='ocrx_word' id='word_1_693' title='bbox 557 5838 724 5897; x_wconf 88' lang='lat' dir='ltr'><strong>llchr.</strong></span> <span class='ocrx_word' id='word_1_694' title='bbox 761 5857 836 5906; x_wconf 73' lang='lat' dir='ltr'><strong>st,</strong></span> <span class='ocrx_word' id='word_1_695' title='bbox 895 5838 986 5894; x_wconf 59' lang='grc' dir='ltr'>δέ.</span> 
     </span>
    </p>
   </div>
   <div class='ocr_carea' id='block_1_98' title="bbox 2059 4787 3643 4870">
    <p class='ocr_par' dir='ltr' id='par_1_98' title="bbox 2059 4787 3643 4870">
     <span class='ocr_line' id='line_1_99' title="bbox 2059 4787 3643 4870; baseline -0.011 -11"><span class='ocrx_word' id='word_1_696' title='bbox 2059 4817 2186 4858; x_wconf 92' lang='lat' dir='ltr'><strong>esse</strong></span> <span class='ocrx_word' id='word_1_697' title='bbox 2247 4797 2567 4870; x_wconf 87' lang='lat' dir='ltr'><strong>perpendet.</strong></span> <span class='ocrx_word' id='word_1_698' title='bbox 2620 4793 2734 4849; x_wconf 88' lang='lat' dir='ltr'><strong>Nec</strong></span> <span class='ocrx_word' id='word_1_699' title='bbox 2786 4793 2954 4848; x_wconf 91' lang='lat' dir='ltr'><strong>etiam</strong></span> <span class='ocrx_word' id='word_1_700' title='bbox 3019 4790 3166 4860; x_wconf 88' lang='lat' dir='ltr'><strong>quod</strong></span> <span class='ocrx_word' id='word_1_701' title='bbox 3217 4790 3333 4843; x_wconf 67' lang='lat' dir='ltr'><strong>hsec</strong></span> <span class='ocrx_word' id='word_1_702' title='bbox 3396 4787 3643 4842; x_wconf 81' lang='lat' dir='ltr'><strong>narratio</strong></span> 
     </span>
    </p>
   </div>
   <div class='ocr_carea' id='block_1_99' title="bbox 2061 4882 3646 4965">
    <p class='ocr_par' dir='ltr' id='par_1_99' title="bbox 2061 4882 3646 4965">
     <span class='ocr_line' id='line_1_100' title="bbox 2061 4882 3646 4965; baseline -0.008 -18"><span class='ocrx_word' id='word_1_703' title='bbox 2061 4894 2361 4965; x_wconf 90' lang='lat' dir='ltr'><strong>plurimum</strong></span> <span class='ocrx_word' id='word_1_704' title='bbox 2411 4888 2569 4944; x_wconf 83' lang='lat' dir='ltr'><strong>nobis</strong></span> <span class='ocrx_word' id='word_1_705' title='bbox 2615 4885 2875 4941; x_wconf 82' lang='lat' dir='ltr'><strong>utilitatis</strong></span> <span class='ocrx_word' id='word_1_706' title='bbox 2923 4883 3107 4948; x_wconf 82' lang='lat' dir='ltr'><strong>alIert,</strong></span> <span class='ocrx_word' id='word_1_707' title='bbox 3171 4897 3296 4938; x_wconf 90' lang='lat' dir='ltr'><strong>cum</strong></span> <span class='ocrx_word' id='word_1_708' title='bbox 3333 4883 3404 4936; x_wconf 85' lang='lat' dir='ltr'><strong>ob</strong></span> <span class='ocrx_word' id='word_1_709' title='bbox 3452 4882 3646 4935; x_wconf 86' lang='lat' dir='ltr'><strong>oculos</strong></span> 
     </span>
    </p>
   </div>
   <div class='ocr_carea' id='block_1_100' title="bbox 2061 4973 3645 5058">
    <p class='ocr_par' dir='ltr' id='par_1_100' title="bbox 2061 4973 3645 5058">
     <span class='ocr_line' id='line_1_101' title="bbox 2061 4973 3645 5058; baseline -0.01 -16"><span class='ocrx_word' id='word_1_710' title='bbox 2061 4994 2267 5058; x_wconf 87' lang='lat' dir='ltr'><strong>quanta</strong></span> <span class='ocrx_word' id='word_1_711' title='bbox 2323 4982 2493 5038; x_wconf 88' lang='lat' dir='ltr'><strong>divini</strong></span> <span class='ocrx_word' id='word_1_712' title='bbox 2553 4979 2763 5044; x_wconf 89' lang='lat' dir='ltr'><strong>cultus,</strong></span> <span class='ocrx_word' id='word_1_713' title='bbox 2809 4993 2872 5032; x_wconf 87' lang='lat' dir='ltr'><strong>ac</strong></span> <span class='ocrx_word' id='word_1_714' title='bbox 2921 4984 3151 5031; x_wconf 88' lang='lat' dir='ltr'><strong>econtra</strong></span> <span class='ocrx_word' id='word_1_715' title='bbox 3200 4973 3532 5030; x_wconf 83' lang='lat' dir='ltr'><strong>defectionis</strong></span> <span class='ocrx_word' id='word_1_716' title='bbox 3563 4973 3645 5026; x_wconf 90' lang='lat' dir='ltr'><strong>vis</strong></span> 
     </span>
    </p>
   </div>
   <div class='ocr_carea' id='block_1_101' title="bbox 2059 5067 3644 5147">
    <p class='ocr_par' dir='ltr' id='par_1_101' title="bbox 2059 5067 3644 5147">
     <span class='ocr_line' id='line_1_102' title="bbox 2059 5067 3644 5147; baseline -0.013 -10"><span class='ocrx_word' id='word_1_717' title='bbox 2059 5082 2296 5137; x_wconf 80' lang='lat' dir='ltr'><strong>exsistat</strong></span> <span class='ocrx_word' id='word_1_718' title='bbox 2329 5077 2503 5147; x_wconf 92' lang='lat' dir='ltr'><strong>ponit,</strong></span> <span class='ocrx_word' id='word_1_719' title='bbox 2536 5073 2682 5144; x_wconf 90' lang='lat' dir='ltr'><strong>quod</strong></span> <span class='ocrx_word' id='word_1_720' title='bbox 2733 5071 2992 5126; x_wconf 89' lang='lat' dir='ltr'><strong>videlicet</strong></span> <span class='ocrx_word' id='word_1_721' title='bbox 3015 5070 3105 5123; x_wconf 90' lang='lat' dir='ltr'><strong>ille</strong></span> <span class='ocrx_word' id='word_1_722' title='bbox 3136 5069 3327 5124; x_wconf 84' lang='lat' dir='ltr'><strong>hostes</strong></span> <span class='ocrx_word' id='word_1_723' title='bbox 3363 5067 3469 5122; x_wconf 90' lang='lat' dir='ltr'><strong>ctsi</strong></span> <span class='ocrx_word' id='word_1_724' title='bbox 3510 5083 3644 5119; x_wconf 85' lang='lat' dir='ltr'><strong>con—</strong></span> 
     </span>
    </p>
   </div>
   <div class='ocr_carea' id='block_1_102' title="bbox 2061 5160 3647 5232">
    <p class='ocr_par' dir='ltr' id='par_1_102' title="bbox 2061 5160 3647 5232">
     <span class='ocr_line' id='line_1_103' title="bbox 2061 5160 3647 5232; baseline -0.009 -5"><span class='ocrx_word' id='word_1_725' title='bbox 2061 5182 2146 5227; x_wconf 86' lang='lat' dir='ltr'><strong>tra</strong></span> <span class='ocrx_word' id='word_1_726' title='bbox 2199 5187 2300 5226; x_wconf 90' lang='lat' dir='ltr'><strong>nos</strong></span> <span class='ocrx_word' id='word_1_727' title='bbox 2361 5165 2786 5231; x_wconf 80' lang='lat' dir='ltr'><strong>iusurrexerint,</strong></span> <span class='ocrx_word' id='word_1_728' title='bbox 2865 5164 3115 5232; x_wconf 87' lang='lat' dir='ltr'><strong>reprimit</strong></span> <span class='ocrx_word' id='word_1_729' title='bbox 3173 5180 3184 5215; x_wconf 91' lang='lat'><strong>:</strong></span> <span class='ocrx_word' id='word_1_730' title='bbox 3235 5175 3298 5214; x_wconf 89' lang='lat' dir='ltr'><strong>ea</strong></span> <span class='ocrx_word' id='word_1_731' title='bbox 3355 5175 3482 5214; x_wconf 88' lang='lat' dir='ltr'><strong>vero</strong></span> <span class='ocrx_word' id='word_1_732' title='bbox 3547 5160 3647 5214; x_wconf 76' lang='lat' dir='ltr'><strong>sult</strong></span> 
     </span>
    </p>
   </div>
   <div class='ocr_carea' id='block_1_103' title="bbox 2067 5255 3645 5338">
    <p class='ocr_par' dir='ltr' id='par_1_103' title="bbox 2067 5255 3645 5338">
     <span class='ocr_line' id='line_1_104' title="bbox 2067 5255 3645 5338; baseline -0.008 -17"><span class='ocrx_word' id='word_1_733' title='bbox 2067 5268 2313 5338; x_wconf 88' lang='lat' dir='ltr'><strong>ipsorum</strong></span> <span class='ocrx_word' id='word_1_734' title='bbox 2364 5279 2590 5319; x_wconf 86' lang='lat' dir='ltr'><strong>manum</strong></span> <span class='ocrx_word' id='word_1_735' title='bbox 2635 5260 2826 5315; x_wconf 90' lang='lat' dir='ltr'><strong>mittit.</strong></span> <span class='ocrx_word' id='word_1_736' title='bbox 2877 5259 3062 5324; x_wconf 79' lang='lat' dir='ltr'><strong>Quare</strong></span> <span class='ocrx_word' id='word_1_737' title='bbox 3090 5257 3254 5312; x_wconf 86' lang='lat' dir='ltr'><strong>divus</strong></span> <span class='ocrx_word' id='word_1_738' title='bbox 3303 5255 3511 5310; x_wconf 83' lang='lat' dir='ltr'><strong>Paulus</strong></span> <span class='ocrx_word' id='word_1_739' title='bbox 3537 5269 3645 5308; x_wconf 89' lang='lat' dir='ltr'><strong>non</strong></span> 
     </span>
    </p>
   </div>
   <div class='ocr_carea' id='block_1_104' title="bbox 2064 5348 3643 5433">
    <p class='ocr_par' dir='ltr' id='par_1_104' title="bbox 2064 5348 3643 5433">
     <span class='ocr_line' id='line_1_105' title="bbox 2064 5348 3643 5433; baseline -0.008 -16"><span class='ocrx_word' id='word_1_740' title='bbox 2064 5362 2290 5432; x_wconf 84' lang='lat' dir='ltr'><strong>indigne</strong></span> <span class='ocrx_word' id='word_1_741' title='bbox 2317 5357 2396 5413; x_wconf 73' lang='grc' dir='ltr'>ἐχ</span> <span class='ocrx_word' id='word_1_742' title='bbox 2430 5358 2518 5412; x_wconf 87' lang='lat' dir='ltr'><strong>his</strong></span> <span class='ocrx_word' id='word_1_743' title='bbox 2572 5352 2878 5424; x_wconf 82' lang='lat' dir='ltr'><strong>Scriptnris</strong></span> <span class='ocrx_word' id='word_1_744' title='bbox 2920 5349 3158 5421; x_wconf 90' lang='lat' dir='ltr'><strong>plurima</strong></span> <span class='ocrx_word' id='word_1_745' title='bbox 3203 5351 3341 5404; x_wconf 87' lang='lat' dir='ltr'><strong>citat</strong></span> <span class='ocrx_word' id='word_1_746' title='bbox 3366 5348 3643 5433; x_wconf 73' lang='lat' dir='ltr'><strong>exetupla.</strong></span> 
     </span>
    </p>
   </div>
   <div class='ocr_carea' id='block_1_105' title="bbox 2063 5439 3642 5525">
    <p class='ocr_par' dir='ltr' id='par_1_105' title="bbox 2063 5439 3642 5525">
     <span class='ocr_line' id='line_1_106' title="bbox 2063 5439 3642 5525; baseline -0.013 -12"><span class='ocrx_word' id='word_1_747' title='bbox 2063 5457 2197 5525; x_wconf 73' lang='lat' dir='ltr'><strong>Qua:</strong></span> <span class='ocrx_word' id='word_1_748' title='bbox 2235 5454 2417 5524; x_wconf 88' lang='lat' dir='ltr'><strong>qualia</strong></span> <span class='ocrx_word' id='word_1_749' title='bbox 2467 5451 2577 5506; x_wconf 91' lang='lat' dir='ltr'><strong>sint</strong></span> <span class='ocrx_word' id='word_1_750' title='bbox 2612 5464 2734 5520; x_wconf 70' lang='lat' dir='ltr'><strong>quae</strong></span> <span class='ocrx_word' id='word_1_751' title='bbox 2765 5447 2832 5503; x_wconf 93' lang='lat' dir='ltr'><strong>de</strong></span> <span class='ocrx_word' id='word_1_752' title='bbox 2861 5445 3139 5509; x_wconf 83' lang='lat' dir='ltr'><strong>Gedeone,</strong></span> <span class='ocrx_word' id='word_1_753' title='bbox 3190 5443 3259 5497; x_wconf 90' lang='lat' dir='ltr'><strong>de</strong></span> <span class='ocrx_word' id='word_1_754' title='bbox 3303 5441 3545 5506; x_wconf 87' lang='lat' dir='ltr'><strong>Barach,</strong></span> <span class='ocrx_word' id='word_1_755' title='bbox 3579 5439 3642 5500; x_wconf 61' lang='lat' dir='ltr'><strong>de</strong></span> 
     </span>
    </p>
   </div>
   <div class='ocr_carea' id='block_1_106' title="bbox 2065 5534 3641 5622">
    <p class='ocr_par' dir='ltr' id='par_1_106' title="bbox 2065 5534 3641 5622">
     <span class='ocr_line' id='line_1_107' title="bbox 2065 5534 3641 5622; baseline -0.014 -13"><span class='ocrx_word' id='word_1_756' title='bbox 2065 5551 2392 5622; x_wconf 87' lang='lat' dir='ltr'><strong>Sampsone,</strong></span> <span class='ocrx_word' id='word_1_757' title='bbox 2441 5545 2638 5615; x_wconf 82' lang='lat' dir='ltr'><strong>.lcphte</strong></span> <span class='ocrx_word' id='word_1_758' title='bbox 2687 5550 2740 5597; x_wconf 91' lang='lat' dir='ltr'><strong>et</strong></span> <span class='ocrx_word' id='word_1_759' title='bbox 2802 5541 2924 5596; x_wconf 88' lang='lat' dir='ltr'><strong>aliis</strong></span> <span class='ocrx_word' id='word_1_760' title='bbox 2959 5540 3053 5609; x_wconf 89' lang='lat' dir='ltr'><strong>qui</strong></span> <span class='ocrx_word' id='word_1_761' title='bbox 3100 5536 3454 5593; x_wconf 72' lang='lat' dir='ltr'><strong>litleivirtute</strong></span> <span class='ocrx_word' id='word_1_762' title='bbox 3491 5534 3641 5590; x_wconf 70' lang='lat' dir='ltr'><strong>devie</strong></span> 
     </span>
    </p>
   </div>
   <div class='ocr_carea' id='block_1_107' title="bbox 2066 5629 3629 5712">
    <p class='ocr_par' dir='ltr' id='par_1_107' title="bbox 2066 5629 3629 5712">
     <span class='ocr_line' id='line_1_108' title="bbox 2066 5629 3629 5712; baseline -0.012 -12"><span class='ocrx_word' id='word_1_763' title='bbox 2066 5653 2263 5702; x_wconf 86' lang='lat' dir='ltr'><strong>eerunt</strong></span> <span class='ocrx_word' id='word_1_764' title='bbox 2305 5659 2458 5712; x_wconf 73' lang='lat' dir='ltr'><strong>regtu.</strong></span> <span class='ocrx_word' id='word_1_765' title='bbox 2504 5633 3088 5702; x_wconf 69' lang='lat' dir='ltr'><strong>commemorantur”,</strong></span> <span class='ocrx_word' id='word_1_766' title='bbox 3118 5633 3165 5690; x_wconf 89' lang='lat' dir='ltr'><strong>si</strong></span> <span class='ocrx_word' id='word_1_767' title='bbox 3201 5644 3493 5688; x_wconf 82' lang='lat' dir='ltr'><strong>recensere</strong></span> <span class='ocrx_word' id='word_1_768' title='bbox 3532 5629 3629 5683; x_wconf 71' lang='lat' dir='ltr'><strong>vel</strong></span> 
     </span>
    </p>
   </div>
   <div class='ocr_carea' id='block_1_108' title="bbox 2070 5731 2878 5810">
    <p class='ocr_par' dir='ltr' id='par_1_108' title="bbox 2070 5731 2878 5810">
     <span class='ocr_line' id='line_1_109' title="bbox 2070 5731 2878 5810; baseline -0.021 -8"><span class='ocrx_word' id='word_1_769' title='bbox 2070 5748 2197 5810; x_wconf 86' lang='lat' dir='ltr'><strong>lem,</strong></span> <span class='ocrx_word' id='word_1_770' title='bbox 2231 5750 2445 5810; x_wconf 87' lang='lat' dir='ltr'><strong>tempus</strong></span> <span class='ocrx_word' id='word_1_771' title='bbox 2473 5751 2560 5791; x_wconf 89' lang='lat' dir='ltr'><strong>tne</strong></span> <span class='ocrx_word' id='word_1_772' title='bbox 2599 5731 2878 5788; x_wconf 86' lang='lat' dir='ltr'><strong>delicerct.</strong></span> 
     </span>
    </p>
   </div>
  </div>
