4272 6446
324 385 455 449 10ίῦ

1399 386 1929 449 CUMMENTARII
1974 384 2054 443 IN
2094 385 2181 443 JU
2196 384 2426 442 DICES.

3408 375 3536 436 10ίῦ

322 515 341 545 ι
370 496 450 547 Τὰ
485 498 661 550 πάντα
704 498 1087 568 καταλήψομαι
1139 504 1202 567 τῂ
1242 499 1380 567 lupi
1416 515 1517 566 μου
1546 497 1619 557 ὡς
1646 494 1887 553 νοσσιὰν,
1918 498 1961 552 Α
1994 489 2009 543 i

1849 512 1887 553 ι,
1918 498 1961 552 Α
1994 489 2095 545 icrt
2126 507 2292 560 super
2341 503 2558 543 omnem
2616 487 2779 541 Deum
2811 498 2869 547 "',
2910 495 2961 536 vt
2999 484 3118 551 ejus
3149 483 3374 537 cultum.
3414 485 3536 549 qui-

320 588 411 637 καὶ
463 587 537 648 ώς
584 588 1053 657 καταλελειμμένα
1105 589 1203 639 ibi.
1237 588 1375 655 ἀρῶ.
1408 607 1426 636 ι
1464 587 1558 639 Ὃν
1591 587 1619 636 ὁ
1647 580 1885 651 Χριστὸς

317 676 645 746 ὲ-ξενεύρισε,
672 680 853 731 πᾶσαν
895 680 1008 731 ὁδὸν
1057 679 1217 731 αὑτοῦ
1251 680 1343 731 καὶ
1369 677 1566 747 πρᾶξιν
1596 672 1882 744 περιελὼν,

316 769 462 836 ἄκρα.
507 768 705 839 χειρῶν
751 768 915 822 αὑτοῦ
967 771 1059 822 καὶ
1091 768 1269 821 ποδῶν
1315 766 1631 832 ἀποκόψας⁸
1688 765 1783 817 καὶ
1824 763 1885 815 τὸ

319 858 667 928 ἀνταπόδομα
691 857 857 912 αὐτοῦ
890 859 1221 928 ἀνταπεδόθη
1249 856 1414 923 αὐτῷ.

404 1110 839 1179 Ἑϐδομήκοντα
871 1111 1153 1175 βασιλεῖς
1203 1111 1273 1163 τὰ
1323 1113 1474 1179 ἂκρα
1529 1110 1642 1163 τῶν
1676 1112 1887 1179 χειρῶν

320 1200 520 1253 αὐτῶν
552 1204 646 1254 καί
677 1202 749 1255 τὰ
787 1202 938 1269 ἄκρα
961 1202 1078 1255 τῶν
1103 1200 1303 1254 ποδῶν
1330 1201 1527 1255 αὐτῶν
1558 1203 1888 1272 ἀποκεκομ-

317 1291 510 1359 μένοι,
541 1287 703 1361 ἦσαν
741 1294 1149 1361 συλλέγοντες
1195 1294 1267 1346 τὰ
1298 1292 1575 1347 ὑποκάτω
1606 1293 1715 1360 τῆς
1751 1311 1885 1361 τρα-

323 1381 501 1448 πέζῇς
545 1401 684 1450 μου.
711 1385 967 1452 ’Λνδρας,
999 1385 1186 1454 φησιν,
1214 1385 1434 1454 ἀρεταῖς
1460 1384 1886 1455 διαπρέψαντας,

322 1471 416 1533 οὓς
459 1471 687 1541 ὕστερον
737 1472 1050 1542 ἐζώγρησεν
1094 1475 1121 1525 ὁ
1151 1473 1394 1535 διάϐολος
1442 1473 1541 1535 τὰς
1576 1473 1717 1526 κατά
1758 1473 1891 1525 Θεδν

320 1562 470 1621 ὁδοὺς
501 1563 593 1614 καὶ
621 1563 848 1632 πράξεις
880 1564 1190 1633 περιτεμὼν
1211 1604 1225 1626 ,
1253 1566 1348 1616 καὶ
1376 1564 1543 1631 ψευδῆ
1573 1564 1771 1631 γνῶσιν
1798 1565 1891 1616 αὐ-

322 1653 433 1713 τοῖς
471 1652 747 1721 ἐμϐαλὼν,
775 1656 837 1706 ἐκ
862 1654 961 1723 τῆς
998 1655 1134 1717 ἰδίας
1164 1656 1369 1723 τροφῆς
1394 1655 1461 1707 τὰ
1489 1655 1680 1724 εὐτελῆ
1712 1673 1887 1725 παρα-

326 1742 470 1810 σχὼν
523 1745 960 1815 περισσεύματα.
994 1745 1101 1809 Οῦς
1147 1748 1239 1799 καὶ
1270 1746 1311 1799 o'
1353 1763 1548 1816 φησιν,
1580 1747 1656 1809 ὡς
1707 1746 1891 1808 κακῶς

322 1833 433 1886 ἀπὸ
461 1833 569 1886 τῶν
610 1836 860 1905 πράξεων
895 1838 1004 1889 τῶν
1052 1837 1271 1905 ἀγαθῶν
1319 1838 1769 1902 σαϐϐατίσαντας,
1819 1839 1891 1899 ώς
1924 1827 1964 1880 Β

326 1925 463 1992 πρὸς
500 1927 697 1989 αὐτοὺς
727 1927 979 1995 λέγεσθαι
1011 1930 1107 1999 τὴν
1142 1928 1360 1981 Ἡσαΐου
1405 1930 1589 1998 φωνὴν
1631 1931 1692 1980 ὲκ
1720 1927 1850 1981 Θεοῦ
1881 1945 1893 1956 ’

333 2033 351 2064 ι
382 2013 464 2067 Τὰ
497 2016 749 2069 Σάϐϐατα
778 2018 929 2087 ὑμῶν
970 2020 1118 2085 μισεῖ
1144 2020 1175 2087 ἡ
1204 2019 1349 2088 ψυχή
1391 2036 1514 2088 μου.
1548 2037 1564 2068 ι
1599 2018 1705 2070 Καὶ
1735 2018 1893 2080 αὐτὸς

323 2103 380 2157 δὲ
411 2105 598 2157 λοιπὸν
633 2107 988 2170 ’Λδωνιζεϐὲκ
1007 2108 1501 2179 ἀκρωτηριασθεὶς,
1536 2110 1594 2161 ἐν
1625 2108 1891 2179 Ἰερουσα-

322 2196 436 2265 λὴμ
467 2199 928 2269 ἀποθνήσκει.”Ως
960 2202 1067 2271 γὰρ
1099 2201 1163 2272 ζῇ
1199 2203 1431 2271 Χριστὸς
1464 2202 1521 2254 ὲν
1554 2203 1750 2270 Παύλῳ
1798 2203 1891 2254 καὶ

321 2289 437 2350 τοῖς
467 2291 587 2340 κατ’
610 2290 801 2354 αὑτὸν,
834 2290 973 2343 οὕτω
1020 2290 1273 2359 θνήσκειν
1304 2294 1361 2344 ὲν
1390 2292 1571 2355 αὐτοῖς
1598 2293 1626 2345 ὁ
1650 2292 1891 2354 διάϐολος

322 2379 564 2447 λέγεται.
602 2383 664 2434 Οἳ
697 2384 788 2436 καί
814 2400 963 2451 φασι,
1003 2401 1021 2434 ι
1058 2386 1231 2454 Χάρις
1264 2386 1320 2438 δὲ
1346 2386 1424 2455 τῷ
1454 2385 1572 2454 θεῷ
1594 2386 1671 2454 τῷ
1698 2385 1890 2438 διδόντι

321 2472 383 2523 si)
431 2473 579 2536 νῖκος
632 2475 764 2544 ἡμῖν
808 2475 895 2528 διά
942 2475 1035 2528 τοῦ
1078 2477 1280 2547 Κυρίου
1333 2478 1488 2549 ἡμῶν
1536 2478 1707 2547 Ἰησοῦ
1756 2479 1890 2549 Χρι-

325 2579 532 2617 στου.»

1986 594 2092 647 quc
2124 579 2257 632 dicit
2295 599 2306 632 :
2348 596 2367 628 ι
2402 577 2600 632 Omnia
2627 592 2788 630 manu
2833 589 2949 627 mea
2994 571 3326 641 prehendam
3354 587 3542 639 quem-

1987 670 2277 723 admodum
2339 668 2568 737 pullum,
2600 676 2652 721 ct
2676 675 2933 734 tanquam
2989 679 3086 716 ova
3138 662 3397 716 derelicta
3442 677 3538 713 au-

1986 760 2155 815 feram
2182 760 2224 789 ⁶⁷
2259 759 2281 811 ?
2322 777 2339 809 ι
2399 758 2570 823 Quem
2623 756 2904 811 enervavit
2957 754 3234 817 Christus,
3266 766 3543 820 omneque

1986 850 2106 919 ejus
2140 852 2244 903 iter
2297 852 2654 916 actionesque
2716 849 3028 917 interrupit,
3077 861 3140 899 ac
3191 859 3437 899 summos
3466 843 3551 915 di-_

1987 942 2127 1011 gitos
2182 956 2443 995 manuum
2483 956 2547 994 ac
2582 941 2775 1009 pedum
2842 940 3095 992 abscidit.
3165 936 3355 1004 Itaque
3398 934 3543 1004 quod

1988 1034 2110 1086 aliis
2141 1033 2345 1088 inferre
2374 1033 2594 1094 solitus,
2631 1030 2680 1083 id
2716 1031 2891 1099 ipsum
2945 1031 3017 1082 illi
3057 1040 3279 1083 econtra
3314 1027 3515 1081 evenit.

2060 1122 2405 1192 Septuaginta
2449 1139 2590 1192 reges
2636 1121 2923 1187 amputatis
2977 1121 3232 1185 supremis
3294 1132 3547 1170 "mnuum

1987 1229 2048 1265 ac
2070 1213 2257 1280 pedum
2280 1213 2460 1282 digitis
2487 1212 2803 1279 collegerunt
2841 1210 2932 1262 sub
2962 1225 3137 1261 mensa
3188 1224 3319 1260 mea.
3353 1206 3394 1276 ||
3415 1246 3428 1267 ,
3462 1205 3536 1274 7i.

1992 1300 2172 1365 Viros,
2208 1302 2405 1370 inquit,
2455 1300 2755 1354 virtutibus
2801 1300 2986 1353 claros
3029 1298 3320 1353 itineribus
3347 1296 3547 1349 divinis

1991 1396 2413 1462 actionibusque
2444 1392 2803 1460 interceptos,
2834 1407 2897 1445 ac
2927 1390 3061 1443 falsa
3099 1388 3414 1458 cognitione
3443 1388 3540 1441 im-

1993 1487 2154 1539 butos
2174 1485 2426 1539 diabolus
2454 1483 2833 1545 circumvenit,
2855 1498 2915 1535 ac
2942 1482 3031 1535 vili
3055 1480 3137 1535 sui
3163 1482 3338 1534 victu."-
3363 1479 3545 1532 alium-

1993 1577 2081 1630 nia
2123 1576 2386 1644 implevit.
2422 1573 2578 1639 Quod
2609 1588 2737 1627 vero
2769 1572 3119 1641 septuaginta
3156 1570 3328 1624 fuisse
3352 1569 3543 1627 tradit,

1994 1669 2134 1723 male
2175 1682 2202 1719 a
2246 1666 2404 1721 bonis
2448 1665 2764 1719 actionibus
2808 1663 3033 1717 feriatos
3081 1674 3207 1716 esse
3248 1662 3447 1728 arguit,
3491 1669 3549 1710 ut

1994 1763 2061 1815 de
2099 1760 2231 1830 ipsis
2255 1775 2356 1815 vox
2386 1760 2478 1814 Dei
2505 1773 2600 1827 per
2635 1757 2828 1811 Isaiam
2878 1762 3032 1810 sonet
3066 1769 3078 1806 :
3120 1772 3135 1804 ι
3190 1752 3422 1806 Sabbata
3462 1767 3551 1804 ve~

1992 1859 2103 1905 stra
2165 1851 2280 1906 odit
2327 1852 2510 1905 anima
2561 1866 2677 1906 mea
2735 1850 2798 1904 ⁸⁸.
2855 1870 2872 1902 ι
2944 1849 3115 1904 Porro
3173 1850 3287 1916 ipse
3333 1863 3552 1916 quoque

1991 1944 2249 2013 deinceps
2280 1943 2626 1998 Adouizebcc
2678 1943 2973 2011 pollicibus
3024 1942 3306 1996 mutilatus
3329 1939 3551 1995 Jeroso-

1994 2035 2148 2102 lyma:
2176 2035 2431 2088 moritur.
2470 2034 2937 2099 Quemadmodum
2984 2034 3241 2089 Christus
3276 2034 3457 2088 vivere
3497 2034 3549 2088 iu

1998 2125 2189 2187 Paulo,
2224 2134 2278 2180 et
2328 2126 2383 2179 in
2424 2126 2551 2181 aliis
2604 2128 2720 2181 suis
2772 2127 3049 2191 membris,
3100 2126 3172 2179 ita
3216 2127 3355 2179 mori
3385 2126 3437 2179 in
3472 2126 3552 2180 eis

1997 2216 2248 2270 diabolus
2310 2215 2532 2270 dicitur.
2589 2217 2692 2281 Qui
2742 2233 2875 2270 sane
2920 2218 3103 2271 aiunt:
3151 2235 3167 2267 ι
3205 2216 3389 2269 Gratia
3425 2230 3555 2269 vero

1998 2304 2106 2359 Deo
2164 2307 2259 2376 qui
2317 2307 2476 2362 nobis
2509 2306 2739 2361 contulit
2788 2306 3071 2360 victoriam
3125 2320 3219 2375 per
3261 2304 3552 2359 Dominum

1998 2406 2247 2452 nostrum
2279 2395 2463 2453 Jcsum
2503 2396 2781 2454 Christum
2816 2399 2880 2450 δ’.
2918 2417 2934 2448 ι

397 2693 668 2751 Caeterum
697 2698 792 2753 lilii
822 2697 969 2753 Euac
1000 2700 1101 2753 viri
1140 2701 1443 2756 immodica:
1496 2703 1892 2772 magnitudinis
1925 2716 2103 2766 erant.
2142 2722 2377 2776 quorum
2418 2723 2567 2770 ossa,
2608 2715 2665 2759 ut
2702 2706 2972 2775 Iosephus
3006 2704 3166 2760 testis
3195 2710 3300 2765 est,
3327 2716 3424 2770 pro
3459 2706 3561 2760 mi—

326 2784 520 2839 raculo
554 2786 854 2841 etiamnum
888 2790 1334 2858 conspiciuntur.

398 2894 508 2948 Kal
544 2893 759 2961 δώσεις
788 2914 890 2965 μοι
921 2899 1223 2964 λύτρωσιν
1248 2898 1487 2965 ὕδατος.
1528 2897 1697 2952 Τοῦτο
1729 2901 1897 2970 πρόσ-

328 3001 509 3038 κειται
559 2987 672 3048 τοῖς
722 2987 781 3039 ὲν
816 2986 991 3055 Ἰησοῦ
1030 2987 1372 3058 λελεγμένοις
1417 2990 1547 3059 περὶ
1578 2990 1765 3060 αὐτῆς,
1798 2992 1897 3059 έμ-

329 3078 518 3144 φαῖνον
566 3075 664 3146 τὴν
693 3076 781 3129 διὰ
818 3078 911 3129 τοῦ
946 3079 1104 3145 ἁγίου
1140 3079 1513 3148 βαπτίσματος
1544 3080 1756 3148 ἄφεσιν,
1790 3080 1899 3133 τῶν

328 3186 387 3222 τε
413 3170 512 3238 τῆς
547 3169 926 3238 ὑπερηφανίας
954 3170 1265 3240 ὑψωμάτων
1291 3171 1386 3223 καὶ
1416 3168 1513 3223 τοῦ
1536 3171 1900 3239 ἐπαιρομένου

330 3263 471 3316 κατὰ
495 3263 595 3332 τῆς
624 3263 877 3330 γνώσεως
904 3263 998 3316 τοῦ
1025 3262 1185 3326 Θεοῦ,
1216 3263 1311 3318 καὶ
1339 3263 1448 3316 τῶν
1476 3257 1748 3318 ταπεινῶν
1775 3280 1901 3333 νοη-

2080 2902 2145 2955 Et
2174 2904 2328 2957 dabis
2359 2904 2488 2956 mihi
2520 2901 2920 2969 redemptionem
2942 2900 3175 2969 aqua”.
3202 2897 3313 2953 Hoc
3342 2900 3562 2954 enimin

2006 2995 2231 3050 historia
2251 2992 2416 3050 Josue
2443 3003 2528 3049 est
2541 2995 2587 3025 '°
2602 2994 2939 3062 adjunctum,
2956 3006 3019 3046 ac
3032 3006 3128 3062 per
3146 2999 3394 3047 sanctam
3416 2994 3566 3046 tinc-

2004 3083 2208 3139 tionem
2233 3098 2357 3138 cum
2383 3084 2632 3153 superbae
2662 3084 2933 3147 elationis,
2958 3090 3258 3152 contraque
3291 3082 3536 3151 cognitio
3555 3110 3568 3121 -

2006 3190 2130 3231 nem
2161 3175 2404 3231 divinam
2456 3174 2855 3236 insultationis,
2900 3174 3285 3228 remissionem
3318 3172 3566 3235 denotat,

2008 3274 2121 3319 tum
2178 3263 2513 3335 abjectarum
2559 3273 3017 3333 terrenarumque
3052 3262 3465 3331 cogitationum.
3498 3263 3568 3316 At

334 3354 524 3423 μάτων
550 3323 655 3407 ’καί
688 3323 933 3421 γεωδών.
952 3357 1010 3407 '0
1039 3354 1095 3407 δὲ
1125 3323 1424 3424 Σύμμαχος
1456 3354 1686 3417 ἐξέδωκε
1710 3393 1725 3417 ,
1754 3323 1906 3421 Κττῖ-
1932 3323 1974 3381 C
2010 3356 2021 3407 ί

1883 3383 1906 3394 -
1932 3323 1974 3381 C
2010 3355 2376 3426 Symmachus
2420 3356 2710 3424 exposuit,
2761 3356 3146 3421 possessionem
3202 3355 3255 3406 in
3286 3355 3570 3408 superiori-

332 3460 437 3498 σιν
463 3445 533 3498 ἐν
558 3445 958 3514 ὑψηλοτέροις
977 3448 1073 3499 καὶ
1100 3445 1318 3513 κτῆσιν
1345 3446 1417 3499 ἐν
1444 3446 1906 3514 ταπεινοτέροις,

332 3536 514 3605 δηλῶν
539 3539 734 3605 κτῆσιν
766 3538 1054 3607 νοημάτων
1090 3537 1439 3607 ὑψηλοτέρων
1461 3540 1527 3607 τῇ
1558 3537 1783 3607 θεωρίᾳ,
1818 3538 1913 3590 καὶ

332 3626 845 3697 ταπεινοφροσύνης
876 3628 975 3697 τῆς
1002 3628 1097 3681 τοῦ
1122 3628 1373 3681 διαϐόλου
1400 3629 1502 3697 τὴν
1533 3627 1912 3698 ὑπερηφανίαν

336 3720 762 3790 διαφευγούσης,
797 3720 855 3772 '0
901 3719 958 3772 δὲ
1003 3720 1233 3782 Ἀκύλας
1286 3720 1455 3791 φησὶ,
1502 3718 1622 3788 Τὴν
1671 3718 1913 3773 Γολλάθ

336 3810 455 3876 τὴν
486 3810 609 3863 ἀνω
662 3811 760 3863 καὶ
807 3810 921 3875 τὴν
972 3811 1215 3865 Γολλάθ
1254 3811 1368 3878 τὴν
1416 3810 1607 3873 κάτω,
1656 3810 1912 3879 κτήματα

338 3900 482 3953 οὓτω
506 3900 798 3968 λεγόμενα,
832 3900 978 3969 ἆπερ
1017 3900 1138 3952 ἀντὶ
1172 3899 1397 3970 προικὸς
1424 3899 1577 3967 ἠξίου
1612 3898 1764 3969 παρὰ
1804 3898 1912 3951 Χά-

335 3988 434 4041 λεϐ
466 3988 675 4042 λαϐεῖν.
697 3989 811 4059 Τῆς
840 3988 948 4059 γὰρ
973 3988 1224 4050 ἁλώσεως
1253 3987 1450 4055 Δαϐεὶρ
1486 3982 1647 4039 ἆθλον
1680 3982 1790 4054 εἶχε
1816 3988 1913 4056 τὴν

352 4080 572 4148 Ἀσχάν.
595 4079 886 4132 Ἦϐούλετο
918 4078 977 4131 δὲ
1010 4080 1103 4131 και⁵
1132 4080 1335 4148 προῖκα
1362 4076 1453 4130 τοῦ
1490 4076 1666 4146 γάμου
1708 4076 1909 4128 λαϐεῖν.

341 4172 454 4240 Τὴν
499 4173 610 4241 γὰρ
660 4173 816 4225 πόλιν
868 4173 1006 4242 μετά
1039 4174 1137 4239 τῆς
1168 4171 1424 4238 γυναικὸς
1452 4172 1727 4240 ἀριστεῖον
1757 4170 1913 4235 ἐκτήι

340 4280 494 4317 σατο.
525 4264 670 4332 Πλὴν
698 4261 759 4315 οὔ
787 4280 952 4332 φησιν
988 4265 1021 4332 ἡ
1052 4263 1245 4331 Γραφὴ
1279 4260 1485 4329 σαφῶς,
1513 4262 1594 4313 ὅτι
1632 4260 1731 4328 τὴν
1763 4260 1915 4313 πόλιν

342 4355 617 4426 παρέσχεν
655 4354 828 4425 αὐτῷ.

425 4448 528 4500 Ἐκ
552 4446 661 4511 τῆς
693 4447 927 4509 πόλεως
952 4442 1071 4497 τῶν
1093 4444 1438 4507 Φοινίκωνς,
1454 4425 1712 4512 Ἱεριχοῦς
1732 4458 1909 4512 φησιν.

353 4539 518 4609 Ἀράδ
563 4538 620 4590 δὲ
674 4537 831 4598 πόλις
880 4536 1225 4606 ’Δμορῤαίων
1273 4534 1658 4602 παρακειμένη
1689 4534 1754 4601 τῇ
1785 4533 1915 4601 ἐρή-

2012 3447 2129 3511 bus,
2157 3454 2206 3501 et
2239 3446 2624 3515 possessionem
2672 3446 2726 3498 in
2765 3444 3127 3512 inferioribus,
3158 3458 3221 3498 ac
3257 3444 3435 3497 innuit
3491 3443 3570 3496 fa—

2011 3540 2268 3593 cultatem
2303 3538 2546 3593 cmlestis
2603 3552 2666 3592 ac
2720 3537 2971 3591 sublimis
3020 3536 3391 3607 cogitationis,
3443 3537 3570 3589 item

2012 3626 2408 3681 humiliationis
2444 3642 2564 3694 quae
2603 3628 2801 3681 diaboli
2857 3628 3226 3694 arrogantiam
3276 3626 3437 3694 longe
3487 3641 3573 3680 re-

2015 3717 2209 3788 fugiat.
2270 3718 2465 3788 Aquila
2539 3732 2668 3772 vero
2731 3718 2805 3770 ait
2846 3736 2857 3768 :
2904 3715 3118 3769 Gallatlt
3167 3717 3487 3783 superiorem
3526 3731 3573 3769 es

2016 3810 2226 3865 Collatia
2272 3812 2599 3877 inferiorem,
2634 3809 2835 3879 przedia
2876 3808 2956 3861 sic
2990 3806 3300 3871 nominata,
3332 3822 3450 3873 quze
3478 3804 3575 3858 du-

2016 3904 2087 3958 tis
2115 3904 2235 3956 loco
2261 3917 2289 3955 a
2317 3902 2487 3957 Caleh
2522 3902 2784 3969 cupiebat
2812 3900 3085 3967 accipere.
3121 3896 3256 3949 Nam
3284 3897 3331 3950 ei
3356 3897 3447 3964 qui
3482 3896 3576 3950 Dc-

2017 3996 2101 4050 bir
2124 3995 2315 4050 urbem
2352 3995 2613 4063 cepisset,
2637 3995 2920 4062 pratmium
2958 3992 3175 4046 Aschan
3212 3989 3331 4042 ﬁlim
3373 4002 3575 4057 propo-

2015 4084 2181 4140 situm
2209 4092 2348 4140 erat.
2385 4083 2571 4138 Voluit
2604 4086 2789 4153 itaque
2825 4084 3010 4137 dotem
3068 4096 3286 4151 quoque
3317 4096 3442 4135 eum
3474 4098 3578 4134 nu-

2016 4183 2106 4244 pta
2139 4175 2361 4231 haberc.
2397 4174 2579 4241 Quare
2616 4177 2804 4230 urbem
2842 4175 3051 4243 prmmii
3101 4174 3220 4227 vice
3253 4188 3376 4227 cum
3409 4188 3578 4226 uxore

2017 4266 2374 4336 comparavit.
2406 4264 2665 4330 Quamvis
2698 4280 2805 4318 non
2864 4264 3067 4318 diserte
3106 4262 3273 4333 5.98
3313 4262 3579 4330 exprimat

2020 4358 2304 4427 Scriptura
2336 4358 2478 4426 quod
2517 4357 2705 4410 urbem
2739 4357 2787 4408 ei
2822 4355 3135 4424 praebuerit.

2088 4447 2172 4501 Ea:
2198 4449 2322 4501 urbe
2344 4448 2666 4516 palmarum.
2700 4445 2841 4517 [16.]
2876 4446 2949 4499 De
2974 4444 3192 4499 Jericho
3222 4445 3375 4508 dicit,
3408 4442 3578 4498 Porro

2024 4539 2164 4592 Atad
2198 4538 2331 4592 urbs
2349 4538 2789 4591 Amorrbmorum
2806 4545 2910 4598 est,
2939 4536 3116 4588 vicina
3146 4535 3364 4589 deserto
3381 4533 3576 4593 Gades.

343 4650 432 4700 μῳ
484 4629 691 4698 Κάδης,
747 4628 868 4697 ἥτις
918 4626 1040 4679 ἐστὶ
1072 4625 1273 4694 Φαράν.
1312 4624 1424 4677 Καὶ
1467 4624 1581 4676 ἔστι
1630 4623 1724 4675 νῦν
1755 4622 1912 4692 κώμη
1950 4630 2030 4701 nl

1893 4641 1912 4691 η
1950 4648 1992 4701 ι)
2022 4630 2125 4683 hoc
2152 4641 2235 4683 est
2284 4629 2521 4683 Pharan.
2578 4628 2687 4681 llac
2710 4634 2888 4680 autem
2943 4633 3267 4694 tempestate
3311 4626 3462 4680 vicus
3499 4636 3580 4681 est

339 4721 454 4775 ἀπὸ
485 4721 750 4787 τετάρτου
788 4719 1018 4788 σημείου
1052 4715 1384 4779 Μαλααθὼν,
1434 4715 1532 4784 τῆς
1581 4715 1637 4766 δὲ
1693 4713 1919 4782 Χεϐρὼν

342 4812 453 4867 ἀπὸ
487 4810 764 4865 εἰκοστοῦ.

413 4903 524 4972 Τῆς
556 4902 782 4972 Γραφῆς
811 4901 1098 4968 λεγούσης,
1128 4901 1203 4961 ώς
1227 4900 1326 4967 οὐχ
1356 4893 1500 4950 εἶλον
1535 4900 1586 4950 αἱ
1615 4897 1706 4950 τοῦ
1754 4897 1921 4950 Ἰούδα

340 4990 440 5044 καὶ
469 4990 562 5042 τοῦ
589 4989 815 5059 Συμεὼν
844 4989 1011 5057 φυλαὶ
1043 4988 1244 5051 Γάζαν,
1282 4986 1618 5053 Ἀσκάλωνα,
1655 4986 1913 5050 Ἄζωτον,

353 5082 663 5151 ’Λκκαρὼν,
716 5080 974 5149 Ἰώσηπος
1016 5081 1128 5149 (48)
1176 5079 1489 5133 ’Δσκάλωνα
1538 5080 1632 5132 καὶ
1677 5080 1917 5142 ’Ἄζωτον

341 5241 391 5273 ⁸⁸
423 5238 465 5293 ll
495 5238 694 5293 Thess.
725 5256 786 5301 ιι,
843 5242 894 5291 .¹ι.
951 5239 993 5268 ⁸⁷
1026 5237 1126 5291 lsa.
1168 5254 1221 5298 ι,
1272 5238 1354 5291 Η.

1421 5236 1466 5267 ’⁸⁸
1501 5235 1601 5287 Isa.
1638 5251 1673 5297 I,
1718 5237 1803 5293 l5.
1842 5238 1923 5288 Η.

2023 4720 2088 4771 ad
2129 4726 2382 4781 quartum
2416 4718 2646 4786 lapidem
2676 4730 2705 4769 a
2734 4715 3065 4782 Malaathon,
3100 4716 3167 4770 ab
3199 4714 3417 4770 Hebron
3452 4730 3580 4770 vero

2022 4809 2457 4865 ad.viecsimum.

2089 4900 2226 4952 Cum
2248 4913 2379 4954 vero
2398 4898 2679 4967 Scriptura
2704 4900 2868 4957 dicat,
2896 4899 3072 4954 tribus
3096 4896 3235 4953 Juda
3251 4907 3305 4953 et
3339 4896 3582 4960 Simeon,

2025 4991 2247 5056 tiazaiu,
2278 4991 2531 5054 Ascalon,
2569 4993 2838 5049 Accaron,
2901 4991 3130 5043 Azotum
3176 5003 3285 5043 non
3332 4990 3580 5059 cepisse:

2023 5077 2295 5146 Joscplius
2318 5078 2550 5133 Ascalon
2585 5087 2640 5133 et
2660 5079 2888 5133 Azotum
2926 5078 3141 5147 cepisse
3175 5078 3389 5133 asserit.
3413 5075 3584 5131 Ctete-

2037 5240 2079 5265 ⁸³
2112 5236 2127 5287 1
2161 5237 2288 5290 Cor.
2329 5254 2417 5297 xv,
2457 5237 2542 5289 57.
2588 5238 2633 5267 "“
2661 5234 2824 5289 Josue
2850 5252 2900 5299 v,
2938 5236 3023 5287 19.

1865 5366 2088 5422 ΝΟΤίΕ.

423 5486 534 5555 (48)
579 5486 719 5540 Ἡδὲ
764 5486 937 5539 Ἰούδα
994 5487 1135 5552 φυλὴ
1178 5486 1272 5537 καὶ
1336 5485 1774 5555 Συμεων“ις,ᾼτὰς
1825 5484 1922 5555 μεν

345 5552 493 5610 κατὰ
519 5552 621 5625 τὴν
651 5555 866 5623 ὀρεινὴν
887 5556 985 5620 τῆς
1014 5555 1322 5625 Χαναναίας
1369 5552 1554 5625 πόλεις
1603 5553 1766 5625 εἷλον,
1816 5552 1923 5625 τῶν

343 5628 392 5681 δ’
420 5628 478 5678 ἐν
505 5623 588 5695 τῷ
611 5625 781 5694 πεδίῳ
806 5626 900 5678 καὶ
935 5625 1069 5688 πρὸς
1094 5623 1346 5695 θαλάσση
1376 5623 1688 5695 ’Λσκάλωνά
1718 5639 1777 5695 τε
1833 5623 1922 5674 καὶ

349 5682 621 5757 ’Λζωτὸν.
652 5682 953 5762 Διοέρεύγει
980 5682 1025 5749 δ’
1051 5682 1249 5755 αὐτοὺς
1280 5682 1428 5757 Γάζα
1462 5694 1550 5746 καὶ
1604 5692 1904 5760 ’Λκκάρων.

352 5768 557 5821 Πεδίων
609 5767 713 5835 γὰρ
764 5766 964 5825 ὄντων,
1023 5765 1110 5818 2w".
1144 5764 1340 5837 πολλῆς
1365 5764 1617 5834 ἁρμάτων
1652 5762 1905 5825 εὐταξίας

2030 5483 2213 5545 κακῶς
2239 5488 2456 5535 εποιουν
2487 5500 2609 5542 τους
2633 5483 2972 5541 ὲπελθοντας.
3030 5480 3113 5532 Ἐν
3164 5480 3301 5547 βιϐλ.
3351 5481 3401 5534 5.
3461 5498 3581 5549 κεφ.

2029 5554 2082 5606 ‘2.
2148 5554 2281 5621 Περὶ
2319 5554 2563 5605 Ἰουόαικ.
2620 5552 2930 5621 ἀρχαιολογ,
2967 5550 3041 5601 Οὐ
3090 5552 3232 5602 πάνυ
3370 5550 3538 5621 σαφὲς
3562 5553 3589 5598 ὃ

2032 5623 2158 5691 περὶ
2191 5620 2284 5674 τοῦ
2325 5623 2587 5686 Ἰωσήπου
2633 5620 2796 5691 φησὶν
2826 5620 2855 5672 ὁ
2886 5620 3208 5691 Προκόπιοςτ
3262 5620 3350 5691 Ei
3377 5620 3451 5688 μὴ
3507 5625 3585 5677 τὸ,

2013 5689 2124 5745 nai-
2153 5692 2203 5743 δ’
2240 5693 2293 5743 ἐν
2340 5691 2414 5755 τῷ
2448 5691 2627 5747 πεδίου,
2675 5690 2787 5746 τῶν
2825 5692 2867 5742 τ’
2896 5691 2949 5741 ἒν
2981 5689 3053 5756 τῷ
3096 5689 3279 5755 πεδίῳ,
3332 5689 3395 5741 ἀν
3413 5705 3592 5756 αγνιιις

2014 5761 2157 5829 ατη;ἶν;
