4272 6446
745 387 866 443 Ill}?
2027 390 2376 449 PROCOPII
2417 393 2656 449 GAZASI

3847 374 3868 437 1
3880 372 3984 436 048

739 508 852 545 ~um
876 492 1074 544 Gazam
1126 503 1180 544 et
1229 495 1476 546 Accaron
1511 506 1565 547 ct
1619 506 1837 562 propter
1868 510 2208 564 camporum,
2243 506 2296 549 et
2328 504 2370 557 Α
2401 498 2426 564 ἡ

2328 504 2370 557 Α
2401 497 2669 564 ἡλωκέναι
2734 499 2890 564 φησὶ,
2959 493 3135 555 Γάζαν
3193 491 3250 544 δὲ
3309 489 3402 541 καὶ
3454 483 3739 555 ’Λκκαρὼν
3791 484 3880 538 διά
3922 500 3982 536 τε

735 600 995 640 curruum
1019 584 1384 652 frequentiam
1412 600 1520 638 non
1554 598 1839 656 ceperunt.

2403 589 2472 639 τὰ
2523 587 2681 640 πεδία
2729 586 2824 638 καὶ
2878 585 2938 636 τὸ
2996 583 3203 653 πλῆθος
3248 580 3359 632 τῶν
3403 578 3669 648 ἁρμάτων
3717 575 3817 627 οὐκ
3860 574 3984 627 ἔλα·

2407 675 2519 730 ὅον.

805 780 1106 833 Jebuswum
1135 796 1250 833 vero
1299 783 1387 847 qui
1419 779 1766 850 Jernsolymis
1791 783 2086 839 habitabat.
2115 784 2178 857 [1,
2200 786 2292 857 '21]
2330 785 2650 842 lnieriorcm
2677 783 2983 840 Jerusalem
3025 789 3243 852 captam
3284 793 3407 834 esse
3441 792 3606 848 supra
3636 775 3799 842 dixit,
3835 789 3983 828 nunc

738 883 867 924 vero
904 868 968 923 de
993 871 1279 938 superiore
1307 883 1371 921 ac
1427 880 1684 923 montana
1721 870 1873 924 dicit.

809 975 873 1028 In
907 984 1100 1027 terram
1133 974 1400 1028 Chettiim.
1433 976 1506 1030 De
1534 975 1714 1045 Cypro
1758 976 1913 1031 dicit.

807 1064 1094 1134 Mageddo.
1119 1064 1260 1136 [27.]
1303 1065 1431 1118 Eam
1456 1065 1626 1121 Josue
1653 1081 1776 1138 rege
1808 1068 1984 1137 ipsius
2014 1069 2305 1126 interfecto

738 1156 901 1223 cepit,
938 1157 1214 1226 cessitque
1263 1156 1510 1212 Manasse
1556 1158 1746 1223 tribui,
1775 1175 1939 1228 quam
1972 1176 2081 1216 non
2135 1178 2300 1218 occu-

740 1247 906 1314 pavit.
943 1244 1176 1299 Exlerus
1201 1247 1344 1300 enim
1389 1262 1495 1299 non
1531 1249 1752 1303 excisus
1792 1249 2010 1318 penitus
2050 1265 2173 1303 cum
2223 1251 2303 1304 in—

740 1337 1092 1402 surrexisset,
1122 1352 1240 1392 eam
1274 1353 1397 1391 cum
1426 1338 1550 1393 aliis
1589 1339 1786 1393 iterum
1839 1341 2003 1410 cepit.
2038 1340 2304 1396 Caeterum

742 1427 907 1483 Israel
939 1429 1154 1482 viribus
1175 1429 1525 1498 recuperatis
1554 1431 1852 1500 vectigales
1893 1445 1988 1487 eos
2013 1431 2164 1486 fecit.

811 1599 1152 1654 Habitutores
1201 1603 1400 1654 Anc/to.
1452 1600 1590 1673 [51.]
1644 1602 1717 1655 De
1779 1619 1844 1657 ea
1907 1620 2070 1674 quam
2140 1607 2301 1661 hodie

742 1693 1128 1746 Ptolemaident
1163 1702 1359 1745 vocant
1393 1693 1550 1746 dicit.

814 1781 925 1835 Nec
966 1782 1292 1835 habitatores
1355 1782 1483 1836 Dor.
1525 1782 1704 1839 Limes
1751 1785 1898 1840 enim
1934 1786 2048 1841 haec
2076 1787 2307 1843 duarqu

740 1873 978 1928 tribuum
1001 1883 1138 1927 erat.

809 1964 988 2033 Supra
1023 1963 1274 2018 Acrabin.
1307 1963 1461 2019 Mons
1484 1965 1570 2019 hie
1613 1964 1817 2024 Judaeae
1882 1983 2076 2024 versus
2130 1970 2310 2026 orien-

741 2066 846 2110 tem
877 2063 982 2110 est.

809 2150 848 2200 A
883 2158 1032 2215 petra
1054 2157 1303 2215 etsupra.
1340 2146 1427 2217 με,
1469 2147 1546 2218 1.]
1577 2147 1722 2204 Urbs
1745 2157 1828 2204 est
1857 2149 2097 2206 Idumaei.

812 2243 1040 2309 Angelus
1103 2242 1340 2294 Domini.
1382 2240 1530 2312 Euge
1579 2241 1672 2297 Dei
1739 2245 2155 2311 humanitatem,
2219 2249 2310 2316 qui

741 2341 1068 2402 peccatores
1101 2332 1575 2397 erudit,inﬁrtnos
1603 2335 1950 2401 consolatur,
1983 2345 2036 2391 et
2058 2335 2311 2392 Israelem

741 2425 805 2476 ad
840 2423 1099 2493 pietatem
1123 2422 1355 2477 reducit.

813 2513 880 2567 Et
913 2515 1121 2568 dimisit
1151 2513 1316 2569 Josue
1341 2516 1617 2582 populum,
1641 2525 1740 2571 etc.
1762 2516 1866 2588 [6.]
1896 2517 2171 2586 Repetitio
2206 2525 2310 2581 est,

743 2607 912 2660 multa
942 2615 1066 2675 post
1100 2616 1331 2661 mortem
1357 2606 1528 2663 Josue
1559 2608 1673 2678 jam
1710 2610 2010 2664 recensuit.
2043 2609 2314 2674 Quemad—

742 2696 966 2750 modum
998 2711 1061 2750 ea
1085 2711 1306 2766 quoque
1349 2698 1545 2767 repetit
1579 2714 1700 2767 qua:
1741 2698 2020 2754 defunctis
2044 2701 2148 2768 pie,
2177 2699 2312 2754 libe-

743 2787 932 2856 risque
987 2789 1230 2857 ipsorum
1281 2790 1465 2859 impiis
1517 2789 1665 2845 dicta
1706 2799 1857 2846 sunt.
1897 2791 1976 2844 Ad
2004 2806 2143 2860 quos
2184 2805 2317 2845 sane

743 2877 946 2932 missus
993 2887 1076 2933 est
1125 2880 1376 2948 angelus,
1412 2879 1505 2948 qui
1564 2895 1790 2934 causam
1835 2883 2120 2950 proposuit
2151 2896 2315 2950 quam

742 2973 814 3026 oh
838 2971 1026 3027 hostes
1067 2988 1199 3028 suos
1237 2988 1523 3043 superare
1565 2990 1673 3029 non
1701 2985 2018 3046 potuerunt.
2044 2975 2316 3041 Quoniam

743 3079 874 3118 vero
917 3072 1042 3134 post
1062 3063 1358 3118 adventum
1401 3065 1580 3135 angeli
1617 3065 2318 3135 ejularunt,judicesipsis

743 3157 1010 3211 excitavit
1042 3157 1330 3210 Dominus.
1402 3147 1408 3152 ’

2483 985 2584 1047 Εἰς
2613 980 2727 1051 γῆν
2757 980 3039 1047 Χεττιείμ.
3067 979 3181 1048 Τὴν
3208 976 3433 1045 Κύπρον
3462 975 3615 1042 φησί.

2487 1072 2605 1138 Τὴν
2649 1069 2953 1138 Μαγεδδώ.
3005 1070 3225 1137 Ταύτην
3248 1064 3394 1119 εἷλεν
3433 1063 3641 1134 Ἰησοῦς
3669 1065 3698 1115 6
3724 1061 3987 1114 ἀποκτεί-

2408 1177 2502 1223 νας
2530 1159 2702 1230 αὐτῆς
2728 1160 2819 1211 τὸν
2845 1158 3071 1229 βασιλέα
3092 1175 3105 1188 θ
3140 1156 3234 1211 καὶ
3263 1157 3455 1223 γέγονε
3479 1152 3653 1222 φυλῆς
3679 1149 3949 1216 Μανασσῆ
3970 1163 3984 1176 ο

2413 1253 2477 1320 ἦν
2532 1251 2591 1302 0'3
2643 1251 2930 1320 κατέσχεν.
2983 1251 3042 1302 '0
3089 1249 3196 1319 γὰρ
3261 1245 3563 1314 ἀλλόφυλος
3619 1243 3720 1295 οῦκ
3773 1239 3989 1308 ἐξαιρεο

2413 1344 2541 1406 θεὶς,
2576 1342 2871 1404 ὲπισυστάς
2917 1341 3078 1395 πάλιν
3129 1335 3277 1392 εἷλεν
3324 1338 3492 1404 αὐτὴν
3526 1337 3620 1388 καὶ
3667 1333 3768 1395 τὰς
3799 1331 3986 1391 ἄλλας.

2425 1430 2640 1502 Ἰσραὴλ
2660 1431 2715 1483 δὲ
2739 1432 2898 1484 πάλιν
2931 1430 3175 1500 ἰσχύσας,
3205 1427 3517 1497 ὑποφόρους
3547 1427 3771 1484 τούτους
3801 1419 3989 1490 εἰργά-

2418 1543 2567 1580 σατο.

2479 1621 2677 1691 Ἀγχὼ,
2701 1620 2799 1691 τὴν
2824 1617 2918 1672 νῦν
2944 1616 3286 1684 Πτολεμαΐδα
3314 1616 3494 1683 φησίν.

2491 1791 2644 1846 Οὑδέ
2681 1791 2819 1854 τοὺς
2863 1787 3291 1853 κατοικοῦντας
3341 1786 3480 1852 Δώρ.
3554 1781 3823 1851 Μεθόριον
3883 1779 3993 1848 γὰρ

2418 1880 2485 1954 ἦν
2520 1883 2661 1954 αὕτη
2698 1882 2807 1937 τῶν
2845 1881 2941 1934 δύο
2969 1874 3173 1947 φυλῶν.

2489 1973 2719 2026 Ἐπάνω
2767 1971 3066 2039 Ἀχραδίν.
3112 1970 3299 2039 Ὅριον
3345 1966 3504 2020 τοῦτο
3544 1965 3641 2036 τῆς
3683 1961 3993 2033 Ἰδουμαίας

2416 2065 2753 2119 ἀνατολικόν.
3047 2122 3050 2126 ,

2495 2155 2639 2209 Ἀπὸ
2657 2153 2766 2222 τῆς
2787 2152 3006 2220 πέτρας
3023 2151 3118 2205 καὶ
3131 2148 3349 2213 ἐπάνω,
3375 2147 3530 2210 πόλις
3555 2145 3648 2200 τοῦ
3664 2145 3794 2199 Ἰδου
3804 2143 3991 2212 μαίου.

2488 2248 2774 2314 Ἀγγελος
2804 2243 3043 2311 Κυρίου.
3086 2237 3225 2309 Εὖγε
3255 2239 3355 2308 τῆς
3389 2238 3483 2292 τοῦ
3515 2236 3650 2290 Θεοῦ
3683 2234 3992 2302 φιλανθρωο

2416 2339 2568 2401 πίας.
2642 2336 3081 2406 Ἀμαρτάνοντας
3145 2331 3426 2394 παιδεύει,
3493 2329 3585 2382 καὶ
3644 2324 3993 2393 ἀθυμοῦντας

2417 2428 2732 2500 παρακαλεῖ
2764 2427 2899 2497 πρὸς
2930 2424 3216 2478 εὐσέϐειαν
3240 2421 3591 2491 ἐπιστρέφων
3614 2418 3707 2471 τὸν
3749 2415 3995 2486 Ἰσραήλ.

2485 2521 2592 2574 Καὶ
2635 2518 3063 2583 ἐξαπέστειλεν
3099 2516 3340 2581 Ἰησοῦς
3389 2515 3496 2567 τὸν
3539 2513 3712 2566 λαόν.
3756 2507 3996 2562 Ἐπανά-

2416 2613 2595 2681 ληψις.
2643 2610 2819 2664 Πολλά
2848 2610 2956 2679 γὰρ
3006 2604 3159 2661 εἶπεν
3202 2607 3303 2676 ἤδη
3353 2606 3490 2677 μετά
3519 2604 3748 2658 θάνατον
3793 2599 3995 2669 Ἰησοῦ,

2415 2703 2490 2762 ὡς
2515 2702 2701 2753 καὶτὰ
2731 2702 2856 2767 ἑξῆς
2905 2699 3355 2769 ὲπαναλαμϐἀνει
3402 2696 3471 2749 τὰ
3522 2695 3651 2764 περὶ
3682 2693 3793 2745 τῶν
3839 2693 3996 2743 εὐσε-

2417 2793 2526 2857 ϐῶς
2549 2792 3035 2861 τετελευτηκότων,
3067 2791 3165 2843 καὶ
3207 2790 3316 2842 τῶν
3349 2789 3410 2854 ἐξ
3439 2787 3664 2840 ἐκείνων
3687 2785 3997 2854 ἀσεϐησάν-

2416 2902 2546 2949 των,
2586 2885 2724 2953 πρὸς
2772 2883 2867 2945 οὓς
2922 2887 3018 2937 καὶ
3061 2882 3342 2951 ἀπεστάλη
3390 2881 3418 2932 6
3453 2880 3703 2946 ἄγγελος.
3746 2879 3860 2946 Τὴν
3887 2876 4000 2948 γὰρ

2417 2977 2596 3030 αἰτίαν
2629 2975 2991 3045 παρενέϐαλε,
3023 2973 3092 3026 δι’
3121 2973 3190 3042 ἥν
3234 2969 3623 3041 περιγενέσθαι
3651 2968 3761 3022 τῶν
3781 2967 4001 3037 ἐχθρῶν

2417 3072 2478 3123 οὺ
2506 3068 2845 3138 δεδύνηνται.
2913 3066 3053 3120 Ἀλλ’
3096 3067 3219 3119 ἐπεὶ
3252 3064 3516 3128 ἐλθόντος,
3566 3063 3861 3124 ἔκλαυσαν,
3900 3059 4002 3112 τοῦ

2420 3160 2678 3228 ἀγγέλου,
2709 3160 2836 3221 τοὺς
2889 3158 3082 3228 κριτὰς
3110 3157 3292 3220 αὐτοῖς
3322 3158 3350 3209 ό
3393 3157 3594 3226 Κύριος
3624 3156 3868 3225 ἤγειρεν.
3887 3153 4003 3205 Ἐν-

2423 3250 2598 3305 ταῦθα
2627 3252 2734 3320 γὰρ
2757 3251 2790 3318 ἡ
2818 3249 2914 3318 τῆς
2941 3249 3150 3311 ἐννοίας
3183 3248 3464 3308 ἀπόδοσις.

813 3331 881 3385 Et
909 3331 1134 3384 tradidit
1173 3332 1226 3385 in
1281 3348 1469 3387 manus
1494 3348 1676 3386 eorum
1717 3335 1808 3402 qui
1845 3333 2176 3402 diripuerunt
2200 3351 2310 3388 eos.
2339 3349 2383 3408 ο
2488 3345 2500 3393 l

2339 3349 2383 3408 ο
2488 3343 2598 3394 Καὶ
2668 3339 3011 3408 παρέδωκεν
3067 3337 3291 3403 αὐτοὺς
3353 3339 3441 3402 εὶς
3504 3338 3708 3405 χεῖρας
3775 3328 4007 3402 προνοέ

746 3421 884 3494 [14.]
923 3422 1256 3479 Verberibus
1285 3426 1499 3480 enimet
1520 3427 1805 3481 laboribus
1835 3428 2018 3480 anima
2038 3428 2104 3480 ad
2150 3443 2319 3497 agno-

744 3515 1011 3569 scendum
1041 3513 1330 3568 Dominum
1365 3515 2134 3586 redigitur.Quemadmodum
2164 3518 2319 3574 Jere-

2415 3435 2723 3504 μευόντων
2743 3470 2756 3496 ,
2779 3431 2878 3485 καὶ
2904 3431 3472 3499 κατεπρονόμευσαν
3497 3427 3737 3492 αὐτούς.
3758 3426 4003 3495 Πληγαῖς

2420 3527 2529 3597 γὰρ
2561 3525 2658 3578 καὶ
2715 3524 2901 3585 πόνοις
2948 3523 2982 3593 ἡ
3025 3520 3173 3591 ψυχὴ
3199 3519 3540 3588 διορθοῦται,
3594 3519 3688 3571 τὸν
3718 3518 4002 3585 Δεσπότην

745 3609 884 3663 mias
925 3608 1141 3677 inquit:
1201 3626 1219 3659 ι
1255 3608 1563 3666 Laboribus
1624 3619 1677 3664 et
1736 3609 1976 3680 ﬂagellis
2033 3613 2324 3667 erndietur
2422 3619 2432 3670 l

2316 3627 2324 3642 '
2422 3615 2880 3684 ὲπιγινώσκουσα,
2911 3612 3055 3665 καθά
3085 3628 3253 3682 φησιν
3296 3610 3565 3681 Ἱερεμίας
3587 3627 3603 3641 ο
3647 3629 3665 3662 ι
3688 3610 3879 3671 Πόνοις
3907 3609 4003 3661 καὶ

747 3700 1049 3755 Jerusalem
1079 3701 1146 3753 ⁸³.
1188 3720 1206 3749 ι

813 3789 965 3859 Regis
986 3788 1176 3859 Syriar,
1214 3788 1632 3858 Mesopotamim.
1673 3791 2202 3864 JosephusAssyrite
2233 3810 2322 3850 re-

746 3896 866 3949 gem
916 3896 1038 3936 esse
1081 3882 1248 3935 tradit
1302 3882 1776 3938 Chusaretathon.
1835 3885 1932 3939 Sin
1966 3901 2095 3940 vero
2120 3887 2221 3942 hoc
2249 3888 2321 3942 ita

745 3983 851 4038 est,
885 3973 1060 4044 Syriae
1115 3989 1338 4043 quoque
1401 3973 1530 4028 fuit.
1561 3973 1758 4032 Totius
1800 3977 1947 4038 enim
1971 3978 2117 4034 Asia:
2147 3978 2321 4049 impc-

748 4067 894 4120 rium
929 4065 1144 4134 Assyrii
1180 4075 1500 4120 tenuerunt.

822 4160 889 4213 Et
912 4161 1272 4214 clamauerunt
1302 4160 1405 4228 ﬁlii
1437 4159 1611 4213 Israel
1636 4159 1706 4212 ad
1755 4161 2064 4216 Dominum.
2093 4159 2206 4232 μη,
2239 4161 2322 4234 9.]

749 4251 967 4306 Clamor
997 4251 1326 4306 hiclaudem
1382 4261 1648 4314 meretur,
1698 4254 1961 4322 quoniam
2008 4270 2074 4310 ex
2128 4255 2324 4324 resipi-

729 4346 961 4420 scentia
1002 4355 1086 4400 est
1132 4345 1434 4414 proiectus.
1463 4344 1539 4399 De
1597 4359 1703 4411 qua
1749 4343 1921 4399 David
1953 4360 2174 4415 quoque
2204 4346 2320 4400 ait:

755 4457 772 4487 ι
801 4436 1046 4503 Domine,
1081 4437 1315 4491 clamavi
1345 4437 1410 4490 ad
1432 4444 1505 4501 te,
1542 4437 1669 4490 audi
1697 4452 1784 4491 me
1817 4437 1887 4490 “.
1928 4457 1946 4489 ι
1978 4438 2152 4493 ltetn:
2190 4456 2208 4488 ι
2246 4437 2321 4492 Ex

752 4528 1042 4598 profundis
1073 4529 1308 4583 clamavi
1338 4528 1403 4583 ad
1439 4537 1513 4594 te,
1552 4528 1786 4583 Domine
1817 4529 1882 4583 ³³.
1915 4547 1932 4580 ι

818 4619 887 4673 Et
943 4621 1274 4689 conﬁrmavit
1352 4620 1612 4674 Dominus
1667 4621 1853 4690 Eglom
1905 4635 2078 4688 regem
2119 4618 2326 4673 Moabi-

2427 3706 2644 3778 μάστιξι
2677 3705 3036 3775 παιδευθήσῃ,
3075 3703 3452 3774 Ἰερουσαλήμ.
3484 3721 3503 3754 ι

2493 3797 2800 3861 Βασιλέως
2834 3797 3051 3862 Συρίας
3072 3795 3552 3864 Μεσοποταμίας.
3588 3793 3698 3864 (49)
3740 3793 4003 3861 Ἰώσηπος

2424 3889 2729 3960 Ἀσσυρίας
2760 3883 2902 3940 εἶναι
2933 3886 3156 3956 βασιλέα
3187 3889 3322 3956 φησὶ
3343 3888 3437 3941 τὸν
3453 3884 3918 3956 Χουσαρεταθώμ.
3944 3884 4006 3935 Et

2423 3981 2480 4033 δὲ
2520 3981 2695 4044 τοῦτο,
2724 3980 2820 4034 καί⁵
2851 3979 3072 4048 Συρίας.
3121 3979 3308 4049 Πάσης
3342 3982 3450 4052 γάρ
3485 3975 3652 4048 ἦρχον
3680 3977 3781 4044 τῆς
3817 3975 4004 4038 Ἀσίας

2439 4071 2737 4140 ’Λσσύριοι.

2497 4161 2604 4215 Kal
2633 4160 2964 4228 ἐκέκραξαν
3007 4165 3062 4215 ol
3107 4163 3222 4216 υἱοὶ
3267 4161 3520 4229 Ἰσραὴλ
3571 4160 3720 4227 πρὸς
3762 4161 4002 4228 Κύριον.

2427 4252 2538 4322 Τὴν
2569 4252 2815 4321 κραυγὴν
2844 4250 2943 4321 τὴν
2973 4252 3265 4322 ἐπαινετὴν
3293 4254 3393 4322 τὴν
3425 4251 3516 4304 ἐπὶ
3557 4250 3838 4320 μετανοίᾳ,
3878 4251 4006 4319 περὶ

2425 4337 2492 4413 ἦς
2522 4358 2656 4411 φησι
2701 4342 2796 4394 καὶ
2842 4341 3005 4394 Δαὸίδ
3033 4359 3044 4369 ·
3099 4363 3115 4394 ι
3142 4342 3315 4394 Κύριε
3341 4383 3355 4406 ,
3402 4340 3681 4412 ἐκέκραξα
3722 4341 3862 4411 πρὸς
3920 4341 4005 4402 σὲ,

2428 4432 2744 4488 είσάκουσόν
2780 4451 2900 4504 μου.
2928 4456 2945 4484 ο
2986 4433 3116 4500 Καὶ,
3159 4453 3176 4486 ι
3205 4431 3304 4486 Ἐοι
3337 4434 3547 4504 βαθέων
3595 4433 3872 4501 ἐκέκραξά
3900 4451 4008 4500 σοι,

2430 4523 2628 4592 Κύριε.
2673 4543 2693 4576 υ

2501 4615 2609 4668 Καὶ
2668 4615 3001 4684 ἐνίσχυσεν
3041 4619 3074 4669 ό
3123 4616 3269 4682 Θεὸς
3320 4617 3426 4669 τὸν
3463 4616 3699 4684 Αἱγλὼμ
3742 4616 4017 4678 ,βασιλέα

752 4723 950 4765 tarum.
1009 4687 1145 4782 ['14.]
1205 4712 1463 4768 Secessio
1505 4713 1651 4766 enim
1708 4687 1803 4773 Dei
1864 4687 2121 4767 hostibus
2185 4711 2329 4766 vires
2365 4687 2439 4758 θ.

2328 4687 2406 4756 .D
2436 4705 2631 4760 Μωὰϐ.
2699 4705 2762 4758 Ἦ
2812 4705 2921 4777 γὰρ
2971 4705 3030 4770 ἐξ
3072 4707 3286 4777 Ἰσραὴλ
3328 4706 3677 4778 ἀναχώρησις
3724 4706 3818 4759 τοῦ
3871 4707 4015 4763 Θεοῦ

755 4804 1145 4873 suppeditavit.

2436 4799 2550 4860 τοῖς
2581 4797 2860 4867 πολεμίοις
2895 4800 3159 4868 παρεῖχεν
3188 4797 3358 4867 ἰσχύν.

825 4913 938 4966 Αοτι
983 4914 1152 4981 [ilium
1178 4911 1336 4976 Gera,
1360 4914 1531 4981 ﬁlium
1557 4911 1779 4966 Jemini.
1810 4910 1927 4982 [15]
1953 4910 2188 4967 llonoris
2206 4912 2380 4982 gratia
2403 4908 2603 4965 Jemini
2630 4910 2834 4979 ipsum,
2855 4909 2958 4963 hoc
2979 4920 3083 4974 est,
3103 4910 3294 4964 dextra
3328 4922 3445 4964 mea
3473 4907 3788 4978 appellavit.
3810 4905 4018 4972 Quem-

756 4999 1052 5053 admodum
1109 5001 1282 5056 Clausi
1333 5017 1554 5071 quoque
1610 5015 1864 5055 summus
1912 4999 2134 5055 Davidis
2197 4999 2407 5055 sodalis
2454 4997 2548 5066 qui
2603 4997 2840 5053 consilia
2893 4996 3222 5066 Acltitophel
3261 4997 3482 5066 disjecit
3560 4993 3760 5050 Jennni
3805 5010 4020 5064 cogn"-

759 5096 943 5142 mento
1003 5097 1251 5142 vocatur.
1314 5089 1489 5142 Porro
1531 5087 1693 5142 Eliud
1728 5088 2078 5156 interpretari
2118 5088 2265 5151 licet,
2316 5086 2522 5141 dexter.
2575 5084 2680 5151 Qui
2753 5085 2922 5156 igitur
3002 5086 3358 5140 ambidcxter
3418 5100 3526 5138 non
3592 5082 3717 5156 fuit,
3747 5083 3842 5152 qui
3880 5084 4019 5137 nihil

759 5174 971 5228 sinistri
1021 5173 1231 5228 habuit.
1258 5175 1360 5240 Qui
1404 5184 1654 5230 servator
1693 5175 1824 5230 item
1864 5155 2048 5229 dictus
2077 5181 2186 5238 est,
2232 5189 2358 5229 cum
2387 5183 2536 5229 totus
2568 5172 2762 5229 dexter
2784 5155 2789 5156 γ
2812 5172 2906 5240 sit,
2939 5181 2994 5229 et
3035 5172 3183 5228 ﬁlius
3225 5172 3391 5238 Gera,
3418 5171 3579 5242 cujus
3611 5155 4018 5240 interpretatio,

762 5262 1238 5333 peregrinationem
1269 5279 1485 5316 cernens
1553 5271 1741 5318 sonat.

830 5394 936 5461 Qui
967 5396 1198 5464 regnavit
1229 5396 1279 5446 in
1321 5394 1520 5449 Ilazor.
1555 5393 1668 5465 μγ,
1725 5395 1779 5447 2.
1811 5394 1830 5465 ]
1868 5394 2050 5461 Quam
2074 5409 2208 5450 sane
2236 5410 2333 5451 so-

2520 5398 2623 5461 Ὃς
2649 5397 3052 5452 ἐϐασίλευσεν
3072 5395 3142 5450 ἐν
3185 5393 3389 5462 Ἀσὼρ.
3434 5393 3539 5447 Ἢν
3597 5389 3689 5444 καὶ
3729 5387 3896 5459 μόνην
3934 5387 4022 5441 ὲνο

825 5573 1268 5641 “Jcrcm.vn,7,
1308 5574 1359 5627 8.
1445 5573 1792 5640 l"l‘sal.cxt.,
1825 5574 1871 5630 1.
1939 5550 2342 5630 "i‘sal.cxxnx
2386 5575 2435 5627 1.

2289 5688 2426 5744 NOT
2434 5687 2519 5742 Ai.

844 5810 929 5879 49)
1010 5810 1093 5862 Ἐν
1150 5812 1214 5878 τῇ
1270 5807 1413 5860 κατὰ
1464 5806 1560 5876 τὴν
1605 5805 1772 5868 Ὀξον.
1830 5805 1925 5874 τῆς
1952 5802 2334 5875 Γραφ.ὲκόόσ.
2387 5798 2551 5852 οὕτω.
