4272 6446
311 367 447 432 104!)

1368 378 1904 439 CUMMENTARII
1939 382 2016 441 IN
2053 385 2391 445 JUDlCES.

3412 394 3544 458 1050

302 479 546 550 έπρησεν
601 483 828 552 Ἰησοῦς.
883 483 955 546 ὡς
983 485 1089 536 τὼν
1143 486 1344 538 λοιπῶν
1400 488 1959 558 προκαθεξομένηνΑ

1860 506 1887 541 ν
1916 503 1959 555 Α
1995 493 2098 546 lam
2135 494 2490 549 inﬂammavit
2521 495 2710 561 Josue,
2762 507 2949 567 utpote
2996 501 3086 567 qui
3142 500 3373 568 primum
3406 502 3546 556 inter

303 570 615 638 βασιλειῶν,
651 574 741 625 καὶ
771 574 1040 642 ἄρχουσαν
1071 577 1178 628 τῶν
1207 576 1538 645 ἀλλοφύλων.

1991 584 2200 652 reliqua
2236 587 2414 640 locum
2451 596 2682 650 teneret,
2715 599 2767 644 ct
2794 592 2999 646 exteris
3041 592 3403 660 imperitaret.

373 680 470 735 Est
496 697 626 772 vero
653 680 803 735 labis
835 682 976 735 ultra
1013 681 1312 738 Jordanem
1353 688 1550 756 posita.
1585 687 1740 741 Nunc
1766 703 1897 744 vero
1917 689 2072 748 vicus
2098 700 2180 747 est
2211 695 2278 749 ad
2319 695 2641 753 vicesimum
2670 699 2890 769 signum
2923 699 2952 753 ἐι
2986 700 3129 756 Pella
3159 701 3360 772 oppido
3377 703 3546 758 dissi-

303 779 424 825 tus:
466 771 533 823 ad
560 772 848 842 sexaginta
888 786 1021 826 vero
1059 774 1493 831 ascendentibus
1539 775 1823 831 Gerasam.

367 884 469 949 Είς
511 883 650 951 ὄρος
697 884 922 952 Βαθὼρ.
981 887 1142 956 Ὄρος
1206 887 1399 956 Βαθὼρ
1445 889 1503 940 ὲν
1553 891 1620 959 τῇ
1666 889 1875 942 πεδιάδι

304 976 480 1028 κεῖται
510 975 621 1028 ἀπὸ
649 977 890 1045 σημείων
917 983 946 1029 ι’
972 979 1394 1047 Διοκαισαρείας
1423 979 1562 1032 κατὰ
1587 981 1871 1042 ἀνατολάς.

307 1068 496 1137 Ὅριον
517 1066 574 1119 δὲ
611 1066 768 1119 τοῦτο
813 1068 986 1137 φυλῆς
1027 1067 1278 1140 Ἰσσάχαρ
1317 1073 1412 1123 καὶ
1452 1072 1623 1139 φυλῆς
1661 1073 1879 1140 Νεφθα-

307 1157 467 1225 λείμ·
503 1152 572 1228 ἦς
604 1153 672 1227 ἦν
701 1157 870 1221 Κεδὲς
899 1160 931 1228 ἡ
957 1159 1110 1222 πόλις
1135 1161 1383 1230 ίερατική
1411 1179 1469 1214 τε
1499 1163 1592 1215 καὶ
1616 1163 1880 1231 φυγαδευ-

305 1247 495 1317 τήριον
524 1247 622 1315 τῆς
658 1247 968 1311 Γαλιλαίας.

368 1340 473 1405 Ε’ίς
496 1338 739 1406 σκηνὴν
768 1339 928 1408 Ἰαὴλ
958 1341 1240 1408 γυναικὸς
1260 1343 1446 1409 Χαὸὲρ
1479 1343 1585 1396 τοῦ
1615 1344 1874 1399 Κιναίου.

305 1429 496 1499 Χάὄερ
525 1430 619 1483 τοῦ
655 1432 902 1484 Κιναίου.
951 1432 1154 1495 Υἱωνὸς
1198 1424 1354 1494 οὗτος
1395 1433 1579 1502 Ἰοθὼρ
1613 1433 1704 1485 τοῦ
1735 1451 1878 1504 γαμ-

303 1521 437 1592 ϐροῦ
488 1523 790 1586 Μωῦσέως.
849 1524 946 1584 ’ος
974 1525 1093 1575 ἐκεῖ
1131 1523 1323 1594 πρώην
1350 1525 1576 1591 διάγων,
1603 1525 1876 1594 θεασάμε-

303 1628 393 1674 νος
424 1611 519 1663 τοῦ
553 1613 790 1682 πολέμου
823 1611 918 1681 τὴν
948 1611 1154 1679 ἔφοδον,
1191 1614 1379 1683 πόρρω
1425 1629 1527 1664 που
1560 1613 1657 1681 τῆς
1699 1615 1878 1682 μάχης

302 1702 539 1769 ἐγένετο,
581 1705 676 1755 καὶ
717 1703 817 1774 τὴν
866 1705 1062 1756 ἑαυτοῦ
1108 1705 1313 1773 σκηνὴν
1367 1703 1533 1773 ἔπηξε
1570 1706 1703 1776 πρὸς
1749 1704 1878 1776 δρῦν

301 1792 736 1861 ἀναπαυομένων
775 1793 1007 1862 πλησίον
1035 1794 1134 1863 τῆς
1163 1793 1348 1856 Κεδές.
1453 1790 1455 1793 ’

370 1882 463 1950 Τῷ
490 1884 698 1954 Σισάρᾳ
721 1883 862 1953 ὕδωρ
895 1882 1133 1937 αίτοῦντι
1175 1885 1316 1952 γάλα
1342 1887 1670 1958 παρέσχετο,
1703 1887 1778 1950 ὡς
1810 1887 1878 1941 ἂν

298 1975 394 2026 καὶ
429 1975 630 2045 μᾶλλον
661 1976 735 2039 ὡς
761 1975 1024 2047 εὐνοούσῃ
1061 1977 1372 2030 πιστεύσειε
1398 1996 1412 2011 ·
1454 1979 1548 2034 καὶ
1578 1979 1878 2050 καθυγραν-

299 2066 438 2132 θεὶς,
475 2069 571 2120 καὶ
600 2069 712 2132 τοῖς
743 2069 1111 2140 περιϐολαίοις
1141 2069 1497 2139 θαλπόμενος,
1527 2071 1877 2143 κατενεχθείη

298 2159 437 2229 πρὸς
489 2159 675 2215 ὕπνον.
721 2161 1026 2234 Ἐθάρῤησε
1072 2162 1128 2215 δὲ
1173 2164 1272 2232 τὴν
1316 2165 1488 2235 ἀρχὴν
1549 2167 1668 2225 ταῖς
1748 2183 1879 2234 προ-

297 2251 647 2322 ὓπαρξάσαις
678 2253 934 2317 σπονδαῖς
961 2253 1108 2324 αὑτῷ
1133 2270 1192 2308 τε
1220 2256 1315 2308 καὶ
1345 2256 1527 2328 Χάὸερ
1555 2257 1646 2309 τοῦ
1667 2256 1870 2326 ταύτης

299 2341 517 2410 ἀνδρός.

373 2518 482 2572 Καὶ
519 2513 637 2589 ᾖσε
685 2519 950 2588 Δεϐϐώρα
998 2521 1098 2576 καὶ
1142 2524 1340 2592 Βαράκ
1394 2524 1524 2590 υίὸς
1573 2524 1882 2593 Ἀμϐινεὲμ

298 2607 370 2661 ἂν
397 2606 472 2676 τῇ
497 2609 687 2677 ἡμέρᾳ
713 2609 938 2679 ἐκείνη,
971 2613 1277 2682 λέγοντες.
1319 2614 1409 2666 Ἐν
1440 2617 1506 2684 τῇ
1534 2614 1652 2686 θείᾳ
1689 2615 1879 2686 Γραφῇ

298 2701 497 2771 πρώτη
526 2701 625 2771 μὲν
651 2701 764 2772 ᾠδὴ
801 2704 834 2772 ἡ
881 2704 940 2758 ὲν
978 2708 1042 2775 τῇ
1087 2705 1279 2775 Ἐξόδῳ
1301 2721 1314 2735 ’
1353 2707 1638 2776 ι’ᾼσωμεν
1665 2708 1742 2778 τῷ
1769 2712 1880 2763 Κυ-

305 2793 428 2864 ρίῳ,
465 2793 693 2859 ἐνδόξως
749 2793 860 2864 γὰρ
901 2793 1234 2861 δεδόξασται.
1279 2816 1297 2848 ι
1335 2798 1570 2866 Δευτέρα
1602 2800 1633 2867 ἠ
1664 2801 1721 2852 ἐν
1769 2803 1881 2862 τοῖς

314 2883 597 2953 Ἀριθμοῖς
644 2884 741 2937 ἐπὶ
767 2883 848 2956 τῷ
893 2887 1092 2957 φρέατι
1114 2903 1126 2916 ·
1159 2888 1318 2958 τρίτη
1348 2890 1409 2940 ἐν
1457 2887 1534 2959 τῷ
1556 2876 1884 2958 ’Δευτερονο-

302 2976 418 3046 μίῳ
442 2991 458 3006 ο
491 2995 510 3027 ι
537 2975 810 3046 Πρόσεχε,
845 2978 1065 3048 οὐρανὲ,
1101 2980 1197 3031 καὶ
1226 2980 1462 3050 λαλήσω.
1503 2999 1521 3031 ι
1543 2981 1789 3050 Τετάρτη
1824 2982 1882 3032 ὲν

297 3065 416 3130 τοις
442 3066 699 3138 Κριταῖς,
731 3071 764 3138 ἡ
796 3070 1072 3139 παροῦσα.
1101 3071 1222 3142 Χρὴ
1246 3072 1302 3124 δὲ
1330 3073 1421 3124 τὸν
1444 3073 1718 3142 ἐφθακότα
1746 3072 1880 3125 ταύ-

299 3175 402 3228 την
430 3159 602 3230 ᾄδειν,
635 3161 753 3231 ἢτοι
796 3161 1059 3230 μέλισσαν
1104 3162 1206 3232 ἢδη
1245 3165 1530 3230 γεγονέναι
1559 3183 1572 3196 ·
1622 3164 1882 3232 Δεὸὁῶρα

301 3248 412 3318 γὰρ
437 3249 613 3313 οὕτως
660 3251 1030 3321 ἑρμηνεύεται
1058 3269 1074 3284 ο
1128 3254 1162 3325 ἢ
1208 3253 1629 3324 ἀναϐεϐηκέναι,
1658 3256 1785 3308 ὥστ’
1813 3255 1880 3307 ἂν

2050 894 2114 948 In
2141 908 2364 952 montem
2383 898 2604 954 Bathor.
2631 901 2841 973 [IV,6.]
2861 902 2918 955 1η
2934 901 3160 971 planitie
3185 903 3325 958 situs
3353 911 3458 966 est,
3480 903 3545 956 ad

1980 983 2254 1039 decimum
2299 1001 2329 1040 a
2382 986 2720 1043 Dioeaesarea
2767 992 2999 1060 lapidem
3034 992 3102 1046 ab
3137 992 3368 1046 oriente.
3411 991 3546 1045 Ter-

1988 1077 2170 1131 minus
2186 1092 2315 1131 vero
2339 1078 2427 1132 hic
2457 1088 2542 1133 est
2567 1080 2744 1133 tribus
2788 1081 3042 1135 lssaeliar
3093 1093 3147 1136 et
3174 1081 3544 1152 Neplithalim.

1988 1161 2043 1214 lu
2071 1176 2183 1231 qua
2234 1165 2376 1218 tribu
2418 1163 2592 1220 Cedes
2616 1173 2731 1220 erat
2757 1165 2886 1220 urbs
2913 1167 3300 1234 sacerdotalis,
3337 1177 3392 1224 et
3423 1182 3548 1239 asy-

1985 1253 2093 1305 lum
2125 1252 2380 1307 Galilmm.

2057 1340 2122 1394 In
2156 1344 2435 1394 tentorium
2467 1341 2591 1397 lael
2625 1346 2806 1397 uxoris
2851 1345 3023 1400 Ilebor
3054 1346 3249 1400 Cenwi.
3279 1345 3417 1418 [17.]
3446 1347 3548 1402 Ne-

1983 1443 2081 1498 pos
2115 1428 2397 1486 Jethronis
2419 1430 2597 1488 soceri
2626 1434 2791 1488 Mosis
2822 1437 2911 1489 hic
2939 1444 3043 1489 est.
3074 1435 3177 1501 Qui
3217 1451 3341 1490 cum
3377 1435 3547 1491 Paulo

1983 1531 2111 1573 ante
2143 1519 2232 1574 hic
2262 1521 2390 1575 belli
2432 1531 2689 1576 eventum
2735 1533 3083 1592 spectaturus
3117 1535 3322 1595 ageret,
3357 1526 3548 1593 procul

1978 1624 2219 1680 apugna
2276 1613 2509 1666 exstitit.
2553 1612 2720 1684 499
2785 1613 2931 1667 Fixit
3003 1624 3187 1668 autem
3250 1614 3546 1668 tentorium

1980 1715 2139 1756 suum
2197 1703 2264 1757 ad
2312 1719 2579 1774 quercum
2641 1705 3105 1774 requiescentium
3155 1721 3324 1776 prope
3353 1706 3546 1762 Cedes.

2044 1875 2216 1932 Porro
2247 1893 2384 1934 uxor
2410 1878 2529 1948 ejus
2584 1877 2702 1934 Jael
2753 1878 2949 1935 Siscrae
2990 1895 3186 1950 aquam
3231 1882 3435 1951 petenti
3467 1882 3548 1935 lae

1980 1970 2233 2040 praebuit,
2259 1986 2370 2040 quo
2429 1971 2819 2025 benevolentia:
2882 1972 3235 2028 simulatione
3284 1974 3546 2042 majorem

1978 2072 2212 2119 mereret
2239 2062 2397 2118 ﬁdem
2425 2081 2438 2118 :
2469 2079 2570 2119 nec
2602 2078 2712 2118 non
2761 2063 3136 2130 liumeetatus,
3172 2067 3547 2135 stragulisque

1977 2153 2276 2210 calefactus
2341 2155 2394 2209 in
2441 2170 2700 2211 somnum
2754 2155 3122 2210 delaberetur.
3186 2157 3315 2222 Qua:
3375 2157 3548 2212 ollicia

1981 2247 2166 2302 Sisera
2195 2249 2398 2317 recepit
2427 2249 2611 2302 statim
2653 2249 2900 2317 pristinis
2928 2248 3226 2303 foederibus
3255 2265 3375 2318 quze
3406 2251 3550 2303 inter

1980 2340 2160 2410 ipsum
2200 2350 2253 2396 et
2314 2339 2491 2394 llcber
2525 2341 2785 2394 maritum
2820 2339 2942 2409 ejus
2983 2341 3414 2396 intercesserant
3442 2339 3550 2394 l‘re-

1980 2440 2090 2488 tus.
3150 2419 3156 2426 ’

2051 2524 2466 2592 Cecineruntque
2522 2521 2760 2575 Debbora
2791 2531 2838 2575 et
2879 2522 3054 2576 Barac
3100 2523 3245 2590 ﬁlius
3280 2523 3549 2588 Abinoem,

1980 2616 2034 2669 in
2060 2614 2153 2668 illo
2175 2616 2259 2668 die
2291 2615 2542 2669 dicentes.
2573 2613 2664 2686 [V.
2701 2614 2776 2685 1.]
2801 2613 3042 2668 Primum
3071 2616 3124 2669 in
3151 2616 3352 2671 divinis
3380 2614 3550 2668 Litte-

1980 2709 2058 2763 ris
2077 2707 2371 2779 epinieium
2398 2707 2452 2759 in
2506 2705 2691 2759 Exodo
2747 2716 2864 2760 est:
2905 2725 2922 2758 ι
2963 2705 3273 2762 Cantemus
3313 2706 3554 2760 Domino

1979 2802 2107 2869 quia
2137 2798 2422 2867 magnifice
2457 2813 2610 2852 suam
2648 2799 3114 2868 magniﬁcentiam
3145 2797 3393 2853 exseruit
3419 2798 3487 2850 “.
3530 2817 3548 2848 ι

1982 2887 2294 2945 Secundum
2327 2889 2382 2942 in
2415 2886 2692 2951 Numeris,
2727 2903 2894 2958 super
2929 2895 3095 2957 puteo
3117 2887 3182 2940 ”.
3218 2886 3461 2940 Tertium
3498 2888 3552 2940 in

1982 2976 2406 3036 Deuteronomio
2441 2998 2454 3034 :
2492 2999 2510 3032 ι
2539 2982 2796 3044 Advorte,
2827 2981 3051 3042 caelum,
3072 2994 3197 3032 nam
3242 2981 3434 3048 loquar
3449 2980 3547 3032 ⁸⁸.»

1979 3074 2244 3139 Quartum
2271 3074 2373 3127 lioc
2397 3088 2638 3142 praesens
2657 3074 2710 3127 in
2727 3073 3042 3128 iudicibus.
3068 3071 3291 3142 Oportet
3315 3087 3554 3141 praecen-

1979 3173 2156 3218 torem
2199 3163 2367 3231 hujus
2398 3162 2664 3216 carminis
2696 3163 2779 3217 vel
2822 3175 2978 3230 apem
3009 3160 3202 3225 fuisse,
3231 3175 3352 3230 qua:
3379 3160 3556 3213 nomi-

1981 3259 2065 3313 nis
2089 3257 2348 3312 Debboraa
2377 3255 2757 3326 interpretatio
2799 3265 2903 3319 est,
2944 3264 3040 3308 aut
3075 3270 3197 3308 eum
3233 3255 3328 3323 qui
3359 3269 3556 3308 ascen-

299 3339 467 3394 αὐτὸν
514 3338 655 3396 εἶναι
704 3344 800 3396 καὶ
836 3345 1129 3416 ἀστραπήν
1154 3361 1169 3376 ⁸
1205 3344 1234 3396 ὃ
1276 3346 1341 3414 δὴ
1371 3348 1625 3416 σημαίνει
1651 3348 1872 3418 Βαράκ⁶
1902 3344 1946 3405 C
1980 3367 1986 3397 ι

1870 3344 1946 3405 'C
1980 3347 2142 3414 derit,
2202 3346 2451 3413 adeoque
2507 3346 2602 3416 qui
2655 3345 2839 3414 fulgur
2895 3345 3010 3409 sit,
3066 3342 3215 3413 quod
3278 3341 3557 3413 signiﬁcat

297 3431 448 3503 ᾄδων
474 3431 618 3503 ᾠδὴν
643 3433 930 3498 ἐπινίκιον,
956 3435 1315 3489 ἐκλειπόντων
1347 3437 1611 3507 βασιλέων
1636 3439 1746 3492 τῶν
1775 3455 1872 3492 πο-
1972 3440 1984 3492 1

1381 3437 1611 3490 ασιλέων
1636 3439 1746 3492 τῶν
1775 3455 1872 3492 πο-
1972 3440 2164 3505 Barac,
2193 3438 2288 3508 qui
2323 3451 2547 3492 carmen
2576 3435 2866 3490 victoriale
2893 3436 3063 3490 canit.

303 3521 606 3592 ρευθέντων
645 3524 796 3586 ὁδοὺς
817 3525 1278 3596 διεστραμμένας.

373 3612 537 3681 Δηλοῖ
563 3614 596 3682 ἡ
631 3613 820 3682 ῥῆσις·
859 3633 877 3666 ι
919 3616 1010 3668 Ἐν
1039 3616 1117 3686 τῷ
1151 3617 1420 3686 ἄρχοντας
1453 3620 1511 3670 ὲν
1547 3617 1624 3686 τῷ
1661 3617 1874 3688 Ἰσραὴλ

300 3703 718 3770 ἀναφαίνεσθαι,
755 3722 773 3753 ι
812 3705 907 3756 καί
939 3705 1031 3757 τὸν
1060 3707 1186 3759 λαὸν
1225 3709 1411 3771 αὐτοῖς
1456 3708 1696 3760 ὑπείκειν
1721 3709 1874 3761 ὲκὸν-

298 3811 390 3858 τα,
413 3793 506 3846 τὸν
533 3795 742 3864 Κύριον
780 3797 1075 3865 εὐλογεῖτε.
1120 3799 1288 3852 Ὅταν
1314 3801 1422 3872 γὰρ
1461 3802 1741 3872 συνδράμῃ
1773 3801 1874 3872 ἄρ-

298 3903 413 3954 χων
439 3903 498 3938 τε
528 3886 758 3956 νόμιμος
788 3887 884 3941 καὶ
908 3889 1035 3952 λαὸς
1075 3890 1355 3960 εὐπειθὴς,
1397 3891 1679 3955 δοξάζεται
1707 3891 1838 3954 Θεός
1860 3909 1874 3925 ο

297 3977 359 4043 ἐξ
406 3972 469 4032 οὗ
506 3977 649 4048 ἀρχή
694 3995 752 4032 τε
804 3981 956 4034 πᾶσα
1005 3983 1100 4035 καὶ
1144 3983 1298 4049 τάξις
1330 3983 1389 4054 ὲν
1441 3982 1520 4050 τῷ
1548 3983 1742 4047 παντί’
1783 3982 1877 4037 θά-

295 4085 457 4141 τερον
504 4071 614 4141 γάρ
660 4069 889 4142 θατέρου
946 4073 1116 4143 χωρὶς
1194 4073 1419 4136 ἀσθενές
1477 4090 1537 4126 τε
1607 4075 1701 4127 καὶ
1754 4073 1881 4129 ἄτα-

297 4179 447 4219 κτον.

384 4344 526 4414 Ἐγώ
549 4347 670 4414 ειμι
715 4343 796 4409 τῷ
845 4344 1045 4413 Κυρίῳ
1087 4345 1202 4415 ἐγώ
1247 4345 1651 4415 είμι,ᾷσομαι.
1695 4305 1882 4399 Ταῦτα

297 4437 414 4499 τοῖς
438 4435 720 4507 βασιλεῦσι
742 4436 852 4490 τῶν
874 4437 1188 4505 ἀλλοφύλων
1218 4439 1313 4490 καὶ
1337 4437 1649 4508 σατράπαις
1668 4439 1836 4508 φησίν
1861 4451 1874 4467 ·

294 4528 375 4589 ὡς
402 4527 464 4580 οὐ
495 4529 562 4596 τῇ
594 4527 702 4597 ἐμῇ
727 4525 976 4596 δυνάμει,
1010 4526 1147 4579 Θεοῦ
1179 4526 1236 4579 δὲ
1274 4527 1685 4595 συνεργοῦντος,
1718 4528 1881 4597 ἐκρά-

2042 3618 2314 3673 Czeterum
2351 3617 2656 3672 versiculus
2693 3615 2820 3671 ille:
2866 3633 2885 3667 ι
2917 3615 3055 3669 Cum
3108 3613 3442 3670 defecissent
3475 3628 3559 3669 re-

1974 3724 2068 3780 ges
2088 3709 2181 3778 qui
2210 3709 2262 3761 in
2292 3708 2394 3762 viis
2422 3706 2701 3776 perversis
2760 3706 2996 3776 ingressi
3043 3713 3226 3770 erant,
3261 3723 3280 3755 ι
3327 3705 3561 3787 indicat,

1975 3797 2254 3868 principes
2274 3796 2792 3854 lsraelisindixisse
2838 3797 3056 3852 laudem
3118 3794 3354 3860 Domini,
3389 3812 3562 3866 popu-

1979 3892 2203 3958 lumque
2257 3889 2367 3943 illis
2415 3889 2649 3942 libenter
2725 3902 2935 3941 morem
2999 3886 3268 3957 gessisse.
3331 3886 3466 3939 Nam
3513 3887 3557 3940 si

1977 3981 2235 4051 princeps
2298 3979 2600 4048 legitimus,
2653 3979 3004 4049 pepulusque
3062 3978 3375 4047 morigerus
3429 3991 3563 4030 con-

1978 4082 2225 4134 currant,
2263 4072 2434 4141 gloria
2488 4071 2580 4127 Dei
2633 4075 2934 4126 enascitur.
2994 4070 3053 4124 In
3110 4085 3176 4124 eo
3228 4068 3561 4140 principium

1980 4166 2226 4220 omnium
2254 4179 2437 4219 rerum
2472 4163 2720 4233 ordoque
2753 4163 3030 4225 consistit,
3051 4175 3289 4231 quorum
3325 4161 3560 4215 alterum

1983 4260 2102 4312 sine
2134 4258 2305 4311 altero
2339 4255 2617 4308 infirmum
2676 4261 2760 4308 est
2784 4271 2846 4308 ac
2879 4270 3160 4308 mancum.

2056 4345 2164 4416 Ego
2201 4345 2426 4398 Domino
2455 4360 2667 4397 canam.
2694 4343 2795 4414 [3.]
2829 4342 2924 4398 llis
2966 4345 3030 4397 ad
3060 4359 3216 4414 reges
3237 4351 3290 4398 et
3314 4351 3563 4410 satrapas

1982 4446 2296 4493 exterarum
2325 4437 2576 4505 respicit,
2607 4444 2954 4506 testaturque
3009 4450 3119 4490 non
3162 4435 3401 4504 propriis
3431 4431 3564 4487 viri-

1984 4529 2109 4592 bus,
2142 4543 2328 4582 verum
2355 4526 2449 4581 Dei
2503 4541 2608 4595 ope
2652 4541 2751 4581 eos
2802 4540 3111 4596 superasse.
3151 4525 3252 4579 Cui
3285 4539 3445 4587 cano,
3478 4523 3562 4575 in-

297 4633 462 4687 τησα.
492 4609 562 4686 Ὦ
603 4618 697 4670 καὶ
734 4616 866 4688 ᾅδω,
904 4617 1089 4688 φησιν,
1133 4617 1206 4678 ὡς
1247 4614 1405 4686 αίτὶῳ
1437 4617 1537 4685 τῆς
1572 4618 1750 4688 νίκης.
1785 4619 1880 4680 Ὃς
1913 4683 1943 4689 _

1877 4638 1943 4689 ν,
1985 4635 2171 4689 quam,
2221 4633 2550 4686 omnemque
2589 4616 2831 4669 vietoriaz
2895 4616 3115 4670 laudern
3190 4615 3409 4678 tribuo;
3471 4611 3564 4680 qui

298 4683 397 4760 καὶ
426 4706 516 4759 τὸν
536 4683 764 4777 -Ίσραὴλ
792 4683 1075 4771 ἐξελέξατο
1097 4747 1112 4771 ,
1155 4705 1248 4757 καὶ
1288 4683 1432 4769 ἀξιοῖ
1463 4683 1656 4759 τούτου
1683 4683 1875 4761 καλεῖν
1913 4683 1956 4738 D
1981 4712 1985 4763 l

1913 4683 2233 4766 Dlsraelem
2301 4724 2522 4780 quoque
2593 4709 2791 4777 elegit,
2859 4708 3094 4777 ejusque
3159 4706 3302 4761 Deus
3383 4704 3562 4759 vocari

298 4800 427 4854 σθαι
452 4799 609 4863 Θεός.

382 4894 487 4945 Ἐν
531 4891 610 4957 τῷ
641 4890 1081 4960 ἐκπορεύεσθαί
1109 4905 1186 4943 σε
1218 4889 1289 4942 ἐκ
1319 4890 1514 4958 Σηεῲ.
1549 4888 1660 4959 Τὴν
1693 4888 1755 4954 ἐξ
1782 4891 1878 4942 Αί-

303 4983 512 5052 γύπτου
535 4982 701 5052 φησὶν
721 4982 980 5035 ἐπάνοδον
992 4981 1084 5034 τοῦ
1101 4979 1255 5043 λαοῦ,
1274 4982 1689 5051 προηγουμένου
1719 4984 1875 5048 Θεοῦ,

298 5075 392 5127 ὅτε
418 5073 692 5124 ἔσπευσαν
742 5071 1013 5142 ἡγεμόνες
1061 5069 1241 5139 Ἐδώμ
1269 5087 1283 5101 °
1331 5071 1468 5140 ὅπερ
1510 5071 1740 5135 ’Λκύλας
1770 5090 1877 5142 φη·-

299 5167 410 5227 civ,
441 5163 894 5232 ἐκλονήθησαν.

371 5256 486 5309 Καί
541 5270 607 5324 τε
634 5254 894 5321 οὐρανὸς
923 5252 1220 5320 ἐταράχθη
1257 5268 1271 5283 ·
1316 5254 1374 5306 αἱ
1397 5253 1685 5322 άγγελικαὶ
1713 5255 1876 5310 δυνά-

302 5356 429 5416 μεις
450 5348 532 5410 είς
569 5346 670 5416 τὴν
696 5346 836 5414 ὑπὲρ
862 5343 962 5397 τοῦ
988 5344 1119 5397 λαοῦ
1147 5345 1504 5415 διανέστησαν
1537 5347 1876 5415 συμμαχίαν.

297 5437 595 5492 Θεοδοτίων
647 5436 706 5489 δέ
757 5453 946 5506 φησιν,
991 5437 1254 5499 Ἕσταξε
1304 5436 1586 5504 δρόσους.
1619 5440 1683 5490 Ὃ
1730 5438 1881 5508 δηλοῖ

298 5530 363 5583 τὸ
407 5527 538 5582 Ἐπὶ
577 5527 685 5581 τὸν
722 5528 877 5581 λαὸν
920 5528 1093 5593 ἔλεος
1136 5527 1242 5581 τοῦ
1280 5529 1450 5582 Θεοῦ.
1495 5529 1603 5580 Καὶ
1635 5529 1690 5580 αἱ
1727 5531 1882 5597 νεφέ-

305 5620 498 5688 λαιδὲ,
536 5619 700 5691 φησὶν
725 5617 960 5685 ἔσταξαν
1000 5617 1165 5689 ὕδωρ.
1211 5619 1489 5690 Ἐπήγασε
1525 5621 1632 5691 γὰρ
1658 5620 1880 5687 διψῶντι

379 5799 424 5832 ⁸⁸
461 5797 634 5861 Exod.
666 5812 794 5865 xxv,
824 5798 870 5854 ι.

1979 4803 2262 4871 dignatur.

2071 4893 2202 4947 Cum
2257 4893 2430 4946 exire:
2490 4907 2516 4944 e
2560 4890 2698 4945 Seir.
2754 4887 2856 4961 [4.]
2904 4889 3212 4943 Reditionis
3272 4887 3456 4957 populi
3498 4903 3562 4942 ex

1990 4981 2245 5053 Aﬂgypto,
2304 4996 2469 5050 quam
2526 4979 2638 5033 Deo
2694 4978 2946 5034 fecerunt
2982 4980 3230 5047 auspice,
3292 4979 3562 5032 meminit.

1987 5069 2220 5135 Quando
2252 5071 2527 5138 principes
2580 5067 2752 5121 Edoni
2794 5082 2890 5122 eos
2940 5068 3196 5124 insectari
3227 5077 3374 5123 sunt.
3408 5067 3565 5134 Quod

1987 5161 2183 5230 Aquila
2219 5160 2510 5229 exprimit:
2536 5157 2798 5214 Concussi
2830 5170 2976 5213 sunt.

2050 5252 2252 5308 Cretum
2281 5269 2409 5305 sane
2445 5264 2764 5305 commotum
2811 5262 2911 5311 est,
2956 5261 3064 5305 etc.
3099 5252 3282 5320 Copia:
3307 5251 3568 5321 angelica:

1978 5345 2032 5399 in
2063 5345 2330 5398 auxilium
2367 5342 2556 5413 populi
2581 5343 3023 5398 insurrexerunt.
3054 5340 3403 5397 Tlieodotion
3435 5357 3568 5395 vero

1987 5438 2189 5507 inquit,
2225 5434 2346 5489 Illis
2377 5435 2672 5490 destillavit
2727 5449 2923 5496 rorem,
2954 5436 3114 5502 ,quod
3153 5433 3294 5488 idem
3339 5448 3402 5488 ac
3435 5433 3566 5487 illud

1991 5539 2114 5584 est:
2164 5528 2332 5592 Super
2356 5527 2548 5596 populo
2592 5525 2960 5580 misericordia
3018 5524 3131 5578 Dei.
3186 5524 3272 5577 Ait
3321 5526 3471 5586 item,
3512 5534 3566 5581 et

1993 5621 2166 5676 nubes
2193 5622 2473 5677 stillarunt
2531 5633 2736 5687 aquas;
2795 5617 3002 5674 sitienti
3037 5617 3180 5672 enim
3207 5616 3406 5686 populo
3444 5615 3563 5673 fon-

980 5795 1023 5828 "
1048 5791 1211 5851 Num.
1246 5811 1358 5863 xxi,
1391 5795 1475 5850 l8.
1555 5796 1600 5828 "‘
1623 5795 1779 5853 Deut.
1819 5813 1992 5864 xxxii,
2039 5798 2085 5853 l.
