4272 6446
781 373 906 439 1651

2071 367 2420 429 ΙἮΟΕΟΡΙΙ
2459 368 2701 427 GAZ/El

3888 374 4025 437 105?.

771 497 851 540 tes
895 485 1148 555 prmhuit.
1186 485 1342 553 Quod
1382 485 1837 555 signiﬁcationem
1880 482 2020 537 forte
2068 483 2203 552 legis
2252 497 2349 551 per
2380 480 2458 537 Λῖ

2344 498 2349 509 ι
2380 485 2424 537 Λ
2453 480 2567 548 λαῷ
2591 496 2603 509 ο
2645 481 2898 549 σημαίνοι
2933 481 2978 534 δ’
3020 482 3085 534 ἂν
3124 481 3254 545 ἴσως
3289 482 3384 536 καὶ
3419 480 3510 535 τὸν
3561 482 3627 536 δι’
3662 485 3912 552 ἀγγέλων
3942 489 4031 540 v6-

773 578 992 644 angelos
1026 578 1164 628 date
1192 577 1392 630 habere
1426 576 1618 644 possit.

834 662 1039 717 Montes
1062 666 1301 717 concussi
1320 663 1559 733 sunt.[V,
1576 664 1629 717 5.
1649 662 1658 732 |
1681 660 2042 733 Dignitatibus
2066 660 2207 713 inter
2221 674 2342 728 gen-

770 764 852 809 tes
883 756 1209 809 eminentes.
1248 756 1356 807 Aut
1403 762 1555 808 certe
1606 756 1774 808 etiam
1828 766 2016 807 eorum
2064 751 2344 819 principes

766 851 1067 904 daemones.

839 938 995 993 Sinai
1027 941 1147 994 iste.
1174 938 1540 1009 Symmachus
1571 940 1860 1008 exposuit:
1926 936 2026 991 llic
2081 949 2159 992 est
2188 937 2342 1001 Sina,

769 1042 822 1086 ut
850 1033 922 1087 sit
959 1032 1174 1086 Domini
1229 1032 1382 1085 Sina.
1432 1030 1570 1097 Quis
1648 1047 1780 1086 vero
1838 1032 1924 1085 hic
1984 1031 2245 1087 Dominus
2274 1032 2347 1086 sit

766 1123 1268 1177 subintulit.Porro
1296 1124 1383 1179 his
1412 1138 1656 1178 consona
1687 1122 1854 1177 David
1868 1139 2088 1193 quoque
2119 1126 2170 1178 in
2190 1138 2347 1179 sexa-

765 1214 977 1284 gesimo
1040 1215 1277 1284 septimo
1308 1216 1520 1283 psalmo
1559 1216 1674 1268 ait:
1722 1231 1740 1265 ι
1770 1214 1935 1279 Deus,
1971 1214 2343 1285 cumegredc-

769 1307 904 1361 reris
944 1316 1069 1360 ante
1106 1307 1365 1376 populum
1395 1306 1998 1371 tuum,cmntransires
2021 1308 2074 1360 in
2101 1307 2341 1366 deserto.

770 1410 913 1449 :t-rra
942 1398 1297 1461 contremuit,
1326 1409 1379 1451 et
1399 1397 1524 1450 (ειπεΙὶ
1557 1396 1835 1450 stillarunt
1855 1411 1884 1449 a
1907 1396 2047 1451 l‘acie
2072 1395 2164 1451 Dei
2189 1397 2341 1462 Sina,

772 1501 798 1537 τι
834 1486 975 1541 facie
994 1485 1084 1540 Dei
1116 1487 1394 1541 lsrael’".i
1424 1487 1501 1541 Ac
1524 1487 1591 1541 de
1616 1487 1839 1541 Christo
1872 1502 1936 1542 ea
1970 1488 2135 1542 verba
2174 1504 2342 1544 usur-

768 1585 879 1643 p'tt,
903 1579 996 1644 qui
1028 1579 1095 1631 de
1129 1576 1250 1632 Seir
1275 1587 1330 1632 et
1360 1577 1528 1631 Edoni
1551 1578 1790 1633 transiit.
1813 1576 1931 1644 Quo
1952 1579 2171 1633 nomine
2199 1578 2342 1635 Esau

777 1677 1023 1730 iocatur,
1057 1679 1115 1722 ut
1175 1671 1334 1724 testis
1373 1679 1457 1723 est
1498 1670 1809 1738 Scriptura,
1854 1670 1976 1739 ejus
2015 1672 2108 1739 qui
2165 1672 2342 1742 imago

772 1775 851 1811 t‘st
886 1761 1069 1828 populi
1138 1762 1240 1831 legi
1300 1762 1528 1825 subditi,
1564 1763 1656 1830 qui
1692 1776 1815 1817 eum
1862 1763 2138 1818 belluinus
2168 1773 2337 1829 esset,

769 1859 960 1904 mntra
987 1850 1268 1907 Christum
1300 1850 1471 1907 Jacob
1490 1862 1867 1919 nuncupatum
1893 1854 2169 1909 clamavit.
2206 1854 2340 1909 Nam

770 1962 819 1994 σε.
875 1944 1016 1997 duos
1078 1946 1309 2015 populos
1352 1946 1610 2000 Rebeccae
1662 1946 1755 1999 lilii
1798 1955 1927 2001 sunt
1974 1948 2343 2017 assumpti.ls

772 2038 937 2103 igitur
964 2035 1223 2091 Christus
1260 2052 1387 2090 cum
1417 2053 1481 2092 ex
1520 2045 1667 2091 terra
1705 2038 1922 2091 deserta
1947 2038 2340 2092 acinhabitata

770 2125 1012 2181 transire
1045 2126 1227 2190 vellet,
1250 2136 1454 2180 terram
1504 2127 1723 2194 quidem
1758 2128 1810 2181 in
1840 2142 2007 2183 cruce
2039 2130 2339 2183 concussit.

769 2217 1048 2272 lncoelum
1101 2234 1227 2272 vero
1282 2227 1602 2286 assumptus
1658 2236 1723 2274 ex
1785 2221 2075 2285 eostillas,
2109 2221 2212 2276 hoc
2235 2230 2340 2286 est,

770 2304 1001 2372 spiritus
1024 2306 1167 2358 dona
1198 2305 1443 2361 demisit.
1486 2306 1642 2361 Unde
1677 2316 1732 2361 et
1757 2309 1926 2377 c0pia:
1957 2310 2102 2374 cccli,
2138 2329 2155 2361 ι
2206 2312 2343 2377 Quis

765 2396 858 2450 ille
884 2398 979 2467 qui
1013 2398 1164 2452 venit
1194 2413 1261 2453 cx
1298 2398 1517 2453 Edom?
1558 2419 1578 2452 ο
1623 2401 1983 2456 sciscitantur
2017 2403 2084 2455 ".
2140 2402 2344 2460 Deinde

766 2504 876 2556 quo
922 2488 1128 2545 ludatis
1171 2490 1320 2545 hunc
1379 2491 1741 2549 illustriorem
1767 2493 1993 2559 reddat,
2021 2496 2220 2566 inquit,
2250 2497 2342 2553 Dei

766 2580 1007 2636 lsraelis.
1063 2580 1196 2635 Nam
1257 2583 1351 2652 qui
1417 2583 1720 2653 majoribus
1780 2586 1836 2640 in
1902 2586 2029 2640 Sina
2067 2592 2340 2658 apparuit,

767 2680 967 2726 terram
1016 2676 1070 2727 in
1141 2689 1306 2729 cruce
1375 2676 1695 2740 concussit,
1766 2686 2121 2748 vestramque
2183 2696 2341 2738 vesa-

768 2764 916 2816 niam
949 2764 1254 2833 redarguit.
1311 2764 1677 2824 Conturbavit
1717 2783 1883 2837 porro
1912 2772 2113 2824 caelum
2152 2773 2341 2838 etiam,

766 2854 904 2908 adeo
935 2865 992 2909 ut
1022 2856 1101 2909 sol
1127 2857 1313 2911 radios
1345 2873 1476 2913 suos
1520 2859 1887 2927 contraxerit,
1923 2862 2202 2932 copiaque
2231 2879 2345 2921 etn-

766 2943 933 2999 lcstcs
990 2946 1045 3000 in
1098 2948 1352 3016 passione
1385 2949 1545 3003 herili
1587 2959 1776 3005 essent
1830 2953 2185 3020 perturbatur.
2218 2954 2345 3021 Qui-

768 3036 872 3089 bus
908 3039 1173 3104 peractis,
1209 3038 1527 3107 Spirituales
1555 3040 1731 3094 nubes
1770 3042 2128 3098 credentibus
2153 3044 2342 3100 divina

2451 588 2550 639 μον
2576 570 2823 623 δοθέντα.

2520 664 2667 730 Ὀρη
2721 662 3165 727 ὲσαλεύθησαν.
3216 662 3282 717 Ol
3339 662 3449 715 τῶν
3502 663 3675 716 ἐθνῶν
3731 666 3790 718 ὲν
3834 667 4031 735 ἀρχαῖς

2446 752 2851 821 ὑπερέχοντες,
2925 754 3093 821 ῆγουν
3160 753 3209 805 οί
3268 752 3479 806 τούτων
3525 755 3789 825 ἄρχοντες
3840 756 4029 826 δαίμο-

2485 858 2537 869 ’ρ

2449 858 2560 893 νῖνεο

2520 931 2636 986 Τοῦ
2666 931 2832 995 Σινᾶ,
2863 931 3163 1002 Σύμμαχος
3192 931 3444 997 ἐξέδωκε,
3480 933 3663 989 Τοῦτο
3702 934 3833 989 ἔστι
3858 938 4026 991 Σινίϊ

2448 1026 2531 1078 ἵνα
2570 1019 2626 1095 ᾗ,
2659 1023 2754 1075 τοῦ
2788 1024 2991 1094 Κυρίου
3027 1023 3178 1076 Σινά.
3208 1024 3303 1086 Τίς
3335 1023 3392 1077 δὲ
3422 1015 3579 1087 οὗτος
3616 1027 3645 1077 ὁ
3700 1026 3909 1095 Κύριος
3932 1027 4031 1079 ἔπ-

2446 1113 2693 1180 ενήνοχε.
2722 1109 3002 1179 Σύμφωνα
3033 1110 3091 1162 δὲ
3115 1110 3327 1173 τούτοις
3356 1112 3452 1164 καὶ
3473 1111 3675 1166 όΔαϐὶδ
3702 1113 3759 1164 ἐν
3794 1113 3871 1179 ξς
3898 1116 4033 1183 φησὶ

2442 1201 2640 1270 ψαλμῷ
2669 1217 2684 1233 ο
2719 1218 2738 1252 t
2776 1201 2833 1253 '0
2865 1200 2998 1264 Θεὸς
3047 1204 3105 1254 ὲν
3149 1202 3229 1272 τῷ
3262 1203 3660 1272 ἐκπορεύεσθαι
3694 1222 3753 1258 σε
3798 1206 4031 1260 ἐνώπιον

2444 1290 2537 1341 τοῦ
2568 1289 2702 1342 λαοῦ
2755 1306 2874 1354 σου,
2924 1292 2982 1343 ὲν
3031 1290 3109 1360 τῷ
3151 1290 3453 1346 διαϐαίνειν
3496 1309 3556 1345 σε
3600 1295 3658 1345 ὲν
3703 1296 3768 1363 τῇ
3800 1295 4027 1364 ἐρήμῳ-

2444 1380 2515 1449 γῆ
2552 1380 2796 1450 ἐσείσθη,
2844 1382 2939 1433 καὶ
2971 1382 3020 1433 οἱ
3077 1382 3300 1450 οὐρανοὶ
3347 1381 3584 1449 ἐσταξαν
3622 1385 3735 1436 ἀπὸ
3801 1386 4024 1454 προσώ-

2446 1488 2548 1524 που
2617 1471 2713 1523 τοῦ
2765 1472 2899 1525 Θεοῦ
2971 1472 3067 1525 τοῦ
3134 1474 3305 1537 Σινᾶ,
3368 1475 3478 1526 ἀπὸ
3554 1478 3851 1545 προσώπου
3931 1477 4026 1530 τοῦ

2442 1559 2577 1612 Θεοῦ
2647 1562 2900 1631 Ἰσραήλ·
2958 1581 2975 1613 ι
3029 1565 3111 1625 εἰς
3160 1562 3250 1616 τὸν
3290 1564 3525 1633 Χριστὸν
3582 1566 3755 1618 ταῦτα
3823 1566 4027 1621 λαϐών.

2451 1653 2548 1715 ’⁸ος
2602 1652 2795 1716 διαϐὰς
2847 1654 2913 1707 ἐκ
2966 1654 3131 1726 Σηεὶρ
3182 1655 3275 1707 καὶ
3334 1655 3540 1724 Ἐδώμ·
3598 1658 3740 1709 οὕτω
3773 1658 3881 1727 γὰρ
3937 1659 4029 1711 τὸν

2454 1743 2624 1797 Ἠσαῦ
2682 1744 2969 1797 καλεῖσθαί
3014 1762 3181 1817 φησιν
3248 1748 3281 1817 ἡ
3330 1746 3367 1799 Γ
3373 1747 3542 1818 ραφὴ,
3587 1747 3856 1818 σύμϐολον
3900 1748 4030 1802 ὄντα

2444 1837 2539 1890 τοῦ
2595 1837 2832 1907 νομικοῦ
2879 1838 3045 1891 λαοῦ·
3103 1840 3161 1902 ὃς
3215 1839 3489 1911 θηριώδης
3540 1840 3855 1908 ὣν,ὲ(,;ώνει
3888 1842 4031 1895 κατὰ

2444 1929 2681 1999 Χριστοῦ
2724 1931 3165 2000 χρηματίσαντος
3207 1931 3432 1991 Ἰακώϐ.
3472 1933 3565 1995 Εἰς
3595 1932 3719 1994 τοὺς
3770 1933 3880 1985 δύω
3920 1934 4031 2002 γὰρ

2445 2022 2608 2085 λαοὺς
2647 2024 2695 2074 οἱ
2752 2022 2848 2091 τῆς
2889 2021 3189 2085 Ῥεϐέκκας
3246 2022 3561 2092 ἐλήφθησαν
3616 2022 3743 2075 υἱοί.
3800 2022 4031 2075 Μέλλων

2444 2108 2536 2167 οὖν
2588 2112 2650 2177 ἐξ
2719 2112 2885 2166 αὑτοῦ
2952 2113 3292 2176 διαϐαίνειν,
3353 2115 3567 2184 ἐρήμου
3626 2114 3723 2167 καὶ
3774 2117 4029 2183 ἀοικήτου

2442 2204 2828 2272 τυγχάνοντος,
2868 2202 3047 2255 ἔσεισε
3101 2204 3201 2272 μὲν
3251 2204 3352 2275 τὴν
3382 2204 3484 2274 γῆν
3513 2206 3607 2257 ἐπὶ
3635 2205 3730 2257 τοῦ
3770 2204 4029 2273 σταυροῦ,

2446 2294 2504 2359 ἐξ
2531 2296 2760 2368 οὐρανοῦ
2790 2297 2846 2349 δὲ
2886 2296 3147 2364 σταγόνας
3182 2296 3457 2367 ἐξέπεμψε
3510 2298 3609 2361 τὰς
3654 2297 3747 2351 τοῦ
3778 2298 4029 2368 πνεύμα-

2443 2402 2530 2449 τος
2564 2385 2771 2457 δωρεὰς
2797 2386 3132 2457 ἀναληφθεὶς
3178 2389 3258 2451 είς
3289 2387 3477 2442 αὐτόν.
3512 2390 3641 2442 Ὅτε
3676 2389 3771 2442 καὶ
3812 2390 3867 2441 αι
3905 2387 4031 2442 τού-

2443 2496 2537 2532 του
2569 2479 2831 2549 δυνάμεις
2864 2481 3246 2548 πυνθάνονται,
3284 2500 3303 2533 t
3344 2482 3441 2543 Τίς
3475 2473 3629 2545 οὗτος
3667 2482 3696 2533 ὁ
3725 2481 4035 2553 παραγενό-

2447 2588 2606 2642 μενος
2657 2571 2961 2643 ἐξ³Εδώμ;
3018 2593 3037 2625 ι
3086 2569 3219 2627 Εἶτα
3254 2573 3444 2627 τοῦτον
3485 2575 3765 2639 Ἰουδαίοις
3796 2579 4035 2647 σαφηνί-

2445 2664 2575 2729 ζων,
2605 2666 2760 2737 φησι,
2790 2666 2926 2719 Θεοῦ
2952 2666 3192 2737 Ἰσραήλ.
3242 2667 3300 2720 Ὀ
3333 2667 3443 2739 γὰρ
3474 2671 3661 2737 φανεὶς
3692 2672 3807 2733 τοῖς
3835 2670 4038 2740 ἡμετέ-

2449 2772 2560 2825 ροις
2596 2756 2882 2827 προγόνοις
2922 2758 2980 2810 ὲν
3010 2756 3088 2826 τῷ
3129 2758 3280 2822 Σινὰ,
3310 2758 3409 2829 τὴν
3452 2759 3556 2827 γῆν
3586 2759 3682 2812 ἐπὶ
3720 2759 3817 2812 τοῦ
3870 2777 4037 2815 σταυ-

2449 2847 2544 2915 ροῦ
2580 2849 2879 2912 συνέσεισε,
2936 2849 3036 2918 τῆς
3066 2848 3344 2920 ἡμετέρας
3376 2850 3575 2920 μανίας
3633 2852 3712 2913 είς
3761 2852 3986 2921 ἔλεγχον
4016 2868 4033 2883 ·

2444 2938 2739 3009 ὲξετάραξε
2786 2940 2842 2993 δὲ
2895 2940 3114 2993 καὶτὸν
3172 2940 3423 3012 οὐρανὸν,
3476 2942 3631 3012 ἡλίου
3677 2942 3776 3005 τὰς
3802 2945 4037 3006 ἀκτῖνας

2446 3032 2849 3095 συστείλαντος,
2885 3032 2981 3084 καὶ
3003 3032 3113 3085 τῶν
3137 3032 3254 3086 ἐκεῖ
3279 3033 3563 3102 δυνάμεων
3592 3033 3687 3085 ἐπὶ
3714 3033 3794 3105 τῷ
3824 3037 4035 3087 Δεσπο-

767 3127 984 3181 coalitus
1026 3130 1379 3198 prtebuerunt
1420 3132 1606 3185 'dona.
1660 3131 1871 3188 Montes
1915 3134 2143 3205 insuper
2177 3136 2341 3191 etiam
2370 3143 2454 3206 (ε’

2370 3147 2412 3206 c
2444 3124 2582 3195 τικῷ
2608 3124 2771 3178 πάθει
2816 3125 3266 3194 τεταραγμένων.
3325 3124 3461 3177 Μεθ’
3490 3124 3526 3178 ἃ
3559 3126 3749 3178 λοιπὸν
3800 3128 3913 3189 τοῖς
3946 3145 4036 3179 πι-

768 3216 1086 3285 ειι²ι·ἰιιιυιοε
1116 3220 1338 3274 malitiae
1371 3236 1465 3290 per
1498 3220 1810 3275 doctrinam
1858 3228 2141 3280 concussit
2179 3242 2346 3281 cvan-

765 3306 1019 3375 gelieam.
1068 3308 1206 3362 Cum
1263 3309 1409 3363 enim
1477 3310 1778 3365 lunaticum
1812 3322 2089 3379 curasset,
2125 3316 2339 3386 inquit:

773 3416 791 3448 ι
832 3398 886 3450 Si
910 3397 1070 3452 ﬁdem
1104 3400 1433 3464 habueritis,
1470 3402 1667 3458 dicetis
1716 3406 1890 3459 monti
1923 3407 2073 3469 huic,
2102 3409 2344 3465 Amolire

767 3498 837 3551 te,
863 3488 907 3518 ³³
943 3506 962 3537 ι
996 3488 1077 3542 sic
1111 3490 1257 3543 enim
1283 3492 1505 3545 vocavit
1545 3494 1873 3548 daemonem.
1929 3494 2102 3550 Porro
2168 3499 2339 3554 lilium

769 3581 935 3635 israel
966 3581 1161 3635 faciem
1198 3583 1417 3637 Domini
1450 3583 1541 3638 Dei
1577 3595 1753 3638 vocat.
1789 3606 1807 3637 ι
1849 3586 2033 3641 ΙΙιιιιὶι
2074 3591 2217 3645 enim
2250 3607 2339 3647 su~

770 3685 865 3740 per
895 3686 1017 3735 nos,
1039 3671 1237 3739 inquit,
1266 3672 1447 3727 lumen
1466 3672 1626 3742 500
1658 3677 1843 3731 vultus
1867 3680 1965 3740 tui,
1984 3678 2211 3736 Domine
2237 3683 2336 3737 ⁸ο.»

767 3760 870 3824 Qui
903 3761 1293 3828 pnedicatione
1321 3766 1634 3834 evangelica
1667 3776 1860 3834 gentes
1909 3777 1963 3824 et
1993 3772 2161 3827 urbes
2211 3788 2343 3828 con-

766 3852 962 3906 cussit.
1010 3852 1076 3906 Ut
1112 3853 1166 3906 in
1206 3855 1406 3909 animis
1440 3858 1645 3910 nostris
1694 3867 1963 3914 terrorem
2008 3864 2339 3933 relinquam,

768 3959 832 3997 ac
872 3944 943 3998 ab
971 3959 1165 3999 errore
1181 3953 1235 3998 et
1266 3949 1504 4001 terrenis
1530 3948 1933 4015 transitionem,
1954 3951 2342 4013 aﬂ‘cetionibus

769 4034 821 4085 in
858 4033 1016 4087 nobis
1045 4036 1358 4091 concussis.
1401 4038 1479 4091 Ac
1507 4040 1580 4092 ita
1623 4039 1846 4107 quidem
1876 4056 2121 4110 praesens
2143 4054 2342 4102 cantus

766 4139 889 4175 cum
927 4124 979 4177 in
1023 4125 1211 4181 hostes
1243 4128 1491 4185 visibiles
1516 4137 1656 4196 erat,
1676 4131 1746 4187 ad
1775 4132 2097 4202 spirituales
2117 4149 2215 4205 per
2244 4151 2341 4193 eos

768 4220 1028 4275 recurrit.

841 4484 905 4538 lu
933 4485 1117 4540 diebus
1151 4485 1382 4557 Samgar
1452 4488 1556 4557 ﬁlii
1603 4489 1797 4543 Anam.
1986 4494 2064 4549 Ac
2091 4494 2139 4549 si
2171 4496 2345 4553 dixis-
2373 4480 2417 4535 θ

767 4586 850 4631 δεδι
884 4594 896 4630 :
930 4579 998 4630 At
1028 4578 1140 4632 hmc
1188 4579 1411 4648 quidem
1447 4590 1577 4633 time
1610 4582 1900 4648 evenient;
1934 4600 2082 4639 nunc
2127 4602 2257 4642 vero
2288 4588 2343 4642 in

766 4669 966 4724 diebus
1006 4669 1258 4739 Samgar,
1306 4669 1363 4723 in
1401 4669 1598 4725 diebus
1632 4670 1749 4727 Jael
1798 4673 2119 4731 defecerunt
2166 4694 2342 4749 reges.

766 4760 1045 4825 Quantum
1080 4774 1210 4813 vero
1255 4759 1322 4814 ad
1359 4760 1607 4815 historia:
1636 4761 1875 4817 litteram
1908 4766 2125 4830 attinet,
2163 4767 2343 4823 inccr-

768 4862 857 4905 tns
894 4852 985 4907 hic
1028 4850 1260 4922 Samgar
1297 4864 1400 4907 est.
1440 4852 1633 4908 Tradit
1675 4870 1806 4911 vero
1844 4856 2119 4927 Josephus
2168 4877 2341 4932 regno

769 4940 989 4997 lsraelis
1025 4942 1302 4997 delectum
1334 4942 1531 5009 fuisse,
1558 4944 1838 5015 vitamque
1867 4947 2045 5017 primo
2079 4952 2228 5019 regni
2256 4952 2338 5006 sui

768 5050 911 5089 anno
945 5034 1181 5090 ﬁuiissc.
1214 5034 1333 5091 Jacl
1365 5053 1496 5092 vero
1539 5054 1657 5091 eam
1686 5055 1810 5094 esse
1836 5042 1910 5095 ait
1937 5058 2059 5111 quze
2095 5042 2337 5098 Sisaram

766 5123 1071 5177 interemit.
1114 5123 1288 5194 Cujus
1332 5132 1579 5195 tempore
1634 5136 1688 5179 et
1740 5128 1971 5199 Samgar
2011 5130 2337 5187 defecerunt

765 5229 946 5285 reges,
993 5223 1050 5269 et
1095 5230 1219 5269 cum
1252 5217 1306 5270 in
1350 5216 1474 5285 fuga
1520 5225 1699 5273 metus
1742 5219 2040 5276 invasisset
2086 5237 2203 5289 eos,
2243 5240 2337 5294 per

767 5307 966 5361 itinera
998 5317 1150 5364 recta
1181 5324 1290 5364 non
1323 5318 1451 5365 sunt
1481 5311 1709 5373 reversi,
1730 5328 1917 5367 verum
1943 5331 2041 5385 per
2066 5317 2341 5387 obliquas,

767 5415 888 5470 qua:
914 5401 1234 5461 idololatria:
1253 5406 1476 5476 figurant
1509 5404 1803 5461 sustinent.
1827 5406 2155 5464 Delecerunt
2187 5426 2338 5473 vero,

832 5573 879 5605 ⁸⁷
913 5573 1051 5630 Psal.
1102 5592 1267 5637 uvu,
1300 5577 1347 5640 7,
1392 5582 1439 5631 'o‘.
1522 5578 1692 5634 “15a.
1733 5595 1853 5644 ιιιι,
1900 5578 1945 5633 l.

2448 3214 2743 3267 στεύσασιν
2771 3214 2828 3268 αἱ
2877 3216 3064 3283 νοηταὶ
3111 3214 3331 3282 νεφέλαι
3366 3215 3465 3277 τάς
3512 3214 3669 3278 θείας
3706 3214 3765 3281 ἐξ
3796 3216 4035 3285 οὐρανοῦ

2446 3309 2784 3379 παρέσχοντο
2842 3309 3071 3379 δωρεάς.
3108 3310 3247 3379 Ὀρη
3296 3308 3353 3362 δὲ
3407 3308 3475 3363 τά
3527 3310 3874 3380 πνευματικά
3932 3310 4036 3380 τῆς

2446 3400 2716 3470 πονηρίας
2773 3400 3028 3452 ὲσάλευσε
3084 3398 3170 3451 διὰ
3226 3398 3325 3468 τῆς
3368 3398 3734 3468 εὖαγγελικῆς
3779 3398 4033 3467 διδαχῆς.

2444 3490 2584 3560 Φησὶ
2636 3490 2743 3560 γὰρ
2781 3488 3131 3560 θεραπεύσας
3182 3489 3274 3542 τὸν
3322 3488 3819 3558 σεληνιαζόμενον·
3874 3489 4035 3542 «Ἐὰν

2444 3581 2605 3650 ἔχητε
2645 3582 2852 3644 πίστιν,
2886 3582 3061 3650 ἐρεῖτε
3110 3580 3190 3651 τῷ
3233 3580 3350 3650 ὄρει
3398 3580 3600 3650 τούτῳ,
3643 3579 3969 3649 Μετάϐηθι*
4006 3600 4029 3632 ι

2443 3674 2586 3727 οὓτω
2615 3673 2849 3736 καλέσας
2881 3674 2952 3726 τὰ
2978 3672 3255 3743 δαιμόνια.
3289 3672 3461 3725 Καλεί
3504 3672 3559 3725 δὲ
3589 3672 3884 3740 πρόσωπον
3914 3672 4034 3724 Κυ-

2445 3766 2561 3835 ρίου
2587 3764 2722 3817 Θεοῦ
2751 3764 2993 3835 Ἰσραὴλ,
3029 3764 3122 3818 τὸν
3150 3764 3284 3816 υἱόν.
3327 3782 3344 3815 ι
3376 3762 3727 3834 Ἐσημειώοη
3759 3763 3892 3834 γάρ,
3929 3781 4036 3831 φη-

2445 3856 2551 3919 σὶν,
2580 3855 2664 3923 ἐφ’
2685 3856 2831 3924 ἡμᾶς
2860 3854 2922 3907 τὸ
2948 3854 3064 3923 φῶς
3089 3853 3183 3907 τοῦ
3214 3853 3511 3924 προσώπου
3545 3870 3661 3918 σου,
3689 3853 3888 3923 Κύριε,
3929 3875 3947 3905 ι
3972 3853 4036 3917 ὃς

2444 3947 2521 4016 τῷ
2551 3945 2895 4015 εὐαγγελικῷ
2923 3946 3242 4016 κηρύγματι
3265 3944 3392 4015 ἔθνη
3417 3945 3510 3999 καὶ
3531 3944 3717 4007 πόλεις
3745 3944 4034 3997 διέσεισεν-

2442 4038 2530 4092 ῖνα
2556 4038 2648 4091 τὸν
2680 4040 2738 4091 ὲν
2782 4041 2901 4101 ταῖς
2941 4039 3242 4108 ἡμετέραις
3295 4037 3499 4108 ψυχαῖς
3560 4036 3876 4090 καταλείπω
3924 4053 4041 4089 σει-

2444 4129 2600 4197 σμὸν,
2638 4129 2728 4181 καὶ
2769 4129 2865 4199 τὴν
2900 4130 2964 4181 ἐκ
2979 4128 3079 4196 τῆς
3114 4128 3324 4198 πλάνης
3354 4127 3575 4180 καὶτῶν
3596 4127 3802 4195 γηΐνων
3860 4126 4037 4195 μετά-δ

2442 4235 2631 4272 στασιν
2667 4219 2774 4272 τῶν
2812 4221 2868 4272 ὲν
2912 4220 3045 4289 ἡμῖν
3068 4216 3437 4287 κλονηοέντων
3477 4217 3687 4270 παθῶν.
3708 4215 3867 4269 Οῦτω
3890 4219 3981 4267 καὶ
3999 4220 4038 4289 ἡ

2441 4307 2697 4379 παροῦσα
2723 4307 2818 4361 νῦν
2832 4307 2943 4378 ᾠδὴ
2959 4309 3073 4371 τοῖς
3106 4306 3383 4377 πολεμίοις
3409 4308 3520 4370 τοῖς
3538 4308 3749 4376 ὁρατοῖς
3766 4305 3863 4356 ἐπε
3874 4305 4041 4373 μϐαίο

2441 4417 2629 4460 νουσα.
2687 4400 2820 4471 πρὸς
2855 4399 2982 4461 τοὺς
3031 4399 3257 4468 νοητοὺς
3305 4398 3395 4451 διὰ
3440 4398 3644 4450 τούτων
3701 4397 4037 4466 ἀνέδραμεν.

2529 4492 2627 4543 Ἐν
2656 4490 2902 4558 ἡμέραις
2925 4489 3195 4558 Σαμεγίιρ
3233 4489 3367 4542 υἱοῦ
3414 4488 3612 4541 Ἀνάθ.
3656 4488 3803 4539 Ὠσεὶ
3832 4488 3991 4554 ἔλεγε
4017 4502 4034 4519 ’

2450 4582 2561 4637 Καὶ
2591 4580 2765 4635 ταῦτα
2799 4582 2900 4651 μὲν
2931 4580 2993 4634 τὸ
3029 4579 3339 4648 τηνικαῦτα.
3390 4580 3707 4648 γενήσεται,
3740 4578 3858 4631 νυνὶ
3890 4578 3947 4631 δὲ
3972 4579 4039 4631 ἐν

2449 4676 2685 4745 ἡμέραις
2721 4671 3002 4742 Σαμεγὰρ,
3029 4670 3087 4721 ἐν
3113 4669 3350 4739 ἡμέραις
3378 4669 3526 4739 Ίαὴλ
3557 4668 3840 4733 ἐξέλειπον
3873 4667 4038 4735 βασι-

2449 4765 2592 4827 λεῖς..
2618 4765 2789 4817 Ὅσον
2816 4762 2874 4815 δὲ
2897 4756 3030 4833 ἧκεν
3058 4763 3137 4825 είς
3167 4760 3266 4831 τὴν
3303 4761 3549 4829 ἱστορίαν
3580 4760 3679 4829 τὴν
3721 4761 4034 4830 γραφικὴν,

2449 4854 2645 4923 ἄδηλος
2674 4855 2702 4907 ὁ
2745 4852 3029 4923 Σαμεγάρ.
3080 4850 3347 4922 Ἰώσηπος
3389 4851 3451 4905 δέ
3486 4868 3649 4921 φησιν
3700 4850 3813 4918 (50)
3866 4853 4039 4903 αὐτὸν

2448 4948 2611 5018 ἄρξαι
2638 4946 2734 4999 τοῦ
2761 4945 2977 5016 Ἰσραὴλ
3003 4943 3317 5016 αἱρεθέντα,
3346 4944 3442 4997 καὶ
3463 4942 3765 4997 καταλῦσαι
3791 4941 3884 4994 τὸν
3919 4942 4037 5010 βίον

2445 5041 2503 5093 ἐν
2539 5038 2617 5107 τῷ
2661 5037 2864 5108 πρώτῳ
2901 5039 2996 5107 τῆς
3048 5036 3225 5107 ἀρχῆς
3278 5036 3413 5089 ἔτει.
3452 5035 3601 5104 ἰαὴλ
3636 5034 3695 5088 δέ
3741 5051 3879 5103 φησι
3932 5035 4039 5103 τὴν

2444 5130 2740 5185 ἀνελοῦσαν
2791 5131 2884 5185 τὸν
2936 5130 3164 5201 Σισάρα.
3202 5129 3316 5199 Ἐφ’
3346 5125 3413 5200 ἦς
3451 5131 3548 5183 καὶ
3601 5128 3698 5182 τοῦ
3763 5130 4037 5199 Σαμεγὰρ

2448 5222 2729 5289 ἐξέλειπον
2781 5222 3047 5294 βασιλεῖς,
3085 5222 3181 5276 καὶ
3223 5221 3462 5286 δεδιότες
3495 5224 3553 5277 ὲν
3582 5222 3660 5292 τῷ
3688 5221 3900 5291 δεσμῷ,
3933 5222 4037 5284 τὰς

2448 5313 2536 5365 ἐπ’
2567 5313 2788 5377 εὐθείας
2833 5314 2989 5377 ὁδοὺς
3031 5313 3134 5367 οὐκ
3162 5313 3489 5384 ἐτράποντο,
3521 5315 3625 5378 τὰς
3651 5313 3710 5367 δὲ
3726 5313 4035 5383 διεστραμ-

2452 5406 2732 5474 μένας·α’ί
2793 5406 2897 5477 τῆς
2950 5406 3404 5477 εἰδωλολατρείας
3463 5407 3775 5476 ὑπάρχουσι
3832 5405 4029 5468 τύπος.

2028 5578 2071 5609 ⁵⁹
2106 5578 2296 5632 Matth.
2335 5594 2504 5641 ixvlt,
2545 5577 2634 5633 20.
2705 5581 2749 5612 ⁶⁰
2778 5578 2927 5635 Psal.
2960 5596 3032 5645 tv,
3062 5579 3114 5634 (ί.

2266 5712 2485 5771 ΝΟΤΑΞ.

786 5781 802 5800 ⁶
839 5781 959 5851 (50)
996 5784 1134 5853 Ὅρα
1164 5786 1267 5837 σελ.
1309 5785 1420 5840 HO.
