4272 6446
372 385 509 450 1053

1382 386 1923 447 COMMENTAHII
1969 387 2048 446 ΙΝ
2086 386 2427 447 JUDICES.

3479 390 3616 457 1054

378 497 684 564 Ἐξέλιιπον
702 495 782 561 δι,
809 495 965 567 φησὶ,
990 494 1247 566 Φαραζὰν
1270 495 1327 552 ἂν
1359 495 1742 567 Ἰσραὴλ,ὅπερ
1769 497 1944 565 ἐρμη-
1978 508 2021 562 Α
2054 494 2065 548 i

1929 524 1944 536 -
1978 508 2021 562 Α
2054 494 2254 563 inquit.
2283 493 2572 548 Pliarazon
2601 493 2654 546 in
2689 493 2919 559 lsraelc,
2960 495 3106 565 quod
3137 496 3182 550 si
3216 498 3616 567 interpreteris,

364 586 580 639 νεύεται
608 584 876 647 δυνατοὶ,
928 584 1090 655 μέχρι
1138 582 1453 653 Δεσϐὠρας.
1501 585 1557 637 ’0
1576 585 1633 638 δὲ
1661 585 1939 655 Σαμεγὰρ,

362 675 648 745 πάροικος
670 675 848 745 δηλοῖ·
868 675 1027 728 Ἀνὰθ
1046 674 1123 740 δὲ,
1146 676 1525 741 ταπείνωσις,
1550 677 1582 746 ἢ
1603 677 1938 743 ἀπόκρισις·

376 767 521 838 Ἰαὴλ
545 767 622 830 δὲ,
651 766 968 830 ἀνάϐασις.
1010 764 1203 818 Ἧνίκα
1230 765 1413 819 τοίνυν
1446 767 1669 835 γένηταί
1691 784 1773 828 τις
1801 766 1943 837 πάρ-

369 875 515 923 υικος
565 859 660 912 τοῦ
694 858 809 928 βίου
835 857 930 912 τοῦ
958 857 1228 930 παρόντος
1250 897 1266 922 ,
1297 859 1412 921 υίδς
1438 857 1513 912 ὢν
1542 862 1645 927 τῆς
1677 858 1944 911 ταπεινώ-

368 966 529 1012 σεως,
578 950 721 1003 κατὰ
787 947 879 1002 τὸν
926 950 1195 1003 εἰπόνταθ
1243 967 1261 1001 ι
1294 949 1509 1003 Μάθετε
1542 950 1637 1000 ἀπ’
1670 948 1806 1018 ἐμοῦ
1861 950 1945 1002 ὃτι

368 1041 548 1109 πρᾶός
588 1042 703 1108 εἰμι
775 1040 869 1092 καὶ
893 1040 1145 1103 ταπεινὸς
1173 1041 1240 1109 τῇ
1281 1039 1501 1109 καρδίᾳ,
1527 1058 1544 1089 ι
1578 1040 1674 1092 καὶ
1701 1040 1852 1108 τύχοι
1879 1039 1946 1091 δι’

368 1129 543 1197 αὐτῆς
569 1129 888 1191 ἀναϐάσεως
905 1144 919 1158 ⁸
955 1129 1075 1191 ὁδὸς
1122 1131 1227 1199 γὰρ
1253 1128 1568 1199 ὑψώσεωςὴ
1595 1130 1943 1192 ταπείνωσις

370 1220 568 1287 θεωρεῖ
606 1224 700 1270 καὶ
754 1221 879 1281 τοὺς
908 1219 1276 1290 πορευθέντας
1308 1219 1750 1290 διεστραμμένας
1795 1220 1948 1284 ὁδοὺς

373 1311 613 1380 βασιλεῖς
640 1310 1100 1380 ὲκλιμπὰνοντας,
1147 1312 1283 1381 πρὸς
1328 1311 1419 1374 οὓς
1466 1314 1597 1381 ἡμῖν
1623 1314 1653 1381 ἡ
1682 1312 1855 1381 πάλη,
1886 1312 1947 1363 ού

378 1403 508 1471 πρὸς
554 1396 692 1467 αἷμα
741 1404 833 1454 καὶ
878 1403 1077 1471 σάρκα.
1111 1402 1207 1464 ⁸ος
1240 1401 1331 1454 καί
1381 1419 1515 1471 φησι
1558 1419 1570 1431 '
1629 1421 1646 1453 t
1676 1402 1949 1471 Παροικός

372 1493 487 1557 εἰμι
536 1488 648 1557 ἐγὼ
712 1492 806 1543 καὶ
854 1490 1299 1560 παρεπίδημος.»
1366 1490 1498 1553 Καὶ,
1546 1509 1564 1538 ι
1594 1493 1709 1543 Uine
1758 1492 1953 1559 ἔχομεν

373 1574 476 1632 ὧδε
534 1581 803 1649 μένουσαν
852 1581 1033 1646 πόλιν,
1083 1583 1220 1636 ἀλλὰ
1268 1583 1365 1653 τὴν
1414 1582 1717 1652 μέλλουσαν
1767 1582 1956 1652 ἐπιζη-

374 1671 469 1723 τοῦ
480 1688 599 1740 μεν.
626 1689 646 1724 ι
960 1739 969 1749 ἢ

451 1764 576 1815 Ὀτι
606 1763 717 1828 ἓως
755 1762 1054 1831 ἐξανέστη
1075 1763 1270 1833 μήτηρ
1308 1765 1380 1817 ἐν
1424 1757 1521 1828 τῷ’
1544 1763 1813 1830 Ἰσραήλ.
1847 1764 1957 1827 Τὴν

2052 594 2289 653 potentes
2358 593 2541 651 sonat,
2593 585 2659 638 ad
2726 585 3033 640 Debboram
3092 603 3291 656 uSque.
3347 588 3619 645 Cancrum

2050 675 2285 746 Samgar
2323 676 2523 728 advena
2562 676 2868 745 signiﬁcat;
2903 677 3080 731 Anatb
3132 688 3314 733 autem
3347 679 3622 735 humilitas

2044 764 2159 819 Jael
2224 780 2353 819 vero
2395 768 2657 818 ascensio.
2721 765 2954 830 Quando
3008 768 3175 837 igitur
3218 768 3345 838 quis
3413 770 3623 824 advena

2047 857 2100 909 in
2158 856 2262 909 hac
2314 856 2569 927 praesenti
2604 858 2736 919 vita,
2778 858 3032 927 ﬁliusque
3075 859 3403 914 humilitatis
3438 861 3624 928 fuerit,

2046 964 2110 1002 co
2168 948 2327 1002 modo
2358 964 2469 1017 quo
2516 949 2628 1019 ipse
2673 949 2845 1002 dictat
2890 968 2902 1002 :
2957 969 2974 1002 ι
3014 950 3219 1007 Discite
3274 967 3303 1005 a
3354 968 3439 1007 me
3476 953 3626 1024 quod

2048 1042 2199 1095 mitis
2265 1057 2387 1095 sum
2452 1050 2504 1094 et
2548 1042 2715 1095 corde
2781 1042 3006 1097 humilis
3035 1046 3075 1074 ⁶¹
3117 1063 3130 1097 :
3171 1063 3190 1096 ι
3249 1048 3626 1100 ascensionem

2049 1147 2113 1185 ea
2171 1145 2579 1200 consequetur;
2617 1133 2976 1189 sublimitatis
3036 1135 3181 1188 enim
3214 1136 3301 1188 via
3349 1136 3630 1191 humilitas

2049 1230 2153 1274 est.
2191 1220 2340 1275 Videt
2371 1239 2589 1292 quoque
2648 1239 2802 1292 reges
2866 1240 2961 1292 per
3012 1226 3270 1294 obliquas
3326 1228 3443 1281 vias
3498 1241 3630 1296 pro-9

2054 1309 2226 1364 fectus
2292 1312 2550 1377 deiicere,
2604 1329 2726 1365 cum
2764 1315 2987 1381 quibus,
3034 1329 3145 1367 non
3206 1330 3328 1368 cum
3372 1330 3538 1369 carne
3581 1326 3634 1370 et

2054 1404 2338 1470 sanguine,
2371 1404 2515 1456 lucta
2549 1406 2847 1458 exsistit".
2877 1404 2977 1470 Qui
3015 1406 3204 1468 etiam,
3236 1406 3434 1474 inquit,
3460 1424 3477 1455 ι
3520 1404 3631 1456 Ad-

2054 1511 2191 1548 veua
2250 1512 2368 1548 sum
2422 1511 2523 1564 ego
2582 1512 2643 1548 ac
2702 1497 3028 1564 peregrinus
3054 1496 3123 1547 ⁸³.
3166 1516 3183 1546 ι
3240 1494 3372 1548 Item
3408 1512 3422 1547 :
3457 1513 3474 1545 ι
3519 1494 3631 1546 Non

2059 1586 2322 1638 habemus
2349 1586 2435 1637 hic
2469 1586 2629 1637 lixam
2659 1588 2871 1650 urbem,
2904 1601 3092 1638 verum
3118 1583 3363 1637 futuram
3399 1583 3633 1652 inquiri-

2058 1692 2181 1729 mus
2212 1676 2277 1727 ⁸⁸.
2323 1694 2341 1726 ι

2130 1763 2565 1829 Quoniamdouee
2594 1765 2820 1816 surrexit
2845 1774 3011 1815 mater
3036 1764 3086 1815 in
3108 1761 3298 1824 Israel,
3318 1768 3425 1814 etc.
3449 1759 3537 1832 μ’,
3558 1759 3635 1831 7.]

377 1853 484 1922 πρὸ
514 1854 705 1923 αὐτῆς,
749 1856 956 1925 μητρὸς
988 1857 1193 1926 τρόπον
1243 1856 1570 1926 ἐπεχούσης,
1624 1856 1953 1908 πολιτευσα-
1987 1853 2028 1907 Β
2061 1860 2064 1905 1

1949 1885 1953 1894 -
1987 1853 2028 1907 B
2061 1848 2266 1909 Statum
2303 1856 2520 1909 lsraclis
2584 1858 2896 1925 pristinum,
2938 1867 3250 1924 antequam
3315 1862 3489 1907 mater
3533 1854 3636 1906 im-

381 1946 552 2015 μένην
576 1947 832 2000 ἀσέϐειαν
864 1949 925 1999 ὲν
961 1946 1040 2015 τῷ
1086 1946 1301 2017 Ἰσραὴλ
1338 1948 1628 2016 διηγεῖται.

463 2036 783 2108 ’ῌρέτισαν
828 2036 1004 2100 θεοὺς
1030 2035 1268 2101 κενοὺς,
1302 2037 1382 2102 ὡς
1430 2037 1612 2105 ἄρτον
1665 2040 1951 2105 κρίθινον.

382 2131 593 2199 Ὠσπερ
614 2130 722 2198 γὰρ
740 2130 805 2183 ἄν
833 2146 918 2192 τις
951 2118 1154 2182 σιτί’νου
1186 2130 1594 2199 παρακειμένου
1612 2129 1804 2199 ἄρτου,
1823 2149 1958 2200 καχ-

382 2220 536 2285 εξίαν
564 2221 761 2285 νοσῶν,
796 2219 1095 2291 ἀλλάξηται
1126 2220 1370 2291 κρίθινον
1391 2238 1404 2252 ο
1426 2220 1568 2274 οὕτω
1594 2221 1690 2274 τοῦ
1724 2222 1959 2292 ἀληθοῦς

380 2311 518 2365 Θεοῦ
548 2313 675 2375 τοὺς
703 2311 967 2382 ματαίους
996 2310 1327 2366 ἀνθείλοντο.

455 2512 660 2582 sum;
685 2511 982 2567 νεανίδων
1010 2512 1447 2582 σειρομαστῶν,
1489 2513 1599 2568 ἐὰν
1654 2514 1810 2583 ὀφθῇ
1843 2531 1966 2568 σει-

379 2602 849 2673 ρομάστηςένμ⁹
876 2603 1149 2673 χιλιάσιν
1166 2604 1235 2657 ἐν
1253 2603 1333 2668 τῷ
1361 2603 1640 2672 Ἰσραὴλ,
1664 2606 1701 2672 ἠ
1751 2605 1969 2671 καρδία

380 2714 502 2765 μου
529 2695 627 2748 ἐπὶ
649 2697 720 2749 τὰ
738 2697 1067 2765 τεταγμένα
1093 2696 1174 2760 τῷ
1197 2697 1469 2764 Ἰσραήλ.
1510 2698 1724 2765 ’Ὠσπερ
1754 2697 1780 2748 ὁ
1814 2697 1972 2765 ἄρτος

388 2789 416 2839 ὁ
437 2786 699 2857 κρίθινος,
728 2789 823 2840 καὶ
844 2791 877 2857 ἡ
906 2788 1013 2840 ἀπὸ
1049 2788 1322 2855 γυναικῶν
1351 2789 1409 2840 ὲν
1442 2788 1665 2857 πολέμῳ
1698 2788 1875 2858 σκέπη
1907 2788 1972 2841 δι’

388 2881 638 2951 ὀργάνων
663 2880 977 2951 πολεμικῶν
1026 2881 1262 2952 ἀσθενής
1292 2882 1439 2934 ἐστιν
1466 2898 1479 2911 ·
1532 2881 1707 2943 οὕτως
1731 2884 1887 2945 ἐλπὶς
1916 2885 1974 2933 ἐν

391 2975 653 3038 εἰδώλοις.
694 2970 790 3037 Οἷς
817 2976 864 3026 οἱ
896 2974 1269 3038 πιστεύοντες,
1309 2976 1415 3028 κᾶν
1437 2968 1569 3027 ὧτιν
1600 2976 1815 3028 ὁπλῖται
1847 2978 1978 3028 πολ-

391 3068 474 3120 λοὶ
505 3068 626 3120 κατ’
683 3066 900 3137 Ἰσραὴλ
933 3067 1340 3137 συνιστάμενοι,
1406 3066 1671 3137 ήκαρδία
1739 3085 1837 3135 μου
1896 3068 1978 3135 ézp‘

396 3158 541 3227 ἅπερ
588 3157 779 3223 ἔταξεν
808 3160 836 3211 ὁ
866 3158 998 3222 θεὸς
1044 3158 1122 3228 τῷ
1153 3158 1268 3226 λαῷ
1293 3175 1306 3188 ·
1330 3156 1571 3222 ἐλπίζειν
1620 3160 1713 3210 ἐπὶ
1746 3158 1973 3229 Κύριον,

2057 1946 2275 2015 pictatis
2307 1946 2678 2012 gubernat-uia
2711 1947 2971 2010 inhibuit,
3000 1946 3252 2015 exponit.

2131 2036 2405 2104 Elegi-runt
2429 2038 2549 2089 deos
2584 2040 2785 2096 inanes,
2810 2038 3248 2107 quemadmodum
3287 2053 3475 2103 panem
3513 2036 3639 2087 lior—

2059 2130 2323 2182 deareum.
2379 2129 2852 2194 Quemadmodum
2923 2131 3066 2183 enim
3115 2130 3162 2184 si
3205 2131 3329 2200 quis
3370 2128 3637 2184 stomachi

2062 2223 2331 2275 cruditate
2364 2224 2596 2285 laboret,
2637 2223 3023 2292 triticenmque
3062 2238 3257 2292 panem
3284 2237 3453 2292 prope
3477 2237 3535 2276 se
3558 2222 3642 2289 ja-

2063 2323 2274 2368 cenlem
2324 2331 2419 2383 pro
2450 2315 2754 2369 hordeaceo
2782 2317 3225 2379 conunutaverit,
3268 2317 3343 2370 ita
3380 2331 3479 2385 pro
3514 2328 3644 2370 vero

2069 2405 2175 2459 Deo
2206 2422 2375 2459 vanos
2404 2407 2709 2475 elegerunt.

2145 2515 2252 2569 Nec
2284 2517 2513 2586 clypcus,
2549 2533 2639 2570 nec
2668 2521 2823 2571 hasta
2871 2520 2982 2571 risa
3028 2530 3145 2571 sunt
3196 2520 3250 2571 in
3288 2519 3643 2588 quadraginta

2072 2604 2304 2656 millibus
2356 2602 2595 2657 Israeiis.
2624 2604 2728 2657 Cor
2756 2623 2923 2659 meum
2965 2605 3032 2657 ad
3070 2607 3325 2672 pra'sides
3355 2606 3528 2674 legum
3558 2608 3648 2675 qui

2073 2702 2192 2743 sunt
2234 2693 2283 2742 in
2324 2690 2549 2754 lsracle,
2587 2702 2693 2745 eiu.
2891 2694 3364 2757 Quemadmodum
3407 2694 3645 2745 hordea—

2076 2797 2203 2835 ceus
2233 2784 2410 2851 panis,
2444 2795 2495 2835 et
2538 2788 2807 2852 proiectio
2841 2785 3127 2837 muliebris
3162 2800 3255 2853 per
3312 2785 3654 2839 instrumen-

2080 2883 2129 2927 ta
2168 2874 2358 2925 bellica
2387 2876 2439 2925 in
2469 2875 2606 2925 bello
2630 2884 2713 2926 est
2741 2875 2982 2936 iulirma,
3011 2875 3082 2927 ita
3115 2890 3241 2941 spes
3273 2891 3397 2944 qute
3434 2877 3486 2927 in
3529 2875 3649 2927 itio-

2081 2965 2144 3017 lis
2174 2965 2411 3032 punitur.
2459 2962 2671 3029 Quibus
2719 2967 2810 3033 qui
2863 2965 3057 3026 litlunt,
3097 2968 3200 3018 etsi
3245 2965 3519 3035 frequenti
3550 2982 3654 3018 nu-

2083 3069 2232 3105 mero
2251 3064 2301 3103 et
2326 3054 2494 3105 armis
2515 3065 2708 3105 contra
2732 3054 2989 3107 lsraeletu
3026 3054 3337 3123 insurgunt,
3364 3071 3456 3108 cor
3479 3071 3655 3108 meum

2087 3144 2153 3198 iis
2197 3162 2319 3215 qua:
2376 3144 2514 3197 Deus
2570 3147 2769 3213 pupulo
2821 3148 3001 3199 sanxit
3062 3148 3357 3213 intentum,
3391 3157 3576 3217 sperat
3609 3149 3660 3200 in

397 3206 535 3227 ""'r
591 3206 771 3223 -ί-ττη
815 3206 832 3211 ν
875 3206 997 3222 νην
1333 3206 1561 3259 “vr:
2011 3206 2048 3260 ε

397 3248 687 3317 φυλάττειν
704 3250 800 3310 τὰς
829 3248 1049 3311 ἐντολὰς
1068 3249 1255 3319 αὐτου,
1285 3250 1378 3301 καὶ
1420 3249 1493 3319 μὴ
1529 3265 1808 3318 λατρεύειν
1837 3249 1978 3311 Θεοῖς

1976 3206 2048 3275 ιε
2087 3235 2336 3297 Duminu,
2413 3236 2776 3305 mandataque
2855 3238 3027 3308 ipsius
3090 3239 3368 3305 observat,
3416 3254 3514 3292 nec
3558 3239 3663 3292 diis

397 3340 630 3409 ἑτέροις,
656 3340 749 3393 καὶ
772 3340 871 3393 ὅσα
899 3339 977 3411 τῷ
1007 3340 1158 3410 νόμῳ
1185 3339 1476 3409 διείρηται.
1504 3333 1604 3393 Ὧν
1632 3342 1762 3409 ἡμῖν
1784 3340 1985 3408 φυλατ-

397 3432 663 3500 τομένων,
690 3432 852 3495 αὐτὸς
887 3431 1193 3500 πολεμήσει
1226 3431 1366 3498 ὑπὲρ
1389 3432 1568 3500 ἡμῶν.
1603 3433 1684 3484 Τὰ
1716 3432 1825 3499 γὰρ
1846 3431 1986 3483 ὅπλα

399 3519 579 3588 ἡμῶν,
612 3519 673 3571 ού
702 3519 967 3588 σαρκικὰ,
997 3519 1138 3572 ἀλλὰ
1180 3520 1545 3589 πνευματικά.
1592 3539 1609 3571 ι
1639 3521 1714 3572 υύ
1746 3522 1853 3591 γὰρ
1890 3538 1985 3589 φο-

401 3610 718 3683 ϐηθήσομαι
771 3613 882 3667 ἀπὸ
935 3612 1215 3684 μυριάδων
1265 3612 1420 3678 λαοῦ,
1473 3612 1582 3665 τῶν
1634 3612 1817 3681 κύκλῳ
1866 3630 1989 3664 συν-

401 3704 803 3773 επιτιθεμένων
843 3721 953 3773 μοι.
996 3722 1014 3755 ι
1046 3704 1127 3757 Τὰ
1159 3704 1268 3775 γὰρ
1319 3704 1630 3773 τεταγμένα
1681 3703 1988 3773 φθέγξομαι

402 3794 482 3866 τῷ
522 3796 773 3867 Ἰσραήλ·
840 3814 859 3848 ι
895 3795 1153 3862 ’Δνάστα,
1186 3797 1360 3869 Κύριε
1382 3838 1396 3862 ,
1430 3796 1604 3850 σῶσόν
1661 3813 1751 3866 με,
1799 3788 1827 3849 ὁ
1860 3797 1992 3860 Sed;

408 3907 531 3962 μου.
559 3908 579 3942 ι

482 4007 547 4058 Ol
575 4002 873 4058 δυνάσται
894 4003 1001 4059 τοῦ
1030 4003 1211 4065 λαοῦ.
1250 4002 1557 4072 εὐλογεῖτε
1594 4004 1704 4059 τὸν
1745 4006 1991 4072 Κύριον,

407 4090 749 4159 φάσκοντες’
789 4110 808 4144 ι
844 4092 935 4146 Ἐν
960 4091 1040 4162 τῷ
1071 4091 1191 4162 Θεῷ
1247 4092 1551 4163 ποιήσομεν
1593 4093 1864 4165 δύναμιν,
1900 4095 1996 4147 καὶ

408 4184 571 4239 αὐτὸς
600 4186 950 4252 ὲξονδενώσει
976 4186 1103 4250 τοὺς
1126 4186 1409 4250 θλίϐοντας
1437 4188 1614 4257 ἡμᾶς.
1648 4206 1666 4238 ι

497 4299 946 4367 Ἐπιόεόηκότες
971 4298 1072 4353 ἐπὶ
1106 4300 1443 4370 ὑποζυγίων
1507 4299 1606 4353 ἐπὶ
1655 4298 1996 4369 λαμπινῶν.

410 4390 739 4461 καθήμενοι
766 4392 864 4445 ἐπὶ
910 4391 1257 4460 κριτήριον,
1306 4390 1405 4445 καὶ
1454 4393 1846 4461 πορευόμενοι
1907 4393 1999 4461 ἐφ’

412 4483 560 4550 ὀδῷ,
618 4484 966 4554 φθέγξασθε
1020 4485 1251 4553 φωνήν.
1314 4487 1377 4537 0i
1431 4485 1728 4548 δυνάσται,
1795 4487 1997 4555 φησὶν,

2089 3330 2209 3381 aliis
2247 3332 2441 3395 servit,
2482 3332 2698 3399 aliaque
2732 3346 2852 3400 quae
2901 3335 3013 3401 lege
3061 3332 3350 3385 interdicta
3386 3341 3513 3385 sunt
3558 3347 3664 3384 non

2088 3420 2241 3474 facit.
2303 3421 2432 3485 Qua:
2479 3422 2523 3476 si
2568 3424 3068 3487 observaverinnis,
3102 3423 3243 3477 Deus
3273 3424 3534 3493 pugnabit
3570 3438 3669 3492 pro

2088 3513 2265 3567 nubis.
2293 3515 2456 3566 Arma
2485 3515 2631 3568 enim
2670 3526 2856 3569 nostra
2893 3532 2995 3569 non
3023 3532 3247 3581 carnea,
3296 3533 3483 3570 verum
3508 3517 3671 3586 Spiri—

2091 3606 2259 3661 tualia
2293 3614 2445 3660 sunt.
2472 3605 2629 3672 Nam,
2669 3626 2686 3658 ι
2720 3606 2836 3661 Non
2873 3615 3119 3662 metuero
3142 3623 3170 3661 a
3201 3607 3543 3677 myriadibus
3572 3623 3671 3678 p0-

2093 3699 2346 3767 pulorum
2384 3698 2481 3767 qui
2522 3714 2608 3753 me
2645 3700 3014 3753 circumstant
3045 3700 3111 3753 ⁸⁸.
3153 3719 3169 3751 ι
3216 3700 3436 3771 Loquar
3470 3703 3671 3755 etenim

2091 3792 2275 3847 Israeli
2313 3793 2630 3847 constituta.
2667 3812 2684 3843 ι
2717 3793 2893 3863 Surge
2924 3793 3091 3863 igitur
3116 3802 3170 3849 et
3200 3808 3359 3848 serva
3393 3808 3502 3859 me,
3530 3791 3675 3848 Deus

2096 3901 2252 3939 mens
2281 3886 2347 3936 “.

2166 3999 2437 4070 Principes
2469 4001 2670 4068 populi,
2690 4000 2911 4055 laudate
2945 4000 3254 4057 Dominum.
3290 4001 3395 4075 [9.]
3422 4001 3521 4058 llis
3554 4020 3678 4060 ver-

2098 4093 2208 4158 bis,
2254 4113 2270 4144 ι
2317 4094 2506 4147 Divina
2540 4095 2741 4149 virtute
2813 4096 3045 4150 virtutes
3081 4096 3330 4161 edemus,
3355 4105 3410 4151 et
3444 4097 3559 4168 ipse
3585 4114 3688 4153 an-
3767 4140 3776 4148 .

2099 4186 2354 4240 nihiiabit
2389 4194 2630 4241 tortores
2662 4196 2887 4242 nostros
2913 4188 2979 4241 ⁸⁷.
3024 4206 3043 4238 ι

2183 4298 2329 4353 Vecli
2357 4300 2519 4354 mulis
2552 4300 2765 4369 nitidis,
2808 4301 2898 4371 qui
2929 4301 3231 4370 prwsidetis
3280 4302 3561 4370 tribunali,
3592 4307 3683 4375 qui

2100 4407 2191 4461 per
2224 4392 2424 4446 itinera
2478 4393 2749 4457 inceditis,
2793 4403 3046 4447 enarrate
3089 4394 3223 4448 Ιιωε.
3260 4392 3397 4467 [10.]
3423 4393 3685 4449 Potentes

2103 4484 2293 4550 Israel,
2326 4484 2525 4553 inquit,
2574 4496 2627 4539 et
2664 4485 2757 4553 qui
2800 4484 2853 4538 in
2898 4486 3097 4539 itinere
3130 4486 3332 4556 populo
3359 4488 3684 4557 praiceditis,

425 4576 665 4648 Ἰσραὴλ,
709 4578 805 4630 καὶ
840 4578 1313 4649 προπορευόμενοι
1340 4579 1397 4629 ὲν
1422 4577 1527 4648 ὁδῷ
1554 4577 1645 4630 τοῦ
1706 4578 1860 4641 λαοῦ,
1904 4580 1999 4631 καὶ
2032 4578 2076 4633 1)
2103 4593 2112 4627 t

1998 4622 1999 4627 η
2032 4578 2076 4633 D
2103 4577 2304 4645 quique
2334 4576 2549 4645 judicio
2580 4577 2720 4630 estis
2766 4578 3037 4646 praefecti,
3076 4587 3338 4649 tanquam
3367 4595 3531 4650 super
3574 4581 3685 4651 lyra

414 4670 509 4722 ἐπὶ
533 4670 594 4723 τὸ
614 4669 821 4739 κρίνειν
872 4671 1225 4741 τεταγμένοι,
1251 4670 1327 4734 ὼς
1355 4669 1413 4722 έν
1436 4686 1544 4723 τινι
1578 4669 1717 4742 λύρᾳ
1751 4671 1850 4740 τὴν
1880 4673 2002 4724 ὲπι-

416 4760 587 4815 νίκιον
617 4761 763 4835 ᾠδὴν
792 4762 1186 4835 ἀνακρούεσθε.

488 4874 647 4929 Ἐκεῖ
675 4875 944 4929 δώσουσι
964 4874 1365 4944 δικαιοσύνην
1390 4877 1603 4945 Κυρίῳ.
1642 4876 1827 4930 Ἐκεῖ·
1870 4876 1996 4942 mi;

424 4966 596 5022 Ἔνθα
654 4970 876 5023 πάντων
922 4969 1366 5039 εὐφραινομένων
1395 4972 1428 5040 ἡ
1457 4970 1710 5023 κατοικία
1743 4972 1800 5022 ὲν
1827 4969 1998 5040 αὐτῷ.

423 5075 444 5111 ι
468 5059 544 5112 Οὐ
579 5058 688 5129 γὰρ
722 5060 841 5114 ἔστι
861 5061 1077 5132 χαίρειν
1107 5062 1220 5125 τοῖς
1248 5061 1496 5127 ἁσεὸέσι,
1524 5079 1541 5112 ι
1583 5061 1731 5130 λέγει
1777 5061 2003 5132 Κύριος.

421 5151 534 5221 (51)
578 5151 713 5205 Οὐδὲ
762 5152 1030 5207 δώσουσιν
1095 5155 1153 5206 ὲν
1216 5154 1477 5225 συνεδρίῳ
1530 5153 1875 5225 ἁμαρτωλῶν
1928 5153 2005 5207 δι-

420 5243 717 5315 καιοσύνην
744 5245 956 5316 Κυρίῳ.
1003 5265 1021 5298 ι
1058 5246 1180 5299 Ἐπὶ
1223 5246 1332 5317 γὰρ
1387 5247 1477 5299 τὸν
1519 5248 1794 5319 ἰσραὴλὴ
1828 5265 2005 5317 μεγα-

420 5336 726 5410 λοπρέπεια
760 5339 948 5405 αὑτοῦ,
987 5340 1081 5394 καὶ
1107 5342 1140 5413 ὴ
1162 5342 1391 5412 δύναμις
1417 5340 1584 5396 αὐτοῦ
1611 5344 1669 5395 ὲν
1698 5345 1819 5406 ταῖς
1849 5342 2011 5413 νεφέ-

497 5516 542 5550 ⁶¹
598 5517 792 5573 Matth.
834 5536 939 5590 ixr,
997 5518 1088 5576 29.
1198 5520 1243 5554 ⁸⁸
1298 5518 1497 5590 Ephes.
1531 5537 1608 5590 vr,
1652 5522 1741 5576 19..

427 5589 476 5624 ⁸⁸
506 5590 642 5645 ibid.
720 5592 764 5623 "
825 5589 971 5646 Psal.
1008 5607 1127 5659 ιιι,
1160 5593 1247 5647 Η.
1325 5593 1369 5624 ⁸³
1431 5588 1535 5647 lsa.
1571 5588 1758 5659 sum,
1788 5593 1879 5651 21.

1846 5523 1892 5555 ⁸³
1927 5521 2076 5582 Psal.
2116 5541 2344 5596 xxxvm,
2384 5528 2472 5584 15.

2110 4668 2344 4738 quadam
2375 4682 2595 4723 carmen
2626 4670 2908 4725 victoriale
2942 4671 3175 4740 pulsate.

2182 4888 2267 4943 Ibi
2292 4890 2524 4944 tribuent
2545 4888 2816 4958 justitiam
2844 4887 3092 4944 Domino.
3127 4887 3269 4962 [11.]
3292 4888 3370 4944 lbi
3410 4887 3692 4956 nimirum,

2098 4982 2188 5036 tibi
2230 4985 2492 5036 omnibus
2527 4982 2848 5037 lmtantibus
2882 4983 2937 5036 in
2963 4984 3084 5051 ipso
3127 4983 3286 5037 sedes
3320 4992 3423 5036 est.
3455 5001 3473 5032 ι
3512 4979 3697 5048 lmpiis

2093 5076 2239 5131 enim
2268 5092 2378 5130 non
2424 5076 2549 5131 licet
2590 5076 2852 5147 gaudere,
2893 5095 2911 5126 ι
2954 5076 3134 5143 inquit
3161 5074 3432 5129 Dominus
3474 5073 3541 5127 “.
3582 5072 3694 5129 Nec

2110 5168 2165 5222 in
2197 5182 2464 5223 consessu
2497 5176 2848 5238 peccaturum
2871 5169 3144 5239 justitiam
3173 5167 3406 5221 Domino
3430 5166 3695 5219 tribuent-

2119 5275 2138 5309 ι
2172 5256 2307 5311 Nam
2353 5273 2523 5329 super
2564 5258 2824 5314 lsraelcm
2876 5256 3286 5329 magniﬁcentia
3339 5256 3459 5325 ejus
3494 5263 3600 5319 est,
3646 5262 3702 5308 et

2115 5349 2293 5406 virtus
2320 5350 2441 5422 ejus
2476 5350 2531 5406 in
2558 5349 2825 5407 nubibus.
2853 5348 3117 5404 biiriiicus
3159 5348 3292 5403 item
3317 5356 3404 5402 est
3436 5344 3702 5426 Dominus

2577 5529 2623 5562 “
2675 5526 2847 5585 llebr.
2900 5540 3022 5592 xui,
3070 5525 3158 5581 Η.
3261 5524 3308 5557 ⁸⁸
3340 5522 3484 5579 Psal.
3531 5538 3609 5586 tu,
3646 5519 3701 5575 7.

1951 5736 2188 5799 NCT/I5.

506 5843 614 5916 (5')
654 5844 748 5899 ἐκ
772 5845 870 5917 τῆς
899 5846 934 5902 ‘2
987 5845 1081 5900 τοῦ
1124 5845 1296 5902 Ίωάν.
1325 5847 1501 5903 ἐπιστ,
1531 5845 1601 5898 is.
1631 5844 1862 5916 ὲλήςθη,
