4272 6446
730 337 869 403 1059

2069 343 2422 405 PROCOPII
2456 345 2698 406 (ΞΑΖᾹΞΙ

3859 356 3995 423 1060

798 455 976 509 Ruben
1003 457 1180 522 magni
1224 455 1508 509 decretarii
1551 456 1750 521 cordis,
1784 474 1940 510 eccur
1993 459 2140 516 sedes
2174 461 2310 514 inter
2339 467 2383 522 Α

2353 467 2383 522 λ
2495 463 2753 532 Ῥουϐὴν
2778 465 3030 533 μεγάλοι
3063 468 3421 538 ἀκριεασμοί
3464 471 3712 541 καρδίας
3737 513 3756 541 ,
3795 475 3894 528 ἵνα
3940 480 3994 529 τί

727 546 778 600 Μ
789 547 1094 615 ospliwtlmn
1108 550 1133 601 γ
1150 545 1289 618 [l6.]
1313 547 1449 602 Illud
1466 547 1840 617 Mosphzetlian
1866 552 2299 621 interpretantur

721 636 1210 704 Aquilasquidem,
1241 637 1488 700 sortium,
1545 637 1914 708 Symmachus
1949 655 2098 704 vero,
2126 644 2298 710 campi

723 728 862 778 inter
887 735 1139 793 utrasque
1167 725 1326 777 acies.
1352 724 1623 778 Caeterum
1647 724 1839 781 Ruben
1882 737 2070 798 utpote
2096 732 2300 799 primo-

718 817 958 883 genitus,
1013 815 1401 883 magnanimus
1444 825 1675 878 est,nec
1707 831 1816 870 non
1842 819 1895 871 in
1928 820 2093 874 rebus
2119 823 2300 875 Omni-

720 908 820 961 bus
873 921 1062 975 sagax.
1106 905 1267 971 Quod
1311 921 1444 961 sane
1478 908 1548 961 de
1589 905 1847 963 Manasse
1874 925 2093 978 quoque
2118 910 2297 966 aliert.

713 995 856 1062 Quid
895 996 1086 1064 igitur,
1120 993 1319 1063 inquit,
1353 994 1792 1059 considerantes,
1853 1005 1908 1051 et
1947 1007 2141 1052 exacte
2173 1015 2297 1068 per-

713 1088 1018 1157 pendentes
1047 1088 1253 1150 omnia,
1283 1085 1512 1147 sedetis,
1544 1101 1723 1155 neque
1741 1087 1808 1141 ad
1834 1104 2071 1158 pugnam
2105 1091 2297 1160 pedem

711 1179 974 1243 movetis,
1025 1177 1330 1248 Rubenque.
1388 1189 1540 1232 trans
1592 1177 1889 1233 Jordanem
1932 1181 2302 1236 ulciscimiui?

710 1268 924 1334 Quibus
979 1269 1230 1323 videlicet
1281 1269 1415 1323 satis
1462 1279 1566 1333 est,
1616 1269 1662 1323 si
1686 1279 1900 1325 vestras
1936 1285 2299 1330 conservave-

711 1362 838 1414 ritis
867 1371 1065 1416 sortes.
1085 1360 1394 1414 Praesertim
1414 1377 1542 1416 vero
1575 1377 1701 1415 cum
1723 1363 2011 1416 victoriam
2043 1364 2296 1432 videatis;

708 1453 998 1505 convenite
1046 1467 1177 1505 vero
1240 1467 1334 1505 eos
1379 1452 1474 1522 qui
1509 1453 1668 1506 vobis
1712 1453 1827 1507 haec
1867 1454 2213 1520 renuntiant,
2248 1466 2301 1511 et

707 1544 760 1596 in
789 1543 962 1595 aciem
1000 1550 1328 1610 provocant.

778 1632 936 1700 502
959 1629 1141 1700 Magni
1165 1641 1486 1684 scrutatores
1514 1632 1711 1694 cordis,
1727 1629 1941 1686 Calaad
1958 1634 2093 1686 citra
2110 1633 2302 1689 Jorda-

705 1740 816 1774 nem
839 1725 1051 1790 quievit.
1105 1720 1194 1793 μ’,
1227 1720 1336 1793 17.]
1367 1721 1481 1774 Sila
1512 1731 1597 1776 est
1630 1721 1839 1776 Galaad
1871 1739 1900 1776 a
1941 1732 2096 1793 tergo
2133 1723 2298 1780 Phoe-

2395 571 2499 623 μοι
2527 554 2788 621 κάθησαι
2813 557 3124 625 ἀναμέσων
3156 560 3274 612 τῶν
3303 562 3699 629 Μοσφαιθὰν;
3737 565 3808 617 Τὸ
3842 567 3992 618 Μοσ-

2400 643 2600 708 φαιθὲιν
2646 647 3066 716 ἑρμηνεύουσιν,
3118 650 3346 712 Ἀκύλας
3382 653 3500 720 μὲν,
3550 652 3668 706 τῶν
3719 655 3989 722 κλήρων,

2401 734 2696 806 Σύμμαχος
2745 737 2826 802 δὲ,
2875 737 2992 791 τῶν
3041 743 3430 810 μεταιχμίων.
3490 743 3547 794 ’0
3583 745 3641 796 δὲ
3693 744 3923 815 Ῥουϐὴν
3966 749 3993 799 ό

2400 825 2746 892 πρωτότοκος
2782 827 3142 900 μεγαλόφρων
3176 833 3314 895 ἐστὶ,
3359 833 3451 884 καὶ
3495 833 3669 896 ἄλλως
3700 836 3827 901 ὀξὺς
3864 839 3991 907 περὶ

2399 917 2466 968 τὰ
2493 918 2820 986 πράγματα.
2863 921 3042 991 Ὅπερ
3076 923 3326 994 ἐπιφέρει
3352 927 3450 977 καὶ
3484 943 3548 978 πε
3562 929 3614 991 pi.
3643 927 3738 980 τοῦ
3770 931 3990 982 Μανασ-

2401 1009 2492 1078 σῆ.
2516 1010 2580 1062 Τί
2612 1007 2725 1074 οὖν,
2762 1014 2916 1081 φησὶ,
2961 1017 3294 1080 σκοποῦντες
3327 1018 3424 1070 καὶ
3471 1018 3988 1088 ἀκριϐολογούμενοι

2399 1100 2666 1170 κάθησθε,
2701 1104 2776 1172 μὴ
2811 1104 2946 1174 πρὸς
2985 1106 3085 1174 τὴν
3119 1107 3300 1176 μάχην
3326 1106 3664 1175 κινούμενοι,
3716 1111 3850 1178 μηδὲ
3878 1115 3986 1174 τοίς

2399 1193 2527 1260 περὶ
2560 1192 2649 1244 τὸν
2693 1195 2918 1264 Ῥουσὴν
2974 1197 3147 1266 πέραν
3196 1197 3291 1250 τοῦ
3323 1199 3594 1268 Ἰορδάνου
3652 1201 3984 1268 μηνύοντεςς

2399 1281 2722 1348 ἀγαπῶντες
2773 1285 2821 1335 εἰ
2882 1285 3010 1346 τοὺς
3063 1286 3228 1348 ἰδίους
3274 1288 3549 1356 φυλάξητε
3579 1289 3836 1358 κλήρους.
3877 1292 3988 1343 Καὶ

2399 1371 2571 1424 ταῦτα
2595 1371 2694 1441 τὴν
2719 1374 2876 1441 νίκην
2913 1374 3110 1435 ἰδόντες
3128 1392 3140 1404 ·
3177 1375 3351 1427 δεῖσθε
3375 1376 3431 1428 δὲ
3465 1376 3574 1427 τῶν
3607 1380 3987 1445 σημαινόντων

2401 1464 2550 1532 ὑμῖν,
2579 1465 2672 1515 καὶ
2699 1463 3008 1516 καλούντων
3045 1466 3126 1526 είς
3160 1467 3259 1534 τὴν
3288 1467 3613 1536 παράταξιν.

2459 1637 2718 1705 Μεγάλοι
2739 1640 2808 1702 ἐξ
2815 1659 2828 1690 ι
2837 1641 3116 1710 χνιασμοὶ
3140 1642 3408 1708 καρδίας.
3424 1643 3673 1696 Γαλαὰδ
3694 1645 3764 1696 ἐν
3783 1643 3862 1707 τῷ
3884 1645 3986 1696 πέο

2392 1745 2514 1795 ραν
2535 1728 2639 1781 τοῦ
2669 1729 2972 1796 Ἰορδάνου
3004 1731 3458 1796 κατεσκήνωσε.
3490 1733 3680 1784 Κείται
3711 1734 3742 1800 ἡ
3776 1731 3985 1782 Γαλαὰδ

705 1821 855 1870 uices
893 1825 944 1870 et
969 1817 1204 1881 Arabia;
1238 1817 1618 1886 contingitque
1642 1813 1943 1871 Libanum.
2001 1815 2286 1872 Protendit
2321 1806 2362 1863 Β
2392 1821 2432 1870 ὲτ

2353 1811 2362 1861 ι
2392 1819 2485 1870 ἐπὶ
2505 1820 2572 1871 τὰ
2596 1820 2739 1872 νῶτα
2765 1824 2864 1891 τῆς
2881 1821 3134 1891 Φοινίκης
3165 1823 3258 1874 καὶ
3276 1825 3373 1891 τῆς
3392 1823 3656 1892 Ἀραϐίας
3677 1840 3687 1852 ·
3705 1823 3798 1874 καὶ
3821 1823 3983 1874 συνά-

705 1923 831 1959 vero
851 1922 906 1960 se
933 1923 1026 1976 per
1043 1907 1342 1971 desertum,
1359 1907 1424 1960 ad
1455 1909 1613 1959 linem
1631 1907 1751 1974 ejus
1775 1921 1938 1976 supra
1963 1905 2278 1963 Jordanem.

703 1999 759 2052 lu
795 2015 898 2066 qua
937 1999 1203 2052 habitavit
1239 1999 1380 2052 Seon
1409 1998 1930 2064 Amorrliazus.Qu2e
1949 2008 2098 2054 sorte
2118 2010 2285 2055 cessrt

699 2098 918 2150 duabus
943 2097 1188 2149 dimidiis
1211 2095 1486 2148 tribubus.
1518 2094 1591 2148 De
1623 2110 1728 2163 qua
1760 2095 1812 2147 in
1845 2093 2120 2150 Jeremia:
2158 2116 2175 2146 ι
2201 2095 2283 2149 Tn

698 2190 829 2241 milii
863 2187 1196 2256 principium
1232 2184 1424 2239 Libani
1447 2186 1516 2251 ⁷³,
1554 2205 1571 2235 ι
1609 2185 1820 2238 dictum
1845 2194 1950 2240 est.
1993 2184 2088 2240 Est
2119 2202 2284 2255 porro

696 2298 854 2335 mons
893 2296 1112 2349 quoque
1154 2277 1384 2342 Galaad,
1419 2287 1473 2332 et
1531 2279 1732 2333 civitas
1768 2279 2013 2347 ejusdem
2045 2280 2283 2334 nominis

695 2387 862 2440 super
926 2387 1011 2425 eo.
1069 2371 1245 2436 Quam
1311 2370 1379 2423 ab
1407 2370 1732 2423 Amorrlneo
1808 2371 2022 2440 accepit
2071 2369 2280 2425 Galaad

696 2467 840 2517 lilius
897 2461 1129 2528 Maclnir,
1185 2477 1356 2532 nepos
1394 2460 1692 2516 Manassis.
1727 2461 1821 2516 Isti
1866 2463 2279 2532 igitur,inquit,

695 2557 884 2624 procul
932 2564 1084 2608 trans
1142 2552 1437 2607 Jordanem
1475 2553 1688 2619 sedent,
1735 2569 1860 2606 cum
1894 2555 2072 2608 adhuc
2109 2555 2280 2622 pluri-

695 2664 839 2699 mum
873 2656 1034 2699 terra:
1077 2646 1218 2699 intra
1248 2643 1547 2697 Jordanem
1599 2653 1823 2713 possent
1857 2659 2078 2712 capere.
2109 2646 2283 2698 Inter-

693 2741 898 2807 pretari
931 2754 1059 2791 vero
1091 2739 1218 2792 licet
1246 2735 1476 2800 Galaad,
1524 2738 1860 2806 migrationis
1898 2738 2278 2792 testimonium.

694 2831 892 2884 Eorum
961 2831 1130 2900 igitur
1176 2831 1270 2900 qui
1317 2829 1370 2883 in
1437 2839 1586 2883 terra
1646 2830 1920 2892 habitant,
1951 2839 2004 2883 et
2054 2828 2282 2882 advenae

692 2935 840 2983 sunt,
877 2937 1086 2990 magna
1126 2921 1312 2975 cordis
1354 2923 1748 2974 scrutationes.
1793 2920 2282 2976 Transcenderunt

688 3013 834 3065 enim
869 3027 1084 3064 omnem
1129 3011 1407 3066 carnalem
1463 3013 1885 3081 cogitationem.

763 3124 880 3177 Dan
909 3142 1003 3178 cur
1025 3125 1165 3192 apud
1191 3142 1343 3179 naves
1386 3126 1570 3180 sedet?
1593 3135 1699 3179 etc.
1734 3123 1926 3178 Tradit
1957 3125 2099 3179 enim
2122 3125 2276 3181 Jose-

689 3219 853 3286 phus,
900 3216 1168 3271 Israelitis
1228 3219 1281 3270 in
1317 3218 1590 3288 ignaviam
1647 3217 1892 3286 delapsis
1933 3218 2276 3272 Cliauana-os

687 3317 904 3377 sumpto
971 3309 1157 3362 animo
1190 3322 1420 3377 magnas
1469 3309 1871 3378 conscripsisse
1922 3310 2132 3379 cupias,
2159 3321 2212 3362 et
2247 3326 2274 3362 a

686 3407 832 3457 tribu
865 3404 1088 3474 quidem
1141 3402 1304 3467 Juda,
1338 3405 1576 3458 Ascalon
1619 3412 1673 3458 et
1712 3405 1985 3469 Accaron,
2026 3405 2276 3472 aliusque

685 3495 887 3549 multas
927 3496 981 3547 in
1022 3508 1218 3563 campo
1253 3495 1563 3564 explicatas
1625 3495 1786 3549 urbes
1837 3496 2131 3559 avulsisse,
2170 3493 2273 3547 Da-

684 3590 830 3641 nitus
881 3601 1010 3640 vero
1052 3586 1104 3637 in
1141 3597 1386 3639 montem
1451 3584 1753 3655 confugere
1801 3587 2075 3655 adegisse,
2111 3601 2171 3640 ac
2203 3588 2271 3642 iis

681 3679 900 3746 quidem
968 3678 1037 3730 de
1069 3691 1265 3745 campo
1297 3678 1434 3730 nihil
1485 3677 1798 3744 reliquisse.
1845 3677 2019 3732 Porro
2043 3695 2139 3748 per
2173 3695 2271 3733 cx-

682 3769 988 3836 ploratores
1060 3768 1304 3835 quinque
1355 3768 1581 3834 cognito
1643 3768 1787 3834 quod
1837 3777 1980 3820 terra
2015 3783 2271 3838 amagno

682 3861 902 3913 Sidonis
939 3875 1136 3928 euupo
1173 3859 1315 3912 bona
1349 3873 1412 3912 ac
1447 3860 1731 3914 fructuosa
1766 3870 2081 3921 esset,cum
2106 3875 2268 3912 exer-

676 3955 787 4006 citu
841 3955 1142 4021 eruptione
1203 3951 1371 4017 facta,
1407 3953 1598 4006 urbem
1681 3952 1881 4005 ibidem
1932 3952 2098 4005 tribui
2155 3951 2267 4006 Dan

675 4045 1058 4113 cognominem
1132 4054 1481 4112 comparant.
1545 4041 1773 4096 Viciniu:
1815 4043 2000 4111 itaque
2045 4043 2268 4098 nomine

675 4139 936 4208 probrum
987 4137 1039 4188 in
1074 4137 1250 4206 ipsam
1289 4135 1564 4190 redundat
1592 4150 1841 4205 quoque.
1892 4134 2267 4200 Quemadmo-

673 4232 800 4281 dum
833 4230 1012 4283 lsraeli
1036 4244 1256 4298 quoque
1277 4229 1511 4282 dicitur:
1550 4248 1566 4280 ι
1617 4228 1758 4294 Quid
1799 4228 1896 4282 tibi
1932 4230 2035 4292 vis,
2062 4227 2257 4296 Israel,

671 4320 814 4385 quod
852 4321 904 4372 in
937 4329 1084 4372 terra
1123 4319 1366 4374 hostium
1400 4320 1770 4374 consistis"?
1814 4340 1832 4372 ι
1876 4319 1930 4373 Si
1967 4321 2115 4375 enim
2154 4321 2265 4376 Deo

670 4393 1058 4474 utilia-sissent,
1120 4411 1236 4465 haec
1296 4414 1490 4482 utique
1567 4428 1676 4466 non
1731 4413 2049 4466 evenissent
2131 4414 2262 4469 illis.

675 4505 1014 4558 Vaticinatur
1048 4518 1179 4557 vero
1211 4503 1279 4557 de
1309 4505 1473 4557 rebus
1508 4515 1696 4574 postea
1742 4491 2052 4559 eveniuris.

739 4616 868 4667 Aser
897 4613 1029 4667 sedit
1063 4615 1116 4666 in
1146 4615 1376 4668 statione
1398 4616 1610 4668 navium
1646 4618 1785 4678 apud
1829 4615 1980 4667 littus
2009 4618 2262 4680 murium,

667 4710 788 4760 etin
839 4707 1075 4775 rupturis
1100 4707 1210 4760 suis
1235 4709 1454 4760 mansit.
1514 4706 1757 4762 Zabulou
1794 4709 2017 4776 populus
2063 4708 2264 4762 devovit

667 4804 823 4854 virum
849 4817 1002 4854 suam
1037 4801 1090 4853 in
1136 4810 1379 4854 mortem.
1417 4798 1556 4872 [l8.]
1615 4800 1761 4854 Colit
1819 4800 1965 4856 enim
2007 4803 2205 4854 vallem
2234 4819 2261 4855 a

665 4891 939 4956 Cui-inelo,
971 4891 1288 4960 cujusmodi
1320 4899 1433 4944 tota
1471 4904 1617 4946 terra
1662 4893 1854 4947 Sidoni
1896 4894 2130 4948 obversa
2153 4903 2257 4948 est.

664 4982 908 5035 Zabulou
943 4997 1072 5036 vero
1106 4990 1308 5035 terram
1333 4998 1508 5052 usque
1529 4983 1597 5036 ad
1623 4983 1804 5037 lacum
1842 4983 2254 5047 tiennezaretli,

659 5087 825 5139 supra
864 5071 1182 5126 Carmelum
1211 5081 1265 5127 et
1325 5088 1479 5127 mare
1534 5075 1942 5144 prominentem
1971 5087 2055 5130 est
2085 5078 2253 5130 sorti-

659 5175 768 5215 tus.
824 5162 1085 5217 Ostendit
1137 5163 1312 5232 igitur
1387 5173 1610 5233 propter
1665 5164 1760 5218 Dei
1824 5165 2134 5236 neglectum
2198 5168 2250 5220 in

658 5266 952 5324 angustum
1014 5255 1210 5325 copias
1277 5258 1523 5324 ipsorum
1574 5267 1800 5311 coactas
1855 5272 2003 5320 esse,
2059 5259 2250 5328 paula-

658 5354 865 5418 timque
894 5363 922 5402 ιι
946 5347 1277 5403 ϐΙιοιιιιηαιὶε
1304 5364 1368 5404 ac
1405 5349 1604 5404 vicinis
1645 5351 1901 5420 gentibus
1934 5351 2246 5420 compilari.

720 5526 767 5559 "
814 5527 1018 5586 Jerein.
1057 5546 1194 5595 χιιι,
1252 5532 1306 5586 6.
1387 5531 1432 5562 ⁸⁸
1479 5531 1720 5585 Barucli.
1769 5546 1849 5595 ιιι,
1883 5529 1972 5584 lO.

2388 1927 2514 1962 πτει
2531 1910 2608 1979 τῷ
2631 1911 2868 1981 Λιὸἀνῳ,
2888 1913 2979 1964 καὶ
3007 1913 3327 1978 παρατείνει
3345 1914 3430 1965 διὰ
3451 1913 3550 1980 τῆς
3575 1913 3784 1983 ἐρήμου
3821 1914 3982 1982 μέχρι

2386 1998 2488 2067 τῆς
2542 2001 2683 2070 ὑπὲρ
2729 2001 2822 2052 τὸν
2856 2001 3131 2070 Ἰορδάνην
3190 2002 3484 2073 Πετραίας.
3537 1997 3689 2073 Ἑνῇ
3738 2001 3983 2072 κατῴκει

2388 2091 2579 2144 Σιὼνό
2613 2094 2963 2163 Ἀμορραῖος.
3001 2096 3110 2168 ξῊν
3169 2092 3556 2162 ἐκληρώσαντο
3605 2096 3660 2146 at
3712 2094 3806 2146 δύο
3853 2095 3985 2165 ἠμί-

2389 2200 2500 2244 σεις
2539 2183 2727 2250 φυλαί,
2767 2185 2949 2236 Καὶὲν
3000 2183 3240 2254 Ἱερεμίᾳ
3283 2185 3359 2247 δὲ,
3411 2203 3428 2234 ι
3469 2184 3538 2236 Σύ
3572 2203 3662 2253 μοι
3706 2186 3850 2254 ἁρχὴ
3883 2185 3978 2238 τοῦ

2385 2274 2642 2334 Λιϐάνου,
2684 2294 2702 2326 ι
2757 2277 2996 2344 εἴρηται.
3034 2277 3190 2328 Ἐστι
3221 2276 3278 2328 δὲ
3333 2279 3425 2328 καὶ
3459 2277 3582 2344 ὅρος
3618 2275 3852 2337 Γαλαὰδ,
3886 2278 3979 2329 καὶ

2387 2370 2541 2431 πόλις
2567 2369 2856 2438 ὁμώνυμος
2889 2371 2976 2421 ἐπ’
3007 2370 3155 2439 αὐτῷ
3174 2387 3188 2402 ο
3218 2370 3284 2439 ἢν
3310 2369 3500 2421 ἔλαϐεν
3530 2369 3636 2420 ἀπὸ
3657 2368 3750 2420 τοῦ
3777 2369 3982 2440 Ἀμορ-

2335 2455 2344 2463 ’
2389 2462 2544 2531 ραίου
2590 2463 2801 2515 Γαλαὰδ
2832 2463 2945 2524 υἱὸς
2969 2462 3186 2532 Μαχεὶρ
3221 2461 3337 2514 υἱοῦ
3357 2461 3648 2530 Μανασσῆ.
3669 2455 3832 2513 Οὗτοι
3857 2457 3972 2522 οὖν,

2387 2556 2540 2624 φησὶ,
2577 2556 2766 2626 πόρῤω
2797 2555 3114 2609 κατοικοῦσι
3145 2557 3321 2626 πέραν
3353 2556 3447 2608 τοῦ
3499 2555 3787 2625 Ἰορδάνου,
3816 2555 3976 2607 δυνά-

2389 2666 2543 2718 μενοι
2574 2653 2672 2718 τῆς
2708 2649 2858 2712 ἐντὸς
2893 2650 3094 2719 πολλὴν
3120 2651 3260 2716 ἄγαν
3287 2650 3448 2702 ἑλεῖν.
3488 2649 3888 2718 Ἐρμηνεύεται
3919 2649 3975 2700 δὲ

2385 2743 2615 2802 Γαλαὰδ.
2631 2745 3019 2810 μετοικησιάς
3030 2745 3343 2810 μαρτυρία.
3367 2741 3485 2794 Τῶν
3512 2738 3604 2794 οὖν
3634 2741 3975 2809 σκηνούντων

2385 2835 2478 2886 καὶ
2509 2834 2918 2901 παροικούντων
2945 2834 3001 2884 ὲν
3034 2836 3097 2902 τῇ
3131 2835 3200 2902 γῇ
3249 2832 3476 2901 μεγάλοι
3531 2831 3630 2897 τῆς
3665 2831 3892 2900 καρδίας
3926 2831 3974 2882 oi

2383 2924 2745 2993 ἐξιχνιασμοί.
2785 2922 3340 2994 ’Υπεραναϐεὸήκασι
3383 2923 3492 2992 γὰρ
3540 2924 3734 2975 πᾶσαν⁹
3765 2923 3974 2975 ἔννοιαν

2386 3019 2681 3085 σαρκικήν.

2459 3106 2566 3159 Καὶ
2619 3107 2739 3160 Ain-
2791 3109 2878 3169 είς
2930 3107 2984 3159 τί
3027 3105 3304 3173 παροικεῖ
3359 3105 3638 3170 πλοίοις;
3691 3107 3829 3174 Φησὶ
3861 3105 3972 3174 γὰρ

2381 3201 2646 3268 Ἰώσηπος
2700 3202 2836 3271 (58),
2897 3202 2973 3264 ὡς
3037 3200 3144 3253 τῶν
3206 3201 3266 3264 ἐξ
3317 3199 3536 3268 Ἰσραὴλ
3592 3202 3974 3252 ἀναπεσόντων

2381 3299 2459 3357 εἰς
2510 3294 2812 3365 ρᾳθυμίαν,
2847 3297 2896 3346 οί
2954 3296 3252 3348 Χαναναῖοι
3291 3293 3693 3364 θαρρήσαντες,
3730 3293 3823 3343 καὶ
3865 3311 3975 3344 πα-

2383 3388 2852 3456 ρασκευασάμενοι
2903 3388 3146 3459 μεγάλας
3188 3386 3450 3455 δυνάμεις
3474 3427 3487 3449 ,
3514 3385 3629 3453 ’τῆς
3677 3386 3772 3454 μὲν
3804 3385 3974 3437 ’ἰούδα

2378 3480 2550 3549 φυλῆς
2574 3482 2673 3549 τὴν
2714 3479 3037 3532 Ἀσκάλωνα
3063 3479 3158 3531 καὶ
3197 3477 3485 3546 Ἀκκαρὼν
3523 3479 3971 3547 παρεσπάσαντο,

2376 3572 2542 3634 ἄλλας
2606 3590 2664 3625 τε
2721 3575 2778 3625 ὲν
2830 3572 2908 3641 τῷ
2954 3571 3120 3641 πεδίῳ
3174 3571 3407 3630 πολλάς·
3448 3571 3572 3632 τοὺς
3633 3570 3690 3622 δὲ
3742 3571 3974 3630 Δανίτας

2376 3666 2456 3726 εἰς
2487 3665 2545 3715 τὸ
2575 3663 2699 3734 ὅρος
2723 3663 3046 3733 ἠνάγκασαν
3078 3664 3412 3731 συμφυγεῖν,
3446 3661 3538 3714 τοῦ
3575 3661 3762 3713 πεδίου
3797 3677 3971 3714 κατα-

2374 3758 2623 3821 λιπόντες
2647 3757 2856 3818 τούτοις
2878 3756 3052 3810 ούδὲν.
3078 3754 3177 3806 Διὰ
3203 3755 3364 3807 πέντε
3394 3755 3449 3807 δὲ
3471 3754 3837 3807 κατασκόπων
3867 3770 3971 3820 μα-

2374 3850 2558 3913 θόντες
2582 3849 2686 3918 γῆν
2713 3848 2925 3919 ἀγαθὴν
2959 3843 3100 3900 εἶναι
3130 3848 3227 3901 καὶ
3249 3848 3541 3918 πάμφορον
3566 3847 3707 3900 κατὰ
3737 3847 3798 3898 τὸ
3825 3847 3969 3914 μέγα

2374 3941 2558 3993 πεδίον
2593 3939 2820 4002 Σιδῶνος
2844 3940 3179 4009 ὁρμηθέντες
3201 3939 3442 4010 στρατῷ,
3471 3939 3751 4002 κτίζουσιν
3778 3938 3967 3991 αὐτόθι

2372 4031 2527 4083 πόλιν
2549 4030 2655 4082 Δὰν
2686 4030 2977 4099 ὁμώνυμον
3006 4033 3070 4100 τῇ
3106 4029 3272 4100 φυλῇ.
3301 4029 3652 4094 Ὀνειξίζεται
3679 4029 3860 4081 τοίνυν
3891 4029 3964 4090 ὡς

2373 4121 2675 4190 παροικῶν.
2696 4119 2782 4183 Ὠς
2812 4121 2904 4173 καὶ
2933 4120 3011 4190 τῷ
3042 4121 3262 4190 Ἰσραὴλ
3302 4120 3552 4188 λέγεται·
3581 4140 3598 4171 ι
3624 4121 3688 4172 Τί
3712 4122 3828 4173 ἐστί
3860 4138 3963 4184 σοι,

2383 4213 2622 4284 Ἰσραὴλ,
2658 4215 2738 4267 ὅτι
2769 4216 2825 4266 ἐν
2875 4217 2945 4284 γῇ
2993 4213 3103 4266 τῶν
3141 4213 3354 4284 ἐχθρῶν
3391 4208 3472 4279 ei;
3511 4233 3528 4264 ι
3566 4214 3626 4266 Et
3659 4213 3768 4283 γὰρ
3821 4209 3965 4284 ἦσαν

2373 4307 2509 4376 μετὰ
2530 4306 2688 4373 Θεοῦ,
2719 4305 2894 4359 ταῦτα
2921 4307 3021 4359 ούκ
3052 4306 3308 4376 ἔπασχον.
3341 4306 3722 4378 Παραγγέλλει
3746 4307 3802 4359 δὲ
3834 4324 3962 4376 προ-

2370 4398 2619 4468 φητικῶς
2646 4400 2706 4452 τὸ
2739 4399 2968 4468 ὕστερον
2998 4401 3389 4470 γενησόμενον.

2443 4609 2906 4675 Πλοίοιςᾋσὴρ
2958 4609 3283 4677 παρῴκησε
3335 4610 3473 4676 παρ’
3511 4608 3802 4676 αἰγιαλῶν
3854 4615 3960 4664 θα·

2369 4703 2645 4765 λασσῶν,
2683 4703 2782 4756 καὶ
2811 4705 2911 4756 ἐπὶ
2943 4706 3046 4767 τὰς
3071 4704 3328 4769 δικοπὰς
3354 4703 3542 4758 αὑτοῦ
3579 4705 3961 4769 κατεσκήνω-

2366 4812 2442 4848 σε
2479 4795 2817 4850 Ζαϐουλὼν.
2855 4798 3012 4862 Λαὸς
3069 4797 3345 4851 ὠνείδισε
3399 4796 3613 4865 ψυχὴν
3651 4793 3839 4848 αὑτοῦ
3875 4797 3963 4861 εἷς

2365 4888 2645 4942 θάνατον.
2667 4890 2988 4959 Ἀσσηρῖται
3013 4891 3120 4960 γὰρ
3147 4891 3242 4959 τὴν
3266 4890 3371 4942 ἀπὸ
3395 4889 3487 4940 τοῦ
3517 4887 3818 4956 Καρμήλου
3851 4903 3965 4938 κοι-

2359 4980 2493 5035 λάδα
2523 4997 2536 5010 ο
2571 4981 2795 5052 τοιαύτη
2827 4982 2935 5048 γὰρ
2972 4983 3120 5035 πᾶσα
3147 4984 3178 5051 ἡ
3208 4982 3299 5033 ἐπὶ
3321 4981 3550 5043 Σιδῶνος
3579 4979 3962 5049 τετραμμένη)

2364 5076 2765 5147 κεκλήρωνται.
2806 5075 3097 5130 Ζαὸουλὼν
3126 5074 3204 5139 δὲ,
3246 5074 3342 5144 τὴν
3382 5073 3541 5142 μέχρι
3575 5070 3964 5141 Γεννησαρίτι-

2361 5169 2450 5232 δος
2485 5169 2706 5241 λίμνης,
2741 5167 3095 5238 καθήκουσαν
3129 5167 3186 5220 δὲ
3225 5167 3366 5236 ὑπὲρ
3405 5162 3708 5235 Κάρμηλον
3739 5163 3834 5214 καὶ
3866 5162 3965 5215 θά-

2360 5263 2585 5327 λατταν,
2620 5263 2834 5333 ἔλαχον.
2869 5263 3153 5315 Δείκνυσιν
3188 5255 3283 5313 οὖν
3310 5301 3324 5325 ,
3359 5258 3432 5321 ὡς
3467 5258 3555 5311 διὰ
3587 5256 3683 5327 τὴν
3712 5258 3793 5317 είς
3825 5255 3962 5307 Θεὸν

2362 5355 2678 5426 παράϐασιν
2730 5355 3080 5427 συνήχθησαν
3135 5357 3216 5416 είς
3277 5351 3485 5417 στενὸν,
3539 5348 3960 5420 παρασπῶντων

2187 5666 2421 5724 NOTAE.

725 5787 839 5858 (56)
882 5790 967 5843 Ἐν
992 5793 1066 5862 τῷ
1099 5792 1227 5860 περὶ
1252 5791 1502 5843 Ίουδαῐγ.
1558 5788 1805 5860 ἀρχαιολ.
1839 5789 1870 5840 3
1907 5805 2028 5854 κεφ.
2091 5785 2182 5839 τοῦ
2211 5787 2243 5838 ."i
2287 5785 2432 5855 βιϐλ.
