4272 6446
257 402 276 462 l
289 399 388 460 M7

1330 391 1539 450 COMM
1556 387 1869 448 ICNTARII
1918 388 1994 445 1N
2039 385 2373 445 J'UIHCES.

3377 375 3522 438 1078

244 508 547 576 δεδεμένων
581 501 878 556 ἀλωπέκων
902 501 1146 570 πορείας.
1171 499 1322 567 Τάχα
1350 499 1458 566 γὰρ
1481 496 1635 556 τέλος
1660 492 1826 545 τοιοῦ-
1865 499 1903 550 Λ

1865 499 1903 550 Α
1935 490 2080 559 quod
2125 489 2332 543 factum
2377 502 2502 542 cum
2551 487 2822 556 colligata:
2877 488 3070 558 vulpes
3142 487 3196 538 iu
3247 484 3522 537 divorsum

249 598 339 650 τόν
375 598 488 647 ἐστι
534 597 646 656 τοῖς
707 591 1002 660 μοχθηροῖς
1046 591 1314 659 γεωργοῖς
1372 583 1830 655 παραδιδομένοις

245 690 320 749 ὡς
352 687 481 740 ἄλλο
512 705 562 738 τι
595 686 669 752 τῷ
712 683 925 752 Σατανᾷ
959 685 1041 744 είς
1068 679 1289 750 ὄλεθρον
1309 680 1406 747 τῆς
1427 677 1627 746 σαρκός
1651 692 1662 704 ·
1689 673 1832 726 οῦτω

247 783 367 840 ταῖς
399 778 672 842 ἁλὼπεξιν
721 773 1152 844 ἐπιφερομέναις
1205 771 1492 840 λαμπάδας
1521 771 1602 831 είς
1641 769 1833 836 ἀφανι-

251 873 388 942 σμὸν
419 871 622 926 αὐτῶν.

327 1048 484 1099 Ἐστι
532 1064 614 1108 τις
672 1046 887 1116 πρῶτος
918 1045 1057 1096 λέων
1088 1044 1115 1096 6
1155 1040 1533 1110 ἀντικείμενος
1570 1038 1835 1098 διάϐολος,

252 1140 346 1190 καὶ
371 1140 488 1190 ἔστι
517 1156 599 1200 τις
629 1138 856 1207 ἔσχατος
879 1137 1096 1189 πάντων
1116 1137 1143 1187 6
1171 1134 1263 1187 ἐπὶ
1288 1131 1564 1202 συντελείᾳ
1592 1148 1841 1199 φανερω-

254 1232 581 1298 Οησόμενςς.
609 1233 637 1281 6
673 1230 962 1298 ἄνθρωπος
1007 1228 1109 1296 τῆς
1164 1226 1476 1296 ἁμαρτίας,
1509 1225 1537 1275 6
1581 1224 1692 1284 υίὸς
1743 1225 1842 1290 τῆς

255 1324 558 1384 ἀπωλείας,
581 1326 607 1375 6
641 1321 1015 1390 ἀντικείμενος
1039 1322 1132 1371 καὶ
1161 1319 1525 1386 ἐπαιρόμενος
1552 1317 1643 1368 ἐπὶ
1668 1315 1845 1367 πάντα

256 1415 555 1484 λεγόμενον
581 1415 737 1475 Θεὸν,
771 1414 802 1483 ἢ
836 1413 1106 1482 σέϐασμα.
1149 1410 1370 1474 Μεταξὺ
1408 1409 1464 1462 δὲ
1504 1407 1596 1460 τοῦ
1624 1407 1717 1460 ἀπ’
1746 1408 1847 1474 ἁρ-

259 1507 364 1576 χῆς
394 1505 851 1576 ἀνοριυποκτόνου
897 1505 990 1557 καὶ
1037 1504 1133 1557 τοῦ
1174 1503 1404 1573 ὑστέρου
1454 1500 1668 1561 λέοντος
1708 1497 1850 1550 κατὰ

260 1599 454 1665 γενεὰν
478 1600 694 1659 λέοντες
730 1595 1214 1668 προσπολεμοῦσιν
1238 1592 1570 1662 ἀνθρώποις.
1601 1591 1708 1643 Καὶ
1752 1589 1852 1640 οὐκ

258 1687 332 1761 ἦν
372 1691 538 1760 γενεᾶ
577 1691 666 1743 ὅτε
713 1690 852 1742 λέων
905 1691 1004 1741 οὐκ
1042 1685 1132 1758 ἦν.
1167 1687 1277 1740 Καὶ
1309 1686 1456 1738 κατὰ
1485 1684 1582 1753 τὴν
1614 1680 1852 1750 Σαμψὼν

263 1781 456 1846 γενεὰν
496 1781 632 1832 λέων
657 1797 741 1842 τις
778 1775 845 1849 ἦν
887 1778 1038 1850 παρᾶ
1070 1777 1166 1848 τὴν
1212 1777 1352 1836 ὁδὸν,
1391 1776 1449 1828 ὂν
1497 1774 1813 1826 ἀπέκτεινεν
1838 1785 1851 1798 ·

1937 593 2180 638 ruerent.
2221 583 2479 636 Fortasse
2527 582 2674 634 enim
2705 582 2942 648 improbi
2979 581 3232 643 agricolae.
3255 580 3397 631 hanc
3431 594 3524 630 ra-

1937 672 2238 726 latuitatetn
2296 671 2671 732 merebantur,

1939 762 2028 815 cui
2052 770 2105 815 et
2127 762 2232 815 alia
2259 777 2286 813 a
2316 760 2428 816 Deo
2459 760 2773 826 traduntur,
2803 771 2860 815 ut
2887 763 3147 831 perdatur
3171 775 3532 829 caro,quema

1940 855 2234 908 admodum
2267 863 2482 924 segetes
2524 871 2744 925 quoque
2792 856 3059 912 immissis
3111 856 3367 926 vulpibus
3403 869 3526 908 cum

1943 946 2154 1000 facibus
2189 956 2566 1002 suntvastatze
2608 956 2659 1001 et
2689 948 2942 1002 inductre.

2743 680 2800 723 ut
2845 672 3196 724 traderentur
3237 668 3452 722 Satana:
3478 670 3522 724 ’³.

2015 1038 2286 1093 Cancrum
2345 1038 2412 1090 de
2467 1038 2626 1092 leone
2687 1040 2816 1091 illud
2871 1049 2952 1092 est
3009 1037 3327 1096 tenendum,
3389 1036 3534 1104 quod

1946 1131 2158 1194 primus
2185 1127 2410 1196 quidam
2449 1129 2531 1180 leo
2577 1137 2684 1187 est,
2733 1127 3088 1181 adversarius
3123 1128 3212 1180 ille
3248 1127 3531 1179 diabolus.

1951 1217 2154 1272 Deinde
2189 1231 2500 1286 postremus
2530 1219 2757 1287 quidam
2806 1220 3052 1271 omnium
3083 1219 3175 1287 qui
3214 1219 3266 1271 in
3301 1220 3405 1270 line
3432 1233 3536 1270 sm-

1949 1309 2059 1361 Cttli
2109 1309 2328 1377 patefiet
2356 1309 2601 1371 demum,
2639 1311 2803 1361 homo
2835 1309 3090 1363 videlicet
3127 1311 3360 1378 peccati,
3396 1307 3540 1362 filius

1949 1399 2299 1468 perditionis,
2360 1398 2754 1465 adversarius,
2817 1401 2910 1469 qui
2970 1415 3094 1454 sese
3153 1400 3313 1453 effert
3371 1414 3539 1467 super

1952 1508 2115 1546 omne
2148 1493 2199 1544 id
2231 1493 2374 1561 quod
2411 1492 2554 1548 Deus
2607 1503 2702 1546 aut
2755 1510 2958 1548 numen
3014 1495 3218 1548 dicitur
3266 1496 3328 1548 ¹⁰.
3370 1493 3544 1548 Crete-

1957 1600 2074 1635 rmn
2106 1584 2247 1635 inter
2277 1583 2600 1651 primmvum
2656 1585 2807 1636 illutn
2865 1585 3224 1647 houiicdam,
3260 1594 3315 1638 et
3365 1595 3546 1653 poste-

1956 1675 2156 1728 riurcm
2213 1675 2422 1727 leonem
2474 1677 2734 1730 omnibus
2794 1678 3015 1730 smculis
3050 1677 3237 1730 leones
3299 1686 3547 1746 pugnant

1957 1782 2080 1819 eum
2121 1767 2462 1825 hominibus.
2499 1783 2679 1836 neque
2715 1769 2822 1820 ulla
2877 1777 3010 1821 retas
3048 1766 3149 1821 fuit
3197 1769 3248 1820 in
3295 1784 3418 1848 qua.
3441 1784 3548 1822 nun

261 1842 435 1939 οὗπερ
482 1869 645 1938 ἐντῷ
691 1842 921 1938 στόματι
971 1842 1296 1934 τεθνηκότος
1347 1861 1659 1932 εὑρίσκεται
1705 1855 1848 1926 μέλι.
1891 1842 1928 1894 Β

1891 1842 1928 1894 Β
1959 1857 2120 1909 etiam
2172 1856 2253 1909 leo
2291 1855 2479 1910 fuerit.
2515 1859 2591 1910 Ac
2628 1867 2878 1927 tempore
2933 1859 3222 1924 Samsonis
3284 1859 3368 1912 leo
3396 1842 3552 1928 ‘qui-

266 1965 310 2015 Ν
320 1961 654 2034 εκρὼσωμεν
681 1957 774 2014 οῦν
807 1960 898 2013 τὸν
924 1959 1347 2012 ἐπιϐουλεύοντα
1380 1954 1590 2008 λέοντα.
1639 1950 1852 2009 Ζὼντος

264 2057 375 2122 γὰρ
402 2056 460 2106 ἐν
487 2053 566 2123 τῷ
593 2054 832 2122 στόματι
873 2053 974 2106 οὐκ
1004 2050 1069 2104 ἂν
1110 2050 1416 2120 εὑρίσκοιτο
1453 2045 1597 2116 μέλι.
1622 2041 1854 2108 Λέγεται

264 2148 321 2199 δὲ
355 2147 460 2207 πᾶς
494 2146 632 2198 λέων
659 2145 767 2210 ζῶν
799 2145 894 2197 καὶ
922 2143 1328 2207 δυσωδέστατον
1371 2140 1515 2208 ἔχειν
1553 2136 1615 2188 τὸ
1656 2134 1851 2202 στόμα.

271 2237 581 2307 Παράδοξον
608 2233 700 2290 οῦν
732 2237 790 2290 τὸ
822 2239 886 2289 ἐκ
925 2235 1196 2297 δυσώδους
1244 2232 1515 2302 στόματος
1566 2227 1855 2298 εὑρεθῆναι

271 2330 396 2400 μέλι
426 2328 485 2380 τὸ
513 2329 729 2381 πάντων
769 2326 1128 2396 γλυκύτατον.

345 2600 561 2669 Σιαγὼν
613 2599 778 2662 τόπος
834 2593 902 2668 ἦν
941 2595 1228 2665 ἀνώνυμος
1284 2593 1585 2664 πρότερον,
1640 2587 1862 2658 κληθεὶς

273 2697 385 2748 ἀπὸ
420 2699 519 2765 τῆς
566 2694 816 2761 σιαγόνος
867 2689 961 2743 τοῦ
1003 2691 1149 2751 ὄνου,
1191 2688 1256 2758 ἢν
1301 2687 1494 2740 ἔλαϐεν
1542 2686 1570 2735 6
1601 2681 1860 2752 Σαμψὼν,

273 2788 369 2838 καὶ
397 2785 576 2838 ἀνεῖλε
628 2784 755 2845 τοὺς
789 2779 1146 2849 ἀλλοφύλους,
1175 2776 1520 2847 ὀνησιφόροις
1565 2772 1746 2842 λόγοις
1776 2786 1862 2821 νε-

278 2875 499 2946 κρώσας
533 2874 740 2927 τούτων
769 2873 834 2926 τὰ
856 2873 1123 2942 δόγματα.

1959 1949 2081 2001 dem
2117 1964 2280 2004 secus
2307 1952 2448 2003 viam
2476 1960 2595 2005 erat
2623 1967 2784 2021 quem
2818 1952 3041 2013 occidit,
3077 1953 3130 2004 in
3161 1951 3321 2020 cujus
3346 1951 3542 2005 defun-

1961 2042 2034 2094 cti
2071 2055 2168 2095 ore
2232 2044 2337 2095 tnel
2392 2043 2687 2113 reperitur.
2741 2043 3150 2098 lnterlieiamus
3203 2045 3370 2113 igitur
3411 2046 3550 2098 insi-

1963 2135 2202 2189 diantem
2262 2135 2494 2190 leonem.
2546 2137 2682 2190 Cum
2734 2138 2879 2190 enim
2937 2139 3165 2204 viveret,
3217 2141 3268 2193 in
3302 2154 3394 2192 ore
3425 2139 3550 2207 ejus

1969 2227 2074 2280 mel
2143 2228 2354 2281 nullum
2419 2231 2798 2300 reperiebatur
2851 2232 3059 2300 utique.
3129 2233 3321 2286 Fertur
3369 2242 3552 2285 autent

1964 2318 2215 2387 quemvis
2269 2319 2479 2372 leonem
2516 2321 2698 2372 vivum
2750 2337 2812 2374 us
2862 2321 3062 2375 habere
3122 2321 3553 2383 fetidissimutn,

1966 2410 2102 2465 adeo
2132 2419 2188 2463 ut
2211 2411 2358 2465 dictu
2387 2411 2459 2464 sit
2483 2412 2802 2479 mirificum,
2831 2415 2883 2467 in
2921 2429 3014 2469 ore
3044 2408 3209 2469 fetido
3241 2416 3344 2468 mel
3374 2431 3559 2486 reper-

1969 2508 2082 2554 tum
2118 2517 2240 2557 esse
2280 2502 2692 2559 dulcissimtun.

2038 2595 2212 2650 Porro
2260 2594 2461 2666 Siagon
2515 2599 2672 2652 locus
2709 2599 2930 2653 nomine
2971 2599 3196 2654 carebat
3233 2607 3417 2662 antea,
3467 2615 3561 2652 ac.

1968 2691 2117 2758 cepit
2151 2696 2334 2743 autem
2370 2689 2501 2743 illud
2530 2706 2556 2742 ιι
2590 2690 2810 2744 maxilla
2841 2691 3009 2756 asini,
3054 2707 3216 2760 quam
3274 2666 3563 2762 prehendii

1972 2780 2207 2834 Samson
2259 2788 2312 2834 et
2364 2779 2688 2835 Palaestinos
2739 2783 3052 2847 interemit,
3087 2784 3272 2839 verbis
3335 2785 3566 2838 utilibus

1975 2869 2224 2938 ipsorum
2256 2869 2513 2940 dogmata
2554 2885 2679 2924 eum
2707 2871 3040 2942 jugulasset.

351 2988 563 3042 Dicitur
615 2997 797 3041 autem
841 2986 1020 3053 Deum
1062 2986 1307 3041 foramen
1359 2984 1595 3038 maxillae
1640 2982 1949 3052 aperuisse,
1986 2990 2040 3038 et
2084 2999 2150 3037 ex
2187 2983 2276 3037 illa
2313 2998 2487 3054 aquas
2536 2985 2814 3055 erupisse,
2863 3002 2963 3057 pro
3006 3003 3094 3053 eo,
3141 2995 3346 3042 terram
3379 2996 3566 3043 autem

279 3078 517 3131 maxilla:
555 3077 670 3130 ictu
709 3076 970 3143 disrupit.
1017 3090 1190 3144 eaque
1220 3089 1394 3142 aquas
1430 3072 1617 3127 reddid
1650 3081 1687 3124 t.
1739 3070 1912 3124 Porro
1941 3085 2070 3124 vero
2101 3073 2194 3141 qui
2231 3071 2496 3127 historice
2530 3083 2663 3128 sunt
2699 3074 3048 3144 interpretati
3093 3075 3394 3130 admonent
3429 3093 3566 3130 nus-

281 3167 426 3236 piam
467 3165 700 3234 reperiri
755 3164 900 3233 quod
955 3162 1189 3217 Samson
1228 3162 1307 3215 \cl
1362 3160 1549 3228 jusuts
1587 3160 1670 3211 vel
1730 3158 1995 3226 protllieta
2043 3159 2373 3228 appelletur,
2408 3163 2876 3230 quemadmodum
2930 3179 3034 3220 nec
3071 3163 3272 3234 Jephte
3324 3181 3426 3220 nec
3476 3166 3569 3220 alii

281 3253 624 3321 huiusmodi.
664 3251 736 3304 Ea
777 3267 908 3306 vero
939 3259 1101 3305 atate
1151 3266 1217 3304 cu
1247 3274 1271 3292 -ο
1313 3249 1511 3319 aliquis
1548 3255 1742 3302 Sancto
1779 3244 1984 3314 Spiritu
2022 3246 2222 3317 dignus
2259 3263 2367 3302 non
2401 3257 2664 3313 exstaret,
2699 3262 2865 3321 prout
2907 3267 3149 3319 praesens
3202 3269 3386 3308 rerum
3431 3269 3571 3308 con--

280 3342 420 3393 ditio
455 3340 797 3410 postulabat,
835 3339 1066 3408 reliquis
1111 3338 1432 3391 hominibus
1478 3335 1873 3389 excellentiore
1915 3335 2099 3405 aliquo
2137 3352 2273 3391 usus
2306 3344 2412 3391 est.
2447 3337 2575 3391 Vult
2609 3354 2738 3393 vero
2793 3339 3216 3396 Palaestinorutn
3251 3357 3405 3396 more
3438 3359 3573 3396 uxo-

284 3446 399 3483 rem
428 3430 630 3484 dueere
659 3427 922 3493 Samson,
960 3427 1106 3499 quod
1141 3427 1369 3497 quidem
1401 3441 1431 3492 p
1454 3431 1662 3478 nentes
1707 3423 1877 3494 legem
1916 3423 2276 3479 observantes
2303 3424 2622 3494 prohibent,
2653 3427 2794 3484 Deus
2822 3444 2951 3484 vero
2979 3431 3271 3500 permittit,
3303 3432 3572 3500 quocirca

283 3520 573 3588 Scriptura
612 3520 782 3573 dicit:
825 3539 843 3570 ι
884 3518 1050 3574 Pater
1096 3526 1279 3571 autem
1335 3517 1456 3585 ejus
1488 3528 1540 3568 et
1597 3524 1771 3568 mate'
1825 3528 1930 3566 non
1969 3511 2386 3574 intellexerunt,
2438 3515 2585 3583 quod
2619 3514 2908 3570 decretqu
2968 3517 3069 3571 fuit
3123 3519 3240 3584 Dei,
3295 3535 3409 3588 quo
3459 3520 3575 3588 ipse

287 3608 597 3661 vindictam
637 3624 665 3660 a
695 3607 1010 3664 Palatstinis
1045 3615 1310 3661 sumeret.
1357 3624 1375 3656 ι
1408 3605 1543 3657 Nam
1578 3613 1631 3658 et
1665 3603 1676 3654 l
1715 3601 1838 3656 onis
1889 3599 2202 3655 interfectio
2242 3601 2441 3657 terrori
2471 3601 2788 3659 Palmstinis
2825 3602 2966 3670 fuit,
3009 3605 3226 3676 ipsique
3263 3621 3576 3677 propugna-

287 3698 414 3750 culo
453 3703 512 3748 ut
547 3695 772 3765 triginta
813 3697 1074 3766 primum,
1120 3694 1316 3748 deinde
1354 3692 1498 3746 mille
1533 3691 1856 3744 trucidaret.

361 3803 505 3874 Πρὸς
549 3805 678 3866 τοὺς
737 3819 984 3872 κατηγορ
1021 3801 1082 3854 ῦν
1120 3819 1184 3864 ας
1245 3801 1470 3870 ῥητέον,
1516 3798 1591 3860 ὡς
1634 3795 1874 3866 οὐδαμοῦ
1907 3809 1949 3865 c

1907 3809 1949 3865 ς,
2054 3796 2322 3851 Caeterum
2370 3797 2440 3853 iis
2495 3799 2588 3867 qui
2645 3809 2898 3853 sanctum
2954 3798 3219 3871 Spiritum
3278 3801 3578 3856 traducunt

287 3913 451 3965 φησιν
481 3897 513 3965 ἠ
549 3895 738 3967 Γραφὴ
785 3893 1139 3947 κατευθύνειν
1199 3893 1286 3946 ἐπ’
1321 3891 1487 3946 αὑτὸν
1525 3891 1586 3944 τὸ
1634 3889 1876 3957 Πνεῦμα,

285 3985 376 4036 ὅτε
407 3984 726 4052 ἐπόρνευεν,
759 3985 790 4054 ἢ
825 3985 912 4037 ὅτε
945 3983 1044 4054 τὴν
1071 3983 1371 4053 ἀλλόφυλον
1425 3983 1638 4046 ἔλαϐεν,
1689 3981 1748 4046 ἐξ
1779 3977 1881 4052 ἧσ-

287 4092 395 4146 περ
423 4075 692 4131 ἀπώλετο.
724 4077 797 4129 Τὸ
827 4077 934 4146 γὰρ
969 4077 1196 4145 Πνεῦμα
1234 4076 1294 4129 τὸ
1319 4076 1474 4144 ἅγιον
1526 4077 1586 4129 οὐ
1624 4075 1882 4145 καθάπερ

286 4172 321 4237 ἡ
348 4169 497 4240 ψυχὴ
520 4172 635 4231 τοῖς
676 4170 893 4239 σώμασι
933 4174 1203 4223 συνοικεῖ⁹
1234 4170 1378 4233 ,ἀλλὰ
1418 4171 1652 4240 πάρεστι
1683 4169 1781 4239 μὲν
1807 4169 1884 4232 ὡς

287 4261 698 4331 ἀπερίγραφον,
736 4262 959 4331 ὲνεργέῖ
989 4263 1043 4314 δὲ
1076 4263 1174 4314 ὅσα
1211 4261 1480 4330 βούλεται.
1517 4262 1582 4313 ’³0
1620 4262 1712 4312 καδι
1751 4276 1885 4328 προ-

287 4355 562 4419 γινώσκον
596 4357 696 4425 τὴν
720 4355 1028 4426 ἀγριότητα
1062 4355 1157 4407 τοῦ
1189 4353 1452 4425 Σαμψὼν,
1483 4354 1628 4406 οἴνου
1653 4354 1746 4406 καὶ
1773 4352 1882 4404 τῶν

289 4447 352 4510 ἐξ
378 4448 628 4516 ἀμπέλου
662 4446 964 4518 προσέταξε
987 4446 1176 4500 τοῦτον
1208 4446 1549 4516 ἀπέχεσθαι’
1585 4446 1660 4514 μὴ
1695 4443 1793 4515 τὴν
1825 4445 1884 4508 ἐξ

289 4533 437 4591 οἶνον
467 4537 666 4607 μανίαν
696 4540 762 4608 τῇ
807 4540 1012 4608 φυσικῇ
1061 4537 1388 4608 προσλαὸὼν
1410 4577 1425 4603 ,
1461 4536 1555 4592 καὶ
1593 4535 1736 4588 κατὰ
1774 4535 1883 4588 τῶν

289 4631 585 4701 ὁμοφύλων
617 4632 898 4703 ἀνήκεστα
938 4631 1182 4701 δράσειε.

1985 3887 2277 3944 Satusonis
2329 3904 2523 3954 causa,
2585 3891 3030 3960 respondendum
3087 3894 3221 3947 illud
3269 3901 3376 3957 est,
3431 3897 3579 3964 quod

1983 3980 2272 4050 Scriptura
2307 3997 2586 4053 nusquam
2622 3983 2777 4047 dicit,
2818 3984 3084 4054 Spiritum
3120 3985 3383 4041 incidisse
3411 4002 3581 4056 super

1986 4073 2193 4143 ipsum,
2223 4073 2448 4144 quando
2493 4083 2581 4131 est
2621 4085 2921 4138 scortatus,
2954 4085 3049 4147 aut
3081 4079 3305 4148 quando
3334 4079 3583 4133 Palaesti-

1987 4181 2112 4219 nam
2161 4181 2283 4237 qua:
2328 4167 2379 4225 ei
2430 4166 2598 4222 exitio
2649 4166 2798 4233 fuit,
2848 4168 3029 4224 duxit.
3085 4170 3326 4240 Spiritus
3374 4171 3580 4226 etenim

1989 4269 2345 4318 sanetusnon
2379 4264 2578 4319 animze
2625 4265 2800 4320 inStar
2839 4280 2963 4319 cum
3009 4267 3234 4322 homine
3277 4268 3581 4325 cohabitat.

1991 4371 2178 4407 verum
2213 4355 2287 4408 illi
2330 4355 2611 4410 indefinite
2667 4357 2844 4420 adest,
2881 4372 2944 4411 ac
2984 4358 3036 4411 in
3069 4374 3134 4411 eo
3173 4360 3440 4430 quidquid
3470 4361 3586 4413 vult

1992 4447 2176 4501 ellicit.
2239 4448 2338 4514 Qui
2389 4462 2524 4501 sane
2573 4463 2699 4502 eum
2760 4447 3038 4504 feritatem
3093 4451 3381 4507 Sarnsonis
3429 4452 3585 4519 prius

1992 4556 2212 4610 quoque
2252 4540 2475 4595 ltaberel
2507 4543 2808 4611 cognitam,
2841 4557 2869 4595 a
2912 4544 3041 4597 vino
3078 4559 3140 4598 ac
3169 4545 3370 4599 vinetis
3404 4546 3584 4614 ipsum

1988 4633 2156 4701 jussit
2189 4633 2491 4695 abstinere,
2526 4649 2593 4687 ne
2621 4633 2685 4686 ad
2727 4636 3034 4689 naturalem
3074 4636 3584 4694 furoremviuolen-

1996 4735 2052 4778 to
2094 4725 2272 4779 ascito
2308 4737 2496 4780 contra
2547 4727 2890 4797 propinquos
2946 4743 3168 4799 quoque
3217 4737 3272 4783 et
3321 4737 3587 4800 cognatos

1998 4816 2218 4886 iudigua
2254 4825 2522 4886 patraret.

370 4939 544 4992 Pri-ro
599 4937 695 4992 li‘ii
763 4938 1154 4993 luereticorum
1215 4933 1398 4991 rident
1446 4933 1594 5003 quod
1648 4933 1701 4987 in
1752 4931 1967 5001 capillis
2023 4932 2199 5002 gratia
2248 4942 2355 4987 est.
2412 4929 2646 4988 Rideant
2693 4934 2859 5005 igitur
2911 4935 3151 5006 quodin
3206 4937 3588 5008 apostolorum

299 5028 465 5083 ntubr
491 5045 515 5081 s
551 5027 729 5098 grazit
763 5034 873 5090 ist,
925 5027 981 5080 in
1010 5025 1230 5080 ﬂrnbria
1263 5023 1391 5078 item
1427 5021 1744 5077 vestimenti
1776 5019 1983 5077 Christi
2011 5062 2024 5083 ,
2061 5021 2118 5075 in
2152 5022 2267 5076 luto
2297 5022 2541 5092 denique
2583 5024 2729 5092 quod
2767 5037 2974 5078 cazcutn
3007 5024 3332 5082 illustravit.
3473 5023 3482 5029 ’

371 5141 586 5197 Οὐκοῦν
616 5140 707 5194 διὰ
729 5139 828 5211 τὴν
857 5138 1025 5208 εὐχὴν
1053 5136 1210 5208 τιμία
1241 5131 1309 5208 ἦν
1337 5137 1370 5208 ή
1407 5134 1552 5206 κόμη
1596 5135 1734 5208 Θεῷ.
1785 5137 1896 5191 Καὶ
1932 5138 1972 5192 D

1932 5138 1972 5192 Ι)
2075 5135 2425 5207 Quapropter
2474 5140 2585 5192 voti
2641 5139 2862 5194 nomine
2909 5141 3149 5210 pretiosa
3213 5140 3357 5210 apud
3417 5140 3587 5197 Deum

298 5235 460 5313 τοῦτο
485 5232 791 5303 δεδήλωκεν
816 5233 844 5284 6
874 5230 1007 5294 Θεὸς
1048 5230 1176 5300 περὶ
1223 5229 1428 5292 παντὸς
1448 5225 1771 5297 Ναζωραίου
1801 5247 1894 5281 vo-

303 5326 572 5399 μοοετῶν,
611 5325 706 5378 καὶ
733 5323 892 5377 τοῦτο
924 5325 981 5377 ὲν
1004 5323 1158 5394 νόμῳ
1186 5321 1265 5393 τῷ
1297 5320 1655 5392 παιδαγωγῷ.

373 5511 480 5565 Καὶ
507 5509 748 5578 ἐγένετο
770 5507 928 5577 ἀνὴρ
955 5509 1212 5575 Λευΐτης
1251 5524 1360 5576 πα]
1374 5507 1555 5562 δικῶν
1594 5507 1662 5560 ἐν
1691 5508 1904 5577 μηροῖς

301 5601 484 5672 ὅρους
514 5605 790 5674 Ἐφραίμ.
819 5603 932 5676 Τὴν
982 5603 1124 5657 κατὰ
1149 5605 1248 5672 τὴν
1279 5606 1516 5670 γυναῖκα
1551 5602 1645 5656 τοῦ
1675 5603 1903 5656 Λευΐτου

304 5700 557 5770 παριδεῖν
589 5699 808 5754 ἀδικίαν
841 5701 870 5753 6
916 5698 1046 5764 λαὸς
1086 5699 1186 5753 οὐκ
1217 5699 1498 5770 ἠνέσχετο,
1526 5699 1619 5753 καὶ
1664 5698 1798 5769 πρὸς
1828 5698 1908 5752 δί-

375 5864 395 5895 ’
431 5864 446 5918 Ι
488 5863 616 5919 Cor.
649 5881 707 5934 ν,
736 5863 790 5918 5.
870 5863 913 5895 "
953 5860 993 5917 Il
1031 5859 1225 5920 Thess.
1265 5878 1324 5928 tt,
1359 5862 1410 5928 5,
1446 5860 1496 5914 ι.

1999 5231 2100 5284 fuit
2126 5247 2304 5286 coma.
2337 5231 2492 5298 Quod
2538 5233 2656 5303 ipse
2691 5241 2930 5288 testatus
2963 5243 3047 5288 est
3079 5235 3222 5289 Deus
3250 5250 3373 5290 cum
3418 5236 3590 5307 legem

1999 5325 2066 5380 de
2097 5326 2293 5395 quovis
2327 5326 2587 5381 Nazarazu
2628 5329 2833 5394 sanxit,
2877 5327 3042 5399 idque
3082 5329 3137 5383 in
3182 5329 3299 5398 lege
3344 5330 3593 5401 paedago-

2002 5423 2143 5492 gica.

2008 5515 2012 5520 ’
2068 5512 2190 5567 Fuit
2228 5513 2306 5567 vir
2335 5512 2539 5568 Levites
2587 5515 2676 5585 qui
2718 5515 2996 5569 habitabat
3057 5517 3111 5570 in
3170 5515 3338 5570 (utere
3397 5520 3591 5571 montis

2004 5603 2284 5674 Ephraim,
2320 5614 2430 5660 etc.
2470 5603 2615 5678 [XIX
2639 5648 2651 5672 ,
2689 5605 2762 5680 L]
2807 5605 3069 5678 Injuriam
3105 5607 3157 5661 iu
3190 5605 3394 5664 Levitis
3423 5626 3595 5665 uxore

2009 5698 2328 5767 admissam,
2378 5699 2614 5771 populus
2655 5700 2890 5758 tolerare
2950 5716 3060 5758 non
3114 5702 3316 5775 potuit,
3349 5719 3592 5774 quapro-
