4272 6446
804 377 939 443 1103

2119 380 2472 440 I‘IlOCUPlI
2514 381 2753 442 GAZ/EI

3909 378 4047 438 11M

799 495 955 544 anim
990 492 1296 555 hominum,
1330 506 1423 560 per
1457 507 1670 545 orni-eiii
1714 494 2000 562 tyrannide
2039 504 2237 547 exutus
2272 502 2377 547 est.
2411 495 2453 546 A
2484 512 2486 519 ί

2359 529 2377 547 .
2411 495 2453 546 Λ
2484 509 2606 561 κην.
2635 494 2857 563 Σταυρῷ
2891 493 2996 561 γὰρ
3022 500 3045 527 ο
3077 490 3439 562 προσηλώσας
3484 489 3577 543 τὸν
3612 491 3905 559 Δεσπότην,
3956 491 4046 542 διὰ

796 588 973 653 Atque
1008 592 1065 636 ut
1096 585 1413 652 impleretur
1438 584 1641 637 dictum
1669 586 1799 638 illud
1834 608 1844 641 :
1884 585 1939 638 In
1962 585 2222 654 operibus
2254 600 2369 638 ma-

797 692 963 727 nuum
997 675 1430 744 comprehensus
1460 686 1543 729 est
1577 686 1831 745 peccator
1862 675 1902 727 ⁸.

868 856 1031 911 Vsus.
1067 857 1157 912 55.
1197 857 1365 927 Cujus
1414 860 1557 927 [ilius
1602 870 1677 912 est
1724 861 1808 912 Iii'c
1847 862 2194 914 adolescens?
2222 861 2364 925 Quo-

795 948 952 1000 modo
992 947 1160 1001 llavid
1198 950 1346 1001 Sauli
1386 950 1603 1017 ignotus
1641 950 1779 1004 fuit?
1817 950 1909 1004 Vel
1941 953 2069 1019 quia
2109 952 2365 1005 furibun-

793 1041 895 1088 dus
941 1040 1152 1092 cithara
1206 1040 1489 1094 ludentem
1544 1057 1647 1095 non
1700 1044 1993 1105 sentiebat,
2024 1045 2128 1105 vel,
2164 1045 2368 1097 invidia

794 1120 1144 1193 Stiiuulante,
1200 1132 1497 1201 diligenter
1571 1142 1627 1188 et
1702 1141 1959 1189 accurate
2033 1147 2367 1204 cognoscere

796 1219 963 1270 voluit
992 1219 1147 1287 cujas
1176 1232 1231 1274 et
1260 1224 1512 1290 quisnam
1545 1231 1716 1277 esset.

868 1308 1028 1363 Vens.
1066 1310 1116 1362 5.
1166 1309 1398 1380 Diligens
1432 1329 1570 1378 eum,
1607 1325 1860 1383 quantum
1905 1315 2140 1367 animam
2191 1330 2364 1368 suam.

794 1401 1006 1468 Aquila,
1046 1404 1327 1454 secundum
1380 1405 1613 1456 animant
1658 1422 1831 1458 suam.
1882 1402 1937 1457 Id
1974 1420 2102 1456 vero
2141 1404 2223 1457 lex
2263 1402 2367 1457 Do-

794 1492 923 1542 iniiii
959 1505 1175 1558 quoque
1206 1493 1451 1562 prati-iuit
1482 1513 1495 1545 :
1539 1512 1557 1543 ι
1601 1494 1800 1564 Diliges
1832 1495 2142 1565 proximum
2189 1504 2363 1559 tuum,

792 1583 936 1635 sicut
969 1585 1199 1652 teipsuin
1234 1588 1276 1637 ⁵.
1318 1604 1335 1637 i

1390 1674 1545 1729 CAP.
1589 1675 1776 1729 XVIII.

864 1765 1029 1818 Vsus.
1061 1766 1116 1821 2.
1158 1763 1225 1817 Et
1268 1766 1556 1835 mandyan.
1589 1767 1776 1821 Genus
1811 1778 1898 1822 est
1932 1769 2097 1822 vestis
2129 1769 2364 1823 exterio-

794 1857 890 1914 ris.
925 1856 1194 1910 Existimo
1242 1867 1441 1917 autem,
1484 1859 1684 1938 inquit,
1726 1861 1810 1913 vel
1854 1861 2177 1915 Arcadicam
2220 1876 2362 1924 esse,

794 1949 898 2006 νι-ι.
943 1963 1106 2016 quam
1146 1951 1310 2018 vulgo
1360 1951 1601 2003 inantiou
1653 1951 1950 2020 appellant.
2003 1950 2365 2022 Septuaginta

791 2040 936 2090 enim
988 2039 1181 2092 dicunt
1242 2040 1328 2107 (τὰ
1384 2041 1597 2109 ἱμάτια)
1654 2043 1977 2096 vestimenta
2029 2043 2210 2105 illius,
2273 2043 2364 2113 qui

793 2128 1073 2181 nuntiavit
1129 2129 1331 2183 czedcm
1392 2130 1626 2184 ﬁliorum
1681 2131 1829 2194 Ileli,
1880 2133 2114 2187 discissa
2171 2133 2362 2190 luisse.

797 2217 898 2271 lilii
952 2218 1147 2286 Aquila
1201 2220 1444 2289 μανδύαν
1498 2221 1756 2276 reddidit.
1804 2222 1917 2277 Rex
1965 2224 2365 2280 Ammoniticus

794 2311 1069 2378 praesciuit
1101 2310 1209 2363 τῶν
1251 2312 1523 2380 μανδὺων,
1556 2314 1661 2367 hoc
1695 2322 1801 2377 cst,
1831 2313 1900 2369 de
1935 2315 2182 2371 vestibus
2217 2316 2367 2386 lega—

794 2417 974 2457 torum
1013 2402 1259 2466 Davidis,
1293 2403 1581 2458 dimidiam
1615 2416 1847 2474 partem,
1888 2419 2061 2475 usque
2102 2406 2168 2460 ad
2208 2415 2366 2461 nates

796 2510 1065 2564 Ipsorum.

867 2586 1024 2639 Vens.
1056 2584 1142 2638 IO.
1177 2583 1349 2638 Irruit
1382 2586 1600 2653 spiritus
1643 2585 1821 2639 malus
1867 2602 2024 2655 super
2054 2585 2288 2649 Saulem,
2315 2597 2365 2642 et

794 2681 1144 2745 prophetavit,
1171 2686 1281 2733 etc.
1320 2677 1603 2747 Scriptura
1635 2679 1913 2747 :equivoce
1944 2682 2107 2732 etiam
2141 2680 2368 2748 pseudo-

797 2771 1093 2837 prophetas
1118 2778 1173 2823 et
1198 2768 1366 2822 falsos
1403 2767 1535 2822 deos
1560 2769 1816 2837 appellat.
1841 2768 2110 2822 Ceterum
2134 2769 2367 2837 pseudo-

793 2860 1076 2930 propheta
1105 2859 1510 2914 insanientibus
1540 2860 1748 2914 similes
1782 2868 1957 2921 erant,
1990 2861 2169 2929 qualis
2198 2862 2363 2914 etiam

794 2950 922 3003 Sani
972 2956 1111 3003 erat.
1160 2946 1266 3003 Sed
1311 2948 1413 3003 iste
1461 2948 1647 3001 divina
1690 2950 1863 3019 gratia
1908 2949 2010 3002 luit
2048 2948 2362 3005 destitutus.

795 3039 960 3092 David
993 3053 1123 3093 vero
1148 3039 1410 3108 psallens,
1438 3039 1701 3093 daemonis
1733 3039 1880 3092 illam
1916 3040 2186 3094 insaniam
2214 3042 2363 3096 miti-

791 3131 958 3198 gavit,
990 3136 1043 3184 et
1075 3128 1337 3184 invidiam
1370 3126 1554 3184 Saulis
1582 3131 1867 3199 repressit.

860 3306 976 3359 Non
1035 3304 1245 3375 Spiritu
1295 3304 1479 3358 divino
1539 3304 1814 3374 repletus,
1877 3305 2207 3359 vaticinatus
2256 3317 2359 3361 est.

792 3398 1077 3465 Quomodo
1105 3397 1251 3452 enim
1284 3396 1401 3451 ﬁeri
1436 3396 1631 3465 potuit,
1663 3406 1719 3448 ut
1748 3397 1908 3450 simul
1940 3398 2077 3450 male
2100 3397 2363 3453 daemonis

790 3502 843 3544 et
882 3491 1122 3557 Spiritus
1152 3488 1328 3541 sancti
1361 3488 1637 3557 particeps
1666 3487 1857 3541 esset?
1900 3485 2006 3540 Sed
2043 3491 2220 3542 malus
2252 3487 2364 3556 spi-

793 3584 932 3636 iitiis
982 3597 1104 3634 eum
1153 3591 1437 3648 torquens,
1470 3579 1603 3632 talia
1657 3577 1809 3633 eﬂ'ari
1860 3580 2063 3649 coegit,
2102 3578 2362 3632 nimirum

792 3672 906 3724 fore
935 3681 992 3723 ut
1020 3671 1307 3738 imperium
1334 3669 1402 3723 ab
1429 3670 1550 3738 ipso
1576 3668 1818 3721 ablatum
1848 3676 2094 3721 transeat
2118 3669 2181 3719 ad
2213 3669 2361 3721 illum

789 3762 876 3814 cui
924 3761 1220 3813 invidebat.
1259 3758 1449 3814 Simile
1493 3760 1623 3828 quid
1667 3758 1837 3811 Paulo
1881 3764 1936 3811 et
1978 3757 2106 3811 Sila:
2139 3758 2360 3824 accidit,

789 3853 858 3905 de
904 3852 1105 3919 quibus
1147 3850 1347 3903 mulier
1397 3849 1662 3919 Pythonis
1706 3852 1952 3903 dammae
1994 3848 2222 3902 obsessa
2268 3862 2349 3902 ex-

789 3943 1091 3997 clamavit:
1135 3960 1153 3993 ι
1190 3941 1456 3996 Altissimi
1510 3941 1603 3995 Dei
1648 3942 1791 3995 servi
1834 3949 1963 3995 sunt
1993 3940 2034 3993 ⁸.
2076 3958 2095 3993 ι
2145 3938 2361 3995 Etenim

790 4034 881 4088 ubi
922 4033 1064 4088 Deus
1096 4032 1349 4098 volui-rit,
1385 4033 1549 4086 etiam
1593 4031 1870 4087 daemones
1919 4031 2204 4087 veritatem
2246 4033 2365 4087 elo-

787 4127 880 4193 qui
913 4133 1211 4193 coguntur.

861 4301 1160 4359 \'eiis.12.
1229 4301 1485 4357 Dominus
1546 4304 1877 4370 omnipotens
1934 4312 2051 4357 erat
2107 4320 2226 4358 cum
2281 4319 2361 4358 eo.

747 4392 1056 4460 »SpIrIllllll
1111 4401 1362 4446 sanctum
1414 4393 1518 4446 hoc
1579 4393 1742 4447 iiiudo
1803 4393 2140 4464 appellavit;
2200 4395 2365 4466 cujus

786 4484 953 4545 dono,
983 4490 1038 4537 et
1070 4484 1248 4551 gratia
1277 4481 1535 4553 dignatus
1567 4490 1706 4537 erat.

861 4573 1021 4626 Vens.
1055 4574 1140 4628 I7.
1177 4571 1301 4628 Non
1330 4574 1401 4626 sit
1444 4589 1633 4627 manus
1663 4588 1779 4627 mea
1818 4574 1873 4627 in
1914 4589 2010 4637 eo;
2039 4576 2129 4629 sed
2168 4591 2356 4629 manus

795 4665 1221 4719 I’alwstinorum.
1268 4664 1512 4719 Historia
1561 4664 1856 4719 consilium
1909 4675 1965 4719 et
2014 4668 2357 4736 propositum

791 4756 971 4810 siulis
1015 4754 1275 4825 aperuit:
1314 4754 1632 4827 coniugium
1687 4756 1820 4810 illud
1872 4755 2106 4812 insidias
2166 4756 2358 4825 fuisse,

790 4863 898 4901 non
927 4847 1274 4901 beneﬁcium.

867 4936 1030 4992 Vsus.
1074 4937 1165 4991 27.
1216 4937 1277 4993 Si
1321 4938 1548 4990 ducenta
1594 4936 1858 5007 prwputia
1914 4935 2354 4994 Palatinarum.

788 5031 971 5094 Quare
1010 5043 1119 5083 non
1158 5029 1376 5098 capita?
1402 5028 1697 5098 Propterea
1735 5028 1879 5100 quod
1914 5032 2127 5096 metuit,
2154 5046 2223 5086 ne
2258 5032 2360 5087 ali-

791 5128 925 5189 quot
963 5134 1028 5173 ex
1076 5120 1194 5173 suis
1235 5119 1635 5174 contribulihus
1676 5120 2002 5185 interfectis,
2041 5124 2222 5193 capita
2268 5138 2363 5179 eo-

793 5227 912 5264 rum
958 5211 1205 5276 aﬂerrct;
1242 5213 1598 5280 quamobrem
1636 5214 1900 5284 praeputia
1951 5217 2105 5286 petit,
2145 5224 2205 5270 ut
2246 5232 2362 5272 ma-

795 5302 1052 5355 nifestum
1086 5301 1157 5355 sit
1190 5300 1509 5357 Palaestinos
1536 5317 1679 5358 esse.

864 5443 886 5476 ⁸
915 5441 1060 5498 Psal.
1098 5457 1173 5508 ix,
1211 5441 1297 5497 16.
1372 5445 1396 5478 ⁵
1420 5443 1610 5499 Matth.
1646 5458 1759 5509 xu,
1795 5444 1879 5499 I9.
1958 5446 2127 5502 “Act.
2156 5450 2371 5514 xvi,l7.

2478 583 2712 650 σταυροῦ
2751 585 2849 651 τῆς
2880 582 3192 652 τυραννίδος
3230 581 3476 644 ἐξέπεσε.
3509 580 3620 633 Καὶ
3663 578 3750 630 ῖνα
3779 578 4042 647 πληρωθῇ

2470 677 2551 737 τὸ,
2596 675 2684 727 Ἐν
2708 678 2819 739 τοῖς
2853 676 3035 745 ἔργοις
3070 674 3179 726 τῶν
3210 673 3408 744 χειρῶν
3446 671 3609 726 αὐτοῦ
3639 670 3962 739 συνελείφθη
4012 672 4044 720 6

2471 766 2812 836 ἁμαρτωλός.
2841 766 2901 820 C.
2924 765 2985 819 L.

2551 859 2684 924 Υἱὸς
2726 860 2890 925 τίνος
2941 854 3117 922 οὗτος
3142 860 3174 912 ὀ
3228 856 3506 921 νεανιάς;
3559 852 3684 917 Πῶς
3713 853 3980 922 ἠγνόησεν
4010 852 4043 903 6

2471 950 2643 1004 Σαοὺλ
2672 951 2763 1004 τὸν
2797 951 2997 1015 Δαϐίδς
3033 951 3091 1020 ἦ,
3130 951 3212 1003 ὅτι
3248 948 3507 1019 μεμηνὼς
3544 949 3643 1000 οὐκ
3677 946 3941 1015 ᾐσθάνετο
3971 946 4039 1012 τῇ

2468 1042 2671 1111 κιθάρᾳ
2699 1043 2981 1111 χρωμένου
3007 1060 3021 1106 ;
3055 1042 3113 1110 ἢ,
3143 1042 3227 1094 ὃτι
3252 1043 3279 1092 6
3331 1040 3521 1108 φθόνος
3550 1038 3713 1093 αὑτὸν
3744 1036 4041 1106 παρεκίνηο

2470 1150 2561 1186 σεν
2599 1134 2842 1206 ἀκριϐῶς
2872 1133 3064 1204 μαθεῖν
3104 1134 3228 1188 ὅθεν
3272 1132 3457 1193 ὲστίν;

2543 1310 2763 1378 Ψυχὴν
2809 1308 3058 1378 ἀγαπῶν
3091 1308 3406 1362 τοσοῦτον.
3452 1305 3705 1368 Ἀκύλας,
3734 1302 3883 1357 κατὰ
3922 1302 4040 1369 τὴν

2465 1400 2679 1467 ψυχὴν
2706 1398 2913 1451 αὑτοῦ.
2954 1397 3125 1450 Τοῦτο
3149 1398 3205 1450 δὲ
3256 1398 3348 1449 καὶ
3395 1397 3424 1448 6
3450 1395 3590 1458 θεῖος
3638 1394 3801 1462 νόμος
3831 1408 4040 1461 παρεγ-

2466 1486 2574 1554 γυᾷ
2593 1499 2607 1515 ο
2642 1502 2659 1535 i
2689 1484 3023 1554 Ἀγαπήσεις
3051 1485 3143 1539 τὸν
3164 1483 3391 1553 πλησίον
3428 1500 3544 1547 σου,
3566 1482 3643 1545 ὼς
3674 1481 3917 1534 σεαυτόν.
3942 1498 3961 1531 i

3044 1666 3297 1723 ΚΕΦΑΛ.
3340 1665 3448 1720 IH’.

2540 1758 2652 1814 Kal
2688 1760 2799 1813 tor
2838 1758 3136 1828 μανὸύαν.
3170 1754 3323 1821 Εἶδος
3369 1756 3704 1826 ὲφεστρίδος.
3735 1752 3903 1824 Οίμαι
3955 1754 4039 1816 δὲ,

2472 1849 2660 1919 φησιν,
2713 1848 3039 1918 Ἀρκαδικὴν
3086 1844 3317 1917 εἶναι,ῆ
3368 1847 3429 1899 τὸ
3474 1846 3625 1911 παρὰ
3666 1845 3775 1897 τῶν
3826 1844 4039 1896 πολλῶν

2469 1942 2689 2011 μαντίον
2750 1941 3060 2010 λεγόμενον.
3111 1941 3173 1993 Ol
3216 1940 3317 2008 μὲν
3354 1938 3756 2008 Ἑϐδομήκοντα
3811 1937 4040 2006 διερῤωο

2465 2038 2602 2104 γότα
2633 2036 2765 2103 φασὶ
2820 2034 2887 2087 τὰ
2920 2034 3109 2104 ἱμάτια
3142 2032 3237 2086 τοῦ
3286 2031 3384 2102 τὴν
3428 2031 3710 2101 ἀναίρεσιν
3760 2028 3869 2082 τῶν
3918 2028 4041 2080 Ἢλὶ

2464 2126 2672 2180 παίδων
2725 2128 3081 2196 μηνύσαντος.
3133 2124 3191 2176 '0
3227 2123 3285 2176 δὲ
3328 2121 3559 2185 Ἀκύλας
3625 2122 3719 2173 τὸν
3759 2118 4041 2189 pardum-

2464 2217 2748 2284 ἐξέδωκεν.
2786 2218 2897 2270 Καὶ
2931 2217 2960 2269 6
2988 2217 3096 2269 τῶν
3126 2214 3435 2284 Ἀμανιτῶν
3463 2212 3713 2283 βασιλεὺς
3732 2210 3842 2264 τῶν
3872 2210 4041 2262 nam

2465 2308 2750 2378 πρέσϐεων
2782 2308 2956 2361 ἀνεῖλε
2990 2307 3100 2359 τῶν
3123 2302 3413 2375 μανδυῶν
3448 2305 3509 2358 τὸ
3549 2304 3741 2373 ἥμισυ,
3780 2302 3886 2365 ἕως
3936 2300 4041 2368 τῆς

2464 2399 2735 2470 ἀναϐολῆς
2766 2399 2876 2452 τῶν
2910 2397 3095 2468 ίσχίων
3130 2396 3329 2451 αὐτῶν.

2533 2575 2642 2629 Kal
2666 2574 2926 2627 ἐπέπεσε
2955 2571 3190 2639 πνεῦμα
3219 2568 3488 2637 πονηρὸν
3516 2566 3617 2622 ἐπὶ
3659 2566 3881 2631 Σαοὺλ,
3936 2566 4040 2619 καί

2465 2667 2896 2737 προεφήτευεν,
2917 2684 2971 2719 κ.
2994 2682 3045 2717 τ.
3071 2664 3116 2716 λ.
3151 2664 3492 2732 Ὀμωνύμως
3514 2676 3529 2692 ·
3550 2661 3645 2713 καὶ
3684 2659 3810 2722 τοὺς
3848 2658 4042 2727 ψευδο-

2464 2764 2743 2830 προφήτας
2772 2760 2881 2827 γὰρ
2932 2757 3215 2825 προφήτας
3245 2755 3409 2821 φησιν
3432 2754 3466 2823 ή
3487 2752 3675 2822 Γραφή
3698 2767 3714 2782 ’
3743 2752 3838 2804 καὶ
3856 2751 4036 2810 θεοὺς.

2463 2850 2588 2912 τοὺς
2608 2848 2848 2917 ψευδωνύ
2859 2864 3013 2917 μους.
3032 2850 3094 2899 Ol
3113 2846 3169 2898 δὲ
3187 2843 3632 2913 ψευδοπροφῆται
3643 2843 3756 2903 τοῖς
3772 2841 4037 2909 μαινομέ-

2464 2957 2573 3005 νοις
2603 2940 2872 3010 ὲῴκησαν,
2906 2940 3088 3000 ὁποῖος
3112 2933 3180 3008 ἦν
3209 2939 3237 2989 6
3258 2935 3460 2989 Σαούλ.
3507 2933 3651 2988 Ἀλλ’
3677 2934 3882 2994 ἐκεῖνος
3913 2934 4036 3001 μὲν,

2463 3032 2558 3100 τῆς
2592 3033 2740 3094 Θείας
2765 3030 3114 3100 γεγύμνωται
3159 3029 3411 3098 χάριτος·
3440 3025 3469 3077 6
3510 3026 3565 3078 δὲ
3595 3024 3780 3085 Δασὶδ.
3813 3023 4039 3092 ψάλλων

2466 3122 2564 3191 τὴν
2598 3124 2695 3189 μὲν
2727 3122 2821 3174 τοῦ
2869 3122 3121 3191 δαίμονος
3173 3120 3373 3171 μανίαν
3421 3116 3823 3187 ἐπράϋνεν,τδν
3848 3114 3905 3167 δὲ
3938 3112 4037 3166 τοῦ

2467 3211 2635 3264 Σαοὺλ
2668 3212 2942 3263 κατέπαυε
2970 3210 3162 3277 φθόνον

2537 3301 2648 3370 uox
2677 3304 2759 3353 ὅτι
2791 3300 2849 3352 δὲ
2892 3300 3206 3368 Πνεύματος
3233 3299 3389 3366 ἁγίου
3415 3298 3618 3367 τυχὼν,
3662 3296 4033 3367 προεφήτευε.

2466 3390 2587 3453 Πῶς
2618 3392 2725 3459 γὰρ
2757 3393 2815 3441 ὲν
2842 3390 3026 3459 ταὺτῷ
3050 3387 3117 3460 ἦν
3146 3385 3257 3443 οἶόν
3293 3408 3354 3443 τε
3387 3391 3626 3462 πονηροῦ
3657 3407 3717 3442 τε
3748 3390 3844 3443 καὶ
3876 3388 4036 3455 ἁγίου

2467 3484 2714 3552 μετέχειν
2734 3483 3086 3552 Πνεύματος;
3134 3482 3271 3535 Ἀλλ’
3306 3485 3390 3536 ὅτι
3433 3484 3496 3536 τὸ
3535 3482 3772 3553 πονηρὸν
3816 3478 4038 3548 πνεῦμα

2464 3575 2671 3642 πνίγων
2716 3574 2902 3638 αὐτὸν,
2939 3570 3319 3646 παρεσκεύαζε
3362 3583 3389 3623 1³
3436 3574 3666 3628 τοιαῦτα
3708 3572 3923 3626 λαλεῖν·
3958 3573 4037 3634 ὡς

2462 3665 2887 3736 ἀφαιρεθήσεται
2918 3667 3016 3735 μὲν
3048 3666 3204 3730 αὐτὸς
3234 3665 3334 3736 τὴν
3367 3665 3662 3735 βασιλείαν,
3698 3666 4037 3734 μεταστήσε-

2461 3773 2550 3808 ται
2573 3766 2601 3806 (ι
2628 3756 2684 3808 δὲ
2716 3757 2797 3820 είς
2839 3757 3047 3810 ἐκεῖνον
3078 3757 3200 3810 καθ’
3250 3752 3311 3810 οἶδ
3337 3760 3365 3810 6
3396 3758 3608 3825 φθόνος.
3646 3751 3771 3810 Οἷον
3815 3757 3911 3809 καὶ
3942 3755 4038 3807 ἐπὶ

2462 3848 2671 3902 Παῦλον
2710 3850 2806 3902 καὶ
2848 3849 3043 3902 Σίλλαν
3071 3850 3307 3915 ἐγένετο,
3345 3852 3429 3918 ἐφ’
3458 3843 3533 3903 ὧν
3565 3851 3597 3918 ἠ
3632 3849 3693 3902 τὸ
3717 3847 3813 3902 τοῦ
3843 3847 4038 3900 Πύθω-

2461 3957 2551 4002 νος
2596 3939 2792 4008 ἔχουσα
2836 3940 3076 4009 πνεῦμα,
3114 3941 3275 3994 ἐϐόα·
3318 3959 3337 3991 ι
3362 3941 3488 3994 Ὀτι
3526 3941 3699 3993 δοῦλοι
3747 3938 3842 3992 τοῦ
3894 3938 4033 3991 Θεοῦ

2460 4032 2556 4085 τοῦ
2604 4032 2831 4102 ὑψίστου
2873 4034 3000 4088 είσί.
3032 4053 3051 4086 ι
3084 4034 3220 4088 Θεοῦ
3263 4036 3374 4105 γὰρ
3406 4034 3750 4105 βουλομένου,
3788 4033 4033 4099 ἀναγκά-

2463 4125 2648 4187 ζονται
2700 4125 2797 4179 καὶ
2852 4124 2922 4178 τὰ
2973 4125 3225 4196 δαιμόνια
3269 4125 3555 4197 ὁμολογεῖν
3592 4125 3690 4194 τὴν
3748 4122 4027 4194 ἀλήθειαν.

2462 4212 2523 4268 C.
2565 4212 2627 4268 L.

2535 4302 2643 4359 Kal
2674 4304 2889 4373 Κύριος
2922 4306 3341 4373 παντοκράτωρ
3362 4299 3443 4374 ἦν·
3468 4303 3593 4373 μετ’
3630 4304 3837 4360 αὐτοῦ.
3872 4302 4033 4355 Οὕτω

2463 4393 2525 4447 τὸ
2544 4394 2809 4462 πανάγιον
2836 4395 3086 4466 ὠνόμασε
3120 4394 3359 4465 Ι1νεῖ5μίι.
3391 4393 3607 4464 Ταύτης
3636 4394 3747 4463 γὰρ
3769 4387 3838 4462 ἦν
3861 4391 4032 4462 ἠξιωο

2391 4490 2436 4546 D
2468 4484 2626 4554 μένος
2650 4484 2749 4552 τῆς
2774 4483 3018 4553 χάριτος.

2536 4573 2635 4642 Μὴ
2670 4574 2826 4628 ἔστω
2875 4575 2913 4641 ὴ
2971 4573 3102 4644 χείρ
3145 4591 3265 4643 μου
3310 4574 3404 4627 ἐπ’
3454 4574 3635 4639 αὐτῷ,
3691 4575 3833 4630 ἀλλ’
3873 4574 4037 4630 ἔστω

2463 4668 2555 4723 ἐπ’
2586 4666 2747 4733 αὐτῷ
2774 4669 2814 4736 ἡ
2848 4668 2979 4736 χείρ
3003 4665 3127 4721 τῶν
3145 4667 3531 4738 ἀλλοφύλων.
3556 4668 3797 4733 Ἐδειξεν
3827 4672 3862 4741 ή
3890 4673 4037 4723 ἱστο-

2468 4759 2556 4831 ρία
2590 4758 2686 4812 τοῦ
2720 4758 2891 4811 Σαοὺλ
2935 4758 3027 4812 τὸν
3079 4759 3310 4826 σκοπὸν,
3345 4759 3422 4823 ὡς
3464 4758 3757 4829 ἐπιϐουλῆς
3797 4755 3887 4832 ἦν,
3930 4762 4039 4816 οὐκ

2464 4850 2801 4920 εὐεργεσίας,
2828 4850 2858 4902 6
2880 4849 3080 4918 γάμος.

2550 4946 2707 4999 Ἀλλ’
2736 4944 2775 5013 ἢ
2818 4944 3037 4999 ἑκατὸν
3064 4954 3085 4983 τ
3105 4945 3508 5015 ἀκροϐυστίας
3526 4947 3919 5016 ἀλλοφύλων.
3936 4949 4039 5003 Διά

2462 5037 2626 5107 τίμὴ
2668 5037 3309 5112 κεφαλάςςἘπειδήπερ
3357 5040 3731 5106 ὑπώπτευσεν,
3783 5043 3869 5094 ὅτι
3924 5044 4039 5096 τῶν

2462 5129 2748 5198 ὁμοφύλων
2779 5130 2934 5192 τινὰς
2950 5130 3179 5197 ἀνελὼν,
3216 5133 3353 5185 οἴσει
3385 5133 3591 5187 τούτων
3624 5134 3721 5197 τὰς
3760 5133 4032 5203 κεφαλάς

2468 5218 2544 5273 υῦ
2581 5221 2647 5291 δὴ
2680 5222 2844 5293 χάριν
2872 5223 2975 5287 τὰς
3000 5223 3372 5293 ἀκροϐυστίας
3397 5225 3571 5296 ζητεῖ,
3602 5226 3631 5279 6
3660 5224 3811 5296 δηλοῖ
3845 5227 3909 5279 τὸ
3941 5228 4039 5281 ἁλ-

2468 5312 2697 5383 λόφυλον

2056 5559 2292 5616 VARIIE
2334 5563 2738 5620 LECTIONES.

872 5653 897 5732 ξ’
929 5646 1085 5732 Γτξρρ
1116 5649 1387 5732 magalia;
1408 5648 1487 5732 *Ὀ
1510 5652 1607 5732 τῇς
1634 5652 1935 5732 Αὐγηκώδ..
1963 5652 2045 5704 Τὰ
2084 5656 2234 5732 apta
2262 5657 2317 5709 δέ
2351 5662 2462 5732 ,είσι
2514 5663 2620 5721 τοῖς
2670 5659 2761 5712 τοῦ
2792 5659 3093 5732 ἓθεοδωρίτ.
3172 5669 3201 5709 P
3232 5662 3453 5715 Ἐποὶει.
3481 5663 3538 5711 ’0
3564 5665 3657 5732 τῆς
3686 5666 3821 5728 Λῦγ.
3894 5670 4024 5723 κώδ.

791 5725 818 5800 ει
851 5717 1163 5800 Βασιλεύσει
1208 5720 1264 5771 δὲ
1293 5723 1321 5772 ὁ
1364 5717 1745 5800 ιεθονοὺμενοςζ
1784 5725 1989 5800 Ὀ-αὺτ.
2069 5732 2092 5761 ι’
2122 5725 2178 5779 In
2218 5726 2462 5783 κωπίω-ί
2497 5717 2687 5784 codice
2717 5730 2929 5784 videtur
2957 5717 3129 5786 luisse
3160 5739 3205 5784 α’
3240 5750 3338 5800 pro
3362 5737 3429 5794 ρ’.
3473 5734 3581 5786 bed
3610 5717 3791 5791 nostri.

803 5790 966 5842 lectio
986 5791 1208 5854 melior;
1238 5801 1290 5845 et
1314 5806 1341 5844 a
1383 5790 1680 5847 Bibliuruin
1706 5795 1807 5849 hoc
1838 5796 1956 5849 loco
1984 5801 2132 5848 textu
2170 5802 2578 5867 comprobatur.
