4272 6446
757 358 884 420 lli'l

754 485 946 533 adesse
973 474 1152 544 :atqui
1180 473 1546 542 suspicionem
1579 487 1683 526 n0n
1716 473 1984 542 potuisset
2037 490 2254 539 cavere,
2287 478 2332 530 si

751 573 816 624 ad
843 566 1280 637 patefacienduin
1309 564 1492 616 Davidi
1516 565 1685 632 patris
1714 565 1942 618 insidias
1969 565 2118 619 solus
2134 567 2332 619 abivis-

754 670 857 713 δεδι.
894 661 1005 712 llac
1032 659 1097 710 de
1125 671 1288 709 causa
1318 671 1440 707 cum
1478 670 1649 722 puero
1679 655 2044 722 progreditur,
2085 665 2138 708 ct
2174 655 2332 722 jacu-

757 748 1250 803 landiexercitiutn
1292 748 1535 807 simulat,
1591 757 1754 814 atque
1792 746 2049 800 Davideui
2089 747 2328 800 obscure

755 841 934 906 fugant
985 839 1234 890 oratione
1266 836 1330 886 ad
1365 852 1592 902 puerum
1628 836 1784 902 jubet
1833 850 2143 903 capessere.
2181 835 2327 888 Ρικιξο

755 936 973 984 mittens
1005 938 1184 981 autem
1219 943 1460 991 servom,
1516 927 1694 996 fugant
1739 929 1924 979 Davidi
1959 928 2327 997 signiﬁcabat.

826 1020 989 1071 Vnus.
1030 1018 1114 1071 19.
1161 1016 1223 1070 1η
1257 1018 1341 1070 die
1375 1019 1565 1083 operis,
1602 1026 1710 1070 etc.
1755 1017 1973 1084 Aquila,
2009 1016 2103 1068 τοῦ
2145 1018 2330 1084 ἔργου,

754 1109 991 1175 appellat
1032 1109 1260 1172 primam
1309 1105 1512 1174 fugam.
1562 1106 1740 1175 Ergab
1775 1121 1923 1167 vero,
1961 1105 2156 1174 reliqui
2195 1107 2334 1172 lapi-

752 1203 868 1249 dem
915 1200 1364 1260 interpretantur.

823 1290 982 1357 517
1015 1288 1174 1340 Vens.
1199 1289 1286 1341 20.
1325 1287 1404 1339 Ad
1436 1287 1801 1339 lamatlaram.
1865 1288 2094 1356 Aquila,
2123 1289 2190 1339 ad
2223 1304 2329 1341 sco.

753 1398 899 1447 pum,
942 1381 1021 1432 vel
1058 1379 1385 1432 custodiam.
1413 1378 1616 1444 Duplex
1641 1378 1786 1430 enim
1832 1389 1914 1431 est
1954 1378 2131 1430 lectio.
2168 1378 2329 1446 Sym-

759 1471 1108 1530 tuaclttts,aiq
1156 1471 1247 1520 τὸν
1296 1467 1748 1534 συντεταγμένον.
1778 1464 1841 1518 Et
1886 1466 1966 1520 sic
2008 1464 2330 1520 iltllcbrtno-

756 1575 875 1612 rum
911 1558 1365 1626 interpretatione
1400 1557 1617 1627 legitur.
1643 1555 1799 1623 Apud
1827 1555 2070 1617 Grmcos,
2093 1558 2328 1624 τάφρον,

756 1651 897 1717 apud
946 1648 1257 1710 Romanos,
1303 1648 1482 1712 fossa,
1540 1645 1682 1713 apud
1736 1644 1940 1715 Syros,
1993 1660 2212 1714 sropus;
2263 1646 2327 1699 ad

754 1757 914 1810 quem
972 1755 1092 1794 sese
1139 1739 1451 1793 exercendo
1489 1739 1722 1805 sagittas
1761 1738 1979 1792 mittere
2021 1752 2327 1793 consueve-

2058 361 2400 421 l’llOCUPIl
2444 363 2683 422 ΟΛΖΚΕΙ

3870 353 4003 416 1108

2443 479 2604 546 οψίαν
2642 480 2870 548 ἐξέφυγε
2911 479 3072 549 μόνος
3100 479 3296 549 χωρῶν
3339 479 3433 532 τοῦ
3474 474 3878 549 καταμηνεύειν
3920 473 4000 540 τῷ

2439 573 2601 624 Δαϐὶδ
2651 573 2748 641 τὴν
2801 572 3114 641 ἐπιϐουλήν.
3164 571 3327 624 Ὀθεν
3378 571 3592 640 πρόεισι
3643 569 3742 637 μὲν
3777 567 3874 618 σὺν
3923 561 4001 629 τῷ

2437 662 2608 724 παιδὶ,
2648 665 2746 731 τὴν
2774 663 2830 714 δὲ
2877 662 2978 731 τῆς
3011 662 3223 727 τοξείας
3258 662 3616 728 ὑποκρίνεται
3648 661 3746 728 τὴν
3792 672 4004 724 γυμνα-

2438 753 2559 804 σίαν
2583 769 2597 784 ο
2631 755 2725 806 καὶ
2760 753 2839 821 τῷ
2876 754 2975 823 μὲν
3010 754 3172 806 Δαϐὶδ
3216 754 3514 806 αἰνίττεται
3574 753 3672 820 τὴν
3703 748 3880 817 φυγὴν
3918 747 4006 798 διὰ

2434 843 2542 895 τῶν
2582 843 2720 912 πρὸς
2764 843 2856 896 τὸν
2909 843 3129 912 οἰκέτην
3187 845 3393 910 λόγων·
3437 842 3772 912 προπέμψας
3820 839 3876 891 δὲ
3913 838 4006 889 τὸν

2433 930 2673 999 οἰκέτην,
2706 931 2804 1000 τὴν
2839 932 3015 999 φυγὴν
3044 931 3209 983 Δαϐὶδ
3244 930 3585 982 ὑποτίθεται.
3799 971 3814 992 ,

2511 1019 2589 1087 Τῇ
2627 1019 2818 1087 ἡμέρᾳ
2847 1019 2956 1086 τῆς
2999 1020 3308 1087 ἐργασίας.
3351 1018 3603 1081 Ἀκύλας,
3649 1014 3756 1070 τοῦ
3803 1017 4003 1082 ἔργου.

2431 1111 2610 1176 ἔργον
2641 1109 2699 1160 δὲ
2761 1110 2920 1162 καλεῖ
2960 1110 3057 1178 τὴν
3103 1108 3328 1178 πρώτην
3359 1110 3560 1177 φυγήν.
3589 1107 3663 1159 Τὸ
3688 1107 3746 1158 δὲ
3778 1103 4004 1174 Ἐργὰϐ,

2432 1200 2480 1250 οί
2512 1199 2684 1252 λοιποὶ
2723 1201 2896 1253 λίθον
2928 1199 3218 1264 ἐξέδωκαν.

2505 1291 2611 1354 Εἰς
2647 1289 2762 1354 τὴν
2782 1289 3188 1356 λιιματτάραν.
3218 1289 3473 1351 Ἀκύλας,
3501 1289 3588 1353 είς
3614 1287 3722 1340 τὸν
3741 1285 4005 1339 σκοπόν·

2434 1381 2491 1450 ἢ,
2526 1382 2800 1448 φυλακήν.
2824 1382 2985 1449 Διττὴ
3017 1381 3126 1449 γὰρ
3150 1382 3183 1448 ἡ
3213 1382 3424 1450 γραφή.
3445 1379 3764 1448 Σύμμαχος,
3793 1381 3878 1442 εις
3902 1377 4011 1428 τὸν

2433 1468 2937 1537 συντεταγμένον.
2979 1471 3064 1522 Ἐν
3088 1470 3144 1522 δὲ
3170 1472 3234 1539 τῇ
3261 1470 3371 1522 τῶν
3407 1470 3721 1536 Ἑϐραϊκῶν
3742 1468 4011 1540 ἑρμηνείᾳ

2434 1561 2580 1613 οὕτω
2613 1563 2810 1612 κεῖται.
2857 1561 3013 1629 Παρὰ
3051 1562 3148 1629 μὲν
3179 1561 3428 1629 Ἕλλησι,
3468 1561 3693 1627 τάφρον
3715 1574 3730 1590 ⁸
3770 1559 3920 1627 παρὰ
3951 1558 4009 1608 δὲ

2448 1652 2762 1719 Ῥωμαίοις,
2797 1651 3143 1720 ςρωσσιὴον,
3181 1652 3333 1721 παρὰ
3375 1651 3435 1704 δι
3489 1651 3703 1720 Σύροις,
3745 1649 4006 1711 σκοπὸν,

2432 1745 2511 1804 εἰς
2537 1743 2595 1794 ὃν
2629 1743 3029 1812 γυμναζόμενοι
3059 1743 3127 1796 τὰ
3157 1741 3284 1813 βέλη
3311 1742 3549 1809 πέμπειν
3582 1741 3832 1794 εἰώθασιν
3851 1740 4011 1802 Τινὲς

755 1827 942 1881 runt’.
961 1827 1191 1892 Quidam
1211 1828 1643 1895 interpretantur
1663 1825 1840 1878 locum
1867 1840 2166 1880 concavum
2187 1825 2326 1880 unde
2361 1855 2401 1908 Β
2429 1832 2442 1884 ί

2321 1846 2326 1879 ε
2361 1855 2401 1908 Β
2429 1832 2484 1885 δὲ
2513 1834 2689 1886 κοῖλον
2727 1833 2911 1898 τόπον,
2943 1832 3067 1886 ὅθεν
3121 1833 3284 1886 Δαϐὶδ
3355 1831 3723 1902 καθεξόμενος
3785 1830 4008 1900 ἀνέστη.

756 1919 998 1975 surrexit
1028 1918 1214 1969 David.

826 2005 894 2062 Ut
930 2008 1096 2062 semel
1129 2015 1182 2060 ct
1214 2007 1405 2073 semel,
1443 2005 1494 2059 id
1529 2014 1634 2071 est,
1666 2006 1744 2060 uti
1775 2005 2004 2061 solebat.

825 2186 992 2243 Vens.
1048 2186 1136 2242 26.
1186 2186 1357 2241 Casus
1414 2187 1607 2256 aliquis
1669 2195 1905 2255 apparet.
1964 2184 2326 2240 Existimabat

756 2277 1014 2333 Davidcm
1049 2291 1155 2331 non
1187 2286 1499 2345 purgatum,
1529 2290 1705 2344 neque
1734 2275 2162 2340 sanctiﬁcatum,
2195 2289 2324 2329 con-

756 2371 958 2423 vivium
991 2377 1194 2438 petere,
1227 2376 1563 2437 quapropter
1593 2368 1787 2422 tacuit.

833 2459 968 2525 Quia
1002 2459 1206 2528 fractus
1233 2469 1309 2512 est
1334 2475 1488 2525 super
1515 2459 1771 2514 Davidem
1798 2498 1813 2522 ,
1857 2457 2072 2528 Aquila,
2113 2459 2326 2511 labora-

755 2556 866 2617 vit;
896 2555 1288 2624 Symmachus,
1349 2552 1531 2604 dolore
1562 2552 1782 2619 affectus
1822 2547 2326 2614 est;Theodotion,

759 2650 1104 2702 contristatus
1153 2656 1254 2709 est,
1300 2646 1458 2715 quasi
1504 2645 1711 2698 diceret
1745 2661 1757 2697 :
1788 2641 2119 2696 Conlractus
2153 2649 2236 2694 est
2276 2649 2329 2694 et

761 2741 1015 2793 misertus
1044 2738 1185 2804 ejus,
1223 2735 1366 2804 quod
1398 2735 1444 2788 ei
1476 2749 1505 2787 a
1538 2743 1689 2802 patre
1741 2749 1843 2787 suo
1887 2733 2098 2786 insidia:
2148 2739 2328 2785 strue-

761 2840 971 2885 rentur.
998 2829 1392 2883 Consummare
1415 2843 1572 2892 eum,
1607 2826 1659 2880 id
1700 2835 1803 2890 est,
1838 2825 2057 2894 penitus
2088 2824 2326 2878 auferre.

833 2921 900 2975 In
927 2922 1282 2974 testimonium
1316 2918 1561 2980 Doridis,
1595 2917 1646 2970 id
1677 2925 1782 2981 est,
1815 2916 1905 2969 ubi
1946 2915 2202 2968 Davidetn
2239 2929 2330 2966 vc-

765 3017 880 3068 uire
917 3014 1363 3076 annuntiaverat,
1388 3010 1615 3066 adduxit
1645 3025 1792 3075 eum,
1818 3007 2161 3064 Theodotion
2185 3047 2200 3072 ,
2242 3024 2331 3061 su-

763 3123 1061 3176 pergressus
1093 3113 1189 3158 est.

835 3219 995 3271 Vsus.
1040 3221 1126 3272 ιυ.
1176 3215 1341 3268 David
1419 3213 1653 3266 surrexit
1709 3211 1775 3263 ad
1831 3209 2098 3292 An‘m’gab.
2137 3209 2330 3276 Aquila

766 3311 998 3379 ἐχόμενα
1022 3311 1115 3361 τού
1142 3309 1306 3376 νόμου
1338 3307 1440 3360 hoc
1469 3316 1572 3368 est,
1605 3304 1898 3366 australt'a,
1929 3301 2130 3357 reddit.
2175 3300 2337 3354 Forte

769 3412 944 3456 autem
975 3415 1255 3455 concavus
1291 3399 1447 3453 locus
1481 3396 1605 3450 fuit.

1398 3530 1552 3586 CAP.
1600 3529 1740 3583 XXI.

844 3671 1003 3724 Vrsas.
1073 3669 1128 3722 2.
1198 3670 1276 3720 Ad
1336 3668 1687 3722 Achimelech.
1771 3666 1935 3718 Liber
1996 3663 2341 3717 Psalmorum

772 3777 939 3814 χχχιιι
987 3771 1226 3828 psalmo,
1283 3775 1380 3829 pro
1447 3757 1779 3812 Achimelech
1828 3757 1881 3809 in
1948 3753 2109 3808 titulo
2187 3751 2346 3804 habet

785 3851 1110 3910 Λὺίιηειεειι,
1170 3850 1314 3902 iacta
1360 3851 1768 3919 permutatione
1820 3849 2015 3902 litterae
2045 3886 2058 3908 ,
2125 3850 2348 3911 propter

771 3940 1090 3993 aliinitatcm
1137 3938 1446 3993 litterarum
1505 3940 1647 4008 apud
1714 3939 1997 3997 Hebraeos,
2049 3933 2180 3987 Beth
2238 3931 2346 3984 sci-

774 4033 936 4094 licet,
987 4038 1040 4084 et
1084 4029 1256 4097 Caph.
1323 4027 1545 4081 Similes
1567 4028 1713 4081 enim
1745 4035 1875 4082 stitit
1917 4025 2108 4078 litterae
2153 4024 2347 4091 exiguo

775 4124 929 4190 apice
997 4129 1208 4173 tantum
1262 4122 1530 4172 variante.
1598 4117 1702 4172 Sed
1752 4117 2029 4187 quomodo
2090 4114 2347 4168 Servator

772 4225 962 4270 noster
1015 4217 1068 4268 in
1106 4212 1415 4284 Evangeliis
1458 4210 1751 4283 praesentis
1820 4210 2064 4264 historias
2112 4207 2347 4261 mentio-

775 4322 895 4359 ucm
949 4305 1195 4366 iaciens.
1257 4305 1394 4358 dicit
1443 4304 1512 4355 ad
1560 4301 1832 4357 Abiatliar
1878 4313 2153 4354 summunt
2212 4311 2348 4365 pon-

760 4401 971 4453 'tiliceni
1021 4397 1383 4467 pervenisse?
1437 4398 1544 4449 Aut
1603 4395 1771 4463 igitur
1822 4390 2140 4445 Abimelech
2194 4390 2350 4442 bino-

774 4490 937 4542 minis
1002 4488 1151 4551 fuit,
1211 4496 1266 4543 ct
1323 4488 1590 4543 Abiathar
1636 4487 1802 4539 etiam
1857 4483 2163 4552 appellatus
2230 4488 2336 4545 est,

2432 1923 2494 1977 C.
2529 1923 2588 1977 L.

2518 2015 2605 2078 Ὠς
2657 2013 2804 2079 ἅπαξ
2853 2014 2946 2067 καὶ
2988 2011 3158 2082 ἅπαξ,
3209 2013 3330 2068 ἀντὶ
3387 2012 3508 2080 τοῦ,
3554 2013 3747 2083 ῶσπερ
3796 2011 4006 2065 εῑὼθει.

2500 2195 2835 2266 Σύμπτωμά
2861 2214 2915 2250 τι
2940 2197 3234 2266 φαίνεται.
3263 2198 3423 2268 ’ῼετο
3457 2198 3529 2269 μὴ
3562 2197 4007 2266 κεκαθαρμένον,

2436 2289 2570 2356 μηδὲ
2598 2289 2945 2358 ἡγνισμένον,
2977 2289 3069 2342 τὸν
3099 2288 3262 2342 Δαϐὶδ
3289 2289 3738 2360 παραιτήσασθαι
3765 2288 3826 2341 τὸ
3861 2305 3924 2340 συ
3937 2305 4010 2357 μ·-

2433 2381 2640 2442 πόσιον,
2675 2381 2865 2450 διόπερ
2899 2380 3175 2451 ἐσίγησεν.

2509 2470 2631 2525 Ὀτι
2652 2474 2951 2541 ἐθραύσθη
2979 2474 3076 2527 ἐπὶ
3113 2473 3222 2526 τὸν
3264 2471 3476 2528 Δαϐίδ·
3512 2474 3766 2538 Ἀκύλας,
3807 2474 4012 2528 Gisgo-

2433 2568 2622 2634 νήθη·
2692 2568 2989 2639 Σύμμαχος
3015 2610 3029 2634 ,
3091 2570 3370 2639 ὠδυνήθη
3409 2573 3427 2608 ¹
3453 2587 3464 2601 ·
3509 2572 3838 2636 Θεοδοτίων,
3870 2571 4011 2624 ἐλυ-

2436 2661 2618 2728 πήθη,
2653 2663 2772 2714 ἀντὶ
2800 2661 2918 2724 τοῦ,
2972 2662 3285 2730 ἐπεκλάσθη
3317 2675 3343 2702 ει
3367 2703 3382 2727 ,
3435 2665 3530 2715 καὶ
3576 2662 3810 2731 ⁴ηλέησεν
3850 2661 4013 2714 αὐτὸν

2436 2749 2920 2818 ἐπιϐουλευόμενον
2960 2750 3067 2801 ὑπὸ
3095 2750 3190 2802 τοῦ
3231 2747 3439 2819 πατρὸς
3469 2751 3657 2804 αὑτοῦ.
3689 2750 4012 2804 Συντελέσαι

2437 2841 2619 2904 αὑτὸν,
2659 2840 2907 2892 τουτέστι
2935 2839 3154 2902 πάντως
3184 2841 3413 2893 ἀνελεῖν.
3440 2839 3502 2893 C.
3541 2840 3602 2894 L.

2510 2929 2584 2980 Τὸ
2611 2929 2688 2989 δὲ,
2710 2929 2754 2980 Ε
2761 2929 2814 2994 ις
2831 2926 2898 2981 τὸ
2925 2930 3255 2996 μαρτύριον
3277 2929 3474 2988 Δαϐίδ,
3499 2929 3641 2994 ἀντὶ,
3673 2929 3806 2982 ὅπου
3843 2931 4016 2998 ἐπηγ-

2439 3019 2654 3087 γείλατο
2696 3019 2787 3071 τὸν
2834 3019 2998 3072 Δαϐὶδ
3027 3019 3221 3083 ἐλθεῖν,
3245 3022 3566 3091 παρήγαγεν
3594 3030 3618 3057 '
3652 3021 3813 3075 αὐτόν
3845 3037 3857 3050 ·
3885 3021 4016 3073 Θεο-

2439 3112 2645 3172 δοτίων,
2679 3110 2937 3177 ὑπερέϐη
2976 3124 3032 3164 ι.
3057 3110 3119 3164 C.
3156 3111 3216 3164 L.

2513 3221 2618 3275 Kal
2665 3220 2842 3273 Δαϐίδ
2899 3220 3126 3288 ἀνέστη
3164 3221 3284 3274 ἀπὸ
3339 3221 3626 3290 Ἀννεγάὸ
3670 3231 3712 3274 ².
3760 3221 4016 3286 Ἀκύλας,

2437 3313 2694 3380 ἐχόμενα
2722 3311 2826 3364 τοῦ
2853 3311 3065 3365 νώτου.
3110 3313 3270 3375 Ἴσως
3294 3313 3352 3366 δὲ
3381 3313 3558 3375 κοῖλος
3585 3313 3747 3376 τόπος
3775 3314 4020 3383 ὑπῆρχεν

2441 3405 2576 3456 ἐκεῖ.
2613 3403 2697 3474 [Ol
2728 3402 2783 3455 δὲ
2809 3403 3008 3467 λοιποὶ,
3030 3403 3206 3458 λίθον
3230 3403 3523 3470 ἐξέδωκαν.
3560 3404 3620 3459 C.
3661 3403 3809 3476 Lip]

3006 3541 3258 3596 ΚΕΦΑΛ.
3309 3543 3440 3596 KA'.

2515 3676 2670 3744 Πρὸς
2703 3675 3026 3744 Ἀχιμέ.1εχ.
3071 3676 3138 3729 Ἢ
3171 3675 3353 3746 βίϐλος
3388 3675 3497 3729 τῶν
3541 3674 3817 3743 Ψαλμῶν,
3851 3675 3909 3727 ὲν
3946 3673 4025 3741 τῷ

2445 3767 2746 3837 τριακοστῷ
2775 3769 2959 3837 τρίτῳ,
2979 3767 3101 3821 ἀντὶ
3127 3767 3222 3819 τοῦ
3250 3768 3554 3836 Ἀχιμέλεχ
3587 3765 3893 3834 Ἀὅιμέλεχ
3927 3781 4025 3816 πει

2450 3859 2623 3928 ριέχει
2650 3860 2708 3910 ὲν
2743 3861 2810 3926 τῇ
2842 3861 3158 3928 προγραφῇ,
3209 3858 3509 3926 ὲναλλαγῆς
3565 3857 3828 3924 στοιχείου
3871 3872 4027 3922 γενο-

2452 3952 2637 4020 μένης,
2674 3951 2824 4019 παρὰ
2862 3951 2960 4018 τὴν
2989 3950 3285 4019 ὁμοιότητα
3338 3948 3432 4001 τοῦ
3487 3947 3748 4015 στοιχείου
3780 3945 3874 3997 τοῦ
3924 3945 4025 3997 me

2449 4043 2599 4113 παρὰ
2616 4045 2728 4105 τοῖς
2765 4041 3036 4111 Ἑϐραίοις
3061 4039 3396 4109 καλουμένου
3418 4038 3513 4091 καί⁵
3535 4037 3626 4090 τοῦ
3652 4037 3798 4103 Κάφ.
3828 4037 4030 4103 Ὅμοια

2448 4137 2557 4204 γὰρ
2585 4135 2653 4187 τὰ
2676 4136 2933 4203 στοιχεῖα,
2961 4133 3308 4202 βραχυτάτης
3329 4130 3556 4199 κεραίας
3579 4128 3746 4196 μόνης
3770 4127 4030 4179 ἐναλλατ-

2448 4229 2666 4295 τούσης.
2718 4227 2842 4288 Πῶς
2876 4226 2932 4278 δὲ
2989 4224 3251 4294 μνησθεὶς
3303 4225 3331 4276 6
3365 4223 3555 4290 Σωτὴρ
3588 4221 3646 4272 ὲν
3677 4219 4031 4286 Εὑαγγελίοις

2450 4321 2548 4389 τῆς
2577 4318 2947 4388 προκειμένης
3003 4317 3240 4386 ἱστορίας
3276 4315 3368 4367 ἐπὶ
3417 4312 3682 4381 Ἀϐιάθαρ
3713 4310 3804 4363 τοῦ
3840 4313 4030 4379 ἀρχιε-

2455 4413 2589 4480 pm;
2631 4410 2832 4479 φησίν;
2880 4409 2913 4477 ἦ
2961 4408 3146 4460 τοίνυν
3191 4404 3480 4474 ’Δχιμέλεχ
3506 4403 3775 4470 διώνυμος
3806 4395 3894 4471 ἦν,
3937 4401 4035 4452 καὶ

2468 4500 2728 4566 Ἀϐιάθαρ
2752 4497 3088 4566 καλούμενος
3108 4513 3121 4526 °
3147 4495 3179 4565 ἢ
3207 4495 3288 4546 δεῖ
3305 4494 3510 4560 λέγειν,
3541 4492 3616 4554 ὡς
3643 4490 3736 4542 τοῦ
3766 4490 3863 4558 μὲν
3879 4490 4033 4558 Ἀχι-

772 4593 864 4637 aut
890 4584 1179 4637 dicendunt
1234 4593 1318 4637 est
1357 4581 1645 4636 historiam
1687 4578 2025 4634 Abimelcchi
2077 4586 2338 4645 tanquam
2373 4638 2420 4694 υ

776 4673 1072 4694 η---...ι-.ε-
1126 4676 1456 4694 ..-μυι2Α-.-.λ-
1514 4670 1692 4694 ιλιι---
1745 4687 1756 4694 .
1827 4668 2175 4694 Διιζηιιηι-...η
2245 4681 2333 4694 ιν...

2373 4638 2420 4694 D
2461 4591 2645 4659 μέλεχ,
2677 4590 2750 4652 ὡς
2786 4587 2994 4658 ἱερέως,
3031 4585 3339 4655 μεμνῆσθαι
3378 4585 3477 4653 τὴν
3518 4582 3792 4652 ἱστορίαν·
3843 4581 3936 4632 τὸν
3975 4581 4034 4634 δὲ

771 4673 1075 4728 sacerdotis
1126 4676 1459 4726 mentionem
1513 4670 1693 4725 facere
1744 4687 1756 4722 :
1817 4668 2176 4721 Abiatharum
2245 4681 2338 4718 ve-

771 4781 914 4828 rum,
951 4778 1225 4818 summum
1269 4762 1378 4816 illis
1418 4762 1758 4829 temporibus
1795 4758 2104 4829 pontiﬁcem
2147 4755 2340 4810 fuisse.

775 4854 1001 4908 Videtur
1033 4856 1223 4918 etiam,
1255 4853 1403 4922 quod
1444 4852 1652 4920 Regum
1702 4853 1840 4906 liber
1887 4851 2069 4919 ipsum
2122 4851 2345 4904 Abinie-

773 4948 915 5010 lech,
945 4956 1000 5002 et
1055 4948 1373 5002 sacerdotes
1410 4943 1624 4999 Domini
1669 4945 1919 4999 sublatos
1965 4958 2085 4998 esse
2126 4942 2274 4996 dicat
2315 4957 2344 4996 a

774 5040 959 5104 Saule,
998 5055 1105 5094 non
1134 5047 1316 5093 autem
1363 5053 1636 5093 summurn
1679 5035 2014 5105 pontiﬁcem.
2065 5034 2348 5089 Annotan-

773 5133 904 5186 dum
978 5132 1144 5186 etiam
1223 5138 1311 5186 est
1365 5130 1572 5199 peritos
1642 5129 1846 5183 veteris
1901 5128 2087 5198 populi
2167 5129 2349 5181 minus

773 5222 1058 5276 curavisse
1097 5222 1406 5290 corporalia
1441 5222 1578 5289 legis
1613 5220 1897 5272 mandata.
1927 5219 2076 5272 lianc
2113 5220 2181 5271 ob
2214 5233 2348 5272 cau-

776 5331 891 5369 sam
927 5315 1118 5379 David,
1149 5313 1444 5369 comedens
1474 5329 1644 5382 panes
1675 5313 2095 5381 propositionis,
2130 5313 2181 5365 id
2218 5312 2349 5365 fecit

777 5414 918 5482 quod
954 5427 1048 5482 per
1077 5412 1250 5482 legem
1284 5410 1488 5481 llloysis
1525 5425 1634 5464 non
1664 5409 1882 5464 licebat.
1919 5409 2188 5462 Caeterum
2232 5409 2347 5476 ipso

2459 4681 2718 4748 Ἀϐιάθαρ
2774 4678 3032 4748 ἀρχιερέα
3074 4676 3366 4744 τυγχάνειν
3419 4691 3522 4726 κατ
3573 4675 3749 4725 έκεῖνο
3811 4670 4032 4739 καιροῦ.

2450 4769 2706 4822 Φαίνεται
2733 4768 2788 4820 δὲ
2815 4770 2847 4836 ὴ
2883 4767 2990 4818 τῶν
3019 4765 3294 4818 Βασιλέων
3319 4763 3529 4833 γραφὴ,
3555 4762 3645 4813 τὸν
3679 4760 3782 4829 μὲν
3803 4759 4038 4827 Ἀχιμέ-

2452 4861 2567 4928 λεχ,
2603 4860 2851 4921 καὶτοὺς
2893 4857 3074 4927 ἱερέας
3115 4855 3210 4908 τοῦ
3253 4853 3410 4917 Θεοῦ,
3459 4851 3767 4922 ἀνῃρῆσθαι
3807 4852 4036 4919 φήσασα

2455 4953 2560 5006 ὑπὸ
2586 4951 2679 5004 τοῦ
2718 4950 2907 5011 Σαοὺλ,
2939 4949 2998 5002 ού
3030 4948 3134 5017 μὴν
3156 4946 3444 5016 ἀρχιερέα.
3469 4943 3949 5014 Ἐπισημήνασθαι
3979 4944 4036 4996 δὲ

2453 5043 2554 5105 δεῖ,
2583 5041 2658 5103 ὡς
2692 5041 2742 5092 oi
2796 5039 3162 5108 ἐπιστήμονες
3213 5035 3309 5088 τοῦ
3361 5035 3631 5105 προτέρου
3689 5032 3821 5085 λαοῦ
3869 5029 4038 5100 ἦττον

2449 5134 2760 5204 ἐφρόντιζον
2785 5132 2893 5185 τῶν
2930 5129 3260 5200 σωματικῶν
3288 5128 3383 5181 τοῦ
3417 5128 3583 5196 νόμου
3635 5125 4039 5196 παραγγελμά-

2449 5242 2577 5278 των.
2607 5224 2826 5293 Διόπερ,
2867 5223 2895 5274 ὂ
2923 5223 2995 5292 μὴ
3030 5220 3155 5289 ἐξῆν
3191 5221 3332 5272 κατὰ
3379 5220 3470 5271 τὸν
3506 5218 3788 5278 Μωῦσέως
3829 5217 3999 5284 νόμον
4022 5258 4036 5278 ,

2450 5315 2609 5368 τοῦτο
2649 5315 2918 5383 ἔπραττεν
2939 5315 2966 5366 6
2990 5312 3175 5377 Δαϐἰδ,
3204 5312 3329 5374 τοὺς
3355 5311 3554 5381 ἄρτους
3589 5309 3689 5376 τῆς
3722 5307 4040 5376 προθέσεως

2449 5407 2668 5459 ἐσθίων.
2715 5406 2876 5459 Ἀλλὰ
2931 5404 3027 5457 κα¹ι
3071 5406 3099 5456 6
3150 5403 3352 5472 ἱερεὺς,
3409 5399 3726 5473 μεταδιδοὺς
3763 5397 3915 5468 αὑτῷ
3944 5399 4042 5450 καὶ

2039 5517 2278 5573 V'AllUE
2312 5516 2724 5574 LEtZTlONES.

853 5617 870 5652 ⁸
907 5616 997 5676 Τὸ,
1033 5615 1328 5683 Σύμμαχος
1358 5611 1624 5683 ὡδυνήθη,
1654 5610 1761 5683 ούκᾼ
1785 5609 1940 5683 ἕχειό
1969 5609 2065 5676 τῆς
2086 5610 2227 5683 ΔΑύγ.
2259 5609 2381 5660 κώδ.

1633 5695 1654 5719 ι
1705 5673 1974 5748 ’Υπερέϐη
2008 5673 2218 5746 σχίζειν.
2245 5680 2497 5746 Ἀκύλας,
2535 5679 2759 5749 βέλη.Ὀ
2788 5673 2968 5740 αὑτός.
3040 5686 3060 5713 ι
3097 5674 3178 5730 Ad
3200 5692 3320 5731 orat

2350 5680 2497 5746 ύλας,
2535 5679 2759 5749 βέλη.Ὀ
2788 5673 2968 5740 αὑτός.
3040 5686 3060 5713 ι
3097 5674 3178 5730 Ad
3200 5691 3354 5731 oram
3383 5673 3590 5731 codicis
3620 5673 3791 5728 nostri
3823 5674 4037 5730 adscri-

782 5687 953 5754 ήγαγε
989 5686 1085 5755 τὴν
1115 5682 1322 5752 σχίςαν.
1371 5682 1428 5755 ’tt
1461 5685 1578 5734 αὐτ.

782 5751 931 5826 ptutit
962 5751 1098 5820 crat,
1130 5751 1348 5824 Ἰἰρ-,ιαθλ
1395 5752 1745 5822 Septuaginta
1779 5751 1970 5805 habent
2014 5751 2236 5818 ’Λργαϐο

2448 5619 2472 5645 υ
2526 5606 2865 5676 Ἐπεκλάσθη
2890 5645 2903 5666 ,
2938 5605 3056 5659 ἀντὶ
3092 5602 3207 5676 τοῦ,
3236 5603 3502 5676 ἐλυπήθη.
3547 5603 3605 5676 _'O
3629 5601 3750 5656 αὐτ.
3780 5673 3790 5676 _
3827 5605 4043 5676 '_U:p-
