4272 6446
316 367 444 429 1117

311 482 449 540 θεῖος
484 481 734 548 ἅγγελος,
789 483 864 544 ὡς
904 483 1191 553 ἐϐουλήθη,
1234 487 1291 536 τὸ
1326 483 1461 548 εἶδος

1396 378 1919 444 tjtl.\l.\1E.\'T.-\l{11
1977 386 2051 445 ΙΝ
2097 343 2286 448 1.111.1
2328 391 2614 450 llEGUM.

3412 388 3549 452 1118

1510 492 1602 541 τοῦ
1635 493 1886 561 Σαμουὴλ
1918 509 1959 559 Α
1995 503 2086 559 lat.
2157 512 2209 554 et
2256 502 2342 553 illa
2395 501 2548 563 dicit,
2585 517 2704 568 qum
2757 513 3136 568 szepenumero
3173 515 3197 552 e

1861 495 1886 542 λ
1918 509 1959 559 Α
1995 503 2086 559 lat.
2157 512 2209 554 et
2256 502 2342 553 illa
2395 501 2548 563 dicit,
2585 517 2704 568 qum
2757 513 3136 568 szepcnumero
3173 515 3236 552 ex
3293 500 3546 553 Sutttuele

309 573 697 641 ἐσχημάτισεν,
742 574 833 625 τοῦ
886 575 1021 626 Θεοῦ
1064 578 1156 627 καὶ
1200 577 1288 628 διὰ
1329 578 1440 628 τῶν
1485 581 1740 638 ἐναντίων
1785 584 1884 651 τὴν
1990 606 1996 641 :

1857 602 1884 634 ν
1990 591 2196 643 audivit
2241 593 2476 657 (tempus
2508 593 2728 658 quident
2760 593 3000 644 Saulina:
3025 591 3217 642 mortis
3243 591 3541 656 ignaram),

304 665 482 731 ψῆφον
511 665 834 734 ἐκφέροντος
865 681 880 698 ο
918 665 994 728 ὦς
1035 684 1190 736 φησι,
1226 668 1343 720 Κᾶν
1382 670 1592 742 ἀπέλθῃ
1625 673 1761 741 πρὸς
1791 675 1884 728 τὸν
1985 697 1991 710 τ

1856 694 1884 728 ν
1985 682 2066 734 vel
2111 681 2337 749 angelus
2382 679 2473 734 Dei
2525 682 2685 734 siculi
2743 683 2935 742 voluit,
2991 679 3220 732 formam
3277 677 3543 729 Samuelis

306 753 780 826 ψευδοπροφήτην,
809 756 918 822 ἐγὼ
962 757 1163 824 Κύριος
1212 759 1652 829 άποκριθήσομαι
1693 765 1878 834 αὐτῷ.

308 842 462 895 Οῦτω
508 845 596 896 διὰ
636 845 728 897 τοῦ
769 845 998 914 Βαλαὰμ
1038 844 1300 913 εύλόγησε
1351 849 1441 900 τὸν
1471 850 1620 911 λαὸν,
1654 853 1747 904 καὶ
1782 853 1881 922 τὴν

307 934 405 1002 τῆς
441 935 765 1005 οἰκουμένης
805 938 1079 1006 σωτηρίαν
1119 940 1550 1008 προανεκήρυξε,
1595 942 1686 994 τοῦ
1736 944 1878 997 θείου

310 1026 625 1093 Πνεύματος
659 1029 1067 1096 ἐνεργήσαντος,
1116 1031 1207 1080 καὶ
1246 1031 1339 1082 νῦν
1377 1033 1681 1101 ἐνήργησεν
1712 1034 1878 1105 aper}-

307 1134 394 1169 ναι
417 1119 601 1185 σχῆμα
629 1119 723 1172 τοῦ
758 1121 1031 1190 Σαμουήλ.
1073 1121 1229 1175 Οὕτω
1260 1124 1385 1186 τοὺς
1431 1126 1691 1192 ὀφθέντας
1718 1129 1879 1194 ἀγγέ-

306 1207 429 1269 λους
459 1208 537 1276 τῷ
561 1209 834 1279 Ἀϐραάμ,
868 1215 960 1264 καὶ
988 1213 1080 1264 τὸν
1109 1214 1331 1267 ἐκείνων
1361 1215 1648 1286 δεσπότην,
1681 1219 1878 1288 ἄνδρας

304 1299 604 1368 ὠνόμασεν.
659 1301 814 1354 Οῦτω
875 1304 982 1373 γάρ
1013 1306 1148 1374 όρᾷν
1199 1309 1226 1358 ό
1282 1308 1622 1377 πατριάρχης
1673 1311 1869 1372 ἐδόκει,

301 1391 383 1442 διὸ
413 1393 506 1443 καὶ
531 1393 810 1462 τράπεζαν
840 1395 1024 1458 αὐτοῖς
1069 1396 1411 1465 παρετίθετο,
1447 1398 1600 1450 Οὕτω
1629 1401 1753 1461 τοὺς
1780 1401 1878 1452 οὐκ

303 1480 462 1544 ὄντας
518 1483 673 1544 θεοὺς
729 1484 985 1552 ὀνομάζει
1032 1487 1248 1556 θεοὺςὴ
1293 1488 1506 1556 Γραφή.
1541 1489 1629 1551 Ὠς
1663 1491 1756 1541 καὶ
1783 1490 1877 1544 νῦν

305 1573 579 1640 Σαμουὴλ,
614 1574 699 1626 ἵνα
727 1574 888 1627 τοῦτο
917 1576 1086 1628 δοκῶν
1118 1579 1145 1629 ὁ
1169 1577 1358 1637 Σαοὺλ.
1400 1581 1491 1631 καὶ
1535 1581 1631 1650 τὴν
1661 1580 1875 1647 άπόςρα·

301 1679 385 1714 σιν
435 1663 498 1714 ἐκ
529 1663 719 1715 τούτου
756 1665 1070 1733 δεξάμενος,
1118 1668 1317 1720 στένων
1356 1668 1561 1731 ἐξέλθοι
1605 1669 1696 1720 τὸν
1741 1668 1873 1736 βίον.

301 1752 362 1802 Ei
387 1751 518 1819 γὰρ,
550 1754 613 1804 ἐκ
664 1752 756 1804 τοῦ
791 1753 1039 1821 εἰρῆσθαι
1073 1755 1331 1823 τοῦνομα,
1389 1755 1701 1824 νομίσωμεν
1735 1751 1872 1807 εἶναι

1989 773 2276 839 ascripsit,
2351 769 2584 823 Domino
2649 773 2977 824 sententiam
3037 785 3132 839 per
3201 769 3541 822 contrarium

1980 861 2239 914 el'fcrente
2262 899 2275 921 ,
2304 860 2397 927 qui
2427 859 2604 928 inquit
2635 877 2646 912 :
2675 859 2730 912 Si
2756 861 3056 914 accesseris
3092 858 3541 928 pseudopmphe-

1982 962 2116 1013 tam,
2149 966 2248 1018 ego
2279 949 2540 1004 Dominus
2563 952 2911 1018 respondebo
2937 951 3007 1004 ei.
3046 952 3136 1002 Sic
3174 965 3268 1018 per
3301 948 3538 1007 Balaam,

1981 1041 2188 1109 Spiritu
2228 1039 2319 1094 Dei
2360 1040 2411 1092 in
2442 1041 2559 1109 ipso
2606 1049 2892 1107 operante,
2926 1040 3203 1093 benedixit
3235 1041 3449 1106 populo,
3487 1046 3540 1088 ct

1979 1129 2128 1183 orbis
2165 1130 2396 1181 salutem
2445 1129 2718 1197 praedixit.
2765 1131 2928 1198 Atqui
2966 1146 3110 1182 nunc
3139 1129 3306 1179 etiam
3335 1127 3538 1189 eﬂecit,

1979 1227 2038 1271 ut
2065 1226 2354 1286 appareret
2392 1217 2566 1270 forma
2620 1218 2912 1279 Samuelis,
2938 1234 3102 1288 quam
3133 1218 3414 1284 Scriptura
3450 1218 3541 1266 Sa.

1979 1310 2208 1361 ntttelettt
2273 1307 2585 1375 appellavit.
2635 1305 2722 1359 Sit:
2757 1308 2978 1372 angelos
3008 1308 3193 1364 etiam,
3236 1306 3326 1371 qui
3368 1307 3539 1354 Abra-

1979 1397 2142 1449 hamo
2180 1405 2574 1464 apparuerunt,
2603 1407 2656 1449 et
2685 1397 2966 1448 dominum
3009 1410 3221 1455 eorum,
3271 1393 3416 1445 viros
3444 1408 3539 1460 ap-

1975 1487 2214 1557 pellavit.
2248 1485 2411 1542 Viros
2467 1488 2610 1540 enim
2646 1503 2703 1541 se
2756 1488 2938 1539 videre
2996 1485 3305 1554 patriarcha
3347 1483 3538 1535 existi-

1980 1578 2185 1637 tuahat,
2231 1591 2403 1646 quare
2444 1592 2688 1631 mensam
2733 1577 2812 1630 eis
2854 1577 3194 1643 apponebat;
3238 1574 3316 1627 sic
3347 1573 3435 1641 qui
3462 1571 3536 1623 dii

1975 1683 2082 1722 non
2126 1677 2277 1730 sunt,
2319 1667 2454 1722 deos
2499 1668 2735 1735 appellat
2799 1665 3133 1733 Scriptura;
3180 1664 3539 1732 quemadmo-

1974 1759 2101 1811 dum
2139 1772 2281 1812 nunc
2311 1758 2477 1811 etiam
2512 1756 2860 1820 Samuelent;
2903 1763 2958 1808 ut
3008 1753 3159 1815 Saul,
3199 1753 3284 1804 cui
3321 1753 3421 1803 huc
3458 1751 3536 1802 ti-

297 1842 388 1892 τδν
417 1842 696 1911 Σαμουὴλ,
730 1843 916 1912 καιρὸς
944 1844 1038 1896 καὶ
1070 1843 1163 1906 οὓς
1189 1846 1492 1912 ἑωρακέναι
1519 1845 1667 1911 λέγει
1697 1844 1872 1908 θεοὺς,
1907 1853 1950 1909 Β
1978 1872 1984 1901 t

1849 1865 1872 1908 ὀ
1907 1853 1950 1909 Β
1978 1851 2226 1912 dcbalur,
2260 1851 2588 1904 sententiam
2625 1863 2689 1901 ex
2734 1862 2799 1900 eo
2832 1849 3067 1906 audiret,
3100 1854 3152 1898 ct
3174 1860 3296 1897 cum
3333 1844 3536 1911 gemitu

294 1933 523 1995 τούτους
582 1933 795 2002 ἀληθῶς
843 1935 1094 2005 ἡγεῖσθαι
1146 1937 1323 1998 θεοὺς,
1369 1937 1489 1999 ἐνὸς
1534 1937 1675 1988 κατὰ
1711 1937 1870 2004 φύσιν

297 2023 653 2091 ὑπάρχοντος.
686 2023 842 2086 Τινὲς
868 2023 922 2077 δέ
965 2042 1148 2091 φασιν,
1186 2025 1420 2094 ὀφθῆναι
1454 2027 1550 2095 μὲν
1577 2026 1743 2086 ὅντως
1782 2026 1871 2078 τὸν

295 2113 568 2183 Σαμουὴλ,
600 2114 735 2168 ἀλλὰ
772 2114 908 2168 Θεοῦ
950 2116 1048 2184 τὴν
1073 2115 1249 2184 ψυχὴν
1284 2117 1757 2186 παραστήσαντος,
1809 2117 1870 2170 ού

293 2209 391 2278 τῆς
433 2209 874 2279 ἐγγαστριμύθου
900 2209 1103 2279 ταύτην
1131 2211 1536 2280 άναγαγούοης.
1566 2211 1742 2263 Μόνον
1764 2209 1872 2279 γὰρ

295 2301 500 2368 ταύτην
537 2301 664 2354 ῑδείν
695 2302 785 2353 τὸν
837 2302 1110 2372 Σαμουὴλ,
1155 2302 1270 2355 ἀλλ’
1302 2303 1400 2354 οὐκ
1458 2303 1627 2370 αὐτὴν
1670 2304 1872 2368 ἀναγα-

292 2393 431 2457 γεῖν,
465 2390 499 2460 ἡ
527 2390 648 2444 θεία
689 2391 836 2458 λέγει
885 2393 1098 2462 Γραφή.
1133 2391 1407 2446 Εἰώθεσαν
1451 2390 1508 2442 δέ
1543 2392 1602 2442 ἐν
1645 2393 1766 2453 ταῖς
1796 2407 1868 2441 νε·

293 2483 698 2551 κυομαντεῑαις,
745 2483 1013 2553 δαιμόνων
1062 2483 1320 2547 ἀπάταις,
1365 2482 1604 2552 σκιοειδῆ
1656 2481 1870 2551 βλέπειν

295 2572 685 2642 φαντάσματα.
729 2575 1005 2642 Ἐμφασις
1045 2574 1100 2627 δὲ
1151 2574 1243 2628 τοῦ
1294 2573 1568 2643 δαιμόνιον
1622 2567 1760 2624 εἶναι
1810 2572 1870 2624 τὸ

291 2668 666 2737 φθεγγόμενον
700 2667 844 2721 εῐποι
868 2687 948 2731 τις
981 2667 1047 2721 ἂν
1067 2669 1164 2739 τὴν
1198 2669 1424 2735 ἄγνοιαν
1450 2668 1548 2738 τῆς
1578 2666 1671 2720 τοῦ
1700 2665 1872 2719 Σαοὺλ

287 2759 570 2827 τελευτῆς.
603 2760 676 2811 Οὐ
715 2759 826 2829 γὰρ
862 2758 1074 2830 αῦριον,
1115 2760 1250 2812 ἀλλὰ
1285 2759 1403 2829 μεθ’
1433 2760 1644 2829 ἡμέρας
1687 2759 1872 2827 φαίνε-

287 2867 381 2902 ται
413 2850 713 2918 τεθνηκώς.
742 2851 804 2903 Εἰ
841 2851 916 2921 μὴ
957 2851 1065 2918 ἄρα
1099 2851 1156 2903 τὸ
1183 2849 1370 2919 αῦριον
1403 2851 1464 2902 τὸ
1485 2851 1583 2916 τὴν
1615 2847 1871 2918 τελευτὴν

287 2937 432 2994 εἶναι
469 2941 696 3012 πλησίον
730 2941 897 3011 δηλοῖ.
943 2943 1016 2994 Ἥ
1064 2941 1116 3009 γ’
1150 2938 1243 2995 οὖν
1277 2940 1794 3013 προληπτικώτερον
1823 2941 1866 3009 ,ἠ

288 3031 480 3102 Γραφὴ
511 3032 578 3085 τά
614 3032 756 3084 κατὰ
784 3033 875 3084 τὸν
903 3033 1083 3097 Δαϐὶδ,
1116 3035 1210 3086 καὶ
1241 3033 1330 3086 τὸν
1361 3033 1631 3102 Ἀμαλῆκ,
1663 3031 1871 3097 φθάσα-

289 3141 358 3175 σα
391 3123 690 3192 διηγήσατο
730 3124 835 3193 πρὸ
873 3126 970 3192 τῆς
1017 3125 1108 3176 τοῦ
1152 3125 1322 3176 Σαοὺλ
1354 3123 1612 3190 τελευτῆς
1639 3138 1652 3152 ·
1703 3121 1776 3181 ὠς
1803 3119 1869 3172 ἂν

1973 1958 2003 1997 e
2029 1944 2137 1995 vita
2161 1942 2471 1996 excederet.
2508 1939 2724 1994 Etenim
2768 1941 2810 1994 si
2858 1940 2997 1992 hanc
3025 1939 3093 1991 ob
3120 1952 3365 1997 causam,
3391 1935 3534 2004 quod

1974 2050 2168 2089 nomen
2205 2035 2381 2103 ipsius
2424 2031 2775 2098 exprimitur,
2827 2030 3133 2084 Samnclem
3177 2027 3347 2082 fuisse
3376 2036 3535 2095 puta-

1971 2126 2170 2190 bimus,
2208 2123 2483 2196 Oportebit
2525 2123 2647 2178 illos
2680 2123 2867 2184 etiam,
2906 2135 3044 2190 quos
3072 2119 3203 2172 deos
3237 2134 3292 2171 se
3326 2119 3532 2170 vidisse

1971 2220 2125 2282 dicit,
2158 2233 2318 2272 veros
2375 2217 2514 2271 Deos
2567 2226 2783 2285 putare,
2819 2229 2940 2268 cum
2978 2222 3162 2266 tamen
3192 2213 3390 2263 unicus
3419 2220 3536 2260 tan-

1972 2321 2085 2362 tum
2131 2319 2325 2361 natura
2355 2306 2497 2362 Dcus
2540 2307 2789 2361 exsistat.
2832 2304 3084 2358 Nonnulli
3125 2311 3303 2356 tamen
3346 2303 3536 2354 dicunt

1971 2413 2159 2452 revera
2212 2397 2429 2464 quidem
2505 2394 2814 2450 Samuelem
2887 2393 3233 2463 apparuisse;
3280 2391 3374 2445 sed
3427 2389 3534 2443 Deo

1969 2486 2110 2540 hanc
2167 2488 2404 2539 animam
2477 2491 2794 2546 revocante,
2862 2500 2967 2538 non
3036 2499 3183 2553 saga.
3249 2482 3532 2550 Scriptura

1968 2579 2115 2632 enim
2160 2585 2372 2631 tantum
2427 2577 2558 2631 dicit
2611 2578 2751 2632 hanc
2800 2577 3006 2632 vidisse
3052 2575 3381 2640 Samuelem,
3419 2592 3532 2628 non

1970 2677 2151 2723 autem
2199 2683 2512 2722 revocasse.
2570 2667 2759 2722 Solent
2802 2678 2981 2722 autem
3018 2669 3070 2721 in
3109 2668 3525 2731 necromantiis,

1969 2761 2278 2814 dzemonum
2336 2761 2646 2820 fraudibus.
2701 2762 2990 2816 umbrosas
3053 2762 3268 2829 species
3316 2761 3531 2820 videre;

1971 2848 2074 2902 hoc
2122 2859 2326 2913 autem,
2379 2850 2524 2919 quod
2578 2864 2763 2904 vocem
2815 2852 2947 2912 edit,
3002 2852 3212 2913 species
3270 2851 3534 2903 (tertianis

1969 2949 2072 2994 est.
2133 2938 2384 3009 Objicere
2434 2941 2634 3009 aliquis
2687 2950 2869 3010 posset
2925 2941 3292 3010 ignorantiam
3343 2941 3534 2994 mortis

1971 3029 2192 3094 Saulis;
2248 3045 2356 3083 non
2412 3031 2559 3084 enim
2592 3042 2810 3099 postero
2843 3031 2950 3093 die,
2984 3031 3076 3085 sed
3103 3031 3296 3083 diebus
3329 3031 3535 3098 aliquot

1972 3119 2292 3189 interiectis,
2364 3121 2584 3175 videtur
2637 3122 2866 3188 obiisse;
2934 3124 3041 3178 nisi
3105 3123 3372 3183 dicamus,
3441 3138 3535 3190 per

287 3212 494 3263 εἴποιεν
547 3213 594 3263 οἱ
655 3211 824 3275 ὅντως
884 3211 1117 3282 ὀφθῆναι
1173 3213 1424 3282 λέγοντες
1479 3210 1751 3280 Σαμουὴλ.
1787 3209 1974 3267 'HCt

1844 3209 1930 3267 lC
1963 3208 2110 3262 diem
2145 3209 2446 3262 crastinum
2482 3211 2764 3264 interitum
2804 3212 3178 3266 imminentem
3213 3211 3531 3279 signiﬁcari.

289 3303 345 3370 γ’
381 3302 477 3356 οὖν
529 3302 634 3355 ὗπδ
695 3303 844 3367 θείας
896 3305 1178 3374 ἐνεργείας
1229 3306 1412 3376 σχῆμά
1461 3322 1512 3356 τι
1569 3302 1857 3371 παραπλή-

289 3413 424 3447 σιον.

1963 3298 2074 3352 Aut
2123 3309 2269 3354 certe
2313 3299 2596 3370 Scriptura
2645 3317 2742 3371 per
2768 3303 3212 3370 anticipationem
3253 3317 3337 3354 res
3375 3299 3532 3354 Davi-

1966 3389 2076 3454 dis,
2117 3399 2170 3444 et
2219 3393 2479 3445 Amalech
2533 3393 2811 3447 recensuit
2873 3405 2999 3447 ante
3069 3392 3251 3446 Saulis
3301 3393 3531 3453 ohitmn,

287 3488 752 3552 quemadmodum
785 3489 968 3545 dicere
998 3499 1246 3558 possent,
1280 3491 1371 3561 qui
1405 3503 1595 3544 revera
1630 3484 1948 3542 Samuelent
1994 3485 2188 3540 dicunt
2222 3487 2586 3556 apparuisse;
2656 3495 2748 3540 aut
2789 3503 2884 3556 per
2949 3486 3188 3540 divinam
3247 3486 3528 3549 virtuttm,

286 3581 528 3650 speciem
559 3596 666 3635 non
692 3583 1043 3637 dissimilem.

875 3672 1124 3725 ΚΕΦΔΛ.
1163 3672 1290 3726 ΚΘ’.

359 3762 464 3815 Καὶ
490 3765 544 3815 οι
571 3762 873 3829 σατράπαι
898 3761 1016 3816 τῶν
1041 3764 1407 3832 ἀλλοφύλων
1433 3761 1862 3829 παρεπορεύον-

285 3871 373 3910 το.
404 3854 796 3924 Ἐπαναληψις.

370 3948 651 4001 Ἑνέπεσε
680 3949 830 4015 πρός
863 3964 940 4017 με
965 3964 980 3982 ο
1013 3947 1329 4018 Σύμμαχος,
1369 3944 1714 4013 προσέφυγέ
1734 3961 1858 4012 μοι.

284 4041 347 4095 C.
385 4040 449 4093 L.

358 4131 786 4196 Έλυπήθησαν
810 4146 824 4159 ·
871 4130 1106 4192 ’Δκύλας
1129 4169 1144 4193 ,
1177 4129 1688 4196 παρωξύνθησαν·
1716 4125 1862 4195 Σύμ-

288 4240 461 4293 μαχος
486 4262 502 4287 ,
570 4221 959 4292 ὠργίσθησαν
984 4237 997 4250 ⁶
1055 4222 1347 4276 Θεοδοτίων
1373 4265 1386 4287 ,
1444 4220 1860 4291 ἐθυμώθησαν.

283 4315 350 4370 C.
392 4313 454 4369 L.

354 4407 466 4460 Kal
494 4400 624 4460 εἷπε
645 4406 820 4460 Δαὸιδ
849 4406 1275 4476 πρὸς-Ἀγχοῦς,
1309 4409 1367 4460 Ti
1402 4403 1697 4471 πεποίηκά
1726 4418 1854 4466 σοι,

279 4498 383 4552 καὶ
414 4500 470 4550 τί
502 4494 676 4566 εὗρες
714 4499 783 4551 ἐν
829 4497 910 4562 τῷ
954 4498 1151 4562 δούλῳ
1196 4513 1352 4563 σου;
1389 4497 1649 4564 Ἐφύλαξε
1698 4497 1754 4548 δὲ
1799 4495 1858 4548 τὸ

283 4591 475 4658 σχῆμα
503 4591 602 4656 τῆς
630 4591 766 4659 πρὸς
799 4590 1130 4658 ἀλλοφύλους
1167 4590 1379 4651 εὐνοίας
1430 4591 1523 4642 καὶ
1572 4589 1733 4658 μέχρι
1763 4587 1854 4640 τοῦ

282 4679 715 4748 ἐπιστρατεῦσαι
745 4682 838 4732 ἐπὶ
861 4681 952 4733 τὸν
979 4680 1218 4749 Ἰσραὴλ,
1251 4681 1350 4749 οὐχ
1383 4681 1456 4742 ὡς
1508 4681 1854 4747 πολεμήσων,

276 4771 396 4824 ἀλλ’
429 4772 559 4833 ῐσως
593 4771 803 4834 τούτοις
832 4771 1334 4840 συνεπιθησόμενος
1363 4789 1375 4802 ·
1423 4773 1558 4838 ὅπερ
1619 4771 1710 4822 καὶ
1766 4769 1860 4819 ὑπ-

274 4863 571 4915 ώπτευσαν
597 4876 611 4887 ’
633 4863 665 4931 ἢ
694 4864 1007 4926 προσδοκῶν
1030 4864 1126 4934 τὴν
1149 4864 1238 4916 διὰ
1264 4863 1397 4916 Θεοῦ
1424 4863 1858 4930 κιίιλυσιν.”οπερ

279 4951 381 5006 καὶ
405 4954 618 5019 γέγονε.
646 4953 708 5008 C.
744 4952 804 5005 L.

347 5043 472 5108 οὐχ
503 5041 637 5106 ἣξει
654 5044 784 5110 μεθ’
804 5042 973 5110 ἡμῶν
1003 5044 1090 5107 εἰς
1118 5044 1401 5109 πόλεμον.
1435 5043 1594 5100 Gaiae
1623 5045 1712 5095 καὶ
1737 5043 1857 5095 τοῦς

271 5151 341 5188 το
367 5133 649 5200 προνοίας.
684 5135 754 5187 Ἦ
780 5133 886 5203 γὰρ
925 5136 1134 5202 ἐγίνετο
1179 5136 1316 5188 κατὰ
1351 5135 1444 5187 τοῦ
1480 5135 1608 5187 λαοῦ
1641 5136 1857 5204 Ἰσραὴλ

273 5225 550 5292 ἐμφυλίου
591 5225 826 5294 αἵματος
867 5227 1300 5295 ἐμπιπλάμενος,
1335 5228 1490 5296 ἢούκ
1532 5227 1596 5279 ἂν
1622 5228 1855 5293 περιεῖδε

272 5310 372 5362 τὸν
402 5309 528 5361 λαὸν
571 5311 965 5382 ἀπολλύμενον.
1010 5314 1173 5365 Ἀλλὰ
1218 5317 1399 5366 πᾶσαν
1437 5316 1528 5366 καὶ
1570 5313 1662 5365 τοῦ
1703 5315 1852 5376 λαοῦ,

273 5401 376 5452 καὶ
426 5398 522 5452 τοῦ
572 5399 744 5454 Σαοὺλ
807 5403 1105 5473 ἐποιήσατο
1152 5405 1433 5473 πρόνοιαν,
1481 5404 1539 5457 ὃν
1588 5403 1693 5456 ἔδει
1752 5423 1856 5456 παρ

274 5489 418 5543 θεῖν.

901 5667 1151 5722 ΚΕΦᾹΛ.
1180 5671 1258 5724 Λ’.

349 5754 458 5808 Kal
492 5752 754 5825 ’Δμαλὴκ
793 5757 1036 5814 ἐπέθετο
1079 5760 1176 5814 ἐπὶ
1210 5763 1314 5816 τίν
1358 5765 1565 5821 Νότε-ν.
1627 5768 1868 5837 Συνεχὼ-

2417 3661 2567 3715 CAP.
2607 3661 2841 3715 xxvnt.
2877 3660 3114 3733 [xxm]

2057 3752 2221 3808 VERS.
2249 3753 2303 3806 2.
2335 3753 2401 3806 Ει
2438 3765 2673 3821 εαιναρω
2734 3754 3150 3809 Palwstinorum
3225 3752 3531 3806 incedebant

1971 3845 2353 3915 Epanalepsis,
2389 3847 2667 3912 repetitio.

2042 3938 2202 3992 Vens.
2244 3937 2295 3992 5.
2331 3935 2568 3990 Incurrit
2625 3938 2776 4001 nti/ti,
2811 3935 3196 4008 Symmachus,
3243 3937 3528 4006 transfugit

1965 4029 2034 4082 ad
2059 4045 2157 4082 me.

2037 4120 2196 4175 Vens.
2233 4120 2284 4173 ι.
2319 4119 2511 4172 Dolore
2538 4119 2755 4187 aﬁ‘ecti;
2789 4120 3007 4184 Aquila,
3048 4119 3351 4172 exacerbati
3381 4129 3527 4180 sunt,

1965 4209 2326 4282 Symmachus
2404 4211 2839 4275 excauduerunt;
2932 4211 3297 4275 Thcodotion,
3403 4211 3527 4263 irati

1963 4316 2107 4358 sunt.

2037 4395 2203 4450 Vens.
2251 4395 2305 4450 8.
2357 4395 2605 4465 Dixitque
2655 4395 2821 4449 David
2873 4397 2941 4449 ad
2972 4396 3126 4449 Acltis
3171 4411 3188 4448 :
3230 4395 3369 4461 Quid
3393 4394 3524 4447 enim

1965 4489 2088 4556 feci,
2118 4498 2167 4542 et
2201 4489 2325 4558 quid
2374 4491 2616 4543 invenisti
2653 4491 2706 4543 in
2735 4506 2880 4543 servo
2922 4489 3052 4540 tuo?
3089 4487 3527 4541 Benevolcutiam

1961 4594 2087 4649 erga
2113 4579 2446 4649 alienigenas
2479 4597 2587 4651 prae
2618 4597 2675 4635 se
2718 4583 2863 4646 tulit,
2900 4582 2972 4632 ita
3017 4589 3075 4632 ut
3112 4580 3274 4632 etiam
3304 4577 3525 4646 expedi-

1962 4674 2165 4723 tionem
2191 4680 2384 4725 contra
2414 4673 2666 4726 lsraelem
2719 4673 3043 4739 susciperet,
3079 4685 3186 4723 non
3226 4680 3283 4722 ut
3315 4685 3524 4738 pugna-

1962 4771 2064 4826 ret,
2108 4762 2200 4816 sed
2236 4761 2375 4817 forte
2409 4773 2466 4816 ut
2499 4764 2601 4832 ipsi
2641 4764 2810 4817 ferret
2856 4777 3035 4830 opem,
3085 4761 3225 4829 quod
3260 4761 3522 4828 suspicati

1961 4863 2112 4916 sunt,
2167 4856 2246 4908 vel
2287 4865 2614 4925 exspectans
2659 4873 2689 4908 a
2739 4854 2848 4908 Deo
2906 4853 3312 4918 inltibitionetn,
3378 4853 3523 4921 quod

1960 4947 2124 4998 etiam
2161 4947 2364 4999 evenit.

2034 5037 2193 5088 Vnus.
2233 5037 2285 5089 9.
2347 5036 2468 5091 Non
2511 5037 2674 5089 veniet
2743 5035 3008 5088 nobiscum
3057 5036 3108 5088 in
3171 5035 3384 5091 bellum.
3437 5037 3518 5090 Di-

1961 5129 2080 5181 vina
2135 5128 2470 5196 providentia
2518 5131 2678 5182 etiam
2739 5127 2849 5180 ltzec
2916 5136 3197 5193 geruntur.
3232 5126 3327 5179 Vel
3382 5129 3522 5181 enim

1963 5234 2255 5290 pugnasset
2304 5231 2494 5276 contra
2562 5224 2815 5292 populum
2888 5219 3270 5283 lsraelilicum,
3332 5233 3384 5275 et
3445 5224 3521 5274 sic

1960 5330 2181 5368 suorum
2227 5317 2494 5386 sanguine
2547 5331 2603 5367 se
2646 5316 3116 5378 cntttaminasset;
3165 5314 3248 5367 vel
3286 5328 3393 5366 non
3431 5315 3511 5366 de-

1960 5408 2226 5461 seruisset
2300 5409 2635 5461 laborantem
2700 5408 2982 5476 pnpulmn,
3067 5405 3163 5460 sed
3224 5406 3518 5458 maximam

1959 5513 2082 5550 cum
2148 5498 2352 5563 Saulis,
2410 5509 2520 5549 tum
2555 5501 2716 5550 etiam
2764 5498 2946 5566 populi
2977 5512 3167 5549 curam
3197 5497 3515 5565 habuisset;

1958 5589 2050 5643 sed
2085 5590 2224 5643 hunc
2259 5592 2598 5660 pcnnasdare
2630 5607 2740 5644 sua:
2776 5591 3070 5658 impietatis
3103 5591 3408 5661 oportebat.

2409 5678 2559 5730 CAP.
2609 5678 2798 5732 xxix.
2833 5674 3057 5750 ptqu

2052 5768 2214 5824 Vnus.
2265 5772 2312 5824 l.
2387 5771 2449 5824 lit
2522 5773 2736 5825 Amalec
2805 5771 3081 5828 inradcbat
3146 5776 3212 5827 ad
3297 5773 3490 5828 Notum
