4272 6446
249 344 372 406 1121

1179 345 1707 404 CHMMENTMHI
1775 346 1851 402 ΙΝ
1885 346 2028 404 [111.
2071 347 2124 404 11
2172 345 2460 404 HEC-1T3].

3348 347 3477 407 “:3:

242 461 336 518 τὴν
377 453 616 521 ἱστορίαν
669 451 1012 518 γεγράφθαι.¹
1035 453 1302 520 Ζητητὶον
1333 453 1408 515 δὲ,
1443 455 1489 502 εί
1553 454 1686 504 κατὰ
1718 470 1817 518 φι-
1847 459 1890 512 Α
1921 462 1929 504 l

1790 482 1817 491 -
1847 459 1890 512 Α
1921 455 2044 504 tiris
2074 453 2224 506 libris
2257 457 2539 506 collectam
2571 467 2709 505 esse.
2743 449 3132 518 luquircudum
3159 465 3240 505 est
3275 465 3477 507 autem.

242 549 466 614 λὸσοφον
496 547 557 598 τὸ
588 546 828 614 Θρηνεῖν,
865 546 958 596 κα)⁵
1004 546 1154 606 τίνας
1182 546 1329 614 αἱ·τῷ
1374 548 1691 615 θρηνητέον,
1726 548 1817 596 καὶ

241 641 287 690 εἰ
319 640 406 690 διά
448 637 576 698 τοὺς
606 635 940 704 θνήσκοντας
978 635 1320 703 θρηνήσειεν,
1354 637 1474 703 ἣδι⁹
1501 638 1712 696 ἑαυτὸν,
1747 636 1818 696 ὡς

239 731 290 778 οἱ
340 730 433 779 τὸν
464 727 697 780 κοπετὸν
728 727 823 781 ἐπὶ
847 726 1106 794 Στεφάνῳ
1141 735 1156 762 δ
1195 728 1544 795 ποιήσαντες.

320 991 652 1056 Στήλωσον
679 991 956 1059 Ἰσραήλ.
986 989 1237 1052 ⁹Δκύλας,
1271 991 1609 1056 ἀκρίϐασαι.
1641 989 1749 1056 Οὐχ
1787 990 1819 1056 ὴ

245 1083 508 1150 τυχοῦσα,
545 1082 730 1150 φησιν,
760 1083 795 1151 ἠ
828 1081 1036 1148 πληγή.
1082 1079 1342 1141 Βασιλεὺς
1395 1080 1423 1129 ὁ
1469 1078 1668 1141 πεσὼν,
1727 1078 1822 1129 καὶ

247 1172 517 1241 βασιλέως
569 1173 704 1235 υίὸς,
737 1171 832 1224 καὶ
882 1170 990 1223 τῶν
1021 1170 1307 1238 ὁμοφύλων
1337 1168 1642 1238 οίάριστοι.
1699 1168 1823 1220 ὀτι

247 1263 306 1314 δὲ
357 1262 478 1313 λίαν
513 1261 675 1314 αὑτὸν
707 1261 837 1328 ὴνία
887 1259 995 1312 τῶν
1020 1258 1337 1328 ἀλλοφύλων
1388 1257 1452 1311 τδ
1486 1260 1705 1327 κράτος,
1756 1258 1824 1309 τά

251 1351 454 1420 ἑφεξῆς
485 1353 772 1422 μαρτυρεῖ.

330 1527 660 1592 Στήλωσον
703 1525 978 1595 Ἰσραὴλ,
1015 1527 1137 1580 ἀντὶ
1174 1524 1292 1588 τοῦ,
1317 1527 1392 1590 ὠς
1451 1525 1690 1590 στήλην
1734 1520 1826 1590 ἐφ’

253 1617 502 1684 ὑψηλοῦ
541 1618 832 1684 ἱσταμένην
862 1616 949 1684 ἔχε
971 1615 1031 1666 τὸ
1051 1616 1270 1682 γεγονὸς
1297 1616 1498 1683 πτῶμα
1529 1630 1542 1644 ·
1563 1615 1681 1666 ἀντὶ
1705 1611 1824 1675 τοῦ,

258 1710 510 1776 μέμνησο
548 1708 644 1776 τῆς
679 1707 772 1759 νῦν
797 1707 1030 1775 πληγῆς,
1059 1707 1152 1758 καὶ
1185 1704 1336 1774 ζήτει
1369 1708 1467 1776 τὴν
1498 1705 1679 1758 αἰτίαν
1720 1703 1822 1772 τῆς

257 1797 578 1865 υεομηνίας.

347 1888 534 1956 Ἀγγκοὶ
572 1889 892 1956 ἀπαρχῶν’
939 1891 1193 1955 Ἀκύλας,
1231 1891 1672 1960 ἀφαιρεμάτων-ο
1697 1888 1826 1941 Θεο-

257 1978 475 2039 δοτίων,
510 1979 796 2032 θανάτου.
832 1983 1264 2051 Προσωχθίσθη
1304 1982 1545 2049 ουρεός’
1579 1979 1827 2041 Ἀκύλας.

258 2071 596 2138 ἀπεϐλήθη.
629 2070 692 2124 C.
727 2072 788 2125 L.

337 2163 474 2228 Ὄρη
510 2165 581 2214 τὰ
616 2163 898 2222 Γελϐουὲ.
944 2165 1249 2235 Ἐπαρᾶται
1283 2167 1395 2229 τοῖς
1449 2165 1678 2235 ἀψύχοις
1731 2166 1832 2219 ὑπὸ

257 2256 361 2324 τῆς
389 2257 600 2326 ὀδύνης.
657 2257 865 2326 Ὠσπερ
924 2261 974 2312 οί
1013 2259 1199 2329 μόριόν
1229 2278 1279 2312 τι
1313 2260 1404 2313 τοῦ
1434 2260 1684 2328 σώματος
1728 2261 1834 2312 πά-

262 2365 509 2416 σχοντες,
547 2347 719 2417 ἢταῖς
743 2352 966 2417 τοίχοις,
999 2351 1031 2420 ἢ
1065 2353 1129 2420 τῇ
1168 2351 1343 2424 κλίνῃ,
1391 2352 1833 2422 προσαράσσουσι

259 2438 361 2499 τὰς
400 2441 611 2508 χεῖρας,
642 2440 740 2501 τὰς
771 2440 1071 2511 ἀλγηδόνας
1102 2442 1176 2511 μὴ
1229 2445 1507 2513 φέροντες.
1563 2444 1835 2512 Δηλώσειε

259 2531 308 2583 δ’
351 2530 417 2583 ἇν
447 2547 498 2581 τι
529 2530 625 2583 καὶ
684 2531 1035 2601 ὑψηλότερον,
1089 2534 1326 2602 Χριστοῦ
1369 2535 1690 2604 Ορηνοῦντος
1745 2536 1836 2589 τὸν

263 2620 485 2689 πρῶτον
513 2620 662 2684 λαὸν,
687 2624 781 2674 καὶ
817 2624 944 2685 τοὺς
1002 2625 1381 2694 ἀστειοτὲρους
1417 2628 1540 2688 τοὺς
1593 2628 1650 2678 ὲν
1691 2625 1836 2696 αύτῷ

263 2712 361 2762 καὶ
392 2711 491 2778 τῆς
521 2711 750 2781 νομικῆς
777 2711 1028 2782 λατρείας
1041 2713 1100 2765 τὸ
1123 2715 1275 2782 παρά
1295 2715 1420 2777 τοὺς
1444 2717 1689 2778 ὲονικοὺς
1707 2717 1838 2784 ὑψηο

263 2801 375 2853 λὸν.
411 2801 602 2867 Ἐλεγε
627 2802 756 2871 γάρ·
783 2820 801 2854 ι
849 2803 1225 2873 Ἰερουσαλὴμ,
1256 2804 1626 2875 Ἰερουσαλὴμ,
1660 2807 1693 2874 ἡ
1715 2808 1839 2859 ἁπο-

265 2893 559 2944 κτείνουσα
587 2896 715 2955 τοὺς
747 2893 1054 2962 προφῆτας,
1094 2911 1113 2945 ι
1154 2894 1248 2948 καὶ
1293 2895 1364 2947 τά
1396 2895 1540 2964 ἑξῆς.
1602 2897 1838 2959 Θάνατος

263 2984 375 3052 γάρ
409 2982 611 3047 αὐτῶν,
656 2985 689 3051 ἡ
720 2983 832 3035 τῶν
864 2983 923 3049 ἐξ
954 2982 1186 3054 ούρανοῦ
1213 2983 1430 3056 δωρεῶν
1459 2987 1682 3056 ἐρημία.
1720 2989 1838 3040 Κα-

1921 557 1987 593 an
2023 543 2196 592 virum
2229 544 2530 608 Sapientem
2582 542 2772 592 deccat
2806 542 3014 609 lugere,
3044 551 3095 594 et
3120 546 3340 609 quinam
3402 549 3478 592 lu-

1921 632 2079 699 gendi
2117 631 2248 683 sint.
2281 631 2431 692 Item,
2470 647 2536 683 an
2573 642 2790 698 propter
2817 633 2963 693 illos,
2992 635 3081 700 qui
3123 637 3175 684 in
3207 635 3308 686 hoc
3339 635 3481 684 bello

1920 724 2314 778 occubuerunt.
2357 722 2686 774 lamentatus
2737 724 2924 783 sit,an
2953 733 3170 791 propter
3215 726 3480 791 seipsmu,

1920 813 2380 879 quemadmodum
2435 813 2654 882 illi,qui
2701 815 2977 882 planctum
3022 815 3271 868 fecerunt
3322 829 3482 882 super

1922 901 2280 969 Stephanum.

1994 992 2151 1058 Erige
2213 1001 2604 1042 monumentum
2673 989 2863 1041 Israel.
2918 990 3110 1058 Aquila
3164 993 3483 1060 ἀκρίϐασαι.

1924 1091 2170 1132 accurate
2221 1095 2467 1147 pernosce
2529 1078 2644 1130 Non
2716 1080 2980 1146 vulgaris,
3040 1080 3240 1145 inquit,
3303 1082 3486 1133 clades

1925 1180 2026 1224 est.
2081 1169 2192 1222 llex
2241 1172 2383 1222 enim
2443 1169 2640 1219 cecidit
2689 1169 2836 1234 regis
2877 1168 3038 1227 filius,
3108 1179 3159 1220 et
3198 1168 3487 1222 fortisshui

1927 1261 2127 1326 quique
2157 1275 2220 1312 ex
2246 1257 2671 1310 contribulibus.
2707 1256 2862 1320 Quod
2910 1266 3089 1309 autem
3119 1262 3382 1324 potentia,
3435 1271 3490 1312 et

1927 1349 2218 1415 imperium
2262 1345 2674 1398 l’alaestinorum
2707 1345 2962 1398 Davidem
3008 1348 3243 1400 maxime
3271 1349 3492 1400 crueia-

1927 1439 2055 1498 rint,
2078 1437 2359 1504 sequentia
2400 1444 2690 1489 testantur.

1999 1524 2164 1578 Vens.
2200 1525 2281 1578 19.
2309 1523 2597 1578 Considera
2654 1523 2850 1587 Israel,
2915 1541 3034 1592 pro.
3075 1537 3131 1579 ut
3188 1527 3490 1579 columnam

1929 1631 2084 1681 super
2101 1615 2307 1667 excelsa
2353 1625 2442 1666 tua
2482 1623 2718 1667 erectam
2773 1625 3096 1682 praesentem
3136 1631 3326 1668 casum
3353 1633 3490 1669 con-

1931 1707 2146 1767 sidera;
2184 1721 2305 1772 pro,
2338 1714 2610 1758 memento
2640 1706 2922 1773 przeseutis
2965 1705 3160 1776 plagae,
3210 1708 3494 1777 divinique

1933 1794 2133 1850 furoris
2172 1808 2354 1857 quazre
2384 1807 2628 1847 causam.

2000 1885 2164 1940 Vens.
2198 1885 2287 1936 21.
2319 1886 2446 1951 Agri
2499 1885 2897 1950 primitiarum;
2946 1886 3157 1952 Aquila,
3191 1889 3308 1954 agri
3341 1890 3487 1941 abla-

1934 1976 2175 2036 tionum;
2217 1974 2583 2034 'I'heodotion,
2636 1977 2752 2041 agri
2799 1978 3006 2030 mortis.
3058 1974 3381 2047 Indignatur
3419 1989 3496 2032 est

1932 2070 2184 2136 clypeus;
2228 2065 2446 2133 Aquila,
2496 2065 2727 2132 abjectus
2769 2075 2867 2118 est.

2009 2156 2170 2211 Vens.
2206 2158 2296 2210 2|.
2327 2155 2530 2209 Montes
2593 2155 2800 2212 Gelboe.
2850 2157 3041 2212 Dolore
3072 2172 3360 2225 accensus,
3411 2177 3498 2215 res

1934 2249 2263 2306 inanimalas
2294 2263 2633 2314 exsecratur,
2664 2251 3126 2319 quemadmodum
3156 2254 3256 2315 illi,
3299 2255 3394 2322 qui
3441 2255 3495 2307 iu

1935 2356 2084 2412 parte
2114 2344 2297 2413 aliqua
2365 2344 2613 2412 corporis
2643 2343 2925 2396 cruciatus
2982 2345 3253 2406 sentiunt,
3287 2345 3499 2398 doloris

1936 2436 2275 2504 impatientia
2338 2451 2534 2489 manus
2584 2435 2906 2504 parietibus.
2942 2446 3036 2488 aut
3078 2435 3217 2490 lecto
3242 2437 3496 2492 allidunt.

1937 2528 2242 2582 Sublimius
2318 2528 2788 2597 autemqniddam
2870 2529 3182 2596 signiﬁcare
3248 2530 3498 2597 videtur;

1937 2618 2218 2672 Christum
2253 2620 2495 2680 scilicet,
2538 2619 2913 2687 deplorantem
2944 2628 3180 2673 veterem
3212 2623 3501 2688 populum.

1938 2721 1992 2766 et
2019 2712 2295 2766 eiviliores
2326 2726 2392 2765 ex
2430 2711 2568 2780 ipso,
2594 2720 2649 2765 et
2698 2713 2891 2783 legalis
2914 2715 3093 2768 cultus
3112 2715 3255 2782 apud
3307 2724 3502 2784 gentes

1938 2807 2277 2861 altitudinem
2302 2805 2704 2870 ;dieebatenim
2735 2822 2746 2855 :
2776 2825 2794 2857 ι
2818 2805 3143 2869 Jerusalem,
3173 2805 3500 2869 Jerusalem,

1944 2911 2066 2966 quae
2091 2895 2298 2950 occidis
2328 2895 2618 2964 prophetas
2648 2895 2716 2956 ¹¹,
2759 2913 2777 2946 ι
2816 2902 2871 2949 et
2911 2895 3143 2964 reliqua.
3179 2894 3325 2948 Mors
3354 2896 3500 2949 enim

1939 2987 2346 3057 prophetarum,
2379 2982 2672 3044 donorum.
2700 2999 2820 3052 quae
2881 2984 3098 3039 ccelitus
3119 2986 3337 3047 dantur,
3375 2985 3503 3039 linis

264 3076 336 3127 τά
386 3072 447 3125 τό
474 3089 487 3104 ο
528 3091 546 3125 ι
591 3074 718 3127 Ἰδοὺ
783 3074 1004 3142 ἀφίεται
1048 3077 1179 3146 ἡμῖν
1211 3078 1238 3129 ὁ
1283 3074 1432 3140 οἶκος
1503 3078 1656 3147 ὑμῶν
1710 3078 1906 3183 ἔρηοο
1943 3080 1951 3128 l

1819 3107 1838 3120 ο
1864 3125 1906 3183 c
1943 3074 2242 3130 fuitJuxta
2274 3072 2406 3127 illud
2449 3089 2462 3124 :
2494 3091 2514 3124 ι
2545 3073 2707 3139 Ecce,
2755 3073 2951 3130 domus
2981 3084 3162 3130 vestra
3193 3074 3351 3130 vobis
3405 3077 3500 3130 de-

271 3181 396 3232 μος.
435 3182 454 3213 ι

351 3253 415 3311 Ἠ
441 3255 746 3324 ἁγάπησίς
772 3271 888 3310 σου
913 3257 994 3322 ὠς
1015 3256 1320 3325 ἀγάπησις
1367 3257 1489 3311 τῶν
1515 3259 1836 3328 γυναικῶν.

273 3347 394 3399 Ἰνα
416 3344 570 3416 δείξῃ
595 3345 698 3415 τῆς
723 3346 1106 3415 φιλοστοργίας
1129 3347 1190 3399 τὸ
1215 3346 1414 3416 θερμόν
1438 3365 1498 3401 τε
1555 3351 1648 3403 καὶ
1705 3352 1838 3422 γνή-

269 3455 406 3489 σιον.
438 3436 674 3506 Τοιαύτη
708 3437 817 3506 γὰρ
848 3439 881 3507 ὴ
915 3437 1009 3490 τοῦ
1036 3438 1229 3505 ἀνδρὸς
1290 3439 1418 3509 περὶ
1470 3440 1568 3510 τὴν
1605 3445 1840 3510 γυναῖκα

268 3528 514 3590 διάθεσις
540 3528 615 3592 ὡς
647 3529 738 3580 τὸν
763 3529 891 3598 περὶ
912 3528 1006 3580 τοῦ
1024 3529 1204 3596 γάμου
1227 3529 1389 3597 νόμον
1421 3530 1595 3582 εἰπεῖν
1615 3547 1628 3561 ·
1663 3550 1681 3582 ι
1728 3534 1844 3584 Ἀν-

269 3621 324 3670 τὶ
372 3619 563 3671 τούτου
593 3619 909 3686 καταλείψει
939 3618 1225 3685 ἄνθρωπος
1286 3619 1379 3670 τὸν
1409 3621 1617 3690 πατέρα
1655 3621 1841 3686 αὑτοῦ,

271 3713 369 3765 καὶ
392 3712 492 3780 τὴν
526 3712 738 3782 μητέρα
767 3709 954 3774 αὐτοῦ,
989 3711 1084 3764 καὶ
1115 3709 1656 3781 προσκολληθήσεται
1707 3713 1844 3782 πρὸς

269 3805 374 3872 τὴν
419 3805 657 3870 γυναῖκα
709 3801 898 3867 αὑτοῦ,
929 3802 1023 3854 καὶ
1071 3802 1284 3853 ἔσονται
1331 3802 1380 3853 ol
1411 3801 1505 3854 δύο
1542 3804 1622 3865 είς
1668 3805 1846 3874 σάρκα

274 3894 427 3962 μίαν.
468 3911 486 3944 ι
523 3890 696 3944 Τοῦτο
733 3890 827 3944 καὶ
861 3892 889 3943 ὁ
931 3888 1163 3942 Ἐλκανά
1199 3887 1492 3958 δεδήλωκε,
1523 3888 1623 3957 τὴν
1650 3890 1847 3941 ’Δνναν

270 3985 624 4056 ψυχαγωγῶν
648 4001 660 4015 ·
675 4003 694 4036 ι
722 3985 836 4038 Οὑκ
857 3983 1057 4051 ἀγαθός
1087 3998 1169 4035 σοι
1191 3984 1300 4050 γὰρ
1321 3980 1452 4048 ἐγὼ,
1475 3981 1601 4050 ἔφη,
1621 3981 1758 4050 ὑπὲρ
1772 3981 1850 4035 δέ·

271 4100 349 4135 κα
379 4084 588 4145 τέκνα;
624 4100 642 4131 ι
685 4082 750 4134 Ὀ
769 4075 862 4132 οὖν
901 4079 994 4131 ἐπὶ
1040 4076 1150 4129 τῶν
1193 4076 1536 4147 γαμούντων,
1562 4077 1640 4138 είς
1671 4077 1851 4145 σάρκα

276 4175 440 4244 μίαν,
466 4172 626 4225 τοῦτο
643 4173 736 4224 ἐπὶ
757 4170 867 4224 τῶν
895 4169 1258 4238 ἀγαπώντων,
1288 4168 1368 4229 είς
1392 4166 1569 4236 ψυχὴν
1595 4167 1744 4236 μίαν.

345 4265 446 4332 Μὴ
474 4266 562 4328 είς
584 4262 752 4328 νῖκος
797 4261 1195 4329 καταφάγοι-ται
1220 4260 1255 4327 ἠ
1282 4259 1548 4326 ῥομφαία
1577 4273 1594 4319 ;
1645 4257 1720 4310 Οὐ
1776 4256 1853 4310 δίο

272 4371 456 4415 καιον,
506 4352 664 4421 φησὶ,
689 4351 820 4412 τοὺς
879 4350 1148 4409 νικῶντας
1212 4345 1587 4414 πανωλεθρίαν
1628 4345 1853 4409 ἐπάγειν

1941 3175 2084 3222 serta
2115 3167 2446 3234 relinquitur
2478 3166 2541 3218 “.
2595 3185 2614 3218 ι

2013 3255 2178 3311 Vsus.
2212 3256 2300 3309 26.
2319 3256 2482 3309 Amor
2511 3267 2654 3318 tuus,
2709 3268 2966 3326 tanquam
3025 3275 3176 3311 amor
3201 3259 3504 3311 mulierum.

1943 3347 2069 3404 [free
2127 3349 2193 3403 ad
2241 3347 2635 3403 ostendendam
2697 3352 2902 3404 amoris
2953 3349 3397 3416 vehementiam,
3454 3361 3510 3406 et

1942 3440 2317 3494 sinceritatem
2344 3439 2633 3506 pertinent.
2673 3436 2822 3493 Talis
2849 3441 2994 3492 enim
3055 3448 3141 3494 est
3202 3441 3304 3494 viri
3375 3456 3507 3510 erga

1944 3543 2170 3581 uxorem
2198 3525 2436 3592 allectio,
2470 3527 2652 3596 qualis
2695 3527 2749 3581 in
2793 3527 2910 3598 lege
2947 3529 3291 3584 matrimonii
3321 3532 3508 3598 expri-

1944 3625 2117 3675 mitur
2145 3639 2158 3674 :
2199 3639 2217 3672 ι
2264 3622 2558 3691 Propterea
2592 3622 2864 3690 relinquet
2893 3622 3056 3675 homo
3080 3631 3288 3691 patrem
3323 3639 3508 3684 suum.

1942 3721 1996 3766 et
2038 3722 2286 3775 matrem,
2318 3723 2370 3766 et
2405 3712 2839 3782 agglutinabitur
2877 3713 3033 3767 uxori
3095 3729 3230 3780 suze,
3262 3723 3316 3769 et
3347 3724 3512 3768 erunt

1945 3804 2054 3858 duo
2091 3803 2144 3856 in
2179 3817 2344 3857 carne
2377 3816 2484 3856 una
2527 3801 2588 3857 ιδ.
2650 3821 2670 3853 ι
2708 3801 2762 3854 Id
2817 3803 2979 3856 etiam
3022 3801 3259 3858 llelcana
3297 3806 3510 3859 Annam

1945 3895 2242 3950 consolans
2271 3892 2619 3964 significavit.
2645 3911 2664 3944 ι
2712 3891 2970 3962 Nunquid
3001 3910 3134 3957 non,
3160 3895 3377 3958 dicens,
3414 3913 3516 3965 ego

1948 3986 2042 4040 tibi
2077 3985 2273 4039 melior
2303 3999 2423 4040 sum
2451 3985 2640 4039 decem
2665 3985 2855 4039 liberis
2886 3987 2962 4038 "‘l
3009 4005 3029 4039 ι
3079 3986 3235 4052 Quod
3261 3989 3428 4058 igitur
3447 3989 3516 4042 de

1947 4075 2303 4130 matrimonio
2354 4075 2628 4143 copulatis
2668 4074 2892 4139 dicitur,
2928 4077 2984 4130 in
3035 4091 3260 4133 carnem
3321 4094 3515 4144 unam;

1949 4166 2055 4221 hoc
2106 4165 2174 4219 de
2205 4164 2396 4220 amicis
2422 4179 2545 4219 sese
2571 4165 2929 4233 diligentibus
2958 4167 3014 4222 in
3050 4170 3294 4223 animam
3324 4185 3515 4222 unam.

2025 4255 2187 4310 Vens.
2222 4254 2311 4308 26.
2341 4253 2485 4307 Num
2516 4256 2572 4308 in
2600 4265 2909 4322 perpetuum
2980 4267 3099 4311 tuus
3137 4275 3318 4312 mucro
3348 4261 3520 4314 deste-

1954 4347 2101 4402 viet?
2155 4344 2272 4398 Non
2335 4360 2550 4410 aequum
2592 4356 2698 4410 est,
2734 4347 2932 4414 inquit,
2989 4349 3231 4403 victores
3271 4366 3518 4419 quaerere

269 4449 388 4508 τοῖς
414 4443 748 4514 ἡττωμένοις
779 4439 986 4509 ζητεῖν.
1024 4437 1290 4499 Πολλάκις
1337 4437 1445 4506 γὰρ
1493 4437 1542 4488 οἱ
1591 4436 1854 4499 νικῶντες
1887 4462 1929 4517 D

1829 4453 1854 4499 ς
1887 4462 1929 4517 D
1959 4438 2383 4492 internecionem
2417 4437 2680 4491 inducere
2731 4440 2914 4493 victis.
2975 4437 3129 4507 Smpe
3175 4442 3377 4510 saepius
3433 4458 3513 4500 et-

269 4535 570 4605 ἡττῶνται,
625 4533 720 4584 καῖ¹
753 4530 803 4584 oi
857 4527 1144 4591 διώκοντες
1178 4527 1462 4595 φεύγουσι.
1519 4527 1610 4578 Διό
1663 4543 1848 4596 φησιν,

268 4629 356 4680 ὃτι
387 4625 568 4694 πικρά
603 4622 754 4674 ἔσται
803 4620 872 4674 τὰ
907 4619 1131 4689 ἔσχατα.
1198 4618 1508 4688 ’Υπέμνησε
1534 4617 1590 4670 δὲ
1621 4617 1714 4670 καὶ
1753 4617 1852 4686 τῆς

272 4715 627 4784 συγγενείας,
659 4715 752 4766 καὶ
806 4711 1034 4764 πέπεικε
1065 4722 1112 4762 ι.
1139 4710 1212 4762 Τὸ
1238 4709 1318 4772 δὲ,
1356 4708 1527 4778 πικρά
1581 4707 1736 4760 ἔσται
1784 4707 1852 4760 τά

269 4812 520 4878 ἔσχατα·
584 4805 669 4857 ὅτι
726 4803 840 4865 τοῖς
893 4800 1139 4868 ἀδελφοῖς
1216 4799 1474 4867 πολεμεῖν
1551 4795 1852 4866 μετάμελον

267 4903 410 4970 ἔχει.
445 4897 511 4952 C.
539 4895 602 4950 L.

880 5074 1130 5127 ΚΕΦΑΔ.
1164 5071 1241 5124 B'.

348 5171 460 5226 Kal
483 5166 674 5233 εἶπεν,
701 5169 806 5233 Είς
829 5166 1082 5232 Χεϐρών.
1101 5165 1194 5216 Ἐκ
1216 5160 1321 5215 τῶν
1343 5157 1680 5228 φαινομένων
1705 5158 1852 5210 ἐστιν

270 5265 474 5321 εἰπεῖν,
507 5260 596 5312 διὰ
622 5260 685 5311 τὸ
713 5259 837 5318 τοὺς
866 5256 1210 5325 πατριάρχας
1249 5252 1362 5303 ἐκεῖ
1409 5248 1733 5315 κατοικῆσαί
1788 5263 1848 5298 τε

272 5351 662 5420 καὶταφῆναι.
719 5349 825 5401 Καὶ
878 5348 958 5400 ὅτι
1001 5346 1098 5414 τῆς
1150 5343 1316 5396 Ἰούδα
1375 5343 1568 5410 φυλῆς,
1623 5339 1743 5392 ὅθεν
1791 5332 1859 5405 ἦν

358 5535 398 5560 ’ί
433 5528 625 5582 Matth.
661 5528 937 5589 utu.57.
1021 5523 1062 5557 ³³
1123 5518 1255 5573 ibid.
1313 5515 1400 5570 58-

1494 5517 1532 5544 ⁸³
1562 5513 1696 5566 Gen.
1727 5529 1784 5573 ll,
1819 5512 1906 5566 9.4.

1958 4528 2105 4580 enim
2132 4527 2369 4579 victores
2396 4525 2694 4578 vincuntur
2717 4538 2772 4581 et
2799 4527 2983 4597 fugam
3007 4531 3230 4597 capiunt
3280 4533 3372 4600 qui
3402 4550 3522 4602 per.

1955 4615 2349 4683 sequebantur.
2400 4614 2532 4668 Ideo
2555 4615 2709 4679 dicit,
2750 4618 2882 4686 quia
2903 4633 3090 4674 amara
3106 4632 3272 4677 erunt
3301 4626 3518 4683 ultima.

1956 4703 2185 4760 Generis
2226 4703 2667 4758 communionem
2696 4705 2750 4758 in
2788 4709 3106 4762 memoriam
3133 4714 3409 4768 revocavit
3462 4727 3518 4771 et

1959 4801 2282 4861 paruerunt.
2309 4791 2422 4846 lloc
2453 4802 2661 4856 autem,
2695 4797 2822 4863 quia
2872 4812 3058 4852 amara
3092 4811 3255 4856 erunt
3288 4805 3517 4872 ultima;

1957 4885 2087 4952 quia
2134 4884 2398 4939 adversus
2462 4882 2659 4939 fratres
2727 4900 2994 4957 pugnare,
3055 4892 3395 4958 paenitentiae
3420 4897 3520 4950 ob-

1953 4990 2196 5030 llOXIllm.

2585 5066 2737 5122 CAP.
2783 5067 2844 5124 11.

2033 5156 2195 5212 Vens.
2225 5156 2275 5212 1.
2312 5153 2597 5224 Respondit
2623 5174 2641 5211 :
2683 5157 2742 5212 In
2777 5160 3046 5217 Chebron.
3081 5164 3358 5230 Quantum
3393 5184 3525 5222 cen—

1953 5248 2186 5316 jecturis
2247 5247 2546 5316 colligitur,
2581 5262 2874 5315 possumus
2926 5251 3132 5318 dicere,
3165 5270 3230 5308 eo
3250 5258 3395 5324 quod
3433 5275 3527 5328 pa-

1968 5340 2226 5393 triarcha:
2269 5337 2343 5392 ibi
2385 5337 2798 5405 habitaverunt,
2830 5351 2884 5398 et
2910 5346 3109 5414 sepulti
3131 5356 3284 5402 sunt.
3319 5345 3528 5405 Deinde

2001 5512 2042 5542 ¹⁵
2081 5512 2097 5562 1
2136 5509 2268 5582 Reg.
2309 5529 2346 5575 ι,
2382 5514 2432 5566 8.

1487 5649 1718 5703 VARUS
1761 5643 2160 5700 LECTIONES.

366 5764 376 5801 ί
416 5760 454 5814 (ἶ
511 5756 572 5811 1..
600 5755 691 5808 ἐπὶ
718 5752 793 5821 τῷ
824 5751 966 5820 φόνῳ
989 5789 1002 5803 .
1062 5746 1072 5795 i
1117 5746 1194 5799 Τὰ
1235 5745 1476 5814 ἑπόμενα
1502 5743 1558 5794 οὗ
1592 5739 1836 5810 περιέχει
1875 5738 1902 5788 ὁ
1936 5734 2030 5802 τῆς
2060 5735 2192 5800 Αύγ.
2231 5733 2358 5787 κώδ.
