4238 6458
290 430 429 495 1165

1281 418 1813 480 COMMENTARII
1853 416 1932 475 IN
1982 418 2127 476 LIB.
2168 416 2258 475 III
2303 415 2592 475 IIEGUAI.

3418 412 3550 473 1166

283 561 382 597 νυν
408 545 442 612 ἠ
474 538 836 610 προσηγορία,
873 537 944 597 ὡς
978 532 1070 588 τοῦ
1097 533 1400 604 πρεσϐύτου
1422 532 1701 602 προφήτου
1731 530 1864 583 πολῦ

1984 529 2238 599 propheta
2304 531 2387 581 vir
2421 528 2512 582 Dei
2553 536 2779 582 vocatus
2816 537 2919 588 est,
2965 527 3057 583 sed
3103 528 3193 596 qui
3252 527 3548 596 perfectam

284 630 615 701 τιμιώτερος
649 625 737 699 ἧν.

1980 621 2234 673 virtutem
2264 620 2408 671 nacti
2438 627 2588 683 sunt,
2628 617 2863 686 Moyses,
2914 618 3083 679 Elias,
3118 625 3170 669 ct
3205 618 3251 670 si
3280 617 3373 685 qui
3417 618 3551 670 tales

289 722 539 777 fuerunt.
608 718 898 792 Signiﬁcat
970 718 1137 784 igitur
1201 716 1319 771 hazc
1380 714 1710 786 appellatio,
1761 712 1907 769 hunc
1941 713 2118 768 virum
2175 726 2307 768 sene
2361 712 2456 765 illo
2506 713 2773 781 propheta
2826 712 2998 765 multo
3060 711 3232 767 fuisse
3281 718 3553 781 praestan-

297 810 517 865 tiorem.

886 897 1139 953 ΚΕΦΑΛ.
1199 897 1298 949 IA’.

359 991 468 1045 Kal
499 989 850 1073 σύνδεσμος
885 987 1133 1057 γέγονεν
1148 987 1218 1039 ἐν
1246 984 1322 1052 τῇ
1460 984 1617 1039 Οὕτω
1651 984 1743 1035 καὶ
1781 981 1876 1035 Ἰε-

2622 886 2775 940 CAP.
2815 885 2955 940 XIV.

2049 977 2213 1033 Vens.
2249 978 2337 1031 10.
2384 975 2446 1030 Ει
2478 979 2781 1045 conjuratio
2817 978 2918 1045 fuit
2954 977 3007 1028 in
3040 985 3205 1029 terra.
3253 978 3344 1030 Sic
3394 979 3557 1031 etiam

285 1080 473 1147 ζάϐελ,
502 1080 598 1134 τοῦ
647 1066 852 1149 Ἰωράμ
918 1077 1164 1147 μαθοῦσα
1195 1075 1292 1146 τὴν
1343 1074 1623 1144 τελευτὴν,
1661 1074 1755 1125 καὶ
1775 1074 1874 1142 τὴν

1984 1066 2225 1133 Iezabel,
2292 1084 2415 1122 eum
2468 1068 2847 1141 intellexisset,
2897 1066 3041 1135 quod
3096 1066 3415 1121 intem-etus
3471 1086 3559 1120 es-

284 1170 422 1225 Ὶόου
443 1168 744 1240 βασιλείαν,
770 1168 988 1238 ἐϐόησε,
1015 1166 1339 1235 Σύνδεσμος,
1366 1163 1682 1231 σύνδεσμος·
1714 1178 1870 1214 τουτ-

1984 1168 2059 1214 set
2113 1157 2321 1220 Joram.
2371 1166 2425 1213 et
2472 1156 2602 1210 Joas
2648 1165 2947 1225 regnaret,
3002 1158 3329 1211 exclamavit
3365 1175 3376 1209 :
3411 1159 3555 1213 Con-

281 1260 454 1323 ἐστιν,
513 1258 843 1321 ἀποστασία,
872 1258 967 1309 καί
998 1252 1274 1323 τυραννίς.

350 1352 456 1415 Εις
478 1350 546 1402 τὸ
582 1347 822 1402 Θεκουὲ.
861 1346 954 1400 Ἐν
1151 1340 1364 1411 Δεξικῷ
1412 1339 1520 1393 τῶν
1563 1336 1867 1406 Ἑϐραϊκῶν

281 1441 568 1511 ὀνομάτων
597 1438 963 1510 ἑρμηνεύεται
987 1437 1107 1501 καὶ,
1134 1434 1503 1501 σαλπισμός.
1549 1430 1640 1494 Ἐξ
1674 1422 1749 1481 ὧν
1782 1428 1863 1492 δὲ,

1984 1248 2217 1318 spiratio
2243 1289 2258 1311 ,
2302 1250 2406 1301 hoc
2444 1256 2565 1309 est,
2600 1246 2837 1300 tlefectio
2880 1256 2934 1299 et
2970 1249 3259 1301 violentia.

2038 1340 2100 1393 In
2133 1339 2428 1393 T/iecoe.ln
2463 1338 2799 1392 Dictiouario
2826 1338 3095 1393 llebraieo
3125 1342 3420 1407 exponitur
3443 1346 3562 1407 pui-

1967 1431 2126 1493 satio,
2161 1440 2213 1483 et
2242 1430 2460 1500 clangor
2510 1430 2780 1481 tubarum.
2814 1427 2890 1481 Ex
2930 1429 3041 1483 illis
3072 1445 3201 1483 vero
3224 1471 3237 1491 ,
3270 1446 3390 1499 qua:
3430 1431 3563 1483 liber

282 1536 472 1602 φησὶν,
494 1534 552 1585 ἐν
578 1529 1096 1602 Παραλειπομέναις
1125 1527 1269 1580 ἔοικε
1303 1524 1517 1596 δηλοῦν,
1550 1523 1625 1586 ὡς
1659 1522 1863 1575 ἐδίδοτο

1984 1518 2424 1587 ?aralipomenon
2454 1519 2636 1582 habet,
2661 1518 2877 1573 videtur
2903 1520 3216 1589 signiﬁcare
3239 1561 3249 1580 .
3274 1521 3417 1588 quod
3450 1524 3561 1575 luce

279 1622 456 1676 ταῦτα
482 1625 599 1685 τοῖς
644 1620 745 1684 τὰς
779 1619 951 1690 θύρας
980 1619 1090 1671 τῶν
1142 1615 1431 1685 βασιλείων
1453 1614 1815 1682 φυλάττουσιν
1838 1627 1854 1642 ·

279 1714 567 1783 προίόντος
599 1710 655 1764 δὲ
682 1709 778 1762 τοῦ
814 1708 1102 1779 βασιλέως,
1132 1706 1183 1759 οἱ
1219 1705 1317 1775 μὲν
1340 1704 1572 1765 τούτων,
1600 1699 1853 1772 ἡγοῦντο·

278 1804 331 1857 οἱ
368 1803 448 1867 δέ,
482 1801 845 1872 παρέτρεχον.
913 1798 1109 1851 Ἦνίκα
1134 1798 1191 1851 δέ
1214 1797 1295 1859 είς
1323 1795 1417 1847 τὸν
1448 1794 1603 1846 ’νεὼν
1634 1791 1868 1863 παρεγί-

280 1912 459 1959 νοντο,
487 1896 748 1963 ἀπήντων
786 1892 836 1945 οἱ
868 1890 1311 1961 ἀποστρέφοντες
1338 1886 1447 1940 ἀπὸ
1477 1884 1571 1937 τοῦ
1608 1885 1739 1937 ναοῦ
1766 1883 1867 1951 φύ-

1962 1607 2087 1663 data
2110 1610 2220 1665 sint
2252 1610 2382 1674 illis,
2416 1611 2510 1679 qui
2559 1598 2707 1663 [οι-ἇς
2756 1609 2890 1679 regii
2949 1612 3131 1679 palatii
3177 1612 3557 1667 custodiebant

1965 1701 2103 1755 Cum
2145 1717 2275 1755 vero
2309 1717 2405 1756 rex
2440 1702 2705 1771 prodiret,
2735 1702 2931 1755 hormn
2967 1702 3130 1771 aliqui
3165 1707 3543 1771 praecedebant

1965 1806 2111 1855 eum,
2148 1792 2315 1861 aliqui
2350 1808 2481 1847 vero
2523 1793 2683 1861 juxta
2709 1797 3029 1848 currebant.
3077 1795 3309 1860 Quando
3344 1814 3473 1852 vero
3507 1801 3559 1851 iu

1968 1883 2233 1951 templum
2268 1884 2583 1949 veniebant,
2615 1887 2983 1939 occurrebant
3013 1886 3096 1940 eis
3132 1890 3420 1952 custodes,
3467 1895 3560 1959 qui

279 1987 467 2050 λακες,
498 1987 594 2038 καὶ
637 1985 885 2053 ἐδέχοντο
930 1981 1103 2034 ταῦτα
1155 1980 1285 2048 παρ’
1321 1976 1521 2031 αὐτῶν.
1554 1977 1663 2028 Καὶ
1692 1974 1867 2028 ταῦτα

1984 1987 2000 2024 ι
2034 1975 2237 2043 templo
2271 1975 2640 2038 revertebant,
2672 1984 2727 2030 et
2776 1978 3123 2046 accipiebant
3153 1981 3269 2037 haec
3301 1983 3368 2036 ab
3406 1984 3559 2052 ipsis.

282 2079 634 2147 κατέχοντες,
672 2074 780 2147 πρὸ
829 2076 927 2145 τῆς
987 2072 1164 2140 πύλης
1221 2071 1544 2139 ἐστήκεισαν
1578 2065 1675 2119 τοῦ
1711 2064 1867 2125 ναοῦ,

1984 2069 2025 2115 at
2049 2061 2315 2117 habentes
2369 2071 2497 2118 ante
2555 2072 2771 2133 portam
2824 2067 3009 2134 templi
3059 2070 3300 2133 stabant,
3348 2080 3406 2125 ut
3452 2074 3563 2127 lucc

289 2164 403 2221 Ilva
419 2168 488 2220 τὰ
511 2166 613 2237 μὲν
636 2166 776 2218 ὅπλα
808 2163 970 2235 μείνῃ
999 2160 1115 2231 ’πρὸ
1148 2159 1257 2211 τῶν
1288 2157 1491 2228 θυρῶν,
1531 2156 1582 2209 οἱ
1607 2156 1662 2209 δὲ
1692 2155 1867 2207 ταῦτα

280 2258 627 2328 κομίζοντες,
652 2256 747 2308 σὺν
770 2254 850 2326 τῷ
872 2250 1090 2323 βασιλεί
1108 2250 1199 2303 τὸν
1229 2249 1361 2302 Θεὸν
1394 2247 1869 2319 προσκυνήσωσιν.

1973 2166 2125 2206 arma
2157 2163 2284 2207 ante
2319 2152 2466 2209 fores
2491 2167 2801 2211 manerent.
2823 2158 2926 2223 Qui
2960 2169 3139 2213 autem
3172 2162 3262 2215 illa
3299 2162 3561 2226 ferebant,

1975 2255 2257 2313 cumrege
2294 2243 2462 2297 Deum
2540 2246 2875 2301 adorabant.
2927 2248 3219 2307 Probabile
3266 2255 3428 2307 etiam
3482 2266 3566 2309 est

282 2350 445 2412 Εἰκὸς
464 2349 521 2401 δέ
556 2349 650 2402 καὶ
679 2342 827 2400 οἷκον
866 2342 1203 2413 γεγενῆσθαι
1236 2341 1343 2412 πρὸ
1370 2341 1479 2393 τῶν
1515 2337 1716 2408 θυρῶν,
1762 2336 1873 2389 ῶσ-

1984 2330 2203 2383 domum
2232 2342 2359 2387 ante
2400 2332 2549 2390 fores
2588 2334 2781 2399 fuisse,
2816 2349 2875 2392 ut
2918 2353 3070 2393 arma
3103 2341 3365 2410 ferentes,
3411 2361 3565 2399 arma

279 2460 340 2496 τε
375 2443 504 2504 τοὺς
534 2440 877 2509 ὁπλοφόρους
907 2438 1024 2489 ἐκεῖ
1043 2435 1113 2488 τὰ
1131 2434 1271 2486 ὅπλα
1295 2429 1710 2485 κατατίθεσθαι.
1738 2468 1750 2481 .
1778 2466 1792 2481 .
1816 2468 1828 2479 .
1857 2467 1869 2481 .

280 2532 532 2603 ἐῴκεσαν
568 2569 582 2585 .
621 2571 633 2584 .
668 2570 681 2583 .
715 2530 826 2582 τῶν
853 2529 1175 2599 δορυφόρων
1208 2526 1354 2587 τινὲς
1390 2521 1874 2594 προλαμϐάνοντες

285 2624 643 2694 προσκυνεῖν,
696 2625 792 2673 καὶ
828 2618 1148 2688 περιμένειν
1203 2616 1310 2685 πρὸ
1338 2613 1433 2666 τοῦ
1468 2612 1592 2675 νεὼ,
1632 2628 1879 2679 παρατη-

286 2716 511 2784 ροῦντες
544 2716 644 2785 τὴν
668 2712 858 2783 ἄφιξιν
904 2710 998 2764 τοῦ
1052 2709 1339 2779 βασιλέως.
1378 2706 1439 2759 Οἳ
1467 2705 1561 2757 κα¹ι
1600 2705 1710 2766 τοῖς
1749 2720 1882 2772 προ-

1982 2425 2059 2479 ibi
2094 2434 2426 2494 reponerent
2454 2442 2469 2490 ;
2493 2428 2717 2497 quidam
2744 2430 3087 2485 hastatorum
3111 2436 3411 2491 satellitum
3442 2450 3567 2494 ante

1984 2516 2239 2577 orabant,
2273 2526 2325 2570 et
2346 2525 2473 2572 ante
2498 2520 2759 2589 templum
2794 2523 3093 2578 adventum
3124 2528 3263 2600 regis
3286 2532 3567 2599 praestola-

1988 2613 2211 2666 bantur.
2275 2611 2379 2677 Qui
2428 2613 2594 2667 etiam
2642 2615 3042 2673 deducentibus
3120 2636 3301 2690 regem
3374 2638 3569 2677 occur-

1989 2712 2200 2769 rentes,
2238 2711 2291 2759 et
2320 2720 2516 2760 manus
2552 2706 2887 2777 injicieutes,
2927 2726 3077 2764 arma
3118 2714 3199 2768 eis
3239 2715 3569 2784 eripiebant.

283 2809 600 2881 πέμπουσιν
635 2808 798 2860 αὐτὸν
834 2801 1318 2873 προαπαντῶντες,
1344 2799 1438 2850 καὶ
1467 2799 1655 2867 χεῖρας
1685 2792 2047 2860 ἐπιτιθέντες,
2077 2795 2397 2866 ἀφώπλιζον
2440 2797 2660 2863 αὐτοὺς,
2717 2800 2791 2863 ὠς
2858 2804 3226 2867 συνεισιόντας
3278 2808 3356 2878 τῷ
3421 2808 3573 2877 βασι-

194 2914 199 2915 ⁷
282 2902 389 2975 λεῐ,
416 2904 513 2958 καὶ
545 2902 871 2957 ἀπετίθεντο
912 2899 1077 2969 μέχρι
1106 2898 1271 2951 πάλιν
1305 2896 1460 2961 ἐξίοι.

883 2992 1137 3045 ΚΕΦΑΛ.
1174 2988 1273 3044 1Ε’.

364 3086 489 3142 Ὅτι
511 3087 592 3152 τῷ
619 3085 798 3139 Δαόίδ
816 3083 1076 3137 δέδωκεν
1097 3079 1258 3147 αὐτῷ
1278 3081 1491 3149 Κύριος
1508 3077 1875 3148 κατάλημμα

284 3183 359 3236 ἐν
400 3176 817 3249 Ἰερουσαλήμ.
885 3175 1079 3228 Λὶτέαν
1141 3172 1429 3236 ἀπέδωκε,
1479 3171 1546 3224 δι’
1594 3171 1661 3242 ἣν
1726 3170 1879 3232 ὅντες

282 3270 508 3333 ἀσεϐεῖς
538 3268 925 3328 ἐϐασίλευσαν,
965 3264 1040 3328 ὡς
1075 3264 1144 3318 ἂν
1178 3263 1268 3317 διὰ
1299 3264 1390 3316 τὸν
1420 3263 1686 3333 πρόγονον
1730 3261 1884 3331 διαρ-

284 3365 577 3427 κέσαντες.
607 3360 716 3416 Τοῦ
744 3361 929 3432 μέντοι
971 3358 1127 3412 Ἀϐία
1174 3357 1244 3413 τὰ
1298 3354 1515 3427 πρῶτα,
1550 3355 1659 3408 τῶν
1705 3355 1891 3424 Παρα-

287 3455 633 3527 λειπομένων
674 3455 707 3524 ὴ
745 3452 926 3522 βίϐλος
978 3448 1211 3520 ἐπῄνεσε
1244 3464 1257 3477 '
1295 3447 1406 3500 τῶν
1450 3446 1506 3498 δὲ
1546 3443 1891 3510 τελευταίων,

288 3549 606 3623 συμφώνως
651 3549 764 3610 τοῖς
797 3544 892 3597 νῦν
940 3541 1343 3614 κατηγόρησεν.

367 3729 452 3787 Τὰ
479 3728 548 3783 δὲ
578 3727 795 3795 ὑψηλὰ
820 3726 931 3779 οὐκ
956 3719 1194 3789 ἐξῆρεν.
1229 3716 1310 3770 Τὰ
1329 3716 1405 3787 τῷ
1420 3715 1540 3787 Θεῷ
1572 3716 1629 3767 ἐν
1663 3714 1891 3784 ὑψηλοῖς

291 3825 636 3892 ἀνακείμενα
668 3819 1057 3888 θυσιαστήρια.
1753 3830 1759 3836 ·

365 3918 551 3986 Δεῦρο
576 3957 590 3981 ,
628 3911 1041 3967 διιισκέδασον
1074 3906 1189 3972 τὴν
1222 3902 1519 3971 διαθήκην
1542 3916 1680 3954 σου.
1705 3899 1891 3952 Κατα-

290 4008 470 4066 λιπὼν
528 4007 621 4060 τὸν
651 4006 806 4069 Θεὸν,
843 4002 940 4073 τὴν
968 4000 1077 4052 τῶν
1117 3996 1304 4067 Σύρων
1334 3993 1622 4064 ἠσπάσατο
1666 4008 1892 4059 συμμα-

299 4103 427 4176 χίαν
439 4140 451 4154 .

380 4192 704 4259 Ἐποίησεν
718 4186 905 4241 Ἀασὰ
954 4184 1020 4237 τὸ
1043 4179 1315 4248 πονηρὸν
1336 4178 1592 4231 ἐνώπιον
1634 4175 1886 4241 Κυρίου.

293 4284 645 4353 Σαφέστερον
670 4283 727 4333 ἐν
753 4275 1288 4348 Παραλειπομέναις.
1331 4271 1419 4323 Ἐν
1452 4270 1562 4339 γὰρ
1606 4269 1674 4337 τῇ
1709 4268 1891 4338 ἀρρω-

295 4374 449 4444 στίᾳ,
474 4372 663 4441 φησίψ
710 4389 727 4421 ι
751 4368 927 4421 Αὑτοῦ
960 4367 1063 4419 οὐκ
1094 4364 1324 4433 ἐζήτησε
1353 4362 1442 4413 τὸν
1474 4358 1709 4425 Κύριον.
1730 4357 1891 4410 Ἀλλὰ

292 4468 426 4531 τοὺς
463 4464 702 4535 ἰατρούς.
736 4482 753 4515 ι
790 4462 899 4515 Καὶ
931 4461 1057 4522 τους
1086 4457 1323 4526 ἐπῳδαῖς
1381 4454 1475 4506 καὶ
1530 4450 1891 4521 μαγγανείαις

297 4560 682 4631 κεχρημένους
726 4555 872 4609 οὕτω
933 4552 1112 4606 καλεῖ.
1156 4552 1225 4601 Ἥ
1255 4548 1424 4601 ὅτιτὸ
1458 4548 1563 4607 πᾶν
1600 4544 1888 4597 ἐπίστευσε

295 4658 415 4715 τοῖς
475 4653 705 4723 ἰατροῖς,
742 4648 840 4718 τὴν
896 4647 977 4709 εἰς
1025 4644 1159 4697 Θεὸν
1194 4643 1293 4694 οὑκ
1328 4641 1467 4709 ἔχων
1494 4637 1684 4691 ἐλπίδα
1716 4636 1886 4705 δηλοῖ.

2618 2986 2770 3042 CAP.
2811 2986 2929 3043 XV.

2056 3060 2224 3133 Vnus.
2252 3081 2304 3134 4.
2358 3079 2497 3145 Quia
2532 3093 2747 3149 prapter
2781 3082 2947 3137 David
2973 3084 3115 3137 dedit
3134 3086 3183 3139 ei
3203 3085 3459 3143 Dominus
3490 3107 3576 3144 re-

1990 3171 2182 3237 liquias
2212 3172 2264 3224 in
2289 3170 2613 3227 Jerusalem.
2637 3172 2871 3228 Causam
2891 3176 3152 3242 ostendit,
3172 3190 3393 3247 propter
3414 3198 3576 3251 quam

1993 3265 2157 3317 etiam
2180 3264 2328 3333 impii
2352 3280 2507 3334 reges
2545 3281 2775 3334 regnum
2808 3266 3191 3333 obtinuerunt,
3227 3282 3449 3341 prapter
3484 3291 3580 3345 pa-

2000 3362 2159 3416 trem,
2186 3364 2239 3409 et
2280 3359 2747 3425 prmtleccssorcm
2792 3360 3186 3428 pertlurarunt.
3238 3362 3456 3418 Initium
3492 3384 3580 3420 rc-

2003 3446 2096 3515 gni
2155 3445 2305 3500 Abite
2372 3446 2510 3501 liber
2552 3446 3014 3519 Paralipomenon
3068 3451 3418 3521 celebravit;
3459 3458 3583 3513 ﬁnis

1999 3538 2302 3599 similiter,
2368 3539 2830 3608 quemadmodum
2894 3542 2997 3596 hoc
3071 3543 3239 3608 loco,
3295 3548 3580 3617 vitupera-

1998 3637 2108 3681 tur.

2066 3716 2232 3771 Vens.
2279 3718 2361 3771 H.
2401 3718 2627 3773 Excelsa
2685 3731 2861 3777 autem
2912 3740 3016 3778 non
3061 3727 3315 3781 sustulit.
3369 3729 3578 3785 Altaria

1997 3810 2051 3861 in
2088 3811 2327 3865 excelsis
2353 3820 2705 3866 constructa.

2068 3898 2236 3957 Vens.
2272 3902 2357 3956 l9.
2389 3903 2519 3971 Age,
2554 3903 2760 3973 dissipa
2819 3910 3115 3977 pactionem
3150 3920 3316 3967 luant.
3369 3916 3584 3971 Relicto

1999 3991 2127 4055 Deo,
2150 3995 2467 4049 societatem
2492 3996 2747 4076 bellicam
2772 3998 3038 4068 Syrorum
3075 4005 3274 4073 cupide
3297 4010 3583 4077 amplexus

1994 4091 2099 4139 εει.

2071 4175 2219 4231 Fecit
2243 4179 2354 4231 Asa
2388 4180 2587 4235 malum
2616 4199 2795 4237 curam
2842 4185 2971 4240 Deo.
3009 4184 3064 4242 ld
3095 4189 3312 4258 planius
3358 4194 3410 4247 in
3445 4195 3585 4249 libro

1997 4271 2461 4342 Paralipomenon
2490 4276 2743 4333 habetur.
2782 4277 2916 4333 Nam
2944 4282 2995 4335 in
3021 4284 3214 4339 morbo
3247 4302 3371 4351 suo,
3422 4290 3580 4353 dicit,
3614 4288 3617 4291 “

2000 4364 2147 4420 «Non
2186 4368 2442 4433 qua'sivit
2462 4368 2777 4434 Dominum,
2805 4372 2899 4427 sed
2921 4375 3164 4430 medicos
3190 4377 3286 4431 ⁸³.»
3318 4380 3584 4437 Caeterum

1997 4459 2143 4525 illos,
2180 4461 2271 4530 qui
2304 4461 2737 4519 incantamentis
2781 4474 2837 4518 ct
2887 4468 3174 4523 veneﬁciis
3211 4473 3295 4525 usi
3324 4486 3471 4541 sunt,
3508 4480 3585 4532 sic

1995 4549 2255 4619 appellat.
2290 4549 2390 4603 Vel
2418 4553 2681 4615 ostendit,
2703 4555 2851 4621 quod
2877 4571 2937 4609 se
2960 4565 3131 4611 totum
3163 4560 3393 4615 medicis
3430 4580 3590 4619 com-

1993 4642 2226 4706 miserit,
2254 4658 2354 4697 nec
2391 4658 2542 4712 spem
2576 4645 2628 4697 in
2661 4644 2769 4700 Deo
2799 4649 3175 4703 collocaverit.
3198 4651 3329 4707 Nam
3361 4671 3427 4709 ex
3481 4658 3589 4712 Deo

310 4747 411 4801 Ἐκ
441 4743 579 4799 Θεοῦ
610 4744 721 4813 γὰρ
773 4742 870 4794 καὶ
894 4739 1109 4809 τέχναι,
1158 4735 1251 4787 καὶ
1310 4732 1551 4802 βοτάναι.
1589 4730 1699 4783 Kal.
1751 4729 1886 4798 μετὰ

2000 4745 2129 4789 sunt
2161 4743 2305 4790 artes
2359 4746 2412 4790 et
2442 4736 2672 4805 herbae;
2720 4748 2797 4801 et.
2858 4740 2904 4795 si
2947 4741 3051 4797 ﬁde
3095 4743 3148 4797 in
3185 4745 3365 4815 ipsum
3409 4752 3589 4820 appli-

297 4842 402 4913 τῆς
451 4840 533 4902 είς
578 4837 744 4892 αὑτὸν
804 4834 1045 4895 πίστεως
1096 4830 1272 4885 ταῦτα
1324 4825 1468 4880 καλὰ
1508 4822 1895 4891 ὑπουργοῦντα

297 4934 419 4996 τοῖς
477 4931 849 5003 προσίσχουσιν
891 4924 1040 4995 αὐτῷ
1071 4942 1084 4954 ·
1151 4922 1322 4993 χωρὶς
1371 4918 1428 4972 δὲ
1472 4915 1714 4987 ταύτης,
1772 4913 1896 4967 ἀνό-

301 5038 465 5094 νητα.

904 5104 1163 5160 ΚΕΦΑΛ.
1193 5104 1309 5169 ις’.

377 5203 488 5259 Kal
514 5200 766 5269 εἰσῆλθε
794 5198 1038 5267 Ζαμὸρὶ,
1070 5194 1168 5250 καὶ
1189 5189 1491 5254 ἐπάταξεν
1518 5189 1726 5243 αὐτόν.
1756 5188 1897 5254 Τοὺς

304 5291 582 5360 πονηροὺς
618 5288 728 5357 γὰρ
752 5287 819 5339 δι’
838 5287 1086 5354 ἀλλήλων
1116 5283 1143 5336 ὁ
1174 5281 1451 5348 Δεσπότης
1482 5277 1701 5342 κολάζει
1738 5279 1894 5345 Θεὸς,

303 5383 402 5438 καὶ
424 5380 504 5451 τῷ
543 5379 898 5450 πονηροτέρῳ
930 5378 1021 5431 τὸν
1056 5374 1298 5446 πονηρὸν
1358 5369 1748 5442 παραδίδωσιν,
1787 5364 1897 5424 οἷόν

302 5491 414 5528 τισι
441 5472 657 5543 δημίοις
686 5470 1026 5540 κεχρημένος
1046 5466 1277 5529 αὐτοῖς.’
1384 5478 1389 5483 ‘

381 5566 494 5620 Τοῦ
517 5565 742 5633 Κυρίου
765 5564 871 5616 τοῦ
901 5563 1079 5631 ὅρους
1095 5559 1394 5628 Σομόρων.
1428 5554 1562 5609 Ἀπὸ
1583 5553 1678 5607 τοῦ
1712 5554 1896 5625 Σεμὴρ

302 5659 366 5713 τὸ
399 5659 529 5730 ὅρος
564 5656 768 5727 ἐκλήθη
808 5655 1086 5726 Σομόρων.
1108 5652 1240 5706 ’Λπὸ
1264 5651 1319 5704 δέ
1338 5649 1432 5704 τοῦ
1468 5648 1708 5720 ϐρους,ὴ
1742 5646 1897 5710 πόλις

339 5842 384 5876 ⁸³
411 5840 455 5896 ll
494 5838 674 5895 Paral.
720 5854 829 5904 xvr,
870 5836 955 5891 l2.

2002 4832 2219 4887 centur,
2248 4825 2313 4878 ad
2338 4825 2544 4879 bonum
2580 4827 2895 4884 inserviunt
2920 4830 3046 4899 illis,
3078 4834 3173 4904 qui
3210 4838 3371 4891 amici
3414 4840 3589 4910 ipsius

2005 4927 2134 4972 sunt
2180 4936 2193 4985 ;
2246 4923 2451 4991 absque
2504 4920 2595 4975 illa
2651 4921 2755 4977 ﬁde
2797 4924 3022 4981 inutiles
3067 4938 3195 4983 sunt
3247 4941 3299 4985 et
3333 4948 3595 5004 ξυνοικε-

2006 5024 2211 5065 caneth.

2608 5112 2763 5168 CAP.
2801 5113 2940 5170 XVI.

2080 5193 2247 5251 Vens.
2278 5196 2653 5272 lOJngressus
2673 5216 2752 5260 est
2780 5205 3019 5272 Sambri,
3051 5220 3099 5264 et
3131 5214 3395 5279 percussit
3451 5232 3592 5273 eum.

2012 5290 2093 5343 At]
2130 5292 2305 5347 malos
2348 5295 2493 5347 enim
2547 5300 2858 5366 puniendos
2905 5305 3067 5358 malis
3097 5306 3271 5360 utitur
3306 5306 3592 5373 Dominus,

2005 5390 2053 5435 et
2084 5384 2286 5437 malum
2322 5387 2489 5455 pejori
2523 5392 2725 5455 tradit,
2769 5402 2823 5447 et
2854 5395 3021 5450 veluti
3076 5399 3438 5456 carniﬁcibus
3485 5403 3611 5472 qui-

1998 5472 2228 5528 busdam
2259 5476 2393 5545 ipsis
2423 5480 2618 5535 utitur.

2067 5559 2225 5630 535
2264 5562 2475 5617 Domini
2530 5574 2722 5625 montis
2785 5572 3068 5631 Somoron.
3107 5580 3151 5632 Α
3203 5578 3395 5638 Semer
3445 5600 3604 5641 mons

1994 5650 2269 5708 Somoron
2311 5659 2617 5726 appellatus
2650 5674 2755 5719 cst.
2791 5667 2831 5718 Α
2878 5676 3063 5724 monte
3128 5686 3257 5727 vero
3311 5675 3445 5731 urbs
3504 5676 3610 5732 Sa-
