4238 6458
233 404 367 470 1169

1218 401 1751 465 COMMENTARII
1818 401 1896 460 IN
1944 401 2085 458 LII}.
2134 399 2217 457 [Il
2264 400 2553 459 liE-GUM.

3356 389 3491 454 1170

230 515 461 584 ῑχουσαν
534 508 674 579 βίον,
704 507 818 561 ἐστι
850 508 906 561 δὲ
927 508 1019 560 καὶ
1070 508 1238 571 τύπος
1258 508 1357 575 τῆς
1388 507 1447 571 ἐξ
1482 507 1648 559 ἐθνῶν
1679 506 1802 556 Ἐκ·
1832 507 1852 562 Α

1956 517 2056 565 :ns,
2097 509 2151 553 et
2189 502 2480 555 exsiccans
2512 514 2675 563 eum;
2709 496 2904 552 deinde
2934 496 2999 548 ad
3044 494 3261 547 viduam
3325 510 3488 549 UllllIS

231 605 492 674 πλησίας,
557 601 825 670 δεξαμένη
886 599 1092 661 πιστῶς
1147 600 1236 651 τὸν
1274 600 1379 650 ὑπὸ
1450 597 1804 667 Ἰσραηλιτῶν

233 692 581 760 διωκόμενον,
618 690 807 759 ὥσπερ
840 690 1022 757 ἐκείνη
1052 691 1173 752 τοὺς
1201 689 1550 751 ἀποστόλους.

313 964 399 1030 ΖιῙ
419 966 633 1030 Κύριος
656 965 687 1015 ό
710 963 855 1027 Θεός
876 978 1013 1015 σου.
1049 955 1189 1028 Εὖγε
1215 962 1311 1027 τῆς
1339 960 1671 1030 πραότητος.
1699 953 1813 1010 Οὐκ

240 1060 620 1127 ἐδυσχέραινεν
644 1059 702 1110 ὲν
722 1057 1010 1119 τοσαύταις
1044 1057 1355 1125 συμφοραῖς
1384 1054 1666 1123 αἱτηθείσα
1698 1067 1816 1118 τρο-

244 1153 370 1218 φήν.
399 1149 564 1202 Ἀλλὰ
620 1149 779 1217 μόνον
836 1148 1003 1210 ἔδειξε
1052 1146 1149 1217 τὴν
1182 1146 1419 1215 ἐσχάτην
1468 1142 1682 1203 πενίαν,
1720 1140 1817 1195 καὶ

241 1242 340 1309 τὴν
391 1240 728 1307 ἐπαγγελίαν
760 1239 967 1300 πιστῶς
1020 1236 1285 1306 δεξαμένη
1350 1235 1691 1303 προσήνεγκε
1721 1233 1820 1301 τὴν

242 1333 471 1403 τροφὴν,
507 1334 601 1384 καὶ
630 1331 802 1383 ταῦτα
836 1331 934 1381 οὐκ
965 1331 1138 1381 εἰδυῖα
1172 1330 1261 1382 τὸν
1289 1327 1595 1397 ἄνθρωπον.
1632 1324 1818 1376 ’Λλλό-

245 1422 411 1488 φυλος
468 1422 578 1490 γὰρ
608 1416 696 1490 ἧν,
721 1418 1064 1488 προφητικῆς
1107 1418 1389 1487 δυνάμεως
1424 1419 1618 1489 πεῖραν
1650 1416 1707 1469 οὐ
1736 1416 1824 1469 δε-

245 1507 505 1577 δεγμένη.
804 1526 807 1531 ‘

328 1690 389 1743 π
417 1689 547 1758 ἐμοὶ
582 1688 821 1753 amico},
845 1689 1117 1758 ἄνθρωπε
1150 1687 1257 1742 τοῦ
1299 1688 1486 1751 Θεοῦ;
1558 1684 1829 1754 ’Λφθὸνως

248 1786 277 1835 6
304 1786 592 1853 προφήτης
625 1783 919 1835 ἀπολαύων
950 1785 1047 1851 τῆς
1069 1782 1301 1850 τροφῆς,
1332 1782 1428 1847 τῆς
1485 1780 1591 1833 τῶν
1652 1777 1830 1831 ἄλλων

1910 592 2017 645 diei
2039 592 2238 644 victum
2260 592 2573 644 habentem.
2600 589 2695 643 Est
2719 588 2884 641 etiam
2911 594 3072 654 typus
3104 584 3361 638 Ecclesia:
3375 586 3487 637 col-

1911 686 2064 737 lecta:
2099 684 2165 735 ex
2198 684 2476 751 gentibus,
2525 696 2652 734 veta
2706 679 2807 731 Iide
2846 679 2996 730 illum
3027 676 3333 744 excipio-ns,
3384 675 3481 743 qui

1914 774 2364 841 persecutionem
2402 771 2471 825 ab
2516 770 2783 823 Israelitis
2818 765 3193 828 substinebat,
3230 763 3493 834 quemad-

1914 862 2135 916 modum
2172 862 2261 914 illa
2296 859 2599 927 apostolos.

1989 951 2151 1005 Vens.
2182 950 2268 1004 I2.
2309 949 2443 1004 Vivit
2488 950 2745 1015 Dominus
2798 947 2939 1003 Deus
2988 958 3131 1000 tuus.
3194 944 3343 1014 Euge
3380 959 3494 996 ma-

1919 1056 2036 1111 gna:
2066 1041 2356 1095 bonitatis!
2386 1055 2492 1094 non
2524 1052 2668 1108 aegre
2701 1039 2846 1100 tulit,
2883 1036 3030 1105 quod
3066 1038 3119 1089 in
3147 1036 3316 1088 tantis
3341 1036 3490 1086 tala-

1923 1134 2207 1188 mitatibus
2232 1133 2387 1186 cibus
2412 1131 2479 1185 ab
2508 1132 2621 1199 ipsa
2650 1128 3063 1199 peteretur.Sed
3092 1135 3297 1181 tantum
3319 1133 3497 1179 extre-

1922 1240 2065 1277 mam
2102 1233 2472 1293 paupertatem
2501 1221 2763 1283 ostendit,
2789 1227 2845 1289 et
2881 1217 3306 1286 promissionem
3343 1216 3499 1269 lirina

1926 1317 2029 1370 lide
2053 1316 2329 1385 accipiens
2382 1315 2569 1368 cibum
2622 1313 2825 1378 attulit,
2851 1322 3016 1381 atque
3050 1312 3153 1363 hoc
3196 1311 3341 1371 fecit,
3375 1324 3498 1362 cum

1928 1408 2201 1461 hominem
2240 1422 2349 1459 non
2387 1405 2630 1458 novisset
2666 1421 2680 1468 ;
2712 1403 3016 1470 alienigena
3069 1402 3215 1454 enim
3260 1408 3396 1463 erat,
3448 1407 3503 1451 et

1930 1496 2156 1551 virtutis
2203 1495 2539 1566 prOpheticaa
2568 1493 2775 1546 nullam
2807 1490 3208 1560 experientiam
3246 1503 3501 1557 sumpse-

1930 1596 2037 1642 τοι.

1998 1674 2141 1739 Quid
2173 1675 2319 1739 mihi,
2348 1684 2395 1727 et
2431 1673 2716 1738 tibi,ltomo
2746 1672 2874 1726 Dei?
2902 1671 3064 1741 536
3085 1668 3355 1737 Propheta
3378 1680 3503 1719 cum

1934 1766 2137 1821 all‘atim
2192 1767 2314 1820 cibo
2358 1765 2600 1820 refeCIus
2643 1774 2815 1829 esset,
2848 1765 3213 1817 calamitatem
3268 1761 3505 1812 aliorum

249 1850 558 1943 ἀνθρώπων
589 1874 889 1927 ἐπελάθετο
947 1850 1235 1943 συμφορᾶς
1261 1890 1274 1902 '
1310 1866 1372 1926 οὗ
1393 1872 1456 1941 δὴ
1479 1873 1638 1941 χάριν
1668 1872 1695 1922 6
1725 1872 1824 1920 Δε-

1956 1858 2219 1911 ιοηιὶηυηι
2252 1858 2618 1911 obliviscitur.
2646 1855 3018 1922 Quamobrem
3045 1853 3190 1907 Deus
3218 1850 3398 1905 viduae
3422 1850 3510 1903 Ile-

253 1968 459 2036 σπότης
490 1966 638 2036 αὐτῷ
667 1967 764 2027 τὰς
791 1970 887 2035 τῆς
907 1968 1083 2037 χήρας
1101 1966 1531 2035 ἐπεστράτευσεν
1556 1962 1822 2033 οἰμωγάς.

264 2060 509 2126 Ἐπέγνω
534 2059 588 2110 δὲ
614 2060 706 2111 καὶ
725 2059 885 2121 αὐτὸς
913 2059 1011 2127 τὴν
1038 2058 1237 2110 αἰτίαν.
1272 2075 1289 2107 ι
1316 2057 1382 2108 Οἵ
1408 2074 1498 2126 μοι
1520 2056 1648 2125 γὰρ,
1666 2056 1825 2121 φησὶ,

250 2150 450 2220 Κύριε,
480 2151 508 2201 ὁ
541 2150 750 2220 μάρτυς
789 2150 887 2218 τῆς
934 2146 1131 2217 χήρας,
1164 2169 1182 2201 ι
1215 2148 1306 2200 καὶ
1344 2148 1412 2199 τὰ
1457 2146 1603 2213 ὲξῆς.
1645 2145 1829 2208 Ἀξιά-

250 2259 430 2308 γαστα
453 2243 508 2295 δὲ
540 2243 637 2310 τῆς
666 2242 918 2311 χήραςτα
953 2242 1191 2311 ῥήματα.
1225 2239 1315 2307 Τῷ
1345 2238 1421 2308 σῷ
1442 2238 1604 2306 φωτὶ,
1638 2238 1827 2307 φησὶν,

251 2332 546 2401 ἐγυμνώθη
574 2334 641 2384 τὰ
674 2333 1033 2401 κεκρυμμένα
1108 2348 1207 2400 μου
1238 2330 1706 2399 πλημμελήματα,
1740 2329 1833 2380 καὶ

252 2428 353 2495 οὐχ
375 2426 450 2487 ὡς
472 2425 769 2491 ἀλλόφυλος
816 2424 914 2493 τὴν
950 2423 1157 2475 εἴσοδον
1188 2422 1474 2474 οἰωνίσατο
1517 2421 1614 2490 τὴν
1641 2419 1829 2483 αὐτοῦ,

253 2512 395 2565 ὀλλά
423 2514 542 2575 ταῖς
572 2512 729 2573 ἰδίαις
753 2511 1063 2581 ἐπέγραψεν
1091 2511 1408 2582 ἁμαρτίαις.
1433 2509 1590 2565 Οὖτω
1614 2512 1712 2581 τὴν
1738 2510 1834 2563 τοῦ

253 2606 541 2675 προφήτου
570 2602 918 2658 διδασκαλίαν
944 2603 1215 2672 ὠφέλητο.
1257 2606 1415 2666 Ἴσως
1450 2606 1541 2656 καὶ
1570 2604 1635 2656 δι’
1667 2603 1835 2674 αὐτὴν

253 2695 290 2764 ή
320 2693 416 2746 τοῦ
453 2694 641 2757 παιδὸς
677 2693 871 2761 γέγονε
926 2694 1175 2763 τελευτὴ,
1230 2693 1316 2745 ἴνα
1374 2692 1689 2762 θεασαμένη
1740 2693 1836 2754 τὴν

256 2786 411 2855 παρὰ
462 2787 624 2854 φύσιν
675 2786 996 2850 ἀνάστασιν,
1050 2784 1272 2855 βεϐαίαν
1321 2782 1542 2855 δέξηται
1565 2783 1661 2856 τὴν
1686 2783 1839 2837 εὐσέ-

256 2877 433 2931 ϐειαν.
1802 2874 1805 2875 ⁷

328 2968 443 3024 Kal
475 2969 824 3039 ἐνεφύσησε
861 2967 941 3034 τῷ
981 2971 1263 3039 μειρακίῳ
1292 2970 1507 3038 τρίτον.
1558 2968 1712 3024 Μετὰ
1740 2969 1841 3039 τὴν

258 3059 601 3129 προσευχήν,
635 3061 758 3129 τρὶς
786 3062 1134 3131 ἐμφυσήσας,
1169 3064 1247 3125 εἰς
1278 3062 1422 3132 ζωὴν
1449 3063 1764 3130 ἐπανήγαγε
1780 3059 1840 3112 τὸ

1928 1950 2076 2003 tibus
2146 1964 2269 2002 eum
2303 1948 2575 2002 adoritur.
2617 1948 2854 2017 Agnovit
2894 1946 3199 2013 etiatnipse
3230 1956 3452 1997 causam
3484 1958 3500 2001 ;

1929 2039 2063 2093 dicit
2096 2041 2243 2093 enim
2274 2057 2286 2092 :
2314 2057 2331 2090 ι
2381 2039 2493 2093 Ileu
2534 2039 2687 2103 mihi,
2711 2036 2955 2095 Domine,
2991 2036 3149 2088 testis
3171 2032 3363 2096 viduae,
3398 2050 3414 2082 ι
3457 2033 3509 2081 et

1930 2140 2149 2185 caetera.
2170 2131 2341 2186 Porro
2360 2133 2525 2186 verba
2557 2131 2734 2185 viduae
2764 2130 2930 2199 digna
2958 2133 3087 2182 sunt
3118 2125 3507 2179 admiratione.

1934 2225 2051 2281 Tua
2081 2226 2223 2291 luce,
2246 2227 2449 2295 inquit,
2479 2233 2685 2280 retecta
2721 2234 2852 2279 sunt
2872 2224 3091 2279 occulta
3119 2237 3237 2275 mea
3260 2227 3509 2290 peccata,

1932 2326 1986 2371 et
2014 2334 2143 2380 non,
2181 2326 2239 2370 ut
2269 2318 2598 2387 alienigena,
2630 2317 2943 2385 ingressum
2979 2313 3261 2385 prepheta:
3308 2310 3512 2364 malum

1934 2422 2094 2462 omen
2126 2408 2665 2476 fuisseinterpretata
2699 2405 2918 2469 est,sed
2940 2405 3054 2459 suis
3081 2402 3319 2473 peccatis
3365 2416 3512 2454 mor-

1940 2509 2047 2550 tem
2083 2498 2240 2566 pueri
2297 2499 2581 2566 ascripsit.
2618 2498 2796 2564 Atque
2845 2496 2923 2549 sic
2980 2510 3041 2548 ex
3102 2495 3377 2563 pmphetie
3413 2492 3514 2545 do-

1938 2589 2115 2643 ctrina
2156 2588 2392 2643 fructum
2431 2590 2695 2658 percepit.
2732 2586 3010 2640 Fortassis
3032 2587 3196 2639 etiam
3224 2586 3277 2638 in
3309 2583 3514 2637 bonum

1938 2680 2119 2734 viduae
2176 2695 2315 2749 puer
2350 2689 2607 2733 mortuus
2641 2689 2745 2741 est,
2790 2685 2847 2729 ut
2881 2677 2927 2730 si
2961 2676 3171 2729 videret
3224 2674 3378 2743 pueri
3423 2688 3515 2727 re-

1940 2773 2341 2829 surrectionem
2391 2788 2513 2843 quae
2567 2780 2761 2827 contra
2808 2779 3063 2826 naturam
3110 2778 3215 2832 est,
3283 2769 3515 2824 solidam

1942 2867 2201 2937 pietatem
2239 2874 2294 2919 et
2332 2864 2488 2920 ﬁdem
2519 2866 2812 2935 reciperet.

2018 2958 2184 3013 Vens.
2215 2958 2306 3011 2|.
2348 2957 2414 3010 Et
2457 2958 2664 3025 inﬂavit
2695 2974 2858 3026 puero
2897 2967 2994 3013 ter.
3042 2957 3177 3011 Cum
3225 2968 3345 3025 post
3392 2974 3517 3011 ora-

1944 3050 2146 3103 tionem
2176 3044 2359 3118 puero
2404 3049 2667 3115 inllasset,
2707 3051 2760 3104 iu
2812 3051 2976 3103 vitam
3023 3066 3144 3105 eum
3221 3052 3516 3106 revocavit.

262 3151 577 3220 μειράκιον.
622 3148 784 3217 Δηλοῖ
804 3150 863 3203 δὲ
896 3153 925 3204 6
978 3152 1078 3218 μὲν
1113 3144 1347 3221 ἀριθμὸς
1372 3153 1471 3223 τὴν
1505 3169 1841 3225 προσκυνου-

1956 3140 2240 3210 Signiﬁcat
2257 3150 2437 3195 autem
2471 3141 2562 3196 hic
2608 3157 2871 3197 numerus
2895 3143 3235 3199 adorandum
3272 3145 3519 3199 Trinita-

263 3243 435 3311 μένην
481 3241 749 3312 Τριάδα,Δ
776 3252 839 3293 τὸ
878 3242 934 3295 δὲ
982 3243 1290 3315 ἐμφύσημα
1328 3245 1428 3313 τὴν
1476 3246 1534 3296 ὲν
1567 3246 1709 3315 ἀρχῇ
1743 3245 1841 3315 τῆς

257 3336 441 3403 ψυχῆς
474 3333 856 3402 γεγενημένην
880 3334 1270 3405 δημιουργίαν.
1305 3335 1446 3388 Ἀλλ’
1486 3337 1515 3388 6
1555 3338 1844 3413 προφήτης

261 3426 595 3495 ἐμφυσήσας
629 3426 729 3477 οὐκ
758 3424 929 3495 ἄλλην
976 3425 1157 3496 ψυχὴν
1201 3426 1662 3499 ἐδημιούργησεν,
1707 3429 1844 3483 ἀλλὰ

260 3517 363 3585 τὴν
396 3512 763 3584 χωρισθεῖσαν
799 3512 893 3565 τοῦ
932 3513 1189 3581 σώματος
1225 3515 1596 3586 ἐπανήγαγεν,

871 3609 1119 3661 ΚΕΨΑᾹ.
1158 3608 1263 3664 III'.

335 3704 683 3772 Πορεύθητι,
739 3701 835 3756 καὶ
883 3703 1095 3773 ὄφθητι
1156 3702 1501 3773 τῷἌχαάϐ.
1554 3703 1612 3757 '0
1654 3704 1846 3774 φιλάν-

261 3799 485 3871 θρωπος
525 3797 661 3861 Θεὸς
686 3796 797 3849 τῶν
844 3796 1151 3867 ἀνθρώπων
1186 3797 1246 3850 τὸ
1277 3798 1429 3866 γένος
1462 3797 1604 3869 ὁρῶν
1638 3797 1848 3850 διολλύ-

269 3910 454 3962 μενον,
490 3894 584 3947 καὶ
606 3894 699 3948 τὸν
726 3893 1015 3962 προφήτην
1046 3890 1269 3956 αἰτῆσαι
1305 3890 1397 3941 τὸν
1427 3888 1574 3942 ἔλεον
1602 3890 1703 3942 οὐκ
1730 3889 1849 3942 ἐθέ-

262 3985 448 4048 λοντα,
482 3986 728 4048 καὶτοὺς
768 3984 866 4054 μὲν
902 3984 1167 4052 οἰκτεῖραι
1197 3978 1387 4045 θέλων,
1439 3982 1567 4044 τοὺς
1600 3983 1657 4036 δὲ
1697 3984 1849 4052 παρὰ

261 4077 498 4146 γνώμην
540 4074 703 4129 λῦσαι
749 4074 845 4145 τήν
875 4074 1057 4144 ψῆφον
1088 4073 1191 4127 οὐκ
1225 4073 1571 4143 ἀνεχόμενος,
1627 4072 1849 4142 ἔρχεται

264 4166 612 4236 πρεσϐευτὴς
646 4165 786 4236 πρὸς
815 4163 905 4217 τὸν
931 4163 1151 4234 οἰκέτην
1181 4164 1208 4215 6
1234 4163 1540 4233 Δεσπότης,
1580 4164 1719 4233 πρὸς
1757 4164 1851 4218 ’ὢν

264 4257 440 4327 πηλὸν
486 4258 515 4309 6
553 4255 1043 4327 Δημιουργὸς,καὶ
1090 4253 1269 4307 πείθει
1318 4254 1477 4308 λῦσαι
1508 4254 1617 4309 τῶν
1667 4256 1850 4325 νεφῶν

261 4351 364 4413 τὰς
399 4349 596 4411 ὠδῖνας
630 4348 732 4418 τὴν
761 4348 1081 4418 πεδήσασαν
1112 4345 1381 4415 γλῶτταν.

340 4444 407 4495 Εὶ
436 4441 607 4494 ἔστιν
644 4441 841 4505 ἔθνος,
880 4439 918 4507 ἢ
962 4440 1271 4504 βασιλεία.
1302 4440 1522 4513 Ἐπειδὴ
1561 4444 1589 4494 6
1630 4444 1850 4513 προφή-

1948 3240 2093 3289 tem:
2122 3231 2332 3286 inﬂatio
2364 3241 2544 3287 autem
2579 3231 2693 3295 illa,
2725 3232 2920 3286 animm
2941 3236 3278 3290 creationem
3315 3235 3381 3288 ah
3418 3237 3523 3289 ini-

1947 3322 2024 3376 tio
2053 3321 2272 3377 factam.
2310 3323 2579 3378 (Steterunt
2621 3338 2744 3376 cum
2810 3326 3073 3394 propheta
3121 3342 3292 3396 puero
3336 3325 3522 3381 inﬂas-

1948 3421 2052 3478 set,
2085 3429 2194 3469 non
2221 3416 2382 3469 aliam
2411 3416 2649 3469 animam
2670 3416 2954 3485 produxit,
2986 3418 3081 3472 sed
3119 3420 3288 3484 illam,
3316 3436 3434 3490 qua:
3456 3422 3525 3476 ab

1949 3521 2178 3578 corpore
2213 3518 2543 3569 recesserat,
2575 3508 2641 3560 ad
2676 3523 2880 3578 corpus
2908 3512 3205 3566 revocavit.

2539 3600 2693 3659 CAP.
2744 3603 2933 3660 XVIII.

2021 3693 2185 3750 Vens.
2220 3696 2271 3749 I.
2310 3695 2427 3759 Abi,
2458 3704 2507 3749 et
2536 3696 2748 3751 ostende
2782 3706 2827 3750 te
2860 3697 3319 3753 Acliabo.Amans
3349 3700 3530 3755 homi-

1951 3801 2081 3840 num
2130 3786 2272 3841 Deus
2314 3801 2436 3841 cum
2500 3786 2710 3842 videret
2758 3790 2941 3857 perire
2991 3805 3162 3859 genus
3201 3792 3525 3856 humanum,

1951 3894 2129 3949 neque
2175 3880 2496 3948 prophetam
2548 3880 2845 3949 implorare
2890 3882 3327 3937 misericordiam
3365 3884 3524 3948 velle,

1951 3987 2074 4027 cum
2111 3972 2361 4027 misereri
2436 3973 2553 4043 ipse
2608 3983 2855 4042 cuperet,
2900 3990 3076 4045 neque
3108 3985 3288 4031 tamen
3331 3986 3531 4047 praeter

1954 4065 2119 4120 animi
2175 4065 2500 4120 sententiam
2550 4066 2831 4121 decretum
2895 4077 3088 4122 contra
3134 4070 3280 4137 ipsos
3319 4071 3533 4124 solvere

1956 4152 2275 4214 sustineret,
2308 4156 2455 4206 venit
2500 4154 2711 4225 legatus
2743 4156 2809 4210 ad
2859 4173 3075 4211 servum
3128 4157 3395 4215 Dominus
3420 4201 3433 4225 ,
3465 4161 3531 4214 ad

1956 4244 2127 4299 lutum
2169 4242 2367 4315 opifex,
2408 4254 2461 4299 et
2496 4245 2745 4313 linguam
2795 4248 3008 4304 solvere
3057 4252 3377 4320 persuadet,
3410 4267 3533 4321 quae
3574 4270 3579 4275 ”

1954 4336 2181 4391 nubium
2206 4336 2424 4391 dolores
2455 4337 2754 4394 vinciebat.

2024 4428 2189 4485 Vens.
2238 4429 2326 4483 Il.
2379 4427 2438 4483 Si
2481 4440 2558 4484 est
2623 4448 2770 4502 gens,
2814 4444 2907 4487 aut
2955 4451 3189 4505 regnum.
3261 4438 3532 4502 Quoniam

260 4552 362 4603 της
387 4535 605 4604 εἰρήκει
640 4532 720 4603 τῷ
749 4531 955 4603 Ἀχαάϐ
982 4552 995 4564 ·
1029 4550 1048 4584 ι
1079 4534 1154 4605 Ζῇ
1193 4532 1395 4604 Κύριος
1419 4536 1445 4585 6
1473 4535 1604 4597 Θεός
1643 4552 1767 4603 μου,
1799 4539 1847 4588 εἱ

1956 4523 2211 4591 propheta
2240 4522 2453 4576 dixerat
2488 4522 2553 4576 ad
2589 4525 2775 4579 Achab
2815 4542 2827 4577 :
2869 4545 2887 4578 ι
2931 4526 3079 4581 Vivit
3104 4527 3369 4583 Dominus
3388 4531 3531 4585 Deus

262 4628 423 4680 [atat
447 4625 516 4677 τά
550 4624 646 4693 ἔτη
680 4624 853 4677 ταῦτα
886 4625 1061 4687 ὑετὸς,
1092 4627 1140 4677 sl
1175 4626 1248 4695 μὴ
1274 4625 1361 4677 διὰ
1395 4625 1555 4693 λόγου
1581 4626 1849 4695 στόματός

266 4733 427 4789 μου-ι
455 4716 637 4769 λαῦὼν
663 4717 762 4786 τῆς
789 4716 898 4770 τῶν
924 4716 1101 4785 λόγων
1136 4717 1395 4787 ἀληθείας
1450 4718 1549 4786 τὴν
1595 4719 1791 4789 πεῖραν
1825 4718 1855 4771 6

274 4809 511 4881 ’Λχαὰ6,
544 4810 863 4877 ἀναγκαίως
887 4809 1071 4879 ἐζήτει
1102 4809 1194 4862 τὸν
1225 4810 1469 4879 δήσαντα
1503 4800 1639 4879 πρὸς
1672 4811 1849 4877 λύσιν,

260 4901 299 4972 ἢ
334 4900 471 4971 πρὸς
496 4901 803 4972 ἀναίρεσιν,
840 4902 890 4954 εἰ
930 4901 1005 4972 μὴ
1037 4902 1266 4955 πίθοιτο.

336 5080 452 5135 Καὶ
483 5080 725 5148 Πνεῦμα
750 5080 972 5148 Kvpt'ov
1000 5079 1135 5147 ἀρεῖ
1159 5095 1251 5133 σε.
1290 5078 1507 5151 Ἀνδρὸς
1543 5078 1719 5133 ταῦτα
1755 5098 1854 5150 με-

259 5175 532 5239 λετῶντος
568 5175 637 5227 τὰ
673 5172 820 5237 θεῖα,
855 5172 952 5227 καὶ
986 5173 1079 5227 τοῦ
1109 5173 1252 5225 θείου
1277 5173 1596 5243 [Ix/stipato;
1623 5176 1852 5227 ἐπιστα-

264 5268 435 5338 μένου
469 5264 568 5337 τὴν
604 5265 860 5335 δύναμιν.

338 5358 468 5413 Ἐπ’
498 5358 861 5427 ἀμφοτέραις
891 5357 1020 5423 ταῖς
1046 5358 1298 5426 ἰγνύαις.
1332 5358 1441 5411 Καὶ
1467 5358 1558 5411 τὸν
1582 5358 1715 5412 Θεὸν
1746 5361 1853 5431 γὰρ

262 5449 663 5521 προσεκύνουν,
726 5450 823 5501 καὶ
866 5451 979 5512 τοῖς
1032 5448 1271 5512 εἰδώλοις
1323 5450 1642 5519 ὲλάτρευον.
1708 5452 1763 5505 ’0
1798 5453 1854 5505 δὲ

258 5543 419 5605 Θεὸς,
451 5542 638 5612 φησὶν,
694 5542 756 5593 οὐ
794 5540 1047 5612 βούλεται
1076 5543 1203 5605 τοὺς
1248 5541 1642 5613 ψευδωνύμους
1680 5547 1846 5614 τιμᾶο

261 5634 388 5687 σθαι
420 5632 599 5694 θεοὺς,
633 5632 757 5685 οὔτε
798 5635 953 5687 αὐτοὶ
990 5635 1082 5687 τὸν
1120 5633 1375 5705 ἀληθινὸν
1405 5636 1670 5704 τιμᾶσθαι
1698 5636 1851 5693 Θεὸν.

276 5724 475 5791 Ὑμεῖς
521 5723 576 5775 ’ὀὶ
610 5722 704 5776 καὶ
752 5722 923 5778 ταῦτα
973 5725 1199 5777 κάκεῖνα
1254 5723 1542 5789 ποιοῦντες
1583 5726 1853 5799 οὐδετέρῳ

189 5799 204 5808 ⁸
264 5816 572 5887 φυλάττετε
611 5816 818 5871 πίστιν.

1956 4630 2132 4677 meus,
2167 4614 2211 4669 si
2248 4615 2352 4668 erit
2380 4616 2539 4670 annis
2575 4617 2660 4671 his
2701 4618 2905 4687 pluvia,
2941 4620 3047 4673 nisi
3082 4636 3177 4690 per
3218 4637 3529 4677 sermonem

1954 4707 2068 4762 oris
2135 4709 2261 4762 mei.
2306 4727 2325 4760 ι
2371 4708 2437 4762 Ει
2484 4707 2673 4788 A_chab
2726 4711 2907 4780 reipsa
2980 4722 3237 4783 expertus
3299 4716 3536 4786 prephe-

1957 4811 2066 4853 tam
2099 4815 2286 4854 verum
2318 4801 2547 4864 dixisse,
2573 4802 2911 4858 necessitate
2950 4804 3221 4875 impulsus
3249 4809 3534 4876 quazrebat

1954 4891 2133 4954 illum,
2175 4892 2265 4963 qui
2318 4892 2517 4947 caelum
2553 4894 2927 4960 obstruxerat,
2957 4904 3013 4950 ut
3038 4898 3299 4965 solveret,
3328 4900 3412 4955 vel
3475 4910 3534 4955 ut

1956 4998 2079 5039 eum
2110 4984 2411 5049 occideret,
2448 4985 2554 5040 nisi
2584 4986 3013 5056 obtemperaret.

2027 5075 2196 5132 Vnus.
2242 5077 2327 5133 l2.
2356 5076 2593 5147 Spiritus
2624 5078 2837 5133 Domini
2884 5080 3017 5149 {cret
3066 5092 3132 5136 te.
3181 5081 3359 5139 Verba
3406 5095 3536 5140 sunt
3590 5128 3591 5131 η

1956 5170 2059 5225 viri
2106 5170 2425 5226 meditantis
2463 5171 2645 5225 divina
2678 5213 2693 5239 ,
2745 5181 2801 5226 ct
2850 5174 3079 5230 scienlis
3129 5177 3431 5245 petentiam
3481 5188 3536 5233 et

1956 5262 2210 5318 virtutem
2237 5262 2406 5317 divini
2435 5263 2695 5333 Spiritus.

2026 5354 2193 5411 Vens.
2230 5357 2321 5411 21.
2359 5356 2635 5428 Usquequo
2657 5359 3029 5415 claudicabilis
3061 5362 3115 5414 in
3151 5362 3405 5416 ambobus
3446 5378 3539 5430 pu-

1956 5448 2202 5517 plitibua?
2230 5448 2360 5502 Nam
2380 5459 2433 5503 et
2451 5450 2616 5503 Deum
2646 5452 2976 5517 adorabant,
3013 5462 3065 5507 et
3096 5454 3237 5508 idola
3259 5444 3534 5510 colebzmti

1956 5541 2103 5606 Deus
2135 5549 2315 5596 autem
2351 5558 2459 5596 non
2503 5545 2635 5604 vult,
2675 5543 2827 5611 dicit,
2885 5556 2943 5600 ut
2978 5544 3098 5601 falsi
3135 5546 3210 5600 dii
3264 5547 3536 5613 colantur,

1960 5650 2137 5704 neque
2169 5635 2248 5689 illi
2297 5638 2512 5701 volunt,
2554 5649 2611 5691 ut
2642 5655 2804 5694 verus
2840 5639 2983 5693 Deus
3011 5639 3245 5693 colatur.
3296 5638 3404 5694 Vos
3437 5654 3538 5693 au-

1957 5735 2066 5780 tem
2121 5736 2175 5782 et
2222 5726 2360 5792 haec,
2411 5737 2461 5783 et
2505 5730 2594 5783 illa
2625 5731 2913 5789 facienles.
2960 5747 3139 5802 neque
3173 5730 3323 5794 huic,
3362 5746 3541 5802 neque

1963 5820 2039 5874 illi
2076 5820 2306 5876 servatis
2331 5820 2509 5877 ﬁdem.
