4238 6458
690 386 824 456 11⁸71

2038 402 2391 461 PROCOPII
2428 403 2671 462 GALEI

3834 385 3977 453 1172

764 509 928 564 Vsus.
971 509 1062 563 23.
1098 510 1167 563 Et
1197 512 1394 581 eligam
1429 512 1530 565 sibi
1562 514 1692 581 ipsis
1726 530 1914 568 unum.
1940 515 2124 581 Quare
2153 532 2278 585 per-

2458 518 2565 570 Kal
2617 512 3086 577 ἐκλεξάσθωσαν
3148 504 3388 569 ἑαυτοῖς
3438 502 3546 556 τὸν
3598 500 3787 553 τόπον
3837 498 3967 550 ἕνα.

691 598 864 666 misit,
921 612 979 655 ut
1025 601 1343 656 sacerdotes
1374 601 1503 656 Baal
1541 605 1800 675 pinguem
1849 606 2038 660 bovem
2077 607 2280 676 delige-

692 699 847 755 rent,
889 701 943 745 et
966 693 1127 760 primi
1180 694 1515 749 sacrilicium
1564 694 1866 749 oll‘crrent?
1920 696 2277 751 Manifestum

690 794 775 836 est
821 786 999 848 illum,
1042 786 1135 853 qui
1186 802 1377 841 revera
1409 787 1553 841 Deus
1593 796 1699 851 est,
1731 789 1941 842 nullius
1967 789 2162 844 horum
2197 791 2282 844 iu-

693 878 897 946 .ligere.
936 876 1013 929 llli
1050 889 1231 931 autem
1260 879 1466 933 dicturi
1496 890 1653 933 erant
1690 881 1818 935 Baal
1858 898 1968 937 non
1997 886 2282 953 accepisse

695 968 1056 1032 sacriﬁcium,
1102 979 1391 1037 propterea
1427 972 1575 1040 quod
1607 987 1749 1040 aegre
1776 974 1985 1038 tulerit,
2018 991 2078 1031 se
2120 976 2280 1030 alteri

696 1076 804 1113 non
867 1065 1153 1129 praelatum
1191 1062 1381 1117 fuisse.

768 1152 932 1206 Vens.
965 1153 1053 1206 5‘2.
1088 1152 1157 1205 Et
1174 1156 1462 1223 wdiﬁcarit
1486 1156 1681 1209 altare.
1710 1156 2025 1222 Quomodo,
2047 1174 2171 1213 cum
2197 1159 2282 1213 lex

698 1245 979 1313 praecipiat
1008 1254 1089 1323 ~ut
1138 1248 1303 1299 unico
1352 1248 1404 1299 in
1476 1250 1599 1301 loco
1637 1249 1912 1304 sacrilicia
1959 1250 2281 1313 oﬂ'erantur,

698 1334 846 1390 lilias
888 1337 940 1389 in
982 1338 1234 1393 Carmelo
1254 1340 1429 1393 altare
1456 1343 1781 1393 exstruxit?
1819 1364 1835 1392 ι
1876 1342 2031 1395 Justo
2061 1345 2142 1395 lex
2173 1358 2282 1396 non

695 1439 779 1482 est
814 1430 1015 1496 posita,
1042 1430 1201 1497 juxta
1243 1431 1428 1484 divum
1463 1435 1787 1501 Apostolum
1818 1435 1883 1495 “,
1943 1437 2037 1488 sed
2078 1436 2283 1504 iniquis

696 1529 749 1572 ct
793 1522 1187 1592 immorigeris.
1232 1544 1249 1574 ι
1294 1523 1499 1590 Quales
1547 1525 1828 1581 lsraelitas
1876 1543 2000 1583 esse
2032 1530 2282 1598 contigit.

697 1616 790 1680 qui
825 1615 1030 1684 ubique
1054 1618 1426 1671 sacriﬁcaturi
1448 1628 1627 1684 erant,
1653 1621 1698 1672 si
1719 1620 2101 1688 impunitatem
2157 1622 2286 1675 ade-

698 1706 773 1773 pti
818 1705 1056 1761 fuissent
1082 1717 1169 1771 ,et
1202 1709 1370 1762 etiam
1409 1710 1688 1763 dlBlllOIICS
1738 1712 1964 1764 culturi.
2011 1710 2287 1779 Propheta

699 1808 881 1851 autem
924 1799 1427 1855 rulensostendete
1463 1817 1571 1855 non
1597 1804 1776 1857 solum
1812 1804 1900 1856 Dei
1926 1805 2179 1857 virtutem
2229 1815 2283 1859 et

2390 608 2547 670 Τίνος
2576 608 2741 659 ’ἑνεκα
2769 607 2882 667 τοῖς
2921 602 3126 672 ἱερεῦσι
3176 598 3267 651 τοῦ
3301 595 3449 648 Βαὰλ
3495 593 3587 645 τὸν
3630 590 3792 643 πίονα
3844 587 3974 658 βοῦν

2390 697 2717 761 ἐκλέξασθαι
2768 695 2864 749 καὶ
2901 692 3140 763 πρώτοις
3169 687 3481 741 ἐπιτελέσαι
3516 683 3613 752 τὴν
3648 680 3841 763 θυσίαν
3876 682 3975 731 ὲπ-

2391 789 2653 856 έτρεψενς
2678 789 2747 839 Ἦ
2768 786 2925 855 δῆλον
2946 761 3027 844 »ὡς
3056 784 3083 834 ὁ
3112 780 3212 851 μὲν
3247 779 3417 838 ὅντως
3436 774 3571 836 Θεὸς
3604 761 3819 833 οὐδενος
3847 770 3975 823 τού-

2390 898 2499 933 των
2533 881 2684 931 ἐστὶν
2718 879 2922 945 ἐνδεής.
2961 877 3023 927 υἱ
3071 873 3128 925 δὲ
3182 870 3365 936 λέγειν
3404 866 3665 937 ἤμελλον,
3702 864 3778 925 ὡς
3812 863 3976 931 χαλεο

2391 972 2602 1024 παίνων
2624 973 2650 1023 ό
2675 970 2845 1034 Βαὰλ,
2870 968 2944 1030 ὡς
2978 966 3051 1037 μὴ
3078 959 3465 1034 προτιμηθεὶς,
3490 958 3591 1010 οὐκ
3622 956 3843 1021 ἐδέξατο
3876 954 3978 1023 τὴν

2393 1062 2610 1115 θυσίαν.

2462 1154 2573 1207 Καὶ
2604 1152 2957 1220 ᾠκοδόμησε
2986 1149 3127 1213 τοὺς
3151 1149 3383 1213 λίθους.
3410 1144 3519 1198 Καὶ
3548 1141 3666 1204 πῶς
3687 1139 3781 1193 τοῦ
3810 1139 3977 1207 νόμου

2391 1244 2809 1314 διαγορεύοντος
2857 1242 2913 1292 ὲν
2950 1241 3030 1292 ἐνὶ
3064 1241 3255 1309 τρόπῳ
3288 1236 3600 1305 λατρεύειν,
3637 1236 3664 1285 ὁ
3700 1230 3887 1291 Ἠλίας
3919 1231 3979 1280 ἐν

2392 1336 2467 1406 τῷ
2503 1335 2787 1405 Καρμήλῳ
2844 1333 3236 1403 θυσιαστήριον
3286 1332 3651 1401 ιξ›κοδόμησε;
3714 1345 3732 1376 ι
3772 1324 3981 1392 Δικαίῳ

2393 1435 2557 1505 νόμος
2591 1434 2650 1486 οὐ
2695 1436 2896 1497 κεῖται,
2936 1432 3077 1483 κατὰ
3116 1431 3206 1483 τὸν
3270 1429 3413 1481 θεῖον
3452 1425 3805 1481 Ἀπόστολον.
3852 1421 3984 1474 ἀνό-

2396 1544 2518 1597 μοις
2555 1525 2611 1577 δὲ
2666 1524 2761 1576 καὶ
2788 1523 3209 1582 ἀνυποτάκτοις.
3255 1538 3271 1570 ι
3310 1518 3472 1579 Οἵους
3509 1510 3650 1567 εἶναι
3693 1511 3981 1564 συνέϐαινε

2392 1618 2518 1678 τοὺς
2551 1615 2609 1679 ἐξ
2639 1614 2877 1685 Ἰσραήλ.
2913 1616 3020 1666 Καὶ
3045 1611 3139 1664 τοῦ
3172 1609 3451 1679 πανταχοῦ
3485 1606 3633 1659 θύειν
3666 1605 3822 1673 εἴπερ
3854 1602 3983 1653 ἔλα-

2395 1707 2488 1757 ϐον
2516 1706 2719 1765 ἄδειαν,
2754 1702 2993 1772 ἤμελλον
3041 1700 3327 1770 λατρεύειν
3372 1698 3466 1749 καὶ
3506 1695 3780 1763 δαίμοσιν.
3834 1693 3892 1743 ’0
3922 1690 3983 1741 δὲ

2395 1806 2681 1868 προφήτης
2724 1795 3047 1866 βουλόμενος
3078 1792 3249 1857 δεῖξαι
3286 1790 3380 1842 καὶ
3410 1788 3504 1842 τοῦ
3545 1786 3682 1838 Θεοῦ
3723 1784 3784 1835 τὸ
3813 1784 3985 1834 δυνα-

698 1889 1026 1955 potentiam,
1080 1892 1172 1945 sed
1223 1892 1385 1946 etiam
1440 1892 1753 1946 diemmiqu
1828 1893 2282 1955 imbecillitatem,

2405 1889 2503 1951 τὸν,
2533 1887 2624 1939 καὶ
2655 1885 2763 1938 τῶν
2816 1883 3091 1952 δαιμόνων
3145 1882 3205 1932 τὸ
3237 1879 3484 1941 ἀσθενὲς,
3538 1875 3731 1943 ἐπειδὴ
3786 1874 3983 1944 διῃρηο

698 1996 859 2039 ιιιιιι,
906 1979 1086 2035 diviso
1138 1998 1326 2051 regno,
1362 1983 1509 2045 illos,
1550 1984 1643 2052 qui
1692 1992 1990 2052 prmsentes
2034 1993 2192 2038 erant
2232 1986 2288 2039 in

700 2071 964 2139 telnplum
997 2071 1563 2143 llierosolymitanum
1603 2076 1874 2130 deducere
1920 2092 2028 2130 non
2089 2078 2287 2145 potuit,

699 2179 729 2212 ιι
756 2162 1031 2216 cessitate
1055 2163 1308 2230 adactus,
1338 2165 1485 2217 venit
1517 2165 1570 2217 in
1607 2164 1954 2231 Carmelum;
1993 2166 2064 2221 ibi
2101 2168 2289 2237 plures

698 2254 1112 2322 disputationes
1140 2256 1401 2311 habebat.

772 2343 939 2399 Vens.
998 2345 1089 2399 5‘2.
1138 2345 1287 2400 Fecit
1337 2347 1565 2402 Tliaala.
1616 2345 1912 2419 Iosephus,
1965 2350 2285 2423 δεξαμενήν,

697 2438 969 2491 canalem.

770 2530 936 2585 Vens.
980 2530 1069 2586 54.
1104 2530 1281 2586 Tertio
1321 2534 1399 2587 sic
1431 2533 1616 2602 facile.
1662 2532 1867 2588 lterum
1909 2534 2152 2590 ostendit
2192 2550 2291 2589 nu-

700 2639 911 2678 merum
946 2625 1243 2680 adoranda:
1279 2625 1598 2680 Trinitatis.

773 2718 940 2774 Vens.
988 2719 1076 2775 38.
1119 2718 1187 2773 Et
1239 2720 1469 2788 lapides,
1513 2730 1561 2773 et
1601 2722 1867 2789 pulverem
1899 2721 2086 2775 elina'it
2130 2721 2288 2790 ignis.

698 2810 774 2865 Ne
806 2813 982 2866 altare
1024 2811 1121 2866 Dci
1158 2811 1433 2867 dedecore
1468 2812 1803 2877 allicerelur,
1851 2828 1976 2866 cum
2010 2812 2160 2883 impii
2201 2827 2293 2866 sa-

698 2904 908 2959 criﬁcia
940 2905 1285 2960 (lannonibus
1313 2904 1600 2960 olivi-rent.

1334 3084 1488 3139 CAP.
1521 3084 1667 3138 XIX.

770 3178 935 3231 \‘Ens.
977 3178 1029 3234 3.
1070 3182 1135 3232 Et
1167 3179 1344 3231 timuit
1381 3172 1555 3231 Elius.
1598 3176 1887 3243 Quomodo
1917 3193 2043 3231 cum
2076 3187 2287 3233 tantam
2320 3212 2364 3269 ο

700 3274 930 3327 haberet
969 3273 1269 3342 potentiam
1309 3280 1361 3325 et
1410 3274 1671 3325 virtutem
1700 3272 1722 3323 ’ἔ
1767 3272 1904 3338 Quia
1960 3289 2067 3326 non
2114 3273 2291 3326 solum

702 3369 970 3436 propheta
1026 3378 1171 3431 erat,
1230 3366 1325 3421 sed
1378 3367 1542 3421 etiam
1581 3366 1763 3418 homo.
1809 3364 2083 3419 Prmterea
2118 3373 2296 3418 metus

702 3462 790 3514 hie
817 3460 1019 3513 divina:
1055 3458 1494 3527 dispensationis
1538 3456 1662 3509 luit.
1707 3456 1924 3508 litenim
1958 3470 2025 3509 ne
2057 3465 2164 3507 tam
2194 3453 2297 3508 mi-

702 3552 943 3607 raculosi
988 3551 1175 3620 operis
1210 3550 1542 3617 magnitudo
1584 3564 1708 3601 eum
1745 3546 2075 3602 insolentem
2105 3544 2299 3600 redde-

702 3656 808 3707 ret,
842 3644 1018 3713 gratia
1057 3642 1150 3695 Dei
1192 3652 1397 3695 metum
1426 3641 1474 3695 ci
1512 3640 1732 3702 indidit,
1773 3646 1831 3691 ut
1865 3652 2022 3693 suam
2045 3636 2295 3691 imbecil-

700 3737 907 3790 litatem
941 3741 1334 3803 cognosceret.

770 3828 941 3882 Vens.
987 3829 1067 3881 ll.
1098 3824 1233 3879 Ecce
1262 3825 1520 3878 Dominus
1576 3822 1849 3876 transibit.
1891 3819 2091 3874 Docuit
2118 3818 2297 3873 Eliam

700 3920 1133 3975 mansuetudine
1184 3927 1239 3972 et
1313 3917 1736 3987 longanimitate
1797 3914 1959 3986 537
2003 3913 2294 3977 excellere,

700 4029 747 4070 ct
780 4014 1035 4086 probavit
1059 4028 1234 4083 genus
1278 4012 1588 4066 hominum.
1631 4010 1785 4073 Item,
1821 4008 1969 4078 quod
2002 4006 2165 4061 facile
2192 4005 2298 4061 sibi

699 4111 771 4162 sit
813 4118 868 4163 et
916 4106 1153 4161 fulmina
1206 4104 1545 4169 demittere,
1594 4110 1649 4157 et
1699 4112 1905 4156 terram
1956 4109 2297 4164 concutere,

699 4214 939 4267 eamque
1000 4197 1189 4266 impiis
1229 4202 1461 4265 repente
1509 4192 1832 4263 sepulcrum
1880 4189 2197 4255 ostendere,
2246 4196 2301 4245 et

701 4292 999 4361 spirituum
1019 4290 1071 4343 vi
1103 4288 1292 4343 omnia
1331 4285 1583 4357 perdere.
1607 4284 1714 4340 Sed
1739 4282 2134 4354 longanimitas
2164 4282 2300 4337 mihi

703 4389 903 4455 placet,
936 4385 1140 4454 inquit.
1184 4381 1651 4451 Unumquemque
1684 4392 1818 4432 vero
1855 4377 2095 4432 aliorum
2116 4376 2299 4431 homi-

702 4497 833 4533 num
868 4480 1073 4533 malitia
1110 4477 1296 4530 trahit.
1332 4473 1490 4542 Quod
1525 4488 1656 4527 vero
1682 4471 1829 4525 Deus
1866 4472 2072 4526 veteris
2099 4470 2300 4524 Testa-

2396 1980 2562 2048 μένης
2591 1976 2689 2046 τῆς
2722 1974 3001 2045 βασιλείας
3028 1974 3124 2041 οὐχ
3155 1965 3269 2034 οἷός
3301 1987 3358 2022 τε
3390 1966 3458 2039 ἦν
3487 1967 3641 2035 ἄγειν
3669 1968 3793 2027 τοὺς
3838 1980 3985 2034 παρ·

2392 2073 2552 2131 όντας
2604 2071 2683 2129 εἰς
2736 2069 2827 2118 τὸν
2878 2068 2935 2117 ἐν
2977 2062 3376 2134 Ἰεροσολύμοις
3434 2060 3607 2121 νεὼν,
3661 2056 3986 2125 ἀναγκαίως

2392 2163 2557 2234 ἦλθεν
2595 2162 2689 2214 ἐπὶ
2725 2160 2816 2211 τὸν
2844 2154 3167 2226 Κάρμηλον,
3191 2153 3321 2207 ἔνθα
3343 2153 3443 2216 τὰς
3463 2152 3719 2214 πλείονας
3747 2152 3987 2204 ἐποιεῖτο

2393 2255 2704 2325 διατριϐάς.

2465 2348 2754 2419 Ἐποίησε
2789 2344 3014 2401 Θααλιὶ.
3046 2342 3379 2414 ’ἰώσηππος,
3407 2335 3765 2407 δεξαμενήν.

2473 2530 2904 2600 Τρισσεύσατε.
2953 2526 3067 2595 Τῆς
3100 2521 3490 2596 προσκυντμῆς
3536 2517 3768 2589 Τριάδος
3822 2513 3990 2569 πάλιν

2395 2624 2656 2694 ἐμφαίνει
2690 2622 2780 2675 τὸν
2806 2619 3063 2690 ἀριθμόν.

2461 2716 2572 2771 Kal
2601 2715 2745 2781 τοὺς
2771 2715 3007 2778 λίθους,
3031 2711 3129 2765 καὶ
3154 2710 3265 2763 τὸν
3292 2707 3449 2777 χοῦν
3473 2704 3741 2771 ἐξέλειξε
3764 2703 3987 2771 τὸπῦρ.

2398 2812 2563 2863 Ὥστε
2598 2809 2673 2878 μὴ
2704 2804 3144 2874 καθυϐρισθῆναι
3175 2802 3238 2854 τὸ
3269 2800 3411 2853 θεῖον
3437 2797 3848 2867 θυσιαστήριον,
3879 2794 3994 2845 τῶν

2392 2900 2677 2956 δυσσεϐὦν
2724 2899 2952 2951 ἐκείνων
3004 2892 3430 2966 προσφερόντων
3473 2889 3666 2951 θυσίας
3710 2889 3824 2951 τοῖς
3858 2886 3995 2939 δαί-

2401 3011 2580 3066 μοσιν.

2989 3080 3246 3134 ΚΕΦΛΛ.
3287 3079 3389 3133 ῙΘ’.

2472 3180 2581 3234 Καὶ
2612 3175 2879 3246 ἐφοϐήθη
2922 3175 3145 3238 Ἠλίας.
3182 3170 3292 3223 Καὶ
3348 3168 3489 3235 πῶς,
3540 3166 3813 3235 τοσαύτην
3851 3162 3999 3232 ἔχων

2396 3272 2496 3343 τὴν
2546 3270 2815 3339 δύναμιν;
2860 3267 2986 3319 Ὀτι
3047 3266 3108 3317 ού
3136 3266 3296 3335 μόνον
3325 3264 3654 3335 προφήτης,
3705 3258 3843 3313 ἀλλά
3893 3257 4002 3310 καὶ

2399 3366 2686 3437 ἄνθρωπος
2725 3359 2815 3433 ἦν.
2854 3360 3065 3422 Ἄλλως
3104 3375 3163 3411 τε
3200 3359 3297 3411 καὶ
3343 3358 3446 3425 τῆς
3483 3354 3636 3417 θείας
3673 3347 3741 3422 ἦν
3780 3352 4003 3403 οἰκονο-

2402 3461 2532 3530 μίας
2578 3459 2640 3510 τὸ
2691 3458 2828 3519 δέος.
2865 3452 3140 3522 Ἵνα’γάρ
3190 3452 3265 3522 μὴ
3313 3451 3411 3519 τῆς
3451 3444 3908 3518 θαυματουργίας
3938 3444 4003 3496 τὸ

2403 3550 2641 3623 μέγεθος
2677 3546 2865 3619 ἐπάρῃ
2898 3546 2957 3599 τὸ
2983 3546 3262 3615 φρόνημα,
3308 3542 3606 3597 ὲνδέδωκεν
3658 3541 3691 3608 ἠ
3736 3538 3900 3607 χάρις
3930 3537 4003 3605 τῇ

2400 3645 2563 3714 φύσει
2605 3642 2705 3713 τὴν
2753 3639 2959 3693 δειλίαν
3014 3636 3385 3702 εἰσδέξασθαι,
3413 3635 3488 3697 ὡς
3518 3633 3585 3686 ἂν
3635 3628 3845 3698 ἐπιγνῷ
3894 3628 4004 3698 τὴν

2400 3737 2611 3791 οἰκείαν
2644 3734 2957 3789 ἀσθένειαν.

2476 3828 2635 3883 Ἰδοὺ
2665 3827 2879 3895 Κύριος
2910 3822 3373 3893 παρελεύσεται.
3392 3814 3631 3881 Ἐδίδαξε
3663 3815 3753 3868 τὸν
3779 3814 3999 3880 Ἠλίαν,

2402 3921 2477 3984 ὡς
2504 3920 2811 3990 ὴμερότητι
2849 3916 2942 3969 καὶ
2977 3912 3336 3986 μακροθυμίᾳ
3401 3906 3767 3978 πρυτανεύειν
3818 3904 4004 3957 ὲδοκίο

2406 4029 2549 4084 μασε
2590 4010 2700 4063 τῶν
2747 4008 3055 4080 ἀνθρώπων
3103 4006 3164 4058 τὸ
3209 4004 3391 4073 γένος.
3445 4001 3553 4054 Καὶ
3594 4001 3677 4053 ὅτι
3716 3998 3900 4069 ῥᾴδιον
3933 3992 4009 4066 ἦν

2403 4103 2576 4174 αύτῷ,
2605 4103 2703 4158 καὶ
2737 4096 3037 4172 κεραυνοὺς
3076 4096 3414 4167 ἐπιπέμψαι,
3450 4095 3546 4147 καὶ
3593 4091 3859 4160 κλονῆσαι
3900 4089 4009 4154 τὴν

2402 4194 2531 4264 γῆν,
2591 4193 2684 4246 καὶ
2737 4194 2849 4254 τοῖς
2914 4187 3173 4242 ἀσεϐέσιν
3229 4183 3512 4249 ἀποδεῖξαι
3573 4183 3747 4249 τάφον
3831 4176 4010 4246 αὐτὴν

2404 4287 2790 4358 αὐτοσχέδιον,
2870 4283 2965 4338 καὶ
3034 4281 3126 4353 βίᾳ.
3189 4277 3528 4348 πνευμάτων
3597 4273 3869 4327 ἀπολέσαι
3944 4272 4011 4322 τὸ

2408 4382 2536 4434 πᾶν.
2626 4378 2769 4432 Ἀλλ’
2848 4377 2882 4445 ἡ
2966 4370 3325 4444 μακροθυμία
3411 4384 3504 4438 μοι
3592 4366 3747 4434 φίλη,
3813 4362 4011 4433 φησίν.

2407 4474 2683 4527 Ἕκαστον
2740 4469 2797 4523 δὲ
2820 4467 2927 4521 τῶν
2959 4465 3135 4521 ἄλλων
3182 4466 3213 4534 ἡ
3250 4461 3491 4532 πονηρία
3544 4457 3656 4511 τῶν
3697 4455 4018 4525 ἀνθρώπων

708 4573 881 4628 menti
927 4587 1032 4625 non
1086 4570 1158 4626 sit
1195 4569 1363 4639 ignis,
1396 4566 1543 4621 Elias
1576 4567 1826 4629 docetur,
1870 4571 1927 4619 et
1967 4578 2065 4633 per
2116 4562 2297 4632 ipsum

2406 4565 2718 4634 ἐφέλκεται.
2757 4562 2881 4615 Ὀτι
2941 4558 2998 4613 δὲ
3060 4557 3119 4611 οὐ
3181 4554 3295 4626 πῦρ
3331 4555 3359 4607 ὁ
3400 4553 3501 4624 τῆς
3536 4551 3785 4613 Παλαιᾶς
3836 4547 4015 4615 Θεὸς,

708 4683 809 4722 nos
855 4680 1074 4728 omnes,
1127 4662 1225 4718 sed
1277 4676 1458 4731 neque
1501 4674 1640 4714 aura
1681 4658 1889 4713 tenuis.
1924 4655 2029 4711 Per
2084 4665 2305 4711 tenuem

705 4773 834 4813 vero
868 4773 1060 4828 auram
1091 4756 1300 4811 dicitur
1325 4751 1543 4807 adesse.
1572 4749 1711 4805 Cum
1740 4750 1885 4804 enim
1915 4748 1970 4802 in
2004 4747 2309 4818 caliginosa

708 4854 861 4907 nube
911 4860 966 4906 et
1032 4852 1159 4921 igne
1210 4848 1338 4903 liliis
1393 4845 1567 4901 lsrael
1618 4841 1967 4914 apparuerit,
2016 4841 2309 4896 inveniens

706 4947 881 5000 tiliam
928 4944 1324 5001 sublimiorum
1365 4954 1659 5010 capacem,
1694 4952 1817 4993 eum
1846 4937 1899 4989 in
1928 4934 2185 4990 notitiam
2221 4934 2308 4988 in-

702 5040 963 5111 corporei
1002 5037 1291 5102 subduxit,
1334 5053 1363 5090 a
1406 5042 1748 5099 terraamotu,
1803 5046 1835 5085 a
1888 5030 2114 5101 spiritu,
2149 5037 2205 5085 et
2245 5028 2312 5083 ab

704 5135 830 5202 igne
867 5133 936 5187 ad
991 5141 1215 5187 tenuem
1252 5146 1473 5185 auram.
1535 5128 1591 5182 ld
1646 5126 1795 5198 quod
1851 5123 2013 5180 aliine
2058 5135 2142 5181 est
2193 5126 2314 5179 voci

705 5226 1022 5283 Senatoris
1058 5244 1070 5280 :
1104 5244 1121 5277 ι
1170 5223 1319 5280 Deus
1352 5223 1589 5293 spiritus
1621 5230 1707 5278 est
1730 5221 1803 5277 ⁸³,
1853 5239 1873 5273 ι

775 5405 947 5462 Vens.
985 5405 1071 5461 l9.
1107 5404 1305 5475 lnjccit
1345 5404 1576 5471 pallium
1626 5418 1784 5457 suum
1816 5415 1975 5472 super
2020 5419 2161 5458 cum.
2193 5402 2309 5457 Cur

701 5498 1029 5563 Asabelem,
1069 5496 1233 5561 .lclm,
1266 5506 1322 5553 et
1354 5495 1616 5551 Elisaeum
1646 5495 1844 5565 jussus
1874 5511 2081 5568 ungere
2120 5497 2302 5552 solum

704 5594 1032 5663 prophetam
1070 5592 1275 5645 unxit?
1306 5589 1498 5645 Gratia
1537 5590 1707 5661 igitur
1740 5590 2039 5661 spirituali,
2081 5607 2190 5662 qua
2217 5592 2303 5662 ip-

704 5702 827 5745 sum
860 5686 1041 5750 unxit,
1073 5699 1353 5756 quamque
1377 5683 1433 5739 in
1465 5683 1647 5754 ipsum
1679 5683 1937 5751 contulit,
1978 5684 2115 5741 alios
2138 5686 2304 5743 etiam

777 5866 820 5902 'd
858 5864 877 5923 Ξ
909 5864 1052 5922 Tim.
1087 5882 1119 5927 ι,
1152 5863 1201 5919 9.
1288 5865 1329 5895 ³³
1363 5862 1521 5919 Joan.
1570 5861 1739 5928 H321

2420 4657 2606 4721 Ἠλίας
2637 4656 2976 4718 διδάσκεται,
3003 4650 3100 4705 καὶ
3128 4649 3197 4703 δι’
3229 4646 3398 4701 αὐτοῦ
3428 4646 3634 4707 πάντες
3653 4644 3841 4715 ἡμεῖς.
3866 4643 4019 4695 Ἀλλ’

2407 4749 2533 4803 οὐδὲ
2584 4747 2730 4819 αὖρα
2778 4746 2980 4815 λεπτή.
3035 4744 3113 4796 Δι’
3144 4739 3322 4813 αὔρας
3375 4738 3432 4791 δὲ
3489 4736 3709 4807 λέγεται
3746 4736 4018 4804 παρεῖναι

2410 4843 2637 4913 λεπτῆς.
2685 4839 2845 4893 Ἐπεὶ
2878 4839 2987 4908 γὰρ
3035 4837 3095 4889 ὲν
3152 4835 3341 4904 γνόφῳ
3383 4832 3477 4885 καὶ
3539 4829 3673 4899 πυρὶ
3724 4829 3841 4890 τοῖς
3874 4828 4019 4891 υἱοῖς

2425 4933 2645 5006 Ἰσραὴλ
2666 4932 2941 5002 ἐπεφάνη,
2969 4930 3060 4983 τὸν
3103 4928 3294 4982 Ἠλίαν
3322 4924 3503 4995 εὑρὼν
3522 4922 3631 4976 τῶν
3654 4920 4018 4992 ὑψηλοτέρων

2421 5026 2748 5098 χωρητικὸν,
2783 5024 2878 5077 ἐπὶ
2914 5023 3014 5093 τὴν
3046 5019 3143 5074 τοῦ
3167 5017 3466 5089 ἀσωμάτου
3506 5013 3700 5068 τοῦτον
3728 5013 4019 5084 ἀνήγαγεν

2421 5120 2653 5184 ἔννοιαν,
2684 5115 2794 5170 ἀπὸ
2827 5112 3077 5185 σεισμοῦ,
3114 5101 3211 5165 καὶ
3226 5108 3566 5179 πνεύματος,
3594 5105 3688 5159 καὶ
3711 5104 3892 5173 πυρὸς
3922 5104 4021 5155 ἐπὶ

2419 5210 2624 5281 λεπτὴν
2656 5207 2851 5281 αὔραν.
2881 5208 3061 5278 Ὅπερ
3091 5206 3261 5274 ἐγγὺς
3295 5201 3361 5257 ἂν
3386 5200 3473 5272 είη
3500 5196 3603 5267 τῆς
3627 5196 3724 5251 τοῦ
3754 5197 4021 5267 Σωτῆρος

2421 5302 2613 5373 φωνῆς
2646 5301 2767 5370 τῆς,
2795 5317 2812 5350 ι
2836 5296 2980 5353 Πνεῦ
2999 5314 3075 5369 μα
3113 5297 3141 5349 ὁ
3173 5293 3361 5356 Θεός.»

2489 5394 2600 5450 Kal
2644 5394 2893 5464 ἕρῤιψεν
2935 5390 3029 5445 ἐπ’
3063 5386 3253 5443 αὐτὸν
3298 5384 3415 5453 τὴν
3460 5380 3760 5455 μηλωτὴν
3798 5382 4017 5437 αὐτοῦ.

2415 5491 2480 5545 Τί
2507 5492 2711 5562 δήποτε
2745 5489 2838 5542 τὸν
2864 5484 3088 5557 Ἀζαὴλ,
3110 5484 3201 5538 καὶ
3226 5482 3319 5535 τὸν
3349 5479 3518 5550 Ἰηοῦ,
3580 5477 3678 5532 καὶ
3706 5476 3799 5531 τὸν
3847 5476 4025 5530 Ἐλισ-

2416 5590 2571 5641 σαῖον
2602 5584 2791 5658 χρίσαι
2847 5578 3239 5652 προσταχθεὶς,
3301 5574 3465 5647 μόνον
3508 5573 3696 5645 ἔχρισε
3750 5572 3846 5625 τὸν
3882 5589 4022 5639 προ-

2420 5682 2631 5753 φήτην;
2726 5680 2906 5732 τοίνυν
2933 5676 3152 5747 ἔχρισεν
3180 5671 3366 5738 αὐτὸν,
3388 5667 3608 5739 καὶτῆς
3629 5666 4022 5738 πνευματικῆς
