4238 6458
265 374 405 448 1173

1218 378 1747 439 COMMENTARII
1817 377 1897 436 IN
1931 379 2081 439 LIB.
2127 381 2219 440 III
2249 384 2537 447 REGUM.

3374 382 3505 453 11⁸74

257 496 409 562 αὐτῷ
434 492 706 563 μετέδωκε
732 491 955 560 χάριτος
982 490 1154 562 ταύτῃ
1181 490 1276 541 καὶ
1307 489 1434 549 τοὺς
1470 488 1660 548 ἄλλους
1690 486 1839 557 ἔχρι-

1972 492 2124 543 luxit.
2150 490 2530 561 Propheticam
2554 495 2699 549 enim
2723 496 2794 550 ab
2819 497 2939 566 ipso
2965 497 3198 567 gratiam
3232 502 3508 571 accipiens

258 602 340 638 σε.
372 584 485 653 Τὴν
514 580 864 651 προφητικὴν
904 580 1012 648 γὰρ
1055 578 1184 646 παρ’
1215 576 1381 629 αὑτοῦ
1422 576 1711 645 δεξάμενος
1738 575 1835 644 χά-

260 694 365 746 ριν,
401 674 781 742 προσήνεγκεν
814 670 1045 732 ἐκείνοις
1077 671 1137 721 τὸ
1168 669 1395 739 χρίσμα,
1424 668 1519 721 καὶ
1552 667 1651 737 τῆς
1688 667 1839 737 βασι-

256 766 415 836 λικῆς
451 766 634 827 αὐτοῖς
674 762 951 829 μετέδωκε
988 762 1231 831 χάριτος.

861 849 1103 903 ΚΕΦᾹΛ.
1146 846 1237 901 K'.

328 945 645 1012 Εὺλόγησε
666 943 961 997 Ναϐουθαί
995 941 1161 993 Θεόν.
1190 939 1465 1009 Εὖφὴμως
1514 933 1665 991 εἶπεν
1720 938 1841 991 ἀντὶ

255 1038 386 1102 τοῦ,
448 1035 957 1103 ὲὸαασφήμησεν.
1009 1033 1120 1100 Τὴν
1171 1033 1227 1084 δὲ
1278 1031 1535 1102 νηστείαν
1583 1031 1839 1099 γενέσθαι

257 1128 620 1199 προσέταξεν,
658 1126 799 1178 ὥστε
850 1125 1025 1193 ταύτῃ
1068 1124 1238 1188 δεῖξαι
1289 1124 1384 1176 τοῦ
1432 1123 1594 1193 φόνου
1648 1122 1710 1174 τδ
1763 1121 1843 1174 δί-

256 1236 437 1272 καιον.
498 1217 606 1269 Καὶ
667 1215 756 1268 διὰ
812 1215 1002 1267 τούτου
1061 1216 1150 1266 καὶ
1212 1214 1311 1281 τῆς
1356 1213 1617 1282 συνήθους
1678 1212 1841 1264 αὐτὸν

257 1310 548 1361 ἐκέλευσεν
602 1308 902 1375 ἀξιωθῆναι
948 1308 1141 1376 τιμῆς,
1200 1309 1295 1359 καὶ
1351 1307 1703 1376 προεδρεύειν
1733 1307 1841 1358 τῶν

254 1401 456 1457 ἄλλων,
489 1394 590 1450 εἷθ’
621 1397 766 1450 οὕτω
796 1399 895 1467 τὴν
943 1398 1166 1466 γραφὴν
1199 1397 1525 1466 ὑποστῆναι.

329 1489 611 1556 Διέρῤηξε
642 1491 714 1542 τὰ
743 1490 939 1557 uidua
975 1484 1185 1543 αὐτοῦ.
1228 1487 1444 1556 Κοῦφος
1488 1487 1563 1541 ὢν
1609 1487 1839 1558 ’Δχαὰ6,

259 1582 461 1652 ῥᾳδίως
512 1582 601 1633 ἀεὶ
648 1582 1049 1651 μετετρέπετο’
1103 1580 1225 1633 ὅθεν
1284 1580 1446 1633 αὑτὸν
1495 1580 1733 1645 Ἰεζάϐελ
1764 1583 1842 1645 είς

254 1672 419 1725 τοῦτο
442 1673 777 1741 κατέστησεν
807 1672 1084 1732 ἀσεϐείας.
1117 1672 1348 1743 Δι’ὃπερ
1378 1674 1411 1742 ἡ
1445 1674 1654 1743 ίστορία
1678 1690 1690 1702 ο
1734 1676 1845 1725 Δω-

261 1766 415 1841 ρεᾲν,
437 1766 623 1830 φησὶν,
648 1764 862 1833 ἐπράθη
889 1764 1115 1832 Ἀγαὰϐ,
1139 1764 1231 1817 τοῦ
1272 1763 1495 1833 ποιῆσαι
1515 1766 1573 1818 τὺ
1608 1767 1844 1835 πονηρὸν

1938 581 2121 635 attulit
2156 583 2262 638 illis
2293 588 2636 652 unctionem,
2664 594 2717 641 et
2744 589 3004 658 gratiam,
3030 606 3151 660 qua:
3178 593 3234 647 in
3263 609 3388 664 rege
3422 611 3508 650 re-

1939 672 2201 741 quiritur,
2231 673 2368 743 ipsis
2405 677 2662 734 contulit.

2454 854 2608 909 car.
2661 856 2754 911 xx
2796 858 2984 931 [XXI].

2012 941 2175 995 Vens.
2214 942 2265 997 3.
2308 942 2574 1000 Laudavit
2619 947 2866 1004 Nabutlte
2919 950 3229 1008 Dominum.
3274 954 3513 1010 llonrste

1942 1029 2079 1085 dixit
2123 1048 2220 1100 pro
2251 1034 2652 1104 blasphemavit.
2698 1039 2979 1108 Jejunium
3004 1060 3134 1097 vero
3178 1045 3345 1099 indici
3379 1063 3515 1115 pra»

1942 1123 2112 1189 cepit,
2162 1132 2220 1175 ut
2263 1140 2358 1193 per
2412 1127 2515 1181 hoc
2550 1129 2749 1182 eadem
2781 1132 2985 1197 justam
3016 1148 3139 1188 esse
3176 1134 3511 1189 ostenderet.

1946 1212 2185 1281 Eamque
2220 1216 2291 1268 ob
2326 1231 2549 1271 causam
2576 1234 2735 1286 ptena
2769 1225 3070 1277 constituta
3095 1240 3217 1277 eum
3242 1227 3407 1293 jussit
3436 1224 3517 1277 af-

1946 1306 2051 1365 fici.
2093 1308 2378 1375 magiSque
2424 1312 2630 1378 puniri,
2664 1330 2826 1382 quam
2860 1315 3019 1379 alios,
3072 1316 3269 1372 deinde
3298 1332 3514 1387 pmnam

1945 1397 2046 1450 hoc
2086 1398 2248 1451 modo
2274 1403 2569 1456 sustinuere.

2023 1489 2182 1545 Vens.
2224 1493 2314 1547 ‘27.
2360 1493 2531 1548 Scidit
2570 1500 2877 1552 vestimenta
2923 1516 3043 1554 sua.
3087 1500 3226 1566 Quia
3282 1502 3419 1556 levis
3464 1511 3519 1555 et

1948 1582 2271 1638 inconstans
2319 1597 2434 1639 erat
2471 1588 2677 1652 Achab,
2724 1589 2881 1644 facile
2925 1606 3141 1659 semper
3180 1592 3518 1645 mutabatur.

1950 1672 2086 1726 lliuo
2110 1673 2329 1729 Jezabel
2363 1692 2487 1730 eum
2532 1677 2585 1729 in
2621 1688 2826 1732 tantam
2881 1678 3105 1733 deduxit
3163 1681 3518 1749 impietatem,

1950 1776 2003 1819 ut
2058 1768 2285 1821 historia
2338 1768 2483 1823 dicat
2540 1774 2710 1839 gratis
2744 1772 3117 1825 venundatum
3165 1787 3308 1828 esse.
3352 1780 3410 1824 ut
3442 1772 3523 1824 fa-

260 1858 499 1910 ἐνώπιον
535 1857 763 1928 Κυρίου,
794 1859 868 1922 ὡς
902 1862 1235 1929 μετέστησεν
1262 1862 1421 1914 αὐτὸν
1453 1861 1711 1924 Ἰεζάϐελ.
1748 1866 1840 1915 καὶ

1972 1868 2099 1913 :erct
2151 1850 2356 1911 malum
2405 1876 2591 1913 coram
2658 1861 2910 1925 Domino,
2968 1874 3025 1915 ut
3088 1864 3519 1916 traustulitcuzu

258 1950 330 2002 τὰ
361 1950 510 2017 ἑξῆς.
532 1949 692 2001 Ὅθεν
715 1950 961 2019 ὀρεχθεὶς
985 1951 1078 2004 τοῦ
1114 1952 1455 2020 ἀμπελῶνος,
1490 1952 1726 2023 ήλγησεν
1750 1954 1841 2007 ἐπὶ

258 2039 339 2109 τῷ
362 2040 459 2091 τοῦ
486 2039 764 2093 Ναδουθαὶ
791 2040 1027 2111 θανάτῳ.

327 2132 441 2185 Καὶ
474 2131 673 2185 πάντα
702 2132 821 2186 ὅσα
844 2120 1202 2200 ἐποίησεν-*ό
1247 2135 1611 2205 Ἀμορραῖος.
1643 2136 1755 2189 Νῦν
1781 2138 1839 2189 οὐ

251 2225 315 2277 τὸ
332 2222 555 2278 Ἰνδικὸν
571 2223 724 2289 ἔθνος
747 2226 933 2294 φησιν,
950 2225 1090 2279 ἀλλὰ
1108 2227 1313 2289 πάντας
1336 2228 1461 2290 τοὺς
1483 2227 1842 2291 Χαναναίους.

268 2315 604 2387 Ἀμορῤαϊος
634 2316 745 2387 γὰρ
769 2320 834 2388 τῇ
870 2316 1136 2389 Ἐϐραίων
1171 2322 1322 2388 φωνῇ
1360 2318 1457 2372 καὶ
1498 2322 1526 2373 ό
1575 2319 1845 2374 κατοικῶν

252 2409 609 2481 ὀνομάζεται.
645 2408 704 2464 ὐ
730 2409 786 2463 δὲ
836 2410 1219 2481 φιλάνθρωπος
1275 2411 1429 2474 Θεὸς,
1464 2411 1550 2464 διὰ
1607 2413 1709 2482 μὲν
1749 2412 1845 2483 τὴν

258 2502 589 2572 μιαιᾲονίαν
623 2504 723 2573 τὴν
766 2504 1146 2573 πανωλεθρίαν
1186 2504 1504 2574 ἠπείλησεν.
1531 2506 1628 2557 Διὰ
1660 2506 1717 2559 δὲ
1758 2507 1847 2559 τὸν

254 2597 351 2647 ἐπὶ
398 2594 480 2663 τῷ
528 2595 676 2665 φόνῳ
725 2594 922 2666 θρῆνον
963 2595 1061 2666 τὴν
1111 2596 1209 2666 τῆς
1260 2598 1535 2669 τιμωρίας
1570 2597 1849 2668 ἁναλαϐὴν

256 2687 583 2760 ἐχαρίσατο.

848 2783 1102 2838 ΚΕΦΑΛ.
1138 2785 1270 2838 KA'.

334 2876 406 2928 El
456 2872 771 2940 ἐκποιήσει
829 2879 883 2930 d'
912 2876 1060 2947 χοῆς
1105 2876 1439 2944 Σαμαρείας
1491 2878 1620 2943 ταῖς
1657 2877 1850 2946 δραξί.

256 2965 452 3020 Ταῦτα
497 2966 688 3035 ἔλεγον
743 2968 1097 3032 ἀπειλοῦντες
1137 2970 1236 3039 τῆς
1274 2968 1591 3040 πολιορκίας
1643 2970 1711 3023 τὰ
1746 2970 1854 3041 χὼ-

262 3074 435 3129 ματα.

344 3151 651 3220 Ἑώρακας
690 3152 890 3206 πάντα
922 3153 1030 3207 τὸν
1058 3150 1230 3223 ἦχον.
1274 3155 1505 3218 Οίκείως
1550 3156 1659 3209 τῶν
1701 3157 1861 3210 άπει-

258 3244 505 3314 λητικῶν
536 3246 943 3317 ρημάτων’τδν
977 3247 1191 3323 κόμπον
1234 3248 1406 3311 οὕτως
1437 3249 1717 3304 ἐκάλεσεν.
1773 3252 1863 3302 Δι-

258 3338 431 3409 σλύθη
459 3338 570 3413 γὰρ
599 3341 884 3409 συντόμως
914 3342 982 3411 τῇ
1014 3340 1135 3411 θείᾳ
1167 3345 1333 3414 ῥοπῇ.

346 3432 452 3485 Ἔν
503 3430 631 3498 τοῖς
681 3431 1021 3500 παιδαρίοις
1068 3430 1189 3486 τῶν
1242 3435 1555 3503 ἀρχόντων
1591 3436 1711 3491 τῶν
1753 3456 1865 3507 χω-

234 3511 404 3593 ρῶν.
450 3522 527 3576 Οὐ
581 3522 793 3594 χρῄζω,
845 3525 1002 3595 φησὶ,
1054 3524 1293 3596 πλήθους
1338 3526 1468 3594 ἐγώ.
1530 3527 1617 3581 Ἐν
1659 3530 1864 3597 ὀλίγοις

263 3618 380 3687 γὰρ
435 3617 770 3687 μειρακίοις,
804 3618 899 3671 καὶ
945 3618 1201 3687 πολέμων
1252 3620 1523 3691 ἀπείροις,
1566 3620 1663 3691 τὴν
1711 3639 1865 3691 παμο

262 3710 475 3777 πόλλην
525 3710 735 3778 ταύτην
792 3708 1057 3779 στρατιὰν
1104 3710 1350 3765 διολέσω.
1396 3709 1577 3765 Ἦσαν
1616 3713 1701 3775 δὲ,
1756 3732 1863 3785 φη-

264 3804 342 3869 σὶ,
369 3802 641 3856 διακόσιοι
687 3802 716 3842 δ
762 3802 1063 3873 τριάκοντα
1110 3803 1206 3857 δύο
1233 3845 1246 3866 ,
1292 3804 1359 3857 δι’
1407 3798 1483 3859 ὧν
1522 3808 1551 3860 ὁ
1602 3798 1867 3861 παντοδύ-

262 3912 441 3968 ναμος
480 3895 690 3967 Κύριος
716 3894 796 3965 λβ⁹
834 3894 1100 3965 βασιλέων
1125 3895 1391 3951 κατέλυσε
1423 3900 1711 3969 στρατιάν.

340 4074 489 4141 Θεὸς
512 4072 720 4143 ὀρέων,
754 4074 901 4139 Θεὸς
938 4072 1209 4142 Ἰσραήλ.
1229 4071 1453 4143 Ἐπειδὴ
1478 4072 1757 4137 τοιούτους
1786 4069 1867 4127 εί-

263 4186 359 4221 ναι
385 4168 516 4229 τοὺς
546 4167 788 4230 οἰκείους
824 4165 981 4229 θεοὺς
1006 4164 1397 4235 ὑπελάμϐανον
1416 4206 1430 4230 ,
1462 4166 1723 4237 ᾠήθησαν
1773 4167 1869 4220 καὶ⁵

263 4256 363 4311 τὸν
392 4255 649 4327 ἀληθινὸν
676 4255 772 4308 καὶ
811 4255 922 4307 τῶν
965 4255 1105 4309 ὅλων
1152 4255 1491 4326 δημιουργὸν
1530 4256 1757 4327 μερικὸν
1790 4251 1871 4309 εἴ-

263 4367 359 4403 ναι
387 4350 543 4403 Θεόν.
587 4348 733 4402 Ἀλλ’
774 4348 945 4413 ἔδειξε
974 4349 1069 4401 καὶ
1100 4351 1213 4411 τοῖς
1242 4347 1467 4411 οἰκείοις
1493 4350 1587 4402 καὶ
1621 4350 1733 4411 τοῖς
1774 4347 1872 4402 ἀλ-

264 4442 512 4513 λοτρίοις
542 4442 644 4513 τὴν
682 4440 901 4494 οἰκείαν
934 4440 1112 4510 ἰσχύν.
1146 4440 1259 4511 Τῆς
1297 4442 1409 4511 γὰρ
1438 4441 1761 4511 συμπλοκῆς
1810 4442 1872 4496 ὲν

1944 1948 2185 2011 Jezabel,
2218 1960 2325 2004 etc.
2371 1952 2508 2007 lliuc
2537 1970 2659 2005 cum
2698 1963 2976 2024 appeteret
3010 1956 3244 2018 vineam,
3272 1953 3518 2008 dolorem

1946 2049 2120 2094 morte
2150 2039 2417 2097 Nabuthae
2453 2047 2685 2113 accepit.

2015 2132 2179 2187 Vens.
2199 2133 2288 2188 9.6.
2318 2134 2619 2188 Secundum
2645 2140 2848 2201 omnia,
2876 2155 2989 2207 qum
3010 2138 3131 2200 fecit
3160 2139 3524 2190 Amorrhmus.

1944 2226 2062 2283 Jam
2100 2244 2206 2282 non
2244 2231 2583 2298 peculiarem
2617 2239 2833 2301 gentem
2873 2232 3028 2297 dicit,
3060 2230 3365 2285 sedomnes
3386 2229 3528 2283 Cha-

1947 2336 2193 2377 naneos.
2240 2324 2600 2377 Amorrlueus
2639 2327 2783 2377 enim
2841 2324 3110 2379 llebraica
3174 2340 3307 2377 voce
3365 2324 3527 2377 etiam

1947 2417 2124 2471 incola
2161 2417 2505 2472 nominatur.
2555 2417 2841 2473 Benelieus
2891 2427 3073 2471 autem
3103 2415 3267 2471 -Deus
3309 2424 3531 2485 propter

1950 2510 2310 2562 homicidium
2348 2510 2576 2563 exitium
2622 2510 2847 2563 Aehaho
2876 2510 3250 2563 comminatus
3279 2516 3387 2574 est,
3432 2506 3530 2563 sed

1950 2602 2078 2669 quia
2116 2602 2318 2655 cmdem
2355 2602 2685 2657 lamentatus
2731 2610 2837 2664 est,
2876 2617 2943 2655 ex
2990 2602 3163 2670 gratia
3198 2615 3415 2670 pinnam
3445 2614 3531 2654 re-

1952 2691 2123 2746 misit.

2479 2784 2633 2840 (ιιι).
2679 2782 2797 2836 xxu
2834 2783 2999 2855 [XX].

2024 2876 2189 2932 Vens.
2236 2876 2324 2931 10.
2357 2875 2415 2931 Si
2444 2877 2710 2945 suffecerit
2772 2877 2944 2945 pulvis
3008 2875 3269 2930 δουναι-ἔω
3299 2876 3534 2944 pugiL’is.

1957 2967 2083 3022 Ilaec
2137 2968 2421 3038 (licebant,
2470 2970 2878 3024 comminantes
2926 2985 2986 3023 se
3026 2983 3254 3039 aggeres
3292 2968 3537 3022 facturos

1960 3062 2012 3114 in
2048 3062 2356 3116 obsidione.

2035 3152 2204 3209 Vsus.
2244 3155 2330 3208 15.
2375 3153 2563 3208 Vidisti
2590 3170 2793 3208 onmem
2829 3171 3040 3211 sonum.
3086 3154 3313 3225 Proprie
3346 3153 3567 3238 verbo-2

1968 3267 2086 3305 rum
2113 3251 2440 3304 minantium
2475 3249 2673 3305 fastum
2732 3250 2813 3305 sic
2853 3250 3101 3316 vocavit;
3162 3248 3348 3305 statim
3394 3252 3540 3303 enim

1967 3341 2062 3397 Dei
2090 3350 2225 3396 nutu
2248 3343 2555 3398 dissolutus
2599 3352 2654 3397 et
2688 3342 2897 3397 fractus
2936 3350 3041 3397 est.

2038 3433 2203 3489 Vens.
2236 3434 2323 3489 H.
2359 3433 2422 3488 In
2446 3435 2621 3503 pueris
2650 3433 2949 3502 principum
2986 3434 3401 3499 provinciarum.
3426 3431 3540 3484 Non

1968 3530 2220 3601 pluribus
2278 3544 2379 3599 ego
2438 3527 2680 3598 indigeo,
2743 3527 2941 3596 inquit,
3000 3541 3125 3580 nam
3170 3542 3293 3579 cum
3358 3525 3545 3595 paucis

1968 3623 2173 3692 pueris,
2196 3630 2249 3677 et
2310 3620 2578 3675 bellorum
2626 3621 2947 3688 expertibus
2994 3630 3049 3674 et
3112 3619 3344 3688 ignaris,
3370 3620 3543 3672 maxi-

1969 3728 2121 3766 mum
2160 3712 2312 3766 illum
2332 3712 2636 3766 exercitum
2686 3710 2933 3765 fundam.
2976 3708 3142 3763 Erant
3168 3718 3376 3773 autem,
3413 3708 3547 3763 dicit

1968 3802 2279 3873 Scriptura,
2313 3803 2549 3857 trecenti
2578 3802 2808 3873 triginta
2860 3802 2992 3866 duo,
3026 3817 3125 3873 per
3174 3816 3313 3871 quos
3368 3800 3549 3854 omni-

1971 3906 2165 3966 potens
2214 3894 2356 3950 Deus
2415 3893 2721 3949 exercitum
2779 3893 3007 3964 triginta
3062 3892 3300 3947 duorum
3358 3906 3549 3959 regum

1972 3984 2299 4055 profligavit.

2042 4075 2207 4130 Vens.
2243 4074 2334 4130 23.
2374 4073 2513 4128 Deus
2547 4075 2827 4138 montium,
2864 4073 3004 4127 Deus
3036 4072 3229 4127 Israel.
3257 4071 3391 4127 Cum
3420 4086 3553 4126 suos

1972 4168 2105 4223 deos
2155 4168 2292 4222 tales
2347 4182 2472 4221 esse
2502 4173 2796 4237 putarent,
2845 4166 3309 4220 existimaverunt
3359 4177 3553 4219 verum
3658 4166 3667 4175 '

1973 4258 2167 4325 Deum,
2193 4269 2248 4315 et
2315 4260 2483 4315 totius
2542 4260 2730 4314 mundi
2776 4258 3050 4329 opificem,
3110 4258 3282 4329 partis
3318 4255 3569 4321 alicujus-

1976 4358 2188 4406 tantum
2246 4348 2417 4404 Deum
2454 4344 2605 4416 esse;
2651 4348 2746 4404 sed
2793 4348 3113 4402 domesticis
3142 4356 3196 4402 et
3247 4346 3556 4417 peregrinis

1975 4458 2131 4498 suam
2166 4441 2280 4495 vim
2336 4447 2389 4496 et
2420 4440 2723 4511 potentiam
2776 4439 3201 4493 demonstravit.
3237 4437 3376 4491 Cum
3406 4435 3555 4491 enim

269 4536 449 4605 πεδίῳ
512 4534 932 4604 γεγενημένης,
1000 4533 1333 4588 δυοκαίδεκα
1399 4533 1508 4587 τῶν
1554 4534 1864 4587 ἀντιπάλων

1973 4536 2030 4592 in
2058 4549 2253 4604 eampo
2279 4532 2569 4587 conﬂictus
2603 4531 2780 4596 fleret,
2812 4530 3082 4585 Israelita:
3110 4537 3339 4584 centena
3366 4529 3556 4599 viginti

276 4627 553 4701 μυριάδας
616 4623 837 4695 Ἰσραὴλ
880 4614 1293 4696 κατηκόντισεν.
1342 4625 1461 4678 Ἵνα
1515 4624 1571 4677 δὲ
1629 4627 1873 4679 κάκεῖνοι

277 4720 536 4791 μάθωσιν
593 4717 667 4781 ὡς
726 4717 990 4789 θεήλατος
1054 4718 1087 4789 ἡ
1143 4716 1363 4788 πληγὴ,
1426 4717 1535 4771 τῶν
1588 4718 1876 4788 διαφυγόν-

270 4830 385 4867 των
421 4814 503 4875 είς
532 4816 633 4881 τὴν
677 4810 887 4879 Ἀφεκὰ
939 4810 1097 4863 πόλιν
1138 4813 1662 4879 καταπεφευγότων,
1700 4829 1871 4866 κατα-

272 4904 446 4961 πεσὸν
472 4904 533 4957 τὸ
557 4908 763 4975 τεῖχος,
809 4902 954 4957 ἑπτὰ
984 4904 1081 4958 καλ⁸
1102 4905 1275 4959 εἴκοσι
1310 4905 1581 4977 μυριάδας
1629 4907 1874 4976 κατέχω-

273 5016 394 5056 σεν.

357 5178 465 5231 Ἐν
484 5176 650 5244 λόγῳ
678 5175 905 5244 Κυρίου
934 5176 1210 5242 πάταξον
1247 5176 1322 5247 δή
1350 5194 1446 5247 με.
1478 5177 1592 5231 Οὐκ
1622 5177 1734 5247 ἐγώ
1766 5195 1871 5243 σοι,

274 5270 466 5342 φησὶν,
514 5270 814 5336 ὲπιτάττω,
859 5270 997 5324 ἀλλὰ
1038 5272 1098 5323 τὸ
1127 5273 1185 5323 ὲν
1234 5271 1359 5341 ἐμοὶ
1407 5272 1645 5341 πνεῦμα,
1685 5273 1778 5325 Διὸ
1808 5273 1873 5345 δὴ

273 5363 358 5435 τῷ
384 5362 703 5418 ἁντειπόντι
755 5362 846 5415 τὸν
881 5363 972 5418 διὰ
1016 5363 1113 5417 τοῦ
1160 5364 1378 5429 λέοντος
1429 5367 1733 5437 ἐπήνεγκεν
1757 5365 1874 5418 Ble-

274 5456 430 5528 θρον.
1322 5442 1325 5443 ⁷

348 5548 464 5605 Καὶ
491 5544 885 5616 συνέτριψεν.
921 5547 1235 5617 Τουτέστιν,
1269 5551 1692 5623 ἔτραυμάτισεν.

1976 4626 2150 4683 millia
2182 4624 2425 4680 hostium
2487 4621 2851 4693 proﬂigarunt
2903 4631 2958 4677 et
3002 4622 3351 4676 occiderunt.
3384 4620 3560 4675 Caete-

1976 4736 2123 4783 rum,
2161 4725 2221 4772 ut
2275 4717 2417 4770 hanc
2468 4716 2679 4779 cladem
2740 4713 3011 4770 divinitus
3076 4714 3213 4783 ipsis
3248 4714 3555 4767 iunuissam

1974 4826 2101 4867 esse
2148 4817 2569 4879 cognoscerent,
2615 4822 2740 4861 cum
2789 4808 2891 4871 illi,
2940 4808 3033 4877 qui
3086 4822 3180 4876 per
3231 4806 3413 4877 fugam
3446 4806 3557 4875 jam

1977 4911 2289 4967 evaserant,
2341 4902 2732 4973 Apheeapolim
2805 4918 2863 4957 se
2934 4903 3295 4971 recepissent,
3368 4917 3560 4955 murus

1980 4998 2234 5062 corruit,
2286 5004 2340 5051 et
2380 4994 2573 5065 viginti
2631 5000 2842 5063 septem
2922 4993 3099 5047 millia
3156 4994 3400 5047 virorum
3464 5008 3565 5064 op-

1982 5091 2208 5161 pressit.

2055 5179 2219 5236 Vens.
2267 5178 2356 5233 35.
2420 5177 2487 5232 In
2518 5193 2758 5231 sermone
2822 5176 3040 5229 Domini
3082 5185 3294 5244 percute
3316 5192 3416 5231 me.
3444 5174 3562 5229 Non

1980 5270 2201 5344 egotibi
2240 5271 2474 5341 impero,
2514 5269 2670 5333 dicit,
2704 5267 2801 5324 sed
2835 5269 2943 5339 _qui
2980 5270 3030 5321 in
3068 5283 3155 5323 me
3189 5279 3273 5323 est
3309 5268 3563 5338 spiritus.

1982 5364 2331 5439 Quapropter
2373 5366 2782 5422 eontradicenti
2840 5382 2936 5436 per
2969 5367 3184 5421 leonem
3211 5366 3438 5422 exitium
3474 5364 3567 5417 iu-

1984 5464 2130 5516 tulit.
3500 5446 3505 5451 1

2061 5553 2223 5607 Vens.
2262 5553 2353 5607 37.
2386 5551 2453 5605 Et
2484 5553 2751 5606 contririt.
2782 5550 2894 5606 llac
2922 5560 3030 5617 est,
3055 5550 3387 5605 vulneravit.

1585 5672 1813 5728 VARIAE
1846 5672 2256 5731 LECTIONES.

373 5772 402 5812 δ
445 5770 501 5824 lu
538 5767 730 5825 codice
758 5768 1007 5827 Lavateri
1035 5769 1160 5836 fuit,
1191 5772 1458 5843 χιλιάδας.
1495 5772 1561 5827 Ει
1596 5772 1647 5827 id
1720 5774 1943 5828 rectius.

279 5844 376 5901 sed
408 5846 574 5900 male.

2036 5784 2057 5811 ε
2093 5770 2149 5826 ln
2184 5770 2440 5826 Lavateri
2478 5768 2667 5825 codice
2726 5769 2941 5824 videtur
2998 5770 3170 5825 fuisse
3198 5810 3213 5835 ,
3240 5769 3572 5839 τριακόσιοι,
