4238 6458
280 356 401 420 ΗΠ

269 468 527 523 κωλύσαι
560 472 669 542 γὰρ
701 473 1001 545 δυνάμενος
1036 480 1135 531 οὐκ
1178 482 1471 538 ἐκώλυσεν.
1520 488 1847 557 Ἐπειδήπερ

263 559 292 607 6
326 558 531 627 Ἀχαὰῦ
571 562 671 630 τῆς
704 562 856 626 θείας
891 559 959 634 ἦν
1009 568 1334 637 κηδεμονίας
1385 576 1619 639 ἀνάξιος.
1664 578 1848 646 Τούτῳ

262 648 317 699 δὲ
341 649 530 717 ὅμοιον
571 651 634 704 τὸ
665 653 771 706 ὑπὸ
799 656 1010 708 Παύλου
1033 658 1346 728 λεγόμενον·
1382 684 1398 713 ι
1432 667 1642 735 Πέμψει
1670 673 1697 720 6
1720 671 1847 732 Θεὸς

262 737 552 806 ἐνέργειαν
585 742 793 809 πλάνης
836 747 947 808 τοῖς
982 748 1081 816 τὴν
1123 750 1385 820 ἀλήθειαν
1428 757 1489 807 οῦ
1537 759 1845 825 παραδεξα-

266 828 471 895 μένοις.
507 850 524 881 ι
565 832 704 882 Ἀλλ’
750 834 1037 903 ἑρμηνεῖαι
1081 839 1180 905 τῆς
1220 842 1311 892 τοῦ
1348 843 1482 895 Θεοῦ
1541 845 1843 915 βουλήσεως

260 922 624 987 τυγχάνουσιν
654 926 708 975 αἱ
743 926 1022 990 ύπτασίαι,
1067 934 1165 1001 οὐχ
1194 934 1331 1003 ὅπερ
1369 937 1517 987 ἐστὶν
1548 940 1710 990 αὑτὸν
1739 942 1842 992 δει-

258 1011 544 1073 κνύουσαι,
578 1022 910 1083 σωματικοῖς
942 1020 997 1072 δὲ
1046 1026 1313 1090 σχήμασι,
1362 1028 1457 1080 καὶ
1486 1029 1843 1099 ἀνθρωπίνοις

256 1101 463 1167 λόγοις,
506 1104 865 1159 διατυποῦσαι
918 1109 1019 1172 τὰς
1078 1111 1173 1163 τοῦ
1222 1113 1359 1166 Θεοῦ
1403 1116 1736 1183 οἰκονομίας,
1769 1119 1841 1181 ὡς

259 1193 425 1256 αὐτὸς
469 1198 496 1247 6
524 1196 657 1259 Θεός
692 1215 858 1267 φησιν
891 1216 905 1231 ·
942 1218 960 1250 ι
994 1202 1136 1269 Ἐγὼ
1165 1205 1385 1272 ὁράσεις
1416 1208 1715 1276 ἐπλήθυνα,
1752 1211 1843 1261 καὶ

258 1286 317 1334 ἐν
346 1288 503 1353 χερσὶ
552 1288 848 1355 προφητῶν
899 1291 1210 1361 ὡμοιώθην.
1251 1312 1267 1342 ›
1310 1295 1424 1347 Οὐκ
1468 1297 1630 1356 αὐτὸς
1663 1298 1843 1364 φαίνει

255 1393 370 1437 ται,
399 1376 499 1428 ἀλλ
547 1379 769 1446 ὁράσεις
817 1381 1102 1450 πληϐύνει.
1156 1386 1260 1436 Καὶ
1307 1386 1558 1455 ὁμοίωμα
1603 1389 1841 1440 δείκνυσι

254 1470 368 1529 τοῖς
400 1470 728 1539 προφήταις,
757 1470 1034 1539 βασιλείας
1070 1475 1190 1542 μὲν,
1222 1477 1351 1528 ὅταν
1383 1478 1678 1547 ἐπἰορὸνου
1710 1481 1841 1531 καο‹

253 1561 513 1629 εζομὲνον
541 1564 733 1634 ὁρῶσι,
762 1567 855 1618 καὶ
891 1568 1017 1636 περὶ
1049 1568 1211 1619 αὑτὸν
1235 1570 1333 1636 τὴν
1356 1571 1609 1639 οὐράνιον
1672 1589 1734 1624 στ
1746 1589 1841 1641 ρα-

252 1654 376 1706 τιάν
401 1670 414 1683 '
449 1656 686 1722 κρίσεως
721 1657 797 1722 δὲ,
817 1660 946 1712 ὅταν
982 1659 1166 1713 πολιὸν
1194 1659 1451 1729 βλέπωσι,
1480 1662 1691 1727 λευκοῖς
1724 1666 1840 1733 ίμα-

250 1745 392 1805 τίοις
419 1745 815 1816 κοσμούμενον,
845 1750 933 1803 διὰ
969 1751 1029 1803 τὸ
1058 1750 1155 1819 τῆς
1189 1752 1424 1818 κρίσεως
1447 1754 1609 1821 σοφόν
1633 1772 1689 1806 τε
1720 1755 1836 1825 ἅμα

1229 374 1760 439 COMMENTARH
1793 382 1868 442 ΙΝ
1915 388 1973 444 l.l

1860 384 1868 442 l
1915 388 2056 445 LIB.
2094 390 2184 449 III
2224 393 2513 453 ιιειῑικιι.
3404 404 3493 465 ll'i

1883 501 1917 551 ,ι
1954 512 2079 548 (τιιιιι
2106 502 2251 551 enim
2282 504 2575 569 prohibere
2612 511 3017 576 potuisset,nou
3040 514 3518 579 prohibuit.A-.hai

1960 585 2106 637 enim
2138 588 2396 658 indignus
2429 602 2568 656 erat,
2605 597 2765 663 cujus
2800 614 2988 652 curam
3043 601 3183 655 Deus
3212 604 3511 670 susciperet

1960 675 2070 727 llnc
2106 686 2287 730 autem
2329 681 2512 735 simile
2544 693 2626 736 est
2673 685 2798 739 huic
2829 689 2972 755 quod
3025 705 3053 742 a
3092 689 3524 744 l’aulodicitur.

1963 785 1977 811 ι
2031 750 2202 817 λίίιιυι
2268 769 2378 822 illis
2435 771 2577 826 Dens
2607 774 2907 829 ellicaciam
2938 782 3168 840 erroris,
3203 783 3295 849 qui
3328 784 3530 835 verita~

1953 863 2057 903 tem
2088 871 2192 906 non
2248 871 2564 926 receperunt
2593 865 2655 926 ⁵³,
2695 883 2712 915 ι
2781 866 3051 921 (la-terum
3096 873 3336 925 visiones
3358 873 3526 940 expli-

1952 944 2199 1000 cationes
2232 958 2360 1001 sunt
2390 954 2609 1005 consilii
2644 953 2755 1007 Dei.
2792 956 2905 1009 Non
2942 961 3086 1025 quod
3119 963 3234 1028 ipse
3275 963 3347 1023 id,
3385 962 3532 1031 quod

1948 1042 2051 1097 est,
2103 1038 2391 1092 ostendat:
2458 1043 2708 1109 corporis
2740 1056 2921 1099 autem
2965 1050 3174 1113 liguris,
3209 1060 3263 1103 et
3290 1053 3534 1106 humano

1948 1142 2102 1181 more
2127 1129 2319 1185 ellictis
2343 1137 2692 1191 sermonibus
2723 1141 2994 1206 exprimit,
3033 1151 3087 1193 et
3121 1145 3389 1198 describit
3433 1145 3524 1199 Dei

1946 1217 2441 1285 dispensationem.
2481 1226 2953 1288 Quemadmodum
3025 1233 3166 1287 llens
3216 1236 3332 1304 ipse
3363 1238 3523 1291 dicit:

1952 1326 1967 1356 ι
2012 1308 2121 1376 Ego
2156 1310 2396 1365 visiones
2428 1316 2815 1383 multiplii-avi,
2879 1329 2933 1373 et
3000 1337 3094 1387 per
3132 1339 3354 1376 manum
3399 1341 3529 1394 pro-

1945 1399 2231 1463 phetarum
2291 1403 2631 1458 assimilatas
2666 1423 2785 1460 sum
2813 1410 2876 1461 “.
2912 1429 2929 1459 ι
2986 1410 3101 1463 Non
3137 1414 3250 1480 ipse
3276 1425 3524 1483 apparet,

1944 1489 2039 1542 sed
2073 1492 2315 1546 visiones
2345 1496 2708 1563 multiplicat,
2735 1511 2788 1552 et
2833 1502 3254 1556 similitudinem
3282 1506 3523 1560 ostendit

1944 1580 2250 1650 prophetis,
2307 1585 2457 1652 regni
2521 1588 2767 1653 quidem,
2823 1590 2867 1642 si
2907 1590 2959 1642 in
3011 1592 3210 1645 throno
3244 1593 3522 1648 Sedentent

1941 1670 2149 1733 vident,
2175 1680 2229 1725 et
2261 1674 2405 1726 eirea
2443 1688 2567 1726 eum
2600 1679 2881 1730 caelestem
2919 1683 3228 1733 exercitum
3256 1700 3270 1745 ;
3328 1683 3521 1750 judicii

1942 1775 2091 1825 vero,
2112 1764 2334 1829 quando
2373 1780 2571 1818 canum
2613 1768 2816 1829 vident,
2884 1771 3025 1823 albis
3081 1773 3328 1827 vestibus
3359 1789 3524 1827 orna-

252 1837 349 1887 κα)⁵
375 1836 634 1902 καθαρόν.
687 1841 829 1909 Ὀρᾷ
872 1843 965 1893 καὶ
1016 1841 1286 1911 Ζαχαρίας
1332 1844 1566 1913 ἀνέμους
1631 1846 1840 1913 ἀνορω-
1875 1835 1914 1887 Β
1946 1861 1973 1902 ιι

1875 1835 1914 1887 Β
1946 1861 2079 1914 tum,
2111 1864 2329 1922 propter
2391 1854 2585 1921 judieii
2644 1874 2750 1910 non
2817 1863 3166 1928 prudentiam
3207 1865 3389 1926 modo,
3425 1866 3521 1919 sed

253 1926 387 1997 πίνῃ
405 1930 558 1997 φωνῇ
585 1931 922 2000 χρωμένους·
948 1952 965 1983 ι
999 1934 1107 1985 Καὶ
1128 1934 1569 2003 περιοδεύσωμεν
1597 1937 1694 2005 τὴν
1716 1939 1838 2006 γῆν,

253 2014 537 2083 λέγοντας,
571 2021 667 2073 καὶ
695 2021 804 2074 ἰδοὺ
834 2024 982 2075 πᾶσα
1010 2025 1041 2091 ὴ
1078 2023 1151 2091 γῆ
1201 2028 1560 2079 κατοικεῖται.
1596 2046 1614 2079 ι
1651 2029 1837 2081 Καθά-

253 2124 362 2177 περ
385 2110 497 2180 γὰρ
524 2114 582 2164 ἐν
605 2112 783 2167 εἰκόσι
808 2120 1043 2185 γραφεῖς
1074 2118 1307 2188 πόλεμόν
1353 2136 1411 2172 τε
1457 2121 1551 2171 καὶ
1589 2123 1835 2192 εἰρήνην,

249 2200 412 2270 νίκην
446 2204 541 2256 καὶ
564 2204 771 2273 φιλίαν,
804 2209 901 2260 καὶ.
948 2209 1049 2261 ὅσα
1092 2209 1248 2272 ἄλλα,
1285 2212 1719 2280 σχηματίζουσιν
1758 2216 1836 2276 εἰς

248 2291 608 2361 ἀνθρωπείων
641 2298 913 2367 σωμάτων
939 2300 1175 2365 εἰκόνας,
1206 2303 1319 2364 τοῖς
1347 2303 1609 2367 τοιούτοις
1646 2306 1837 2373 ὁμοιώ-

251 2402 387 2452 μασι
414 2387 476 2439 τὸ
507 2386 755 2459 βούλημα
782 2390 1090 2456 δεικνύντες
1116 2396 1510 2467 ἐναργέστερον
1530 2416 1542 2427 ·
1583 2398 1724 2451 κατὰ
1769 2400 1836 2451 τὰ

248 2478 391 2531 αὐτὰ
446 2481 540 2533 καὶ
585 2482 647 2534 τὸ
699 2483 925 2554 Πνεῦμα
972 2487 1031 2538 τδ
1077 2486 1233 2554 ἅγιον
1285 2492 1593 2560 προφήταις
1630 2509 1689 2544 τε
1740 2493 1835 2545 καὶ

246 2572 573 2636 ἀποστόλοις
606 2574 667 2627 τὸ
706 2576 921 2646 θέλημα
951 2580 1045 2631 τοῦ
1081 2582 1237 2645 Θεοῦ,
1273 2584 1366 2635 καὶ
1398 2584 1498 2653 τὴν
1532 2585 1706 2650 δόξαν,
1740 2588 1835 2639 καὶ

245 2661 348 2726 τὴν
372 2664 714 2732 οἰκονομίαν,
744 2667 839 2720 καὶ
884 2668 983 2737 τὴν
1011 2670 1151 2737 ἀρὰν
1182 2672 1279 2742 τὴν
1311 2676 1455 2728 κατὰ
1493 2676 1601 2728 τῶν
1651 2680 1835 2747 ἐπιόρ·

247 2771 386 2818 κων,
412 2754 506 2806 καὶ
528 2756 733 2827 ἐτέρων
754 2760 938 2825 τινῶν,
969 2762 1229 2832 ἐμψύχων
1250 2764 1281 2834 ἦ
1307 2766 1553 2834 ἀψύχων,
1582 2772 1674 2822 καὶ
1697 2771 1833 2841 ὅπερ

248 2844 503 2913 βούλεται
534 2848 634 2916 μὲν
657 2850 685 2900 ὁ
715 2850 849 2912 Θεὸς
892 2850 1202 2920 πληρῶσαι,
1246 2856 1302 2907 αἰ
1332 2856 1387 2908 δὲ
1418 2858 1544 2927 ἑξῆς
1577 2858 1834 2929 δυνάμεις

248 2935 572 3005 πληροῦσιν,
595 2937 629 3009 ἢ
656 2940 754 2992 ὅσα
783 2941 959 3012 τολμᾷ
992 2944 1092 3011 μὲν
1118 2946 1146 2996 6
1167 2945 1412 3009 διάϐολος
1438 2950 1831 3014 ἐπιϐουλεύειν,

249 3031 529 3097 συγχωρεῖ
554 3030 610 3083 δὲ
646 3032 674 3083 6
697 3033 851 3097 Θεὸς,
880 3035 1053 3089 ταῦτα
1083 3040 1247 3089 τυποῖ
1275 3039 1362 3091 διὰ
1389 3041 1500 3093 τῶν
1530 3042 1830 3106 ὁπτασιῶν,

1944 1950 1998 1993 et
2052 1944 2368 2010 puritatem.
2426 1944 2724 2001 Zacharias
2784 1951 2947 2002 etiam
2982 1952 3129 2003 videt
3179 1963 3394 2016 ventos,
3420 1955 3522 2006 hn-

1945 2045 2100 2085 mana
2137 2047 2271 2087 voce
2327 2044 2567 2097 utentes,
2622 2047 2676 2090 et
2712 2039 3001 2095 dicentes:
3040 2059 3057 2091 ι
3104 2043 3521 2100 Circumeamus

1943 2130 2167 2182 terram,
2196 2132 2250 2177 et
2279 2139 2403 2178 ecce
2444 2127 2702 2181 universa
2732 2140 2873 2182 terra
2916 2130 3175 2185 incolitur
3199 2135 3291 2185 ⁸⁸.»
3321 2136 3521 2199 Quent-

1939 2212 2233 2268 admodum
2307 2217 2451 2270 enim
2522 2219 2761 2286 pictores
2813 2222 2866 2275 in
2930 2224 3262 2295 imaginibus
3319 2229 3518 2284 bellum

1936 2312 1988 2354 et
2013 2317 2221 2372 pacem,
2282 2305 2567 2360 victoriam
2625 2320 2679 2364 et
2709 2313 3036 2377 amicitiam,
3087 2326 3139 2369 et
3173 2334 3519 2389 quaecunque

1938 2394 2043 2447 alia
2080 2394 2342 2467 ellingunt
2380 2399 2429 2451 in
2473 2400 2740 2469 imagines
2786 2404 3155 2460 humanorum
3200 2425 3515 2478 corporum,

1940 2487 2317 2553 hujuscemodi
2353 2492 2816 2551 similitudinibus
2891 2480 3184 2555 consilium
3225 2511 3277 2557 et
3317 2520 3518 2573 propo-

1938 2576 2104 2630 situm
2166 2595 2322 2633 suum
2393 2583 2706 2642 evidentius
2765 2590 3169 2659 ostendentes;
3230 2595 3305 2647 ita
3354 2598 3516 2649 etiam

1939 2665 2180 2736 Spiritus
2218 2680 2443 2726 sanctus
2511 2676 2797 2745 prophetis
2834 2687 2886 2733 et
2942 2682 3210 2749 apostolis
3268 2685 3521 2739 volunta-

1937 2769 2047 2813 tem
2088 2761 2204 2821 Dei,
2240 2771 2287 2817 cl
2348 2763 2601 2833 gloriam,
2658 2779 2712 2822 et
2747 2770 3238 2839 dispensationem,
3275 2786 3323 2829 et
3354 2780 3521 2831 male.-

1936 2849 2238 2906 dictionem
2273 2863 2466 2909 contra
2502 2858 2779 2926 perjuros,
2835 2871 2891 2915 et
2921 2872 3112 2917 contra
3137 2849 3518 2937 aliaquzedatn

1935 2942 2173 2995 animata
2205 2952 2259 2997 et
2319 2944 2647 3013 inanimata,
2675 2953 2888 3021 etquod
2933 2952 3076 3010 Deus
3110 2958 3225 3010 vult
3268 2960 3517 3027 implere,

1934 3034 2193 3103 quodque
2247 3046 2435 3105 postea
2491 3041 2772 3096 exercitus
2836 3044 2924 3098 Dei
2984 3047 3193 3116 implet,
3232 3049 3394 3119 539
3420 3061 3514 3105 aut

246 3118 323 3180 ὼς
364 3118 459 3170 ἐπὶ
482 3119 575 3172 τοῦ
610 3120 747 3173 Ἰὼϐ.
784 3124 850 3175 Αἱ
894 3125 1002 3193 γὰρ
1039 3126 1320 3190 ὀπτασίαι,
1370 3129 1463 3181 καὶ
1512 3130 1578 3181 τὰ
1626 3132 1684 3182 ἐν
1713 3134 1831 3195 ταῖς
1860 3172 1903 3228 C
1938 3144 1973 3228 ο]

1860 3172 1903 3228 C
1938 3144 2275 3200 quaacunque
2330 3131 2497 3187 Satan
2562 3151 2660 3203 per
2707 3137 2938 3194 insidias
2983 3150 3194 3197 tentare
3248 3118 3519 3209 audet,et

244 3209 543 3273 ὀπτασίαις
580 3213 826 3282 ῥήματα,
866 3215 1029 3284 μέρος
1063 3218 1181 3268 ἐστὶ
1207 3221 1306 3287 τῆς
1336 3218 1429 3271 τοῦ
1460 3220 1594 3273 Θεοῦ
1627 3239 1833 3288 συγκα-

246 3301 555 3365 ταδάσεως.
585 3304 722 3357 Οὔτε
748 3306 857 3377 γάρ
884 3310 1185 3378 περιστερά
1213 3310 1272 3363 τὸ
1304 3310 1532 3381 Πνεῦμα
1559 3312 1619 3364 τὸ
1653 3314 1832 3381 ἅγιον·

246 3390 374 3444 οῦτε
408 3394 466 3446 δὲ
496 3394 556 3447 τό
578 3410 593 3425 ·
629 3413 647 3446 ι
675 3396 774 3459 ⁸⁸ος
806 3399 953 3450 ἐστιν
993 3401 1049 3451 ἐν
1095 3399 1245 3470 δεξιᾷ
1290 3401 1383 3454 τοῦ
1427 3402 1596 3468 Θεοῦ,
1638 3404 1697 3468 ὃς
1746 3407 1840 3460 καὶ

248 3486 573 3554 ἐντυγχάνει
604 3487 745 3555 ὑπὲρ
774 3488 954 3557 ημῶν,
990 3508 1009 3539 ι
1046 3489 1243 3553 οὓτως,
1275 3492 1351 3554 ὠς
1382 3493 1616 3562 εἴρηται,
1649 3496 1839 3566 νοήσο-

251 3595 376 3645 μεν,
411 3578 489 3641 ὼς
534 3579 593 3631 ἐν
621 3579 771 3650 τόπῳ
829 3581 926 3649 μὲν
953 3582 1107 3645 ὄντος
1145 3583 1241 3636 τοῦ
1284 3584 1453 3649 Θεοῦ,
1488 3586 1742 3655 δεομένου
1781 3588 1837 3649 δὲ

247 3670 347 3737 τῆς
378 3669 520 3740 ὑπὲρ
547 3670 708 3740 ἡμῶν
738 3671 835 3725 τοῦ
885 3674 1225 3743 Μονογενοῦς
1258 3676 1537 3747 ἐντυχίας.
1562 3678 1721 3731 Κατὰ
1750 3680 1837 3731 τὸν

247 3760 413 3812 αὐτὴν
444 3761 605 3828 λόγον
628 3763 748 3816 οὐδὲ
777 3766 832 3817 αἰ
870 3766 981 3818 τῶν
1016 3768 1314 3839 προφητῶν
1340 3770 1620 3832 ὀπτασίαι,
1658 3773 1749 3824 καὶ
1780 3773 1836 3823 αἰ

247 3854 448 3918 φωναὶ,
476 3852 621 3907 τοῦτ’
650 3850 815 3926 ἦσαν,
840 3858 976 3929 ὅπερ
1007 3860 1330 3916 ἐδείκνυντο.
1366 3862 1472 3914 Τοῦ
1496 3863 1552 3915 δὲ
1579 3863 1713 3917 Θεοῦ
1740 3867 1837 3932 τὴν

247 3946 508 4015 βούλησιν
560 3946 877 4016 ἐσήμαινον,
925 3949 958 4016 ἢ
1011 3951 1112 4020 τὴν
1170 3951 1544 4023 συγχώρησιν,
1597 3955 1690 4007 καὶ
1738 3956 1835 4025 τὴν

246 4038 501 4107 ὑπακοὴν
547 4039 659 4091 τῶν
708 4040 1116 4096 ὑπακουόντων.
1177 4045 1283 4096 Καὶ
1334 4047 1432 4114 τὴν
1492 4047 1835 4118 ἐπιχείρησιν

244 4132 358 4182 τῶν
392 4130 740 4200 τολμώντων.
778 4133 877 4195 Ὦς
908 4151 1011 4187 που
1036 4136 1131 4187 καὶ
1158 4135 1218 4187 τὸ
1248 4134 1485 4205 πνεῦμα,
1535 4138 1595 4189 τὸ
1623 4139 1830 4205 ψευσά-

248 4240 414 4293 μενον
439 4223 527 4276 διά
565 4225 834 4293 στόματος
877 4226 986 4279 τῶν
1012 4227 1494 4299 ψευδοπροφητῶν,
1538 4230 1670 4281 Θεοῦ
1702 4249 1832 4298 συγ-

246 4319 603 4385 χωρήσαντος
624 4334 640 4349 ’
681 4320 775 4372 καὶ⁷
811 4320 839 4371 6
870 4320 1137 4389 πειράσας
1184 4322 1240 4374 δὲ
1282 4322 1373 4373 τὸν
1402 4321 1521 4374 ’1ὼὸ
1551 4322 1797 4387 διάὸολος
1816 4365 1832 4387 ,

244 4404 385 4457 Θεοῦ
419 4405 498 4474 μὴ
542 4406 910 4470 κωλύσαντος.
968 4409 1046 4461 Δι’
1096 4402 1267 4480 οὗπερ
1315 4411 1555 4476 ἐδίδαξεν
1599 4414 1746 4484 ἡμᾶς
1796 4416 1827 4484 ἡ

244 4498 462 4567 Γραφῆν
501 4497 577 4561 ὡς
626 4498 729 4568 τῆς
777 4499 874 4553 τοῦ
923 4499 1059 4554 Θεοῦ
1120 4502 1351 4566 κτίσεως
1399 4506 1536 4569 ἐστι,
1598 4507 1690 4557 καὶ
1727 4505 1828 4573 τῆς

241 4588 590 4653 δεσποτείας,
642 4588 930 4658 παρεστὼς
970 4590 1049 4660 τῷ
1084 4593 1305 4645 πάντων
1359 4594 1624 4663 Δεσπὸτῃ,
1674 4595 1733 4647 οῦ
1759 4598 1826 4665 τῇ

242 4678 347 4746 τῆς
381 4678 691 4747 προθέσεως
721 4680 961 4749 ὑπακοῇ,
986 4681 1122 4734 ἀλλὰ
1140 4684 1203 4752 τῇ
1232 4681 1332 4752 τῆς
1359 4684 1583 4752 γενετῆς
1615 4684 1827 4753 φύσεως

242 4768 562 4839 ἀκολουθίᾳ,
610 4771 711 4838 τὴν
773 4771 871 4839 μὲν
916 4772 1145 4842 γνώμην
1198 4772 1602 4845 άλλοτριωθεὶς,
1645 4777 1742 4847 τὴν
1771 4776 1827 4829 δὲ

238 4863 436 4915 οὐσίαν
458 4863 551 4915 τοῦ
589 4861 727 4915 Θεοῦ
750 4865 1034 4934 τυγχάνων
1063 4875 1083 4901 ι’
1099 4904 1113 4916 .

318 5037 423 5090 Kal
464 5038 752 5108 Ἰωσαφὰτ
768 5039 1068 5104 ,βασιλεὺς
1102 5038 1296 5093 Ἰούδα
1309 5040 1434 5108 μετ’
1456 5041 1663 5094 αὐτοῦ.
1694 5042 1821 5094 Συν-

314 5169 355 5197 “‘
399 5167 556 5222 Rom.
591 5169 743 5234 1,24.
802 5172 846 5204 “
872 5168 1011 5226 Osce
1055 5189 1150 5237 χιι,
1190 5173 1275 5227 10.
1331 5175 1375 5203 ⁸⁸
1425 5173 1816 5237 Zachar.i,ll.

1948 3216 2089 3272 Deus
2122 3220 2407 3288 permittit,
2445 3228 2724 3292 proponit,
2754 3235 2808 3279 et
2843 3243 2936 3295 per
2965 3230 3211 3287 visiones
3240 3235 3517 3300 exprimit,

1944 3310 2403 3376 quemadmodum
2433 3312 2485 3367 in
2517 3312 2640 3369 Job.
2676 3314 2935 3373 Visiones
2983 3323 3154 3390 enim,
3178 3332 3232 3377 et
3260 3325 3421 3380 verba
3463 3326 3517 3380 in

1943 3398 2256 3456 visionibus
2286 3410 2418 3457 sunt
2451 3418 2581 3473 pars
2611 3407 2857 3477 quaedam
2883 3411 3368 3470 condescensionis
3402 3416 3518 3479 Dei,

1940 3504 2047 3558 qua
2069 3508 2127 3546 se
2151 3491 2216 3545 ad
2252 3501 2472 3562 captum
2514 3506 2769 3553 nostrum
2821 3501 3078 3558 demittit.
3132 3504 3319 3575 Neque
3372 3511 3516 3563 enim

1940 3579 2194 3634 columba
2254 3590 2337 3636 est
2393 3582 2633 3653 Spiritus
2689 3598 2935 3645 sanctus.
2974 3593 3157 3663 Neque
3193 3596 3303 3650 lucc
3332 3598 3517 3668 verba,

1948 3690 1964 3721 ι
1994 3673 2097 3737 Qui
2126 3684 2207 3728 est
2236 3675 2288 3728 in
2321 3676 2513 3732 dextra
2543 3678 2654 3744 Dei,
2684 3681 2774 3749 qui
2794 3692 2848 3736 et
2874 3685 3167 3740 intercedit
3191 3703 3286 3756 pro
3302 3691 3513 3755 nobis,»

1941 3764 2036 3827 ita,
2059 3775 2114 3818 ut
2134 3765 2280 3821 dicta
2302 3781 2456 3833 sunt,
2479 3771 2787 3842 intelligere
2825 3775 3106 3838 debemus,
3132 3783 3288 3848 quasi
3317 3782 3370 3835 in
3398 3783 3518 3837 loco

1940 3856 2083 3913 Deus
2112 3860 2202 3923 sit,
2235 3868 2289 3915 et
2318 3862 2583 3930 unigeniti
2623 3863 2743 3917 Filii
2791 3882 2888 3934 pro
2925 3870 3084 3924 nobis
3121 3873 3519 3930 intercessione

1940 3946 2198 4011 indigeat.
2235 3948 2411 4005 Simili
2443 3954 2673 4019 ratione,
2726 3971 2905 4026 neque
2936 3954 3322 4029 prophetarum
3355 3965 3517 4019 visio-

1939 4052 2035 4090 nes
2064 4046 2119 4091 et
2166 4052 2354 4103 voces,
2418 4040 2521 4095 hoc
2584 4054 2761 4111 erant,
2822 4050 2968 4116 quod
3014 4056 3515 4119 repraesentahant;

1938 4127 2031 4181 sed
2064 4127 2400 4185 voluntatem
2470 4131 2560 4186 Dei
2618 4136 3029 4203 signiﬁcabant,
3073 4142 3153 4195 vel
3198 4146 3517 4211 permissio-

1938 4236 2084 4283 nem,
2113 4230 2167 4274 et
2198 4221 2570 4277 obedientiam
2613 4227 2986 4285 obedientium
3008 4272 3022 4296 ,
3053 4241 3106 4288 et
3126 4246 3380 4290 conatum
3414 4254 3513 4291 au-

1934 4309 2202 4365 dentium.
2263 4312 2736 4378 Quemadmodum
2785 4324 2950 4376 etiam
3010 4328 3238 4396 spiritus
3280 4332 3513 4385 mendax

1937 4419 2031 4471 per
2095 4421 2157 4460 os
2212 4407 2846 4480 pseudoprophetarum,
2917 4416 3024 4472 Deo
3050 4422 3426 4489 permittente,
3459 4432 3515 4478 et

1860 4500 1903 4554 Ι)
1932 4492 2205 4560 diabolus,
2239 4499 2331 4566 qui
2394 4497 2616 4564 Jobum,
2655 4502 2761 4557 Deo
2808 4521 2916 4559 non
2973 4518 3209 4574 ostante,
3258 4516 3510 4567 tentavit.

1937 4583 2039 4638 Per
2065 4586 2209 4654 quod
2241 4588 2429 4642 docuit
2482 4605 2581 4646 nos
2619 4592 2925 4661 Scriptura,
2956 4600 3101 4666 quod
3128 4615 3155 4652 a
3190 4601 3303 4655 Deo
3324 4604 3513 4657 condi-

1935 4686 2047 4741 tus,
2100 4684 2154 4729 et
2215 4679 2318 4732 sub
2351 4680 2474 4749 ejus
2504 4680 2753 4738 dominio
2785 4686 2880 4749 sit,
2933 4690 3025 4754 qui
3054 4690 3235 4746 adstat
3264 4696 3509 4749 omnium

1935 4769 2171 4823 creatori
2226 4769 2481 4836 Domino,
2540 4789 2649 4828 non
2714 4776 3004 4833 obcdiendi
3056 4784 3362 4852 proposito,
3415 4787 3508 4840 sed

1935 4869 2147 4926 natura)
2197 4862 2437 4931 quodam
2503 4866 2690 4932 ductu,
2728 4869 2911 4923 animo
2936 4872 3155 4939 quidem
3179 4875 3508 4939 abalienato,

1934 4951 2029 5007 sed
2062 4954 2316 5006 essentia:
2348 4954 2438 5008 Dei
2472 4956 2877 5024 quodammodo
2903 4964 3198 5033 particeps.

2007 5041 2348 5098 Etlosanhat
2380 5061 2470 5097 rex
2491 5044 2635 5099 Juda
2664 5064 2782 5101 cum
2813 5066 2894 5103 eo.
2930 5050 3218 5110 Profectus
3258 5067 3339 5111 est
3400 5076 3501 5111 uua

1502 5264 1729 5319 VARIA‘".
1778 5268 2177 5325 LICCTIONES.

353 5362 376 5389 ε
408 5350 461 5405 In
499 5350 705 5407 Catena
774 5354 1000 5419 Veneta,

1077 5358 1173 5409 fol.
1206 5357 1312 5411 202i
1341 5360 1406 5412 ad
1437 5360 1502 5413 Ill
1534 5358 1663 5426 Reg.
1712 5379 1847 5428 χχιι,
1912 5367 2007 5425 19,
2048 5365 2138 5418 ubi
2196 5366 2263 5420 de
2309 5367 2549 5422 Mieha‘a‘.
2587 5372 2797 5425 visione

2846 5376 3007 5427 verba
3044 5378 3195 5432 ﬁunt.
3223 5381 3495 5447 prolixum

241 5420 613 5491 fragmentum
639 5425 901 5509 scribitur
927 5428 1029 5480 sub
1052 5429 1210 5509 titulo
1246 5420 1622 5509 6266mm}th
1645 5436 1707 5484 ἐκ
1739 5420 1905 5509 τοῦ⁷γ⁹
1934 5435 1973 5509 λς

1860 5433 1905 5501 γ’
1934 5435 2088 5500 λόγου
2114 5436 2207 5488 τοῦ
2238 5442 2375 5489 κατὰ
2407 5440 2742 5509 Μανιχσιίων.
2792 5445 3103 5498 Theodoreti
3152 5420 3401 5503 m‘llertio
3434 5453 3497 5504 li-

238 5492 331 5544 bro
390 5504 580 5545 contra
640 5492 994 5573 Μᾳῃὶεζιιιεοε,
1031 5497 1179 5573 quod
1227 5492 1973 5573 certe,essetincognilu'm'l

1860 5492 1931 5557 ιήι
1956 5492 2287 5559 Theodoreti
2340 5524 2372 5559 o

2379 5526 2517 5577 pus;
2550 5522 2924 5588 verumtamen
2969 5518 3071 5569 hoc
3101 5519 3238 5571 idem
3268 5536 3496 5588 prorsus

241 5562 610 5631 fragmentum
638 5565 747 5617 vidi
781 5564 989 5619 editum
1031 5562 1084 5621 in
1111 5569 1313 5622 Catena
1342 5568 1613 5638 Lipsiensi
1648 5562 2067 5642 advprtedictum
2105 5562 2405 5653 llibliorum
2434 5562 2614 5634 locum
2658 5586 2761 5636 sub
2792 5585 3041 5653 l’t'oe0pii
3072 5562 3311 5644 nomine.
3350 5591 3496 5646 Sane

241 5631 568 5653 I\A_.u_',-_u-
618 5635 875 5653 -._r-.‘_,
1020 5648 1029 5653 .
1268 5642 1276 5648 -
1493 5649 1502 5653 -
1621 5643 1669 5653 σι
1833 5646 1861 5653 .-

239 5631 571 5713 Procopium
610 5635 1174 5725 confecisse‘ciiteiias
1203 5631 1432 5725 scimus,
1457 5649 1508 5691 et
1540 5631 1760 5721 quidem
1792 5646 2015 5725 aliquas.
2044 5648 2371 5725 continuato
2419 5667 2669 5725 sermone
2713 5631 3137 5725 suppress'isque
3198 5667 3488 5714 auctorum

238 5705 517 5756 variorum
546 5705 883 5776 nominibus.
916 5705 1059 5760 Nihil
1099 5724 1227 5776 ergo
1257 5712 1436 5764 obstat
1468 5705 1763 5776 quominus
1792 5714 1828 5766 l’

1839 5718 2138 5799 noco'piusa
2164 5716 2889 5799 Tlmmloretonhunclocum
2928 5716 3221 5799 sumpserit
3257 5749 3267 5782 :
3315 5746 3493 5799 quau-

238 5789 402 5842 quam
431 5789 532 5842 ego
572 5774 625 5827 in
661 5774 761 5828 hoc
795 5777 960 5832 dubio
1004 5774 1376 5833 nihildeliuio.
1411 5774 1542 5837 Axis.
1583 5782 1710 5853 MM,
1745 5774 1999 5841 Ιίἰίιίιοιίὶ.
2048 5804 2179 5839 nom
2226 5786 2468 5853 Patrum,
2504 5791 2586 5858 ΙΙΙ,
2637 5793 2751 5847 HS.
