4238 6458
712 333 849 399 1179

2034 346 2381 407 PROCOI‘II
2422 350 2663 411 GAZEI

3845 354 3984 420 1180

708 460 832 496 cum
889 443 1097 500 Achab.
1149 461 1245 500 Sua
1303 448 1502 517 pietate
1558 466 1669 505 rem
1703 452 1982 522 indignam
2056 455 2285 510 faciens.

2396 461 2609 530 απῆρεν
2656 416 2899 531 ⁵Δχα3ί6,
2972 461 3073 532 τῆς
3130 462 3269 526 ίδίας
3313 460 3597 526 εὐσεϐείας
3651 416 3983 529 ἀνάξια

708 532 841 585 Cum
890 532 1033 587 enim
1089 538 1409 604 prophetam
1462 540 1882 609 requisivisset,
1948 545 2296 613 pscudOpro-

708 624 900 692 phetas
931 624 1257 693 ablegassct,
1286 640 1334 680 et
1372 644 1434 681 ex
1475 629 1697 683 Michzea
1723 633 1984 701 quidnam
2023 638 2292 703 agendum

706 722 851 767 esset
888 715 1191 781 didicisset,
1224 720 1518 771 amicitiam
1569 728 1751 775 tamen
1790 724 1977 791 pietati
2047 740 2188 780 vera:
2240 735 2294 780 et

710 804 956 871 religioni
1018 808 1278 875 praetulit.
1348 811 1616 863 (Iretemm
1680 822 1901 882 propter
1958 815 2097 870 alias
2165 832 2294 872 suas

706 896 939 949 virtutes
968 913 1115 949 ειη-το
1149 898 1237 952 Dei
1273 914 1401 969 erga
1446 916 1505 955 se
1551 902 1787 963 fructum
1818 907 2080 974 percepit.

779 986 945 1041 Vens.
1004 988 1091 1041 38.
1136 988 1323 1043 Scorta
1355 992 1671 1046 lavabantur
1704 996 1757 1047 in
1799 999 2055 1064 sanguine
2101 998 2291 1066 ipsius.

709 1074 901 1127 Seni'ta
948 1078 1050 1130 sub
1093 1092 1346 1132 auroram
1384 1097 1481 1150 pro
1519 1098 1670 1137 niore
1710 1084 2049 1152 lavabantur,
2087 1104 2195 1141 non
2228 1088 2297 1142 de

707 1166 977 1220 industria
1038 1169 1088 1220 in
1126 1172 1393 1238 sanguine
1434 1173 1680 1228 volentes
1713 1176 1906 1237 lavari,
1940 1177 2058 1238 sed,
2103 1194 2293 1247 quem-

708 1258 999 1311 admodum
1039 1273 1457 1328 consueverant,
1488 1265 1541 1317 in
1578 1281 1718 1334 aqua
1768 1266 1990 1321 fmuaua
2020 1285 2035 1331 ;
2070 1271 2161 1322 illa
2193 1284 2294 1321 au-

707 1357 815 1401 tem
868 1352 1133 1419 sanguine
1186 1353 1358 1406 tincta
1387 1366 1526 1409 erat.
1583 1356 1646 1410 Et
1694 1359 1808 1412 hree
1840 1375 1999 1428 paena
2058 1361 2298 1415 humano

707 1457 859 1495 more
910 1443 1161 1496 acerbior
1215 1459 1338 1498 esse
1389 1446 1504 1501 visa
1547 1456 1668 1501 est.‘
1695 1446 1926 1514 Quidam
1962 1465 2111 1514 vero,
2159 1451 2301 1504 indi-

706 1550 870 1601 gnum
925 1544 1201 1602 putantes,
1233 1543 1291 1589 ut
1321 1537 1372 1589 in
1401 1552 1587 1591 sacras
1608 1538 1839 1594 Litteras
1869 1542 1971 1594 hoc
2009 1540 2296 1608 referatur,

705 1626 1000 1690 dixerunt,
1056 1628 1345 1695 quoniam,
1383 1638 1654 1698 quotquot
1706 1632 1869 1700 hujus
1901 1633 1974 1684 rei
2001 1634 2299 1701 participes

707 1715 951 1777 fuerunt,
996 1717 1244 1772 videntes
1305 1720 1663 1787 quiescebant
1707 1723 1758 1774 in
1798 1724 2093 1790 ‘posterum
2152 1726 2296 1779 rela-

2398 550 2636 619 δρακὼς.
2676 551 3048 621 Ἑπιζητήσας
3078 550 3188 619 γὰρ
3231 552 3541 622 προφήτην,
3575 555 3671 605 καὶ
3702 555 3830 617 τοὺς
3854 556 3983 624 ψευ-

2398 640 2748 708 δοπροφήτας
2774 640 3268 710 ἀποπεμψάμενος,
3295 640 3392 692 καὶ
3416 642 3478 694 τὸ
3507 644 3785 712 πρακτέον
3827 645 3983 714 παρὰ

2399 729 2494 782 τοῦ
2514 730 2749 799 Μιχαίου
2776 730 3137 800 μεμαθηκὼς,
3160 731 3262 799 τῆς
3291 729 3579 793 εὐσεϐείας
3602 734 3980 803 προτετίμηκε

2398 821 2497 890 τὴν
2540 821 2741 889 φιλίαν.
2781 822 2927 892 Πλὴν
2976 821 3066 874 διὰ
3112 821 3208 890 τὴν
3247 820 3416 892 ἄλλην
3460 821 3630 875 αὑτοῦ
3658 823 3859 893 ἀρετὴν
3881 826 3982 895 τῆς

2401 909 2549 970 θείας
2580 911 2911 979 κηδεμονίας
2943 911 3277 966 ἀπέλαυσεν.

2472 1000 2576 1053 Καὶ
2605 1004 2663 1052 al
2691 1002 2901 1067 πόρναι
2936 1000 3275 1054 ἐλούσαντο
3308 1003 3379 1055 ἐν
3432 1000 3513 1066 τῷ
3540 1003 3743 1069 αἵματι
3768 1001 3979 1057 αὑτοῦ.

2400 1090 2467 1141 Ai
2499 1089 2692 1157 πόρναι
2726 1088 2831 1140 ὑπὸ
2852 1087 2952 1157 τὴν
2986 1089 3063 1140 ἕω
3092 1090 3236 1141 κατὰ
3276 1090 3339 1142 τὸ
3371 1089 3495 1152 ἔθος
3527 1089 3851 1153 ἐλούσαντο,
3879 1090 3983 1139 οὐκ

2401 1178 2713 1246 ἐξεπίτηδες
2747 1182 2826 1240 εἰς
2861 1178 2924 1232 τὸ
2960 1173 3100 1247 αἷμα
3141 1178 3464 1248 βουλόμεναι
3508 1179 3828 1241 λούσασθαι,
3864 1177 3984 1230 ἀλλ’

2402 1273 2482 1333 είς
2521 1271 2581 1323 τὸ
2609 1273 2865 1339 πηγαῖον,
2897 1271 2972 1332 ὡς
2999 1270 3303 1335 εἱώθεισαν,
3329 1272 3473 1342 ὕδωρ
3491 1287 3506 1303 ο
3533 1270 3693 1323 τοῦτο
3711 1270 3765 1321 δὲ
3794 1265 3862 1338 ἦν
3890 1285 3984 1321 κε-

2403 1361 2720 1431 χρωσμένον
2749 1361 2826 1431 τῷ
2854 1362 3071 1430 αἵματι.
3105 1363 3214 1415 Kal
3242 1361 3311 1414 τὰ
3339 1362 3437 1429 τῆς
3468 1360 3738 1432 τιμωρίας
3764 1359 3984 1428 ἀνθρω-

2404 1453 2572 1516 πίνως
2600 1453 2781 1516 ἔδοξεν
2828 1450 2971 1505 εἶναι
3017 1453 3340 1523 πικρότερα.
3367 1454 3525 1516 Τινὲς
3568 1453 3647 1517 δὲ,
3675 1452 3827 1513 θείας
3850 1452 3985 1503 ἀνα-

2404 1546 2625 1615 γραφῆς
2650 1544 2868 1609 ἀνάξιον
2902 1543 3059 1596 τοῦτο
3088 1545 3699 1613 νομίσαντες,ἐφασαν,
3729 1544 3835 1605 ὅτι,
3865 1543 3987 1594 ὅσοι

2404 1641 2502 1708 τῆς
2544 1638 2713 1706 αὐτῆς
2763 1638 3018 1707 πράξεως
3061 1637 3418 1697 ἐκοινώνουν,
3446 1637 3777 1703 θεασάμενοι
3806 1633 3985 1685 ὲπαύ-

2410 1747 2572 1781 σαντο
2602 1729 2788 1781 λοιπὸν
2812 1730 2886 1792 ὡς
2923 1730 3057 1799 πρός
3084 1746 3155 1781 τι.
3192 1729 3301 1781 Kal
3334 1732 3381 1781 εί
3429 1728 3504 1798 μὴ
3535 1728 3707 1797 αὐτὴν
3733 1728 3848 1793 ἕξιν
3877 1727 3987 1779 ἁπ-

705 1806 829 1867 tive,
868 1807 1119 1873 quamvis
1148 1817 1400 1860 naturam
1436 1825 1543 1863 non
1576 1813 1760 1865 statim
1799 1815 2175 1877 mutaverint,
2235 1822 2290 1868 et

2404 1820 2597 1874 έῦαλον
2622 1819 2842 1882 εὐθέως,
2882 1821 2975 1871 καὶ
3000 1819 3141 1871 κατά
3171 1820 3327 1872 τοῦτο
3357 1818 3645 1871 ἐλούσαντο
3673 1820 3729 1869 ὲν
3772 1816 3851 1885 τῷ
3895 1817 3988 1867 αἷο

699 1898 855 1965 juxta
921 1896 1025 1951 hoc
1086 1899 1408 1954 lavabantur
1451 1902 1506 1955 in
1574 1905 1838 1973 sanguine
1897 1905 2111 1973 ipsius,
2172 1920 2297 1959 cum

708 2003 858 2042 mors
890 1989 1097 2043 Achabi
1137 1993 1389 2059 purgatio
1426 1994 1667 2062 ipsorum
1706 1993 1894 2061 ﬁeret;
1942 2010 2064 2048 nam
2100 1995 2298 2049 intem-

703 2084 1007 2149 perantiam
1042 2093 1095 2139 et
1146 2088 1503 2155 petulantiam
1556 2089 1799 2157 ipsorum
1834 2087 2133 2157 prohibuit,
2169 2102 2294 2141 cum

704 2173 768 2225 ad
805 2174 948 2227 hunc
985 2176 1205 2229 modum
1241 2177 1464 2233 lascivia
1508 2178 1597 2233 illa
1650 2187 1705 2234 et
1736 2178 2157 2247 intemperantia
2192 2193 2293 2248 pu-

702 2262 933 2316 niretur.
970 2263 1208 2333 Simplex
1242 2275 1295 2321 et
1346 2268 1613 2324 innocens
1673 2272 1889 2324 cautior
1923 2269 2004 2333 tit,
2033 2269 2187 2337 juxta
2223 2269 2290 2322 il-

706 2353 795 2407 lud
841 2357 985 2422 quod
1024 2357 1078 2410 in
1118 2359 1394 2425 parabolis
1428 2361 1644 2430 legitur.
1676 2359 1790 2426 Sic,
1821 2360 1977 2430 juxta
2009 2358 2290 2423 Davidem,

704 2446 869 2496 etiam
914 2446 1093 2514 justus
1141 2462 1338 2504 manus
1370 2465 1500 2506 suas
1532 2451 1677 2504 lavat
1709 2451 1763 2505 in
1798 2450 2064 2522 sanguine
2094 2445 2319 2519 pecca-'

708 2535 861 2588 turis.

824 2748 2835 2779 _.__.___________________________

2409 1926 2535 1979 ματι
2567 1907 2756 1971 αὐτοῦ,
2790 1906 2880 1960 τοῦ
2911 1906 3144 1960 Θανάτου
3182 1905 3392 1975 Ἀχαὰό
3423 1903 3769 1975 καθαρισμοῦ
3794 1902 3983 1955 αὐτῶν

2403 2000 2716 2070 γενομένου.
2766 1998 3081 2060 κωλυτικὸς
3106 2000 3215 2068 γὰρ
3260 1998 3416 2066 ὤφθη
3464 1997 3561 2067 τῆς
3592 1996 3815 2049 ἐκείνων
3846 1996 3985 2046 ἀκο-

2403 2091 2617 2152 λασίας.
2652 2088 2809 2141 Οὖτω
2836 2087 3049 2141 καὶτοῦ
3085 2087 3524 2158 τιμωρουμένου,
3554 2087 3584 2137 ὁ
3612 2087 3817 2147 ἄκακος
3849 2101 3988 2135 πανο

2392 2177 2718 2248 ουργότερος
2749 2177 2989 2245 γίνεται,
3022 2176 3167 2232 κατὰ
3186 2178 3247 2228 τὸ
3274 2177 3332 2227 ὲν
3352 2178 3473 2239 ταῖς
3501 2175 3849 2247 Παροιμίαις.
3880 2171 3989 2227 Οὖ-

2393 2288 2471 2323 τω
2514 2270 2653 2322 κατὰ
2693 2268 2875 2334 Δαϐὶδ,
2908 2272 3003 2321 καὶ
3029 2268 3057 2319 ὁ
3088 2268 3296 2329 δίκαιος
3341 2267 3441 2329 τὰς
3487 2268 3677 2337 χεῖρας
3708 2263 3878 2319 αὑτοῦ
3906 2264 3991 2315 νί-

2397 2379 2593 2416 πτεται
2626 2364 2684 2413 ἐν
2716 2361 2793 2429 τῷ
2826 2361 3019 2431 αἵματι
3070 2358 3166 2412 τοῦ
3204 2357 3558 2431 ἁμαρτωλοῦ.

3560 2760 3955 2780 ἡ

849 2933 1091 3048 ΕΙΣ
1188 2937 1506 3053 ΤΗΝ
1616 2942 2417 3059 ΤΕΤΑΡΤΗΝ
2528 2945 2827 3059 ΤΩΝ
2960 2937 3819 3099 ΒΑΣΙΛΕΙΩΝ.

1125 3350 1283 3473 ΙΝ
1370 3351 1985 3482 LIBRUM
2083 3354 2871 3504 QUARTUM
2934 3354 3547 3483 BEGUM.

1237 3765 1399 3840 540
1431 3766 1663 3824 CAPUT
1690 3766 1732 3823 ι.

777 3910 940 3967 Vens.
1002 3910 1051 3963 1.
1090 3905 1163 3960 Et
1216 3908 1600 3977 prwvaricatus
1642 3918 1721 3963 est
1782 3907 1941 3962 Moab
1993 3911 2046 3962 in
2096 3906 2293 3967 Israel.

703 4004 950 4057 Moabitae
979 4000 1221 4063 Aehabo,
1254 4001 1415 4068 cujus
1447 3999 1678 4068 imperio
1708 4000 1996 4068 parebant,
2028 4000 2293 4053 tributum

713 4094 1046 4163 pendebant.
1088 4092 1181 4145 Illo
1212 4100 1391 4144 autem
1422 4089 1706 4156 defuncto,
1736 4090 1906 4145 lilium
1939 4098 2297 4145 contemnen-

706 4195 811 4246 tes,
846 4184 1203 4238 deiectionem
1238 4181 1306 4235 ab
1334 4194 1398 4235 eo
1434 4179 1704 4234 fecerunt.

775 4296 939 4350 Vens.
972 4293 1109 4349 ειη
1142 4294 1403 4347 cancellos
1438 4295 1714 4372 (miraculi.
1755 4293 1961 4351 Domus
1993 4304 2111 4351 erat
2141 4296 2292 4351 aesti-

703 4390 860 4455 walis,
923 4403 1044 4458 qua:
1094 4387 1293 4440 multas
1332 4385 1626 4450 fenestras,
1664 4387 1719 4441 in
1746 4388 1967 4443 modum
2000 4389 2133 4445 retis
2164 4405 2295 4445 can-

702 4485 927 4537 cellatas
951 4481 1206 4542 habebat,
1231 4493 1369 4547 quas
1401 4479 1560 4549 vulgo
1582 4479 1903 4551 διατρήτους
1932 4483 2231 4550 appellant.

777 4573 945 4627 Vens.
970 4574 1023 4627 (i.
1056 4570 1293 4624 Idolum.
1316 4569 1599 4639 Scriptura
1622 4610 1637 4636 ,
1681 4570 1825 4625 idola
1845 4572 2294 4643 προσνιχθίσματα

706 4668 798 4721 καὶ
824 4664 1175 4737 βδελύγματα
1201 4662 1438 4731 appellat
1463 4679 1477 4725 ;
1532 4662 1902 4717 abominanda
1961 4664 2109 4717 enim
2139 4672 2289 4728 ειιιιι,

704 4773 758 4816 et
792 4762 1006 4820 odiosa,
1046 4758 1099 4811 id
1133 4756 1279 4827 quod
1313 4755 1588 4824 signiﬁcat
1646 4757 2052 4827 προσόχθισμα,
2091 4772 2288 4826 quem-

703 4853 993 4907 admodum
1040 4848 1288 4904 Rebecca
1334 4848 1610 4916 loquitur:
1642 4847 2008 4918 Προσώχθισα
2044 4851 2112 4920 τῇ
2140 4848 2288 4921 ψυχῇ

706 4965 830 5017 μου,
891 4944 980 4998 διὰ
1009 4944 1107 5005 τὰς
1136 4942 1443 5012 Θυγατέρας
1472 4941 1581 4993 τῶν
1614 4942 1940 4995 Χαναναίων
1968 4960 1982 5009 ;
2017 4941 2122 4997 hoc
2163 4951 2247 4997 est
2273 4960 2285 4996 :

702 5040 807 5098 Odi
854 5039 1089 5090 animant
1117 5051 1288 5087 meam
1342 5043 1558 5103 propter
1620 5033 1767 5102 ﬁlias
1837 5034 2286 5088 Chananu'orum.

702 5133 766 5187 Et
796 5131 990 5195 David,
1027 5131 1217 5208 Κακία
1254 5127 1310 5182 δὲ
1340 5129 1402 5181 οὐ
1452 5127 1827 5199 προσώχθισα,
1864 5128 1916 5182 id
1960 5136 2067 5192 est,
2113 5146 2129 5179 ι
2171 5126 2287 5181 Non
2323 5159 2366 5214 Β

698 5226 783 5278 odi
817 5224 986 5276 illam.
1024 5240 1043 5272 ι
1078 5202 1273 5274 Mérito
1300 5228 1482 5274 autem
1515 5220 1851 5289 deploranda
1881 5227 1964 5274 est
1994 5219 2286 5288 impiorum

698 5316 933 5371 insania.
966 5314 1179 5369 Ltenim
1203 5329 1311 5368 non
1328 5314 1507 5368 solum
1540 5328 1733 5383 magna
1767 5312 2044 5375 animalia,
2066 5309 2161 5366 sed
2189 5310 2293 5364 mi-

698 5412 845 5465 nima
877 5410 1042 5463 etiam
1092 5418 1147 5465 et
1166 5407 1355 5461 odiosa
1385 5422 1485 5476 pro
1513 5405 1622 5460 diis
1641 5406 1953 5459 coluerunt.
1975 5402 2116 5470 Quid
2143 5404 2288 5458 enim

696 5501 944 5555 odiosius
992 5508 1045 5554 et
1096 5500 1464 5567 contemptius
1517 5498 1749 5553 musca?
1794 5496 2167 5552 Nihilominus
2200 5504 2285 5551 ta-

696 5609 844 5657 men,
872 5594 1063 5648 relicto
1080 5592 1376 5647 Couditore
1407 5591 1676 5654 universu,
1700 5605 1901 5645 muscae
1925 5589 2286 5643 simulacrum

695 5688 763 5740 de
799 5689 906 5739 vita
942 5686 1322 5740 consulebant.
1368 5683 1539 5739 Porro
1569 5698 1634 5738 ex
1684 5682 1790 5749 his,
1833 5696 1956 5752 qua:
2014 5677 2290 5736 Eusebius

698 5783 969 5854 principio
1007 5780 1771 5853 Evmtgclicwprwparutionts
1810 5795 1874 5836 cx
1913 5777 2069 5835 libris
2104 5774 2289 5834 Philo-

2823 3768 3223 3823 ΚΕΦΑΛΑΙΟΝ
3266 3766 3567 3822 ΠΡΩΤΟΝ.

2476 3905 2585 3961 Καὶ
2635 3904 2895 3973 ἠθέτησε
2951 3906 3130 3959 Μωὰϐ
3187 3906 3259 3958 ἐν
3293 3904 3561 3971 Ἰσραήλ.
3621 3902 3839 3972 Δασμδν
3867 3903 4000 3972 ἔφες

2404 4016 2496 4070 ρον
2552 4000 2600 4051 οι
2649 3998 2934 4052 Μωαϐῖται
2990 3997 3070 4067 τῷ
3125 3980 3451 4067 mimae;
3502 3998 3756 4065 ὑπήκοοι.
3791 3996 4000 4049 Ta).er

2401 4092 2669 4161 στήσαντος
2686 4090 2741 4144 δὲ
2770 4092 3005 4159 ἐκείνου,
3034 4092 3556 4161 καταφρονήσαντες
3579 4090 3671 4143 τοῦ
3690 4090 3859 4155 υἱέος,
3886 4091 4002 4143 ἀπ-

2404 4183 2634 4253 έκοψαν.

2466 4300 2566 4362 El;
2606 4298 2674 4351 τὸ
2715 4295 3049 4351 δικτυωτὸν
3086 4298 3383 4366 ὑπερῷον.
3430 4294 3594 4361 Οἶκος
3648 4292 3717 4369 ἦν
3752 4297 3995 4368 θερινὸς,

2401 4387 2607 4452 πολλὰς
2655 4388 2797 4457 ἔχων
2851 4388 3231 4457 φωταγωγοὺς
3258 4388 3614 4452 δικτυοειδεῖς
3647 4406 3997 4443 κατεσκευα-

2402 4479 2630 4550 σμένας,
2664 4482 2729 4542 ἃς
2782 4480 3108 4550 διατρήτους
3134 4479 3499 4545 ὀνομάζουσιν
3531 4481 3581 4532 οί
3611 4479 3831 4532 πολλοίί

2470 4572 2923 4637 Προσόχθισμα.
2969 4566 3453 4637 Προσοχθίσματα,
3478 4566 3573 4620 καὶ
3616 4565 3995 4636 βδελύγματα,

2399 4659 2468 4712 τὰ
2498 4659 2691 4713 εἷδωλα
2725 4677 2889 4729 φησιν
2917 4660 2949 4729 ἡ
2985 4659 3203 4729 Γραφή.
3241 4657 3482 4730 Βδελυρὰ
3506 4657 3637 4727 γὰρ,
3668 4656 3762 4710 καὶ
3795 4657 3999 4726 μίσους

2398 4752 2546 4817 ἄξια,
2573 4752 2600 4803 ὃ
2630 4751 2781 4824 δηλοῖ
2800 4752 2861 4804 τὸ
2882 4751 3286 4821 προσόχθισμαο
3338 4744 3478 4819 (bii;
3511 4748 3780 4802 Ῥεϐέκκα
3812 4748 3952 4819 φησί
3977 4764 3994 4779 θ

2398 4842 2798 4912 Προσώχθισα
2824 4840 2899 4910 τῇ
2920 4847 3010 4910 ἐὔ-υ
3020 4841 3101 4911 χῇ
3119 4858 3258 4909 μου,
3275 4839 3374 4893 διὰ
3390 4839 3495 4905 τὰς
3518 4840 3848 4908 θυγατέρας
3870 4838 3997 4892 τῶν

2397 4937 2772 5000 Χαναναίων,
2801 4936 3075 4998 τουτέστι,
3109 4932 3429 5003 Μεμίσηκα.
3462 4930 3573 4985 Kal
3606 4933 3633 4984 ὁ
3656 4929 3847 4983 Δαδίδ·
3874 4933 3996 4985 Ka-

2398 5030 2498 5094 κιῃ
2524 5026 2592 5079 δὲ
2619 5028 2692 5081 οὐ
2754 5025 3164 5095 προσώλθισα,
3216 5024 3519 5087 τουτέστιν,
3569 5023 3670 5076 οὐκ
3715 5022 3992 5092 ἐμίσησεν

2398 5119 2589 5190 αὐτήν.
2649 5118 2879 5189 θρηνεῖν
2919 5117 2975 5170 δὲ
3022 5116 3173 5184 ἄξιον
3238 5116 3339 5184 τὴν
3372 5115 3484 5168 τῶν
3530 5114 3808 5169 δυσσεὸῶν
3857 5115 3991 5167 ἀλο-

2394 5213 2543 5280 γίαν.
2582 5211 2656 5263 Οὐ
2679 5210 2790 5280 γὰρ
2821 5210 2982 5280 μόνον
3002 5210 3071 5263 τὰ
3101 5210 3335 5280 μέγιστα
3367 5206 3476 5260 τῶν
3501 5205 3657 5271 ζώων
3702 5206 3993 5276 ἐθεοποίη-

2394 5322 2515 5369 σαν,
2553 5303 2691 5357 ἀλλὰ
2744 5304 2839 5357 καὶ
2879 5303 2948 5357 τὰ
2981 5302 3360 5374 σμικρότατα,
3392 5302 3496 5354 καὶ.
3537 5301 3734 5371 μίσους
3784 5303 3989 5370 μεστά.

2393 5399 2459 5451 Τί
2490 5399 2599 5469 γὰρ
2646 5395 3016 5469 μυσαρότερον
3090 5395 3299 5465 μυίας;
3346 5394 3488 5447 Ἀλλ’
3526 5396 3698 5465 ὅμως,
3743 5393 3837 5447 τὸν
3878 5394 3992 5447 τῶν

2394 5490 2531 5543 ὅλων
2584 5489 2982 5552 καταλιπόντες
3029 5489 3184 5551 Θεὸν,
3239 5488 3299 5541 τὸ
3339 5488 3543 5559 ταύτης
3600 5486 3831 5557 ῐνδαλμα
3858 5490 3996 5558 περὶ

2396 5586 2543 5655 ζωῆς
2575 5582 2900 5657 ἐπηρώτων.
2931 5583 3080 5653 Πλὴν
3108 5583 3227 5636 ἔστι
3262 5583 3452 5653 μαθεῖν
3499 5582 3560 5647 ἐξ
3602 5574 3677 5635 ὧν
3720 5580 3994 5645 Εὒσέϐιος

2397 5680 2454 5732 ὲν
2486 5680 2627 5750 ἀρχῇ
2660 5678 2759 5747 τῆς
2776 5676 3193 5745 Εὑατγελικῆς
3218 5672 3739 5744 προπαρασκευῆς
3770 5676 3837 5729 ὲκ
3874 5676 3995 5729 τῶν

2396 5770 2633 5834 Φίλωνος
2660 5768 3042 5841 παρατίθεται,
3088 5767 3164 5830 ὡς
3212 5766 3423 5839 δαίμων
3483 5763 3584 5837 ἦν,
3619 5764 3764 5820 οὕτω
3826 5767 3991 5836 λεγό-
