4238 6458
324 358 455 426 1181

317 482 511 533 μενοςο
551 472 750 539 μᾶλλον
796 476 851 530 δὲ

312 573 435 611 σαν.

384 732 793 798 Καταϐήσεται
824 740 944 807 πῦρ
977 743 1044 796 ἐκ
1090 748 1195 800 τοῦ
1225 754 1507 817 οὐρανοῦ.
1542 760 1603 809 Οἱ
1635 762 1723 812 τὸν
1754 779 1889 830 προ-

310 818 487 887 φήτην
526 822 617 872 ἐπὶ
642 827 754 886 τοῖς
792 837 1280 905 πεντηκοντάρχοις
1312 842 1594 913 ὠμότητος
1625 818 1885 919 αἰτιώμε-

305 924 406 970 νοι,
443 912 582 962 κατὰ
615 914 750 967 Θεοῦ
797 919 1120 976 λανθάνουσι
1157 926 1608 999 βλασφημοῦντες
1634 978 1647 993 .
1685 939 1776 991 τοῦ
1823 944 1886 995 τὸ

307 998 420 1068 πῦρ
454 1002 899 1073 ἀποστείλαντος.
938 1015 1056 1084 Χρὴ
1110 1019 1216 1087 γάρ
1257 998 1454 1075 εἰδέναι
1493 1027 1593 1093 τῆς
1624 1030 1775 1092 θείας
1808 1036 1886 1085 οἰ-

305 1092 567 1157 κονομίας
604 1096 663 1146 τὸ
692 1097 923 1164 δίκαιον,
960 1108 1053 1157 καὶ
1083 1107 1156 1169 ὡς
1187 1111 1244 1161 ἐν
1274 1112 1395 1183 δίκῃ
1426 1116 1644 1180 κολάζει
1676 1137 1755 1183 τε,
1789 1127 1883 1175 καὶ

303 1182 467 1236 πάλιν
499 1187 797 1255 εὐεργετεῖ.
841 1194 1002 1263 Δῆλοι
1051 1197 1105 1249 δὲ
1153 1197 1294 1269 ἦσαν
1326 1182 1391 1257 οἰδ
1424 1211 1880 1283 πεντηκόνταρχοι

302 1274 444 1339 μετὰ
475 1277 583 1328 τῶν
612 1279 899 1348 ἑπομένων
923 1286 999 1356 τῷ
1046 1292 1233 1360 σκοπῷ
1263 1300 1615 1365 πεπομφότος
1643 1304 1879 1371 συμϐαί-

298 1379 501 1426 νοντες.
551 1368 609 1420 Ὀ
657 1370 765 1441 γὰρ
784 1374 987 1443 τρίτος,
1047 1381 1319 1454 ἐπιεικείᾳ
1364 1388 1457 1439 καὶ
1503 1392 1682 1445 πίστει
1712 1412 1880 1463 προσ·

298 1454 571 1522 ενεχθεὶς,
596 1463 663 1530 τῇ
718 1465 885 1535 πείρᾳ.
928 1469 1026 1537 τὴν
1055 1471 1289 1543 δύναμιν
1330 1478 1426 1529 τοῦ
1460 1484 1738 1552 προφήτου
1771 1504 1878 1554 μαοε

296 1543 429 1609 θὼν,
474 1548 822 1616 διασώζεται.
874 1560 1031 1624 Τινὲς
1071 1563 1127 1615 δέ
1177 1582 1360 1633 φασιν,
1398 1570 1471 1633 ὡς
1502 1543 1645 1640 ’μετά
1680 1543 1878 1648 πολλῆς

294 1638 585 1706 εἰρωνείας
609 1648 1001 1715 προσελθόντες
1044 1655 1273 1711 ἐκάλουν
1302 1661 1392 1714 τὸν
1439 1638 1669 1732 δίκαιον,
1712 1638 1878 1722 κατα.ζ

294 1733 499 1787 ϐαίνειν
544 1740 793 1795 ἐκέλευον
848 1747 986 1815 πρὸς
1033 1750 1250 1813 αύτούς.
1291 1755 1622 1812 Ὅθεν⁹ἀντ’
1664 1764 1871 1815 ἐκείνου

293 1822 408 1892 πῦρ
467 1830 752 1899 κατελθὸν,
802 1838 929 1900 τοὺς
996 1841 1331 1909 ἀσεϐοῦντας
1388 1851 1757 1921 κατέφλεξεν,
1799 1860 1879 1921 εἰς
1911 1834 1953 1888 Β

291 1916 546 1971 παιδείαν
594 1921 687 1975 τοῦ
746 1926 821 1996 μὴ
878 1928 989 1982 δεῖν
1044 1932 1323 2007 διασύρειν
1369 1942 1460 1994 καὶ
1526 1945 1743 2011 παίζειν
1796 1949 1875 2004 δι-

295 2006 507 2072 καίους.

893 2207 1144 2266 ΚΕΦΛΛ.
1194 2213 1271 2269 B'.

364 2284 493 2340 Ὀτι
528 2292 640 2345 οὐκ
678 2293 759 2361 ἦν
804 2297 964 2363 αὐτῷ
995 2304 1146 2369 υἱός.
1170 2306 1308 2371 Παῖς
1337 2311 1447 2378 γὰρ
1479 2314 1565 2367 ἀεὶ
1599 2318 1735 2386 μετὰ
1764 2337 1873 2374 πα·-

286 2379 420 2449 τέρα
450 2383 594 2475 κατά
629 2384 795 2455 νόμον
816 2390 917 2460 τὴν
946 2392 1225 2461 βασιλείαν
1252 2402 1484 2472 ἐδέχετο.
1521 2379 1783 2475 Ἂπαιδος
1815 2413 1873 2467 δὲ

282 2471 437 2534 ὄντος
466 2474 558 2526 τοῦ
582 2476 1028 2549 τελευτήσαντος,
1063 2488 1169 2541 τῶν
1222 2492 1467 2562 ἀδελφῶν
1498 2500 1525 2550 ό
1561 2502 1873 2568 πρεσϐύτα·

281 2578 397 2626 τος.
431 2564 598 2620 ’Ὅθεν
628 2571 659 2639 ἡ
686 2571 780 2624 τοῦ
816 2574 981 2629 Δαὸὶδ
1014 2579 1281 2649 βασιλεία,
1318 2587 1479 2657 μέχρι
1522 2564 1622 2662 τῆξ
1699 2599 1871 2667 αιχμ.

282 2658 546 2723 αλωσίας,
584 2660 671 2714 διὰ
704 2665 911 2718 παίδων
946 2670 1204 2739 κατῆλθε.
1247 2674 1353 2729 Τοῦ
1382 2679 1438 2732 δὲ
1484 2658 1733 2753 Ἰεχονίου
1762 2658 1871 2759 λ’ρδ

279 2749 381 2815 τῆς
408 2750 777 2817 παιδοποιίας,
798 2758 1038 2825 ἁλόντος,
1058 2764 1393 2836 Ματθανίας,
1421 2773 1449 2824 ό
1478 2749 1866 2846 καλτΣεδεκίαις,

280 2840 516 2911 κατέσχε
576 2843 675 2915 τὴν
729 2846 1025 2918 βασιλείαν,
1077 2855 1222 2921 θεῖος
1274 2859 1350 2912 ὢν
1407 2867 1570 2919 αὐτοῦ
1596 2870 1735 2940 πρὸς
1765 2892 1869 2927 πα-

351 3029 457 3080 Καὶ
490 3030 873 3096 πεντήκοντα
899 3036 1115 3106 ἄνδρες
1142 3042 1260 3097 ἀπὸ
1285 3047 1405 3100 τῶν
1421 3050 1565 3104 υἱῶν
1587 3054 1706 3109 τῶν
1726 3074 1868 3126 προ-

1289 384 1823 454 COMMENTARII
1879 399 1958 458 IN
2001 404 2147 464 LIB.
2192 409 2261 465 ιν
2303 412 2594 473 REGUM.

901 481 1036 552 γυνὴ
1102 486 1302 542 παλαιά
1354 509 1454 557 τις,
1502 498 1565 565 ἢν
1627 500 1873 572 ὲθεοποίη

1966 546 1971 565 .
2006 514 2088 564 nis
2124 514 2341 568 adducit
2386 520 2642 585 colligere
2679 521 2801 573 liiet
2832 564 2845 585 ,
2884 523 3178 578 d;eniouem
3230 526 3330 579 hoc
3367 534 3584 587 nomine

3454 426 3587 489 1182

1995 606 2320 672 appcl|.~.tum
2370 607 2573 673 fuisse;
2607 611 2688 662 Vel
2722 612 2900 678 potius
2942 615 3207 667 aniculam
3265 621 3577 686 quamdam,

1991 682 2154 765 quam
2193 698 2245 750 in
2269 700 2489 751 dearum
2520 716 2803 754 numerum
2831 705 3153 759 retulerunt.

2066 789 2230 840 Vsus.
2273 788 2356 841 10.
2395 789 2686 843 Descenttat
2725 794 2857 861 ignis
2890 811 2916 847 e
2947 797 3098 849 cwlo.
3128 797 3227 861 Qui
3260 803 3573 867 praphctam

1990 878 2326 932 crudelitatis
2373 882 2424 932 in
2474 882 2970 950 quinquagenarius
3006 897 3288 951 accusant,
3344 906 3449 943 non
3497 901 3579 944 at-

1987 968 2217 1020 tendunt
2270 984 2327 1021 se
2397 969 2503 1023 Deo
2536 972 2863 1026 maledicere
2893 1013 2907 1034 ,
2939 978 3032 1043 qui
3084 979 3228 1031 hunc
3274 981 3450 1046 ignem
3510 984 3576 1038 dc

1987 1058 2127 1111 cmlo
2191 1061 2359 1113 misit.
2400 1059 2703 1117 Observare
2749 1066 2893 1117 enim
2950 1076 3165 1136 oportet
3212 1071 3425 1124 ordinis
3457 1114 3470 1135 ,
3520 1086 3575 1129 et

1986 1145 2415 1215 disiiensationis
2470 1154 2667 1208 divina:
2717 1156 3013 1223 justitiam,
3070 1160 3225 1226 quod
3277 1172 3573 1227 sequentes

1982 1235 2128 1304 jnste
2184 1240 2347 1293 etiam
2401 1244 2625 1309 puniat,
2681 1253 2732 1296 et
2789 1263 3007 1301 rursum
3074 1250 3209 1303 bene
3243 1252 3349 1306 illis
3388 1253 3573 1306 faciat.

1985 1327 2118 1382 Nam
2162 1332 2433 1385 manifesti
2481 1341 2637 1386 erant
2679 1341 3155 1402 pentecontarehi,‘
3190 1350 3243 1393 et
3291 1344 3382 1410 qui
3444 1344 3567 1396 illos

1983 1421 2384 1487 sequebantur,
2415 1422 2559 1489 quod
2591 1424 2729 1491 ejus,
2762 1428 2852 1493 qui
2893 1428 3149 1491 misisset,
3180 1447 3402 1499 scopum
3470 1435 3571 1488 sibi

1983 1525 2198 1580 quoque
2249 1516 2677 1580 proposuissent.
2709 1515 2926 1573 Tertius
2979 1522 3158 1585 enim,
3217 1525 3468 1590 aequitate
3518 1529 3571 1576 el

1984 1601 2087 1654 lide
2114 1601 2385 1657 adductus
2407 1644 2421 1667 ,
2444 1618 2569 1657 eum
2636 1604 2748 1672 ipsa
2782 1610 3115 1674 experientia
3153 1615 3430 1679 propheta:
3457 1614 3570 1667 vir-

1983 1694 2150 1742 tutem
2178 1699 2230 1744 et
2284 1693 2579 1760 potentiam
2612 1694 2917 1757 didiciSset,
2955 1711 3209 1752 servatur
3244 1702 3558 1758 iurolumis.

1983 1776 2214 1841 Quidam
2240 1787 2419 1834 autem
2444 1780 2653 1843 dicunt,
2682 1784 2849 1851 quod,
2885 1802 3078 1855 magna
3109 1789 3463 1844 ittSttllztIimtc
3493 1792 3559 1845 ad

1982 1883 2106 1922 eum
2133 1869 2469 1931 acoedentes,
2498 1873 2742 1926 voca-rint
2770 1876 3001 1941 justum,
3032 1888 3084 1932 et
3117 1882 3181 1932 ad
3218 1898 3275 1933 se
3332 1884 3561 1936 ειυςρειιι-

1980 1961 2110 2015 dere
2161 1962 2446 2029 jusserint.
2498 1962 2839 2033 Quapropter
2886 1983 2980 2035 pro
3029 1970 3134 2025 illis
3186 1973 3563 2035 dest-endem,

1980 2052 2176 2119 impios
2202 2053 2323 2107 illos
2374 2056 2674 2123 assumpsit
2712 2055 2765 2109 ir.
2821 2059 3203 2126 exeniplumet
3238 2062 3562 2115 dui'lriltaun

1979 2158 2045 2198 ne
2067 2144 2248 2215 justos
2275 2146 2536 2201 conviciis
2565 2163 2974 2217 persequamur,
2994 2152 3433 2210 nevcillmtauius
3462 2157 3567 2210 eis.

2646 2239 2795 2295 CAP.
2850 2241 2910 2295 ll.
2974 2280 2981 2287 ι

2048 2330 2209 2384 Vens.
2249 2329 2301 2385 Ι.
2344 2329 2485 2395 Quia
2514 2332 2689 2399 ﬁlium
2735 2349 2839 2386 non
2883 2334 3127 2387 habebat.
3162 2334 3387 2405 Semper
3414 2339 3557 2391 enim

1975 2421 2119 2477 ﬁlius
2157 2423 2312 2491 juxta
2362 2422 2530 2493 legem
2582 2426 2721 2494 patri
2767 2426 2820 2479 in
2869 2426 3341 2481 administratione
3412 2434 3562 2498 regni

1972 2515 2342 2577 succedebat,
2401 2525 2614 2570 mortuo
2667 2533 2828 2584 vero,
2866 2520 3044 2575 nullos
3077 2529 3198 2589 post
3248 2538 3325 2575 se‘
3358 2522 3559 2579 liberos

1973 2609 2326 2679 relinquenti,
2357 2609 2583 2663 fratrum
2620 2612 2893 2666 maximus
2946 2622 3098 2667 natu.
3142 2613 3293 2668 Unde
3344 2615 3562 2671 Davidis

1972 2715 2198 2771 regnum
2241 2716 2415 2770 usque
2448 2702 2513 2755 ad
2543 2703 2914 2770 captivitatem
2952 2719 3048 2773 per
3076 2706 3215 2759 lilios
3258 2706 3560 2765 descendit.

1970 2792 2230 2849 Jeelionia
2282 2810 2409 2849 vero
2443 2802 2603 2862 capto
2659 2804 2944 2864 antequam
2996 2796 3133 2851 ﬁlios
3184 2810 3558 2867 procreasset,

1971 2886 2273 2942 Mathanias
2309 2888 2474 2957 quiet
2501 2886 2818 2953 Sedeehias,
2841 2887 3127 2959 imperium
3155 2893 3363 2957 tenuit;
3394 2908 3563 2947 avun-

1970 2979 2128 3034 culus
2171 2980 2315 3042 euim
2353 2988 2471 3034 erat
2506 2995 2569 3032 ex
2610 2988 2786 3048 patre.

2041 3068 2211 3123 Vsus.
2246 3069 2300 3122 7.
2341 3068 2407 3122 Et
2436 3071 2821 3140 quinquaginta
2877 3072 2975 3124 viri
3007 3086 3073 3123 ea:
3104 3073 3233 3140 ﬁliis
3272 3074 3558 3142 propheta-

277 3120 506 3188 θητῶν·
549 3122 764 3194 Ἰδίωμα
826 3128 926 3197 τῆς
966 3129 1264 3202 Ἐὄραῖδος,
1298 3139 1412 3207 ἅμα
1440 3142 1496 3194 δὲ
1527 3146 1623 3198 καὶ
1648 3147 1861 3218 Σύρων,

278 3214 431 3241 ..:...‘.-
456 3216 757 3241 _--.-_-.‘.-.
803 3220 888 3241 --.Α
920 3224 1019 3241 μμ·
1099 3226 1109 3241 9
1158 3226 1183 3241 Α
1244 3228 1256 3241 ι
1604 3237 1611 3241 .

2290 3120 2299 3122 ε
2341 3120 2401 3122 κ-
2440 3120 2485 3139 .,-
2514 3120 2594 3140 κη,
3104 3120 3230 3140 ,___--
3272 3120 3528 3142 ,πρη-

1971 3178 2109 3215 rum.
2142 3159 2309 3216 Filios
2338 3162 2719 3231 prophetarum
2755 3170 2808 3214 et
2849 3163 2988 3216 lilios
3030 3163 3310 3217 hominum
3342 3205 3355 3229 ,
3389 3166 3561 3218 homi-

278 3214 431 3275 υἱοὺς
456 3216 780 3284 προφητῶν,
802 3220 895 3272 καὶ
920 3224 1069 3286 υἱοὺς
1088 3226 1411 3297 ἀνθρώπων,
1439 3237 1743 3306 προφήτας,
1768 3243 1863 3295 καὶ

276 3304 600 3374 ἀνθρώπους
646 3310 857 3377 λέγειν·
907 3317 981 3377 ὡς
1033 3318 1123 3368 τό·
1161 3315 1183 3369 ἰ
1222 3321 1340 3374 Υἱοὶ
1382 3304 1710 3398 ἀνθρώπων,
1758 3331 1862 3397 ἕως

277 3398 409 3449 πότε
442 3398 843 3471 βαρυκάρδιοις
886 3423 904 3454 ι
940 3408 1068 3461 Καί’
1110 3428 1127 3459 ι
1156 3413 1312 3465 Κατὰ
1354 3416 1413 3469 τὸ
1445 3417 1576 3487 ῦψος
1611 3440 1703 3475 σου
1732 3426 1861 3478 ἐπο-

276 3487 571 3557 λυώρησας
627 3493 755 3556 τοὺς
802 3496 952 3559 υἱοὺς
998 3500 1108 3551 τῶν
1156 3503 1478 3573 ἀνθρώπων.
1522 3532 1540 3563 ι
1576 3516 1767 3570 Πολλοὶ⁸
1807 3520 1863 3571 δὲ

274 3576 418 3653 ἦσαν
443 3586 744 3655 προφῆται,
778 3586 853 3649 ὡς
882 3589 909 3641 ὁ
931 3588 1087 3657 λόγος
1109 3594 1397 3664 ἐδήλωσεν.

358 3758 778 3862 Ἐσκζίήριίνας
821 3769 927 3822 τοῦ
968 3772 1231 3840 αἰτῆσαι.
1274 3779 1349 3833 Οὐ
1396 3781 1610 3851 φθονῶν
1637 3790 1748 3860 τῆς
1767 3796 1864 3862 χά-

276 3862 431 3939 ριτος
459 3848 537 3919 τῷ
563 3852 781 3939 μαθητῇ
829 3858 987 3913 τοῦτό
1042 3880 1229 3933 φησιν,
1259 3848 1536 3928 ἁλλὰ-τῶν
1565 3848 1740 3934 ἄλλων
1768 3848 1865 3939 άν-

276 3938 861 4046 θρώΰπρνδκηδόμενος.
909 3953 1061 4007 Ἐπεὶ
1095 3958 1202 4029 γὰρ
1238 3965 1415 4030 τρισὶν
1442 3966 1606 4033 ἔτεσι,
1637 3978 1730 4027 καὶ
1754 3994 1859 4046 μη-

1172 4028 1177 4029 ,
1275 4028 1284 4030 ε
1597 4028 1606 4033 .
1754 4028 1827 4046 ιη.

274 4031 362 4081 σίν
391 4028 484 4097 ἓξ,
516 4032 919 4105 δυσσεϐοῦντας
964 4045 1092 4109 τοὺς
1139 4050 1461 4121 ἀνθρώπους
1501 4061 1821 4120 ἐπαίδευσεν
1846 4084 1859 4097 ·

272 4121 507 4230 ἀνάῖκη.
531 4124 588 4178 δὲ
622 4122 712 4197 ἦν,
744 4130 837 4183 τὸν
870 4132 1069 4206 διπλῆς
1115 4140 1560 4216 κληρονομοῦντα
1585 4155 1683 4224 τῆς
1711 4158 1864 4230 χάρι-

272 4307 309 4375 ή
334 4306 423 4359 διὰ
448 4308 544 4361 τοῦ
572 4311 736 4380 λιμοῦ
761 4318 1027 4388 τιμωρία,
1063 4323 1242 4378 Φειδοί
1287 4335 1625 4402 κεχρημένος
1681 4306 1857 4409 εἶπεν,

288 4400 708 4471 Ἑσκλήρυνας
759 4406 869 4461 τοῦ
922 4411 1192 4479 αἰτῆσαι.
1252 4417 1424 4472 Τοῦτο
1450 4400 1508 4475 δὲ
1542 4428 1634 4479 καὶ
1657 4429 1721 4481 ὲκ
1760 4400 1860 4499 τῆς

1968 3267 2067 3307 nes
2123 3259 2179 3305 et
2211 3251 2505 3320 prolihetas
2551 3252 2842 3319 appellare,
2877 3252 3080 3307 idioma
3112 3262 3196 3308 est
3230 3253 3557 3309 l‘lebraicuut

1964 3353 2019 3400 et
2058 3340 2859 3414 Syriacum.Quemadmodum
2895 3344 3031 3398 illud
3067 3366 3076 3399 :
3135 3365 3152 3396 ι
3198 3342 3324 3399 Filii
3375 3348 3560 3401 hnmi~

1967 3448 2422 3503 num,quousque
2458 3433 2607 3502 gravi
2645 3434 2810 3489 corde
2839 3436 2973 3491 estis
3003 3437 3090 3487 ‘7?
3130 3455 3147 3487 ι
3192 3437 3255 3489 Ει
3288 3456 3299 3489 :
3340 3457 3356 3488 ι
3395 3436 3559 3492 Juxta

1967 3525 2308 3580 altitudinem
2344 3533 2489 3577 tuam
2525 3525 2899 3593 multiplieasti
2937 3526 3076 3579 ﬁlios
3119 3529 3434 3593 hominum,
3468 3546 3563 3583 eo-

1967 3631 2201 3685 rumque
2248 3630 2439 3670 curam
2484 3614 2722 3668 habuisti
2775 3614 2842 3673 ⁸⁸.
2895 3636 2913 3669 ι
2980 3618 3131 3672 Multi
3178 3630 3357 3674 autem
3404 3628 3561 3675 erant

1964 3708 2266 3779 prophetae,
2302 3715 2362 3760 ut
2398 3708 2485 3760 hic
2520 3708 2672 3762 lucus
2705 3710 2971 3763 ostendit.

2036 3801 2199 3857 Vens.
2234 3801 2319 3856 10.
2357 3800 2485 3855 Rem
2517 3803 2706 3855 durant
2740 3815 2789 3857 et
2848 3803 3109 3873 difﬁcilem
3163 3808 3412 3873 petivisti.
3442 3806 3560 3863 Non

1965 3900 2108 3969 quod
2141 3896 2410 3965 discipulo
2474 3897 2706 3962 gratiam
2753 3906 2807 3951 et
2837 3898 2979 3951 dona
3008 3898 3287 3961 invideat,
3332 3901 3445 3957 haec
3483 3903 3563 3957 lo-

1965 3988 2151 4059 quitur
2176 4028 2191 4054 ,
2227 3988 2320 4043 sed
2348 3987 2580 4054 aliorum
2613 3987 2893 4043 hominum
2930 4005 3117 4045 curam
3149 4008 3367 4061 gerens,
3402 3992 3560 4062 Nam,

1964 4094 2088 4134 cum
2133 4078 2245 4147 ipse
2295 4078 2468 4131 tribus
2528 4078 2687 4132 annis
2742 4088 2793 4133 et
2844 4094 2940 4133 sex
3000 4083 3278 4134 mensibus
3313 4083 3564 4141 homines

1964 4169 2288 4239 castigarit,
2344 4180 2397 4224 et
2451 4168 2750 4234 alllixerit,
2803 4185 3029 4225 necesse
3088 4170 3191 4224 fuit
3243 4173 3419 4237 illum,
3468 4177 3559 4245 qui

1964 4260 2237 4329 duplicem
2273 4258 2580 4329 portionem
2613 4259 2680 4313 de
2715 4261 2889 4330 gratia
2923 4258 3164 4330 Spiritus
3218 4264 3561 4331 accepisset,
3593 4289 3597 4291 λ

1965 4352 2205 4422 duplicia
2250 4352 2414 4405 etiam
2464 4350 2630 4420 opera
2674 4352 2839 4406 edere
2883 4369 2949 4406 ex
2999 4354 3200 4422 quibus
3242 4370 3412 4408 unum
3445 4367 3563 4410 erat

1963 4456 2124 4514 paena
2159 4440 2338 4496 lamis.
2368 4441 2743 4495 Misericordia
2778 4442 2940 4510 igitur
2977 4450 3153 4497 motus
3179 4480 3194 4505 ,
3226 4444 3382 4509 Rem,
3405 4444 3557 4506 dicit,

274 4492 524 4563 ἱστορίας
546 4497 915 4571 μανθάνομεν.
938 4503 1111 4558 Ἑπτὰ
1125 4507 1233 4579 γάρ
1258 4510 1435 4566 ἔτεσιν
1452 4517 1729 4593 ἐπηνέχθη
1748 4492 1859 4589 toi,‘

1966 4492 2221 4604 magnam
2273 4539 2325 4585 et
2377 4531 2571 4585 duram
2620 4531 2883 4599 petivisti.
2927 4530 2982 4583 ld
3019 4532 3163 4600 quod
3227 4547 3291 4585 ex
3332 4532 3559 4587 historia

270 4584 589 4655 ἀνθρώποις
611 4591 645 4659 ὴ
668 4592 765 4645 τοῦ
792 4595 951 4665 λιμοῦ
987 4600 1250 4671 τιμωρία.

355 4768 552 4836 ’Ἅρμα
585 4770 860 4839 Ἰσραὴλ,
904 4774 1003 4828 καὶ
1051 4780 1270 4847 ἱππεὺς
1298 4785 1511 4840 αὐτοῦ.
1543 4789 1606 4841 Οἱ
1629 4790 1737 4844 τῶν
1767 4793 1859 4847 άλ-

270 4860 381 4911 λων
406 4858 581 4913 ὲθνῶν
615 4861 857 4932 βασιλεῖς
890 4867 1079 4933 ἵπποις
1116 4877 1469 4945 κεχρημένοι,
1501 4879 1596 4933 καὶ
1626 4883 1859 4954 ἅρμασι,

270 4948 699 5017 παρετάττοντο.
733 4954 935 5009 Τούτου
960 4960 1120 5029 χάριν
1141 4962 1233 5015 τὸν
1261 4966 1435 5034 μέγαν
1467 4948 1860 5045 Ἦλίανίὅιρμα,

268 5041 367 5092 καὶ
403 5040 601 5107 ἱππέα,
636 5042 731 5097 τοῦ
767 5046 983 5120 Ἰσραὴλ
1006 5057 1451 5129 προσηγόρευσεν
1471 5062 1547 5126 ὡς
1575 5065 1863 5138 ἀποχρῶν-

270 5151 359 5197 τα,
394 5135 492 5187 καὶ
532 5136 694 5205 μόνον
723 5142 851 5205 τοὺς
898 5146 1194 5215 πολεμίους
1234 5157 1741 5227 καταγωνίσασθαι,
1775 5165 1866 5219 καὶ

271 5230 585 5297 παρασχεῖν
617 5234 731 5295 τοῖς
770 5235 1071 5305 ὁμοφύλοις
1110 5242 1210 5312 τὴν
1242 5245 1426 5315 χάριν.

344 5320 469 5373 Ποῦ
502 5321 578 5388 δή
616 5324 790 5379 ἐστιν
810 5330 843 5381 d
876 5329 1019 5395 Θεὸς
1061 5332 1257 5389 Ἠλίου
1287 5339 1481 5407 ἁμφώ;
1512 5343 1867 5416 Μιμούμενος

266 5411 365 5464 τὸν
396 5413 742 5483 διδάσκαλον,
769 5424 862 5514 ἰτῇ
894 5424 1115 5497 μηλωτῇ
1162 5428 1257 5482 τοῦ
1291 5433 1558 5503 Ἰορδάνου
1597 5411 1673 5492 ⁷’τὸ
1707 5411 1868 5514 -ὖδωρ

268 5505 567 5573 ἐπάταξεν,
623 5502 784 5564 οὐδὲν
828 5516 1092 5585 εἰρηκώς.
1140 5521 1353 5595 ’ἱκανὴν
1409 5527 1465 5579 δὲ
1521 5532 1752 5601 νομίσας
1786 5537 1868 5600 εις

270 5594 733 5670 θαυματουργίας
779 5602 879 5674 τὴν
928 5607 1208 5681 μηλωτὴν,
1273 5594 1367 5667 τοῦ
1428 5618 1482 5671 δὲ
1536 5594 1862 5699 ὓδατος-οὐχ

348 5776 391 5806 ⁸⁷
431 5775 579 5833 Psal.
613 5796 687 5845 tv,
718 5782 771 5837 5.
852 5784 899 5817 ⁸⁸
927 5785 1073 5842 Psal.
1113 5806 1186 5858 ιι,
1226 5793 1282 5847 9.

1976 4632 2323 4694 perspectum
2368 4622 2673 4687 habemus;
2732 4621 2903 4677 fames
2938 4623 3085 4677 enim
3130 4632 3335 4693 septem
3385 4639 3559 4678 anno-

1976 4731 2095 4770 rum
2130 4729 2294 4785 super
2324 4714 2576 4784 homines
2606 4712 2845 4766 adducta
2873 4721 2976 4768 cst.

2038 4804 2203 4859 Vens.
2260 4804 2348 4857 12.
2403 4801 2606 4857 Curras
2660 4801 2860 4864 Israel,
2912 4812 2962 4857 et
3006 4820 3159 4873 eques
3199 4804 3335 4873 ejus.
3379 4804 3555 4876 Reges

1966 4896 2196 4949 aliarum
2240 4890 2481 4965 gentium
2537 4896 2692 4965 equis
2738 4904 2792 4950 ct
2837 4897 3087 4951 curribus
3119 4896 3275 4969 541
3305 4901 3557 4957 inatructi

1969 4988 2022 5041 in
2054 4989 2173 5041 acie
2206 4988 2545 5056 pugnabant.
2566 4988 2721 5043 Hane
2753 4987 2822 5042 ob
2852 5004 3073 5043 causam
3110 5005 3366 5059 magnum
3405 4991 3556 5046 illum

1968 5080 2140 5135 Eliam
2192 5094 2413 5135 currum
2469 5089 2523 5135 et
2568 5081 2808 5151 equitem
2848 5080 3065 5137 lsraelis
3118 5084 3440 5153 appellavit,
3498 5097 3558 5140 ut

1971 5175 2066 5243 qui
2126 5174 2280 5230 solus
2342 5174 2528 5230 hostes
2581 5190 2866 5243 superare,
2902 5185 2953 5230 et
2984 5176 3099 5231 suis
3150 5177 3555 5234 contribulibus

1976 5282 2162 5337 pacem
2191 5275 2245 5321 et
2275 5267 2506 5336 gratiam
2551 5276 2734 5337 posset
2770 5279 3053 5338 praestare.

2046 5358 2212 5414 Vsus.
2235 5359 2332 5413 Ἠ.
2382 5358 2481 5413 Ubi
2504 5360 2744 5415 estDeus
2780 5360 2917 5416 Elia:
2936 5364 3150 5431 ampho.
3186 5363 3265 5417 Ad
3293 5364 3553 5419 imitatio-

1977 5464 2099 5505 nem
2120 5452 2205 5506 sui
2240 5454 2595 5522 praeceptoris
2628 5454 2765 5507 nihil
2785 5454 2999 5516 dicens,
3018 5455 3186 5523 pallio
3208 5472 3408 5525 aquam
3430 5456 3553 5511 Jor-

1976 5541 2138 5597 danis
2183 5545 2481 5613 percussit,
2510 5545 2736 5614 pallium
2778 5549 2844 5600 ad
2896 5546 3171 5601 edendum
3218 5548 3550 5605 miraculum

1974 5630 2226 5689 sullicere
2248 5633 2595 5700 existimans,
2628 5649 2770 5707 aqua
2808 5650 2940 5692 vero
2969 5650 3076 5692 non
3109 5635 3361 5704 cedente,
3384 5636 3551 5694 Deum
