4238 6458
223 396 356 459 1139

1154 400 1685 461 (ῘΟΜΜΕΝΤΛΠΙΙ
1757 401 1834 462 ΙΝ
1873 403 2014 462 LIB.
2056 404 2126 461 ιν
2174 404 2463 462 ΠΕΟΙΤΜ.

3317 396 3450 460 1190

213 510 466 572 θάνατον,
501 509 696 577 φησὶν,
729 509 813 561 ἵνα
860 510 933 579 μὴ
966 512 1080 579 μετ’
1100 512 1338 579 ἀθυμίας
1376 512 1657 575 ὑπεξέλθοι
1691 514 1779 564 τὶν
1807 524 1849 571 Α
1881 521 1887 565 1

1776 524 1849 571 νΑ
1881 516 2008 566 lices
2042 529 2164 565 eum
2215 518 2568 579 moriturum,
2633 513 2831 582 inquit,
2858 528 2925 567 ne
2966 526 3090 566 cum
3141 525 3378 565 mterore
3398 522 3450 562 t‘t

215 595 353 664 βίον.

286 688 395 740 Kal
450 687 745 741 ἐπέϐαλεν
790 688 885 739 ἐπὶ
931 689 996 741 τὸ
1051 691 1379 754 πρόσωπον
1426 690 1649 749 αὐτοῦ,
1688 689 1787 741 καὶ

212 778 535 832 ἀπέθανεν.
564 776 673 830 Ἦν
721 779 851 849 γὰρ,
895 781 1061 849 φησὶν
1096 781 1432 848 Ἰώσηππος,
1481 780 1683 850 ἀσεϐής
1730 799 1785 833 τε

214 870 309 921 καὶ
345 870 652 937 μιαιφόνος.
688 871 857 932 Αὐτὸς
904 873 1011 940 γὰρ
1064 874 1314 940 εἰρήκει·
1352 891 1370 922 ι
1402 874 1533 933 Θεὸς
1562 873 1729 942 ὀρέων
1761 874 1787 923 ὁ

212 960 347 1022 Θεὸς
384 961 620 1031 Ἰσραήλ.
652 980 670 1011 ι
718 963 829 1013 Καὶ
874 962 1064 1025 σωθεὶς
1095 964 1200 1015 ὑπὸ
1235 963 1437 1032 Ἀχαάϐ
1459 1006 1473 1028 ,
1501 965 1788 1032 ἀχάριστος

214 1053 345 1121 περὶ
372 1052 466 1104 τὸν
496 1054 796 1122 εὐεργέτην
831 1054 1216 1123 ἐγένετο.”ορα
1246 1056 1302 1107 δὲ
1330 1056 1427 1124 τῆς
1454 1056 1632 1123 κακῆς
1664 1074 1789 1123 συγ-

213 1143 432 1208 γενείας
461 1144 521 1195 τὸ
553 1145 722 1205 τέλος.
765 1144 890 1206 Υἱὸς
923 1146 1028 1215 γὰρ
1059 1145 1134 1196 ὣν
1170 1148 1436 1214 Ἰωσαφὰτ
1479 1147 1666 1217 ἀνδρὸς
1696 1150 1786 1198 εὐ-

214 1230 406 1293 σεὸοὖς
442 1232 667 1303 Ἰωρὰμ,
694 1234 799 1285 ὑπὸ
825 1235 923 1304 τῆς
950 1234 1245 1304 ὁμοζύγου,
1272 1237 1544 1307 θυγατρὸς
1561 1238 1786 1307 Ἀχαὰὸ,

214 1324 353 1393 πρὸς
392 1324 653 1379 ἀσέϐειαν
683 1325 917 1380 ἔκλινεν.

284 1504 394 1557 Kal
422 1505 725 1559 ἐπέπεσεν
750 1506 849 1560 ἐπὶ
892 1507 997 1561 τὸν
1031 1508 1239 1579 Ἔὸώμ.
1266 1505 1444 1581 Ἦρχε
1490 1510 1598 1562 τῶν
1631 1510 1791 1562 Ἰδου-

215 1598 397 1664 μαίων
446 1599 475 1649 ὀ
523 1598 624 1667 τῆς
669 1599 839 1651 Ἰούδα
888 1601 1061 1669 φυλῆς
1110 1600 1381 1669 βασιλεύς.
1420 1600 1557 1652 Ἀλλ’
1609 1600 1792 1653 Ἰσαὰκ

212 1690 543 1758 προειρήκει
593 1691 722 1761 περὶ
782 1690 981 1760 Ἐδώμ.
1015 1694 1206 1745 Ἔσται
1260 1692 1454 1761 καιρὸς
1521 1694 1682 1763 ἡνίκα
1730 1693 1794 1745 ἂν

211 1778 473 1849 καθέλῃς,
503 1780 598 1833 καὶ
624 1781 859 1851 ὲκλύσης
908 1783 1000 1835 τὸν
1026 1783 1190 1849 ζυγὸν
1214 1782 1379 1835 αὑτοῦ
1410 1783 1521 1837 ἀπὸ
1544 1782 1639 1835 τοῦ
1663 1800 1792 1849 τρι-

1888 603 1993 655 vita
2020 603 2271 656 decedat.

1962 690 2123 743 Vnus.
2184 692 2269 744 15.
2346 690 2529 743 Posuit
2568 691 2756 758 faciem
2806 692 3011 758 ejus,et
3065 701 3305 742 mortou
3350 702 3446 741 est.

1890 779 2018 832 Erat
2046 780 2217 842 enim,
2254 791 2309 832 nt
2336 780 2607 848 Josephus
2635 784 2788 846 dicit,
2826 782 3030 850 impius
3058 791 3110 833 et
3153 780 3447 832 homicida.

1893 874 2011 939 Ipse
2058 874 2204 925 enim
2263 875 2475 927 dixerat
2544 892 2556 926 :
2622 892 2639 923 ι
2700 874 2840 927 Deus
2894 873 3162 925 montium
3194 880 3279 925 est
3306 871 3449 924 Deus

1890 962 2131 1017 Israelis.
2159 983 2177 1015 ι
2210 964 2273 1017 Et
2299 966 2342 994 ⁸⁸
2374 967 2439 1016 ab
2468 966 2691 1017 Achabo
2742 975 3015 1024 servatus,
3071 963 3320 1031 ingratus
3350 960 3452 1013 luit

1892 1058 1944 1109 in
1970 1056 2393 1110 bcnelactorcm.
2428 1058 2561 1110 Vide
2610 1065 2787 1109 autem
2816 1097 2829 1118 ,
2872 1056 3082 1123 qualem
3131 1055 3335 1108 exitum
3380 1053 3454 1103 af-

1895 1146 2077 1199 ﬁnitas
2110 1161 2233 1199 cum
2269 1149 2425 1199 malis
2454 1157 2733 1200 contracta
2789 1130 3071 1199 sortiatur.
3099 1142 3256 1207 Nam,
3326 1143 3452 1195 licet

1890 1237 2096 1299 Joram,
2158 1239 2227 1306 pii
2282 1246 2335 1291 et
2368 1238 2609 1305 religiosi
2658 1240 2782 1297 viri.
2810 1237 3073 1306 Josaphat
3113 1237 3256 1289 tilius
3284 1242 3449 1294 esset,

1893 1336 2071 1380 tamen
2106 1339 2326 1397 propter
2350 1330 2575 1381 uxorem
2602 1343 2755 1381 suam
2784 1330 2948 1380 tiliam
2980 1326 3186 1380 Achabi
3244 1325 3298 1377 in
3355 1325 3454 1376 iiii-

1894 1417 2147 1485 pietatem
2179 1415 2493 1469 declinavit.

1966 1503 2134 1559 Vsus.
2164 1504 2252 1557 9.0.
2298 1504 2364 1557 Et
2398 1506 2553 1557 irruit
2579 1506 2631 1556 in
2689 1503 2875 1556 Edoni.
2922 1503 3031 1556 Rex
3074 1504 3248 1556 tribus
3311 1499 3449 1553 Jnila

1893 1593 2149 1648 lilumaais
2181 1595 2488 1662 imperavit.
2517 1594 2665 1647 Isaac
2712 1609 2840 1646 vero
2873 1594 2941 1645 de
2995 1592 3161 1644 I'ldoin
3196 1592 3457 1660 prmdixc-

1897 1692 1978 1735 rat
2019 1704 2032 1738 :
2067 1684 2304 1752 Teirpus
2328 1685 2529 1746 veniet,
2566 1691 2623 1735 ut
2654 1684 2841 1752 jugmn
2873 1684 3043 1751 ipsius
3081 1690 3352 1739 conteras,
3400 1686 3456 1730 et

1896 1767 2142 1820 excutias
2177 1767 2244 1819 de
2273 1768 2412 1819 collo
2438 1777 2549 1819 tuo.
2595 1765 2748 1819 Nunc
2769 1765 2912 1818 enim
2945 1766 3255 1817 obtinentes
3289 1762 3457 1813 victo-

210 1841 529 1939 χήλουσου.
564 1873 701 1926 Νυνὶ
720 1841 947 1943 γὰρκαὶ
968 1841 1297 1944 νικηθέντες,
1323 1876 1585 1946 ἄρχεσθαι
1604 1841 1785 1928 λοιπὸν
1822 1846 1865 1902 Β

1524 1841 1785 1928 καιλοιεξτδν
1822 1846 1865 1902 Β
1896 1858 2054 1921 riam,
2095 1841 2355 1927 deinceps
2388 1857 2678 1927 imperium
2715 1856 2825 1925 pati
2856 1862 3198 1909 recusarunt.

210 1963 313 2015 οὐκ
352 1964 669 2032 ἠνέσχοντο.

814 2058 1062 2112 ΚΕΦᾹΛ.
1106 2056 1185 2111 ll'.

282 2146 392 2199 Kal
424 2146 570 2200 λάϐε
593 2146 701 2200 τὸν
736 2149 932 2217 ρακὸν
960 2149 1067 2203 τοῦ
1092 2150 1323 2206 ἐλαίου.
1365 2154 1443 2205 Δι’
1462 2154 1622 2208 ἄλλου
1654 2170 1789 2223 προ-

211 2239 388 2307 φήτου
426 2243 647 2309 κέκρικε
678 2241 772 2293 τὸν
815 2240 974 2309 Ἰηοῦ.
1013 2242 1201 2312 Λάθρα
1233 2246 1340 2316 γὰρ
1367 2246 1523 2299 τοῦτο
1543 2246 1792 2314 γενέσθαι

211 2328 712 2397 συνέφερεν.”Ωστε
750 2330 842 2381 καὶ
874 2330 1152 2399 συντόμως
1179 2332 1527 2403 ἀναιρεθῆναι
1562 2336 1653 2386 τὸν
1683 2335 1791 2385 ἰω-

214 2416 351 2485 ράμ.
389 2419 450 2469 Ei
484 2419 595 2487 γὰρ
630 2418 935 2489 προῄσθετο
958 2457 974 2485 ,
1022 2419 1112 2473 διὰ
1159 2423 1521 2491 παρατάξεως
1567 2423 1795 2485 πολλοὺς

210 2501 282 2575 ἢν
320 2506 537 2575 ἀνάγκη
578 2511 787 2559 πεσεῖν.

288 2598 398 2649 Καὶ
428 2598 647 2666 φεύξῃ.
683 2600 779 2651 καὶ
830 2601 943 2667 οὐχ
976 2600 1316 2669 ὑπομενεῖς.
1345 2602 1463 2654 Ἵνα
1494 2603 1567 2672 μή
1600 2602 1792 2670 συλλή-

212 2687 372 2756 φθεὶς
403 2690 745 2761 κινδυνεύσῃ.
784 2690 1041 2743 Βούλεται
1086 2692 1195 2761 γὰρ
1247 2694 1395 2762 ἡμᾶς
1444 2695 1473 2745 ὁ
1519 2694 1649 2755 Θεὸς
1698 2698 1792 2745 καὶ

211 2780 590 2851 ἀνθρωπίναις
617 2781 955 2849 οἰκονομίαις
994 2783 1315 2853 κεχρῆσθαι.
1348 2784 1487 2846 Τοὺς
1520 2785 1627 2855 γὰρ
1652 2785 1793 2854 λόγῳ

210 2872 569 2943 τιμηθέντας,
602 2874 682 2935 εἰς
716 2872 837 2925 δέον
869 2876 1136 2945 προσήκει
1172 2875 1474 2945 κεχρῆσθαι
1500 2877 1759 2946 τῷλόγῳ.

292 3053 354 3107 Tt
392 3052 481 3104 ὅτι
527 3049 817 3117 εἰσῆλθεν
850 3054 883 3104 ὀ
905 3050 1239 3117 ἐπίληπτος
1282 3046 1459 3117 οὗτος
1496 3054 1647 3119 πρὸς
1677 3051 1795 3111 σέ;

2446 2054 2597 2109 car.
2642 2054 2755 2107 vui
2788 2053 2927 2125 [ιη.

1966 2143 2131 2198 νιεῐιε.
2161 2145 2209 2198 1.
2249 2144 2388 2212 Cape
2421 2147 2725 2198 lenticulam
2754 2147 2876 2197 olei.
2904 2145 3007 2197 Per
3030 2145 3194 2199 alium
3230 2146 3460 2214 prophe-

1895 2245 2005 2291 tam
2039 2237 2196 2290 unxit
2222 2234 2382 2290 Jehu.
2412 2235 2555 2290 Utile
2577 2238 2721 2289 enim
2748 2246 2887 2297 erat,
2920 2244 2976 2287 ut
3039 2236 3139 2288 hoc
3166 2236 3304 2288 clam
3340 2252 3460 2303 per-

1897 2324 2169 2385 liceretur.
2209 2323 2466 2377 utJoram
2498 2324 2660 2376 etiam
2679 2322 2827 2376 brevi
2856 2321 3274 2377 interﬁceretur.
3298 2322 3457 2383 Nam,

1895 2413 1941 2468 si
1976 2413 2359 2479 lirmscivisset,
2380 2413 2647 2466 instructa
2678 2411 2794 2464 acie
2812 2410 3013 2465 multos
3032 2412 3230 2465 cadere
3252 2410 3453 2465 fuissi-t

1896 2514 2139 2553 necesse.

1968 2587 2133 2643 Vens.
2160 2589 2214 2642 5.
2247 2587 2311 2641 Et
2338 2591 2526 2659 fugies.
2553 2598 2600 2641 et
2632 2606 2737 2642 non
2764 2589 3018 2641 manebis.
3077 2586 3153 2642 Ne
3207 2603 3461 2658 comprec

1897 2678 2102 2732 heusus
2159 2679 2459 2748 periculum
2507 2680 2778 2733 incurras.
2816 2677 2945 2731 Vult
2976 2679 3121 2732 enim
3162 2676 3329 2741 Deus,
3402 2690 3461 2731 ut

1899 2768 2139 2822 humano
2196 2769 2411 2834 ordine,
2462 2776 2516 2823 et
2573 2769 2766 2823 mediis
2826 2780 3067 2822 utamur.
3131 2768 3255 2823 Illos
3288 2770 3458 2830 enim,

1898 2877 2035 2932 quos
2066 2862 2275 2915 ratione
2309 2862 2447 2916 Deus
2474 2863 2713 2923 ornavit.
2748 2871 3012 2931 quantum
3059 2877 3286 2918 necesse
3353 2876 3458 2927 est,

1898 2956 1975 3009 uti
2010 2954 2225 3007 ratione
2262 2954 2537 3007 convenit.

1970 3045 2135 3101 Vens.
2172 3046 2257 3099 11.
2289 3046 2464 3111 Quare
2489 3047 2752 3114 ingressus
2790 3054 2867 3098 est
2895 3045 3116 3098 insanus
3144 3046 3243 3099 iste
3266 3046 3333 3098 ad
3362 3058 3409 3101 te
3436 3047 3461 3101 .’

225 3145 316 3207 Ὠς
350 3143 633 3205 δυσσεϐεῖς
666 3142 890 3213 ὕϐριζον
926 3142 1020 3195 τοῦ
1068 3143 1204 3195 Θεοῦ
1254 3146 1381 3205 τοὺς
1435 3143 1793 3212 θεράποντας,
1825 3181 1869 3242 C

1790 3186 1793 3203 ,
1825 3181 1869 3242 C
1901 3138 2096 3192 Servos
2131 3136 2243 3199 llci,
2273 3146 2528 3205 tanquam
2577 3136 2773 3205 impios
2800 3174 2815 3199 ,
2882 3137 3213 3189 Contumelia
3268 3136 3464 3192 allicie-

215 3238 315 3289 καὶ
345 3235 446 3304 τὴν
477 3235 659 3287 αὐτῶν
688 3235 1004 3305 παρρησίαν
1051 3235 1249 3304 μανίαν
1288 3234 1539 3288 ἐκάλουν.
1560 3235 1696 3304 Ἰηοῦ
1741 3235 1795 3287 δὲ

210 3326 316 3395 οὐχ
346 3324 422 3386 ὡς
458 3325 733 3390 παροινῶν
772 3324 1069 3395 ἀδολέσχην
1104 3325 1363 3378 ἐκάλεσεν
1384 3364 1399 3389 ,
1430 3324 1711 3378 λανθάνειν
1741 3326 1794 3376 δὲ

216 3417 529 3488 πειραθείς.

304 3592 592 3661 Ἁραμείν.
634 3592 775 3653 Τοὺς
822 3591 1029 3661 Σύρους
1070 3592 1244 3655 οὓτως
1287 3593 1565 3646 ἐκάλεσεν.
1584 3593 1799 3664 Ἀραμά

216 3687 346 3754 γὰρ,
382 3686 428 3735 ot
462 3682 643 3751 Σύροι.
676 3681 833 3734 Οὕτω
865 3683 920 3733 δὲ
951 3683 1046 3735 καλ⁵
1076 3684 1125 3735 ot
1152 3683 1305 3737 ἄλλοι
1338 3685 1706 3752 ὲρμήνευσαν.

292 3776 400 3829 Kal
434 3772 721 3841 “tiaran-1'1,
746 3774 944 3841 ἀγωγὴ
977 3773 1158 3838 Ἰηοῦ.
1203 3774 1490 3844 Πόῥρωθεν
1518 3776 1544 3825 ὀ
1578 3774 1796 3838 σκοπὸς,

216 3867 556 3936 θεασάμενος
584 3865 659 3927 ὡς
687 3866 735 3917 ot
770 3866 869 3933 μὲν
892 3866 1289 3928 ἀποσταλέντες
1315 3867 1413 3918 οὐκ
1438 3867 1796 3936 ἀνέστρεψαν,

215 3962 246 4013 ὁ
273 3959 331 4011 δὲ
360 3958 456 4010 τοῦ
478 3956 719 4024 πλήθους
750 3955 1054 4025 ἡγούμενος
1083 3956 1261 4009 ἔοικεν
1290 3952 1430 4009 εἶναι
1455 3956 1800 4026 Ἰηοῦ.Τοῦτο

218 4052 333 4119 γὰρ
378 4048 440 4100 τὸ
490 4046 677 4115 σχῆμα
726 4045 940 4115 ἐδήλου.
974 4046 1297 4115 Ἐμήνυσεν,
1348 4049 1483 4117 ὅπερ
1534 4046 1796 4115 ἑώρακεν.

217 4140 382 4192 Ἐνια
420 4138 603 4207 μέντοι
665 4137 775 4189 τῶν
801 4137 1151 4208 ἀντιγράφων
1178 4137 1309 4208 ἔχει·
1332 4138 1437 4193 Καὶ
1462 4141 1494 4192 ό
1515 4138 1673 4209 ἄγων
1696 4133 1801 4207 ἦγε

214 4234 328 4286 τὸν
357 4228 516 4295 Ἰηοῦ
537 4231 569 4281 ό
593 4228 757 4293 Θεός.

829 4322 1083 4376 ΚΕΦᾹΛ.
1123 4320 1202 4375 Θ’.

306 4416 461 4471 Ἰδοὺ
485 4415 600 4484 ἐγὼ
620 4412 1071 4480 συνεστράρην.
1113 4410 1275 4477 Ἐγὼ.
1305 4409 1489 4480 φησὶν,
1506 4409 1579 4473 ὡς
1601 4427 1799 4479 τυραν-

1901 3231 2056 3293 haut;
2082 3236 2136 3282 et
2169 3230 2469 3282 lihertalem
2500 3228 2775 3297 loquendi,
2812 3244 2917 3297 qua
2968 3229 3285 3287 utebantur.
3314 3230 3464 3285 insa-

1899 3326 2042 3379 niam
2067 3323 2427 3394 appellabant.
2469 3319 2607 3376 Jehu
2638 3338 2767 3376 vero
2826 3331 3147 3392 nugatorem
3170 3332 3224 3377 et
3271 3340 3462 3391 garru-

1900 3416 2009 3469 lum
2029 3416 2242 3468 vocavit
2279 3413 2628 3482 prophetam;
2666 3427 2772 3465 non
2824 3414 2968 3481 quod
3017 3414 3453 3470 contumeliosus

1898 3506 1952 3560 in
2004 3521 2125 3559 eum
2159 3517 2323 3567 esset,
2352 3503 2443 3557 sed
2464 3514 2521 3556 ut
2556 3504 2766 3556 occulte
2811 3505 3023 3557 lateret.

1969 3598 2255 3651 Arameim.
2312 3596 2480 3665 Syros
2524 3595 2629 3648 hoc
2671 3594 2831 3647 modo
2904 3595 3218 3665 appellavit.
3259 3597 3459 3652 Aram:

1899 3689 2043 3743 enim
2070 3687 2221 3759 Syri;
2253 3688 2331 3741 sic
2355 3688 2516 3740 etiam
2561 3686 2650 3738 alii
2677 3694 3077 3754 exposuerunt.

1970 3780 2136 3836 Vens.
2168 3781 2249 3833 15.
2292 3778 2509 3832 lncessu
2548 3777 2703 3830 Jeliu.
2735 3778 3055 3846 Speculator
3078 3778 3222 3832 enim
3249 3780 3469 3849 conspi-

1900 3883 2075 3935 catus,
2101 3874 2240 3938 quod
2275 3871 2457 3923 emissi
2492 3886 2595 3921 non
2624 3877 3049 3932 reverterentur,
3076 3885 3309 3939 cumque
3356 3870 3464 3925 dux

1901 3961 2252 4024 turbchchu
2290 3962 2485 4015 similis
2513 3974 2631 4013 esse
2681 3959 2961 4011 videretur
3018 3960 3258 4028 (habitus
3319 3964 3463 4015 enim

1902 4053 1953 4107 id
1974 4054 2302 4120 declarabat)
2335 4052 2662 4120 signiﬁcavit
2717 4050 2978 4119 quidnam
3012 4051 3259 4105 vidisset.
3295 4052 3458 4117 Quze-

1899 4143 2022 4196 dam
2058 4143 2203 4196 enim
2254 4142 2583 4212 exemplaria
2653 4142 2903 4195 habent:
2949 4141 3093 4195 Deus
3146 4146 3255 4195 diu:
3313 4145 3467 4196 duxit

1900 4238 2069 4303 ipsum
2085 4235 2242 4290 Jeltu.

2486 4324 2638 4378 CAP.
2674 4324 2739 4377 Ix
2768 4324 2884 4395 [χι.

1920 4457 1927 4467 ,
1972 4417 2138 4471 Vsus.
2166 4417 2221 4471 9..
2278 4415 2410 4469 Ecce
2457 4432 2549 4485 ego
2612 4432 2890 4468 conversus
2915 4432 3051 4467 sum.
3089 4414 3219 4483 Ego,
3271 4418 3468 4485 inquit,

217 4510 388 4577 νῆσαι.
423 4507 772 4577 βουλόμενος,
803 4503 1015 4556 ἀνεῖλον
1044 4502 1134 4555 τὸν
1156 4503 1381 4571 Ἰωράμ.
1419 4503 1556 4564 Τοὺς
1578 4503 1633 4555 δὲ
1655 4504 1802 4555 ἀδελ·
1833 4509 1886 4569 Ῑ)

1793 4531 1802 4542 ·
1833 4509 1886 4569 D
1909 4518 1969 4561 ut
1996 4523 2217 4576 regnum
2250 4521 2511 4574 occupem
2539 4547 2552 4570 ,
2589 4507 2788 4558 sustuli
2819 4502 3004 4557 Joraui
3036 4521 3048 4567 ;
3102 4503 3295 4559 fratres
3339 4524 3467 4559 vero

218 4603 355 4669 φοὺς
387 4600 580 4662 αὑτοῦ,
613 4598 986 4666 ἑϐδομήκοντα
1020 4595 1178 4655 ὄντας
1205 4594 1298 4645 τὸν
1327 4594 1577 4664 ἀριθμὸν,
1611 4594 1691 4656 τίς
1714 4595 1806 4645 ἀν-

217 4693 397 4755 εῖλεν;
452 4691 565 4759 Οὐχ
614 4692 647 4759 ἠ
695 4690 1006 4757 θελήματος
1056 4685 1235 4755 ὀργὴ,
1299 4687 1412 4746 τοῖς
1456 4685 1807 4746 οἰκειοτάτοις

218 4782 524 4849 ὑπουργοῖς
545 4779 869 4849 χρησαμένη
891 4795 906 4843 ς
939 4776 1218 4844 ’Δψευδεῑς
1241 4776 1350 4845 ἄρα
1374 4776 1481 4829 τῶν
1510 4776 1805 4846 προφητῶν

219 4876 276 4926 αῖ
319 4874 676 4941 προρρήσεις.

292 4964 404 5017 Kal
440 4960 675 5024 πάντας
718 4957 863 5022 τοὺς
903 4956 1214 5025 τνωστοὺς
1250 4954 1455 5008 αὐτοῦ.
1496 4956 1634 5018 Τοὺς
1667 4957 1799 5025 μάν-

218 5073 355 5119 τεις,
382 5054 509 5115 τοὺς
538 5051 823 5121 οἰομένους
858 5048 1055 5101 εἰδέναι
1080 5049 1149 5099 τά
1179 5045 1680 5115 μέλλοντα.”Ωσπερ
1701 5048 1807 5116 γὰρ

218 5145 489 5213 ὁρῶντας
520 5144 618 5196 καὶ
649 5141 1002 5205 βλέποντας
1025 5178 1041 5203 ,
1077 5140 1203 5201 τοὺς
1242 5138 1527 5209 προφήτας
1556 5137 1805 5198 ἐκάλουν,

218 5239 366 5291 οὕτω
396 5238 492 5290 καὶ
520 5235 766 5295 τούτους.
796 5233 871 5294 ὡς
900 5231 969 5283 τά
999 5230 1263 5301 μέλλοντα
1311 5229 1472 5299 δῆθεν
1503 5230 1595 5283 καὶ
1622 5231 1689 5283 τὰ
1721 5247 1808 5282 κε-

221 5329 518 5401 κρυμμένα
573 5325 965 5393 γινώσκοντας.

296 5508 407 5562 Καὶ
456 5500 596 5572 εὗρε
637 5504 746 5556 τὸν
778 5501 1082 5556 Ἰωναδά6.
1127 5460 1368 5570 Εὑσεδής
1401 5500 1537 5570 ἀνὴρ
1571 5500 1661 5552 καὶ
1709 5502 1804 5552 αὺ-

220 5604 311 5666 τὸς
338 5642 352 5664 ,
390 5597 485 5652 καὶ
520 5596 580 5649 τὸ
616 5594 792 5663 γένος.
819 5593 910 5645 Ἐν
944 5594 1167 5663 σκηναῖς
1199 5593 1307 5663 γὰρ
1335 5592 1637 5645 διετέλεσαν
1672 5610 1800 5644 κατ-

260 5779 311 5811 ε⁶
380 5774 441 5827 ΙΙΙ
496 5775 627 5840 Reg.
668 5790 757 5836 τι,
797 5771 879 5824 28.

1907 4600 2077 4666 ipsius
2115 4613 2342 4651 numero
2396 4598 2742 4666 septuaginta
2772 4636 2786 4660 ,
2812 4598 2934 4664 quis
2984 4596 3247 4650 sustulit?
3289 4614 3469 4651 nonne

1904 4691 2215 4744 voluntaria
2264 4690 2363 4752 ira,
2415 4705 2535 4757 qua:
2591 4689 2904 4741 domesticis
2952 4688 3015 4739 ad
3055 4687 3157 4739 hoc
3200 4688 3469 4741 ministris

1902 4796 1997 4833 usa
2035 4778 2299 4832 rst?Non
2337 4779 2505 4846 igitur
2538 4793 2670 4829 vana
2714 4786 2841 4831 sunt
2886 4778 3269 4845 prophetarum
3329 4780 3465 4830 vati-

1898 4876 2062 4925 cmia.

1976 4959 2141 5015 Vnus.
2166 4961 2216 5013 5.
2264 4958 2453 5013 Omnes
2491 4959 2709 5010 scientia
2752 4967 2801 5010 et
2839 4958 3131 5027 cognitione
3192 4957 3466 5023 pra'dilos.

1904 5050 2006 5104 Per
2034 5050 2280 5118 γνώστας
2315 5049 2568 5115 intelligit
2622 5064 2879 5116 augures,
2938 5060 2990 5102 ct
3021 5050 3321 5118 aruspices,
3378 5055 3466 5119 qui

1907 5143 2088 5193 hitura
2122 5140 2413 5209 providere
2442 5140 2796 5210 putabantur.
2831 5138 2962 5193 Nam
3003 5144 3465 5207 quemadmodum

1909 5233 2198 5302 prophetas
2227 5233 2473 5287 videntes
2511 5232 2774 5301 (ὁρῶντας
2802 5234 2897 5286 καὶ
2928 5233 3250 5303 βλέποντας)
3284 5239 3464 5303 appel-

1910 5326 2129 5387 labant,
2162 5325 2241 5378 sic
2274 5325 2394 5379 illos
2428 5339 2667 5394 quoque,
2708 5334 2763 5377 ut
2795 5325 2887 5394 qui
2949 5323 3131 5377 futura
3162 5334 3215 5376 et
3270 5340 3466 5377 arcana

1910 5421 2324 5481 cognoscerent.

1984 5502 2146 5557 VERS.
2193 5504 2279 5558 15.
2313 5503 2376 5555 lit
2407 5505 2599 5556 invenit
2623 5503 2888 5556 Ionadab.
2944 5504 3061 5558 Non
3092 5508 3205 5572 ipse
3258 5512 3465 5557 tantum

1910 5594 1990 5647 vir
2021 5596 2139 5663 pius
2174 5604 2225 5649 et
2262 5595 2711 5665 religiosuscrat,
2739 5596 2829 5649 sed
2855 5610 2919 5650 ex
2949 5596 3039 5666 pio
3060 5596 3223 5651 etiam
3239 5612 3464 5667 geneie;
