4238 6458
753 335 885 403 1191
2104 339 2325 398 mea

2432 339 2454 397 l
2489 339 2728 401 ΟΛΖΛΞΙ
3912 350 4043 413 1192

754 454 807 507 in
836 450 1086 508 tentoriis
1116 450 1261 505 enim
1330 456 1594 519 perpetuo
1650 450 1952 519 degebant,
2004 460 2058 504 et
2110 452 2178 503 ab
2238 452 2325 503 vin

2454 450 2765 519 οικοῦντες,
2795 454 2888 506 καὶ
2938 453 3038 522 τῆς
3086 453 3179 505 τοῦ
3230 452 3374 506 οἴνου
3424 454 3636 518 πόσεως
3689 460 4038 528 ἀπεχόμενοι.

751 558 852 597 usu
879 542 1245 595 abstinebant.
1307 538 1573 593 Jeremias
1616 541 1881 609 propheta
1956 540 2175 594 illorum
2215 553 2324 591 eun

2449 540 2670 596 Τούτων
2696 546 2790 601 καὶ
2817 548 2845 597 ὁ
2880 546 3168 615 προφήτης
3204 544 3473 616 Ἱερεμίας
3505 547 3564 598 ὲν
3593 548 3838 613 ἐπαίνοις
3873 554 4039 622 ἐμνή-

752 630 915 684 laude
947 630 1283 683 mentionem
1323 628 1469 682 feeit.
1530 627 1643 683 Hoc
1700 645 1860 696 vero,
1892 630 2171 686 benedixit
2192 644 2314 685 eum

2447 632 2570 704 σθη.
2603 634 2677 687 Τὸ
2696 635 2776 700 δὲ,
2812 636 2922 688 Καὶ
2949 635 3247 705 εὐλόγησεν
3273 637 3465 701 αὑτὸν,
3502 637 3627 691 ἀντὶ
3658 638 3752 692 τοῦ
3775 679 3790 703 ,
3824 648 4017 711 προσεῑ

751 721 894 776 idem
943 732 1025 776 est
1071 720 1249 790 quod,
1279 721 1549 774 allocutur
1591 731 1676 775 est
1706 736 1853 776 eum.

2453 741 2556 777 πεν
2597 726 2778 781 αὐτόν.
3508 764 3511 767 η

822 813 935 884 Ego
961 814 1187 867 serviam
1216 814 1264 865 ei
1299 813 1549 866 multum.
1574 812 1878 868 Consilium
1904 821 1959 870 et
1987 828 2213 885 scopum
2244 813 2325 868 ob

2516 817 2623 871 Καὶ
2682 819 2798 887 ἐγὼ
2852 818 3189 889 δουλεύσω,
3220 820 3384 886 αὐτῷ
3433 820 3657 876 πολλὰ.
3697 822 3802 876 Τὸν
3842 826 4043 878 σκοπὸν

750 924 971 962 servare
996 915 1246 975 oportet;
1304 906 1435 960 fecit
1463 908 1610 961 enim
1646 907 1775 969 hoc,
1810 923 1880 961 ne
1912 909 2187 977 quispiam
2246 921 2325 975 pel

2442 908 2688 978 ὀρατέον,
2722 911 2771 961 εξ
2814 910 2906 962 καὶ
2951 910 3002 962 οἱ
3043 910 3195 978 λόγοι
3220 910 3437 980 ψεκτοί.
3470 911 3644 964 Τοῦτο
3671 911 3781 983 γὰρ
3805 914 3945 985 πρὸς
3975 917 4040 967 τ).

751 1000 937 1069 fugam
963 1000 1313 1064 elaberetur;
1366 999 1685 1055 sacerdotes
1730 1015 1861 1055 vero
1915 999 2007 1056 Dei
2080 1008 2325 1069 tanquan

2447 1000 2654 1067 μηδένα
2672 999 2977 1068 διαφυγεῖν.
2997 1001 3135 1065 Τοὺς
3159 1002 3216 1056 δὲ
3247 1003 3429 1065 θείους
3462 1004 3663 1073 ἱερέας,
3684 1004 3761 1068 ὡς
3782 1004 4042 1071 ἀναξίους

750 1092 1006 1160 indignos
1036 1091 1252 1162 abegit;
1291 1106 1495 1145 cavens
1538 1093 1799 1146 nimirum
1832 1108 1901 1147 ne
1948 1092 2083 1163 quid
2120 1094 2338 1150 adversi

750 1190 1069 1250 paterentur

822 1268 991 1325 Vsus.
1026 1271 1117 1323 21.
1149 1272 1187 1323 Α
1224 1272 1464 1325 sinistris
1496 1272 1732 1326 Baalim.
1766 1272 1858 1338 Ἐξ
1912 1274 2218 1344 ἀριστερῶν
2243 1274 2339 1329 τοῦ

749 1362 984 1431 ιξααλίμ.
1023 1361 1311 1432 Templum
1350 1364 1477 1415 Baal
1504 1363 1605 1417 hoc
1636 1363 1798 1417 modo
1830 1365 2146 1433 appellavit.

1260 1454 1415 1508 car.
1461 1454 1503 1507 Χ
1535 1453 1677 1524 [in].

818 1546 981 1599 Vens.
1024 1546 1073 1599 1.
1114 1544 1177 1596 Et
1217 1546 1485 1599 Ochozias
1521 1545 1589 1597 ad
1626 1547 1907 1599 Aea/zelen:
1950 1546 2218 1614 profectus
2236 1557 2337 1600 est.

747 1640 956 1691 Achabi
986 1639 1131 1691 enim
1164 1654 1337 1708 gener
1376 1646 1516 1693 erat.

821 1730 1026 1785 De/evit
1056 1747 1212 1784 omne
1242 1748 1417 1785 semen
1443 1733 1667 1800 regium.
1719 1731 1892 1802 Impia
1916 1733 2066 1787 enim
2099 1747 2225 1788 eum
2248 1747 2338 1789 es-

2443 1087 2632 1159 δῆθεν,
2667 1088 2946 1160 ἀπήλασε,
2972 1089 3035 1142 τὸ
3073 1088 3149 1159 μὴ
3183 1088 3381 1143 παθεῖν
3411 1091 3836 1160 φυλαττόμενος.

2529 1269 2627 1334 Ἐξ
2657 1269 2989 1340 ἀριστερῶν
3009 1272 3114 1326 τοῦ
3140 1271 3393 1341 Bauli”.
3436 1270 3539 1325 Τὸν
3568 1271 3662 1324 τοῦ
3697 1271 3843 1323 Βαὰλ
3870 1274 4040 1342 σηκὸν

2442 1362 2618 1426 οὕτως
2648 1364 2929 1420 ὲκάλεσεν.

3067 1459 3319 1514 ΚΕΦΑΛ.
3361 1461 3415 1514 l'.

2515 1550 2623 1603 Kal
2674 1551 2966 1617 ἐπορεύθη
3003 1550 3260 1620 Ὀχοζῖας
3297 1552 3395 1604 ἐπὶ
3434 1550 3674 1617 Ἀζαήλ.
3723 1553 3846 1605 Ὅτι
3889 1569 4038 1619 γαμ-

2442 1638 2572 1709 ϐρὸς
2608 1635 2676 1709 ἦν
2712 1642 2809 1694 τοῦ
2848 1643 3041 1711 ’Λχά6.

2515 1732 2623 1785 Kal
2669 1732 2948 1787 ἀπώλεσε
2979 1733 3103 1789 πᾶν
3144 1732 3212 1788 τὸ
3253 1734 3493 1803 σπέρμα
3534 1732 3646 1801 τῆς
3684 1734 4035 1798 βασιλείας.

746 1832 852 1887 set,
874 1831 929 1877 et
959 1822 1193 1877 subditis
1248 1823 1584 1893 impietatem
1638 1791 1938 1879 obtrndere
1984 1832 2039 1879 et
2073 1826 2325 1892 imperan

2458 1822 2542 1887 Ὠς
2578 1824 2801 1893 ἀσεὸὴς,
2832 1827 2927 1878 καὶ
2956 1825 3228 1896 κρατῦναι
3255 1791 3484 1880 Otium.“
3506 1791 3911 1896 τοῖς-ὑπηκόοις
3934 1791 4039 1890 την

745 1914 1125 1979 decrevisset;
1193 1928 1367 1983 genus
1436 1913 1646 1983 regale,
1711 1914 1918 1983 quippe
1980 1913 2334 1983 religiosum,

745 2005 996 2059 lunditus
1032 2004 1217 2059 delere
1267 2014 1322 2059 et
1352 2006 1664 2074 exstirpare
1721 2005 1917 2059 voluit.
1962 2004 2105 2059 Deus
2130 2011 2336 2067 autem,

742 2095 837 2163 qui
867 2096 1053 2148 omnia
1085 2097 1369 2165 Sapienter
1396 2097 1675 2165 gubernat
1734 2103 1790 2149 et
1820 2096 2030 2166 dirigit,
2060 2093 2337 2149 ordinavit

742 2187 963 2247 iterum,
995 2194 1053 2239 ut
1082 2188 1227 2256 regia
1283 2187 1492 2240 familia
1552 2187 1887 2242 sacerdotali
1968 2188 2330 2249 misceretur;

742 2276 1110 2345 ntqueJoiada
1139 2278 1383 2346 pontifex
1411 2278 1859 2349 sapientissimus
1885 2277 2134 2333 Josabea:
2166 2278 2332 2330 tiliam

739 2367 925 2422 Joram
961 2384 1192 2422 uxorem
1230 2368 1483 2432 duceret,
1521 2380 1577 2423 ut
1602 2369 1907 2423 scintillnla
1952 2370 2084 2439 regii
2112 2368 2333 2438 generis

738 2469 1187 2513 conservaretur.
1235 2460 1358 2531 Ipsa
1398 2462 1547 2516 enim
1582 2462 1725 2516 clam
1768 2462 2046 2515 subtraxit
2074 2472 2329 2531 nepotem

738 2567 803 2605 ex
833 2552 1005 2604 fratre
1032 2550 1209 2614 Joam,
1250 2568 1413 2621 quem
1462 2553 1707 2622 prudens
1761 2553 1853 2607 ille
1886 2551 2150 2606 sacerdos
2208 2564 2331 2622 pOSt

738 2655 953 2699 sextum
988 2646 1206 2698 tandem
1236 2661 1439 2699 annum
1480 2660 1646 2715 regno
1673 2647 1937 2699 restituit.

811 2736 979 2790 Vens.
1022 2737 1077 2790 4.
1118 2736 1335 2798 Chorri,
1381 2746 1428 2789 et
1468 2734 1670 2790 Rasim.
1703 2735 1978 2791 Cursores
2021 2743 2075 2788 ct
2121 2734 2329 2788 satelli-

2438 1915 2726 1977 ἀσέϐειαν,
2759 1917 2835 1980 ὼς
2870 1918 3094 1979 εὐσεϐὲς
3133 1919 3195 1971 τὸ
3231 1918 3514 1986 βασιλικὸν
3552 1918 3723 1988 ἄρδην
3768 1918 4038 1985 ἀφανίσαι

2437 2008 2595 2075 γένος
2649 2009 2937 2079 ἠθέλησεν.
2958 2010 3100 2063 Ἀλλ’
3129 2013 3158 2063 ὀ
3207 2011 3386 2065 πάντα
3433 2010 3613 2078 σοφῶς
3661 2008 3856 2061 ίθύνων
3900 2007 4039 2069 Θεὸς

2436 2102 2854 2171 παρεσκεύασεν
2886 2101 3044 2167 αὖθις
3087 2108 3154 2175 τῇ
3203 2104 3459 2175 βασιλικῇ
3490 2106 3589 2175 τὴν
3618 2102 3910 2172 ἱερατικὴν
3947 2120 4040 2170 μι-

2434 2194 2601 2261 γῆναι
2635 2195 2807 2263 φυλὴν
2827 2238 2842 2260 ,
2874 2197 2970 2249 καὶ
3008 2197 3099 2250 τδν
3126 2198 3313 2252 Ἰωδαὲ
3336 2238 3350 2261 ,
3382 2197 3475 2250 τὸν
3511 2196 3827 2265 σοφώτατον
3860 2194 4035 2262 ἱερέα,

2433 2286 2607 2355 γῆμαι
2650 2288 2749 2358 τὴν
2776 2288 3061 2343 Ἱωσασεαὶ
3103 2289 3201 2343 τοῦ
3228 2288 3443 2360 Ὶωράμ
3467 2288 3768 2357 θυγατέρα,
3803 2286 3898 2341 ἶνα
3932 2302 4039 2353 φυ-

2432 2378 2603 2449 λαχθῇ
2636 2379 2732 2431 τοῦ
2762 2380 3048 2448 βασιλικοῦ
3089 2382 3283 2449 γένους
3311 2382 3339 2433 ὸ
3367 2379 3875 2451 σπινθήρ.Ἐκλεψε
3921 2380 4039 2447 γὰρ

2432 2470 2571 2541 αῦτη
2599 2473 2690 2525 τὸν
2720 2473 3034 2542 ἀδελφιδοῦν
3054 2474 3234 2536 ἰωὰς,
3264 2474 3323 2525 ὃν
3351 2475 3380 2526 ὁ
3414 2473 3579 2540 σοφὸς
3615 2473 3795 2541 ἱερεὺς
3820 2474 3890 2541 τῇ
3931 2470 4037 2539 βα-

2434 2565 2610 2635 σιλείᾳ
2640 2565 2760 2632 μεθ’
2789 2565 2949 2618 ἒκτον
2981 2565 3101 2628 ἔτος
3129 2566 3435 2619 ἀπέδωκεν.

2506 2741 2620 2794 Τὸν
2646 2740 2845 2808 Χοῤῥὶ,
2884 2739 3117 2793 καὶτὸν
3158 2740 3397 2808 Ῥασιμ.
3442 2740 3583 2803 Τοὺς
3632 2738 3878 2810 δρομεῖς.
3934 2738 4038 2791 καὶ

738 2840 863 2897 tes;
899 2832 990 2886 alii
1061 2829 1361 2886 seutiferos
1436 2839 1490 2883 et
1538 2829 1805 2883 satellites
1836 2836 2135 2896 exponunt.
2166 2824 2325 2879 Juxta

2429 2831 2553 2893 τοὺς
2592 2830 2947 2899 δορυφόρους.
2974 2829 3134 2891 Τινὲς
3161 2829 3242 2892 δὲ,
3275 2829 3710 2899 ἀσπιδηφόρους,
3745 2828 3840 2880 καί
3867 2825 4003 2897 δορυ
4023 2872 4039 2879 -

736 2937 1025 2980 currentes
1072 2940 1204 2978 vero
1241 2933 1400 2977 vocat
1445 2924 1840 2991 prwcedentes,
1894 2928 1947 2973 et
1993 2918 2326 2973 deducentes

2428 2922 2650 2992 φόρους.
2691 2920 3145 2991 ΙΙαρατρέχοντας
3187 2919 3244 2972 δὲ
3289 2919 3463 2987 λέγει,
3510 2919 3639 2981 τοὺς
3690 2918 4037 2987 ἡγουμένους

736 3034 941 3089 regem.
994 3016 1121 3071 Illos
1151 3016 1203 3068 in
1250 3025 1363 3070 tres
1410 3015 1634 3068 ordines
1661 3012 1978 3076 distribuit;
2013 3012 2150 3065 alios
2180 3012 2324 3065 enim

2429 3014 2521 3067 τοῦ
2556 3014 2846 3085 βασιλέως,
2879 3013 3106 3076 τούτους
3137 3012 3303 3084 τριχῆ
3323 3011 3536 3066 διελών.
3561 3012 3703 3074 Τοὺς
3754 3010 3874 3081 μὲν,
3906 3012 4039 3063 ἐκέ-

736 3112 939 3179 regiam
972 3107 1258 3162 custodire
1299 3106 1501 3174 jussit;
1548 3104 1689 3161 alios
1718 3104 1911 3173 templi
1942 3103 2276 3157 vestibulum
2306 3120 2322 3168 ;

738 3201 874 3253 alios
906 3209 1119 3268 portant
1164 3200 1419 3251 alteram.

812 3291 1038 3345 Messue.
1093 3289 1208 3344 lloc
1244 3288 1570 3343 vocabulum
1622 3287 1819 3357 reliqui
1863 3286 1971 3340 ἀπὸ
2001 3284 2325 3355 διαφθορᾶς,

738 3384 791 3437 id
836 3391 943 3445 est,
981 3381 1050 3435 ab
1082 3382 1303 3435 interitu
1349 3388 1749 3449 exposuerunt.
1805 3379 2089 3448 Signiﬁcat
2119 3388 2324 3437 autem,

739 3476 946 3528 nullum
978 3475 1241 3527 damnum
1275 3472 1465 3527 domui
1498 3470 1593 3526 Dei
1630 3472 1845 3543 illatum
1872 3486 2016 3525 esse.
2054 3467 2169 3521 lloc
2192 3481 2325 3521 vero

735 3571 857 3622 dua:
926 3582 1123 3621 manns
1186 3567 1240 3621 in
1276 3566 1451 3630 vobis,
1507 3582 1606 3634 pro
1640 3581 1705 3620 eo
1740 3566 1885 3634 quod
1954 3573 2061 3629 est,
2122 3561 2325 3631 integri

735 3663 892 3727 estis,
919 3670 973 3716 et
1009 3660 1153 3725 sani,
1191 3668 1245 3715 et
1302 3658 1482 3714 idonei
1534 3658 1601 3712 ad
1654 3656 2073 3715 costodicndatn
2100 3655 2323 3709 domum

741 3754 857 3817 Dei,
889 3761 942 3806 et
972 3752 1195 3805 domum
1243 3751 1410 3821 regis.

811 3842 979 3897 Vens.
1014 3844 1068 3898 8.
1107 3841 1422 3913 Ingrediens
1458 3842 1514 3894 in
1560 3839 1807 3895 Sideroth
1843 3841 2118 3892 morietur.
2164 3837 2327 3910 544

737 3937 795 3991 ln
845 3937 986 3990 libro
1012 3938 1473 4005 Paralipomenon
1507 3937 1589 3988 sic
1617 3934 1858 3988 dicitur:
1895 3930 2210 4002 Ingrediens
2266 3934 2320 3986 in

734 4032 959 4085 domum
1016 4032 1305 4085 morietur.
1371 4030 1639 4084 Similiter
1679 4029 1844 4083 etiam
1896 4026 2169 4099 Josephus
2226 4028 2323 4080 lia-

734 4126 845 4176 bet.

808 4213 977 4267 Vsus.
1029 4214 1116 4265 ll.
1164 4213 1239 4264 Ab
1281 4213 1499 4267 humero
1539 4213 1726 4265 donius
1757 4211 2320 4283 de.rtero.Signilieat,

730 4304 878 4372 quod
940 4303 1140 4356 Levita:
1197 4303 1342 4356 luna:
1407 4303 1461 4356 in
1533 4303 1770 4371 speciem
1837 4305 2063 4372 liguram
2112 4303 2324 4358 consti-

701 4382 971 4463 Ituentes,
1011 4409 1221 4450 cornua
1279 4395 1469 4449 domui
1527 4396 1826 4464 conjuncta
1886 4395 2218 4461 habuerunt,
2268 4403 2323 4449 et

2434 3108 2591 3160 λευσε
2645 3106 2934 3175 φυλάττειν
2983 3106 3078 3159 τοῦ
3112 3105 3382 3176 βασιλέως
3429 3105 3525 3157 τὸν
3572 3099 3754 3157 οἷκον·
3783 3103 3917 3164 τοὺς
3947 3104 4037 3170 δὲ,

2434 3199 2532 3267 τὴν
2556 3201 2761 3252 εἴσοδον
2782 3200 2879 3253 τοῦ
2908 3199 3013 3251 νεώ
3041 3216 3054 3229 ·
3088 3199 3216 3262 τοὺς
3242 3198 3319 3261 δὲ,
3347 3196 3450 3269 τὴν
3478 3197 3655 3267 πύλην
3679 3197 3777 3265 τὴν
3804 3197 4034 3265 ἑτέραν.

2505 3290 2772 3346 Μεσσαέ.
2800 3289 2875 3343 Τὸ
2908 3290 3191 3344 «Μεσσαὲι
3220 3289 3272 3342 οἱ
3294 3288 3494 3354 λοιποὶ,
3517 3287 3637 3342 ἀπὸ
3667 3286 4036 3355 διαφθορᾶς,

2433 3384 2800 3454 έρμήνευσαν.
2829 3382 2993 3451 Δηλοί
3015 3381 3092 3446 δὲ,
3119 3380 3261 3433 ὥστε
3289 3381 3565 3450 μηδεμίαν
3594 3377 3853 3445 γενέσθαι
3886 3378 4033 3446 bici-

2431 3476 2533 3546 δην
2566 3478 2623 3529 ὲν
2650 3475 2725 3546 τῷ
2753 3475 2889 3544 οἴκῳ
2907 3474 2983 3542 τῷ
3018 3474 3168 3543 θείῳ.
3198 3473 3273 3525 Τὸ
3301 3473 3381 3539 δὲ,
3412 3472 3506 3525 δύο
3558 3474 3742 3543 χεῖρες
3770 3474 3831 3524 ὲν
3865 3472 4033 3540 ὑμῖν,

2430 3569 2552 3623 ἀντὶ
2576 3566 2694 3633 τοῦ,
2726 3566 3060 3639 ἀρτιοιὲστε,
3084 3568 3177 3620 καὶ
3200 3567 3395 3635 ὑγιεῖς,
3428 3567 3521 3619 καὶ
3557 3566 3733 3619 ἱκανοὶ
3759 3564 4034 3633 φυλάξαι,

2431 3664 2525 3718 καὶ
2540 3664 2631 3716 τὸν
2666 3659 2815 3716 οἶκον
2845 3660 2940 3715 τοῦ
2966 3660 3126 3728 Θεοῦ,
3169 3660 3265 3715 καὶ
3293 3661 3384 3713 τὸν
3405 3654 3557 3713 οἷκον
3588 3658 3684 3711 τοῦ
3728 3657 4035 3728 βασιλέως.

2516 3838 2577 3891 '0
2600 3838 3024 3906 εἰσερχόμενος
3051 3837 3139 3901 είς
3161 3835 3233 3888 τὰ
3264 3832 3551 3901 Σιδηρὼο,
3577 3833 3676 3885 καί
3700 3832 4035 3887 ἀποθανεῖο

2427 3947 2543 3985 ται.
2594 3930 2780 3992 Οὕτως
2807 3932 2865 3981 ὲν
2896 3925 3410 3999 Παραλειπομέναις
3453 3923 3639 3994 φησίν·
3674 3924 3816 3976 «Καὶ
3848 3924 3878 3974 ό
3911 3926 4035 3976 εἰσ-

2429 4024 2797 4092 πορευόμενος
2825 4022 2904 4083 εἰς
2923 4021 3014 4073 τὸν
3039 4014 3189 4072 οἷκον
3211 4018 3586 4071 ἀποθανεῖται.
3603 4034 3621 4067 ι
3656 4014 3765 4069 Καὶ
3783 4016 4034 4085 Ἰώσηπ-

2429 4136 2530 4182 πος
2568 4119 2793 4188 ὁμοίως.

2500 4208 2637 4263 Ἀπὸ
2662 4208 2774 4275 τῆς
2804 4208 2990 4276 ὠμίας
3017 4206 3124 4260 τοῦ
3148 4206 3320 4259 οτκου
3344 4202 3457 4271 τῆς
3489 4201 3714 4267 δεξιᾶς.
3755 4202 3925 4269 Δηλοί
3949 4203 4037 4265 ὡς

2433 4302 2711 4372 μηνοειδὲς
2749 4301 2799 4353 οἱ
2848 4297 3072 4353 Λευῖται
3119 4297 3307 4367 σχῆμα
3350 4298 3681 4365 ποιήσαντες
3705 4293 3775 4345 τὰ
3804 4294 4040 4363 κέρατα

2429 4393 2575 4463 εἶχον
2599 4392 2925 4462 συνημμένα
2954 4390 3035 4459 τῷ
3060 4389 3217 4458 οἴκῳ.
3262 4388 3352 4442 Ἐν
3388 4389 3535 4459 μέσῳ
3556 4386 3614 4440 δὲ
3635 4386 3762 4439 ὄντα
3796 4385 3894 4438 τὸν
3927 4387 4006 4456 βα
4023 4415 4047 4429 -

729 4504 938 4559 regem,
969 4488 1064 4558 qui
1112 4489 1167 4543 in
1202 4487 1384 4540 medio
1412 4496 1552 4552 erat,
1591 4487 1996 4541 custodiebant.
2034 4485 2323 4541 Exercitus

2432 4484 2584 4537 σιλέα
2612 4483 2935 4553 ἐφρούρουν.
2981 4480 3038 4535 '0
3075 4480 3131 4533 δὲ
3172 4479 3401 4549 στρατὸς
3430 4477 3754 4548 όπλοφορῶν
3806 4477 3919 4543 ἔξω
3949 4482 4043 4531 εἱ-

728 4598 862 4636 vero
887 4590 1136 4634 armatus
1169 4578 1306 4634 foris
1341 4579 1547 4643 stabat,
1580 4591 1935 4650 exspectans,
1966 4589 2019 4633 et
2052 4579 2320 4635 cohibens

728 4674 875 4735 illos,
911 4674 1001 4741 qui
1048 4670 1259 4739 ingredi
1313 4672 1622 4724 tentabant.

801 4762 964 4817 Vens.
1007 4764 1091 4816 19..
1134 4762 1317 4815 Posuit
1352 4779 1509 4827 super
1551 4778 1669 4815 eum
1723 4761 2208 4828 sanctiﬁcationem
2269 4773 2319 4815 et

728 4857 1113 4910 testimonium.
1157 4855 1321 4908 Liber
1351 4853 1808 4924 Paralipomenon
1838 4855 2021 4916 habet,
2055 4854 2115 4905 τὸ
2162 4854 2318 4925 βασί-

725 4950 868 5001 λειον
900 4989 915 5013 ,

724 5039 949 5092 uuidetn
988 5037 1304 5091 unctionem
1352 5034 1667 5104 significat;
1714 5034 2016 5105 μαρτύριον
2060 5050 2191 5089 vero
2221 5050 2316 5089 eo-

724 5142 915 5181 ronam
946 5127 1175 5196 regiam;
1206 5124 1503 5195 σύνδεσμον
1526 5133 1710 5177 autem
1734 5122 2102 5194 tyrannidem,
2128 5140 2319 5195 quem-

724 5218 1021 5272 admodum
1068 5226 1198 5270 ante
1227 5216 1364 5281 dixi,
1416 5215 1798 5270 nominabant.
1831 5214 1969 5268 Dicit
2004 5227 2185 5270 autem
2220 5230 2317 5269 ex-

723 5318 805 5361 tra
864 5306 1121 5359 Sidet-olli
1160 5308 1425 5361 Attaliam
1470 5305 1703 5360 interﬁci
1742 5306 2067 5374 imperasse.
2128 5304 2186 5359 In
2242 5307 2310 5360 li-

723 5404 820 5455 lno
856 5400 1314 5468 Paralipomenon
1359 5418 1376 5451 ι
1429 5412 1585 5454 extra
1635 5398 1856 5452 domum
1913 5418 1930 5449 ι
1970 5399 2161 5467 inquit.

793 5493 955 5547 \sns.
1036 5492 1120 5547 Π.
1160 5488 1355 5544 1”ἀ’‹1ιι.ς
1420 5490 1726 5562 (διαθήκην)
1794 5491 1929 5543 inter
1998 5489 2303 5543 hominum.

2420 4576 2632 4645 στήκει,
2660 4575 2787 4637 τοὺς
2812 4574 3037 4627 εἰσιέναι
3069 4572 3449 4642 πειρωμένους
3480 4572 3716 4641 ἐπέχων.

2489 4755 2599 4810 Kal
2632 4754 2857 4809 ἔδωκεν
2879 4755 2974 4807 ἐπ’
3009 4754 3199 4807 αὐτὸν
3226 4765 3295 4806 το
3323 4755 3609 4821 αγίασμα,
3643 4748 3743 4801 καί
3778 4747 3841 4800 τὸ
3862 4764 4041 4816 μαρ-

2418 4849 2643 4917 τύριον.
2670 4849 2763 4900 Ἐν
2789 4846 3309 4917 Παραλειπομέναις
3339 4844 3455 4913 ἔχει
3480 4843 3544 4895 τὸ
3585 4840 3883 4910 βασίλειον,
3928 4843 4041 4894 καὶ

985 4950 1202 5018 signum
1265 4948 1444 5014 regale
1500 4958 1555 5000 et
1608 4947 1999 5000 testimonium.
2044 4946 2321 5017 Ἀγίασμα

2429 4941 2479 4993 τὸ
2506 4939 2826 5010 μαρτύριον.
2852 4939 3014 5008 Δηλοῖ
3050 4938 3106 4991 δὲ
3138 4937 3199 4989 τὸ
3236 4937 3335 5007 μὲν
3353 4938 3641 5003 ἁγίασμα,
3680 4933 3743 4985 τὸ
3768 4934 4001 5002 χρξσμα
4022 4951 4035 4961 ο

2422 5032 2723 5103 μαρτύριον
2752 5032 2831 5097 δὲ,
2864 5031 2956 5083 τὸν
2993 5029 3273 5101 βασιλικὸν
3319 5029 3607 5097 στέφανον.
3656 5024 4044 5095 Σύνδεσμοσ-

2417 5123 2475 5177 δὲ
2500 5124 2599 5194 τὴν
2629 5123 2949 5194 τυραννίδα,
2984 5121 3129 5176 mea
3167 5122 3452 5192 προεῖπον,
3487 5116 3796 5188 ὠνόμαζον.
3834 5119 4037 5183 Ἕξωο

2420 5217 2513 5270 θεν
2542 5216 2620 5279 δὲ,
2655 5218 2827 5286 φησὶ,
2867 5216 2978 5267 τῶν
3024 5213 3268 5285 Σιδηρὼθ
3320 5211 3678 5281 ἀναιρεθῆναι
3715 5211 3819 5279 τὴν
3856 5212 4042 5265 F500-

2418 5307 2537 5361 λίαν
2588 5308 2603 5346 ί
2662 5307 3023 5379 προσέταξεν.
3075 5306 3161 5358 Ἐν
3194 5305 3252 5359 δὲ
3304 5308 3421 5368 ταῖς
3470 5302 4042 5374 Παραλειπομέναις,

2424 5422 2443 5455 t
2482 5403 2638 5464 ἐκτὸς
2669 5401 2763 5454 τοῦ
2789 5403 2938 5454 οἴκου
2976 5419 2995 5454 ι
3021 5400 3205 5471 φησίν.

2491 5496 2793 5563 Ammian
2822 5493 2938 5549 ἀνὰ
2961 5494 3157 5564 μέσον
3183 5497 3428 5562 Κυρίου.
3468 5490 3825 5559 Συνθήκηι·,
3865 5490 3955 5555 ὡς
3985 5494 4039 5544 οἱ

2017 5668 2252 5724 VARI/1'2
2309 5669 2715 5728 LECTIONES.

778 5783 791 5819 ί
836 5781 890 5835 In
929 5781 1174 5835 Lavalcri
1208 5782 1396 5836 codice
1446 5781 1659 5836 videtur
1694 5780 1863 5834 fuisse
1888 5779 2165 5832 ‘.\01).£J.v.
