4238 6458
745 380 888 442 1195

2059 371 2414 431 PROCOPII
2454 369 2696 431 GAZ/FI

3895 359 4037 424 1196

742 487 1042 547 conditori,
1077 484 1290 539 videtur
1348 491 1728 538 constructum
1790 481 1980 547 fuisse,
2037 480 2130 534 sed
2188 480 2333 533 ldOIO

2458 479 2574 532 ἱλων
2594 477 2715 548 Θεῷ
2734 473 2891 530 τοῦτο
2917 470 3303 540 πεποιηκέναι,
3335 468 3449 522 ἀλλ’
3470 467 3675 538 εἰδώλῳ
3707 468 3835 522 τινί.
3861 468 4040 519 Τουτο

745 581 986 635 cuidam.
1022 577 1135 631 lloc
1169 578 1318 631 cnim
1353 577 1405 629 in
1440 577 1581 630 libro
1629 575 2089 642 Paralipomenon
2142 570 2326 624 innui-

747 686 857 736 tur,
891 671 1187 741 inquiens:
1238 688 1255 720 ι
1310 668 1374 723 Ει
1411 669 1622 722 addidit
1669 668 1876 727 Achaz,
1914 672 2026 718 uta
2062 662 2171 718 Dco
2196 663 2330 716 deli.

745 774 917 829 ceret,
952 783 971 816 ι
1013 774 1068 818 ct
1107 761 1292 817 dixit:
1334 779 1351 811 ι
1387 760 1639 825 Quaeram
1669 759 1802 812 deos
1843 752 2094 808 Damasci
2132 766 2333 823 percu-

746 858 946 912 tientes
973 871 1079 919 me,
1118 874 1137 907 ο
1172 862 1280 908 etc.

816 949 981 1004 νεῖμε.
1029 947 1112 999 12.
1156 943 1389 999 lineam
1425 946 1618 996 altare.
1665 938 1819 1004 Quod
1847 936 2140 991 mdiﬁcavit
2175 932 2332 988 Solo-

747 1057 895 1096 tuon.

818 1132 986 1185 Vens.
1031 1130 1119 1185 l8.
1154 1129 1440 1184 Cathedra:
1471 1125 1852 1178 Sabbatorum.
1894 1118 2036 1172 Ante
2075 1116 2334 1186 templum

742 1223 926 1275 locum
959 1221 1218 1280 habebat,
1254 1218 1345 1271 ubi
1375 1226 1500 1271 ante
1529 1225 1747 1281 tempus
1777 1208 2202 1271 sacriﬁciorum,
2244 1215 2338 1259 aut

742 1315 829 1370 his
861 1315 1026 1368 etiam
1067 1311 1314 1382 peractis
1355 1309 1582 1364 sedebat
1616 1324 1628 1372 ;
1659 1306 1811 1359 illum
1845 1303 1900 1357 in
1932 1299 2138 1369 templo
2163 1298 2336 1352 collo-

742 1405 910 1466 cavit,
948 1413 998 1458 ct
1051 1417 1240 1470 regum
1274 1400 1480 1454 ostium
1537 1395 1845 1458 transtulit,
1905 1390 2195 1448 introitum
2243 1403 2339 1458 per

744 1495 1095 1550 sacerdotum
1130 1491 1396 1545 ambitum
1454 1488 1704 1542 faciens:
1741 1486 1982 1555 idipsum
2029 1483 2195 1537 etiam
2236 1481 2338 1535 im-

743 1590 894 1659 pium
928 1594 1067 1641 erat.
1103 1585 1317 1638 Idcirco
1364 1593 1547 1635 autem
1581 1580 1687 1634 hoc
1724 1578 1876 1642 fecit,
1923 1583 2002 1642 ut,
2038 1575 2084 1629 si
2117 1572 2341 1642 quando

745 1680 892 1750 regia
933 1677 1225 1732 obsidione
1273 1675 1612 1744 cingeretur,
1676 1677 1864 1741 posset
1917 1667 2126 1734 absque
2191 1671 2341 1718 metu

741 1781 798 1827 et
848 1770 1096 1843 periculo
1148 1767 1410 1836 templum
1461 1764 1699 1834 ingredi,
1752 1755 2079 1830 adjunctum
2134 1755 2342 1810 habens

2435 572 2541 641 γὰρ
2582 573 2640 623 ὲν
2689 565 3196 638 Παραλειπομέναις
3236 560 3572 626 αἰνίττεται,
3605 560 3814 628 λέγων’
3862 577 3884 611 ς
3924 560 4041 611 Καὶ

2436 662 2780 734 προσέθηκεν
2816 656 2984 727 Ἀχὰζ
3041 654 3135 709 τοῦ
3189 653 3499 724 ἀποστῆναι
3552 651 3782 721 Κυρίου.
3847 669 3864 702 ι
3925 650 4042 702 Καὶ

2437 754 2621 808 εἶπεν
2662 773 2680 804 ‹
2735 753 2966 822 Ζητήσω
3013 749 3140 810 τοὺς
3194 747 3350 809 θεοὺς
3389 744 3712 816 Δαμασκοῦ,
3771 743 3902 806 τοὺς
3939 741 4036 794 τύ-

2439 847 2674 909 πτοντας
2718 863 2809 915 με,
2852 863 2870 895 ι
2903 842 2999 895 κα)⁸
3022 841 3092 893 τὰ
3120 838 3270 908 ὲξῆς.

2516 940 2583 991 Τὸ
2611 937 2679 990 δὲ
2713 935 2988 1005 χαλκοῦν
3035 929 3498 998 θυσιαστήριον.
3542 929 3610 981 Ὃ
3652 927 4036 980 κατεσκεύασε

2440 1027 2713 1098 Σολομῶν.

2517 1119 2633 1187 Τῆς
2669 1115 2961 1183 καθέδρας
2986 1113 3106 1168 τῶν
3127 1111 3462 1168 Σαόὅὰτων.
3492 1111 3607 1180 Πρὸ
3628 1109 3722 1164 τοῦ
3744 1108 3850 1163 νεὼ
3875 1108 4045 1160 τόπον

2440 1205 2609 1279 εἶχεν,
2635 1207 2763 1260 ἔνθα
2792 1205 2901 1276 πρὸ
2930 1205 3026 1258 τοῦ
3066 1202 3265 1273 καιροῦ
3298 1201 3406 1255 τῶν
3431 1200 3654 1264 θυσιῶν,
3701 1199 3733 1268 ἢ
3769 1197 3863 1252 καὶ
3900 1197 4043 1266 μετὰ

2439 1303 2665 1364 ταύτας,
2693 1298 3004 1362 ἐκαθέζετο.
3059 1295 3262 1348 Τοῦτον
3309 1293 3405 1346 νῦν
3456 1291 3605 1344 ἔνδον
3643 1291 3903 1360 ἐποίησεν
3949 1287 4045 1340 τοῦ

2441 1393 2594 1456 ναοῦ,
2630 1391 2858 1444 καὶτῶν
2909 1389 3204 1459 βασιλείων
3246 1386 3347 1456 τὴν
3379 1385 3552 1456 θύραν
3585 1385 3914 1454 μετέστησε,
3946 1382 4048 1447 τὴν

2440 1482 2613 1536 δίοδον
2650 1481 2738 1534 διὰ
2773 1480 2881 1533 τῶν
2919 1480 3083 1550 ἱερῶν
3141 1477 3448 1548 περιϐόλων
3494 1474 3822 1544 ποιούμενος
3845 1490 3860 1504 ·
3907 1473 4050 1542 ὅπερ

2442 1571 2509 1645 ἦν
2538 1576 2631 1627 καὶ
2654 1573 2786 1626 αύτδ
2812 1573 3028 1634 ἀσεϐές.
3063 1572 3238 1625 Τοῦτο
3275 1571 3330 1623 δὲ
3364 1571 3637 1638 πεποίηκε
3675 1567 3854 1634 δῆθεν.
3890 1566 3961 1616 ἶν’
4004 1570 4048 1616 εί

2446 1666 2791 1736 πολιορκοῖτο
2822 1665 2889 1716 τὰ
2921 1664 3190 1734 βασίλεια,
3216 1663 3434 1716 δύναιτο
3487 1661 3574 1713 ἐπ’
3615 1658 3801 1720 ἀδείας
3839 1659 3920 1718 είς
3959 1657 4055 1708 τὸν

2448 1754 2586 1806 νεὼν
2615 1754 2868 1817 εἰσιέναι,
2893 1754 3248 1823 συνημμένην
3278 1751 3417 1820 ἔχων
3439 1749 3538 1819 τὴν
3566 1747 3771 1800 εῖσοδον
3791 1764 3805 1776 ·
3844 1745 3872 1798 δ
3899 1745 4054 1812 δηλοῖ

745 1835 1062 1916 introitum.
1107 1857 1222 1912 lloc
1264 1835 1422 1910 enim
1461 1854 1594 1907 illud
1632 1850 1930 1921 significat,
1983 1847 2131 1919 quod
2189 1845 2342 1911 dicit,

2458 1847 2528 1899 τό·
2573 1845 2707 1898 Ἀπὸ
2742 1844 3039 1917 προσώπου
3068 1842 3163 1895 τοῦ
3201 1841 3471 1912 βασιλέως
3502 1837 3833 1908 Ἀσσυρίων.

743 1956 786 2008 Α
822 1954 961 2008 facie
996 1952 1140 2022 regis
1169 1949 1550 2018 Assyriorum.

1208 2041 1363 2096 CAP.
1446 2039 1584 2094 XVL
1663 2036 1880 2110 [xvnq

817 2134 987 2190 Vens.
1039 2132 1128 2186 10.
1172 2129 1420 2196 Statuas,
1458 2141 1507 2184 et
1544 2129 1715 2183 lucos.
1751 2126 1971 2198 Reliqui
2015 2125 2224 2194 ubique
2261 2124 2345 2178 Iu-

743 2245 872 2288 curn
892 2226 1153 2281 Astaroth
1180 2225 1644 2294 interpretantur.
1672 2221 1787 2275 lloc
1820 2236 1949 2276 vero
1965 2219 2128 2291 545
2156 2219 2348 2274 Astar-

747 2333 835 2378 ten
885 2319 1179 2392 signiﬁcat,
1217 2317 1434 2372 scilicet
1487 2315 1780 2370 Venerem.
1843 2313 1985 2367 Dicit
2061 2322 2242 2366 autem
2290 2311 2346 2365 in

745 2416 895 2470 omni
985 2413 1129 2466 loco.
1197 2408 1396 2462 altaria
1512 2406 1856 2462 daemonibus
1940 2412 2126 2459 erecta
2201 2417 2354 2480 csse,-

747 2524 855 2563 non
892 2505 1056 2560 modo
1113 2503 1169 2557 in
1236 2501 1468 2556 urbibus
1518 2508 1572 2555 et
1622 2499 1802 2561 vicis,
1842 2497 1936 2552 sed
1992 2497 2048 2550 in
2101 2494 2348 2549 turribus

746 2603 910 2657 etiam
943 2599 1099 2669 juxta
1132 2597 1276 2651 viam
1307 2595 1506 2665 positis
1532 2637 1546 2661 ,
1581 2595 1634 2648 in
1679 2594 1882 2663 quibus
1916 2589 2074 2662 pauci
2121 2588 2348 2659 quidam

747 2692 1060 2749 custodiam
1092 2696 1424 2744 nocturnam
1452 2701 1634 2757 agere,
1670 2694 1723 2738 et
1759 2682 1974 2737 facibus
2009 2681 2240 2736 elevatis
2271 2677 2350 2733 si-

745 2802 914 2859 gnum
957 2784 1091 2838 dare
1137 2786 1566 2837 consueverant.
1622 2776 1736 2832 Hoc
1787 2784 1969 2830 autem
2027 2773 2148 2826 loco
2195 2771 2350 2825 lucos

747 2880 1058 2935 daemonum
1098 2875 1318 2932 excelsa
1352 2872 1670 2944 appellavit.

819 2968 983 3024 Vens.
1023 2968 1109 3022 Η.
1161 2965 1231 3019 Et
1269 2965 1520 3034 fecerunt
1579 2962 1884 3030 participes.
1912 2957 2350 3014 Conscnsioucm

747 3079 874 3118 cum
907 3059 1169 3132 gentibus
1203 3059 1309 3112 hoc
1353 3057 1517 3111 modo
1556 3054 1782 3109 videtur
1814 3055 2114 3124 appellare,
2149 3061 2203 3104 et
2233 3066 2353 3103 om-

3038 2020 3452 2086 KnoAA.Iqh

2521 2115 2780 2181 Στήλας.
2824 2112 2924 2167 καὶ
2955 2112 3140 2180 ἄλση.
3173 2111 3464 2181 Πανταχοῦ
3496 2109 3558 2163 τὸ
3589 2109 3753 2172 ἄλσος
3795 2111 3846 2162 οἱ
3873 2110 4055 2163 λοιποὶ

2463 2205 2744 2277 Ἀσταρὼθ
2771 2204 3188 2275 ἑρμηνεύουσιν.
3219 2202 3380 2271 Δηλοῖ
3417 2201 3475 2253 δὲ
3507 2199 3666 2254 τοῦτο
3688 2199 3785 2271 τὴν
3816 2199 4055 2272 Ἀστὰρο

2450 2319 2570 2372 την,
2627 2301 2794 2370 ῆγουν
2853 2297 3206 2366 Ἀφροδίτην·
3271 2296 3330 2347 ὲν
3381 2296 3545 2346 παντὶ
3598 2292 3655 2345 δὲ
3705 2294 3859 2363 τόπῳ
3924 2299 4064 2365 φησι

2455 2393 2674 2464 βωμοὺς
2701 2388 3092 2462 ᾠκοδομῆσθαι
3130 2389 3244 2450 τοῖς
3275 2386 3523 2456 δαίμοσι,
3561 2385 3660 2438 καὶ
3693 2387 3755 2438 οὐ
3803 2386 3968 2456 μόνον
4003 2389 4064 2441 έν

2452 2488 2662 2548 πόλεσι,
2701 2486 2796 2538 καὶ
2833 2483 3073 2553 κώμαις,
3104 2480 3238 2534 ἀλλὰ
3264 2480 3358 2533 καὶ
3385 2481 3442 2531 ὲν
3487 2481 3600 2542 τοῖς
3633 2479 3777 2532 κατὰ
3806 2479 3909 2550 τὴν
3941 2481 4063 2533 ὁδὸν

2454 2582 2708 2651 πύργοις,
2739 2581 2798 2632 ὲν
2824 2574 2907 2641 οἷς
2958 2575 3132 2644 ὀλίγοι
3179 2574 3326 2636 τινὲς
3365 2571 3634 2626 εἰώθεσαν
3681 2574 4063 2642 φρυκτωρεῖν.

2467 2672 2735 2728 Ἐνταῦθα
2773 2672 2830 2724 δὲ
2872 2669 3057 2739 ὑψηλὰ
3099 2668 3167 2720 τὰ
3207 2667 3416 2736 τεμένη
3463 2664 3574 2718 τῶν
3618 2665 3896 2735 δαιμόνων
3927 2665 4066 2717 ἐκσι-

2455 2770 2632 2824 λεσεν.

2529 2976 2638 3030 Καὶ
2687 2977 2990 3044 ἐποίησαν
3041 2977 3389 3043 κοινωνούς.
3446 2978 3606 3031 Δοκεῖ
3657 2977 3757 3049 τὴν
3807 2978 3951 3048 πρὸς
4000 2979 4073 3031 τὰ

2459 3067 2590 3139 ἔθνη
2627 3070 2949 3139 συμφωνίαν
2977 3068 3121 3122 οὕτω
3159 3069 3368 3134 καλεῖν,
3393 3072 3488 3123 καὶ
3519 3073 3647 3135 τοὺς
3686 3071 3802 3124 ὅσοι
3836 3070 4076 3133 τούτους

750 3173 851 3213 nes
902 3156 1052 3217 illos,
1087 3158 1365 3222 quotquot
1398 3149 1494 3204 eos
1545 3148 1888 3215 impietatem
1920 3145 2257 3205 docuerunt,
2293 3148 2354 3193 ut

2460 3161 2708 3225 ἐδίδαξαν
2741 3161 2986 3225 ἀσεϐεῖν,
3023 3159 3096 3224 ὡς
3125 3161 3256 3231 ἑξῆς
3287 3162 3688 3216 ὑπαινίττεται.
3726 3162 3838 3215 Kal.
3875 3163 4077 3232 ἐποίη-

751 3252 806 3304 in
877 3246 1244 3317 sequentibus
1311 3243 1548 3295 latenter
1622 3239 1894 3292 iuuuitur.
1972 3234 2037 3287 Et
2101 3235 2353 3288 fecerunt

752 3338 943 3411 Ephod
985 3345 1173 3406 aptum
1218 3329 1676 3402 praedictionibus
1711 3341 2004 3397 augurum,
2035 3326 2199 3376 etiam
2235 3323 2355 3391 ipse

750 3433 964 3508 Iudas;
1024 3444 1136 3484 non
1215 3426 1440 3498 quidem
1491 3431 1722 3494 propter
1793 3421 1945 3491 regni
2001 3419 2352 3482 divisionem,

756 3522 1228 3600 quemadmodum
1257 3521 1445 3576 dicere
1485 3518 1691 3587 aliquis
1726 3523 1951 3586 posset;
1988 3523 2064 3574 et.
2102 3512 2249 3582 quod
2276 3509 2356 3564 Je-

759 3620 1004 3677 rusalem
1059 3617 1253 3689 procul
1308 3615 1554 3674 abesset,
1609 3610 1812 3681 impius
1847 3608 1952 3662 fuit
2003 3607 2198 3670 Israel,
2230 3619 2356 3660 cum

761 3716 878 3784 ipsc
919 3712 1085 3766 etiam
1118 3707 1294 3762 Judas
1322 3706 1452 3760 talis
1485 3702 1672 3757 fuerit.

819 3805 986 3861 Vens.
1022 3802 1111 3858 $23.
1151 3799 1219 3855 Et
1269 3800 1566 3853 translatus
1619 3805 1696 3849 est
1745 3792 1922 3848 Israel
1976 3791 2040 3845 de
2088 3801 2236 3844 terra
2259 3804 2360 3842 sua

755 3902 813 3955 in
847 3895 1104 3967 Assyrios
1140 3908 1305 3963 usque
1339 3891 1408 3943 ad
1461 3888 1598 3941 [tunc
1634 3887 1798 3939 diem.
1835 3885 1952 3938 lloc
1987 3883 2155 3937 etiam
2191 3880 2362 3949 signi-

759 3994 909 4054 ﬁcat,
950 3988 1285 4057 scriptorem
1350 3979 1716 4052 posteriorem
1780 3993 1842 4031 ex
1905 3975 2211 4045 pmphetis,
2264 3968 2360 4040 qui

757 4081 1244 4150 conscripserunt,
1295 4089 1418 4145 qua:
1450 4073 1568 4126 suis
1614 4069 1963 4138 temporibus
2010 4065 2358 4126 acciderunt,

759 4173 1050 4230 historiam
1124 4166 1577 4236 transcripsisse.
1647 4161 1952 4216 Evideutcr
2031 4169 2215 4211 autem
2275 4169 2363 4209 res

759 4267 1266 4326 Samaritanorum,
1324 4261 1419 4331 qui
1451 4272 1600 4311 nunc
1648 4264 1799 4316 sunt.
1855 4252 2177 4321 deseripsit,
2216 4248 2365 4302 unde

762 4366 897 4430 sint.
936 4371 991 4416 et
1021 4357 1308 4430 quomodo
1363 4371 1429 4409 ex
1472 4352 1812 4406 necessitate
1848 4349 2020 4418 legem
2059 4345 2226 4416 Moysi
2261 4358 2362 4396 eu-

762 4457 1118 4515 stodiverint.

2461 3271 2560 3307 σαν
2596 3253 2814 3322 Ἐφοὺδ,
2839 3254 2901 3306 τδ
2941 3255 3061 3315 ταῖς
3108 3256 3401 3322 μαντικαῖς
3447 3254 3719 3324 ἁρμόττον
3751 3255 4076 3324 προρρήσε-

2460 3366 2564 3402 σιν.
2602 3348 2713 3400 Καί
2747 3364 2808 3415 γε
2844 3347 2941 3400 καὶ
2983 3346 3185 3409 Ἰούδας
3221 3345 3405 3409 αὑτός.
3441 3347 3556 3400 Οὐκ
3589 3347 3699 3415 ἄρα
3720 3345 3812 3399 διὰ
3841 3347 3942 3416 τὴν
3974 3348 4078 3412 τῆς

2461 3441 2763 3512 βασιλείας,
2805 3440 2880 3504 ώς
2912 3440 2978 3494 ἄν
3013 3452 3099 3503 ’τις
3140 3441 3304 3505 εἴποι,
3340 3439 3632 3510 διαίρεσιν,
3661 3440 3847 3492 καὶτὸ
3876 3442 4078 3512 πόρρω

2459 3532 2716 3601 γενέσθαι
2746 3532 2845 3600 τῆς
2887 3530 3269 3602 Ἰερουσαλὴμ,
3311 3529 3589 3600 ἠσέὸησεν
3633 3529 3880 3600 Ἰσραὴλ,
3935 3530 4074 3583 ὅπου

2462 3626 2558 3680 καὶ
2600 3624 2803 3688 Ἰούδας
2836 3624 3024 3686 αὑτός.

2534 3801 2645 3856 Kal
2673 3803 2990 3868 ἀπῳκίσθη
3028 3799 3270 3867 Ἰσραὴλ
3311 3797 3432 3853 ἀπὸ
3458 3795 3568 3866 τῆς
3598 3797 3713 3868 γῆς
3755 3797 3952 3852 αὐτοῦ
3989 3801 4078 3863 εἰς

2476 3895 2842 3964 Ἀσσυρίους
2890 3895 3002 3961 ἕως
3050 3892 3163 3960 τῆς
3197 3892 3425 3961 ἡμέρας
3476 3892 3720 3958 ταύτης.
3771 3891 3941 3960 Δηλοῖ
3983 3895 4082 3944 καὶ

2465 3991 2644 4057 τοῦτο,
2700 3990 2791 4042 τὸν
2836 3989 3162 4060 συγγραφέα
3204 3987 3670 4057 μεταγενέστερον
3702 3987 3767 4037 ἐκ
3807 3985 3922 4037 τῶν
3954 4001 4085 4056 πρυ-

2467 4083 2678 4155 φητῶν,
2714 4083 2824 4137 τῶν
2861 4083 3306 4154 συγγραψάντων
3328 4080 3396 4133 τὰ
3427 4079 3552 4133 καθ’
3581 4079 3813 4132 ἕκαστον
3855 4079 4082 4149 καιρὸν,

2471 4175 2852 4248 μεταλαϐόντα
2885 4176 2988 4245 τὴν
3026 4175 3290 4246 ἱστορίαν.
3345 4172 3544 4242 Σαφῶς
3591 4171 3649 4224 δὲ
3692 4171 3890 4223 καὶτὰ
3939 4173 4089 4224 κατα

2468 4271 2596 4332 τοὺς
2629 4269 2724 4322 νῦν
2766 4268 3117 4338 Σαμαρείτας
3162 4266 3458 4336 ἐδήλωσεν,
3497 4264 3620 4317 ὅθεν
3653 4265 3780 4328 εἰσὶ,
3831 4265 3928 4317 καὶ
3967 4265 4090 4328 πῶς

2469 4363 2560 4414 τὸν
2595 4363 2760 4430 νόμον
2803 4363 2895 4414 τὸν
2929 4360 3212 4422 Μωῦσέως
3254 4357 3316 4423 ἐξ
3348 4357 3599 4428 ἀνάγκης
3632 4355 3936 4424 ἐφύλαξαν.

825 4548 993 4604 Vens.
1055 4547 1148 4602 26.
1205 4543 1330 4596 Non
1397 4549 1753 4613 cognorerunt
1806 4514 1968 4606 legent
2027 4532 2121 4586 Dei
2183 4542 2354 4585 terrm.

2551 4548 2672 4599 Οὐκ
2725 4545 3005 4613 ἔγνωσαν
3059 4541 3166 4595 τὸν
3216 4541 3408 4610 νόμον
3446 4539 3554 4594 τοῦ
3610 4537 3758 4592 Θεοῦ
3797 4513 3908 4604 τῆς
3952 4537 4093 4607 γῆς.

761 4640 1210 4712 Suspicabantur
1269 4636 1417 4690 enim
1483 4633 1728 4687 universi
1801 4627 2147 4682 conditorem
2214 4639 2368 4693 μερι-

761 4739 880 4801 κδν,
943 4731 1377 4806 particularem;
1437 4728 1489 4781 id
1553 4733 1656 4791 est,
1718 4732 1874 4777 certo
1950 4721 2069 4776 loco
2125 4717 2367 4772 adlixum

763 4844 907 4886 CSSC.

1231 4906 1868 4983 CAP.XVH.[XVHL]

829 5013 1010 5070 ‘Vsns.
1054 5011 1110 5066 4.
1139 5008 1445 5079 Serpentem
1502 5022 1732 5070 wumun,
1759 5020 1910 5072 quem
1975 5000 2098 5070 fecit
2133 4996 2368 5069 Moyses.

763 5110 883 5165 Non
952 5112 1011 5161 ut
1061 5103 1432 5165 adoraretur;
1514 5101 1632 5166 sed,
1697 5107 1754 5151 ut
1827 5096 2028 5149 salutis
2093 5094 2372 5162 negotium

765 5200 1166 5264 adumbraret;
1201 5195 1357 5262 huic,
1411 5194 1616 5265 inquit,
1667 5190 1910 5262 populus
1945 5195 2211 5258 perpetuo
2242 5184 2373 5239 odo-

764 5313 853 5352 res
895 5290 1164 5348 incendit.

822 5387 893 5445 Et
930 5385 1221 5456 appellavit
1265 5398 1384 5436 eum
1420 5379 1650 5433 Euhan.
1681 5377 1742 5432 lu
1787 5373 2242 5443 interpretatione
2279 5385 2376 5423 no-

767 5486 978 5538 minum
1015 5479 1419 5537 Hebraicorum
1464 5475 1692 5547 ponitur
1737 5487 1834 5525 aes.
1868 5468 2007 5523 llinc
2041 5478 2173 5538 puto
2205 5464 2376 5536 Ophi-

767 5587 854 5632 tas
886 5580 996 5646 (est
1034 5581 1218 5629 autem
1274 5568 1608 5640 impiissima
1649 5566 1765 5619 haec
1813 5562 2065 5632 haeresis)
2102 5559 2377 5616 Estbenos

768 5685 978 5726 VOCGTL

832 5759 1006 5818 Vens.
1055 5757 1142 5813 10.
1196 5755 1279 5810 Ad
1318 5756 1478 5824 ﬁnem
1522 5753 1687 5807 trium
1743 5764 2030 5803 annorum.
2069 5746 2206 5803 Tres
2243 5760 2378 5800 con-

769 5859 953 5912 tinuos
981 5865 1164 5908 annos
1202 5847 1430 5907 obsidio
1469 5844 1738 5901 Samarize
1766 5842 2005 5897 duravit.

2491 4636 2792 4702 Ἐτόπαζον
2820 4637 2952 4708 γὰρ,
2985 4634 3219 4708 μερικὺν
3248 4630 3520 4687 εἶναιτῶν
3540 4632 3678 4685 ὅλων
3704 4630 3796 4684 τὸν
3827 4635 4095 4703 ποιητήν.

3079 4906 3332 4961 ΚΕΦΛΛ.
3384 4906 3483 4960 1Ζ’.

2559 4998 2670 5052 Τὸν
2699 4998 2840 5068 ὄφιν
2887 4999 2995 5052 τὸν
3030 4997 3330 5068 χαλκοῦν,
3381 4996 3456 5050 ὃν
3505 4995 3757 5062 erro/nas
3805 4993 4096 5062 Μωεῐπῆς.

2481 5093 2592 5163 Οὺχ
2634 5093 2720 5144 ἵνα
2772 5092 3180 5163 προσκυνῆται,
3217 5090 3455 5144 ἀλλ’ἵνα
3495 5089 3845 5162 προτυπώσῃ
3879 5089 3943 5142 τὸ
3990 5108 4095 5142 σωο

2480 5185 2670 5256 τήριον
2703 5183 2898 5247 πάθος.
2929 5184 3139 5254 Τούτῳ,
3176 5183 3366 5254 φησὶν,
3399 5184 3427 5235 ὁ
3455 5181 3582 5241 λαὸς
3613 5179 3829 5250 θυμιῶν
3851 5179 4095 5231 διετέλε-

2484 5293 2594 5328 σεν.

2556 5370 2664 5423 Ιιάὶ
2712 5369 3013 5424 ἐκάλεσεν
3046 5369 3237 5424 αὐτόν
3267 5369 3510 5424 Ἐσθὰν.
3573 5367 3663 5421 Ἐν
3722 5367 3787 5436 τῇ
3825 5366 4098 5435 ἑρμηνεία

2482 5461 2591 5514 τῶν
2637 5461 2944 5532 Ἑϐραϊκῶν
2979 5462 3263 5532 ὀνομάτων
3315 5463 3520 5526 κεῖται,
3546 5460 3770 5530 χαλκός.
3807 5458 4096 5512 Ἐντεῦθεν

2483 5550 2640 5624 οἶμαι
2674 5555 2801 5618 τοὺς
2835 5554 3057 5625 Ὀφίτας
3095 5556 3330 5626 (αἵρεσις
3365 5555 3422 5608 δὲ
3451 5554 3592 5626 αῦτη
3633 5551 4094 5624 δυσσεϐεστάτη),

2484 5649 2780 5720 Ἐσθηνοὺς
2808 5651 3201 5722 ὀνομάζεσθαι.

2558 5745 2662 5808 Εἰς
2696 5743 2873 5810 τέλος
2906 5744 3084 5812 τριῶν
3115 5743 3286 5797 ἐτῶν.
3329 5744 3466 5816 Ἐτη
3505 5744 3636 5817 τρία
3660 5741 3846 5796 τέλεια
3881 5741 4095 5813 τῆςΣαι

2489 5835 2724 5909 μαρείας
2750 5837 2782 5910 η
2807 5836 3100 5909 πολιορκία
3137 5839 3300 5890 κατέ.
3319 5861 3420 5897 (ει.
