4238 6458
735 359 868 424 Πτξθ

2088 361 2442 422 l‘ROCOPll
2485 361 2728 421 GAZrEl

3893 365 4033 432 1200

790 471 954 527 Vens.
996 472 1077 526 15.
1116 471 1427 526 Mansuram
1479 472 1764 537 Samaria',
1801 482 1850 526 et
1897 473 2103 541 pondus
2135 477 2312 529 domui

2504 475 2574 526 Τὸ
2593 471 2818 540 μέτρον
2855 472 3209 539 Σαμαρείας,
3256 471 3355 526 καί
3391 474 3499 526 τὸν
3543 474 3815 544 σταθμόν
3856 478 4029 532 οἴκου

725 567 948 622 Aehabi.
1005 564 1204 619 Iisdem
1252 565 1378 620 illos
1411 569 1578 620 etiam
1632 565 1794 621 malis
1853 568 2316 622 circumveniam:

723 669 784 713 ut
816 659 1036 712 illorum
1096 657 1237 711 alios
1291 657 1497 722 iantes,
1553 659 1692 711 alios
1723 658 1930 712 bellum
1968 660 2317 728 assumpsit,

724 746 922 815 reliqui
973 759 1105 799 vero
1143 744 1199 798 in
1233 744 1616 813 captivitatem
1677 743 1842 814 546
1880 745 2107 799 abducti
2161 756 2318 808 sunt,

719 843 775 888 et
829 833 1298 904 quemadmodum
1353 834 1580 887 domum
1630 833 1842 897 Achab,
1898 833 2155 889 funditus
2222 851 2319 891 eos

719 925 923 980 delevi.

785 1017 954 1072 Vsns.
1007 1016 1095 1071 16.
1153 1017 1486 1087 Sanguinem
1537 1018 1681 1070 enim
1749 1019 2083 1072 innocentem
2124 1021 2316 1088 eﬁ'udit

718 1103 1021 1159 Manasses.
1058 1105 1186 1160 Illos
1217 1106 1366 1158 enim
1397 1104 1639 1158 maxime
1668 1120 1698 1158 e
1724 1107 1908 1159 medio
1937 1107 2193 1172 tollebat,
2221 1108 2317 1177 qui

715 1209 838 1248 sese
875 1194 1148 1263 impietati
1183 1201 1554 1262 opponerent,
1598 1201 1652 1245 et
1685 1192 1824 1246 iram
1864 1194 2110 1249 divinant
2143 1196 2190 1249 ei
2221 1196 2318 1249 de-

716 1282 1064 1340 nuntiarent.
1129 1284 1291 1339 llunc
1341 1285 1509 1351 aiunt)
1553 1284 1775 1340 Esaiam
1823 1302 2044 1357 quoque
2077 1289 2315 1358 prophe-

713 1388 825 1434 tam
881 1395 1033 1435 serra
1086 1381 1362 1434 secuisse.
1425 1378 1743 1434 Manassem
1803 1396 1934 1435 vero
1983 1381 2119 1436 dicit
2178 1383 2317 1436 liber

715 1471 1208 1541 Paralipomenon,
1257 1488 1276 1523 ι
1319 1486 1444 1525 cum
1478 1454 1864 1542 paenitentiam
1900 1483 2109 1542 ageret,
2147 1475 2314 1529 resti-

714 1571 896 1618 tutum
929 1579 1074 1620 esse.
1110 1582 1130 1615 ι

1228 1654 1383 1710 CAP.
1420 1654 1564 1708 XXI.
1603 1655 1829 1736 [xxu]

775 1748 942 1805 Vsus.
983 1750 1033 1802 8.
1076 1748 1298 1804 Librum
1334 1750 1526 1803 inveni.
1579 1749 2090 1805 Deuteronomium.

1199 1838 1354 1892 CAP.
1392 1838 1558 1893 xxn.
1597 1838 1838 1910 [xxnn

763 1929 934 1985 Vsns.
979 1931 1029 1984 5.
1073 1928 1382 1983 Masurutlt.
1456 1931 1640 1984 Stellae
1671 1945 1873 1984 nomen
1897 1937 2008 1994 cst,
2046 1929 2308 1985 nimirum

710 2027 981 2082 Luciferi.

772 2121 940 2176 Vsas.
978 2122 1028 2174 7.
1067 2120 1295 2174 Domum
1347 2119 1620 2174 Cadesim.
1671 2120 1978 2191 IEquivoce
2025 2120 2309 2175 daemonas

707 2223 935 2268 sanctos
983 2213 1297 2283 appellavit.
1348 2210 1527 2266 Gades
1570 2211 1717 2266 enim
1774 2223 2030 2266 sanctum
2097 2212 2311 2282 signiti-

706 2316 830 2370 eat;
884 2303 1072 2356 lucum
1103 2318 1257 2365 vero,
1293 2309 1352 2353 ut
1397 2299 1610 2355 dictum
1664 2309 1770 2365 est,
1815 2303 2017 2370 reliqui
2049 2301 2308 2367 Aseroth,

709 2397 794 2451 vel
854 2397 1114 2450 Astaroth
1174 2402 1485 2464 exponunt,
1526 2393 1671 2463 quod
1713 2398 1974 2448 Astarten
2010 2393 2314 2466 signiﬁcat.

706 2488 941 2545 Veneris
1001 2498 1184 2542 autem
1237 2497 1480 2543 statuam
1516 2489 1668 2542 intus
1713 2487 1769 2541 in
1808 2487 1904 2542 Dei
1936 2488 2143 2557 templo
2174 2503 2313 2542 conv

704 2583 1030 2637 stituerunt.
1088 2579 1229 2633 Illud
1283 2593 1438 2642 vero,
1503 2579 1558 2631 in
1606 2594 1710 2646 quo
1735 2579 1983 2632 mulieres
2040 2578 2310 2643 texebant,

704 2677 906 2746 Aquila
966 2675 1044 2728 sic
1084 2675 1488 2742 interpretatus
1539 2683 1661 2726 est:
1704 2670 1804 2725 Ubi
1850 2671 2176 2725 indumenta
2231 2671 2312 2724 fa-

703 2770 927 2824 ciebant
961 2767 1096 2829 illis,
1143 2766 1238 2835 qui
1274 2779 1303 2817 a
1347 2763 1584 2817 Domino
1618 2762 1880 2816 fornicati
1920 2772 2130 2818 essent.

769 2861 936 2916 Vsus.
971 2862 1022 2915 9.
1062 2859 1166 2912 Sed
1199 2859 1501 2911 sacerdotes
1527 2857 1862 2911 excelsorum
1892 2856 1961 2909 ad
2002 2858 2179 2912 altare
2215 2856 2312 2911 Dei

702 2973 807 3010 non
868 2952 1244 3009 ascenderunt.
1295 2952 1530 3007 Excelsa
1584 2953 1788 3006 iterum
1847 2966 1959 3005 non
2012 2952 2313 3022 appellavit

702 3051 904 3106 altaria
954 3049 1256 3113 idolorum,
1316 3046 1411 3102 sed
1451 3044 1568 3108 Dei,
1615 3059 1738 3114 quae
1773 3043 1828 3097 in
1865 3044 2104 3099 excelsis
2151 3051 2313 3099 erant

701 3151 1051 3200 constructa.
1090 3141 1219 3194 Illos
1245 3145 1397 3203 vero,
1427 3139 1522 3208 qui
1573 3153 1640 3191 ex
1676 3137 1940 3207 prosapia
1971 3137 2306 3192 sacerdOtali
2339 3165 2386 3227 ο

699 3246 881 3302 erant,
926 3236 992 3291 ad
1028 3236 1202 3289 altare
1250 3232 1492 3296 Domini,
1534 3230 1683 3301 quod
1726 3229 2130 3301 Hierosolymis
2159 3239 2303 3298 erat,

700 3327 1004 3384 ascendere
1036 3341 1146 3380 non
1187 3324 1463 3395 permisit,
1521 3323 1629 3377 nisi
1665 3337 1861 3392 azyma
1895 3321 2305 3377 comedissent.

699 3423 861 3489 Quod
896 3423 940 3477 si
975 3419 1140 3475 idolis
1179 3417 1620 3483 saerilicassent,
1661 3432 1773 3470 non
1818 3416 2016 3487 utique
2051 3417 2176 3486 pius
2210 3431 2305 3472 rex

700 3516 1007 3586 ignovisset
1042 3513 1202 3585 ipsis.

763 3609 929 3664 Vens.
987 3610 1074 3661 lt).
1132 3605 1202 3659 Et
1249 3604 1637 3658 contaminavit
1693 3605 1918 3672 Apheth.
1982 3602 2303 3659 Secundum

702 3703 1029 3758 llebraicam
1075 3698 1595 3769 interpretationem
1630 3712 1825 3752 casum
1861 3697 2164 3768 signilicat.
2200 3695 2307 3750 Lo-

699 3815 800 3854 cus
834 3812 964 3852 vcro
999 3803 1140 3856 erat,
1176 3793 1269 3848 ubi
1317 3806 1529 3862 pueros
1575 3805 1674 3861 per
1707 3790 1889 3861 ignem
1929 3791 2305 3845 traducebant

699 3889 934 3945 Melchol
987 3887 1136 3941 idolo
1191 3884 1663 3938 Amntonitarum.
1726 3882 1966 3937 Pharuri
2016 3898 2170 3951 vero,
2205 3899 2303 3936 cu-

696 3985 866 4040 eladis
925 3982 1042 4052 (τοῦ
1070 3978 1338 4050 φρουροῦ)
1370 3977 1617 4033 reddidit
1653 3975 2048 4049 Symmachus.

760 4075 1097 4130 Amessaoth.
1141 4071 1430 4127 Interitus.

759 4171 927 4226 Vens.
985 4170 1070 4223 18.
1116 4167 1179 4220 Et
1213 4176 1427 4220 seruata
1469 4173 1595 4219 sunt
1639 4179 1764 4217 ossa
1813 4163 2087 4232 propheta:
2119 4163 2302 4216 senio-

695 4268 791 4321 ris.
828 4264 949 4317 Non
993 4264 1186 4330 utique
1222 4258 1714 4330 pseudopropheta
1769 4254 1894 4320 luit,
1941 4270 2121 4325 neque
2152 4257 2300 4310 enim

695 4358 838 4413 alias
873 4369 996 4409 ossa
1027 4353 1206 4424 ipsius
1243 4361 1577 4408 conservata
1610 4358 1821 4405 essent.

769 4450 939 4505 VERS.
971 4448 1062 4503 $25.
1109 4446 1322 4502 Similis
1357 4447 1405 4500 ei
1438 4461 1532 4499 rex
1566 4444 1820 4512 nonfuit.
1864 4445 1992 4499 Ητρο
2025 4445 2194 4499 etiam
2232 4443 2301 4498 de

696 4544 930 4598 Ezechia
980 4556 1148 4610 supra
1202 4539 1364 4604 dixit,
1414 4538 1563 4609 quod
1611 4549 1735 4607 post
1780 4538 1961 4607 ipsum
2010 4537 2136 4591 talis
2188 4551 2298 4590 non
2334 4529 2378 4584 D

691 4617 963 4692 surrexit.
999 4634 1135 4687 (lum
1166 4647 1299 4688 vero
1344 4646 1495 4685 nunc
1558 4628 1773 4684 Josiam
1822 4629 1902 4682 illi
1955 4626 2214 4699 praeferat
2251 4635 2306 4683 et

693 4735 1018 4799 anteponat,
1081 4724 1443 4781 manifestum
1492 4733 1599 4790 est,
1655 4739 1782 4779 eum
1817 4724 2011 4792 utique
2060 4731 2114 4778 et
2167 4722 2303 4777 Eze-

690 4821 854 4886 chiae,
889 4828 944 4875 et
972 4817 1177 4872 Davidi
1209 4819 1480 4889 praeponi.
1533 4818 1656 4872 Non
1692 4818 1864 4887 igitur
1898 4817 2025 4872 illos
2061 4816 2207 4870 inter
2244 4831 2304 4871 se

691 4929 842 4970 nunc
893 4914 1156 4978 contulit,
1216 4913 1310 4968 scd
1339 4928 1467 4966 cum
1517 4913 1665 4977 aliis,
1707 4917 1798 4983 qui
1837 4929 1935 4979 pro
1976 4914 2084 4983 piis
2130 4912 2301 4965 hahiti

692 5015 843 5073 sunt,
877 5006 1048 5063 veluti
1075 5022 1199 5061 cum
1234 5007 1367 5068 Asa,
1400 5004 1694 5076 Josaphat,
1731 5005 2115 5061 elJOItalhan.

751 5101 920 5157 Vens.
985 5101 1075 5157 50.
1119 5100 1303 5154 Achaz
1346 5101 1520 5170 ﬁlium
1560 5100 1751 5155 Josice.
1793 5099 1902 5155 lies
1943 5100 2152 5166 Aehaz,
2181 5098 2305 5154 Joa-

689 5198 860 5263 chim,
933 5194 1240 5260 Jecho‘nize,
1286 5204 1340 5250 et
1383 5195 1668 5250 Sedechiae
1738 5195 1972 5250 uberius
2024 5192 2302 5249 Jeremias

691 5290 1014 5360 descripsit.
1065 5287 1322 5343 Joaebim
1377 5303 1512 5342 vero
1551 5286 1825 5341 Joachimi
1859 5288 2055 5352 lilium,
2090 5285 2299 5341 Jet-ho-

696 5381 843 5436 niam
868 5381 1131 5452 appellat,
1168 5381 1308 5434 liber
1359 5395 1492 5435 vero
1555 5379 1967 5449 Paralipomen.
2017 5375 2297 5432 Joachim.

687 5476 850 5529 'ﬂunc
906 5472 1173 5543 Assyrius
1224 5487 1254 5525 e
1286 5452 1513 5526 carcere
1564 5471 1885 5534 liberatum,
1941 5481 2300 5521 commensa-

692 5567 797 5619 lem
849 5563 1068 5630 habuit,
1099 5563 1359 5628 Domino,
1408 5578 1583 5634 aquo
1633 5577 1938 5634 percussus
1986 5569 2130 5624 erat,
2173 5575 2300 5614 cum

690 5660 1020 5716 testituente
1054 5657 1107 5715 in
1140 5659 1443 5731 integrum.

2439 563 2681 631 Ἀχαάϐ.
2723 562 2857 624 Ταῖς
2879 562 3074 624 αὑταῖς
3111 564 3204 615 καὶ
3241 565 3466 626 τούτους
3495 565 3782 636 περιϐαλῶ
3811 584 4027 638 συμφο-

2425 657 2571 722 ραῖς,
2620 653 2696 716 ὡς
2746 652 2974 706 ἐκείνων
3013 653 3137 714 τοὺς
3174 654 3271 722 μὲν
3301 653 3479 724 λιμὸς,
3525 656 3652 718 τοὺς
3688 658 3745 710 δὲ
3792 659 4027 728 πόλεμος

2423 745 2790 814 ἐδαπάνησεν,
2845 745 2893 796 οἱ
2925 744 3002 808 δὲ,
3046 744 3351 812 ληφθέντες
3386 746 3715 816 ἀπήχθησαν
3739 787 3754 813 ,
3790 752 3904 816 καὶ,
3952 752 4029 814 ὡς

2423 836 2515 889 τὸν
2547 832 2699 888 οἷκον
2734 835 2964 904 ’Δχαά6,
2992 835 3343 906 πανωλεθρίᾳ
3370 838 3684 906 παρέδωκα.

2493 1019 2605 1072 Καί
2630 1035 2697 1086 γε
2741 1017 2886 1086 αἷμα
2933 1017 3133 1072 ἀθῶον
3187 1019 3393 1088 ἐξέχεε
3438 1021 3802 1089 Μανασσῆς.
3836 1023 4029 1091 Διαφεο

2422 1110 2626 1178 ρόντως
2655 1110 2766 1179 γὰρ
2789 1111 2982 1180 ἀνῄρει
3013 1111 3137 1174 τοὺς
3158 1113 3256 1180 τῆς
3289 1113 3574 1175 εὐσεϐείας
3600 1114 4029 1184 ἀντεχομένους,

2421 1206 2516 1256 καὶ
2551 1206 2678 1268 τοὺς
2705 1205 2803 1275 τὴν
2842 1205 2995 1258 θείαν
3031 1206 3201 1274 ὀργὴν
3229 1206 3378 1275 αὐτῷ
3409 1207 3850 1276 προμηνύοντας.
3881 1207 4026 1260 Τοῦ-

2418 1296 2509 1348 τόν
2544 1313 2677 1364 φασι
2736 1297 2832 1350 καὶ
2867 1297 2958 1349 τὸν
2992 1298 3280 1368 προφήτην
3316 1298 3548 1352 Ἡσαΐαν
3583 1300 3766 1369 πρίονι
3805 1299 4024 1352 διελεῖν.

2419 1387 2622 1440 Τοῦτον
2645 1389 2704 1440 δέ
2742 1406 2909 1459 φησιν
2955 1390 3012 1441 ἐν
3042 1389 3556 1460 Παραλειπομέναις
3583 1431 3597 1457 ,
3631 1410 3650 1443 ι
3689 1392 4033 1465 μεταμελείᾳ

2421 1483 2793 1551 χρησάμενον,
2828 1485 3011 1554 τυχεῖν
3036 1482 3135 1551 τῆς
3167 1483 3543 1555 ἀνακλήσεως.
3579 1501 3600 1536 ι

2992 1655 3250 1709 ΚΕΦΑΛ.
3303 1657 3437 1712 KA'.

2487 1747 2737 1800 Βιϐλιόν
2763 1742 2968 1815 εὖρον.
3008 1748 3114 1800 Τοῦ
3152 1751 3598 1820 Δευτερονομὶου.

3009 1842 3265 1895 ΚΕΦΑΛ.
3320 1843 3450 1896 KB'.

2487 1933 2596 1987 Καὶ
2637 1933 2761 2000 τοῖς
2794 1934 3133 2003 Μαζουρώθ.
3169 1935 3430 2005 Ἀστέρος
3475 1933 3670 2006 ὄνομα,
3720 1939 3798 2000 ὡς
3853 1936 4032 2005 εἰκὸς,

2411 2025 2509 2078 τοῦ
2551 2026 2885 2098 Ἑωσφόρου.
3799 2098 3806 2104 ἰ

2493 2120 2604 2174 Τὸν
2645 2116 2817 2173 οἷκον
2865 2119 2973 2172 τὸν
3023 2118 3318 2187 Καδησίν.
3366 2119 3713 2191 Ὀμωνύμως
3762 2122 4035 2175 ἐκάλεσεν

2416 2213 2605 2281 ἁγίους
2635 2215 2761 2277 τοὺς
2799 2212 3086 2282 δαίμονας.
3131 2213 3318 2284 Κάδης
3362 2215 3496 2284 γὰρ,
3540 2216 3601 2267 τὸ
3645 2215 3824 2283 ἅγιον.
3857 2218 3933 2270 Τὸ
3972 2218 4035 2271 δὶ

2416 2306 2601 2372 ἄλσος,
2643 2307 2718 2368 ὡς
2770 2307 3014 2379 εἴρηται,
3059 2306 3108 2359 oi
3155 2308 3332 2358 λοιποὶ
3363 2306 3615 2378 Ἀσηρὼθ
3665 2307 4031 2380 ἢἈσταρὼο

2417 2400 2841 2472 ἑρμηνεύουσιν,
2865 2399 2893 2452 ὃ
2918 2402 3017 2470 τὴν
3048 2401 3359 2470 Ἀστάρτην
3387 2400 3557 2471 δηλοῖ.
3596 2401 3706 2470 Τῆς
3737 2402 3797 2454 δὲ
3826 2402 4032 2473 ’Δφρο-

2416 2493 2570 2562 δίτης
2607 2493 2668 2544 τὸ
2702 2493 2891 2556 ξόανον
2935 2493 3084 2545 ἔνδον
3134 2492 3375 2562 ἔστησαν
3415 2496 3474 2546 ἑν
3515 2493 3596 2564 τῷ
3631 2494 3760 2565 θείῳ
3790 2500 3922 2567 νεῲ.
3956 2497 4036 2549 Τὸ

2415 2585 2495 2648 δὲ,
2525 2586 2595 2639 ἐν
2621 2579 2668 2651 ᾦ
2698 2587 2757 2637 ut
2790 2584 3074 2653 γυναῖκες
3114 2584 3397 2653 ὕφαινον,
3444 2585 3677 2647 ’Δκύλας
3718 2584 3893 2649 οὕτως
3932 2589 4035 2656 ἐρ-

2420 2681 2712 2750 μήνευσεν,
2744 2672 2818 2731 Ob
2865 2680 3085 2732 ἐποίουν
3131 2677 3407 2747 ἰνδύματα
3440 2681 3552 2742 τοῖς
3598 2680 4037 2750 ἐκπορνεύουσιν

2417 2774 2527 2826 ἀπὸ
2561 2775 2797 2844 Κυρίου.

2485 2866 2662 2933 Πλὴν
2681 2869 2791 2919 οὐκ
2816 2866 3129 2932 ἀνέϐησαν
3163 2867 3218 2920 οι
3240 2865 3413 2935 ἱερεῖς
3437 2864 3554 2918 τῶν
3583 2864 3844 2936 ὑψηλῶν
3873 2867 4039 2936 πρὸς

2418 2958 2484 3012 τὸ
2503 2960 2948 3028 θυσιαστήριον
2981 2960 3088 3014 τοῦ
3119 2961 3367 3028 Κυρίου.
3418 2960 3634 3031 Ὑψηλά
3665 2961 3831 3014 πάλιν
3856 2962 3922 3014 ού
3959 2965 4037 3017 τὰ

2417 3050 2528 3103 τῶν
2569 3051 2829 3115 εἰδώλων,
2895 3051 3031 3104 ἀλλὰ
3099 3053 3168 3106 τὰ
3215 3052 3311 3104 τοῦ
3365 3052 3502 3105 Θεοῦ
3538 3053 3910 3124 θυσιαστήρια
3935 3056 4036 3106 κέ-

2419 3141 2615 3212 κληκε,
2640 3142 2708 3194 τὰ
2733 3146 2790 3194 ὲν
2815 3145 2924 3208 τοῖς
2966 3144 3216 3215 ὑψηλοῖς.
3248 3145 3389 3208 Τοὺς
3439 3145 3502 3208 ἐξ
3537 3146 3819 3215 ἱερατικοῦ
3851 3146 3913 3199 δὲ
3936 3148 4038 3214 γέ-

2415 3255 2541 3301 νους
2573 3239 2675 3291 ούκ
2707 3240 2921 3309 ἀφῆκεν
2954 3242 3034 3301 εἰς
3076 3241 3136 3294 τὸ
3175 3240 3570 3312 θυσιαστήριον
3624 3241 3870 3296 ἀνελθεῖν
3932 3244 4036 3297 τοῦ

2412 3331 2646 3400 Κυρίου,
2695 3333 2754 3384 τὸ
2801 3333 2859 3384 ἐν
2912 3333 3294 3404 Ἰερουσαλὴμ,
3361 3336 3410 3388 εἰ
3465 3335 3541 3406 μὴ
3575 3335 3778 3404 ἔφαγον
3812 3335 4034 3406 ἄζυμα.

2412 3426 2474 3478 Ei
2515 3427 2574 3479 δὲ
2612 3429 2726 3490 τοῖς
2784 3427 3030 3491 εἰδώλοις
3089 3427 3455 3497 ἐλάτρευσαν,
3508 3429 3608 3481 οὐκ
3647 3428 3713 3482 ἂν
3755 3430 3965 3494 αὐτοὺς
4007 3433 4036 3483 ὁ

2411 3519 2644 3588 εὐσεϐὴς
2667 3519 2926 3589 βασιλεὺς
2956 3521 3295 3592 συγγνώμης
3326 3520 3586 3591 ἠξίωσεν.

2482 3612 2592 3666 Καὶ
2623 3613 2831 3681 ἐμίανε
2856 3613 2921 3666 τὸ
2965 3614 3162 3681 Ἀφέίλ
3201 3614 3360 3667 Κατά
3378 3617 3477 3685 τὴν
3503 3613 3806 3685 Ἐὁραῖκὴν
3846 3618 4038 3687 ἑρμη-

2411 3705 2585 3770 νείαν,
2626 3706 2835 3758 πτῶσιν
2903 3707 3184 3776 σημαίνει.
3220 3708 3398 3771 Τόπος
3436 3708 3494 3760 δὲ
3533 3702 3622 3779 ἦν,
3661 3710 3721 3761 ὲν
3760 3704 3808 3778 ᾦ
3835 3710 4036 3780 διῆγον

2409 3800 2468 3850 ὲν
2499 3797 2575 3867 τῷ
2599 3799 2735 3868 πυρὶ
2770 3797 2837 3850 τὰ
2858 3797 3046 3850 παιδία
3077 3797 3154 3868 τῷ
3177 3798 3414 3868 Μελχὸλ,
3451 3799 3763 3868 Ἀμανιτῶν
3791 3801 4031 3871 εἰδώλῳ.

2409 3891 2484 3943 Τὸ
2536 3891 2593 3944 δὲ
2626 3891 2890 3962 Φαρουρὶ,
2943 3890 3047 3945 τοῦ
3100 3892 3388 3960 φρουροῦ,
3441 3891 3772 3965 παρέδωκαν
3807 3897 3859 3947 οῖ
3900 3898 4036 3966 περὶ

2415 3984 2744 4053 Σύμμαχον.

2494 4075 2856 4144 Ἀμεσσοὰο.
2919 4075 3284 4146 ’Δφανισμοῦ.

2481 4167 2586 4219 Καὶ
2622 4166 2877 4233 διεσώθη
2906 4166 2978 4219 τὰ
3013 4166 3166 4222 ὀστᾶ
3189 4167 3306 4237 ,τοῦ
3350 4170 3666 4239 προφήτου
3715 4171 3823 4226 τοῦ
3882 4190 4036 4242 ape-

2409 4260 2729 4328 σϐυτέρου.
2765 4260 2878 4313 Ούκ
2909 4260 3018 4329 ἄρα
3044 4260 3508 4333 ψευδοπροφήτης
3527 4264 3795 4334 ὑπῆρχεν,
3818 4265 3898 4318 Ob
3927 4269 4038 4338 γὰρ

2407 4354 2472 4407 ἂν
2504 4352 2672 4406 αὑτοῦ
2713 4353 2782 4405 τὰ
2817 4355 2955 4406 ὀστᾶ
2977 4353 3236 4424 διεσώθη.

2479 4447 2726 4514 ⁸Ομοιος
2788 4446 2949 4510 αὐτῷ
2995 4449 3106 4502 οὐκ
3154 4448 3394 4517 ἐγένετο
3450 4450 3774 4516 βασιλεύς.
3830 4452 4037 4505 Ταῦτα

2408 4541 2500 4592 καὶ
2536 4541 2664 4610 περὶ
2712 4540 2958 4597 Ἐζεκίου
2990 4544 3276 4610 προεῖπεν,
3311 4542 3406 4595 καὶ
3439 4544 3523 4596 ὃτι
3577 4543 3696 4612 μετ’
3728 4529 3901 4596 αὑτὸν
3931 4549 4040 4598 οὐκ

2410 4631 2611 4698 ἀνέστη
2669 4630 2934 4694 τοιοῦτος.
2996 4633 3058 4684 Ei
3125 4632 3183 4684 δὲ
3228 4632 3324 4686 νῦν
3375 4633 3485 4704 πρὸ
3518 4633 3684 4686 αὑτοῦ
3719 4638 4038 4706 προτάττει

2410 4720 2499 4773 τὸν
2545 4720 2955 4790 Ἰωσίαν,δῆλον
2975 4723 3057 4773 ὅτι
3092 4723 3186 4774 καὶ
3234 4722 3501 4789 Ἐζεκίου,
3538 4727 3634 4778 καὶ
3685 4726 3780 4778 τοῦ
3829 4728 4037 4792 Δασιδ,

2410 4814 2783 4884 ἀμφοτέρους.
2836 4814 2951 4868 Νῦν
3011 4811 3104 4868 οὖν
3161 4817 3262 4868 οὐκ
3307 4817 3559 4887 ἀλλήλοις
3611 4819 3837 4879 τούτους
3901 4839 4039 4874 συν·

2414 4908 2652 4977 ἐκρινεν,
2679 4906 2816 4960 ἀλλὰ
2855 4910 2967 4971 τοῖς
2992 4908 3195 4975 ἄλλοις,
3228 4912 3341 4973 τοῖς
3373 4911 3594 4976 δόξασιν
3638 4912 3920 4978 εὐσεϐεῖν,
3956 4915 4038 4984 τῷ

2425 5003 2579 5060 Ἀσὰ.
2614 5003 2707 5054 καὶ
2741 5002 2817 5072 τῷ
2863 5001 3153 5071 Ἰωσαφὰτ,
3193 5005 3288 5056 καὶ
3319 5005 3398 5075 τῷ
3435 5005 3698 5075 Ἰωαθάμ.

2494 5094 2676 5163 Ἀχὰζ,
2699 5097 2806 5149 τὸν
2844 5097 2979 5149 υἱὸν
3009 5097 3264 5152 Ἰωσίου.
3286 5099 3366 5150 Τὰ
3403 5098 3544 5152 κατά
3581 5099 3672 5152 τὸν
3711 5099 3912 5170 Ἀχάζ,
3940 5105 4038 5156 καὶ

2409 5190 2499 5241 τὸν
2530 5191 2784 5258 Ἰωακὶμ,
2811 5193 2902 5244 καὶ
2929 5192 3019 5243 τὸν
3053 5191 3335 5261 Ἰεχονίαν,
3373 5194 3468 5245 καὶ
3499 5192 3780 5259 Σεδεκίαν,
3820 5197 4036 5251 7:13:3-

2400 5301 2575 5354 τεροντ
2610 5285 2881 5355 Ἱερεμίας
2941 5287 3310 5358 συνέγραψεν.
3371 5288 3475 5340 Τὸν
3531 5289 3585 5340 δὲ
3627 5288 3893 5360 Ἰωακὶμ,
3938 5295 4036 5344 τίιν

2401 5377 2492 5428 τοῦ
2536 5375 2764 5446 Ἰωακ“ιμ
2801 5379 2937 5442 υἱὸν,
2981 5378 3242 5449 Ἰεχονίαν
3271 5379 3452 5433 καλεῖ.
3501 5381 3567 5433 'H
3598 5380 3656 5432 δὲ
3688 5381 3798 5434 τῶν
3835 5384 4037 5455 Παρα-

2400 5466 2748 5534 λειπο;λ.ἐνων
2800 5469 2985 5539 βίϐλος
3030 5470 3286 5539 Ἰωακίμ.
3340 5470 3545 5526 Τοῦτον
3624 5475 3653 5527 ὁ
3707 5473 4035 5549 ’Δσσύριος,

2404 5561 2504 5629 τῆς
2537 5560 2766 5631 εἱρκτῆς
2801 5562 3141 5629 ἀπαλλάξας,
3178 5563 3492 5631 ὁμοδίαιτον
3521 5561 3692 5637 εἶχεν,
3747 5567 3846 5622 τοῦ
3890 5569 4036 5642 πλή-

2412 5653 2601 5719 ξαντος
2641 5657 2803 5708 αὑτὸν
2841 5657 3142 5728 ἰασαμὲνου
3185 5655 3347 5710 Θεοῦ.
