4238 6458
239 469 374 533 1205

829 577 1082 632 ΚΕΦΑΛ.
1113 578 1213 631 1Ε’.

305 671 414 725 Καὶ
443 668 544 723 ἐπὶ
586 669 766 722 Δαϐίδ
798 667 986 738 ἐφοὺδ
1019 668 1233 736 μόνον.
1283 669 1393 720 Καὶ
1464 667 1568 734 μὴν
1617 665 1716 717 οὐκ
1756 660 1823 734 ἦν

235 761 436 831 ἱερεύς.
477 762 535 814 '0
573 761 671 830 μὲν
699 755 793 813 οῦν
842 759 1075 821 Ἀκύλας
1100 760 1469 827 ὴρμήνευσεν,
1495 757 1823 827 ἑπένδυμαο

239 848 530 917 Σύμμαχος
559 847 638 909 δὲ,
671 846 955 915 ἐπωμίδα.
1004 847 1165 898 Ἀλλὰ
1190 847 1364 899 ταῦτα
1422 849 1516 900 καὶ
1576 847 1826 915 ἱερατικὰ

235 933 326 1008 ἦν,
353 937 450 990 καὶ
487 937 661 990 κοινά.
705 937 973 1004 Θεοσεϐὴς
1001 932 1092 989 οὗν
1122 934 1199 988 ὢν
1271 938 1299 990 6
1360 936 1541 1000 Δαϐἱδ,
1605 936 1826 1006 ἐχόρευε

238 1029 345 1098 πρὸ
383 1029 483 1097 τῆς
507 1029 772 1081 κιϐωτοῦο
803 1029 864 1082 τὸ
892 1029 949 1080 δὲ
981 1028 1263 1097 βασιλικὸν
1299 1028 1635 1098 ἀποθέμενος
1696 1030 1828 1098 σχῆ-

244 1137 338 1187 μα,
379 1119 548 1188 μόνην
576 1119 630 1172 δὲ
663 1120 846 1188 φορῶν
885 1119 1132 1188 ἐπωμίδα
1164 1119 1373 1187 κοινὴν,
1406 1120 1473 1189 ἢν
1505 1119 1601 1172 νῦν
1635 1118 1828 1170 καλοῦ-

241 1223 326 1258 σιν
369 1208 717 1277 Ἀρκαδικὴν.
747 1207 873 1271 Πῶς
910 1207 1018 1279 γὰρ
1073 1208 1162 1272 ἂν,
1230 1208 1487 1278 Θεοσεεὴς
1541 1209 1824 1278 ὑπάρχων,

241 1299 458 1368 παρέϐη
495 1299 586 1350 τὸν
615 1298 779 1368 νόμον
809 1315 822 1362 ;

844 1390 1096 1444 ΚΕΦΛΛ,
1134 1389 1251 1458 Iq'.

309 1481 551 1549 Χελχὰλ
593 1481 799 1549 ἄρτου.
872 1482 958 1534 Ἐν
996 1485 1118 1547 ταῖς
1176 1482 1486 1547 Βασιλείαις
1539 1484 1828 1556 κολλυρίδα

240 1573 397 1642 φησῆ

313 1667 452 1719 Τότε
476 1667 651 1730 ἔταξε
673 1667 854 1721 Δαϐὶδ
880 1669 950 1722 ἐν
974 1669 1132 1737 ἀρχῇ
1165 1670 1269 1722 τοῦ
1308 1670 1506 1723 αἰνεῖν
1549 1671 1657 1723 τὸν
1708 1671 1824 1722 Κύ-

232 1772 370 1822 ριον
396 1756 464 1808 ἐν
516 1757 664 1825 χειρὶ
710 1757 906 1828 Ἀζὰφ,
969 1761 1066 1813 καὶ
1133 1760 1251 1812 τῶν
1288 1759 1570 1830 ἀδελφῶν
1617 1761 1828 1815 αὐτοῦ.

236 1847 525 1910 Τουτέστι,
545 1849 752 1902 τούτων
782 1851 1124 1920 ἡγουμένων.
1160 1830 1467 1904 Αίνίττεταῖ
1494 1852 1575 1915 δὲ,
1594 1851 1670 1912 ὡς
1703 1851 1831 1904 πάν-

1194 471 1731 533 COMMENTARII
1772 467 1855 528 IN
1919 470 2067 530 LIB.
2140 471 2167 528 Ι
2227 473 2570 533 PARALIP.

3371 470 3502 534 1206

2562 579 2714 634 CAP.
2751 580 2867 634 XV.

1998 665 2164 720 Vens.
2222 669 2270 720 l.
2331 667 2502 722 David
2546 671 2660 724 solo
2703 671 2871 737 ephod
2926 670 3141 724 indutus
3169 681 3304 724 erat.
3343 671 3505 739 Atqui

1928 757 2191 811 sacerdos
2231 771 2494 814 nouerat.
2531 761 2729 830 Aquila
2789 761 3066 830 ὲπένδυμα
3114 762 3509 831 interpretatus

1928 858 2038 914 est;
2082 849 2452 920 Symmachus
2487 869 2618 907 vero
2678 854 2952 923 ἐπωμίδα.
2985 852 3259 907 Caeterum
3297 852 3430 916 lucc,
3457 862 3509 906 et

1928 936 2314 1002 sacerdotalia,
2376 948 2430 995 et
2484 942 2800 994 conununia
2863 950 3042 996 erant.
3083 939 3253 993 David
3301 941 3509 1010 itaque.

1929 1028 2109 1094 utqui
2145 1028 2438 1097 religiosus
2487 1040 2627 1093 eral,
2672 1031 2894 1085 saltavit
2947 1038 3075 1085 ante
3114 1044 3320 1093 arcam,
3364 1030 3514 1100 regio

1930 1115 2119 1171 habitu
2191 1117 2481 1186 deposito,
2546 1119 2723 1173 solam
2786 1121 3095 1190 epomidem
3161 1134 3510 1173 communem

1930 1215 2175 1274 gestans,
2234 1223 2399 1276 quam
2459 1224 2605 1262 nunc
2675 1210 3004 1264 Arcadicam
3065 1209 3364 1278 appellant.
3399 1208 3510 1260 Cur

1930 1295 2100 1358 enim,
2129 1296 2253 1366 pius
2275 1312 2397 1351 cum
2428 1296 2804 1370 fuerit,lcgem
2841 1307 3228 1369 transgressus
3257 1301 3442 1353 esset?

2564 1390 2717 1444 CAI’.
2757 1391 2894 1445 XVI.

2004 1479 2168 1552 548
2211 1480 2372 1536 Vens.
2403 1484 2454 1538 5.
2489 1482 2765 1546 Chelclial,
2817 1494 3013 1538 tortam
3063 1487 3238 1552 panis.
3264 1483 3321 1536 ln
3372 1484 3516 1537 libro

1935 1571 2140 1639 lt-guni
2173 1573 2464 1642 κολλυρίδα
2501 1575 2655 1627 dicit.

2005 1660 2172 1716 Vens.
2206 1665 2258 1718 7.
2320 1665 2467 1718 Tunc
2517 1666 2750 1718 instituit
2806 1667 2972 1719 David
3020 1669 3073 1719 in
3115 1669 3516 1736 principioluu-

1934 1757 2102 1810 dandi
2161 1757 2449 1811 Dominum
2497 1759 2548 1810 in
2575 1776 2732 1811 manu
2794 1761 2995 1827 Asaph,
3028 1772 3075 1814 et
3111 1761 3339 1829 fratrum
3378 1761 3514 1829 ejus.

1939 1847 2052 1902 lloc
2073 1857 2181 1914 est,
2215 1849 2322 1904 illis
2363 1852 2963 1920 praeeuntibuannuit
2989 1864 3193 1917 autem,
3232 1860 3290 1906 ut
3327 1868 3519 1907 omnes

233 1957 326 2003 τες
356 1940 452 1994 τοῦ
478 1941 645 1994 Δαϐὶδ
677 1943 726 1994 οἱ
757 1917 998 2011 ιῐίαλμοί.
1019 1945 1128 1996 Καὶ
1161 1945 1371 2007 τούτοις
1400 1944 1594 2007 αὐτοὺς
1623 1945 1826 2014 ἐνεχεί-

1958 1940 2185 1995 ’salmos
2235 1938 2460 1995 Davidis
2485 1945 2735 2011 aggressi
2786 1944 2929 2006 sint;
2996 1944 3046 1995 id
3082 1944 3226 1997 enim
3252 1945 3517 2005 declarat,

237 2051 390 2104 ρισεν
415 2076 429 2101 ,
463 2033 538 2097 ὡς
568 2035 720 2105 δηλοῖ
747 2035 828 2100 τδ,
859 2036 930 2088 ἐν
963 2038 1145 2106 χειρί·
1182 2035 1280 2108 τὴν
1313 2037 1632 2107 ψαλμῳδίαν
1660 2038 1714 2090 δὲ
1743 2037 1829 2091 διὰ

238 2128 441 2190 παντὸς
470 2129 783 2190 ἐπετέλουν,
819 2131 884 2199 τῇ
912 2129 1126 2200 διαδοχῇ
1177 2132 1303 2193 τοῦς
1367 2131 1562 2194 πόνους
1617 2133 1833 2183 ἐπικου-

237 2222 509 2288 φίζοντες.
556 2223 647 2273 Ἐν
683 2222 908 2276 Γαϐαὼν
939 2223 995 2276 δὲ
1021 2219 1144 2294 ἦνὴ
1203 2225 1398 2294 σκηνή.
1453 2222 1545 2275 Διὸ
1596 2223 1830 2276 Σαδδοῦκ

235 2317 355 2367 ἐκεῖ
376 2316 475 2377 τὰς
510 2313 702 2377 θυσίας
733 2315 1096 2386 προσέφερεν.
1151 2316 1272 2379 Πῶς
1302 2316 1396 2369 οῦν
1447 2316 1832 2387 Θυσιαστήριον

232 2408 261 2460 6
294 2407 462 2460 Δαϐὶδ
500 2410 557 2460 ὲν
586 2411 652 2479 τῇ
688 2408 799 2478 ato
832 2409 1100 2479 πεποίηκε
1127 2407 1220 2460 τοῦ
1261 2409 1442 2478 Ὀρνᾶ,
1467 2410 1564 2480 τῆς
1595 2408 1830 2462 κιϐωτοῦ

238 2501 314 2571 μὴ
340 2500 511 2569 οὔσης
541 2503 686 2565 ὲκεῖς
759 2502 922 2554 Ἀλλὰ
954 2503 1042 2554 διὰ
1091 2502 1188 2573 τὴν
1228 2501 1323 2555 τοῦ
1381 2501 1510 2556 λαοῦ
1561 2503 1832 2573 τιμωρίαν

234 2593 470 2663 ὲπείχθη
506 2593 597 2646 τὸν
619 2594 752 2647 Θεὸν
785 2593 1149 2648 ἱλεώσασοαι.
1173 2597 1249 2648 Δι’
1278 2597 1304 2648 ὃ
1335 2613 1502 2665 φησιν
1528 2597 1559 2665 ἡ
1597 2597 1830 2667 ἱστορία,

236 2688 461 2740 Καὶοὺκ
489 2687 732 2757 ἢδυνήοη
754 2689 917 2742 Δαϐὶδ
941 2691 1271 2760 πορευθῆναι
1296 2689 1608 2759 ἔμπροσθεν
1641 2690 1830 2756 αὑτοῦ,

235 2775 331 2830 τοῦ
374 2778 677 2849 ἐκζητῆσαι
695 2780 784 2832 τὸν
811 2780 1036 2850 Κύριον,
1059 2781 1141 2834 ὅτι
1159 2781 1532 2834 κατέσπευσεν
1551 2781 1657 2833 ἀπὸ
1675 2799 1836 2851 προσ-

235 2871 388 2921 ώπου
417 2871 514 2940 τῆς
535 2873 811 2942 ῥομφαίας
835 2874 1072 2941 ἀγγέλου
1095 2874 1324 2943 Κυρίου.
1350 2873 1442 2925 Διὸ
1459 2874 1550 2925 καὶ
1566 2873 1654 2924 τὸν
1675 2875 1836 2925 τόπον

234 2962 336 3032 τῆς
358 2962 548 3023 Θυσίας
565 2966 642 3028 είς
665 2964 799 3017 νεὼν
822 2965 1148 3036 ἀφιέρωσεν.
1165 2965 1237 3018 Τὸ
1250 2966 1303 3017 δὲ
1318 2964 1519 3036 ταύτης
1537 2965 1836 3035 εὐπρόσδε-

237 3070 368 3106 κτον
385 3052 554 3119 ἔδειξε
575 3054 634 3107 τὸ
654 3056 710 3121 ἐξ
729 3055 958 3124 οὐρανοῦ
977 3055 1108 3127 πῦρ,
1133 3056 1160 3108 ὃ
1184 3056 1282 3126 τὴν
1302 3055 1494 3108 Θυσίαν
1512 3057 1746 3109 αατέκαυ
1757 3075 1835 3110 σε.

831 3148 1084 3202 ΚΕΦΛΛ.
1123 3148 1252 3201 KB'.

1934 2033 2076 2102 quod
2140 2033 2296 2098 dicit,
2328 2035 2381 2087 in
2437 2050 2620 2087 manu.
2687 2034 2938 2089 Psalmos
3000 2043 3187 2088 autem
3257 2047 3521 2104 perpetuo

1935 2125 2247 2178 tractabant
2273 2126 2628 2180 successione
2652 2126 2895 2180 laborem
2926 2128 3189 2181 levantes.
3214 2129 3270 2180 In
3297 2127 3519 2181 Gabaon

1936 2225 2118 2270 autem
2176 2216 2766 2283 erattabernaculum,
2814 2219 3358 2289 quaprOptchadrk
3419 2222 3519 2272 illi-

1936 2307 2056 2361 dem
2115 2306 2388 2362 sacriﬁcia
2439 2309 2661 2363 obtulit.
2713 2308 3000 2375 Quomodo
3065 2311 3230 2381 igitur
3271 2311 3434 2365 David
3469 2315 3520 2364 in

1937 2420 2063 2459 area
2094 2402 2298 2459 Ornam
2344 2405 2518 2460 altare
2571 2406 2911 2472 construxit,
2957 2422 3080 2461 cum
3118 2409 3381 2484 arcaillic
3414 2425 3522 2462 nou

1937 2497 2126 2553 esset?
2155 2498 2547 2552 Verumtamen
2589 2509 2816 2568 propter
2841 2514 3055 2569 pmuam
3089 2500 3276 2569 populi
3315 2501 3378 2553 ad
3407 2501 3522 2566 pla-

1938 2587 2172 2641 candum
2209 2587 2375 2642 Deum
2421 2588 2692 2657 impulsus
2750 2598 2854 2642 est.
2893 2589 3030 2644 llinc
3080 2589 3246 2645 habet
3273 2589 3522 2643 historia:

1938 2681 2002 2735 Et
2027 2697 2134 2736 non
2163 2683 2340 2751 potuit
2383 2682 2553 2736 David
2587 2684 2666 2737 ire
2697 2692 2822 2738 ante
2874 2699 2996 2738 eum
3030 2683 3097 2738 ad
3123 2682 3525 2739 consulendum

1940 2775 2138 2840 Deum,
2174 2777 2299 2844 quia
2333 2775 2612 2830 festinavit
2643 2793 2668 2829 a
2709 2777 2845 2831 facie
2878 2777 3038 2845 gladii
3074 2777 3250 2847 angeli
3286 2775 3521 2830 Domini.

1940 2870 2308 2938 Quamobrem
2357 2872 2519 2924 etiam
2580 2873 2762 2924 locum
2821 2872 3081 2925 sacriﬁcii
3143 2873 3406 2940 templum
3435 2873 3529 2925 de~

1941 2963 2201 3034 signavit.
2239 2962 2395 3028 Quod
2446 2963 2497 3016 ei
2535 2974 2751 3033 gratum
2783 2975 3188 3034 acceptumque
3213 2980 3357 3025 esse,
3388 2965 3527 3032 ignis

1942 3069 1970 3109 e
1996 3054 2136 3109 coelo
2166 3054 2499 3109 sacriﬁcium
2525 3056 2820 3109 absumens
2866 3064 2918 3110 et
2945 3056 3238 3119 devorans,
3264 3057 3522 3110 ostendit.

2547 3146 2700 3201 CAP.
2760 3144 2923 3200 XXII.

311 3239 437 3293 Ὅτι
507 3241 728 3308 αἵματα
791 3241 995 3294 πολλὰ
1067 3238 1337 3309 ἐξέχεας.
1414 3241 1839 3312 Ἀποτρεπτικθιν

2016 3239 2252 3295 V'EttsJ.
2278 3227 2417 3305 Quia
2449 3240 2674 3293 multum
2705 3241 2978 3310 sanguinis
3004 3240 3260 3307 e/fudisti.
3285 3240 3536 3294 Deterrrt

242 3331 582 3400 μιαιφονίας.
616 3331 690 3385 Οὐ
728 3331 837 3401 γὰρ
875 3332 943 3385 ἂν
981 3331 1142 3400 φόνον
1167 3331 1464 3402 «ἐμέμψατο
1498 3331 1732 3393 δίκαιον,
1782 3333 1841 3396 ὃς

238 3424 336 3477 ἐπὶ
366 3422 462 3476 τοῦ
510 3423 697 3486 Φινεὲς
735 3423 929 3475 Θυσίαν
956 3423 1145 3477 τοῦτον
1173 3424 1452 3495 ἐκάλεσεν.
1489 3425 1625 3495 Περὶ
1655 3416 1715 3476 οῦ
1743 3443 1841 3493 φη-

242 3531 330 3569 σιν
361 3517 389 3567 6
420 3516 618 3568 Δαϐίδ·
654 3517 764 3569 Καὶ
795 3515 924 3586 ἔστη
958 3516 1167 3581 Φινεὲς,
1206 3517 1301 3570 καὶ
1360 3490 1670 3581 ὲξῗλάσατο.

239 3608 490 3677 Μωῦσῆς
521 3608 600 3672 δὲ,
637 3609 732 3661 καὶ
761 3611 808 3661 οἱ
843 3605 1069 3661 Λευῖται
1103 3649 1116 3672 ,
1161 3609 1297 3679 μετὰ
1326 3609 1426 3679 τὴν
1486 3608 1843 3678 μοσχοποιίαν

241 3701 584 3771 τρισχιλίους
614 3702 936 3755 ἀπέκτεινον
959 3718 971 3732 ·
1010 3703 1104 3756 καὶ
1145 3701 1400 3772 Σαμουὴλ
1434 3702 1725 3755 ἀπέκτεινε
1752 3701 1842 3756 τὸν

254 3793 468 3862 Ἀγάγ
505 3794 601 3848 καὶ
643 3794 829 3858 Ἠλίας
875 3795 968 3848 ων¹
1008 3798 1022 3836 i
1066 3794 1159 3848 τοῦ
1194 3794 1343 3848 Βαὰλ
1372 3795 1499 3858 τοὺς
1538 3796 1843 3868 προφήτας.

247 3887 400 3941 Ἔδει
433 3881 524 3940 οῦν
558 3888 648 3942 τὸν
688 3890 968 3960 εἰρηνικὸν
1022 3890 1348 3960 Σολομῶντα
1411 3888 1581 3942 τύπον
1612 3889 1846 3958 φέροντα

242 3977 340 4033 τοῦ
369 3978 634 4048 Χριστοῦ,
671 3979 728 4042 ὃς
759 3978 963 4049 ήμελλε
995 3980 1094 4044 τὰς
1129 3979 1271 4032 κατὰ
1300 3981 1480 4032 πᾶσαν
1535 3980 1634 4047 τὴν
1667 3980 1850 4032 οἰκου-

248 4071 425 4141 μένην
459 4070 759 4140 ἐκκλησίας
779 4072 1109 4142 οίκοδομεῖν,
1147 4073 1241 4124 καὶ
1271 4071 1360 4126 τὸν
1403 4071 1692 4124 Ἰουδαϊκὸν
1710 4073 1850 4124 οἱκο-

243 4164 490 4232 δομῆσαι
524 4166 672 4217 ναόν.
709 4164 867 4218 Κατὰ
897 4165 1008 4237 γὰρ
1043 4164 1255 4218 Παῦλον
1285 4164 1445 4227 αὑτός
1474 4165 1624 4217 ἔστιν
1680 4166 1714 4235 ἡ
1769 4166 1849 4217 εξ-

251 4258 393 4328 ρήνη
431 4255 612 4327 ἡμῶν,
639 4255 669 4308 6
693 4257 929 4328 ποιήσας
956 4260 1024 4312 τὰ
1059 4258 1345 4330 ἀμφότερα
1375 4257 1451 4312 ἓν.

838 4444 1022 4498 ΚΕΦΛ
1032 4445 1097 4497 Λ.
1157 4443 1284 4497 Kl".

322 4538 437 4593 Καὶ
465 4537 895 4607 ἠριθμήθησαν
922 4517 977 4591 οἱ
1012 4536 1274 4592 Λευῖται.
1309 4537 1473 4606 Δηλοῖ
1500 4535 1706 4591 τούτων
1761 4535 1854 4589 τὸν

1946 3347 2047 3387 nos
2106 3349 2134 3386 a
2182 3333 2349 3386 caede.
2378 3331 2496 3385 Non
2535 3340 2717 3386 autem
2743 3335 2946 3401 justam
2979 3333 3182 3388 catdem
3229 3334 3318 3387 ille
3350 3349 3535 3402 Γιιῃτιὲι

1948 3425 2157 3492 hendit,
2202 3429 2295 3496 qui
2339 3426 2538 3480 factam
2576 3443 2602 3479 a
2645 3426 2848 3481 Pltinee
2887 3427 3219 3482 sacriﬁcium
3274 3430 3534 3497 appellat.

1948 3517 2020 3573 De
2053 3535 2162 3588 quo
2213 3519 2381 3573 David
2438 3520 2512 3572 ita
2560 3519 2837 3589 loquitur:
2874 3521 2938 3573 Et
2985 3520 3171 3574 stabat
3203 3520 3459 3583 Pliinecs,
3487 3531 3538 3574 et

1949 3609 2183 3680 placavit
2222 3609 2414 3664 Deum.
2472 3609 2690 3682 Moyses
2777 3612 2944 3666 etiam
3001 3621 3056 3667 et
3131 3612 3356 3674 Levitm,
3413 3627 3538 3666 cum

1948 3704 2213 3760 Israelitre
2261 3704 2498 3758 vitulum
2555 3705 2909 3769 crexissent,
2947 3721 3013 3760 ex
3063 3706 3144 3760 eis
3205 3708 3306 3760 tria
3372 3708 3541 3759 millia

1950 3793 2354 3850 interfecerunt
2384 3838 2396 3861 ,
2431 3795 2653 3849 Samuel
2687 3796 2966 3852 interfecit
3016 3797 3187 3868 Agag,
3222 3797 3372 3852 Elias
3403 3813 3541 3867 qua-

1952 3888 2275 3959 dringentos
2304 3888 2705 3958 quinquaginta
2730 3889 3053 3943 sacerdotes
3078 3890 3545 3959 BaaLOportebal

1952 3979 2122 4050 igitur
2153 3978 2506 4033 Solomonem
2543 3979 2834 4049 pacificqu
2870 3988 3058 4051 typum
3080 3997 3269 4050 gerere
3300 3981 3500 4034 Clu-isti
3529 4021 3542 4042 ,

1953 4077 2047 4144 qui
2082 4091 2274 4131 omnes
2301 4092 2398 4146 per
2441 4076 2763 4131 universum
2797 4083 3073 4130 terrarum
3116 4075 3305 4129 orbein
3370 4075 3548 4127 eule-

1956 4168 2091 4231 sias,
2111 4175 2165 4221 et
2214 4168 2478 4236 templum
2504 4165 2795 4222 Judaicum
2825 4169 3198 4222 aediﬁcaturus
3224 4179 3359 4222 erat.
3389 4167 3545 4229 Nam,

1956 4262 2261 4317 secundum
2297 4260 2552 4327 Paulum,
2585 4263 2702 4331 ipse
2734 4269 2818 4316 est
2855 4276 2954 4331 pax
2994 4269 3285 4326 uostra,ex
3318 4269 3550 4331 utroque
3622 4318 3624 4321 ,

1959 4375 2129 4413 unum
2179 4359 2406 4414 faciens.
2594 4400 2628 4441 λ

2552 4450 2712 4506 CAP.
2760 4450 2956 4505 XXIII.
3344 4506 3349 4511 .

2032 4541 2203 4598 Vsus.
2241 4543 2295 4597 ὅ.
2329 4539 2398 4594 Et
2422 4543 2690 4596 numerati
2721 4551 2844 4595 sunt
2875 4541 3092 4596 Levitaz.
3117 4540 3430 4596 chitarum
3454 4559 3557 4596 un-

252 4632 516 4706 ἀριθμὸν,
557 4634 653 4686 καὶ
685 4632 805 4695 πῶς
841 4632 1044 4694 αὐτοὺς
1076 4633 1154 4695 είς
1181 4631 1475 4701 διαφόρους
1505 4631 1839 4701 λειτουργίας

1965 4650 2178 4689 merum
2227 4634 2405 4704 ponit,
2473 4644 2640 4703 utque
2681 4634 2843 4697 varia.
2901 4649 3131 4687 munera
3187 4633 3446 4687 aDavide
3475 4635 3557 4688 eis

249 4726 555 4790 κατέταξεν
585 4726 613 4777 6
645 4724 810 4776 Δαϐίδ
831 4742 844 4754 ο
874 4725 972 4776 καὶ
999 4725 1074 4786 ὡς
1103 4725 1151 4776 οἱ
1174 4724 1268 4776 τοῦ
1293 4724 1572 4782 Μωῦσέως
1603 4723 1839 4789 ἀπόγονο

1967 4726 2172 4779 fuerint
2198 4726 2507 4795 assignata;
2537 4725 2821 4794 quomodo
2846 4725 3052 4794 posteri
3101 4722 3307 4796 Moysis
3343 4725 3408 4778 ad
3443 4726 3558 4779 liaac

247 4819 467 4881 τούτοις
498 4817 948 4888 ἱγκατελέγησαν
984 4833 996 4846 ·
1040 4817 1133 4870 καλ⁵
1159 4816 1235 4880 ὡς
1270 4815 1530 4878 Σαδδοὺκ,
1583 4815 1610 4867 6
1678 4816 1866 4884 ἀρχιε-

255 4912 409 4984 ρεὺς,
441 4911 536 4963 τοῦ
579 4911 848 4980 Ἐλεάζαρ
884 4910 1156 4978 ἀπόγονος
1188 4904 1257 4980 ἦν
1284 4951 1297 4976 ,
1348 4910 1376 4961 6
1435 4908 1491 4960 δὲ
1543 4907 1857 4977 Ἀϐιμέλεχ,

250 5005 348 5058 τοῦ
379 5004 641 5074 Ἰθάμαρ·
674 5005 767 5056 καὶ
791 5004 872 5056 ὅτι
897 5006 1006 5067 τοῖς
1039 5002 1149 5056 ἀπὸ
1178 5001 1391 5064 τούτου,
1418 5001 1661 5054 πλείοσιν
1679 5000 1853 5065 οὖσιν,

254 5099 350 5153 δύο
405 5098 600 5167 μοίρας
629 5097 688 5150 ὲν
714 5099 836 5160 ταῖς
869 5097 1202 5166 ὲφημερίαις
1266 5096 1532 5164 ἀπένειμε
1565 5134 1578 5158 ,
1633 5097 1745 5157 τοῖς
1795 5094 1851 5148 δὲ

255 5188 354 5244 τοῦ
400 5189 654 5260 Ἰθάμαρ,
696 5188 847 5258 μίαν.
911 5188 1032 5241 Τῶν
1081 5187 1136 5241 δὲ
1196 5186 1516 5256 ὲφημεριῶν
1582 5186 1848 5257 μέμνηται

1967 4819 2168 4873 delecti
2227 4819 2456 4882 fuerint,
2539 4816 2818 4888 quomodo
2865 4820 2991 4872 item
3029 4817 3284 4873 Sadocus
3306 4832 3558 4872 Summus

1969 4910 2237 4984 pontifex,
2299 4909 2548 4965 Eleazari
2601 4905 2775 4981 nepos
2841 4911 3027 4977 fuerit,
3075 4911 3397 4967 Abimeleclt
3432 4928 3560 4966 vero

1971 4999 2285 5071 ltliamari;
2348 5002 2626 5074 quomodo
2669 5005 2780 5059 illis
2813 5046 2826 5070 ,
2877 5005 2968 5074 qui
3039 5019 3105 5059 cx
3169 5004 3270 5059 ltoc
3330 5004 3561 5059 descen-

1978 5096 2136 5160 dunt,
2163 5106 2219 5152 ut
2258 5096 2350 5166 qui
2396 5097 2580 5167 plures
2635 5105 2819 5161 erant,
2853 5098 2994 5153 duas
3043 5099 3190 5154 vices
3213 5098 3510 5169 assignarit
3548 5118 3562 5165 ;

1965 5189 2222 5244 ltliamari
2288 5198 2470 5244 autem
2512 5190 2755 5259 posteris
2802 5206 2967 5244 uuam
3036 5190 3325 5245 duntaxat.
3389 5189 3562 5259 Hujus

260 5285 356 5338 καὶ
388 5284 606 5345 Λουκᾶς
645 5283 702 5334 ὲν
730 5281 1070 5349 Εὑαγγελίῳ,
1100 5280 1192 5333 τὸν
1237 5279 1512 5351 Ζαχαρίαν
1573 5278 1750 5346 λέγων
1805 5280 1839 5330 ἐκ

1967 5281 2182 5336 ordinis
2215 5281 2469 5334 meminit
2496 5284 2662 5334 etiam
2687 5280 2867 5335 Lucas
2916 5284 2970 5336 in
3003 5281 3327 5352 Evangelio,
3353 5281 3565 5337 Zacha-

259 5377 574 5447 ἐφημερίας
614 5374 792 5431 Ἀϐιά.
834 5374 1038 5428 Τοῦτον
1077 5374 1133 5428 δὲ
1181 5374 1273 5427 τὸν
1351 5373 1510 5426 Ἀϐιὰ
1568 5372 1801 5444 ἕϐδομον
1841 5372 1853 5422 i

255 5470 546 5543 ιίληφέναι
573 5471 775 5542 κλῆρον
806 5471 837 5540 ή
878 5469 1216 5540 προκειμένη
1252 5467 1431 5537 βίϐλος
1467 5465 1638 5538 δηλοῖ.

843 5564 1098 5617 ΚΕΦΑΛ.
1157 5562 1284 5615 KE'.

334 5657 454 5715 Τὸν
497 5658 717 5727 Ἀσάφ,
747 5656 846 5712 καὶ
867 5656 1073 5726 Aulim,
1093 5655 1191 5710 καὶ
1222 5653 1501 5723 Ἱδιθοίιμ,
1523 5652 1642 5706 τῶν
1665 5654 1859 5720 ψαλτ-

1973 5377 2110 5430 riain
2148 5373 2435 5444 appellans
2467 5372 2534 5428 de
2561 5375 2677 5428 vice
2734 5376 2895 5441 Abia,
2955 5391 3118 5444 quem
3170 5375 3364 5429 Abiam
3394 5379 3564 5445 septi-

1972 5482 2114 5522 iuam
2157 5465 2445 5536 accepisse
2478 5474 2686 5520 sortem
2719 5483 2961 5535 praesens
2991 5469 3125 5522 liber
3156 5468 3419 5521 ostendit.

2586 5559 2739 5614 CAP.
2788 5560 2954 5614 XXV.

2049 5653 2218 5709 Vsus.
2259 5655 2534 5723 Lilsupli,
2598 5653 2821 5717 Ᾰίιηαη,
2854 5670 2903 5711 et
2957 5655 3216 5716 lditlmm,

3288 5666 3565 5708 cantorum

1555 5770 1787 5827 VARUS
1831 5771 2232 5828 LECTIONES.

339 5874 354 5916 ἰ
390 5871 448 5926 In
487 5870 746 5926 Lavaleri
794 5871 986 5925 codice.
1025 5871 1248 5925 videtur
1284 5868 1454 5925 fuisse
1508 5864 1752 5920 uv'.Vid.
1817 5865 1956 5922 llist.
1995 5866 2202 5937 Regum
2239 5867 2331 5922 lib.
2389 5865 2472 5934 Ill,
2516 5881 2635 5938 cap.
2675 5884 2802 5921 M‘ll.

263 5947 312 6004 τί
348 5946 541 6001 codice
569 5942 708 6012 fuit;
743 5945 839 6000 sed
861 5945 1086 5999 omnino
1120 5941 1476 5997 scribendum
1506 5939 1718 6008 ὄγδοον.

2890 5863 2899 5911 i
2957 5867 3031 5917 Ita
3069 5867 3232 5920 etiam
3261 5866 3311 5914 iu
3340 5860 3562 5916 Lavate-
