4238 6458
759 365 899 427 1207

2093 384 2452 446 PROCOPII
2480 387 2724 450 (ΞΑΖᾸΞΙ

3911 390 4043 453 1208

751 480 1054 575 Ρνατςοιω-
1117 481 1353 546 Quidam
1415 488 1632 554 dicunt,
1670 507 1779 548 non
1821 493 1938 558 Dei,
1972 495 2066 550 sed
2092 496 2319 552 Davidis

2453 499 2625 562 ῳδῶν
2692 501 2835 568 τοὺς
2861 501 3180 574 ἄρχοντας.
3217 505 3378 568 Τινὲς
3408 505 3508 575 μὲν
3557 505 3785 574 ἔφασαν,
3840 504 3901 557 οὐ
3946 503 4044 558 τοῦ

752 570 1053 638 prophetas
1118 575 1423 642 appellatos
1470 594 1627 642 esse.
1697 597 1725 634 a
1811 599 1921 653 quo
2004 585 2342 657 accipientes

751 659 1011 729 hymnos,
1054 663 1443 723 instrumentis
1513 673 1746 729 musicis
1825 675 2114 734 ludebant.
2180 677 2338 744 Quod

749 765 880 806 vero
911 755 1013 822 ips:
1064 772 1287 823 quoque
1351 762 1690 830 pr0pheticze
1774 767 1969 834 gratia:
2035 770 2339 839 participes

745 841 977 909 fuerint,
1007 847 1297 917 Scriptura
1331 853 1686 922 significavit,
1737 857 1962 913 dicens:
1994 858 2337 930 Prophetan-

741 943 827 988 tes
861 938 1255 996 instrumentis
1303 947 1709 1013 musicis,etc.,
1738 952 1964 1007 iterum:
1998 951 2124 1007 Filii
2152 954 2335 1024 Asaph

739 1031 1035 1100 pr0piuqui
1093 1035 1278 1102 Asaph
1317 1040 1622 1108 prophetae.
1683 1037 1926 1097 Rursum
1971 1044 2038 1099 de
2095 1044 2332 1098 ldithum

739 1124 1005 1192 loquitur,
1064 1131 1437 1198 pr0phctaute
1485 1135 1944 1205 confessionem;
2017 1139 2085 1194 de
2130 1137 2333 1194 Eman

735 1225 917 1270 autem
990 1219 1174 1290 dicit:
1216 1221 1473 1280 Videnlis
1527 1229 1675 1297 regis
1729 1229 1782 1282 in
1826 1230 2181 1285 sermonibus
2216 1230 2330 1285 Dei.

732 1306 943 1378 Moysis
983 1323 1164 1366 autem
1211 1323 1467 1382 posteros
1505 1320 1887 1374 custodiendis
1910 1322 2334 1376 sacristhesau4

733 1402 810 1451 ris
840 1402 1113 1468 praefecit,
1159 1405 1213 1458 in
1247 1409 1452 1474 quihus
1505 1412 1682 1479 spolia
1723 1413 1993 1472 hostium.
2017 1422 2072 1468 et
2102 1429 2330 1467 munera

731 1490 842 1546 Deo
875 1494 1061 1549 oblata
1090 1500 1333 1567 reposita
1367 1513 1550 1555 erant.

1323 1678 1480 1733 (IAP.
1521 1679 1716 1735 XXVI.
1801 1736 1810 1744 ,

798 1760 965 1817 Vens.
987 1764 1078 1820 ‘29.
1106 1765 1172 1818 Ut
1194 1769 1504 1832 scriberent,
1523 1772 1915 1840 ctjudicarent.
1936 1774 2324 1843 Symmachus,

2447 589 2585 642 Θεοῦ
2622 593 2926 663 κεκλῆσθαι
2952 597 3264 666 προφήτας,
3325 597 3464 650 ἀλλά
3512 594 3605 649 τοῦ
3661 595 3848 658 Δαϐὶδ,
3907 597 4041 667 παρ’

2445 675 2505 736 οὗ
2534 683 2661 744 τοὺς
2696 684 2899 755 ὕμνους
2927 687 3297 757 λαμϐάνοντες
3316 685 3444 762 ᾖδον
3481 690 3538 740 ἐν
3584 689 3702 749 τοῖς
3755 687 4038 756 ὀργάνοις.

2449 773 2568 825 Ὅτι
2593 773 2649 826 δὲ
2687 779 3032 847 προφητικῆς
3059 780 3152 831 καὶ
3183 781 3341 832 αὐτοὶ
3367 777 3766 849 μετειλήφεσαν
3815 779 4043 848 χάριτος

2443 862 2714 934 ἐδήλωσεν
2736 868 2767 936 ή
2793 869 2832 918 Γ
2838 869 3005 938 ραφὴ,
3041 870 3274 938 λέγουσα
3302 889 3314 902 ·
3345 871 3484 933 Τοὺς
3511 870 3958 942 προφητεύοντας
3982 874 4043 924 ὲν

2442 953 2713 1024 κινύραις,
2749 957 2840 1009 καὶ
2892 958 2959 1009 τὰ
2982 959 3128 1028 ἑξῆς.
3164 960 3271 1012 Καὶ
3301 959 3624 1026 πάλιν,Υίοὶ
3669 961 3842 1028 Ἀσὰφ
3867 999 3882 1022 ,
3915 963 4039 1030 ἑχό-

2443 1060 2598 1111 μενοι
2646 1046 2820 1114 Ἀσάφ
2858 1048 2952 1099 τοῦ
2988 1051 3292 1118 προφήτου.
3331 1051 3440 1102 Καὶ
3471 1051 3658 1113 πάλιν,
3725 1054 3857 1121 περὶ
3924 1053 4038 1104 Ἰδι·

2440 1128 2580 1199 θούμ
2615 1147 2747 1200 φησι
2782 1131 2877 1184 τοῦ
2924 1137 3371 1204 προφητεύοντος
3427 1134 3840 1204 ἐξομολόγησιν.
3905 1138 4042 1206 Περὶ

2438 1219 2494 1272 δὲ
2528 1221 2621 1273 τοῦ
2651 1223 2832 1292 Αίμάν
2876 1225 3048 1292 λέγει,
3085 1225 3193 1279 Τοῦ
3228 1227 3464 1296 ὁρῶντος
3502 1227 3581 1296 τῷ
3609 1227 3821 1296 βασιλεῖ
3853 1230 3913 1279 ἐν
3945 1229 4039 1280 λό-

2438 1328 2556 1378 γοις
2597 1313 2735 1367 Θεοῦ
2767 1333 2780 1346 υ
2813 1317 3093 1379 Μωῦσέως
3126 1317 3183 1371 δὲ
3229 1320 3353 1382 τοὺς
3380 1319 3682 1386 ἀπογόνους
3712 1319 3822 1372 τῶν
3877 1320 4042 1390 ίερῶν

2439 1401 2733 1471 θησαυρῶν
2765 1405 3019 1474 ἀπέφηνε
3049 1406 3322 1474 φύλακας,
3356 1408 3414 1459 ὲν
3443 1402 3523 1470 οἷς
3542 1407 3806 1461 ἀπέκειτο
3835 1408 3901 1461 τὰ
3927 1411 4038 1461 τῶν

2439 1493 2696 1560 πολέμων
2748 1496 3040 1567 ἀκροθίνια
3076 1537 3091 1562 ,
3146 1499 3240 1551 καὶ
3289 1499 3357 1552 τά
3415 1498 3566 1569 δῶρα
3610 1499 3678 1552 τὰ
3729 1502 4039 1572 προσφερόα

2440 1600 2578 1651 μενα
2611 1585 2691 1655 τῷ
2721 1586 2859 1657 Θεῷ.

3011 1680 3265 1734 ΚΕΦΑΛ.
3309 1681 3457 1748 κεῖν.

2513 1769 2626 1822 Τοῦ
2658 1773 3127 1840 γραμματεύειν,
3169 1773 3270 1826 καί
3304 1772 3658 1841 διακρίνειν.
3709 1773 4035 1844 Σύμμαχος,

725 1853 820 1918 Εἰς
856 1855 1173 1922 παιδευτὰς,
1201 1861 1296 1913 καί
1328 1863 1545 1931 κριτάς.
1595 1862 1650 1915 In
1679 1863 1961 1928 doctores,
1994 1876 2045 1920 et
2082 1865 2319 1934 iudices.

2431 1863 2518 1925 εις
2541 1839 2892 1930 παιδευτὰς,
2928 1865 3029 1919 καί
3057 1865 3285 1932 κριτάς.

1327 1954 1480 2010 CAP.
1508 1954 1723 2008 XXVII.

790 2034 961 2094 Vens.
1089 2040 1155 2094 Et
1216 2043 1438 2097 Benaan
1464 2086 1477 2098 .
1509 2045 1608 2100 llic
1640 2049 1905 2105 sacerdos
1939 2049 2191 2118 ejusdem
2228 2065 2326 2105 no~

723 2133 890 2185 minis
925 2142 1007 2187 est
1055 2151 1176 2189 cum
1213 2137 1474 2205 praefecto
1511 2141 1671 2204 aula:,
1721 2151 1775 2196 et
1803 2150 2003 2211 nepote
2035 2143 2203 2213 regis,
2228 2143 2322 2212 qui

719 2225 905 2282 dictus
944 2238 1028 2282 est
1062 2244 1128 2282 ex
1164 2231 1312 2299 regia
1362 2235 1622 2300 prosapia
1661 2233 1854 2291 fuisse.

1295 2320 1448 2377 CAP.
1506 2323 1745 2380 XXVIII.

792 2407 958 2462 Vens.
987 2412 1040 2466 9.
1077 2414 1271 2468 Animo
1296 2428 1610 2481 spontaneo.
1644 2419 1937 2485 Coactum,
1967 2421 2126 2489 dicit,
2153 2423 2320 2478 ohsee

716 2504 908 2571 quium
938 2521 1045 2559 non
1095 2518 1371 2576 acccptat.

781 2595 842 2652 Si
867 2603 1167 2668 qua'sieris,
1195 2605 1496 2660 invenietur
1522 2625 1553 2660 a
1592 2619 1658 2661 te.
1692 2609 2022 2662 Adhortatio
2048 2618 2133 2664 est
2155 2625 2321 2664 evan-

715 2690 926 2746 eelica:
970 2713 986 2742 ι
1036 2694 1283 2759 Qumrite
1307 2699 1477 2763 enim,
1515 2699 1673 2767 dicit,
1713 2711 1764 2753 et
1829 2701 2166 2764 invenietis;
2199 2701 2318 2770 pul-

714 2792 853 2846 site,
886 2794 938 2838 et
972 2789 1253 2853 aperietur
1290 2787 1533 2846 vobis".
1579 2814 1596 2844 ι

787 2877 956 2932 νειμ.
993 2879 1079 2932 I2.
1112 2881 1178 2934 Et
1202 2886 1482 2951 exemplar
1504 2888 1763 2953 omnium,
1799 2905 1921 2957 (μιαν
1957 2897 2110 2942 erant
2144 2891 2196 2942 in
2215 2891 2317 2957 spi-

3012 1959 3266 2013 ΚΕΦΑΛ.
3323 1959 3452 2012 ΚΖ’.

2501 2045 2612 2101 Kal
2646 2049 2938 2104 Βαναίαν.
2991 2049 3200 2117 Ἱερεὺς
3241 2045 3421 2114 οὗτος,
3476 2049 3774 2119 ὁμώνυμος
3817 2050 3915 2104 τοῦ
3971 2053 4031 2102 ὲν

2426 2141 2545 2201 ταῖς
2590 2141 2905 2206 Βασιλείαις
2952 2143 3250 2213 αὐλάρχου,
3292 2146 3386 2196 καὶ
3418 2142 3708 2210 ἀδελφιδοῦ
3737 2141 4028 2211 βασιλέως,

2428 2230 2691 2300 ῥηθέντος
2729 2234 2794 2286 ἐκ
2828 2235 2928 2304 τῆς
2961 2234 3255 2306 βασιλικῆς
3295 2236 3548 2306 δηλονότι
3583 2234 3783 2303 φυλῆς.

2495 2357 2498 2360 ~
2998 2327 3255 2380 ΚΕΦΑΛ.
3315 2329 3451 2381 KII'.

2493 2417 2603 2470 Kal
2633 2416 2808 2486 ψυχῇ
2829 2422 3122 2488 θελούσῃ.
3156 2420 3268 2492 Τὴν
3295 2421 3680 2492 ἀναγκαστὴν,
3715 2422 3871 2491 φησὶ,
3902 2421 4031 2474 δου-

2423 2508 2578 2561 λείαν
2616 2511 2718 2564 οὐκ
2748 2512 3101 2582 ἀποδέχεται.

2507 2602 2644 2656 Ἐὰν
2673 2602 2941 2673 (ut-lianc
2982 2607 3193 2670 αὐτὸν,
3229 2609 3629 2675 εὑρεθήσεται
3680 2625 3779 2662 σοι
3839 2608 4031 2674 Εὐαγ-

2425 2698 2645 2765 γελικὸν
2682 2697 2742 2750 τὸ
2785 2699 3180 2770 παράγγελμα.
3226 2721 3244 2751 ι
3275 2703 3506 2771 Ζητεῖτε
3555 2702 3684 2772 γὰρ,
3728 2701 3886 2770 φησὶ,
3931 2703 4034 2752 καὶ

2419 2789 2714 2860 εὑρήσετε·
2757 2793 3021 2860 κρούετε,
3059 2794 3155 2846 καὶ
3193 2795 3557 2862 ἀνοιγήσεται
3591 2796 3743 2864 ὑμῖν.
3785 2813 3805 2844 ι

2490 2880 2601 2934 Kal
2634 2881 2696 2934 τὸ
2755 2881 3135 2950 παράδειγμα
3189 2882 3456 2945 πάντων,
3489 2878 3578 2936 ὧν
3621 2884 3692 2936 ἐν
3725 2884 4034 2950 πνεύματι

712 2972 817 3022 ritu
856 2989 1079 3028 rnmeo.
1126 2975 1315 3039 Docet.
1371 2978 1486 3032 haec
1516 2995 1623 3033 non
1661 2982 1900 3035 humana
1943 2983 2181 3045 ratione,
2216 2981 2312 3037 sed

2427 2973 2540 3036 μετ’
2581 2973 2792 3027 αὐτοῦ.
2833 2973 3109 3037 Διδάσκει,
3143 2976 3218 3037 ὡς
3261 2977 3322 3027 οὐ
3359 2975 3628 3044 λογισμὸς
3666 2972 4033 3044 ἀνθρώπινος

708 3066 887 3134 gratia
918 3068 1098 3120 sancti
1129 3067 1391 3142 Spiritus.
1415 3086 1538 3124 esse
1573 3071 1880 3140 descripta.

781 3154 1044 3223 Capporc.
1105 3158 1245 3214 Vasa
1307 3163 1559 3231 qumdam
1627 3174 1897 3231 aurea,et
1938 3173 2218 3235 argentea,
2255 3165 2308 3217 in
2339 3201 2381 3258 ϐ

706 3249 914 3317 quibus
943 3252 1181 3304 similam
1212 3255 1336 3307 oleo
1373 3256 1700 3311 miscebant.

781 3341 946 3398 Vens.
983 3344 1068 3397 19.
1099 3344 1298 3400 Omnia
1352 3347 1404 3400 in
1434 3347 1720 3418 Scriptura
1776 3350 1840 3402 de
1867 3366 2030 3403 manu
2072 3348 2308 3403 Domini.

704 3437 865 3501 Quod
902 3453 1070 3508 supra
1090 3440 1252 3494 dixit.
1287 3441 1339 3493 iu
1371 3442 1605 3510 Spiritu,
1644 3457 1795 3495 nunc
1834 3442 2011 3506 dicit,
2045 3457 2109 3495 ex
2141 3455 2309 3493 manu

706 3528 961 3592 Domini;
995 3530 1259 3584 Dominus
1286 3540 1370 3585 est
1401 3533 1565 3599 igitur
1600 3531 1848 3602 Spiritus
1871 3542 2126 3587 sanctus.

781 3618 946 3682 Vens,
985 3621 1075 3673 9.0.
1116 3620 1295 3673 Donec
1354 3624 1674 3690 perﬁciatur
1740 3642 1891 3676 omne
1951 3626 2307 3677 ministerium

702 3713 876 3780 operis
902 3713 1091 3766 domus
1127 3712 1366 3768 Domini.
1430 3714 1560 3768 I‘ost
1603 3716 1920 3768 distinctam
1977 3731 2159 3769 rerum
2208 3730 2306 3770 ex-

701 3807 1083 3873 plicationem,
1138 3807 1383 3860 divinam
1443 3808 1490 3861 ei
1530 3809 1980 3876 procurationem
2013 3808 2307 3877 promitte-

703 3898 814 3952 liat.
856 3899 992 3950 Dum
1055 3899 1204 3952 enim
1270 3899 1529 3961 aedificat,
1561 3900 1687 3968 pius
1743 3911 1828 3953 est
1881 3906 1936 3952 et
1974 3899 2301 3968 religiosus;

698 4002 984 4047 exstructo
1010 4003 1193 4046 autem
1225 3994 1479 4057 aedilicio,
1503 3995 1568 4052 ad
1600 3995 1943 4065 impietatem
1975 3993 2304 4048 declinavit.

1295 4085 1450 4139 CAP.
1489 4085 1683 4141 XXIX.

770 4175 941 4241 Vens
968 4179 1020 4242 5,
1051 4177 1182 4243 Quis
1217 4189 1399 4244 sponte
1423 4180 1583 4232 hodie
1627 4197 1756 4235 suas
1792 4198 1984 4236 manus
2019 4182 2303 4250 implebit?

697 4267 1126 4337 I‘ustingentem
1166 4271 1524 4338 pecuniarum
1560 4272 1974 4326 multitudinem
2019 4273 2292 4327 adhorta-

695 4371 788 4415 tur
818 4363 1122 4430 prinripes.
1161 4371 1221 4415 ut
1253 4378 1353 4418 sua
1388 4371 1593 4432 sponte
1627 4381 1855 4419 munera
1877 4365 1986 4418 Deo
2019 4365 2255 4420 all‘erant
2284 4381 2298 4429 ;

694 4463 748 4509 ct
783 4471 908 4508 cum
946 4455 1131 4523 populi
1162 4457 1653 4522 prcinptitudinem
1712 4457 1965 4521 vidisset,
2000 4474 2097 4525 per
2136 4459 2298 4527 hym-

694 4565 826 4601 num
865 4547 973 4602 Deo
1010 4547 1220 4616 gratias
1241 4548 1376 4617 agit.

773 4639 900 4694 Vas.
949 4641 1036 4694 10.
1084 4639 1148 4694 In
1179 4641 1368 4696 throno
1413 4641 1651 4705 Domini,
1692 4653 1747 4695 ut
1787 4654 2032 4714 regnaret
2064 4660 2158 4712 pro
2193 4643 2302 4696 Da-

692 4732 807 4786 ride
826 4743 982 4799 patre
1013 4750 1130 4787 suo.
1169 4734 1271 4788 Pro
1313 4750 1380 4788 eu
1412 4736 1561 4805 quod
1591 4743 1698 4799 est,
1726 4736 1778 4788 in
1818 4736 2078 4808 thgomnn
2110 4736 2299 4790 datum

691 4843 718 4876 a
749 4825 859 4879 Deo
885 4825 1164 4880 consedit.
1202 4824 1357 4880 Finis
1383 4836 1565 4881 autem
1625 4826 2000 4894 praecedentis
2051 4827 2303 4881 historia:

690 4919 960 4983 ostendit,
993 4919 1277 4990 quomodo
1329 4920 1576 4984 Samuel,
1613 4919 1853 4982 Nathan.
1909 4933 1963 4976 et
2000 4920 2302 4992 Cath'pro-

691 5014 871 5082 ρξιιιιεε
912 5013 1084 5066 libros
1146 5013 1503 5083 conscriptos
1544 5013 1868 5069 habuerint.

767 5197 814 5229 ⁵⁷
847 5196 1038 5250 Matth.
1085 5203 1181 5263 ru,
1216 5196 1269 5251 7.

2417 3065 2599 3120 ταῦτα
2637 3065 2961 3137 διέγραψεν,
2996 3067 3114 3119 ἀλλ’
3145 3070 3176 3136 ἠ
3206 3069 3369 3137 χάρις
3404 3069 3500 3121 τοῦ
3549 3067 3908 3136 Πνεῦματος.

2491 3158 2807 3226 Κάππωρε.
2845 3160 3027 3228 Σκεύη
3062 3160 3189 3213 τινὰ
3215 3163 3415 3231 χρυσᾶ,
3442 3161 3537 3214 καὶ
3567 3161 3813 3232 ἀργυρᾶ,
3847 3161 3907 3212 ὲν
3947 3156 4035 3224 οἷς

2419 3250 2624 3320 ἐ·,;υρον
2660 3251 2762 3323 τὴν
2794 3252 3078 3321 σεμίδαλιν
3103 3254 3291 3324 ἐλαίῳ.

2487 3343 2692 3396 Πάντα
2729 3343 2799 3396 ἐν
2832 3343 3050 3412 Γραφῇ
3086 3343 3156 3396 ἐκ
3191 3345 3392 3412 χειρὸς
3419 3345 3662 3412 Κυρίου.
3697 3345 3882 3415 Ὅπερ
3915 3347 4034 3399 ἄνω

2415 3427 2593 3497 εἶπεν,
2627 3434 2684 3484 έν
2725 3433 3028 3506 πνεύματι,
3053 3433 3148 3485 νῦν
3210 3435 3275 3487 ὲκ
3337 3434 3526 3505 χειρὸς
3557 3434 3794 3504 Κυρίου,
3847 3437 4030 3504 φησί’

2414 3528 2623 3598 Κύριος
2656 3526 2788 3597 ἄρα,
2831 3527 2892 3579 τὸ
2926 3527 3195 3594 πανάγιον
3227 3526 3477 3596 Πνεῦμα.

2489 3621 2646 3685 ’Ἕως
2676 3618 2783 3672 τοῦ
2832 3620 3202 3673 συντελέσαι
3245 3616 3457 3672 πᾶσαν
3482 3618 3600 3684 τὴν
3635 3621 4031 3688 λειτουργίαν

2409 3714 2702 3783 ἐργασίας
2724 3713 2968 3781 Κυρίου.
3007 3711 3162 3765 Μετὰ
3205 3711 3492 3781 διορισμοῦ
3529 3711 3626 3782 τὴν
3673 3711 3830 3764 θείαν
3873 3714 4033 3784 αὑτῴ

2411 3805 2748 3876 κηδεμονίαν
2779 3805 3067 3874 ὑπέσχετο.
3095 3804 3414 3872 Οἰκοδομῶν
3439 3804 3573 3876 γὰρ,
3600 3804 3822 3857 εὐσεϐεῖ
3842 3824 3856 3834 ·
3890 3806 4028 3876 πλη-

2415 3899 2599 3970 ρώσας
2631 3899 2712 3963 δὲ,
2748 3898 2888 3970 πρὸς
2917 3897 3177 3952 ἀσέϐειαν
3208 3896 3443 3951 ἔκλινεν.

2993 4081 3249 4136 ΚΕΦΛΛ.
3305 4079 3437 4133 ΚΘ’.

2481 4175 2593 4229 Kal
2650 4175 2743 4240 τίς
2790 4173 3218 4228 ἐκουσιάσεται
3283 4170 3604 4239 πληρῶσαι
3658 4171 3766 4237 τὰς
3814 4171 4028 4241 χεῖρας

2407 4269 2597 4324 αὐτοῦ
2623 4268 2939 4338 σήμερον;
2969 4267 3127 4321 Μετά
3173 4265 3382 4335 πλῆθος
3410 4265 3642 4337 ἄπειρον
3687 4267 4032 4336 χρημάτων,

2409 4361 2714 4432 προτρέπει
2748 4361 2874 4424 τοὺς
2901 4360 3175 4431 ἄρχοντας
3208 4358 3443 4421 ἑκόντας
3470 4361 3845 4429 προσενέγκαι
3875 4357 4030 4426 δῶρα

2406 4455 2547 4524 Θεῷ.
2584 4455 2715 4516 Καὶ,
2752 4454 2846 4506 τοῦ
2886 4452 3019 4505 λαοῦ
3070 4453 3172 4522 τὴν
3220 4451 3537 4523 προθυμίαν
3567 4450 3712 4515 ἰδὼν,
3747 4450 4029 4522 χαριστήο

2333 4572 2378 4628 ο
2412 4566 2526 4619 ριον
2562 4547 2732 4616 ὕμνον
2763 4547 3042 4618 προσάγει
3079 4545 3225 4616 Θεῷ.

2489 4639 2623 4693 Ἐπὶ
2672 4640 2892 4708 θρόνου
2928 4638 3154 4706 Κυρίου
3190 4640 3278 4703 είς
3318 4636 3588 4702 ,βασιλέα
3634 4636 3770 4690 ἀντὶ
3814 4638 4030 4694 Δαείδ.

2416 4735 2564 4786 Ἀντὶ
2593 4731 2711 4796 τοῦ,
2744 4733 2826 4795 εἰς
2866 4733 2960 4785 τὸν
2988 4731 3095 4785 ὑπὸ
3123 4729 3263 4783 Θεοῦ
3287 4730 3516 4784 δοθέντα
3543 4730 3736 4800 θρόνον
3768 4728 4027 4785 ἐκάθισε.

2403 4828 2570 4896 Δηλοῖ
2612 4827 2670 4880 δὲ
2703 4827 2806 4896 τῆς
2851 4825 3130 4897 προτέρας
3185 4823 3435 4894 ἱστορίας
3463 4822 3526 4876 τὸ
3569 4824 3749 4885 τέλος.
3801 4823 3880 4885 ὡς
3929 4827 4029 4877 κα)

2404 4919 2686 4991 Σαμουὴλ,
2719 4920 2816 4973 καὶ
2847 4917 3061 4982 Ναθάν,
3086 4917 3182 4971 καὶ
3212 4916 3339 4984 Γὰδ,
3369 4918 3418 4971 οί
3451 4915 3758 4987 προφῆται,
3799 4914 4029 4985 βίϐλους

2405 5007 2552 5080 εἶχον
2587 5010 3120 5082 συγγεγραμμένας.
