4238 6458
205 372 335 435 1299

1133 377 1666 437 COMMENTARII
1702 380 1780 437 IN
1822 382 1968 440 LIB.
2003 381 2061 441 ΙΙ
2108 385 2450 448 PARALIP.

3316 388 3448 453 1210

195 640 438 753 ΕΙΣ
475 636 793 753 ΤΗΝ
852 635 1617 751 ΔΕΥΤΕΡΑΝ
1655 640 1958 755 ΤΩΝ
1999 638 3451 762 ΠΑΡΑΛΕΙΠΟΜΕΝΩΝ

265 1055 431 1181 ΙΝ
481 1041 1329 1181 SECUNDUM
1375 1045 1989 1175 LIBRUM
2034 1045 3368 1182 PARALIPOME‘NON

1308 1289 1645 1343 Hartmanuo
1683 1282 2048 1358 Hambergero
2074 1288 2383 1361 interprete.

810 1602 1063 1657 ΚΕΦΑΛ.
1110 1603 1187 1656 B’.

276 1692 387 1747 Kal
427 1694 518 1758 τίς
551 1694 749 1762 ἰσχύει
779 1693 1173 1763 οἰκοδομῆσαι
1201 1691 1362 1758 αὑτῷ
1390 1694 1593 1759 οἷκον;
1628 1693 1786 1762 Δηλοϊ

199 1783 283 1851 τῷ
323 1784 514 1851 Χιρὰμ
551 1783 652 1852 τὴν
675 1783 884 1835 οἰκείαν
908 1781 1259 1842 θεογνωσίαν.
1293 1783 1388 1845 Τίς
1418 1766 1557 1852 γὰρ,
1596 1783 1786 1852 φησὶν,

200 1873 358 1937 ἄξιον
391 1870 543 1927 οἶκον
583 1876 839 1945 ἀνεγερεῖ
874 1874 951 1944 τῷ
980 1873 1121 1943 Θεῷ,
1148 1874 1209 1927 ὃν
1249 1875 1350 1927 οὐκ
1386 1874 1499 1944 ἔχει
1534 1876 1733 1945 χωρεῖν
1763 1875 1792 1927 6

201 1963 440 2034 οὐρανὸς
500 1966 529 2017 6
565 1966 901 2036 ὑπέρτερος;
973 1966 1122 2037 Πλὴν
1168 1968 1311 2020 κατὰ
1364 1966 1595 2036 δύναμιν
1644 1966 1794 2035 αὐτῷ

203 2057 477 2126 προσάγω
515 2056 705 2121 σέῦας,
750 2059 844 2111 καὶ
897 2060 1087 2137 τιμήν.
1120 2060 1283 2113 Ὅσον
1322 2060 1377 2113 δὲ
1412 2059 1520 2113 τῶν
1552 2059 1796 2112 εὐσεϐῶν

203 2145 457 2216 ὀνίνῆσιν
491 2148 524 2215 ἠ
556 2147 730 2213 φιλία,
759 2148 1065 2219 δεδήλωκεν
1096 2149 1124 2201 6
1149 2148 1361 2219 Χιρὰμ,
1403 2150 1603 2217 λέγων·
1648 2168 1665 2200 ι
1694 2149 1797 2202 Εὐ-

206 2234 442 2305 λογητὸς
486 2237 715 2310 Κύριος,
768 2241 797 2291 6
847 2238 982 2301 Θεὸς
1013 2238 1271 2310 Ἰσραὴλ,
1319 2240 1376 2303 ὃς
1423 2240 1651 2307 ἐποίησε
1706 2239 1798 2292 τὸν

205 2328 481 2397 οὐρανὸν,
549 2330 644 2383 καὶ
714 2331 815 2401 τὴν
872 2331 976 2401 γῆν
1013 2347 1026 2362 ·
1079 2351 1097 2384 ι
1152 2332 1228 2395 ὡς
1287 2331 1350 2403 δὴ
1406 2333 1678 2403 προγνοὺς
1736 2333 1801 2386 ὲκ

209 2420 400 2483 Δα6ἰδ,
439 2420 515 2485 ὼς
546 2423 574 2474 ὁ
598 2422 741 2485 Θεὸς
775 2423 995 2495 Ἰσραήλ
1039 2427 1157 2477 εστι
1195 2424 1425 2494 ποιητὴς
1464 2423 1698 2495 οὐρανοῦ
1739 2440 1801 2477 τε

210 2514 311 2567 καὶ
346 2514 471 2582 γῆς.
509 2516 568 2567 Ὀ
600 2515 658 2568 δὲ
694 2514 804 2569 τῶν
842 2516 1060 2586 μέτρων
1099 2516 1336 2588 ἀριθμὸς
1373 2516 1468 2570 τοῦ
1502 2517 1631 2569 ναοῦ
1673 2517 1803 2569 δια-

198 2605 429 2675 φωνίαν
457 2606 559 2659 οὐκ
598 2607 714 2677 ἔχει
752 2608 893 2679 πρὸς
937 2609 1029 2661 τὸν
1064 2610 1122 2662 ὲν
1160 2612 1279 2672 ταῖς
1324 2609 1633 2669 Βασιλείαις
1658 2627 1671 2640 ’
1708 2610 1804 2663 ἐάν

210 2714 300 2760 τις
332 2698 449 2758 τοῖς
515 2698 617 2767 μὲν
662 2700 1081 2767 τεσσαράκοντα
1133 2700 1367 2769 πήχεσιν
1422 2700 1514 2753 τοῦ
1569 2702 1800 2769 μήκους,

213 2789 432 2858 προσθῇ
460 2792 587 2852 τοὺς
634 2790 809 2843 εἴκοσι
844 2790 938 2844 τοῦ
972 2790 1173 2861 Δαϐείρ
1194 2805 1207 2820 ⁸
1241 2793 1353 2855 τοῖς
1410 2791 1467 2845 δὲ
1498 2792 1660 2844 πέντε
1711 2792 1806 2844 καὶ

212 2879 395 2933 εἴκοσι
446 2879 652 2949 ὕψους,
700 2879 810 2934 τῶν
844 2880 1165 2951 διωρόφων,
1218 2884 1315 2936 καὶ
1366 2884 1692 2955 τριωρόφων
1737 2883 1805 2936 τὰ

216 2970 421 3043 μέτρα.

304 3236 411 3294 Ἐκ
448 3238 687 3305 πόλεως
726 3239 925 3294 Δαϐἰδ.
969 3240 1081 3311 Τὴν
1126 3240 1265 3294 Σιὼν
1304 3240 1448 3295 οὕτω
1504 3242 1681 3307 καλεῖ,
1744 3242 1811 3312 ἢν

216 3328 510 3399 ὠχύρωσε,
545 3330 790 3399 τειχίσας
817 3332 875 3384 ἐν
908 3332 1047 3402 αὐτῇ
1076 3329 1143 3385 τὰ
1175 3332 1440 3401 βασίλεια.

292 3422 403 3476 Ἐν
436 3422 511 3489 τῇ
557 3423 758 3491 ἑορτῇ.
794 3424 969 3492 Δῆλον
1012 3426 1095 3477 ὃτι
1130 3425 1241 3477 τῶν
1294 3424 1707 3495 σκηνοπηγιῶν.
1753 3424 1811 3477 '0

222 3510 335 3581 μὴν
365 3512 495 3582 γὰρ,
534 3513 726 3581 φησὶν,
762 3512 1016 3581 ἒδδομος.

834 3607 1084 3661 ΚΕΦΔΛ.
1145 3608 1217 3661 I".

294 3695 531 3763 Δαὸείρ.
589 3694 665 3748 Τὸ
719 3695 912 3749 ἄδυτον
965 3698 1060 3749 καὶ
1119 3697 1398 3767 ἄψαυστον
1444 3696 1589 3751 οὕτω
1634 3699 1812 3765 καλεῖ,

220 3785 364 3857 ὅπερ
407 3785 579 3855 ’Ἅγια
635 3785 810 3855 ἁγίων
866 3786 988 3851 ἔθος
1045 3787 1335 3859 ὀνομάζειν
1386 3792 1454 3861 τῇ
1508 3789 1628 3862 θείᾳ
1672 3790 1815 3863 Γρα-

223 3881 325 3951 φῇο
1467 3870 1474 3875 ’

836 3973 1088 4027 ΚΕΦΑΛ.
1133 3975 1207 4028 Ζ’.

303 4064 493 4138 ’ῼδῶν
537 4066 792 4135 Κυρίου,
841 4059 950 4119 in"
979 4066 1271 4133 ἐποίησεν
1313 4068 1346 4121 δ
1396 4070 1593 4125 Δαϐίδ.
1651 4071 1818 4125 Πάλιν

227 4160 497 4225 ἐδίδαξεν,
537 4159 613 4223 ὡς
652 4158 817 4212 Δαὸίδ
873 4159 1013 4212 εἰσιν
1038 4161 1087 4212 οἱ
1145 4160 1391 4231 Ψαλμοι.
1447 4163 1706 4217 Εὐσεὸὦν
1762 4164 1818 4218 δὲ

228 4250 521 4321 Σαλομὼν,
557 4251 659 4303 οὐκ
690 4250 901 4321 ἀφῆκεν
928 4252 1104 4303 οἰκεῖν,
1131 4252 1189 4303 ὲν
1220 4250 1355 4318 οἴκῳ
1399 4236 1561 4307 Δαόὶδ
1591 4256 1691 4327 τὴν
1724 4256 1821 4309 Ου-

1813 1600 1861 1657 Δ

2448 1603 2613 1676 51.9
2662 1604 2812 1660 CAP.
2850 1606 2909 1659 η.

1966 1694 2205 1761 νεκεεϐ,
2230 1697 2361 1763 Quis
2392 1713 2510 1752 vero
2547 1708 2697 1751 tanta
2731 1698 2985 1766 prwditus
3028 1698 3218 1751 virtute
3247 1743 3256 1759 ,
3296 1708 3352 1749 ut
3388 1696 3472 1750 illi

1893 1788 2111 1842 domum
2141 1788 2395 1857 aediﬁcet?
2417 1789 2582 1843 Suam
2620 1792 2683 1843 de
2718 1792 2825 1845 Deo
2868 1790 3120 1844 notitiam
3156 1789 3257 1858 ipsi
3287 1787 3472 1841 Hiram

1896 1876 2185 1948 patefacit.
2247 1877 2383 1943 Ouis
2434 1880 2601 1942 enim,
2658 1880 2853 1949 inquit,
2912 1878 3242 1947 condignam
3302 1877 3473 1932 aedem

1894 1977 2206 2024 exstrueret
2229 1970 2359 2033 Deo,
2389 1986 2551 2039 quem
2582 1978 2865 2024 extremus
2917 1972 3040 2025 οωιί
3067 1970 3338 2024 circuitus
3368 1983 3474 2022 non

1897 2068 2077 2129 potest
2102 2061 2572 2129 comprehendere
2595 2062 2617 2114 ?
2654 2063 3048 2117 Verumtamen
3076 2076 3176 2128 pro
3190 2075 3308 2114 mea
3334 2059 3476 2113 virili

1899 2152 2258 2206 reverentiam
2288 2160 2344 2206 et
2376 2152 2642 2205 honorem
2698 2153 2776 2205 illi
2827 2151 3045 2205 deferre
3084 2166 3275 2205 conor.
3308 2151 3481 2204 Carte-

1902 2249 2313 2310 rumquantum
2353 2242 2612 2294 utilitatis
2642 2256 2704 2295 ex
2755 2243 2967 2309 piorum
3013 2240 3298 2292 hominum
3346 2252 3480 2291 eon-

1905 2331 2200 2387 suetudine
2262 2330 2473 2396 redeat,
2537 2332 2754 2383 clarum
2794 2329 2879 2382 his
2938 2328 3121 2383 verbis
3168 2328 3321 2389 fecit,
3355 2343 3481 2379 eum

1904 2427 2112 2495 inquit:
2154 2445 2173 2477 ‹
2228 2424 2557 2479 Benedictus
2624 2422 2891 2476 Dominus
2947 2411 3109 2475 Deus'
3150 2420 3340 2483 Israel,
3391 2420 3482 2486 qui

1906 2518 2035 2573 fecit
2068 2517 2268 2571 coelum
2318 2526 2372 2570 et
2404 2511 2880 2568 terram".iUnde
2914 2514 3060 2567 enim
3086 2512 3214 2564 huic
3254 2510 3369 2564 inec
3392 2510 3485 2563 Dei

1905 2609 2127 2669 notitia,
2170 2607 2279 2661 nisi
2328 2606 2475 2677 quod
2512 2605 2630 2675 ipso
2682 2605 2889 2659 Davide
2932 2622 3067 2659 usus
3098 2600 3488 2658 cstfanziliari-

1908 2705 2033 2757 ter?
2070 2701 2247 2757 Porro
2307 2716 2574 2754 numerus
2637 2714 2699 2753 ac
2747 2698 3035 2769 proportio
3081 2698 3489 2752 dimensionum

1909 2794 2094 2862 templi
2154 2792 2319 2859 hujus
2362 2792 2501 2844 nihil
2563 2790 2839 2858 discrepat
2901 2789 2968 2842 ab
2992 2789 3134 2857 ejus,
3187 2789 3253 2841 de
3290 2803 3400 2856 quo
3435 2786 3490 2837 in

1909 2881 2118 2953 Regum
2176 2882 2336 2935 libris
2370 2880 2649 2935 memoria:
2686 2880 2962 2949 proditum
2986 2889 3107 2943 est;
3142 2879 3186 2933 si
3209 2879 3333 2946 quis
3360 2893 3494 2943 qua-

1836 2950 1879 3005 Β
1910 2976 2162 3045 draginta
2191 3029 2197 3036 _
2222 2974 2441 3041 quidem
2500 2971 2705 3026 cubitis
2737 2971 3127 3039 longitudinis,
3174 2968 3366 3034 Viginti
3398 2983 3494 3020 cu-

1913 3066 2056 3119 bitos
2081 3064 2269 3117 Sancti
2330 3070 2649 3117 sanctorum
2700 3060 2899 3123 addat;
2936 3059 3131 3130 viginti
3174 3074 3302 3112 vero
3336 3058 3495 3127 quin-

1911 3173 2019 3227 que
2046 3154 2353 3210 altitudinis
2391 3153 2598 3206 cubitis
2629 3167 2922 3205 mensuras
2947 3150 3324 3220 fastigiorum,

1980 3250 2063 3304 Ea:
2089 3249 2303 3313 civitate
2328 3246 2523 3301 David.
2549 3246 2680 3299 Sion
2714 3246 2918 3310 innuit,
2947 3260 3110 3314 quam
3146 3243 3495 3297 munitiorem

1914 3341 2070 3402 fecit.
2107 3348 2161 3394 et
2196 3341 2343 3405 regia
2376 3337 2709 3391 nobilitavit.

1983 3434 2049 3488 In
2074 3434 2229 3501 festo.
2263 3432 2533 3485 Nimirum
2589 3428 3111 3493 tabernaculorum;
3144 3425 3193 3479 id
3229 3424 3373 3479 enim
3395 3420 3497 3479 sibi

1918 3529 2035 3582 vult
2066 3529 2271 3582 mensis
2309 3526 2598 3596 svptimus.

2575 3614 2733 3669 CAP.
2758 3615 2851 3669 111.

1982 3708 2172 3762 Dabir.
2198 3708 2435 3778 Adytum
2472 3707 2574 3761 hoc
2603 3715 2763 3761 vocat
2792 3707 3035 3767 nomine,
3068 3705 3214 3773 quod
3242 3702 3500 3760 Sanctum

1919 3809 2242 3856 sanctorum
2296 3798 2586 3868 Scriptura
2644 3798 2828 3852 divina
2877 3795 3170 3851 consuevit
3205 3794 3501 3865 appellare.

2566 3968 2720 4023 CAP.
2750 3966 2861 4021 VII.

1991 4061 2159 4117 Vens.
2186 4062 2240 4116 6.
2278 4036 2522 4115 Laudant
2558 4059 2921 4128 Dominiquas
2960 4057 3196 4110 carmine
3225 4054 3505 4109 celebravit

1924 4153 2118 4209 David.
2156 4154 2273 4209 Hoc
2306 4154 2452 4208 aliud
2493 4152 2872 4206 testimonium
2912 4156 3017 4213 est.
3066 4150 3316 4203 Psabnos
3344 4151 3508 4202 David

1925 4248 2127 4301 habere
2150 4252 2456 4299 auctorem.
2476 4239 3297 4308 CaeterumSolomon.pietatis
3332 4238 3511 4292 adhuc
3590 4254 3594 4257 ·

227 4345 445 4414 γατέρα
487 4342 581 4396 τοῦ
622 4343 843 4413 Φαραώ.
895 4344 1049 4411 Ἀγία
1106 4344 1235 4414 γὰρ,
1276 4337 1431 4410 οὗτός
1482 4364 1639 4419 φησι,
1685 4349 1813 4403 Θεοῦ

1933 4339 2239 4401 studiosus,
2277 4338 2403 4391 ﬁliae
2426 4335 2735 4390 Pharaonis
2790 4334 3000 4387 nullum
3041 4333 3220 4385 locnm
3266 4332 3318 4383 in
3349 4331 3513 4384 domo

227 4435 487 4505 εἰσῆλθεν
531 4438 650 4489 ἐκεῖ
687 4439 720 4505 ἠ
771 4435 1002 4500 κιϐωτὸς
1030 4438 1261 4505 Κυρίου.
1326 4437 1408 4491 Τὰ
1457 4440 1514 4493 δὲ
1557 4441 1818 4511 ἀγώγιμα

232 4529 370 4597 ξύλα
402 4528 636 4582 πεύκινα
670 4528 940 4597 κέκληκεν
972 4529 1001 4581 6
1047 4526 1374 4597 Ἰὠσηππος,
1418 4530 1563 4602 ειπερ
1609 4536 1666 4587 ὲν
1716 4535 1824 4586 Ba-

237 4622 476 4684 σιλειαις
513 4620 974 4691 ὑποστηρίγματα
1004 4621 1099 4673 τοῦ
1153 4610 1313 4675 οἴκου
1363 4623 1573 4693 Κυρίου
1632 4628 1822 4695 φησὶν,

234 4716 331 4769 καὶ
358 4713 456 4766 τοῦ
501 4711 656 4767 οἴκου
688 4713 783 4766 τοῦ
824 4712 1119 4777 Βασιλέως.
1157 4715 1268 4768 Καὶ
1301 4714 1358 4768 ὃν
1389 4715 1677 4787 ἄνθρωπον
1711 4722 1829 4772 ἐκεῖ

233 4824 375 4877 φησι
401 4803 499 4858 τοῦ
559 4802 695 4857 Θεοῦ
752 4798 1036 4875 βρωθέντα
1069 4805 1173 4859 ὑπὸ
1228 4806 1627 4874 τοῦλέοντος,
1672 4810 1829 4881 Ὶωὴλ

237 4897 507 4956 ἐνταῦθα.

868 4993 1123 5045 ΚΕΦΛΑ.
1166 4994 1222 5045 l'.

315 5086 428 5143 Kal
464 5085 579 5140 οὐκ
604 5083 878 5152 ἤκουσεν
906 5087 938 5138 ὁ
957 5084 1263 5149 βασιλεὺς
1292 5085 1398 5139 τοῦ
1428 5086 1604 5150 λαοῦ,
1638 5086 1723 5139 ὅτι
1757 5083 1834 5155 ἦν

235 5177 633 5252 μεταστροφὴ
669 5177 789 5232 ἀπὸ
816 5177 923 5231 τοῦ
948 5176 1116 5231 Θεοῦ.
1152 5169 1251 5231 Ὧν
1289 5178 1397 5250 γὰρ
1426 5180 1652 5248 κήδεται
1679 5180 1831 5243 Θεὸς,

242 5274 471 5335 τούτους
500 5272 571 5325 τὰ
608 5271 862 5341 πρακτέα
902 5269 1137 5336 σοφίζει.
1174 5270 1379 5324 Τούτου
1418 5272 1475 5324 δέ
1520 5290 1603 5337 τις
1644 5291 1837 5344 στερη-

248 5366 464 5438 ρηθεὶς,
505 5363 582 5428 ὡς
644 5362 857 5433 ἔτυχεν,
910 5362 1159 5432 φέρεται.
1235 5364 1423 5429 Ἔδοξε
1486 5365 1542 5417 δὲ
1597 5365 1672 5435 τῷ
1719 5366 1838 5437 Θεῷ

245 5460 449 5514 διελεῖν
475 5457 576 5524 τὴν
632 5456 932 5527 βασιλείαν,
975 5454 1091 5507 ἀνθ’
1142 5448 1215 5507 ὧν
1269 5448 1523 5524 Σολομὼν
1558 5460 1842 5528 ἐπλημμε-

248 5553 406 5622 λησε.
445 5548 555 5602 Τυῦ
586 5548 644 5602 δὲ
690 5546 825 5600 Θεοῦ
858 5547 948 5599 τὸν
993 5546 1118 5598 isi-3v
1167 5547 1486 5617 ἀποστήσας
1535 5548 1837 5621 Ἰῑριήῗοὰμ,

252 5642 347 5698 καὶ
377 5646 500 5704 τοῦς
532 5644 698 5711 ἱερεῖς
722 5640 913 5708 αὐτοῦ,
941 5640 1033 5693 καὶ
1063 5638 1316 5707 Aeni-4;,
1343 5641 1646 5712 ἀπήλασεν,
1676 5645 1841 5709 ἰδίους

291 5822 339 5857 ⁸⁸
371 5821 705 5892 Psal.cn.v,
726 5818 780 5875 6.

1936 4430 2160 4483 Davidis
2190 4428 2448 4498 reliquit;
2502 4433 2866 4482 sacrosancta
2914 4425 3089 4485 enim,
3159 4422 3357 4490 inquit,
3422 4420 3513 4474 Dei

1935 4539 2064 4578 arca
2097 4523 2150 4575 in
2182 4538 2304 4576 eam
2330 4529 2415 4576 est
2441 4521 2714 4589 ingressa.
2740 4518 2912 4571 Porro
2935 4516 3107 4586 ligna,
3137 4531 3260 4583 qua:
3286 4514 3514 4567 advecta

1936 4622 2085 4678 sunt,
2113 4614 2343 4683 abiegna
2384 4611 2603 4663 vocavit
2637 4606 2935 4677 Joscpbus.
2974 4621 3039 4660 ex
3071 4606 3275 4674 quibus
3293 4604 3516 4674 quidem

1938 4706 2247 4775 pavimenta
2269 4705 2467 4757 domus
2518 4701 2732 4772 Domini
2761 4712 2929 4769 atque
2959 4699 3126 4769 regia:
3173 4697 3315 4752 facta
3352 4704 3515 4759 sunt,

1939 4807 2102 4853 utest
2132 4798 2186 4851 in
2221 4798 2378 4851 libris
2396 4795 2630 4865 Regum.
2652 4794 2917 4862 Denique
2940 4792 3245 4853 hominem,
3273 4791 3367 4861 qui
3408 4790 3519 4844 illic

1940 4908 1967 4946 a
2004 4891 2161 4945 leone
2191 4888 2490 4944 devoratus
2526 4886 2755 4949 dicitur,
2784 4883 2900 4939 Joel
2938 4884 3026 4955 hic
3052 4889 3233 4935 vocat.

2601 4975 2759 5031 CAP.
2796 4974 2861 5028 Χ.

2011 5096 2174 5150 Vens.
2212 5096 2298 5151 lii.
2334 5094 2442 5149 Nec
2469 5092 2677 5148 audivit
2709 5108 2800 5145 rex
2824 5089 3101 5159 populum.
3130 5088 3381 5158 quoniam
3412 5095 3525 5139 erat

1947 5187 2199 5242 revolutio
2232 5204 2263 5239 α
2324 5185 2450 5239 Deo.
2509 5184 2753 5249 Quorum
2782 5182 2924 5237 enim
2985 5195 3176 5234 curam
3216 5179 3360 5232 Deus
3394 5178 3526 5245 agit,

1947 5277 2169 5334 eosdem
2201 5278 2364 5331 etiam
2425 5275 2493 5330 de
2544 5277 2713 5329 rebus
2744 5272 2997 5345 gerendis
3034 5271 3259 5325 instruit
3284 5288 3298 5326 :
3328 5271 3530 5339 quibus

1949 5383 2079 5420 vero
2104 5360 2353 5437 eamdem
2381 5364 2683 5426 subtrahit,
2749 5377 2850 5417 suo
2883 5359 3146 5429 relinquit
3184 5357 3364 5425 genio.
3406 5354 3547 5433 Sta--

1949 5460 2054 5512 tuit
2089 5474 2217 5513 vero
2270 5458 2413 5511 Deus
2470 5469 2698 5524 regnum
2753 5452 3016 5506 dirimere
3077 5456 3302 5517 propter
3336 5445 3534 5497 dv'ivta

1954 5554 2289 5606 Solomonis.
2325 5552 2593 5605 (Izeterum
2647 5564 2770 5603 cum
2815 5546 3076 5616 populum
3121 5542 3233 5611 jam
3262 5540 3326 5593 ad
3353 5537 3535 5591 dph-«:-

1956 5648 2159 5701 tioncm
2204 5643 2293 5700 Dei
2355 5642 2650 5698 Jeroboam
2702 5636 3153 5702 ροηιιηοιὶςεριι,⁸
3205 5631 3534 5685 διξοιῑιίιι,)ῐρέ
