4238 6458
259 371 389 434 121⁵1

1208 372 1739 433 COMMENTARII
1786 373 1865 432 IN
1933 372 2076 430 LIB.
2126 373 2187 430 II
2240 373 2584 432 PARALIP.

3383 375 3514 438 1218

323 483 431 537 Kal
463 481 870 539 ἀντελάϐοντο
918 480 1117 535 αὐτῶν
1164 486 1217 534 οὶ
1264 482 1514 550 ἀδελφοὶ
1559 482 1828 535 αὑτῶνοί

2010 479 2178 533 Vens.
2211 481 2298 532 54.
2341 483 2403 532 At
2439 484 2636 547 fratres
2673 496 2853 534 eorum
2879 483 3076 538 Levita:
3105 500 3250 552 opem
3280 487 3516 540 tulerunt

252 573 490 628 Λευῖται
549 571 731 638 Ολίγοι
759 567 898 641 ἦσαν
922 571 1030 622 τῶν
1051 571 1243 641 ἱερέων
1270 574 1445 639 ἁγνοὶ,
1467 575 1558 624 καὶ
1578 574 1676 624 οὑκ
1709 573 1832 624 ἀντ-

250 667 396 732 εῖχον
437 662 571 732 πρὸς
605 665 704 731 τὴν
731 662 1010 732 ἱερατικὴν
1026 661 1392 731 λειτουργίαν.
1423 663 1584 714 Ὅθεν
1605 664 1653 714 οἰ
1674 660 1828 714 Λευῖ-

248 771 338 805 ται
371 753 846 824 (προηγνίσθησαν
889 753 1023 822 γὰρ)
1076 752 1432 805 ἀντελὰὀοντο
1485 753 1591 804 τῶν
1649 752 1830 822 ἱερῶν.

248 844 422 896 Τοῦτο
444 844 500 896 δὲ
525 845 620 895 καὶ
648 844 765 908 νῦν,
800 845 953 910 φασὶ,
985 846 1304 912 γιγνόμενον
1332 845 1478 895 ἔστιν
1511 845 1658 896 ἰδεῖν.
1691 847 1832 915 ΙΙρε-

250 935 516 1004 σϐυτέρου
543 934 652 1004 γὰρ
678 936 737 986 οὑ
764 936 1054 1004 παρόντος,
1088 937 1182 986 καὶ
1224 935 1321 1003 τῆς
1353 937 1542 1004 χρείας
1576 954 1832 988 κατεπει-

247 1024 474 1092 γούσης,
523 1024 895 1090 ἀναγκάζεται
949 1024 1040 1075 καὶ
1085 1023 1332 1087 διάκονος
1374 1025 1705 1095 προσφέρειν
1753 1025 1834 1095 τῷ

250 1113 490 1182 δεομένῳ
532 1116 590 1164 τὸ
625 1113 932 1182 βάπτισμα.
1406 1124 1412 1129 ’

322 1227 434 1278 Καὶ
455 1224 660 1296 προῖὼν
679 1226 736 1278 δὲ
761 1227 926 1292 λέξει,
952 1226 1090 1292 πῶς,
1115 1227 1312 1280 πολλοῦ
1327 1228 1668 1290 συνελθόντος
1690 1228 1830 1299 πλή-

247 1319 395 1380 θους,
428 1318 577 1370 θύειν
608 1319 1036 1386 ἠναγκάσθησαν
1073 1320 1120 1371 οἱ
1158 1317 1401 1383 Λευῖται,
1442 1319 1706 1407 μηδαμῶς
1733 1322 1832 1390 ἀρ-

245 1406 490 1458 κούντων
532 1407 641 1459 τῶν
675 1407 887 1476 ἱερέων.
941 1407 1038 1459 Διὰ
1086 1407 1142 1460 δὲ
1183 1408 1244 1459 τὸ
1272 1408 1529 1477 ἐξαπίνης
1565 1406 1830 1480 κληθῆναι

242 1500 374 1558 τοὺς
409 1497 468 1563 ἐξ
516 1498 755 1568 Ἰσραὴλ,
786 1500 835 1550 οἱ
872 1498 1092 1561 πλείους
1126 1499 1235 1552 τῶν
1265 1500 1644 1562 συνελθόντων,
1679 1503 1832 1568 ἁγνι-

245 1589 441 1657 σθῆναι
480 1589 556 1659 μὴ
586 1589 893 1657 φθάσαντες
915 1631 929 1655 ,
963 1590 1166 1659 ἔφαγον
1214 1591 1274 1643 τὸ
1321 1593 1533 1661 πάσχα,
1565 1594 1660 1644 καὶ
1697 1608 1830 1659 συγ-

243 1680 472 1750 γνώμης
494 1683 706 1750 ἐτυχον,
735 1683 824 1736 διὰ
840 1685 938 1755 τὴν
967 1684 1060 1736 τοῦ
1086 1683 1354 1754 βασιλέως
1379 1684 1683 1752 εὐσέϐειαν,
1708 1685 1831 1737 καί·

243 1792 352 1846 περ
388 1776 904 1847 παρανομήσαντες.

837 1913 1088 1966 ΚΕΦΑΛ.
1125 1913 1247 1967 AB’.

309 2045 475 2098 Μετὰ
513 2045 582 2098 δὲ
612 2045 752 2112 τοὺς
787 2048 1012 2114 λόγους
1069 2049 1352 2114 τούτους,
1388 2049 1488 2103 καὶ
1533 2049 1648 2118 τὴν
1683 2051 1833 2118 ἀλή-

240 2137 410 2188 θειαν
451 2139 709 2204 ταύτην,
754 2133 905 2206 ἦλθε
949 2142 1369 2210 Σενναχερρίμ.
1416 2143 1668 2195 Διδάσκει
1712 2144 1826 2209 νῦν,

239 2227 322 2278 ὅτι
350 2227 444 2278 καὶ
468 2230 596 2290 τοὺς
615 2227 890 2292 θεοσεῦεῖς
914 2231 1110 2300 ἄνδρας
1140 2233 1452 2298 δοκιμάζων
1487 2238 1513 2288 ὁ
1536 2236 1664 2299 Θεὸς
1688 2256 1828 2307 συμ-

237 2319 436 2385 φοραῖς
464 2322 788 2388 περιπεσεῖν
811 2325 1107 2392 συγχωρεῖ,
1135 2323 1225 2376 καὶ
1252 2324 1455 2378 διαλύει
1478 2329 1545 2380 τὰ
1568 2327 1823 2399 δυσχερῆ·

237 2409 335 2461 καὶ
392 2411 474 2462 ὃτι
505 2411 584 2462 δεῖ
617 2410 736 2480 Θεῷ
787 2412 1127 2482 θαρροῦντας
1170 2416 1243 2486 μὴ
1263 2417 1531 2487 καθῆσθαι
1553 2421 1826 2492 διακενῆς,

239 2503 625 2572 συνεισφέρειν
656 2503 713 2555 δὲ
747 2505 841 2556 καὶ
873 2505 939 2557 τὰ
981 2509 1112 2575 παρ’
1148 2501 1376 2563 ἑαυτῶν.
1413 2511 1626 2582 ’Ὠσπερ
1679 2515 1830 2577 Ἐξε-

235 2593 364 2656 κίας
422 2595 562 2664 πρὸς
613 2595 705 2647 τὸν
757 2597 994 2666 πόλεμον
1045 2600 1434 2670 ηὐτρεπίσατο,
1467 2606 1560 2658 καὶ
1610 2608 1744 2677 μετὰ
1769 2607 1829 2660 τὸ

238 2686 420 2738 πάντα
457 2688 704 2755 ποιῆσαι,
739 2691 893 2758 φησὶ,
926 2691 1061 2742 Μετ’
1085 2693 1252 2744 αὑτοῦ
1315 2694 1602 2764 βραχίονες
1635 2701 1828 2767 σάρκι-

239 2797 351 2842 νοι,
385 2779 505 2849 μεθ’
537 2780 698 2848 ἡμῶν
724 2781 802 2847 δὲ,
833 2781 1038 2849 Κύριος
1065 2786 1093 2835 ὁ
1119 2785 1250 2848 Θεὸς
1278 2788 1434 2855 ἡμῶν
1456 2805 1467 2817 ·
1498 2790 1557 2842 τὸ
1617 2790 1830 2860 ἄμαχον

234 2870 456 2934 δεικνὺς
508 2871 600 2923 τοῦ
641 2872 799 2936 Θεοῦ,
835 2874 930 2926 καὶ
976 2877 1084 2928 τῶν
1129 2877 1434 2946 ἀνθρώπων
1462 2881 1521 2933 τὸ
1551 2883 1748 2953 σαθρόν
1770 2903 1827 2938 τε

235 2963 334 3014 καὶ
388 2963 750 3034 πρόσκαιρον.
782 2966 1035 3034 Νικήσας
1065 2969 1143 3031 δὲ,
1184 2971 1277 3022 καὶ
1313 2971 1570 3040 ὑψωθεὶς,
1606 2977 1827 3029 ἐταπει-

234 3055 405 3125 νώθη,
475 3057 617 3110 κατὰ
668 3057 749 3124 τὸ,
799 3059 855 3110 Ὀ
885 3060 1033 3128 ὑψῶν
1076 3063 1298 3128 ἑαυτὸν,
1333 3069 1826 3138 ταπεινωθήσεται.

1937 569 2068 621 illis.
2108 567 2435 623 Sacerdotes
2468 573 2757 639 pauciores
2791 583 2950 626 erant
2986 587 3312 640 consecrati,
3351 595 3513 645 quam

1938 666 1995 707 ut
2043 657 2351 709 ministerio
2403 660 2732 711 sacerdotali
2782 660 3034 716 sullicere
3084 674 3327 731 possent.
3365 666 3516 724 L'nde

1937 746 2139 800 Levita:
2163 789 2177 811 ,
2224 749 2378 816 prius
2417 750 2751 802 sanctiﬁcati
2775 791 2789 814 ,
2824 755 3205 808 sacerdotibus
3237 758 3517 823 suppetias

1935 839 2202 901 tulerunt,
2234 841 2382 907 quod
2413 841 2713 892 etiamntttn
2754 842 2868 894 ﬁeri
2898 843 3162 898 videmus.
3200 845 3332 897 Cum
3370 847 3514 898 enim

1938 931 2228 999 presbyter
2250 945 2356 983 non
2383 940 2582 998 prmsto
2603 943 2785 992 est,ac
2811 950 2943 986 usus
2967 937 3516 1003 postulal,diacouus

1936 1020 2278 1090 baptismum
2306 1022 2699 1077 administrare
2727 1026 2968 1095 cogitur.

2554 1147 2593 1168 Ι

2005 1217 2178 1272 Porro
2214 1235 2379 1280 vero,
2417 1221 2634 1286 inquit,
2689 1237 2814 1276 cum
2851 1223 3111 1293 frequens
3154 1227 3346 1281 concio
3383 1241 3517 1281 con-

1933 1312 2198 1375 venisset,
2228 1311 2427 1366 Levita!
2450 1313 2767 1366 sacriﬁcare
2794 1319 2970 1369 coacti
3001 1327 3150 1382 sunt,
3180 1333 3307 1372 cum
3335 1319 3516 1385 in0pia

1933 1418 2188 1456 verorum
2226 1405 2615 1457 sacriﬁcorum
2652 1415 2819 1460 esset.
2862 1407 3133 1472 Quoniam
3171 1425 3298 1464 vero
3331 1411 3513 1462 multi—

1934 1497 2122 1550 tudine
2178 1497 2486 1550 lsraeliticae
2534 1499 2818 1551 concionis
2861 1501 3025 1554 citius
3063 1511 3248 1556 essent
3299 1502 3515 1564 obruti,

1935 1599 2097 1653 quam
2133 1594 2191 1636 ut
2235 1599 2293 1638 se
2338 1584 2403 1638 ad
2441 1599 2598 1638 sacra
2649 1597 2870 1654 possent
2912 1590 3204 1658 accingere
3236 1629 3249 1652 ,
3305 1592 3508 1659 pascha

1934 1674 2226 1729 comedere
2258 1691 2365 1728 non
2398 1684 2524 1728 sunt
2576 1677 2764 1740 veriti,
2818 1693 2882 1730 ac
2915 1679 3098 1731 delicti
3154 1681 3364 1733 veniam
3401 1698 3486 1736 me

1934 1774 2185 1830 ruerunt,
2222 1777 2450 1841 propter
2482 1767 2628 1837 regis
2658 1776 2956 1837 spectatam
2991 1771 3271 1839 pietatem.

2516 1898 2670 1954 CAP.
2708 1897 2937 1966 χχχιι.

2004 2023 2168 2081 Vens.
2210 2027 2262 2081 7.
2303 2027 2432 2081 Post
2485 2027 2581 2080 illa
2619 2039 2766 2097 gesta
2795 2070 2809 2095 ,
2859 2041 2906 2082 et
2955 2030 3114 2099 fidem
3147 2033 3299 2085 illam
3325 2073 3338 2096 ,
3379 2037 3514 2087 lenit

1935 2114 2322 2171 Sennaclierib.
2381 2120 2728 2174 Docetnnnc
2794 2137 2956 2190 quam
3015 2126 3181 2179 ratiis
3216 2127 3371 2181 malis
3410 2129 3518 2180 cir—

1934 2220 2261 2264 cumventos
2294 2226 2429 2266 suos
2457 2212 2697 2266 cultores
2726 2213 2867 2266 Deus
2901 2214 3118 2282 probet,
3145 2232 3209 2269 ac
3251 2220 3510 2286 probatos

1931 2301 2148 2356 demum
2203 2313 2456 2368 asserat;
2511 2304 2641 2357 item
2718 2307 2994 2373 quomodo
3048 2311 3304 2363 omnibus
3355 2313 3542 2367 rebus

1933 2390 2267 2458 posthabitis
2293 2433 2307 2456 ,
2363 2391 2566 2445 liducia
2604 2392 2778 2445 solida
2809 2393 2862 2445 in
2901 2391 3009 2447 Deo
3043 2397 3396 2463 collocanda,
3450 2414 3514 2452 ac

1934 2483 2152 2536 interim
2186 2493 2362 2536 tamen
2397 2499 2589 2538 omnes
2621 2495 2855 2539 conatus
2925 2495 3087 2555 atque
3116 2490 3259 2542 vires
3290 2489 3518 2545 alleren—

1932 2572 2033 2629 die.
2081 2573 2552 2639 Quemadmodum
2605 2575 2872 2633 Ezechias
2922 2579 3122 2633 bellum
3181 2581 3514 2647 adornavit,

1932 2666 2212 2736 rebusque
2243 2669 2502 2723 omnibus
2548 2671 2648 2723 rite
2677 2671 2864 2734 obitis,
2916 2672 3124 2742 inquit,
3165 2674 3377 2728 Carnea
3412 2678 3518 2731 illis

1933 2764 2136 2819 adsunt
2175 2766 2420 2826 brachia.
2460 2769 2618 2824 nobis
2650 2785 2780 2824 vero
2815 2771 3079 2828 Dominus
3114 2773 3256 2829 Deus
3306 2789 3496 2832 noster

1933 2854 2147 2921 Quibus
2185 2859 2368 2913 verbis
2415 2860 2622 2914 indicat
2651 2904 2665 2925 ,
2727 2865 2874 2932 quod
2929 2849 3024 2920 Dei
3079 2869 3224 2923 vires
3270 2869 3519 2926 infractae

1933 2949 2065 3012 sint,
2117 2949 2402 3014 hominum
2475 2967 2606 3006 vero
2651 2953 2810 3009 ﬂuxa:
2874 2971 2936 3010 ac
2991 2959 3296 3015 instabiles.
3350 2961 3521 3017 Porro

1932 3053 2054 3092 eum
2091 3056 2156 3094 ex
2207 3043 2435 3095 victoria
2481 3044 2790 3109 ellcrretur,
2845 3048 3166 3106 humiliatus
3198 3063 3280 3106 est
3308 3095 3320 3115 ,
3360 3055 3517 3122 juxta

238 3148 453 3219 Ὅμως,
494 3150 584 3203 διὰ
638 3153 738 3219 τὴν
779 3152 1096 3216 εὑσέὁειαν,
1133 3156 1410 3227 αὐτόπτης
1465 3160 1565 3212 οὑκ
1615 3132 1828 3230 ἐγένετο

1938 3132 2091 3196 illud,
2116 3133 2217 3199 Qui
2247 3150 2368 3189 sese
2396 3135 2572 3202 eﬂ‘ert,
2609 3139 3016 3195 liuntiliabitur.
3047 3142 3377 3214 Quanquam
3433 3148 3518 3201 in-

233 3241 347 3293 τῶν
379 3239 662 3309 λυπηρῶν,
697 3240 1029 3312 τελευτήσας
1076 3244 1211 3313 πρὶν
1255 3248 1380 3309 τοὺς
1417 3249 1708 3318 πολεμίους
1749 3251 1833 3303 ὲλ-

235 3331 374 3385 θεῖν.
397 3331 649 3385 Διδάσκει
670 3332 726 3384 δὲ
762 3334 794 3402 ή
854 3333 1070 3403 Γραφὴ,
1103 3335 1179 3398 ὡς
1229 3336 1320 3389 διὰ
1346 3338 1436 3390 τὸν
1465 3340 1834 3411 ἀναποδισμὸν

240 3424 339 3475 τοῦ
367 3423 522 3491 ἡλίου
574 3424 868 3476 ἀπέστειλε
923 3427 1059 3495 πρὸς
1091 3427 1253 3479 αὑτὸν
1279 3429 1387 3482 τῶν
1415 3429 1772 3485 Βαϐυλωνίων
1805 3435 1834 3487 ὁ

236 3511 519 3582 βασιλεὺς,
551 3512 645 3567 τοῦ
687 3514 955 3570 πυθέσθαι
996 3518 1128 3587 παρ’
1156 3519 1323 3572 αὑτοῦ
1345 3522 1406 3573 τὸ
1435 3521 1620 3592 τέρας,
1651 3523 1678 3574 ὃ
1707 3525 1832 3592 ἐγέ-

235 3623 362 3658 νετο
401 3607 495 3658 ἐπὶ
527 3607 626 3677 τῆς
658 3608 784 3677 γῆς.

319 3810 507 3875 ’1ηὼν.
545 3809 649 3864 Τὸν
682 3811 887 3881 Σιλοὰμ
921 3813 1067 3868 οὑτω
1104 3817 1277 3872 καλεῖ.

309 3922 417 3976 Kal
480 3923 879 3990 ἐγκατέλιπεν
919 3929 1109 3984 αὑτὸν
1139 3935 1172 3984 ό
1215 3934 1427 4001 Κύριος
1486 3938 1593 3993 τοῦ
1629 3941 1831 4010 πειρά-

234 4029 340 4069 σίιι
397 4015 607 4069 αὐτόν.
666 4016 829 4086 Δηλοῖ
859 4019 886 4070 ὀ
918 4017 1097 4101 λόγος,
1135 4022 1216 4074 ὅτι
1271 4023 1499 4091 ἄμεινον
1552 4029 1611 4080 ὲν
1639 4031 1828 4103 Κυρίῳ

232 4104 572 4172 καυχᾶσθαι.
607 4107 736 4161 Δέον
759 4109 868 4179 γὰρ
898 4111 1063 4163 αὑτὸν
1095 4115 1221 4182 περὶ
1251 4115 1348 4184 τῆς
1373 4116 1521 4180 θείας
1546 4119 1828 4192 δυνάμεως

230 4198 645 4267 διηγήσασθαι,
677 4202 768 4254 τὸν
795 4203 1029 4257 πλοῦτον
1091 4208 1434 4263 ὑποδεικνὺει
1501 4214 1593 4266 τὸν
1655 4219 1827 4286 πρόσ-

233 4303 451 4354 καιρον.
479 4289 550 4339 Τὸ
576 4288 654 4352 δὲ,
715 4292 1002 4360 Πειράσαι
1060 4297 1248 4349 αὑτὸν
1288 4299 1509 4354 εἰδέναι
1548 4309 1619 4358 τὰ
1651 4307 1720 4358 ἐν
1754 4307 1827 4376 τῇ

229 4377 448 4443 καρδίᾳ
501 4379 711 4445 αὑτοῦ,
747 4384 867 4435 ἀντὶ
899 4385 1016 4444 τοῦ,
1068 4387 1330 4459 Ἠθέλησε
1365 4395 1652 4464 γυμνῶσαι
1699 4402 1826 4462 τοὺς

1941 3226 2102 3280 terim
2131 3230 2418 3296 praemium
2449 3241 2560 3285 suae
2588 3233 2808 3301 pictatis
2845 3236 2977 3289 illud
3007 3240 3151 3302 tulit,
3185 3252 3240 3293 ut
3272 3243 3520 3295 miseria-

1957 3333 2077 3371 rum
2127 3335 2251 3389 quae
2300 3335 2612 3376 consecqu
2662 3335 2837 3389 sunt,
2893 3344 3000 3382 non
3055 3332 3217 3384 fuerit
3266 3337 3521 3387 oculatus

1937 3411 2277 3478 speculator;
2335 3429 2520 3466 verum
2579 3425 2755 3470 morte
2810 3423 3210 3487 grassatiouem
3282 3425 3518 3480 hostium

1935 3505 2315 3556 anteverterit.
2352 3503 2562 3558 Iudicat
2592 3522 2718 3560 vero
2748 3506 3058 3578 Scriptura,
3089 3514 3233 3582 quod
3267 3517 3518 3587 diligenti

1934 3593 2065 3648 solis
2094 3598 2469 3663 recognitione
2493 3599 2702 3666 habita,
2731 3617 2822 3655 rex
2850 3603 3278 3675 Babyloniorum
3311 3611 3520 3680 legatos

1934 3686 2001 3739 ad
2036 3702 2160 3739 eum
2201 3689 2440 3753 miserit,
2478 3705 2538 3742 ac
2574 3693 2640 3746 de
2677 3704 2933 3762 portento
2961 3697 3110 3752 edito
3157 3704 3518 3759 consuluerit.

2005 3800 2195 3857 Cillan.
2243 3802 2334 3857 Sic
2364 3816 2522 3859 vocat
2555 3807 2786 3863 Siloam.

1999 3909 2163 3968 Vens.
2193 3915 2280 3969 3|.
2325 3916 2622 3989 Dereliqttit
2654 3940 2772 3976 eum
2815 3925 2955 3982 Deus
2978 3968 2992 3992 ,
3027 3940 3083 3982 ut
3123 3941 3346 3988 tentaret
3379 3953 3519 3990 eunt.

1935 4002 2209 4061 Docemur
2239 4009 2343 4064 hoc
2369 4016 2643 4083 exemplo,
2686 4019 3027 4074 tutissimum
3053 4038 3173 4079 csse
3205 4026 3257 4080 in
3293 4027 3522 4084 Domino

1934 4098 2182 4168 gloriari.
2234 4101 2471 4158 Decebat
2513 4108 2659 4160 enim
2699 4110 2877 4179 ipsum
2908 4153 2922 4175 ,
2968 4113 3168 4170 divinaa
3220 4120 3524 4189 tnajestatis

1937 4191 2166 4260 gloriam
2198 4197 2401 4262 potius,
2433 4214 2596 4268 quam
2630 4216 2764 4270 opes
2787 4202 2963 4259 ﬂuxas
3019 4218 3070 4261 et
3105 4208 3343 4267 incertas
3375 4230 3524 4268 cont-
3580 4251 3584 4256 ο

1933 4285 2431 4357 tnemorare.552
2493 4288 2798 4362 No‘lumque
2853 4295 3002 4364 ﬁeret
3071 4300 3326 4370 quidquid
3391 4317 3523 4359 esset

1931 4375 1984 4426 in
2023 4377 2373 4443 cordeipsius.
2417 4381 2543 4447 _Iloc
2575 4394 2685 4447 est,
2723 4387 2845 4442 aliis
2891 4391 3135 4445 revelare
3193 4396 3359 4448 voluit
3431 4414 3524 4449 cn—

230 4469 534 4538 λογισμοὺς
564 4471 733 4525 αὐτοῦ
767 4478 881 4535 τοῖς
915 4477 1117 4542 ἄλλοις.
1191 4482 1363 4546 Αὐτὸς
1411 4487 1519 4556 γὰρ
1565 4489 1825 4556 γινώσκει

1933 4467 2223 4536 gitationcs
2255 4471 2450 4540 ipsius.
2497 4474 2615 4545 lpse
2652 4478 2797 4531 cnim
2845 4483 2997 4536 solus
3040 4485 3205 4538 corda
3241 4487 3522 4543 hominum

229 4557 330 4619 τὰς
365 4559 599 4627 καρδίας
630 4561 739 4615 τῶν
777 4563 1085 4635 ἀνθρώπων
1112 4568 1440 4637 μονώτατος.

843 4699 1094 4754 ΚΕΦΔΛ.
1140 4703 1265 4758 AI".

305 4812 419 4866 Kal
447 4813 604 4882 ἔγνω
640 4815 1008 4882 Μανασσῆς,
1051 4817 1138 4870 ὅτι
1175 4820 1391 4886 Κύριος
1445 4824 1626 4890 αὐτός
1657 4825 1828 4880 ἐστιν

227 4909 262 4959 ό
303 4906 472 4974 Θεός.
532 4905 721 4972 Οὕτως
767 4910 800 4978 ὴ
859 4911 1076 4965 παιδεία
1126 4912 1255 4976 τοὺς
1310 4913 1674 4987 βουλομένους
1719 4920 1827 4974 ὀνί-

226 5016 292 5067 νη
302 5015 410 5055 σιν.

303 5287 479 5355 Πλὴν
520 5289 608 5342 ἔτι
642 5293 672 5343 ό
697 5293 847 5356 λαὸς
873 5292 971 5346 ἐπὶ
1013 5294 1131 5348 τῶν
1177 5299 1438 5366 ὑψηλῶν
1485 5303 1822 5366 ἐθυσιάζεν.

228 5382 358 5432 ’Ὅτι
387 5399 453 5434 πε
466 5383 519 5451 pl.
545 5381 654 5434 τῶν
683 5381 922 5438 θυόντων
955 5390 1013 5440 ὲν
1046 5389 1270 5460 ὑψηλοῖς
1301 5394 1377 5464 τῷ
1407 5396 1594 5468 Κυρίῳ
1635 5404 1821 5471 φησὶν,

230 5471 412 5540 δῆλον.
457 5475 738 5544 Ἐπήγαγε
771 5479 898 5549 γὰρ,
936 5480 1088 5550 Illi];
1139 5484 1220 5547 είς
1276 5487 1433 5539 κενὸν
1465 5489 1542 5559 τῷ
1573 5490 1691 5562 Θεῴ
1727 5495 1820 5546 αὑ-

226 5582 359 5617 των.

830 5685 1088 5744 ΚΕΦΑΛ.
1125 5691 1243 5742 AA'.

241 5795 341 5849 ‘Er
371 5796 653 5853 Μοσανά.
681 5799 1006 5874 Σύμμαχος,
1037 5805 1107 5860 ἐν
1147 5807 1220 5878 τῇ
1261 5809 1637 5878 δευτερώσει.

1933 4561 2338 4628 COgnilaltabet.

2511 4698 2664 4755 CAP.
2709 4702 2950 4759 XXXIII.

2009 4804 2177 4862 Vens.
2215 4810 2302 4863 15.
2350 4809 2481 4864 Tum
2509 4818 2746 4880 Cognovit
2780 4817 3075 4882 Manasses,
3101 4823 3239 4891 quod
3266 4823 3524 4882 Daumius

1934 4912 2068 4954 esset
2116 4903 2272 4957 Deus.
2325 4901 2457 4958 Tam
2493 4908 2760 4977 frugifera
2791 4919 2876 4966 est
2908 4913 3222 4984 disciplina,
3276 4935 3399 4974 sese
3446 4922 3523 4975 illi
3614 4983 3622 4992 α

1937 4995 2526 5065 accomtnodantibus;
2573 5003 2824 5071 nihilque
2855 5006 2988 5058 adeo
3025 5006 3196 5060 ferum
3230 5020 3344 5072 est,
3376 5014 3523 5081 quod

1936 5100 2046 5140 non
2083 5090 2371 5144 mitescere
2423 5094 2626 5159 possit,
2682 5095 2728 5148 si
2762 5097 2925 5151 modo
2972 5099 3189 5152 cultura
3225 5104 3520 5170 patientem

1931 5181 2240 5234 connuodct
2274 5197 2484 5236 aurem.

2007 5297 2172 5355 Vens.
2204 5301 2290 5354 Π.
2341 5300 2712 5358 Verumtamen
2741 5309 2964 5376 populus
3003 5312 3175 5366 adhuc
3207 5317 3258 5368 in
3300 5322 3523 5374 excelsis

1931 5393 2204 5449 adolebat.
2238 5394 2348 5451 Deo
2383 5398 2691 5454 adolevisse
2715 5441 2729 5464 ,
2762 5418 3002 5471 sequens
3052 5406 3262 5464 indicat
3303 5416 3522 5471 oratio:

1934 5485 2164 5541 Frustra
2203 5499 2385 5543 tamen
2426 5488 2659 5545 Domino
2692 5491 2801 5547 Deo
2833 5511 2952 5551 SUO.

2517 5717 2668 5774 car.
2716 5718 2956 5774 xxxw.

2008 5825 2065 5880 1η
2100 5826 2353 5885 Mosana.
2392 5829 2794 5904 Synnnacbus,
2829 5838 2882 5890 in
2919 5838 3209 5895 traditione
3238 5841 3505 5911 majorum
