4238 6458
229 351 362 421 1221

1263 360 1795 420 COMMENTARII
1841 362 1918 420 ΚΝ
1965 364 2412 426 ΡΠΟΥΕΠΠΙΑ.

3346 379 3483 445 129.2

864 642 1810 760 ΠΡΟΚΟΠΙΟΥ
1920 645 2846 767 ΧΡΙΣΤΙΑΝΟΥ

1560 864 2123 953 ΕΡΜΗΝΕΙΑ

1458 1045 1567 1100 ΕΙΣ
1645 1047 1778 1100 ΤΑΣ
1842 1049 2244 1107 ΠΔΡΟΙΜΙΑΣ.

1035 1374 1706 1494 PROCOPII
1788 1382 2632 1502 CHRISTIANI

938 1612 1790 1755 COMMENTARII
1874 1620 1998 1711 IN
2057 1619 2780 1772 PROVERBIA.

633 2100 1032 2173 KmAMio'N
1063 2119 1361 2173 HPQTUN.

287 2209 501 2262 Σκοπὸν
546 2207 687 2279 ἔχων
723 2208 1009 2278 Σαλομὼν,
1068 2211 1162 2262 τὸν
1194 2209 1360 2262 πόθον
1401 2209 1561 2280 ἡμῶν
1589 2213 1809 2282 κινῆσαι

218 2301 357 2372 πρὸς
391 2301 452 2354 τὸ
480 2300 765 2370 ἄφραστον
800 2301 994 2364 κάλλος
1028 2301 1122 2353 τοῦ
1174 2300 1322 2354 θείου
1352 2301 1721 2372 χαρακτῆρος,
1754 2304 1809 2366 ὃς

213 2396 367 2448 ἐστιν
416 2395 443 2446 ὁ
491 2393 585 2447 τοῦ
633 2393 768 2447 Θεοῦ
823 2395 920 2449 καὶ
967 2393 1180 2464 Πατρὸς
1240 2396 1534 2465 μονογενὴς
1564 2395 1688 2458 Υἰὸς
1717 2396 1810 2450 καὶ

214 2487 414 2554 Λόγος,
466 2488 499 2558 ἡ
543 2487 912 2552 ἑνυπόστατος
935 2487 1103 2540 αὑτοῦ
1149 2486 1380 2558 δύναμις
1421 2487 1518 2542 καὶ
1563 2487 1744 2556 σοφία,
1777 2489 1811 2559 ἡ

213 2579 305 2634 διὰ
331 2577 440 2632 τῶν
477 2580 824 2649 φαινομένων
848 2578 923 2644 ὡς
960 2579 1048 2632 διὰ
1099 2578 1387 2650 συμϐόλων
1411 2580 1810 2652 κηρυττομένη,

218 2670 536 2740 ὑπογράφει
559 2685 618 2720 τε
646 2667 1036 2739 παροιμιωδῶς
1073 2668 1170 2728 τὰς
1203 2667 1428 2738 χάριτας
1465 2667 1656 2736 αὐτῆς,
1688 2669 1810 2720 ἐπι-

219 2761 512 2833 σπώμενος
539 2761 920 2830 εἰσαγωγικῶς
958 2761 1096 2832 πρὸς
1125 2761 1218 2812 τὸν
1254 2761 1422 2822 ὅντως
1456 2761 1690 2830 ἐραστὴν
1714 2761 1812 2831 τὴν

214 2850 412 2923 ἔφεσιν
434 2850 531 2904 τοῦ
567 2850 645 2904 ἐτι
671 2851 772 2922 τὴν
811 2850 954 2905 κατὰ
980 2851 1157 2922 ψυχὴν
1186 2851 1402 2922 ἡλικίαν
1430 2850 1810 2923 νηπιάζοντος,

215 2943 310 2998 διὰ
356 2942 470 2997 τῶν
517 2944 652 3013 ἡμῖν
696 2941 962 2996 ποθεινῶν
1004 2945 1063 2996 ὲν
1112 2943 1361 3013 αἰσθήσει
1406 2943 1676 3014 τερπνῶν,
1719 2944 1814 2996 καὶ

214 3036 429 3108 ἠθικῶς
478 3035 749 3102 παιδεύει,
809 3034 998 3089 παθῶν
1048 3033 1543 3106 ἐπανορθούμενος,
1601 3036 1697 3088 καὶ
1745 3035 1814 3088 τὰ

216 3129 475 3202 πρακτέα
503 3110 803 3194 ὑποτιθεὶς,
837 3128 929 3180 καί
970 3143 1136 3198 φησιν
1161 3127 1236 3190 ὡς
1277 3129 1333 3179 ὲν
1363 3129 1668 3198 ἐπιγραφῇ·

291 3305 362 3363 α’.
396 3307 709 3376 Παροιμίαι
757 3301 1147 3375 Σολομῶντος
1187 3305 1321 3360 υἱοῦ
1349 3306 1548 3373 Δαόἰὸ,
1581 3305 1647 3373 ὃς
1680 3306 1814 3360 ἐϐα-

216 3401 518 3456 σίλευσεν
550 3399 623 3452 ἐν
662 3396 1076 3468 Ἰερουσαλήμ.
1120 3400 1281 3466 Λόγοι
1316 3399 1468 3470 παρὰ
1508 3402 1689 3453 πᾶσαν
1715 3402 1812 3471 τὴν

216 3495 339 3550 ὁδὸν
366 3495 464 3564 τῆς
501 3492 788 3564 παρούσης
837 3491 985 3562 ζωῆς
1037 3494 1487 3564 χρησιμεύοντες,
1544 3494 1606 3547 ού
1653 3495 1813 3566 μόνον

214 3586 293 3650 ὡς
327 3587 388 3640 τὸ
425 3582 557 3658 ἦθος
588 3585 748 3656 ἡμῶν
779 3587 912 3656 πρὸς
941 3585 1000 3638 τὸ
1030 3587 1233 3652 ἀγαθὸν
1267 3587 1641 3657 ρυθμίζοντες,
1678 3587 1815 3641 ἁλλά

217 3681 314 3734 καὶ
345 3678 420 3742 ὡς
458 3679 745 3747 ἐνάγοντες
779 3679 926 3748 ἡμᾶς
973 3678 1108 3747 πρὸς
1141 3679 1241 3749 τὴν
1271 3681 1327 3731 ὲν
1353 3682 1621 3750 πνεύματι
1656 3698 1815 3750 φύσι·

216 3772 322 3843 κῆν
351 3771 589 3839 θεωρίαν
623 3771 732 3823 τῶν
772 3771 942 3824 ὄντων
966 3788 978 3800 ⁸
1007 3766 1080 3825 ὧν
1111 3775 1229 3835 ταῖς
1260 3774 1624 3841 ἐπιφανείαις,
1653 3773 1727 3836 ὡς
1758 3775 1814 3825 ὲν

216 3867 513 3938 ἐσόπτροις
555 3865 648 3919 καὶ
699 3866 1010 3937 αἰνίγμασι,
1066 3866 1135 3919 τὰ
1167 3866 1260 3919 τοῦ
1306 3866 1441 3919 Θεοῦ
1477 3865 1814 3938 ἱστοροῦνται

217 3959 530 4030 θελήματα,
566 3959 642 4021 ὡς
676 3957 827 4026 λόγοι
858 3957 963 4010 τῶν
1003 3958 1195 4020 ὄντων,
1238 3958 1359 4011 καθ’
1401 3958 1491 4021 οὓς
1524 3961 1594 4012 τὰ
1638 3961 1816 4014 πάντα

214 4051 518 4119 γεγόνασιν
553 4064 568 4080 ⁸
625 4049 749 4102 «Ti
795 4049 905 4120 γὰρ
953 4050 1163 4120 ἀόρατα
1213 4049 1377 4101 αὑτοῦ
1428 4051 1536 4102 ἀπὸ
1585 4051 1814 4112 κτίσεως

218 4143 453 4211 κόσμου,
500 4145 622 4204 soi;
658 4143 930 4213 ποιήμασι
965 4142 1252 4213 νοούμενα,
1303 4143 1603 4214 καθορᾶται
1631 4161 1677 4198 ἰ
1725 4141 1814 4198 οἷα

215 4235 330 4289 τῶν
365 4233 629 4288 τοιούτων
661 4234 860 4302 λόγων,
895 4236 1083 4305 ἓτερον
1136 4237 1235 4306 μὲν
1275 4238 1415 4290 κατὰ
1451 4239 1508 4292 τὸ
1550 4240 1814 4310 φαινόμε-

217 4347 333 4392 νον,
380 4329 571 4398 ἕτερον
629 4329 686 4382 δὲ
717 4330 862 4384 κατά
908 4330 968 4383 τὸ
1001 4331 1289 4401 νοούμενον
1321 4333 1775 4401 ἀπαγγελλόντων
1799 4352 1811 4363 ·

218 4422 332 4475 εἰσὶ
360 4421 414 4474 δὲ
466 4414 612 4476 οὗτοι
651 4423 700 4474 οἰ
728 4420 1017 4490 λόγοι’τοῦ
1060 4423 1125 4475 δι’
1183 4424 1362 4477 αὐτῶν
1412 4426 1816 4497 ἐπιχειροῦντος

219 4511 531 4585 εἰρηνεύειν
563 4512 710 4582 ἡμᾶς
745 4512 882 4582 πρός
909 4528 966 4564 τε
1002 4513 1227 4576 ἑαυτοὺς
1278 4515 1368 4566 καὶ
1407 4516 1674 4582 ἀγγέλους
1725 4517 1816 4568 καὶ

217 4606 314 4660 τδν
361 4605 524 4669 Θεὸν,
571 4605 924 4675 Σολομῶντος
958 4607 1304 4676 (εἰρηνικὸς
1340 4599 1446 4676 γὰρ
1494 4610 1521 4660 ό
1563 4607 1816 4678 Σολομὼν

217 4698 639 4772 ἑρμηνεύεται),
656 4697 915 4762 λαϐόντος
941 4699 1092 4768 παρὰ
1116 4699 1251 4752 Θεοῦ
1279 4701 1469 4767 σοφίαν
1489 4701 1581 4752 καὶ
1609 4701 1813 4771 φρόνη-

220 4810 327 4856 σιν,
366 4792 464 4846 καὶ
495 4792 648 4856 ὄντος
677 4789 796 4844 υἱοῦ
832 4789 1016 4855 Δαϋὶδ,
1065 4790 1160 4843 τοῦ
1214 4794 1270 4844 ἐν
1307 4791 1668 4862 Ἰερουσαλὴμ
1720 4793 1812 4863 βα-

218 4884 575 4948 σιλεύσαντος
600 4901 614 4915 ·
655 4882 987 4954 ὲξετέθησαν
1011 4883 1056 4937 δ’
1102 4878 1246 4938 οὗτοι
1291 4885 1423 4956 παρ’
1456 4884 1646 4950 αὐτοῦ,
1675 4884 1814 4939 ὥστε

213 4978 313 5032 τὸν
339 4977 569 5040 τούτους
606 4977 970 5047 μανθάνοντα,

293 5071 363 5142 β’.
419 5069 658 5126 Γνῶγαι
703 5070 953 5140 σοφίαν,
1009 5067 1112 5122 καί
1154 5067 1450 5132 παιδείαν,
1496 5065 1718 5135 νοῆσαί
1764 5086 1824 5122 τε

216 5170 450 5236 λόγους
495 5164 871 5235 φρονήσεως.
935 5162 1262 5230 Ἐπιγνῶναι
1329 5162 1523 5230 σοφίαν
1570 5179 1649 5226 τε,
1706 5162 1825 5230 ἥτις

219 5257 374 5311 ἐστὶν
405 5257 688 5327 ἐπιστήμη
742 5254 904 5307 θείων
936 5270 995 5306 τε
1037 5255 1130 5306 καὶ
1177 5253 1537 5323 ἀνθρωπίνων
1564 5255 1824 5324 πραγμά-

217 5366 371 5406 των·
418 5352 516 5404 καὶ
544 5349 821 5413 παιδείαν,
875 5349 1002 5419 ἥτις
1037 5347 1184 5401 ἐστὶν
1245 5346 1522 5417 ὠφέλιμος
1567 5349 1633 5417 τῇ
1677 5346 1823 5418 ψύχῇ

219 5439 440 5512 ἀγωγὴ,
478 5440 757 5502 ἐπιπόνως
786 5438 1052 5502 πολλάκις
1079 5437 1188 5490 τῶν
1222 5439 1330 5490 ἀπὸ
1357 5438 1559 5501 κακίας
1589 5437 1826 5508 κηλίδων

220 5534 399 5605 αὐτὴν
425 5531 853 5603 ἑκκαθαίρουσα·
891 5531 987 5584 καὶ
1024 5530 1356 5586 καταλαϐεῖν
1389 5531 1583 5600 λόγους
1615 5531 1676 5584 τὸ
1704 5549 1826 5584 ουν-

218 5629 370 5679 οἶσον
398 5623 850 5693 ὑποτιθεμένους.

1831 2127 1881 2184 Α

1845 4830 1886 4886 C

289 5726 363 5790 γ’.
393 5717 692 5782 Δέεασθαι
716 5734 781 5772 τε
801 5717 1070 5788 στροφὰς
1099 5718 1295 5788 λόγων
1346 5717 1443 5772 καί
1506 5718 1720 5786 λύσεις
1754 5721 1844 5772 οἰ-

295 5864 312 5896 ¹
350 5861 511 5918 Rom.
550 5877 591 5929 ι,
622 5859 715 5917 20.

2398 2121 2628 2177 CAl’lLT
2666 2123 2957 2181 PRIMUM.

1983 2210 2118 2265 Cum
2155 2211 2209 2264 in
2253 2213 2437 2267 animo
2475 2226 2622 2270 esset
2651 2218 2956 2283 Salomoni,
2993 2229 3244 2278 nostrum
3275 2223 3493 2282 deside-

1914 2301 2057 2354 rium
2091 2314 2312 2358 movere
2343 2304 2407 2358 ad
2436 2305 2863 2362 ineuarrabilem
2899 2311 3374 2379 pulchritudinem
3411 2318 3494 2370 di-

1915 2394 2024 2447 vini
2060 2394 2198 2464 typi,
2242 2396 2334 2465 qui
2379 2405 2464 2450 est
2491 2394 2587 2452 Dei
2622 2413 2684 2452 ac
2726 2399 2908 2455 Patris
2965 2403 3284 2474 unig‘enitus
3324 2408 3495 2462 Filius

1914 2490 1969 2536 et
1997 2480 2269 2547 Verbum,
2303 2483 2456 2538 illius
2500 2501 2598 2554 per
2631 2502 2689 2540 se
2711 2488 3006 2545 existenlis
3035 2493 3304 2548 fortitudo
3324 2505 3377 2549 et
3415 2511 3499 2551 sa-

1913 2576 2140 2642 pientia,
2184 2590 2308 2644 qua:
2361 2577 2530 2632 rebus
2572 2579 2884 2635 visibilibus
2926 2590 3188 2652 tanquam
3232 2590 3496 2656 symbolis

1915 2667 2304 2731 aununtiatur,
2335 2681 2630 2723 enumerat
2663 2672 2826 2725 modo
2862 2677 3198 2743 proverliiali
3231 2690 3496 2740 veriusla-

1917 2768 1998 2813 les
2058 2759 2204 2830 ejus,
2262 2776 2358 2829 per
2407 2763 2628 2816 modum
2669 2765 3121 2835 introductinnis,
3163 2772 3497 2826 desiderium

1914 2850 2036 2919 ejus
2068 2851 2161 2921 qui
2197 2851 2380 2908 adhuc
2421 2855 2727 2909 secundum
2766 2858 3076 2914 animamin
3105 2865 3338 2930 pueritia
3371 2881 3499 2919 ver-

1917 2950 2099 3007 satur,
2143 2943 2212 3018 ad
2244 2960 2429 2997 verum
2457 2957 2764 3000 amatorem
2795 2950 3045 3015 trahens,
3069 2957 3370 3022 propositis
3404 2974 3501 3010 no-

1915 3032 2000 3086 bis
2028 3033 2406 3104 intelligentiae
2433 3037 2690 3104 optamlis
2720 3039 2968 3106 gaudiis;
3003 3043 3290 3098 alllucnter
3317 3047 3502 3111 docet,

1917 3125 2092 3179 malos
2143 3126 2434 3197 corrigens
2494 3143 2700 3194 mores,
2741 3137 2793 3184 et
2837 3131 3047 3200 agenda
3099 3150 3404 3204 exponens,
3446 3147 3500 3193 et

1918 3214 2165 3283 loquitur
2183 3217 2314 3268 utin
2345 3216 2706 3286 inscriptione
2742 3238 2753 3272 :

1988 3304 2154 3361 Vens.
2185 3308 2235 3360 ί.
2266 3305 2549 3363 Pambon
2583 3310 2893 3366 Salomonis
2932 3315 3038 3382 ﬁlii
3071 3315 3261 3380 David,
3300 3321 3390 3387 qui
3417 3336 3500 3372 re-

1917 3401 2094 3468 gnavit
2149 3400 2202 3452 in
2257 3397 2581 3455 Jerusalem.
2639 3401 2840 3466 Verba,
2885 3421 2983 3474 pro
3041 3414 3158 3459 toto
3217 3411 3502 3477 prmseutis

1919 3493 2038 3544 vita:
2064 3491 2344 3544 curriculo
2374 3493 2550 3556 utilia,
2584 3509 2691 3547 non
2726 3495 2904 3548 solum
2941 3498 3064 3565 quia
3096 3509 3350 3552 naturam
3405 3519 3496 3554 no—

1920 3591 2090 3636 stram
2117 3582 2184 3635 ad
2212 3584 2416 3636 bonum
2452 3596 2642 3653 agunt,
2676 3586 2770 3640 sed
2800 3589 2964 3641 etiam
3008 3592 3136 3659 quia
3178 3609 3278 3645 nos
3313 3594 3378 3645 ad
3408 3611 3497 3646 na-

1917 3673 2153 3726 turalem
2218 3675 2515 3729 veritatum
2587 3677 2640 3729 in
2685 3679 2884 3746 spiritu
2980 3684 3500 3751 conlemplationem

1918 3771 2245 3826 conducunt
2282 3789 2294 3824 :
2327 3789 2564 3842 quarum
2614 3774 3186 3842 manifestationibus,
3237 3788 3498 3848 tanquam

1921 3861 1974 3914 in
2020 3863 2266 3930 speculis
2306 3872 2360 3918 et
2410 3865 2822 3932 mltigmatibus,
2877 3865 2970 3920 Dei
3009 3868 3368 3924 innotescunt
3408 3887 3502 3926 v0-

1919 3954 2167 4009 luntates
2207 3963 2265 4009 ut
2308 3956 2554 4011 rationes
2588 3974 2795 4023 rerum,
2851 3961 3160 4014 secundum
3200 3979 3337 4033 quas
3385 3982 3504 4018 om-

1919 4047 2008 4100 nia
2043 4047 2189 4099 lacta
2223 4056 2351 4101 sunt
2386 4065 2399 4100 :
2440 4068 2456 4100 ι
2501 4048 2807 4104 lnvisibilia
2832 4052 2980 4105 enim
3022 4051 3111 4107 Dei
3149 4069 3177 4106 a
3221 4061 3502 4111 creatione

1917 4136 2134 4199 mundi,
2186 4139 2454 4207 Operilius
2508 4141 2792 4196 intellecta
2843 4143 3293 4201 declarantur‘:
3341 4169 3358 4200 ι
3408 4168 3504 4220 per

1920 4231 2034 4284 hate
2072 4231 2265 4294 verba,
2299 4248 2446 4286 nunc
2482 4233 2630 4286 aliud
2672 4249 2740 4288 ex
2784 4251 2850 4289 eo
2894 4237 3042 4305 quod
3084 4237 3222 4294 foris
3251 4252 3501 4311 apparet,
3570 4252 3572 4255 ’

1919 4338 2064 4378 nunc
2093 4324 2244 4378 aliud
2276 4341 2340 4379 ex
2377 4341 2442 4380 eo
2467 4323 2610 4395 quod
2645 4328 3013 4396 intelligentia
3057 4334 3293 4402 capitur.
3326 4337 3501 4392 deter-

1920 4418 2182 4468 rniualur.
2222 4414 2359 4470 Ecce
2391 4433 2520 4487 ergo
2562 4419 2752 4481 verba,
2805 4421 3009 4488 quibus
3041 4435 3276 4478 conatur
3311 4443 3409 4481 nos
3440 4432 3505 4482 :ul

1920 4519 2106 4574 pacem
2141 4515 2194 4558 et
2238 4522 2364 4560 cum
2409 4508 2826 4579 nobismetipsis
2857 4552 2872 4576 ,
2929 4519 2981 4565 et
3028 4528 3152 4566 cum
3185 4519 3421 4593 angelis,
3454 4535 3507 4576 ει

1919 4612 2044 4649 cum
2099 4595 2206 4650 Deo
2257 4597 2551 4664 adducere,
2586 4601 2842 4655 Salomon
2885 4602 3178 4673 (Paciﬁcas
3224 4610 3369 4663 enim
3406 4608 3507 4668 Sa-

1921 4688 2102 4743 lomon
2131 4691 2578 4762 interpretatur),
2612 4693 2704 4763 qui
2732 4697 2948 4764 accepit
2978 4712 3004 4747 a
3035 4695 3144 4752 Deo
3181 4701 3504 4770 sapientiam

1921 4791 1973 4835 et
2002 4783 2373 4851 prudentiam,
2425 4782 2828 4854 fuitque-ﬁlius
2891 4789 3088 4854 David,
3118 4794 3214 4861 qui
3260 4801 3511 4865 regnavit

1923 4875 1976 4929 in
2004 4873 2310 4931 Jerusalem
2344 4895 2356 4931 :
2391 4894 2512 4949 quae
2545 4881 2817 4950 explicata
2853 4882 3008 4938 fuere
3032 4885 3100 4940 ab
3123 4902 3211 4952 eo,
3246 4897 3508 4960 tanquam

1922 4986 2016 5025 cos
2052 4971 2310 5039 docente,

1997 5066 2166 5120 Vens.
2190 5067 2245 5120 ‘2.
2280 5066 2357 5119 Ad
2403 5069 2674 5122 sciendum
2705 5071 3032 5138 sapientiam
3064 5083 3113 5126 et
3140 5075 3511 5144 disciplinam,

1927 5160 1995 5212 ad
2039 5161 2384 5231 intelligenda
2417 5161 2571 5214 verba
2600 5161 2925 5229 prudentiae.
2961 5165 3040 5219 Ad
3068 5172 3510 5236 cognoscendam

1927 5253 2278 5320 sapientiam,
2337 5267 2458 5322 qua:
2525 5262 2608 5308 est
2657 5255 2973 5308 divinarum
3035 5258 3514 5333 humanarumque

1929 5361 2112 5399 rerum
2171 5344 2548 5398 scicntia:—
2602 5345 2984 5416 disciplinam,
3042 5365 3167 5417 qua:
3222 5363 3302 5407 est
3363 5356 3514 5407 uti;is

1927 5442 2126 5494 anima:
2165 5441 2468 5508 institutio,
2506 5442 2657 5496 illam
2704 5459 2828 5498 cum
2859 5445 3034 5498 multo
3064 5462 3209 5517 saepe
3253 5449 3440 5506 latore
3485 5469 3515 5507 a

1925 5533 2164 5587 maculis
2203 5533 2466 5588 viliorum
2532 5535 2872 5604 puriﬁcans;
2921 5567 2991 5577 —
3036 5540 3105 5594 ad
3159 5542 3513 5615 intelligenda

1928 5625 2116 5690 verba,
2153 5641 2276 5696 quae
2315 5629 2707 5684 convenientia
2745 5632 3003 5686 doceant.

2024 5721 2193 5780 Vens.
2240 5725 2293 5779 ὅ.
2357 5728 2438 5781 Ad
2483 5731 2875 5798 suscipiendum
2933 5737 3208 5792 verborum
3263 5741 3516 5802 rationem
