4238 6458
724 376 867 442 ιεηδ

720 502 767 542 ct
818 489 1165 555 maigmatnm
1212 486 1505 538 solutiones
1539 526 1551 547 ,

724 597 838 632 rum
888 580 1189 646 justitiam,
1236 589 1285 630 et
1325 575 1702 644 corrigendum
1753 575 2043 641 judicium.
2082 574 2150 627 L't
2177 592 2311 629 euu-

724 673 964 741 cipialur
998 682 1051 725 et
1102 671 1314 725 sciatur
1344 669 1549 738 quibus
1594 667 1775 719 modis
1807 667 1919 718 Iure
1959 667 2125 719 verba
2157 684 2184 716 ει
2222 683 2314 719 vo-

726 766 945 817 luntate
989 761 1295 815 secundum
1332 760 1712 827 operationem
1744 754 2086 809 descendant
2120 756 2187 808 ad
2234 758 2315 809 in-

728 858 1115 923 telligentiam,
1150 862 1204 907 et
1233 854 1479 906 vicissim
1510 854 1578 903 ab
1604 850 1965 917 intelligentia
2008 849 2313 902 secundum

726 931 1015 1001 svieutiam
1054 950 1283 1011 surgant
1313 940 1379 995 ad
1409 942 1747 993 voluntatem
1776 956 1787 989 :
1845 947 1902 991 ιιι
1929 939 2078 992 falsa:
2104 938 2319 994 Jude-

726 1051 846 1088 rum
894 1034 1150 1102 justitite,
1184 1046 1307 1100 qua:
1350 1030 1734 1099 singularibus
1764 1029 2104 1083 describitur
2123 1029 2316 1098 signis,

726 1143 835 1180 non
871 1125 1279 1194 acquiescant;
1321 1121 1414 1176 sed
1458 1129 1518 1175 ut
1549 1121 1863 1185 addiseant,
1910 1119 1998 1175 bis
2038 1121 2320 1190 parabolis

726 1219 1141 1272 mauil'estatam
1182 1230 1366 1269 veram
1389 1214 1687 1283 justitiam,
1722 1227 1866 1281 qum,
1892 1212 2110 1279 judicio
2146 1225 2319 1275 recto,

729 1301 1033 1377 unicuique
1060 1308 1229 1359 trium
1259 1306 1455 1358 anima:
1484 1304 1885 1373 potentiarum,
1907 1303 2057 1372 quod
2094 1302 2172 1355 illi
2193 1318 2324 1356 con-

725 1403 899 1463 venit,
928 1400 1123 1453 reddat
1192 1398 1362 1467 (quod
1405 1406 1490 1451 est
1525 1395 1721 1449 modus
1767 1396 2048 1449 tribuendi
2118 1410 2323 1449 secun-

724 1494 854 1546 dum
911 1493 1305 1560 dignitatem),
1363 1498 1423 1542 ut
1466 1489 1573 1541 tale
1622 1488 1896 1555 judicium
1944 1488 2013 1541 ad
2062 1490 2322 1543 virtutem

725 1586 1022 1652 dirigatur,
1062 1584 1125 1635 ad
1161 1582 1497 1651 cupiditates
1540 1596 1663 1648 quae
1718 1581 1801 1632 vel
1867 1595 1933 1633 ex
1974 1581 2191 1635 defectu
2241 1582 2325 1636 vel

726 1694 791 1730 ex
835 1692 1068 1730 exicssu
1119 1676 1341 1728 virtutis
1390 1674 1672 1737 oriuntur,
1715 1671 1768 1723 itt
1805 1672 1964 1745 praxi
2016 1672 2325 1727 llOllthCli-

729 1768 939 1820 nando.

804 1859 966 1913 Vens.
1012 1858 1065 1911 4.
1098 1856 1161 1909 Ut
1198 1858 1317 1909 dem
1367 1856 1740 1908 innocentibus
1777 1855 2085 1916 astutiam;
2138 1855 2325 1907 adole-
2361 1832 2401 1885 Β

724 1954 893 2006 sccnti
918 1950 1331 2019 intelligentiam
1365 1959 1411 1999 et
1440 1948 1839 2016 cogitationem.
1878 1944 2005 1999 ll:cc
2036 1945 2326 2014 proverbia

729 2059 862 2098 vero
895 2056 1179 2111 exponens
1214 2038 1502 2102 Salomon,
1553 2054 1650 2106 per
1678 2052 1741 2091 ea
1774 2035 2018 2090 ostendit
2054 2036 2119 2089 iis
2144 2035 2235 2105 qui
2271 2051 2329 2089 se

724 2137 984 2188 omnibus
1024 2133 1172 2186 vitiis
1217 2130 1786 2191 exuerunt,omnium
1818 2128 2086 2181 bonorum
2113 2128 2327 2180 metho-

724 2229 906 2280 dieam
937 2226 1353 2294 operationem;
1391 2223 1502 2277 illis
1536 2232 1721 2275 autem
1754 2222 1847 2288 qui
1885 2218 2118 2272 infantia
2162 2219 2329 2273 intel-

730 2320 955 2372 lectuali
996 2317 1276 2377 laborant,
1304 2312 1701 2368 discretionem
1738 2312 1864 2366 boni
1900 2323 1953 2365 et
1999 2312 2163 2379 mali;
2204 2320 2328 2365 tart-

726 2413 849 2467 dem
892 2412 1256 2481 praemiorum
1301 2409 1547 2472 virtutis,
1581 2416 1635 2461 et
1666 2406 1896 2460 malitia:
1920 2421 2236 2475 poenarum,
2272 2406 2342 2466 in,

728 2503 937 2565 futuro,
978 2500 1427 2555 meditationem.

800 2684 967 2739 VERS.
1020 2684 1071 2738 5.
1132 2681 1263 2735 Hu'c
1307 2681 1535 2735 audiens
1584 2682 1816 2747 sapiens,
1877 2682 2172 2749 sapientior
2205 2682 2326 2733 erit.

727 2778 830 2843 Qui
878 2779 1075 2832 borum
1127 2788 1450 2830 sermonum
1502 2772 1943 2841 proverbialium
1992 2773 2219 2825 auditor
2263 2773 2328 2825 ad

731 2869 1067 2940 sapientiam
1106 2865 1443 2925 cucurrerit,
1479 2863 1545 2915 ad
1596 2863 1742 2915 illitis
1789 2862 2074 2928 perveniet
2116 2860 2329 2929 periec-

726 2961 1005 3016 tissimum
1063 2957 1334 3027 gradum;
1392 2957 1564 3007 multa
1614 2953 1669 3006 in
1730 2953 1937 3007 divinis
1982 2953 2330 3021 dogmatibus

728 3050 1093 3121 intelligentia
1139 3049 1410 3119 gaudens,
1444 3060 1544 3098 nec
1590 3061 1696 3097 nun
1731 3045 1786 3097 in
1815 3044 2098 3108 humanis,
2135 3044 2329 3097 Irarum

2058 376 2412 436 PliOCOl‘II
2448 379 2691 437 GALEI

1619 484 1686 534 ad
1751 484 2152 552 intelligendam
2222 503 2305 537 tte-

2436 494 2730 557 νγ-μάτων,
2799 489 3023 555 νοῆσαί
3072 505 3136 541 τε
3190 489 3588 555 δικαιοσύνην
3628 486 3849 553 ἀληθῆ.
3907 486 4011 539 καὶ

3871 371 4013 435 1294

2416 580 2591 647 κρῖμα
2623 583 3032 633 κατευθύνειν.
3079 579 3472 644 ’Υποδέξασθαί
3523 596 3581 631 τε
3635 580 3729 633 καὶ
3760 580 4014 647 χωρῆσαι

2416 671 2514 734 τὰς
2542 671 2754 723 τούτων
2780 672 2887 723 ἀπὸ
2918 671 3039 734 νοὸς
3084 672 3208 724 κατ’
3252 672 3536 741 ἐνέργειαν
3573 669 4017 736 συγκαταϐάσεις

2420 765 2499 825 εἰς
2548 763 2839 832 αἴσθησιν·
2902 764 2995 814 καὶ
3051 762 3209 824 αὖθις
3252 762 3349 823 τὰς
3395 762 3503 814 ἀπὸ
3545 760 3852 829 αἰσθήσεως
3891 758 4013 812 κατ’

2420 855 2735 925 ἐπιστήμην
2771 854 3066 922 ἁναγωγὰς
3118 855 3257 923 πρὸς
3292 853 3439 918 νοῦν,
3482 854 3573 905 καὶ
3609 854 3683 923 μὴ
3728 854 3792 921 τῇ
3826 852 4026 919 ψευδςῖ

2421 946 2737 1016 δικαιοσύνῃ
2773 945 3081 1008 Ἰουδαϊκῶς
3110 944 3419 1013 ἀρκεῖσθαι,
3452 945 3485 1013 ἧ
3526 945 3708 1011 μόνοις
3742 941 4018 1011 περιγρά-
4058 942 4076 959 °

2424 1056 2585 1107 φεται
2610 1041 2721 1101 τοῖς
2763 1038 3075 1108 συμϐόλοις,
3135 1037 3271 1090 ἀλλὰ
3320 1036 3513 1106 μαθεῖν
3542 1036 3642 1104 τὴν
3682 1035 3771 1087 διὰ
3806 1035 4015 1085 τούτων

2422 1130 2761 1199 δηλουμένην
2812 1129 2990 1199 ἁληθῆ
3035 1128 3405 1197 δικαιοσύνην,
3442 1126 3543 1197 τὴν
3579 1126 3645 1178 δι’
3693 1124 3860 1195 ὀρθῆς
3897 1124 4021 1194 κρίο

2427 1236 2566 1282 σεως
2610 1220 3030 1291 ἀποκληροῦσαν
3074 1220 3283 1291 ἑκάστῃ
3319 1219 3429 1271 τῶν
3481 1216 3651 1286 τριῶν
3692 1219 3791 1284 τῆς
3835 1215 4023 1284 ψυχῆς

2425 1312 2729 1381 δυνάμεων,
2758 1313 2816 1364 τὸ
2850 1313 3161 1382 πρόσφορον
3186 1325 3200 1340 ⁶
3262 1311 3385 1380 ἥτις
3418 1310 3567 1363 ἐστὶν
3592 1307 3704 1373 ἕξις
3734 1308 4023 1375 ἀπονεμη-

2434 1407 2562 1476 τικὴ
2598 1406 2692 1458 τοῦ
2719 1409 2839 1459 κατ’
2872 1406 3030 1469 ἀξίαν
3062 1424 3075 1436 ·
3111 1405 3205 1457 καὶ
3234 1405 3335 1474 τὴν
3360 1402 3618 1470 τοιαύτην
3644 1401 3825 1468 κρίσιν
3849 1401 4025 1451 ἀπευ-

2429 1497 2608 1551 θύνειν
2660 1498 2795 1568 πρὸς
2850 1498 3071 1568 ἀρετὴν,
3124 1498 3214 1551 διὰ
3273 1497 3530 1566 πράξεως
3594 1492 4025 1563 ἀπαρεγκλήτου

2429 1593 2566 1661 πρὸς
2600 1591 2669 1644 τὰ
2720 1593 2842 1643 κατ’
2893 1590 3129 1659 ἔλλειψιν
3177 1589 3281 1658 τῆς
3324 1586 3527 1655 ἀρετῆς
3568 1585 3663 1638 καὶ
3714 1581 4026 1653 ὑπερϐολὴν

2432 1684 2601 1752 πάθη.

2503 1861 2565 1915 δ’.
2599 1862 2733 1915 Ἵνα
2766 1859 2849 1913 δῶ
2894 1858 3143 1926 ἁκάκοις
3186 1858 3583 1927 πανουργίαν,
3624 1853 3789 1907 παιδί
3821 1852 3889 1905 δὲ
3912 1851 4032 1916 νέῳ

2430 1954 2726 2021 αἴσθησίν
2771 1970 2831 2007 τε
2869 1952 2967 2006 καί
3011 1954 3275 2006 ἔννοιαν.
3320 1952 3509 2013 Ὅπως
3561 1952 3589 2003 ὁ
3627 1948 3852 2009 τούτους
3902 1944 4033 2004 τοὺς

2430 2045 2624 2113 λόγους
2682 2044 3011 2109 ὲκτεθεικὼς
3071 2043 3326 2115 Σολομὼν
3396 2044 3655 2113 παράσχῃ
3702 2040 3767 2091 δι’
3822 2036 4030 2099 αὐτῶν,

2430 2143 2543 2202 τοῖς
2598 2139 2697 2207 μὲν
2757 2138 3226 2207 ἁποὸαλλομένοις
3286 2136 3471 2188 πᾶσαν
3532 2133 3755 2194 κακίαν,
3807 2129 4033 2181 πάντων

2430 2232 2537 2285 τῶν
2574 2230 2756 2283 καλῶν
2800 2229 3100 2299 ὲμμέθοδον
3147 2228 3432 2298 ἐνέργειαν
3455 2243 3469 2256 ·
3508 2225 3587 2295 τῷ
3622 2225 3679 2277 δὲ
3726 2238 4036 2291 πνευματι-

2431 2323 2535 2393 κὴν
2566 2322 2786 2392 ἠλικίαν
2832 2322 3116 2392 ἀρτιγενεῖ
3162 2320 3257 2373 καὶ
3301 2318 3567 2382 νεάζοντι,
3601 2316 3878 2384 διάκρισιν
3932 2312 4040 2382 μὲν

2429 2415 2631 2485 ἀρετῆς
2668 2415 2762 2467 καὶ
2788 2414 3026 2479 κακίας,
3073 2412 3373 2483 ἐνθύμησιν
3404 2411 3458 2463 δὲ
3493 2409 3603 2463 τῶν
3648 2410 3694 2459 τ’
3728 2408 3815 2459 ἐπ’
3856 2406 4036 2475 ἀρετῇ

2431 2507 2572 2559 κατὰ
2602 2506 2661 2559 τὸ
2695 2506 2891 2573 μέλλον
2918 2505 3167 2558 ἐπάθλων
3214 2504 3310 2558 καὶ
3343 2502 3454 2557 τῶν
3498 2502 3593 2555 ἐπὶ
3628 2500 3826 2563 κακίας
3856 2516 4043 2567 τιμωο

2434 2597 2590 2667 ριῶν.

2503 2697 2563 2743 ε’.
2595 2690 2785 2745 Τῶνδε
2808 2692 2916 2759 γὰρ
2944 2693 3217 2757 ἀκούσας
3239 2690 3453 2760 σοφὸς,
3480 2691 3819 2759 σοφώτερος
3838 2688 4041 2743 ἔσται.

2433 2783 2654 2835 Τούτων
2701 2783 2807 2853 γὰρ
2862 2784 2973 2835 τῶν
3030 2783 3429 2853 Παροιμιακῶν
3472 2783 3648 2851 λόγων
3681 2780 3929 2841 ἀκούσας
3958 2797 4049 2842 τις

2434 2876 2513 2937 είς
2540 2874 2733 2944 σοφίαν
2761 2875 3112 2946 προκόπτων,
3142 2878 3221 2939 εἰς
3252 2876 3349 2945 τὴν
3378 2875 3587 2943 ταύτης
3622 2874 3818 2942 φθάσει
3840 2871 4052 2923 τελειο⁹

2433 2970 2601 3039 τέραν
2637 2969 2782 3032 ἕξιν*
2828 2967 3003 3020 πολλὰ
3052 2968 3151 3038 μὲν
3206 2969 3335 3038 περὶ
3364 2967 3469 3019 τῶν
3506 2966 3668 3020 θείων
3719 2965 4051 3028 παιδευθεὶς

2436 3060 2725 3129 δογμάτων
2750 3077 2765 3092 °
2794 3062 2971 3115 πολλὰ
2997 3062 3053 3115 δὲ
3082 3062 3324 3133 καὶπερὶ
3355 3060 3464 3113 τῶν
3496 3060 3858 3129 ἀνθρωπίνων
3894 3059 4054 3112 ἐκδι-

728 3162 834 3217 ope
868 3144 1262 3215 parabolarum
1302 3139 1492 3193 multis
1541 3138 1722 3191 modis
1752 3149 1807 3190 et
1841 3137 1973 3189 vitia
2006 3136 2237 3208 iugabit,
2278 3145 2330 3191 et

2438 3151 2769 3221 δασκόμενος
2802 3153 2937 3223 παρ’
2969 3152 3139 3205 αὑτοῦ
3191 3150 3604 3221 Παροιμιώδους
3638 3149 3823 3217 λόγου,
3855 3148 4053 3202 ποικίο

728 3242 964 3296 virtutes
1007 3235 1284 3307 acquiret.

805 3442 875 3495 Et
921 3440 1249 3508 intelligens,
1286 3434 1648 3506 gubernacula
1691 3433 2006 3502 possidebit.
2050 3432 2203 3496 Inde,
2241 3434 2334 3502 qui

730 3546 939 3592 rectam
976 3535 1274 3588 veritatum
1312 3530 1604 3584 scientiam
1640 3528 1903 3596 acquirit,
1941 3536 1993 3581 et
2022 3527 2175 3581 novit
2199 3542 2337 3595 quo-

730 3632 901 3684 modo
967 3628 1381 3680 inconstantem
1440 3638 1622 3676 rerum
1693 3622 2063 3675 humanarum
2112 3628 2338 3673 cursum

730 3728 998 3791 oporteat
1038 3716 1410 3787 pCl‘ll'allslt'e.
1441 3730 1591 3777 nam,
1631 3729 1732 3767 nec
1767 3713 1932 3774 bona,
1963 3713 2341 3782 inquisitaque

729 3828 761 3866 a
788 3810 999 3865 multis:
1039 3824 1141 3862 nec
1176 3806 1320 3859 mala
1368 3819 1469 3857 nec
1500 3804 1683 3857 tristia
1728 3802 2094 3856 stabilitatem
2149 3809 2205 3858 et
2238 3802 2340 3855 du-

732 3902 1012 3957 rationem
1073 3897 1299 3952 habent:
1341 3894 1433 3948 ille
1478 3900 1531 3947 et
1574 3893 1626 3946 in
1677 3893 1795 3963 ipsa
1842 3892 1970 3946 vitae
2005 3907 2161 3962 pace,
2212 3906 2339 3945 cum

732 4005 1003 4063 prospere
1054 3988 1102 4042 ei
1178 3984 1366 4039 omnia
1422 3982 1703 4047 accidant,
1757 3983 2095 4035 mutationes
2143 3996 2341 4051 exspe-

730 4089 890 4144 ctat;
947 4092 1050 4131 nec
1088 4076 1142 4129 in
1196 4072 1571 4144 praesentibus
1623 4070 1794 4124 rebus
1838 4079 1897 4123 ut
1932 4068 2341 4124 immortalibus

728 4172 979 4237 conﬁdit,
1021 4186 1121 4225 nec
1166 4168 1219 4221 in
1265 4166 1425 4219 malis
1468 4164 1764 4219 eventibus
1798 4163 1867 4217 de
1915 4163 2102 4233 seipso
2138 4164 2342 4234 despe-

732 4275 813 4318 rat
838 4283 860 4329 ;σ
887 4279 987 4316 nec
1021 4262 1072 4313 in
1106 4260 1323 4329 magnis
1346 4256 1639 4311 doloribus
1668 4257 1856 4310 animo
1906 4256 2170 4325 dejieitut'
2199 4274 2211 4309 :
2241 4258 2337 4311 sed

734 4358 1027 4428 possidens
1077 4352 1536 4420 intelligentiam,
1576 4365 1721 4413 quaz,
1748 4357 1805 4401 ut
1846 4349 2144 4403 nauclerus
2182 4350 2340 4403 navi-

729 4454 867 4506 eulte
899 4449 1087 4503 carnis
1138 4446 1399 4515 imperet,
1434 4452 1488 4497 ct
1518 4442 1819 4497 sententiis
1849 4440 2011 4509 quasi
2057 4440 2340 4510 guberna-

2440 3246 2549 3309 λως
2585 3248 2682 3315 μὲν
2711 3246 3052 3316 ὲξορίζοντος
3082 3246 3179 3316 τὴν
3207 3246 3428 3310 κακίαν,
3465 3244 3823 3314 πολυτρόπως
3849 3242 3910 3297 δὲ
3940 3243 4055 3297 πά-

2440 3338 2523 3389 λιν
2556 3338 2657 3407 τὴν
2692 3337 2895 3408 ἀρετὴν
2921 3337 3359 3404 ἁντεισάγοντος.

2523 3429 2587 3481 '0
2620 3428 2688 3481 δὲ
2720 3430 2999 3497 νοήμων,’
3026 3429 3400 3496 κιιὸἐρνησιν
3442 3429 3749 3497 κτήσεται.
3798 3428 3859 3481 '0
3890 3428 3938 3482 δ’
3966 3431 4060 3481 ὲκ-

2439 3517 2628 3570 τεῦθεν
2660 3520 2757 3588 τὴν
2802 3518 2978 3588 ἁληθῆ
3021 3520 3128 3572 τῶν
3171 3520 3340 3572 ὄντων
3368 3521 3681 3589 ἐπιστήμην
3712 3517 3922 3580 λαϐὼν,
3958 3521 4060 3573 καὶ

2441 3611 2596 3675 εἰδὼς
2655 3613 2805 3675 ὅπως
2855 3612 2954 3682 τὴν
3006 3612 3239 3665 ἄστατον
3295 3612 3473 3682 φορὰν
3524 3612 3633 3664 τῶν
3684 3612 4059 3681 ἀνθρωπίνων

2441 3705 2790 3774 πραγμάτων
2816 3704 3180 3774 περαιοῦσθαι
3215 3707 3484 3775 προσήκει
3524 3703 3669 3775 (οὕτε
3700 3705 3814 3775 γὰρ
3854 3707 3929 3757 τά
3967 3706 4061 3760 δε-

2444 3796 2533 3861 ξιὰ
2560 3798 2649 3850 καὶ
2676 3796 3124 3867 περισπούδαστα
3142 3801 3251 3858 τοῖς
3280 3797 3515 3860 πολλοῖς,
3539 3796 3662 3850 οὔτε
3694 3798 3763 3849 τὰ
3788 3814 3853 3849 πε
3864 3815 4062 3868 ριστα-

2445 3891 2576 3941 τικὰ
2608 3890 2703 3943 καὶ
2730 3891 2952 3960 κατηφῆ
2983 3890 3095 3944 τῶν
3143 3890 3491 3961 πραγμάτων
3521 3889 3583 3942 τὸ
3616 3888 3790 3953 ἑστὼς
3824 3893 3923 3945 καὶ
3959 3892 4062 3961 μό-

2447 4000 2601 4053 νιμον
2627 3981 2786 4053 ἔχει),
2817 3984 2909 4036 καὶ
2935 3985 2993 4035 ὲν
3019 3986 3157 4055 αὐτῇ
3189 4002 3247 4037 τε
3290 3987 3356 4053 τῇ
3388 3984 3599 4054 γαλήνη
3626 3982 3720 4035 τοῦ
3740 3983 3889 4053 βίου.
3919 3985 4063 4039 πάν-

2443 4094 2551 4129 των
2606 4076 2758 4145 αὐτῷ
2812 4076 2957 4128 κατὰ
3005 4075 3133 4145 ῥοῦν
3179 4076 3522 4147 προϊόντων,
3580 4076 3679 4137 τὰς
3735 4077 4059 4143 μεταϐολὰς

2444 4158 2723 4235 ἐκδέξεται
2770 4184 2783 4197 ·
2836 4168 2931 4221 καὶ
2973 4168 3071 4238 οὐχ
3114 4167 3189 4231 ὡς
3244 4166 3538 4230 ἀθανάτοις
3588 4167 4061 4223 ὲπαναπαύσεται

2442 4265 2555 4325 τοῖς
2586 4262 2854 4332 παροῦσι’
2909 4263 3003 4316 καὶ
3034 4262 3092 4314 ὲν
3124 4265 3197 4332 τῇ
3248 4260 3685 4333 σκυθρωποτέρᾳ
3711 4264 4060 4317 καταστάσει

2443 4354 2544 4407 ούκ
2574 4354 2870 4406 ἀπελπίσει
2923 4355 3135 4419 ἑαυτὸν,
3183 4354 3279 4407 καὶ
3312 4358 3379 4423 τῇ
3424 4353 3594 4423 πολλῇ
3624 4353 3774 4423 λύπῃ
3807 4370 4066 4409 καταπο-

2446 4447 2511 4518 θῇ
2538 4464 2550 4478 ⁸
2596 4446 2735 4500 ἀλλὰ
2783 4447 2874 4500 τὸν
2921 4447 3047 4500 νοῦν
3095 4447 3233 4517 ἔχων
3279 4445 3472 4516 ὥσπερ
3501 4446 3626 4499 τινὰ
3677 4446 4061 4519 κυϐερνήτην,

730 4546 869 4600 culis
905 4542 1067 4596 docte
1106 4547 1328 4601 utatur,
1381 4536 1626 4589 carnalis
1675 4532 1942 4587 desiderii
1998 4532 2334 4601 cupiditates

2444 4540 2607 4591 οἱονεὶ
2641 4538 2828 4591 πλοίου
2869 4539 2965 4608 τῆς
2996 4537 3199 4607 σαρκὸς
3238 4533 3669 4607 κυριαρχοῦντα,
3726 4537 3823 4588 καὶ
3856 4536 4062 4606 ἐμπεί-

729 4648 995 4705 tanquam
1032 4647 1061 4683 a
1096 4630 1279 4683 valida
1332 4634 1663 4696 tempestate
1700 4626 1998 4689 excitatas,
2038 4623 2339 4678 sustinebit

728 4740 1025 4798 generose;
1066 4721 1269 4791 quibus
1307 4718 1565 4787 superior
1604 4718 1732 4781 erit,
1772 4716 1923 4769 nullo
1955 4715 2119 4769 modo
2147 4729 2339 4768 earum

730 4820 991 4872 ﬂuctibus
1036 4814 1374 4867 demersus:
1416 4820 1470 4864 et
1515 4824 1740 4879 semper
1783 4808 1889 4862 sibi
1918 4817 2190 4861 constans
2225 4815 2340 4860 sta-

730 4912 832 4975 bit,
863 4924 964 4963 nec
990 4910 1041 4961 in
1082 4904 1373 4976 prosperis
1413 4901 1661 4965 inﬂatus,
1708 4914 1806 4953 nec
1845 4898 2199 4954 demissusin
2225 4898 2342 4953 vad—

732 5005 927 5058 versis.

731 5098 826 5151 καὶ
884 5097 1073 5165 ὅμοιος
1133 5092 1231 5161 μὲν
1291 5090 1381 5142 ἀεὶ
1434 5089 1595 5151 αὐτὸς
1652 5086 1830 5155 ἐαυτῷ
1885 5085 2157 5164 διαμένει,
2218 5086 2345 5157 μήτ’
2385 5088 2753 5162 ἐπαιρόμενος
2810 5094 2866 5144 ἐν
2910 5093 3032 5153 ταῖς
3082 5088 3393 5161 εὐθυμίαις,

730 5198 786 5248 ἐν
816 5195 934 5255 ταῖς
967 5189 1302 5259 συμφοραῖς.

801 5287 967 5341 Vens.
1011 5284 1063 5338 ϐ.
1104 5280 1511 5335 Animaduerte:
1566 5278 1896 5349 parabolam
1932 5321 1944 5343 ,
1976 5288 2025 5331 et
2058 5278 2343 5332 obscurum

724 5392 1050 5441 sermonem,
1078 5387 1126 5429 et
1160 5375 1317 5429 verba
1357 5375 1659 5441 sapientum
1694 5384 1744 5426 et
1795 5375 2087 5442 (enigmata
2132 5389 2339 5426 eorum.

728 5477 1046 5544 Uognoscet
1079 5471 1267 5523 varios
1310 5484 1599 5524 sermones
1641 5485 1651 5519 :
1697 5468 2017 5537 parabolas,
2059 5483 2183 5536 qua:
2242 5484 2346 5538 Ope

730 5567 933 5623 similis
970 5565 1206 5635 cogniti,
1230 5565 1581 5633 incognitum
1610 5562 1797 5617 simile
1832 5570 2184 5627 monstrant;
2221 5578 2346 5615 ver-

731 5667 797 5720 ba
832 5663 1098 5725 obscura,
1143 5676 1266 5731 quae
1319 5660 1631 5715 sententias
1674 5665 1729 5711 et
1787 5656 2206 5726 intelligentiam
2256 5670 2347 5708 os-

732 5760 967 5814 tendunt
1007 5756 1218 5812 :verba
1254 5763 1570 5825 sapientum
1611 5750 2049 5822 profunditatem
2097 5749 2343 5803 scientia:

728 5857 1012 5924 habentia,
1056 5855 1161 5911 etsi
1209 5852 1364 5907 tnulti
1429 5852 1708 5904 negti-nant
1760 5864 1819 5901 se
1868 5848 2087 5900 illorum
2132 5846 2339 5899 intelli-

2444 4649 2549 4704 ρως
2598 4632 2727 4693 τοὺς
2773 4631 3092 4701 λογισμοὺς,
3147 4626 3260 4681 οἷον
3312 4630 3507 4693 οἴακας
3562 4629 4019 4698 περιστρέφοντα
4048 4668 4060 4692 ,

2439 4723 2509 4776 τά
2534 4739 2592 4773 τε
2619 4720 2695 4784 ὡς
2726 4721 2788 4773 ἐκ
2823 4738 2969 4782 τινος
3004 4720 3175 4788 ζάλης
3210 4717 3395 4788 βιαίας
3420 4717 3513 4770 τοῦ
3553 4715 3819 4787 σαρκικοῦ
3856 4719 4061 4785 φρονή-

2446 4831 2622 4883 ματος
2681 4815 3085 4882 ἐπεγειρόμενα
3145 4812 3254 4864 τῶν
3306 4810 3501 4866 παθῶν
3554 4810 3872 4879 κυματήσει
3935 4827 4062 4878 γενο

2443 4905 2610 4967 ναίως
2634 4921 2647 4933 ⁸
2676 4904 2773 4956 καὶ
2823 4903 3029 4973 ὑψηλὸς
3070 4902 3283 4964 τούτοις
3315 4903 3411 4955 καὶ
3450 4901 3818 4973 δυσπρόσιτος
3850 4900 4064 4961 ἔσεται,

2446 4999 2712 5067 μηδαμῶς
2753 4998 2852 5065 τῆς
2879 4998 2988 5049 ἀπο
3034 4996 3241 5049 τούτων
3277 4997 3459 5067 ἅλμης
3510 4994 4023 5063 ἀναπιμπλάμενος
4048 5016 4062 5031 ·

3481 5090 3621 5160 μήτε
3690 5091 4063 5144 καταπίπτων

2518 5286 2594 5344 ς’.
2632 5276 2861 5342 Norica
2918 5295 2980 5331 τε
3011 5274 3392 5345 παραϐολὴν,
3452 5276 3553 5331 καί
3602 5278 3940 5332 σκοτεινὸν
3960 5282 4063 5334 .ιό-

2446 5391 2579 5443 γον,
2621 5371 2843 5440 ῥήσεις
2872 5386 2937 5423 τε
2986 5369 3217 5440 σοφῶν,
3262 5370 3360 5423 καὶ
3402 5370 3747 5438 αἰνίγματα.
3784 5371 4063 5426 Γνώσεται

2446 5468 2501 5520 δὲ
2538 5457 2733 5533 λόγους
2787 5465 3205 5527 παντοδαποὺς,
3268 5462 3644 5534 παραϐολικόν
3692 5479 3753 5515 τε
3797 5463 4067 5533 δηλοῦντα

2446 5562 2536 5617 διὰ.
2591 5560 2686 5613 τοῦ
2762 5557 3179 5630 γινωσκομένου
3251 5558 3481 5628 ὁμοίου,
3548 5555 3610 5608 τὸ
3691 5556 4067 5628 ἀγνοούμενον

2448 5658 2635 5724 ὅμοιον
2662 5670 2675 5684 ’
2706 5654 2801 5705 καὶ
2833 5652 3047 5719 ἀσαφῆ,
3082 5653 3181 5722 τήν
3214 5668 3271 5702 τε
3305 5650 3467 5721 ρῆσιν
3507 5652 3600 5705 καὶ
3637 5650 3737 5719 τὴν
3777 5650 4027 5703 διάνοιαν
4051 5669 4062 5681 ·

2457 5746 2683 5822 ῥήματά
2712 5765 2771 5801 τε
2802 5746 2981 5815 σοφῶν
3015 5745 3180 5816 βάθος
3210 5744 3404 5815 ἔχοντα
3450 5744 3729 5812 γνώσεως,
3768 5744 3879 5797 κᾶν
3912 5744 4065 5814 νομίο

2454 5845 2657 5898 ξωνται
2704 5843 2817 5904 τοῖς
2864 5839 3082 5905 πολλοῖς
3132 5838 3276 5909 ἔχειν
3326 5839 3623 5911 πρόχειρον
3668 5838 3768 5907 τὴν
3818 5838 4057 5909 κατάλη-
