4238 6458
283 433 415 500 12:25

1317 421 1851 483 COMMENTARII
1894 415 1975 475 IN
2018 417 2470 475 I’ROVERBIA.

3393 414 3523 476 12Ξο

271 550 404 616 ψιν·
458 550 550 602 καὶ
598 551 929 614 αἰνίγματα,
986 543 1102 604 μετ’
1154 541 1500 609 ἐπικρύψεως
1553 535 1844 603 σημαίνον-

1964 533 2190 600 gentiam
2246 531 2529 598 possidere
2563 547 2575 580 :
2609 540 2659 581 et
2706 531 2990 595 a-nigmata
3033 528 3323 594 a'lrgorice
3371 533 3516 580 veri-

272 654 342 689 τα
368 639 468 708 τὴν
502 638 789 708 ἀλήθειαν·
840 629 913 687 ῶν
965 630 1347 701 παροιμιωδῶν
1400 629 1572 695 λόγων
1619 627 1845 695 ἀρκτέον

271 728 481 781 λοιπόν.

344 816 409 880 ζ’.
446 817 628 884 Ἀρχὴ
663 815 902 882 σοφίας,
935 815 1116 880 φόϐος
1152 812 1388 876 Κυρίου.
1428 808 1594 874 Ἀρχὴ
1642 807 1740 872 τῆς
1782 806 1847 857 δι’

273 907 422 974 ἡμᾶς
451 907 530 967 είς
574 904 713 956 ἐτττά
740 902 1081 968 πνευματικά
1112 901 1426 969 χαρίσματα
1468 896 1850 965 διαιρουμένης

276 994 492 1060 σοφίας,
539 993 828 1044 τελευταία
861 992 958 1058 μὲν
1008 992 1071 1041 ἐκ
1118 987 1273 1046 Θεοῦ,
1306 985 1578 1053 προσεχὴς
1611 984 1668 1034 δὲ
1697 984 1848 1049 ἡμῖν,

268 1086 301 1135 ό
334 1083 425 1134 τοῦ
453 1083 658 1151 Κυρίου
693 1081 856 1147 φόδος
908 1078 1084 1130 ἐστίν·
1120 1076 1176 1137 ὃς
1217 1075 1304 1126 διὰ
1339 1074 1434 1134 τάς
1483 1073 1590 1123 τῶν
1621 1069 1852 1122 αἰωνίων

274 1172 552 1224 κολάσεων
599 1168 850 1230 ἀπειλὰς,
892 1168 1109 1218 πάντων
1156 1181 1216 1216 τε
1251 1165 1484 1214 ποιεῖται
1533 1159 1641 1210 τῶν
1669 1159 1852 1209 κακῶν

275 1262 509 1332 ἀποχὴν,
544 1261 636 1313 καὶ
665 1260 766 1328 τῆς
797 1258 1259 1326 καταφρονήσεως
1291 1252 1584 1305 ἀπελαύνει
1615 1251 1712 1317 τὴν
1741 1248 1855 1298 πώ-

279 1368 468 1418 ρωσιν.
513 1349 631 1416 Ἀφ’
659 1344 721 1401 οὗ
753 1347 1081 1415 κινούμενοι,
1115 1343 1219 1412 ὁδῷ
1268 1360 1374 1395 τινι
1422 1344 1515 1392 καὶ
1541 1338 1687 1401 τάξει
1722 1352 1855 1404 προ-

271 1439 578 1500 ϐαίνοντες,
613 1438 701 1490 διά
748 1454 808 1488 τε
869 1436 1070 1503 ἰσχύος,
1110 1435 1230 1502 ἥτις
1262 1433 1349 1484 διά
1382 1433 1479 1499 τὴν
1518 1429 1705 1481 ἐλπίδα
1749 1427 1857 1478 τῶν

278 1530 642 1595 ἐπαγγελιῶν,
673 1527 952 1595 πρόθυμός
987 1529 1132 1577 ἐστιν
1174 1524 1318 1592 ὁρμὴ
1348 1525 1439 1573 καὶ
1473 1522 1686 1588 κίνησις
1723 1519 1858 1585 πρὸς

280 1621 564 1686 ἐνέργειαν
589 1618 698 1668 τῶν
727 1617 976 1675 ἐντολῶν,
1015 1616 1109 1664 καὶ
1134 1615 1230 1680 τῆς
1266 1611 1549 1672 ἀσθενείας
1577 1610 1816 1674 ἐξέλασις
1841 1623 1855 1635 ·

277 1707 377 1758 καὶ
430 1707 643 1775 βουλῆς,
671 1707 793 1772 ἣτις
826 1705 1063 1772 ὑπάρχει
1092 1702 1202 1766 ἕξις
1227 1702 1322 1768 τῆς
1347 1700 1668 1768 διακρίσεως
1691 1714 1706 1727 ·
1739 1690 1857 1750 καθ’

278 1800 345 1865 ἣν
378 1800 474 1849 σὺν
506 1797 646 1864 λόγῳ
673 1796 770 1855 τὰς
816 1795 965 1855 θείας
999 1793 1310 1859 πράττομεν
1337 1790 1575 1850 ἐντολάς,
1618 1789 1709 1840 καὶ
1751 1789 1860 1839 τῶν

279 1889 611 1954 κρειττόνων
655 1884 974 1952 διαιροῦμεν
1009 1887 1076 1936 τά
1107 1883 1324 1951 χείρονα
1351 1899 1363 1910 ·
1413 1883 1506 1932 καὶ
1531 1882 1860 1948 ἐπιστήμης,
1895 1864 1936 1917 Β

279 1978 404 2048 ἥτις
443 1980 560 2031 ἐστὶ
587 1980 685 2044 τῆς
726 1980 822 2045 μὲν
862 1976 1136 2038 ἀσεϐείας,
1166 1973 1384 2041 καὶτῆς
1427 1972 1512 2023 ἐπ’
1543 1972 1710 2039 αὐτῆς
1756 1972 1862 2023 τῶν

279 2074 462 2142 ἔργων
498 2069 853 2139 φαυλότητος,
902 2068 1178 2133 διωγμόςο
1229 2064 1336 2115 τῶν
1385 2064 1440 2115 δέ
1494 2064 1616 2115 κατ’
1663 2063 1862 2131 ἀρετὴν

281 2163 382 2232 τῆς
447 2163 695 2231 πράξεως
747 2163 962 2226 τρίπων
1020 2159 1265 2217 ἄπτωτος
1317 2155 1542 2222 εἴδησις,
1593 2155 1713 2206 καθ’
1773 2153 1864 2215 οὓς

279 2255 637 2323 πράττοντες,
681 2253 777 2318 τῆς
812 2251 976 2320 ὀρθῆς
1011 2249 1101 2300 τού
1135 2247 1293 2314 λόγου
1351 2245 1583 2315 κρίσεως
1616 2246 1864 2314 οὐδαμῶς

282 2347 650 2412 διαπίπτομεν
676 2359 690 2374 ·
739 2344 832 2394 καὶ
866 2341 1142 2408 γνώσεως,
1189 2339 1309 2406 ἥτις
1342 2337 1457 2387 ἐστὶ
1503 2335 1610 2386 τῶν
1652 2338 1708 2386 ἐν
1745 2337 1865 2397 ταῖς

280 2436 524 2498 ἐντολαῖς
570 2434 743 2500 λόγων
790 2431 1096 2500 περίληψις,
1142 2427 1263 2481 καθ’
1306 2426 1397 2489 οὒς
1445 2429 1494 2478 οἱ
1536 2427 1722 2496 τρόποι
1756 2426 1865 2477 τῶν

282 2526 495 2597 ἀρετῶν
528 2526 943 2592 συνεστήκασιν,
975 2521 1337 2588 ἀναϐαίνομεν
1373 2521 1506 2588 πρὸς
1553 2519 1651 2586 τῆς
1675 2518 1866 2586 σοφίας

278 2620 346 2670 τὸ
386 2617 562 2678 τέλος,
596 2617 693 2686 τὴν
733 2617 966 2679 σύνεσιν,
1009 2615 1131 2682 ἥτις
1163 2614 1310 2663 ἐστὶν
1336 2611 1620 2680 ἀφαίρεσίς
1659 2627 1718 2662 τε
1767 2611 1869 2675 τῆς

279 2703 827 2773 ἀνεπιγνωμοσύνης,
867 2706 959 2755 καὶ
992 2700 1394 2768 συγκατάθεσις
1429 2701 1564 2767 πρὸς
1594 2699 1866 2767 τούςτρό-

284 2816 423 2860 πους
458 2798 553 2850 καὶ
595 2797 722 2858 τοὺς
766 2797 960 2863 λόγους
1001 2795 1112 2846 τῶν
1166 2794 1376 2864 ἀρετῶν
1401 2810 1413 2822 ·
1467 2793 1500 2862 ἦ
1538 2792 1869 2861 κυριώτερον

221 2880 226 2887 ’
282 2889 482 2950 εἰπεῖν,
519 2888 881 2956 μεταποίησις
917 2887 1038 2939 καθ’
1070 2887 1136 2958 ην
1168 2886 1305 2956 πρὸς
1338 2887 1463 2947 τούς
1505 2885 1737 2952 τρόπους
1777 2883 1870 2936 καὶ

281 2976 413 3036 τοὺς
455 2976 645 3040 λόγους
691 2974 801 3025 τῶν
859 2975 1110 3040 ἐντολῶν,
1162 2974 1459 3043 σύγκρασις
1506 2976 1714 3041 γίνεται
1761 2973 1870 3026 τῶν

281 3066 534 3134 φυσικῶν
580 3066 884 3134 δυνάμεων,
935 3065 1218 3134 τηρουσῶν
1267 3065 1364 3126 τάς
1406 3065 1623 3127 ἐντολὰς
1669 3066 1732 3117 οὐ
1781 3064 1871 3117 διά

284 3158 386 3220 τὰς
449 3157 703 3222 ἀπειλὰς,
769 3158 801 3226 ἢ
851 3158 940 3210 διὰ
993 3162 1090 3220 τάς
1155 3156 1520 3223 ἐπαγγελίας,
1580 3157 1716 3209 ἀλλά
1779 3156 1868 3210 διά

285 3249 346 3304 τὸ
377 3251 710 3305 οἰκειοῦσθαι
751 3252 976 3314 ταύτας,
1009 3251 1088 3314 ὡς
1134 3250 1478 3318 παναγάθους
1511 3251 1652 3303 κατὰ
1684 3250 1864 3302 διάθε-
1894 3230 1937 3286 C

285 3359 394 3397 σιν.

357 3436 613 3500 Σύνεὰις
645 3437 712 3489 δὲ
753 3436 947 3504 ἀγαθὴ
991 3435 1139 3490 πᾶσι
1184 3437 1311 3504 τοῖς
1349 3437 1632 3491 ποιοῦσιν
1654 3437 1866 3504 αὐτὴν.

283 3528 361 3579 ’Ἡ
374 3545 457 3590 τις
491 3529 706 3591 σύνεσις
742 3532 882 3597 καλὴ
908 3531 1122 3593 πάντως
1147 3532 1290 3583 ἐστὶν
1325 3532 1497 3583 ἅπασι
1527 3533 1636 3593 τοῖς
1666 3531 1870 3593 ταύτην

278 3619 702 3687 ἐργαζομένοις,
751 3624 807 3672 ἐν
848 3623 924 3689 τῷ
977 3622 1236 3691 ’πράττειν
1286 3623 1664 3690 ἐπιστημόνως
1696 3625 1872 3675 πάντα

279 3709 351 3761 τά
379 3707 498 3760 θεῖα
536 3709 838 3779 θελήματα,
874 3710 991 3780 μεθ’
1023 3713 1088 3782 ἣν
1116 3714 1408 3782 προσεχεῖς
1439 3712 1587 3780 αὐτῷ
1609 3712 1873 3780 γινόμεθα

279 3800 361 3867 τῷ
399 3799 554 3869 Θεῷλ
595 3803 690 3869 τῆς
727 3805 862 3869 πρὸς
887 3805 1050 3855 αὐτὸν
1081 3803 1326 3867 ἐνώσεως
1362 3804 1529 3874 μόνην
1560 3805 1874 3874 μεσιτεύον-

282 3907 384 3941 σαν
415 3891 632 3959 ἔχοντες
676 3897 772 3960 τὴν
796 3894 953 3961 ἡμῶν
993 3895 1091 3963 μὲν
1132 3895 1347 3964 πόρρω,
1390 3895 1508 3965 Θεῷ
1536 3896 1592 3948 δὲ
1633 3897 1872 3966 προσεχῆ

283 3983 513 4048 σοφίαν,
563 3984 687 4053 ἦτις
739 3986 974 4054 ὑπάρχει
1024 3986 1124 4054 τῆς
1180 3987 1279 4054 μέν
1314 3988 1501 4049 ἀνοίας
1554 3989 1869 4056 ἀναίρεσις,

279 4075 390 4126 τῶν
435 4075 492 4126 δὲ
550 4077 608 4128 ἐν
655 4081 776 4139 ταῖς
819 4078 1066 4141 ἐντολαῖς
1121 4081 1651 4150 πνευματικωτέρων
1700 4081 1873 4148 λόγων

278 4168 540 4230 ἀνάλυσις
567 4171 717 4238 ’πρὸς
756 4173 854 4239 τὴν
883 4173 1064 4224 αἰτίαν
1108 4172 1203 4225 καὶ
1237 4173 1430 4234 ἕνωσις
1455 4189 1466 4200 ·
1497 4174 1874 4236 ἀναϐαίνοντες

280 4257 389 4325 γὰρ
431 4257 520 4310 διὰ
571 4260 681 4310 τῶν
732 4261 1047 4330 εἰρημένων
1101 4263 1304 4331 ἐτέρων
1357 4263 1743 4331 πνευματικῶν
1779 4281 1870 4331 χα-

281 4351 589 4420 ρισμάτων,
653 4353 1001 4422 συναγόμεθα
1063 4353 1199 4422 πρὸς
1229 4347 1326 4419 τὴν
1360 4353 1509 4406 θείαν
1550 4355 1649 4423 τῆς
1683 4356 1872 4422 σοφίας

283 4444 526 4511 μονάδα·
575 4445 674 4513 τὴν
711 4447 1091 4514 γεγενημένην
1131 4446 1196 4497 δι’
1247 4446 1393 4514 ἡμᾶς
1433 4446 1539 4498 τῶν
1590 4449 1871 4516 χαρισμά-

1951 629 2118 674 tatem
2163 620 2570 682 monstrantia;
2607 629 2663 671 et
2707 620 2806 671 hoc
2848 619 3237 684 parabolarmn
3275 619 3517 671 initium.

2024 798 2190 853 Vens.
2234 799 2283 852 7.
2334 798 2670 865 Principium
2713 798 3027 863 sapientior,
3086 797 3246 846 timor
3292 797 3522 848 Domini.

1955 887 2292 956 Principium
2329 889 2499 950 illius,
2528 905 2648 957 qua:
2675 903 2703 939 a
2745 888 2904 942 nobis
2937 891 2990 940 in
3019 896 3230 954 septem
3266 890 3525 955 spiritua-

1955 982 2023 1033 lia
2063 981 2396 1034 charismata
2455 980 2763 1044 dividitur,
2808 980 3121 1048 sapientiae,
3165 978 3414 1031 ultimum
3462 996 3525 1032 ex

1955 1082 2111 1141 parte
2148 1071 2264 1137 Dei,
2310 1073 2551 1140 primum
2595 1086 2726 1125 vero
2753 1085 2852 1139 pro
2889 1071 3071 1132 nobis,
3111 1080 3195 1123 est
3231 1070 3394 1121 timor
3426 1070 3530 1121 Do-

1957 1162 2130 1226 mini;
2172 1161 2265 1231 qui
2313 1177 2439 1224 nos,
2480 1177 2577 1231 per
2615 1169 2947 1215 aeternorum
2993 1162 3391 1230 suppliciorum
3433 1164 3530 1214 mi-

1959 1264 2082 1312 nas.
2119 1252 2188 1304 ah
2217 1250 2480 1304 onmihus
2523 1259 2766 1303 avertere
2797 1248 2933 1301 facit
2967 1249 3139 1312 vitiis,
3175 1257 3231 1301 et
3284 1258 3531 1300 contem-

1958 1350 2085 1410 ptus
2116 1342 2270 1410 fugat
2295 1341 2574 1394 duritiam.
2611 1342 2715 1405 Qui
2738 1356 2868 1394 vero
2900 1340 3002 1394 hoc
3026 1342 3223 1394 timore
3245 1355 3534 1393 moventur

1959 1429 2195 1496 quadam
2228 1430 2317 1483 via
2352 1437 2408 1483 et
2437 1430 2630 1483 ordine
2673 1431 2983 1492 ambulant,
3017 1446 3120 1498 ope
3165 1430 3532 1493 fortitudinis,

1962 1536 2081 1589 qua:
2114 1531 2199 1575 est
2238 1535 2566 1589 generosum
2619 1523 2955 1575 desiderium
2998 1531 3049 1575 et
3080 1532 3261 1576 motus
3289 1524 3351 1575 ad
3393 1539 3533 1591 pra:-

1962 1619 2240 1680 ceptorum
2263 1611 2657 1678 implclionem,
2677 1620 2898 1680 propter
2917 1612 3534 1679 spempromissionum.

1963 1711 2018 1756 et
2049 1703 2225 1756 morbi
2261 1701 2507 1770 iugatio:
2552 1715 2654 1770 ope
2696 1703 2945 1761 consilii.
2991 1703 3134 1769 quod
3190 1713 3274 1755 est
3319 1704 3536 1755 habitus

1965 1792 2319 1845 discretionis
2361 1809 2374 1843 :
2422 1807 2518 1859 per
2567 1807 2728 1862 quam
2779 1808 2903 1845 cum
2947 1793 3158 1859 judicio
3210 1793 3395 1844 divina
3438 1795 3538 1844 im-

1965 1884 2177 1952 plemus
2209 1894 2502 1952 praecepta.
2554 1891 2607 1936 et
2650 1883 2853 1936 bonum
2896 1899 2924 1934 a
2969 1885 3116 1936 malo
3149 1885 3534 1936 secernimus:

1964 1991 2069 2044 ope
2118 1977 2384 2038 scientiaa,
2432 1989 2554 2043 quae
2609 1981 2694 2027 est
2742 1975 3063 2041 impietatis,
3111 1982 3163 2026 et
3206 1988 3436 2042 Operum
3471 1973 3537 2024 ah

1966 2065 2057 2118 illa
2101 2065 2373 2124 factorum
2401 2105 2416 2130 ,
2455 2064 2753 2133 expulsio;
2802 2070 2857 2115 et
2905 2077 3095 2115 eorum
3133 2077 3254 2131 qua:
3301 2061 3536 2114 solidam

1967 2157 2186 2209 virtutis
2237 2162 2487 2224 spectant
2564 2154 3052 2214 exercitationem,
3103 2152 3348 2222 cognitio
3399 2170 3410 2204 ε
3451 2169 3542 2219 per

1966 2260 2061 2298 eas
2106 2255 2355 2315 agentes,
2403 2262 2431 2298 a
2489 2254 2638 2299 recto
2667 2244 2885 2298 consilii
2920 2243 3160 2311 judicio,
3197 2245 3349 2298 nullo
3378 2247 3541 2297 moulu

1966 2337 2254 2393 delicinms
2281 2359 2294 2393 :
2327 2353 2428 2408 ope
2461 2338 2860 2408 intelligentiae,
2892 2352 3013 2406 qua:
3033 2347 3118 2393 est
3146 2345 3433 2407 praecepto:
3455 2355 3540 2390 um

1967 2430 2444 2500 interpretationis
2494 2430 2710 2494 noutia,
2747 2444 2842 2497 per
2879 2444 3042 2498 quam
3090 2430 3227 2482 varii
3263 2431 3404 2482 modi
3435 2432 3543 2480 vir-

1967 2527 2143 2572 tutum
2184 2521 2496 2585 lirmantur,
2529 2521 2876 2574 ambulamus
2905 2521 2970 2573 ad
3010 2521 3290 2589 sapientiae
3330 2520 3545 2590 periei--

1970 2611 2198 2675 tionem,
2235 2612 2287 2665 id
2329 2622 2432 2674 est,
2472 2612 2820 2680 prudentiam
2852 2630 2865 2677 ;
2897 2628 3018 2682 qua:
3044 2625 3128 2665 ρει
3163 2613 3546 2681 imprudentie

1943 2702 2194 2768 ablatio.
2226 2716 2279 2757 et
2315 2704 2601 2758 modorum
2679 2705 3064 2775 rationumque
3111 2709 3371 2759 virtutum
3423 2700 3546 2760 susi-

1970 2793 2172 2860 ceptio.
2201 2791 2286 2852 Et,
2318 2803 2375 2844 ut
2411 2808 2507 2861 pro
2549 2808 2769 2860 semper
2802 2793 3004 2853 dicam,
3052 2796 3310 2854 mutatio,
3345 2811 3450 2863 qua
3482 2800 3546 2848 ιλιι

1971 2886 2166 2940 modus
2222 2887 2574 2953 rationesque
2615 2889 2907 2947 virtutum,
2961 2885 3054 2938 ﬁat
3092 2887 3288 2939 mixtio
3326 2899 3546 2940 natura-

1971 2975 2103 3027 lium
2139 2978 2531 3045 potentiarum,
2561 2992 2681 3045 quite
2712 2980 3010 3031 observent
3043 2992 3314 3048 praecepta
3345 2996 3453 3034 non
3481 2999 3550 3035 ο.»

1971 3069 2151 3122 minas
2193 3076 2287 3121 aut
2340 3071 2758 3136 promissiones,
2811 3073 2907 3124 sed
2956 3071 3070 3126 haec
3118 3073 3250 3135 duo,
3288 3085 3546 3143 tanquam

1973 3162 2179 3231 optima
2226 3163 2534 3217 secundum
2573 3164 2954 3229 dileCtionem,
2991 3165 3398 3231 amplectemlo.

2045 3444 2409 3516 Inlelligentia
2461 3447 2597 3501 bona
2635 3449 2879 3502 omnibus
2917 3451 3246 3516 facientibus
3297 3469 3438 3506 eam.
3476 3453 3550 3506 lix

1971 3538 2360 3591 observatione
2406 3538 2567 3592 docta
2612 3540 2922 3594 divinarum
2969 3543 3337 3601 voluntatum.
3386 3545 3554 3598 datur

1975 3630 2115 3683 bona
2165 3631 2557 3700 intelligentia,
2592 3635 2853 3687 omnibus
2901 3636 3049 3688 illam
3089 3637 3420 3704 sapientiam
3457 3653 3552 3690 co-

1974 3721 2236 3781 lentibus.
2283 3740 2393 3794 qua
2433 3727 2668 3793 proximi
2722 3727 2831 3782 Deo
2879 3731 2979 3799 ipsi
3019 3731 3333 3786 elﬁcimur:
3380 3743 3431 3786 et
3477 3736 3551 3787 illi

1973 3813 2393 3883 conjungimur,
2441 3818 2557 3870 sola
2600 3817 2850 3886 juvante,
2892 3837 3012 3890 qua!
3043 3837 3071 3874 a
3115 3824 3277 3876 nobis
3319 3834 3550 3886 remota,

1974 3902 2088 3961 Deo
2146 3916 2331 3961 autem
2383 3911 2634 3979 proxima
2689 3923 2792 3976 est,
2827 3917 3094 3984 sapientia
3134 3937 3144 3971 :
3181 3934 3322 3987 qua‘,
3369 3922 3554 3973 stulti-

1975 3997 2063 4049 tia:
2108 4000 2363 4058 remotio.
2407 4009 2460 4052 et
2509 4000 2884 4068 spiritualium
2931 4005 2984 4057 in
3028 4017 3298 4075 prmeepla
3346 4024 3553 4060 sermo-

1976 4098 2130 4147 num,
2161 4095 2246 4140 est
2278 4088 2545 4142 resolutio
2584 4098 2637 4143 et
2667 4092 2967 4160 synthesis.
3004 4095 3139 4149 Cum
3174 4097 3320 4150 enim
3359 4102 3553 4150 ambu-

1977 4179 2157 4233 lamus
2191 4183 2501 4235 secundum
2535 4183 2684 4238 dicta
2713 4186 2819 4239 alia
2858 4187 3196 4241 charismata
3217 4190 3553 4259 spiritualia,

1971 4268 2256 4339 jungimur
2289 4271 2501 4326 Divina:
2543 4276 2764 4330 monadi
2795 4279 3100 4347 sapientiae,
3128 4289 3181 4333 et
3225 4297 3317 4347 per
3352 4282 3556 4334 distin-

1977 4361 2215 4415 ctionem
2251 4378 2278 4415 a
2310 4365 2468 4419 nobis
2493 4364 2693 4421 factam
2739 4369 3163 4436 charismatum,
3197 4375 3556 4445 intelligimus

1978 4454 2222 4509 rationes
2273 4471 2462 4510 eorum
2509 4474 2679 4513 :nam
2715 4463 2993 4529 sapientia
3039 4480 3233 4518 monas
3274 4478 3377 4527 est,
3432 4485 3556 4521 cum

279 4535 390 4588 των
423 4535 712 4604 διαίρεσιν,
753 4536 891 4606 πρὸς
919 4536 1016 4606 τὴν
1047 4537 1250 4588 τούτων
1285 4537 1472 4588 αἰτίαν
1507 4538 1832 4603 συνάγοντες
1858 4555 1868 4566 ⁸

1980 4543 2151 4597 variis
2183 4545 2252 4597 ab
2294 4561 2356 4598 ea
2391 4549 2689 4605 virtutibus
2721 4561 2895 4606 totum
2928 4555 3263 4612 indivisibile
3290 4558 3554 4622 emt-iens;

281 4627 474 4691 ἐπειδὴ
498 4627 530 4696 ή
554 4628 734 4695 ’σοφία
772 4628 940 4697 μονάς
974 4629 1113 4689 ἐστι,
1151 4626 1248 4688 τὰς
1297 4626 1356 4690 ἐξ
1394 4628 1559 4696 αὐτῆς
1593 4628 1872 4697 διαφόροις

279 4716 503 4785 ἀρεταῖς
538 4717 804 4786 ἀτμήτως
833 4716 1243 4787 ἐνθεωρουμένη
1267 4732 1280 4744 ·
1307 4717 1402 4769 καὶ
1440 4717 1726 4785 μονοειδῶς
1761 4718 1878 4775 ταῖς

279 4809 391 4860 τῶν
415 4808 556 4861 ὅλων
583 4809 798 4880 ἀρετῶν
825 4809 1130 4879 ἐνεργείαις
1166 4810 1552 4878 ἐπινοουμένη,
1587 4810 1706 4871 ταῖς
1741 4809 1877 4877 πρὸς

279 4899 455 4970 αὐτὴν
484 4900 594 4951 τῶν
628 4900 688 4966 ἐξ
717 4900 892 4968 αὐτῆς
917 4900 1129 4969 ἀρετῶν
1169 4901 1702 4960 ἀποκαταστάσεσιν,
1747 4900 1877 4950 ὅταν

277 4993 447 5057 ἡμεῖς
503 4990 572 5041 δι’
628 4988 725 5054 οὓς
774 4989 918 5042 κατὰ
972 4990 1068 5060 τὴν
1123 4992 1359 5060 ἑκάστης
1411 4989 1614 5057 ἀρετῆς
1656 4990 1870 5056 γένεσιν

279 5086 519 5137 ποιεῖται
553 5084 655 5154 τὴν
684 5083 934 5154 πρόοδον,
966 5083 1306 5146 ἀνατατικῶς
1342 5085 1408 5136 δι’
1445 5085 1688 5153 ἑκάστης
1727 5084 1866 5152 πρὸς

277 5177 455 5244 αὐτὴν
485 5176 838 5245 ωναγόμεθα
863 5195 878 5208 ·
915 5177 1038 5230 καθ’
1072 5178 1138 5248 ἢν
1167 5177 1380 5241 σοφίαν,
1417 5179 1715 5245 ἀγνώστως
1743 5180 1868 5241 τοὺς

280 5269 338 5320 ἐν
367 5266 491 5337 Θεῷ
523 5268 664 5320 κατά
709 5267 772 5322 τὺ
812 5268 1034 5340 θεμιτὸν
1070 5269 1380 5338 ἀνθρώποις
1409 5270 1599 5332 ἁπλῶς
1624 5273 1868 5339 μυούμε-

276 5378 382 5422 νοι,
415 5361 525 5414 τῶν
560 5361 731 5416 ὄντων
761 5362 951 5431 λόγους
978 5363 1206 5426 πολλοὺς
1245 5365 1335 5415 καὶ
1385 5364 1661 5425 ποικίλους
1691 5367 1752 5416 ἐκ
1774 5365 1869 5431 τῆς

279 5452 390 5505 τῶν
421 5453 704 5524 αἰσθητῶν
735 5473 796 5508 τε
828 5457 922 5509 καὶ
951 5456 1158 5523 νοητῶν
1185 5456 1385 5508 οὐσιῶν
1415 5456 1587 5523 σοφῆς
1616 5457 1871 5525 θεωρίας,

280 5543 527 5608 εὐσεϐεῖς
601 5548 732 5618 περὶ
793 5550 894 5616 τῆς
959 5548 1088 5617 ὅλης
1173 5547 1434 5615 ἀληθείας
1505 5546 1874 5614 ἀποδώσωμεν

1978 4645 2032 4687 et
2061 4635 2416 4691 uniformiter
2454 4640 2506 4692 in
2544 4642 2793 4696 omnium
2832 4646 3098 4699 virtutum
3140 4649 3358 4703 actibus
3402 4665 3554 4703 com-

1977 4726 2339 4792 prehenditur
2392 4730 2504 4791 illa,
2560 4733 2907 4788 restituendo
2958 4737 3062 4805 ipsi
3109 4739 3343 4793 virtutes
3383 4740 3451 4794 ab
3497 4758 3558 4795 ea

1976 4817 2245 4882 oriunilaa,
2281 4823 2524 4889 quando,
2563 4840 2663 4878 nos
2693 4827 2842 4880 varie
2866 4830 3170 4883 secundum
3197 4847 3562 4903 unamquam-

1976 4922 2082 4974 que
2139 4909 2397 4963 virtutem
2456 4916 2898 4982 progredientes,
2953 4934 3045 4984 per
3099 4919 3349 4989 singulas
3397 4921 3444 4972 vi
3491 4925 3557 4977 ad

1975 5014 2094 5052 eam
2145 5005 2506 5058 acressimus.
2552 5005 2655 5059 Per
2707 5008 2850 5061 hanc
2903 5012 3264 5079 sapientiam,
3315 5015 3551 5084 sapienti

1968 5095 2342 5162 corporalium
2380 5106 2434 5151 et
2469 5098 2929 5155 iutellectualimn
2963 5119 3145 5157 rermn
3177 5105 3558 5168 meditatione.

1968 5191 2028 5237 ut
2075 5186 2397 5243 hominibus
2429 5194 2713 5255 convenit,
2769 5195 3057 5250 iniliamur
3120 5201 3347 5260 indocti,
3393 5201 3563 5252 multa

1968 5277 2234 5347 variaque
2300 5297 2484 5335 rerum
2535 5283 2588 5336 in
2626 5283 2737 5339 Deo
2782 5287 3165 5357 intelligentia,
3198 5298 3251 5342 et
3285 5293 3364 5344 sic
3400 5292 3562 5360 piam,

1973 5368 2119 5422 circa
2168 5386 2386 5426 omnem
2441 5376 2727 5429 veritatem
2771 5379 3137 5434 ostendemus
3195 5360 3565 5451 cognitionem

1983 5474 2147 5527 quam
2198 5466 2457 5518 omnibus
2504 5465 2823 5522 hominibus
2877 5472 3040 5523 modo
3089 5473 3263 5538 vario,
3299 5489 3362 5528 ex
3403 5474 3568 5526 corde

1988 5562 2250 5620 tanquam
2289 5563 2562 5612 crescenti
2603 5561 2772 5625 fonte,
2804 5564 3124 5618 olli-remus.

280 5636 472 5705 λόγους
499 5654 511 5666 ο
543 5639 808 5703 ποικίλοις
852 5640 1056 5709 ταύτης
1090 5642 1161 5703 ῶς
1211 5641 1274 5693 εκ
1303 5657 1447 5702 τινος
1478 5639 1886 5710 βλαστανούσης
1930 5649 2110 5715 πηγῆς
2142 5649 2241 5719 τῆς
2275 5653 2524 5721 καρδίας,
2570 5657 2682 5718 τοῖς
2712 5656 2892 5720 ἄλλοις
2960 5659 3269 5727 ἀνθρώποις
3332 5658 3578 5730 προσφέ,

317 5745 490 5780 οντες.

317 5745 490 5792 οντες.

277 5745 312 5798 ρ
347 5823 645 5876 Εὑσέϐεια
673 5824 741 5877 δὲ
785 5827 872 5889 εὶς
904 5827 1074 5886 Θεὸν,
1109 5826 1265 5894 ἀρχὴ
1313 5827 1673 5893 αἰσθήσεως.
1705 5827 1874 5881 Εὐσέ-

573 5922 844 5982 Pn'uoL.
876 5923 989 5983 Gn.
1029 5926 1172 5984 LXX
1191 5924 1375 5986 Xl'il.

2061 5829 2242 5884 Pietas
2276 5833 2329 5883 in
2379 5832 2562 5901 Deum,
2595 5837 2912 5904 principium
2949 5839 3331 5905 intelligentia’.
3398 5834 3569 5887 Picta“

3071 5935 3147 5992 39
