4238 6458
731 407 855 470 .1231

2025 387 2367 447 i‘liUCUl’li
2410 387 2645 446 GAZ/EI

3861 374 4000 438 1232

724 518 1078 577 facultatibus
1146 514 1360 572 animae,
1386 509 1439 562 in
1483 520 1588 576 qua
1629 504 1854 559 verbum
1882 500 2146 571 regimine
2172 511 2304 567 gau-

2431 514 2525 550 rsot
2553 499 2647 566 τῆς
2671 498 2870 567 ψυχῆς,
2905 497 2960 549 ἓν
3074 497 3103 547 ὁ
3127 495 3294 564 ,λόγος
3343 493 3400 544 τὸ
3450 493 3758 561 πολίτευμα
3793 490 3962 558 κέκτη

728 614 836 669 dot.
878 609 1109 661 libenter
1131 603 1348 656 edocet.

799 702 958 753 Vens.
1005 695 1096 750 2‘2.
1123 694 1407 759 Quousque
1425 686 1633 754 parvuli
1656 682 2020 752 repugnabunt
2045 678 2299 747 justitta',

728 811 830 846 non
864 791 1154 859 pudebunt.
1204 783 1340 847 Quia
1401 778 1612 848 parvuli
1641 779 1786 831 circa
1809 789 1872 829 ea
1903 787 2026 842 qua:
2055 769 2302 825 doctrina

728 885 946 938 virtutis
979 885 1380 939 monstrantur,
1406 870 1737 941 usquedum,
1776 866 2047 920 malorum
2077 875 2304 932 operum

732 979 955 1048 pudore,
973 969 1306 1027 transitoriis
1323 963 1851 1031 stabilia,utjustum
1866 966 1974 1022 est,
1991 954 2304 1028 praeferant,

733 1082 837 1120 non
875 1061 1251 1131 acquiescant.

798 1241 961 1295 Vens.
985 1239 1076 1293 25.
1103 1235 1369 1291 lnsensati
1427 1247 1572 1293 vero,
1614 1229 1897 1296 infamiam
1923 1225 2308 1281 desiderantes,

730 1346 778 1388 et
809 1335 956 1401 impii
987 1331 1140 1399 facti,
1166 1328 1389 1381 oderunt
1421 1324 1744 1381 doctrinam,
1769 1330 1818 1373 et
1854 1315 2309 1386 increpationibus

732 1426 947 1479 obnoxii
1013 1423 1142 1490 [acti
1205 1429 1351 1474 sunt.
1411 1415 1665 1480 Quivero
1706 1412 1874 1466 Deum
1923 1411 1977 1464 in
2008 1407 2173 1464 corde
2203 1420 2309 1459 non

735 1519 939 1576 lerunt.
967 1515 1276 1581 iniquarum
1335 1504 1696 1575 cupiditatum
1738 1499 2138 1570 turpitudinem
2169 1495 2312 1550 desi-

734 1614 941 1668 rantes,
963 1601 1286 1658 rationalem
1308 1597 1436 1651 boni
1466 1594 1704 1662 malique
1730 1589 2121 1644 discretionem
2158 1586 2314 1653 abje-

732 1708 945 1762 cerunl,
975 1695 1223 1749 nolentes
1245 1689 1411 1744 Deum
1435 1687 1597 1741 bonis
1642 1683 1902 1751 operibus
1928 1680 2239 1741 honorare;
2262 1684 2316 1730 et

2405 608 2512 654 ται,
2554 589 3135 659 πεπαρρησίασμένως
3171 586 3437 640 διδάσκει.

2477 679 2579 746 κβ.
2610 679 2800 730 Ὅσον
2837 677 2915 729 ἂν
2956 677 3179 743 χρόνον
3221 674 3431 726 ἄκακοι
3479 671 3723 740 ἔχονται
3770 668 3880 734 τῆς
3908 667 3992 720 δι-

2407 771 2736 835 καιοσύνης
2758 811 2771 832 ,
2802 771 2914 821 οὐκ
2959 765 3500 833 αὶσχυνθήσονται.
3531 763 3655 814 Ὅτι
3697 760 3802 823 ἕως
3846 760 3914 812 ἄν
3945 760 4000 811 ot

2407 861 2534 930 περὶ
2576 860 2644 911 τὰ
2695 857 2929 928 αἰσθητά
2981 856 3102 909 κατ’
3126 855 3382 922 αἴσθησιν
3433 853 3740 922 ἐνεργείας,
3796 850 4000 911 κακίας

2407 949 2728 1019 ἀμέθεκτοι,
2759 947 3116 1018 προκρίνουσι
3143 943 3371 1004 δικαίως
3402 941 3511 994 τῶν
3535 939 3892 1010 προσκαίρων
3927 940 3998 990 τὰ

2412 1040 2615 1110 μόνιμα
2647 1040 2714 1106 τῇ
2751 1036 2843 1089 ἐπὶ
2869 1039 2982 1098 τοῖς
3017 1034 3203 1104 ἔργοις
3226 1032 3326 1102 τῆς
3359 1030 3585 1100 ἀτιμίας
3617 1028 3873 1097 αἰσχύνῃ,
3899 1028 4003 1095 οὐχ

2413 1144 2588 1180 υποπε
2597 1142 2816 1178 σουνται
2827 1165 2839 1177 .

2481 1219 2587 1286 κγ’.
2629 1219 2694 1270 Ol
2728 1216 2796 1270 δὲ
2825 1216 3104 1284 ἄφρονες,
3127 1211 3239 1280 τῆς
3268 1211 3492 1279 ὕϐρεως
3513 1208 3692 1275 ’ὄντες
3717 1208 4006 1276 ἐπιθυμη-

2410 1311 2527 1375 ταί,
2561 1307 2798 1373 ἀσεϐεῖς
2842 1308 3174 1376 γενόμενοι,
3211 1303 3520 1373 ἐμίσησαν
3559 1301 3875 1365 αίσθησιν,
3900 1300 4003 1351 καὶ

2411 1401 2740 1456 ὑπεύθυνοι
2777 1398 3059 1466 ἐγένοντο
3096 1396 3391 1463 ἐλέγχοις.
3434 1395 3496 1446 0t
3529 1392 3587 1444 δέ
3616 1391 3752 1443 θεὸν
3777 1392 3834 1443 ἐν
3864 1408 4007 1457 καρ-

2412 1493 2500 1562 δίᾳ
2559 1491 2634 1561 μὴ
2687 1489 3101 1561 περιφέροντες,
3133 1487 3232 1554 τῆς
3285 1488 3350 1539 ἐκ
3397 1485 3510 1537 τῶν
3557 1482 4010 1551 διαϐεϐλημένων

2415 1581 2604 1634 παθῶν
2635 1579 2846 1651 ῦϐρεως
2882 1579 3242 1648 όρεγόμενοι’,
3273 1575 3376 1644 τὴν
3405 1575 3550 1626 κατά
3592 1573 3755 1639 λόγον
3780 1571 3876 1624 τοῦ
3912 1588 4013 1622 κα-

2416 1670 2510 1724 λοῦ
2544 1672 2638 1724 καὶ
2672 1669 2768 1724 τοῦ
2797 1668 2970 1723 κακοῦ
2999 1669 3274 1738 διάκρισιν
3319 1664 3754 1734 ἀπεστράφησαν
3778 1678 3794 1694 ο
3836 1663 4012 1730 τιμᾷν

734 1793 830 1856 ita,
865 1790 982 1845 suis
1011 1784 1212 1856 iniquis
1233 1782 1545 1837 actionibus
1569 1775 1791 1832 obnoxii
1814 1769 2317 1828 ﬁuntconscientiae

2431 1763 2510 1816 τὸν
2533 1763 2668 1816 Θεὸν
2699 1763 2768 1815 δι’
2791 1761 3014 1830 ἀγαθῶν
3048 1760 3227 1832 ἐργων
3262 1757 3338 1828 μὴ
3366 1756 3696 1827 θελήσαντες
3719 1771 3733 1785 ⁸
3769 1752 4008 1808 κάντεῦο

735 1840 1207 1949 increpationibus
1238 1871 1376 1941 apud
1433 1867 1757 1938 sapientiam
1787 1902 1802 1928 ,
1849 1877 1970 1932 qua
2022 1859 2090 1915 ad
2127 1873 2314 1914 eorum

2431 1855 2512 1908 θεν
2555 1855 2732 1924 ἔνοχοι
2776 1855 2891 1916 τοῖς
2924 1852 3075 1923 παρά
3118 1849 3313 1918 σοφίας
3355 1848 3454 1901 ἐπὶ
3503 1848 3627 1910 ταῖς
3675 1844 4014 1914 παραλόγοις

737 1973 974 2025 animam
1011 1968 1091 2025 sic
1145 1963 1406 2033 loquitur.

841 2166 978 2219 Ecce
1009 2177 1283 2218 occurram
1319 2158 1462 2213 vobis
1488 2156 1706 2224 spiritus
1725 2153 1826 2206 mei
1851 2150 2038 2224 verbis.

844 2241 925 2290 En
967 2234 1236 2302 proferam
1271 2229 1568 2302 doctrinam
1600 2224 1825 2292 spiritus
1860 2223 1984 2273 mei.

843 2295 1173 2359 Docebo'vos
1201 2316 1370 2353 meum
1404 2295 1637 2350 verbum.

809 2422 912 2477 Per
938 2422 1052 2475 haec
1079 2415 1348 2472 nuntiabo
1385 2412 1543 2467 vobis
1601 2407 1947 2464 manifestam
1977 2403 2320 2474 spiritualem

739 2516 874 2588 legis
904 2527 1040 2567 mea:
1088 2510 1418 2567 doctrinam,
1480 2518 1646 2574 quam
1698 2511 1892 2555 natura
1924 2507 1978 2554 et
2038 2497 2322 2567 Scriptura

740 2607 1036 2679 symbolice
1070 2600 1372 2670 intelligere
1391 2595 1619 2649 faciunt.

816 2698 980 2752 Vens.
1017 2695 1107 2749 ει.
1137 2693 1282 2759 Quia
1340 2689 1518 2743 vocavi
1548 2696 1597 2739 et
1619 2684 1894 2739 renuistis.
1927 2680 2065 2736 Cum
2085 2693 2200 2742 vos,
2232 2691 2326 2746 per

743 2794 915 2863 legem
951 2786 1257 2842 naturalem
1305 2789 1361 2836 et
1419 2793 1573 2832 meas
1647 2775 1982 2832 voluntates,
2029 2784 2128 2841 per
2187 2781 2327 2839 quas

741 2885 922 2939 ornuia
955 2880 1100 2935 iacta
1133 2884 1286 2939 sunt,
1319 2886 1597 2935 vocarem,
1635 2884 1742 2923 non
1789 2864 2043 2920 audistis.

819 3066 885 3120 Et
914 3060 1429 3118 extendisermones,
1462 3061 1511 3106 et
1538 3065 1642 3103 non
1683 3045 1989 3114 aspexistis.
2023 3040 2148 3096 "me
2202 3053 2331 3094 vero

2422 1946 2687 2018 πράξεσιν
2723 1945 2974 2013 ἐλέγχοις
3016 1943 3111 1995 τοῦ
3167 1940 3472 2002 συνειδότος
3524 1940 3798 2009 ἐγένοντο,
3828 1937 4013 1991 τοιάδε

2423 2039 2559 2109 πρὸς
2586 2037 2789 2100 αὐτοὺς
2815 2036 2958 2090 κατά
2985 2035 3112 2088 νοῦν
3135 2032 3443 2102 διεξιούσης
3461 2050 3478 2069 ο

2505 2148 2659 2206 Ἰδοὺ
2699 2148 3038 2218 προήσομαι
3073 2144 3225 2218 ἐμῆς
3266 2144 3457 2218 ξτνοῇς
3490 2143 3704 2218 ῥῆσιν.

2503 2219 2662 2274 Ἰδοὺ
2685 2211 3230 2286 προϐαλοῦμαιτοῦ
3263 2215 3412 2284 ἐμοῦ
3437 2211 3775 2282 πνεύματος
3786 2211 3979 2282 ῥῆμα.

2493 2284 2823 2354 Διδάξωδέ
2857 2284 3013 2357 ὑμᾶς
3053 2287 3160 2340 τὸν
3197 2285 3345 2354 ἐμὸν
3383 2286 3594 2353 λόγον.

2494 2402 2592 2454 Διά
2638 2400 2831 2455 τούτου
2878 2400 2936 2454 δὲ
2978 2397 3310 2466 καταγγελῶ
3361 2397 3491 2467 ύμῖν
3539 2395 3893 2466 ἐκδηλότερον
3923 2394 4022 2446 τὸν

2427 2489 2909 2559 πνευματικδντῖκ
2936 2491 3077 2559 ἐμῆς
3103 2487 3461 2551 διδασκαλίας
3489 2486 3679 2558 νόμον,
3704 2486 3766 2540 ὃν
3791 2488 3826 2557 ἠ
3849 2486 4024 2554 φύσις

2428 2583 2525 2634 καὶ
2551 2583 2584 2651 ἠ
2611 2580 2802 2651 Γραφὴ
2832 2578 3181 2649 συμϐολικῶς
3215 2575 3622 2631 ύπαινίττεται.

2502 2676 2597 2730 κδ’.
2635 2673 2870 2743 Ἐπειδὴ
2927 2674 3227 2737 ἐκάλουν,
3274 2672 3375 2724 καί
3428 2672 3543 2738 οὐχ
3603 2668 4025 2736 ὑπηκούσατε.

2443 2765 2659 2833 Ἐπειδὴ
2694 2761 3148 2833 προσεκαλούμην
3179 2762 3327 2831 ὑμᾶς
3353 2759 3442 2814 διὰ
3464 2758 3562 2812 τοῦ
3588 2756 3820 2826 φυσικοῦ
3844 2757 4026 2826 νόμου

2433 2857 2524 2908 καὶ
2553 2856 2668 2918 τοῖς
2693 2855 2846 2923 ἐμοῖς
2871 2853 3159 2922 θελήμασι,
3196 2851 3320 2905 καθ’
3343 2851 3378 2904 ἃ
3407 2849 3477 2903 τὰ
3499 2848 3681 2902 πάντα
3701 2848 4029 2916 γεγόνασιν,

2431 2947 2532 3017 ούχ
2565 2945 2846 3010 ὑπείξατε.

2503 3038 2608 3093 Καὶ
2629 3037 2931 3100 ἐξέτεινον
2959 3036 3201 3104 λόγους,
3223 3033 3320 3087 καί
3343 3034 3415 3087 οὑ
3439 3031 3812 3100 προσείχετε.
3835 3028 4036 3082 Ταῦτα

745 3173 843 3228 per
868 3158 1038 3226 legem
1068 3151 1330 3220 scriptam
1359 3146 1515 3208 vobis
1539 3142 1820 3199 nuntians,
1848 3136 2121 3213 πιεῖοτεηι
2136 3133 2328 3186 horum

2433 3131 2492 3183 δέ
2521 3130 2617 3183 καὶ
2663 3128 2752 3183 διὰ
2790 3127 2888 3182 τοῦ
2922 3127 3170 3197 γραπτοῦ
3197 3127 3372 3195 νόμου
3399 3125 3530 3194 ύμῖν
3568 3122 4036 3189 ἀπαγγέλλουσα,

722 3207 1058 3303 ’ίΙοοιι-ἱῖιοπι
1090 3207 1248 3298 vobis
1283 3237 1590 3296 tradebam,
1619 3247 1717 3287 vos
1780 3239 1963 3284 autem
2001 3207 2138 3280 nihil
2167 3224 2333 3291 hujus

750 3341 884 3410 legis
923 3335 1115 3391 audire
1143 3329 1415 3386 voluistis.

823 3515 990 3572 Vsus.
1026 3511 1118 3565 9.5.
1151 3506 1253 3563 Sed
1300 3504 1515 3558 inutiles
1563 3497 1844 3570 faciebatis
1871 3509 2011 3548 meos
2046 3507 2335 3553 sermones,

750 3621 800 3666 et
832 3595 973 3661 meas
1002 3600 1388 3668 iucrepationes
1432 3590 1759 3662 neglexistis.
1800 3585 1904 3640 Sed
1934 3597 2052 3637 mea
2083 3580 2337 3634 mandata

755 3694 1096 3768 neglexistis,
1124 3701 1177 3746 et
1205 3685 1427 3758 quando
1451 3697 1547 3737 vos
1605 3694 1700 3750 per
1746 3675 2050 3749 prophetas
2087 3671 2340 3738 increpa-

756 3761 901 3853 bant,
938 3787 1031 3858 qui
1067 3781 1222 3836 vobis
1274 3777 1578 3831 adventura
1639 3777 1860 3838 propter
1904 3761 2337 3819 iuobedientiam

758 3850 897 3936 mala
957 3850 1370 3947 przedicebant,
1428 3862 1567 3918 nihil
1629 3860 1824 3916 horum
1884 3856 1939 3911 in
2001 3850 2340 3910 conscientia

757 3967 1079 4026 admisistis.

832 4057 998 4111 Vens.
1027 4055 1118 4106 ‘26.
1149 4051 1489 4117 Quapropter
1519 4060 1614 4114 ego
1644 4055 1852 4112 quoque
1882 4039 1939 4092 in
1973 4035 2198 4090 interitu
2257 4049 2341 4087 ve-

759 4163 871 4206 stro
889 4147 1119 4203 ridebor.
1141 4142 1356 4196 idcirco
1379 4146 1432 4194 et
1452 4152 1554 4208 ego
1595 4137 1649 4190 in
1671 4142 1934 4190 eventura
1984 4128 2139 4183 vobis
2165 4135 2344 4182 morte

761 4254 1027 4312 tanquam
1055 4239 1109 4290 in
1148 4236 1257 4288 line
1319 4229 1593 4286 scelerum
1628 4232 1972 4281 vestrorum.

786 4475 793 4481 I
835 4413 1001 4467 Vnus.
1032 4409 1125 4461 27.
1158 4402 1432 4466 Gaudebo,
1488 4396 1701 4470 quando
1749 4391 1946 4448 venerit
1981 4388 2130 4443 vobis
2167 4388 2343 4452 ruina,

2440 3223 2791 3294 μακροτέραν
2825 3221 3131 3290 ἐποιούμην
3166 3219 3303 3289 πρὸς
3335 3219 3482 3286 ὑμᾶς
3509 3217 3609 3287 τὴν
3635 3215 3844 3269 τούτων
3876 3215 4040 3268 διδα-

2440 3314 2698 3368 σκιιλίαν⁸
2733 3313 2894 3382 ύμεῖς
2942 3311 3000 3364 δέ
3047 3310 3171 3364 ούδέ
3215 3307 3462 3362 τοιούτου
3516 3306 3684 3377 νόμου
3719 3305 4040 3360 ἐπακοῦσαι

2438 3405 2765 3475 ἠθελήσατε.

2511 3505 2606 3551 κε’.
2648 3495 2833 3551 Ἀλλὰ
2853 3495 3117 3562 ἀκύρους
3149 3490 3402 3546 ἐποιεῖτε
3423 3489 3570 3558 ἐμὰς
3599 3486 3842 3553 ,βουλάς
3864 3504 3878 3518 ·
3911 3487 4044 3554 τοῖς

2439 3590 2506 3643 δὲ
2535 3587 2698 3659 ἐμοῖς
2724 3587 2998 3657 ἐλέγχοις
3035 3588 3106 3639 οὐ
3143 3585 3517 3653 προσείχετε.
3550 3582 3691 3634 Ἀλλ’
3709 3582 4045 3650 ἀπράκτους

2442 3683 2679 3734 ἐποιεῖτε
2707 3679 2807 3742 τὰς
2836 3677 2978 3748 ἐμάς
3012 3675 3234 3739 ἐντολάς
3254 3691 3268 3705 ⁸
3297 3674 3434 3745 ἐμοῦ
3469 3675 3515 3728 δ’
3537 3672 3872 3742 ἐλεγχούσης
3892 3673 4045 3743 ὑμᾶς

2440 3772 2528 3825 διὰ
2576 3769 2874 3842 προφητῶν
2905 3806 2921 3833 ,
2970 3767 3461 3838 προαγορευόντων
3511 3765 3582 3818 τὰ
3635 3765 3694 3830 ἐξ
3742 3764 4045 3826 ἀπειθείας

2442 3861 2866 3932 ἐπαχθησόμενα
2896 3861 3025 3930 ύμῖν
3056 3858 3317 3930 βλαϐερὰ,
3353 3856 3478 3910 ούδέ
3513 3855 3723 3910 τούτων
3753 3857 3814 3909 ἐν
3844 3871 4044 3909 συναι-

2446 3953 2635 4022 σθήσει
2670 3953 2962 4020 γεγόνατε.

2516 4052 2627 4110 κς’.
2675 4044 2994 4113 Τοιγαροῦν
3022 4044 3183 4112 κάγὼ
3209 4041 3282 4109 τῇ
3305 4038 3564 4111 ὑμετέρᾳ
3589 4037 3862 4105 ἀπωλείᾳ
3907 4038 4044 4092 ἐπι-

2446 4139 2795 4210 γελάσομαι.
2838 4139 2935 4190 Διὰ
2984 4135 3144 4188 τοῦτο
3190 4133 3385 4201 κάγὼ,
3422 4132 3500 4202 τῷ
3548 4130 4048 4200 ἐπενεχθησομένῳ

2448 4232 2576 4301 ύμῖν
2602 4227 2897 4297 ἀφανισμῴ
2925 4225 3423 4294 ἐπαγαλλιάσομαι,
3445 4222 3522 4285 ὡς
3553 4219 3783 4273 παύοντι
3813 4219 3921 4291 τὴν
3950 4239 4048 4274 κα-

2449 4321 2714 4391 κουργίαν
2753 4319 2932 4389 ὑμῶν.

2522 4415 2622 4477 κζ’.
2662 4409 3082 4480 Ἐπιχαροῦιιαι
3121 4407 3190 4460 δέ
3236 4406 3417 4473 ἡνίκα
3458 4403 3567 4457 ἐὰν
3618 4402 3864 4470 ἔρχηται
3902 4402 4050 4471 ὑμῖν

761 4478 810 4562 et
841 4504 1103 4558 advenerit
1158 4496 1412 4558 turbatio,
1445 4502 1494 4545 et
1523 4488 1684 4543 simul
1720 4485 2005 4539 calamitas
2047 4487 2333 4548 tempestati

2448 4505 2716 4572 ὄλεθρος,
2749 4478 2843 4555 καί
2867 4478 2948 4566 ὧς
2980 4500 3056 4554 ἂν
3091 4498 3377 4566 ἀφίκηται
3410 4495 3554 4565 ὑμῖν
3579 4496 3868 4561 θόρυϐος·
3905 4498 3946 4562 ἡ
3983 4496 4051 4547 δὲ

766 4597 960 4659 aderit,
997 4609 1087 4646 seu
1113 4605 1232 4643 cum
1265 4587 1408 4640 vobis
1440 4581 1635 4636 venerit
1663 4577 1944 4631 tribulatio
1986 4581 2035 4626 et
2067 4569 2342 4639 angustia.

767 4682 1094 4743 Exsultabo,
1135 4675 1362 4747 quando
1398 4682 1580 4726 vester
1614 4669 1781 4721 homo
1814 4658 2348 4720 exteriorinterierit

768 4793 865 4848 per
901 4770 1319 4828 renovationem
1349 4760 1639 4818 interioris
1673 4756 1957 4819 hominis;
1993 4750 2220 4822 quando
2253 4763 2347 4803 su—

771 4839 885 4922 bito
919 4864 1076 4918 vobis
1105 4857 1318 4914 venerit
1361 4853 1658 4922 improvisa
1693 4845 1926 4902 tentatio
1966 4849 2022 4898 et
2067 4839 2345 4911 prosperi-

771 4962 902 5016 tatis
937 4953 1256 5024 temporalis
1291 4947 1600 5009 calamitas,
1633 4949 1897 5009 tanquam
1933 4933 2161 5006 quidam
2193 4930 2354 4985 dolor

769 5064 824 5110 et
867 5021 1113 5107 hosﬁum
1149 5042 1424 5114 angustia,
1463 5050 1668 5108 cogens
1702 5047 1799 5088 eos
1835 5029 1926 5098 qui
1977 5025 2213 5080 libenter
2248 5021 2353 5077 hoc

777 5157 938 5214 agere
969 5144 1184 5201 nolunt,
1220 5143 1275 5189 et
1313 5133 1564 5187 nolentes
1592 5122 1920 5181 meminisse
1939 5117 2069 5173 mei.

851 5458 1020 5513 Vens.
1071 5453 1164 5506 ‘28.
1211 5451 1328 5503 Erit
1365 5449 1503 5501 enim
1550 5443 1763 5512 quando
1804 5456 1886 5494 me
1939 5433 2218 5496 vocabitis,
2268 5445 2360 5499 ego

779 5565 980 5622 quoque
1010 5562 1111 5599 non
1140 5541 1431 5597 exaudiam
1462 5555 1573 5591 vos.
1596 5533 1792 5589 Veniet
1828 5530 1977 5586 enim
2021 5535 2272 5593 tempus,
2307 5521 2365 5574 in

782 5659 915 5714 quo,
944 5641 1009 5695 ad
1035 5637 1414 5695 liberationem
1435 5648 1500 5687 ex
1524 5627 1938 5684 calamitatibus
1965 5624 2023 5678 in
2039 5635 2137 5675 vos
2156 5620 2365 5673 irruen-

786 5736 954 5798 tibus,
976 5729 1208 5786 orabitis
1231 5741 1318 5780 me
1345 5742 1359 5788 ;
1398 5731 1638 5777 vestram
1667 5730 1847 5775 autem
1880 5714 2204 5787 petitionem
2238 5717 2359 5765 tan-

784 5843 946 5900 quam
991 5838 1184 5880 vanam
1225 5835 1334 5875 non
1381 5816 1685 5872 admittam.

2449 4592 2836 4663 καταστροφὴ
2871 4592 3085 4661 ὁμοίως
3125 4587 3420 4657 καταιγίδι
3451 4584 3612 4654 παρῆ
3643 4601 3658 4617 ο
3698 4585 3736 4653 ἢ
3774 4585 3931 4638 ὅταν
3953 4587 4048 4654 ἐρ-

2451 4704 2625 4759 χηται
2651 4687 2795 4756 ὑμῖν
2821 4685 3031 4752 θλίψις
3062 4681 3160 4736 καὶ
3184 4679 3521 4746 πολιορκία.
3559 4677 4051 4746 Ἐπευφρανθήσο-

2456 4799 2552 4852 μαι
2580 4780 2635 4833 δὲ
2669 4780 2799 4832 ὅταν
2826 4779 2855 4830 ό
2884 4777 2988 4841 ἔξω
3009 4775 3298 4844 ἄνθρωπος
3323 4769 3502 4841 ὑμῶν,
3521 4770 3838 4839 φθείρηται,
3869 4769 3965 4822 διὰ
3993 4769 4051 4821 τὸ

2454 4869 2881 4928 ἀνακαινοῦσθαι
2909 4868 3001 4921 τὸν
3033 4865 3270 4919 ἐσωθεν·
3306 4865 3404 4916 καὶ
3436 4863 3530 4915 ὅτε
3572 4860 3882 4930 πειρασμὸς
3919 4862 4049 4932 ύμῖν

2457 4961 2865 5032 ἀπροσδόκητος
2914 4956 3012 5010 καὶ
3058 4949 3416 5023 καταστροφὴ
3443 4949 3544 5018 τῆς
3577 4947 3906 5017 σωματικῆς
3960 4947 4048 4998 εύ-

2459 5052 2700 5122 πραγίας
2729 5050 2905 5120 ὑμῶν,
2937 5046 3201 5115 αἰφνίδιος
3246 5042 3602 5112 ἐπιγίνηται,
3640 5037 3730 5092 οἷά
3772 5055 3858 5098 τις
3903 5039 4048 5105 λύπη

2461 5146 2590 5215 ύμῖν
2636 5143 2961 5211 ἐπέρχηται,
2991 5139 3088 5191 καὶ
3124 5134 3408 5206 πολεμίων
3457 5132 3622 5185 τινῶν
3674 5129 4007 5200 προσεδρεία
4034 5145 4047 5158 ⁸

2465 5234 2828 5306 μνημονεύειν
2879 5249 2980 5302 μου
3009 5228 3108 5282 καὶ
3136 5227 3372 5289 ἄκοντας
3406 5224 3671 5278 πείθουσα
3715 5222 3845 5284 τοὺς
3891 5222 4050 5274 ἐκου-

2466 5331 2595 5392 σίως
2629 5326 2788 5380 τοῦτο
2820 5324 2998 5376 ποιεῖν
3029 5321 3102 5391 μὴ
3134 5319 3491 5388 θελήσαντας.

2538 5429 2643 5492 κη’.
2676 5421 2889 5473 Ἔσται
2915 5415 3025 5485 γὰρ
3056 5415 3202 5467 ὅταν
3225 5409 3675 5475 ἐπικαλέσησθέ
3697 5421 3811 5476 με,
3845 5404 3967 5474 ἐγὼ
3990 5402 4053 5455 δὲ

2466 5520 2576 5571 οὐκ
2599 5513 3032 5580 είσακούσομαι
3057 5506 3244 5577 ὑμῶν.
3270 5502 3536 5573 ’Υπὰρξει
3562 5500 3667 5569 γὰρ
3688 5496 3905 5568 καιρὸς,
3924 5494 4025 5548 καθ
4041 5494 4054 5513 ‘

2465 5610 2525 5663 ὃν
2557 5602 2892 5676 δεηθήσεσθέ
2928 5619 3052 5672 μου,
3087 5601 3166 5662 είς
3196 5596 3522 5663 ἀπαλλαγὴν
3544 5592 3654 5645 τῶν
3685 5591 4052 5659 ἐπικειμένων

2468 5706 2598 5775 ύμῖν
2623 5697 2889 5768 θλιϐερῶν
2910 5713 2923 5726 °
2958 5694 3130 5764 αὐτὴν
3148 5692 3204 5746 δὲ
3227 5691 3326 5761 τὴν
3350 5691 3567 5760 αἴτησιν
3595 5686 3748 5758 ὑμῶν
3777 5685 3852 5748 ὡς
3881 5685 4052 5751 ἀσύμ-

2472 5814 2636 5867 φορον
2676 5794 2804 5864 ύμῖν
2843 5789 2904 5843 ού
2946 5786 3323 5857 παραδέξομαι
